Datetime,Price,Volume
2020-09-03 09:25:00.180,3.394,20000
2020-09-03 09:25:00.180,3.394,100
2020-09-03 09:25:00.180,3.394,100
2020-09-03 09:25:00.180,3.394,4000
2020-09-03 09:25:00.180,3.394,50000
2020-09-03 09:25:00.180,3.394,50000
2020-09-03 09:25:00.180,3.394,5500
2020-09-03 09:25:00.180,3.394,900
2020-09-03 09:25:00.180,3.394,10000
2020-09-03 09:25:00.180,3.394,2000
2020-09-03 09:25:00.180,3.394,12000
2020-09-03 09:25:00.180,3.394,100
2020-09-03 09:25:00.180,3.394,100
2020-09-03 09:25:00.180,3.394,300
2020-09-03 09:25:00.180,3.394,100
2020-09-03 09:25:00.180,3.394,100
2020-09-03 09:25:00.180,3.394,100
2020-09-03 09:25:00.180,3.394,100
2020-09-03 09:25:00.180,3.394,600
2020-09-03 09:25:00.180,3.394,200
2020-09-03 09:25:00.180,3.394,100
2020-09-03 09:25:00.180,3.394,100
2020-09-03 09:25:00.180,3.394,100
2020-09-03 09:25:00.180,3.394,8600
2020-09-03 09:25:00.180,3.394,500
2020-09-03 09:25:00.180,3.394,11900
2020-09-03 09:25:00.180,3.394,1000
2020-09-03 09:25:00.180,3.394,100
2020-09-03 09:25:00.180,3.394,29800
2020-09-03 09:25:00.180,3.394,5000
2020-09-03 09:25:00.180,3.394,1300
2020-09-03 09:25:00.180,3.394,1000
2020-09-03 09:25:00.180,3.394,26200
2020-09-03 09:25:00.180,3.394,46900
2020-09-03 09:25:00.180,3.394,109100
2020-09-03 09:25:00.180,3.394,9100
2020-09-03 09:25:00.180,3.394,1000
2020-09-03 09:25:00.180,3.394,1000
2020-09-03 09:25:00.180,3.394,1500
2020-09-03 09:25:00.180,3.394,1000
2020-09-03 09:25:00.180,3.394,10000
2020-09-03 09:25:00.180,3.394,1000
2020-09-03 09:25:00.180,3.394,500
2020-09-03 09:25:00.180,3.394,5500
2020-09-03 09:25:00.180,3.394,5600
2020-09-03 09:25:00.180,3.394,5000
2020-09-03 09:25:00.180,3.394,1600
2020-09-03 09:25:00.180,3.394,1000
2020-09-03 09:25:00.180,3.394,4100
2020-09-03 09:25:00.180,3.394,8900
2020-09-03 09:25:00.180,3.394,1500
2020-09-03 09:25:00.180,3.394,300
2020-09-03 09:25:00.180,3.394,1000
2020-09-03 09:25:00.180,3.394,5400
2020-09-03 09:25:00.180,3.394,6000
2020-09-03 09:25:00.180,3.394,6700
2020-09-03 09:25:00.180,3.394,66300
2020-09-03 09:25:00.180,3.394,10000
2020-09-03 09:25:00.180,3.394,100
2020-09-03 09:25:00.180,3.394,13600
2020-09-03 09:25:00.180,3.394,90000
2020-09-03 09:25:00.180,3.394,14900
2020-09-03 09:25:00.180,3.394,4000
2020-09-03 09:25:00.180,3.394,12600
2020-09-03 09:25:00.180,3.394,27400
2020-09-03 09:25:00.180,3.394,10500
2020-09-03 09:25:00.180,3.394,1000
2020-09-03 09:25:00.180,3.394,4300
2020-09-03 09:25:00.180,3.394,10800
2020-09-03 09:25:00.180,3.394,6000
2020-09-03 09:25:00.180,3.394,100
2020-09-03 09:25:00.180,3.394,200
2020-09-03 09:25:00.180,3.394,1500
2020-09-03 09:25:00.180,3.394,400
2020-09-03 09:25:00.180,3.394,600
2020-09-03 09:25:00.180,3.394,100
2020-09-03 09:25:00.180,3.394,100
2020-09-03 09:25:00.180,3.394,200
2020-09-03 09:25:00.180,3.394,10300
2020-09-03 09:25:00.180,3.394,10000
2020-09-03 09:25:00.180,3.394,79700
2020-09-03 09:25:00.180,3.394,11800
2020-09-03 09:25:00.180,3.394,8500
2020-09-03 09:25:00.180,3.394,500
2020-09-03 09:25:00.180,3.394,400
2020-09-03 09:25:00.180,3.394,100
2020-09-03 09:25:00.180,3.394,200
2020-09-03 09:25:00.180,3.394,18000
2020-09-03 09:25:00.180,3.394,19700
2020-09-03 09:25:00.180,3.394,1000
2020-09-03 09:25:00.180,3.394,20000
2020-09-03 09:25:00.180,3.394,23100
2020-09-03 09:25:00.180,3.394,1000
2020-09-03 09:25:00.180,3.394,1
2020-09-03 09:25:00.180,3.394,500
2020-09-03 09:25:00.180,3.394,1100
2020-09-03 09:25:00.180,3.394,1700
2020-09-03 09:25:00.180,3.394,10000
2020-09-03 09:25:00.180,3.394,6000
2020-09-03 09:30:00.360,3.395,100
2020-09-03 09:30:00.360,3.395,200
2020-09-03 09:30:00.360,3.395,100
2020-09-03 09:30:00.360,3.395,100
2020-09-03 09:30:00.360,3.395,400
2020-09-03 09:30:00.400,3.394,30000
2020-09-03 09:30:00.500,3.395,700
2020-09-03 09:30:00.500,3.395,3000
2020-09-03 09:30:00.500,3.395,400
2020-09-03 09:30:00.500,3.394,9000
2020-09-03 09:30:00.600,3.395,100
2020-09-03 09:30:00.810,3.395,10000
2020-09-03 09:30:00.890,3.395,7000
2020-09-03 09:30:01.010,3.394,5000
2020-09-03 09:30:01.240,3.394,5000
2020-09-03 09:30:01.240,3.394,1500
2020-09-03 09:30:01.480,3.395,100
2020-09-03 09:30:01.570,3.395,1000
2020-09-03 09:30:01.570,3.395,5800
2020-09-03 09:30:01.690,3.394,2400
2020-09-03 09:30:01.830,3.394,16000
2020-09-03 09:30:01.900,3.394,600
2020-09-03 09:30:02.250,3.395,10000
2020-09-03 09:30:02.300,3.395,7500
2020-09-03 09:30:02.420,3.395,100
2020-09-03 09:30:02.460,3.395,6000
2020-09-03 09:30:02.460,3.395,31700
2020-09-03 09:30:02.460,3.395,100
2020-09-03 09:30:02.460,3.395,10200
2020-09-03 09:30:02.660,3.394,5900
2020-09-03 09:30:03.140,3.394,15100
2020-09-03 09:30:03.270,3.394,2000
2020-09-03 09:30:03.500,3.394,3000
2020-09-03 09:30:03.700,3.394,20000
2020-09-03 09:30:03.700,3.394,21600
2020-09-03 09:30:03.940,3.394,300
2020-09-03 09:30:04.090,3.395,300
2020-09-03 09:30:04.090,3.395,2000
2020-09-03 09:30:04.090,3.395,2300
2020-09-03 09:30:04.130,3.394,1600
2020-09-03 09:30:04.270,3.395,50000
2020-09-03 09:30:04.310,3.394,8000
2020-09-03 09:30:04.390,3.394,10000
2020-09-03 09:30:05.370,3.395,5000
2020-09-03 09:30:05.370,3.395,7200
2020-09-03 09:30:05.450,3.394,5000
2020-09-03 09:30:06.150,3.394,5000
2020-09-03 09:30:06.150,3.395,28200
2020-09-03 09:30:06.150,3.395,1800
2020-09-03 09:30:06.190,3.394,1500
2020-09-03 09:30:06.280,3.394,200
2020-09-03 09:30:06.280,3.394,1300
2020-09-03 09:30:06.490,3.395,5000
2020-09-03 09:30:06.490,3.395,4500
2020-09-03 09:30:06.520,3.395,200
2020-09-03 09:30:06.560,3.395,24300
2020-09-03 09:30:06.560,3.395,3000
2020-09-03 09:30:06.560,3.395,1100
2020-09-03 09:30:06.560,3.395,5000
2020-09-03 09:30:06.560,3.395,100
2020-09-03 09:30:06.560,3.395,100
2020-09-03 09:30:06.560,3.395,2700
2020-09-03 09:30:06.560,3.395,22600
2020-09-03 09:30:06.600,3.394,5000
2020-09-03 09:30:06.640,3.394,23100
2020-09-03 09:30:06.640,3.394,23300
2020-09-03 09:30:06.640,3.394,2000
2020-09-03 09:30:06.680,3.394,100000
2020-09-03 09:30:06.770,3.393,200
2020-09-03 09:30:06.770,3.393,100
2020-09-03 09:30:06.770,3.393,200
2020-09-03 09:30:06.770,3.393,4200
2020-09-03 09:30:06.850,3.394,2000
2020-09-03 09:30:06.960,3.393,5000
2020-09-03 09:30:07.420,3.394,22600
2020-09-03 09:30:07.420,3.394,36500
2020-09-03 09:30:07.420,3.395,5700
2020-09-03 09:30:07.420,3.395,600
2020-09-03 09:30:07.420,3.395,100
2020-09-03 09:30:07.510,3.392,100
2020-09-03 09:30:07.510,3.392,200
2020-09-03 09:30:07.510,3.392,5100
2020-09-03 09:30:07.510,3.392,8000
2020-09-03 09:30:08.200,3.392,800
2020-09-03 09:30:08.350,3.394,200
2020-09-03 09:30:08.420,3.394,10600
2020-09-03 09:30:09.840,3.394,45600
2020-09-03 09:30:09.840,3.394,260900
2020-09-03 09:30:09.840,3.394,500
2020-09-03 09:30:09.840,3.394,10600
2020-09-03 09:30:09.840,3.395,9300
2020-09-03 09:30:09.840,3.395,10000
2020-09-03 09:30:09.840,3.395,1500
2020-09-03 09:30:09.840,3.396,100
2020-09-03 09:30:09.840,3.396,400
2020-09-03 09:30:09.840,3.396,100
2020-09-03 09:30:09.840,3.396,500
2020-09-03 09:30:09.840,3.396,500
2020-09-03 09:30:09.840,3.396,8000
2020-09-03 09:30:09.840,3.396,100
2020-09-03 09:30:09.840,3.396,10000
2020-09-03 09:30:09.840,3.396,1000
2020-09-03 09:30:09.840,3.396,6000
2020-09-03 09:30:09.840,3.396,100
2020-09-03 09:30:09.840,3.396,10000
2020-09-03 09:30:09.840,3.396,3600
2020-09-03 09:30:09.840,3.396,3000
2020-09-03 09:30:09.840,3.396,3000
2020-09-03 09:30:09.840,3.396,1000
2020-09-03 09:30:09.840,3.396,500
2020-09-03 09:30:11.060,3.396,130000
2020-09-03 09:30:13.720,3.396,20000
2020-09-03 09:30:13.800,3.396,700
2020-09-03 09:30:14.230,3.396,39400
2020-09-03 09:30:15.270,3.395,300
2020-09-03 09:30:16.530,3.396,300
2020-09-03 09:30:17.420,3.395,20000
2020-09-03 09:30:18.270,3.395,9700
2020-09-03 09:30:20.370,3.395,12000
2020-09-03 09:30:20.540,3.392,1200
2020-09-03 09:30:20.540,3.392,15000
2020-09-03 09:30:20.540,3.392,4300
2020-09-03 09:30:20.540,3.392,19500
2020-09-03 09:30:20.540,3.392,600
2020-09-03 09:30:20.540,3.392,19400
2020-09-03 09:30:23.920,3.392,10000
2020-09-03 09:30:25.680,3.394,4700
2020-09-03 09:30:25.680,3.394,35000
2020-09-03 09:30:26.530,3.392,9400
2020-09-03 09:30:26.530,3.392,40600
2020-09-03 09:30:29.380,3.392,2000
2020-09-03 09:30:29.500,3.392,10000
2020-09-03 09:30:29.530,3.392,6400
2020-09-03 09:30:29.530,3.392,200
2020-09-03 09:30:29.620,3.392,100
2020-09-03 09:30:30.690,3.392,3300
2020-09-03 09:30:30.690,3.392,800
2020-09-03 09:30:32.190,3.391,100
2020-09-03 09:30:32.190,3.391,200
2020-09-03 09:30:32.190,3.391,100
2020-09-03 09:30:32.190,3.391,99600
2020-09-03 09:30:32.190,3.391,20000
2020-09-03 09:30:32.190,3.391,100000
2020-09-03 09:30:32.220,3.391,30000
2020-09-03 09:30:32.850,3.392,400
2020-09-03 09:30:35.050,3.391,35500
2020-09-03 09:30:36.880,3.391,10000
2020-09-03 09:30:37.250,3.392,100
2020-09-03 09:30:39.350,3.391,300
2020-09-03 09:30:40.700,3.391,4600
2020-09-03 09:30:40.700,3.391,3400
2020-09-03 09:30:40.990,3.391,6600
2020-09-03 09:30:40.990,3.391,700
2020-09-03 09:30:41.110,3.391,600
2020-09-03 09:30:43.690,3.391,300
2020-09-03 09:30:43.780,3.391,3400
2020-09-03 09:30:43.780,3.391,2000
2020-09-03 09:30:43.780,3.391,1000
2020-09-03 09:30:43.780,3.391,30000
2020-09-03 09:30:44.170,3.391,6600
2020-09-03 09:30:46.120,3.392,10500
2020-09-03 09:30:46.120,3.392,22000
2020-09-03 09:30:46.120,3.392,900
2020-09-03 09:30:47.220,3.391,7000
2020-09-03 09:30:47.250,3.391,500
2020-09-03 09:30:48.600,3.392,16600
2020-09-03 09:30:48.600,3.392,3400
2020-09-03 09:30:49.440,3.391,300
2020-09-03 09:30:50.090,3.391,13800
2020-09-03 09:30:50.090,3.391,15400
2020-09-03 09:30:50.190,3.392,20000
2020-09-03 09:30:50.190,3.392,10000
2020-09-03 09:30:50.190,3.392,19900
2020-09-03 09:30:50.190,3.392,3000
2020-09-03 09:30:50.190,3.392,600
2020-09-03 09:30:50.190,3.392,1500
2020-09-03 09:30:50.190,3.392,5000
2020-09-03 09:30:52.060,3.391,1000
2020-09-03 09:30:52.100,3.392,1000
2020-09-03 09:30:52.100,3.392,10000
2020-09-03 09:30:52.100,3.392,4000
2020-09-03 09:30:52.100,3.392,1500
2020-09-03 09:30:52.100,3.392,6000
2020-09-03 09:30:53.040,3.392,97800
2020-09-03 09:30:53.270,3.392,2700
2020-09-03 09:30:55.460,3.392,177100
2020-09-03 09:30:55.460,3.392,122900
2020-09-03 09:30:57.560,3.392,10000
2020-09-03 09:30:58.140,3.392,400
2020-09-03 09:30:58.370,3.394,100
2020-09-03 09:30:58.370,3.394,4600
2020-09-03 09:30:59.160,3.392,300
2020-09-03 09:30:59.510,3.392,400
2020-09-03 09:31:00.280,3.392,1000
2020-09-03 09:31:00.380,3.392,600
2020-09-03 09:31:00.670,3.392,1000
2020-09-03 09:31:01.290,3.393,300
2020-09-03 09:31:01.350,3.394,2000
2020-09-03 09:31:01.930,3.393,3000
2020-09-03 09:31:04.100,3.392,800
2020-09-03 09:31:06.740,3.391,13600
2020-09-03 09:31:06.740,3.391,100
2020-09-03 09:31:06.740,3.391,11400
2020-09-03 09:31:06.740,3.391,100
2020-09-03 09:31:10.770,3.391,2000
2020-09-03 09:31:10.770,3.391,3000
2020-09-03 09:31:13.080,3.391,10000
2020-09-03 09:31:13.640,3.39,1600
2020-09-03 09:31:14.360,3.391,2800
2020-09-03 09:31:14.360,3.391,3000
2020-09-03 09:31:15.830,3.391,500
2020-09-03 09:31:17.570,3.391,300
2020-09-03 09:31:21.000,3.391,100
2020-09-03 09:31:21.200,3.39,200
2020-09-03 09:31:21.700,3.39,200
2020-09-03 09:31:21.700,3.39,1200
2020-09-03 09:31:21.700,3.39,600
2020-09-03 09:31:22.290,3.39,400
2020-09-03 09:31:22.290,3.39,200
2020-09-03 09:31:22.290,3.39,1000
2020-09-03 09:31:22.290,3.39,100
2020-09-03 09:31:22.290,3.39,200
2020-09-03 09:31:22.290,3.39,1000
2020-09-03 09:31:22.290,3.39,900
2020-09-03 09:31:22.290,3.39,6000
2020-09-03 09:31:22.290,3.39,200
2020-09-03 09:31:22.290,3.39,2000
2020-09-03 09:31:22.290,3.39,100
2020-09-03 09:31:22.290,3.39,2700
2020-09-03 09:31:23.000,3.391,500
2020-09-03 09:31:23.870,3.39,297300
2020-09-03 09:31:23.870,3.39,500
2020-09-03 09:31:23.870,3.39,300
2020-09-03 09:31:23.870,3.39,700
2020-09-03 09:31:23.870,3.39,1200
2020-09-03 09:31:24.230,3.39,3300
2020-09-03 09:31:24.230,3.39,5000
2020-09-03 09:31:24.230,3.39,15000
2020-09-03 09:31:24.230,3.39,30000
2020-09-03 09:31:24.230,3.39,1400
2020-09-03 09:31:24.230,3.39,100
2020-09-03 09:31:24.230,3.39,8000
2020-09-03 09:31:24.230,3.39,300
2020-09-03 09:31:24.230,3.39,200
2020-09-03 09:31:24.230,3.39,3000
2020-09-03 09:31:24.230,3.39,100
2020-09-03 09:31:24.230,3.39,10000
2020-09-03 09:31:24.230,3.39,10000
2020-09-03 09:31:24.230,3.39,10000
2020-09-03 09:31:24.230,3.39,100
2020-09-03 09:31:24.230,3.39,11100
2020-09-03 09:31:24.230,3.39,100
2020-09-03 09:31:24.230,3.39,5000
2020-09-03 09:31:24.230,3.39,1000
2020-09-03 09:31:24.230,3.39,1000
2020-09-03 09:31:24.230,3.39,1000
2020-09-03 09:31:24.230,3.39,500
2020-09-03 09:31:24.230,3.39,3000
2020-09-03 09:31:24.230,3.39,5000
2020-09-03 09:31:24.230,3.39,300
2020-09-03 09:31:24.230,3.39,14700
2020-09-03 09:31:26.010,3.389,100
2020-09-03 09:31:26.010,3.389,200
2020-09-03 09:31:26.010,3.389,10300
2020-09-03 09:31:26.010,3.389,8000
2020-09-03 09:31:26.010,3.389,1400
2020-09-03 09:31:26.490,3.389,8600
2020-09-03 09:31:26.490,3.389,30000
2020-09-03 09:31:27.570,3.389,2000
2020-09-03 09:31:28.250,3.388,10000
2020-09-03 09:31:28.250,3.388,100
2020-09-03 09:31:28.250,3.388,200
2020-09-03 09:31:28.250,3.388,1000
2020-09-03 09:31:28.250,3.388,4000
2020-09-03 09:31:28.250,3.388,8000
2020-09-03 09:31:28.250,3.388,1000
2020-09-03 09:31:28.250,3.388,105000
2020-09-03 09:31:28.250,3.388,800
2020-09-03 09:31:28.250,3.388,10000
2020-09-03 09:31:28.250,3.388,25900
2020-09-03 09:31:28.250,3.388,1000
2020-09-03 09:31:28.250,3.388,40000
2020-09-03 09:31:28.250,3.388,93000
2020-09-03 09:31:28.250,3.388,300000
2020-09-03 09:31:28.560,3.388,118300
2020-09-03 09:31:28.560,3.388,61900
2020-09-03 09:31:28.830,3.388,20000
2020-09-03 09:31:28.950,3.388,26500
2020-09-03 09:31:30.000,3.387,100
2020-09-03 09:31:30.000,3.387,10100
2020-09-03 09:31:30.000,3.387,10100
2020-09-03 09:31:30.000,3.387,10100
2020-09-03 09:31:30.000,3.387,10100
2020-09-03 09:31:30.000,3.387,200
2020-09-03 09:31:30.000,3.387,1000
2020-09-03 09:31:30.000,3.387,258300
2020-09-03 09:31:30.090,3.387,65300
2020-09-03 09:31:31.350,3.388,20000
2020-09-03 09:31:31.690,3.387,20000
2020-09-03 09:31:32.540,3.388,10000
2020-09-03 09:31:32.670,3.388,10000
2020-09-03 09:31:33.100,3.387,156400
2020-09-03 09:31:33.100,3.387,8000
2020-09-03 09:31:33.100,3.387,10000
2020-09-03 09:31:33.100,3.387,20000
2020-09-03 09:31:33.100,3.387,100
2020-09-03 09:31:33.100,3.387,1000
2020-09-03 09:31:33.100,3.387,1000
2020-09-03 09:31:33.100,3.387,500
2020-09-03 09:31:33.100,3.387,200
2020-09-03 09:31:33.100,3.387,20000
2020-09-03 09:31:33.100,3.387,82800
2020-09-03 09:31:34.540,3.388,83000
2020-09-03 09:31:35.510,3.387,4100
2020-09-03 09:31:35.510,3.387,200
2020-09-03 09:31:35.510,3.386,100
2020-09-03 09:31:35.510,3.386,200
2020-09-03 09:31:35.510,3.386,1000
2020-09-03 09:31:35.510,3.386,8000
2020-09-03 09:31:35.510,3.386,500
2020-09-03 09:31:35.510,3.386,10000
2020-09-03 09:31:35.510,3.386,4500
2020-09-03 09:31:35.510,3.385,5000
2020-09-03 09:31:35.510,3.385,100
2020-09-03 09:31:35.510,3.385,100
2020-09-03 09:31:35.510,3.385,200
2020-09-03 09:31:35.510,3.385,1000
2020-09-03 09:31:35.510,3.385,8000
2020-09-03 09:31:35.510,3.385,100
2020-09-03 09:31:35.510,3.385,5000
2020-09-03 09:31:35.510,3.385,9200
2020-09-03 09:31:35.510,3.385,100
2020-09-03 09:31:35.510,3.385,2000
2020-09-03 09:31:35.510,3.385,6100
2020-09-03 09:31:35.510,3.385,1000
2020-09-03 09:31:35.510,3.385,1000
2020-09-03 09:31:35.510,3.385,3000
2020-09-03 09:31:35.510,3.385,1000
2020-09-03 09:31:35.510,3.385,89300
2020-09-03 09:31:35.860,3.388,3100
2020-09-03 09:31:37.210,3.387,900
2020-09-03 09:31:37.910,3.387,100
2020-09-03 09:31:38.320,3.387,600
2020-09-03 09:31:38.320,3.387,2500
2020-09-03 09:31:38.320,3.388,4200
2020-09-03 09:31:39.750,3.388,100
2020-09-03 09:31:41.550,3.385,2700
2020-09-03 09:31:42.330,3.385,7500
2020-09-03 09:31:43.010,3.385,20000
2020-09-03 09:31:44.260,3.386,1800
2020-09-03 09:31:45.480,3.386,5000
2020-09-03 09:31:46.210,3.387,200
2020-09-03 09:31:47.510,3.386,1000
2020-09-03 09:31:47.650,3.386,1500
2020-09-03 09:31:48.340,3.386,900
2020-09-03 09:31:49.100,3.386,600
2020-09-03 09:31:49.130,3.387,100
2020-09-03 09:31:50.310,3.386,7100
2020-09-03 09:31:52.760,3.387,1000
2020-09-03 09:31:53.720,3.386,3500
2020-09-03 09:31:54.470,3.386,3100
2020-09-03 09:31:55.780,3.386,5500
2020-09-03 09:31:55.780,3.386,1400
2020-09-03 09:31:56.010,3.386,1300
2020-09-03 09:31:56.640,3.386,5400
2020-09-03 09:31:56.710,3.386,100
2020-09-03 09:31:59.090,3.386,4000
2020-09-03 09:31:59.300,3.387,1600
2020-09-03 09:31:59.330,3.386,10000
2020-09-03 09:32:00.330,3.386,10000
2020-09-03 09:32:01.050,3.387,30700
2020-09-03 09:32:01.880,3.386,13000
2020-09-03 09:32:02.780,3.386,4800
2020-09-03 09:32:02.780,3.386,200
2020-09-03 09:32:02.870,3.387,15600
2020-09-03 09:32:03.170,3.386,4200
2020-09-03 09:32:03.170,3.386,3000
2020-09-03 09:32:03.170,3.386,15000
2020-09-03 09:32:03.170,3.386,4400
2020-09-03 09:32:03.170,3.386,5000
2020-09-03 09:32:03.170,3.386,100
2020-09-03 09:32:03.990,3.386,700
2020-09-03 09:32:04.330,3.385,10000
2020-09-03 09:32:04.520,3.386,300
2020-09-03 09:32:06.370,3.386,100
2020-09-03 09:32:07.520,3.386,400
2020-09-03 09:32:07.640,3.386,50000
2020-09-03 09:32:08.180,3.386,6600
2020-09-03 09:32:08.530,3.386,43000
2020-09-03 09:32:09.430,3.386,5000
2020-09-03 09:32:09.980,3.386,4200
2020-09-03 09:32:11.560,3.386,10000
2020-09-03 09:32:12.920,3.386,20000
2020-09-03 09:32:13.020,3.386,100
2020-09-03 09:32:13.780,3.385,100
2020-09-03 09:32:13.870,3.386,5000
2020-09-03 09:32:14.780,3.386,17400
2020-09-03 09:32:15.180,3.386,20000
2020-09-03 09:32:16.600,3.386,51100
2020-09-03 09:32:16.600,3.386,1000
2020-09-03 09:32:16.600,3.386,7400
2020-09-03 09:32:16.600,3.386,2900
2020-09-03 09:32:16.600,3.386,14600
2020-09-03 09:32:16.600,3.386,400
2020-09-03 09:32:16.600,3.386,900
2020-09-03 09:32:16.600,3.386,1000
2020-09-03 09:32:16.600,3.386,300000
2020-09-03 09:32:16.600,3.386,10000
2020-09-03 09:32:17.210,3.386,300000
2020-09-03 09:32:17.440,3.386,9000
2020-09-03 09:32:18.070,3.386,1300
2020-09-03 09:32:19.540,3.386,200400
2020-09-03 09:32:19.540,3.386,70000
2020-09-03 09:32:19.670,3.386,29600
2020-09-03 09:32:21.980,3.386,7000
2020-09-03 09:32:24.320,3.387,4000
2020-09-03 09:32:24.830,3.386,500
2020-09-03 09:32:26.770,3.386,1200
2020-09-03 09:32:27.450,3.387,2000
2020-09-03 09:32:28.230,3.386,2000
2020-09-03 09:32:28.320,3.386,8100
2020-09-03 09:32:29.530,3.386,200
2020-09-03 09:32:30.640,3.386,1300
2020-09-03 09:32:30.640,3.386,100
2020-09-03 09:32:30.640,3.386,2800
2020-09-03 09:32:30.860,3.386,600
2020-09-03 09:32:31.480,3.385,3000
2020-09-03 09:32:31.480,3.385,5000
2020-09-03 09:32:31.480,3.385,5000
2020-09-03 09:32:31.480,3.385,100
2020-09-03 09:32:31.480,3.385,4100
2020-09-03 09:32:31.480,3.385,1000
2020-09-03 09:32:31.480,3.385,3000
2020-09-03 09:32:31.480,3.385,200
2020-09-03 09:32:31.480,3.385,100
2020-09-03 09:32:31.480,3.385,8500
2020-09-03 09:32:36.720,3.385,1400
2020-09-03 09:32:37.300,3.386,10900
2020-09-03 09:32:37.300,3.386,19100
2020-09-03 09:32:38.020,3.385,100
2020-09-03 09:32:38.020,3.385,6600
2020-09-03 09:32:38.020,3.385,1500
2020-09-03 09:32:38.020,3.385,2000
2020-09-03 09:32:38.380,3.385,1200
2020-09-03 09:32:38.770,3.384,14800
2020-09-03 09:32:38.770,3.384,100
2020-09-03 09:32:38.770,3.384,200
2020-09-03 09:32:38.770,3.384,1000
2020-09-03 09:32:38.770,3.384,83900
2020-09-03 09:32:39.230,3.385,2000
2020-09-03 09:32:39.660,3.384,30000
2020-09-03 09:32:39.750,3.385,3100
2020-09-03 09:32:40.700,3.384,31200
2020-09-03 09:32:41.930,3.384,154900
2020-09-03 09:32:41.930,3.384,8000
2020-09-03 09:32:41.930,3.384,300
2020-09-03 09:32:41.930,3.384,1000
2020-09-03 09:32:41.930,3.384,5000
2020-09-03 09:32:41.930,3.384,5000
2020-09-03 09:32:41.930,3.384,1000
2020-09-03 09:32:43.500,3.383,10000
2020-09-03 09:32:43.500,3.383,100
2020-09-03 09:32:43.500,3.383,200
2020-09-03 09:32:43.500,3.383,1000
2020-09-03 09:32:43.500,3.383,200
2020-09-03 09:32:43.500,3.383,8000
2020-09-03 09:32:43.500,3.383,10000
2020-09-03 09:32:43.500,3.383,6100
2020-09-03 09:32:43.500,3.383,1000
2020-09-03 09:32:43.500,3.383,500
2020-09-03 09:32:43.500,3.383,300
2020-09-03 09:32:43.500,3.383,5000
2020-09-03 09:32:43.500,3.383,1000
2020-09-03 09:32:43.500,3.383,56600
2020-09-03 09:32:44.460,3.384,5000
2020-09-03 09:32:44.500,3.384,3000
2020-09-03 09:32:44.910,3.384,3600
2020-09-03 09:32:45.130,3.383,10000
2020-09-03 09:32:45.290,3.383,300000
2020-09-03 09:32:45.290,3.383,300000
2020-09-03 09:32:46.380,3.384,50000
2020-09-03 09:32:46.380,3.384,500
2020-09-03 09:32:46.530,3.383,10000
2020-09-03 09:32:48.190,3.384,400
2020-09-03 09:32:48.350,3.384,100
2020-09-03 09:32:49.830,3.384,10000
2020-09-03 09:32:50.050,3.384,33100
2020-09-03 09:32:50.050,3.384,1600
2020-09-03 09:32:50.050,3.384,10000
2020-09-03 09:32:50.050,3.384,3000
2020-09-03 09:32:51.160,3.384,14000
2020-09-03 09:32:51.460,3.384,63300
2020-09-03 09:32:52.680,3.384,100
2020-09-03 09:32:53.070,3.384,500
2020-09-03 09:32:53.380,3.383,300
2020-09-03 09:32:54.690,3.384,3200
2020-09-03 09:32:55.290,3.383,5900
2020-09-03 09:32:55.670,3.384,59900
2020-09-03 09:32:57.050,3.384,2000
2020-09-03 09:32:59.210,3.384,1000
2020-09-03 09:32:59.250,3.384,170000
2020-09-03 09:32:59.250,3.384,10000
2020-09-03 09:32:59.250,3.384,300
2020-09-03 09:32:59.250,3.384,10000
2020-09-03 09:32:59.250,3.384,1000
2020-09-03 09:32:59.770,3.384,2800
2020-09-03 09:32:59.800,3.384,3100
2020-09-03 09:33:03.090,3.385,30000
2020-09-03 09:33:03.380,3.385,3700
2020-09-03 09:33:05.500,3.385,249800
2020-09-03 09:33:05.500,3.385,600
2020-09-03 09:33:06.040,3.385,600
2020-09-03 09:33:06.400,3.385,10500
2020-09-03 09:33:07.280,3.386,200
2020-09-03 09:33:07.280,3.386,50500
2020-09-03 09:33:07.280,3.386,5600
2020-09-03 09:33:07.280,3.387,3800
2020-09-03 09:33:07.280,3.387,89000
2020-09-03 09:33:07.280,3.387,12000
2020-09-03 09:33:07.280,3.387,93000
2020-09-03 09:33:07.340,3.387,23900
2020-09-03 09:33:07.370,3.387,11200
2020-09-03 09:33:07.370,3.387,10800
2020-09-03 09:33:08.130,3.385,300
2020-09-03 09:33:08.630,3.386,30600
2020-09-03 09:33:08.630,3.386,4200
2020-09-03 09:33:08.630,3.388,55200
2020-09-03 09:33:09.860,3.385,25000
2020-09-03 09:33:11.340,3.388,40000
2020-09-03 09:33:15.000,3.387,500
2020-09-03 09:33:17.020,3.386,7500
2020-09-03 09:33:17.040,3.388,59100
2020-09-03 09:33:18.050,3.386,3000
2020-09-03 09:33:18.930,3.386,100
2020-09-03 09:33:19.650,3.388,10000
2020-09-03 09:33:20.100,3.386,500
2020-09-03 09:33:20.170,3.388,6700
2020-09-03 09:33:20.830,3.388,4300
2020-09-03 09:33:22.000,3.388,12000
2020-09-03 09:33:22.900,3.388,22300
2020-09-03 09:33:22.900,3.388,10000
2020-09-03 09:33:22.900,3.388,2200
2020-09-03 09:33:22.900,3.388,100
2020-09-03 09:33:22.900,3.388,1000
2020-09-03 09:33:22.900,3.388,1900
2020-09-03 09:33:23.420,3.388,200
2020-09-03 09:33:23.930,3.388,2400
2020-09-03 09:33:24.290,3.386,206100
2020-09-03 09:33:24.290,3.386,1000
2020-09-03 09:33:24.290,3.386,12000
2020-09-03 09:33:24.290,3.386,5000
2020-09-03 09:33:24.290,3.386,3000
2020-09-03 09:33:24.290,3.386,200
2020-09-03 09:33:24.290,3.386,3800
2020-09-03 09:33:24.290,3.386,1000
2020-09-03 09:33:25.150,3.386,1000
2020-09-03 09:33:25.430,3.386,500
2020-09-03 09:33:26.700,3.386,20000
2020-09-03 09:33:29.840,3.386,43000
2020-09-03 09:33:29.870,3.386,3400
2020-09-03 09:33:29.870,3.386,800
2020-09-03 09:33:29.870,3.386,100
2020-09-03 09:33:29.870,3.386,2100
2020-09-03 09:33:31.290,3.388,1000
2020-09-03 09:33:33.600,3.387,2300
2020-09-03 09:33:34.030,3.387,17700
2020-09-03 09:33:36.110,3.388,90000
2020-09-03 09:33:38.750,3.386,500
2020-09-03 09:33:40.620,3.386,2000
2020-09-03 09:33:41.380,3.387,1000
2020-09-03 09:33:43.770,3.387,5400
2020-09-03 09:33:44.260,3.386,10000
2020-09-03 09:33:45.220,3.387,300
2020-09-03 09:33:46.120,3.386,100
2020-09-03 09:33:47.680,3.387,1400
2020-09-03 09:33:48.980,3.387,1000
2020-09-03 09:33:49.020,3.387,100
2020-09-03 09:33:50.450,3.386,1000
2020-09-03 09:33:51.840,3.387,100
2020-09-03 09:33:54.110,3.387,30000
2020-09-03 09:33:55.180,3.387,300
2020-09-03 09:33:55.310,3.387,200
2020-09-03 09:33:55.950,3.386,11000
2020-09-03 09:33:56.700,3.387,11300
2020-09-03 09:34:00.490,3.387,30000
2020-09-03 09:34:00.640,3.387,4400
2020-09-03 09:34:01.710,3.387,10000
2020-09-03 09:34:03.280,3.387,10000
2020-09-03 09:34:05.730,3.387,10000
2020-09-03 09:34:06.770,3.386,4100
2020-09-03 09:34:07.770,3.386,900
2020-09-03 09:34:07.770,3.386,4100
2020-09-03 09:34:07.770,3.386,1000
2020-09-03 09:34:09.250,3.387,2400
2020-09-03 09:34:10.170,3.387,126300
2020-09-03 09:34:10.170,3.387,2800
2020-09-03 09:34:10.170,3.387,2500
2020-09-03 09:34:11.400,3.388,101800
2020-09-03 09:34:14.910,3.387,12500
2020-09-03 09:34:15.160,3.387,34200
2020-09-03 09:34:15.220,3.388,107200
2020-09-03 09:34:15.220,3.388,75000
2020-09-03 09:34:15.220,3.388,4000
2020-09-03 09:34:15.220,3.388,10000
2020-09-03 09:34:15.220,3.388,5000
2020-09-03 09:34:19.030,3.388,1000
2020-09-03 09:34:19.940,3.389,259400
2020-09-03 09:34:19.940,3.389,1700
2020-09-03 09:34:19.940,3.389,5000
2020-09-03 09:34:19.940,3.389,100
2020-09-03 09:34:21.430,3.389,11000
2020-09-03 09:34:25.390,3.389,3000
2020-09-03 09:34:25.800,3.389,900
2020-09-03 09:34:26.930,3.39,500
2020-09-03 09:34:26.930,3.39,3000
2020-09-03 09:34:26.930,3.39,6500
2020-09-03 09:34:27.640,3.389,60000
2020-09-03 09:34:28.140,3.389,1700
2020-09-03 09:34:29.480,3.39,1400
2020-09-03 09:34:30.580,3.39,2100
2020-09-03 09:34:30.580,3.39,200
2020-09-03 09:34:30.580,3.39,1900
2020-09-03 09:34:31.090,3.389,77000
2020-09-03 09:34:32.060,3.389,280000
2020-09-03 09:34:32.930,3.39,100
2020-09-03 09:34:33.340,3.389,10000
2020-09-03 09:34:34.890,3.389,200
2020-09-03 09:34:35.750,3.39,6000
2020-09-03 09:34:39.030,3.39,1000
2020-09-03 09:34:39.030,3.39,10000
2020-09-03 09:34:39.030,3.39,2000
2020-09-03 09:34:39.030,3.39,18600
2020-09-03 09:34:39.030,3.39,20000
2020-09-03 09:34:39.970,3.391,3300
2020-09-03 09:34:39.970,3.391,200
2020-09-03 09:34:39.970,3.391,100
2020-09-03 09:34:39.970,3.391,71400
2020-09-03 09:34:40.160,3.39,1800
2020-09-03 09:34:40.500,3.39,1600
2020-09-03 09:34:41.960,3.39,1000
2020-09-03 09:34:42.390,3.39,3000
2020-09-03 09:34:44.090,3.39,14900
2020-09-03 09:34:45.210,3.392,300
2020-09-03 09:34:46.290,3.39,100
2020-09-03 09:34:48.490,3.39,6000
2020-09-03 09:34:48.490,3.39,4000
2020-09-03 09:34:49.000,3.39,5000
2020-09-03 09:34:49.670,3.391,11700
2020-09-03 09:34:53.730,3.391,100
2020-09-03 09:34:55.020,3.39,1000
2020-09-03 09:34:55.020,3.39,700
2020-09-03 09:34:55.020,3.389,5000
2020-09-03 09:34:55.020,3.389,500
2020-09-03 09:34:55.020,3.389,3000
2020-09-03 09:34:55.020,3.389,300
2020-09-03 09:34:55.020,3.389,5000
2020-09-03 09:34:55.020,3.389,500
2020-09-03 09:34:55.020,3.389,400
2020-09-03 09:34:58.310,3.389,100
2020-09-03 09:35:00.630,3.389,4300
2020-09-03 09:35:01.060,3.389,100
2020-09-03 09:35:01.180,3.389,30000
2020-09-03 09:35:02.960,3.389,30000
2020-09-03 09:35:06.410,3.388,45000
2020-09-03 09:35:06.410,3.388,8900
2020-09-03 09:35:07.110,3.388,296100
2020-09-03 09:35:07.580,3.389,300
2020-09-03 09:35:09.430,3.389,1000
2020-09-03 09:35:11.180,3.388,110000
2020-09-03 09:35:11.510,3.388,4600
2020-09-03 09:35:12.110,3.388,3000
2020-09-03 09:35:12.240,3.389,100
2020-09-03 09:35:13.980,3.388,6900
2020-09-03 09:35:14.940,3.388,100000
2020-09-03 09:35:19.190,3.389,100
2020-09-03 09:35:20.080,3.389,15000
2020-09-03 09:35:20.110,3.388,2500
2020-09-03 09:35:21.820,3.389,100
2020-09-03 09:35:24.160,3.388,5000
2020-09-03 09:35:24.620,3.388,4000
2020-09-03 09:35:25.030,3.388,2900
2020-09-03 09:35:27.070,3.389,1000
2020-09-03 09:35:27.100,3.388,43000
2020-09-03 09:35:27.220,3.388,100
2020-09-03 09:35:28.700,3.389,600
2020-09-03 09:35:30.750,3.388,40000
2020-09-03 09:35:30.750,3.388,300000
2020-09-03 09:35:32.390,3.388,4500
2020-09-03 09:35:32.390,3.388,100
2020-09-03 09:35:33.760,3.389,20000
2020-09-03 09:35:36.110,3.389,3400
2020-09-03 09:35:37.060,3.389,100
2020-09-03 09:35:38.750,3.389,40000
2020-09-03 09:35:39.340,3.389,17400
2020-09-03 09:35:39.340,3.389,15000
2020-09-03 09:35:39.340,3.389,30000
2020-09-03 09:35:39.340,3.389,5000
2020-09-03 09:35:40.540,3.389,50000
2020-09-03 09:35:40.670,3.389,5000
2020-09-03 09:35:41.990,3.389,4000
2020-09-03 09:35:44.160,3.389,4500
2020-09-03 09:35:45.460,3.389,4000
2020-09-03 09:35:47.020,3.39,20000
2020-09-03 09:35:47.020,3.39,10000
2020-09-03 09:35:47.020,3.39,10000
2020-09-03 09:35:47.020,3.39,7000
2020-09-03 09:35:47.020,3.39,4000
2020-09-03 09:35:48.340,3.39,6000
2020-09-03 09:35:50.840,3.391,4100
2020-09-03 09:35:50.870,3.39,10000
2020-09-03 09:35:52.740,3.39,4200
2020-09-03 09:35:52.740,3.39,5800
2020-09-03 09:35:53.370,3.391,1400
2020-09-03 09:35:53.370,3.391,7200
2020-09-03 09:35:57.520,3.391,42800
2020-09-03 09:35:57.790,3.391,5600
2020-09-03 09:35:58.340,3.391,2000
2020-09-03 09:35:58.550,3.391,2200
2020-09-03 09:35:59.540,3.391,8500
2020-09-03 09:36:00.660,3.392,4400
2020-09-03 09:36:00.840,3.391,1100
2020-09-03 09:36:01.940,3.391,10000
2020-09-03 09:36:02.030,3.391,1600
2020-09-03 09:36:03.420,3.391,13100
2020-09-03 09:36:04.750,3.391,3000
2020-09-03 09:36:05.890,3.391,100000
2020-09-03 09:36:05.950,3.391,900
2020-09-03 09:36:07.910,3.391,20000
2020-09-03 09:36:08.970,3.391,10900
2020-09-03 09:36:09.330,3.391,2200
2020-09-03 09:36:09.520,3.391,200
2020-09-03 09:36:10.510,3.391,75900
2020-09-03 09:36:10.510,3.391,5000
2020-09-03 09:36:14.720,3.39,8000
2020-09-03 09:36:14.840,3.391,2000
2020-09-03 09:36:17.360,3.391,7100
2020-09-03 09:36:17.360,3.391,5000
2020-09-03 09:36:17.360,3.391,7900
2020-09-03 09:36:18.020,3.391,1100
2020-09-03 09:36:18.020,3.391,21000
2020-09-03 09:36:18.020,3.391,10000
2020-09-03 09:36:18.020,3.391,12500
2020-09-03 09:36:18.020,3.391,12300
2020-09-03 09:36:19.370,3.391,100
2020-09-03 09:36:20.400,3.391,7600
2020-09-03 09:36:20.400,3.392,2800
2020-09-03 09:36:20.770,3.39,2000
2020-09-03 09:36:20.770,3.39,4800
2020-09-03 09:36:20.770,3.39,1200
2020-09-03 09:36:21.280,3.392,14300
2020-09-03 09:36:21.790,3.391,12500
2020-09-03 09:36:22.160,3.39,5300
2020-09-03 09:36:22.520,3.391,100
2020-09-03 09:36:23.400,3.391,5000
2020-09-03 09:36:24.320,3.391,11500
2020-09-03 09:36:24.380,3.391,900000
2020-09-03 09:36:26.550,3.39,100
2020-09-03 09:36:27.030,3.391,70900
2020-09-03 09:36:27.030,3.391,1000
2020-09-03 09:36:27.030,3.391,200
2020-09-03 09:36:27.650,3.391,20000
2020-09-03 09:36:27.880,3.392,4300
2020-09-03 09:36:30.480,3.391,800
2020-09-03 09:36:30.600,3.392,4200
2020-09-03 09:36:30.690,3.391,2000
2020-09-03 09:36:32.410,3.392,8800
2020-09-03 09:36:32.410,3.392,3000
2020-09-03 09:36:32.410,3.392,2000
2020-09-03 09:36:32.410,3.392,100
2020-09-03 09:36:32.410,3.392,1000
2020-09-03 09:36:32.410,3.392,100
2020-09-03 09:36:32.410,3.392,300
2020-09-03 09:36:32.410,3.392,3000
2020-09-03 09:36:32.410,3.392,7100
2020-09-03 09:36:32.410,3.392,7000
2020-09-03 09:36:35.570,3.392,5000
2020-09-03 09:36:35.600,3.392,1000
2020-09-03 09:36:36.360,3.392,20000
2020-09-03 09:36:36.870,3.392,700
2020-09-03 09:36:37.660,3.392,7600
2020-09-03 09:36:38.510,3.392,2600
2020-09-03 09:36:40.100,3.392,200
2020-09-03 09:36:40.870,3.392,5000
2020-09-03 09:36:41.290,3.393,500
2020-09-03 09:36:41.290,3.393,100
2020-09-03 09:36:41.290,3.393,1500
2020-09-03 09:36:41.290,3.393,8000
2020-09-03 09:36:41.290,3.393,300
2020-09-03 09:36:41.750,3.392,200
2020-09-03 09:36:42.140,3.392,500
2020-09-03 09:36:44.180,3.393,100
2020-09-03 09:36:44.430,3.392,200
2020-09-03 09:36:45.470,3.393,500
2020-09-03 09:36:49.570,3.392,8900
2020-09-03 09:36:49.910,3.393,3900
2020-09-03 09:36:49.910,3.393,43000
2020-09-03 09:36:50.090,3.392,4600
2020-09-03 09:36:51.420,3.392,6300
2020-09-03 09:36:51.820,3.392,2000
2020-09-03 09:36:55.310,3.392,6000
2020-09-03 09:36:56.070,3.393,3000
2020-09-03 09:36:56.610,3.392,5000
2020-09-03 09:36:58.850,3.392,2000
2020-09-03 09:36:59.100,3.392,600
2020-09-03 09:37:00.030,3.392,20200
2020-09-03 09:37:01.420,3.392,30000
2020-09-03 09:37:01.420,3.392,4100
2020-09-03 09:37:01.420,3.392,300
2020-09-03 09:37:01.420,3.392,12000
2020-09-03 09:37:01.420,3.392,3600
2020-09-03 09:37:01.580,3.393,4000
2020-09-03 09:37:01.580,3.393,10000
2020-09-03 09:37:01.580,3.393,300
2020-09-03 09:37:01.580,3.393,900
2020-09-03 09:37:01.580,3.393,20000
2020-09-03 09:37:01.580,3.393,6000
2020-09-03 09:37:01.580,3.393,4000
2020-09-03 09:37:01.580,3.393,64500
2020-09-03 09:37:02.050,3.392,4400
2020-09-03 09:37:02.050,3.392,4300
2020-09-03 09:37:03.500,3.392,200
2020-09-03 09:37:04.420,3.391,205100
2020-09-03 09:37:04.420,3.391,2300
2020-09-03 09:37:06.470,3.39,7900
2020-09-03 09:37:06.470,3.39,400
2020-09-03 09:37:09.550,3.39,59000
2020-09-03 09:37:09.580,3.389,300
2020-09-03 09:37:09.580,3.389,4100
2020-09-03 09:37:09.840,3.39,31000
2020-09-03 09:37:09.840,3.39,75600
2020-09-03 09:37:15.400,3.392,100
2020-09-03 09:37:18.270,3.39,400
2020-09-03 09:37:22.300,3.392,100
2020-09-03 09:37:24.240,3.39,2000
2020-09-03 09:37:24.710,3.39,10000
2020-09-03 09:37:25.320,3.392,200
2020-09-03 09:37:25.320,3.392,3800
2020-09-03 09:37:25.730,3.392,10000
2020-09-03 09:37:28.150,3.39,400
2020-09-03 09:37:28.520,3.39,12400
2020-09-03 09:37:32.530,3.392,14200
2020-09-03 09:37:32.530,3.392,100
2020-09-03 09:37:32.530,3.392,100
2020-09-03 09:37:32.530,3.392,5000
2020-09-03 09:37:32.530,3.392,400
2020-09-03 09:37:32.530,3.392,5000
2020-09-03 09:37:32.530,3.392,1100
2020-09-03 09:37:33.010,3.392,28900
2020-09-03 09:37:33.010,3.392,10000
2020-09-03 09:37:33.010,3.392,26700
2020-09-03 09:37:33.010,3.392,234400
2020-09-03 09:37:33.310,3.392,7400
2020-09-03 09:37:33.550,3.392,500
2020-09-03 09:37:34.430,3.392,7700
2020-09-03 09:37:34.430,3.392,200
2020-09-03 09:37:34.430,3.392,5000
2020-09-03 09:37:35.490,3.392,300
2020-09-03 09:37:35.640,3.392,6000
2020-09-03 09:37:36.570,3.393,185500
2020-09-03 09:37:36.570,3.393,3000
2020-09-03 09:37:36.660,3.393,20000
2020-09-03 09:37:40.410,3.393,200
2020-09-03 09:37:47.160,3.393,100
2020-09-03 09:37:48.730,3.393,5000
2020-09-03 09:37:49.230,3.394,13400
2020-09-03 09:37:49.230,3.394,3000
2020-09-03 09:37:49.230,3.394,10000
2020-09-03 09:37:49.230,3.394,6000
2020-09-03 09:37:49.230,3.394,100
2020-09-03 09:37:49.230,3.394,10000
2020-09-03 09:37:49.230,3.394,8000
2020-09-03 09:37:49.230,3.394,100
2020-09-03 09:37:49.230,3.394,5000
2020-09-03 09:37:49.230,3.394,5000
2020-09-03 09:37:49.230,3.394,10000
2020-09-03 09:37:49.230,3.394,1000
2020-09-03 09:37:49.230,3.394,3300
2020-09-03 09:37:49.230,3.394,10000
2020-09-03 09:37:49.230,3.394,3000
2020-09-03 09:37:49.230,3.395,100
2020-09-03 09:37:49.230,3.395,300
2020-09-03 09:37:49.230,3.395,100
2020-09-03 09:37:49.230,3.395,1100
2020-09-03 09:37:49.230,3.395,10000
2020-09-03 09:37:49.230,3.395,14700
2020-09-03 09:37:49.230,3.395,9200
2020-09-03 09:37:49.230,3.395,100
2020-09-03 09:37:49.230,3.395,100
2020-09-03 09:37:49.230,3.395,2000
2020-09-03 09:37:49.230,3.395,10000
2020-09-03 09:37:49.230,3.395,500
2020-09-03 09:37:49.230,3.395,8000
2020-09-03 09:37:49.230,3.395,100000
2020-09-03 09:37:49.230,3.395,5000
2020-09-03 09:37:49.230,3.395,6000
2020-09-03 09:37:49.720,3.395,29500
2020-09-03 09:37:50.810,3.396,1500
2020-09-03 09:37:50.810,3.396,2000
2020-09-03 09:37:50.810,3.396,500
2020-09-03 09:37:50.810,3.396,100
2020-09-03 09:37:51.090,3.395,15400
2020-09-03 09:37:51.690,3.393,5000
2020-09-03 09:37:52.040,3.393,15600
2020-09-03 09:37:55.270,3.394,3600
2020-09-03 09:37:55.270,3.394,9600
2020-09-03 09:37:56.760,3.393,47100
2020-09-03 09:37:56.850,3.394,300100
2020-09-03 09:37:56.960,3.393,10000
2020-09-03 09:37:57.890,3.394,197200
2020-09-03 09:37:58.660,3.395,1000
2020-09-03 09:37:59.180,3.395,1300
2020-09-03 09:38:02.350,3.396,5900
2020-09-03 09:38:02.350,3.396,100
2020-09-03 09:38:02.350,3.396,1000
2020-09-03 09:38:02.350,3.396,8000
2020-09-03 09:38:02.350,3.396,2000
2020-09-03 09:38:02.350,3.396,100
2020-09-03 09:38:02.350,3.396,100
2020-09-03 09:38:02.350,3.396,5000
2020-09-03 09:38:02.350,3.396,600
2020-09-03 09:38:02.350,3.396,3900
2020-09-03 09:38:02.350,3.396,40000
2020-09-03 09:38:02.350,3.397,1500
2020-09-03 09:38:02.350,3.397,30000
2020-09-03 09:38:02.350,3.397,5100
2020-09-03 09:38:02.350,3.397,60000
2020-09-03 09:38:02.350,3.397,5000
2020-09-03 09:38:02.350,3.397,100
2020-09-03 09:38:02.350,3.397,500
2020-09-03 09:38:02.350,3.397,100
2020-09-03 09:38:02.350,3.397,100
2020-09-03 09:38:02.350,3.397,100
2020-09-03 09:38:02.350,3.397,8000
2020-09-03 09:38:02.800,3.398,100
2020-09-03 09:38:02.800,3.398,4900
2020-09-03 09:38:02.830,3.397,19200
2020-09-03 09:38:03.340,3.397,300
2020-09-03 09:38:03.830,3.397,5000
2020-09-03 09:38:06.170,3.397,100
2020-09-03 09:38:06.570,3.398,1100
2020-09-03 09:38:06.570,3.398,10000
2020-09-03 09:38:06.570,3.398,5000
2020-09-03 09:38:06.570,3.398,900
2020-09-03 09:38:06.570,3.398,1500
2020-09-03 09:38:06.570,3.398,100
2020-09-03 09:38:06.570,3.398,3800
2020-09-03 09:38:06.570,3.398,100
2020-09-03 09:38:06.570,3.398,10000
2020-09-03 09:38:06.570,3.398,5000
2020-09-03 09:38:06.570,3.398,700
2020-09-03 09:38:06.570,3.398,8000
2020-09-03 09:38:07.450,3.398,30000
2020-09-03 09:38:07.450,3.397,20000
2020-09-03 09:38:08.490,3.398,1100
2020-09-03 09:38:09.770,3.398,15400
2020-09-03 09:38:10.330,3.399,10000
2020-09-03 09:38:10.330,3.399,1000
2020-09-03 09:38:10.330,3.399,200
2020-09-03 09:38:10.330,3.399,10000
2020-09-03 09:38:10.330,3.399,5000
2020-09-03 09:38:10.330,3.399,100
2020-09-03 09:38:10.330,3.399,3000
2020-09-03 09:38:10.330,3.399,200
2020-09-03 09:38:10.330,3.399,5900
2020-09-03 09:38:10.330,3.399,3000
2020-09-03 09:38:10.330,3.399,5000
2020-09-03 09:38:10.330,3.399,5000
2020-09-03 09:38:10.330,3.399,100
2020-09-03 09:38:10.330,3.399,60000
2020-09-03 09:38:10.330,3.399,8000
2020-09-03 09:38:10.330,3.399,800
2020-09-03 09:38:10.330,3.399,5000
2020-09-03 09:38:10.330,3.399,2000
2020-09-03 09:38:10.330,3.399,12000
2020-09-03 09:38:12.070,3.4,300
2020-09-03 09:38:12.070,3.4,29700
2020-09-03 09:38:12.110,3.399,27600
2020-09-03 09:38:12.320,3.399,1000
2020-09-03 09:38:12.550,3.4,300
2020-09-03 09:38:12.550,3.4,1000
2020-09-03 09:38:12.550,3.4,6000
2020-09-03 09:38:12.550,3.4,20000
2020-09-03 09:38:12.550,3.4,67600
2020-09-03 09:38:14.090,3.399,100
2020-09-03 09:38:14.630,3.399,2000
2020-09-03 09:38:15.060,3.399,300
2020-09-03 09:38:15.630,3.4,10000
2020-09-03 09:38:15.750,3.4,40000
2020-09-03 09:38:18.350,3.4,30000
2020-09-03 09:38:18.630,3.399,10000
2020-09-03 09:38:19.030,3.4,20700
2020-09-03 09:38:19.030,3.4,20000
2020-09-03 09:38:19.030,3.4,200
2020-09-03 09:38:19.030,3.4,1400
2020-09-03 09:38:19.030,3.4,3900
2020-09-03 09:38:19.030,3.4,10000
2020-09-03 09:38:19.030,3.4,15000
2020-09-03 09:38:19.030,3.4,500
2020-09-03 09:38:19.030,3.4,100
2020-09-03 09:38:19.030,3.4,40000
2020-09-03 09:38:19.030,3.4,6000
2020-09-03 09:38:19.030,3.4,100
2020-09-03 09:38:19.030,3.4,8000
2020-09-03 09:38:19.030,3.4,10000
2020-09-03 09:38:19.030,3.4,4300
2020-09-03 09:38:19.030,3.4,800
2020-09-03 09:38:19.640,3.4,10000
2020-09-03 09:38:20.170,3.4,43200
2020-09-03 09:38:20.670,3.4,1000
2020-09-03 09:38:20.790,3.401,4300
2020-09-03 09:38:21.790,3.4,100
2020-09-03 09:38:22.360,3.4,3100
2020-09-03 09:38:22.360,3.4,10000
2020-09-03 09:38:22.360,3.4,40000
2020-09-03 09:38:22.360,3.4,30000
2020-09-03 09:38:22.890,3.399,300
2020-09-03 09:38:22.890,3.399,40300
2020-09-03 09:38:23.720,3.4,30000
2020-09-03 09:38:23.720,3.4,10000
2020-09-03 09:38:24.480,3.4,30000
2020-09-03 09:38:24.970,3.399,400
2020-09-03 09:38:25.530,3.4,40000
2020-09-03 09:38:25.530,3.399,15000
2020-09-03 09:38:25.610,3.399,3000
2020-09-03 09:38:25.670,3.4,3000
2020-09-03 09:38:26.050,3.4,3900
2020-09-03 09:38:26.050,3.4,27000
2020-09-03 09:38:26.570,3.401,10800
2020-09-03 09:38:26.570,3.401,1000
2020-09-03 09:38:26.570,3.401,500
2020-09-03 09:38:26.570,3.401,50000
2020-09-03 09:38:26.570,3.401,10000
2020-09-03 09:38:26.570,3.401,5000
2020-09-03 09:38:26.570,3.401,5000
2020-09-03 09:38:26.570,3.401,100
2020-09-03 09:38:26.570,3.401,8000
2020-09-03 09:38:26.570,3.401,800
2020-09-03 09:38:26.570,3.401,200
2020-09-03 09:38:26.570,3.401,10000
2020-09-03 09:38:27.270,3.401,10000
2020-09-03 09:38:28.110,3.402,11000
2020-09-03 09:38:28.110,3.402,1000
2020-09-03 09:38:28.110,3.402,6000
2020-09-03 09:38:28.110,3.402,22000
2020-09-03 09:38:28.660,3.401,10000
2020-09-03 09:38:28.880,3.401,40000
2020-09-03 09:38:29.380,3.401,5000
2020-09-03 09:38:29.560,3.402,8000
2020-09-03 09:38:29.560,3.402,292100
2020-09-03 09:38:31.200,3.402,7900
2020-09-03 09:38:31.200,3.402,5100
2020-09-03 09:38:31.200,3.402,8000
2020-09-03 09:38:31.200,3.402,100
2020-09-03 09:38:31.200,3.402,5000
2020-09-03 09:38:31.200,3.402,100
2020-09-03 09:38:31.870,3.402,200
2020-09-03 09:38:32.110,3.402,200
2020-09-03 09:38:33.170,3.403,1000
2020-09-03 09:38:33.170,3.403,3000
2020-09-03 09:38:33.170,3.403,20000
2020-09-03 09:38:33.170,3.403,1000
2020-09-03 09:38:33.170,3.403,5000
2020-09-03 09:38:33.280,3.402,3400
2020-09-03 09:38:33.280,3.402,5600
2020-09-03 09:38:33.440,3.402,700
2020-09-03 09:38:33.560,3.403,3000
2020-09-03 09:38:33.560,3.403,5100
2020-09-03 09:38:33.560,3.403,100
2020-09-03 09:38:33.560,3.403,31800
2020-09-03 09:38:34.160,3.403,105100
2020-09-03 09:38:34.320,3.403,4000
2020-09-03 09:38:39.560,3.402,2000
2020-09-03 09:38:40.050,3.403,600
2020-09-03 09:38:41.450,3.403,400
2020-09-03 09:38:41.450,3.403,9000
2020-09-03 09:38:41.450,3.403,5000
2020-09-03 09:38:41.450,3.403,4700
2020-09-03 09:38:41.450,3.403,5000
2020-09-03 09:38:41.450,3.403,300
2020-09-03 09:38:41.450,3.403,300
2020-09-03 09:38:41.850,3.403,100
2020-09-03 09:38:42.110,3.402,1300
2020-09-03 09:38:42.570,3.402,2000
2020-09-03 09:38:43.140,3.402,4700
2020-09-03 09:38:43.140,3.402,25300
2020-09-03 09:38:43.290,3.402,2000
2020-09-03 09:38:43.330,3.402,2700
2020-09-03 09:38:43.330,3.402,2300
2020-09-03 09:38:43.780,3.403,4400
2020-09-03 09:38:43.780,3.403,100
2020-09-03 09:38:43.780,3.403,5500
2020-09-03 09:38:44.780,3.402,2300
2020-09-03 09:38:45.640,3.403,4000
2020-09-03 09:38:45.640,3.403,190500
2020-09-03 09:38:45.640,3.403,15000
2020-09-03 09:38:45.640,3.403,2000
2020-09-03 09:38:46.740,3.403,200
2020-09-03 09:38:46.890,3.403,7300
2020-09-03 09:38:47.300,3.403,2900
2020-09-03 09:38:48.650,3.403,4000
2020-09-03 09:38:49.920,3.403,1000
2020-09-03 09:38:50.210,3.403,800
2020-09-03 09:38:50.920,3.404,3000
2020-09-03 09:38:50.920,3.404,1200
2020-09-03 09:38:50.980,3.403,100
2020-09-03 09:38:51.650,3.403,100
2020-09-03 09:38:52.200,3.403,5000
2020-09-03 09:38:53.870,3.403,5000
2020-09-03 09:38:54.710,3.403,3500
2020-09-03 09:38:55.070,3.404,4000
2020-09-03 09:38:55.600,3.404,4800
2020-09-03 09:38:55.600,3.404,1000
2020-09-03 09:38:55.600,3.404,500
2020-09-03 09:38:55.600,3.404,200
2020-09-03 09:38:55.600,3.404,6000
2020-09-03 09:38:55.600,3.404,1500
2020-09-03 09:38:55.600,3.404,8000
2020-09-03 09:38:55.600,3.404,200
2020-09-03 09:38:55.600,3.404,15000
2020-09-03 09:38:55.600,3.404,100
2020-09-03 09:38:55.600,3.404,10000
2020-09-03 09:38:55.600,3.404,5000
2020-09-03 09:38:55.600,3.404,4400
2020-09-03 09:38:55.910,3.404,500
2020-09-03 09:38:56.230,3.403,5000
2020-09-03 09:38:56.390,3.403,9400
2020-09-03 09:38:56.580,3.404,37600
2020-09-03 09:38:56.580,3.404,3100
2020-09-03 09:38:56.580,3.404,24100
2020-09-03 09:38:56.580,3.404,50000
2020-09-03 09:38:56.580,3.404,1000
2020-09-03 09:38:56.580,3.404,5000
2020-09-03 09:38:56.580,3.404,98100
2020-09-03 09:38:57.270,3.404,200
2020-09-03 09:38:57.460,3.404,1700
2020-09-03 09:38:57.460,3.404,4000
2020-09-03 09:38:57.520,3.404,5000
2020-09-03 09:38:57.590,3.403,3000
2020-09-03 09:38:57.660,3.404,6000
2020-09-03 09:38:57.880,3.404,12000
2020-09-03 09:38:59.620,3.403,5000
2020-09-03 09:39:00.510,3.404,10000
2020-09-03 09:39:00.540,3.403,300
2020-09-03 09:39:01.460,3.403,32000
2020-09-03 09:39:01.520,3.403,5000
2020-09-03 09:39:01.640,3.404,30000
2020-09-03 09:39:03.100,3.404,40000
2020-09-03 09:39:03.760,3.404,8000
2020-09-03 09:39:03.760,3.404,1000
2020-09-03 09:39:03.760,3.404,12800
2020-09-03 09:39:03.760,3.404,15000
2020-09-03 09:39:03.760,3.404,2100
2020-09-03 09:39:04.100,3.404,200
2020-09-03 09:39:04.350,3.404,10000
2020-09-03 09:39:04.980,3.404,9300
2020-09-03 09:39:05.190,3.405,1000
2020-09-03 09:39:05.190,3.405,3000
2020-09-03 09:39:05.190,3.405,800
2020-09-03 09:39:05.190,3.405,500
2020-09-03 09:39:05.190,3.405,2000
2020-09-03 09:39:05.190,3.405,2000
2020-09-03 09:39:05.190,3.405,20700
2020-09-03 09:39:05.760,3.404,100
2020-09-03 09:39:07.760,3.404,300
2020-09-03 09:39:07.760,3.404,4700
2020-09-03 09:39:08.260,3.404,300
2020-09-03 09:39:08.260,3.404,200
2020-09-03 09:39:08.430,3.404,1100
2020-09-03 09:39:08.430,3.404,300
2020-09-03 09:39:09.240,3.404,2900
2020-09-03 09:39:09.330,3.404,5700
2020-09-03 09:39:09.330,3.404,15000
2020-09-03 09:39:09.330,3.404,300
2020-09-03 09:39:09.430,3.404,700
2020-09-03 09:39:09.430,3.404,2200
2020-09-03 09:39:09.430,3.405,179300
2020-09-03 09:39:09.430,3.405,8000
2020-09-03 09:39:09.430,3.405,9800
2020-09-03 09:39:10.180,3.403,1000
2020-09-03 09:39:11.450,3.404,6000
2020-09-03 09:39:11.450,3.404,5000
2020-09-03 09:39:11.450,3.404,300
2020-09-03 09:39:11.520,3.404,1500
2020-09-03 09:39:11.660,3.404,5000
2020-09-03 09:39:12.120,3.404,4400
2020-09-03 09:39:12.260,3.404,2000
2020-09-03 09:39:13.030,3.404,2000
2020-09-03 09:39:13.260,3.405,200
2020-09-03 09:39:13.260,3.405,100
2020-09-03 09:39:13.260,3.405,100
2020-09-03 09:39:13.260,3.405,10000
2020-09-03 09:39:13.260,3.405,500
2020-09-03 09:39:13.260,3.405,3900
2020-09-03 09:39:13.260,3.405,2300
2020-09-03 09:39:13.260,3.405,1100
2020-09-03 09:39:13.260,3.405,5000
2020-09-03 09:39:13.260,3.405,3000
2020-09-03 09:39:13.260,3.405,1000
2020-09-03 09:39:13.260,3.405,2000
2020-09-03 09:39:13.260,3.405,800
2020-09-03 09:39:13.260,3.404,2000
2020-09-03 09:39:13.290,3.404,1800
2020-09-03 09:39:13.290,3.404,28200
2020-09-03 09:39:13.350,3.405,8100
2020-09-03 09:39:13.350,3.405,10000
2020-09-03 09:39:13.350,3.405,5400
2020-09-03 09:39:13.590,3.405,10000
2020-09-03 09:39:13.680,3.405,100
2020-09-03 09:39:14.180,3.405,400
2020-09-03 09:39:14.940,3.405,6200
2020-09-03 09:39:14.970,3.406,300
2020-09-03 09:39:14.970,3.406,1000
2020-09-03 09:39:14.970,3.406,6000
2020-09-03 09:39:14.970,3.406,22700
2020-09-03 09:39:15.120,3.406,48900
2020-09-03 09:39:15.120,3.406,1500
2020-09-03 09:39:15.120,3.406,14900
2020-09-03 09:39:15.600,3.405,200
2020-09-03 09:39:15.920,3.405,6000
2020-09-03 09:39:16.010,3.405,10000
2020-09-03 09:39:16.280,3.405,200
2020-09-03 09:39:16.430,3.406,285100
2020-09-03 09:39:16.430,3.406,8000
2020-09-03 09:39:16.430,3.406,100
2020-09-03 09:39:16.430,3.406,500
2020-09-03 09:39:16.430,3.406,3300
2020-09-03 09:39:16.430,3.406,3000
2020-09-03 09:39:16.720,3.405,1600
2020-09-03 09:39:17.720,3.406,9000
2020-09-03 09:39:17.720,3.406,10000
2020-09-03 09:39:17.720,3.406,5000
2020-09-03 09:39:17.720,3.406,1400
2020-09-03 09:39:17.720,3.406,5000
2020-09-03 09:39:17.720,3.406,9000
2020-09-03 09:39:19.020,3.405,6000
2020-09-03 09:39:19.480,3.405,500
2020-09-03 09:39:20.560,3.406,5000
2020-09-03 09:39:21.280,3.406,4300
2020-09-03 09:39:21.740,3.405,500
2020-09-03 09:39:21.740,3.405,500
2020-09-03 09:39:21.770,3.405,1000
2020-09-03 09:39:21.930,3.406,1000
2020-09-03 09:39:22.160,3.405,100
2020-09-03 09:39:22.980,3.405,10000
2020-09-03 09:39:23.080,3.405,500
2020-09-03 09:39:23.140,3.405,500
2020-09-03 09:39:24.760,3.405,500
2020-09-03 09:39:24.820,3.405,500
2020-09-03 09:39:25.090,3.406,1000
2020-09-03 09:39:25.660,3.406,700
2020-09-03 09:39:26.400,3.405,3500
2020-09-03 09:39:26.730,3.406,3500
2020-09-03 09:39:30.620,3.405,4200
2020-09-03 09:39:30.990,3.404,5000
2020-09-03 09:39:32.260,3.405,25800
2020-09-03 09:39:32.260,3.405,74200
2020-09-03 09:39:32.450,3.405,100
2020-09-03 09:39:33.660,3.405,30000
2020-09-03 09:39:35.000,3.405,14800
2020-09-03 09:39:35.000,3.405,60000
2020-09-03 09:39:35.000,3.405,3900
2020-09-03 09:39:35.180,3.405,200
2020-09-03 09:39:36.850,3.405,10000
2020-09-03 09:39:37.250,3.405,111200
2020-09-03 09:39:37.250,3.405,288800
2020-09-03 09:39:37.730,3.405,30000
2020-09-03 09:39:38.940,3.405,4000
2020-09-03 09:39:40.080,3.405,5000
2020-09-03 09:39:40.140,3.405,900
2020-09-03 09:39:40.290,3.405,4000
2020-09-03 09:39:40.470,3.406,5000
2020-09-03 09:39:41.220,3.405,5000
2020-09-03 09:39:42.080,3.405,15100
2020-09-03 09:39:44.130,3.406,200
2020-09-03 09:39:44.260,3.406,300
2020-09-03 09:39:44.440,3.405,400
2020-09-03 09:39:45.060,3.405,41600
2020-09-03 09:39:45.210,3.406,26000
2020-09-03 09:39:45.300,3.406,10000
2020-09-03 09:39:45.630,3.405,28000
2020-09-03 09:39:45.960,3.405,500
2020-09-03 09:39:46.670,3.406,48000
2020-09-03 09:39:46.670,3.406,10500
2020-09-03 09:39:47.250,3.406,400
2020-09-03 09:39:47.560,3.406,600
2020-09-03 09:39:47.560,3.406,1000
2020-09-03 09:39:47.560,3.406,1000
2020-09-03 09:39:48.130,3.405,2000
2020-09-03 09:39:48.440,3.405,144600
2020-09-03 09:39:48.690,3.405,2100
2020-09-03 09:39:48.690,3.405,100
2020-09-03 09:39:48.690,3.405,7800
2020-09-03 09:39:48.940,3.405,200
2020-09-03 09:39:49.100,3.405,2000
2020-09-03 09:39:49.100,3.405,2200
2020-09-03 09:39:49.440,3.406,2300
2020-09-03 09:39:49.440,3.406,2700
2020-09-03 09:39:51.240,3.405,3000
2020-09-03 09:39:53.170,3.406,2000
2020-09-03 09:39:53.740,3.405,500
2020-09-03 09:39:54.240,3.406,300
2020-09-03 09:39:54.240,3.406,3700
2020-09-03 09:39:54.340,3.406,6300
2020-09-03 09:39:54.340,3.406,2100
2020-09-03 09:39:54.340,3.406,1600
2020-09-03 09:39:54.450,3.405,200
2020-09-03 09:39:55.020,3.406,2000
2020-09-03 09:39:55.120,3.405,2000
2020-09-03 09:39:55.980,3.406,1000
2020-09-03 09:39:56.350,3.405,3000
2020-09-03 09:39:57.010,3.405,30000
2020-09-03 09:39:57.130,3.405,500
2020-09-03 09:39:58.190,3.405,3800
2020-09-03 09:39:58.190,3.405,30000
2020-09-03 09:39:58.190,3.405,6200
2020-09-03 09:39:58.530,3.406,1000
2020-09-03 09:39:58.780,3.406,9400
2020-09-03 09:39:58.880,3.405,3600
2020-09-03 09:39:59.060,3.406,100
2020-09-03 09:39:59.060,3.406,3000
2020-09-03 09:39:59.060,3.406,5000
2020-09-03 09:39:59.060,3.406,600
2020-09-03 09:40:00.590,3.406,600
2020-09-03 09:40:01.020,3.405,1000
2020-09-03 09:40:02.320,3.405,10000
2020-09-03 09:40:02.410,3.406,3800
2020-09-03 09:40:02.410,3.406,200
2020-09-03 09:40:02.410,3.406,3300
2020-09-03 09:40:02.410,3.406,100
2020-09-03 09:40:02.410,3.406,4000
2020-09-03 09:40:02.410,3.406,6000
2020-09-03 09:40:02.410,3.406,12600
2020-09-03 09:40:02.580,3.405,5000
2020-09-03 09:40:02.710,3.405,200
2020-09-03 09:40:02.740,3.406,1800
2020-09-03 09:40:02.740,3.406,20500
2020-09-03 09:40:03.080,3.405,100
2020-09-03 09:40:03.700,3.405,100
2020-09-03 09:40:03.730,3.405,10000
2020-09-03 09:40:03.820,3.405,18900
2020-09-03 09:40:04.150,3.405,1200
2020-09-03 09:40:04.250,3.406,10000
2020-09-03 09:40:04.390,3.405,4300
2020-09-03 09:40:04.390,3.405,700
2020-09-03 09:40:04.640,3.405,4400
2020-09-03 09:40:04.640,3.405,100
2020-09-03 09:40:05.350,3.405,2000
2020-09-03 09:40:05.870,3.405,10000
2020-09-03 09:40:06.940,3.405,5000
2020-09-03 09:40:07.630,3.405,7800
2020-09-03 09:40:07.630,3.405,600
2020-09-03 09:40:07.630,3.405,6600
2020-09-03 09:40:07.770,3.406,15100
2020-09-03 09:40:07.770,3.406,10000
2020-09-03 09:40:07.770,3.406,4900
2020-09-03 09:40:07.960,3.405,10000
2020-09-03 09:40:07.960,3.405,2500
2020-09-03 09:40:08.410,3.405,40000
2020-09-03 09:40:09.470,3.406,100
2020-09-03 09:40:09.690,3.405,20000
2020-09-03 09:40:09.860,3.405,5000
2020-09-03 09:40:11.330,3.405,100
2020-09-03 09:40:12.160,3.405,11800
2020-09-03 09:40:12.360,3.405,2000
2020-09-03 09:40:12.970,3.405,5000
2020-09-03 09:40:13.040,3.405,297000
2020-09-03 09:40:13.040,3.405,5000
2020-09-03 09:40:13.040,3.405,30000
2020-09-03 09:40:13.040,3.405,2600
2020-09-03 09:40:13.040,3.405,165400
2020-09-03 09:40:13.290,3.406,19900
2020-09-03 09:40:13.610,3.405,2000
2020-09-03 09:40:15.890,3.405,3000
2020-09-03 09:40:16.450,3.405,3000
2020-09-03 09:40:17.000,3.406,300
2020-09-03 09:40:18.370,3.405,100
2020-09-03 09:40:18.440,3.405,100
2020-09-03 09:40:18.810,3.405,70100
2020-09-03 09:40:18.810,3.405,29900
2020-09-03 09:40:18.880,3.405,100
2020-09-03 09:40:18.880,3.405,300
2020-09-03 09:40:19.030,3.405,9700
2020-09-03 09:40:19.250,3.405,10300
2020-09-03 09:40:19.510,3.406,4000
2020-09-03 09:40:19.510,3.406,3000
2020-09-03 09:40:19.510,3.406,1000
2020-09-03 09:40:19.510,3.406,300
2020-09-03 09:40:19.510,3.406,10000
2020-09-03 09:40:19.510,3.406,10000
2020-09-03 09:40:19.510,3.406,500
2020-09-03 09:40:19.510,3.406,1200
2020-09-03 09:40:19.940,3.405,2000
2020-09-03 09:40:19.970,3.405,10000
2020-09-03 09:40:20.300,3.405,3000
2020-09-03 09:40:20.850,3.405,10000
2020-09-03 09:40:21.460,3.406,1800
2020-09-03 09:40:21.460,3.406,1500
2020-09-03 09:40:21.460,3.406,7400
2020-09-03 09:40:21.460,3.406,1000
2020-09-03 09:40:21.460,3.406,2000
2020-09-03 09:40:21.460,3.406,16300
2020-09-03 09:40:21.690,3.405,1700
2020-09-03 09:40:22.320,3.406,30000
2020-09-03 09:40:22.670,3.405,7000
2020-09-03 09:40:24.200,3.406,353700
2020-09-03 09:40:24.200,3.406,5000
2020-09-03 09:40:24.200,3.406,100
2020-09-03 09:40:24.200,3.406,200
2020-09-03 09:40:24.200,3.406,1000
2020-09-03 09:40:24.200,3.406,700
2020-09-03 09:40:24.200,3.406,10000
2020-09-03 09:40:24.200,3.406,600
2020-09-03 09:40:24.200,3.406,500
2020-09-03 09:40:24.200,3.406,5000
2020-09-03 09:40:24.200,3.406,100
2020-09-03 09:40:24.200,3.406,10000
2020-09-03 09:40:24.200,3.406,5000
2020-09-03 09:40:24.200,3.406,20000
2020-09-03 09:40:24.200,3.406,10000
2020-09-03 09:40:24.200,3.406,5000
2020-09-03 09:40:24.200,3.406,10000
2020-09-03 09:40:24.200,3.406,12500
2020-09-03 09:40:24.200,3.406,100
2020-09-03 09:40:24.200,3.406,20000
2020-09-03 09:40:24.200,3.406,10000
2020-09-03 09:40:24.200,3.406,4000
2020-09-03 09:40:24.200,3.406,300
2020-09-03 09:40:24.200,3.406,6100
2020-09-03 09:40:24.200,3.406,500
2020-09-03 09:40:24.200,3.406,1000
2020-09-03 09:40:24.200,3.406,7000
2020-09-03 09:40:24.430,3.406,14700
2020-09-03 09:40:24.620,3.406,10000
2020-09-03 09:40:26.070,3.406,5000
2020-09-03 09:40:26.130,3.406,1100
2020-09-03 09:40:27.350,3.406,30000
2020-09-03 09:40:27.640,3.406,5000
2020-09-03 09:40:27.670,3.407,3000
2020-09-03 09:40:27.670,3.407,1500
2020-09-03 09:40:27.670,3.407,100
2020-09-03 09:40:27.670,3.407,1000
2020-09-03 09:40:27.670,3.407,500
2020-09-03 09:40:27.670,3.407,23900
2020-09-03 09:40:28.070,3.406,5000
2020-09-03 09:40:28.070,3.406,5000
2020-09-03 09:40:28.280,3.406,3000
2020-09-03 09:40:28.430,3.407,6100
2020-09-03 09:40:28.430,3.407,8000
2020-09-03 09:40:28.430,3.407,1800
2020-09-03 09:40:28.430,3.407,5000
2020-09-03 09:40:28.430,3.407,5000
2020-09-03 09:40:28.430,3.407,5700
2020-09-03 09:40:28.430,3.407,1000
2020-09-03 09:40:28.430,3.407,100
2020-09-03 09:40:28.430,3.407,5000
2020-09-03 09:40:28.430,3.407,5000
2020-09-03 09:40:28.430,3.407,1900
2020-09-03 09:40:28.430,3.407,1000
2020-09-03 09:40:28.430,3.407,500
2020-09-03 09:40:28.430,3.407,100
2020-09-03 09:40:28.430,3.407,5000
2020-09-03 09:40:28.430,3.407,30000
2020-09-03 09:40:28.430,3.407,5000
2020-09-03 09:40:28.430,3.407,100000
2020-09-03 09:40:28.430,3.407,200
2020-09-03 09:40:28.430,3.407,2000
2020-09-03 09:40:28.430,3.407,6300
2020-09-03 09:40:28.430,3.407,3500
2020-09-03 09:40:28.430,3.407,4300
2020-09-03 09:40:29.350,3.407,30000
2020-09-03 09:40:29.730,3.407,14700
2020-09-03 09:40:29.880,3.407,10000
2020-09-03 09:40:30.280,3.408,100
2020-09-03 09:40:30.280,3.408,7600
2020-09-03 09:40:30.280,3.408,100
2020-09-03 09:40:30.280,3.408,1000
2020-09-03 09:40:30.280,3.408,100
2020-09-03 09:40:30.280,3.408,100
2020-09-03 09:40:30.280,3.408,500
2020-09-03 09:40:30.280,3.408,100
2020-09-03 09:40:30.280,3.408,6000
2020-09-03 09:40:30.280,3.408,14400
2020-09-03 09:40:30.490,3.407,500
2020-09-03 09:40:30.640,3.407,500
2020-09-03 09:40:30.820,3.408,2100
2020-09-03 09:40:30.820,3.408,1500
2020-09-03 09:40:30.820,3.408,8000
2020-09-03 09:40:30.820,3.408,10000
2020-09-03 09:40:30.820,3.408,10000
2020-09-03 09:40:30.820,3.408,1000
2020-09-03 09:40:30.820,3.408,10000
2020-09-03 09:40:30.820,3.408,5000
2020-09-03 09:40:30.820,3.408,500
2020-09-03 09:40:30.820,3.408,2800
2020-09-03 09:40:30.820,3.408,5000
2020-09-03 09:40:30.820,3.408,5000
2020-09-03 09:40:30.820,3.408,1200
2020-09-03 09:40:30.820,3.408,20000
2020-09-03 09:40:30.820,3.408,200
2020-09-03 09:40:30.820,3.408,52500
2020-09-03 09:40:30.820,3.408,10000
2020-09-03 09:40:30.820,3.408,1500
2020-09-03 09:40:30.820,3.408,4600
2020-09-03 09:40:30.820,3.408,10000
2020-09-03 09:40:30.820,3.408,8300
2020-09-03 09:40:30.820,3.409,300
2020-09-03 09:40:30.820,3.409,10000
2020-09-03 09:40:30.820,3.409,1000
2020-09-03 09:40:30.820,3.409,2000
2020-09-03 09:40:30.820,3.409,6000
2020-09-03 09:40:30.820,3.409,1000
2020-09-03 09:40:30.820,3.409,4000
2020-09-03 09:40:30.820,3.409,600
2020-09-03 09:40:30.820,3.409,300
2020-09-03 09:40:30.820,3.409,8000
2020-09-03 09:40:30.820,3.409,1000
2020-09-03 09:40:30.820,3.409,5000
2020-09-03 09:40:30.820,3.409,5000
2020-09-03 09:40:30.820,3.409,64000
2020-09-03 09:40:30.820,3.409,3000
2020-09-03 09:40:30.820,3.409,5000
2020-09-03 09:40:30.820,3.409,10000
2020-09-03 09:40:30.820,3.409,4600
2020-09-03 09:40:30.820,3.409,5400
2020-09-03 09:40:30.820,3.409,5000
2020-09-03 09:40:30.820,3.409,5000
2020-09-03 09:40:30.820,3.409,10000
2020-09-03 09:40:30.820,3.409,15000
2020-09-03 09:40:30.820,3.409,500
2020-09-03 09:40:30.820,3.409,1000
2020-09-03 09:40:30.820,3.409,14500
2020-09-03 09:40:30.820,3.409,243600
2020-09-03 09:40:31.090,3.407,5000
2020-09-03 09:40:31.240,3.407,10000
2020-09-03 09:40:31.510,3.409,30000
2020-09-03 09:40:32.120,3.409,30000
2020-09-03 09:40:32.210,3.408,5000
2020-09-03 09:40:32.380,3.408,5000
2020-09-03 09:40:33.310,3.409,146400
2020-09-03 09:40:33.310,3.409,3000
2020-09-03 09:40:33.310,3.409,150000
2020-09-03 09:40:33.310,3.41,200
2020-09-03 09:40:33.310,3.41,400
2020-09-03 09:40:33.420,3.408,5000
2020-09-03 09:40:33.420,3.408,25000
2020-09-03 09:40:33.420,3.408,5000
2020-09-03 09:40:33.540,3.41,1600
2020-09-03 09:40:33.540,3.41,12900
2020-09-03 09:40:33.540,3.41,200
2020-09-03 09:40:33.540,3.41,5500
2020-09-03 09:40:33.540,3.41,1400
2020-09-03 09:40:33.540,3.41,1000
2020-09-03 09:40:33.540,3.41,600
2020-09-03 09:40:33.540,3.41,100
2020-09-03 09:40:33.540,3.41,400
2020-09-03 09:40:33.540,3.41,6000
2020-09-03 09:40:33.540,3.41,300
2020-09-03 09:40:33.760,3.409,1000
2020-09-03 09:40:34.000,3.409,1000
2020-09-03 09:40:34.310,3.409,28000
2020-09-03 09:40:34.310,3.409,2000
2020-09-03 09:40:35.130,3.41,99700
2020-09-03 09:40:35.130,3.41,1500
2020-09-03 09:40:35.130,3.41,1000
2020-09-03 09:40:35.130,3.41,600
2020-09-03 09:40:35.130,3.41,197200
2020-09-03 09:40:35.290,3.41,2800
2020-09-03 09:40:35.290,3.41,10000
2020-09-03 09:40:35.290,3.41,300
2020-09-03 09:40:35.290,3.41,800
2020-09-03 09:40:35.290,3.41,8000
2020-09-03 09:40:35.290,3.41,3000
2020-09-03 09:40:35.290,3.41,100
2020-09-03 09:40:35.290,3.41,100
2020-09-03 09:40:35.290,3.41,3100
2020-09-03 09:40:35.290,3.41,3000
2020-09-03 09:40:35.290,3.41,1400
2020-09-03 09:40:35.290,3.41,5000
2020-09-03 09:40:35.290,3.41,5000
2020-09-03 09:40:35.290,3.41,20000
2020-09-03 09:40:35.290,3.41,15000
2020-09-03 09:40:35.290,3.41,10000
2020-09-03 09:40:35.290,3.41,25000
2020-09-03 09:40:35.290,3.41,20000
2020-09-03 09:40:35.290,3.41,1000
2020-09-03 09:40:35.290,3.41,5000
2020-09-03 09:40:35.290,3.41,5000
2020-09-03 09:40:35.290,3.41,36700
2020-09-03 09:40:35.290,3.41,7800
2020-09-03 09:40:35.290,3.41,2000
2020-09-03 09:40:35.290,3.41,10000
2020-09-03 09:40:35.290,3.41,15700
2020-09-03 09:40:35.290,3.41,600
2020-09-03 09:40:35.290,3.41,1000
2020-09-03 09:40:35.290,3.41,4800
2020-09-03 09:40:35.290,3.41,40000
2020-09-03 09:40:35.290,3.41,8200
2020-09-03 09:40:35.290,3.41,2000
2020-09-03 09:40:35.290,3.41,500
2020-09-03 09:40:35.290,3.41,200
2020-09-03 09:40:35.290,3.41,26900
2020-09-03 09:40:35.460,3.41,30000
2020-09-03 09:40:35.640,3.409,4000
2020-09-03 09:40:35.760,3.409,100
2020-09-03 09:40:35.820,3.41,40000
2020-09-03 09:40:36.080,3.409,300
2020-09-03 09:40:36.410,3.41,9000
2020-09-03 09:40:36.410,3.409,6000
2020-09-03 09:40:36.590,3.409,27600
2020-09-03 09:40:36.590,3.409,16800
2020-09-03 09:40:36.840,3.409,10000
2020-09-03 09:40:36.870,3.41,40000
2020-09-03 09:40:36.870,3.41,30000
2020-09-03 09:40:36.970,3.41,24100
2020-09-03 09:40:36.970,3.41,300
2020-09-03 09:40:36.970,3.41,5600
2020-09-03 09:40:36.970,3.41,4400
2020-09-03 09:40:37.210,3.41,3300
2020-09-03 09:40:37.870,3.41,12300
2020-09-03 09:40:37.870,3.41,7700
2020-09-03 09:40:38.000,3.411,1500
2020-09-03 09:40:38.000,3.411,500
2020-09-03 09:40:38.000,3.411,4400
2020-09-03 09:40:38.000,3.411,300
2020-09-03 09:40:38.000,3.411,1000
2020-09-03 09:40:38.000,3.411,500
2020-09-03 09:40:38.000,3.411,200
2020-09-03 09:40:38.000,3.411,7000
2020-09-03 09:40:38.000,3.411,600
2020-09-03 09:40:38.000,3.411,4000
2020-09-03 09:40:38.290,3.41,5000
2020-09-03 09:40:38.350,3.41,1000
2020-09-03 09:40:39.230,3.411,4000
2020-09-03 09:40:39.230,3.411,26000
2020-09-03 09:40:39.260,3.411,14000
2020-09-03 09:40:39.260,3.411,1900
2020-09-03 09:40:39.260,3.411,900
2020-09-03 09:40:39.260,3.411,1000
2020-09-03 09:40:39.260,3.411,20000
2020-09-03 09:40:39.260,3.411,2200
2020-09-03 09:40:39.410,3.41,5000
2020-09-03 09:40:39.960,3.411,900
2020-09-03 09:40:40.900,3.411,1500
2020-09-03 09:40:41.980,3.412,4900
2020-09-03 09:40:42.080,3.411,10000
2020-09-03 09:40:42.610,3.411,5000
2020-09-03 09:40:43.460,3.411,5000
2020-09-03 09:40:44.300,3.411,53700
2020-09-03 09:40:44.300,3.411,2000
2020-09-03 09:40:44.300,3.411,14600
2020-09-03 09:40:44.300,3.411,1400
2020-09-03 09:40:44.300,3.411,29600
2020-09-03 09:40:45.990,3.41,200
2020-09-03 09:40:46.780,3.41,100
2020-09-03 09:40:46.780,3.41,9900
2020-09-03 09:40:47.200,3.41,600
2020-09-03 09:40:47.280,3.41,3000
2020-09-03 09:40:47.920,3.41,5000
2020-09-03 09:40:48.200,3.41,100
2020-09-03 09:40:50.290,3.41,3000
2020-09-03 09:40:50.360,3.41,6200
2020-09-03 09:40:50.360,3.41,500
2020-09-03 09:40:50.360,3.41,3300
2020-09-03 09:40:50.880,3.411,1500
2020-09-03 09:40:50.900,3.411,4200
2020-09-03 09:40:51.690,3.41,100
2020-09-03 09:40:51.960,3.411,1000
2020-09-03 09:40:51.990,3.41,200
2020-09-03 09:40:51.990,3.41,500
2020-09-03 09:40:53.100,3.41,1300
2020-09-03 09:40:53.100,3.409,18700
2020-09-03 09:40:53.880,3.411,1700
2020-09-03 09:40:54.670,3.41,10000
2020-09-03 09:40:54.700,3.41,1000
2020-09-03 09:40:54.790,3.411,300
2020-09-03 09:40:55.270,3.411,5000
2020-09-03 09:40:55.360,3.411,30000
2020-09-03 09:40:55.660,3.41,16900
2020-09-03 09:40:55.750,3.41,4000
2020-09-03 09:40:55.810,3.411,4000
2020-09-03 09:40:56.020,3.41,16000
2020-09-03 09:40:57.040,3.41,4900
2020-09-03 09:40:57.620,3.411,30000
2020-09-03 09:40:57.650,3.411,1500
2020-09-03 09:40:58.540,3.411,2600
2020-09-03 09:40:58.640,3.41,1000
2020-09-03 09:40:58.880,3.411,1000
2020-09-03 09:40:59.760,3.41,7500
2020-09-03 09:40:59.950,3.41,10000
2020-09-03 09:41:00.570,3.411,13700
2020-09-03 09:41:00.570,3.411,2000
2020-09-03 09:41:00.570,3.411,500
2020-09-03 09:41:00.570,3.411,6000
2020-09-03 09:41:00.570,3.411,5200
2020-09-03 09:41:00.570,3.411,500
2020-09-03 09:41:00.570,3.411,2400
2020-09-03 09:41:00.570,3.411,15100
2020-09-03 09:41:00.640,3.411,300
2020-09-03 09:41:01.050,3.411,1200
2020-09-03 09:41:02.110,3.41,4400
2020-09-03 09:41:02.690,3.41,251100
2020-09-03 09:41:02.690,3.41,3000
2020-09-03 09:41:02.690,3.41,30000
2020-09-03 09:41:02.690,3.41,4700
2020-09-03 09:41:02.690,3.41,11200
2020-09-03 09:41:02.720,3.411,3400
2020-09-03 09:41:02.720,3.411,11500
2020-09-03 09:41:02.720,3.411,10100
2020-09-03 09:41:02.720,3.411,5000
2020-09-03 09:41:03.070,3.41,5000
2020-09-03 09:41:03.340,3.41,1000
2020-09-03 09:41:03.460,3.41,500
2020-09-03 09:41:03.790,3.41,3000
2020-09-03 09:41:04.630,3.41,10000
2020-09-03 09:41:05.160,3.41,19300
2020-09-03 09:41:05.160,3.41,4300
2020-09-03 09:41:05.160,3.41,29900
2020-09-03 09:41:05.160,3.41,20500
2020-09-03 09:41:05.270,3.41,1800
2020-09-03 09:41:05.930,3.41,20000
2020-09-03 09:41:05.960,3.41,200
2020-09-03 09:41:06.900,3.41,504000
2020-09-03 09:41:06.900,3.41,5000
2020-09-03 09:41:06.900,3.41,10000
2020-09-03 09:41:06.900,3.41,12700
2020-09-03 09:41:06.900,3.41,200
2020-09-03 09:41:06.900,3.41,5000
2020-09-03 09:41:06.900,3.41,4400
2020-09-03 09:41:06.900,3.411,1000
2020-09-03 09:41:06.900,3.411,71300
2020-09-03 09:41:06.900,3.411,4800
2020-09-03 09:41:06.900,3.411,1000
2020-09-03 09:41:06.900,3.411,1000
2020-09-03 09:41:06.900,3.411,147000
2020-09-03 09:41:06.900,3.411,1000
2020-09-03 09:41:06.900,3.411,6000
2020-09-03 09:41:06.900,3.411,5000
2020-09-03 09:41:06.900,3.411,100000
2020-09-03 09:41:06.900,3.411,2000
2020-09-03 09:41:06.900,3.411,5000
2020-09-03 09:41:06.900,3.411,113600
2020-09-03 09:41:08.790,3.41,30000
2020-09-03 09:41:08.860,3.41,300
2020-09-03 09:41:08.860,3.411,3600
2020-09-03 09:41:09.360,3.411,4700
2020-09-03 09:41:10.190,3.41,14000
2020-09-03 09:41:10.510,3.409,4000
2020-09-03 09:41:10.750,3.41,30000
2020-09-03 09:41:10.810,3.409,300
2020-09-03 09:41:11.410,3.41,200
2020-09-03 09:41:11.560,3.41,500
2020-09-03 09:41:12.060,3.409,295700
2020-09-03 09:41:12.060,3.409,4300
2020-09-03 09:41:14.350,3.409,20000
2020-09-03 09:41:14.800,3.409,5700
2020-09-03 09:41:18.630,3.409,300
2020-09-03 09:41:19.330,3.409,30000
2020-09-03 09:41:20.540,3.408,5000
2020-09-03 09:41:20.700,3.408,25000
2020-09-03 09:41:20.700,3.408,900
2020-09-03 09:41:20.700,3.408,32400
2020-09-03 09:41:21.970,3.408,30000
2020-09-03 09:41:23.450,3.408,200
2020-09-03 09:41:23.740,3.408,50000
2020-09-03 09:41:24.690,3.408,10000
2020-09-03 09:41:24.750,3.407,1900
2020-09-03 09:41:24.750,3.407,400
2020-09-03 09:41:24.750,3.407,40000
2020-09-03 09:41:24.750,3.407,19300
2020-09-03 09:41:24.750,3.408,10700
2020-09-03 09:41:24.750,3.408,30000
2020-09-03 09:41:25.500,3.408,30000
2020-09-03 09:41:25.500,3.408,30000
2020-09-03 09:41:25.500,3.408,30000
2020-09-03 09:41:25.500,3.408,20800
2020-09-03 09:41:25.500,3.408,600
2020-09-03 09:41:25.500,3.408,200
2020-09-03 09:41:25.630,3.408,100
2020-09-03 09:41:27.430,3.408,600
2020-09-03 09:41:27.490,3.408,2000
2020-09-03 09:41:27.580,3.408,700
2020-09-03 09:41:27.770,3.409,30000
2020-09-03 09:41:28.480,3.408,1400
2020-09-03 09:41:28.630,3.408,1800
2020-09-03 09:41:28.810,3.408,900
2020-09-03 09:41:29.510,3.408,900
2020-09-03 09:41:29.510,3.408,500
2020-09-03 09:41:30.580,3.409,30000
2020-09-03 09:41:30.580,3.409,30000
2020-09-03 09:41:31.280,3.408,9500
2020-09-03 09:41:31.280,3.408,1400
2020-09-03 09:41:31.950,3.408,200
2020-09-03 09:41:31.980,3.409,10900
2020-09-03 09:41:32.010,3.408,10000
2020-09-03 09:41:32.540,3.408,3000
2020-09-03 09:41:33.560,3.409,4600
2020-09-03 09:41:34.610,3.408,6000
2020-09-03 09:41:34.820,3.408,8000
2020-09-03 09:41:35.220,3.408,1400
2020-09-03 09:41:35.220,3.408,4400
2020-09-03 09:41:35.640,3.408,2000
2020-09-03 09:41:35.770,3.408,3400
2020-09-03 09:41:36.090,3.408,3000
2020-09-03 09:41:36.160,3.408,3000
2020-09-03 09:41:36.500,3.408,400
2020-09-03 09:41:36.860,3.409,90400
2020-09-03 09:41:37.210,3.408,3000
2020-09-03 09:41:37.290,3.408,2000
2020-09-03 09:41:37.990,3.409,68100
2020-09-03 09:41:37.990,3.409,2400
2020-09-03 09:41:37.990,3.409,5000
2020-09-03 09:41:37.990,3.409,32000
2020-09-03 09:41:37.990,3.409,6100
2020-09-03 09:41:37.990,3.409,500
2020-09-03 09:41:37.990,3.409,10000
2020-09-03 09:41:37.990,3.409,1000
2020-09-03 09:41:37.990,3.409,6000
2020-09-03 09:41:37.990,3.409,12000
2020-09-03 09:41:38.020,3.409,12000
2020-09-03 09:41:38.630,3.409,1900
2020-09-03 09:41:39.700,3.41,300
2020-09-03 09:41:39.700,3.41,100
2020-09-03 09:41:39.700,3.41,18000
2020-09-03 09:41:39.700,3.41,10000
2020-09-03 09:41:39.700,3.41,1000
2020-09-03 09:41:39.700,3.41,600
2020-09-03 09:41:39.850,3.409,10000
2020-09-03 09:41:39.850,3.41,9400
2020-09-03 09:41:39.850,3.41,2500
2020-09-03 09:41:39.850,3.41,10000
2020-09-03 09:41:39.850,3.41,5000
2020-09-03 09:41:39.850,3.41,800
2020-09-03 09:41:39.850,3.41,4300
2020-09-03 09:41:39.850,3.41,300
2020-09-03 09:41:39.850,3.41,10400
2020-09-03 09:41:39.850,3.41,257300
2020-09-03 09:41:40.090,3.409,50000
2020-09-03 09:41:40.300,3.41,242700
2020-09-03 09:41:40.300,3.41,4000
2020-09-03 09:41:40.300,3.41,6000
2020-09-03 09:41:40.300,3.41,3000
2020-09-03 09:41:40.300,3.41,10000
2020-09-03 09:41:40.300,3.41,200
2020-09-03 09:41:40.300,3.41,100
2020-09-03 09:41:40.300,3.41,200
2020-09-03 09:41:41.340,3.411,28100
2020-09-03 09:41:41.340,3.411,5000
2020-09-03 09:41:41.340,3.411,40700
2020-09-03 09:41:41.340,3.411,5000
2020-09-03 09:41:41.340,3.411,5000
2020-09-03 09:41:41.340,3.411,10000
2020-09-03 09:41:41.340,3.411,5000
2020-09-03 09:41:41.340,3.411,10000
2020-09-03 09:41:41.340,3.411,16900
2020-09-03 09:41:41.340,3.411,4500
2020-09-03 09:41:41.340,3.411,9000
2020-09-03 09:41:41.340,3.411,100
2020-09-03 09:41:41.340,3.411,3300
2020-09-03 09:41:41.340,3.411,5800
2020-09-03 09:41:41.340,3.411,3400
2020-09-03 09:41:41.340,3.411,2000
2020-09-03 09:41:41.340,3.411,20000
2020-09-03 09:41:41.340,3.411,3000
2020-09-03 09:41:41.340,3.411,2000
2020-09-03 09:41:41.340,3.411,8000
2020-09-03 09:41:41.340,3.411,9900
2020-09-03 09:41:41.340,3.411,700
2020-09-03 09:41:41.340,3.411,10000
2020-09-03 09:41:41.340,3.411,2000
2020-09-03 09:41:41.340,3.411,1600
2020-09-03 09:41:41.340,3.411,500
2020-09-03 09:41:41.340,3.411,5000
2020-09-03 09:41:41.340,3.411,8100
2020-09-03 09:41:41.340,3.411,5000
2020-09-03 09:41:41.340,3.411,500
2020-09-03 09:41:41.340,3.411,5000
2020-09-03 09:41:41.340,3.411,200
2020-09-03 09:41:41.340,3.411,64700
2020-09-03 09:41:41.800,3.41,2400
2020-09-03 09:41:42.350,3.41,500
2020-09-03 09:41:43.210,3.41,1000
2020-09-03 09:41:43.550,3.41,8800
2020-09-03 09:41:44.740,3.41,20000
2020-09-03 09:41:45.160,3.41,700
2020-09-03 09:41:45.220,3.41,500
2020-09-03 09:41:45.220,3.41,1000
2020-09-03 09:41:46.140,3.409,600
2020-09-03 09:41:47.450,3.41,200
2020-09-03 09:41:47.780,3.41,3800
2020-09-03 09:41:50.550,3.41,10000
2020-09-03 09:41:50.820,3.41,4200
2020-09-03 09:41:52.260,3.41,6000
2020-09-03 09:41:52.620,3.409,20000
2020-09-03 09:41:56.610,3.41,3000
2020-09-03 09:41:56.820,3.409,15000
2020-09-03 09:41:56.850,3.409,10000
2020-09-03 09:41:57.500,3.409,8500
2020-09-03 09:41:59.200,3.41,200
2020-09-03 09:41:59.230,3.41,1000
2020-09-03 09:41:59.460,3.41,4100
2020-09-03 09:41:59.720,3.41,46500
2020-09-03 09:41:59.720,3.41,5000
2020-09-03 09:41:59.720,3.41,10000
2020-09-03 09:41:59.720,3.41,6000
2020-09-03 09:41:59.720,3.41,100
2020-09-03 09:41:59.720,3.41,203700
2020-09-03 09:42:00.400,3.409,200
2020-09-03 09:42:01.490,3.41,1000
2020-09-03 09:42:01.490,3.41,46300
2020-09-03 09:42:01.490,3.41,6600
2020-09-03 09:42:01.490,3.41,17200
2020-09-03 09:42:01.490,3.41,4800
2020-09-03 09:42:01.490,3.41,1000
2020-09-03 09:42:01.490,3.41,3000
2020-09-03 09:42:01.490,3.41,33700
2020-09-03 09:42:01.490,3.41,3400
2020-09-03 09:42:01.490,3.41,2000
2020-09-03 09:42:02.120,3.41,200
2020-09-03 09:42:02.120,3.41,10000
2020-09-03 09:42:02.300,3.41,100
2020-09-03 09:42:03.230,3.41,100
2020-09-03 09:42:03.550,3.41,30000
2020-09-03 09:42:03.830,3.41,200
2020-09-03 09:42:04.570,3.41,100
2020-09-03 09:42:04.700,3.41,6900
2020-09-03 09:42:04.890,3.411,20700
2020-09-03 09:42:04.890,3.411,100
2020-09-03 09:42:04.890,3.411,10000
2020-09-03 09:42:04.890,3.411,3000
2020-09-03 09:42:04.890,3.411,4000
2020-09-03 09:42:04.890,3.411,300
2020-09-03 09:42:04.890,3.411,221900
2020-09-03 09:42:05.100,3.41,300
2020-09-03 09:42:05.370,3.41,10000
2020-09-03 09:42:05.460,3.41,44000
2020-09-03 09:42:05.740,3.41,2400
2020-09-03 09:42:05.770,3.411,227200
2020-09-03 09:42:05.770,3.411,12100
2020-09-03 09:42:05.770,3.411,10000
2020-09-03 09:42:05.770,3.411,5000
2020-09-03 09:42:05.770,3.411,10000
2020-09-03 09:42:05.770,3.411,5000
2020-09-03 09:42:06.580,3.411,10000
2020-09-03 09:42:07.560,3.411,100
2020-09-03 09:42:08.010,3.411,12000
2020-09-03 09:42:08.340,3.411,200
2020-09-03 09:42:08.460,3.411,8400
2020-09-03 09:42:08.460,3.411,1600
2020-09-03 09:42:08.490,3.411,5000
2020-09-03 09:42:08.550,3.411,100
2020-09-03 09:42:09.400,3.412,15700
2020-09-03 09:42:09.400,3.412,200
2020-09-03 09:42:09.400,3.412,3000
2020-09-03 09:42:09.400,3.412,2800
2020-09-03 09:42:09.400,3.412,2900
2020-09-03 09:42:09.400,3.412,300
2020-09-03 09:42:09.400,3.412,1000
2020-09-03 09:42:09.400,3.412,100
2020-09-03 09:42:09.400,3.412,10000
2020-09-03 09:42:09.400,3.412,500
2020-09-03 09:42:09.400,3.412,6000
2020-09-03 09:42:09.400,3.412,1500
2020-09-03 09:42:09.400,3.412,30000
2020-09-03 09:42:09.400,3.412,700
2020-09-03 09:42:09.400,3.412,10000
2020-09-03 09:42:09.400,3.412,10000
2020-09-03 09:42:09.400,3.412,8000
2020-09-03 09:42:09.400,3.412,5000
2020-09-03 09:42:09.400,3.412,2000
2020-09-03 09:42:09.400,3.412,2500
2020-09-03 09:42:09.400,3.412,2500
2020-09-03 09:42:09.400,3.412,1000
2020-09-03 09:42:09.400,3.412,5000
2020-09-03 09:42:09.400,3.412,1000
2020-09-03 09:42:09.400,3.412,5000
2020-09-03 09:42:09.400,3.412,1000
2020-09-03 09:42:09.400,3.412,300
2020-09-03 09:42:09.400,3.412,3000
2020-09-03 09:42:09.400,3.412,100
2020-09-03 09:42:09.400,3.412,700
2020-09-03 09:42:09.400,3.412,500
2020-09-03 09:42:09.400,3.412,10000
2020-09-03 09:42:09.400,3.412,8000
2020-09-03 09:42:09.400,3.412,10000
2020-09-03 09:42:09.400,3.412,93000
2020-09-03 09:42:09.400,3.412,46700
2020-09-03 09:42:10.230,3.411,3000
2020-09-03 09:42:11.100,3.411,6800
2020-09-03 09:42:12.020,3.411,100
2020-09-03 09:42:12.710,3.412,76700
2020-09-03 09:42:12.800,3.412,26000
2020-09-03 09:42:13.250,3.411,2000
2020-09-03 09:42:13.730,3.411,500
2020-09-03 09:42:15.220,3.412,10000
2020-09-03 09:42:16.180,3.412,280900
2020-09-03 09:42:18.450,3.41,1200
2020-09-03 09:42:18.450,3.41,200
2020-09-03 09:42:18.450,3.41,4600
2020-09-03 09:42:19.070,3.41,10000
2020-09-03 09:42:19.250,3.41,10000
2020-09-03 09:42:19.540,3.411,3000
2020-09-03 09:42:19.610,3.41,500
2020-09-03 09:42:20.750,3.411,4300
2020-09-03 09:42:23.040,3.41,7000
2020-09-03 09:42:23.170,3.411,1500
2020-09-03 09:42:23.170,3.411,1200
2020-09-03 09:42:23.170,3.411,5400
2020-09-03 09:42:23.170,3.412,11900
2020-09-03 09:42:24.340,3.411,100000
2020-09-03 09:42:25.700,3.41,143000
2020-09-03 09:42:25.700,3.41,93000
2020-09-03 09:42:25.700,3.41,2000
2020-09-03 09:42:26.180,3.41,2000
2020-09-03 09:42:26.180,3.41,5000
2020-09-03 09:42:28.520,3.41,1500
2020-09-03 09:42:29.770,3.41,3000
2020-09-03 09:42:30.180,3.41,3000
2020-09-03 09:42:31.770,3.41,300000
2020-09-03 09:42:32.020,3.41,30000
2020-09-03 09:42:32.020,3.41,30000
2020-09-03 09:42:32.020,3.41,20000
2020-09-03 09:42:32.600,3.41,300000
2020-09-03 09:42:33.200,3.41,212500
2020-09-03 09:42:33.200,3.41,600
2020-09-03 09:42:33.200,3.41,47200
2020-09-03 09:42:33.200,3.41,100
2020-09-03 09:42:33.200,3.41,3000
2020-09-03 09:42:33.200,3.41,12000
2020-09-03 09:42:33.200,3.41,200
2020-09-03 09:42:33.200,3.41,12100
2020-09-03 09:42:36.160,3.41,12300
2020-09-03 09:42:36.160,3.41,5200
2020-09-03 09:42:36.640,3.41,10000
2020-09-03 09:42:39.280,3.41,4800
2020-09-03 09:42:39.280,3.41,30000
2020-09-03 09:42:39.280,3.41,8600
2020-09-03 09:42:41.380,3.41,10000
2020-09-03 09:42:41.410,3.41,500
2020-09-03 09:42:41.470,3.41,10900
2020-09-03 09:42:41.470,3.41,10000
2020-09-03 09:42:41.470,3.41,12100
2020-09-03 09:42:43.490,3.411,500
2020-09-03 09:42:44.240,3.41,2000
2020-09-03 09:42:44.640,3.41,1000
2020-09-03 09:42:45.470,3.411,1300
2020-09-03 09:42:45.470,3.411,2600
2020-09-03 09:42:46.900,3.41,10000
2020-09-03 09:42:48.030,3.409,300
2020-09-03 09:42:50.830,3.41,600
2020-09-03 09:42:50.830,3.41,6900
2020-09-03 09:42:50.830,3.41,300
2020-09-03 09:42:50.830,3.41,50000
2020-09-03 09:42:50.830,3.41,10000
2020-09-03 09:42:50.830,3.41,1000
2020-09-03 09:42:50.830,3.411,9400
2020-09-03 09:42:50.830,3.411,20000
2020-09-03 09:42:50.830,3.411,5000
2020-09-03 09:42:50.830,3.411,35000
2020-09-03 09:42:50.830,3.411,1000
2020-09-03 09:42:50.830,3.411,12000
2020-09-03 09:42:50.830,3.411,8900
2020-09-03 09:42:50.830,3.411,39900
2020-09-03 09:42:53.890,3.41,500
2020-09-03 09:42:54.720,3.41,3300
2020-09-03 09:42:54.900,3.409,3000
2020-09-03 09:42:56.810,3.409,200
2020-09-03 09:42:57.670,3.409,15200
2020-09-03 09:42:57.670,3.409,64700
2020-09-03 09:42:57.670,3.409,100
2020-09-03 09:42:57.670,3.409,12000
2020-09-03 09:42:57.670,3.409,30000
2020-09-03 09:42:57.670,3.409,12300
2020-09-03 09:42:57.670,3.409,4200
2020-09-03 09:42:57.670,3.409,7100
2020-09-03 09:42:57.670,3.409,30000
2020-09-03 09:42:57.760,3.409,10000
2020-09-03 09:42:59.170,3.409,30000
2020-09-03 09:43:00.700,3.409,8600
2020-09-03 09:43:00.700,3.409,100
2020-09-03 09:43:00.700,3.409,8001
2020-09-03 09:43:01.170,3.409,500
2020-09-03 09:43:01.200,3.41,20000
2020-09-03 09:43:01.560,3.41,31200
2020-09-03 09:43:01.560,3.41,1800
2020-09-03 09:43:01.560,3.41,5000
2020-09-03 09:43:01.560,3.41,9300
2020-09-03 09:43:01.770,3.41,700
2020-09-03 09:43:01.770,3.41,10000
2020-09-03 09:43:01.770,3.41,2000
2020-09-03 09:43:01.770,3.41,600
2020-09-03 09:43:01.770,3.41,6100
2020-09-03 09:43:02.430,3.41,9600
2020-09-03 09:43:03.930,3.41,1000
2020-09-03 09:43:04.530,3.41,30000
2020-09-03 09:43:05.160,3.409,1000
2020-09-03 09:43:05.470,3.41,30000
2020-09-03 09:43:05.470,3.41,20000
2020-09-03 09:43:06.060,3.41,10000
2020-09-03 09:43:06.570,3.41,9000
2020-09-03 09:43:06.750,3.41,2000
2020-09-03 09:43:07.790,3.411,300000
2020-09-03 09:43:08.000,3.41,100
2020-09-03 09:43:08.160,3.411,30000
2020-09-03 09:43:08.320,3.41,5900
2020-09-03 09:43:08.450,3.411,30000
2020-09-03 09:43:08.450,3.411,10000
2020-09-03 09:43:08.450,3.411,30000
2020-09-03 09:43:08.450,3.411,30000
2020-09-03 09:43:08.450,3.411,30000
2020-09-03 09:43:08.450,3.411,100
2020-09-03 09:43:08.450,3.411,3000
2020-09-03 09:43:08.450,3.411,2000
2020-09-03 09:43:08.450,3.411,10000
2020-09-03 09:43:08.450,3.411,3500
2020-09-03 09:43:08.450,3.411,300
2020-09-03 09:43:08.450,3.411,10000
2020-09-03 09:43:08.450,3.411,100
2020-09-03 09:43:08.450,3.411,1000
2020-09-03 09:43:08.450,3.411,20000
2020-09-03 09:43:08.450,3.411,10000
2020-09-03 09:43:08.450,3.411,5700
2020-09-03 09:43:08.450,3.411,3100
2020-09-03 09:43:08.450,3.411,3000
2020-09-03 09:43:08.450,3.411,500
2020-09-03 09:43:08.450,3.411,5000
2020-09-03 09:43:08.450,3.411,700
2020-09-03 09:43:08.450,3.411,7000
2020-09-03 09:43:08.450,3.411,100
2020-09-03 09:43:08.450,3.411,4900
2020-09-03 09:43:08.450,3.411,8800
2020-09-03 09:43:08.450,3.411,11200
2020-09-03 09:43:08.690,3.41,10000
2020-09-03 09:43:08.870,3.41,10000
2020-09-03 09:43:08.930,3.411,12100
2020-09-03 09:43:08.930,3.411,400
2020-09-03 09:43:08.930,3.411,20000
2020-09-03 09:43:08.930,3.411,300
2020-09-03 09:43:08.930,3.411,2000
2020-09-03 09:43:09.370,3.411,20000
2020-09-03 09:43:10.200,3.411,10000
2020-09-03 09:43:10.260,3.412,47800
2020-09-03 09:43:10.260,3.412,2000
2020-09-03 09:43:10.260,3.412,30000
2020-09-03 09:43:10.260,3.412,2500
2020-09-03 09:43:10.260,3.412,500
2020-09-03 09:43:10.260,3.412,12000
2020-09-03 09:43:10.260,3.412,5000
2020-09-03 09:43:10.260,3.412,100000
2020-09-03 09:43:10.260,3.412,73900
2020-09-03 09:43:10.260,3.412,2500
2020-09-03 09:43:10.260,3.412,100
2020-09-03 09:43:10.260,3.412,5000
2020-09-03 09:43:10.260,3.412,15000
2020-09-03 09:43:10.260,3.412,1000
2020-09-03 09:43:10.260,3.412,2700
2020-09-03 09:43:10.260,3.412,3300
2020-09-03 09:43:10.260,3.412,3000
2020-09-03 09:43:10.260,3.412,3000
2020-09-03 09:43:10.260,3.412,8900
2020-09-03 09:43:10.260,3.412,5000
2020-09-03 09:43:10.260,3.412,100
2020-09-03 09:43:10.260,3.412,5000
2020-09-03 09:43:10.260,3.412,255809
2020-09-03 09:43:10.260,3.412,15891
2020-09-03 09:43:10.260,3.412,84109
2020-09-03 09:43:10.260,3.412,800
2020-09-03 09:43:10.260,3.412,5000
2020-09-03 09:43:10.260,3.412,15800
2020-09-03 09:43:10.260,3.412,300
2020-09-03 09:43:10.260,3.412,1000
2020-09-03 09:43:10.260,3.412,5000
2020-09-03 09:43:10.260,3.412,30600
2020-09-03 09:43:10.260,3.412,3300
2020-09-03 09:43:10.570,3.412,6000
2020-09-03 09:43:10.600,3.412,1000
2020-09-03 09:43:11.410,3.412,1500
2020-09-03 09:43:12.030,3.412,200
2020-09-03 09:43:13.880,3.412,10000
2020-09-03 09:43:14.220,3.412,4900
2020-09-03 09:43:14.700,3.412,32500
2020-09-03 09:43:16.680,3.412,10000
2020-09-03 09:43:16.890,3.412,100
2020-09-03 09:43:17.130,3.412,10000
2020-09-03 09:43:17.730,3.412,77891
2020-09-03 09:43:18.430,3.412,200
2020-09-03 09:43:19.270,3.412,50000
2020-09-03 09:43:19.640,3.412,9000
2020-09-03 09:43:19.850,3.412,50000
2020-09-03 09:43:20.770,3.411,4300
2020-09-03 09:43:21.940,3.41,14800
2020-09-03 09:43:21.940,3.41,20000
2020-09-03 09:43:21.940,3.41,1000
2020-09-03 09:43:21.940,3.41,100
2020-09-03 09:43:22.540,3.41,10000
2020-09-03 09:43:22.630,3.41,2900
2020-09-03 09:43:26.230,3.41,300000
2020-09-03 09:43:27.090,3.41,30000
2020-09-03 09:43:27.360,3.41,121200
2020-09-03 09:43:27.360,3.41,10000
2020-09-03 09:43:27.690,3.411,5000
2020-09-03 09:43:27.690,3.411,2000
2020-09-03 09:43:27.690,3.412,52600
2020-09-03 09:43:27.780,3.41,1000
2020-09-03 09:43:28.360,3.41,1000
2020-09-03 09:43:28.540,3.41,3400
2020-09-03 09:43:28.770,3.41,3000
2020-09-03 09:43:29.980,3.41,100
2020-09-03 09:43:30.660,3.411,300
2020-09-03 09:43:31.160,3.411,3900
2020-09-03 09:43:31.160,3.41,3700
2020-09-03 09:43:32.750,3.41,1000
2020-09-03 09:43:33.740,3.412,9900
2020-09-03 09:43:34.120,3.41,5200
2020-09-03 09:43:34.120,3.41,300
2020-09-03 09:43:34.550,3.41,10000
2020-09-03 09:43:35.120,3.411,20000
2020-09-03 09:43:35.210,3.41,20700
2020-09-03 09:43:36.840,3.41,1000
2020-09-03 09:43:38.010,3.41,600
2020-09-03 09:43:38.180,3.41,600
2020-09-03 09:43:38.670,3.41,10000
2020-09-03 09:43:39.460,3.41,2000
2020-09-03 09:43:39.730,3.41,10000
2020-09-03 09:43:40.150,3.41,1000
2020-09-03 09:43:40.330,3.41,1000
2020-09-03 09:43:41.410,3.41,6300
2020-09-03 09:43:42.120,3.41,44300
2020-09-03 09:43:42.350,3.41,1700
2020-09-03 09:43:42.560,3.412,100
2020-09-03 09:43:42.890,3.41,40000
2020-09-03 09:43:43.130,3.41,100
2020-09-03 09:43:45.920,3.41,300
2020-09-03 09:43:45.980,3.41,3000
2020-09-03 09:43:49.280,3.41,5000
2020-09-03 09:43:49.490,3.411,100
2020-09-03 09:43:49.490,3.411,15000
2020-09-03 09:43:49.490,3.412,34900
2020-09-03 09:43:50.190,3.412,15409
2020-09-03 09:43:50.190,3.412,5000
2020-09-03 09:43:50.190,3.412,22500
2020-09-03 09:43:50.190,3.412,1000
2020-09-03 09:43:50.190,3.412,6000
2020-09-03 09:43:50.190,3.412,3091
2020-09-03 09:43:52.880,3.411,6000
2020-09-03 09:43:53.590,3.411,200
2020-09-03 09:43:54.130,3.411,800
2020-09-03 09:43:54.130,3.411,900
2020-09-03 09:43:55.570,3.41,3000
2020-09-03 09:43:55.690,3.411,600
2020-09-03 09:43:55.690,3.411,200
2020-09-03 09:43:55.690,3.411,4400
2020-09-03 09:43:55.690,3.412,1909
2020-09-03 09:43:55.690,3.412,1000
2020-09-03 09:43:55.690,3.412,300
2020-09-03 09:43:55.690,3.412,30000
2020-09-03 09:43:55.690,3.412,5000
2020-09-03 09:43:55.690,3.412,40000
2020-09-03 09:43:55.690,3.412,200
2020-09-03 09:43:55.690,3.412,5000
2020-09-03 09:43:55.690,3.412,1000
2020-09-03 09:43:55.690,3.412,10391
2020-09-03 09:43:56.290,3.411,2000
2020-09-03 09:43:56.390,3.411,10000
2020-09-03 09:43:56.450,3.411,2000
2020-09-03 09:43:58.480,3.412,1000
2020-09-03 09:44:01.900,3.411,500
2020-09-03 09:44:01.930,3.411,14500
2020-09-03 09:44:01.930,3.411,4300
2020-09-03 09:44:02.620,3.411,30000
2020-09-03 09:44:04.620,3.41,100
2020-09-03 09:44:04.900,3.411,13000
2020-09-03 09:44:05.390,3.411,100
2020-09-03 09:44:07.810,3.41,100
2020-09-03 09:44:08.910,3.41,3300
2020-09-03 09:44:09.580,3.411,5000
2020-09-03 09:44:10.140,3.41,3000
2020-09-03 09:44:10.380,3.41,2000
2020-09-03 09:44:11.220,3.411,2000
2020-09-03 09:44:12.020,3.411,1000
2020-09-03 09:44:12.690,3.41,18600
2020-09-03 09:44:14.840,3.41,30000
2020-09-03 09:44:15.000,3.41,4400
2020-09-03 09:44:15.930,3.411,10000
2020-09-03 09:44:16.410,3.41,3000
2020-09-03 09:44:16.630,3.411,1800
2020-09-03 09:44:16.670,3.41,74600
2020-09-03 09:44:16.670,3.41,5000
2020-09-03 09:44:16.670,3.41,100
2020-09-03 09:44:16.670,3.41,2000
2020-09-03 09:44:16.670,3.41,900
2020-09-03 09:44:20.690,3.41,10000
2020-09-03 09:44:20.960,3.409,7400
2020-09-03 09:44:22.650,3.409,20000
2020-09-03 09:44:23.520,3.409,52600
2020-09-03 09:44:23.520,3.409,10000
2020-09-03 09:44:23.520,3.409,10000
2020-09-03 09:44:23.550,3.408,4300
2020-09-03 09:44:23.550,3.408,1600
2020-09-03 09:44:23.550,3.408,2900
2020-09-03 09:44:23.550,3.408,200
2020-09-03 09:44:23.550,3.408,2300
2020-09-03 09:44:23.550,3.407,3000
2020-09-03 09:44:23.550,3.407,15700
2020-09-03 09:44:25.440,3.409,2000
2020-09-03 09:44:26.940,3.407,10000
2020-09-03 09:44:27.420,3.407,100
2020-09-03 09:44:27.810,3.407,500
2020-09-03 09:44:28.920,3.409,500
2020-09-03 09:44:29.450,3.409,5000
2020-09-03 09:44:30.580,3.407,4100
2020-09-03 09:44:30.860,3.407,5900
2020-09-03 09:44:31.340,3.407,400
2020-09-03 09:44:31.840,3.409,300
2020-09-03 09:44:32.080,3.409,400
2020-09-03 09:44:33.060,3.407,1000
2020-09-03 09:44:34.410,3.408,10000
2020-09-03 09:44:35.350,3.408,3300
2020-09-03 09:44:35.650,3.408,14700
2020-09-03 09:44:36.090,3.408,100
2020-09-03 09:44:36.200,3.408,1900
2020-09-03 09:44:36.200,3.407,1100
2020-09-03 09:44:39.550,3.408,1000
2020-09-03 09:44:39.550,3.408,10000
2020-09-03 09:44:39.550,3.408,12400
2020-09-03 09:44:41.410,3.408,6600
2020-09-03 09:44:41.920,3.407,3200
2020-09-03 09:44:44.380,3.407,5300
2020-09-03 09:44:44.700,3.407,10000
2020-09-03 09:44:45.330,3.407,3100
2020-09-03 09:44:45.330,3.407,4100
2020-09-03 09:44:45.330,3.407,10000
2020-09-03 09:44:45.330,3.407,8800
2020-09-03 09:44:45.390,3.408,3400
2020-09-03 09:44:45.390,3.408,20000
2020-09-03 09:44:45.390,3.408,5700
2020-09-03 09:44:45.740,3.408,100
2020-09-03 09:44:45.870,3.408,800
2020-09-03 09:44:45.870,3.407,1200
2020-09-03 09:44:45.870,3.407,3400
2020-09-03 09:44:46.110,3.408,1300
2020-09-03 09:44:46.940,3.408,300
2020-09-03 09:44:47.800,3.408,8400
2020-09-03 09:44:47.800,3.408,17800
2020-09-03 09:44:47.860,3.408,700
2020-09-03 09:44:47.980,3.408,33000
2020-09-03 09:44:48.220,3.408,3000
2020-09-03 09:44:48.540,3.408,1000
2020-09-03 09:44:49.120,3.409,30000
2020-09-03 09:44:49.510,3.408,300
2020-09-03 09:44:49.570,3.408,5000
2020-09-03 09:44:50.590,3.408,2000
2020-09-03 09:44:50.970,3.408,30000
2020-09-03 09:44:51.810,3.408,5000
2020-09-03 09:44:52.290,3.409,5000
2020-09-03 09:44:53.570,3.408,202200
2020-09-03 09:44:53.570,3.408,22000
2020-09-03 09:44:53.730,3.409,6000
2020-09-03 09:44:54.410,3.408,1100
2020-09-03 09:44:56.130,3.408,60000
2020-09-03 09:44:56.250,3.408,100
2020-09-03 09:44:58.070,3.408,4000
2020-09-03 09:44:59.140,3.408,10000
2020-09-03 09:44:59.140,3.408,74400
2020-09-03 09:44:59.840,3.408,1300
2020-09-03 09:45:00.050,3.409,100
2020-09-03 09:45:00.180,3.408,10000
2020-09-03 09:45:00.950,3.408,1000
2020-09-03 09:45:01.030,3.408,14900
2020-09-03 09:45:01.390,3.409,30000
2020-09-03 09:45:01.660,3.408,400
2020-09-03 09:45:02.110,3.409,100
2020-09-03 09:45:02.940,3.408,1000
2020-09-03 09:45:03.030,3.409,20000
2020-09-03 09:45:03.160,3.408,1000
2020-09-03 09:45:03.560,3.408,500
2020-09-03 09:45:04.210,3.409,8800
2020-09-03 09:45:04.500,3.409,30000
2020-09-03 09:45:04.500,3.408,5000
2020-09-03 09:45:04.810,3.409,800
2020-09-03 09:45:05.430,3.409,12600
2020-09-03 09:45:05.430,3.409,5300
2020-09-03 09:45:05.430,3.409,1500
2020-09-03 09:45:05.430,3.409,3000
2020-09-03 09:45:05.430,3.409,1000
2020-09-03 09:45:05.430,3.409,6000
2020-09-03 09:45:05.430,3.409,600
2020-09-03 09:45:05.430,3.409,1000
2020-09-03 09:45:05.430,3.409,2600
2020-09-03 09:45:05.430,3.409,6400
2020-09-03 09:45:05.560,3.409,40900
2020-09-03 09:45:05.560,3.409,500
2020-09-03 09:45:05.560,3.409,1000
2020-09-03 09:45:05.560,3.409,1500
2020-09-03 09:45:05.560,3.409,10000
2020-09-03 09:45:05.560,3.409,400
2020-09-03 09:45:05.560,3.409,3000
2020-09-03 09:45:05.560,3.409,800
2020-09-03 09:45:05.560,3.409,12000
2020-09-03 09:45:05.560,3.409,2000
2020-09-03 09:45:05.560,3.409,8000
2020-09-03 09:45:05.560,3.409,5000
2020-09-03 09:45:05.560,3.409,1000
2020-09-03 09:45:05.560,3.409,2800
2020-09-03 09:45:06.220,3.409,2000
2020-09-03 09:45:06.720,3.409,15500
2020-09-03 09:45:07.030,3.409,5000
2020-09-03 09:45:08.320,3.41,5000
2020-09-03 09:45:08.320,3.41,10000
2020-09-03 09:45:08.320,3.41,8000
2020-09-03 09:45:08.320,3.41,277000
2020-09-03 09:45:08.740,3.409,4000
2020-09-03 09:45:08.810,3.409,200
2020-09-03 09:45:09.290,3.41,30000
2020-09-03 09:45:09.710,3.41,30000
2020-09-03 09:45:09.710,3.41,10000
2020-09-03 09:45:10.110,3.409,1500
2020-09-03 09:45:10.200,3.41,145800
2020-09-03 09:45:10.200,3.41,3000
2020-09-03 09:45:10.200,3.41,10600
2020-09-03 09:45:10.200,3.41,3500
2020-09-03 09:45:10.200,3.41,1000
2020-09-03 09:45:10.200,3.41,10000
2020-09-03 09:45:10.200,3.41,1000
2020-09-03 09:45:10.200,3.41,1500
2020-09-03 09:45:10.200,3.41,1000
2020-09-03 09:45:10.200,3.41,700
2020-09-03 09:45:10.200,3.41,4200
2020-09-03 09:45:10.200,3.41,20000
2020-09-03 09:45:10.200,3.41,600
2020-09-03 09:45:10.200,3.41,2000
2020-09-03 09:45:10.200,3.41,700
2020-09-03 09:45:10.230,3.41,1000
2020-09-03 09:45:10.940,3.411,30000
2020-09-03 09:45:11.810,3.41,3000
2020-09-03 09:45:12.420,3.41,67900
2020-09-03 09:45:12.590,3.41,22500
2020-09-03 09:45:12.590,3.41,127500
2020-09-03 09:45:12.670,3.41,9100
2020-09-03 09:45:12.780,3.411,13300
2020-09-03 09:45:12.780,3.411,5000
2020-09-03 09:45:12.780,3.411,11700
2020-09-03 09:45:14.290,3.41,2400
2020-09-03 09:45:14.540,3.41,5800
2020-09-03 09:45:14.780,3.41,300
2020-09-03 09:45:15.710,3.411,18300
2020-09-03 09:45:15.710,3.411,11700
2020-09-03 09:45:15.710,3.411,8300
2020-09-03 09:45:15.710,3.411,1700
2020-09-03 09:45:15.710,3.411,30000
2020-09-03 09:45:15.830,3.411,8300
2020-09-03 09:45:15.830,3.411,20000
2020-09-03 09:45:15.830,3.411,2000
2020-09-03 09:45:15.830,3.411,1000
2020-09-03 09:45:15.830,3.411,6100
2020-09-03 09:45:15.830,3.411,10000
2020-09-03 09:45:15.830,3.411,8500
2020-09-03 09:45:15.830,3.411,1400
2020-09-03 09:45:15.830,3.411,7500
2020-09-03 09:45:15.830,3.411,10000
2020-09-03 09:45:15.830,3.411,100
2020-09-03 09:45:15.830,3.411,40000
2020-09-03 09:45:15.830,3.411,4500
2020-09-03 09:45:15.830,3.411,1000
2020-09-03 09:45:15.830,3.411,4900
2020-09-03 09:45:15.830,3.411,10000
2020-09-03 09:45:15.830,3.412,38609
2020-09-03 09:45:15.830,3.412,500
2020-09-03 09:45:15.830,3.412,10000
2020-09-03 09:45:15.830,3.412,3000
2020-09-03 09:45:15.830,3.412,30000
2020-09-03 09:45:15.830,3.412,10000
2020-09-03 09:45:15.830,3.412,20300
2020-09-03 09:45:15.830,3.412,5000
2020-09-03 09:45:15.830,3.412,3000
2020-09-03 09:45:15.830,3.412,500
2020-09-03 09:45:15.830,3.412,5000
2020-09-03 09:45:15.830,3.412,1500
2020-09-03 09:45:15.830,3.412,100
2020-09-03 09:45:15.830,3.412,20000
2020-09-03 09:45:15.830,3.412,500
2020-09-03 09:45:15.830,3.412,5000
2020-09-03 09:45:15.830,3.412,5000
2020-09-03 09:45:15.830,3.412,1000
2020-09-03 09:45:15.830,3.412,5000
2020-09-03 09:45:15.830,3.412,691
2020-09-03 09:45:15.830,3.412,9
2020-09-03 09:45:15.830,3.412,50000
2020-09-03 09:45:15.830,3.412,10000
2020-09-03 09:45:15.830,3.412,5000
2020-09-03 09:45:15.830,3.412,234991
2020-09-03 09:45:15.830,3.412,300000
2020-09-03 09:45:16.670,3.411,2000
2020-09-03 09:45:17.840,3.412,300000
2020-09-03 09:45:18.070,3.412,30000
2020-09-03 09:45:18.590,3.411,4500
2020-09-03 09:45:18.890,3.411,700
2020-09-03 09:45:19.630,3.411,4000
2020-09-03 09:45:20.350,3.412,135009
2020-09-03 09:45:20.350,3.412,2000
2020-09-03 09:45:20.350,3.412,2991
2020-09-03 09:45:20.510,3.412,4509
2020-09-03 09:45:20.510,3.412,3000
2020-09-03 09:45:20.510,3.412,1000
2020-09-03 09:45:20.510,3.412,100
2020-09-03 09:45:20.510,3.412,400
2020-09-03 09:45:20.510,3.412,10000
2020-09-03 09:45:20.510,3.412,200
2020-09-03 09:45:20.510,3.412,700
2020-09-03 09:45:20.510,3.412,3000
2020-09-03 09:45:20.750,3.412,2500
2020-09-03 09:45:21.330,3.412,300
2020-09-03 09:45:21.400,3.412,2000
2020-09-03 09:45:22.070,3.412,2291
2020-09-03 09:45:22.070,3.412,17709
2020-09-03 09:45:22.400,3.412,10600
2020-09-03 09:45:23.510,3.412,200
2020-09-03 09:45:23.610,3.413,2000
2020-09-03 09:45:23.610,3.413,9200
2020-09-03 09:45:23.610,3.413,200
2020-09-03 09:45:23.610,3.413,1000
2020-09-03 09:45:23.610,3.413,2000
2020-09-03 09:45:23.610,3.413,8800
2020-09-03 09:45:23.610,3.413,8000
2020-09-03 09:45:23.610,3.413,1500
2020-09-03 09:45:23.610,3.413,20000
2020-09-03 09:45:23.610,3.413,5000
2020-09-03 09:45:23.610,3.413,10000
2020-09-03 09:45:23.610,3.413,1000
2020-09-03 09:45:23.610,3.413,1000
2020-09-03 09:45:23.610,3.413,10000
2020-09-03 09:45:23.610,3.413,24600
2020-09-03 09:45:23.610,3.413,100
2020-09-03 09:45:23.610,3.413,3000
2020-09-03 09:45:23.610,3.413,500
2020-09-03 09:45:23.610,3.413,2500
2020-09-03 09:45:23.610,3.413,1500
2020-09-03 09:45:23.610,3.413,176900
2020-09-03 09:45:23.790,3.412,100
2020-09-03 09:45:25.210,3.413,150000
2020-09-03 09:45:25.210,3.412,1000
2020-09-03 09:45:25.830,3.412,100
2020-09-03 09:45:26.870,3.412,291
2020-09-03 09:45:26.870,3.412,17709
2020-09-03 09:45:28.250,3.412,5000
2020-09-03 09:45:28.280,3.412,7291
2020-09-03 09:45:28.280,3.412,4400
2020-09-03 09:45:28.280,3.412,77009
2020-09-03 09:45:29.540,3.412,100
2020-09-03 09:45:30.870,3.412,10000
2020-09-03 09:45:31.000,3.412,300
2020-09-03 09:45:31.130,3.413,1600
2020-09-03 09:45:31.460,3.412,5000
2020-09-03 09:45:32.210,3.412,10000
2020-09-03 09:45:32.270,3.412,1500
2020-09-03 09:45:33.800,3.412,5000
2020-09-03 09:45:34.620,3.412,1000
2020-09-03 09:45:35.140,3.412,1000
2020-09-03 09:45:35.170,3.412,100
2020-09-03 09:45:35.240,3.413,100
2020-09-03 09:45:36.180,3.413,171400
2020-09-03 09:45:36.180,3.413,7000
2020-09-03 09:45:36.180,3.413,500
2020-09-03 09:45:36.180,3.413,2000
2020-09-03 09:45:36.180,3.413,100
2020-09-03 09:45:36.180,3.413,3000
2020-09-03 09:45:36.180,3.413,10000
2020-09-03 09:45:36.180,3.413,5000
2020-09-03 09:45:36.180,3.413,10000
2020-09-03 09:45:36.180,3.413,5000
2020-09-03 09:45:36.180,3.413,5000
2020-09-03 09:45:36.180,3.413,8000
2020-09-03 09:45:36.180,3.413,1000
2020-09-03 09:45:36.180,3.413,2600
2020-09-03 09:45:36.180,3.413,2000
2020-09-03 09:45:36.180,3.413,40000
2020-09-03 09:45:36.180,3.413,5000
2020-09-03 09:45:36.180,3.413,5000
2020-09-03 09:45:36.180,3.413,68300
2020-09-03 09:45:36.180,3.413,6000
2020-09-03 09:45:36.180,3.413,1000
2020-09-03 09:45:36.180,3.413,1000
2020-09-03 09:45:36.180,3.413,400000
2020-09-03 09:45:36.180,3.413,20000
2020-09-03 09:45:36.180,3.414,5000
2020-09-03 09:45:36.180,3.414,11000
2020-09-03 09:45:36.180,3.414,200
2020-09-03 09:45:36.180,3.414,9200
2020-09-03 09:45:36.180,3.414,200
2020-09-03 09:45:36.180,3.414,10000
2020-09-03 09:45:36.180,3.414,1000
2020-09-03 09:45:36.180,3.414,6000
2020-09-03 09:45:36.180,3.414,1500
2020-09-03 09:45:36.180,3.414,600
2020-09-03 09:45:36.180,3.414,8000
2020-09-03 09:45:36.180,3.414,10000
2020-09-03 09:45:36.180,3.414,1000
2020-09-03 09:45:36.180,3.414,1000
2020-09-03 09:45:36.180,3.414,15000
2020-09-03 09:45:36.180,3.414,2000
2020-09-03 09:45:36.180,3.414,5000
2020-09-03 09:45:36.180,3.414,3000
2020-09-03 09:45:36.180,3.414,1000
2020-09-03 09:45:36.180,3.414,5000
2020-09-03 09:45:36.180,3.414,5000
2020-09-03 09:45:36.180,3.414,15000
2020-09-03 09:45:36.180,3.414,5000
2020-09-03 09:45:36.180,3.414,5000
2020-09-03 09:45:36.180,3.414,2000
2020-09-03 09:45:36.180,3.414,18100
2020-09-03 09:45:36.180,3.414,2000
2020-09-03 09:45:36.180,3.414,1500
2020-09-03 09:45:36.180,3.414,10000
2020-09-03 09:45:36.180,3.414,2000
2020-09-03 09:45:36.180,3.414,500
2020-09-03 09:45:36.180,3.414,20000
2020-09-03 09:45:36.180,3.414,2000
2020-09-03 09:45:36.180,3.414,20700
2020-09-03 09:45:36.180,3.415,7700
2020-09-03 09:45:36.180,3.415,8900
2020-09-03 09:45:36.780,3.413,1100
2020-09-03 09:45:36.780,3.412,10000
2020-09-03 09:45:37.260,3.412,200
2020-09-03 09:45:37.700,3.412,300
2020-09-03 09:45:38.130,3.412,100
2020-09-03 09:45:38.390,3.412,400
2020-09-03 09:45:38.390,3.413,10000
2020-09-03 09:45:39.030,3.413,900
2020-09-03 09:45:39.030,3.413,3500
2020-09-03 09:45:39.390,3.412,100
2020-09-03 09:45:41.400,3.413,3000
2020-09-03 09:45:41.780,3.412,300
2020-09-03 09:45:43.370,3.412,7300
2020-09-03 09:45:43.470,3.412,70291
2020-09-03 09:45:43.470,3.412,10000
2020-09-03 09:45:43.470,3.412,4200
2020-09-03 09:45:43.470,3.412,7400
2020-09-03 09:45:43.470,3.412,3000
2020-09-03 09:45:46.880,3.411,10000
2020-09-03 09:45:46.880,3.411,200
2020-09-03 09:45:46.960,3.411,30000
2020-09-03 09:45:47.840,3.411,100
2020-09-03 09:45:51.240,3.41,500
2020-09-03 09:45:51.240,3.41,3000
2020-09-03 09:45:51.240,3.41,500
2020-09-03 09:45:53.200,3.41,800
2020-09-03 09:45:53.350,3.411,30000
2020-09-03 09:45:54.210,3.41,18700
2020-09-03 09:45:54.210,3.41,1000
2020-09-03 09:45:54.210,3.41,300
2020-09-03 09:45:55.090,3.411,370000
2020-09-03 09:45:55.090,3.411,3000
2020-09-03 09:45:55.090,3.412,627000
2020-09-03 09:45:55.180,3.41,2000
2020-09-03 09:45:55.180,3.41,5000
2020-09-03 09:45:55.180,3.409,200
2020-09-03 09:45:55.180,3.409,1000
2020-09-03 09:45:55.180,3.409,1300
2020-09-03 09:45:56.290,3.41,10000
2020-09-03 09:45:56.290,3.41,30000
2020-09-03 09:45:56.290,3.41,30000
2020-09-03 09:45:56.990,3.41,200
2020-09-03 09:45:57.540,3.41,58700
2020-09-03 09:45:59.320,3.41,10000
2020-09-03 09:45:59.320,3.41,78200
2020-09-03 09:45:59.320,3.41,600
2020-09-03 09:46:00.230,3.41,3000
2020-09-03 09:46:00.340,3.411,5000
2020-09-03 09:46:02.620,3.411,500
2020-09-03 09:46:04.980,3.41,3000
2020-09-03 09:46:05.540,3.411,3000
2020-09-03 09:46:05.790,3.41,1100
2020-09-03 09:46:07.270,3.41,2200
2020-09-03 09:46:07.270,3.41,2800
2020-09-03 09:46:07.940,3.411,100
2020-09-03 09:46:09.460,3.41,1500
2020-09-03 09:46:09.460,3.41,1500
2020-09-03 09:46:10.250,3.411,1500
2020-09-03 09:46:10.560,3.41,3000
2020-09-03 09:46:12.050,3.411,132300
2020-09-03 09:46:12.050,3.411,10000
2020-09-03 09:46:12.050,3.411,100
2020-09-03 09:46:12.050,3.411,200
2020-09-03 09:46:12.050,3.411,450000
2020-09-03 09:46:12.050,3.412,273000
2020-09-03 09:46:12.050,3.412,134400
2020-09-03 09:46:12.330,3.411,700
2020-09-03 09:46:14.310,3.411,14000
2020-09-03 09:46:15.160,3.411,5000
2020-09-03 09:46:16.470,3.412,150000
2020-09-03 09:46:16.740,3.41,500
2020-09-03 09:46:18.540,3.411,90000
2020-09-03 09:46:18.600,3.41,1500
2020-09-03 09:46:18.600,3.41,5000
2020-09-03 09:46:18.600,3.41,132200
2020-09-03 09:46:18.600,3.41,278400
2020-09-03 09:46:19.030,3.41,30500
2020-09-03 09:46:22.170,3.41,100
2020-09-03 09:46:23.270,3.41,200
2020-09-03 09:46:24.350,3.41,2100
2020-09-03 09:46:24.350,3.41,1000
2020-09-03 09:46:24.350,3.41,17200
2020-09-03 09:46:24.350,3.411,210000
2020-09-03 09:46:24.350,3.411,250000
2020-09-03 09:46:24.350,3.411,5000
2020-09-03 09:46:24.350,3.411,2200
2020-09-03 09:46:24.350,3.411,500
2020-09-03 09:46:24.350,3.411,800
2020-09-03 09:46:24.350,3.411,300000
2020-09-03 09:46:24.350,3.411,4000
2020-09-03 09:46:24.350,3.411,207200
2020-09-03 09:46:27.080,3.41,100
2020-09-03 09:46:27.080,3.41,89900
2020-09-03 09:46:28.450,3.41,10000
2020-09-03 09:46:33.500,3.41,20000
2020-09-03 09:46:33.740,3.409,300
2020-09-03 09:46:35.110,3.409,700
2020-09-03 09:46:35.110,3.409,2100
2020-09-03 09:46:35.270,3.41,6000
2020-09-03 09:46:36.850,3.409,8700
2020-09-03 09:46:36.850,3.409,200
2020-09-03 09:46:36.850,3.409,600
2020-09-03 09:46:36.850,3.409,4100
2020-09-03 09:46:37.130,3.409,10000
2020-09-03 09:46:37.390,3.409,5000
2020-09-03 09:46:38.150,3.409,271400
2020-09-03 09:46:38.150,3.409,5000
2020-09-03 09:46:38.150,3.409,3000
2020-09-03 09:46:38.150,3.409,300100
2020-09-03 09:46:38.150,3.41,177200
2020-09-03 09:46:38.150,3.41,1000
2020-09-03 09:46:38.150,3.41,10000
2020-09-03 09:46:38.150,3.41,5000
2020-09-03 09:46:38.150,3.41,20000
2020-09-03 09:46:38.150,3.41,17400
2020-09-03 09:46:38.150,3.41,189900
2020-09-03 09:46:39.310,3.409,500
2020-09-03 09:46:39.890,3.41,5500
2020-09-03 09:46:40.940,3.409,1500
2020-09-03 09:46:45.940,3.408,200
2020-09-03 09:46:51.270,3.409,3700
2020-09-03 09:46:52.190,3.408,2000
2020-09-03 09:46:52.190,3.408,30000
2020-09-03 09:46:52.990,3.408,6000
2020-09-03 09:46:53.270,3.408,3000
2020-09-03 09:46:53.710,3.409,294800
2020-09-03 09:46:53.710,3.409,1000
2020-09-03 09:46:53.710,3.409,500
2020-09-03 09:46:53.710,3.409,60000
2020-09-03 09:46:53.710,3.409,10600
2020-09-03 09:46:53.710,3.409,10000
2020-09-03 09:46:53.710,3.409,1200
2020-09-03 09:46:53.710,3.409,600
2020-09-03 09:46:53.710,3.409,400
2020-09-03 09:46:53.710,3.41,104600
2020-09-03 09:46:53.710,3.41,500
2020-09-03 09:46:53.710,3.41,100
2020-09-03 09:46:53.710,3.41,4300
2020-09-03 09:46:53.710,3.41,2000
2020-09-03 09:46:53.710,3.41,100
2020-09-03 09:46:53.710,3.41,1000
2020-09-03 09:46:54.730,3.41,1000
2020-09-03 09:46:55.530,3.41,20000
2020-09-03 09:46:55.770,3.41,487300
2020-09-03 09:46:56.100,3.408,50000
2020-09-03 09:46:57.530,3.408,1000
2020-09-03 09:47:00.900,3.409,15800
