Datetime,Price,Volume
2020-09-03 09:25:00.360,4.898,300
2020-09-03 09:25:00.360,4.898,1000
2020-09-03 09:25:00.360,4.898,300
2020-09-03 09:25:00.360,4.898,2200
2020-09-03 09:25:00.360,4.898,10000
2020-09-03 09:25:00.360,4.898,5900
2020-09-03 09:25:00.360,4.898,4100
2020-09-03 09:25:00.360,4.898,10000
2020-09-03 09:25:00.360,4.898,5900
2020-09-03 09:25:00.360,4.898,2200
2020-09-03 09:25:00.360,4.898,1900
2020-09-03 09:25:00.360,4.898,2200
2020-09-03 09:25:00.360,4.898,7800
2020-09-03 09:25:00.360,4.898,100
2020-09-03 09:25:00.360,4.898,200
2020-09-03 09:25:00.360,4.898,9000
2020-09-03 09:25:00.360,4.898,10000
2020-09-03 09:25:00.360,4.898,3000
2020-09-03 09:25:00.360,4.898,10000
2020-09-03 09:25:00.360,4.898,10000
2020-09-03 09:25:00.360,4.898,5000
2020-09-03 09:25:00.360,4.898,2400
2020-09-03 09:25:00.360,4.898,17800
2020-09-03 09:25:00.360,4.898,7200
2020-09-03 09:25:00.360,4.898,10000
2020-09-03 09:25:00.360,4.898,600
2020-09-03 09:25:00.360,4.898,9000
2020-09-03 09:25:00.360,4.898,1200
2020-09-03 09:25:00.360,4.898,300
2020-09-03 09:25:00.360,4.898,200
2020-09-03 09:25:00.360,4.898,100
2020-09-03 09:25:00.360,4.898,100
2020-09-03 09:25:00.360,4.898,100
2020-09-03 09:25:00.360,4.898,200
2020-09-03 09:25:00.360,4.898,500
2020-09-03 09:25:00.360,4.898,100
2020-09-03 09:25:00.360,4.898,100
2020-09-03 09:25:00.360,4.898,100
2020-09-03 09:25:00.360,4.898,600
2020-09-03 09:25:00.360,4.898,700
2020-09-03 09:25:00.360,4.898,200
2020-09-03 09:25:00.360,4.898,10000
2020-09-03 09:25:00.360,4.898,400
2020-09-03 09:25:00.360,4.898,100
2020-09-03 09:25:00.360,4.898,100
2020-09-03 09:25:00.360,4.898,100
2020-09-03 09:25:00.360,4.898,200
2020-09-03 09:25:00.360,4.898,200
2020-09-03 09:25:00.360,4.898,100
2020-09-03 09:25:00.360,4.898,8700
2020-09-03 09:25:00.360,4.898,1000
2020-09-03 09:25:00.360,4.898,300
2020-09-03 09:25:00.360,4.898,1200
2020-09-03 09:25:00.360,4.898,800
2020-09-03 09:25:00.360,4.898,100
2020-09-03 09:25:00.360,4.898,300
2020-09-03 09:25:00.360,4.898,100
2020-09-03 09:25:00.360,4.898,100
2020-09-03 09:25:00.360,4.898,100
2020-09-03 09:25:00.360,4.898,100
2020-09-03 09:25:00.360,4.898,100
2020-09-03 09:25:00.360,4.898,100
2020-09-03 09:25:00.360,4.898,100
2020-09-03 09:25:00.360,4.898,300
2020-09-03 09:25:00.360,4.898,10000
2020-09-03 09:25:00.360,4.898,200
2020-09-03 09:25:00.360,4.898,200
2020-09-03 09:25:00.360,4.898,2100
2020-09-03 09:25:00.360,4.898,10000
2020-09-03 09:25:00.360,4.898,1000
2020-09-03 09:25:00.360,4.898,300
2020-09-03 09:25:00.360,4.898,100
2020-09-03 09:25:00.360,4.898,300
2020-09-03 09:25:00.360,4.898,10000
2020-09-03 09:25:00.360,4.898,500
2020-09-03 09:25:00.360,4.898,600
2020-09-03 09:25:00.360,4.898,100
2020-09-03 09:25:00.360,4.898,500
2020-09-03 09:25:00.360,4.898,100
2020-09-03 09:25:00.360,4.898,1100
2020-09-03 09:25:00.360,4.898,1500
2020-09-03 09:25:00.360,4.898,100
2020-09-03 09:25:00.360,4.898,1000
2020-09-03 09:25:00.360,4.898,500
2020-09-03 09:25:00.360,4.898,100
2020-09-03 09:25:00.360,4.898,300
2020-09-03 09:25:00.360,4.898,200
2020-09-03 09:25:00.360,4.898,200
2020-09-03 09:25:00.360,4.898,100
2020-09-03 09:25:00.360,4.898,100
2020-09-03 09:25:00.360,4.898,500
2020-09-03 09:25:00.360,4.898,100
2020-09-03 09:25:00.360,4.898,2000
2020-09-03 09:25:00.360,4.898,200
2020-09-03 09:25:00.360,4.898,100
2020-09-03 09:25:00.360,4.898,100
2020-09-03 09:25:00.360,4.898,100
2020-09-03 09:25:00.360,4.898,100
2020-09-03 09:25:00.360,4.898,200
2020-09-03 09:25:00.360,4.898,100
2020-09-03 09:25:00.360,4.898,200
2020-09-03 09:25:00.360,4.898,100
2020-09-03 09:25:00.360,4.898,100
2020-09-03 09:25:00.360,4.898,200
2020-09-03 09:25:00.360,4.898,100
2020-09-03 09:25:00.360,4.898,100
2020-09-03 09:25:00.360,4.898,800
2020-09-03 09:25:00.360,4.898,400
2020-09-03 09:25:00.360,4.898,300
2020-09-03 09:25:00.360,4.898,200
2020-09-03 09:25:00.360,4.898,100
2020-09-03 09:25:00.360,4.898,100
2020-09-03 09:25:00.360,4.898,12900
2020-09-03 09:25:00.360,4.898,1000
2020-09-03 09:25:00.360,4.898,3000
2020-09-03 09:25:00.360,4.898,4800
2020-09-03 09:25:00.360,4.898,2400
2020-09-03 09:25:00.360,4.898,5700
2020-09-03 09:25:00.360,4.898,8600
2020-09-03 09:25:00.360,4.898,100
2020-09-03 09:25:00.360,4.898,4200
2020-09-03 09:25:00.360,4.898,6300
2020-09-03 09:25:00.360,4.898,2200
2020-09-03 09:25:00.360,4.898,1900
2020-09-03 09:25:00.360,4.898,19700
2020-09-03 09:25:00.360,4.898,14800
2020-09-03 09:25:00.360,4.898,4000
2020-09-03 09:25:00.360,4.898,200
2020-09-03 09:25:00.360,4.898,9400
2020-09-03 09:25:00.360,4.898,100
2020-09-03 09:25:00.360,4.898,100
2020-09-03 09:25:00.360,4.898,5000
2020-09-03 09:25:00.360,4.898,1900
2020-09-03 09:25:00.360,4.898,500
2020-09-03 09:25:00.360,4.898,12000
2020-09-03 09:25:00.360,4.898,600
2020-09-03 09:25:00.360,4.898,20000
2020-09-03 09:25:00.360,4.898,8400
2020-09-03 09:25:00.360,4.898,1300
2020-09-03 09:25:00.360,4.898,25900
2020-09-03 09:25:00.360,4.898,2600
2020-09-03 09:25:00.360,4.898,200
2020-09-03 09:25:00.360,4.898,500
2020-09-03 09:25:00.360,4.898,700
2020-09-03 09:25:00.360,4.898,500
2020-09-03 09:25:00.360,4.898,3500
2020-09-03 09:25:00.360,4.898,2000
2020-09-03 09:25:00.360,4.898,8000
2020-09-03 09:25:00.360,4.898,200
2020-09-03 09:25:00.360,4.898,1900
2020-09-03 09:25:00.360,4.898,2000
2020-09-03 09:25:00.360,4.898,100
2020-09-03 09:25:00.360,4.898,1000
2020-09-03 09:25:00.360,4.898,6300
2020-09-03 09:25:00.360,4.898,200
2020-09-03 09:25:00.360,4.898,5200
2020-09-03 09:25:00.360,4.898,1300
2020-09-03 09:25:00.360,4.898,4900
2020-09-03 09:25:00.360,4.898,2000
2020-09-03 09:25:00.360,4.898,1800
2020-09-03 09:25:00.360,4.898,700
2020-09-03 09:25:00.360,4.898,2400
2020-09-03 09:25:00.360,4.898,100
2020-09-03 09:25:00.360,4.898,100
2020-09-03 09:25:00.360,4.898,4800
2020-09-03 09:25:00.360,4.898,600
2020-09-03 09:25:00.360,4.898,1800
2020-09-03 09:25:00.360,4.898,1200
2020-09-03 09:25:00.360,4.898,3000
2020-09-03 09:25:00.360,4.898,800
2020-09-03 09:25:00.360,4.898,19200
2020-09-03 09:25:00.360,4.898,5900
2020-09-03 09:25:00.360,4.898,2000
2020-09-03 09:25:00.360,4.898,21800
2020-09-03 09:25:00.360,4.898,1100
2020-09-03 09:25:00.360,4.898,300
2020-09-03 09:25:00.360,4.898,600
2020-09-03 09:25:00.360,4.898,7300
2020-09-03 09:25:00.360,4.898,2800
2020-09-03 09:25:00.360,4.898,10100
2020-09-03 09:25:00.360,4.898,2700
2020-09-03 09:25:00.360,4.898,2300
2020-09-03 09:25:00.360,4.898,1000
2020-09-03 09:25:00.360,4.898,6700
2020-09-03 09:25:00.360,4.898,10000
2020-09-03 09:25:00.360,4.898,4700
2020-09-03 09:25:00.360,4.898,100
2020-09-03 09:25:00.360,4.898,2000
2020-09-03 09:25:00.360,4.898,13200
2020-09-03 09:25:00.360,4.898,300
2020-09-03 09:25:00.360,4.898,100
2020-09-03 09:25:00.360,4.898,6400
2020-09-03 09:25:00.360,4.898,800
2020-09-03 09:25:00.360,4.898,300
2020-09-03 09:25:00.360,4.898,600
2020-09-03 09:25:00.360,4.898,2000
2020-09-03 09:25:00.360,4.898,3000
2020-09-03 09:25:00.360,4.898,5000
2020-09-03 09:25:00.360,4.898,2000
2020-09-03 09:25:00.360,4.898,2200
2020-09-03 09:25:00.360,4.898,20800
2020-09-03 09:25:00.360,4.898,2100
2020-09-03 09:25:00.360,4.898,7000
2020-09-03 09:25:00.360,4.898,100
2020-09-03 09:25:00.360,4.898,1900
2020-09-03 09:25:00.360,4.898,2000
2020-09-03 09:25:00.360,4.898,8800
2020-09-03 09:25:00.360,4.898,49800
2020-09-03 09:25:00.360,4.898,37900
2020-09-03 09:25:00.360,4.898,10000
2020-09-03 09:25:00.360,4.898,100
2020-09-03 09:25:00.360,4.898,7500
2020-09-03 09:25:00.360,4.898,2500
2020-09-03 09:25:00.360,4.898,1500
2020-09-03 09:25:00.360,4.898,1100
2020-09-03 09:25:00.360,4.898,700
2020-09-03 09:25:00.360,4.898,200
2020-09-03 09:25:00.360,4.898,4000
2020-09-03 09:25:00.360,4.898,33900
2020-09-03 09:30:00.200,4.898,700
2020-09-03 09:30:00.340,4.898,3000
2020-09-03 09:30:00.340,4.899,600
2020-09-03 09:30:00.450,4.898,34700
2020-09-03 09:30:00.450,4.898,5300
2020-09-03 09:30:00.450,4.898,500
2020-09-03 09:30:00.450,4.898,100
2020-09-03 09:30:00.450,4.898,44800
2020-09-03 09:30:00.450,4.898,800
2020-09-03 09:30:00.450,4.897,13800
2020-09-03 09:30:00.660,4.899,1400
2020-09-03 09:30:00.660,4.899,5400
2020-09-03 09:30:00.770,4.899,1000
2020-09-03 09:30:01.120,4.899,1000
2020-09-03 09:30:01.120,4.899,1200
2020-09-03 09:30:01.120,4.899,3400
2020-09-03 09:30:01.380,4.899,4300
2020-09-03 09:30:01.380,4.899,30000
2020-09-03 09:30:01.380,4.899,3000
2020-09-03 09:30:01.500,4.899,5000
2020-09-03 09:30:01.620,4.899,20200
2020-09-03 09:30:01.760,4.899,800
2020-09-03 09:30:01.880,4.899,100
2020-09-03 09:30:01.880,4.899,24000
2020-09-03 09:30:01.880,4.899,10000
2020-09-03 09:30:02.000,4.899,1900
2020-09-03 09:30:02.000,4.899,97900
2020-09-03 09:30:02.000,4.899,60000
2020-09-03 09:30:02.000,4.899,1200
2020-09-03 09:30:02.000,4.899,500
2020-09-03 09:30:02.000,4.898,400
2020-09-03 09:30:02.000,4.898,100
2020-09-03 09:30:02.000,4.898,400
2020-09-03 09:30:02.000,4.898,15300
2020-09-03 09:30:02.000,4.898,4000
2020-09-03 09:30:02.120,4.898,100
2020-09-03 09:30:02.120,4.898,5100
2020-09-03 09:30:02.120,4.898,100
2020-09-03 09:30:02.120,4.898,2600
2020-09-03 09:30:02.120,4.9,1000
2020-09-03 09:30:02.120,4.9,2800
2020-09-03 09:30:02.120,4.9,300
2020-09-03 09:30:02.120,4.9,400
2020-09-03 09:30:02.120,4.901,200
2020-09-03 09:30:02.120,4.901,200
2020-09-03 09:30:02.120,4.901,12100
2020-09-03 09:30:02.240,4.9,300
2020-09-03 09:30:02.240,4.9,200
2020-09-03 09:30:02.240,4.899,1800
2020-09-03 09:30:02.360,4.899,600
2020-09-03 09:30:02.480,4.899,1000
2020-09-03 09:30:02.480,4.9,4300
2020-09-03 09:30:02.600,4.9,4700
2020-09-03 09:30:02.600,4.901,5300
2020-09-03 09:30:02.600,4.899,200
2020-09-03 09:30:02.600,4.899,4600
2020-09-03 09:30:02.600,4.899,400
2020-09-03 09:30:02.600,4.899,100
2020-09-03 09:30:02.720,4.899,100
2020-09-03 09:30:02.720,4.899,3000
2020-09-03 09:30:02.840,4.899,5000
2020-09-03 09:30:02.840,4.899,200
2020-09-03 09:30:02.840,4.899,200
2020-09-03 09:30:02.960,4.899,200
2020-09-03 09:30:02.960,4.899,4700
2020-09-03 09:30:02.960,4.899,700
2020-09-03 09:30:02.960,4.9,2000
2020-09-03 09:30:02.960,4.9,3200
2020-09-03 09:30:03.080,4.9,30000
2020-09-03 09:30:03.200,4.9,1000
2020-09-03 09:30:03.320,4.9,8600
2020-09-03 09:30:03.320,4.9,800
2020-09-03 09:30:03.440,4.9,4400
2020-09-03 09:30:03.440,4.9,1600
2020-09-03 09:30:03.610,4.9,1400
2020-09-03 09:30:03.610,4.899,10800
2020-09-03 09:30:03.610,4.899,2800
2020-09-03 09:30:03.610,4.899,300
2020-09-03 09:30:03.980,4.899,2000
2020-09-03 09:30:04.090,4.899,43700
2020-09-03 09:30:04.210,4.901,30600
2020-09-03 09:30:04.210,4.899,1200
2020-09-03 09:30:04.340,4.899,500
2020-09-03 09:30:04.380,4.899,5000
2020-09-03 09:30:04.380,4.899,600
2020-09-03 09:30:04.380,4.899,200
2020-09-03 09:30:04.550,4.899,5000
2020-09-03 09:30:04.650,4.899,500
2020-09-03 09:30:04.970,4.899,1000
2020-09-03 09:30:05.130,4.899,200
2020-09-03 09:30:05.130,4.9,1600
2020-09-03 09:30:05.130,4.9,1000
2020-09-03 09:30:05.170,4.9,3000
2020-09-03 09:30:05.360,4.9,4400
2020-09-03 09:30:05.520,4.9,900
2020-09-03 09:30:05.910,4.9,9100
2020-09-03 09:30:05.910,4.899,1700
2020-09-03 09:30:06.230,4.899,35300
2020-09-03 09:30:06.230,4.899,10000
2020-09-03 09:30:06.230,4.899,20000
2020-09-03 09:30:06.230,4.899,20000
2020-09-03 09:30:06.230,4.899,20000
2020-09-03 09:30:06.230,4.899,500
2020-09-03 09:30:06.230,4.899,200
2020-09-03 09:30:06.230,4.899,100
2020-09-03 09:30:06.230,4.899,100
2020-09-03 09:30:06.230,4.899,19100
2020-09-03 09:30:06.230,4.899,20000
2020-09-03 09:30:06.230,4.899,500
2020-09-03 09:30:06.230,4.899,58400
2020-09-03 09:30:06.410,4.9,12300
2020-09-03 09:30:06.560,4.9,3000
2020-09-03 09:30:06.790,4.9,100
2020-09-03 09:30:06.790,4.901,23100
2020-09-03 09:30:06.790,4.901,100000
2020-09-03 09:30:07.410,4.901,191900
2020-09-03 09:30:07.410,4.9,78200
2020-09-03 09:30:07.930,4.9,2300
2020-09-03 09:30:09.670,4.9,500
2020-09-03 09:30:10.640,4.9,2400
2020-09-03 09:30:10.820,4.902,300
2020-09-03 09:30:12.260,4.902,300
2020-09-03 09:30:12.710,4.902,2000
2020-09-03 09:30:12.840,4.9,400
2020-09-03 09:30:12.840,4.899,14800
2020-09-03 09:30:12.840,4.899,100
2020-09-03 09:30:12.840,4.899,1500
2020-09-03 09:30:12.840,4.899,1000
2020-09-03 09:30:12.840,4.899,200
2020-09-03 09:30:12.840,4.899,5000
2020-09-03 09:30:12.840,4.899,100
2020-09-03 09:30:12.840,4.899,300
2020-09-03 09:30:12.840,4.899,600
2020-09-03 09:30:13.040,4.9,1000
2020-09-03 09:30:13.160,4.901,2300
2020-09-03 09:30:13.160,4.899,12700
2020-09-03 09:30:13.710,4.902,400
2020-09-03 09:30:13.710,4.902,600
2020-09-03 09:30:13.840,4.899,10000
2020-09-03 09:30:13.930,4.902,900
2020-09-03 09:30:15.210,4.9,700
2020-09-03 09:30:15.480,4.9,900
2020-09-03 09:30:15.720,4.9,800
2020-09-03 09:30:16.200,4.9,1500
2020-09-03 09:30:16.780,4.9,1500
2020-09-03 09:30:17.100,4.9,1800
2020-09-03 09:30:17.220,4.9,1500
2020-09-03 09:30:17.470,4.9,100
2020-09-03 09:30:17.720,4.9,1500
2020-09-03 09:30:17.900,4.899,1100
2020-09-03 09:30:17.900,4.899,4300
2020-09-03 09:30:18.210,4.9,500
2020-09-03 09:30:18.420,4.9,100
2020-09-03 09:30:18.490,4.899,2600
2020-09-03 09:30:18.490,4.899,300
2020-09-03 09:30:18.700,4.9,1800
2020-09-03 09:30:18.740,4.9,500
2020-09-03 09:30:18.870,4.899,6200
2020-09-03 09:30:18.870,4.899,1000
2020-09-03 09:30:18.870,4.899,2000
2020-09-03 09:30:18.870,4.899,400
2020-09-03 09:30:18.870,4.899,10000
2020-09-03 09:30:19.140,4.899,500
2020-09-03 09:30:19.730,4.899,400
2020-09-03 09:30:19.820,4.899,100
2020-09-03 09:30:20.220,4.898,100
2020-09-03 09:30:20.220,4.898,100
2020-09-03 09:30:20.220,4.898,3000
2020-09-03 09:30:20.220,4.898,100
2020-09-03 09:30:20.220,4.898,10000
2020-09-03 09:30:20.220,4.898,100
2020-09-03 09:30:20.220,4.898,3000
2020-09-03 09:30:20.220,4.898,2000
2020-09-03 09:30:20.220,4.898,200
2020-09-03 09:30:20.220,4.898,4300
2020-09-03 09:30:20.220,4.898,400
2020-09-03 09:30:20.220,4.898,6400
2020-09-03 09:30:20.220,4.898,3300
2020-09-03 09:30:20.220,4.899,500
2020-09-03 09:30:20.330,4.899,500
2020-09-03 09:30:20.740,4.899,500
2020-09-03 09:30:20.800,4.898,6000
2020-09-03 09:30:20.800,4.898,5000
2020-09-03 09:30:21.450,4.898,10000
2020-09-03 09:30:22.220,4.899,100
2020-09-03 09:30:22.450,4.897,10000
2020-09-03 09:30:22.450,4.897,1000
2020-09-03 09:30:23.730,4.896,10000
2020-09-03 09:30:24.350,4.898,100
2020-09-03 09:30:25.840,4.896,100
2020-09-03 09:30:25.840,4.896,1200
2020-09-03 09:30:25.840,4.896,1000
2020-09-03 09:30:25.840,4.896,100
2020-09-03 09:30:25.840,4.896,1000
2020-09-03 09:30:25.840,4.896,3000
2020-09-03 09:30:25.840,4.896,24900
2020-09-03 09:30:25.900,4.895,900
2020-09-03 09:30:26.320,4.896,13400
2020-09-03 09:30:26.320,4.896,15800
2020-09-03 09:30:27.330,4.895,1100
2020-09-03 09:30:27.330,4.895,2500
2020-09-03 09:30:27.330,4.895,1000
2020-09-03 09:30:27.330,4.895,500
2020-09-03 09:30:27.330,4.895,2300
2020-09-03 09:30:27.330,4.895,300
2020-09-03 09:30:27.330,4.895,1000
2020-09-03 09:30:27.330,4.895,100
2020-09-03 09:30:27.330,4.895,3000
2020-09-03 09:30:27.330,4.895,6000
2020-09-03 09:30:27.400,4.894,100
2020-09-03 09:30:27.400,4.894,200
2020-09-03 09:30:27.400,4.894,5000
2020-09-03 09:30:27.400,4.894,30000
2020-09-03 09:30:28.100,4.893,5000
2020-09-03 09:30:28.100,4.893,1100
2020-09-03 09:30:28.100,4.893,2400
2020-09-03 09:30:29.400,4.893,5000
2020-09-03 09:30:29.620,4.893,300
2020-09-03 09:30:29.820,4.893,2000
2020-09-03 09:30:31.140,4.893,1000
2020-09-03 09:30:31.320,4.893,1000
2020-09-03 09:30:31.570,4.893,20300
2020-09-03 09:30:35.040,4.892,300
2020-09-03 09:30:35.040,4.892,100
2020-09-03 09:30:35.040,4.892,200
2020-09-03 09:30:35.040,4.892,5000
2020-09-03 09:30:35.040,4.892,500
2020-09-03 09:30:35.040,4.892,2100
2020-09-03 09:30:35.040,4.892,1200
2020-09-03 09:30:35.040,4.892,200
2020-09-03 09:30:35.770,4.892,100
2020-09-03 09:30:35.830,4.892,1000
2020-09-03 09:30:38.680,4.891,600
2020-09-03 09:30:38.680,4.891,13900
2020-09-03 09:30:39.270,4.892,9400
2020-09-03 09:30:39.790,4.892,100
2020-09-03 09:30:40.410,4.892,100
2020-09-03 09:30:40.790,4.891,7000
2020-09-03 09:30:41.120,4.891,2100
2020-09-03 09:30:41.860,4.891,1300
2020-09-03 09:30:42.150,4.892,24500
2020-09-03 09:30:42.150,4.892,300
2020-09-03 09:30:42.150,4.892,200
2020-09-03 09:30:42.780,4.891,1600
2020-09-03 09:30:43.310,4.891,2000
2020-09-03 09:30:44.270,4.892,6600
2020-09-03 09:30:44.270,4.892,8300
2020-09-03 09:30:44.270,4.892,100
2020-09-03 09:30:44.270,4.892,200
2020-09-03 09:30:44.270,4.892,84800
2020-09-03 09:30:44.490,4.891,2100
2020-09-03 09:30:44.490,4.891,300
2020-09-03 09:30:44.490,4.891,100
2020-09-03 09:30:44.490,4.891,200
2020-09-03 09:30:44.490,4.891,100
2020-09-03 09:30:44.490,4.891,100
2020-09-03 09:30:44.490,4.891,200
2020-09-03 09:30:44.490,4.891,1000
2020-09-03 09:30:44.490,4.891,1100
2020-09-03 09:30:44.490,4.891,2500
2020-09-03 09:30:44.490,4.891,100
2020-09-03 09:30:44.490,4.891,200
2020-09-03 09:30:44.490,4.891,2000
2020-09-03 09:30:44.490,4.891,10000
2020-09-03 09:30:44.490,4.891,300
2020-09-03 09:30:44.490,4.891,2500
2020-09-03 09:30:44.490,4.891,200
2020-09-03 09:30:44.490,4.891,2000
2020-09-03 09:30:45.000,4.892,41900
2020-09-03 09:30:45.000,4.892,34500
2020-09-03 09:30:45.000,4.893,36100
2020-09-03 09:30:45.090,4.891,2000
2020-09-03 09:30:45.470,4.891,1000
2020-09-03 09:30:45.470,4.891,1000
2020-09-03 09:30:45.470,4.891,10000
2020-09-03 09:30:45.470,4.891,3500
2020-09-03 09:30:45.730,4.89,500
2020-09-03 09:30:45.730,4.89,6300
2020-09-03 09:30:45.730,4.89,200
2020-09-03 09:30:45.730,4.89,5000
2020-09-03 09:30:45.730,4.89,5200
2020-09-03 09:30:45.730,4.89,6400
2020-09-03 09:30:45.730,4.89,200
2020-09-03 09:30:45.730,4.89,3000
2020-09-03 09:30:45.730,4.89,200
2020-09-03 09:30:45.730,4.89,500
2020-09-03 09:30:45.730,4.89,15000
2020-09-03 09:30:45.730,4.89,200
2020-09-03 09:30:45.730,4.89,200
2020-09-03 09:30:45.730,4.89,100
2020-09-03 09:30:45.730,4.89,500
2020-09-03 09:30:45.730,4.89,9200
2020-09-03 09:30:45.730,4.89,100
2020-09-03 09:30:45.730,4.89,4400
2020-09-03 09:30:45.730,4.89,600
2020-09-03 09:30:45.730,4.89,2500
2020-09-03 09:30:45.730,4.89,2000
2020-09-03 09:30:45.730,4.89,2000
2020-09-03 09:30:45.730,4.89,30000
2020-09-03 09:30:45.730,4.89,200
2020-09-03 09:30:45.730,4.89,1000
2020-09-03 09:30:45.730,4.89,300
2020-09-03 09:30:45.730,4.89,200
2020-09-03 09:30:45.730,4.89,100
2020-09-03 09:30:45.730,4.89,3000
2020-09-03 09:30:45.730,4.89,400
2020-09-03 09:30:45.730,4.89,100
2020-09-03 09:30:45.730,4.89,2000
2020-09-03 09:30:45.730,4.89,1000
2020-09-03 09:30:45.730,4.89,2200
2020-09-03 09:30:45.730,4.89,1000
2020-09-03 09:30:45.730,4.89,2000
2020-09-03 09:30:45.730,4.89,200
2020-09-03 09:30:45.730,4.89,1000
2020-09-03 09:30:45.730,4.89,6100
2020-09-03 09:30:45.730,4.89,1000
2020-09-03 09:30:45.730,4.89,63900
2020-09-03 09:30:45.820,4.891,100
2020-09-03 09:30:46.440,4.891,700
2020-09-03 09:30:46.440,4.891,39300
2020-09-03 09:30:46.440,4.891,20000
2020-09-03 09:30:46.440,4.893,7500
2020-09-03 09:30:46.440,4.893,10000
2020-09-03 09:30:46.720,4.895,5000
2020-09-03 09:30:47.540,4.895,20000
2020-09-03 09:30:47.690,4.895,8000
2020-09-03 09:30:47.690,4.893,7000
2020-09-03 09:30:48.400,4.893,200
2020-09-03 09:30:49.030,4.893,28600
2020-09-03 09:30:49.030,4.892,100
2020-09-03 09:30:49.030,4.892,1000
2020-09-03 09:30:49.480,4.892,300
2020-09-03 09:30:49.480,4.891,34300
2020-09-03 09:30:53.050,4.893,300
2020-09-03 09:30:54.010,4.892,5000
2020-09-03 09:30:54.080,4.892,100
2020-09-03 09:30:54.170,4.892,4900
2020-09-03 09:30:54.170,4.893,9700
2020-09-03 09:30:54.170,4.893,8800
2020-09-03 09:30:54.170,4.893,600
2020-09-03 09:30:54.210,4.893,400
2020-09-03 09:30:55.110,4.893,600
2020-09-03 09:30:55.110,4.892,2400
2020-09-03 09:30:57.510,4.893,1000
2020-09-03 09:30:58.410,4.893,100
2020-09-03 09:31:00.070,4.892,100
2020-09-03 09:31:00.560,4.892,400
2020-09-03 09:31:00.920,4.892,100
2020-09-03 09:31:00.920,4.892,200
2020-09-03 09:31:01.580,4.892,800
2020-09-03 09:31:01.580,4.892,1700
2020-09-03 09:31:02.980,4.893,2400
2020-09-03 09:31:02.980,4.893,200
2020-09-03 09:31:02.980,4.897,1000
2020-09-03 09:31:02.980,4.897,1400
2020-09-03 09:31:03.100,4.892,2900
2020-09-03 09:31:03.860,4.892,400
2020-09-03 09:31:03.860,4.892,2000
2020-09-03 09:31:03.860,4.892,100
2020-09-03 09:31:03.860,4.892,10000
2020-09-03 09:31:04.900,4.892,100
2020-09-03 09:31:05.230,4.892,100
2020-09-03 09:31:05.230,4.892,200
2020-09-03 09:31:06.370,4.892,600
2020-09-03 09:31:06.370,4.892,800
2020-09-03 09:31:08.720,4.892,1200
2020-09-03 09:31:08.780,4.892,2000
2020-09-03 09:31:08.780,4.892,3900
2020-09-03 09:31:08.840,4.892,400
2020-09-03 09:31:09.030,4.892,5200
2020-09-03 09:31:09.820,4.893,100
2020-09-03 09:31:09.820,4.892,2400
2020-09-03 09:31:10.020,4.892,2600
2020-09-03 09:31:10.020,4.892,200
2020-09-03 09:31:10.020,4.891,12000
2020-09-03 09:31:11.800,4.893,3500
2020-09-03 09:31:11.800,4.893,7000
2020-09-03 09:31:13.580,4.891,3700
2020-09-03 09:31:13.580,4.891,3000
2020-09-03 09:31:13.580,4.891,500
2020-09-03 09:31:13.580,4.891,100
2020-09-03 09:31:13.580,4.891,26000
2020-09-03 09:31:13.580,4.891,30000
2020-09-03 09:31:13.580,4.891,13800
2020-09-03 09:31:13.580,4.891,500
2020-09-03 09:31:13.580,4.891,12400
2020-09-03 09:31:13.620,4.892,600
2020-09-03 09:31:15.270,4.892,100
2020-09-03 09:31:15.540,4.891,600
2020-09-03 09:31:15.600,4.891,200
2020-09-03 09:31:16.010,4.892,100
2020-09-03 09:31:16.250,4.892,2000
2020-09-03 09:31:16.310,4.892,2000
2020-09-03 09:31:16.520,4.891,36800
2020-09-03 09:31:16.520,4.891,1000
2020-09-03 09:31:16.520,4.891,200
2020-09-03 09:31:16.520,4.89,300
2020-09-03 09:31:16.520,4.89,50000
2020-09-03 09:31:16.810,4.89,1700
2020-09-03 09:31:16.810,4.892,48300
2020-09-03 09:31:17.250,4.892,500
2020-09-03 09:31:19.480,4.891,4400
2020-09-03 09:31:19.480,4.892,5600
2020-09-03 09:31:19.880,4.892,10000
2020-09-03 09:31:20.020,4.892,2000
2020-09-03 09:31:20.280,4.892,5000
2020-09-03 09:31:21.000,4.89,600
2020-09-03 09:31:21.060,4.89,500
2020-09-03 09:31:21.810,4.89,500
2020-09-03 09:31:22.830,4.89,200
2020-09-03 09:31:23.690,4.89,1000
2020-09-03 09:31:24.420,4.89,3000
2020-09-03 09:31:24.420,4.89,100
2020-09-03 09:31:24.750,4.89,100
2020-09-03 09:31:25.010,4.89,200
2020-09-03 09:31:25.010,4.889,100
2020-09-03 09:31:25.010,4.889,4000
2020-09-03 09:31:25.950,4.889,8000
2020-09-03 09:31:26.060,4.889,20000
2020-09-03 09:31:26.120,4.889,900
2020-09-03 09:31:26.120,4.89,300
2020-09-03 09:31:26.150,4.89,5000
2020-09-03 09:31:26.560,4.889,200
2020-09-03 09:31:26.560,4.889,300
2020-09-03 09:31:27.090,4.889,5700
2020-09-03 09:31:27.450,4.888,100
2020-09-03 09:31:27.450,4.888,100
2020-09-03 09:31:27.450,4.888,600
2020-09-03 09:31:27.450,4.888,100
2020-09-03 09:31:27.450,4.888,100
2020-09-03 09:31:27.450,4.888,5000
2020-09-03 09:31:27.450,4.888,3400
2020-09-03 09:31:27.590,4.888,20000
2020-09-03 09:31:27.830,4.888,26600
2020-09-03 09:31:27.830,4.888,2000
2020-09-03 09:31:27.830,4.888,2000
2020-09-03 09:31:27.830,4.888,50000
2020-09-03 09:31:27.830,4.888,3000
2020-09-03 09:31:27.830,4.888,92400
2020-09-03 09:31:27.830,4.888,2000
2020-09-03 09:31:28.180,4.888,5000
2020-09-03 09:31:28.370,4.889,500
2020-09-03 09:31:28.370,4.889,2800
2020-09-03 09:31:28.840,4.888,3000
2020-09-03 09:31:29.220,4.887,2000
2020-09-03 09:31:29.220,4.887,5000
2020-09-03 09:31:29.220,4.887,3000
2020-09-03 09:31:29.650,4.886,5000
2020-09-03 09:31:29.650,4.886,10000
2020-09-03 09:31:29.650,4.886,5000
2020-09-03 09:31:30.180,4.887,5400
2020-09-03 09:31:30.300,4.887,1100
2020-09-03 09:31:30.740,4.886,5000
2020-09-03 09:31:30.740,4.886,5000
2020-09-03 09:31:30.740,4.886,8000
2020-09-03 09:31:30.740,4.886,2000
2020-09-03 09:31:30.890,4.886,20000
2020-09-03 09:31:31.240,4.887,500
2020-09-03 09:31:31.680,4.887,4500
2020-09-03 09:31:31.680,4.887,600
2020-09-03 09:31:31.800,4.887,600
2020-09-03 09:31:32.590,4.886,18100
2020-09-03 09:31:33.560,4.886,1400
2020-09-03 09:31:33.740,4.887,100
2020-09-03 09:31:33.910,4.886,8500
2020-09-03 09:31:33.910,4.886,5000
2020-09-03 09:31:33.910,4.885,200
2020-09-03 09:31:33.910,4.885,600
2020-09-03 09:31:33.910,4.885,100
2020-09-03 09:31:33.910,4.885,4000
2020-09-03 09:31:33.910,4.885,1600
2020-09-03 09:31:34.040,4.886,500
2020-09-03 09:31:34.650,4.886,5000
2020-09-03 09:31:34.750,4.885,900
2020-09-03 09:31:34.750,4.885,1600
2020-09-03 09:31:35.020,4.886,1200
2020-09-03 09:31:36.740,4.886,3000
2020-09-03 09:31:37.100,4.886,10300
2020-09-03 09:31:37.100,4.886,4100
2020-09-03 09:31:38.380,4.886,500
2020-09-03 09:31:38.760,4.885,1600
2020-09-03 09:31:38.760,4.885,200
2020-09-03 09:31:38.760,4.885,2000
2020-09-03 09:31:38.760,4.885,3000
2020-09-03 09:31:38.760,4.885,1500
2020-09-03 09:31:38.760,4.885,200
2020-09-03 09:31:38.760,4.885,1000
2020-09-03 09:31:38.760,4.885,2500
2020-09-03 09:31:38.760,4.885,1000
2020-09-03 09:31:38.760,4.885,200
2020-09-03 09:31:38.760,4.885,100
2020-09-03 09:31:38.760,4.884,10000
2020-09-03 09:31:38.760,4.884,5000
2020-09-03 09:31:38.760,4.883,10000
2020-09-03 09:31:38.760,4.882,100
2020-09-03 09:31:38.760,4.882,500
2020-09-03 09:31:38.760,4.882,30000
2020-09-03 09:31:38.760,4.882,400
2020-09-03 09:31:38.760,4.881,6000
2020-09-03 09:31:38.760,4.881,10000
2020-09-03 09:31:38.760,4.881,2100
2020-09-03 09:31:38.760,4.881,5000
2020-09-03 09:31:38.760,4.881,300
2020-09-03 09:31:38.760,4.881,100
2020-09-03 09:31:38.760,4.881,6000
2020-09-03 09:31:38.760,4.881,6000
2020-09-03 09:31:38.760,4.881,2500
2020-09-03 09:31:38.760,4.881,6500
2020-09-03 09:31:38.760,4.881,5000
2020-09-03 09:31:38.760,4.881,200
2020-09-03 09:31:38.760,4.88,700
2020-09-03 09:31:38.760,4.88,5000
2020-09-03 09:31:38.760,4.88,6300
2020-09-03 09:31:38.760,4.88,200
2020-09-03 09:31:38.760,4.88,5200
2020-09-03 09:31:38.760,4.88,10000
2020-09-03 09:31:38.760,4.88,3700
2020-09-03 09:31:39.600,4.886,5000
2020-09-03 09:31:40.650,4.886,5000
2020-09-03 09:31:43.070,4.885,5000
2020-09-03 09:31:43.320,4.884,1200
2020-09-03 09:31:43.320,4.883,100
2020-09-03 09:31:44.730,4.883,1000
2020-09-03 09:31:46.280,4.882,2000
2020-09-03 09:31:46.460,4.883,100
2020-09-03 09:31:46.870,4.882,7400
2020-09-03 09:31:46.870,4.882,33000
2020-09-03 09:31:46.870,4.881,1000
2020-09-03 09:31:46.870,4.881,2500
2020-09-03 09:31:46.870,4.881,10000
2020-09-03 09:31:46.870,4.881,50000
2020-09-03 09:31:46.870,4.881,2000
2020-09-03 09:31:46.870,4.881,5000
2020-09-03 09:31:46.870,4.88,20800
2020-09-03 09:31:46.870,4.88,200
2020-09-03 09:31:46.870,4.88,200
2020-09-03 09:31:46.870,4.88,18000
2020-09-03 09:31:47.170,4.881,1300
2020-09-03 09:31:47.860,4.881,8700
2020-09-03 09:31:49.740,4.883,300
2020-09-03 09:31:50.650,4.882,24200
2020-09-03 09:31:50.650,4.881,47600
2020-09-03 09:31:50.650,4.881,5000
2020-09-03 09:31:50.650,4.881,25000
2020-09-03 09:31:50.650,4.88,2000
2020-09-03 09:31:50.650,4.88,5000
2020-09-03 09:31:50.650,4.88,300
2020-09-03 09:31:50.650,4.88,1000
2020-09-03 09:31:50.650,4.88,2000
2020-09-03 09:31:50.650,4.88,200
2020-09-03 09:31:50.650,4.88,20400
2020-09-03 09:31:50.650,4.88,10000
2020-09-03 09:31:50.650,4.88,10000
2020-09-03 09:31:50.650,4.88,5000
2020-09-03 09:31:50.650,4.88,200
2020-09-03 09:31:50.650,4.88,1000
2020-09-03 09:31:50.650,4.88,4000
2020-09-03 09:31:50.650,4.88,5000
2020-09-03 09:31:50.650,4.88,1600
2020-09-03 09:31:50.650,4.88,300
2020-09-03 09:31:50.650,4.88,1000
2020-09-03 09:31:50.650,4.88,4000
2020-09-03 09:31:50.650,4.88,15000
2020-09-03 09:31:50.650,4.88,15000
2020-09-03 09:31:50.650,4.88,1000
2020-09-03 09:31:50.650,4.88,1000
2020-09-03 09:31:50.650,4.88,3000
2020-09-03 09:31:50.650,4.88,1000
2020-09-03 09:31:50.650,4.88,500
2020-09-03 09:31:50.650,4.88,3000
2020-09-03 09:31:50.650,4.88,1000
2020-09-03 09:31:51.340,4.881,20000
2020-09-03 09:31:51.340,4.88,19000
2020-09-03 09:31:51.340,4.88,111100
2020-09-03 09:31:52.070,4.881,100
2020-09-03 09:31:52.070,4.881,2000
2020-09-03 09:31:52.070,4.881,7900
2020-09-03 09:31:52.200,4.881,8400
2020-09-03 09:31:52.390,4.883,100
2020-09-03 09:31:52.760,4.881,2000
2020-09-03 09:31:53.800,4.881,199100
2020-09-03 09:31:53.960,4.882,1800
2020-09-03 09:31:54.280,4.883,100
2020-09-03 09:31:54.480,4.883,1500
2020-09-03 09:31:54.480,4.883,13100
2020-09-03 09:31:54.480,4.883,100
2020-09-03 09:31:55.160,4.882,1200
2020-09-03 09:31:55.160,4.881,2600
2020-09-03 09:31:55.760,4.883,500
2020-09-03 09:31:57.760,4.883,1000
2020-09-03 09:31:58.050,4.885,2800
2020-09-03 09:32:00.280,4.883,100
2020-09-03 09:32:00.400,4.885,15000
2020-09-03 09:32:01.030,4.883,300
2020-09-03 09:32:02.020,4.883,2000
2020-09-03 09:32:02.570,4.883,600
2020-09-03 09:32:03.030,4.885,500
2020-09-03 09:32:03.060,4.885,1000
2020-09-03 09:32:03.300,4.884,1000
2020-09-03 09:32:03.300,4.883,7100
2020-09-03 09:32:04.380,4.885,300
2020-09-03 09:32:04.770,4.885,15400
2020-09-03 09:32:04.770,4.885,44700
2020-09-03 09:32:04.770,4.886,10000
2020-09-03 09:32:04.770,4.886,5000
2020-09-03 09:32:04.770,4.886,4900
2020-09-03 09:32:05.350,4.884,10000
2020-09-03 09:32:05.350,4.883,26000
2020-09-03 09:32:07.550,4.885,5000
2020-09-03 09:32:09.260,4.886,5600
2020-09-03 09:32:09.530,4.885,50000
2020-09-03 09:32:09.530,4.885,300
2020-09-03 09:32:09.530,4.884,49700
2020-09-03 09:32:09.680,4.885,100
2020-09-03 09:32:09.680,4.884,1900
2020-09-03 09:32:10.950,4.885,3000
2020-09-03 09:32:10.950,4.884,97000
2020-09-03 09:32:11.410,4.885,600
2020-09-03 09:32:11.910,4.884,5000
2020-09-03 09:32:12.500,4.885,100
2020-09-03 09:32:12.590,4.885,100
2020-09-03 09:32:13.170,4.885,1200
2020-09-03 09:32:13.170,4.886,800
2020-09-03 09:32:13.770,4.886,7800
2020-09-03 09:32:13.770,4.886,20000
2020-09-03 09:32:13.770,4.886,2200
2020-09-03 09:32:13.770,4.886,100
2020-09-03 09:32:14.630,4.885,600
2020-09-03 09:32:14.630,4.884,4400
2020-09-03 09:32:15.750,4.885,15000
2020-09-03 09:32:15.750,4.885,400
2020-09-03 09:32:15.750,4.885,100
2020-09-03 09:32:15.750,4.885,30200
2020-09-03 09:32:15.750,4.884,23600
2020-09-03 09:32:16.890,4.886,700
2020-09-03 09:32:16.890,4.886,800
2020-09-03 09:32:16.890,4.887,5000
2020-09-03 09:32:17.260,4.886,10000
2020-09-03 09:32:17.450,4.886,89100
2020-09-03 09:32:17.450,4.885,10000
2020-09-03 09:32:17.450,4.884,900
2020-09-03 09:32:17.450,4.884,94500
2020-09-03 09:32:18.010,4.884,100000
2020-09-03 09:32:18.660,4.885,20000
2020-09-03 09:32:18.660,4.884,74500
2020-09-03 09:32:18.660,4.887,6400
2020-09-03 09:32:19.010,4.885,1300
2020-09-03 09:32:19.480,4.885,2600
2020-09-03 09:32:22.360,4.886,500
2020-09-03 09:32:24.440,4.887,600
2020-09-03 09:32:24.990,4.886,2500
2020-09-03 09:32:25.190,4.887,1000
2020-09-03 09:32:25.620,4.887,2800
2020-09-03 09:32:25.720,4.886,1000
2020-09-03 09:32:26.180,4.887,5000
2020-09-03 09:32:26.450,4.887,200
2020-09-03 09:32:27.450,4.887,100000
2020-09-03 09:32:29.520,4.887,4500
2020-09-03 09:32:31.130,4.886,2000
2020-09-03 09:32:31.190,4.887,1200
2020-09-03 09:32:31.210,4.886,1200
2020-09-03 09:32:31.800,4.887,4900
2020-09-03 09:32:32.970,4.886,4500
2020-09-03 09:32:33.490,4.886,5700
2020-09-03 09:32:33.490,4.886,200
2020-09-03 09:32:33.490,4.886,1200
2020-09-03 09:32:33.490,4.886,500
2020-09-03 09:32:33.490,4.885,500
2020-09-03 09:32:33.490,4.885,200
2020-09-03 09:32:33.490,4.885,300
2020-09-03 09:32:33.490,4.885,2000
2020-09-03 09:32:33.490,4.885,300
2020-09-03 09:32:33.490,4.885,5000
2020-09-03 09:32:33.490,4.885,13100
2020-09-03 09:32:33.490,4.885,1000
2020-09-03 09:32:33.490,4.885,400
2020-09-03 09:32:33.490,4.885,20000
2020-09-03 09:32:33.490,4.885,6100
2020-09-03 09:32:33.490,4.885,3000
2020-09-03 09:32:33.490,4.885,20000
2020-09-03 09:32:33.490,4.885,400
2020-09-03 09:32:33.490,4.885,200
2020-09-03 09:32:34.260,4.887,200
2020-09-03 09:32:34.560,4.886,1000
2020-09-03 09:32:35.160,4.886,100
2020-09-03 09:32:35.390,4.885,49800
2020-09-03 09:32:35.390,4.885,10000
2020-09-03 09:32:35.390,4.885,240200
2020-09-03 09:32:35.520,4.886,1400
2020-09-03 09:32:35.520,4.887,600
2020-09-03 09:32:36.310,4.887,11000
2020-09-03 09:32:37.520,4.887,5000
2020-09-03 09:32:38.310,4.887,5000
2020-09-03 09:32:38.340,4.886,900
2020-09-03 09:32:38.490,4.885,8000
2020-09-03 09:32:38.710,4.886,5300
2020-09-03 09:32:38.890,4.886,2000
2020-09-03 09:32:40.720,4.886,500
2020-09-03 09:32:41.350,4.885,201800
2020-09-03 09:32:41.350,4.885,1000
2020-09-03 09:32:41.350,4.885,70000
2020-09-03 09:32:41.350,4.885,100
2020-09-03 09:32:41.350,4.885,5000
2020-09-03 09:32:41.350,4.885,500
2020-09-03 09:32:41.470,4.885,2100
2020-09-03 09:32:41.470,4.884,1000
2020-09-03 09:32:41.620,4.885,100
2020-09-03 09:32:41.860,4.885,10000
2020-09-03 09:32:41.980,4.885,3000
2020-09-03 09:32:42.100,4.885,500
2020-09-03 09:32:42.200,4.885,5900
2020-09-03 09:32:42.200,4.885,4400
2020-09-03 09:32:42.230,4.885,3200
2020-09-03 09:32:42.570,4.884,9000
2020-09-03 09:32:42.570,4.884,20000
2020-09-03 09:32:42.570,4.884,50000
2020-09-03 09:32:42.570,4.884,217000
2020-09-03 09:32:42.950,4.884,33000
2020-09-03 09:32:43.710,4.885,100
2020-09-03 09:32:44.170,4.884,20000
2020-09-03 09:32:44.940,4.884,1100
2020-09-03 09:32:44.940,4.884,1000
2020-09-03 09:32:44.940,4.884,200
2020-09-03 09:32:44.970,4.884,1000
2020-09-03 09:32:46.950,4.884,500
2020-09-03 09:32:47.080,4.884,50000
2020-09-03 09:32:47.140,4.884,3000
2020-09-03 09:32:47.200,4.883,1000
2020-09-03 09:32:47.200,4.883,500
2020-09-03 09:32:47.200,4.883,25000
2020-09-03 09:32:47.200,4.883,1500
2020-09-03 09:32:47.750,4.884,243200
2020-09-03 09:32:48.100,4.884,150100
2020-09-03 09:32:48.410,4.884,39300
2020-09-03 09:32:48.840,4.885,1000
2020-09-03 09:32:49.430,4.885,600
2020-09-03 09:32:50.080,4.884,1900
2020-09-03 09:32:50.080,4.885,200
2020-09-03 09:32:50.200,4.884,3900
2020-09-03 09:32:50.300,4.884,38400
2020-09-03 09:32:50.300,4.885,1000
2020-09-03 09:32:52.540,4.884,150100
2020-09-03 09:32:52.810,4.885,5000
2020-09-03 09:32:53.340,4.885,1100
2020-09-03 09:32:53.370,4.885,5000
2020-09-03 09:32:53.640,4.885,10000
2020-09-03 09:32:53.970,4.884,1600
2020-09-03 09:32:54.160,4.885,100
2020-09-03 09:32:54.770,4.885,1000
2020-09-03 09:32:54.880,4.885,100
2020-09-03 09:32:55.170,4.885,11000
2020-09-03 09:32:55.170,4.885,295000
2020-09-03 09:32:55.170,4.885,4900
2020-09-03 09:32:55.170,4.885,5000
2020-09-03 09:32:55.200,4.884,200
2020-09-03 09:32:59.040,4.885,2000
2020-09-03 09:32:59.150,4.885,5800
2020-09-03 09:32:59.620,4.886,2800
2020-09-03 09:32:59.620,4.886,18100
2020-09-03 09:32:59.950,4.885,1000
2020-09-03 09:32:59.950,4.885,200
2020-09-03 09:32:59.950,4.885,200
2020-09-03 09:33:00.280,4.885,600
2020-09-03 09:33:03.030,4.885,32200
2020-09-03 09:33:03.030,4.885,92600
2020-09-03 09:33:03.420,4.886,1900
2020-09-03 09:33:03.420,4.886,5000
2020-09-03 09:33:03.420,4.886,100
2020-09-03 09:33:03.420,4.886,900
2020-09-03 09:33:05.400,4.886,5000
2020-09-03 09:33:06.050,4.886,7200
2020-09-03 09:33:06.730,4.886,100
2020-09-03 09:33:07.760,4.886,700
2020-09-03 09:33:08.010,4.886,400
2020-09-03 09:33:08.010,4.886,4000
2020-09-03 09:33:08.010,4.886,10000
2020-09-03 09:33:08.010,4.886,9000
2020-09-03 09:33:08.010,4.886,100
2020-09-03 09:33:08.010,4.886,1500
2020-09-03 09:33:08.250,4.886,2400
2020-09-03 09:33:08.250,4.886,600
2020-09-03 09:33:08.250,4.886,700
2020-09-03 09:33:08.630,4.887,100
2020-09-03 09:33:09.470,4.886,100
2020-09-03 09:33:10.310,4.887,2200
2020-09-03 09:33:10.370,4.887,37000
2020-09-03 09:33:10.370,4.887,1500
2020-09-03 09:33:10.370,4.887,400
2020-09-03 09:33:10.370,4.887,5000
2020-09-03 09:33:10.370,4.887,10000
2020-09-03 09:33:10.370,4.887,5000
2020-09-03 09:33:10.790,4.888,900
2020-09-03 09:33:10.790,4.888,32100
2020-09-03 09:33:10.940,4.887,1900
2020-09-03 09:33:11.050,4.888,2400
2020-09-03 09:33:11.050,4.888,30000
2020-09-03 09:33:11.050,4.888,123900
2020-09-03 09:33:11.050,4.888,60000
2020-09-03 09:33:14.250,4.888,3100
2020-09-03 09:33:14.490,4.888,2500
2020-09-03 09:33:14.970,4.889,100
2020-09-03 09:33:14.970,4.889,3500
2020-09-03 09:33:15.550,4.89,4100
2020-09-03 09:33:15.550,4.89,13600
2020-09-03 09:33:15.550,4.89,2000
2020-09-03 09:33:15.550,4.89,6300
2020-09-03 09:33:15.550,4.89,15000
2020-09-03 09:33:15.550,4.89,5200
2020-09-03 09:33:16.000,4.889,1000
2020-09-03 09:33:16.000,4.891,200
2020-09-03 09:33:16.000,4.891,8000
2020-09-03 09:33:16.000,4.891,400
2020-09-03 09:33:16.000,4.891,10000
2020-09-03 09:33:16.000,4.891,1000
2020-09-03 09:33:16.000,4.891,60000
2020-09-03 09:33:16.910,4.891,3600
2020-09-03 09:33:17.480,4.891,1400
2020-09-03 09:33:17.840,4.891,44000
2020-09-03 09:33:18.660,4.89,300
2020-09-03 09:33:19.230,4.89,100
2020-09-03 09:33:19.700,4.89,500
2020-09-03 09:33:19.730,4.89,33000
2020-09-03 09:33:23.140,4.89,8200
2020-09-03 09:33:23.560,4.89,5000
2020-09-03 09:33:26.040,4.891,3000
2020-09-03 09:33:26.430,4.891,400
2020-09-03 09:33:26.430,4.891,500
2020-09-03 09:33:26.430,4.891,6800
2020-09-03 09:33:26.910,4.891,400
2020-09-03 09:33:27.560,4.89,10000
2020-09-03 09:33:27.560,4.89,100
2020-09-03 09:33:27.560,4.89,1000
2020-09-03 09:33:27.560,4.89,400
2020-09-03 09:33:28.410,4.89,100
2020-09-03 09:33:29.570,4.891,100
2020-09-03 09:33:30.370,4.891,9000
2020-09-03 09:33:30.890,4.889,60000
2020-09-03 09:33:30.890,4.889,300
2020-09-03 09:33:30.890,4.889,100
2020-09-03 09:33:30.890,4.889,500
2020-09-03 09:33:30.890,4.889,400
2020-09-03 09:33:30.890,4.889,700
2020-09-03 09:33:30.890,4.889,50000
2020-09-03 09:33:31.100,4.889,10200
2020-09-03 09:33:31.130,4.889,8000
2020-09-03 09:33:31.170,4.889,8300
2020-09-03 09:33:31.200,4.889,5000
2020-09-03 09:33:31.820,4.889,3000
2020-09-03 09:33:32.000,4.889,7000
2020-09-03 09:33:32.490,4.889,10000
2020-09-03 09:33:33.090,4.89,500
2020-09-03 09:33:34.070,4.89,500
2020-09-03 09:33:34.070,4.89,4500
2020-09-03 09:33:34.570,4.89,15500
2020-09-03 09:33:34.570,4.89,7000
2020-09-03 09:33:34.860,4.89,5000
2020-09-03 09:33:34.920,4.89,1000
2020-09-03 09:33:35.560,4.89,3000
2020-09-03 09:33:35.710,4.89,500
2020-09-03 09:33:35.930,4.889,4800
2020-09-03 09:33:36.680,4.889,100
2020-09-03 09:33:36.800,4.889,300
2020-09-03 09:33:37.710,4.888,200
2020-09-03 09:33:37.710,4.888,100
2020-09-03 09:33:37.710,4.889,100
2020-09-03 09:33:39.640,4.889,5000
2020-09-03 09:33:41.750,4.888,2000
2020-09-03 09:33:43.510,4.888,5000
2020-09-03 09:33:43.900,4.889,500
2020-09-03 09:33:44.470,4.888,2800
2020-09-03 09:33:44.470,4.888,3000
2020-09-03 09:33:44.470,4.888,1100
2020-09-03 09:33:45.760,4.889,10000
2020-09-03 09:33:46.090,4.889,2000
2020-09-03 09:33:46.780,4.888,8900
2020-09-03 09:33:46.780,4.888,1000
2020-09-03 09:33:46.780,4.888,5000
2020-09-03 09:33:46.780,4.888,5800
2020-09-03 09:33:46.920,4.888,2000
2020-09-03 09:33:47.050,4.888,300
2020-09-03 09:33:47.050,4.888,5000
2020-09-03 09:33:47.990,4.888,100
2020-09-03 09:33:48.140,4.888,500
2020-09-03 09:33:48.530,4.888,271500
2020-09-03 09:33:48.530,4.888,2200
2020-09-03 09:33:48.530,4.888,100
2020-09-03 09:33:48.530,4.889,7200
2020-09-03 09:33:48.530,4.889,2000
2020-09-03 09:33:49.700,4.889,300100
2020-09-03 09:33:49.870,4.889,300
2020-09-03 09:33:50.640,4.889,50000
2020-09-03 09:33:51.150,4.889,300
2020-09-03 09:33:51.860,4.889,5400
2020-09-03 09:33:54.470,4.889,9400
2020-09-03 09:33:54.970,4.889,89800
2020-09-03 09:33:54.970,4.889,10000
2020-09-03 09:33:54.970,4.889,2000
2020-09-03 09:33:54.970,4.889,300
2020-09-03 09:33:54.970,4.889,20300
2020-09-03 09:33:54.970,4.889,19800
2020-09-03 09:33:54.970,4.888,200
2020-09-03 09:33:54.970,4.888,500
2020-09-03 09:33:55.700,4.888,1000
2020-09-03 09:33:57.060,4.888,2000
2020-09-03 09:33:57.380,4.888,22000
2020-09-03 09:33:57.760,4.888,1500
2020-09-03 09:33:58.520,4.888,2000
2020-09-03 09:34:00.300,4.888,1000
2020-09-03 09:34:00.460,4.888,100
2020-09-03 09:34:01.880,4.887,92400
2020-09-03 09:34:01.880,4.887,500
2020-09-03 09:34:01.880,4.887,200
2020-09-03 09:34:01.880,4.887,10000
2020-09-03 09:34:01.880,4.887,1000
2020-09-03 09:34:01.880,4.887,100
2020-09-03 09:34:01.880,4.887,500
2020-09-03 09:34:01.880,4.887,1000
2020-09-03 09:34:01.880,4.887,200
2020-09-03 09:34:02.420,4.887,94100
2020-09-03 09:34:02.420,4.888,105900
2020-09-03 09:34:03.050,4.888,300
2020-09-03 09:34:04.320,4.888,1000
2020-09-03 09:34:05.190,4.888,12900
2020-09-03 09:34:05.250,4.888,2000
2020-09-03 09:34:07.380,4.886,1100
2020-09-03 09:34:07.380,4.886,600
2020-09-03 09:34:07.380,4.886,2700
2020-09-03 09:34:07.380,4.886,2000
2020-09-03 09:34:07.380,4.886,200
2020-09-03 09:34:07.380,4.886,23400
2020-09-03 09:34:07.500,4.886,3400
2020-09-03 09:34:07.720,4.888,1000
2020-09-03 09:34:07.810,4.888,300
2020-09-03 09:34:07.950,4.888,4100
2020-09-03 09:34:07.950,4.888,300
2020-09-03 09:34:08.430,4.888,1000
2020-09-03 09:34:09.070,4.886,33200
2020-09-03 09:34:09.070,4.886,4000
2020-09-03 09:34:09.070,4.886,10000
2020-09-03 09:34:09.070,4.886,1000
2020-09-03 09:34:09.070,4.886,500
2020-09-03 09:34:09.070,4.886,200
2020-09-03 09:34:09.070,4.886,1200
2020-09-03 09:34:09.070,4.886,3400
2020-09-03 09:34:09.070,4.886,200
2020-09-03 09:34:09.070,4.886,200
2020-09-03 09:34:09.070,4.886,5000
2020-09-03 09:34:09.070,4.886,5000
2020-09-03 09:34:09.070,4.886,200
2020-09-03 09:34:09.070,4.886,500
2020-09-03 09:34:09.070,4.886,500
2020-09-03 09:34:09.070,4.886,1100
2020-09-03 09:34:10.470,4.888,1000
2020-09-03 09:34:10.890,4.888,2600
2020-09-03 09:34:10.920,4.888,200
2020-09-03 09:34:11.330,4.888,3500
2020-09-03 09:34:11.600,4.889,5000
2020-09-03 09:34:11.600,4.889,5000
2020-09-03 09:34:12.850,4.888,1000
2020-09-03 09:34:12.850,4.888,200
2020-09-03 09:34:12.850,4.888,11700
2020-09-03 09:34:14.170,4.889,25000
2020-09-03 09:34:14.170,4.889,100
2020-09-03 09:34:14.170,4.889,2000
2020-09-03 09:34:14.170,4.889,11000
2020-09-03 09:34:14.170,4.89,500
2020-09-03 09:34:14.170,4.89,200
2020-09-03 09:34:14.170,4.89,25000
2020-09-03 09:34:14.170,4.89,200
2020-09-03 09:34:14.170,4.89,200
2020-09-03 09:34:14.170,4.89,60000
2020-09-03 09:34:14.380,4.89,75800
2020-09-03 09:34:14.380,4.888,128300
2020-09-03 09:34:14.440,4.888,10000
2020-09-03 09:34:14.980,4.888,25000
2020-09-03 09:34:15.640,4.888,800
2020-09-03 09:34:17.910,4.889,3000
2020-09-03 09:34:19.010,4.891,13700
2020-09-03 09:34:19.010,4.891,10600
2020-09-03 09:34:19.010,4.891,100
2020-09-03 09:34:19.010,4.891,2000
2020-09-03 09:34:19.010,4.891,2000
2020-09-03 09:34:19.010,4.891,26000
2020-09-03 09:34:19.100,4.891,19300
2020-09-03 09:34:19.790,4.891,30000
2020-09-03 09:34:20.340,4.891,300000
2020-09-03 09:34:20.490,4.891,37600
2020-09-03 09:34:22.870,4.891,2900
2020-09-03 09:34:22.930,4.891,1000
2020-09-03 09:34:24.680,4.891,3700
2020-09-03 09:34:27.860,4.891,10200
2020-09-03 09:34:28.210,4.892,100
2020-09-03 09:34:28.630,4.892,100
2020-09-03 09:34:28.660,4.892,200
2020-09-03 09:34:29.480,4.892,2400
2020-09-03 09:34:29.920,4.892,200
2020-09-03 09:34:30.020,4.892,100
2020-09-03 09:34:30.020,4.892,200
2020-09-03 09:34:30.200,4.892,1100
2020-09-03 09:34:30.730,4.892,10000
2020-09-03 09:34:31.040,4.891,300000
2020-09-03 09:34:33.390,4.892,7000
2020-09-03 09:34:33.690,4.892,3000
2020-09-03 09:34:33.690,4.892,1000
2020-09-03 09:34:34.100,4.892,2900
2020-09-03 09:34:34.860,4.891,6900
2020-09-03 09:34:38.960,4.892,100
2020-09-03 09:34:38.960,4.892,9800
2020-09-03 09:34:39.280,4.892,2000
2020-09-03 09:34:40.470,4.891,25000
2020-09-03 09:34:41.210,4.892,700
2020-09-03 09:34:44.170,4.892,5000
2020-09-03 09:34:45.510,4.891,400
2020-09-03 09:34:46.840,4.892,12500
2020-09-03 09:34:46.840,4.892,1000
2020-09-03 09:34:46.840,4.892,500
2020-09-03 09:34:46.840,4.892,4400
2020-09-03 09:34:46.840,4.892,1600
2020-09-03 09:34:46.870,4.892,200
2020-09-03 09:34:48.600,4.891,108600
2020-09-03 09:34:48.600,4.891,100
2020-09-03 09:34:48.600,4.891,6700
2020-09-03 09:34:48.600,4.891,300
2020-09-03 09:34:48.600,4.89,1000
2020-09-03 09:34:48.600,4.89,11500
2020-09-03 09:34:48.600,4.89,1200
2020-09-03 09:34:49.170,4.89,20000
2020-09-03 09:34:50.770,4.89,20000
2020-09-03 09:34:53.720,4.89,100
2020-09-03 09:34:54.510,4.89,100
2020-09-03 09:34:55.280,4.889,3100
2020-09-03 09:34:55.340,4.89,500
2020-09-03 09:34:56.750,4.89,100
2020-09-03 09:34:59.310,4.889,10000
2020-09-03 09:34:59.840,4.889,3100
2020-09-03 09:34:59.990,4.89,400
2020-09-03 09:35:00.260,4.89,100
2020-09-03 09:35:00.530,4.89,15000
2020-09-03 09:35:02.040,4.89,114300
2020-09-03 09:35:02.040,4.89,10000
2020-09-03 09:35:03.100,4.89,2000
2020-09-03 09:35:03.130,4.891,100
2020-09-03 09:35:03.250,4.89,1100
2020-09-03 09:35:03.530,4.89,10000
2020-09-03 09:35:04.820,4.89,4000
2020-09-03 09:35:08.380,4.89,122000
2020-09-03 09:35:08.380,4.89,100
2020-09-03 09:35:08.380,4.89,200
2020-09-03 09:35:08.380,4.89,900
2020-09-03 09:35:08.380,4.89,15000
2020-09-03 09:35:08.380,4.89,161800
2020-09-03 09:35:08.770,4.89,300000
2020-09-03 09:35:09.130,4.89,17500
2020-09-03 09:35:09.370,4.891,5300
2020-09-03 09:35:09.370,4.891,1000
2020-09-03 09:35:09.370,4.891,1900
2020-09-03 09:35:09.490,4.891,500
2020-09-03 09:35:11.700,4.889,800
2020-09-03 09:35:11.890,4.89,1300
2020-09-03 09:35:11.890,4.89,100
2020-09-03 09:35:12.880,4.889,1600
2020-09-03 09:35:12.940,4.89,1000
2020-09-03 09:35:12.940,4.889,10800
2020-09-03 09:35:13.060,4.89,3900
2020-09-03 09:35:13.930,4.89,10100
2020-09-03 09:35:14.310,4.89,30900
2020-09-03 09:35:14.820,4.89,5100
2020-09-03 09:35:16.140,4.89,500
2020-09-03 09:35:16.250,4.889,500
2020-09-03 09:35:17.080,4.89,200
2020-09-03 09:35:17.320,4.89,200
2020-09-03 09:35:17.350,4.889,167100
2020-09-03 09:35:17.350,4.889,100
2020-09-03 09:35:17.350,4.889,300
2020-09-03 09:35:17.350,4.889,200
2020-09-03 09:35:17.350,4.889,300
2020-09-03 09:35:17.350,4.889,1000
2020-09-03 09:35:17.350,4.889,11000
2020-09-03 09:35:17.350,4.889,5000
2020-09-03 09:35:18.080,4.889,10100
2020-09-03 09:35:18.080,4.89,600
2020-09-03 09:35:18.120,4.888,100
2020-09-03 09:35:18.120,4.888,5900
2020-09-03 09:35:18.430,4.889,200
2020-09-03 09:35:18.570,4.889,4000
2020-09-03 09:35:18.920,4.889,200
2020-09-03 09:35:19.050,4.889,2000
2020-09-03 09:35:21.040,4.889,2000
2020-09-03 09:35:21.390,4.888,5900
2020-09-03 09:35:21.810,4.889,500
2020-09-03 09:35:21.810,4.889,1500
2020-09-03 09:35:22.530,4.889,100
2020-09-03 09:35:22.560,4.888,108200
2020-09-03 09:35:22.560,4.888,60000
2020-09-03 09:35:22.560,4.888,3700
2020-09-03 09:35:22.560,4.888,600
2020-09-03 09:35:22.560,4.888,50000
2020-09-03 09:35:22.560,4.888,1000
2020-09-03 09:35:22.560,4.888,1000
2020-09-03 09:35:22.560,4.888,10000
2020-09-03 09:35:22.560,4.888,400
2020-09-03 09:35:22.560,4.888,11000
2020-09-03 09:35:22.560,4.888,5000
2020-09-03 09:35:22.560,4.888,200
2020-09-03 09:35:22.560,4.888,100
2020-09-03 09:35:24.350,4.888,100
2020-09-03 09:35:24.860,4.888,200
2020-09-03 09:35:25.420,4.887,3000
2020-09-03 09:35:25.420,4.887,50000
2020-09-03 09:35:25.420,4.887,200
2020-09-03 09:35:25.420,4.887,1000
2020-09-03 09:35:25.420,4.887,45800
2020-09-03 09:35:25.900,4.888,30000
2020-09-03 09:35:26.790,4.887,14600
2020-09-03 09:35:28.560,4.888,1100
2020-09-03 09:35:29.380,4.888,200
2020-09-03 09:35:29.470,4.887,2000
2020-09-03 09:35:30.250,4.887,20000
2020-09-03 09:35:31.040,4.888,10400
2020-09-03 09:35:31.440,4.887,20000
2020-09-03 09:35:32.410,4.887,100
2020-09-03 09:35:33.150,4.887,6600
2020-09-03 09:35:33.660,4.887,600
2020-09-03 09:35:34.570,4.887,300000
2020-09-03 09:35:34.630,4.888,6800
2020-09-03 09:35:34.630,4.888,1600
2020-09-03 09:35:34.630,4.888,1600
2020-09-03 09:35:34.690,4.888,10000
2020-09-03 09:35:35.380,4.887,90300
2020-09-03 09:35:35.380,4.887,300
2020-09-03 09:35:35.380,4.886,209400
2020-09-03 09:35:35.540,4.886,100
2020-09-03 09:35:35.570,4.888,15400
2020-09-03 09:35:36.360,4.886,11000
2020-09-03 09:35:37.190,4.888,800
2020-09-03 09:35:39.840,4.888,200
2020-09-03 09:35:40.310,4.887,2500
2020-09-03 09:35:40.450,4.888,10200
2020-09-03 09:35:40.450,4.888,2000
2020-09-03 09:35:40.450,4.888,10000
2020-09-03 09:35:40.450,4.888,10000
2020-09-03 09:35:41.130,4.888,32200
2020-09-03 09:35:41.130,4.888,32200
2020-09-03 09:35:41.130,4.887,2100
2020-09-03 09:35:41.430,4.889,14700
2020-09-03 09:35:41.430,4.889,2000
2020-09-03 09:35:41.430,4.89,400
2020-09-03 09:35:41.430,4.89,1500
2020-09-03 09:35:41.430,4.89,20000
2020-09-03 09:35:43.310,4.891,1000
2020-09-03 09:35:44.750,4.89,21400
2020-09-03 09:35:44.980,4.89,20100
2020-09-03 09:35:44.980,4.89,4900
2020-09-03 09:35:47.750,4.89,600
2020-09-03 09:35:49.400,4.89,3000
2020-09-03 09:35:49.580,4.891,100
2020-09-03 09:35:49.610,4.89,100
2020-09-03 09:35:49.610,4.89,300
2020-09-03 09:35:49.910,4.89,14600
2020-09-03 09:35:50.260,4.89,37800
2020-09-03 09:35:51.540,4.889,3000
2020-09-03 09:35:53.310,4.888,400
2020-09-03 09:35:53.310,4.887,400
2020-09-03 09:35:53.310,4.887,5000
2020-09-03 09:35:53.310,4.887,1200
2020-09-03 09:35:56.530,4.889,200
2020-09-03 09:35:58.620,4.889,2000
2020-09-03 09:36:00.340,4.889,800
2020-09-03 09:36:00.340,4.889,1200
2020-09-03 09:36:00.340,4.889,8200
2020-09-03 09:36:00.660,4.889,1400
2020-09-03 09:36:01.450,4.887,1400
2020-09-03 09:36:04.520,4.889,4300
2020-09-03 09:36:04.820,4.887,26600
2020-09-03 09:36:04.820,4.887,4500
2020-09-03 09:36:04.820,4.887,100
2020-09-03 09:36:04.820,4.887,100
2020-09-03 09:36:04.820,4.886,28700
2020-09-03 09:36:07.170,4.889,100
2020-09-03 09:36:07.400,4.887,100
2020-09-03 09:36:07.400,4.886,299900
2020-09-03 09:36:07.740,4.888,2000
2020-09-03 09:36:07.740,4.886,10700
2020-09-03 09:36:08.030,4.889,4000
2020-09-03 09:36:08.190,4.888,2000
2020-09-03 09:36:09.670,4.886,3000
2020-09-03 09:36:09.790,4.888,10000
2020-09-03 09:36:11.690,4.886,5100
2020-09-03 09:36:12.420,4.886,5000
2020-09-03 09:36:13.370,4.886,22300
2020-09-03 09:36:15.170,4.886,1400
2020-09-03 09:36:17.340,4.886,2300
2020-09-03 09:36:17.340,4.886,2700
2020-09-03 09:36:17.830,4.886,300
2020-09-03 09:36:17.830,4.886,500
2020-09-03 09:36:18.080,4.887,9500
2020-09-03 09:36:18.080,4.887,300
2020-09-03 09:36:18.080,4.887,22600
2020-09-03 09:36:19.110,4.888,30500
2020-09-03 09:36:19.470,4.889,100
2020-09-03 09:36:19.560,4.887,5000
2020-09-03 09:36:20.270,4.889,1000
2020-09-03 09:36:20.450,4.887,3000
2020-09-03 09:36:21.000,4.887,24400
2020-09-03 09:36:21.000,4.887,300
2020-09-03 09:36:21.000,4.886,10500
2020-09-03 09:36:21.000,4.886,6100
2020-09-03 09:36:21.000,4.886,100
2020-09-03 09:36:21.000,4.886,100
2020-09-03 09:36:21.000,4.886,30000
2020-09-03 09:36:21.000,4.886,5000
2020-09-03 09:36:21.000,4.886,13200
2020-09-03 09:36:21.120,4.889,1700
2020-09-03 09:36:21.480,4.887,14900
2020-09-03 09:36:24.730,4.888,400
2020-09-03 09:36:25.520,4.888,100
2020-09-03 09:36:26.780,4.889,500
2020-09-03 09:36:27.280,4.889,10700
2020-09-03 09:36:27.280,4.889,10000
2020-09-03 09:36:27.280,4.889,20000
2020-09-03 09:36:27.280,4.889,4300
2020-09-03 09:36:27.280,4.889,600
2020-09-03 09:36:27.280,4.889,3000
2020-09-03 09:36:28.440,4.888,2000
2020-09-03 09:36:29.060,4.888,600
2020-09-03 09:36:29.340,4.889,100
2020-09-03 09:36:29.340,4.889,1100
2020-09-03 09:36:29.340,4.89,353500
2020-09-03 09:36:29.340,4.89,100
2020-09-03 09:36:29.340,4.89,5000
2020-09-03 09:36:29.340,4.89,1100
2020-09-03 09:36:29.340,4.89,1500
2020-09-03 09:36:29.340,4.89,300000
2020-09-03 09:36:29.340,4.89,300
2020-09-03 09:36:29.340,4.89,60000
2020-09-03 09:36:29.340,4.89,54100
2020-09-03 09:36:29.340,4.891,1500
2020-09-03 09:36:29.340,4.891,2000
2020-09-03 09:36:29.340,4.891,2000
2020-09-03 09:36:29.340,4.891,10100
2020-09-03 09:36:29.340,4.891,400
2020-09-03 09:36:29.340,4.891,23000
2020-09-03 09:36:29.340,4.891,19700
2020-09-03 09:36:32.440,4.892,2000
2020-09-03 09:36:32.440,4.892,50000
2020-09-03 09:36:32.440,4.892,10000
2020-09-03 09:36:32.440,4.892,2000
2020-09-03 09:36:32.440,4.892,5800
2020-09-03 09:36:32.440,4.892,100
2020-09-03 09:36:32.440,4.892,10100
2020-09-03 09:36:34.950,4.891,1000
2020-09-03 09:36:36.110,4.892,25
2020-09-03 09:36:36.250,4.893,200
2020-09-03 09:36:36.250,4.893,3000
2020-09-03 09:36:37.840,4.893,600
2020-09-03 09:36:38.550,4.893,4700
2020-09-03 09:36:38.610,4.893,100
2020-09-03 09:36:41.340,4.893,1400
2020-09-03 09:36:41.340,4.893,100
2020-09-03 09:36:41.340,4.893,300
2020-09-03 09:36:41.910,4.892,900
2020-09-03 09:36:42.430,4.893,200
2020-09-03 09:36:44.730,4.893,100
2020-09-03 09:36:45.690,4.893,2100
2020-09-03 09:36:45.690,4.894,100
2020-09-03 09:36:45.690,4.894,1000
2020-09-03 09:36:48.420,4.893,100
2020-09-03 09:36:51.110,4.892,600
2020-09-03 09:36:51.110,4.892,100
2020-09-03 09:36:51.110,4.892,100
2020-09-03 09:36:51.110,4.892,200
2020-09-03 09:36:51.710,4.892,1500
2020-09-03 09:36:51.710,4.892,1600
2020-09-03 09:36:52.120,4.892,3000
2020-09-03 09:36:52.180,4.893,100
2020-09-03 09:36:53.220,4.892,15400
2020-09-03 09:36:54.230,4.892,400
2020-09-03 09:36:55.460,4.892,100
2020-09-03 09:36:56.350,4.891,63500
2020-09-03 09:36:56.350,4.891,3000
2020-09-03 09:36:56.350,4.891,1000
2020-09-03 09:36:57.460,4.891,2000
2020-09-03 09:36:57.520,4.891,5000
2020-09-03 09:36:57.840,4.891,20000
2020-09-03 09:36:58.280,4.891,1200
2020-09-03 09:36:59.540,4.891,25300
2020-09-03 09:36:59.990,4.891,600
2020-09-03 09:37:01.100,4.891,100
2020-09-03 09:37:03.210,4.89,10100
2020-09-03 09:37:03.210,4.89,2500
2020-09-03 09:37:05.480,4.89,3000
2020-09-03 09:37:09.410,4.89,5000
2020-09-03 09:37:10.130,4.889,400
2020-09-03 09:37:10.130,4.889,100
2020-09-03 09:37:10.130,4.889,2500
2020-09-03 09:37:11.150,4.89,1000
2020-09-03 09:37:11.300,4.89,5000
2020-09-03 09:37:11.570,4.89,20200
2020-09-03 09:37:12.460,4.89,253200
2020-09-03 09:37:12.460,4.89,111000
2020-09-03 09:37:12.700,4.89,100
2020-09-03 09:37:13.400,4.89,114100
2020-09-03 09:37:13.400,4.89,1000
2020-09-03 09:37:13.400,4.89,1900
2020-09-03 09:37:13.400,4.89,5000
2020-09-03 09:37:13.400,4.89,3000
2020-09-03 09:37:13.400,4.89,2000
2020-09-03 09:37:14.740,4.89,3000
2020-09-03 09:37:15.180,4.89,5900
2020-09-03 09:37:15.300,4.891,178300
2020-09-03 09:37:15.300,4.891,100
2020-09-03 09:37:15.300,4.891,3000
2020-09-03 09:37:15.300,4.891,600
2020-09-03 09:37:16.570,4.891,400
2020-09-03 09:37:16.570,4.89,18200
2020-09-03 09:37:17.350,4.89,45900
2020-09-03 09:37:17.350,4.89,254100
2020-09-03 09:37:17.910,4.89,4500
2020-09-03 09:37:18.140,4.892,100
2020-09-03 09:37:19.500,4.891,5000
2020-09-03 09:37:20.350,4.89,300000
2020-09-03 09:37:22.850,4.89,3900
2020-09-03 09:37:23.340,4.89,257500
2020-09-03 09:37:23.340,4.89,2300
2020-09-03 09:37:23.340,4.89,100
2020-09-03 09:37:23.340,4.89,10000
2020-09-03 09:37:23.340,4.89,30100
2020-09-03 09:37:23.400,4.89,2200
2020-09-03 09:37:24.650,4.891,300
2020-09-03 09:37:24.650,4.891,1800
2020-09-03 09:37:25.190,4.89,167700
2020-09-03 09:37:25.190,4.89,132300
2020-09-03 09:37:25.550,4.89,10000
2020-09-03 09:37:26.370,4.89,57700
2020-09-03 09:37:26.370,4.89,100
2020-09-03 09:37:26.370,4.89,200000
2020-09-03 09:37:26.370,4.89,200
2020-09-03 09:37:26.370,4.89,100
2020-09-03 09:37:28.770,4.89,1000
2020-09-03 09:37:29.320,4.89,40900
2020-09-03 09:37:29.320,4.89,1500
2020-09-03 09:37:29.320,4.89,500
2020-09-03 09:37:29.320,4.89,700
2020-09-03 09:37:29.320,4.891,500
2020-09-03 09:37:29.320,4.891,600
2020-09-03 09:37:29.320,4.891,55300
2020-09-03 09:37:29.810,4.889,97500
2020-09-03 09:37:29.810,4.889,100
2020-09-03 09:37:29.810,4.889,202400
2020-09-03 09:37:30.260,4.891,5000
2020-09-03 09:37:30.320,4.891,500
2020-09-03 09:37:30.930,4.89,200
2020-09-03 09:37:30.930,4.889,100
2020-09-03 09:37:31.370,4.89,500
2020-09-03 09:37:33.430,4.89,500
2020-09-03 09:37:33.600,4.89,900
2020-09-03 09:37:33.930,4.89,4100
2020-09-03 09:37:33.930,4.89,4100
2020-09-03 09:37:34.010,4.89,200
2020-09-03 09:37:34.010,4.89,100
2020-09-03 09:37:34.010,4.89,7800
2020-09-03 09:37:34.210,4.891,100
2020-09-03 09:37:34.790,4.89,9800
2020-09-03 09:37:34.910,4.89,20000
2020-09-03 09:37:35.000,4.89,19000
2020-09-03 09:37:35.350,4.89,262700
2020-09-03 09:37:35.510,4.891,28400
2020-09-03 09:37:36.890,4.891,3000
2020-09-03 09:37:38.230,4.891,10400
2020-09-03 09:37:40.430,4.891,21400
2020-09-03 09:37:40.650,4.891,3200
2020-09-03 09:37:40.710,4.892,4000
2020-09-03 09:37:40.710,4.892,5500
2020-09-03 09:37:41.420,4.892,300000
2020-09-03 09:37:42.160,4.892,900
2020-09-03 09:37:42.160,4.892,2000
2020-09-03 09:37:43.850,4.892,3000
2020-09-03 09:37:43.910,4.892,3900
2020-09-03 09:37:44.410,4.892,300000
2020-09-03 09:37:44.940,4.893,4800
2020-09-03 09:37:44.940,4.893,300
2020-09-03 09:37:47.130,4.893,10900
2020-09-03 09:37:47.130,4.893,1000
2020-09-03 09:37:47.130,4.893,200
2020-09-03 09:37:47.130,4.893,400
2020-09-03 09:37:47.130,4.893,1000
2020-09-03 09:37:47.130,4.893,3600
2020-09-03 09:37:47.130,4.893,600
2020-09-03 09:37:47.130,4.893,600
2020-09-03 09:37:48.700,4.893,1000
2020-09-03 09:37:53.120,4.893,38700
2020-09-03 09:37:53.500,4.894,3900
2020-09-03 09:37:53.500,4.894,50000
2020-09-03 09:37:53.500,4.894,11000
2020-09-03 09:37:53.500,4.894,10500
2020-09-03 09:37:54.850,4.894,33800
2020-09-03 09:37:55.400,4.894,600
2020-09-03 09:37:57.720,4.894,30000
2020-09-03 09:37:57.870,4.894,10000
2020-09-03 09:37:58.510,4.895,2500
2020-09-03 09:37:58.510,4.895,20000
2020-09-03 09:37:58.510,4.895,400
2020-09-03 09:38:05.350,4.895,2700
2020-09-03 09:38:05.730,4.896,50000
2020-09-03 09:38:05.730,4.896,2000
2020-09-03 09:38:05.730,4.896,4800
2020-09-03 09:38:07.030,4.896,100
2020-09-03 09:38:07.360,4.896,1000
2020-09-03 09:38:08.350,4.897,400
2020-09-03 09:38:08.380,4.896,100
2020-09-03 09:38:08.870,4.896,2100
2020-09-03 09:38:08.870,4.896,2000
2020-09-03 09:38:08.870,4.896,6500
2020-09-03 09:38:08.870,4.896,31900
2020-09-03 09:38:09.570,4.897,800
2020-09-03 09:38:09.570,4.897,5700
2020-09-03 09:38:09.870,4.897,14300
2020-09-03 09:38:10.790,4.898,10000
2020-09-03 09:38:10.790,4.898,20700
2020-09-03 09:38:10.790,4.898,6200
2020-09-03 09:38:10.790,4.898,50000
2020-09-03 09:38:12.110,4.898,3000
2020-09-03 09:38:12.580,4.898,200
2020-09-03 09:38:13.120,4.899,4000
2020-09-03 09:38:13.120,4.899,2000
2020-09-03 09:38:13.120,4.899,10000
2020-09-03 09:38:13.120,4.899,100
2020-09-03 09:38:13.120,4.899,10000
2020-09-03 09:38:13.120,4.899,100
2020-09-03 09:38:13.120,4.899,60000
2020-09-03 09:38:16.400,4.899,1000
2020-09-03 09:38:16.940,4.899,10000
2020-09-03 09:38:16.970,4.9,900
2020-09-03 09:38:16.970,4.9,6400
2020-09-03 09:38:16.970,4.9,5500
2020-09-03 09:38:16.970,4.9,2000
2020-09-03 09:38:16.970,4.9,7300
2020-09-03 09:38:16.970,4.9,100
2020-09-03 09:38:16.970,4.9,15000
2020-09-03 09:38:16.970,4.9,3000
2020-09-03 09:38:16.970,4.9,20000
2020-09-03 09:38:16.970,4.9,4000
2020-09-03 09:38:16.970,4.9,5000
2020-09-03 09:38:16.970,4.9,1000
2020-09-03 09:38:16.970,4.9,4000
2020-09-03 09:38:16.970,4.9,55000
2020-09-03 09:38:17.470,4.901,94100
2020-09-03 09:38:17.470,4.901,2000
2020-09-03 09:38:17.470,4.901,500
2020-09-03 09:38:17.470,4.901,1000
2020-09-03 09:38:17.470,4.901,600
2020-09-03 09:38:18.180,4.902,3800
2020-09-03 09:38:18.180,4.902,5000
2020-09-03 09:38:18.180,4.902,6900
2020-09-03 09:38:18.180,4.902,200
2020-09-03 09:38:18.180,4.902,10000
2020-09-03 09:38:18.300,4.902,400
2020-09-03 09:38:19.660,4.902,30000
2020-09-03 09:38:20.560,4.902,100
2020-09-03 09:38:21.250,4.902,5000
2020-09-03 09:38:22.120,4.903,200
2020-09-03 09:38:22.120,4.903,2500
2020-09-03 09:38:22.120,4.903,500
2020-09-03 09:38:22.120,4.903,8000
2020-09-03 09:38:22.120,4.903,8800
2020-09-03 09:38:24.940,4.903,100
2020-09-03 09:38:25.400,4.903,16900
2020-09-03 09:38:25.400,4.903,6700
2020-09-03 09:38:25.400,4.903,100
2020-09-03 09:38:25.400,4.903,5600
2020-09-03 09:38:25.890,4.903,40400
2020-09-03 09:38:25.890,4.903,1000
2020-09-03 09:38:27.690,4.904,100
2020-09-03 09:38:27.690,4.904,100
2020-09-03 09:38:27.690,4.904,500
2020-09-03 09:38:27.690,4.904,3200
2020-09-03 09:38:27.690,4.904,1100
2020-09-03 09:38:27.810,4.903,3000
2020-09-03 09:38:28.600,4.903,500
2020-09-03 09:38:28.640,4.903,200
2020-09-03 09:38:29.890,4.904,3100
2020-09-03 09:38:29.890,4.904,17000
2020-09-03 09:38:29.890,4.904,17000
2020-09-03 09:38:29.890,4.904,100
2020-09-03 09:38:29.890,4.904,300
2020-09-03 09:38:29.890,4.904,600
2020-09-03 09:38:29.890,4.904,100
2020-09-03 09:38:29.890,4.904,100
2020-09-03 09:38:29.890,4.904,1700
2020-09-03 09:38:29.970,4.904,200
2020-09-03 09:38:29.970,4.904,4200
2020-09-03 09:38:29.970,4.904,100
2020-09-03 09:38:29.970,4.904,200
2020-09-03 09:38:29.970,4.904,200
2020-09-03 09:38:29.970,4.904,100
2020-09-03 09:38:29.970,4.904,300
2020-09-03 09:38:29.970,4.904,100
2020-09-03 09:38:29.970,4.904,900
2020-09-03 09:38:29.970,4.904,100
2020-09-03 09:38:29.970,4.904,400
2020-09-03 09:38:29.970,4.904,2000
2020-09-03 09:38:29.970,4.904,5000
2020-09-03 09:38:29.970,4.904,2500
2020-09-03 09:38:29.970,4.904,3700
2020-09-03 09:38:30.000,4.904,16300
2020-09-03 09:38:30.000,4.904,3700
2020-09-03 09:38:31.240,4.904,16300
2020-09-03 09:38:31.240,4.904,1000
2020-09-03 09:38:31.240,4.904,600
2020-09-03 09:38:31.240,4.904,200
2020-09-03 09:38:31.240,4.904,10000
2020-09-03 09:38:31.240,4.904,4000
2020-09-03 09:38:31.240,4.904,3000
2020-09-03 09:38:31.240,4.904,3000
2020-09-03 09:38:32.060,4.904,50000
2020-09-03 09:38:32.730,4.905,900
2020-09-03 09:38:32.730,4.905,100
2020-09-03 09:38:32.730,4.905,100
2020-09-03 09:38:32.730,4.905,300
2020-09-03 09:38:32.730,4.905,600
2020-09-03 09:38:32.730,4.905,100
2020-09-03 09:38:32.730,4.905,1000
2020-09-03 09:38:32.730,4.905,1500
2020-09-03 09:38:32.730,4.905,400
2020-09-03 09:38:32.730,4.905,10000
2020-09-03 09:38:32.730,4.905,100
2020-09-03 09:38:32.730,4.905,3000
2020-09-03 09:38:32.730,4.905,100
2020-09-03 09:38:32.730,4.905,100
2020-09-03 09:38:32.730,4.905,5700
2020-09-03 09:38:32.730,4.905,50000
2020-09-03 09:38:32.730,4.905,25700
2020-09-03 09:38:32.730,4.905,50000
2020-09-03 09:38:32.730,4.905,10000
2020-09-03 09:38:32.730,4.905,200
2020-09-03 09:38:32.730,4.905,100
2020-09-03 09:38:32.730,4.905,1000
2020-09-03 09:38:32.730,4.905,100
2020-09-03 09:38:32.730,4.905,2500
2020-09-03 09:38:32.730,4.905,5000
2020-09-03 09:38:32.730,4.905,30000
2020-09-03 09:38:32.730,4.905,5300
2020-09-03 09:38:32.730,4.905,2500
2020-09-03 09:38:32.730,4.905,50000
2020-09-03 09:38:32.800,4.905,400
2020-09-03 09:38:33.530,4.905,20000
2020-09-03 09:38:33.770,4.906,59400
2020-09-03 09:38:35.650,4.906,2600
2020-09-03 09:38:35.800,4.905,15000
2020-09-03 09:38:35.860,4.905,100
2020-09-03 09:38:35.940,4.907,8800
2020-09-03 09:38:35.940,4.907,600
2020-09-03 09:38:35.940,4.907,10600
2020-09-03 09:38:38.820,4.907,20000
2020-09-03 09:38:38.820,4.906,100
2020-09-03 09:38:38.820,4.905,2400
2020-09-03 09:38:38.820,4.905,2500
2020-09-03 09:38:39.330,4.906,10000
2020-09-03 09:38:39.620,4.906,5000
2020-09-03 09:38:39.670,4.906,500
2020-09-03 09:38:40.260,4.907,200
2020-09-03 09:38:40.780,4.907,3000
2020-09-03 09:38:44.050,4.907,5700
2020-09-03 09:38:44.050,4.906,5000
2020-09-03 09:38:44.050,4.906,52300
2020-09-03 09:38:44.530,4.907,100
2020-09-03 09:38:44.530,4.906,2900
2020-09-03 09:38:44.980,4.907,500
2020-09-03 09:38:45.230,4.907,2500
2020-09-03 09:38:46.600,4.906,4800
2020-09-03 09:38:46.600,4.906,200
2020-09-03 09:38:48.530,4.906,25000
2020-09-03 09:38:48.810,4.906,5000
2020-09-03 09:38:49.620,4.907,1000
2020-09-03 09:38:49.940,4.906,100
2020-09-03 09:38:50.140,4.907,400
2020-09-03 09:38:53.400,4.907,300
2020-09-03 09:38:53.850,4.907,500
2020-09-03 09:38:54.020,4.906,200
2020-09-03 09:38:54.260,4.907,40000
2020-09-03 09:38:54.340,4.906,200
2020-09-03 09:38:54.430,4.906,5000
2020-09-03 09:38:54.820,4.906,4500
2020-09-03 09:38:54.820,4.907,19900
2020-09-03 09:38:54.850,4.907,27900
2020-09-03 09:38:54.850,4.907,22500
2020-09-03 09:38:54.850,4.907,6000
2020-09-03 09:38:54.850,4.907,20000
2020-09-03 09:38:54.850,4.907,2000
2020-09-03 09:38:54.850,4.907,5000
2020-09-03 09:38:54.850,4.907,200
2020-09-03 09:38:54.850,4.907,7400
2020-09-03 09:38:55.230,4.907,6500
2020-09-03 09:38:55.260,4.907,43500
2020-09-03 09:38:55.630,4.908,4300
2020-09-03 09:38:55.800,4.907,400
2020-09-03 09:38:56.290,4.908,6000
2020-09-03 09:38:56.290,4.908,200
2020-09-03 09:38:56.290,4.908,30000
2020-09-03 09:38:56.290,4.908,100
2020-09-03 09:38:56.290,4.908,4000
2020-09-03 09:38:56.290,4.908,500
2020-09-03 09:38:56.290,4.908,2200
2020-09-03 09:38:56.290,4.908,5000
2020-09-03 09:38:56.290,4.908,15000
2020-09-03 09:38:56.290,4.908,35000
2020-09-03 09:38:56.290,4.908,5000
2020-09-03 09:38:56.290,4.908,15000
2020-09-03 09:38:56.290,4.908,1300
2020-09-03 09:38:56.290,4.908,1000
2020-09-03 09:38:56.290,4.908,9200
2020-09-03 09:38:56.750,4.908,800
2020-09-03 09:38:56.750,4.908,200
2020-09-03 09:38:56.750,4.908,2000
2020-09-03 09:38:56.750,4.908,10000
2020-09-03 09:38:56.750,4.908,200
2020-09-03 09:38:56.750,4.908,26800
2020-09-03 09:38:56.960,4.908,23200
2020-09-03 09:38:56.960,4.908,100
2020-09-03 09:38:56.960,4.908,12100
2020-09-03 09:38:56.960,4.909,2000
2020-09-03 09:38:56.960,4.909,2600
2020-09-03 09:38:59.700,4.909,8400
2020-09-03 09:38:59.700,4.909,200
2020-09-03 09:38:59.700,4.909,5000
2020-09-03 09:38:59.700,4.909,5000
2020-09-03 09:38:59.700,4.909,50000
2020-09-03 09:39:00.450,4.909,200
2020-09-03 09:39:00.720,4.91,200
2020-09-03 09:39:00.720,4.91,3000
2020-09-03 09:39:00.720,4.91,5000
2020-09-03 09:39:00.720,4.91,6300
2020-09-03 09:39:00.720,4.91,2000
2020-09-03 09:39:00.720,4.91,1200
2020-09-03 09:39:00.720,4.91,5200
2020-09-03 09:39:00.720,4.91,600
2020-09-03 09:39:00.720,4.91,50000
2020-09-03 09:39:00.720,4.91,2000
2020-09-03 09:39:00.720,4.91,300
2020-09-03 09:39:00.720,4.91,1000
2020-09-03 09:39:00.720,4.91,500
2020-09-03 09:39:00.720,4.91,1400
2020-09-03 09:39:00.720,4.91,8900
2020-09-03 09:39:00.720,4.91,2000
2020-09-03 09:39:00.720,4.91,3000
2020-09-03 09:39:00.720,4.91,60000
2020-09-03 09:39:00.720,4.91,3000
2020-09-03 09:39:00.720,4.91,4000
2020-09-03 09:39:00.720,4.91,15000
2020-09-03 09:39:00.720,4.91,425400
2020-09-03 09:39:00.770,4.91,231400
2020-09-03 09:39:01.070,4.908,1000
2020-09-03 09:39:01.070,4.908,12000
2020-09-03 09:39:01.180,4.91,300000
2020-09-03 09:39:01.590,4.91,40000
2020-09-03 09:39:01.790,4.909,2500
2020-09-03 09:39:02.210,4.909,10000
2020-09-03 09:39:02.740,4.908,10000
2020-09-03 09:39:04.300,4.91,3200
2020-09-03 09:39:04.300,4.91,4600
2020-09-03 09:39:05.780,4.909,1000
2020-09-03 09:39:05.900,4.909,100
2020-09-03 09:39:06.730,4.91,2000
2020-09-03 09:39:06.910,4.91,2200
2020-09-03 09:39:07.110,4.911,400
2020-09-03 09:39:08.270,4.91,5000
2020-09-03 09:39:08.680,4.91,2900
2020-09-03 09:39:08.680,4.909,2100
2020-09-03 09:39:09.930,4.91,5000
2020-09-03 09:39:11.400,4.91,3000
2020-09-03 09:39:13.310,4.911,100
2020-09-03 09:39:13.310,4.911,500
2020-09-03 09:39:13.310,4.91,12100
2020-09-03 09:39:13.370,4.91,13100
2020-09-03 09:39:13.400,4.91,2000
2020-09-03 09:39:13.830,4.91,10000
2020-09-03 09:39:14.070,4.91,43300
2020-09-03 09:39:14.070,4.91,600
2020-09-03 09:39:14.070,4.91,1300
2020-09-03 09:39:14.070,4.91,294200
2020-09-03 09:39:14.130,4.91,200
2020-09-03 09:39:14.300,4.911,100
2020-09-03 09:39:15.140,4.91,2000
2020-09-03 09:39:15.730,4.91,1000
2020-09-03 09:39:15.730,4.911,300
2020-09-03 09:39:16.370,4.91,21400
2020-09-03 09:39:16.640,4.911,8900
2020-09-03 09:39:16.640,4.911,1000
2020-09-03 09:39:16.640,4.911,10000
2020-09-03 09:39:16.640,4.911,5000
2020-09-03 09:39:16.640,4.911,90000
2020-09-03 09:39:16.640,4.912,5700
2020-09-03 09:39:16.640,4.912,200
2020-09-03 09:39:16.640,4.912,6100
2020-09-03 09:39:16.640,4.912,400
2020-09-03 09:39:16.640,4.912,100
2020-09-03 09:39:16.640,4.912,5000
2020-09-03 09:39:16.640,4.912,2000
2020-09-03 09:39:16.640,4.912,1000
2020-09-03 09:39:16.640,4.912,500
2020-09-03 09:39:16.640,4.912,200
2020-09-03 09:39:17.100,4.913,200
2020-09-03 09:39:17.100,4.913,1000
2020-09-03 09:39:17.100,4.913,15000
2020-09-03 09:39:17.100,4.913,4800
2020-09-03 09:39:17.240,4.91,200
2020-09-03 09:39:18.110,4.912,11700
2020-09-03 09:39:18.320,4.913,100
2020-09-03 09:39:18.740,4.912,1000
2020-09-03 09:39:20.520,4.912,5800
2020-09-03 09:39:21.340,4.913,100
2020-09-03 09:39:21.340,4.913,9900
2020-09-03 09:39:21.340,4.913,100
2020-09-03 09:39:21.340,4.914,200
2020-09-03 09:39:21.340,4.914,2000
2020-09-03 09:39:21.340,4.914,700
2020-09-03 09:39:21.750,4.912,1100
2020-09-03 09:39:22.370,4.912,6900
2020-09-03 09:39:22.370,4.912,43100
2020-09-03 09:39:22.730,4.912,200
2020-09-03 09:39:24.170,4.913,1000
2020-09-03 09:39:24.790,4.913,3000
2020-09-03 09:39:25.630,4.913,5900
2020-09-03 09:39:25.690,4.913,300
2020-09-03 09:39:25.830,4.913,2500
2020-09-03 09:39:25.920,4.913,7300
2020-09-03 09:39:25.920,4.913,2300
2020-09-03 09:39:25.920,4.912,6700
2020-09-03 09:39:25.920,4.912,3500
2020-09-03 09:39:25.920,4.912,1800
2020-09-03 09:39:26.270,4.912,200
2020-09-03 09:39:27.160,4.913,5000
2020-09-03 09:39:27.310,4.913,5000
2020-09-03 09:39:27.310,4.913,50000
2020-09-03 09:39:27.410,4.913,2000
2020-09-03 09:39:27.460,4.913,2100
2020-09-03 09:39:27.780,4.912,3000
2020-09-03 09:39:27.780,4.912,5400
2020-09-03 09:39:27.780,4.912,1600
2020-09-03 09:39:27.860,4.913,1100
2020-09-03 09:39:28.690,4.913,1000
2020-09-03 09:39:29.660,4.912,12400
2020-09-03 09:39:32.950,4.911,100
2020-09-03 09:39:32.950,4.911,100
2020-09-03 09:39:32.950,4.911,9800
2020-09-03 09:39:34.550,4.912,100
2020-09-03 09:39:34.950,4.912,200
2020-09-03 09:39:36.440,4.911,2600
2020-09-03 09:39:36.870,4.911,1000
2020-09-03 09:39:36.900,4.912,12600
2020-09-03 09:39:37.400,4.911,100
2020-09-03 09:39:37.590,4.911,5000
2020-09-03 09:39:37.840,4.911,200
2020-09-03 09:39:37.900,4.912,4200
2020-09-03 09:39:38.710,4.911,10000
2020-09-03 09:39:38.710,4.912,2000
2020-09-03 09:39:39.770,4.912,2000
2020-09-03 09:39:41.790,4.911,1000
2020-09-03 09:39:42.050,4.912,3000
2020-09-03 09:39:42.620,4.912,100
2020-09-03 09:39:42.680,4.911,2900
2020-09-03 09:39:42.680,4.911,100
2020-09-03 09:39:43.050,4.911,9900
2020-09-03 09:39:43.050,4.911,5100
2020-09-03 09:39:43.650,4.912,100
2020-09-03 09:39:43.750,4.911,4900
2020-09-03 09:39:43.750,4.911,1500
2020-09-03 09:39:43.750,4.911,3600
2020-09-03 09:39:44.490,4.911,1900
2020-09-03 09:39:44.490,4.911,300
2020-09-03 09:39:44.490,4.911,800
2020-09-03 09:39:44.490,4.911,12000
2020-09-03 09:39:45.450,4.912,2000
2020-09-03 09:39:46.060,4.912,21000
2020-09-03 09:39:46.880,4.912,30300
2020-09-03 09:39:48.180,4.911,100
2020-09-03 09:39:48.270,4.911,20000
2020-09-03 09:39:48.850,4.911,100
2020-09-03 09:39:49.020,4.912,100
2020-09-03 09:39:49.250,4.911,4800
2020-09-03 09:39:50.870,4.911,5100
2020-09-03 09:39:50.870,4.911,29900
2020-09-03 09:39:51.150,4.912,100
2020-09-03 09:39:51.320,4.911,20000
2020-09-03 09:39:51.620,4.911,8100
2020-09-03 09:39:52.500,4.911,2000
2020-09-03 09:39:52.500,4.911,2000
2020-09-03 09:39:53.350,4.911,1000
2020-09-03 09:39:53.350,4.911,13200
2020-09-03 09:39:54.570,4.911,100
2020-09-03 09:39:55.660,4.91,2800
2020-09-03 09:39:55.660,4.91,2800
2020-09-03 09:39:55.660,4.91,4400
2020-09-03 09:39:55.680,4.91,5000
2020-09-03 09:39:58.760,4.91,290600
2020-09-03 09:39:58.760,4.91,2000
2020-09-03 09:39:58.760,4.91,1000
2020-09-03 09:39:58.760,4.91,60000
2020-09-03 09:40:00.490,4.91,600
2020-09-03 09:40:00.870,4.91,800
2020-09-03 09:40:02.970,4.91,200
2020-09-03 09:40:04.460,4.909,5000
2020-09-03 09:40:04.540,4.91,100
2020-09-03 09:40:06.000,4.909,1000
2020-09-03 09:40:06.000,4.909,18000
2020-09-03 09:40:06.460,4.909,200
2020-09-03 09:40:06.520,4.909,6000
2020-09-03 09:40:07.130,4.91,100
2020-09-03 09:40:07.420,4.909,1800
2020-09-03 09:40:08.530,4.909,5000
2020-09-03 09:40:09.510,4.909,3000
2020-09-03 09:40:09.510,4.909,1000
2020-09-03 09:40:09.510,4.909,3000
2020-09-03 09:40:09.510,4.909,60000
2020-09-03 09:40:09.510,4.909,400
2020-09-03 09:40:09.620,4.909,10000
2020-09-03 09:40:10.390,4.909,22600
2020-09-03 09:40:10.520,4.909,10000
2020-09-03 09:40:11.250,4.909,2200
2020-09-03 09:40:11.430,4.91,644600
2020-09-03 09:40:11.430,4.91,2000
2020-09-03 09:40:11.430,4.91,4000
2020-09-03 09:40:11.430,4.91,3000
2020-09-03 09:40:11.690,4.911,800
2020-09-03 09:40:11.950,4.91,4800
2020-09-03 09:40:12.350,4.91,1000
2020-09-03 09:40:12.950,4.91,800
2020-09-03 09:40:13.010,4.911,200
2020-09-03 09:40:13.010,4.911,100
2020-09-03 09:40:14.280,4.911,200
2020-09-03 09:40:14.280,4.911,500
2020-09-03 09:40:14.280,4.911,300
2020-09-03 09:40:14.740,4.91,19000
2020-09-03 09:40:15.950,4.91,2200
2020-09-03 09:40:16.480,4.91,90000
2020-09-03 09:40:17.460,4.91,500
2020-09-03 09:40:18.580,4.91,12800
2020-09-03 09:40:18.800,4.91,2000
2020-09-03 09:40:19.740,4.91,20000
2020-09-03 09:40:20.210,4.911,100
2020-09-03 09:40:21.480,4.91,18900
2020-09-03 09:40:21.770,4.911,900
2020-09-03 09:40:22.240,4.91,5500
2020-09-03 09:40:22.260,4.91,8500
2020-09-03 09:40:22.890,4.91,3300
2020-09-03 09:40:23.790,4.91,1000
2020-09-03 09:40:23.980,4.91,10000
2020-09-03 09:40:24.180,4.91,10000
2020-09-03 09:40:24.410,4.91,18000
2020-09-03 09:40:24.580,4.911,100
2020-09-03 09:40:24.720,4.91,100000
2020-09-03 09:40:24.980,4.911,100
2020-09-03 09:40:25.870,4.91,3000
2020-09-03 09:40:26.020,4.91,400
2020-09-03 09:40:26.050,4.911,17400
2020-09-03 09:40:26.050,4.911,32600
2020-09-03 09:40:26.410,4.911,7400
2020-09-03 09:40:26.410,4.911,3000
2020-09-03 09:40:26.410,4.911,5800
2020-09-03 09:40:26.410,4.911,4300
2020-09-03 09:40:26.550,4.911,700
2020-09-03 09:40:26.700,4.91,3000
2020-09-03 09:40:26.850,4.91,10000
2020-09-03 09:40:27.540,4.911,5000
2020-09-03 09:40:28.070,4.911,2000
2020-09-03 09:40:28.520,4.91,1000
2020-09-03 09:40:29.180,4.91,100
2020-09-03 09:40:29.540,4.911,200
2020-09-03 09:40:29.540,4.911,4800
2020-09-03 09:40:30.250,4.91,600
2020-09-03 09:40:30.250,4.91,5400
2020-09-03 09:40:30.280,4.91,800
2020-09-03 09:40:30.280,4.911,200
2020-09-03 09:40:30.280,4.911,1300
2020-09-03 09:40:31.090,4.911,100
2020-09-03 09:40:31.090,4.911,400
2020-09-03 09:40:31.090,4.911,200
2020-09-03 09:40:31.090,4.911,5000
2020-09-03 09:40:31.090,4.911,300
2020-09-03 09:40:31.090,4.911,30000
2020-09-03 09:40:31.090,4.911,9500
2020-09-03 09:40:31.090,4.911,1000
2020-09-03 09:40:31.090,4.911,8200
2020-09-03 09:40:31.090,4.912,9800
2020-09-03 09:40:31.090,4.912,100
2020-09-03 09:40:31.090,4.912,100
2020-09-03 09:40:31.090,4.912,2000
2020-09-03 09:40:31.090,4.912,400
2020-09-03 09:40:31.090,4.912,3000
2020-09-03 09:40:31.090,4.912,12100
2020-09-03 09:40:31.090,4.912,10000
2020-09-03 09:40:31.090,4.912,30000
2020-09-03 09:40:31.090,4.912,22500
2020-09-03 09:40:31.090,4.912,4000
2020-09-03 09:40:31.090,4.912,3000
2020-09-03 09:40:31.090,4.912,1700
2020-09-03 09:40:31.410,4.911,1000
2020-09-03 09:40:31.410,4.911,500
2020-09-03 09:40:31.960,4.912,1200
2020-09-03 09:40:31.960,4.912,2000
2020-09-03 09:40:31.960,4.912,2000
2020-09-03 09:40:31.960,4.912,3000
2020-09-03 09:40:31.960,4.912,200
2020-09-03 09:40:31.960,4.912,10000
2020-09-03 09:40:31.960,4.912,4000
2020-09-03 09:40:31.960,4.912,1000
2020-09-03 09:40:31.960,4.912,2000
2020-09-03 09:40:31.960,4.912,1000
2020-09-03 09:40:31.960,4.912,200
2020-09-03 09:40:31.960,4.912,1200
2020-09-03 09:40:31.960,4.913,44000
2020-09-03 09:40:31.960,4.913,100
2020-09-03 09:40:31.960,4.913,8000
2020-09-03 09:40:31.960,4.913,4200
2020-09-03 09:40:31.960,4.913,1000
2020-09-03 09:40:31.960,4.913,200
2020-09-03 09:40:31.960,4.913,600
2020-09-03 09:40:31.960,4.913,100
2020-09-03 09:40:31.960,4.913,14400
2020-09-03 09:40:31.960,4.913,2000
2020-09-03 09:40:31.960,4.913,800
2020-09-03 09:40:31.960,4.913,1000
2020-09-03 09:40:31.960,4.913,400
2020-09-03 09:40:31.960,4.913,500
2020-09-03 09:40:31.960,4.913,9000
2020-09-03 09:40:31.960,4.913,10000
2020-09-03 09:40:31.960,4.913,200
2020-09-03 09:40:32.050,4.913,2000
2020-09-03 09:40:34.240,4.913,23800
2020-09-03 09:40:34.240,4.913,26200
2020-09-03 09:40:34.420,4.914,19300
2020-09-03 09:40:34.420,4.914,6000
2020-09-03 09:40:34.420,4.914,200
2020-09-03 09:40:34.420,4.914,5000
2020-09-03 09:40:34.420,4.914,5500
2020-09-03 09:40:34.420,4.914,1600
2020-09-03 09:40:34.420,4.914,100
2020-09-03 09:40:34.420,4.914,2000
2020-09-03 09:40:34.420,4.914,300
2020-09-03 09:40:34.420,4.914,48200
2020-09-03 09:40:34.420,4.914,100
2020-09-03 09:40:34.420,4.914,5000
2020-09-03 09:40:34.420,4.914,6000
2020-09-03 09:40:34.420,4.914,7500
2020-09-03 09:40:35.440,4.913,100
2020-09-03 09:40:35.810,4.914,2500
2020-09-03 09:40:35.810,4.914,1000
2020-09-03 09:40:35.810,4.914,1000
2020-09-03 09:40:35.810,4.914,8000
2020-09-03 09:40:35.810,4.914,3000
2020-09-03 09:40:35.810,4.914,4600
2020-09-03 09:40:35.810,4.914,100
2020-09-03 09:40:35.810,4.914,300
2020-09-03 09:40:36.590,4.914,2600
2020-09-03 09:40:37.320,4.914,50000
2020-09-03 09:40:37.410,4.915,300
2020-09-03 09:40:37.410,4.915,500
2020-09-03 09:40:37.410,4.915,4100
2020-09-03 09:40:37.410,4.915,1000
2020-09-03 09:40:37.410,4.915,5000
2020-09-03 09:40:37.410,4.915,50000
2020-09-03 09:40:37.410,4.915,300
2020-09-03 09:40:37.410,4.915,2500
2020-09-03 09:40:37.410,4.915,10000
2020-09-03 09:40:37.410,4.915,200
2020-09-03 09:40:37.410,4.915,10700
2020-09-03 09:40:37.410,4.915,50000
2020-09-03 09:40:37.410,4.915,6800
2020-09-03 09:40:37.410,4.915,1000
2020-09-03 09:40:37.410,4.915,2000
2020-09-03 09:40:37.410,4.915,3000
2020-09-03 09:40:37.410,4.915,2700
2020-09-03 09:40:37.620,4.914,2000
2020-09-03 09:40:38.470,4.914,500
2020-09-03 09:40:38.470,4.914,213700
2020-09-03 09:40:38.950,4.915,10300
2020-09-03 09:40:38.950,4.915,500
2020-09-03 09:40:39.430,4.915,1200
2020-09-03 09:40:40.950,4.916,5000
2020-09-03 09:40:40.950,4.916,10000
2020-09-03 09:40:40.950,4.916,2000
2020-09-03 09:40:40.950,4.916,4600
2020-09-03 09:40:40.950,4.916,4900
2020-09-03 09:40:41.060,4.915,100
2020-09-03 09:40:42.110,4.915,1200
2020-09-03 09:40:43.010,4.915,2500
2020-09-03 09:40:43.010,4.915,7500
2020-09-03 09:40:44.530,4.915,2000
2020-09-03 09:40:46.090,4.916,1900
2020-09-03 09:40:46.090,4.916,500
2020-09-03 09:40:46.090,4.916,500
2020-09-03 09:40:46.090,4.916,17100
2020-09-03 09:40:46.260,4.915,5000
2020-09-03 09:40:46.340,4.915,5000
2020-09-03 09:40:46.900,4.916,20000
2020-09-03 09:40:48.430,4.916,7500
2020-09-03 09:40:48.430,4.916,500
2020-09-03 09:40:48.430,4.916,21900
2020-09-03 09:40:48.820,4.916,3100
2020-09-03 09:40:48.820,4.916,9200
2020-09-03 09:40:49.070,4.916,800
2020-09-03 09:40:49.070,4.916,1200
2020-09-03 09:40:49.070,4.915,5000
2020-09-03 09:40:50.320,4.915,1000
2020-09-03 09:40:50.320,4.916,4100
2020-09-03 09:40:50.320,4.916,3600
2020-09-03 09:40:50.410,4.914,10000
2020-09-03 09:40:50.410,4.916,1000
2020-09-03 09:40:51.730,4.915,4800
2020-09-03 09:40:52.200,4.915,10000
2020-09-03 09:40:52.550,4.915,100
2020-09-03 09:40:52.550,4.914,700
2020-09-03 09:40:52.550,4.913,4200
2020-09-03 09:40:52.920,4.912,15000
2020-09-03 09:40:53.910,4.914,2000
2020-09-03 09:40:55.020,4.914,13000
2020-09-03 09:40:55.020,4.915,1000
2020-09-03 09:40:55.020,4.915,600
2020-09-03 09:40:57.830,4.915,7400
2020-09-03 09:40:58.530,4.915,5400
2020-09-03 09:40:58.530,4.915,200
2020-09-03 09:40:58.530,4.916,4400
2020-09-03 09:40:58.640,4.916,100
2020-09-03 09:41:00.240,4.913,200
2020-09-03 09:41:00.240,4.914,200
2020-09-03 09:41:00.240,4.915,16900
2020-09-03 09:41:03.910,4.911,3500
2020-09-03 09:41:03.910,4.911,27200
2020-09-03 09:41:06.960,4.914,4900
2020-09-03 09:41:07.580,4.913,100
2020-09-03 09:41:07.740,4.914,300
2020-09-03 09:41:08.110,4.914,700
2020-09-03 09:41:08.110,4.915,1300
2020-09-03 09:41:10.120,4.913,500
2020-09-03 09:41:10.620,4.913,2000
2020-09-03 09:41:11.320,4.913,400
2020-09-03 09:41:11.400,4.913,200
2020-09-03 09:41:14.620,4.914,3000
2020-09-03 09:41:15.060,4.914,500
2020-09-03 09:41:15.060,4.913,2000
2020-09-03 09:41:15.710,4.914,500
2020-09-03 09:41:15.830,4.914,8100
2020-09-03 09:41:15.830,4.915,1900
2020-09-03 09:41:16.110,4.915,1900
2020-09-03 09:41:16.110,4.915,600
2020-09-03 09:41:16.110,4.915,100
2020-09-03 09:41:16.110,4.915,400
2020-09-03 09:41:16.240,4.915,500
2020-09-03 09:41:16.960,4.914,100
2020-09-03 09:41:16.960,4.915,2100
2020-09-03 09:41:16.960,4.915,200
2020-09-03 09:41:16.960,4.915,1100
2020-09-03 09:41:16.960,4.915,20000
2020-09-03 09:41:16.960,4.915,16500
2020-09-03 09:41:18.160,4.914,200
2020-09-03 09:41:18.390,4.915,3800
2020-09-03 09:41:18.390,4.915,10000
2020-09-03 09:41:18.390,4.915,10000
2020-09-03 09:41:18.390,4.915,5000
2020-09-03 09:41:18.390,4.915,2100
2020-09-03 09:41:18.390,4.915,5000
2020-09-03 09:41:18.390,4.915,1100
2020-09-03 09:41:22.450,4.914,4200
2020-09-03 09:41:23.380,4.914,2300
2020-09-03 09:41:23.380,4.915,700
2020-09-03 09:41:23.670,4.914,600
2020-09-03 09:41:24.200,4.914,400
2020-09-03 09:41:24.200,4.913,4800
2020-09-03 09:41:24.200,4.913,4800
2020-09-03 09:41:24.580,4.914,200
2020-09-03 09:41:24.580,4.913,900
2020-09-03 09:41:27.170,4.914,4300
2020-09-03 09:41:27.170,4.914,2000
2020-09-03 09:41:27.170,4.915,8200
2020-09-03 09:41:27.170,4.915,5000
2020-09-03 09:41:27.170,4.915,1000
2020-09-03 09:41:27.170,4.915,3000
2020-09-03 09:41:27.170,4.915,200
2020-09-03 09:41:27.170,4.915,2000
2020-09-03 09:41:27.170,4.915,107700
2020-09-03 09:41:27.840,4.913,600
2020-09-03 09:41:28.110,4.915,1000
2020-09-03 09:41:28.480,4.913,6000
2020-09-03 09:41:28.740,4.913,100000
2020-09-03 09:41:29.210,4.913,3000
2020-09-03 09:41:29.940,4.914,100
2020-09-03 09:41:29.940,4.915,700
2020-09-03 09:41:31.870,4.913,3200
2020-09-03 09:41:32.340,4.913,9300
2020-09-03 09:41:33.300,4.913,50000
2020-09-03 09:41:33.410,4.914,3000
2020-09-03 09:41:36.140,4.914,500
2020-09-03 09:41:36.200,4.913,2600
2020-09-03 09:41:36.200,4.914,10000
2020-09-03 09:41:36.440,4.914,18200
2020-09-03 09:41:36.440,4.914,2900
2020-09-03 09:41:36.840,4.913,100
2020-09-03 09:41:36.950,4.914,600
2020-09-03 09:41:39.020,4.913,5000
2020-09-03 09:41:39.050,4.913,2000
2020-09-03 09:41:40.990,4.913,4400
2020-09-03 09:41:41.100,4.913,5000
2020-09-03 09:41:41.270,4.913,10000
2020-09-03 09:41:41.840,4.913,600
2020-09-03 09:41:42.000,4.914,23300
2020-09-03 09:41:42.000,4.914,200
2020-09-03 09:41:42.000,4.914,4000
2020-09-03 09:41:42.000,4.914,1000
2020-09-03 09:41:42.000,4.914,3000
2020-09-03 09:41:42.000,4.914,20000
2020-09-03 09:41:42.000,4.914,20000
2020-09-03 09:41:42.000,4.914,5000
2020-09-03 09:41:42.000,4.914,7000
2020-09-03 09:41:42.000,4.914,5000
2020-09-03 09:41:42.000,4.914,50000
2020-09-03 09:41:42.000,4.914,45000
2020-09-03 09:41:42.000,4.914,4000
2020-09-03 09:41:42.000,4.914,200
2020-09-03 09:41:42.000,4.914,300
2020-09-03 09:41:42.000,4.914,3300
2020-09-03 09:41:42.320,4.914,200
2020-09-03 09:41:42.700,4.914,5000
2020-09-03 09:41:43.500,4.914,15900
2020-09-03 09:41:43.590,4.914,5000
2020-09-03 09:41:44.190,4.914,7000
2020-09-03 09:41:44.450,4.914,600
2020-09-03 09:41:44.510,4.915,100
2020-09-03 09:41:44.600,4.915,3800
2020-09-03 09:41:45.670,4.914,5300
2020-09-03 09:41:46.610,4.914,100
2020-09-03 09:41:46.820,4.913,600
2020-09-03 09:41:47.280,4.914,2700
2020-09-03 09:41:47.280,4.915,7300
2020-09-03 09:41:47.860,4.913,1500
2020-09-03 09:41:49.940,4.914,500
2020-09-03 09:41:49.940,4.915,4300
2020-09-03 09:41:50.490,4.913,8300
2020-09-03 09:41:53.450,4.914,2000
2020-09-03 09:41:54.960,4.914,2000
2020-09-03 09:41:56.510,4.914,600
2020-09-03 09:41:56.970,4.913,3100
2020-09-03 09:41:58.010,4.913,13000
2020-09-03 09:41:58.400,4.913,53700
2020-09-03 09:42:02.540,4.914,400
2020-09-03 09:42:02.540,4.914,2000
2020-09-03 09:42:02.540,4.914,12200
2020-09-03 09:42:02.540,4.914,2000
2020-09-03 09:42:02.540,4.914,5800
2020-09-03 09:42:02.540,4.914,5000
2020-09-03 09:42:02.540,4.914,300
2020-09-03 09:42:02.540,4.914,5000
2020-09-03 09:42:02.540,4.914,6000
2020-09-03 09:42:02.540,4.914,1000
2020-09-03 09:42:02.540,4.914,5000
2020-09-03 09:42:02.540,4.914,10000
2020-09-03 09:42:02.540,4.914,100
2020-09-03 09:42:02.540,4.914,900
2020-09-03 09:42:02.540,4.914,10000
2020-09-03 09:42:02.540,4.914,6000
2020-09-03 09:42:02.540,4.914,49400
2020-09-03 09:42:02.540,4.914,6900
2020-09-03 09:42:02.540,4.914,500
2020-09-03 09:42:02.540,4.914,2000
2020-09-03 09:42:02.540,4.914,200
2020-09-03 09:42:02.540,4.914,4200
2020-09-03 09:42:02.540,4.915,165100
2020-09-03 09:42:02.940,4.914,7200
2020-09-03 09:42:03.160,4.915,200
2020-09-03 09:42:03.160,4.914,33400
2020-09-03 09:42:03.540,4.914,1900
2020-09-03 09:42:03.570,4.914,500
2020-09-03 09:42:04.110,4.914,2000
2020-09-03 09:42:05.120,4.914,30200
2020-09-03 09:42:05.560,4.915,645100
2020-09-03 09:42:06.280,4.914,5000
2020-09-03 09:42:06.390,4.915,29500
2020-09-03 09:42:06.600,4.915,35200
2020-09-03 09:42:06.600,4.915,100
2020-09-03 09:42:06.600,4.915,20000
2020-09-03 09:42:06.600,4.915,20000
2020-09-03 09:42:06.600,4.915,4500
2020-09-03 09:42:06.600,4.915,3000
2020-09-03 09:42:06.600,4.915,517200
2020-09-03 09:42:06.900,4.915,315000
2020-09-03 09:42:06.900,4.915,150100
2020-09-03 09:42:06.950,4.915,17700
2020-09-03 09:42:06.950,4.915,10600
2020-09-03 09:42:06.950,4.915,4000
2020-09-03 09:42:06.950,4.915,70000
2020-09-03 09:42:06.950,4.915,20000
2020-09-03 09:42:06.950,4.915,40000
2020-09-03 09:42:06.950,4.915,1000
2020-09-03 09:42:06.950,4.915,200
2020-09-03 09:42:06.950,4.915,2100
2020-09-03 09:42:06.950,4.915,5200
2020-09-03 09:42:06.950,4.915,10000
2020-09-03 09:42:06.950,4.915,5000
2020-09-03 09:42:06.950,4.915,3000
2020-09-03 09:42:06.950,4.915,1600
2020-09-03 09:42:06.950,4.915,10000
2020-09-03 09:42:06.950,4.915,200
2020-09-03 09:42:06.950,4.915,1000
2020-09-03 09:42:06.950,4.915,32500
2020-09-03 09:42:06.950,4.915,20000
2020-09-03 09:42:06.950,4.915,25000
2020-09-03 09:42:06.950,4.915,5100
2020-09-03 09:42:06.950,4.915,3400
2020-09-03 09:42:08.510,4.915,5000
2020-09-03 09:42:09.300,4.916,23000
2020-09-03 09:42:09.300,4.916,100
2020-09-03 09:42:09.300,4.916,10000
2020-09-03 09:42:09.300,4.916,3000
2020-09-03 09:42:09.300,4.916,32100
2020-09-03 09:42:09.300,4.916,1000
2020-09-03 09:42:09.300,4.916,500
2020-09-03 09:42:09.300,4.916,300
2020-09-03 09:42:09.300,4.916,5000
2020-09-03 09:42:09.300,4.916,10000
2020-09-03 09:42:09.300,4.916,5000
2020-09-03 09:42:09.300,4.916,10000
2020-09-03 09:42:09.300,4.916,200
2020-09-03 09:42:09.300,4.916,10000
2020-09-03 09:42:09.300,4.916,5600
2020-09-03 09:42:09.590,4.916,3800
2020-09-03 09:42:10.790,4.916,5000
2020-09-03 09:42:11.720,4.916,1000
2020-09-03 09:42:11.910,4.917,200
2020-09-03 09:42:11.910,4.917,100
2020-09-03 09:42:11.910,4.917,7100
2020-09-03 09:42:12.250,4.916,4600
2020-09-03 09:42:12.500,4.917,4600
2020-09-03 09:42:12.500,4.917,10000
2020-09-03 09:42:12.500,4.917,1000
2020-09-03 09:42:12.500,4.917,2500
2020-09-03 09:42:12.500,4.917,1500
2020-09-03 09:42:12.500,4.917,400
2020-09-03 09:42:13.140,4.917,2600
2020-09-03 09:42:13.140,4.917,5000
2020-09-03 09:42:13.140,4.917,100
2020-09-03 09:42:13.140,4.917,200
2020-09-03 09:42:13.140,4.917,28500
2020-09-03 09:42:13.140,4.917,1000
2020-09-03 09:42:13.140,4.917,100
2020-09-03 09:42:13.140,4.917,60000
2020-09-03 09:42:14.000,4.917,4000
2020-09-03 09:42:14.190,4.918,5000
2020-09-03 09:42:16.490,4.917,10000
2020-09-03 09:42:16.680,4.917,10000
2020-09-03 09:42:17.180,4.917,2000
2020-09-03 09:42:17.800,4.918,300
2020-09-03 09:42:17.800,4.918,600
2020-09-03 09:42:17.800,4.918,100
2020-09-03 09:42:17.800,4.918,600
2020-09-03 09:42:17.800,4.918,2000
2020-09-03 09:42:17.800,4.918,6400
2020-09-03 09:42:17.910,4.918,3600
2020-09-03 09:42:17.910,4.918,10200
2020-09-03 09:42:17.910,4.918,2000
2020-09-03 09:42:17.910,4.918,2400
2020-09-03 09:42:17.910,4.918,600
2020-09-03 09:42:17.910,4.918,10000
2020-09-03 09:42:17.910,4.918,12800
2020-09-03 09:42:18.020,4.917,2700
2020-09-03 09:42:18.460,4.917,3600
2020-09-03 09:42:19.950,4.916,100
2020-09-03 09:42:20.730,4.917,2400
2020-09-03 09:42:20.730,4.916,9900
2020-09-03 09:42:20.730,4.916,10000
2020-09-03 09:42:20.730,4.916,5100
2020-09-03 09:42:20.730,4.916,5100
2020-09-03 09:42:20.730,4.915,1000
2020-09-03 09:42:20.730,4.915,3100
2020-09-03 09:42:20.730,4.915,1500
2020-09-03 09:42:20.730,4.915,60000
2020-09-03 09:42:20.730,4.915,100
2020-09-03 09:42:20.730,4.915,100
2020-09-03 09:42:20.730,4.914,1700
2020-09-03 09:42:21.360,4.918,100
2020-09-03 09:42:22.260,4.918,5100
2020-09-03 09:42:22.430,4.918,5100
2020-09-03 09:42:24.780,4.917,5000
2020-09-03 09:42:24.780,4.917,100
2020-09-03 09:42:24.780,4.918,5200
2020-09-03 09:42:24.950,4.918,20000
2020-09-03 09:42:24.980,4.918,1700
2020-09-03 09:42:24.980,4.918,6000
2020-09-03 09:42:24.980,4.918,5000
2020-09-03 09:42:24.980,4.918,1000
2020-09-03 09:42:24.980,4.918,1000
2020-09-03 09:42:24.980,4.918,2300
2020-09-03 09:42:27.080,4.918,3100
2020-09-03 09:42:27.080,4.918,5000
2020-09-03 09:42:27.080,4.918,11900
2020-09-03 09:42:28.010,4.917,1000
2020-09-03 09:42:29.390,4.916,200
2020-09-03 09:42:29.740,4.916,2800
2020-09-03 09:42:29.740,4.916,7200
2020-09-03 09:42:30.370,4.916,13700
2020-09-03 09:42:32.580,4.917,400
2020-09-03 09:42:32.760,4.917,5000
2020-09-03 09:42:33.420,4.917,54600
2020-09-03 09:42:33.420,4.917,1600
2020-09-03 09:42:33.420,4.917,400
2020-09-03 09:42:33.700,4.917,1000
2020-09-03 09:42:35.080,4.915,100
2020-09-03 09:42:35.550,4.915,400
2020-09-03 09:42:35.600,4.918,300
2020-09-03 09:42:35.600,4.918,1100
2020-09-03 09:42:35.600,4.918,100
2020-09-03 09:42:35.600,4.918,500
2020-09-03 09:42:35.600,4.918,3000
2020-09-03 09:42:36.030,4.918,200
2020-09-03 09:42:36.910,4.915,100
2020-09-03 09:42:36.910,4.915,2500
2020-09-03 09:42:37.380,4.915,200
2020-09-03 09:42:38.030,4.917,500
2020-09-03 09:42:39.930,4.916,400
2020-09-03 09:42:40.390,4.917,1000
2020-09-03 09:42:40.390,4.917,200
2020-09-03 09:42:40.390,4.917,100
2020-09-03 09:42:40.760,4.916,100
2020-09-03 09:42:42.900,4.916,400
2020-09-03 09:42:42.900,4.915,8600
2020-09-03 09:42:46.030,4.916,5000
2020-09-03 09:42:47.520,4.916,600
2020-09-03 09:42:48.150,4.916,1000
2020-09-03 09:42:48.870,4.916,1600
2020-09-03 09:42:48.990,4.916,4300
2020-09-03 09:42:49.320,4.915,4200
2020-09-03 09:42:50.520,4.916,500
2020-09-03 09:42:51.180,4.915,5900
2020-09-03 09:42:53.620,4.915,10000
2020-09-03 09:42:53.820,4.915,1800
2020-09-03 09:42:54.420,4.915,6800
2020-09-03 09:42:54.420,4.915,8300
2020-09-03 09:42:54.690,4.915,16700
2020-09-03 09:42:54.690,4.915,100
2020-09-03 09:42:54.800,4.914,100
2020-09-03 09:42:55.740,4.915,100
2020-09-03 09:42:56.810,4.915,20400
2020-09-03 09:42:57.380,4.915,2000
2020-09-03 09:42:59.760,4.915,10700
2020-09-03 09:42:59.760,4.915,3000
2020-09-03 09:42:59.760,4.915,400
2020-09-03 09:42:59.760,4.916,2000
2020-09-03 09:42:59.760,4.916,3000
2020-09-03 09:42:59.760,4.916,5100
2020-09-03 09:42:59.760,4.917,4900
2020-09-03 09:42:59.760,4.917,100
2020-09-03 09:42:59.760,4.917,200
2020-09-03 09:42:59.760,4.917,200
2020-09-03 09:42:59.760,4.917,3200
2020-09-03 09:42:59.760,4.917,2500
2020-09-03 09:42:59.760,4.917,700
2020-09-03 09:42:59.760,4.917,5000
2020-09-03 09:42:59.760,4.917,5000
2020-09-03 09:42:59.760,4.918,7800
2020-09-03 09:42:59.760,4.918,100
2020-09-03 09:42:59.760,4.918,2900
2020-09-03 09:42:59.760,4.918,1100
2020-09-03 09:42:59.760,4.918,1000
2020-09-03 09:42:59.760,4.918,30000
2020-09-03 09:42:59.760,4.918,100
2020-09-03 09:42:59.760,4.918,5000
2020-09-03 09:42:59.760,4.918,5000
2020-09-03 09:42:59.760,4.918,6000
2020-09-03 09:42:59.760,4.918,100000
2020-09-03 09:42:59.760,4.918,10000
2020-09-03 09:42:59.760,4.918,500
2020-09-03 09:42:59.760,4.918,2000
2020-09-03 09:42:59.760,4.918,2000
2020-09-03 09:42:59.760,4.918,1000
2020-09-03 09:42:59.760,4.918,9500
2020-09-03 09:42:59.760,4.918,40000
2020-09-03 09:43:02.040,4.914,100
2020-09-03 09:43:02.960,4.915,4500
2020-09-03 09:43:02.960,4.915,200
2020-09-03 09:43:05.220,4.915,6300
2020-09-03 09:43:05.990,4.915,1100
2020-09-03 09:43:06.470,4.915,1400
2020-09-03 09:43:08.060,4.915,1000
2020-09-03 09:43:09.380,4.915,8100
2020-09-03 09:43:09.750,4.916,900
2020-09-03 09:43:09.750,4.916,5000
2020-09-03 09:43:09.750,4.916,8000
2020-09-03 09:43:09.750,4.916,2000
2020-09-03 09:43:09.750,4.916,2000
2020-09-03 09:43:09.820,4.916,300
2020-09-03 09:43:11.530,4.916,10000
2020-09-03 09:43:11.960,4.916,900
2020-09-03 09:43:12.540,4.916,10000
2020-09-03 09:43:14.800,4.916,30000
2020-09-03 09:43:16.110,4.917,1000
2020-09-03 09:43:16.220,4.917,49000
2020-09-03 09:43:16.220,4.917,19000
2020-09-03 09:43:16.220,4.917,300
2020-09-03 09:43:16.220,4.917,5000
2020-09-03 09:43:17.160,4.917,200
2020-09-03 09:43:18.520,4.917,12200
2020-09-03 09:43:19.850,4.917,99300
2020-09-03 09:43:20.080,4.917,700
2020-09-03 09:43:20.280,4.918,1600
2020-09-03 09:43:20.610,4.917,1000
2020-09-03 09:43:20.660,4.917,2800
2020-09-03 09:43:20.970,4.918,18400
2020-09-03 09:43:20.970,4.918,10000
2020-09-03 09:43:20.970,4.918,10000
2020-09-03 09:43:20.970,4.918,400
2020-09-03 09:43:20.970,4.918,19000
2020-09-03 09:43:20.970,4.918,500
2020-09-03 09:43:20.970,4.918,1100
2020-09-03 09:43:22.000,4.917,4800
2020-09-03 09:43:22.400,4.917,500
2020-09-03 09:43:23.960,4.917,5000
2020-09-03 09:43:25.040,4.918,10000
2020-09-03 09:43:25.900,4.918,1000
2020-09-03 09:43:26.520,4.918,100
2020-09-03 09:43:27.270,4.917,2100
2020-09-03 09:43:27.380,4.917,24000
2020-09-03 09:43:27.460,4.917,1000
2020-09-03 09:43:27.680,4.918,1000
2020-09-03 09:43:28.580,4.918,400
2020-09-03 09:43:29.220,4.917,3000
2020-09-03 09:43:29.620,4.918,4000
2020-09-03 09:43:30.930,4.917,100
2020-09-03 09:43:31.290,4.918,2400
2020-09-03 09:43:31.290,4.918,12600
2020-09-03 09:43:31.510,4.917,1200
2020-09-03 09:43:31.560,4.918,9300
2020-09-03 09:43:31.560,4.918,1000
2020-09-03 09:43:31.560,4.918,21100
2020-09-03 09:43:32.500,4.918,800
2020-09-03 09:43:32.580,4.918,5000
2020-09-03 09:43:32.860,4.918,6000
2020-09-03 09:43:33.240,4.917,200
2020-09-03 09:43:33.890,4.918,100
2020-09-03 09:43:34.870,4.917,10000
2020-09-03 09:43:34.900,4.917,5000
2020-09-03 09:43:36.160,4.918,4500
2020-09-03 09:43:36.420,4.917,10000
2020-09-03 09:43:36.470,4.917,10000
2020-09-03 09:43:37.570,4.917,1100
2020-09-03 09:43:37.570,4.917,200
2020-09-03 09:43:37.570,4.917,1400
2020-09-03 09:43:37.710,4.918,100
2020-09-03 09:43:38.340,4.917,400
2020-09-03 09:43:38.610,4.918,7800
2020-09-03 09:43:38.690,4.918,34600
2020-09-03 09:43:38.690,4.918,5000
2020-09-03 09:43:38.690,4.918,100
2020-09-03 09:43:38.690,4.918,500
2020-09-03 09:43:38.690,4.918,2400
2020-09-03 09:43:38.690,4.918,100
2020-09-03 09:43:38.690,4.918,6000
2020-09-03 09:43:38.690,4.918,1300
2020-09-03 09:43:38.870,4.918,5000
2020-09-03 09:43:39.550,4.918,1500
2020-09-03 09:43:41.260,4.918,200
2020-09-03 09:43:41.260,4.918,2800
2020-09-03 09:43:45.960,4.917,600
2020-09-03 09:43:46.180,4.918,700
2020-09-03 09:43:47.510,4.918,1500
2020-09-03 09:43:47.510,4.918,700
2020-09-03 09:43:47.510,4.918,300
2020-09-03 09:43:47.760,4.917,100
2020-09-03 09:43:49.210,4.917,2400
2020-09-03 09:43:49.210,4.917,3400
2020-09-03 09:43:49.210,4.917,40000
2020-09-03 09:43:49.210,4.917,800
2020-09-03 09:43:49.400,4.917,10000
2020-09-03 09:43:49.710,4.917,500
2020-09-03 09:43:50.620,4.916,1000
2020-09-03 09:43:51.840,4.917,15800
2020-09-03 09:43:52.260,4.917,600
2020-09-03 09:43:56.670,4.917,26500
2020-09-03 09:43:56.670,4.917,60000
2020-09-03 09:43:56.670,4.917,10000
2020-09-03 09:43:56.670,4.917,6300
2020-09-03 09:43:56.670,4.917,900
2020-09-03 09:43:56.670,4.917,100
2020-09-03 09:43:57.240,4.917,500
2020-09-03 09:43:57.380,4.918,400
2020-09-03 09:43:57.380,4.918,700
2020-09-03 09:43:57.380,4.918,1800
2020-09-03 09:43:57.690,4.918,2400
2020-09-03 09:43:58.720,4.917,300
2020-09-03 09:44:01.580,4.918,4000
2020-09-03 09:44:02.930,4.918,400
2020-09-03 09:44:04.320,4.918,100
2020-09-03 09:44:04.380,4.917,2300
2020-09-03 09:44:05.790,4.918,10000
2020-09-03 09:44:06.340,4.917,5000
2020-09-03 09:44:06.460,4.918,1300
2020-09-03 09:44:06.460,4.918,100
2020-09-03 09:44:06.460,4.918,10000
2020-09-03 09:44:06.460,4.918,28600
2020-09-03 09:44:06.600,4.917,5000
2020-09-03 09:44:07.180,4.917,2000
2020-09-03 09:44:09.040,4.917,1000
2020-09-03 09:44:09.440,4.917,66000
2020-09-03 09:44:09.540,4.917,97800
2020-09-03 09:44:09.670,4.918,2000
2020-09-03 09:44:10.180,4.917,300
2020-09-03 09:44:10.390,4.918,100
2020-09-03 09:44:11.630,4.917,2000
2020-09-03 09:44:12.130,4.917,600
2020-09-03 09:44:12.510,4.917,300000
2020-09-03 09:44:12.630,4.917,22000
2020-09-03 09:44:13.140,4.917,200
2020-09-03 09:44:13.140,4.917,33000
2020-09-03 09:44:14.340,4.917,200
2020-09-03 09:44:14.590,4.917,1500
2020-09-03 09:44:14.590,4.917,5000
2020-09-03 09:44:14.590,4.917,1500
2020-09-03 09:44:14.680,4.917,8500
2020-09-03 09:44:14.680,4.917,3500
2020-09-03 09:44:15.510,4.917,400
2020-09-03 09:44:15.690,4.917,800
2020-09-03 09:44:16.820,4.916,1000
2020-09-03 09:44:16.820,4.916,1000
2020-09-03 09:44:16.820,4.916,100
2020-09-03 09:44:16.820,4.915,7100
2020-09-03 09:44:16.820,4.915,100
2020-09-03 09:44:16.820,4.915,100
2020-09-03 09:44:16.820,4.915,100
2020-09-03 09:44:16.820,4.915,100
2020-09-03 09:44:16.820,4.915,154200
2020-09-03 09:44:16.930,4.918,3000
2020-09-03 09:44:17.180,4.915,8300
2020-09-03 09:44:18.750,4.916,300
2020-09-03 09:44:19.230,4.916,49700
2020-09-03 09:44:19.400,4.916,5100
2020-09-03 09:44:19.400,4.916,19600
2020-09-03 09:44:19.730,4.915,37500
2020-09-03 09:44:19.730,4.915,1000
2020-09-03 09:44:19.730,4.915,100
2020-09-03 09:44:20.570,4.914,2600
2020-09-03 09:44:20.570,4.914,300
2020-09-03 09:44:20.570,4.914,600
2020-09-03 09:44:20.570,4.914,100
2020-09-03 09:44:20.570,4.914,26000
2020-09-03 09:44:20.570,4.914,5000
2020-09-03 09:44:20.570,4.914,100
2020-09-03 09:44:20.570,4.914,100
2020-09-03 09:44:20.570,4.914,100
2020-09-03 09:44:20.570,4.914,5000
2020-09-03 09:44:20.570,4.914,11000
2020-09-03 09:44:21.730,4.914,99400
2020-09-03 09:44:23.330,4.914,60200
2020-09-03 09:44:25.120,4.915,1000
2020-09-03 09:44:25.680,4.915,200
2020-09-03 09:44:26.330,4.914,1400
2020-09-03 09:44:26.390,4.915,2000
2020-09-03 09:44:26.390,4.914,500
2020-09-03 09:44:26.770,4.914,900
2020-09-03 09:44:27.810,4.914,26600
2020-09-03 09:44:28.040,4.914,10800
2020-09-03 09:44:29.520,4.913,100
2020-09-03 09:44:29.520,4.913,10000
2020-09-03 09:44:29.520,4.913,10300
2020-09-03 09:44:29.520,4.913,100
2020-09-03 09:44:29.520,4.913,33300
2020-09-03 09:44:32.740,4.913,50000
2020-09-03 09:44:34.590,4.912,5000
2020-09-03 09:44:34.590,4.912,300
2020-09-03 09:44:34.590,4.912,14700
2020-09-03 09:44:36.790,4.913,200
2020-09-03 09:44:36.790,4.912,3000
2020-09-03 09:44:38.150,4.912,2600
2020-09-03 09:44:38.370,4.913,400
2020-09-03 09:44:39.200,4.914,3200
2020-09-03 09:44:40.020,4.913,13100
2020-09-03 09:44:40.300,4.913,5000
2020-09-03 09:44:40.690,4.913,10000
2020-09-03 09:44:41.630,4.913,67600
2020-09-03 09:44:41.860,4.913,500
2020-09-03 09:44:42.170,4.914,200
2020-09-03 09:44:42.800,4.914,300
2020-09-03 09:44:43.230,4.913,5000
2020-09-03 09:44:43.700,4.913,6000
2020-09-03 09:44:43.700,4.913,2000
2020-09-03 09:44:43.810,4.913,5000
2020-09-03 09:44:44.920,4.914,1000
2020-09-03 09:44:46.310,4.913,1000
2020-09-03 09:44:46.510,4.913,120500
2020-09-03 09:44:46.760,4.913,1600
2020-09-03 09:44:46.820,4.913,600
2020-09-03 09:44:47.160,4.914,5300
2020-09-03 09:44:47.160,4.914,500
2020-09-03 09:44:47.160,4.914,100
2020-09-03 09:44:47.160,4.914,2000
2020-09-03 09:44:47.160,4.914,7100
2020-09-03 09:44:47.240,4.914,4000
2020-09-03 09:44:47.410,4.913,6400
2020-09-03 09:44:47.800,4.913,67600
2020-09-03 09:44:47.800,4.912,18700
2020-09-03 09:44:48.550,4.912,5000
2020-09-03 09:44:51.830,4.912,9300
2020-09-03 09:44:51.830,4.912,22700
2020-09-03 09:44:52.640,4.913,2200
2020-09-03 09:44:53.210,4.913,200
2020-09-03 09:44:53.440,4.912,27300
2020-09-03 09:44:53.440,4.912,97800
2020-09-03 09:44:53.440,4.912,200
2020-09-03 09:44:53.440,4.912,100
2020-09-03 09:44:53.440,4.911,3000
2020-09-03 09:44:53.440,4.911,50000
2020-09-03 09:44:53.440,4.911,1800
2020-09-03 09:44:53.440,4.911,100
2020-09-03 09:44:53.440,4.911,300
2020-09-03 09:44:53.440,4.911,3400
2020-09-03 09:44:53.440,4.911,600
2020-09-03 09:44:55.470,4.912,100
2020-09-03 09:44:56.730,4.912,2900
2020-09-03 09:44:56.730,4.912,700
2020-09-03 09:44:56.730,4.912,1000
2020-09-03 09:44:56.730,4.912,200
2020-09-03 09:44:56.730,4.912,200
2020-09-03 09:44:57.800,4.912,3800
2020-09-03 09:44:58.150,4.911,400
2020-09-03 09:44:58.150,4.911,1000
2020-09-03 09:44:58.150,4.911,2000
2020-09-03 09:44:58.200,4.912,19000
2020-09-03 09:44:58.200,4.912,5100
2020-09-03 09:44:58.570,4.912,2800
2020-09-03 09:44:58.700,4.912,3500
2020-09-03 09:45:00.870,4.912,8600
2020-09-03 09:45:00.870,4.912,5000
2020-09-03 09:45:01.400,4.913,17600
2020-09-03 09:45:01.400,4.913,500
2020-09-03 09:45:01.400,4.913,400
2020-09-03 09:45:01.400,4.913,800
2020-09-03 09:45:01.400,4.913,2000
2020-09-03 09:45:01.400,4.913,200
2020-09-03 09:45:01.400,4.913,10000
2020-09-03 09:45:01.400,4.913,10000
2020-09-03 09:45:01.400,4.913,500
2020-09-03 09:45:01.400,4.913,200
2020-09-03 09:45:01.400,4.913,10400
2020-09-03 09:45:01.690,4.912,10000
2020-09-03 09:45:02.510,4.912,4400
2020-09-03 09:45:02.660,4.913,100
2020-09-03 09:45:02.660,4.912,4900
2020-09-03 09:45:02.690,4.912,3100
2020-09-03 09:45:04.430,4.912,1000
2020-09-03 09:45:04.970,4.913,5100
2020-09-03 09:45:05.090,4.912,400
2020-09-03 09:45:05.230,4.912,19800
2020-09-03 09:45:05.340,4.913,4900
2020-09-03 09:45:05.360,4.913,200
2020-09-03 09:45:05.360,4.912,100
2020-09-03 09:45:05.390,4.912,2000
2020-09-03 09:45:07.020,4.914,8900
2020-09-03 09:45:07.020,4.914,6100
2020-09-03 09:45:07.350,4.912,3300
2020-09-03 09:45:08.240,4.913,1900
2020-09-03 09:45:08.570,4.913,61800
2020-09-03 09:45:08.680,4.914,5000
