Datetime,Price,Volume
2020-08-17 09:25:01.220,3.352,700
2020-08-17 09:25:01.220,3.352,500
2020-08-17 09:25:01.220,3.352,500
2020-08-17 09:25:01.220,3.352,2000
2020-08-17 09:25:01.220,3.352,5000
2020-08-17 09:25:01.220,3.352,800
2020-08-17 09:25:01.220,3.352,4300
2020-08-17 09:25:01.220,3.352,7000
2020-08-17 09:25:01.220,3.352,400
2020-08-17 09:25:01.220,3.352,200
2020-08-17 09:25:01.220,3.352,800
2020-08-17 09:25:01.220,3.352,9200
2020-08-17 09:25:01.220,3.352,2000
2020-08-17 09:25:01.220,3.352,18800
2020-08-17 09:25:01.220,3.352,6000
2020-08-17 09:25:01.220,3.352,1000
2020-08-17 09:25:01.220,3.352,400
2020-08-17 09:25:01.220,3.352,7300
2020-08-17 09:25:01.220,3.352,500
2020-08-17 09:25:01.220,3.352,2800
2020-08-17 09:25:01.220,3.352,1000
2020-08-17 09:25:01.220,3.352,19300
2020-08-17 09:25:01.220,3.352,100000
2020-08-17 09:25:01.220,3.352,11300
2020-08-17 09:25:01.220,3.352,100
2020-08-17 09:25:01.220,3.352,115500
2020-08-17 09:25:01.220,3.352,34500
2020-08-17 09:25:01.220,3.352,21800
2020-08-17 09:25:01.220,3.352,3700
2020-08-17 09:25:01.220,3.352,400
2020-08-17 09:25:01.220,3.352,500
2020-08-17 09:25:01.220,3.352,500
2020-08-17 09:25:01.220,3.352,20300
2020-08-17 09:25:01.220,3.352,10200
2020-08-17 09:25:01.220,3.352,39300
2020-08-17 09:25:01.220,3.352,15600
2020-08-17 09:25:01.220,3.352,31900
2020-08-17 09:25:01.220,3.352,3200
2020-08-17 09:25:01.220,3.352,500
2020-08-17 09:25:01.220,3.352,3200
2020-08-17 09:25:01.220,3.352,500
2020-08-17 09:25:01.220,3.352,1400
2020-08-17 09:25:01.220,3.352,8600
2020-08-17 09:25:01.220,3.352,100
2020-08-17 09:25:01.220,3.352,4800
2020-08-17 09:25:01.220,3.352,19600
2020-08-17 09:25:01.220,3.352,25600
2020-08-17 09:25:01.220,3.352,1000
2020-08-17 09:25:01.220,3.352,4400
2020-08-17 09:25:01.220,3.352,9500
2020-08-17 09:25:01.220,3.352,27000
2020-08-17 09:25:01.220,3.352,11100
2020-08-17 09:25:01.220,3.352,500
2020-08-17 09:25:01.220,3.352,1500
2020-08-17 09:25:01.220,3.352,20000
2020-08-17 09:25:01.220,3.352,1000
2020-08-17 09:25:01.220,3.352,5000
2020-08-17 09:25:01.220,3.352,3000
2020-08-17 09:25:01.220,3.352,500
2020-08-17 09:25:01.220,3.352,500
2020-08-17 09:25:01.220,3.352,1300
2020-08-17 09:25:01.220,3.352,6600
2020-08-17 09:25:01.220,3.352,2300
2020-08-17 09:25:01.220,3.352,900
2020-08-17 09:25:01.220,3.352,300
2020-08-17 09:25:01.220,3.352,600
2020-08-17 09:25:01.220,3.352,1000
2020-08-17 09:25:01.220,3.352,3000
2020-08-17 09:25:01.220,3.352,7300
2020-08-17 09:25:01.220,3.352,1800
2020-08-17 09:25:01.220,3.352,500
2020-08-17 09:25:01.220,3.352,600
2020-08-17 09:25:01.220,3.352,9000
2020-08-17 09:25:01.220,3.352,8100
2020-08-17 09:25:01.220,3.352,10900
2020-08-17 09:25:01.220,3.352,9200
2020-08-17 09:25:01.220,3.352,49800
2020-08-17 09:25:01.220,3.352,200
2020-08-17 09:25:01.220,3.352,800
2020-08-17 09:25:01.220,3.352,500
2020-08-17 09:25:01.220,3.352,1300
2020-08-17 09:25:01.220,3.352,400
2020-08-17 09:25:01.220,3.352,300
2020-08-17 09:25:01.220,3.352,400
2020-08-17 09:25:01.220,3.352,100
2020-08-17 09:25:01.220,3.352,100
2020-08-17 09:25:01.220,3.352,200
2020-08-17 09:25:01.220,3.352,600
2020-08-17 09:25:01.220,3.352,3000
2020-08-17 09:25:01.220,3.352,200
2020-08-17 09:25:01.220,3.352,500
2020-08-17 09:25:01.220,3.352,100
2020-08-17 09:25:01.220,3.352,200
2020-08-17 09:25:01.220,3.352,100
2020-08-17 09:25:01.220,3.352,200
2020-08-17 09:25:01.220,3.352,300
2020-08-17 09:25:01.220,3.352,100
2020-08-17 09:25:01.220,3.352,800
2020-08-17 09:25:01.220,3.352,200
2020-08-17 09:25:01.220,3.352,100
2020-08-17 09:25:01.220,3.352,3900
2020-08-17 09:25:01.220,3.352,200
2020-08-17 09:25:01.220,3.352,1500
2020-08-17 09:25:01.220,3.352,10000
2020-08-17 09:25:01.220,3.352,700
2020-08-17 09:25:01.220,3.352,2000
2020-08-17 09:25:01.220,3.352,300
2020-08-17 09:25:01.220,3.352,600
2020-08-17 09:25:01.220,3.352,1000
2020-08-17 09:25:01.220,3.352,200
2020-08-17 09:25:01.220,3.352,100
2020-08-17 09:25:01.220,3.352,100
2020-08-17 09:25:01.220,3.352,1000
2020-08-17 09:25:01.220,3.352,500
2020-08-17 09:25:01.220,3.352,10000
2020-08-17 09:25:01.220,3.352,100
2020-08-17 09:25:01.220,3.352,7300
2020-08-17 09:25:01.220,3.352,200
2020-08-17 09:25:01.220,3.352,3900
2020-08-17 09:25:01.220,3.352,116100
2020-08-17 09:25:01.220,3.352,383900
2020-08-17 09:25:01.220,3.352,1000
2020-08-17 09:25:01.220,3.352,1000
2020-08-17 09:25:01.220,3.352,4000
2020-08-17 09:25:01.220,3.352,500
2020-08-17 09:25:01.220,3.352,100
2020-08-17 09:25:01.220,3.352,1800
2020-08-17 09:25:01.220,3.352,10000
2020-08-17 09:25:01.220,3.352,1000
2020-08-17 09:25:01.220,3.352,200
2020-08-17 09:25:01.220,3.352,2500
2020-08-17 09:25:01.220,3.352,500
2020-08-17 09:25:01.220,3.352,10000
2020-08-17 09:25:01.220,3.352,4500
2020-08-17 09:25:01.220,3.352,7600
2020-08-17 09:25:01.220,3.352,50000
2020-08-17 09:25:01.220,3.352,5000
2020-08-17 09:25:01.220,3.352,500
2020-08-17 09:25:01.220,3.352,1000
2020-08-17 09:25:01.220,3.352,6000
2020-08-17 09:25:01.220,3.352,10000
2020-08-17 09:25:01.220,3.352,500
2020-08-17 09:25:01.220,3.352,600
2020-08-17 09:25:01.220,3.352,4000
2020-08-17 09:25:01.220,3.352,2000
2020-08-17 09:25:01.220,3.352,10000
2020-08-17 09:25:01.220,3.352,14000
2020-08-17 09:25:01.220,3.352,3000
2020-08-17 09:25:01.220,3.352,300
2020-08-17 09:25:01.220,3.352,300
2020-08-17 09:25:01.220,3.352,5000
2020-08-17 09:25:01.220,3.352,7800
2020-08-17 09:25:01.220,3.352,1000
2020-08-17 09:25:01.220,3.352,4500
2020-08-17 09:25:01.220,3.352,1000
2020-08-17 09:25:01.220,3.352,100
2020-08-17 09:25:01.220,3.352,200
2020-08-17 09:25:01.220,3.352,500
2020-08-17 09:25:01.220,3.352,1300
2020-08-17 09:25:01.220,3.352,102600
2020-08-17 09:25:01.220,3.352,6600
2020-08-17 09:25:01.220,3.352,300
2020-08-17 09:25:01.220,3.352,6900
2020-08-17 09:25:01.220,3.352,1100
2020-08-17 09:25:01.220,3.352,8700
2020-08-17 09:25:01.220,3.352,10000
2020-08-17 09:25:01.220,3.352,40600
2020-08-17 09:25:01.220,3.352,459400
2020-08-17 09:25:01.220,3.352,19900
2020-08-17 09:25:01.220,3.352,10000
2020-08-17 09:25:01.220,3.352,200
2020-08-17 09:25:01.220,3.352,3000
2020-08-17 09:25:01.220,3.352,2000
2020-08-17 09:25:01.220,3.352,200
2020-08-17 09:25:01.220,3.352,800
2020-08-17 09:25:01.220,3.352,600
2020-08-17 09:25:01.220,3.352,200
2020-08-17 09:25:01.220,3.352,5000
2020-08-17 09:25:01.220,3.352,200
2020-08-17 09:25:01.220,3.352,200
2020-08-17 09:25:01.220,3.352,200
2020-08-17 09:25:01.220,3.352,2700
2020-08-17 09:25:01.220,3.352,3500
2020-08-17 09:25:01.220,3.352,2000
2020-08-17 09:25:01.220,3.352,100
2020-08-17 09:25:01.220,3.352,3000
2020-08-17 09:25:01.220,3.352,4000
2020-08-17 09:25:01.220,3.352,300
2020-08-17 09:25:01.220,3.352,1000
2020-08-17 09:25:01.220,3.352,700
2020-08-17 09:25:01.220,3.352,1000
2020-08-17 09:25:01.220,3.352,2000
2020-08-17 09:25:01.220,3.352,6700
2020-08-17 09:25:01.220,3.352,4000
2020-08-17 09:25:01.220,3.352,100
2020-08-17 09:25:01.220,3.352,1800
2020-08-17 09:25:01.220,3.352,1800
2020-08-17 09:25:01.220,3.352,6000
2020-08-17 09:25:01.220,3.352,1000
2020-08-17 09:25:01.220,3.352,6000
2020-08-17 09:25:01.220,3.352,200
2020-08-17 09:25:01.220,3.352,10000
2020-08-17 09:25:01.220,3.352,200
2020-08-17 09:25:01.220,3.352,10000
2020-08-17 09:25:01.220,3.352,700
2020-08-17 09:25:01.220,3.352,500
2020-08-17 09:25:01.220,3.352,3500
2020-08-17 09:25:01.220,3.352,4000
2020-08-17 09:25:01.220,3.352,800
2020-08-17 09:25:01.220,3.352,3300
2020-08-17 09:25:01.220,3.352,200
2020-08-17 09:25:01.220,3.352,7600
2020-08-17 09:25:01.220,3.352,400
2020-08-17 09:25:01.220,3.352,100
2020-08-17 09:25:01.220,3.352,5000
2020-08-17 09:25:01.220,3.352,500
2020-08-17 09:25:01.220,3.352,4000
2020-08-17 09:25:01.220,3.352,14800
2020-08-17 09:25:01.220,3.352,200
2020-08-17 09:25:01.220,3.352,6000
2020-08-17 09:25:01.220,3.352,300
2020-08-17 09:25:01.220,3.352,2000
2020-08-17 09:25:01.220,3.352,16400
2020-08-17 09:25:01.220,3.352,25200
2020-08-17 09:25:01.220,3.352,30000
2020-08-17 09:25:01.220,3.352,6800
2020-08-17 09:25:01.220,3.352,6000
2020-08-17 09:25:01.220,3.352,10000
2020-08-17 09:25:01.220,3.352,13100
2020-08-17 09:25:01.220,3.352,65200
2020-08-17 09:25:01.220,3.352,200
2020-08-17 09:25:01.220,3.352,5000
2020-08-17 09:25:01.220,3.352,10000
2020-08-17 09:25:01.220,3.352,10000
2020-08-17 09:25:01.220,3.352,200
2020-08-17 09:25:01.220,3.352,600
2020-08-17 09:25:01.220,3.352,8800
2020-08-17 09:25:01.220,3.352,1200
2020-08-17 09:25:01.220,3.352,3000
2020-08-17 09:25:01.220,3.352,3000
2020-08-17 09:25:01.220,3.352,10000
2020-08-17 09:25:01.220,3.352,200
2020-08-17 09:25:01.220,3.352,500
2020-08-17 09:25:01.220,3.352,32100
2020-08-17 09:25:01.220,3.352,30000
2020-08-17 09:25:01.220,3.352,24000
2020-08-17 09:25:01.220,3.352,4700
2020-08-17 09:25:01.220,3.352,6000
2020-08-17 09:25:01.220,3.352,2900
2020-08-17 09:25:01.220,3.352,36000
2020-08-17 09:25:01.220,3.352,1200
2020-08-17 09:25:01.220,3.352,3100
2020-08-17 09:25:01.220,3.352,15000
2020-08-17 09:25:01.220,3.352,200
2020-08-17 09:25:01.220,3.352,3200
2020-08-17 09:25:01.220,3.352,2500
2020-08-17 09:25:01.220,3.352,10000
2020-08-17 09:25:01.220,3.352,1700
2020-08-17 09:25:01.220,3.352,500
2020-08-17 09:25:01.220,3.352,100
2020-08-17 09:25:01.220,3.352,100
2020-08-17 09:25:01.220,3.352,10000
2020-08-17 09:25:01.220,3.352,2000
2020-08-17 09:25:01.220,3.352,5000
2020-08-17 09:25:01.220,3.352,3000
2020-08-17 09:25:01.220,3.352,203600
2020-08-17 09:25:01.220,3.352,500
2020-08-17 09:25:01.220,3.352,20000
2020-08-17 09:25:01.220,3.352,100
2020-08-17 09:25:01.220,3.352,19400
2020-08-17 09:25:01.220,3.352,30000
2020-08-17 09:25:01.220,3.352,41200
2020-08-17 09:25:01.220,3.352,20000
2020-08-17 09:25:01.220,3.352,100
2020-08-17 09:25:01.220,3.352,600
2020-08-17 09:25:01.220,3.352,3000
2020-08-17 09:25:01.220,3.352,10000
2020-08-17 09:25:01.220,3.352,12900
2020-08-17 09:25:01.220,3.352,7200
2020-08-17 09:25:01.220,3.352,29800
2020-08-17 09:25:01.220,3.352,14000
2020-08-17 09:25:01.220,3.352,2500
2020-08-17 09:25:01.220,3.352,500
2020-08-17 09:25:01.220,3.352,3000
2020-08-17 09:25:01.220,3.352,11100
2020-08-17 09:25:01.220,3.352,60000
2020-08-17 09:25:01.220,3.352,1000
2020-08-17 09:25:01.220,3.352,28700
2020-08-17 09:25:01.220,3.352,1000
2020-08-17 09:25:01.220,3.352,70300
2020-08-17 09:25:01.220,3.352,600
2020-08-17 09:25:01.220,3.352,14500
2020-08-17 09:25:01.220,3.352,100000
2020-08-17 09:25:01.220,3.352,109600
2020-08-17 09:25:01.220,3.352,1000
2020-08-17 09:25:01.220,3.352,9100
2020-08-17 09:25:01.220,3.352,300
2020-08-17 09:25:01.220,3.352,5000
2020-08-17 09:25:01.220,3.352,50000
2020-08-17 09:25:01.220,3.352,2000
2020-08-17 09:25:01.220,3.352,4000
2020-08-17 09:25:01.220,3.352,1600
2020-08-17 09:25:01.220,3.352,20000
2020-08-17 09:25:01.220,3.352,301800
2020-08-17 09:25:01.220,3.352,200
2020-08-17 09:25:01.220,3.352,5000
2020-08-17 09:25:01.220,3.352,500
2020-08-17 09:25:01.220,3.352,1000
2020-08-17 09:25:01.220,3.352,2500
2020-08-17 09:25:01.220,3.352,200
2020-08-17 09:25:01.220,3.352,1000
2020-08-17 09:25:01.220,3.352,10000
2020-08-17 09:25:01.220,3.352,5000
2020-08-17 09:25:01.220,3.352,303400
2020-08-17 09:25:01.220,3.352,166800
2020-08-17 09:25:01.220,3.352,50000
2020-08-17 09:25:01.220,3.352,100
2020-08-17 09:25:01.220,3.352,5000
2020-08-17 09:25:01.220,3.352,3000
2020-08-17 09:25:01.220,3.352,75100
2020-08-17 09:25:01.220,3.352,300
2020-08-17 09:25:01.220,3.352,14000
2020-08-17 09:25:01.220,3.352,6000
2020-08-17 09:25:01.220,3.352,4000
2020-08-17 09:25:01.220,3.352,6000
2020-08-17 09:25:01.220,3.352,4000
2020-08-17 09:25:01.220,3.352,1000
2020-08-17 09:25:01.220,3.352,900
2020-08-17 09:25:01.220,3.352,3000
2020-08-17 09:25:01.220,3.352,2000
2020-08-17 09:25:01.220,3.352,1000
2020-08-17 09:25:01.220,3.352,9000
2020-08-17 09:25:01.220,3.352,6000
2020-08-17 09:25:01.220,3.352,500
2020-08-17 09:25:01.220,3.352,3400
2020-08-17 09:25:01.220,3.352,6600
2020-08-17 09:25:01.220,3.352,93400
2020-08-17 09:25:01.220,3.352,60600
2020-08-17 09:25:01.220,3.352,43600
2020-08-17 09:25:01.220,3.352,10000
2020-08-17 09:25:01.220,3.352,5000
2020-08-17 09:25:01.220,3.352,400
2020-08-17 09:25:01.220,3.352,100
2020-08-17 09:25:01.220,3.352,3000
2020-08-17 09:25:01.220,3.352,37900
2020-08-17 09:25:01.220,3.352,30700
2020-08-17 09:25:01.220,3.352,10000
2020-08-17 09:25:01.220,3.352,30000
2020-08-17 09:25:01.220,3.352,10000
2020-08-17 09:25:01.220,3.352,16800
2020-08-17 09:25:01.220,3.352,20000
2020-08-17 09:25:01.220,3.352,61200
2020-08-17 09:25:01.220,3.352,5500
2020-08-17 09:25:01.220,3.352,1000
2020-08-17 09:25:01.220,3.352,5000
2020-08-17 09:25:01.220,3.352,59600
2020-08-17 09:25:01.220,3.352,9000
2020-08-17 09:25:01.220,3.352,11800
2020-08-17 09:25:01.220,3.352,450000
2020-08-17 09:25:01.220,3.352,7400
2020-08-17 09:25:01.220,3.352,6000
2020-08-17 09:25:01.220,3.352,4500
2020-08-17 09:25:01.220,3.352,30000
2020-08-17 09:25:01.220,3.352,93600
2020-08-17 09:25:01.220,3.352,4200
2020-08-17 09:25:01.220,3.352,2200
2020-08-17 09:25:01.220,3.352,5000
2020-08-17 09:25:01.220,3.352,100
2020-08-17 09:30:00.100,3.351,1000
2020-08-17 09:30:00.140,3.351,8000
2020-08-17 09:30:00.140,3.351,10000
2020-08-17 09:30:00.140,3.351,50000
2020-08-17 09:30:00.140,3.351,1000
2020-08-17 09:30:00.140,3.351,10000
2020-08-17 09:30:00.140,3.35,1000
2020-08-17 09:30:00.140,3.35,20000
2020-08-17 09:30:00.140,3.35,7000
2020-08-17 09:30:00.140,3.35,10000
2020-08-17 09:30:00.140,3.35,200
2020-08-17 09:30:00.140,3.35,2800
2020-08-17 09:30:00.140,3.35,300
2020-08-17 09:30:00.140,3.35,700
2020-08-17 09:30:00.140,3.35,5000
2020-08-17 09:30:00.140,3.35,20000
2020-08-17 09:30:00.140,3.35,3000
2020-08-17 09:30:00.140,3.35,100
2020-08-17 09:30:00.140,3.35,4000
2020-08-17 09:30:00.140,3.35,5300
2020-08-17 09:30:00.140,3.35,1300
2020-08-17 09:30:00.140,3.35,500
2020-08-17 09:30:00.140,3.35,800
2020-08-17 09:30:00.140,3.35,20000
2020-08-17 09:30:00.140,3.35,500
2020-08-17 09:30:00.140,3.35,10000
2020-08-17 09:30:00.140,3.35,6000
2020-08-17 09:30:00.140,3.35,100
2020-08-17 09:30:00.140,3.35,10000
2020-08-17 09:30:00.140,3.35,500
2020-08-17 09:30:00.140,3.35,1000
2020-08-17 09:30:00.140,3.35,1000
2020-08-17 09:30:00.140,3.35,1700
2020-08-17 09:30:00.140,3.35,100
2020-08-17 09:30:00.140,3.35,2000
2020-08-17 09:30:00.140,3.35,68500
2020-08-17 09:30:00.140,3.35,97800
2020-08-17 09:30:00.140,3.35,1000
2020-08-17 09:30:00.140,3.35,700
2020-08-17 09:30:00.140,3.35,2000
2020-08-17 09:30:00.140,3.35,20100
2020-08-17 09:30:00.140,3.35,30000
2020-08-17 09:30:00.140,3.35,10000
2020-08-17 09:30:00.140,3.35,49700
2020-08-17 09:30:00.140,3.35,500
2020-08-17 09:30:00.140,3.35,500
2020-08-17 09:30:00.140,3.35,20000
2020-08-17 09:30:00.140,3.35,20000
2020-08-17 09:30:00.140,3.35,25000
2020-08-17 09:30:00.140,3.35,100
2020-08-17 09:30:00.140,3.35,100
2020-08-17 09:30:00.140,3.35,6000
2020-08-17 09:30:00.140,3.349,100
2020-08-17 09:30:00.140,3.349,4500
2020-08-17 09:30:00.140,3.349,5000
2020-08-17 09:30:00.140,3.349,100000
2020-08-17 09:30:00.250,3.349,5000
2020-08-17 09:30:00.430,3.349,4900
2020-08-17 09:30:00.540,3.349,600
2020-08-17 09:30:00.540,3.349,3000
2020-08-17 09:30:00.660,3.348,100
2020-08-17 09:30:00.660,3.349,9000
2020-08-17 09:30:00.660,3.349,13300
2020-08-17 09:30:00.790,3.349,15000
2020-08-17 09:30:00.910,3.349,50000
2020-08-17 09:30:00.910,3.349,1000
2020-08-17 09:30:00.910,3.349,34900
2020-08-17 09:30:00.910,3.348,500
2020-08-17 09:30:00.910,3.349,1000
2020-08-17 09:30:01.030,3.349,5000
2020-08-17 09:30:01.300,3.349,2300
2020-08-17 09:30:01.300,3.349,28800
2020-08-17 09:30:01.300,3.349,7800
2020-08-17 09:30:01.410,3.349,200
2020-08-17 09:30:01.410,3.349,2400
2020-08-17 09:30:01.540,3.349,10000
2020-08-17 09:30:01.670,3.349,20000
2020-08-17 09:30:01.790,3.349,2000
2020-08-17 09:30:01.790,3.349,500
2020-08-17 09:30:02.170,3.349,10000
2020-08-17 09:30:02.170,3.349,54000
2020-08-17 09:30:02.310,3.349,13000
2020-08-17 09:30:02.310,3.348,1000
2020-08-17 09:30:02.310,3.349,3000
2020-08-17 09:30:02.430,3.349,10000
2020-08-17 09:30:02.430,3.349,1000
2020-08-17 09:30:02.560,3.349,1300
2020-08-17 09:30:02.560,3.349,15500
2020-08-17 09:30:02.560,3.349,5000
2020-08-17 09:30:02.560,3.35,3900
2020-08-17 09:30:02.680,3.35,700
2020-08-17 09:30:02.680,3.351,2300
2020-08-17 09:30:02.680,3.351,2600
2020-08-17 09:30:02.680,3.351,5000
2020-08-17 09:30:02.680,3.351,2400
2020-08-17 09:30:02.680,3.351,30000
2020-08-17 09:30:02.800,3.351,7300
2020-08-17 09:30:02.920,3.351,30000
2020-08-17 09:30:03.140,3.351,300
2020-08-17 09:30:03.280,3.351,800
2020-08-17 09:30:03.280,3.351,3000
2020-08-17 09:30:03.280,3.351,19900
2020-08-17 09:30:03.400,3.351,8800
2020-08-17 09:30:03.400,3.351,51600
2020-08-17 09:30:03.400,3.351,1000
2020-08-17 09:30:03.530,3.351,39800
2020-08-17 09:30:03.650,3.351,400
2020-08-17 09:30:03.780,3.351,500
2020-08-17 09:30:03.780,3.351,5000
2020-08-17 09:30:03.890,3.351,10000
2020-08-17 09:30:03.890,3.351,10000
2020-08-17 09:30:04.010,3.351,5000
2020-08-17 09:30:04.010,3.351,6600
2020-08-17 09:30:04.010,3.351,15000
2020-08-17 09:30:04.010,3.351,13500
2020-08-17 09:30:04.120,3.351,30000
2020-08-17 09:30:04.120,3.351,1100
2020-08-17 09:30:04.120,3.351,2000
2020-08-17 09:30:04.280,3.351,10000
2020-08-17 09:30:04.400,3.351,300
2020-08-17 09:30:04.400,3.349,100
2020-08-17 09:30:04.530,3.351,91400
2020-08-17 09:30:04.530,3.351,41600
2020-08-17 09:30:04.640,3.349,1200
2020-08-17 09:30:04.770,3.35,7500
2020-08-17 09:30:04.770,3.351,21000
2020-08-17 09:30:04.770,3.351,15000
2020-08-17 09:30:04.890,3.351,107800
2020-08-17 09:30:05.010,3.351,20200
2020-08-17 09:30:05.130,3.351,1000
2020-08-17 09:30:05.320,3.351,1000
2020-08-17 09:30:05.390,3.349,4900
2020-08-17 09:30:05.390,3.351,1200
2020-08-17 09:30:05.510,3.351,10000
2020-08-17 09:30:05.510,3.35,5000
2020-08-17 09:30:05.640,3.35,5000
2020-08-17 09:30:05.640,3.35,5400
2020-08-17 09:30:05.640,3.35,10000
2020-08-17 09:30:05.640,3.351,14200
2020-08-17 09:30:05.640,3.351,3000
2020-08-17 09:30:05.640,3.351,11100
2020-08-17 09:30:05.640,3.351,100
2020-08-17 09:30:05.750,3.351,15000
2020-08-17 09:30:05.750,3.351,5000
2020-08-17 09:30:06.010,3.35,1000
2020-08-17 09:30:06.010,3.351,7100
2020-08-17 09:30:06.010,3.351,102700
2020-08-17 09:30:06.010,3.35,16800
2020-08-17 09:30:06.010,3.35,8900
2020-08-17 09:30:06.010,3.35,2000
2020-08-17 09:30:06.150,3.35,2600
2020-08-17 09:30:06.270,3.35,10000
2020-08-17 09:30:06.270,3.35,100
2020-08-17 09:30:06.270,3.35,100
2020-08-17 09:30:06.270,3.35,100
2020-08-17 09:30:06.270,3.35,100
2020-08-17 09:30:06.270,3.35,100
2020-08-17 09:30:06.270,3.35,100
2020-08-17 09:30:06.270,3.35,100
2020-08-17 09:30:06.270,3.35,100
2020-08-17 09:30:06.270,3.35,100
2020-08-17 09:30:06.270,3.35,100
2020-08-17 09:30:06.270,3.35,100
2020-08-17 09:30:06.270,3.35,100
2020-08-17 09:30:06.270,3.35,100
2020-08-17 09:30:06.270,3.35,100
2020-08-17 09:30:06.270,3.35,100
2020-08-17 09:30:06.270,3.35,100
2020-08-17 09:30:06.270,3.35,100
2020-08-17 09:30:06.270,3.35,100
2020-08-17 09:30:06.270,3.35,100
2020-08-17 09:30:06.270,3.35,100
2020-08-17 09:30:06.270,3.35,100
2020-08-17 09:30:06.400,3.35,10000
2020-08-17 09:30:06.400,3.35,100
2020-08-17 09:30:06.400,3.35,100
2020-08-17 09:30:06.400,3.35,100
2020-08-17 09:30:06.400,3.35,100
2020-08-17 09:30:06.400,3.35,100
2020-08-17 09:30:06.400,3.35,100
2020-08-17 09:30:06.400,3.35,100
2020-08-17 09:30:06.400,3.35,100
2020-08-17 09:30:06.400,3.35,100
2020-08-17 09:30:06.400,3.35,100
2020-08-17 09:30:06.400,3.35,100
2020-08-17 09:30:06.400,3.35,100
2020-08-17 09:30:06.400,3.35,100
2020-08-17 09:30:06.400,3.35,100
2020-08-17 09:30:06.400,3.35,100
2020-08-17 09:30:06.400,3.35,100
2020-08-17 09:30:06.400,3.35,100
2020-08-17 09:30:06.400,3.35,100
2020-08-17 09:30:06.400,3.35,100
2020-08-17 09:30:06.400,3.35,100
2020-08-17 09:30:06.400,3.35,100
2020-08-17 09:30:06.400,3.35,100
2020-08-17 09:30:06.400,3.35,100
2020-08-17 09:30:06.400,3.35,100
2020-08-17 09:30:06.400,3.35,100
2020-08-17 09:30:06.400,3.35,100
2020-08-17 09:30:06.400,3.35,100
2020-08-17 09:30:06.400,3.35,100
2020-08-17 09:30:06.400,3.35,100
2020-08-17 09:30:06.400,3.35,100
2020-08-17 09:30:06.400,3.35,100
2020-08-17 09:30:06.400,3.35,100
2020-08-17 09:30:06.400,3.35,100
2020-08-17 09:30:06.400,3.35,100
2020-08-17 09:30:06.400,3.35,100
2020-08-17 09:30:06.400,3.35,100
2020-08-17 09:30:06.400,3.35,100
2020-08-17 09:30:06.400,3.35,100
2020-08-17 09:30:06.400,3.35,100
2020-08-17 09:30:06.400,3.35,100
2020-08-17 09:30:06.520,3.35,100
2020-08-17 09:30:06.520,3.35,100
2020-08-17 09:30:06.520,3.35,100
2020-08-17 09:30:06.520,3.35,100
2020-08-17 09:30:06.520,3.35,100
2020-08-17 09:30:06.520,3.35,100
2020-08-17 09:30:06.520,3.35,100
2020-08-17 09:30:06.520,3.35,100
2020-08-17 09:30:06.520,3.35,100
2020-08-17 09:30:06.520,3.35,100
2020-08-17 09:30:06.520,3.35,100
2020-08-17 09:30:06.520,3.35,100
2020-08-17 09:30:06.520,3.35,100
2020-08-17 09:30:06.520,3.35,100
2020-08-17 09:30:06.520,3.35,100
2020-08-17 09:30:06.520,3.35,42100
2020-08-17 09:30:06.520,3.35,11400
2020-08-17 09:30:06.520,3.35,400
2020-08-17 09:30:06.520,3.35,5000
2020-08-17 09:30:06.520,3.351,127300
2020-08-17 09:30:06.520,3.351,9100
2020-08-17 09:30:06.520,3.351,1000
2020-08-17 09:30:06.520,3.351,20000
2020-08-17 09:30:06.520,3.351,3000
2020-08-17 09:30:06.520,3.351,400
2020-08-17 09:30:06.520,3.351,1200
2020-08-17 09:30:06.520,3.351,500
2020-08-17 09:30:06.520,3.351,6000
2020-08-17 09:30:06.520,3.351,3000
2020-08-17 09:30:06.520,3.351,7500
2020-08-17 09:30:06.520,3.351,100
2020-08-17 09:30:06.520,3.351,20000
2020-08-17 09:30:06.520,3.351,10000
2020-08-17 09:30:06.520,3.351,1000
2020-08-17 09:30:06.520,3.351,4000
2020-08-17 09:30:06.520,3.351,9000
2020-08-17 09:30:06.520,3.352,100
2020-08-17 09:30:06.520,3.352,100
2020-08-17 09:30:06.520,3.352,100
2020-08-17 09:30:06.520,3.352,100
2020-08-17 09:30:06.520,3.352,100
2020-08-17 09:30:06.520,3.352,100
2020-08-17 09:30:06.520,3.352,100
2020-08-17 09:30:06.520,3.351,100
2020-08-17 09:30:06.650,3.352,100
2020-08-17 09:30:06.650,3.352,100
2020-08-17 09:30:06.650,3.352,100
2020-08-17 09:30:06.650,3.352,100
2020-08-17 09:30:06.650,3.352,100
2020-08-17 09:30:06.650,3.352,100
2020-08-17 09:30:06.650,3.352,100
2020-08-17 09:30:06.650,3.352,100
2020-08-17 09:30:06.650,3.352,100
2020-08-17 09:30:06.650,3.352,100
2020-08-17 09:30:06.650,3.352,100
2020-08-17 09:30:06.650,3.352,100
2020-08-17 09:30:06.650,3.352,100
2020-08-17 09:30:06.650,3.352,100
2020-08-17 09:30:06.650,3.352,100
2020-08-17 09:30:06.650,3.352,100
2020-08-17 09:30:06.650,3.352,100
2020-08-17 09:30:06.650,3.352,100
2020-08-17 09:30:06.650,3.352,200
2020-08-17 09:30:06.650,3.352,4800
2020-08-17 09:30:06.650,3.352,8300
2020-08-17 09:30:06.650,3.352,7600
2020-08-17 09:30:06.770,3.352,10000
2020-08-17 09:30:06.770,3.352,2000
2020-08-17 09:30:06.770,3.351,700
2020-08-17 09:30:06.960,3.352,600
2020-08-17 09:30:06.960,3.352,20000
2020-08-17 09:30:06.960,3.351,10000
2020-08-17 09:30:06.960,3.352,46700
2020-08-17 09:30:06.960,3.352,7000
2020-08-17 09:30:06.960,3.352,15600
2020-08-17 09:30:07.090,3.352,40900
2020-08-17 09:30:07.090,3.352,500
2020-08-17 09:30:07.090,3.352,3000
2020-08-17 09:30:07.090,3.352,100
2020-08-17 09:30:07.090,3.352,7100
2020-08-17 09:30:07.090,3.352,900
2020-08-17 09:30:07.090,3.352,8900
2020-08-17 09:30:07.090,3.351,3000
2020-08-17 09:30:07.360,3.352,1400
2020-08-17 09:30:07.360,3.351,500
2020-08-17 09:30:07.360,3.352,5000
2020-08-17 09:30:07.510,3.352,10000
2020-08-17 09:30:07.510,3.351,3000
2020-08-17 09:30:07.510,3.352,1000
2020-08-17 09:30:07.770,3.351,700
2020-08-17 09:30:07.770,3.351,300
2020-08-17 09:30:07.840,3.352,5400
2020-08-17 09:30:07.840,3.351,1400
2020-08-17 09:30:07.840,3.351,3000
2020-08-17 09:30:07.840,3.352,18300
2020-08-17 09:30:07.840,3.352,500
2020-08-17 09:30:07.840,3.352,7000
2020-08-17 09:30:07.840,3.352,1000
2020-08-17 09:30:07.840,3.352,15000
2020-08-17 09:30:07.840,3.352,100
2020-08-17 09:30:07.840,3.352,5000
2020-08-17 09:30:07.840,3.352,3100
2020-08-17 09:30:07.970,3.352,3000
2020-08-17 09:30:07.970,3.352,1500
2020-08-17 09:30:08.110,3.352,40000
2020-08-17 09:30:08.350,3.352,177400
2020-08-17 09:30:08.380,3.352,500
2020-08-17 09:30:08.380,3.352,1600
2020-08-17 09:30:08.380,3.352,10000
2020-08-17 09:30:08.500,3.352,27700
2020-08-17 09:30:08.500,3.351,5000
2020-08-17 09:30:08.610,3.352,5000
2020-08-17 09:30:08.610,3.352,5000
2020-08-17 09:30:08.610,3.352,125200
2020-08-17 09:30:08.610,3.352,1400
2020-08-17 09:30:08.610,3.352,500
2020-08-17 09:30:08.610,3.352,10000
2020-08-17 09:30:08.610,3.352,1000
2020-08-17 09:30:08.610,3.352,10000
2020-08-17 09:30:08.610,3.352,50000
2020-08-17 09:30:08.610,3.353,5000
2020-08-17 09:30:08.610,3.353,200
2020-08-17 09:30:08.610,3.353,3300
2020-08-17 09:30:08.610,3.353,1500
2020-08-17 09:30:08.610,3.353,1000
2020-08-17 09:30:08.610,3.353,5000
2020-08-17 09:30:08.610,3.353,200
2020-08-17 09:30:08.610,3.353,500
2020-08-17 09:30:08.610,3.353,6000
2020-08-17 09:30:08.610,3.353,10000
2020-08-17 09:30:08.610,3.353,800
2020-08-17 09:30:08.610,3.353,50000
2020-08-17 09:30:08.610,3.353,8000
2020-08-17 09:30:08.610,3.353,10400
2020-08-17 09:30:08.610,3.351,500
2020-08-17 09:30:08.720,3.351,4000
2020-08-17 09:30:08.840,3.352,1500
2020-08-17 09:30:08.840,3.352,500
2020-08-17 09:30:08.840,3.352,3000
2020-08-17 09:30:08.840,3.352,2000
2020-08-17 09:30:08.840,3.353,20000
2020-08-17 09:30:08.970,3.352,100
2020-08-17 09:30:08.970,3.353,2000
2020-08-17 09:30:08.970,3.352,200
2020-08-17 09:30:08.970,3.351,4800
2020-08-17 09:30:09.090,3.353,10000
2020-08-17 09:30:09.090,3.353,257600
2020-08-17 09:30:09.090,3.353,6600
2020-08-17 09:30:09.090,3.353,3100
2020-08-17 09:30:09.090,3.354,1600
2020-08-17 09:30:09.090,3.354,1000
2020-08-17 09:30:09.090,3.354,5000
2020-08-17 09:30:09.090,3.354,6000
2020-08-17 09:30:09.090,3.354,10000
2020-08-17 09:30:09.090,3.354,500
2020-08-17 09:30:09.090,3.354,3300
2020-08-17 09:30:09.090,3.354,10000
2020-08-17 09:30:09.090,3.354,5000
2020-08-17 09:30:09.090,3.354,2000
2020-08-17 09:30:09.090,3.354,5000
2020-08-17 09:30:09.090,3.354,1000
2020-08-17 09:30:09.090,3.354,100
2020-08-17 09:30:09.090,3.354,100
2020-08-17 09:30:09.210,3.354,3200
2020-08-17 09:30:09.570,3.354,3300
2020-08-17 09:30:09.690,3.354,100
2020-08-17 09:30:09.800,3.354,900
2020-08-17 09:30:09.800,3.354,200
2020-08-17 09:30:09.920,3.354,500
2020-08-17 09:30:10.090,3.354,1500
2020-08-17 09:30:10.220,3.355,1000
2020-08-17 09:30:10.220,3.355,200
2020-08-17 09:30:10.220,3.355,200
2020-08-17 09:30:10.220,3.355,1000
2020-08-17 09:30:10.220,3.355,600
2020-08-17 09:30:10.280,3.354,30000
2020-08-17 09:30:10.280,3.354,900
2020-08-17 09:30:10.400,3.354,6000
2020-08-17 09:30:10.640,3.354,5300
2020-08-17 09:30:10.890,3.354,5000
2020-08-17 09:30:11.030,3.354,100
2020-08-17 09:30:11.030,3.354,3000
2020-08-17 09:30:11.030,3.354,4000
2020-08-17 09:30:11.150,3.354,100
2020-08-17 09:30:11.150,3.354,5000
2020-08-17 09:30:11.150,3.354,3200
2020-08-17 09:30:11.290,3.354,3000
2020-08-17 09:30:11.290,3.354,3000
2020-08-17 09:30:11.530,3.355,400
2020-08-17 09:30:11.530,3.355,10000
2020-08-17 09:30:11.530,3.355,200
2020-08-17 09:30:11.530,3.355,1000
2020-08-17 09:30:11.530,3.355,500
2020-08-17 09:30:11.530,3.355,4400
2020-08-17 09:30:11.650,3.354,20000
2020-08-17 09:30:11.810,3.354,20000
2020-08-17 09:30:11.810,3.355,600
2020-08-17 09:30:11.810,3.355,1000
2020-08-17 09:30:11.810,3.355,7000
2020-08-17 09:30:11.810,3.355,200
2020-08-17 09:30:11.810,3.355,4800
2020-08-17 09:30:11.810,3.355,10000
2020-08-17 09:30:11.810,3.355,100
2020-08-17 09:30:11.810,3.355,100
2020-08-17 09:30:11.810,3.355,123000
2020-08-17 09:30:11.810,3.355,1900
2020-08-17 09:30:11.810,3.355,2000
2020-08-17 09:30:11.810,3.355,2000
2020-08-17 09:30:11.810,3.355,1000
2020-08-17 09:30:11.810,3.355,20000
2020-08-17 09:30:11.810,3.355,10000
2020-08-17 09:30:11.810,3.355,5000
2020-08-17 09:30:11.810,3.355,20000
2020-08-17 09:30:11.810,3.355,300
2020-08-17 09:30:11.960,3.355,5900
2020-08-17 09:30:11.960,3.355,10000
2020-08-17 09:30:11.960,3.355,100
2020-08-17 09:30:11.960,3.355,1000
2020-08-17 09:30:12.140,3.355,6300
2020-08-17 09:30:12.260,3.355,1000
2020-08-17 09:30:12.370,3.355,2900
2020-08-17 09:30:12.500,3.355,25000
2020-08-17 09:30:12.500,3.355,700
2020-08-17 09:30:12.500,3.355,100
2020-08-17 09:30:12.620,3.356,300
2020-08-17 09:30:12.620,3.356,200
2020-08-17 09:30:12.620,3.355,1000
2020-08-17 09:30:12.620,3.355,8100
2020-08-17 09:30:12.750,3.355,10000
2020-08-17 09:30:12.870,3.355,1000
2020-08-17 09:30:13.060,3.355,100
2020-08-17 09:30:13.190,3.355,3000
2020-08-17 09:30:13.390,3.355,80300
2020-08-17 09:30:13.390,3.355,7400
2020-08-17 09:30:13.390,3.355,37800
2020-08-17 09:30:13.390,3.355,14200
2020-08-17 09:30:13.490,3.356,300
2020-08-17 09:30:13.490,3.356,58000
2020-08-17 09:30:13.490,3.356,30000
2020-08-17 09:30:13.490,3.356,1000
2020-08-17 09:30:13.490,3.356,200
2020-08-17 09:30:13.490,3.356,6000
2020-08-17 09:30:13.490,3.356,1000
2020-08-17 09:30:13.490,3.356,500
2020-08-17 09:30:13.490,3.356,5000
2020-08-17 09:30:13.490,3.356,10000
2020-08-17 09:30:13.490,3.356,10000
2020-08-17 09:30:13.490,3.356,5000
2020-08-17 09:30:13.490,3.356,10000
2020-08-17 09:30:13.490,3.356,100
2020-08-17 09:30:13.490,3.356,10000
2020-08-17 09:30:13.490,3.356,5000
2020-08-17 09:30:13.490,3.356,700
2020-08-17 09:30:13.490,3.357,6000
2020-08-17 09:30:13.490,3.357,200
2020-08-17 09:30:13.490,3.357,20000
2020-08-17 09:30:13.490,3.357,3000
2020-08-17 09:30:13.490,3.357,7600
2020-08-17 09:30:13.490,3.357,1000
2020-08-17 09:30:13.490,3.357,200
2020-08-17 09:30:13.490,3.357,500
2020-08-17 09:30:13.490,3.357,5000
2020-08-17 09:30:13.490,3.357,3400
2020-08-17 09:30:13.490,3.357,10000
2020-08-17 09:30:13.490,3.357,10000
2020-08-17 09:30:13.490,3.357,10000
2020-08-17 09:30:13.490,3.357,2200
2020-08-17 09:30:13.600,3.355,3500
2020-08-17 09:30:13.820,3.355,96100
2020-08-17 09:30:13.820,3.355,2900
2020-08-17 09:30:13.820,3.354,96700
2020-08-17 09:30:13.820,3.353,60000
2020-08-17 09:30:13.820,3.353,2000
2020-08-17 09:30:13.820,3.353,4000
2020-08-17 09:30:13.820,3.353,1900
2020-08-17 09:30:13.820,3.353,3000
2020-08-17 09:30:13.820,3.353,33400
2020-08-17 09:30:13.820,3.353,400
2020-08-17 09:30:14.150,3.353,100
2020-08-17 09:30:14.260,3.356,100
2020-08-17 09:30:14.260,3.357,800
2020-08-17 09:30:14.260,3.357,500
2020-08-17 09:30:14.260,3.358,600
2020-08-17 09:30:14.380,3.353,1500
2020-08-17 09:30:14.380,3.353,600
2020-08-17 09:30:14.380,3.353,300
2020-08-17 09:30:14.380,3.353,500
2020-08-17 09:30:14.500,3.353,5200
2020-08-17 09:30:14.500,3.353,4000
2020-08-17 09:30:14.500,3.353,800
2020-08-17 09:30:14.500,3.353,1000
2020-08-17 09:30:14.610,3.353,2000
2020-08-17 09:30:14.610,3.354,3000
2020-08-17 09:30:14.730,3.354,400
2020-08-17 09:30:14.730,3.355,100
2020-08-17 09:30:14.730,3.355,100
2020-08-17 09:30:14.730,3.355,100
2020-08-17 09:30:14.730,3.358,100
2020-08-17 09:30:14.730,3.358,100
2020-08-17 09:30:14.730,3.358,100
2020-08-17 09:30:14.730,3.358,100
2020-08-17 09:30:14.730,3.358,100
2020-08-17 09:30:14.730,3.358,100
2020-08-17 09:30:14.730,3.358,100
2020-08-17 09:30:14.730,3.358,100
2020-08-17 09:30:14.730,3.358,100
2020-08-17 09:30:14.730,3.358,100
2020-08-17 09:30:14.730,3.358,100
2020-08-17 09:30:14.730,3.358,100
2020-08-17 09:30:14.730,3.358,100
2020-08-17 09:30:14.730,3.358,100
2020-08-17 09:30:14.730,3.358,100
2020-08-17 09:30:14.730,3.358,100
2020-08-17 09:30:14.730,3.358,100
2020-08-17 09:30:14.730,3.358,100
2020-08-17 09:30:14.730,3.358,100
2020-08-17 09:30:14.730,3.358,100
2020-08-17 09:30:14.730,3.358,100
2020-08-17 09:30:14.730,3.358,100
2020-08-17 09:30:14.730,3.358,100
2020-08-17 09:30:14.730,3.358,100
2020-08-17 09:30:14.730,3.358,100
2020-08-17 09:30:14.730,3.358,100
2020-08-17 09:30:14.730,3.358,100
2020-08-17 09:30:14.730,3.358,100
2020-08-17 09:30:14.730,3.358,100
2020-08-17 09:30:14.730,3.358,100
2020-08-17 09:30:14.730,3.358,100
2020-08-17 09:30:14.730,3.358,100
2020-08-17 09:30:14.730,3.358,100
2020-08-17 09:30:14.730,3.358,100
2020-08-17 09:30:14.730,3.358,100
2020-08-17 09:30:14.730,3.358,100
2020-08-17 09:30:14.730,3.358,100
2020-08-17 09:30:14.730,3.358,100
2020-08-17 09:30:14.730,3.358,100
2020-08-17 09:30:14.730,3.358,100
2020-08-17 09:30:14.730,3.358,100
2020-08-17 09:30:14.730,3.358,100
2020-08-17 09:30:14.730,3.358,100
2020-08-17 09:30:14.730,3.358,100
2020-08-17 09:30:14.730,3.358,100
2020-08-17 09:30:14.730,3.358,100
2020-08-17 09:30:14.730,3.358,100
2020-08-17 09:30:14.730,3.358,100
2020-08-17 09:30:14.730,3.358,100
2020-08-17 09:30:14.730,3.358,100
2020-08-17 09:30:14.730,3.358,100
2020-08-17 09:30:14.730,3.358,100
2020-08-17 09:30:14.730,3.358,100
2020-08-17 09:30:14.730,3.358,100
2020-08-17 09:30:14.730,3.358,100
2020-08-17 09:30:14.730,3.358,100
2020-08-17 09:30:14.730,3.358,100
2020-08-17 09:30:14.730,3.358,100
2020-08-17 09:30:14.730,3.358,100
2020-08-17 09:30:14.730,3.358,100
2020-08-17 09:30:14.730,3.358,100
2020-08-17 09:30:14.730,3.358,100
2020-08-17 09:30:14.730,3.358,100
2020-08-17 09:30:14.730,3.358,100
2020-08-17 09:30:14.730,3.358,100
2020-08-17 09:30:14.730,3.358,100
2020-08-17 09:30:14.730,3.358,100
2020-08-17 09:30:14.730,3.358,100
2020-08-17 09:30:14.730,3.358,100
2020-08-17 09:30:14.730,3.358,100
2020-08-17 09:30:14.730,3.358,100
2020-08-17 09:30:14.730,3.358,100
2020-08-17 09:30:14.730,3.358,100
2020-08-17 09:30:14.730,3.358,100
2020-08-17 09:30:14.730,3.358,100
2020-08-17 09:30:14.730,3.358,100
2020-08-17 09:30:14.730,3.358,100
2020-08-17 09:30:14.730,3.358,100
2020-08-17 09:30:14.730,3.358,100
2020-08-17 09:30:14.730,3.358,100
2020-08-17 09:30:14.730,3.358,100
2020-08-17 09:30:14.730,3.358,100
2020-08-17 09:30:14.730,3.358,100
2020-08-17 09:30:14.730,3.358,100
2020-08-17 09:30:14.730,3.358,100
2020-08-17 09:30:14.730,3.358,100
2020-08-17 09:30:14.730,3.358,100
2020-08-17 09:30:14.730,3.358,100
2020-08-17 09:30:14.730,3.358,100
2020-08-17 09:30:14.730,3.358,100
2020-08-17 09:30:14.730,3.358,100
2020-08-17 09:30:14.730,3.358,100
2020-08-17 09:30:14.730,3.358,100
2020-08-17 09:30:14.730,3.358,100
2020-08-17 09:30:14.730,3.358,100
2020-08-17 09:30:14.730,3.358,100
2020-08-17 09:30:14.730,3.358,100
2020-08-17 09:30:14.860,3.356,200
2020-08-17 09:30:14.860,3.354,2600
2020-08-17 09:30:14.860,3.353,2200
2020-08-17 09:30:14.970,3.355,2000
2020-08-17 09:30:15.390,3.355,200
2020-08-17 09:30:15.450,3.355,6000
2020-08-17 09:30:15.450,3.355,6000
2020-08-17 09:30:15.520,3.355,5000
2020-08-17 09:30:15.600,3.355,500
2020-08-17 09:30:15.600,3.355,100
2020-08-17 09:30:15.600,3.355,600
2020-08-17 09:30:15.630,3.355,200
2020-08-17 09:30:15.630,3.355,700
2020-08-17 09:30:15.680,3.355,12800
2020-08-17 09:30:15.820,3.355,800
2020-08-17 09:30:15.850,3.356,1000
2020-08-17 09:30:15.850,3.355,57100
2020-08-17 09:30:15.850,3.355,1000
2020-08-17 09:30:16.090,3.355,100
2020-08-17 09:30:16.180,3.358,700
2020-08-17 09:30:16.180,3.358,500
2020-08-17 09:30:16.180,3.358,600
2020-08-17 09:30:16.180,3.358,1000
2020-08-17 09:30:16.180,3.358,6000
2020-08-17 09:30:16.180,3.358,10000
2020-08-17 09:30:16.180,3.358,500
2020-08-17 09:30:16.180,3.358,5000
2020-08-17 09:30:16.180,3.358,4300
2020-08-17 09:30:16.180,3.358,200
2020-08-17 09:30:16.180,3.358,100
2020-08-17 09:30:16.180,3.358,700
2020-08-17 09:30:16.180,3.358,10000
2020-08-17 09:30:16.180,3.358,3500
2020-08-17 09:30:16.180,3.358,100
2020-08-17 09:30:16.180,3.358,100
2020-08-17 09:30:16.180,3.358,5500
2020-08-17 09:30:16.180,3.358,3000
2020-08-17 09:30:16.180,3.358,1000
2020-08-17 09:30:16.180,3.358,600
2020-08-17 09:30:16.180,3.359,200
2020-08-17 09:30:16.180,3.359,100
2020-08-17 09:30:16.180,3.359,1000
2020-08-17 09:30:16.180,3.359,1000
2020-08-17 09:30:16.180,3.359,200
2020-08-17 09:30:16.180,3.359,10000
2020-08-17 09:30:16.180,3.359,500
2020-08-17 09:30:16.180,3.359,32000
2020-08-17 09:30:16.180,3.359,5000
2020-08-17 09:30:16.180,3.359,1000
2020-08-17 09:30:16.180,3.359,1000
2020-08-17 09:30:16.180,3.359,5700
2020-08-17 09:30:16.180,3.359,5000
2020-08-17 09:30:16.180,3.359,100
2020-08-17 09:30:16.180,3.359,1000
2020-08-17 09:30:16.180,3.359,1000
2020-08-17 09:30:16.180,3.359,1600
2020-08-17 09:30:16.180,3.359,5000
2020-08-17 09:30:16.180,3.359,4500
2020-08-17 09:30:16.180,3.359,6000
2020-08-17 09:30:16.180,3.359,9100
2020-08-17 09:30:16.220,3.359,900
2020-08-17 09:30:16.220,3.359,200
2020-08-17 09:30:16.260,3.355,700
2020-08-17 09:30:16.560,3.355,3000
2020-08-17 09:30:16.870,3.359,4200
2020-08-17 09:30:16.930,3.359,200
2020-08-17 09:30:17.020,3.355,29100
2020-08-17 09:30:17.720,3.358,800
2020-08-17 09:30:17.750,3.358,5000
2020-08-17 09:30:18.600,3.359,45400
2020-08-17 09:30:18.600,3.359,5000
2020-08-17 09:30:18.600,3.359,3900
2020-08-17 09:30:18.820,3.358,10000
2020-08-17 09:30:19.880,3.359,3600
2020-08-17 09:30:19.880,3.359,3000
2020-08-17 09:30:19.880,3.359,3300
2020-08-17 09:30:19.880,3.359,10000
2020-08-17 09:30:19.880,3.359,5000
2020-08-17 09:30:19.880,3.359,5000
2020-08-17 09:30:19.880,3.359,1000
2020-08-17 09:30:19.880,3.359,1500
2020-08-17 09:30:19.880,3.36,3000
2020-08-17 09:30:19.880,3.36,500
2020-08-17 09:30:19.880,3.36,600
2020-08-17 09:30:19.880,3.36,1000
2020-08-17 09:30:19.880,3.36,2700
2020-08-17 09:30:19.880,3.36,6000
2020-08-17 09:30:19.880,3.36,200
2020-08-17 09:30:19.880,3.36,4300
2020-08-17 09:30:20.110,3.358,100
2020-08-17 09:30:20.620,3.358,3000
2020-08-17 09:30:20.650,3.358,400
2020-08-17 09:30:20.770,3.358,1700
2020-08-17 09:30:20.800,3.358,300
2020-08-17 09:30:20.980,3.358,500
2020-08-17 09:30:21.770,3.359,200
2020-08-17 09:30:22.120,3.36,5700
2020-08-17 09:30:22.120,3.36,1000
2020-08-17 09:30:22.120,3.36,200
2020-08-17 09:30:22.120,3.36,2000
2020-08-17 09:30:22.120,3.36,100
2020-08-17 09:30:22.120,3.36,10000
2020-08-17 09:30:22.120,3.36,1000
2020-08-17 09:30:22.270,3.358,20000
2020-08-17 09:30:22.460,3.358,1500
2020-08-17 09:30:22.690,3.358,2000
2020-08-17 09:30:22.880,3.36,2000
2020-08-17 09:30:23.300,3.358,6000
2020-08-17 09:30:23.330,3.36,1700
2020-08-17 09:30:23.610,3.358,700
2020-08-17 09:30:23.610,3.357,1300
2020-08-17 09:30:23.610,3.356,1000
2020-08-17 09:30:23.740,3.359,10000
2020-08-17 09:30:24.310,3.359,1000
2020-08-17 09:30:24.660,3.359,900
2020-08-17 09:30:26.370,3.359,500
2020-08-17 09:30:26.440,3.36,5300
2020-08-17 09:30:26.440,3.36,100
2020-08-17 09:30:26.440,3.36,1500
2020-08-17 09:30:26.440,3.36,200
2020-08-17 09:30:26.440,3.36,2000
2020-08-17 09:30:26.440,3.36,1000
2020-08-17 09:30:26.440,3.36,1800
2020-08-17 09:30:26.440,3.36,6000
2020-08-17 09:30:26.440,3.36,10000
2020-08-17 09:30:26.440,3.36,100
2020-08-17 09:30:26.440,3.36,100
2020-08-17 09:30:26.440,3.36,1900
2020-08-17 09:30:26.440,3.359,500
2020-08-17 09:30:26.470,3.36,200
2020-08-17 09:30:26.470,3.359,5000
2020-08-17 09:30:26.750,3.359,1300
2020-08-17 09:30:26.750,3.359,18700
2020-08-17 09:30:26.890,3.36,4500
2020-08-17 09:30:26.890,3.36,12600
2020-08-17 09:30:26.890,3.36,500
2020-08-17 09:30:26.890,3.36,5000
2020-08-17 09:30:26.890,3.36,400
2020-08-17 09:30:26.890,3.36,5000
2020-08-17 09:30:26.890,3.36,100
2020-08-17 09:30:26.890,3.36,11900
2020-08-17 09:30:26.890,3.36,10000
2020-08-17 09:30:26.890,3.36,100
2020-08-17 09:30:26.890,3.36,10000
2020-08-17 09:30:26.890,3.36,100
2020-08-17 09:30:26.890,3.36,3000
2020-08-17 09:30:26.890,3.36,2000
2020-08-17 09:30:26.890,3.36,100
2020-08-17 09:30:26.890,3.36,500
2020-08-17 09:30:26.890,3.36,1000
2020-08-17 09:30:26.890,3.36,40000
2020-08-17 09:30:26.890,3.36,600
2020-08-17 09:30:26.890,3.36,700
2020-08-17 09:30:26.890,3.36,20000
2020-08-17 09:30:26.890,3.36,1000
2020-08-17 09:30:26.890,3.36,300
2020-08-17 09:30:26.890,3.36,10000
2020-08-17 09:30:26.890,3.36,1000
2020-08-17 09:30:26.890,3.36,8000
2020-08-17 09:30:26.890,3.36,5000
2020-08-17 09:30:26.890,3.36,5000
2020-08-17 09:30:26.890,3.36,100
2020-08-17 09:30:26.890,3.36,3000
2020-08-17 09:30:26.890,3.36,100
2020-08-17 09:30:26.890,3.36,20000
2020-08-17 09:30:26.890,3.36,2000
2020-08-17 09:30:26.890,3.36,300
2020-08-17 09:30:26.890,3.36,100
2020-08-17 09:30:26.890,3.36,15000
2020-08-17 09:30:26.890,3.36,5000
2020-08-17 09:30:26.890,3.36,10000
2020-08-17 09:30:26.890,3.36,2900
2020-08-17 09:30:26.890,3.36,700
2020-08-17 09:30:26.890,3.36,8000
2020-08-17 09:30:26.890,3.36,900
2020-08-17 09:30:27.070,3.36,3000
2020-08-17 09:30:27.390,3.361,200
2020-08-17 09:30:27.390,3.361,100
2020-08-17 09:30:27.390,3.361,500
2020-08-17 09:30:27.390,3.361,1000
2020-08-17 09:30:27.390,3.361,200
2020-08-17 09:30:27.390,3.361,500
2020-08-17 09:30:27.390,3.361,2000
2020-08-17 09:30:27.390,3.361,1000
2020-08-17 09:30:27.390,3.361,5000
2020-08-17 09:30:27.390,3.361,1000
2020-08-17 09:30:27.390,3.361,3500
2020-08-17 09:30:27.390,3.361,100
2020-08-17 09:30:27.390,3.361,100
2020-08-17 09:30:27.390,3.361,1400
2020-08-17 09:30:27.420,3.361,21500
2020-08-17 09:30:27.450,3.361,10000
2020-08-17 09:30:27.510,3.361,700
2020-08-17 09:30:27.540,3.362,100
2020-08-17 09:30:27.540,3.362,1500
2020-08-17 09:30:27.540,3.362,600
2020-08-17 09:30:27.540,3.362,400
2020-08-17 09:30:27.580,3.361,1000
2020-08-17 09:30:27.820,3.361,2000
2020-08-17 09:30:27.940,3.361,10000
2020-08-17 09:30:28.160,3.361,25000
2020-08-17 09:30:28.530,3.361,46800
2020-08-17 09:30:28.630,3.361,3000
2020-08-17 09:30:29.270,3.362,600
2020-08-17 09:30:29.270,3.362,6000
2020-08-17 09:30:29.270,3.362,500
2020-08-17 09:30:29.270,3.362,10000
2020-08-17 09:30:29.270,3.362,5000
2020-08-17 09:30:29.270,3.362,2000
2020-08-17 09:30:29.270,3.362,5100
2020-08-17 09:30:29.270,3.362,100
2020-08-17 09:30:29.270,3.362,300
2020-08-17 09:30:29.270,3.362,100
2020-08-17 09:30:29.270,3.362,2000
2020-08-17 09:30:29.270,3.362,1500
2020-08-17 09:30:29.270,3.362,140000
2020-08-17 09:30:29.390,3.362,500
2020-08-17 09:30:29.630,3.362,500
2020-08-17 09:30:30.560,3.362,400
2020-08-17 09:30:30.620,3.362,600
2020-08-17 09:30:30.650,3.362,2000
2020-08-17 09:30:31.420,3.361,500
2020-08-17 09:30:32.040,3.361,2000
2020-08-17 09:30:32.120,3.361,7500
2020-08-17 09:30:32.120,3.36,50283
2020-08-17 09:30:32.590,3.362,100
2020-08-17 09:30:32.620,3.362,900
2020-08-17 09:30:33.550,3.361,11600
2020-08-17 09:30:33.550,3.362,31900
2020-08-17 09:30:33.700,3.362,50000
2020-08-17 09:30:33.910,3.362,100
2020-08-17 09:30:34.320,3.362,4000
2020-08-17 09:30:34.810,3.36,10000
2020-08-17 09:30:35.020,3.361,400
2020-08-17 09:30:35.690,3.361,2700
2020-08-17 09:30:35.830,3.361,7300
2020-08-17 09:30:35.830,3.36,239717
2020-08-17 09:30:35.830,3.36,30000
2020-08-17 09:30:35.830,3.36,2000
2020-08-17 09:30:35.830,3.36,500
2020-08-17 09:30:35.830,3.36,500
2020-08-17 09:30:35.830,3.36,300000
2020-08-17 09:30:35.830,3.36,22883
2020-08-17 09:30:35.860,3.362,800
2020-08-17 09:30:35.900,3.36,500
2020-08-17 09:30:36.100,3.362,5000
2020-08-17 09:30:37.230,3.36,1700
2020-08-17 09:30:37.230,3.36,40000
2020-08-17 09:30:37.230,3.359,1200
2020-08-17 09:30:37.230,3.359,8900
2020-08-17 09:30:37.230,3.359,200
2020-08-17 09:30:37.230,3.359,3000
2020-08-17 09:30:37.290,3.359,37000
2020-08-17 09:30:37.290,3.359,5000
2020-08-17 09:30:37.350,3.359,50000
2020-08-17 09:30:37.830,3.359,40000
2020-08-17 09:30:37.830,3.359,40000
2020-08-17 09:30:37.860,3.359,50000
2020-08-17 09:30:37.950,3.358,1000
2020-08-17 09:30:37.950,3.358,500
2020-08-17 09:30:38.160,3.359,1700
2020-08-17 09:30:38.700,3.36,30000
2020-08-17 09:30:38.740,3.359,100
2020-08-17 09:30:39.310,3.36,100
2020-08-17 09:30:39.540,3.359,1700
2020-08-17 09:30:39.540,3.359,27700
2020-08-17 09:30:39.990,3.36,100000
2020-08-17 09:30:40.290,3.36,50000
2020-08-17 09:30:40.350,3.36,5000
2020-08-17 09:30:40.430,3.36,132100
2020-08-17 09:30:40.430,3.36,2000
2020-08-17 09:30:40.430,3.36,10000
2020-08-17 09:30:40.430,3.361,93600
2020-08-17 09:30:40.570,3.361,5000
2020-08-17 09:30:40.600,3.361,5000
2020-08-17 09:30:40.860,3.361,5000
2020-08-17 09:30:41.300,3.362,3900
2020-08-17 09:30:41.640,3.361,1300
2020-08-17 09:30:41.720,3.362,20000
2020-08-17 09:30:41.930,3.361,1400
2020-08-17 09:30:41.930,3.361,2900
2020-08-17 09:30:42.330,3.362,3800
2020-08-17 09:30:42.390,3.362,15000
2020-08-17 09:30:42.560,3.361,41700
2020-08-17 09:30:42.850,3.358,12500
2020-08-17 09:30:43.770,3.359,30000
2020-08-17 09:30:43.860,3.359,700
2020-08-17 09:30:44.240,3.359,527600
2020-08-17 09:30:44.580,3.359,200
2020-08-17 09:30:45.200,3.36,10000
2020-08-17 09:30:45.300,3.36,1000
2020-08-17 09:30:45.300,3.359,100
2020-08-17 09:30:45.550,3.36,4000
2020-08-17 09:30:45.550,3.36,2500
2020-08-17 09:30:45.550,3.36,20000
2020-08-17 09:30:45.550,3.36,5300
2020-08-17 09:30:45.750,3.36,500
2020-08-17 09:30:46.020,3.36,22000
2020-08-17 09:30:46.190,3.36,900
2020-08-17 09:30:46.450,3.361,13700
2020-08-17 09:30:46.450,3.361,29100
2020-08-17 09:30:46.450,3.362,257200
2020-08-17 09:30:46.450,3.362,300000
2020-08-17 09:30:47.480,3.36,100
2020-08-17 09:30:47.970,3.36,100000
2020-08-17 09:30:47.990,3.361,2000
2020-08-17 09:30:48.640,3.361,298000
2020-08-17 09:30:48.640,3.361,2000
2020-08-17 09:30:48.670,3.36,30000
2020-08-17 09:30:49.270,3.36,200
2020-08-17 09:30:49.270,3.36,500
2020-08-17 09:30:49.460,3.361,2700
2020-08-17 09:30:49.460,3.361,3000
2020-08-17 09:30:49.460,3.361,7200
2020-08-17 09:30:49.460,3.362,208300
2020-08-17 09:30:49.460,3.362,20000
2020-08-17 09:30:49.460,3.362,5000
2020-08-17 09:30:49.460,3.362,1000
2020-08-17 09:30:49.460,3.362,200
2020-08-17 09:30:49.460,3.362,300
2020-08-17 09:30:49.460,3.362,10000
2020-08-17 09:30:49.460,3.362,6700
2020-08-17 09:30:49.460,3.362,82300
2020-08-17 09:30:49.460,3.362,3000
2020-08-17 09:30:49.460,3.362,100
2020-08-17 09:30:49.460,3.362,20000
2020-08-17 09:30:49.460,3.362,6700
2020-08-17 09:30:49.520,3.36,10000
2020-08-17 09:30:49.640,3.359,5000
2020-08-17 09:30:50.120,3.36,6000
2020-08-17 09:30:50.120,3.36,10000
2020-08-17 09:30:50.120,3.36,1000
2020-08-17 09:30:50.120,3.361,33000
2020-08-17 09:30:50.450,3.361,267000
2020-08-17 09:30:50.450,3.361,5000
2020-08-17 09:30:50.450,3.362,23000
2020-08-17 09:30:50.450,3.362,5000
2020-08-17 09:30:50.960,3.361,8000
2020-08-17 09:30:51.730,3.36,300
2020-08-17 09:30:51.730,3.36,1500
2020-08-17 09:30:52.270,3.36,1000
2020-08-17 09:30:52.490,3.361,2000
2020-08-17 09:30:52.490,3.361,5000
2020-08-17 09:30:52.490,3.361,3000
2020-08-17 09:30:52.490,3.362,5000
2020-08-17 09:30:52.490,3.362,5000
2020-08-17 09:30:52.490,3.362,4100
2020-08-17 09:30:52.490,3.362,10000
2020-08-17 09:30:52.490,3.362,1700
2020-08-17 09:30:52.490,3.363,600
2020-08-17 09:30:52.490,3.363,1000
2020-08-17 09:30:52.490,3.363,3300
2020-08-17 09:30:52.490,3.363,100
2020-08-17 09:30:52.490,3.363,5000
2020-08-17 09:30:52.490,3.363,1000
2020-08-17 09:30:52.490,3.363,10000
2020-08-17 09:30:52.490,3.363,200
2020-08-17 09:30:52.490,3.363,500
2020-08-17 09:30:52.490,3.363,200
2020-08-17 09:30:52.490,3.363,5000
2020-08-17 09:30:52.490,3.363,8000
2020-08-17 09:30:52.490,3.363,4900
2020-08-17 09:30:52.490,3.363,2000
2020-08-17 09:30:52.490,3.363,30000
2020-08-17 09:30:52.490,3.363,100
2020-08-17 09:30:52.490,3.363,5000
2020-08-17 09:30:52.490,3.363,10000
2020-08-17 09:30:52.490,3.363,1000
2020-08-17 09:30:52.490,3.364,100
2020-08-17 09:30:52.490,3.364,1000
2020-08-17 09:30:52.490,3.364,6000
2020-08-17 09:30:52.490,3.364,10000
2020-08-17 09:30:52.490,3.364,27000
2020-08-17 09:30:52.490,3.364,500
2020-08-17 09:30:52.490,3.364,5000
2020-08-17 09:30:52.490,3.364,2000
2020-08-17 09:30:52.490,3.364,5000
2020-08-17 09:30:52.490,3.364,100
2020-08-17 09:30:52.490,3.364,7100
2020-08-17 09:30:52.490,3.364,400
2020-08-17 09:30:52.490,3.364,235800
2020-08-17 09:30:52.490,3.364,300000
2020-08-17 09:30:52.670,3.363,5000
2020-08-17 09:30:52.720,3.363,15000
2020-08-17 09:30:53.350,3.363,500
2020-08-17 09:30:54.650,3.363,5000
2020-08-17 09:30:55.000,3.363,15100
2020-08-17 09:30:55.280,3.363,24200
2020-08-17 09:30:55.400,3.363,6100
2020-08-17 09:30:55.400,3.363,10000
2020-08-17 09:30:55.490,3.363,20000
2020-08-17 09:30:55.520,3.363,10000
2020-08-17 09:30:56.000,3.363,50000
2020-08-17 09:30:56.030,3.363,15400
2020-08-17 09:30:56.030,3.362,1400
2020-08-17 09:30:56.350,3.361,100
2020-08-17 09:30:56.710,3.361,2000
2020-08-17 09:30:56.810,3.361,10000
2020-08-17 09:30:56.960,3.361,2000
2020-08-17 09:30:57.390,3.361,6000
2020-08-17 09:30:57.490,3.362,3200
2020-08-17 09:30:57.490,3.363,300
2020-08-17 09:30:57.490,3.364,296500
2020-08-17 09:30:57.520,3.361,700
2020-08-17 09:30:59.100,3.361,3000
2020-08-17 09:30:59.400,3.362,10000
2020-08-17 09:31:00.340,3.363,31600
2020-08-17 09:31:00.340,3.363,5000
2020-08-17 09:31:00.340,3.363,10000
2020-08-17 09:31:00.340,3.363,3400
2020-08-17 09:31:00.340,3.363,6600
2020-08-17 09:31:00.340,3.363,63400
2020-08-17 09:31:01.140,3.362,2000
2020-08-17 09:31:01.240,3.362,4400
2020-08-17 09:31:01.240,3.363,2100
2020-08-17 09:31:01.370,3.362,500
2020-08-17 09:31:02.480,3.362,5000
2020-08-17 09:31:02.860,3.362,1000
2020-08-17 09:31:03.280,3.362,2900
2020-08-17 09:31:03.340,3.363,30000
2020-08-17 09:31:03.410,3.363,8700
2020-08-17 09:31:03.410,3.363,100
2020-08-17 09:31:03.410,3.363,400
2020-08-17 09:31:03.410,3.363,1000
2020-08-17 09:31:03.410,3.363,1000
2020-08-17 09:31:03.970,3.364,67700
2020-08-17 09:31:03.970,3.364,200
2020-08-17 09:31:03.970,3.364,10000
2020-08-17 09:31:03.970,3.365,10300
2020-08-17 09:31:03.970,3.365,200
2020-08-17 09:31:03.970,3.365,500
2020-08-17 09:31:03.970,3.365,100
2020-08-17 09:31:03.970,3.365,2000
2020-08-17 09:31:03.970,3.365,1000
2020-08-17 09:31:03.970,3.365,1000
2020-08-17 09:31:03.970,3.365,2100
2020-08-17 09:31:03.970,3.365,200
2020-08-17 09:31:03.970,3.365,500
2020-08-17 09:31:03.970,3.365,1000
2020-08-17 09:31:03.970,3.365,500
2020-08-17 09:31:03.970,3.365,100
2020-08-17 09:31:03.970,3.365,8200
2020-08-17 09:31:03.970,3.365,2500
2020-08-17 09:31:03.970,3.365,5000
2020-08-17 09:31:03.970,3.365,5000
2020-08-17 09:31:03.970,3.365,10000
2020-08-17 09:31:03.970,3.365,2400
2020-08-17 09:31:03.970,3.365,20000
2020-08-17 09:31:03.970,3.365,3000
2020-08-17 09:31:03.970,3.365,10000
2020-08-17 09:31:03.970,3.365,100
2020-08-17 09:31:03.970,3.365,1800
2020-08-17 09:31:03.970,3.365,24000
2020-08-17 09:31:03.970,3.365,2000
2020-08-17 09:31:03.970,3.366,1200
2020-08-17 09:31:03.970,3.366,10000
2020-08-17 09:31:03.970,3.366,300
2020-08-17 09:31:03.970,3.366,100
2020-08-17 09:31:03.970,3.366,500
2020-08-17 09:31:03.970,3.366,1000
2020-08-17 09:31:03.970,3.366,6000
2020-08-17 09:31:03.970,3.366,5000
2020-08-17 09:31:03.970,3.366,500
2020-08-17 09:31:03.970,3.366,10000
2020-08-17 09:31:03.970,3.366,10000
2020-08-17 09:31:03.970,3.366,5000
2020-08-17 09:31:03.970,3.366,20000
2020-08-17 09:31:03.970,3.366,200
2020-08-17 09:31:03.970,3.366,6000
2020-08-17 09:31:03.970,3.366,300
2020-08-17 09:31:03.970,3.366,15000
2020-08-17 09:31:03.970,3.366,12900
2020-08-17 09:31:03.970,3.367,4600
2020-08-17 09:31:04.970,3.365,4200
2020-08-17 09:31:05.190,3.365,800
2020-08-17 09:31:05.290,3.365,5000
2020-08-17 09:31:05.290,3.365,5000
2020-08-17 09:31:05.380,3.365,200
2020-08-17 09:31:05.710,3.365,6000
2020-08-17 09:31:05.770,3.365,1200
2020-08-17 09:31:05.860,3.365,10000
2020-08-17 09:31:06.600,3.365,15000
2020-08-17 09:31:07.700,3.365,100900
2020-08-17 09:31:07.970,3.365,11300
2020-08-17 09:31:08.030,3.365,10000
2020-08-17 09:31:08.300,3.365,11700
2020-08-17 09:31:08.480,3.365,1500
2020-08-17 09:31:08.570,3.365,10000
2020-08-17 09:31:08.630,3.365,100
2020-08-17 09:31:08.850,3.365,111300
2020-08-17 09:31:08.910,3.363,36
2020-08-17 09:31:09.280,3.363,8000
2020-08-17 09:31:09.460,3.363,2000
2020-08-17 09:31:09.460,3.363,3000
2020-08-17 09:31:10.260,3.363,197000
2020-08-17 09:31:10.260,3.363,32200
2020-08-17 09:31:10.450,3.363,9200
2020-08-17 09:31:11.120,3.363,61600
2020-08-17 09:31:11.120,3.364,5300
2020-08-17 09:31:12.260,3.364,40000
2020-08-17 09:31:12.750,3.364,600
2020-08-17 09:31:13.190,3.363,1500
2020-08-17 09:31:13.280,3.364,8000
2020-08-17 09:31:14.040,3.364,100
2020-08-17 09:31:14.360,3.363,4000
2020-08-17 09:31:14.360,3.363,400
2020-08-17 09:31:14.800,3.363,27800
2020-08-17 09:31:15.600,3.363,300
2020-08-17 09:31:16.100,3.363,200
2020-08-17 09:31:16.700,3.364,3000
2020-08-17 09:31:17.120,3.362,1500
2020-08-17 09:31:17.120,3.362,1000
2020-08-17 09:31:17.120,3.361,1900
2020-08-17 09:31:17.120,3.361,2500
2020-08-17 09:31:17.760,3.363,10000
2020-08-17 09:31:18.280,3.363,1000
2020-08-17 09:31:18.370,3.363,14000
2020-08-17 09:31:18.370,3.363,286000
2020-08-17 09:31:18.400,3.363,30000
2020-08-17 09:31:18.830,3.363,1000
2020-08-17 09:31:19.130,3.363,5000
2020-08-17 09:31:19.470,3.362,5000
2020-08-17 09:31:19.710,3.362,1000
2020-08-17 09:31:19.710,3.363,19000
2020-08-17 09:31:19.890,3.362,200
2020-08-17 09:31:19.890,3.361,7500
2020-08-17 09:31:19.890,3.361,18800
2020-08-17 09:31:20.060,3.361,100
2020-08-17 09:31:21.100,3.361,11100
2020-08-17 09:31:21.100,3.361,400
2020-08-17 09:31:21.690,3.362,1800
2020-08-17 09:31:21.690,3.362,100
2020-08-17 09:31:21.690,3.362,15000
2020-08-17 09:31:21.690,3.362,4000
2020-08-17 09:31:21.690,3.363,279100
2020-08-17 09:31:22.010,3.363,283700
2020-08-17 09:31:22.010,3.363,500
2020-08-17 09:31:22.010,3.363,300
2020-08-17 09:31:22.010,3.363,3200
2020-08-17 09:31:22.010,3.363,12300
2020-08-17 09:31:22.010,3.363,300000
2020-08-17 09:31:22.010,3.361,2200
2020-08-17 09:31:22.970,3.363,2300
2020-08-17 09:31:23.350,3.361,13900
2020-08-17 09:31:23.350,3.361,36100
2020-08-17 09:31:23.690,3.362,8000
2020-08-17 09:31:23.780,3.363,2000
2020-08-17 09:31:23.780,3.363,10000
2020-08-17 09:31:23.780,3.363,5000
2020-08-17 09:31:23.780,3.363,6000
2020-08-17 09:31:23.780,3.363,5000
2020-08-17 09:31:23.780,3.363,1900
2020-08-17 09:31:23.780,3.363,2900
2020-08-17 09:31:23.780,3.363,500
2020-08-17 09:31:23.780,3.363,2000
2020-08-17 09:31:23.780,3.363,30000
2020-08-17 09:31:24.080,3.364,243000
2020-08-17 09:31:24.080,3.364,7500
2020-08-17 09:31:24.080,3.364,5100
2020-08-17 09:31:24.080,3.364,8000
2020-08-17 09:31:24.080,3.364,500
2020-08-17 09:31:24.080,3.364,500
2020-08-17 09:31:24.080,3.365,1200
2020-08-17 09:31:24.080,3.365,10000
2020-08-17 09:31:24.080,3.365,1000
2020-08-17 09:31:24.080,3.365,500
2020-08-17 09:31:24.080,3.365,2900
2020-08-17 09:31:24.080,3.365,3000
2020-08-17 09:31:24.080,3.365,3500
2020-08-17 09:31:24.080,3.365,4200
2020-08-17 09:31:24.080,3.365,9100
2020-08-17 09:31:24.290,3.364,100
2020-08-17 09:31:24.290,3.365,299900
2020-08-17 09:31:24.720,3.363,10000
2020-08-17 09:31:24.930,3.363,100900
2020-08-17 09:31:25.060,3.363,5000
2020-08-17 09:31:25.360,3.363,8000
2020-08-17 09:31:25.610,3.363,21100
2020-08-17 09:31:25.700,3.363,3000
2020-08-17 09:31:25.730,3.363,600
2020-08-17 09:31:26.520,3.363,2000
2020-08-17 09:31:26.780,3.363,1400
2020-08-17 09:31:26.870,3.363,82700
2020-08-17 09:31:26.870,3.363,17300
2020-08-17 09:31:27.190,3.363,10000
2020-08-17 09:31:27.370,3.364,2000
2020-08-17 09:31:27.370,3.364,100
2020-08-17 09:31:27.370,3.365,297900
2020-08-17 09:31:28.230,3.363,15000
2020-08-17 09:31:28.960,3.363,282700
2020-08-17 09:31:29.010,3.364,2300
2020-08-17 09:31:29.100,3.364,2700
2020-08-17 09:31:29.100,3.363,16300
2020-08-17 09:31:29.190,3.363,10000
2020-08-17 09:31:29.370,3.363,48700
2020-08-17 09:31:29.370,3.363,72600
2020-08-17 09:31:29.370,3.363,300
2020-08-17 09:31:29.370,3.363,47600
2020-08-17 09:31:29.370,3.363,2400
2020-08-17 09:31:29.370,3.363,7600
2020-08-17 09:31:29.630,3.363,1000
2020-08-17 09:31:29.650,3.363,3400
2020-08-17 09:31:29.750,3.363,2000
2020-08-17 09:31:30.340,3.365,40000
2020-08-17 09:31:30.530,3.363,1400
2020-08-17 09:31:30.860,3.363,34600
2020-08-17 09:31:30.860,3.363,4400
2020-08-17 09:31:31.170,3.363,15900
2020-08-17 09:31:31.170,3.363,1200
2020-08-17 09:31:31.200,3.363,10000
2020-08-17 09:31:31.280,3.363,55200
2020-08-17 09:31:31.280,3.362,844800
2020-08-17 09:31:31.280,3.364,100
2020-08-17 09:31:31.430,3.362,300
2020-08-17 09:31:32.190,3.363,100
2020-08-17 09:31:32.190,3.363,6000
2020-08-17 09:31:32.650,3.363,3100
2020-08-17 09:31:32.810,3.363,900
2020-08-17 09:31:33.070,3.363,400
2020-08-17 09:31:33.290,3.364,5900
2020-08-17 09:31:33.290,3.364,294100
2020-08-17 09:31:33.290,3.364,300000
2020-08-17 09:31:33.290,3.364,300000
2020-08-17 09:31:33.290,3.364,5900
2020-08-17 09:31:33.290,3.364,294100
2020-08-17 09:31:33.550,3.363,48700
2020-08-17 09:31:33.550,3.362,1200
2020-08-17 09:31:34.160,3.364,10000
2020-08-17 09:31:34.160,3.364,30000
2020-08-17 09:31:34.810,3.364,30000
2020-08-17 09:31:35.110,3.363,15000
2020-08-17 09:31:35.350,3.364,100
2020-08-17 09:31:35.500,3.362,10000
2020-08-17 09:31:35.620,3.362,1000
2020-08-17 09:31:35.620,3.364,3900
2020-08-17 09:31:35.780,3.364,20000
2020-08-17 09:31:36.260,3.364,80000
2020-08-17 09:31:36.260,3.364,100000
2020-08-17 09:31:36.260,3.364,10000
2020-08-17 09:31:36.400,3.364,321900
2020-08-17 09:31:36.400,3.364,5000
2020-08-17 09:31:36.400,3.364,2000
2020-08-17 09:31:36.400,3.365,256700
2020-08-17 09:31:36.400,3.365,15600
2020-08-17 09:31:36.400,3.365,33000
2020-08-17 09:31:36.400,3.365,15000
2020-08-17 09:31:36.400,3.365,10000
2020-08-17 09:31:36.400,3.365,2000
2020-08-17 09:31:36.400,3.365,20000
2020-08-17 09:31:36.400,3.365,1000
2020-08-17 09:31:36.400,3.365,500
2020-08-17 09:31:36.400,3.365,3000
2020-08-17 09:31:36.400,3.365,5000
2020-08-17 09:31:36.400,3.365,2000
2020-08-17 09:31:36.400,3.365,8000
2020-08-17 09:31:36.400,3.365,1000
2020-08-17 09:31:36.400,3.365,10000
2020-08-17 09:31:36.400,3.366,119900
2020-08-17 09:31:36.400,3.366,10000
2020-08-17 09:31:36.400,3.366,50000
2020-08-17 09:31:36.400,3.366,10000
2020-08-17 09:31:36.400,3.366,10000
2020-08-17 09:31:36.400,3.366,1500
2020-08-17 09:31:36.400,3.366,50000
2020-08-17 09:31:36.400,3.366,100
2020-08-17 09:31:36.400,3.366,36800
2020-08-17 09:31:37.200,3.365,4600
2020-08-17 09:31:37.530,3.365,400
2020-08-17 09:31:37.630,3.365,5000
2020-08-17 09:31:37.660,3.364,100
2020-08-17 09:31:38.410,3.364,100
2020-08-17 09:31:38.670,3.365,4600
2020-08-17 09:31:38.670,3.365,14000
2020-08-17 09:31:38.670,3.365,5000
2020-08-17 09:31:38.820,3.365,3000
2020-08-17 09:31:38.850,3.365,20000
2020-08-17 09:31:38.920,3.365,5900
2020-08-17 09:31:39.010,3.365,1600
2020-08-17 09:31:39.500,3.365,2000
2020-08-17 09:31:39.620,3.365,100000
2020-08-17 09:31:40.130,3.365,4000
2020-08-17 09:31:40.340,3.365,139900
2020-08-17 09:31:40.590,3.364,300
2020-08-17 09:31:40.590,3.364,3000
2020-08-17 09:31:40.590,3.364,300
2020-08-17 09:31:40.590,3.364,2000
2020-08-17 09:31:40.590,3.364,5000
2020-08-17 09:31:40.590,3.363,2200
2020-08-17 09:31:41.410,3.363,7800
2020-08-17 09:31:41.410,3.362,8900
2020-08-17 09:31:41.540,3.362,2000
2020-08-17 09:31:41.630,3.363,10000
2020-08-17 09:31:42.270,3.363,300000
2020-08-17 09:31:42.270,3.363,290000
2020-08-17 09:31:42.270,3.364,15200
2020-08-17 09:31:42.270,3.365,160100
2020-08-17 09:31:42.270,3.365,700
2020-08-17 09:31:42.270,3.365,124000
2020-08-17 09:31:42.270,3.365,300000
2020-08-17 09:31:42.270,3.365,300000
2020-08-17 09:31:42.270,3.365,176000
2020-08-17 09:31:42.270,3.365,124000
2020-08-17 09:31:42.400,3.363,500
2020-08-17 09:31:42.790,3.363,500
2020-08-17 09:31:43.260,3.363,4500
2020-08-17 09:31:43.510,3.365,15000
2020-08-17 09:31:44.560,3.364,600
2020-08-17 09:31:45.210,3.364,2400
2020-08-17 09:31:45.750,3.363,4000
2020-08-17 09:31:46.010,3.365,300000
2020-08-17 09:31:46.010,3.365,300000
2020-08-17 09:31:46.010,3.365,161000
2020-08-17 09:31:46.010,3.365,139000
2020-08-17 09:31:46.010,3.365,300000
2020-08-17 09:31:46.250,3.365,461000
2020-08-17 09:31:46.250,3.365,539000
2020-08-17 09:31:46.250,3.365,361000
2020-08-17 09:31:46.250,3.365,5000
2020-08-17 09:31:46.250,3.365,1000
2020-08-17 09:31:46.250,3.365,100
2020-08-17 09:31:46.250,3.365,3000
2020-08-17 09:31:46.250,3.365,6200
2020-08-17 09:31:46.250,3.365,5000
2020-08-17 09:31:47.640,3.365,100000
2020-08-17 09:31:47.910,3.365,500
2020-08-17 09:31:48.090,3.365,37500
2020-08-17 09:31:48.150,3.365,300
2020-08-17 09:31:48.210,3.365,9000
2020-08-17 09:31:48.240,3.366,13200
2020-08-17 09:31:48.240,3.366,15000
2020-08-17 09:31:48.240,3.366,271800
2020-08-17 09:31:48.240,3.366,289900
2020-08-17 09:31:48.240,3.366,10000
2020-08-17 09:31:48.240,3.366,10000
2020-08-17 09:31:48.240,3.366,200
2020-08-17 09:31:48.280,3.366,2400
2020-08-17 09:31:48.280,3.366,20000
2020-08-17 09:31:48.690,3.367,5400
2020-08-17 09:31:48.690,3.367,100
2020-08-17 09:31:48.690,3.367,1600
2020-08-17 09:31:48.690,3.367,1500
2020-08-17 09:31:48.690,3.367,1000
2020-08-17 09:31:48.690,3.367,6700
2020-08-17 09:31:48.690,3.367,200
2020-08-17 09:31:48.690,3.367,500
2020-08-17 09:31:48.690,3.367,10000
2020-08-17 09:31:48.690,3.367,10200
2020-08-17 09:31:48.690,3.367,5000
2020-08-17 09:31:48.690,3.367,1000
2020-08-17 09:31:48.690,3.367,1000
2020-08-17 09:31:48.690,3.367,5000
2020-08-17 09:31:48.690,3.367,1800
2020-08-17 09:31:48.690,3.367,100
2020-08-17 09:31:48.690,3.367,10000
2020-08-17 09:31:48.690,3.367,5000
2020-08-17 09:31:48.690,3.367,33900
2020-08-17 09:31:48.780,3.366,30000
2020-08-17 09:31:49.190,3.367,16100
2020-08-17 09:31:49.190,3.367,30000
2020-08-17 09:31:49.190,3.367,6000
2020-08-17 09:31:49.190,3.367,20000
2020-08-17 09:31:49.190,3.367,5000
2020-08-17 09:31:49.190,3.367,10000
2020-08-17 09:31:49.190,3.367,3000
2020-08-17 09:31:49.190,3.367,1000
2020-08-17 09:31:49.190,3.367,3000
2020-08-17 09:31:49.190,3.367,5000
2020-08-17 09:31:49.190,3.367,50000
2020-08-17 09:31:49.490,3.365,1600
2020-08-17 09:31:49.550,3.365,12000
2020-08-17 09:31:49.610,3.365,15600
2020-08-17 09:31:49.800,3.365,1000
2020-08-17 09:31:49.980,3.365,1000
2020-08-17 09:31:50.120,3.365,20000
2020-08-17 09:31:50.310,3.365,600
2020-08-17 09:31:50.700,3.365,5000
2020-08-17 09:31:50.960,3.365,95900
2020-08-17 09:31:50.960,3.365,204100
2020-08-17 09:31:51.260,3.366,5000
2020-08-17 09:31:51.440,3.365,20000
2020-08-17 09:31:51.490,3.365,75900
2020-08-17 09:31:51.490,3.365,31300
2020-08-17 09:31:51.490,3.365,30000
2020-08-17 09:31:51.490,3.365,500
2020-08-17 09:31:51.490,3.365,30000
2020-08-17 09:31:52.170,3.365,21000
2020-08-17 09:31:52.170,3.365,300000
2020-08-17 09:31:52.170,3.365,679000
2020-08-17 09:31:52.170,3.365,223700
2020-08-17 09:31:52.230,3.364,100000
2020-08-17 09:31:52.230,3.364,27000
2020-08-17 09:31:52.530,3.363,500
2020-08-17 09:31:52.530,3.363,2500
2020-08-17 09:31:52.530,3.364,3000
2020-08-17 09:31:52.820,3.363,10000
2020-08-17 09:31:53.000,3.363,2000
2020-08-17 09:31:54.220,3.364,170000
2020-08-17 09:31:54.930,3.364,3000
2020-08-17 09:31:54.930,3.365,297000
2020-08-17 09:31:54.930,3.365,300000
2020-08-17 09:31:54.930,3.365,300000
2020-08-17 09:31:55.050,3.364,500
2020-08-17 09:31:55.590,3.365,6434
2020-08-17 09:31:55.590,3.365,129566
2020-08-17 09:31:55.960,3.365,300000
2020-08-17 09:31:55.960,3.365,300000
2020-08-17 09:31:56.140,3.364,2100
2020-08-17 09:31:56.140,3.363,7900
2020-08-17 09:31:56.260,3.365,170434
2020-08-17 09:31:56.260,3.365,800
2020-08-17 09:31:56.260,3.365,15000
2020-08-17 09:31:56.260,3.365,2000
2020-08-17 09:31:56.260,3.365,4000
2020-08-17 09:31:56.260,3.365,300
2020-08-17 09:31:56.440,3.365,2000
2020-08-17 09:31:56.700,3.365,11466
2020-08-17 09:31:56.700,3.363,277600
2020-08-17 09:31:56.700,3.363,300000
2020-08-17 09:31:56.700,3.363,17800
2020-08-17 09:31:56.700,3.363,5000
2020-08-17 09:31:56.910,3.363,1000
2020-08-17 09:31:56.970,3.363,7000
2020-08-17 09:31:56.990,3.363,15000
2020-08-17 09:31:57.020,3.363,29300
2020-08-17 09:31:57.220,3.363,80000
2020-08-17 09:31:57.220,3.363,100000
2020-08-17 09:31:57.220,3.363,40000
2020-08-17 09:31:57.410,3.363,11800
2020-08-17 09:31:58.400,3.363,1000
2020-08-17 09:31:58.880,3.363,3000
2020-08-17 09:31:59.510,3.363,34
2020-08-17 09:31:59.510,3.364,15000
2020-08-17 09:31:59.510,3.365,5000
2020-08-17 09:31:59.510,3.365,279966
2020-08-17 09:31:59.810,3.364,800
2020-08-17 09:31:59.890,3.364,16300
2020-08-17 09:32:00.580,3.364,11800
2020-08-17 09:32:00.580,3.365,13300
2020-08-17 09:32:00.820,3.365,400
2020-08-17 09:32:00.850,3.365,3000
2020-08-17 09:32:01.000,3.365,3334
2020-08-17 09:32:01.000,3.365,100
2020-08-17 09:32:01.000,3.365,1000
2020-08-17 09:32:01.000,3.366,295566
2020-08-17 09:32:02.000,3.364,1200
2020-08-17 09:32:02.000,3.364,1000
2020-08-17 09:32:02.000,3.364,100
2020-08-17 09:32:02.000,3.365,1000
2020-08-17 09:32:02.000,3.366,296700
2020-08-17 09:32:02.150,3.364,2000
2020-08-17 09:32:02.530,3.364,300
2020-08-17 09:32:03.260,3.364,9700
2020-08-17 09:32:03.260,3.364,4000
2020-08-17 09:32:03.260,3.365,286300
2020-08-17 09:32:03.260,3.365,300000
2020-08-17 09:32:03.260,3.365,300000
2020-08-17 09:32:03.260,3.365,13700
2020-08-17 09:32:03.260,3.366,286300
2020-08-17 09:32:03.260,3.366,13800
2020-08-17 09:32:03.260,3.366,300
2020-08-17 09:32:03.260,3.366,285900
2020-08-17 09:32:03.260,3.366,300000
2020-08-17 09:32:03.260,3.366,300000
2020-08-17 09:32:03.450,3.365,8000
2020-08-17 09:32:04.130,3.366,10000
2020-08-17 09:32:04.460,3.365,2300
2020-08-17 09:32:04.900,3.365,5000
2020-08-17 09:32:05.580,3.365,30300
2020-08-17 09:32:05.780,3.366,4100
2020-08-17 09:32:05.780,3.366,1000
2020-08-17 09:32:05.780,3.366,10000
2020-08-17 09:32:05.780,3.366,5000
2020-08-17 09:32:05.780,3.366,1000
2020-08-17 09:32:05.780,3.366,21900
2020-08-17 09:32:06.400,3.365,5000
2020-08-17 09:32:06.500,3.365,15100
2020-08-17 09:32:06.620,3.366,300000
2020-08-17 09:32:06.720,3.365,170400
2020-08-17 09:32:07.010,3.366,300000
2020-08-17 09:32:07.210,3.365,3000
2020-08-17 09:32:07.210,3.366,2000
2020-08-17 09:32:07.560,3.365,14800
2020-08-17 09:32:07.910,3.366,4000
2020-08-17 09:32:08.190,3.365,30000
2020-08-17 09:32:08.600,3.365,100
2020-08-17 09:32:08.800,3.365,3300
2020-08-17 09:32:09.240,3.366,272100
2020-08-17 09:32:09.240,3.366,1400
2020-08-17 09:32:09.240,3.366,10000
2020-08-17 09:32:09.240,3.366,5000
2020-08-17 09:32:09.240,3.366,10000
2020-08-17 09:32:09.240,3.366,1500
2020-08-17 09:32:09.240,3.366,3500
2020-08-17 09:32:09.240,3.366,400
2020-08-17 09:32:09.240,3.367,7000
2020-08-17 09:32:09.240,3.367,4300
2020-08-17 09:32:09.240,3.367,284800
2020-08-17 09:32:09.240,3.367,300000
2020-08-17 09:32:09.440,3.365,12700
2020-08-17 09:32:09.440,3.365,1500
2020-08-17 09:32:09.440,3.364,1000
2020-08-17 09:32:09.440,3.364,18800
2020-08-17 09:32:09.530,3.364,4000
2020-08-17 09:32:09.920,3.366,500
2020-08-17 09:32:09.920,3.366,15000
2020-08-17 09:32:09.920,3.364,14500
2020-08-17 09:32:10.430,3.366,15100
2020-08-17 09:32:10.730,3.364,7000
2020-08-17 09:32:11.230,3.365,26100
2020-08-17 09:32:12.180,3.365,300000
2020-08-17 09:32:12.180,3.365,300000
2020-08-17 09:32:12.520,3.365,10000
2020-08-17 09:32:12.740,3.365,10000
2020-08-17 09:32:12.840,3.365,50000
2020-08-17 09:32:13.210,3.365,7500
2020-08-17 09:32:14.050,3.365,181300
2020-08-17 09:32:14.050,3.365,12000
2020-08-17 09:32:14.050,3.365,30000
2020-08-17 09:32:14.050,3.365,1100
2020-08-17 09:32:14.050,3.366,20000
2020-08-17 09:32:14.050,3.366,20000
2020-08-17 09:32:14.050,3.366,200
2020-08-17 09:32:14.050,3.366,35400
2020-08-17 09:32:14.050,3.366,14500
2020-08-17 09:32:15.220,3.366,300000
2020-08-17 09:32:15.220,3.366,300000
2020-08-17 09:32:15.370,3.366,100
2020-08-17 09:32:15.780,3.366,20000
2020-08-17 09:32:16.000,3.366,279900
2020-08-17 09:32:16.000,3.366,400
2020-08-17 09:32:16.000,3.367,19700
2020-08-17 09:32:16.000,3.367,295700
2020-08-17 09:32:16.000,3.367,4300
2020-08-17 09:32:17.570,3.365,100
2020-08-17 09:32:17.830,3.365,3500
2020-08-17 09:32:18.210,3.366,15000
2020-08-17 09:32:18.210,3.367,5700
2020-08-17 09:32:18.210,3.367,5000
2020-08-17 09:32:18.210,3.367,20000
2020-08-17 09:32:18.210,3.367,300
2020-08-17 09:32:18.210,3.367,100
2020-08-17 09:32:18.210,3.367,253900
2020-08-17 09:32:18.210,3.367,300000
2020-08-17 09:32:18.720,3.365,400
2020-08-17 09:32:18.720,3.365,1500
2020-08-17 09:32:18.870,3.365,130900
2020-08-17 09:32:20.380,3.364,9100
2020-08-17 09:32:20.780,3.365,127034
2020-08-17 09:32:21.540,3.366,1000
2020-08-17 09:32:21.540,3.366,2000
2020-08-17 09:32:21.540,3.367,297000
2020-08-17 09:32:21.610,3.365,2000
2020-08-17 09:32:22.130,3.366,2800
2020-08-17 09:32:22.440,3.365,500
2020-08-17 09:32:22.770,3.365,11300
2020-08-17 09:32:23.140,3.366,8000
2020-08-17 09:32:23.140,3.366,2000
2020-08-17 09:32:23.140,3.367,49100
2020-08-17 09:32:23.140,3.367,500
2020-08-17 09:32:23.140,3.367,1000
2020-08-17 09:32:23.140,3.367,5000
2020-08-17 09:32:23.140,3.367,34400
2020-08-17 09:32:23.910,3.365,4000
2020-08-17 09:32:24.760,3.366,3000
2020-08-17 09:32:24.840,3.366,1000
2020-08-17 09:32:24.980,3.367,136000
2020-08-17 09:32:24.980,3.368,2000
2020-08-17 09:32:24.980,3.368,100
2020-08-17 09:32:24.980,3.368,500
2020-08-17 09:32:24.980,3.368,1000
2020-08-17 09:32:24.980,3.368,6000
2020-08-17 09:32:24.980,3.368,7000
2020-08-17 09:32:24.980,3.368,5000
2020-08-17 09:32:24.980,3.368,9300
2020-08-17 09:32:24.980,3.368,5000
2020-08-17 09:32:24.980,3.368,5000
2020-08-17 09:32:24.980,3.368,2400
2020-08-17 09:32:24.980,3.368,100
2020-08-17 09:32:24.980,3.368,5500
2020-08-17 09:32:24.980,3.368,5500
2020-08-17 09:32:24.980,3.368,5000
2020-08-17 09:32:24.980,3.368,3000
2020-08-17 09:32:24.980,3.368,3000
2020-08-17 09:32:24.980,3.368,2700
2020-08-17 09:32:24.980,3.368,100
2020-08-17 09:32:24.980,3.368,5000
2020-08-17 09:32:24.980,3.368,1000
2020-08-17 09:32:24.980,3.368,5000
2020-08-17 09:32:24.980,3.368,400
2020-08-17 09:32:24.980,3.368,2900
2020-08-17 09:32:24.980,3.368,400
2020-08-17 09:32:24.980,3.368,3000
2020-08-17 09:32:24.980,3.368,100
2020-08-17 09:32:24.980,3.369,500
2020-08-17 09:32:24.980,3.369,1600
2020-08-17 09:32:24.980,3.369,100
2020-08-17 09:32:24.980,3.369,1000
2020-08-17 09:32:24.980,3.369,1000
2020-08-17 09:32:24.980,3.369,100
2020-08-17 09:32:24.980,3.369,500
2020-08-17 09:32:24.980,3.369,2000
2020-08-17 09:32:24.980,3.369,5000
2020-08-17 09:32:24.980,3.369,5000
2020-08-17 09:32:24.980,3.369,9100
2020-08-17 09:32:24.980,3.369,100
2020-08-17 09:32:24.980,3.369,6000
2020-08-17 09:32:24.980,3.369,12000
2020-08-17 09:32:24.980,3.369,5000
2020-08-17 09:32:24.980,3.369,1000
2020-08-17 09:32:24.980,3.369,3000
2020-08-17 09:32:24.980,3.369,3100
2020-08-17 09:32:24.980,3.369,3000
2020-08-17 09:32:24.980,3.369,500
2020-08-17 09:32:24.980,3.369,5000
2020-08-17 09:32:24.980,3.369,13400
2020-08-17 09:32:25.100,3.366,500
2020-08-17 09:32:25.400,3.366,25000
2020-08-17 09:32:25.930,3.366,500
2020-08-17 09:32:26.670,3.365,1200
2020-08-17 09:32:26.870,3.365,500
2020-08-17 09:32:27.180,3.366,6500
2020-08-17 09:32:27.180,3.366,1500
2020-08-17 09:32:27.180,3.367,6400
2020-08-17 09:32:27.180,3.367,5000
2020-08-17 09:32:27.180,3.368,1000
2020-08-17 09:32:27.180,3.369,6600
2020-08-17 09:32:27.180,3.369,50000
2020-08-17 09:32:27.180,3.369,5000
2020-08-17 09:32:27.180,3.369,3000
2020-08-17 09:32:27.180,3.369,5900
2020-08-17 09:32:27.180,3.369,11200
2020-08-17 09:32:27.180,3.369,1000
2020-08-17 09:32:27.180,3.369,196900
2020-08-17 09:32:28.060,3.366,20000
2020-08-17 09:32:29.010,3.366,30000
2020-08-17 09:32:29.190,3.366,100
2020-08-17 09:32:29.400,3.368,30000
2020-08-17 09:32:29.820,3.369,100
2020-08-17 09:32:30.280,3.369,100
2020-08-17 09:32:30.550,3.369,100
2020-08-17 09:32:30.550,3.37,7400
2020-08-17 09:32:30.550,3.37,2000
2020-08-17 09:32:30.550,3.37,600
2020-08-17 09:32:30.550,3.37,200
2020-08-17 09:32:30.550,3.37,3000
2020-08-17 09:32:30.550,3.37,1400
2020-08-17 09:32:30.550,3.37,2000
2020-08-17 09:32:30.550,3.37,1700
2020-08-17 09:32:30.550,3.37,100
2020-08-17 09:32:30.550,3.37,100
2020-08-17 09:32:30.550,3.37,48200
2020-08-17 09:32:30.550,3.37,10000
2020-08-17 09:32:30.550,3.37,2000
2020-08-17 09:32:30.550,3.37,1000
2020-08-17 09:32:30.550,3.37,1800
2020-08-17 09:32:30.550,3.37,6000
2020-08-17 09:32:30.550,3.37,6000
2020-08-17 09:32:30.550,3.37,10000
2020-08-17 09:32:30.550,3.37,12900
2020-08-17 09:32:30.550,3.37,5000
2020-08-17 09:32:30.550,3.37,500
2020-08-17 09:32:30.550,3.37,20000
2020-08-17 09:32:30.550,3.37,500
2020-08-17 09:32:30.550,3.37,2000
2020-08-17 09:32:30.550,3.37,10000
2020-08-17 09:32:30.550,3.37,200
2020-08-17 09:32:30.550,3.37,100
2020-08-17 09:32:30.550,3.37,5000
2020-08-17 09:32:30.550,3.37,1000
2020-08-17 09:32:30.550,3.37,500
2020-08-17 09:32:30.550,3.37,5000
2020-08-17 09:32:30.550,3.37,5000
2020-08-17 09:32:30.550,3.37,2400
2020-08-17 09:32:30.550,3.37,5000
2020-08-17 09:32:30.550,3.37,3000
2020-08-17 09:32:30.550,3.37,1000
2020-08-17 09:32:30.550,3.37,1000
2020-08-17 09:32:30.550,3.37,1000
2020-08-17 09:32:30.550,3.37,100
2020-08-17 09:32:30.550,3.37,18000
2020-08-17 09:32:30.550,3.37,4000
2020-08-17 09:32:30.550,3.37,1200
2020-08-17 09:32:30.550,3.37,5000
2020-08-17 09:32:30.550,3.37,15000
2020-08-17 09:32:30.550,3.37,100
2020-08-17 09:32:30.550,3.37,2600
2020-08-17 09:32:30.550,3.37,100
2020-08-17 09:32:30.550,3.37,10000
2020-08-17 09:32:30.550,3.37,400
2020-08-17 09:32:30.550,3.37,500
2020-08-17 09:32:30.550,3.37,5000
2020-08-17 09:32:30.550,3.37,1000
2020-08-17 09:32:30.550,3.37,1000
2020-08-17 09:32:30.550,3.37,1000
2020-08-17 09:32:30.550,3.37,5000
2020-08-17 09:32:30.550,3.37,1000
2020-08-17 09:32:30.550,3.37,20000
2020-08-17 09:32:30.550,3.37,2000
2020-08-17 09:32:30.550,3.37,10000
2020-08-17 09:32:30.550,3.37,10000
2020-08-17 09:32:30.550,3.37,2300
2020-08-17 09:32:30.920,3.368,2000
2020-08-17 09:32:31.360,3.366,400
2020-08-17 09:32:31.440,3.366,500
2020-08-17 09:32:31.440,3.366,2600
2020-08-17 09:32:31.840,3.37,2100
2020-08-17 09:32:31.840,3.37,5000
2020-08-17 09:32:31.840,3.37,200
2020-08-17 09:32:31.840,3.37,1500
2020-08-17 09:32:31.840,3.37,5000
2020-08-17 09:32:31.840,3.37,2000
2020-08-17 09:32:31.840,3.37,6800
2020-08-17 09:32:31.840,3.37,200
2020-08-17 09:32:32.410,3.37,10000
2020-08-17 09:32:32.590,3.37,10000
2020-08-17 09:32:33.050,3.37,4500
2020-08-17 09:32:33.170,3.37,5000
2020-08-17 09:32:34.450,3.37,300
2020-08-17 09:32:34.450,3.369,200
2020-08-17 09:32:34.450,3.369,1500
2020-08-17 09:32:34.600,3.369,3300
2020-08-17 09:32:34.600,3.368,1700
2020-08-17 09:32:35.010,3.368,3000
2020-08-17 09:32:35.050,3.37,100
2020-08-17 09:32:35.230,3.37,7200
2020-08-17 09:32:36.340,3.37,2000
2020-08-17 09:32:36.400,3.37,2000
2020-08-17 09:32:36.490,3.37,100
2020-08-17 09:32:36.600,3.37,1500
2020-08-17 09:32:36.660,3.37,200
2020-08-17 09:32:36.800,3.37,9900
2020-08-17 09:32:36.830,3.37,3000
2020-08-17 09:32:36.860,3.371,100
2020-08-17 09:32:36.860,3.371,500
2020-08-17 09:32:36.860,3.371,500
2020-08-17 09:32:36.860,3.371,28200
2020-08-17 09:32:37.260,3.37,2000
2020-08-17 09:32:37.290,3.37,10000
2020-08-17 09:32:38.070,3.37,500
2020-08-17 09:32:38.240,3.37,1500
2020-08-17 09:32:38.240,3.37,100
2020-08-17 09:32:38.240,3.37,4400
2020-08-17 09:32:38.300,3.37,300
2020-08-17 09:32:39.020,3.37,5300
2020-08-17 09:32:39.120,3.37,10000
2020-08-17 09:32:39.210,3.37,300000
2020-08-17 09:32:39.270,3.37,300000
2020-08-17 09:32:39.270,3.37,284700
2020-08-17 09:32:39.270,3.371,15300
2020-08-17 09:32:39.270,3.371,3200
2020-08-17 09:32:39.270,3.371,20000
2020-08-17 09:32:39.270,3.371,5000
2020-08-17 09:32:39.270,3.371,20000
2020-08-17 09:32:39.270,3.371,1000
2020-08-17 09:32:39.270,3.371,45000
2020-08-17 09:32:39.270,3.371,20000
2020-08-17 09:32:39.270,3.371,20000
2020-08-17 09:32:39.270,3.371,100
2020-08-17 09:32:39.270,3.371,500
2020-08-17 09:32:39.270,3.371,4500
2020-08-17 09:32:39.270,3.371,121700
2020-08-17 09:32:39.270,3.372,3100
2020-08-17 09:32:39.270,3.372,100
2020-08-17 09:32:39.270,3.372,1400
2020-08-17 09:32:39.270,3.372,6000
2020-08-17 09:32:39.270,3.372,500
2020-08-17 09:32:39.270,3.372,10000
2020-08-17 09:32:39.270,3.372,100
2020-08-17 09:32:39.270,3.372,5200
2020-08-17 09:32:39.270,3.372,100
2020-08-17 09:32:39.270,3.372,1000
2020-08-17 09:32:39.270,3.372,5000
2020-08-17 09:32:39.270,3.372,6500
2020-08-17 09:32:39.790,3.369,1000
2020-08-17 09:32:39.820,3.371,200
2020-08-17 09:32:40.310,3.369,5000
2020-08-17 09:32:40.610,3.37,200
2020-08-17 09:32:40.680,3.371,1800
2020-08-17 09:32:40.680,3.372,3500
2020-08-17 09:32:40.680,3.372,10000
2020-08-17 09:32:40.680,3.372,4000
2020-08-17 09:32:40.680,3.372,4000
2020-08-17 09:32:40.680,3.372,1600
2020-08-17 09:32:40.680,3.372,100
2020-08-17 09:32:40.680,3.372,5000
2020-08-17 09:32:40.980,3.372,300
2020-08-17 09:32:41.260,3.371,2000
2020-08-17 09:32:41.260,3.371,15300
2020-08-17 09:32:41.260,3.37,1100
2020-08-17 09:32:41.260,3.369,7400
2020-08-17 09:32:41.260,3.369,20000
2020-08-17 09:32:41.260,3.369,31300
2020-08-17 09:32:41.680,3.371,1000
2020-08-17 09:32:41.680,3.371,6300
2020-08-17 09:32:42.220,3.371,50700
2020-08-17 09:32:42.220,3.372,249300
2020-08-17 09:32:42.610,3.37,3000
2020-08-17 09:32:43.160,3.371,5000
2020-08-17 09:32:43.160,3.371,2000
2020-08-17 09:32:43.550,3.372,12000
2020-08-17 09:32:43.550,3.371,25000
2020-08-17 09:32:43.550,3.371,198800
2020-08-17 09:32:44.780,3.37,2300
2020-08-17 09:32:44.880,3.37,4000
2020-08-17 09:32:45.190,3.37,700
2020-08-17 09:32:45.190,3.368,2500
2020-08-17 09:32:45.250,3.371,10000
2020-08-17 09:32:45.250,3.371,80000
2020-08-17 09:32:45.400,3.37,8000
2020-08-17 09:32:45.400,3.371,292000
2020-08-17 09:32:45.400,3.371,294200
2020-08-17 09:32:45.400,3.371,5800
2020-08-17 09:32:45.400,3.371,300000
2020-08-17 09:32:47.820,3.37,100
2020-08-17 09:32:47.820,3.37,1000
2020-08-17 09:32:47.820,3.371,33600
2020-08-17 09:32:48.220,3.371,40000
2020-08-17 09:32:48.260,3.371,10000
2020-08-17 09:32:48.260,3.371,30000
2020-08-17 09:32:48.700,3.37,7000
2020-08-17 09:32:48.790,3.371,7000
2020-08-17 09:32:48.790,3.371,100
2020-08-17 09:32:48.880,3.371,300000
2020-08-17 09:32:48.880,3.371,173500
2020-08-17 09:32:48.880,3.371,5000
2020-08-17 09:32:48.880,3.371,600
2020-08-17 09:32:48.880,3.371,20000
2020-08-17 09:32:48.880,3.371,10000
2020-08-17 09:32:48.880,3.371,3000
2020-08-17 09:32:48.880,3.371,87900
2020-08-17 09:32:48.880,3.371,12100
2020-08-17 09:32:48.880,3.372,287900
2020-08-17 09:32:48.910,3.37,2000
2020-08-17 09:32:49.060,3.37,1700
2020-08-17 09:32:49.340,3.371,1000
2020-08-17 09:32:49.340,3.371,5000
2020-08-17 09:32:49.510,3.371,400
2020-08-17 09:32:49.510,3.371,5000
2020-08-17 09:32:49.530,3.371,600
2020-08-17 09:32:49.650,3.371,200
2020-08-17 09:32:50.080,3.371,287800
2020-08-17 09:32:50.080,3.371,50000
2020-08-17 09:32:50.230,3.37,600
2020-08-17 09:32:51.080,3.37,1000
2020-08-17 09:32:51.230,3.371,50000
2020-08-17 09:32:51.330,3.371,3000
2020-08-17 09:32:51.530,3.371,300000
2020-08-17 09:32:51.530,3.371,209200
2020-08-17 09:32:51.530,3.372,10300
2020-08-17 09:32:51.530,3.372,20000
2020-08-17 09:32:51.530,3.372,20000
2020-08-17 09:32:51.530,3.373,10000
2020-08-17 09:32:51.530,3.373,1500
2020-08-17 09:32:51.530,3.373,100
2020-08-17 09:32:51.530,3.373,3300
2020-08-17 09:32:51.530,3.373,100
2020-08-17 09:32:51.530,3.373,1700
2020-08-17 09:32:51.530,3.373,500
2020-08-17 09:32:51.530,3.373,600
2020-08-17 09:32:51.530,3.373,20000
2020-08-17 09:32:51.530,3.373,500
2020-08-17 09:32:51.530,3.373,1100
2020-08-17 09:32:51.530,3.373,500
2020-08-17 09:32:51.530,3.373,600
2020-08-17 09:32:51.530,3.373,2400
2020-08-17 09:32:51.530,3.373,11900
2020-08-17 09:32:51.530,3.373,3600
2020-08-17 09:32:51.530,3.373,8000
2020-08-17 09:32:51.530,3.373,500
2020-08-17 09:32:51.530,3.373,5000
2020-08-17 09:32:51.530,3.373,25000
2020-08-17 09:32:51.530,3.373,243600
2020-08-17 09:32:51.560,3.37,3000
2020-08-17 09:32:51.560,3.37,7000
2020-08-17 09:32:52.460,3.371,12000
2020-08-17 09:32:52.460,3.373,288000
2020-08-17 09:32:52.490,3.373,3800
2020-08-17 09:32:53.070,3.372,400
2020-08-17 09:32:53.070,3.37,7200
2020-08-17 09:32:53.280,3.371,10000
2020-08-17 09:32:53.280,3.371,500
2020-08-17 09:32:53.830,3.371,8000
2020-08-17 09:32:53.880,3.371,1000
2020-08-17 09:32:54.190,3.371,2000
2020-08-17 09:32:54.440,3.372,3000
2020-08-17 09:32:54.440,3.373,297000
2020-08-17 09:32:54.530,3.371,3600
2020-08-17 09:32:54.830,3.373,67600
2020-08-17 09:32:54.830,3.373,3000
2020-08-17 09:32:54.830,3.373,20000
2020-08-17 09:32:54.830,3.373,5000
2020-08-17 09:32:54.930,3.374,200
2020-08-17 09:32:54.930,3.374,100
2020-08-17 09:32:54.930,3.374,6000
2020-08-17 09:32:54.930,3.374,500
2020-08-17 09:32:54.930,3.374,500
2020-08-17 09:32:54.930,3.374,30000
2020-08-17 09:32:54.930,3.374,10000
2020-08-17 09:32:54.930,3.374,100
2020-08-17 09:32:54.930,3.374,7200
2020-08-17 09:32:54.930,3.374,5000
2020-08-17 09:32:54.930,3.374,200
2020-08-17 09:32:54.930,3.374,240200
2020-08-17 09:32:55.430,3.373,2000
2020-08-17 09:32:55.700,3.374,4000
2020-08-17 09:32:55.880,3.373,5000
2020-08-17 09:32:56.140,3.373,1000
2020-08-17 09:32:56.330,3.373,100
2020-08-17 09:32:56.410,3.373,300
2020-08-17 09:32:56.970,3.373,37700
2020-08-17 09:32:57.000,3.373,200
2020-08-17 09:32:57.080,3.373,10000
2020-08-17 09:32:57.140,3.373,848100
2020-08-17 09:32:57.330,3.371,3200
2020-08-17 09:32:57.630,3.371,30000
2020-08-17 09:32:57.650,3.371,5000
2020-08-17 09:32:57.810,3.371,100
2020-08-17 09:32:59.990,3.371,1000
2020-08-17 09:33:00.020,3.371,2000
2020-08-17 09:33:00.020,3.371,5000
2020-08-17 09:33:00.140,3.372,10000
2020-08-17 09:33:00.230,3.372,41900
2020-08-17 09:33:00.230,3.372,8100
2020-08-17 09:33:00.430,3.372,1900
2020-08-17 09:33:00.430,3.372,100
2020-08-17 09:33:00.430,3.372,21100
2020-08-17 09:33:00.430,3.373,50000
2020-08-17 09:33:00.430,3.373,2500
2020-08-17 09:33:00.430,3.374,224400
2020-08-17 09:33:01.170,3.372,1000
2020-08-17 09:33:01.910,3.371,500
2020-08-17 09:33:01.970,3.371,50000
2020-08-17 09:33:02.740,3.371,1000
2020-08-17 09:33:03.230,3.372,300000
2020-08-17 09:33:03.380,3.372,1800
2020-08-17 09:33:03.510,3.371,100
2020-08-17 09:33:03.990,3.372,300000
2020-08-17 09:33:04.730,3.372,40000
2020-08-17 09:33:05.030,3.372,2000
2020-08-17 09:33:05.390,3.372,117700
2020-08-17 09:33:05.680,3.371,3000
2020-08-17 09:33:06.130,3.372,10000
2020-08-17 09:33:06.220,3.372,40000
2020-08-17 09:33:06.220,3.372,30000
2020-08-17 09:33:06.220,3.372,40000
2020-08-17 09:33:06.460,3.372,17500
2020-08-17 09:33:06.460,3.372,282500
2020-08-17 09:33:06.940,3.372,300000
2020-08-17 09:33:07.240,3.371,5000
2020-08-17 09:33:07.420,3.372,300000
2020-08-17 09:33:07.480,3.371,20000
2020-08-17 09:33:07.630,3.372,14800
2020-08-17 09:33:08.880,3.372,2700
2020-08-17 09:33:08.880,3.372,3300
2020-08-17 09:33:09.110,3.373,100
2020-08-17 09:33:09.110,3.373,10000
2020-08-17 09:33:09.110,3.373,15300
2020-08-17 09:33:09.230,3.373,300000
2020-08-17 09:33:09.230,3.373,300000
2020-08-17 09:33:09.730,3.372,1000
2020-08-17 09:33:09.800,3.372,13000
2020-08-17 09:33:09.860,3.372,13800
2020-08-17 09:33:09.880,3.371,174100
2020-08-17 09:33:09.880,3.371,100
2020-08-17 09:33:09.880,3.371,1200
2020-08-17 09:33:09.880,3.371,20000
2020-08-17 09:33:09.880,3.371,3000
2020-08-17 09:33:09.880,3.371,1000
2020-08-17 09:33:09.880,3.371,5000
2020-08-17 09:33:09.880,3.371,2000
2020-08-17 09:33:09.880,3.371,50000
2020-08-17 09:33:09.880,3.371,153500
2020-08-17 09:33:09.880,3.371,2000
2020-08-17 09:33:09.880,3.371,50000
2020-08-17 09:33:10.270,3.371,30000
2020-08-17 09:33:10.350,3.371,50000
2020-08-17 09:33:10.370,3.371,15000
2020-08-17 09:33:10.370,3.371,1700
2020-08-17 09:33:10.610,3.371,200
2020-08-17 09:33:10.990,3.371,1000
2020-08-17 09:33:11.190,3.371,3900
2020-08-17 09:33:11.500,3.371,10000
2020-08-17 09:33:11.530,3.371,3400
2020-08-17 09:33:11.610,3.371,36900
2020-08-17 09:33:12.150,3.371,300000
2020-08-17 09:33:12.150,3.371,30000
2020-08-17 09:33:12.150,3.371,30000
2020-08-17 09:33:12.150,3.371,26000
2020-08-17 09:33:12.150,3.371,4000
2020-08-17 09:33:12.350,3.371,30000
2020-08-17 09:33:12.350,3.371,30000
2020-08-17 09:33:12.350,3.371,30000
2020-08-17 09:33:12.350,3.371,30000
2020-08-17 09:33:12.350,3.371,30000
2020-08-17 09:33:12.350,3.371,30000
2020-08-17 09:33:12.350,3.371,30000
2020-08-17 09:33:12.350,3.371,30000
2020-08-17 09:33:12.350,3.371,30000
2020-08-17 09:33:12.350,3.371,30000
2020-08-17 09:33:12.350,3.371,30000
2020-08-17 09:33:12.350,3.371,30000
2020-08-17 09:33:12.350,3.371,30000
2020-08-17 09:33:12.350,3.371,30000
2020-08-17 09:33:12.350,3.371,10000
2020-08-17 09:33:12.350,3.371,30000
2020-08-17 09:33:12.350,3.371,30000
2020-08-17 09:33:12.350,3.371,30000
2020-08-17 09:33:12.480,3.37,400
2020-08-17 09:33:12.630,3.371,30000
2020-08-17 09:33:13.880,3.37,3000
2020-08-17 09:33:14.580,3.371,246000
2020-08-17 09:33:14.580,3.371,2000
2020-08-17 09:33:14.580,3.371,3000
2020-08-17 09:33:14.580,3.371,1000
2020-08-17 09:33:14.580,3.371,11200
2020-08-17 09:33:14.580,3.371,1500
2020-08-17 09:33:14.580,3.371,100
2020-08-17 09:33:14.580,3.371,1100
2020-08-17 09:33:14.580,3.371,1000
2020-08-17 09:33:14.580,3.371,40400
2020-08-17 09:33:14.580,3.371,10000
2020-08-17 09:33:14.580,3.371,3000
2020-08-17 09:33:14.580,3.371,5000
2020-08-17 09:33:14.580,3.371,74700
2020-08-17 09:33:14.580,3.37,100
2020-08-17 09:33:15.060,3.371,3000
2020-08-17 09:33:15.330,3.371,10000
2020-08-17 09:33:15.460,3.371,300000
2020-08-17 09:33:15.490,3.371,1100
2020-08-17 09:33:15.700,3.37,7000
2020-08-17 09:33:15.700,3.37,600
2020-08-17 09:33:15.700,3.37,3000
2020-08-17 09:33:15.700,3.37,5000
2020-08-17 09:33:15.700,3.37,8500
2020-08-17 09:33:15.700,3.37,2000
2020-08-17 09:33:15.700,3.37,24000
2020-08-17 09:33:16.540,3.369,500
2020-08-17 09:33:16.540,3.368,22800
2020-08-17 09:33:16.540,3.368,1000
2020-08-17 09:33:16.540,3.368,75700
2020-08-17 09:33:16.740,3.368,2100
2020-08-17 09:33:17.390,3.37,10500
2020-08-17 09:33:17.740,3.369,300
2020-08-17 09:33:17.790,3.369,1000
2020-08-17 09:33:18.200,3.37,300000
2020-08-17 09:33:18.400,3.369,300
2020-08-17 09:33:18.400,3.37,5000
2020-08-17 09:33:18.730,3.37,4000
2020-08-17 09:33:18.730,3.37,25000
2020-08-17 09:33:19.230,3.369,30000
2020-08-17 09:33:20.270,3.37,10000
2020-08-17 09:33:21.170,3.368,50000
2020-08-17 09:33:21.170,3.368,18700
2020-08-17 09:33:21.470,3.368,100
2020-08-17 09:33:21.570,3.368,200
2020-08-17 09:33:22.510,3.368,831000
2020-08-17 09:33:22.600,3.369,10000
2020-08-17 09:33:23.490,3.369,3000
2020-08-17 09:33:23.640,3.368,30000
2020-08-17 09:33:24.510,3.369,2700
2020-08-17 09:33:24.510,3.369,2300
2020-08-17 09:33:24.690,3.368,30000
2020-08-17 09:33:24.900,3.368,800
2020-08-17 09:33:25.370,3.368,8200
2020-08-17 09:33:25.370,3.368,1000
2020-08-17 09:33:25.440,3.368,2000
2020-08-17 09:33:25.960,3.367,60000
2020-08-17 09:33:27.250,3.367,20000
2020-08-17 09:33:27.250,3.367,80000
2020-08-17 09:33:27.250,3.367,80000
2020-08-17 09:33:27.650,3.367,40000
2020-08-17 09:33:27.650,3.367,5000
2020-08-17 09:33:27.650,3.367,8900
2020-08-17 09:33:27.650,3.368,2900
2020-08-17 09:33:28.130,3.368,5300
2020-08-17 09:33:28.130,3.368,100
2020-08-17 09:33:28.200,3.368,6000
2020-08-17 09:33:28.390,3.367,5000
2020-08-17 09:33:28.980,3.366,12400
2020-08-17 09:33:28.980,3.366,100
2020-08-17 09:33:28.980,3.366,1000
2020-08-17 09:33:28.980,3.366,13000
2020-08-17 09:33:29.300,3.367,200
2020-08-17 09:33:31.520,3.366,7000
2020-08-17 09:33:31.520,3.366,1400
2020-08-17 09:33:32.010,3.366,700
2020-08-17 09:33:32.010,3.366,300
2020-08-17 09:33:32.520,3.365,1100
2020-08-17 09:33:32.640,3.366,1500
2020-08-17 09:33:32.820,3.366,3000
2020-08-17 09:33:33.290,3.366,40000
2020-08-17 09:33:33.420,3.366,100
2020-08-17 09:33:34.420,3.366,50000
2020-08-17 09:33:34.450,3.366,36800
2020-08-17 09:33:34.450,3.366,2000
2020-08-17 09:33:34.450,3.366,200
2020-08-17 09:33:34.450,3.366,1600
2020-08-17 09:33:34.450,3.367,259400
2020-08-17 09:33:34.620,3.365,8900
2020-08-17 09:33:34.620,3.365,5000
2020-08-17 09:33:34.620,3.365,10900
2020-08-17 09:33:34.620,3.365,5000
2020-08-17 09:33:34.620,3.365,1000
2020-08-17 09:33:34.620,3.365,10000
2020-08-17 09:33:34.620,3.365,4400
2020-08-17 09:33:34.620,3.365,1700
2020-08-17 09:33:34.620,3.365,13100
2020-08-17 09:33:34.620,3.367,99600
2020-08-17 09:33:35.090,3.366,200
2020-08-17 09:33:35.270,3.366,5000
2020-08-17 09:33:35.290,3.366,200
2020-08-17 09:33:35.410,3.365,3000
2020-08-17 09:33:35.730,3.366,50400
2020-08-17 09:33:35.730,3.367,85600
2020-08-17 09:33:35.980,3.367,3400
2020-08-17 09:33:37.270,3.365,400
2020-08-17 09:33:37.270,3.365,11600
2020-08-17 09:33:37.560,3.366,100
2020-08-17 09:33:37.560,3.366,1000
2020-08-17 09:33:37.560,3.366,3000
2020-08-17 09:33:37.560,3.367,55900
2020-08-17 09:33:37.880,3.365,2600
2020-08-17 09:33:37.880,3.365,1800
2020-08-17 09:33:38.380,3.365,9000
2020-08-17 09:33:38.440,3.365,5000
2020-08-17 09:33:38.500,3.365,80600
2020-08-17 09:33:38.500,3.365,50000
2020-08-17 09:33:39.210,3.365,169400
2020-08-17 09:33:39.210,3.366,15000
2020-08-17 09:33:39.210,3.366,1700
2020-08-17 09:33:39.210,3.366,2500
2020-08-17 09:33:39.210,3.366,400
2020-08-17 09:33:39.210,3.366,111000
2020-08-17 09:33:39.720,3.366,2000
2020-08-17 09:33:40.420,3.366,1000
2020-08-17 09:33:41.850,3.366,20000
2020-08-17 09:33:41.930,3.365,500
2020-08-17 09:33:42.200,3.366,2800
2020-08-17 09:33:43.630,3.365,5500
2020-08-17 09:33:43.660,3.365,300000
2020-08-17 09:33:44.550,3.365,38800
2020-08-17 09:33:44.770,3.365,1600
2020-08-17 09:33:46.320,3.364,500
2020-08-17 09:33:46.320,3.364,100
2020-08-17 09:33:46.320,3.364,2700
2020-08-17 09:33:46.590,3.364,14000
2020-08-17 09:33:46.620,3.364,1000
2020-08-17 09:33:48.250,3.364,1500
2020-08-17 09:33:49.590,3.364,5200
2020-08-17 09:33:49.590,3.364,100
2020-08-17 09:33:51.830,3.364,200
2020-08-17 09:33:52.190,3.363,20000
2020-08-17 09:33:52.190,3.363,10000
2020-08-17 09:33:52.190,3.362,45500
2020-08-17 09:33:52.190,3.362,1000
2020-08-17 09:33:52.190,3.362,20000
2020-08-17 09:33:52.190,3.362,3500
2020-08-17 09:33:53.980,3.363,2000
2020-08-17 09:33:54.270,3.362,5000
2020-08-17 09:33:54.270,3.363,5000
2020-08-17 09:33:54.750,3.362,1500
2020-08-17 09:33:54.750,3.362,100
2020-08-17 09:33:54.750,3.362,100
2020-08-17 09:33:54.750,3.362,1300
2020-08-17 09:33:54.770,3.362,8700
2020-08-17 09:33:54.810,3.362,200
2020-08-17 09:33:55.450,3.362,291100
2020-08-17 09:33:55.450,3.363,3000
2020-08-17 09:33:55.450,3.363,5900
2020-08-17 09:33:56.310,3.361,800
2020-08-17 09:33:56.340,3.361,200
2020-08-17 09:33:56.340,3.361,1300
2020-08-17 09:33:56.340,3.361,200
2020-08-17 09:33:56.340,3.361,100
2020-08-17 09:33:56.400,3.361,500
2020-08-17 09:33:56.400,3.361,1000
2020-08-17 09:33:56.520,3.363,10000
2020-08-17 09:33:56.750,3.361,900
2020-08-17 09:33:57.150,3.363,75000
2020-08-17 09:33:57.150,3.363,120000
2020-08-17 09:33:57.150,3.363,100
2020-08-17 09:33:57.150,3.363,104900
2020-08-17 09:33:57.150,3.363,300000
2020-08-17 09:33:57.270,3.361,1500
2020-08-17 09:33:57.440,3.363,10000
2020-08-17 09:33:57.580,3.361,500
2020-08-17 09:33:57.580,3.361,2000
2020-08-17 09:33:57.580,3.361,6900
2020-08-17 09:33:58.440,3.361,1100
2020-08-17 09:33:59.100,3.361,2000
2020-08-17 09:33:59.100,3.361,100
2020-08-17 09:33:59.100,3.361,2900
2020-08-17 09:33:59.580,3.361,700
2020-08-17 09:34:00.610,3.36,1000
2020-08-17 09:34:00.610,3.36,4000
2020-08-17 09:34:00.910,3.361,1900
2020-08-17 09:34:00.910,3.362,6000
2020-08-17 09:34:00.940,3.362,800
2020-08-17 09:34:01.490,3.36,3000
2020-08-17 09:34:01.540,3.361,3000
2020-08-17 09:34:01.790,3.361,400
2020-08-17 09:34:02.460,3.36,10000
2020-08-17 09:34:02.460,3.361,3200
2020-08-17 09:34:02.460,3.361,296800
2020-08-17 09:34:03.120,3.361,100
2020-08-17 09:34:03.150,3.361,3100
2020-08-17 09:34:03.150,3.361,6000
2020-08-17 09:34:03.150,3.361,900
2020-08-17 09:34:03.680,3.361,200
2020-08-17 09:34:03.950,3.361,300
2020-08-17 09:34:04.100,3.361,4600
2020-08-17 09:34:04.100,3.361,5700
2020-08-17 09:34:04.100,3.362,600
2020-08-17 09:34:04.100,3.362,19100
2020-08-17 09:34:04.480,3.361,10000
2020-08-17 09:34:04.540,3.362,5000
2020-08-17 09:34:05.350,3.362,300
2020-08-17 09:34:05.490,3.361,100
2020-08-17 09:34:05.490,3.361,700
2020-08-17 09:34:05.590,3.362,20000
2020-08-17 09:34:06.370,3.361,9200
2020-08-17 09:34:06.370,3.36,200800
2020-08-17 09:34:06.430,3.36,36200
2020-08-17 09:34:06.430,3.36,3600
2020-08-17 09:34:06.430,3.36,3800
2020-08-17 09:34:06.430,3.36,7000
2020-08-17 09:34:06.430,3.36,2000
2020-08-17 09:34:06.430,3.36,10000
2020-08-17 09:34:06.430,3.36,3800
2020-08-17 09:34:06.430,3.36,15000
2020-08-17 09:34:06.430,3.36,6100
2020-08-17 09:34:06.430,3.36,2000
2020-08-17 09:34:06.430,3.36,300
2020-08-17 09:34:06.860,3.36,13300
2020-08-17 09:34:06.980,3.36,5000
2020-08-17 09:34:07.800,3.36,16800
2020-08-17 09:34:08.160,3.36,298800
2020-08-17 09:34:08.320,3.36,20000
2020-08-17 09:34:08.320,3.36,2000
2020-08-17 09:34:08.320,3.36,3300
2020-08-17 09:34:08.620,3.36,1800
2020-08-17 09:34:08.940,3.36,500
2020-08-17 09:34:08.960,3.359,1300
2020-08-17 09:34:08.960,3.359,1000
2020-08-17 09:34:08.960,3.359,2700
2020-08-17 09:34:09.120,3.36,2000
2020-08-17 09:34:09.280,3.36,3000
2020-08-17 09:34:09.280,3.359,22300
2020-08-17 09:34:09.280,3.359,100
2020-08-17 09:34:09.280,3.359,3500
2020-08-17 09:34:09.280,3.359,100
2020-08-17 09:34:09.280,3.359,10000
2020-08-17 09:34:09.620,3.359,3000
2020-08-17 09:34:10.510,3.359,5000
2020-08-17 09:34:11.070,3.359,5000
2020-08-17 09:34:11.130,3.358,6000
2020-08-17 09:34:11.370,3.359,1000
2020-08-17 09:34:11.460,3.359,10000
2020-08-17 09:34:12.140,3.359,1900
2020-08-17 09:34:12.420,3.359,3000
2020-08-17 09:34:13.380,3.358,4000
2020-08-17 09:34:13.380,3.358,10000
2020-08-17 09:34:13.380,3.358,6100
2020-08-17 09:34:13.380,3.358,1000
2020-08-17 09:34:13.510,3.358,200
2020-08-17 09:34:15.290,3.358,4000
2020-08-17 09:34:17.120,3.358,23800
2020-08-17 09:34:17.360,3.358,900
2020-08-17 09:34:17.360,3.358,29100
2020-08-17 09:34:17.360,3.357,5000
2020-08-17 09:34:17.360,3.357,10000
2020-08-17 09:34:17.360,3.356,3000
2020-08-17 09:34:17.360,3.356,6100
2020-08-17 09:34:17.360,3.356,5000
2020-08-17 09:34:17.360,3.356,500
2020-08-17 09:34:17.360,3.356,400
2020-08-17 09:34:17.720,3.358,100
2020-08-17 09:34:19.150,3.357,500
2020-08-17 09:34:21.260,3.356,10000
2020-08-17 09:34:21.260,3.356,40000
2020-08-17 09:34:21.260,3.356,100000
2020-08-17 09:34:21.260,3.356,10000
2020-08-17 09:34:21.420,3.356,40000
2020-08-17 09:34:21.420,3.357,2000
2020-08-17 09:34:21.420,3.358,258000
2020-08-17 09:34:22.140,3.356,5000
2020-08-17 09:34:22.480,3.356,100
2020-08-17 09:34:22.520,3.356,1500
2020-08-17 09:34:22.630,3.355,300000
2020-08-17 09:34:22.850,3.356,243400
2020-08-17 09:34:23.750,3.356,10000
2020-08-17 09:34:23.850,3.356,1600
2020-08-17 09:34:24.230,3.356,100
2020-08-17 09:34:24.410,3.356,13000
2020-08-17 09:34:25.420,3.356,2000
2020-08-17 09:34:26.480,3.356,1500
2020-08-17 09:34:26.530,3.356,100
2020-08-17 09:34:26.570,3.356,5000
2020-08-17 09:34:26.840,3.356,200
2020-08-17 09:34:26.970,3.356,5000
2020-08-17 09:34:27.220,3.357,1000
2020-08-17 09:34:27.220,3.357,3000
2020-08-17 09:34:27.220,3.357,20000
2020-08-17 09:34:27.220,3.357,16000
2020-08-17 09:34:27.220,3.357,10000
2020-08-17 09:34:27.290,3.356,200
2020-08-17 09:34:27.290,3.356,200
2020-08-17 09:34:27.290,3.356,1400
2020-08-17 09:34:27.290,3.356,700
2020-08-17 09:34:27.290,3.356,1000
2020-08-17 09:34:27.730,3.356,10000
2020-08-17 09:34:28.190,3.356,224800
2020-08-17 09:34:28.600,3.356,75200
2020-08-17 09:34:28.600,3.356,4800
2020-08-17 09:34:29.150,3.357,4000
2020-08-17 09:34:29.150,3.357,13900
2020-08-17 09:34:29.180,3.356,200
2020-08-17 09:34:29.180,3.356,600
2020-08-17 09:34:29.180,3.356,54300
2020-08-17 09:34:29.210,3.356,1000
2020-08-17 09:34:29.480,3.357,6100
2020-08-17 09:34:29.480,3.357,1600
2020-08-17 09:34:29.480,3.357,1000
2020-08-17 09:34:29.480,3.357,800
2020-08-17 09:34:29.480,3.357,5000
2020-08-17 09:34:29.510,3.357,10000
2020-08-17 09:34:30.120,3.356,3000
2020-08-17 09:34:30.370,3.357,900000
2020-08-17 09:34:30.580,3.358,1200
2020-08-17 09:34:30.910,3.356,3100
2020-08-17 09:34:31.550,3.357,100
2020-08-17 09:34:31.720,3.357,300
2020-08-17 09:34:33.040,3.357,4600
2020-08-17 09:34:33.040,3.357,10400
2020-08-17 09:34:33.290,3.357,3100
2020-08-17 09:34:33.380,3.357,6000
2020-08-17 09:34:34.960,3.357,170500
2020-08-17 09:34:34.960,3.357,5000
2020-08-17 09:34:35.260,3.357,3000
2020-08-17 09:34:36.280,3.356,900
2020-08-17 09:34:36.540,3.356,3000
2020-08-17 09:34:36.660,3.357,4000
2020-08-17 09:34:36.980,3.356,10500
2020-08-17 09:34:37.100,3.357,20000
2020-08-17 09:34:37.460,3.357,5200
2020-08-17 09:34:37.690,3.357,14200
2020-08-17 09:34:37.780,3.356,3000
2020-08-17 09:34:37.780,3.357,4800
2020-08-17 09:34:38.060,3.357,2000
2020-08-17 09:34:39.290,3.356,20600
2020-08-17 09:34:39.290,3.356,8100
2020-08-17 09:34:39.290,3.356,4200
2020-08-17 09:34:39.290,3.356,6000
2020-08-17 09:34:39.290,3.356,3000
2020-08-17 09:34:39.290,3.356,10000
2020-08-17 09:34:39.290,3.356,5000
2020-08-17 09:34:39.290,3.356,30000
2020-08-17 09:34:39.290,3.356,4700
2020-08-17 09:34:39.290,3.356,9300
2020-08-17 09:34:39.750,3.356,7600
2020-08-17 09:34:40.140,3.357,1000
2020-08-17 09:34:40.760,3.356,3200
2020-08-17 09:34:40.760,3.356,600
2020-08-17 09:34:41.130,3.356,9300
2020-08-17 09:34:41.130,3.356,3000
2020-08-17 09:34:41.130,3.356,1700
2020-08-17 09:34:41.740,3.356,1000
2020-08-17 09:34:42.080,3.357,1000
2020-08-17 09:34:42.080,3.357,1000
2020-08-17 09:34:42.240,3.357,3000
2020-08-17 09:34:42.630,3.357,2700
2020-08-17 09:34:42.900,3.356,27300
2020-08-17 09:34:42.900,3.356,4000
2020-08-17 09:34:43.470,3.355,11000
2020-08-17 09:34:43.700,3.355,463100
2020-08-17 09:34:43.700,3.355,100
2020-08-17 09:34:43.700,3.355,7900
2020-08-17 09:34:43.700,3.355,10000
2020-08-17 09:34:43.700,3.355,5000
2020-08-17 09:34:43.700,3.355,100
2020-08-17 09:34:43.700,3.355,10000
2020-08-17 09:34:43.700,3.355,2000
2020-08-17 09:34:43.700,3.355,100
2020-08-17 09:34:43.700,3.355,5000
2020-08-17 09:34:43.700,3.355,2000
2020-08-17 09:34:43.700,3.355,1000
2020-08-17 09:34:43.700,3.355,100
2020-08-17 09:34:43.700,3.355,93600
2020-08-17 09:34:43.990,3.355,400
2020-08-17 09:34:44.090,3.355,806000
2020-08-17 09:34:44.090,3.355,2900
2020-08-17 09:34:44.090,3.355,3000
2020-08-17 09:34:44.090,3.355,1000
2020-08-17 09:34:44.090,3.355,6100
2020-08-17 09:34:44.090,3.355,12200
2020-08-17 09:34:45.030,3.355,100
2020-08-17 09:34:45.520,3.355,10000
2020-08-17 09:34:45.980,3.355,10000
2020-08-17 09:34:46.460,3.355,1100
2020-08-17 09:34:47.370,3.355,30000
2020-08-17 09:34:47.490,3.355,6100
2020-08-17 09:34:47.780,3.355,11500
2020-08-17 09:34:47.780,3.355,8500
2020-08-17 09:34:48.570,3.355,9200
2020-08-17 09:34:48.760,3.355,10000
2020-08-17 09:34:48.990,3.355,272300
2020-08-17 09:34:48.990,3.355,1600
2020-08-17 09:34:48.990,3.355,3000
2020-08-17 09:34:48.990,3.355,200
2020-08-17 09:34:48.990,3.356,22900
2020-08-17 09:34:50.440,3.356,5000
2020-08-17 09:34:50.500,3.356,300
2020-08-17 09:34:51.110,3.354,6100
2020-08-17 09:34:51.110,3.354,30000
2020-08-17 09:34:51.110,3.354,5000
2020-08-17 09:34:51.110,3.354,300
2020-08-17 09:34:51.110,3.354,9100
2020-08-17 09:34:51.110,3.354,50000
2020-08-17 09:34:51.110,3.354,1000
2020-08-17 09:34:51.110,3.354,32100
2020-08-17 09:34:51.170,3.356,181900
2020-08-17 09:34:51.170,3.356,118100
2020-08-17 09:34:51.930,3.354,200
2020-08-17 09:34:52.450,3.354,400
2020-08-17 09:34:52.980,3.356,3000
2020-08-17 09:34:53.910,3.355,500
2020-08-17 09:34:54.900,3.354,50000
2020-08-17 09:34:54.900,3.354,49400
2020-08-17 09:34:54.900,3.354,20000
2020-08-17 09:34:54.990,3.354,1000
2020-08-17 09:34:55.110,3.354,200
2020-08-17 09:34:55.360,3.354,18600
2020-08-17 09:34:55.360,3.354,100
2020-08-17 09:34:55.360,3.354,20000
2020-08-17 09:34:55.810,3.354,1000
2020-08-17 09:34:55.960,3.355,19500
2020-08-17 09:34:55.960,3.355,280500
2020-08-17 09:34:57.200,3.355,10000
2020-08-17 09:34:57.340,3.354,9600
2020-08-17 09:34:57.660,3.354,7000
2020-08-17 09:34:58.110,3.354,1000
2020-08-17 09:34:58.220,3.354,20000
2020-08-17 09:34:58.320,3.355,9500
2020-08-17 09:34:58.320,3.355,500
2020-08-17 09:34:58.430,3.354,10900
2020-08-17 09:35:00.160,3.355,900
2020-08-17 09:35:00.190,3.355,10000
2020-08-17 09:35:00.220,3.355,100
2020-08-17 09:35:00.300,3.355,3500
2020-08-17 09:35:00.300,3.355,100
2020-08-17 09:35:00.300,3.355,3400
2020-08-17 09:35:00.300,3.356,1000
2020-08-17 09:35:00.300,3.356,5000
2020-08-17 09:35:00.300,3.356,2000
2020-08-17 09:35:00.300,3.356,19200
2020-08-17 09:35:00.900,3.354,1900
2020-08-17 09:35:01.990,3.354,1800
2020-08-17 09:35:02.180,3.355,100
2020-08-17 09:35:02.210,3.354,5000
2020-08-17 09:35:02.270,3.355,500
2020-08-17 09:35:02.470,3.355,2900
2020-08-17 09:35:02.660,3.354,1700
2020-08-17 09:35:02.990,3.354,5000
2020-08-17 09:35:03.240,3.355,2500
2020-08-17 09:35:03.240,3.355,37500
2020-08-17 09:35:03.240,3.354,5000
2020-08-17 09:35:03.270,3.354,5000
2020-08-17 09:35:03.740,3.354,20000
2020-08-17 09:35:03.830,3.355,2000
2020-08-17 09:35:04.940,3.354,2000
2020-08-17 09:35:05.010,3.355,2000
2020-08-17 09:35:05.260,3.355,8500
2020-08-17 09:35:05.360,3.355,400
2020-08-17 09:35:06.120,3.355,10000
2020-08-17 09:35:06.150,3.355,7600
2020-08-17 09:35:06.210,3.356,800
2020-08-17 09:35:06.210,3.356,100
2020-08-17 09:35:06.210,3.356,2000
2020-08-17 09:35:06.210,3.356,7100
2020-08-17 09:35:06.510,3.355,2900
2020-08-17 09:35:06.720,3.355,6000
2020-08-17 09:35:07.470,3.356,2900
2020-08-17 09:35:07.470,3.356,200
2020-08-17 09:35:07.470,3.356,700
2020-08-17 09:35:07.470,3.356,100
2020-08-17 09:35:07.470,3.356,2000
