ExChangeId,ChannelNo,SeqNo,SecurityID,Trade2_Order1,TradeDate,UpdateTime,Price,Volume,TrdMoney,OrdSide,OrdType,TrdBSFlag,TrdBuyNo,TrdSellNo
1,1,16435,510360,2,20200817,92500350,1.580000,1000,1580.000000,-,-,N,106362,26241
1,1,16436,510360,2,20200817,92500350,1.580000,400,632.000000,-,-,N,198628,26241
1,1,46528,510360,2,20200817,93003260,1.581000,10000,15810.000000,-,-,B,254911,103820
1,1,86307,510360,2,20200817,93022790,1.586000,500,793.000000,-,-,B,360364,213266
1,1,99606,510360,2,20200817,93035570,1.586000,1000,1586.000000,-,-,S,360364,380807
1,1,108480,510360,2,20200817,93043960,1.589000,2000,3178.000000,-,-,B,394733,113661
1,1,108481,510360,2,20200817,93043960,1.589000,500,794.500000,-,-,B,394733,394116
1,1,146360,510360,2,20200817,93117110,1.591000,3400,5409.400000,-,-,B,450137,441155
1,1,176065,510360,2,20200817,93145420,1.589000,3800,6038.200000,-,-,B,496739,471210
1,1,185884,510360,2,20200817,93156270,1.589000,400,635.600000,-,-,B,512792,471210
1,1,199203,510360,2,20200817,93210060,1.586000,12700,20142.200000,-,-,S,519749,534492
1,1,200729,510360,2,20200817,93211900,1.589000,300,476.700000,-,-,B,537042,471210
1,1,206489,510360,2,20200817,93218120,1.589000,500,794.500000,-,-,B,546516,471210
1,1,226741,510360,2,20200817,93240980,1.591000,2000,3182.000000,-,-,B,578712,475951
1,1,273709,510360,2,20200817,93329070,1.591000,1400,2227.400000,-,-,S,578712,653406
1,1,273710,510360,2,20200817,93329070,1.591000,100,159.100000,-,-,S,615446,653406
1,1,301680,510360,2,20200817,93400950,1.589000,3800,6038.200000,-,-,B,700164,688573
1,1,318810,510360,2,20200817,93419430,1.586000,200,317.200000,-,-,S,549292,727141
1,1,325523,510360,2,20200817,93426890,1.586000,1700,2696.200000,-,-,B,737271,727141
1,1,344185,510360,2,20200817,93447610,1.583000,500,791.500000,-,-,S,728522,766228
1,1,344186,510360,2,20200817,93447610,1.583000,4500,7123.500000,-,-,S,751413,766228
1,1,346480,510360,2,20200817,93450190,1.583000,100,158.300000,-,-,S,751413,769654
1,1,358099,510360,2,20200817,93504210,1.583000,400,633.200000,-,-,S,751413,787840
1,1,362461,510360,2,20200817,93509680,1.583000,100,158.300000,-,-,B,794656,787840
1,1,364466,510360,2,20200817,93512300,1.583000,1400,2216.200000,-,-,B,797843,787840
1,1,365177,510360,2,20200817,93513080,1.583000,2100,3324.300000,-,-,B,798940,787840
1,1,405360,510360,2,20200817,93610070,1.586000,100,158.600000,-,-,B,870277,831088
1,1,417720,510360,2,20200817,93625850,1.582000,1100,1740.200000,-,-,S,787579,890764
1,1,421524,510360,2,20200817,93631250,1.583000,300,474.900000,-,-,B,897404,878743
1,1,459293,510360,2,20200817,93723610,1.583000,100,158.300000,-,-,S,897404,959490
1,1,462837,510360,2,20200817,93728140,1.583000,400,633.200000,-,-,B,965403,959490
1,1,486533,510360,2,20200817,93805130,1.585000,15500,24567.500000,-,-,S,994879,1006535
1,1,501317,510360,2,20200817,93828070,1.586000,700,1110.200000,-,-,B,1031656,831088
1,1,525671,510360,2,20200817,93911560,1.586000,700,1110.200000,-,-,B,1074183,831088
1,1,538331,510360,2,20200817,93936030,1.586000,500,793.000000,-,-,B,1096988,831088
1,1,540355,510360,2,20200817,93939490,1.586000,18000,28548.000000,-,-,B,1100388,831088
1,1,540356,510360,2,20200817,93939490,1.586000,10000,15860.000000,-,-,B,1100388,1090100
1,1,540357,510360,2,20200817,93939490,1.586000,100000,158600.000000,-,-,B,1100388,1099068
1,1,552210,510360,2,20200817,94002200,1.587000,500,793.500000,-,-,B,1121423,1117977
1,1,557862,510360,2,20200817,94011730,1.587000,1000,1587.000000,-,-,B,1131412,1117977
1,1,590918,510360,2,20200817,94101830,1.589000,4800,7627.200000,-,-,S,1165171,1183336
1,1,637604,510360,2,20200817,94227160,1.589000,1000,1589.000000,-,-,S,1234162,1265595
1,1,637605,510360,2,20200817,94227160,1.589000,400,635.600000,-,-,S,1258049,1265595
1,1,640339,510360,2,20200817,94231580,1.591000,8000,12728.000000,-,-,B,1269835,901060
1,1,650934,510360,2,20200817,94249840,1.593000,500,796.500000,-,-,B,1285787,504794
1,1,655734,510360,2,20200817,94259040,1.593000,500,796.500000,-,-,S,1285787,1293848
1,1,690051,510360,2,20200817,94403170,1.593000,9700,15452.100000,-,-,S,1348081,1350545
1,1,723799,510360,2,20200817,94508620,1.594000,1000,1594.000000,-,-,S,1403846,1406653
1,1,725552,510360,2,20200817,94511490,1.594000,600,956.400000,-,-,S,1403846,1409483
1,1,757924,510360,2,20200817,94607920,1.592000,100,159.200000,-,-,S,1340030,1463524
1,1,771128,510360,2,20200817,94633680,1.593000,9700,15452.100000,-,-,S,1483971,1486398
1,1,775214,510360,2,20200817,94642020,1.592000,6400,10188.800000,-,-,S,1340030,1493516
1,1,777199,510360,2,20200817,94646330,1.592000,19300,30725.600000,-,-,S,1340030,1497144
1,1,807464,510360,2,20200817,94734510,1.595000,200,319.000000,-,-,B,1540131,1390338
1,1,807465,510360,2,20200817,94734510,1.595000,400,638.000000,-,-,B,1540131,1428209
1,1,809776,510360,2,20200817,94738100,1.595000,700,1116.500000,-,-,B,1543235,1428209
1,1,809777,510360,2,20200817,94738100,1.595000,13000,20735.000000,-,-,B,1543235,1481641
1,1,809849,510360,2,20200817,94738220,1.594000,1800,2869.200000,-,-,S,1542951,1543263
1,1,847621,510360,2,20200817,94848200,1.594000,24100,38415.400000,-,-,B,1603747,1600228
1,1,863070,510360,2,20200817,94921800,1.595000,300,478.500000,-,-,B,1630518,1607754
1,1,878738,510360,2,20200817,94955560,1.596000,11400,18194.400000,-,-,B,1657118,1649815
1,1,878813,510360,2,20200817,94955760,1.596000,11500,18354.000000,-,-,B,1657256,1649815
1,1,879783,510360,2,20200817,94957440,1.596000,6100,9735.600000,-,-,B,1658573,1649815
1,1,879784,510360,2,20200817,94957440,1.596000,6100,9735.600000,-,-,B,1658574,1649815
1,1,880964,510360,2,20200817,94959060,1.596000,6000,9576.000000,-,-,B,1660227,1649815
1,1,887380,510360,2,20200817,95010080,1.596000,3400,5426.400000,-,-,B,1670377,1649815
1,1,888084,510360,2,20200817,95011300,1.596000,20800,33196.800000,-,-,B,1671441,1649815
1,1,891335,510360,2,20200817,95016940,1.597000,500,798.500000,-,-,B,1676641,1313822
1,1,891336,510360,2,20200817,95016940,1.597000,5000,7985.000000,-,-,B,1676641,1467176
1,1,891337,510360,2,20200817,95016940,1.597000,2500,3992.500000,-,-,B,1676641,1636476
1,1,904047,510360,2,20200817,95037600,1.595000,100,159.500000,-,-,B,1696787,1692130
1,1,906974,510360,2,20200817,95043320,1.594000,3800,6057.200000,-,-,S,1682325,1701979
1,1,920374,510360,2,20200817,95107830,1.594000,400,637.600000,-,-,B,1722977,1706784
1,1,926599,510360,2,20200817,95119180,1.593000,4100,6531.300000,-,-,S,1705676,1732577
1,1,938619,510360,2,20200817,95142380,1.593000,5500,8761.500000,-,-,S,1739993,1751503
1,1,944155,510360,2,20200817,95150470,1.595000,40800,65076.000000,-,-,B,1759132,1754971
1,1,946927,510360,2,20200817,95154220,1.595000,2000,3190.000000,-,-,B,1762299,1754971
1,1,950819,510360,2,20200817,95200560,1.595000,8700,13876.500000,-,-,B,1767337,1754971
1,1,951771,510360,2,20200817,95202130,1.595000,8700,13876.500000,-,-,B,1768784,1754971
1,1,951780,510360,2,20200817,95202160,1.595000,300,478.500000,-,-,B,1768812,1754971
1,1,952588,510360,2,20200817,95203570,1.595000,8700,13876.500000,-,-,B,1769964,1754971
1,1,953379,510360,2,20200817,95204630,1.595000,1200,1914.000000,-,-,B,1770867,1754971
1,1,953523,510360,2,20200817,95204830,1.595000,98200,156629.000000,-,-,B,1771037,1754971
1,1,953826,510360,2,20200817,95205360,1.595000,25100,40034.500000,-,-,B,1771437,1754971
1,1,954879,510360,2,20200817,95207100,1.595000,1000,1595.000000,-,-,B,1772888,1754971
1,1,971801,510360,2,20200817,95235190,1.595000,3000,4785.000000,-,-,B,1796083,1796036
1,1,996508,510360,2,20200817,95324850,1.595000,3800,6061.000000,-,-,B,1835340,1831175
1,1,1003438,510360,2,20200817,95340410,1.596000,7900,12608.400000,-,-,B,1847602,1844958
1,1,1004516,510360,2,20200817,95342700,1.596000,8000,12768.000000,-,-,B,1849305,1844958
1,1,1005064,510360,2,20200817,95343720,1.596000,3700,5905.200000,-,-,B,1850238,1844958
1,1,1008994,510360,2,20200817,95352570,1.594000,1500,2391.000000,-,-,S,1838677,1856890
1,1,1010197,510360,2,20200817,95355740,1.595000,9400,14993.000000,-,-,S,1858372,1859182
1,1,1011535,510360,2,20200817,95358920,1.595000,4200,6699.000000,-,-,B,1861651,1859182
1,1,1011549,510360,2,20200817,95358960,1.595000,4200,6699.000000,-,-,B,1861684,1859182
1,1,1012424,510360,2,20200817,95400840,1.595000,4100,6539.500000,-,-,B,1863197,1859182
1,1,1012520,510360,2,20200817,95401050,1.595000,4200,6699.000000,-,-,B,1863370,1859182
1,1,1013108,510360,2,20200817,95402510,1.595000,3200,5104.000000,-,-,B,1864603,1859182
1,1,1013135,510360,2,20200817,95402630,1.595000,3200,5104.000000,-,-,B,1864674,1859182
1,1,1013699,510360,2,20200817,95404030,1.595000,3200,5104.000000,-,-,B,1865730,1859182
1,1,1013768,510360,2,20200817,95404120,1.595000,3200,5104.000000,-,-,B,1865816,1859182
1,1,1014489,510360,2,20200817,95405810,1.595000,1300,2073.500000,-,-,B,1867152,1859182
1,1,1014513,510360,2,20200817,95405910,1.595000,1300,2073.500000,-,-,B,1867204,1859182
1,1,1015200,510360,2,20200817,95407400,1.596000,1300,2074.800000,-,-,B,1868493,1854814
1,1,1015225,510360,2,20200817,95407440,1.596000,1200,1915.200000,-,-,B,1868546,1854814
1,1,1019680,510360,2,20200817,95416820,1.594000,5900,9404.600000,-,-,S,1838677,1875569
1,1,1019760,510360,2,20200817,95417100,1.594000,2900,4622.600000,-,-,S,1838677,1875705
1,1,1019776,510360,2,20200817,95417120,1.596000,3800,6064.800000,-,-,B,1875735,1854814
1,1,1027542,510360,2,20200817,95433920,1.596000,3800,6064.800000,-,-,B,1888247,1854814
1,1,1036765,510360,2,20200817,95451720,1.596000,3800,6064.800000,-,-,B,1901640,1854814
1,1,1057145,510360,2,20200817,95532700,1.596000,24100,38463.600000,-,-,B,1933964,1854814
1,1,1086134,510360,2,20200817,95631900,1.594000,100,159.400000,-,-,S,1863598,1979933
1,1,1086135,510360,2,20200817,95631900,1.594000,2000,3188.000000,-,-,S,1871235,1979933
1,1,1092462,510360,2,20200817,95645960,1.594000,1000,1594.000000,-,-,B,1990225,1979933
1,1,1103632,510360,2,20200817,95710740,1.594000,2700,4303.800000,-,-,S,1990225,2008870
1,1,1103633,510360,2,20200817,95710740,1.594000,10000,15940.000000,-,-,S,2006301,2008870
1,1,1119572,510360,2,20200817,95746100,1.593000,200,318.600000,-,-,B,2035316,2020774
1,1,1124764,510360,2,20200817,95758810,1.591000,1000,1591.000000,-,-,S,1624618,2043608
1,1,1124765,510360,2,20200817,95758810,1.591000,1100,1750.100000,-,-,S,1770401,2043608
1,1,1124766,510360,2,20200817,95758810,1.591000,15200,24183.200000,-,-,S,1997770,2043608
1,1,1127427,510360,2,20200817,95804950,1.593000,3700,5894.100000,-,-,B,2047850,2020774
1,1,1136898,510360,2,20200817,95826310,1.594000,3800,6057.200000,-,-,B,2063935,2056427
1,1,1142055,510360,2,20200817,95839950,1.594000,200,318.800000,-,-,B,2073027,2056427
1,1,1142926,510360,2,20200817,95842730,1.594000,3800,6057.200000,-,-,B,2074685,2056427
1,1,1155367,510360,2,20200817,95916750,1.594000,10000,15940.000000,-,-,B,2096540,2095619
1,1,1158230,510360,2,20200817,95924190,1.595000,3400,5423.000000,-,-,B,2100859,2046763
1,1,1163601,510360,2,20200817,95937300,1.595000,900,1435.500000,-,-,B,2109104,2046763
1,1,1163872,510360,2,20200817,95937950,1.595000,6900,11005.500000,-,-,B,2109457,2046763
1,1,1164309,510360,2,20200817,95939110,1.596000,1000,1596.000000,-,-,B,2110128,1854814
1,1,1185817,510360,2,20200817,100022130,1.596000,3600,5745.600000,-,-,B,2140861,1854814
1,1,1186162,510360,2,20200817,100022800,1.596000,43700,69745.200000,-,-,B,2141434,1854814
1,1,1186163,510360,2,20200817,100022800,1.596000,600,957.600000,-,-,B,2141434,1881410
1,1,1187459,510360,2,20200817,100025100,1.597000,5400,8623.800000,-,-,B,2143396,2069843
1,1,1187528,510360,2,20200817,100025200,1.597000,2600,4152.200000,-,-,B,2143471,2069843
1,1,1187529,510360,2,20200817,100025200,1.597000,2800,4471.600000,-,-,B,2143471,2136834
1,1,1188395,510360,2,20200817,100026880,1.597000,42100,67233.700000,-,-,B,2144673,2136834
1,1,1196288,510360,2,20200817,100042820,1.597000,300000,479100.000000,-,-,B,2157214,2136834
1,1,1201980,510360,2,20200817,100053660,1.598000,3700,5912.600000,-,-,B,2165864,231136
1,1,1205128,510360,2,20200817,100059910,1.598000,16000,25568.000000,-,-,B,2170437,231136
1,1,1205129,510360,2,20200817,100059910,1.598000,100,159.800000,-,-,B,2170437,1851207
1,1,1212347,510360,2,20200817,100114530,1.599000,2000,3198.000000,-,-,B,2181631,113662
1,1,1212348,510360,2,20200817,100114530,1.599000,1000,1599.000000,-,-,B,2181631,2160448
1,1,1225604,510360,2,20200817,100143390,1.600000,800,1280.000000,-,-,B,2202457,1355714
1,1,1250639,510360,2,20200817,100226470,1.598000,16000,25568.000000,-,-,S,2239403,2239733
1,1,1279512,510360,2,20200817,100332590,1.596000,200,319.200000,-,-,B,2289538,2287553
1,1,1299053,510360,2,20200817,100426180,1.598000,10000,15980.000000,-,-,B,2321952,2316623
1,1,1312183,510360,2,20200817,100501100,1.597000,50000,79850.000000,-,-,B,2342578,2332513
1,1,1323630,510360,2,20200817,100527880,1.597000,300,479.100000,-,-,B,2359248,2332513
1,1,1324091,510360,2,20200817,100528960,1.596000,9000,14364.000000,-,-,S,2298992,2359958
1,1,1332610,510360,2,20200817,100544880,1.598000,400,639.200000,-,-,B,2370288,2353251
1,1,1352454,510360,2,20200817,100631800,1.598000,100,159.800000,-,-,S,2376080,2399365
1,1,1353450,510360,2,20200817,100634880,1.598000,100,159.800000,-,-,B,2401259,2399365
1,1,1353632,510360,2,20200817,100635240,1.598000,100,159.800000,-,-,B,2401478,2399365
1,1,1353838,510360,2,20200817,100635760,1.598000,100,159.800000,-,-,B,2401754,2399365
1,1,1372110,510360,2,20200817,100721200,1.598000,100,159.800000,-,-,B,2429644,2413152
1,1,1372111,510360,2,20200817,100721200,1.598000,3700,5912.600000,-,-,B,2429644,2413889
1,1,1387032,510360,2,20200817,100800650,1.599000,3000,4797.000000,-,-,B,2454174,2449371
1,1,1387779,510360,2,20200817,100802500,1.598000,1900,3036.200000,-,-,S,2439252,2455257
1,1,1387780,510360,2,20200817,100802500,1.598000,163800,261752.400000,-,-,S,2447432,2455257
1,1,1407008,510360,2,20200817,100847230,1.600000,9200,14720.000000,-,-,B,2482309,1355714
1,1,1407009,510360,2,20200817,100847230,1.600000,500,800.000000,-,-,B,2482309,1392578
1,1,1407010,510360,2,20200817,100847230,1.600000,900,1440.000000,-,-,B,2482309,1451376
1,1,1410829,510360,2,20200817,100855240,1.598000,27400,43785.200000,-,-,S,2447432,2487359
1,1,1444129,510360,2,20200817,101003640,1.600000,3800,6080.000000,-,-,B,2531738,1451376
1,1,1446504,510360,2,20200817,101007960,1.599000,100,159.900000,-,-,S,2493407,2535051
1,1,1455154,510360,2,20200817,101025170,1.600000,3700,5920.000000,-,-,B,2547775,1451376
1,1,1473365,510360,2,20200817,101104880,1.599000,4900,7835.100000,-,-,S,2493407,2577710
1,1,1482193,510360,2,20200817,101125780,1.598000,3000,4794.000000,-,-,S,2477971,2592672
1,1,1484848,510360,2,20200817,101133050,1.598000,3800,6072.400000,-,-,B,2597587,2592672
1,1,1497629,510360,2,20200817,101207900,1.596000,1000,1596.000000,-,-,S,2298992,2619624
1,1,1498873,510360,2,20200817,101210910,1.596000,3700,5905.200000,-,-,B,2621504,2619624
1,1,1499754,510360,2,20200817,101213360,1.596000,8600,13725.600000,-,-,B,2623017,2619624
1,1,1499755,510360,2,20200817,101213360,1.596000,400,638.400000,-,-,B,2623017,2622725
1,1,1500367,510360,2,20200817,101214810,1.596000,3000,4788.000000,-,-,S,2623017,2623872
1,1,1515791,510360,2,20200817,101258250,1.596000,6500,10374.000000,-,-,S,2623017,2650482
1,1,1532998,510360,2,20200817,101349950,1.597000,13300,21240.100000,-,-,B,2680921,2615609
1,1,1541199,510360,2,20200817,101417200,1.597000,10000,15970.000000,-,-,S,2680921,2695678
1,1,1550698,510360,2,20200817,101445790,1.597000,88300,141015.100000,-,-,S,2680921,2711149
1,1,1561734,510360,2,20200817,101519720,1.597000,600,958.200000,-,-,S,2689368,2729680
1,1,1561735,510360,2,20200817,101519720,1.597000,6100,9741.700000,-,-,S,2710432,2729680
1,1,1562089,510360,2,20200817,101521130,1.597000,500,798.500000,-,-,S,2710432,2730334
1,1,1564100,510360,2,20200817,101527270,1.597000,23400,37369.800000,-,-,S,2710432,2733479
1,1,1594232,510360,2,20200817,101706550,1.597000,100,159.700000,-,-,B,2786343,2781373
1,1,1600912,510360,2,20200817,101728800,1.597000,2900,4631.300000,-,-,B,2797800,2781373
1,1,1607573,510360,2,20200817,101749730,1.598000,3700,5912.600000,-,-,B,2808961,2610236
1,1,1607615,510360,2,20200817,101749840,1.598000,9500,15181.000000,-,-,B,2809022,2610236
1,1,1628223,510360,2,20200817,101830260,1.600000,11000,17600.000000,-,-,B,2832216,1451376
1,1,1628224,510360,2,20200817,101830260,1.600000,4100,6560.000000,-,-,B,2832216,1567610
1,1,1628225,510360,2,20200817,101830260,1.600000,5500,8800.000000,-,-,B,2832216,1876321
1,1,1628226,510360,2,20200817,101830260,1.600000,13800,22080.000000,-,-,B,2832216,2156658
1,1,1628227,510360,2,20200817,101830260,1.600000,12000,19200.000000,-,-,B,2832216,2186874
1,1,1628228,510360,2,20200817,101830260,1.600000,200,320.000000,-,-,B,2832216,2248653
1,1,1628229,510360,2,20200817,101830260,1.600000,100,160.000000,-,-,B,2832216,2295596
1,1,1628230,510360,2,20200817,101830260,1.600000,100,160.000000,-,-,B,2832216,2399663
1,1,1628231,510360,2,20200817,101830260,1.600000,100,160.000000,-,-,B,2832216,2460014
1,1,1628232,510360,2,20200817,101830260,1.600000,200,320.000000,-,-,B,2832216,2522656
1,1,1628233,510360,2,20200817,101830260,1.600000,300,480.000000,-,-,B,2832216,2627268
1,1,1628234,510360,2,20200817,101830260,1.600000,6500,10400.000000,-,-,B,2832216,2701810
1,1,1628235,510360,2,20200817,101830260,1.600000,5000,8000.000000,-,-,B,2832216,2820018
1,1,1641621,510360,2,20200817,101906910,1.600000,3700,5920.000000,-,-,S,2832339,2851965
1,1,1641622,510360,2,20200817,101906910,1.600000,7200,11520.000000,-,-,S,2843001,2851965
1,1,1643588,510360,2,20200817,101911950,1.600000,3400,5440.000000,-,-,S,2843001,2854799
1,1,1652191,510360,2,20200817,101939630,1.600000,9400,15040.000000,-,-,S,2843001,2869870
1,1,1654771,510360,2,20200817,101948230,1.600000,46600,74560.000000,-,-,B,2874163,2869870
1,1,1668885,510360,2,20200817,102027270,1.600000,1000,1600.000000,-,-,B,2896617,2892408
1,1,1693172,510360,2,20200817,102139660,1.598000,300,479.400000,-,-,S,2856863,2935725
1,1,1736822,510360,2,20200817,102401410,1.600000,2600,4160.000000,-,-,B,3007597,2909717
1,1,1736823,510360,2,20200817,102401410,1.600000,500,800.000000,-,-,B,3007597,2933251
1,1,1736824,510360,2,20200817,102401410,1.600000,900,1440.000000,-,-,B,3007597,2975612
1,1,1738591,510360,2,20200817,102407700,1.600000,300,480.000000,-,-,B,3010748,2975612
1,1,1748712,510360,2,20200817,102439430,1.600000,1000,1600.000000,-,-,B,3026134,2975612
1,1,1753590,510360,2,20200817,102456640,1.600000,7800,12480.000000,-,-,B,3033799,2975612
1,1,1753591,510360,2,20200817,102456640,1.600000,10000,16000.000000,-,-,B,3033799,3005079
1,1,1753592,510360,2,20200817,102456640,1.600000,16000,25600.000000,-,-,B,3033799,3016768
1,1,1755750,510360,2,20200817,102504010,1.600000,4000,6400.000000,-,-,B,3037292,3035455
1,1,1765013,510360,2,20200817,102536660,1.601000,1000,1601.000000,-,-,B,3053183,409456
1,1,1780677,510360,2,20200817,102635390,1.600000,100,160.000000,-,-,S,3037292,3080784
1,1,1781615,510360,2,20200817,102639290,1.600000,5900,9440.000000,-,-,S,3037292,3082558
1,1,1781616,510360,2,20200817,102639290,1.600000,6300,10080.000000,-,-,S,3037436,3082558
1,1,1781678,510360,2,20200817,102639570,1.600000,200,320.000000,-,-,B,3082709,3082558
1,1,1795651,510360,2,20200817,102738410,1.601000,100,160.100000,-,-,B,3107774,409456
1,1,1801196,510360,2,20200817,102801770,1.601000,3100,4963.100000,-,-,B,3117496,409456
1,1,1803337,510360,2,20200817,102807830,1.600000,5000,8000.000000,-,-,S,3084172,3120850
1,1,1808600,510360,2,20200817,102826180,1.598000,100,159.800000,-,-,S,2961217,3129698
1,1,1821689,510360,2,20200817,102918200,1.598000,900,1438.200000,-,-,S,3150889,3151354
1,1,1854089,510360,2,20200817,103121700,1.600000,200,320.000000,-,-,B,3205161,3130490
1,1,1866663,510360,2,20200817,103159800,1.600000,7100,11360.000000,-,-,B,3224717,3130892
1,1,1866664,510360,2,20200817,103159800,1.600000,2500,4000.000000,-,-,B,3224717,3154645
1,1,1866665,510360,2,20200817,103159800,1.600000,1900,3040.000000,-,-,B,3224717,3171394
1,1,1871741,510360,2,20200817,103213800,1.600000,600,960.000000,-,-,B,3232411,3171394
1,1,1875458,510360,2,20200817,103225320,1.601000,200,320.200000,-,-,B,3238254,409456
1,1,1900543,510360,2,20200817,103405300,1.601000,5600,8965.600000,-,-,B,3280615,409456
1,1,1900544,510360,2,20200817,103405300,1.601000,1900,3041.900000,-,-,B,3280615,3077725
1,1,1900545,510360,2,20200817,103405300,1.601000,2500,4002.500000,-,-,B,3280615,3271141
1,1,1960452,510360,2,20200817,103817550,1.600000,100,160.000000,-,-,S,3382346,3383289
1,1,1966946,510360,2,20200817,103839320,1.601000,5900,9445.900000,-,-,B,3392646,3271141
1,1,1966947,510360,2,20200817,103839320,1.601000,52000,83252.000000,-,-,B,3392646,3355374
1,1,1966948,510360,2,20200817,103839320,1.601000,51500,82451.500000,-,-,B,3392646,3373447
1,1,1977258,510360,2,20200817,103909390,1.602000,6500,10413.000000,-,-,B,3406142,1530306
1,1,1977259,510360,2,20200817,103909390,1.602000,5000,8010.000000,-,-,B,3406142,2133705
1,1,1977260,510360,2,20200817,103909390,1.602000,2000,3204.000000,-,-,B,3406142,2328756
1,1,1977261,510360,2,20200817,103909390,1.602000,100,160.200000,-,-,B,3406142,2565373
1,1,1977262,510360,2,20200817,103909390,1.602000,30000,48060.000000,-,-,B,3406142,3114079
1,1,1977263,510360,2,20200817,103909390,1.602000,50000,80100.000000,-,-,B,3406142,3334202
1,1,1991389,510360,2,20200817,103952190,1.603000,100,160.300000,-,-,B,3424912,2575033
1,1,1991844,510360,2,20200817,103953680,1.603000,300,480.900000,-,-,S,3424912,3425513
1,1,1996995,510360,2,20200817,104006150,1.603000,400,641.200000,-,-,S,3424912,3432278
1,1,2014849,510360,2,20200817,104059500,1.603000,100,160.300000,-,-,S,3424912,3458643
1,1,2015785,510360,2,20200817,104102140,1.603000,2800,4488.400000,-,-,S,3424912,3460081
1,1,2015786,510360,2,20200817,104102140,1.603000,4200,6732.600000,-,-,S,3453290,3460081
1,1,2020170,510360,2,20200817,104112720,1.604000,2500,4010.000000,-,-,B,3465474,3177075
1,1,2025936,510360,2,20200817,104126120,1.605000,8700,13963.500000,-,-,B,3472924,1188720
1,1,2067783,510360,2,20200817,104320160,1.604000,1300,2085.200000,-,-,S,3524515,3532293
1,1,2068520,510360,2,20200817,104322820,1.605000,11300,18136.500000,-,-,B,3533589,1188720
1,1,2068521,510360,2,20200817,104322820,1.605000,3000,4815.000000,-,-,B,3533589,1707749
1,1,2068522,510360,2,20200817,104322820,1.605000,200,321.000000,-,-,B,3533589,2580144
1,1,2068523,510360,2,20200817,104322820,1.605000,1500,2407.500000,-,-,B,3533589,3474457
1,1,2068524,510360,2,20200817,104322820,1.605000,1000,1605.000000,-,-,B,3533589,3485628
1,1,2073050,510360,2,20200817,104338670,1.605000,30000,48150.000000,-,-,S,3533589,3541198
1,1,2080374,510360,2,20200817,104402030,1.606000,100,160.600000,-,-,B,3552820,2584786
1,1,2080375,510360,2,20200817,104402030,1.606000,3900,6263.400000,-,-,B,3552820,3418445
1,1,2080376,510360,2,20200817,104402030,1.606000,2200,3533.200000,-,-,B,3552820,3518750
1,1,2080377,510360,2,20200817,104402030,1.606000,100,160.600000,-,-,B,3552820,3534268
1,1,2089533,510360,2,20200817,104431530,1.607000,3400,5463.800000,-,-,B,3566689,2881128
1,1,2089664,510360,2,20200817,104432040,1.607000,2600,4178.200000,-,-,B,3566927,2881128
1,1,2089665,510360,2,20200817,104432040,1.607000,3200,5142.400000,-,-,B,3566927,3413332
1,1,2089666,510360,2,20200817,104432040,1.607000,39600,63637.200000,-,-,B,3566927,3563438
1,1,2091600,510360,2,20200817,104438220,1.607000,300000,482100.000000,-,-,B,3569876,3563438
1,1,2111148,510360,2,20200817,104518920,1.607000,3300,5303.100000,-,-,B,3590793,3577528
1,1,2154979,510360,2,20200817,104740830,1.607000,200,321.400000,-,-,B,3663164,3656022
1,1,2165373,510360,2,20200817,104822820,1.606000,15600,25053.600000,-,-,B,3681726,3670638
1,1,2178018,510360,2,20200817,104913360,1.605000,200,321.000000,-,-,S,3553858,3702931
1,1,2182561,510360,2,20200817,104931520,1.605000,600,963.000000,-,-,S,3553858,3710374
1,1,2184426,510360,2,20200817,104938670,1.606000,13000,20878.000000,-,-,S,3711707,3713358
1,1,2190248,510360,2,20200817,105000480,1.608000,15000,24120.000000,-,-,B,3722414,3579266
1,1,2190249,510360,2,20200817,105000480,1.608000,4300,6914.400000,-,-,B,3722414,3720231
1,1,2191293,510360,2,20200817,105003490,1.608000,19300,31034.400000,-,-,B,3724037,3720231
1,1,2192329,510360,2,20200817,105006470,1.608000,19200,30873.600000,-,-,B,3725600,3720231
1,1,2237366,510360,2,20200817,105237320,1.606000,1900,3051.400000,-,-,S,3787689,3794625
1,1,2258289,510360,2,20200817,105322020,1.607000,2000,3214.000000,-,-,S,3803131,3817324
1,1,2265804,510360,2,20200817,105346350,1.607000,1000,1607.000000,-,-,S,3803131,3828620
1,1,2302122,510360,2,20200817,105531790,1.608000,4000,6432.000000,-,-,S,3859869,3878729
1,1,2303227,510360,2,20200817,105535250,1.608000,11300,18170.400000,-,-,S,3859869,3880333
1,1,2305213,510360,2,20200817,105540750,1.609000,3000,4827.000000,-,-,B,3883005,3811162
1,1,2312258,510360,2,20200817,105601560,1.610000,900,1449.000000,-,-,B,3893038,1928773
1,1,2312259,510360,2,20200817,105601560,1.610000,5000,8050.000000,-,-,B,3893038,3402999
1,1,2312260,510360,2,20200817,105601560,1.610000,200,322.000000,-,-,B,3893038,3506257
1,1,2312261,510360,2,20200817,105601560,1.610000,20000,32200.000000,-,-,B,3893038,3579248
1,1,2312262,510360,2,20200817,105601560,1.610000,2000,3220.000000,-,-,B,3893038,3641055
1,1,2312263,510360,2,20200817,105601560,1.610000,600,966.000000,-,-,B,3893038,3858258
1,1,2328225,510360,2,20200817,105647760,1.610000,1000,1610.000000,-,-,B,3915400,3911808
1,1,2328226,510360,2,20200817,105647760,1.611000,200,322.200000,-,-,B,3915400,141491
1,1,2328227,510360,2,20200817,105647760,1.611000,2500,4027.500000,-,-,B,3915400,2313096
1,1,2328930,510360,2,20200817,105649990,1.611000,2900,4671.900000,-,-,S,3915400,3916420
1,1,2329489,510360,2,20200817,105652610,1.609000,54200,87207.800000,-,-,S,3913568,3917606
1,1,2330471,510360,2,20200817,105655310,1.608000,20000,32160.000000,-,-,S,3878158,3918824
1,1,2358425,510360,2,20200817,105817070,1.610000,3000,4830.000000,-,-,B,3959212,3928085
1,1,2359904,510360,2,20200817,105821900,1.612000,2000,3224.000000,-,-,B,3961455,3932477
1,1,2361502,510360,2,20200817,105824810,1.613000,33600,54196.800000,-,-,B,3963112,3878159
1,1,2377108,510360,2,20200817,105904300,1.613000,1000,1613.000000,-,-,S,3984454,3984582
1,1,2378117,510360,2,20200817,105907210,1.610000,37600,60536.000000,-,-,S,3967140,3986086
1,1,2392944,510360,2,20200817,105953010,1.613000,10000,16130.000000,-,-,S,3987643,4009526
1,1,2396436,510360,2,20200817,110001890,1.611000,300,483.300000,-,-,S,4007725,4014979
1,1,2405976,510360,2,20200817,110025970,1.610000,100,161.000000,-,-,S,4011301,4030347
1,1,2421700,510360,2,20200817,110105030,1.610000,200,322.000000,-,-,S,4052498,4054997
1,1,2439020,510360,2,20200817,110204190,1.608000,100,160.800000,-,-,S,3929280,4086003
1,1,2441667,510360,2,20200817,110212750,1.608000,300,482.400000,-,-,S,3929280,4090365
1,1,2454120,510360,2,20200817,110258110,1.608000,1100,1768.800000,-,-,S,3929280,4112171
1,1,2461923,510360,2,20200817,110317940,1.611000,200,322.200000,-,-,B,4124951,4049735
1,1,2461924,510360,2,20200817,110317940,1.611000,200,322.200000,-,-,B,4124951,4054628
1,1,2463064,510360,2,20200817,110320720,1.612000,19500,31434.000000,-,-,B,4126580,4120506
1,1,2479668,510360,2,20200817,110428160,1.611000,5000,8055.000000,-,-,B,4156464,4155577
1,1,2511399,510360,2,20200817,110641780,1.609000,600,965.400000,-,-,S,4198794,4210739
1,1,2514943,510360,2,20200817,110700260,1.611000,400,644.400000,-,-,S,4215005,4217546
1,1,2540350,510360,2,20200817,110857350,1.612000,300,483.600000,-,-,B,4261811,4203522
1,1,2553931,510360,2,20200817,111000240,1.612000,100,161.200000,-,-,B,4284697,4203522
1,1,2560598,510360,2,20200817,111025780,1.612000,400,644.800000,-,-,B,4294959,4203522
1,1,2586648,510360,2,20200817,111207390,1.612000,10000,16120.000000,-,-,B,4333354,4203522
1,1,2586869,510360,2,20200817,111207920,1.612000,7100,11445.200000,-,-,B,4333589,4203522
1,1,2602609,510360,2,20200817,111312650,1.612000,1900,3062.800000,-,-,B,4357902,4203522
1,1,2609504,510360,2,20200817,111338080,1.612000,39000,62868.000000,-,-,B,4367257,4203522
1,1,2609505,510360,2,20200817,111338080,1.612000,4100,6609.200000,-,-,B,4367257,4230621
1,1,2609506,510360,2,20200817,111338080,1.612000,3500,5642.000000,-,-,B,4367257,4274814
1,1,2609507,510360,2,20200817,111338080,1.612000,3900,6286.800000,-,-,B,4367257,4281225
1,1,2609508,510360,2,20200817,111338080,1.612000,100,161.200000,-,-,B,4367257,4299491
1,1,2609509,510360,2,20200817,111338080,1.612000,2700,4352.400000,-,-,B,4367257,4315770
1,1,2610466,510360,2,20200817,111341350,1.612000,17300,27887.600000,-,-,B,4368548,4315770
1,1,2656284,510360,2,20200817,111700140,1.609000,1200,1930.800000,-,-,S,4389631,4445249
1,1,2660181,510360,2,20200817,111720190,1.609000,500,804.500000,-,-,S,4389631,4451960
1,1,2670475,510360,2,20200817,111817100,1.610000,5000,8050.000000,-,-,B,4470434,4469731
1,1,2688152,510360,2,20200817,111958210,1.610000,6200,9982.000000,-,-,S,4471929,4501361
1,1,2688623,510360,2,20200817,112000270,1.610000,2900,4669.000000,-,-,B,4502117,4501361
1,1,2689247,510360,2,20200817,112003330,1.610000,600,966.000000,-,-,B,4503346,4501361
1,1,2692653,510360,2,20200817,112019880,1.608000,300,482.400000,-,-,S,3929280,4509247
1,1,2696472,510360,2,20200817,112039340,1.609000,10000,16090.000000,-,-,B,4515787,4514656
1,1,2697576,510360,2,20200817,112045100,1.610000,300,483.000000,-,-,B,4517658,4501361
1,1,2714715,510360,2,20200817,112128610,1.610000,400,644.000000,-,-,S,4527509,4537517
1,1,2716785,510360,2,20200817,112136290,1.611000,1800,2899.800000,-,-,S,4538429,4540340
1,1,2718561,510360,2,20200817,112143640,1.612000,3900,6286.800000,-,-,B,4543024,4489425
1,1,2719430,510360,2,20200817,112147010,1.612000,2100,3385.200000,-,-,B,4544235,4489425
1,1,2740677,510360,2,20200817,112320750,1.612000,100,161.200000,-,-,S,4547898,4576736
1,1,2747052,510360,2,20200817,112352480,1.612000,500,806.000000,-,-,S,4547898,4586711
1,1,2747782,510360,2,20200817,112355590,1.612000,800,1289.600000,-,-,B,4587705,4586711
1,1,2747783,510360,2,20200817,112355590,1.612000,4000,6448.000000,-,-,B,4587705,4587687
1,1,2764071,510360,2,20200817,112514160,1.612000,3300,5319.600000,-,-,B,4612619,4611849
1,1,2767963,510360,2,20200817,112530740,1.612000,3700,5964.400000,-,-,S,4613393,4618211
1,1,2772349,510360,2,20200817,112548440,1.612000,1300,2095.600000,-,-,B,4624146,4618211
1,1,2773632,510360,2,20200817,112554380,1.612000,2400,3868.800000,-,-,S,4624146,4626183
1,1,2780737,510360,2,20200817,112625800,1.612000,2000,3224.000000,-,-,B,4636427,4633286
1,1,2787466,510360,2,20200817,112648020,1.612000,500,806.000000,-,-,S,4636427,4643738
1,1,2841175,510360,2,20200817,112950020,1.615000,3000,4845.000000,-,-,B,4707182,3978464
1,1,2841176,510360,2,20200817,112950020,1.615000,1000,1615.000000,-,-,B,4707182,4077060
1,1,2841177,510360,2,20200817,112950020,1.615000,10000,16150.000000,-,-,B,4707182,4173342
1,1,2841178,510360,2,20200817,112950020,1.615000,100,161.500000,-,-,B,4707182,4212515
1,1,2848983,510360,2,20200817,130000640,1.615000,400,646.000000,-,-,B,4715581,4212515
1,1,2853806,510360,2,20200817,130001190,1.614000,5000,8070.000000,-,-,S,4718868,4723381
1,1,2853807,510360,2,20200817,130001190,1.613000,15000,24195.000000,-,-,S,4696675,4723381
1,1,2859892,510360,2,20200817,130001940,1.615000,1000,1615.000000,-,-,B,4732930,4212515
1,1,2863241,510360,2,20200817,130002590,1.615000,28500,46027.500000,-,-,B,4740671,4212515
1,1,2863242,510360,2,20200817,130002590,1.615000,4000,6460.000000,-,-,B,4740671,4599646
1,1,2863243,510360,2,20200817,130002590,1.615000,5000,8075.000000,-,-,B,4740671,4632074
1,1,2863244,510360,2,20200817,130002590,1.615000,3200,5168.000000,-,-,B,4740671,4685739
1,1,2868323,510360,2,20200817,130003490,1.615000,500,807.500000,-,-,S,4740671,4751891
1,1,2875979,510360,2,20200817,130004700,1.615000,400,646.000000,-,-,S,4740671,4765871
1,1,2888470,510360,2,20200817,130007030,1.615000,900,1453.500000,-,-,S,4740671,4797062
1,1,2891262,510360,2,20200817,130007910,1.616000,500,808.000000,-,-,B,4804428,4255137
1,1,2896092,510360,2,20200817,130013560,1.616000,19500,31512.000000,-,-,B,4811209,4255137
1,1,2896093,510360,2,20200817,130013560,1.616000,500,808.000000,-,-,B,4811209,4330112
1,1,2896496,510360,2,20200817,130014350,1.616000,36900,59630.400000,-,-,S,4811209,4811532
1,1,2922114,510360,2,20200817,130059210,1.615000,7500,12112.500000,-,-,S,4740671,4837960
1,1,2922115,510360,2,20200817,130059210,1.615000,5000,8075.000000,-,-,S,4743389,4837960
1,1,2922116,510360,2,20200817,130059210,1.615000,5000,8075.000000,-,-,S,4743390,4837960
1,1,2922117,510360,2,20200817,130059210,1.615000,2000,3230.000000,-,-,S,4758462,4837960
1,1,2922118,510360,2,20200817,130059210,1.615000,100,161.500000,-,-,S,4780552,4837960
1,1,2922119,510360,2,20200817,130059210,1.615000,500,807.500000,-,-,S,4792586,4837960
1,1,2922120,510360,2,20200817,130059210,1.615000,100,161.500000,-,-,S,4794039,4837960
1,1,2922121,510360,2,20200817,130059210,1.615000,12700,20510.500000,-,-,S,4800798,4837960
1,1,2930204,510360,2,20200817,130121230,1.616000,6000,9696.000000,-,-,B,4849418,4839785
1,1,2975091,510360,2,20200817,130336690,1.615000,100,161.500000,-,-,S,4887123,4911986
1,1,2986894,510360,2,20200817,130418760,1.617000,100,161.700000,-,-,B,4932373,4879155
1,1,2992903,510360,2,20200817,130438310,1.617000,600,970.200000,-,-,B,4942340,4879155
1,1,3049176,510360,2,20200817,130801180,1.617000,4000,6468.000000,-,-,B,5035521,4879155
1,1,3050321,510360,2,20200817,130804900,1.616000,500,808.000000,-,-,S,5021542,5037168
1,1,3051122,510360,2,20200817,130807890,1.617000,1600,2587.200000,-,-,B,5038482,4879155
1,1,3051123,510360,2,20200817,130807890,1.617000,1300,2102.100000,-,-,B,5038482,4975135
1,1,3059510,510360,2,20200817,130838750,1.618000,10000,16180.000000,-,-,B,5051817,3499603
1,1,3059511,510360,2,20200817,130838750,1.618000,12200,19739.600000,-,-,B,5051817,4741193
1,1,3059512,510360,2,20200817,130838750,1.618000,200,323.600000,-,-,B,5051817,4741723
1,1,3059513,510360,2,20200817,130838750,1.618000,7600,12296.800000,-,-,B,5051817,4765470
1,1,3063390,510360,2,20200817,130852350,1.618000,9200,14885.600000,-,-,B,5057572,4765470
1,1,3063391,510360,2,20200817,130852350,1.618000,100,161.800000,-,-,B,5057572,4955629
1,1,3076214,510360,2,20200817,130933300,1.618000,20000,32360.000000,-,-,S,5057572,5076403
1,1,3079168,510360,2,20200817,130945600,1.618000,2000,3236.000000,-,-,S,5057572,5082015
1,1,3109299,510360,2,20200817,131116820,1.618000,8700,14076.600000,-,-,S,5057572,5130404
1,1,3118717,510360,2,20200817,131152120,1.618000,1500,2427.000000,-,-,S,5138400,5146269
1,1,3118718,510360,2,20200817,131152120,1.618000,1000,1618.000000,-,-,S,5139461,5146269
1,1,3119460,510360,2,20200817,131155120,1.617000,5000,8085.000000,-,-,S,5043657,5147537
1,1,3119461,510360,2,20200817,131155120,1.617000,2700,4365.900000,-,-,S,5053326,5147537
1,1,3119462,510360,2,20200817,131155120,1.617000,1000,1617.000000,-,-,S,5131844,5147537
1,1,3141872,510360,2,20200817,131317420,1.617000,3700,5982.900000,-,-,S,5174225,5185044
1,1,3146913,510360,2,20200817,131335670,1.617000,20000,32340.000000,-,-,S,5174225,5192965
1,1,3197527,510360,2,20200817,131607230,1.618000,1000,1618.000000,-,-,S,5213559,5264465
1,1,3209002,510360,2,20200817,131649360,1.619000,100,161.900000,-,-,B,5284488,4690357
1,1,3209003,510360,2,20200817,131649360,1.619000,9700,15704.300000,-,-,B,5284488,5053564
1,1,3209004,510360,2,20200817,131649360,1.619000,1000,1619.000000,-,-,B,5284488,5163900
1,1,3209005,510360,2,20200817,131649360,1.619000,10000,16190.000000,-,-,B,5284488,5255454
1,1,3246905,510360,2,20200817,131851380,1.620000,4800,7776.000000,-,-,B,5339169,3875927
1,1,3246906,510360,2,20200817,131851380,1.620000,2500,4050.000000,-,-,B,5339169,4435402
1,1,3246907,510360,2,20200817,131851380,1.620000,300,486.000000,-,-,B,5339169,4449520
1,1,3246908,510360,2,20200817,131851380,1.620000,20000,32400.000000,-,-,B,5339169,4794382
1,1,3246909,510360,2,20200817,131851380,1.620000,2400,3888.000000,-,-,B,5339169,4796957
1,1,3260536,510360,2,20200817,131926980,1.620000,1400,2268.000000,-,-,B,5357308,4796957
1,1,3260537,510360,2,20200817,131926980,1.620000,3000,4860.000000,-,-,B,5357308,5155789
1,1,3260538,510360,2,20200817,131926980,1.620000,5000,8100.000000,-,-,B,5357308,5253294
1,1,3260539,510360,2,20200817,131926980,1.620000,50000,81000.000000,-,-,B,5357308,5346565
1,1,3269513,510360,2,20200817,131951550,1.621000,100,162.100000,-,-,B,5370312,3417261
1,1,3278694,510360,2,20200817,132015190,1.621000,9900,16047.900000,-,-,B,5384039,3417261
1,1,3278695,510360,2,20200817,132015190,1.621000,2000,3242.000000,-,-,B,5384039,4975978
1,1,3278696,510360,2,20200817,132015190,1.621000,6400,10374.400000,-,-,B,5384039,4977785
1,1,3287550,510360,2,20200817,132037070,1.619000,2900,4695.100000,-,-,S,5284488,5396038
1,1,3397140,510360,2,20200817,132523620,1.619000,100,161.900000,-,-,S,5284488,5554088
1,1,3397141,510360,2,20200817,132523620,1.619000,100,161.900000,-,-,S,5284488,5554089
1,1,3397195,510360,2,20200817,132523690,1.619000,100,161.900000,-,-,S,5284488,5554140
1,1,3399950,510360,2,20200817,132532020,1.619000,5000,8095.000000,-,-,S,5284488,5558477
1,1,3404601,510360,2,20200817,132546930,1.619000,1000,1619.000000,-,-,S,5284488,5566363
1,1,3404602,510360,2,20200817,132546930,1.619000,15900,25742.100000,-,-,S,5357488,5566363
1,1,3404603,510360,2,20200817,132546930,1.619000,3100,5018.900000,-,-,S,5397010,5566363
1,1,3410080,510360,2,20200817,132605480,1.619000,23000,37237.000000,-,-,S,5492734,5576174
1,1,3417616,510360,2,20200817,132629350,1.618000,1000,1618.000000,-,-,S,5518699,5589007
1,1,3426050,510360,2,20200817,132658330,1.618000,100,161.800000,-,-,S,5518699,5603873
1,1,3426339,510360,2,20200817,132659170,1.618000,2000,3236.000000,-,-,S,5518699,5604309
1,1,3426578,510360,2,20200817,132659820,1.618000,100,161.800000,-,-,S,5518699,5604697
1,1,3426896,510360,2,20200817,132700870,1.618000,100,161.800000,-,-,S,5518699,5605256
1,1,3426991,510360,2,20200817,132701150,1.618000,196700,318260.600000,-,-,S,5518699,5605392
1,1,3427090,510360,2,20200817,132701520,1.616000,2100,3393.600000,-,-,S,5130306,5605590
1,1,3438371,510360,2,20200817,132731210,1.616000,100,161.600000,-,-,B,5623247,5620697
1,1,3443107,510360,2,20200817,132744640,1.616000,400,646.400000,-,-,B,5630891,5620697
1,1,3443502,510360,2,20200817,132745800,1.616000,8900,14382.400000,-,-,S,5630891,5631515
1,1,3459808,510360,2,20200817,132825690,1.616000,1500,2424.000000,-,-,S,5647491,5653693
1,1,3478496,510360,2,20200817,132920930,1.618000,100,161.800000,-,-,B,5682258,5606103
1,1,3485328,510360,2,20200817,132943940,1.618000,800,1294.400000,-,-,B,5694170,5606103
1,1,3485329,510360,2,20200817,132943940,1.618000,300,485.400000,-,-,B,5694170,5638452
1,1,3485330,510360,2,20200817,132943940,1.618000,8300,13429.400000,-,-,B,5694170,5645490
1,1,3507000,510360,2,20200817,133101540,1.618000,8400,13591.200000,-,-,S,5712060,5731426
1,1,3507001,510360,2,20200817,133101540,1.618000,8400,13591.200000,-,-,S,5715156,5731426
1,1,3560053,510360,2,20200817,133407160,1.616000,200,323.200000,-,-,S,5739386,5818776
1,1,3593534,510360,2,20200817,133613360,1.617000,100,161.700000,-,-,S,5854879,5875545
1,1,3595201,510360,2,20200817,133621170,1.617000,49900,80688.300000,-,-,S,5854879,5878858
1,1,3609056,510360,2,20200817,133712270,1.616000,50000,80800.000000,-,-,S,5861886,5901352
1,1,3609057,510360,2,20200817,133712270,1.616000,500,808.000000,-,-,S,5878562,5901352
1,1,3618121,510360,2,20200817,133743300,1.615000,3000,4845.000000,-,-,S,5650677,5915827
1,1,3632830,510360,2,20200817,133838610,1.615000,1000,1615.000000,-,-,S,5650677,5939872
1,1,3641320,510360,2,20200817,133911150,1.615000,100,161.500000,-,-,S,5650677,5954357
1,1,3649493,510360,2,20200817,133947250,1.615000,95900,154878.500000,-,-,S,5650677,5969484
1,1,3663196,510360,2,20200817,134035680,1.614000,2000,3228.000000,-,-,S,5625661,5991612
1,1,3663392,510360,2,20200817,134036790,1.615000,26500,42797.500000,-,-,B,5992062,5969484
1,1,3675805,510360,2,20200817,134118790,1.616000,1900,3070.400000,-,-,B,6011008,5903104
1,1,3675877,510360,2,20200817,134119180,1.616000,18100,29249.600000,-,-,B,6011186,5903104
1,1,3676385,510360,2,20200817,134120590,1.617000,1900,3072.300000,-,-,B,6011992,6000842
1,1,3721241,510360,2,20200817,134432250,1.617000,3100,5012.700000,-,-,B,6087407,6000842
1,1,3724930,510360,2,20200817,134449410,1.617000,4000,6468.000000,-,-,B,6093758,6000842
1,1,3729350,510360,2,20200817,134509480,1.616000,11900,19230.400000,-,-,S,6011186,6101186
1,1,3785183,510360,2,20200817,134906710,1.616000,2000,3232.000000,-,-,B,6188268,6114223
1,1,3785184,510360,2,20200817,134906710,1.616000,4300,6948.800000,-,-,B,6188268,6127654
1,1,3785185,510360,2,20200817,134906710,1.616000,50000,80800.000000,-,-,B,6188268,6152498
1,1,3785350,510360,2,20200817,134907070,1.617000,1700,2748.900000,-,-,B,6188425,6000842
1,1,3792217,510360,2,20200817,134928280,1.618000,1000,1618.000000,-,-,B,6198037,6034169
1,1,3792218,510360,2,20200817,134928280,1.618000,3700,5986.600000,-,-,B,6198037,6078005
1,1,3792219,510360,2,20200817,134928280,1.618000,300,485.400000,-,-,B,6198037,6148308
1,1,3793901,510360,2,20200817,134935390,1.618000,6600,10678.800000,-,-,B,6200978,6148308
1,1,3793902,510360,2,20200817,134935390,1.619000,200,323.800000,-,-,B,6200978,6095793
1,1,3797724,510360,2,20200817,134951830,1.616000,5400,8726.400000,-,-,S,6188268,6207392
1,1,3797725,510360,2,20200817,134951830,1.616000,9600,15513.600000,-,-,S,6193019,6207392
1,1,3802991,510360,2,20200817,135008970,1.619000,1000,1619.000000,-,-,B,6214957,6095793
1,1,3802992,510360,2,20200817,135008970,1.619000,5400,8742.600000,-,-,B,6214957,6176690
1,1,3814110,510360,2,20200817,135051640,1.616000,100,161.600000,-,-,S,6193019,6232692
1,1,3823216,510360,2,20200817,135125660,1.616000,500,808.000000,-,-,S,6193019,6246621
1,1,3834414,510360,2,20200817,135212110,1.616000,100,161.600000,-,-,S,6258131,6264730
1,1,3872500,510360,2,20200817,135502310,1.616000,7900,12766.400000,-,-,S,6258131,6326271
1,1,3899667,510360,2,20200817,135657640,1.615000,2000,3230.000000,-,-,S,6239868,6368826
1,1,3899668,510360,2,20200817,135657640,1.615000,100,161.500000,-,-,S,6247026,6368826
1,1,3950960,510360,2,20200817,140032400,1.614000,3800,6133.200000,-,-,S,5625661,6452532
1,1,3961229,510360,2,20200817,140118340,1.615000,100,161.500000,-,-,B,6469586,6451250
1,1,4045847,510360,2,20200817,140637000,1.616000,12200,19715.200000,-,-,B,6593718,6583924
1,1,4048997,510360,2,20200817,140645490,1.615000,4900,7913.500000,-,-,S,6469586,6598223
1,1,4048998,510360,2,20200817,140645490,1.615000,21300,34399.500000,-,-,S,6570273,6598223
1,1,4057993,510360,2,20200817,140700060,1.614000,44200,71338.800000,-,-,S,5625661,6610328
1,1,4057994,510360,2,20200817,140700060,1.614000,50000,80700.000000,-,-,S,6114157,6610328
1,1,4057995,510360,2,20200817,140700060,1.614000,1800,2905.200000,-,-,S,6393283,6610328
1,1,4057996,510360,2,20200817,140700060,1.613000,300,483.900000,-,-,S,4770114,6610328
1,1,4057997,510360,2,20200817,140700060,1.613000,3700,5968.100000,-,-,S,4781417,6610328
1,1,4062559,510360,2,20200817,140706740,1.613000,500,806.500000,-,-,S,4781417,6615776
1,1,4062574,510360,2,20200817,140706770,1.613000,13900,22420.700000,-,-,S,4781417,6615796
1,1,4063016,510360,2,20200817,140707520,1.613000,300,483.900000,-,-,S,4781417,6616360
1,1,4063178,510360,2,20200817,140707830,1.613000,300,483.900000,-,-,S,4781417,6616523
1,1,4063452,510360,2,20200817,140708170,1.613000,25300,40808.900000,-,-,S,4781417,6616844
1,1,4063946,510360,2,20200817,140708830,1.613000,2800,4516.400000,-,-,S,4781417,6617470
1,1,4065061,510360,2,20200817,140710900,1.613000,1700,2742.100000,-,-,S,4781417,6618722
1,1,4065274,510360,2,20200817,140711090,1.613000,5700,9194.100000,-,-,S,4781417,6618931
1,1,4066267,510360,2,20200817,140712700,1.613000,25300,40808.900000,-,-,S,4781417,6620176
1,1,4067871,510360,2,20200817,140715080,1.613000,300,483.900000,-,-,S,4781417,6622005
1,1,4068518,510360,2,20200817,140716110,1.613000,20200,32582.600000,-,-,S,4781417,6622593
1,1,4068519,510360,2,20200817,140716110,1.613000,1100,1774.300000,-,-,S,4851467,6622593
1,1,4069335,510360,2,20200817,140717450,1.613000,300,483.900000,-,-,S,4851467,6623681
1,1,4069668,510360,2,20200817,140718080,1.613000,1400,2258.200000,-,-,S,4851467,6624098
1,1,4069734,510360,2,20200817,140718300,1.613000,300,483.900000,-,-,S,4851467,6624206
1,1,4070377,510360,2,20200817,140719600,1.613000,96900,156299.700000,-,-,S,4851467,6625056
1,1,4070378,510360,2,20200817,140719600,1.613000,50000,80650.000000,-,-,S,5890538,6625056
1,1,4071023,510360,2,20200817,140721040,1.612000,18600,29983.200000,-,-,S,4805213,6626003
1,1,4072357,510360,2,20200817,140723220,1.612000,1400,2256.800000,-,-,S,4805213,6627214
1,1,4072358,510360,2,20200817,140723220,1.612000,13600,21923.200000,-,-,S,4894457,6627214
1,1,4073292,510360,2,20200817,140725850,1.612000,100,161.200000,-,-,S,4894457,6628731
1,1,4073490,510360,2,20200817,140726290,1.612000,12600,20311.200000,-,-,S,4894457,6629001
1,1,4073603,510360,2,20200817,140726410,1.612000,300,483.600000,-,-,S,4894457,6629109
1,1,4073713,510360,2,20200817,140726600,1.612000,73400,118320.800000,-,-,S,4894457,6629216
1,1,4074072,510360,2,20200817,140727610,1.610000,1000,1610.000000,-,-,S,5210954,6629765
1,1,4074073,510360,2,20200817,140727610,1.610000,11600,18676.000000,-,-,S,6121669,6629765
1,1,4075583,510360,2,20200817,140730240,1.610000,10800,17388.000000,-,-,S,6121669,6631875
1,1,4076616,510360,2,20200817,140732630,1.610000,300,483.000000,-,-,S,6121669,6633344
1,1,4076996,510360,2,20200817,140733560,1.610000,300,483.000000,-,-,S,6121669,6633924
1,1,4079087,510360,2,20200817,140738630,1.610000,300,483.000000,-,-,S,6121669,6636822
1,1,4079180,510360,2,20200817,140738870,1.610000,300,483.000000,-,-,S,6121669,6636939
1,1,4079328,510360,2,20200817,140739070,1.610000,300,483.000000,-,-,S,6121669,6637083
1,1,4079786,510360,2,20200817,140739750,1.610000,25300,40733.000000,-,-,S,6121669,6637471
1,1,4079846,510360,2,20200817,140739940,1.610000,31600,50876.000000,-,-,S,6121669,6637551
1,1,4079983,510360,2,20200817,140740300,1.610000,31600,50876.000000,-,-,S,6121669,6637727
1,1,4080089,510360,2,20200817,140740730,1.610000,31600,50876.000000,-,-,S,6121669,6637920
1,1,4080257,510360,2,20200817,140741140,1.610000,4000,6440.000000,-,-,S,6121669,6638153
1,1,4080316,510360,2,20200817,140741270,1.610000,31600,50876.000000,-,-,S,6121669,6638214
1,1,4083807,510360,2,20200817,140749810,1.610000,300,483.000000,-,-,S,6121669,6642925
1,1,4083838,510360,2,20200817,140749910,1.610000,300,483.000000,-,-,S,6121669,6642962
1,1,4085330,510360,2,20200817,140753030,1.610000,4000,6440.000000,-,-,S,6121669,6644828
1,1,4085760,510360,2,20200817,140754090,1.610000,300,483.000000,-,-,S,6121669,6645403
1,1,4086100,510360,2,20200817,140755140,1.610000,1700,2737.000000,-,-,S,6121669,6645970
1,1,4086539,510360,2,20200817,140756400,1.610000,4000,6440.000000,-,-,S,6121669,6646683
1,1,4087146,510360,2,20200817,140758000,1.610000,2000,3220.000000,-,-,S,6121669,6647616
1,1,4087951,510360,2,20200817,140759830,1.610000,300,483.000000,-,-,S,6121669,6648662
1,1,4087952,510360,2,20200817,140759830,1.610000,4000,6440.000000,-,-,S,6121669,6648663
1,1,4090052,510360,2,20200817,140803760,1.610000,900,1449.000000,-,-,S,6121669,6651166
1,1,4090863,510360,2,20200817,140804870,1.610000,1200,1932.000000,-,-,S,6121669,6651971
1,1,4092939,510360,2,20200817,140806930,1.610000,1200,1932.000000,-,-,S,6121669,6653843
1,1,4093307,510360,2,20200817,140807310,1.610000,3600,5796.000000,-,-,S,6121669,6654226
1,1,4093388,510360,2,20200817,140807540,1.610000,3600,5796.000000,-,-,S,6121669,6654375
1,1,4093647,510360,2,20200817,140807880,1.610000,9700,15617.000000,-,-,S,6121669,6654642
1,1,4095954,510360,2,20200817,140809990,1.610000,1200,1932.000000,-,-,S,6121669,6656836
1,1,4096334,510360,2,20200817,140810720,1.610000,600000,966000.000000,-,-,S,6121669,6657327
1,1,4096726,510360,2,20200817,140811160,1.610000,182100,293181.000000,-,-,S,6121669,6657753
1,1,4096800,510360,2,20200817,140811290,1.609000,500,804.500000,-,-,S,4515888,6657850
1,1,4096801,510360,2,20200817,140811290,1.609000,24800,39903.200000,-,-,S,4837327,6657850
1,1,4097657,510360,2,20200817,140812750,1.609000,25300,40707.700000,-,-,S,4837327,6659067
1,1,4102198,510360,2,20200817,140821730,1.609000,300,482.700000,-,-,S,4837327,6665000
1,1,4103868,510360,2,20200817,140825340,1.609000,1200,1930.800000,-,-,S,4837327,6667159
1,1,4108353,510360,2,20200817,140835610,1.609000,48400,77875.600000,-,-,S,4837327,6673212
1,1,4108919,510360,2,20200817,140836940,1.609000,300000,482700.000000,-,-,B,6674009,6673212
1,1,4117096,510360,2,20200817,140855730,1.608000,3200,5145.600000,-,-,S,3929280,6685721
1,1,4117097,510360,2,20200817,140855730,1.608000,1800,2894.400000,-,-,S,6664363,6685721
1,1,4134481,510360,2,20200817,140941710,1.609000,28000,45052.000000,-,-,B,6711205,6682535
1,1,4150433,510360,2,20200817,141030450,1.608000,2500,4020.000000,-,-,S,6664363,6736892
1,1,4157886,510360,2,20200817,141054840,1.608000,200,321.600000,-,-,S,6664363,6749037
1,1,4199591,510360,2,20200817,141327300,1.609000,500,804.500000,-,-,S,6819383,6819954
1,1,4220144,510360,2,20200817,141510800,1.611000,600,966.600000,-,-,B,6855764,6845980
1,1,4220635,510360,2,20200817,141512830,1.609000,100,160.900000,-,-,S,6832507,6856550
1,1,4220636,510360,2,20200817,141512830,1.609000,500,804.500000,-,-,S,6848746,6856550
1,1,4230786,510360,2,20200817,141601670,1.609000,100,160.900000,-,-,S,6848746,6873021
1,1,4239438,510360,2,20200817,141643650,1.611000,12000,19332.000000,-,-,B,6887240,6874771
1,1,4243544,510360,2,20200817,141705020,1.609000,400,643.600000,-,-,S,6848746,6894053
1,1,4254021,510360,2,20200817,141801550,1.610000,200,322.000000,-,-,S,6911582,6911760
1,1,4268702,510360,2,20200817,141915810,1.610000,2800,4508.000000,-,-,S,6911582,6934954
1,1,4275258,510360,2,20200817,141949950,1.610000,12000,19320.000000,-,-,B,6945680,6934954
1,1,4284438,510360,2,20200817,142027670,1.610000,300,483.000000,-,-,S,6946628,6959790
1,1,4291331,510360,2,20200817,142100870,1.613000,37000,59681.000000,-,-,B,6970831,6907495
1,1,4315533,510360,2,20200817,142300230,1.612000,4200,6770.400000,-,-,B,7010193,6992304
1,1,4341590,510360,2,20200817,142517210,1.612000,600,967.200000,-,-,B,7053576,6992304
1,1,4342086,510360,2,20200817,142520260,1.613000,5000,8065.000000,-,-,B,7054573,6984336
1,1,4342087,510360,2,20200817,142520260,1.613000,52100,84037.300000,-,-,B,7054573,7037137
1,1,4349280,510360,2,20200817,142548850,1.612000,1100,1773.200000,-,-,S,7063246,7064916
1,1,4364650,510360,2,20200817,142659130,1.615000,5000,8075.000000,-,-,B,7087121,6997261
1,1,4370547,510360,2,20200817,142721470,1.615000,15900,25678.500000,-,-,B,7094462,6997261
1,1,4375177,510360,2,20200817,142739110,1.612000,500,806.000000,-,-,S,7063246,7100662
1,1,4388641,510360,2,20200817,142844760,1.612000,1000,1612.000000,-,-,S,7115976,7122500
1,1,4403599,510360,2,20200817,143005000,1.612000,3000,4836.000000,-,-,B,7147298,7144935
1,1,4454643,510360,2,20200817,143335010,1.611000,100,161.100000,-,-,S,7222462,7224707
1,1,4461036,510360,2,20200817,143401140,1.611000,8000,12888.000000,-,-,S,7222462,7234382
1,1,4507471,510360,2,20200817,143633490,1.613000,600,967.800000,-,-,B,7301842,7217001
1,1,4553088,510360,2,20200817,143857440,1.615000,1000,1615.000000,-,-,B,7367080,7016292
1,1,4553089,510360,2,20200817,143857440,1.615000,1100,1776.500000,-,-,B,7367080,7025446
1,1,4553090,510360,2,20200817,143857440,1.615000,600,969.000000,-,-,B,7367080,7109329
1,1,4553091,510360,2,20200817,143857440,1.615000,100,161.500000,-,-,B,7367080,7340882
1,1,4557454,510360,2,20200817,143911860,1.616000,7800,12604.800000,-,-,B,7373471,6583924
1,1,4557455,510360,2,20200817,143911860,1.616000,8000,12928.000000,-,-,B,7373471,6750498
1,1,4573561,510360,2,20200817,144006620,1.616000,200,323.200000,-,-,B,7397272,6750498
1,1,4626073,510360,2,20200817,144259290,1.613000,3500,5645.500000,-,-,S,7347673,7476576
1,1,4635632,510360,2,20200817,144331060,1.613000,500,806.500000,-,-,S,7347673,7490634
1,1,4636331,510360,2,20200817,144333530,1.615000,6700,10820.500000,-,-,B,7491726,7465704
1,1,4651073,510360,2,20200817,144421660,1.614000,3700,5971.800000,-,-,B,7512759,7498005
1,1,4684579,510360,2,20200817,144608230,1.613000,1000,1613.000000,-,-,S,7347673,7561783
1,1,4687806,510360,2,20200817,144618730,1.614000,800,1291.200000,-,-,B,7566340,7530476
1,1,4690115,510360,2,20200817,144625290,1.611000,200,322.200000,-,-,S,7465273,7569318
1,1,4755378,510360,2,20200817,144959350,1.613000,85200,137427.600000,-,-,S,7661115,7663255
1,1,4755379,510360,2,20200817,144959350,1.611000,160700,258887.700000,-,-,S,7465273,7663255
1,1,4757642,510360,2,20200817,145003170,1.614000,100,161.400000,-,-,B,7666495,7530476
1,1,4759222,510360,2,20200817,145006480,1.614000,200,322.800000,-,-,B,7668617,7530476
1,1,4768852,510360,2,20200817,145033790,1.614000,2000,3228.000000,-,-,B,7682313,7530476
1,1,4838466,510360,2,20200817,145340150,1.613000,5000,8065.000000,-,-,S,7671767,7778954
1,1,4854113,510360,2,20200817,145415110,1.613000,600,967.800000,-,-,S,7671767,7799322
1,1,4867929,510360,2,20200817,145446580,1.613000,4400,7097.200000,-,-,S,7671767,7817401
1,1,4867930,510360,2,20200817,145446580,1.613000,8500,13710.500000,-,-,S,7776117,7817401
1,1,4867931,510360,2,20200817,145446580,1.613000,5800,9355.400000,-,-,S,7814297,7817401
1,1,4871871,510360,2,20200817,145456400,1.613000,2500,4032.500000,-,-,B,7822920,7820527
1,1,4872950,510360,2,20200817,145459490,1.613000,400,645.200000,-,-,B,7824585,7820527
1,1,4882173,510360,2,20200817,145515960,1.613000,3700,5968.100000,-,-,B,7836169,7820527
1,1,4892315,510360,2,20200817,145537310,1.613000,3700,5968.100000,-,-,B,7849510,7820527
1,1,4897362,510360,2,20200817,145547710,1.613000,200,322.600000,-,-,B,7855929,7831575
1,1,4906686,510360,2,20200817,145607880,1.613000,3700,5968.100000,-,-,B,7868492,7831575
1,1,4915475,510360,2,20200817,145623610,1.613000,3700,5968.100000,-,-,B,7878568,7831575
1,1,4927214,510360,2,20200817,145643560,1.613000,3600,5806.800000,-,-,B,7891125,7831575
1,1,4935068,510360,2,20200817,145707040,1.613000,100,161.300000,-,-,S,7891125,7904457
1,1,4935712,510360,2,20200817,145734980,1.613000,20600,33227.800000,-,-,B,7919108,7904457
1,1,4937044,510360,2,20200817,145826060,1.613000,29400,47422.200000,-,-,S,7919108,7938359
1,1,4937045,510360,2,20200817,145826060,1.613000,5900,9516.700000,-,-,S,7926857,7938359
1,1,4938821,510360,2,20200817,145920700,1.613000,800,1290.400000,-,-,S,7926857,7955762
1,1,4939304,510360,2,20200817,145932940,1.614000,6900,11136.600000,-,-,B,7959714,7530476
1,1,4939305,510360,2,20200817,145932940,1.614000,3100,5003.400000,-,-,B,7959714,7768761
