Datetime,Lastprice,Volume,Precloseprice,AvgPrice,Iopv,Netvalue,Bid[0],BidQty[0],Bid[1],BidQty[1],Bid[2],BidQty[2],Bid[3],BidQty[3],Bid[4],BidQty[4],Bid[5],BidQty[5],Bid[6],BidQty[6],Bid[7],BidQty[7],Bid[8],BidQty[8],Bid[9],BidQty[9],Ask[0],AskQty[0],Ask[1],AskQty[1],Ask[2],AskQty[2],Ask[3],AskQty[3],Ask[4],AskQty[4],Ask[5],AskQty[5],Ask[6],AskQty[6],Ask[7],AskQty[7],Ask[8],AskQty[8],Ask[9],AskQty[9]
2020-08-17 09:30:00.210,2.9,600.0,2.932,2.9,2.951,2.939,2.9,3600,2.89,10000,2.877,2000,2.801,5000,2.8,1000,2.79,2000,2.788,24400,2.78,100,2.688,100,2.64,9000,2.932,200,2.965,600,2.969,5000,2.977,100,2.98,4000,3.021,200,3.027,900,3.185,2400,3.2,12900,3.211,3000
2020-08-17 09:30:00.690,2.932,200.0,2.932,2.908,2.95,2.939,2.932,300,2.9,3600,2.89,10000,2.877,2000,2.801,5000,2.8,1000,2.79,2000,2.788,24400,2.78,100,2.688,100,2.965,600,2.969,5000,2.977,100,2.98,4000,3.021,200,3.027,900,3.185,2400,3.2,12900,3.211,3000,3.225,4800
2020-08-17 09:30:04.580,2.933,3000.0,2.932,2.927737,2.95,2.939,2.933,3000,2.932,500,2.905,6000,2.904,3400,2.902,3400,2.901,11800,2.9,28600,2.89,10000,2.881,5000,2.88,100,2.948,15200,2.961,7600,2.965,600,2.969,5000,2.977,100,2.98,4000,3.021,200,3.027,900,3.185,2400,3.2,12900
2020-08-17 09:30:34.150,2.948,7600.0,2.932,2.941246,2.959,2.939,2.948,2400,2.934,30000,2.933,3000,2.932,500,2.91,30000,2.905,6000,2.904,3400,2.903,5000,2.902,3400,2.901,21800,2.961,7600,2.965,600,2.969,5000,2.977,100,2.98,4000,2.985,2000,3.021,200,3.027,900,3.185,2400,3.2,12900
2020-08-17 09:31:32.330,2.958,7600.0,2.932,2.947947,2.962,2.939,2.958,8200,2.948,2600,2.934,30000,2.933,3000,2.932,500,2.91,30000,2.906,40000,2.905,6000,2.904,3400,2.903,5000,2.961,7600,2.965,600,2.969,5000,2.977,100,2.98,4000,2.985,2000,3.021,200,3.027,900,3.185,2400,3.2,12900
2020-08-17 09:31:55.510,2.958,3000.0,2.932,2.949318,2.961,2.939,2.958,5200,2.948,2600,2.934,30000,2.933,3000,2.932,500,2.91,30000,2.906,40000,2.905,6000,2.904,3400,2.903,5000,2.961,7600,2.965,600,2.969,5000,2.977,100,2.98,4000,2.985,2000,3.021,200,3.027,900,3.185,2400,3.2,12900
2020-08-17 09:31:55.610,2.961,7600.0,2.932,2.952318,2.963,2.939,2.961,8700,2.958,5200,2.948,2600,2.934,30000,2.933,3000,2.932,500,2.91,30000,2.906,40000,2.905,6000,2.904,3400,2.965,600,2.969,5000,2.977,100,2.98,4000,2.985,2000,3.021,200,3.027,900,3.185,2400,3.2,12900,3.211,3000
2020-08-17 09:31:59.040,2.958,10000.0,2.932,2.954412,2.962,2.939,2.958,3900,2.948,2600,2.934,30000,2.933,3000,2.932,500,2.91,30000,2.906,40000,2.905,6000,2.904,3400,2.903,5000,2.965,600,2.969,5000,2.977,100,2.98,4000,2.985,2000,3.021,200,3.027,900,3.185,2400,3.2,12900,3.211,3000
2020-08-17 09:32:03.170,2.948,5000.0,2.932,2.954567,2.962,2.939,2.948,1500,2.934,30000,2.933,3000,2.932,500,2.91,30000,2.906,40000,2.905,6000,2.904,3400,2.903,5000,2.902,3400,2.961,1700,2.965,600,2.969,5000,2.976,6600,2.977,100,2.98,4000,2.985,2000,3.021,200,3.027,900,3.185,2400
2020-08-17 09:32:40.850,2.948,1500.0,2.932,2.954354,2.967,2.939,2.934,30000,2.933,3000,2.932,500,2.91,30000,2.906,40000,2.905,6000,2.904,3400,2.903,5000,2.902,3400,2.901,15000,2.948,500,2.961,1700,2.965,1600,2.969,5000,2.976,6600,2.977,100,2.98,14000,2.985,2000,2.99,500,2.999,4900
2020-08-17 09:32:44.580,2.948,100.0,2.932,2.95434,2.968,2.939,2.934,30000,2.933,3000,2.932,500,2.91,31500,2.906,40000,2.905,6000,2.904,3400,2.903,5000,2.902,3400,2.901,15000,2.948,400,2.961,1700,2.965,1600,2.969,5000,2.976,6600,2.977,100,2.98,14000,2.985,2000,2.99,500,2.999,4900
2020-08-17 09:32:50.420,2.948,400.0,2.932,2.954285,2.969,2.939,2.948,4600,2.934,30000,2.933,3000,2.932,500,2.91,31500,2.906,40000,2.905,6000,2.904,3400,2.903,5000,2.902,3400,2.961,1700,2.965,1600,2.969,5000,2.976,6600,2.977,100,2.98,14000,2.985,2000,2.99,500,2.999,4900,3.0,7000
2020-08-17 09:32:58.580,2.961,1700.0,2.932,2.9545220000000003,2.969,2.939,2.961,5300,2.948,4600,2.934,30000,2.933,3000,2.932,500,2.91,31500,2.906,40000,2.905,6000,2.904,3400,2.903,5000,2.965,1600,2.969,5000,2.976,6600,2.977,100,2.98,14000,2.985,2000,2.99,500,2.999,4900,3.0,7000,3.021,200
2020-08-17 09:33:16.350,2.961,5300.0,2.932,2.955162,2.968,2.939,2.948,4600,2.934,30000,2.933,3000,2.932,500,2.91,31500,2.906,40000,2.905,6000,2.904,3400,2.903,5000,2.902,3400,2.961,14500,2.964,1300,2.965,1600,2.969,5000,2.976,6600,2.977,100,2.98,14000,2.985,2000,2.99,500,2.999,4900
2020-08-17 09:33:57.860,2.961,2500.0,2.932,2.955422,2.962,2.939,2.949,10000,2.948,4600,2.934,30000,2.933,3000,2.932,500,2.91,1500,2.906,40000,2.905,6000,2.904,3400,2.903,5000,2.961,400,2.963,10000,2.965,1600,2.969,5000,2.976,6600,2.977,33300,2.98,14000,2.985,2000,2.99,500,2.999,4900
2020-08-17 09:34:10.080,2.949,3300.0,2.932,2.955066,2.96,2.939,2.949,6700,2.948,4600,2.934,30000,2.933,3000,2.932,500,2.91,1500,2.906,40000,2.905,6000,2.904,3400,2.903,5000,2.961,5900,2.963,10000,2.965,1600,2.969,5000,2.976,6600,2.977,33300,2.98,14000,2.985,2000,2.99,500,2.999,4900
2020-08-17 09:34:42.500,2.949,8500.0,2.932,2.9543060000000003,2.956,2.939,2.949,8200,2.948,4600,2.933,3000,2.932,500,2.91,1500,2.906,40000,2.905,6000,2.904,3400,2.903,5000,2.902,3400,2.953,10000,2.961,11900,2.963,10000,2.965,1600,2.969,30000,2.976,6600,2.977,33300,2.98,14000,2.985,2000,2.99,500
2020-08-17 09:35:14.470,2.953,5000.0,2.932,2.954217,2.957,2.939,2.949,10000,2.948,4600,2.933,3000,2.932,300,2.91,1500,2.906,40000,2.905,6000,2.904,3400,2.903,5000,2.902,3400,2.953,5000,2.96,2000,2.961,11900,2.963,10000,2.965,1600,2.969,30100,2.976,6600,2.977,33300,2.98,14000,2.985,2000
2020-08-17 09:35:40.960,2.949,10000.0,2.932,2.9535869999999997,2.957,2.939,2.948,4600,2.933,3000,2.932,300,2.91,1500,2.905,6000,2.904,3400,2.903,5000,2.902,3400,2.901,10000,2.9,28600,2.953,5000,2.959,5500,2.96,2000,2.961,6400,2.963,10000,2.965,1600,2.969,30100,2.976,6600,2.977,33300,2.98,14000
2020-08-17 09:35:49.280,2.949,1000.0,2.932,2.953533,2.958,2.939,2.949,19000,2.948,4600,2.933,3000,2.932,300,2.91,1500,2.905,6000,2.904,3400,2.903,5000,2.902,3400,2.901,10000,2.953,5000,2.959,5500,2.96,2000,2.961,6400,2.963,10000,2.965,1600,2.969,30100,2.976,6600,2.977,33300,2.98,14000
2020-08-17 09:36:23.860,2.949,4900.0,2.932,2.9532830000000003,2.957,2.939,2.949,14100,2.948,4600,2.933,3000,2.932,300,2.91,1500,2.905,6000,2.904,3400,2.903,5000,2.902,3400,2.901,10000,2.953,5000,2.959,5500,2.96,7000,2.961,6400,2.963,10000,2.965,1600,2.969,30100,2.976,6600,2.977,33300,2.98,24000
2020-08-17 09:36:30.500,2.949,14100.0,2.932,2.952696,2.956,2.939,2.948,4600,2.933,3000,2.932,300,2.93,500,2.91,1500,2.905,6000,2.904,3400,2.903,5000,2.902,3400,2.901,10000,2.949,400,2.953,5000,2.959,5500,2.96,7000,2.961,6400,2.963,10000,2.965,1600,2.969,30100,2.976,6600,2.977,33300
2020-08-17 09:37:47.960,2.949,9300.0,2.932,2.952389,2.958,2.939,2.949,700,2.948,4600,2.934,10000,2.933,3000,2.932,300,2.91,1500,2.905,6000,2.904,3400,2.903,5000,2.902,3400,2.953,8500,2.959,5500,2.96,7000,2.961,6400,2.963,10000,2.965,1600,2.966,10000,2.969,30100,2.976,6600,2.977,33300
2020-08-17 09:38:21.510,2.949,2300.0,2.932,2.952321,2.962,2.939,2.949,18400,2.948,4600,2.934,10000,2.933,3000,2.932,300,2.91,1500,2.905,6000,2.904,3400,2.903,5000,2.902,3400,2.95,200,2.953,8500,2.959,5500,2.96,7000,2.961,400,2.963,10000,2.965,1600,2.966,10000,2.969,30100,2.97,3100
2020-08-17 09:39:21.360,2.95,200.0,2.932,2.952317,2.961,2.939,2.95,299800,2.949,18400,2.948,4600,2.934,10000,2.933,3000,2.932,300,2.91,1500,2.905,6000,2.904,3400,2.903,5000,2.953,8500,2.959,5500,2.96,7000,2.961,400,2.963,10000,2.965,1600,2.966,10000,2.969,34100,2.97,3100,2.975,1500
2020-08-17 09:39:28.980,2.953,8500.0,2.932,2.9523639999999998,2.961,2.939,2.953,291300,2.949,18400,2.948,4600,2.934,10000,2.933,3000,2.932,300,2.91,1500,2.905,6000,2.904,3400,2.903,5000,2.959,5500,2.96,7000,2.961,400,2.963,10000,2.965,1600,2.966,10000,2.969,34100,2.97,3100,2.975,1500,2.976,6600
2020-08-17 09:40:10.010,2.959,200.0,2.932,2.952375,2.962,2.939,2.951,20000,2.95,291300,2.949,18400,2.948,4600,2.934,10000,2.933,3000,2.932,300,2.91,1500,2.905,6000,2.904,3400,2.959,5300,2.96,7000,2.961,400,2.963,10000,2.965,1600,2.966,10000,2.969,34100,2.97,3100,2.975,1500,2.976,6600
2020-08-17 09:41:05.650,2.96,7000.0,2.932,2.952785,2.967,2.939,2.96,3000,2.959,10000,2.951,20000,2.95,292300,2.949,18400,2.948,4600,2.934,10000,2.933,3000,2.932,300,2.91,1500,2.961,400,2.963,10000,2.965,1700,2.966,10000,2.969,34100,2.97,3100,2.975,1500,2.976,6600,2.977,33300,2.98,36500
2020-08-17 09:42:38.380,2.961,10000.0,2.932,2.95337,2.969,2.939,2.952,10000,2.951,20000,2.95,292300,2.949,18400,2.948,4600,2.934,10000,2.933,3000,2.932,300,2.91,1500,2.905,6000,2.961,10400,2.962,5300,2.963,10000,2.965,1700,2.966,10000,2.969,34100,2.97,3100,2.975,1500,2.976,6600,2.977,33300
2020-08-17 09:42:39.910,2.961,10500.0,2.932,2.9539009999999997,2.969,2.939,2.961,19500,2.952,10000,2.951,20000,2.95,292300,2.949,18400,2.948,4600,2.934,10000,2.933,3000,2.932,300,2.91,1500,2.962,5300,2.963,10000,2.965,1700,2.966,10000,2.969,34100,2.97,3100,2.975,1500,2.976,6600,2.977,33300,2.98,36500
2020-08-17 09:42:54.950,2.961,2500.0,2.932,2.954016,2.971,2.939,2.961,17000,2.952,10000,2.951,20000,2.95,292300,2.949,18400,2.948,4600,2.934,10000,2.933,3000,2.932,300,2.91,1500,2.962,5300,2.963,10000,2.965,1700,2.966,10000,2.969,34100,2.97,3100,2.975,1500,2.976,6600,2.977,33300,2.98,36500
2020-08-17 09:43:26.850,2.961,2500.0,2.932,2.954128,2.972,2.939,2.961,14500,2.952,10000,2.951,20000,2.95,292300,2.949,18400,2.948,4600,2.934,10000,2.933,3000,2.932,300,2.91,1500,2.963,10000,2.965,3700,2.966,10000,2.969,34100,2.97,3100,2.975,1500,2.976,6600,2.977,33300,2.98,36500,2.985,2000
2020-08-17 09:43:46.880,2.963,1200.0,2.932,2.954196,2.973,2.939,2.961,14500,2.952,10000,2.951,20000,2.95,292300,2.949,18400,2.948,4600,2.934,10000,2.933,3000,2.932,300,2.91,1500,2.963,8800,2.965,3700,2.966,10000,2.969,34100,2.97,3100,2.975,1500,2.976,6600,2.977,33300,2.98,36500,2.985,2000
2020-08-17 09:43:48.730,2.963,1000.0,2.932,2.954252,2.973,2.939,2.961,14500,2.952,10000,2.951,20000,2.95,292300,2.949,18400,2.948,4600,2.934,10000,2.933,3000,2.932,300,2.91,1500,2.963,7800,2.965,3700,2.966,10000,2.969,34100,2.97,3100,2.975,1500,2.976,6600,2.977,33300,2.98,36500,2.985,2000
2020-08-17 09:43:51.800,2.963,2000.0,2.932,2.954361,2.974,2.939,2.961,14500,2.952,10000,2.951,20000,2.95,292300,2.949,18400,2.948,4600,2.934,10000,2.933,3000,2.932,300,2.91,1500,2.963,5800,2.965,3700,2.966,10000,2.969,34100,2.97,3100,2.975,1500,2.976,6600,2.977,33300,2.98,36500,2.985,2000
2020-08-17 09:43:55.290,2.963,1500.0,2.932,2.954441,2.974,2.939,2.961,14500,2.952,10000,2.951,20000,2.95,292300,2.949,18400,2.948,4600,2.934,10000,2.933,3000,2.932,300,2.91,1500,2.963,4300,2.965,3700,2.966,10000,2.969,34100,2.97,3100,2.975,1500,2.976,6600,2.977,33300,2.98,36500,2.985,2000
2020-08-17 09:43:57.470,2.963,500.0,2.932,2.954468,2.974,2.939,2.961,14500,2.952,10000,2.951,20000,2.95,292300,2.949,18400,2.948,4600,2.934,10000,2.933,3000,2.932,300,2.91,1500,2.963,3800,2.965,3700,2.969,34100,2.97,3100,2.975,1500,2.976,6600,2.977,33300,2.98,36500,2.985,2000,2.986,4500
2020-08-17 09:44:06.640,2.963,3800.0,2.932,2.954663,2.975,2.939,2.963,287500,2.961,14500,2.952,10000,2.951,20000,2.95,1000,2.949,18400,2.948,4600,2.934,10000,2.933,3000,2.932,300,2.965,3700,2.969,34100,2.975,1500,2.976,6600,2.977,33300,2.98,36500,2.985,2000,2.986,4500,2.99,1000,2.995,18500
2020-08-17 09:44:13.980,2.965,500.0,2.932,2.954694,2.975,2.939,2.963,289500,2.961,114500,2.952,10000,2.951,20000,2.95,1000,2.949,18400,2.948,4600,2.934,10000,2.933,3000,2.932,300,2.965,3200,2.969,34100,2.975,1500,2.976,6600,2.977,33300,2.98,36500,2.985,2000,2.986,4500,2.99,1000,2.995,18500
2020-08-17 09:44:17.450,2.965,800.0,2.932,2.954743,2.975,2.939,2.963,289500,2.961,114500,2.952,10000,2.951,20000,2.95,1000,2.949,18400,2.948,4600,2.934,10000,2.933,3000,2.932,300,2.965,1700,2.969,34100,2.975,1500,2.976,6600,2.977,33300,2.98,36500,2.985,2000,2.986,4500,2.99,1000,2.995,18500
2020-08-17 09:44:19.220,2.965,300.0,2.932,2.954762,2.975,2.939,2.963,287500,2.961,114500,2.952,10000,2.951,20000,2.95,1000,2.949,18400,2.948,4600,2.934,10000,2.933,3000,2.932,300,2.965,1400,2.969,34100,2.975,1500,2.976,6600,2.977,33300,2.98,36500,2.985,2000,2.986,4500,2.99,1000,2.995,18500
2020-08-17 09:44:24.410,2.963,1000.0,2.932,2.954811,2.976,2.939,2.963,335900,2.961,114500,2.952,10000,2.951,20000,2.95,1000,2.949,18400,2.948,4600,2.934,10000,2.933,3000,2.932,300,2.965,1400,2.969,34100,2.975,1500,2.976,6600,2.977,33300,2.98,36500,2.985,2000,2.986,4500,2.99,1000,2.995,18500
2020-08-17 09:44:38.660,2.965,1500.0,2.932,2.954901,2.976,2.939,2.965,22000,2.963,335900,2.961,114500,2.952,10000,2.951,20000,2.95,1000,2.949,18400,2.948,4600,2.934,10000,2.933,3000,2.969,34100,2.975,1500,2.976,6600,2.977,33300,2.98,36500,2.985,2000,2.986,4500,2.99,1000,2.995,18500,2.998,5000
2020-08-17 09:45:52.740,2.965,600.0,2.932,2.954936,2.979,2.939,2.965,2400,2.963,286500,2.961,104500,2.952,10000,2.95,1000,2.949,10000,2.948,4600,2.934,10000,2.933,3000,2.932,300,2.969,30100,2.975,1500,2.976,9700,2.977,33300,2.98,38500,2.985,2000,2.986,4500,2.989,50000,2.99,1000,2.995,18500
2020-08-17 09:45:59.220,2.965,300.0,2.932,2.9549540000000003,2.978,2.939,2.965,2100,2.963,286500,2.961,104500,2.952,10000,2.95,1000,2.949,10000,2.948,4600,2.934,10000,2.933,3000,2.932,300,2.969,30100,2.975,1500,2.976,9700,2.977,33300,2.98,38500,2.985,2000,2.986,4500,2.989,50000,2.99,1000,2.995,18500
2020-08-17 09:46:06.720,2.969,30100.0,2.932,2.957057,2.978,2.939,2.969,9900,2.965,2100,2.963,286500,2.961,104500,2.96,27000,2.952,10000,2.95,1000,2.949,10000,2.948,4600,2.934,10000,2.975,1500,2.976,9700,2.977,33300,2.98,38500,2.985,2000,2.986,4500,2.989,50000,2.99,1000,2.995,18500,2.998,5000
2020-08-17 09:46:17.990,2.969,1700.0,2.932,2.957157,2.977,2.939,2.969,8200,2.966,10000,2.965,2100,2.963,286500,2.961,104500,2.96,27000,2.95,1000,2.949,10000,2.948,4600,2.934,10000,2.975,1500,2.976,9700,2.977,33300,2.98,38500,2.985,2000,2.986,4500,2.989,50000,2.99,1000,2.995,18500,2.998,5000
2020-08-17 09:46:22.710,2.975,1000.0,2.932,2.957245,2.976,2.939,2.966,10000,2.965,2100,2.963,286500,2.961,4500,2.96,27000,2.95,1000,2.949,10000,2.948,4600,2.934,10000,2.933,3000,2.975,500,2.976,9700,2.977,33300,2.98,38500,2.985,2000,2.986,4500,2.989,50000,2.99,1000,2.995,18500,2.998,5000
2020-08-17 09:46:26.200,2.966,3300.0,2.932,2.957385,2.976,2.939,2.966,6700,2.965,2100,2.963,286500,2.961,4500,2.96,27000,2.95,1000,2.949,10000,2.948,4600,2.934,10000,2.933,3000,2.974,5300,2.975,500,2.976,9700,2.977,33300,2.98,38500,2.985,2000,2.986,4500,2.989,50000,2.99,1000,2.995,18500
2020-08-17 09:46:40.720,2.974,1000.0,2.932,2.957464,2.976,2.939,2.967,10000,2.966,6700,2.965,2100,2.963,286500,2.961,4500,2.96,27000,2.95,1000,2.949,10000,2.948,4600,2.934,10000,2.974,4300,2.975,600,2.976,9700,2.977,33300,2.98,38500,2.985,2000,2.986,4500,2.989,50000,2.99,1000,2.995,18500
2020-08-17 09:46:52.550,2.967,1200.0,2.932,2.957519,2.976,2.939,2.966,6700,2.965,2100,2.963,286500,2.961,4500,2.96,27000,2.95,1000,2.949,10000,2.948,4600,2.934,10000,2.933,3000,2.974,4300,2.975,1000,2.976,9700,2.977,33300,2.98,36500,2.985,2000,2.986,4500,2.989,50000,2.99,1000,2.995,18500
2020-08-17 09:47:08.910,2.967,1800.0,2.932,2.9576,2.978,2.939,2.967,5700,2.966,6700,2.965,2100,2.963,286500,2.961,4500,2.96,27000,2.95,1000,2.949,10000,2.948,4600,2.934,10000,2.971,500,2.973,3500,2.974,4400,2.975,2000,2.976,9700,2.977,33300,2.98,36500,2.985,2000,2.986,4500,2.989,50000
2020-08-17 09:47:21.600,2.968,1400.0,2.932,2.9576689999999997,2.981,2.939,2.968,8600,2.967,10000,2.966,6700,2.965,101100,2.963,286500,2.961,4500,2.96,27000,2.95,1000,2.949,10000,2.948,4600,2.971,500,2.973,3500,2.974,4400,2.975,8000,2.976,9700,2.977,33300,2.98,37500,2.985,2000,2.986,4500,2.989,50000
2020-08-17 09:47:27.620,2.971,100.0,2.932,2.957675,2.981,2.939,2.968,8600,2.967,10000,2.966,6700,2.965,101100,2.963,286500,2.961,4500,2.96,27000,2.95,1000,2.949,10000,2.948,4600,2.971,400,2.973,3500,2.974,4400,2.975,8000,2.976,9700,2.977,33300,2.98,37500,2.985,2000,2.986,4500,2.989,50000
2020-08-17 09:47:34.990,2.971,400.0,2.932,2.9577,2.982,2.939,2.971,600,2.968,8600,2.967,10000,2.966,6700,2.965,101100,2.963,286500,2.961,4500,2.96,27000,2.95,1000,2.949,10000,2.973,3500,2.974,4400,2.975,8000,2.976,9700,2.977,33300,2.98,37500,2.985,2000,2.986,4500,2.989,50000,2.99,1000
2020-08-17 09:47:47.440,2.973,4600.0,2.932,2.9580130000000002,2.983,2.939,2.973,5300,2.968,10800,2.967,10000,2.966,6700,2.965,101100,2.963,286500,2.961,4500,2.96,27000,2.95,1000,2.949,10000,2.974,100,2.975,8000,2.976,6600,2.977,33300,2.98,37500,2.985,2000,2.986,4500,2.989,50000,2.99,1000,2.995,18500
2020-08-17 09:48:04.460,2.974,100.0,2.932,2.958021,2.984,2.939,2.974,32600,2.973,5300,2.968,10800,2.967,10000,2.966,6700,2.965,101100,2.963,286500,2.961,4500,2.96,27000,2.95,1000,2.975,7000,2.976,6600,2.977,33300,2.98,37500,2.985,2000,2.986,4500,2.989,50000,2.99,1000,2.994,600,2.995,18500
2020-08-17 09:48:26.050,2.974,900.0,2.932,2.958086,2.984,2.939,2.974,31800,2.968,10800,2.967,10000,2.966,6700,2.965,101100,2.963,286500,2.961,4500,2.96,27000,2.95,1000,2.949,10000,2.975,10000,2.976,6600,2.977,33300,2.98,37500,2.985,2000,2.986,4500,2.989,50000,2.99,1000,2.994,600,2.995,18500
2020-08-17 09:48:30.310,2.974,300.0,2.932,2.958108,2.984,2.939,2.974,31500,2.968,10800,2.967,10000,2.966,6700,2.965,101100,2.963,286500,2.961,4500,2.96,27000,2.95,1000,2.949,10000,2.975,10000,2.976,6700,2.977,33300,2.98,37500,2.985,2000,2.986,4500,2.989,50000,2.99,1000,2.994,600,2.995,18500
2020-08-17 09:48:38.980,2.974,8800.0,2.932,2.958723,2.984,2.939,2.974,22700,2.968,10800,2.967,10000,2.966,6700,2.965,101100,2.963,286500,2.961,4500,2.96,27000,2.95,1000,2.949,10000,2.975,10000,2.976,6700,2.977,33300,2.98,37500,2.985,2000,2.986,4500,2.989,50000,2.99,1000,2.994,600,2.995,18500
2020-08-17 09:49:09.540,2.974,2000.0,2.932,2.958856,2.983,2.939,2.974,20700,2.968,10800,2.967,10000,2.966,10700,2.965,101100,2.963,286500,2.961,4500,2.96,27000,2.95,1000,2.949,10000,2.975,10000,2.976,9800,2.977,33300,2.98,37500,2.985,2000,2.986,4500,2.989,50000,2.99,1000,2.994,600,2.995,18500
2020-08-17 09:49:22.610,2.974,6600.0,2.932,2.959279,2.984,2.939,2.974,14100,2.968,10800,2.967,10000,2.966,10700,2.965,101100,2.963,286500,2.961,4500,2.96,27000,2.95,1000,2.949,10000,2.975,10000,2.976,9800,2.977,33300,2.98,25000,2.985,2000,2.986,4500,2.989,50000,2.99,1000,2.994,600,2.995,18500
2020-08-17 09:49:39.180,2.974,300.0,2.932,2.959298,2.984,2.939,2.974,13800,2.968,10800,2.967,10000,2.966,10700,2.965,101100,2.963,286500,2.961,4500,2.96,27000,2.95,1000,2.949,10000,2.975,11000,2.976,9800,2.977,33300,2.98,24000,2.985,2000,2.986,4500,2.989,50000,2.99,1000,2.994,600,2.995,18500
2020-08-17 09:49:48.460,2.974,10000.0,2.932,2.959894,2.985,2.939,2.974,3800,2.968,10800,2.967,10000,2.966,10700,2.965,101100,2.963,286500,2.961,4500,2.96,27000,2.95,1000,2.949,10000,2.975,11000,2.976,3200,2.977,33300,2.978,10100,2.98,24000,2.985,2000,2.986,4500,2.989,50000,2.99,1000,2.994,600
2020-08-17 09:50:18.930,2.975,500.0,2.932,2.959925,2.986,2.939,2.974,18800,2.968,10800,2.967,10000,2.966,10700,2.965,101100,2.963,286500,2.961,4500,2.96,27000,2.95,1000,2.949,10000,2.975,10500,2.976,5200,2.977,33300,2.978,10100,2.979,5000,2.98,34000,2.985,2000,2.986,4500,2.989,50000,2.99,1000
2020-08-17 09:50:23.600,2.974,700.0,2.932,2.9600009999999997,2.985,2.939,2.974,18100,2.968,10800,2.967,10000,2.966,10700,2.965,101100,2.963,286500,2.961,4500,2.96,27000,2.95,1000,2.949,10000,2.975,9900,2.976,5200,2.977,33300,2.978,10100,2.979,5000,2.98,34000,2.985,2000,2.986,4500,2.989,50000,2.99,1000
2020-08-17 09:50:26.870,2.974,700.0,2.932,2.9600400000000002,2.985,2.939,2.974,17400,2.968,10800,2.967,10000,2.966,10700,2.965,101100,2.963,286500,2.961,4500,2.96,27000,2.95,1000,2.949,10000,2.975,9900,2.976,5200,2.977,33300,2.978,10100,2.979,5000,2.98,34000,2.985,2000,2.986,4500,2.989,50000,2.99,1000
2020-08-17 09:50:48.880,2.974,500.0,2.932,2.960068,2.983,2.939,2.974,1900,2.968,10800,2.967,10000,2.966,4000,2.965,101100,2.963,286500,2.961,4500,2.96,27000,2.95,1000,2.949,10000,2.975,9900,2.976,5200,2.977,33300,2.978,10100,2.979,5000,2.98,39000,2.985,2000,2.986,4500,2.989,50000,2.99,1000
2020-08-17 09:50:53.480,2.974,1900.0,2.932,2.960173,2.982,2.939,2.968,10800,2.967,10000,2.966,4000,2.965,101100,2.963,286500,2.961,4500,2.96,27000,2.95,1000,2.949,10000,2.948,4600,2.974,2400,2.975,9900,2.976,5200,2.977,33300,2.978,10100,2.979,5000,2.98,39000,2.985,2000,2.986,4500,2.989,50000
2020-08-17 09:51:00.420,2.976,17500.0,2.932,2.9611490000000003,2.982,2.939,2.976,2100,2.968,10800,2.967,10000,2.966,4000,2.965,101100,2.963,286500,2.961,4500,2.96,27000,2.95,1000,2.949,10000,2.977,33300,2.978,10100,2.979,5000,2.98,39000,2.985,2000,2.986,4500,2.989,50000,2.99,1000,2.994,8900,2.995,18500
2020-08-17 09:51:44.000,2.976,300.0,2.932,2.9611650000000003,2.984,2.939,2.976,4800,2.968,10800,2.967,10000,2.966,4000,2.965,101100,2.963,286500,2.961,4500,2.95,1000,2.949,10000,2.948,4600,2.977,34300,2.978,10100,2.979,5000,2.98,39000,2.985,2000,2.986,4500,2.989,50000,2.99,1000,2.994,8900,2.995,18500
2020-08-17 09:52:00.090,2.977,4400.0,2.932,2.96142,2.987,2.939,2.976,4800,2.968,10800,2.967,10000,2.966,4000,2.965,101100,2.963,286500,2.961,4500,2.95,1000,2.949,10000,2.948,4600,2.977,29900,2.978,10100,2.979,5000,2.98,39000,2.985,2000,2.986,4500,2.989,50000,2.99,1000,2.994,8900,2.995,18500
2020-08-17 09:52:05.360,2.976,700.0,2.932,2.961457,2.987,2.939,2.976,4100,2.968,10800,2.967,10000,2.966,4000,2.965,101100,2.963,286500,2.961,4500,2.95,1000,2.949,10000,2.948,4600,2.977,29900,2.978,10100,2.979,5000,2.98,39000,2.985,2000,2.986,4500,2.989,50000,2.99,1000,2.994,8900,2.995,18500
2020-08-17 09:52:09.230,2.977,29900.0,2.932,2.9629849999999998,2.987,2.939,2.977,11500,2.976,4100,2.968,10800,2.967,10000,2.966,4000,2.965,101100,2.963,286500,2.961,4500,2.95,1000,2.949,10000,2.978,10100,2.979,5000,2.98,39000,2.985,2000,2.986,4500,2.989,50000,2.99,1000,2.994,8900,2.995,18500,2.997,2000
2020-08-17 09:52:16.450,2.979,15000.0,2.932,2.963706,2.988,2.939,2.977,11500,2.976,4100,2.968,10800,2.967,10000,2.966,4000,2.965,101100,2.963,286500,2.961,4500,2.95,1000,2.949,10000,2.979,100,2.98,39000,2.985,2000,2.986,4500,2.989,50000,2.99,1500,2.994,8900,2.995,18500,2.997,2000,2.998,5000
2020-08-17 09:52:48.590,2.98,3100.0,2.932,2.9638619999999998,2.987,2.939,2.978,300,2.977,11500,2.976,1100,2.968,10800,2.967,10000,2.966,4000,2.965,101100,2.963,286500,2.961,4500,2.95,1000,2.98,36000,2.985,2000,2.986,4500,2.989,50000,2.99,1500,2.994,8900,2.995,18500,2.997,2000,2.998,5000,2.999,14900
2020-08-17 09:53:10.370,2.978,300.0,2.932,2.963875,2.988,2.939,2.977,11500,2.976,1100,2.968,10800,2.967,10000,2.966,4000,2.965,101100,2.963,286500,2.961,4500,2.95,1000,2.949,10000,2.978,200,2.98,38000,2.981,100,2.985,10000,2.986,4500,2.989,50000,2.99,1500,2.994,8900,2.995,18500,2.997,2000
2020-08-17 09:53:26.230,2.978,500.0,2.932,2.9638970000000002,2.988,2.939,2.977,11500,2.976,1100,2.968,10800,2.967,10000,2.966,4000,2.965,101100,2.963,286500,2.961,4500,2.95,1000,2.949,10000,2.978,500,2.98,38000,2.981,100,2.985,10000,2.986,4500,2.989,50000,2.99,1500,2.994,8900,2.995,18500,2.997,2000
2020-08-17 09:53:57.650,2.977,6600.0,2.932,2.9641599999999997,2.988,2.939,2.977,4900,2.976,1100,2.968,10800,2.967,10000,2.966,4000,2.965,101100,2.963,286500,2.961,4500,2.95,1000,2.949,10000,2.978,500,2.98,38000,2.981,100,2.985,10000,2.986,4500,2.989,50000,2.99,1500,2.994,8900,2.995,18500,2.997,2000
2020-08-17 09:54:45.980,2.977,4000.0,2.932,2.964313,2.987,2.939,2.977,900,2.976,5100,2.968,10800,2.967,10000,2.966,4000,2.965,1100,2.963,286500,2.961,4500,2.95,1000,2.949,10000,2.978,1000,2.98,38800,2.981,100,2.985,10000,2.986,4500,2.989,50000,2.99,1000,2.994,8900,2.995,18500,2.997,2000
2020-08-17 09:54:46.610,2.98,1100.0,2.932,2.964359,2.988,2.939,2.977,900,2.976,5100,2.968,10800,2.967,10000,2.966,4000,2.965,1100,2.963,286500,2.961,4500,2.95,1000,2.949,10000,2.98,38700,2.981,100,2.985,10000,2.986,4500,2.989,50000,2.99,1000,2.994,8900,2.995,18500,2.997,2000,2.998,5000
2020-08-17 09:55:05.280,2.977,900.0,2.932,2.964393,2.988,2.939,2.976,5100,2.968,10800,2.967,10000,2.966,4000,2.965,1100,2.963,286500,2.961,4500,2.95,1000,2.949,10000,2.948,4600,2.977,300,2.98,44700,2.981,100,2.985,10000,2.986,4500,2.989,50000,2.99,1000,2.994,8900,2.995,18500,2.997,2000
2020-08-17 09:55:06.750,2.98,45000.0,2.932,2.9662349999999997,2.988,2.939,2.98,55000,2.976,5100,2.968,10800,2.967,10000,2.966,4000,2.965,1100,2.963,286500,2.961,4500,2.95,1000,2.949,10000,2.981,100,2.985,10000,2.986,4500,2.989,50000,2.99,1000,2.994,8900,2.995,18500,2.997,2000,2.998,5000,2.999,14900
2020-08-17 09:55:27.990,2.98,600.0,2.932,2.966257,2.988,2.939,2.98,54400,2.976,5100,2.968,10800,2.967,10000,2.966,4000,2.965,1100,2.963,286500,2.961,4500,2.95,1000,2.949,10000,2.981,100,2.985,10000,2.986,4500,2.989,50000,2.99,1000,2.994,8900,2.995,18500,2.997,2000,2.998,5000,2.999,14900
2020-08-17 09:55:44.210,2.985,5700.0,2.932,2.9665220000000003,2.988,2.939,2.98,59400,2.976,5100,2.968,10800,2.967,10000,2.966,4000,2.965,1100,2.963,286500,2.961,4500,2.95,1000,2.949,10000,2.985,5400,2.986,4500,2.987,3100,2.989,50000,2.99,1000,2.994,8900,2.995,18500,2.997,2000,2.998,5000,2.999,14900
2020-08-17 09:56:01.760,2.985,900.0,2.932,2.966565,2.989,2.939,2.98,59400,2.976,5100,2.968,10800,2.967,10000,2.966,4000,2.965,1100,2.963,286500,2.961,4500,2.95,1000,2.949,10000,2.985,4500,2.986,4500,2.987,3100,2.989,50000,2.99,1000,2.994,8900,2.995,18500,2.997,2000,2.998,5000,2.999,14900
2020-08-17 09:56:06.400,2.985,500.0,2.932,2.9665880000000002,2.989,2.939,2.98,59400,2.976,5100,2.968,10800,2.967,10000,2.966,4000,2.965,1100,2.963,286500,2.961,4500,2.95,1000,2.949,10000,2.985,4000,2.986,4500,2.987,3100,2.989,50000,2.99,1000,2.994,8900,2.995,18500,2.997,2000,2.998,5000,2.999,14900
2020-08-17 09:56:34.030,2.98,200.0,2.932,2.966595,2.986,2.939,2.98,59200,2.976,5100,2.968,10800,2.967,10000,2.965,1100,2.963,286500,2.961,4500,2.95,1000,2.949,10000,2.948,4600,2.984,101400,2.985,4000,2.986,4500,2.987,3100,2.989,50500,2.99,1000,2.994,8900,2.995,18500,2.997,2000,2.998,5000
2020-08-17 09:57:07.310,2.98,5900.0,2.932,2.966796,2.984,2.939,2.98,53300,2.976,5100,2.968,10800,2.967,10000,2.965,1100,2.963,286500,2.961,4500,2.95,1000,2.949,10000,2.948,4600,2.984,101400,2.985,6000,2.986,4500,2.987,3100,2.989,50000,2.99,1000,2.994,8900,2.997,2000,2.998,5000,2.999,15100
2020-08-17 09:57:10.050,2.98,15800.0,2.932,2.967304,2.983,2.939,2.98,37500,2.976,5100,2.968,10800,2.967,10000,2.965,1100,2.963,286500,2.961,4500,2.95,1000,2.949,10000,2.948,4600,2.984,101400,2.985,6000,2.986,4500,2.987,3100,2.989,50000,2.99,1000,2.994,8900,2.997,2000,2.998,5000,2.999,15100
2020-08-17 09:57:10.740,2.98,6600.0,2.932,2.967505,2.983,2.939,2.98,30900,2.976,5100,2.968,10800,2.967,10000,2.965,1100,2.963,286500,2.961,4500,2.95,1000,2.949,10000,2.948,4600,2.984,101400,2.985,6000,2.986,4500,2.987,3100,2.989,50000,2.99,1000,2.994,8900,2.997,2000,2.998,5000,2.999,15100
2020-08-17 09:57:14.500,2.984,5000.0,2.932,2.967701,2.983,2.939,2.98,30900,2.976,5100,2.968,10800,2.967,10000,2.965,1100,2.963,286500,2.961,4500,2.95,1000,2.949,10000,2.948,4600,2.984,96400,2.985,6000,2.986,4500,2.987,3100,2.989,50000,2.99,1000,2.994,8900,2.997,2000,2.998,5000,2.999,15100
2020-08-17 09:57:16.390,2.98,600.0,2.932,2.967718,2.983,2.939,2.98,30300,2.976,5100,2.968,10800,2.967,10000,2.965,1100,2.963,286500,2.961,4500,2.95,1000,2.949,10000,2.948,4600,2.984,96400,2.985,6000,2.986,4500,2.987,3100,2.989,50000,2.99,1000,2.994,8900,2.997,2000,2.998,5000,2.999,15100
2020-08-17 09:57:21.540,2.98,10100.0,2.932,2.968005,2.983,2.939,2.98,20200,2.976,5100,2.968,10800,2.967,10000,2.965,1100,2.963,286500,2.961,4500,2.95,1000,2.949,10000,2.948,4600,2.984,96400,2.985,6000,2.986,4500,2.987,3100,2.989,50000,2.99,1000,2.994,8900,2.997,2000,2.998,5000,2.999,15100
2020-08-17 09:57:27.580,2.98,300.0,2.932,2.968013,2.982,2.939,2.98,19900,2.976,5100,2.968,10800,2.967,10000,2.965,1100,2.963,286500,2.961,4500,2.95,1000,2.949,10000,2.948,4600,2.984,99400,2.985,6000,2.986,4500,2.987,3100,2.989,50000,2.99,1000,2.994,8900,2.997,2000,2.998,5000,2.999,15100
2020-08-17 09:57:34.480,2.98,15900.0,2.932,2.968438,2.982,2.939,2.98,4000,2.976,5100,2.968,8600,2.967,10000,2.965,1100,2.963,286500,2.961,4500,2.95,1000,2.949,10000,2.948,4600,2.984,99400,2.985,6000,2.986,4500,2.987,3100,2.989,50000,2.99,1000,2.994,8900,2.997,2000,2.998,5000,2.999,15100
2020-08-17 10:00:10.600,2.98,100.0,2.932,2.96844,2.987,2.939,2.976,5100,2.968,8600,2.967,12200,2.965,1100,2.963,286500,2.961,4500,2.95,1000,2.949,10000,2.948,4600,2.934,10000,2.98,17400,2.982,8500,2.983,5700,2.984,102400,2.985,13500,2.986,4500,2.987,3100,2.989,50000,2.99,1000,2.994,8900
2020-08-17 10:00:13.820,2.976,4000.0,2.932,2.968507,2.987,2.939,2.976,1100,2.968,8600,2.967,12200,2.965,1100,2.963,286500,2.961,4500,2.95,1000,2.949,10000,2.948,4600,2.934,10000,2.98,17400,2.982,8500,2.983,5700,2.984,102400,2.985,13500,2.986,4500,2.987,3100,2.989,50000,2.99,1000,2.994,8900
2020-08-17 10:00:39.230,2.98,16400.0,2.932,2.968909,2.99,2.939,2.98,270100,2.976,1100,2.968,8600,2.967,12200,2.965,1100,2.961,4500,2.95,1000,2.949,10000,2.948,4600,2.934,10000,2.982,8500,2.983,5700,2.984,102400,2.985,13500,2.986,4500,2.987,3100,2.989,50000,2.99,1000,2.994,8900,2.997,2000
2020-08-17 10:00:46.780,2.984,116600.0,2.932,2.971873,2.992,2.939,2.984,153500,2.976,1100,2.968,8600,2.967,12200,2.965,1100,2.961,4500,2.95,1000,2.949,10000,2.948,4600,2.934,10000,2.985,13500,2.986,4500,2.987,3100,2.989,50000,2.99,1000,2.994,8900,2.997,2000,2.998,5000,2.999,15100,3.0,24300
2020-08-17 10:00:48.650,2.984,1000.0,2.932,2.971894,2.992,2.939,2.984,152500,2.976,1100,2.968,8600,2.967,12200,2.965,1100,2.961,4500,2.95,1000,2.949,10000,2.948,4600,2.934,10000,2.985,13500,2.986,4500,2.987,3100,2.989,50000,2.99,1000,2.994,8900,2.997,2000,2.998,5000,2.999,15100,3.0,24300
2020-08-17 10:01:14.170,2.985,13500.0,2.932,2.9721889999999997,2.994,2.939,2.985,139000,2.976,1100,2.968,8600,2.967,12200,2.965,1100,2.961,4500,2.95,1000,2.949,10000,2.948,4600,2.934,10000,2.986,4500,2.987,3100,2.989,50000,2.99,1000,2.994,8900,2.997,2000,2.998,5000,2.999,15100,3.0,24300,3.001,4100
2020-08-17 10:01:16.790,2.985,300.0,2.932,2.972195,2.994,2.939,2.985,138700,2.976,1100,2.968,8600,2.967,12200,2.965,1100,2.961,4500,2.95,1000,2.949,10000,2.948,4600,2.934,10000,2.986,4500,2.987,3100,2.989,50000,2.99,1000,2.994,8900,2.997,2000,2.998,5000,2.999,15100,3.0,24300,3.001,4100
2020-08-17 10:01:38.540,2.985,13800.0,2.932,2.972483,2.995,2.939,2.985,124900,2.976,1100,2.968,8600,2.967,12200,2.965,1100,2.961,4500,2.95,1000,2.949,10000,2.948,4600,2.934,10000,2.986,4500,2.987,3100,2.988,10000,2.989,50000,2.99,1000,2.994,8900,2.997,2000,2.998,5000,2.999,15100,3.0,24300
2020-08-17 10:01:41.000,2.985,27600.0,2.932,2.9730209999999997,2.995,2.939,2.985,97300,2.976,1100,2.968,8600,2.967,12200,2.965,1100,2.961,4500,2.95,1000,2.949,10000,2.948,4600,2.934,10000,2.986,4500,2.987,3100,2.988,10000,2.989,50000,2.99,1000,2.994,8900,2.997,2000,2.998,5000,2.999,15100,3.0,24300
2020-08-17 10:01:44.260,2.985,41400.0,2.932,2.973746,2.994,2.939,2.985,55900,2.976,1100,2.968,8600,2.967,10000,2.965,1100,2.961,4500,2.95,1000,2.949,10000,2.948,4600,2.934,10000,2.986,4500,2.987,3100,2.988,10000,2.989,50000,2.99,1000,2.994,8900,2.997,2000,2.998,5000,2.999,15100,3.0,24300
2020-08-17 10:01:47.470,2.985,18000.0,2.932,2.9740349999999998,2.994,2.939,2.985,37900,2.976,1100,2.968,8600,2.967,10000,2.965,1100,2.961,4500,2.95,1000,2.949,10000,2.948,4600,2.934,10000,2.986,6100,2.987,3100,2.988,10000,2.989,50000,2.99,1000,2.994,8900,2.997,2000,2.998,5000,2.999,15100,3.0,24300
2020-08-17 10:01:49.610,2.985,6900.0,2.932,2.9741419999999996,2.994,2.939,2.985,31000,2.976,1100,2.968,8600,2.967,10000,2.965,1100,2.961,4500,2.95,1000,2.949,10000,2.948,4600,2.934,10000,2.986,6100,2.987,3100,2.988,10000,2.989,50000,2.99,1000,2.994,8900,2.997,2000,2.998,5000,2.999,15100,3.0,24300
2020-08-17 10:01:52.960,2.985,18100.0,2.932,2.974417,2.994,2.939,2.985,16300,2.976,1100,2.968,8600,2.967,10000,2.965,1100,2.961,4500,2.95,1000,2.949,10000,2.948,4600,2.934,10000,2.986,2700,2.987,3100,2.988,10000,2.989,50000,2.99,1000,2.994,8900,2.997,2000,2.998,5000,2.999,15100,3.0,24300
2020-08-17 10:01:56.110,2.985,2000.0,2.932,2.974446,2.994,2.939,2.985,14300,2.976,1100,2.968,8600,2.967,10000,2.965,1100,2.961,4500,2.95,1000,2.949,10000,2.948,4600,2.934,10000,2.986,2700,2.987,3100,2.988,10000,2.989,50000,2.99,1000,2.994,8900,2.997,2000,2.998,5000,2.999,15100,3.0,24300
2020-08-17 10:01:58.250,2.986,2200.0,2.932,2.974481,2.994,2.939,2.985,14300,2.976,1100,2.968,8600,2.967,10000,2.965,1100,2.961,4500,2.95,1000,2.949,10000,2.948,4600,2.934,10000,2.986,500,2.987,3100,2.988,10000,2.989,50000,2.99,1000,2.994,8900,2.997,2000,2.998,5000,2.999,15100,3.0,24300
2020-08-17 10:02:01.350,2.985,3200.0,2.932,2.974527,2.993,2.939,2.985,12100,2.976,1100,2.968,8600,2.967,10000,2.965,1100,2.961,4500,2.95,1000,2.949,10000,2.948,4600,2.934,10000,2.986,500,2.987,3100,2.988,10000,2.989,50000,2.99,1000,2.994,8900,2.997,2000,2.998,5000,2.999,15100,3.0,24300
2020-08-17 10:02:04.510,2.985,1400.0,2.932,2.9745470000000003,2.993,2.939,2.985,10700,2.976,1100,2.968,8600,2.967,10000,2.965,1100,2.961,4500,2.95,1000,2.949,10000,2.948,4600,2.934,10000,2.986,500,2.987,13100,2.988,10000,2.989,50000,2.99,1000,2.994,8900,2.997,2000,2.998,5000,2.999,15100,3.0,24300
2020-08-17 10:02:07.680,2.985,1300.0,2.932,2.974565,2.994,2.939,2.985,9400,2.976,1100,2.968,8600,2.967,10000,2.965,1100,2.961,4500,2.95,1000,2.949,10000,2.948,4600,2.934,10000,2.986,500,2.987,13100,2.988,10000,2.989,50000,2.99,1200,2.994,8900,2.997,2000,2.998,5000,2.999,15100,3.0,24300
2020-08-17 10:02:09.870,2.985,2400.0,2.932,2.974599,2.994,2.939,2.985,7000,2.976,1100,2.968,8600,2.967,10000,2.965,1100,2.961,4500,2.95,1000,2.949,10000,2.948,4600,2.934,10000,2.986,500,2.987,13100,2.988,10000,2.989,50000,2.99,1200,2.994,8900,2.997,2000,2.998,5000,2.999,15100,3.0,24300
2020-08-17 10:02:13.130,2.985,2000.0,2.932,2.974627,2.993,2.939,2.985,5000,2.976,1100,2.968,8600,2.967,10000,2.965,1100,2.961,4500,2.95,1000,2.949,10000,2.948,4600,2.934,10000,2.986,500,2.987,13100,2.988,10000,2.989,50000,2.99,1200,2.994,8900,2.997,2000,2.998,5000,2.999,15100,3.0,24300
2020-08-17 10:02:16.440,2.985,2100.0,2.932,2.974656,2.992,2.939,2.985,2900,2.976,1100,2.968,8600,2.967,10000,2.965,1100,2.961,4500,2.95,1000,2.949,10000,2.948,4600,2.934,10000,2.986,500,2.987,13100,2.988,10000,2.989,50000,2.99,1200,2.994,8900,2.997,2000,2.998,5000,2.999,15100,3.0,24300
2020-08-17 10:02:20.420,2.985,2900.0,2.932,2.974697,2.992,2.939,2.976,1100,2.968,8600,2.967,10000,2.965,1100,2.961,4500,2.95,1000,2.949,10000,2.948,4600,2.934,10000,2.933,3000,2.985,4100,2.986,500,2.987,13100,2.988,10000,2.989,50000,2.99,1200,2.994,8900,2.997,2000,2.998,5000,2.999,15100
2020-08-17 10:02:26.820,2.976,2100.0,2.932,2.974724,2.99,2.939,2.976,1000,2.968,8600,2.967,10000,2.965,1100,2.961,4500,2.95,1000,2.949,10000,2.948,4600,2.934,10000,2.933,3000,2.985,2100,2.986,500,2.987,13100,2.988,10000,2.989,50000,2.99,1200,2.994,8900,2.997,2000,2.998,5000,2.999,15100
2020-08-17 10:02:30.060,2.976,200.0,2.932,2.974725,2.99,2.939,2.976,800,2.968,8600,2.967,10000,2.965,1100,2.961,4500,2.96,1000,2.95,1000,2.949,10000,2.948,4600,2.934,10000,2.985,2100,2.986,500,2.987,13100,2.988,10000,2.989,50000,2.99,1200,2.994,8900,2.997,2000,2.998,5000,2.999,15100
2020-08-17 10:02:33.340,2.976,200.0,2.932,2.974725,2.989,2.939,2.976,600,2.968,8600,2.967,10000,2.965,1100,2.961,4500,2.96,1000,2.95,1000,2.949,10000,2.948,4600,2.934,10000,2.985,2100,2.986,500,2.987,13100,2.988,10000,2.989,50000,2.99,1200,2.994,8900,2.997,2000,2.998,5000,2.999,15100
2020-08-17 10:02:34.480,2.986,2700.0,2.932,2.9747630000000003,2.989,2.939,2.986,2800,2.976,600,2.968,8600,2.967,10000,2.965,1100,2.961,4500,2.96,1000,2.95,1000,2.949,10000,2.948,4600,2.987,13100,2.988,10000,2.989,50000,2.99,1200,2.994,8900,2.997,2000,2.998,5000,2.999,15100,3.0,24300,3.001,4100
2020-08-17 10:02:38.810,2.986,400.0,2.932,2.9747689999999998,2.99,2.939,2.986,2400,2.976,600,2.968,8600,2.967,10000,2.965,1100,2.961,4500,2.96,1000,2.95,1000,2.949,10000,2.948,4600,2.987,13100,2.988,10000,2.989,50000,2.99,1200,2.994,8900,2.997,2000,2.998,5000,2.999,15100,3.0,24300,3.001,4100
2020-08-17 10:02:43.020,2.986,200.0,2.932,2.974772,2.99,2.939,2.986,2200,2.976,600,2.968,8600,2.967,10000,2.965,1100,2.961,4500,2.96,1000,2.95,1000,2.949,10000,2.948,4600,2.987,13100,2.988,10000,2.989,50000,2.99,1200,2.994,8900,2.997,2000,2.998,5000,2.999,15100,3.0,24300,3.001,4100
2020-08-17 10:02:43.840,2.986,2200.0,2.932,2.974805,2.99,2.939,2.976,600,2.968,8600,2.967,10000,2.965,1100,2.961,4500,2.96,1000,2.95,1000,2.949,10000,2.948,4600,2.934,10000,2.986,900,2.987,13100,2.988,10000,2.989,50000,2.99,1200,2.994,8900,2.997,2000,2.998,5000,2.999,15100,3.0,24300
2020-08-17 10:02:51.530,2.976,100.0,2.932,2.974805,2.99,2.939,2.976,500,2.968,8600,2.967,10000,2.965,1100,2.961,4500,2.96,1000,2.95,1000,2.949,10000,2.948,4600,2.934,10000,2.986,1300,2.987,13100,2.988,10000,2.989,50000,2.99,1200,2.994,8900,2.997,2000,2.998,5000,2.999,15100,3.0,24300
2020-08-17 10:02:53.700,2.976,100.0,2.932,2.974805,2.99,2.939,2.976,400,2.968,8600,2.967,10000,2.965,1100,2.961,4500,2.96,1000,2.95,1000,2.949,10000,2.948,4600,2.934,10000,2.986,1300,2.987,13100,2.988,10000,2.989,50000,2.99,1200,2.994,8900,2.997,2000,2.998,5000,2.999,15100,3.0,24300
2020-08-17 10:03:01.000,2.976,100.0,2.932,2.974805,2.99,2.939,2.976,300,2.968,8600,2.967,10000,2.965,1100,2.961,4500,2.96,1000,2.95,1000,2.949,10000,2.948,4600,2.934,10000,2.986,1300,2.987,13100,2.988,10000,2.989,50000,2.99,1200,2.994,8900,2.997,2000,2.998,5000,2.999,15100,3.0,24300
2020-08-17 10:03:02.120,2.976,100.0,2.932,2.974805,2.99,2.939,2.976,200,2.968,8600,2.967,10000,2.965,1100,2.961,4500,2.96,1000,2.95,1000,2.949,10000,2.948,4600,2.934,10000,2.986,1300,2.987,13100,2.988,10000,2.989,50000,2.99,1200,2.994,8900,2.997,2000,2.998,5000,2.999,15100,3.0,24300
2020-08-17 10:03:06.410,2.976,300.0,2.932,2.974806,2.99,2.939,2.976,9900,2.968,8600,2.967,10000,2.965,1100,2.961,4500,2.96,1000,2.95,1000,2.949,10000,2.948,4600,2.934,10000,2.986,1300,2.987,13100,2.988,10000,2.989,50000,2.99,1200,2.994,8900,2.997,2000,2.998,5000,2.999,15100,3.0,24300
2020-08-17 10:03:08.580,2.976,100.0,2.932,2.974806,2.99,2.939,2.976,9800,2.968,8600,2.967,10000,2.965,1100,2.961,4500,2.96,1000,2.95,1000,2.949,10000,2.948,4600,2.934,10000,2.986,1300,2.987,13100,2.988,10000,2.989,50000,2.99,1200,2.994,8900,2.997,2000,2.998,5000,2.999,15100,3.0,24300
2020-08-17 10:03:11.890,2.976,1000.0,2.932,2.9748069999999998,2.99,2.939,2.976,8800,2.968,8600,2.967,10000,2.965,1100,2.961,4500,2.96,1000,2.95,1000,2.949,10000,2.948,4600,2.934,10000,2.986,1300,2.987,13100,2.988,10000,2.989,50000,2.99,1200,2.994,8900,2.997,2000,2.998,5000,2.999,15100,3.0,24300
2020-08-17 10:03:13.980,2.976,900.0,2.932,2.974809,2.99,2.939,2.976,17900,2.968,8600,2.967,10000,2.965,1100,2.961,4500,2.96,1000,2.95,1000,2.949,10000,2.948,4600,2.934,10000,2.986,1300,2.987,13100,2.988,10000,2.989,50000,2.99,1200,2.994,8900,2.997,2000,2.998,5000,2.999,15100,3.0,24300
2020-08-17 10:03:19.130,2.976,800.0,2.932,2.9748099999999997,2.991,2.939,2.976,17100,2.968,8600,2.967,10000,2.965,1100,2.961,4500,2.96,1000,2.95,1000,2.949,10000,2.948,4600,2.934,10000,2.986,1300,2.987,13100,2.988,10000,2.989,50000,2.99,1200,2.994,8900,2.997,2000,2.998,5000,2.999,15100,3.0,24300
2020-08-17 10:03:21.300,2.976,1700.0,2.932,2.974813,2.991,2.939,2.976,15400,2.968,8600,2.967,10000,2.965,1100,2.961,4500,2.96,1000,2.95,1000,2.949,10000,2.948,4600,2.934,10000,2.986,1300,2.987,13100,2.988,10000,2.989,50000,2.99,1200,2.994,8900,2.997,2000,2.998,5000,2.999,15100,3.0,30100
2020-08-17 10:03:22.430,2.976,1700.0,2.932,2.974815,2.99,2.939,2.977,300000,2.976,13700,2.968,8600,2.967,10000,2.965,1100,2.961,4500,2.96,1000,2.95,1000,2.949,10000,2.948,4600,2.986,1300,2.987,13100,2.988,10000,2.989,50000,2.99,1200,2.994,8900,2.997,2000,2.998,5000,2.999,15100,3.0,30100
2020-08-17 10:03:26.870,2.977,4900.0,2.932,2.974829,2.991,2.939,2.977,295100,2.976,13700,2.968,8600,2.967,10000,2.965,1100,2.961,4500,2.96,1000,2.95,1000,2.949,10000,2.948,4600,2.983,5000,2.986,1300,2.987,13100,2.988,10000,2.989,50000,2.99,1200,2.994,8900,2.997,2000,2.998,5000,2.999,15100
2020-08-17 10:03:29.060,2.977,31300.0,2.932,2.97494,2.99,2.939,2.977,283800,2.976,13700,2.968,8600,2.967,10000,2.965,1100,2.961,4500,2.96,1000,2.95,1000,2.949,10000,2.948,4600,2.983,5000,2.986,1300,2.987,13100,2.988,10000,2.989,50000,2.99,1200,2.994,8900,2.997,2000,2.998,5000,2.999,15100
2020-08-17 10:03:31.190,2.977,29800.0,2.932,2.975014,2.991,2.939,2.978,10000,2.977,254000,2.976,13700,2.968,8600,2.967,10000,2.965,1100,2.961,4500,2.96,1000,2.95,1000,2.949,10000,2.983,5000,2.986,1300,2.987,13100,2.988,10000,2.989,50000,2.99,1200,2.994,8900,2.997,2000,2.998,5000,2.999,15100
2020-08-17 10:03:39.530,2.978,2000.0,2.932,2.975021,2.991,2.939,2.978,18000,2.977,254000,2.976,13700,2.968,8600,2.967,10000,2.965,1100,2.961,4500,2.96,1000,2.95,1000,2.949,10000,2.983,5000,2.986,1300,2.987,10000,2.988,10000,2.989,50000,2.99,1200,2.994,8900,2.997,2000,2.998,5000,2.999,15100
2020-08-17 10:03:40.500,2.978,2000.0,2.932,2.975028,2.99,2.939,2.979,254000,2.978,16000,2.976,13700,2.968,8600,2.967,10000,2.965,1100,2.961,4500,2.96,1000,2.95,1000,2.949,10000,2.983,5000,2.986,1300,2.987,10000,2.988,10000,2.989,50000,2.99,1200,2.994,8900,2.997,2000,2.998,5000,2.999,15100
2020-08-17 10:03:44.820,2.979,3600.0,2.932,2.975045,2.991,2.939,2.979,250400,2.978,16000,2.976,13700,2.968,8600,2.967,10000,2.965,1100,2.961,4500,2.96,1000,2.95,1000,2.949,10000,2.983,5000,2.986,1300,2.987,10000,2.988,10000,2.989,50000,2.99,1200,2.994,8900,2.997,2000,2.998,5000,2.999,15100
2020-08-17 10:03:45.970,2.979,1800.0,2.932,2.975054,2.991,2.939,2.979,248600,2.978,16000,2.976,13700,2.968,8600,2.967,10000,2.965,1100,2.961,4500,2.96,1000,2.95,1000,2.949,10000,2.982,4300,2.983,5000,2.986,1300,2.987,10000,2.988,10000,2.989,50000,2.99,1200,2.994,8900,2.997,2000,2.998,5000
2020-08-17 10:03:50.140,2.979,24800.0,2.932,2.975168,2.991,2.939,2.979,223800,2.978,16000,2.976,13700,2.968,8600,2.967,10000,2.965,1100,2.961,4500,2.96,1000,2.95,1000,2.949,10000,2.982,4300,2.983,5000,2.986,1100,2.987,10000,2.988,10000,2.989,50000,2.99,1200,2.994,8900,2.997,2000,2.998,5000
2020-08-17 10:03:54.310,2.979,24800.0,2.932,2.975275,2.991,2.939,2.979,199000,2.978,16000,2.976,13700,2.968,8600,2.967,10000,2.965,1100,2.961,4500,2.96,1000,2.95,1000,2.949,10000,2.982,4300,2.983,5000,2.986,900,2.987,10000,2.988,10000,2.989,50000,2.99,1200,2.994,8900,2.997,2000,2.998,5000
2020-08-17 10:03:57.550,2.979,44800.0,2.932,2.975454,2.991,2.939,2.979,154200,2.978,16000,2.976,13700,2.968,8600,2.967,10000,2.965,1100,2.961,4500,2.96,1000,2.95,1000,2.949,10000,2.982,4300,2.983,5000,2.986,900,2.987,10000,2.988,10000,2.989,50000,2.99,1200,2.994,8900,2.997,2000,2.998,5000
2020-08-17 10:04:00.790,2.979,19900.0,2.932,2.9755279999999997,2.991,2.939,2.979,134300,2.978,16000,2.976,13700,2.968,8600,2.967,10000,2.965,1100,2.961,4500,2.96,1000,2.95,1000,2.949,10000,2.982,4300,2.983,5000,2.986,900,2.987,10000,2.988,10000,2.989,50000,2.99,1200,2.994,8900,2.997,2000,2.998,5000
2020-08-17 10:04:02.840,2.979,15400.0,2.932,2.975584,2.991,2.939,2.979,118900,2.978,16000,2.976,13700,2.968,8600,2.967,10000,2.965,1100,2.961,4500,2.96,1000,2.95,1000,2.949,10000,2.982,4300,2.983,5000,2.986,900,2.987,10000,2.988,10000,2.989,50000,2.99,1200,2.994,8900,2.997,2000,2.998,5000
2020-08-17 10:04:06.160,2.979,42200.0,2.932,2.975727,2.991,2.939,2.979,76700,2.978,16000,2.976,13700,2.968,8600,2.967,10000,2.965,1100,2.961,4500,2.96,1000,2.95,1000,2.949,10000,2.982,4300,2.983,5000,2.986,200,2.987,10000,2.988,10000,2.989,50000,2.99,1200,2.994,8900,2.997,2000,2.998,5000
2020-08-17 10:04:09.340,2.979,10300.0,2.932,2.9757599999999997,2.991,2.939,2.979,66400,2.978,16000,2.976,13700,2.968,8600,2.967,10000,2.965,1100,2.961,4500,2.96,1000,2.95,1000,2.949,10000,2.982,4300,2.983,5000,2.986,200,2.987,10000,2.988,10000,2.989,50000,2.99,1200,2.994,8900,2.997,2000,2.998,5000
2020-08-17 10:04:10.410,2.979,10300.0,2.932,2.9757919999999998,2.992,2.939,2.979,656100,2.978,16000,2.976,13700,2.968,8600,2.967,10000,2.965,1100,2.961,4500,2.96,1000,2.95,1000,2.949,10000,2.982,4300,2.983,5000,2.986,200,2.988,10000,2.989,50000,2.99,1200,2.994,8900,2.997,2000,2.998,5000,2.999,15100
2020-08-17 10:04:14.800,2.979,20800.0,2.932,2.9758560000000003,2.992,2.939,2.979,635300,2.978,16000,2.976,13700,2.968,8600,2.967,10000,2.965,1100,2.961,4500,2.96,1000,2.95,1000,2.949,10000,2.982,4300,2.983,5000,2.986,200,2.988,10000,2.989,50000,2.99,1200,2.994,8900,2.997,2000,2.998,5000,2.999,15100
2020-08-17 10:04:15.950,2.979,6600.0,2.932,2.975875,2.991,2.939,2.979,628700,2.978,16000,2.976,13700,2.968,8600,2.967,10000,2.965,1100,2.961,4500,2.96,1000,2.95,1000,2.949,10000,2.982,4300,2.983,5000,2.986,700,2.989,50000,2.99,1200,2.994,8900,2.997,2000,2.998,5000,2.999,15100,3.0,30100
2020-08-17 10:04:21.200,2.979,127600.0,2.932,2.976212,2.991,2.939,2.979,501100,2.978,16000,2.976,13700,2.968,8600,2.967,10000,2.965,1100,2.961,4500,2.96,1000,2.95,1000,2.949,10000,2.982,4300,2.983,5000,2.986,700,2.989,50000,2.99,1200,2.994,8900,2.997,2000,2.998,5000,2.999,15100,3.0,30100
2020-08-17 10:04:24.500,2.979,168900.0,2.932,2.9765599999999997,2.991,2.939,2.979,332200,2.978,16000,2.976,13700,2.968,8600,2.967,10000,2.965,1100,2.961,4500,2.96,1000,2.95,1000,2.949,10000,2.982,4300,2.983,5000,2.986,700,2.989,50000,2.99,1200,2.994,8900,2.997,2000,2.998,5000,2.999,15100,3.0,30100
2020-08-17 10:04:26.660,2.979,50100.0,2.932,2.9766470000000003,2.991,2.939,2.979,282100,2.978,16000,2.976,13700,2.968,8600,2.967,10000,2.965,1100,2.961,4500,2.96,1000,2.95,1000,2.949,10000,2.982,4300,2.983,5000,2.986,700,2.989,50000,2.99,1200,2.994,8900,2.997,2000,2.998,5000,2.999,15100,3.0,30100
2020-08-17 10:04:27.810,2.979,50100.0,2.932,2.976729,2.992,2.939,2.979,232000,2.978,16000,2.976,13700,2.968,8600,2.967,10000,2.965,1100,2.961,4500,2.96,1000,2.95,1000,2.949,10000,2.982,4300,2.983,5000,2.986,700,2.989,50000,2.99,1200,2.994,8900,2.997,2000,2.998,5000,2.999,15100,3.0,30100
2020-08-17 10:04:33.020,2.979,56400.0,2.932,2.976813,2.991,2.939,2.979,175600,2.978,6000,2.976,13700,2.968,8600,2.967,10000,2.965,1100,2.961,4500,2.96,1000,2.95,1000,2.949,10000,2.982,4300,2.983,5000,2.986,700,2.989,50000,2.99,1200,2.994,8900,2.997,2000,2.998,5000,2.999,15100,3.0,30100
2020-08-17 10:04:34.140,2.979,23200.0,2.932,2.9768470000000002,2.991,2.939,2.979,152400,2.978,6000,2.976,13700,2.968,8600,2.967,10000,2.965,1100,2.961,4500,2.96,1000,2.95,1000,2.949,10000,2.982,4300,2.983,5000,2.986,700,2.989,50000,2.99,1200,2.994,8900,2.997,2000,2.998,5000,2.999,15100,3.0,30100
2020-08-17 10:04:38.440,2.979,30400.0,2.932,2.976888,2.991,2.939,2.979,122000,2.978,6000,2.976,13700,2.968,8600,2.967,10000,2.965,1100,2.961,4500,2.96,1000,2.95,1000,2.949,10000,2.983,5000,2.986,700,2.989,50000,2.99,1200,2.994,8900,2.997,2000,2.998,5000,2.999,15100,3.0,30100,3.001,4100
2020-08-17 10:04:44.710,2.979,12200.0,2.932,2.976905,2.991,2.939,2.979,109800,2.978,6000,2.976,13700,2.968,8600,2.967,10000,2.965,1100,2.961,4500,2.96,1000,2.95,1000,2.949,10000,2.983,5000,2.984,10000,2.986,700,2.989,50000,2.99,1200,2.994,8900,2.997,2000,2.998,5000,2.999,15100,3.0,30100
2020-08-17 10:04:46.870,2.979,24400.0,2.932,2.976937,2.99,2.939,2.979,85400,2.976,13700,2.968,8600,2.967,10000,2.965,1100,2.961,4500,2.96,1000,2.95,1000,2.949,10000,2.948,4600,2.983,5000,2.984,10000,2.986,700,2.989,50000,2.99,1200,2.994,8900,2.997,2000,2.998,5000,2.999,15100,3.0,30100
2020-08-17 10:04:51.150,2.979,16500.0,2.932,2.976958,2.99,2.939,2.979,68900,2.976,13700,2.968,8600,2.967,10000,2.965,1100,2.961,4500,2.96,1000,2.95,1000,2.949,10000,2.948,4600,2.983,5000,2.984,10000,2.986,700,2.989,50000,2.99,1200,2.994,8900,2.997,2000,2.998,5000,2.999,15100,3.0,30100
2020-08-17 10:05:26.760,2.98,1800.0,2.932,2.976961,2.991,2.939,2.98,67100,2.979,300000,2.976,13700,2.969,20000,2.968,8600,2.967,10000,2.965,1100,2.961,4500,2.96,1000,2.95,1000,2.983,15000,2.984,10000,2.986,700,2.989,50000,2.99,1200,2.994,8900,2.997,2000,2.998,5000,2.999,52600,3.0,30100
2020-08-17 10:05:36.350,2.983,15000.0,2.932,2.977017,2.992,2.939,2.983,52100,2.979,300000,2.976,13700,2.969,20000,2.968,8600,2.967,10000,2.965,1100,2.961,4500,2.96,1000,2.95,1000,2.984,10000,2.986,700,2.989,50000,2.99,1200,2.994,8900,2.997,2000,2.998,5000,2.999,52600,3.0,30100,3.001,4100
2020-08-17 10:05:42.860,2.984,10000.0,2.932,2.977059,2.993,2.939,2.984,42100,2.979,300000,2.976,13700,2.969,20000,2.968,8600,2.967,10000,2.965,1100,2.961,4500,2.96,1000,2.95,1000,2.986,700,2.989,50000,2.99,1200,2.994,8900,2.997,2000,2.998,5000,2.999,52600,3.0,30100,3.001,4100,3.018,17700
2020-08-17 10:05:54.220,2.984,200.0,2.932,2.97706,2.993,2.939,2.984,41900,2.98,300000,2.979,300000,2.976,13700,2.969,20000,2.968,8600,2.967,10000,2.965,1100,2.961,4500,2.96,1000,2.985,5000,2.986,500,2.989,50000,2.99,1200,2.994,8900,2.997,2000,2.998,5000,2.999,52600,3.0,30100,3.001,4100
2020-08-17 10:06:26.760,2.986,500.0,2.932,2.9770630000000002,2.994,2.939,2.986,19500,2.984,3200,2.98,300000,2.976,13700,2.969,20000,2.968,8600,2.967,10000,2.965,1100,2.961,4500,2.96,1000,2.987,5000,2.989,50000,2.99,1200,2.994,8900,2.997,2000,2.998,10000,2.999,52600,3.0,30100,3.001,4100,3.018,17700
2020-08-17 10:06:57.390,2.987,5000.0,2.932,2.977093,2.994,2.939,2.987,36900,2.986,19500,2.984,3200,2.98,300000,2.976,13700,2.969,20000,2.968,8600,2.967,10000,2.965,1100,2.961,4500,2.989,50000,2.99,1200,2.994,8900,2.997,2000,2.998,10000,2.999,52600,3.0,30100,3.001,4100,3.018,17700,3.021,200
2020-08-17 10:07:01.230,2.987,200.0,2.932,2.9770939999999997,2.993,2.939,2.987,36700,2.986,19500,2.984,3200,2.98,300000,2.976,13700,2.969,20000,2.968,8600,2.967,10000,2.965,1100,2.961,4500,2.989,50000,2.99,1200,2.994,8900,2.997,2000,2.998,10000,2.999,52600,3.0,30100,3.001,4100,3.018,17700,3.021,200
2020-08-17 10:07:20.530,2.989,36700.0,2.932,2.977353,2.993,2.939,2.986,19500,2.984,3200,2.98,300000,2.976,13700,2.969,20000,2.968,8600,2.967,10000,2.965,1100,2.961,4500,2.96,1000,2.989,13300,2.99,1200,2.994,8900,2.997,2000,2.998,10000,2.999,52600,3.0,30100,3.001,4100,3.018,17700,3.021,200
2020-08-17 10:07:48.740,2.989,13300.0,2.932,2.977445,2.995,2.939,2.989,19000,2.986,19500,2.984,3200,2.98,300000,2.976,13700,2.969,20000,2.968,8600,2.967,10000,2.965,1100,2.961,4500,2.99,1200,2.994,8900,2.997,2000,2.998,10000,2.999,52600,3.0,30100,3.001,4100,3.018,17700,3.021,200,3.027,900
2020-08-17 10:08:00.620,2.989,1000.0,2.932,2.977451,2.995,2.939,2.989,18000,2.986,19500,2.984,3200,2.98,300000,2.976,13700,2.969,20000,2.968,8600,2.967,10000,2.965,1100,2.961,4500,2.99,1200,2.994,8900,2.997,2000,2.998,10000,2.999,52600,3.0,30100,3.001,4100,3.018,17700,3.021,200,3.027,900
2020-08-17 10:08:20.710,2.989,1200.0,2.932,2.977459,2.996,2.939,2.989,16800,2.986,19500,2.984,3200,2.98,300000,2.976,13700,2.969,20000,2.968,8600,2.967,10000,2.965,1100,2.961,4500,2.99,1200,2.994,600,2.997,2000,2.998,10000,2.999,52600,3.0,30100,3.001,4100,3.018,17700,3.021,200,3.027,900
2020-08-17 10:08:32.860,2.99,11200.0,2.932,2.977541,2.997,2.939,2.99,288800,2.989,16800,2.986,19500,2.984,3200,2.976,13700,2.969,20000,2.968,8600,2.967,10000,2.965,1100,2.961,4500,2.994,600,2.997,2000,2.998,10000,2.999,54600,3.0,30100,3.001,4100,3.018,17700,3.021,200,3.027,900,3.07,4300
2020-08-17 10:08:35.170,2.99,2000.0,2.932,2.9775560000000003,2.997,2.939,2.99,286800,2.989,16800,2.986,19500,2.984,3200,2.976,13700,2.969,20000,2.968,8600,2.967,10000,2.965,1100,2.961,4500,2.994,600,2.997,2000,2.998,10000,2.999,54600,3.0,30100,3.001,4100,3.018,17700,3.021,200,3.027,900,3.07,4300
2020-08-17 10:09:11.190,2.994,200.0,2.932,2.977558,2.999,2.939,2.991,15000,2.99,286800,2.989,16800,2.986,19500,2.984,3200,2.976,13700,2.969,21600,2.968,8600,2.967,10000,2.965,1100,2.994,400,2.997,2000,2.998,10000,2.999,54600,3.0,30100,3.001,4100,3.018,17700,3.021,200,3.027,900,3.07,4300
2020-08-17 10:09:12.570,2.994,400.0,2.932,2.977562,2.999,2.939,2.996,19100,2.991,15000,2.99,286800,2.989,16800,2.986,19500,2.984,3200,2.976,13700,2.969,21600,2.968,8600,2.967,10000,2.997,2000,2.998,10000,2.999,54600,3.0,32500,3.001,4100,3.018,17700,3.021,200,3.027,900,3.07,4300,3.099,5000
2020-08-17 10:09:17.990,2.996,1500.0,2.932,2.977578,2.999,2.939,2.996,17600,2.991,15000,2.99,286800,2.989,16800,2.986,19500,2.984,3200,2.976,13700,2.969,21600,2.968,8600,2.967,10000,2.997,2000,2.998,10000,2.999,54600,3.0,32500,3.001,4100,3.018,17700,3.021,200,3.027,900,3.07,4300,3.099,5000
2020-08-17 10:09:29.050,2.996,1000.0,2.932,2.977589,2.999,2.939,2.996,16600,2.99,286800,2.989,17000,2.986,19500,2.984,3200,2.976,13700,2.969,21600,2.968,8600,2.967,10000,2.965,1100,2.997,2000,2.998,10000,2.999,54600,3.0,30000,3.001,4100,3.018,17700,3.021,200,3.027,900,3.07,4300,3.078,15000
2020-08-17 10:09:33.050,2.997,2000.0,2.932,2.977611,3.0,2.939,2.997,8000,2.996,16600,2.99,286800,2.989,200,2.986,19500,2.984,3200,2.976,13700,2.969,21600,2.968,8600,2.967,10000,2.998,10000,2.999,54600,3.0,30000,3.001,4100,3.018,17700,3.021,200,3.027,900,3.07,4300,3.078,15000,3.099,5000
2020-08-17 10:09:41.220,2.998,10000.0,2.932,2.977729,2.999,2.939,2.998,6800,2.997,8000,2.996,16600,2.99,286800,2.989,200,2.986,19500,2.984,3200,2.976,13700,2.969,21600,2.968,8600,2.999,54600,3.0,30000,3.001,4100,3.018,17700,3.021,200,3.027,900,3.07,4300,3.078,15000,3.099,5000,3.118,15500
2020-08-17 10:09:41.400,2.999,6200.0,2.932,2.977805,2.999,2.939,2.998,6800,2.997,8000,2.996,16600,2.99,286800,2.986,19500,2.984,3200,2.976,13700,2.969,21600,2.968,8600,2.967,10000,2.999,48400,3.0,30000,3.001,4100,3.018,17700,3.021,200,3.027,900,3.07,4300,3.078,15000,3.099,5000,3.118,15500
2020-08-17 10:09:45.270,2.999,10000.0,2.932,2.9779259999999996,2.999,2.939,2.998,24800,2.997,8000,2.996,16600,2.99,286800,2.986,19500,2.984,3200,2.976,13700,2.969,21600,2.968,8600,2.967,10000,2.999,38400,3.0,30000,3.001,4100,3.018,17700,3.021,200,3.027,900,3.07,4300,3.078,15000,3.099,5000,3.118,15500
2020-08-17 10:09:55.680,2.999,10000.0,2.932,2.978047,3.001,2.939,2.998,6800,2.997,8000,2.996,16600,2.99,286800,2.986,19500,2.984,3200,2.976,13700,2.969,21600,2.968,8600,2.967,10000,2.999,28400,3.0,30000,3.001,4100,3.018,17700,3.021,200,3.027,900,3.07,4300,3.078,15000,3.099,5000,3.118,15500
2020-08-17 10:09:56.330,2.999,2000.0,2.932,2.97807,3.001,2.939,2.998,7000,2.997,8000,2.996,19800,2.99,286800,2.986,19500,2.984,3200,2.976,13700,2.969,21600,2.968,8600,2.967,10000,2.999,26400,3.0,23000,3.001,4100,3.018,17700,3.021,200,3.027,900,3.07,4300,3.078,15000,3.099,5000,3.118,15500
2020-08-17 10:10:18.370,2.999,26400.0,2.932,2.97838,3.001,2.939,2.999,14700,2.998,22500,2.997,8000,2.996,28800,2.99,286800,2.986,19500,2.984,3200,2.976,13700,2.969,21600,2.968,8600,3.0,23000,3.001,4100,3.018,17700,3.02,2700,3.021,200,3.027,900,3.07,4300,3.078,15000,3.099,5000,3.118,15500
2020-08-17 10:10:32.050,2.999,100.0,2.932,2.978381,3.001,2.939,2.999,14600,2.998,6800,2.997,8000,2.996,28800,2.99,286800,2.986,19500,2.984,3200,2.976,13700,2.969,21600,2.968,8600,3.0,23000,3.001,4100,3.018,17700,3.02,2700,3.021,200,3.027,900,3.07,4300,3.078,15000,3.099,5000,3.118,15500
2020-08-17 10:10:35.820,3.0,200.0,2.932,2.978384,3.001,2.939,2.999,14600,2.998,6800,2.997,8000,2.996,28800,2.99,286800,2.986,19500,2.984,3200,2.976,13700,2.969,21600,2.968,8600,3.0,22800,3.001,4100,3.018,17700,3.02,2700,3.021,200,3.027,900,3.07,4300,3.078,15000,3.099,5000,3.118,15500
2020-08-17 10:10:41.160,3.0,1000.0,2.932,2.978396,2.999,2.939,2.999,14600,2.998,6800,2.997,8000,2.996,28800,2.99,286800,2.986,19500,2.984,3200,2.976,13700,2.969,21600,2.968,8600,3.0,21800,3.001,4100,3.018,17700,3.02,2700,3.021,200,3.027,900,3.07,4300,3.078,15000,3.099,5000,3.118,15500
2020-08-17 10:10:48.090,2.999,1800.0,2.932,2.978417,2.998,2.939,2.999,12800,2.997,8000,2.996,28800,2.99,286800,2.986,19500,2.984,3200,2.976,13700,2.969,21600,2.968,8600,2.967,10000,3.0,22800,3.001,4100,3.018,17700,3.02,2700,3.021,200,3.027,900,3.07,4300,3.078,15000,3.099,5000,3.118,15500
2020-08-17 10:10:49.740,2.999,1600.0,2.932,2.9784349999999997,2.998,2.939,2.999,11200,2.997,8000,2.996,28800,2.99,286800,2.986,19500,2.984,3200,2.976,13700,2.969,21600,2.968,8600,2.967,10000,3.0,22800,3.001,4100,3.018,17700,3.02,2700,3.021,200,3.027,900,3.07,4300,3.078,15000,3.099,5000,3.118,15500
2020-08-17 10:10:52.140,3.0,11400.0,2.932,2.978569,2.998,2.939,2.999,6600,2.997,8000,2.996,28800,2.99,286800,2.986,19500,2.984,3200,2.976,13700,2.969,21600,2.968,8600,2.967,10000,3.0,18000,3.001,4100,3.018,17700,3.02,2700,3.021,200,3.027,900,3.07,4300,3.078,15000,3.099,5000,3.118,15500
2020-08-17 10:10:55.600,2.999,1400.0,2.932,2.978585,2.998,2.939,2.999,5200,2.998,1000,2.997,8000,2.996,28800,2.99,286800,2.986,19500,2.984,3200,2.976,13700,2.969,21600,2.968,8600,3.0,18000,3.001,4100,3.018,17700,3.02,2700,3.021,200,3.027,900,3.07,4300,3.078,15000,3.099,5000,3.118,15500
2020-08-17 10:10:59.350,2.999,2400.0,2.932,2.978612,2.998,2.939,2.999,2800,2.998,1000,2.997,8000,2.996,28800,2.99,286800,2.986,19500,2.984,3200,2.976,13700,2.969,21600,2.968,8600,3.0,18000,3.001,4100,3.018,17700,3.02,2700,3.021,200,3.027,900,3.07,4300,3.078,15000,3.099,5000,3.118,15500
2020-08-17 10:11:01.460,2.999,600.0,2.932,2.9786189999999997,2.998,2.939,2.999,2200,2.998,1000,2.997,8000,2.996,28800,2.99,286800,2.986,19500,2.984,3200,2.976,13700,2.969,21600,2.968,8600,3.0,18000,3.001,4100,3.018,17700,3.02,2700,3.021,200,3.027,900,3.07,4300,3.078,15000,3.099,5000,3.118,15500
2020-08-17 10:11:03.400,2.999,300.0,2.932,2.978622,2.998,2.939,2.999,1900,2.998,1000,2.997,8000,2.996,28800,2.99,286800,2.986,19500,2.984,3200,2.976,13700,2.969,21600,2.968,8600,3.0,18000,3.001,4100,3.017,10600,3.018,17700,3.02,2700,3.021,200,3.027,900,3.07,4300,3.078,15000,3.099,5000
2020-08-17 10:11:06.380,3.0,2900.0,2.932,2.978657,2.996,2.939,2.999,1900,2.998,1000,2.997,8000,2.996,28800,2.99,286800,2.986,19500,2.984,3200,2.976,13700,2.969,21600,2.968,8600,3.0,15100,3.001,4100,3.017,10600,3.018,17700,3.02,2700,3.021,200,3.027,900,3.07,4300,3.078,15000,3.099,5000
2020-08-17 10:11:19.370,3.0,1000.0,2.932,2.978668,2.996,2.939,2.999,1900,2.997,8000,2.996,28800,2.99,286800,2.986,19500,2.984,3200,2.976,13700,2.969,21600,2.968,8600,2.967,10000,3.0,19100,3.001,4100,3.017,10600,3.018,17700,3.02,2700,3.021,200,3.027,900,3.03,8300,3.07,4300,3.078,15000
2020-08-17 10:11:27.190,2.999,200.0,2.932,2.978671,2.995,2.939,2.999,1700,2.997,8000,2.996,28800,2.99,286800,2.986,19500,2.984,3200,2.976,13700,2.969,21600,2.968,8600,2.967,10000,3.0,19100,3.001,4100,3.017,10600,3.018,17700,3.02,2700,3.021,200,3.027,900,3.03,8300,3.078,15000,3.099,5000
2020-08-17 10:11:35.190,2.997,1000.0,2.932,2.978681,2.995,2.939,2.997,7000,2.996,28800,2.99,286800,2.986,19500,2.984,3200,2.976,13700,2.969,21600,2.968,8600,2.967,10000,2.965,1100,3.0,19100,3.001,4100,3.017,10600,3.018,17700,3.02,2700,3.021,200,3.027,900,3.03,8300,3.078,15000,3.099,5000
2020-08-17 10:11:38.980,2.997,1800.0,2.932,2.978699,2.995,2.939,2.997,5200,2.996,28800,2.986,19500,2.984,3200,2.976,13700,2.969,21600,2.968,8600,2.967,10000,2.965,1100,2.961,4500,3.0,19100,3.001,4100,3.017,10600,3.018,17700,3.02,2700,3.021,200,3.027,900,3.03,8300,3.078,15000,3.099,5000
2020-08-17 10:11:41.040,2.997,600.0,2.932,2.9787049999999997,2.995,2.939,2.997,4600,2.996,28800,2.986,19500,2.984,3200,2.976,13700,2.969,21600,2.968,8600,2.967,10000,2.965,1100,2.961,4500,3.0,19100,3.001,4100,3.017,10600,3.018,17700,3.02,2700,3.021,200,3.027,900,3.03,8300,3.078,15000,3.099,5000
2020-08-17 10:11:45.200,2.997,1100.0,2.932,2.978716,2.995,2.939,2.997,3500,2.996,28800,2.986,19500,2.984,3200,2.976,13700,2.969,21600,2.968,8600,2.967,10000,2.965,1100,2.961,4500,3.0,19100,3.001,4100,3.017,10600,3.018,17700,3.02,2700,3.021,200,3.027,900,3.03,8300,3.078,15000,3.099,5000
2020-08-17 10:11:48.180,2.997,1400.0,2.932,2.97873,2.995,2.939,2.997,2100,2.996,28800,2.986,19500,2.984,3200,2.976,13700,2.969,21600,2.968,8600,2.967,10000,2.965,1100,2.961,4500,3.0,19100,3.001,4100,3.017,10600,3.018,17700,3.02,2700,3.021,200,3.027,900,3.03,8300,3.078,15000,3.099,5000
2020-08-17 10:11:49.540,2.997,400.0,2.932,2.978734,2.995,2.939,2.997,1700,2.996,28800,2.986,19500,2.984,3200,2.976,13700,2.969,21600,2.968,8600,2.967,10000,2.965,1100,2.961,4500,3.0,19100,3.001,4100,3.017,10600,3.018,17700,3.02,7700,3.021,200,3.027,900,3.03,8300,3.078,15000,3.099,5000
2020-08-17 10:11:54.180,3.0,1700.0,2.932,2.978754,2.995,2.939,2.997,1700,2.996,28800,2.986,19500,2.984,3200,2.976,13700,2.969,21600,2.968,8600,2.967,10000,2.965,1100,2.961,4500,3.0,17400,3.001,4100,3.017,10600,3.018,17700,3.02,7700,3.021,200,3.027,900,3.03,8300,3.078,15000,3.099,5000
2020-08-17 10:12:10.720,2.999,400.0,2.932,2.978759,2.994,2.939,2.997,1700,2.996,28800,2.986,19500,2.984,3200,2.976,13700,2.969,21600,2.968,8600,2.967,10000,2.965,1100,2.961,4500,2.999,2600,3.0,19800,3.001,4100,3.017,10600,3.018,17700,3.02,7700,3.021,200,3.027,900,3.03,8300,3.078,15000
2020-08-17 10:12:13.940,2.999,1600.0,2.932,2.978776,2.994,2.939,2.997,1700,2.996,28800,2.986,19500,2.984,3200,2.976,13700,2.969,21600,2.968,8600,2.967,10000,2.965,1100,2.961,4500,2.999,1000,3.0,19800,3.001,4100,3.017,10600,3.018,17700,3.02,7700,3.021,200,3.027,900,3.03,8300,3.078,15000
2020-08-17 10:12:54.720,2.997,1700.0,2.932,2.978793,2.994,2.939,2.996,19800,2.986,19500,2.984,3200,2.976,13700,2.969,21600,2.968,8600,2.967,10000,2.965,1100,2.961,4500,2.96,1000,2.997,5500,2.999,1000,3.0,29400,3.001,4100,3.01,600,3.017,10600,3.018,17700,3.02,7700,3.021,200,3.027,900
2020-08-17 10:12:56.510,2.996,2400.0,2.932,2.978816,2.994,2.939,2.996,17400,2.986,19500,2.984,3200,2.976,13700,2.969,21600,2.968,8600,2.967,10000,2.965,1100,2.961,4500,2.96,1000,2.997,5500,2.999,1000,3.0,29400,3.001,4100,3.01,600,3.017,10600,3.018,17700,3.02,7700,3.021,200,3.027,900
2020-08-17 10:13:04.010,2.996,2100.0,2.932,2.9788360000000003,2.994,2.939,2.996,15300,2.986,19500,2.984,3200,2.976,13700,2.969,21600,2.968,8600,2.967,10000,2.965,1100,2.961,4500,2.96,1000,2.997,5500,2.999,1400,3.0,29400,3.001,4100,3.01,600,3.017,10600,3.018,17700,3.02,7700,3.021,200,3.027,900
2020-08-17 10:13:05.390,2.996,3800.0,2.932,2.978871,2.994,2.939,2.996,11500,2.986,19500,2.984,3200,2.976,13700,2.969,21600,2.968,8600,2.967,10000,2.965,1100,2.961,4500,2.96,1000,2.997,5500,2.999,1400,3.0,31900,3.001,4100,3.01,600,3.017,10600,3.018,17700,3.02,7700,3.021,200,3.027,900
2020-08-17 10:13:15.360,2.996,100.0,2.932,2.978872,2.994,2.939,2.996,11400,2.986,19500,2.984,3200,2.976,13700,2.969,21600,2.968,8600,2.967,10000,2.965,1100,2.961,4500,2.96,1000,2.997,5500,2.998,5000,2.999,4500,3.0,31900,3.001,4100,3.01,600,3.017,10600,3.018,17700,3.02,7700,3.021,200
2020-08-17 10:13:16.630,2.997,3000.0,2.932,2.978902,2.994,2.939,2.996,12200,2.986,19500,2.984,3200,2.976,13700,2.969,21600,2.968,8600,2.967,10000,2.965,1100,2.961,4500,2.96,1000,2.997,2500,2.998,5000,2.999,4500,3.0,31900,3.001,4100,3.005,1200,3.01,600,3.017,10600,3.018,17700,3.02,7700
2020-08-17 10:13:23.840,2.997,300.0,2.932,2.978905,2.994,2.939,2.996,12200,2.986,19500,2.984,3200,2.976,13700,2.969,21600,2.968,8600,2.967,10000,2.965,1100,2.961,4500,2.96,1000,2.997,2200,2.998,5000,2.999,4500,3.0,31900,3.001,4100,3.005,1200,3.01,600,3.017,10600,3.018,17700,3.02,7700
2020-08-17 10:13:24.760,2.996,2000.0,2.932,2.978924,2.994,2.939,2.996,10200,2.986,19500,2.984,3200,2.976,13700,2.969,21600,2.968,8600,2.967,10000,2.965,1100,2.961,4500,2.96,1000,2.997,2200,2.998,5000,2.999,4500,3.0,31900,3.001,4100,3.005,1200,3.01,600,3.017,10600,3.018,17700,3.02,7700
2020-08-17 10:13:38.320,2.996,100.0,2.932,2.978925,2.994,2.939,2.996,10100,2.986,19500,2.984,3200,2.976,13700,2.969,21600,2.968,8600,2.967,10000,2.965,1100,2.961,4500,2.96,1000,2.997,2200,2.998,5000,2.999,4500,3.0,44800,3.001,4100,3.005,1200,3.01,600,3.017,10600,3.018,17700,3.02,7700
2020-08-17 10:13:40.650,2.996,10000.0,2.932,2.979017,2.994,2.939,2.996,100,2.986,19500,2.984,3200,2.976,13700,2.969,21600,2.968,8600,2.967,10000,2.965,1100,2.961,4500,2.96,1000,2.997,2200,2.998,5000,2.999,1400,3.0,44800,3.001,4100,3.005,1200,3.01,600,3.017,10600,3.018,17700,3.02,7700
2020-08-17 10:13:52.880,2.997,7200.0,2.932,2.979087,2.994,2.939,2.997,45300,2.996,100,2.986,19500,2.984,3200,2.976,13700,2.969,21600,2.968,8600,2.967,10000,2.965,1100,2.961,4500,2.998,5000,2.999,1400,3.0,42300,3.001,4100,3.005,1200,3.01,600,3.017,10600,3.018,17700,3.02,7700,3.021,200
2020-08-17 10:14:16.090,2.997,4900.0,2.932,2.979134,2.994,2.939,2.997,40400,2.996,100,2.986,19500,2.984,3200,2.981,10000,2.976,13700,2.969,21600,2.968,8600,2.967,10000,2.965,1100,2.998,5000,2.999,13700,3.0,42300,3.001,4100,3.005,1200,3.01,600,3.017,10600,3.018,17700,3.02,7700,3.021,200
2020-08-17 10:14:20.900,2.997,500.0,2.932,2.979139,2.994,2.939,2.997,39900,2.996,100,2.986,19500,2.984,3200,2.981,10000,2.976,13700,2.969,21600,2.968,8600,2.967,10000,2.965,1100,2.998,5000,2.999,13700,3.0,42300,3.001,4100,3.005,1200,3.01,600,3.017,10600,3.018,17700,3.02,7700,3.021,200
2020-08-17 10:14:26.640,2.997,3100.0,2.932,2.9791689999999997,2.993,2.939,2.997,36800,2.996,100,2.986,19500,2.984,3200,2.981,10000,2.976,13700,2.969,21600,2.968,8600,2.967,10000,2.965,1100,2.998,5000,2.999,13700,3.0,42300,3.001,4100,3.005,1200,3.01,600,3.017,10600,3.018,17700,3.02,7700,3.021,200
2020-08-17 10:14:29.230,2.998,5000.0,2.932,2.97922,2.993,2.939,2.998,8500,2.997,36900,2.996,100,2.986,19500,2.984,3200,2.981,10000,2.976,13700,2.969,21600,2.968,8600,2.967,10000,2.999,13800,3.0,42300,3.001,4100,3.005,1200,3.01,600,3.017,10600,3.018,17700,3.02,7700,3.021,200,3.027,900
2020-08-17 10:15:08.950,2.999,800.0,2.932,2.979228,2.991,2.939,2.998,8500,2.997,36900,2.996,100,2.986,19500,2.984,3200,2.981,10000,2.976,13700,2.969,21600,2.968,8600,2.967,10000,2.999,18200,3.0,36300,3.001,4100,3.005,1200,3.01,56300,3.017,10600,3.018,17700,3.02,7700,3.021,200,3.027,900
2020-08-17 10:15:43.810,2.998,8500.0,2.932,2.9793130000000003,2.99,2.939,2.997,36900,2.996,100,2.986,19500,2.984,3200,2.981,10000,2.976,13700,2.969,21600,2.968,8600,2.967,10000,2.965,1100,2.998,1500,2.999,18200,3.0,30400,3.001,4100,3.005,1200,3.01,56300,3.017,10600,3.018,17700,3.02,7700,3.021,200
2020-08-17 10:15:52.270,2.998,200.0,2.932,2.979315,2.99,2.939,2.997,36900,2.996,100,2.986,19500,2.984,3200,2.981,10000,2.976,13700,2.969,21600,2.968,8600,2.967,10000,2.965,1100,2.998,2900,2.999,18200,3.0,31400,3.001,4100,3.005,1200,3.009,700,3.01,56300,3.017,10600,3.018,17700,3.02,7700
2020-08-17 10:16:04.350,2.998,1000.0,2.932,2.979325,2.988,2.939,2.997,36900,2.996,100,2.986,19500,2.984,3200,2.981,10000,2.976,13700,2.969,21600,2.968,8600,2.967,10000,2.965,1100,2.998,1900,2.999,18200,3.0,31400,3.001,4100,3.005,1200,3.009,700,3.01,56300,3.017,10600,3.018,17700,3.02,7700
2020-08-17 10:17:03.630,2.997,1000.0,2.932,2.979335,2.989,2.939,2.997,35900,2.996,3100,2.986,19500,2.984,3200,2.981,10000,2.976,13700,2.969,21600,2.968,8600,2.967,10000,2.965,1100,2.998,2900,2.999,18200,3.0,43500,3.001,4100,3.005,8200,3.009,700,3.01,61300,3.018,17700,3.02,7700,3.021,200
2020-08-17 10:17:12.680,2.997,2000.0,2.932,2.9793529999999997,2.988,2.939,2.997,33900,2.996,3100,2.986,19500,2.984,3200,2.981,10000,2.976,13700,2.969,21600,2.968,8600,2.967,10000,2.965,1100,2.998,2900,2.999,18200,3.0,43500,3.001,4100,3.005,8200,3.009,6600,3.01,61300,3.018,17700,3.02,7700,3.021,200
2020-08-17 10:17:24.220,2.997,2000.0,2.932,2.979372,2.989,2.939,2.997,31900,2.996,3100,2.986,19500,2.984,3200,2.981,10000,2.976,13700,2.969,21600,2.968,8600,2.967,10000,2.965,1100,2.998,3800,2.999,18200,3.0,43500,3.001,4100,3.005,8200,3.009,6600,3.01,61300,3.018,17700,3.02,7700,3.021,200
2020-08-17 10:17:47.860,2.997,2000.0,2.932,2.979391,2.991,2.939,2.997,29900,2.996,3100,2.986,19500,2.984,3200,2.981,10000,2.976,13700,2.969,21600,2.968,8600,2.967,10000,2.965,1100,2.998,3800,2.999,18200,3.0,43500,3.001,4100,3.005,8200,3.009,6600,3.01,61300,3.018,17700,3.02,7700,3.021,200
2020-08-17 10:17:54.670,2.998,500.0,2.932,2.979396,2.991,2.939,2.997,29900,2.996,3100,2.986,19500,2.984,3200,2.981,10000,2.976,13700,2.969,21600,2.968,8600,2.967,10000,2.965,1100,2.998,3300,2.999,18200,3.0,43500,3.001,4100,3.005,8200,3.009,6600,3.01,61300,3.018,17700,3.02,7700,3.021,200
2020-08-17 10:18:10.300,2.997,2500.0,2.932,2.979419,2.993,2.939,2.997,27400,2.996,3100,2.986,19500,2.984,3200,2.981,10000,2.976,13700,2.969,21600,2.968,8600,2.967,10000,2.965,1100,2.998,12500,2.999,18200,3.0,43500,3.001,4100,3.005,38200,3.009,6600,3.01,61300,3.018,17700,3.02,7700,3.021,200
2020-08-17 10:20:51.210,2.997,200.0,2.932,2.979421,2.993,2.939,2.997,27900,2.996,3100,2.994,2100,2.986,19500,2.984,3200,2.981,10000,2.976,13700,2.97,10000,2.969,21600,2.968,8600,2.998,23500,2.999,13900,3.0,39500,3.001,4100,3.005,38200,3.009,6600,3.01,66000,3.018,17700,3.02,7700,3.021,200
2020-08-17 10:21:14.710,2.998,3000.0,2.932,2.97945,2.993,2.939,2.997,27300,2.996,3100,2.994,2100,2.986,19500,2.984,3200,2.981,10000,2.976,13700,2.97,10000,2.969,21600,2.968,8600,2.998,20500,2.999,13900,3.0,39500,3.001,4100,3.005,38200,3.009,6600,3.01,66000,3.018,17700,3.02,7700,3.021,200
2020-08-17 10:21:22.150,2.998,600.0,2.932,2.9794560000000003,2.993,2.939,2.997,27300,2.996,3100,2.994,2100,2.986,19500,2.984,3200,2.981,10000,2.976,13700,2.97,10000,2.969,21600,2.968,8600,2.998,19900,2.999,13900,3.0,39500,3.001,4100,3.005,38200,3.009,6600,3.01,66000,3.018,17700,3.02,7700,3.021,200
2020-08-17 10:21:42.790,2.997,100.0,2.932,2.979457,2.993,2.939,2.997,27200,2.996,3100,2.994,2100,2.986,19500,2.984,3200,2.981,10000,2.976,13700,2.97,10000,2.969,21600,2.968,8600,2.998,19900,2.999,13900,3.0,58000,3.001,4100,3.005,38200,3.009,6600,3.01,66000,3.018,17700,3.02,7700,3.021,200
2020-08-17 10:22:06.780,2.997,4000.0,2.932,2.979494,2.993,2.939,2.997,23200,2.996,3100,2.994,2100,2.986,19500,2.984,3200,2.981,10000,2.976,13700,2.97,10000,2.969,21600,2.968,8600,2.998,19900,2.999,13900,3.0,58000,3.001,4100,3.005,38200,3.009,6600,3.01,66000,3.018,17700,3.02,7700,3.021,200
2020-08-17 10:22:33.560,2.997,3000.0,2.932,2.9795220000000002,2.994,2.939,2.997,20200,2.996,3100,2.994,2100,2.986,19500,2.984,3200,2.981,10000,2.976,13700,2.97,10000,2.969,21600,2.968,8600,2.998,19900,2.999,13900,3.0,58000,3.001,4100,3.005,38200,3.009,6600,3.01,66000,3.018,17700,3.02,7700,3.021,200
2020-08-17 10:23:34.530,2.997,17200.0,2.932,2.979679,2.995,2.939,2.997,3000,2.996,3100,2.994,2100,2.986,19500,2.984,3200,2.981,10000,2.976,13700,2.97,10000,2.969,21600,2.968,8600,2.998,20000,2.999,13900,3.0,58100,3.001,4100,3.005,38200,3.009,6600,3.01,66000,3.018,17700,3.02,7700,3.021,200
2020-08-17 10:23:45.440,2.997,3000.0,2.932,2.979706,2.995,2.939,2.996,3100,2.994,2100,2.986,19500,2.984,3200,2.981,10000,2.976,13700,2.97,10000,2.969,21600,2.968,8600,2.967,10000,2.997,7600,2.998,20000,2.999,13900,3.0,58100,3.001,4100,3.005,38200,3.009,6600,3.01,66000,3.018,17700,3.02,7700
2020-08-17 10:24:07.700,2.996,200.0,2.932,2.979708,2.994,2.939,2.996,2900,2.994,2100,2.986,19500,2.984,3200,2.981,10000,2.976,13700,2.97,10000,2.969,21600,2.968,8600,2.967,10000,2.997,7600,2.998,19900,2.999,13900,3.0,58100,3.001,4100,3.005,38200,3.009,6600,3.01,66000,3.018,17700,3.02,7700
2020-08-17 10:25:53.490,2.996,2900.0,2.932,2.979733,2.994,2.939,2.994,2100,2.986,19500,2.984,3200,2.981,10000,2.976,13700,2.97,10000,2.969,21600,2.968,8600,2.967,10000,2.965,1100,2.996,1400,2.997,7700,2.998,15600,2.999,13900,3.0,58100,3.001,4100,3.005,38200,3.009,6600,3.01,65400,3.018,17700
2020-08-17 10:27:59.370,2.996,1000.0,2.932,2.979741,2.992,2.939,2.994,2100,2.986,19500,2.984,3200,2.981,10000,2.976,13700,2.97,10000,2.969,21600,2.968,8600,2.967,10000,2.965,1100,2.996,400,2.997,7700,2.998,15600,2.999,13900,3.0,58100,3.001,4100,3.005,38200,3.009,6600,3.01,65400,3.018,17700
2020-08-17 10:28:56.480,2.994,300.0,2.932,2.979743,2.989,2.939,2.994,1800,2.986,19500,2.984,3200,2.981,10000,2.976,13700,2.97,10000,2.969,21600,2.968,8600,2.967,10000,2.965,1100,2.996,13000,2.997,100,2.998,15600,2.999,8900,3.0,62500,3.001,4100,3.005,38200,3.009,6600,3.01,65400,3.018,17700
2020-08-17 10:29:04.110,2.994,700.0,2.932,2.979748,2.989,2.939,2.994,1100,2.986,19500,2.984,3200,2.981,10000,2.976,13700,2.97,10000,2.969,21600,2.968,8600,2.967,10000,2.965,1100,2.996,13000,2.997,100,2.998,15600,2.999,8900,3.0,62500,3.001,4100,3.005,38200,3.009,18500,3.01,65400,3.018,17700
2020-08-17 10:29:22.620,2.994,1100.0,2.932,2.9797569999999998,2.989,2.939,2.986,19500,2.984,3200,2.981,10000,2.976,13700,2.97,10000,2.969,21600,2.968,8600,2.967,10000,2.965,1100,2.961,4500,2.994,3900,2.996,8000,2.997,100,2.998,20600,2.999,8900,3.0,62500,3.001,4100,3.005,38200,3.009,18500,3.01,65400
2020-08-17 10:30:20.100,2.994,300.0,2.932,2.979759,2.989,2.939,2.986,19500,2.984,3200,2.981,10000,2.976,13700,2.97,10000,2.969,21600,2.968,8600,2.967,10000,2.965,1100,2.961,4500,2.994,3600,2.995,5000,2.996,8000,2.997,100,2.998,20600,2.999,8900,3.0,65000,3.001,4100,3.005,38200,3.009,18500
2020-08-17 10:30:26.060,2.994,1000.0,2.932,2.979766,2.989,2.939,2.986,19500,2.984,3200,2.981,10000,2.976,13700,2.97,10000,2.969,21600,2.968,8600,2.967,10000,2.965,1100,2.961,4500,2.994,2600,2.995,5000,2.996,8000,2.997,100,2.998,20600,2.999,8900,3.0,65000,3.001,4100,3.005,38200,3.009,18500
2020-08-17 10:30:29.440,2.994,100.0,2.932,2.979767,2.99,2.939,2.986,19500,2.984,3200,2.981,10000,2.976,13700,2.97,10000,2.969,21600,2.968,8600,2.967,10000,2.965,1100,2.961,4500,2.994,2500,2.995,5000,2.996,8000,2.997,100,2.998,20600,2.999,8900,3.0,65000,3.001,4100,3.005,38200,3.009,18500
2020-08-17 10:32:09.010,2.994,700.0,2.932,2.979772,2.993,2.939,2.986,19500,2.984,3200,2.981,10000,2.976,13700,2.969,21600,2.968,8600,2.967,10000,2.965,1100,2.961,4500,2.96,1000,2.994,9500,2.995,5000,2.996,400,2.997,100,2.998,20600,2.999,8900,3.0,65000,3.001,4100,3.005,38200,3.009,18500
2020-08-17 10:33:22.590,2.994,1000.0,2.932,2.97978,2.993,2.939,2.986,19500,2.984,3200,2.981,10000,2.976,13700,2.969,21600,2.968,8600,2.967,10000,2.965,1100,2.961,4500,2.96,1000,2.994,8500,2.995,5000,2.996,400,2.997,3400,2.998,20600,2.999,8900,3.0,65000,3.001,4100,3.005,38200,3.009,18500
2020-08-17 10:34:20.770,2.994,2000.0,2.932,2.979794,2.992,2.939,2.986,19500,2.984,3200,2.981,10000,2.976,13700,2.969,21600,2.968,8600,2.967,10000,2.965,1100,2.961,4500,2.96,1000,2.994,6500,2.995,5000,2.996,400,2.997,3400,2.998,20600,2.999,8900,3.0,65000,3.001,4100,3.005,38200,3.009,18500
2020-08-17 10:34:36.860,2.994,200.0,2.932,2.979796,2.992,2.939,2.986,19500,2.984,3200,2.981,10000,2.976,13700,2.969,21600,2.968,8600,2.967,10000,2.965,1100,2.961,4500,2.96,1000,2.994,6300,2.995,5000,2.996,400,2.997,3400,2.998,20600,2.999,8900,3.0,65000,3.001,4100,3.005,38200,3.009,18500
2020-08-17 10:34:59.350,2.986,2600.0,2.932,2.979804,2.993,2.939,2.986,16900,2.984,3200,2.981,10000,2.976,13700,2.969,21600,2.968,8600,2.967,10000,2.965,1100,2.961,4500,2.96,1000,2.994,6300,2.995,5000,2.996,400,2.997,3400,2.998,20600,2.999,8900,3.0,65000,3.001,4100,3.005,38200,3.009,18500
2020-08-17 10:36:38.930,2.989,2500.0,2.932,2.979816,2.992,2.939,2.989,2500,2.986,16900,2.984,3200,2.981,10000,2.976,13700,2.969,21600,2.968,8600,2.967,10000,2.965,1100,2.961,4500,2.994,6300,2.995,5000,2.996,400,2.997,3400,2.998,18200,2.999,8900,3.0,65000,3.001,4100,3.005,38200,3.009,6600
2020-08-17 10:37:12.670,2.994,1900.0,2.932,2.9798299999999998,2.992,2.939,2.989,2500,2.986,16900,2.984,3200,2.981,10000,2.976,13700,2.969,21600,2.968,8600,2.967,10000,2.965,1100,2.961,4500,2.994,4400,2.995,5000,2.996,400,2.997,3400,2.998,13200,2.999,8900,3.0,65000,3.001,4100,3.005,38200,3.009,6600
2020-08-17 10:38:11.630,2.989,1000.0,2.932,2.979835,2.992,2.939,2.989,1500,2.986,18900,2.984,3200,2.981,10000,2.976,13700,2.969,21600,2.968,8600,2.967,10000,2.965,1100,2.961,4500,2.994,7800,2.995,5000,2.996,400,2.997,3400,2.998,13200,2.999,8900,3.0,65000,3.001,4100,3.005,38200,3.009,6600
2020-08-17 10:40:10.720,2.989,1000.0,2.932,2.979839,2.997,2.939,2.989,500,2.986,18900,2.984,3200,2.981,10000,2.976,13700,2.969,21600,2.968,8600,2.967,10000,2.965,1100,2.961,4500,2.994,7800,2.995,5000,2.996,400,2.997,3400,2.998,13200,2.999,8900,3.0,65000,3.001,4100,3.005,38200,3.009,6600
2020-08-17 10:42:01.470,2.989,200.0,2.932,2.9798400000000003,3.0,2.939,2.989,300,2.986,20600,2.984,3200,2.981,10000,2.976,13700,2.969,21600,2.968,8600,2.967,10000,2.965,1100,2.961,4500,2.994,13400,2.995,5000,2.996,400,2.997,3400,2.998,13200,2.999,8900,3.0,65000,3.001,4100,3.005,38200,3.009,6600
2020-08-17 10:43:28.280,2.989,300.0,2.932,2.9798419999999997,3.0,2.939,2.986,20600,2.984,3200,2.981,10000,2.976,13700,2.969,21600,2.968,8600,2.967,10000,2.965,1100,2.961,4500,2.96,2000,2.989,7700,2.994,13400,2.995,5000,2.996,400,2.997,3400,2.998,13200,2.999,8900,3.0,52900,3.001,4100,3.005,38200
2020-08-17 10:43:31.100,2.989,4500.0,2.932,2.979863,2.999,2.939,2.986,20600,2.984,3200,2.981,10000,2.976,13700,2.969,21600,2.968,8600,2.967,10000,2.965,1100,2.961,4500,2.96,2000,2.989,3200,2.994,13400,2.995,5000,2.996,400,2.997,3400,2.998,13200,2.999,8900,3.0,52900,3.001,4100,3.005,38200
2020-08-17 10:43:31.500,2.989,800.0,2.932,2.979867,3.0,2.939,2.986,20600,2.984,3200,2.981,10000,2.976,13700,2.969,21600,2.968,8600,2.967,10000,2.965,1100,2.961,4500,2.96,2000,2.989,2400,2.994,13400,2.995,5000,2.996,400,2.997,3400,2.998,13200,2.999,8900,3.0,52900,3.001,4100,3.005,38200
2020-08-17 10:43:36.700,2.989,2400.0,2.932,2.979878,3.0,2.939,2.989,17600,2.986,20600,2.984,3200,2.981,10000,2.976,13700,2.969,21600,2.968,8600,2.967,10000,2.965,1100,2.961,4500,2.994,13400,2.995,5000,2.996,400,2.997,3400,2.998,13200,2.999,8900,3.0,52900,3.001,4100,3.005,38200,3.009,6600
2020-08-17 10:44:08.080,2.994,10000.0,2.932,2.97995,3.0,2.939,2.994,2900,2.989,17600,2.988,10000,2.986,20600,2.984,3200,2.981,10000,2.976,13700,2.969,21600,2.968,8600,2.967,10000,2.995,5000,2.996,400,2.997,3400,2.998,13200,2.999,8900,3.0,52900,3.001,4100,3.005,38200,3.009,6600,3.01,65800
2020-08-17 10:44:13.850,2.994,2900.0,2.932,2.979971,3.0,2.939,2.989,17600,2.988,10000,2.986,20600,2.984,3200,2.981,10000,2.976,13700,2.969,21600,2.968,8600,2.967,10000,2.965,1100,2.994,27100,2.995,5000,2.996,400,2.997,3400,2.998,13200,2.999,8900,3.0,52900,3.001,4100,3.005,38200,3.009,6600
2020-08-17 10:44:47.210,2.989,17600.0,2.932,2.980052,3.0,2.939,2.988,10000,2.986,20600,2.984,3200,2.981,10000,2.976,13700,2.969,21600,2.968,8600,2.967,10000,2.965,1100,2.961,4500,2.989,12400,2.994,27100,2.995,17100,2.996,400,2.997,3400,2.998,13200,2.999,8900,3.0,52900,3.001,4100,3.005,38200
2020-08-17 10:44:49.780,2.989,1300.0,2.932,2.980057,3.0,2.939,2.988,10000,2.986,20600,2.984,3200,2.981,10000,2.976,13700,2.969,21600,2.968,8600,2.967,10000,2.965,1100,2.961,4500,2.989,11100,2.994,27100,2.995,17100,2.996,400,2.997,3400,2.998,13200,2.999,8900,3.0,52900,3.001,4100,3.005,38200
2020-08-17 10:44:52.210,2.989,14400.0,2.932,2.980125,3.0,2.939,2.989,29200,2.988,10000,2.986,20600,2.984,3200,2.981,10000,2.976,13700,2.969,21600,2.968,8600,2.967,10000,2.965,1100,2.994,30900,2.995,17100,2.996,400,2.997,3400,2.998,13200,2.999,8900,3.0,52900,3.001,4100,3.005,38200,3.009,6600
2020-08-17 10:45:13.550,2.994,3100.0,2.932,2.980147,3.003,2.939,2.989,29200,2.988,10000,2.986,20600,2.984,3200,2.981,10000,2.976,13700,2.969,21600,2.968,8600,2.967,10000,2.965,1100,2.994,27800,2.995,17100,2.996,400,2.997,3400,2.998,13200,2.999,8900,3.0,52900,3.001,4100,3.005,38200,3.009,6600
2020-08-17 10:45:14.500,2.994,6100.0,2.932,2.9801889999999998,3.004,2.939,2.989,29200,2.988,10000,2.986,20600,2.984,3200,2.981,10000,2.976,13700,2.969,21600,2.968,8600,2.967,10000,2.965,1100,2.994,21700,2.995,17100,2.996,400,2.997,3400,2.998,13200,2.999,8900,3.0,52900,3.001,4100,3.005,38200,3.009,6600
2020-08-17 10:45:16.610,2.994,3100.0,2.932,2.98021,3.004,2.939,2.989,29200,2.988,10000,2.986,20600,2.984,3200,2.981,10000,2.976,13700,2.969,21600,2.968,8600,2.967,10000,2.965,1100,2.994,18600,2.995,17100,2.996,400,2.997,3400,2.998,13200,2.999,8900,3.0,52900,3.001,4100,3.005,38200,3.009,6600
2020-08-17 10:45:23.210,2.994,18600.0,2.932,2.980337,3.004,2.939,2.994,1400,2.989,29200,2.988,10000,2.986,20600,2.984,3200,2.981,10000,2.976,13700,2.969,21600,2.968,8600,2.967,10000,2.995,17100,2.996,400,2.997,3400,2.998,13200,2.999,8900,3.0,52900,3.001,4100,3.005,38200,3.009,6600,3.01,65800
2020-08-17 10:45:48.030,2.995,10000.0,2.932,2.980409,3.003,2.939,2.994,1400,2.989,29200,2.988,10000,2.986,20600,2.984,3200,2.981,10000,2.976,13700,2.969,21600,2.968,8600,2.967,10000,2.995,10500,2.996,400,2.997,3400,2.998,13200,2.999,8900,3.0,52900,3.001,4100,3.005,38200,3.009,6600,3.01,65800
2020-08-17 10:46:49.700,2.995,500.0,2.932,2.980413,3.001,2.939,2.989,30900,2.988,10000,2.986,20600,2.984,3200,2.981,10000,2.976,13700,2.969,21600,2.968,8600,2.967,10000,2.965,1100,2.995,10000,2.996,400,2.997,3400,2.998,18200,2.999,8900,3.0,52900,3.001,4100,3.005,38200,3.009,6600,3.01,65800
2020-08-17 10:47:01.580,2.995,1700.0,2.932,2.980425,3.0,2.939,2.989,29200,2.988,10000,2.986,20600,2.984,3200,2.981,10000,2.976,13700,2.969,21600,2.968,8600,2.967,10000,2.965,1100,2.995,8300,2.996,400,2.997,3400,2.998,18200,2.999,8900,3.0,52900,3.001,4100,3.005,38200,3.009,6600,3.01,65800
2020-08-17 10:47:12.820,2.995,800.0,2.932,2.9804310000000003,3.001,2.939,2.989,29200,2.988,10000,2.986,20600,2.984,3200,2.981,10000,2.976,13700,2.969,21600,2.968,8600,2.967,10000,2.965,1100,2.995,7500,2.996,400,2.997,5400,2.998,18200,2.999,8900,3.0,52900,3.001,4100,3.005,38200,3.009,6600,3.01,65800
2020-08-17 10:47:17.580,2.989,3400.0,2.932,2.980445,3.001,2.939,2.989,25800,2.988,10000,2.986,20600,2.984,3200,2.981,10000,2.976,13700,2.969,21600,2.968,8600,2.967,10000,2.965,1100,2.995,7700,2.996,400,2.997,5400,2.998,18200,2.999,8900,3.0,52900,3.001,4100,3.005,38200,3.009,6600,3.01,65800
2020-08-17 10:48:15.220,2.995,1900.0,2.932,2.980459,3.0,2.939,2.993,20000,2.99,100,2.989,26300,2.988,10000,2.986,20600,2.984,3200,2.981,10000,2.976,13700,2.969,21600,2.968,8600,2.995,5800,2.996,400,2.997,5400,2.998,13200,2.999,8900,3.0,52900,3.001,4100,3.005,38200,3.009,700,3.01,65800
2020-08-17 10:48:24.070,2.993,1000.0,2.932,2.980465,3.001,2.939,2.993,19000,2.99,100,2.989,26300,2.988,10000,2.986,20600,2.984,3200,2.981,10000,2.976,13700,2.969,21600,2.968,8600,2.995,5800,2.996,400,2.997,5400,2.998,13200,2.999,14800,3.0,52900,3.001,4100,3.005,38200,3.009,700,3.01,65800
2020-08-17 10:49:28.180,2.995,8800.0,2.932,2.980527,3.001,2.939,2.995,1200,2.994,19000,2.99,3400,2.989,26300,2.988,10000,2.986,20600,2.984,3200,2.981,10000,2.976,13700,2.969,21600,2.996,400,2.997,5400,2.998,13200,2.999,15800,3.0,52900,3.001,4100,3.005,38200,3.009,700,3.01,65800,3.018,17700
2020-08-17 10:50:39.340,2.996,400.0,2.932,2.98053,3.002,2.939,2.996,3300,2.995,3200,2.994,19000,2.99,3400,2.989,28400,2.988,10000,2.986,18600,2.984,3200,2.981,10000,2.976,13700,2.997,5400,2.998,13200,2.999,15800,3.0,52900,3.001,4100,3.005,38200,3.009,700,3.01,65800,3.018,17700,3.02,7700
2020-08-17 10:51:20.970,2.997,2000.0,2.932,2.980546,3.0,2.939,2.995,1200,2.994,19000,2.99,3400,2.989,8400,2.988,10000,2.986,18600,2.984,3200,2.981,10000,2.976,13700,2.969,21600,2.997,3400,2.998,13200,2.999,15800,3.0,54900,3.001,4100,3.005,38200,3.009,700,3.01,65800,3.018,17700,3.02,7700
2020-08-17 10:52:18.360,2.997,500.0,2.932,2.98055,3.001,2.939,2.996,100000,2.995,6400,2.99,3400,2.989,2600,2.988,10000,2.986,18600,2.984,3200,2.981,10000,2.976,13700,2.969,1600,2.997,3900,2.998,8200,2.999,14800,3.0,59900,3.001,4100,3.005,31200,3.009,700,3.01,65800,3.018,17700,3.02,7700
2020-08-17 10:52:26.890,2.998,12100.0,2.932,2.980651,3.002,2.939,2.998,6900,2.996,100000,2.995,6400,2.99,3400,2.989,2600,2.988,10000,2.986,18600,2.984,3200,2.981,10000,2.976,13700,2.999,14800,3.0,59900,3.001,4100,3.005,31200,3.009,700,3.01,65800,3.018,17700,3.02,7700,3.021,200,3.027,900
2020-08-17 10:52:57.020,2.999,2000.0,2.932,2.980668,3.005,2.939,2.998,6900,2.996,100000,2.995,6400,2.99,3400,2.989,2600,2.988,10000,2.986,18600,2.984,3200,2.981,10000,2.976,13700,2.999,12800,3.0,59900,3.001,4100,3.005,31200,3.009,700,3.01,65800,3.018,17700,3.02,7700,3.021,200,3.027,900
2020-08-17 10:53:30.070,2.999,1800.0,2.932,2.980684,3.006,2.939,2.998,10100,2.996,100000,2.995,6400,2.99,3400,2.989,2600,2.988,10000,2.986,18600,2.984,3200,2.981,10000,2.976,13700,2.999,11000,3.0,59900,3.001,4100,3.005,31200,3.009,700,3.01,65800,3.018,17700,3.02,7700,3.021,200,3.027,900
2020-08-17 10:54:49.540,2.998,10100.0,2.932,2.980768,3.006,2.939,2.995,6400,2.99,3400,2.989,2600,2.988,10000,2.986,18600,2.984,3200,2.981,10000,2.976,13700,2.969,1600,2.967,10000,2.998,19900,2.999,31000,3.0,57400,3.001,4100,3.005,31200,3.009,700,3.01,67800,3.018,17700,3.02,7700,3.021,200
2020-08-17 10:55:05.050,3.0,101300.0,2.932,2.9816290000000003,3.006,2.939,2.995,6400,2.99,3400,2.989,2600,2.988,10000,2.986,18600,2.984,3200,2.981,10000,2.976,13700,2.969,1600,2.967,10000,3.0,7000,3.001,4100,3.005,31200,3.009,700,3.01,67800,3.018,17700,3.02,7700,3.021,200,3.027,900,3.03,8300
2020-08-17 10:55:29.960,2.996,200.0,2.932,2.981689,3.007,2.939,2.996,178300,2.995,26400,2.99,3400,2.989,2600,2.988,10000,2.986,18600,2.984,3200,2.981,10000,2.976,13700,2.969,1600,3.001,4100,3.005,31200,3.009,700,3.01,67800,3.018,17700,3.02,7700,3.021,200,3.027,900,3.03,8300,3.06,5000
2020-08-17 10:56:14.830,2.999,300.0,2.932,2.981692,3.008,2.939,2.999,29700,2.997,20000,2.996,178300,2.995,6400,2.99,100,2.989,2600,2.988,10000,2.986,18600,2.984,3200,2.981,10000,3.001,4100,3.005,31200,3.009,700,3.01,67800,3.015,2000,3.018,17700,3.02,9700,3.021,200,3.027,900,3.03,10300
2020-08-17 10:57:19.320,3.001,4100.0,2.932,2.981728,3.009,2.939,3.001,5900,2.999,40400,2.997,20000,2.996,178300,2.995,6400,2.99,100,2.989,2600,2.988,10000,2.986,18600,2.984,3200,3.005,31200,3.009,4700,3.01,67800,3.015,2000,3.018,17700,3.02,9700,3.021,200,3.027,900,3.03,10300,3.06,5000
2020-08-17 10:57:33.220,3.005,300.0,2.932,2.981731,3.01,2.939,3.001,5900,2.999,29700,2.997,20000,2.996,178300,2.995,6400,2.99,100,2.989,2600,2.988,10000,2.986,18600,2.984,3200,3.005,30900,3.009,4700,3.01,67800,3.015,2000,3.018,17700,3.02,9700,3.021,200,3.027,900,3.03,10300,3.06,5000
2020-08-17 10:57:34.970,3.005,100.0,2.932,2.981732,3.01,2.939,3.001,5900,2.999,29700,2.998,200,2.997,20000,2.996,178300,2.995,5200,2.99,100,2.989,2600,2.988,10000,2.986,18600,3.005,30800,3.009,4700,3.01,67800,3.015,2000,3.018,17700,3.02,9700,3.021,200,3.027,900,3.03,10300,3.06,5000
2020-08-17 10:58:05.580,3.005,10000.0,2.932,2.981838,3.01,2.939,3.001,5900,3.0,10700,2.999,29700,2.998,200,2.997,20000,2.996,178300,2.995,5200,2.99,100,2.989,2600,2.986,18600,3.005,22800,3.009,4700,3.01,67800,3.015,2000,3.018,17700,3.02,9700,3.021,200,3.027,900,3.03,10300,3.06,5000
2020-08-17 10:58:06.320,3.005,17000.0,2.932,2.982015,3.01,2.939,3.001,5900,2.999,29700,2.998,200,2.997,20000,2.996,178300,2.995,5200,2.99,100,2.989,2600,2.986,18600,2.984,3200,3.005,5800,3.009,4700,3.01,67800,3.015,2000,3.018,17700,3.02,9700,3.021,200,3.027,900,3.03,10300,3.06,5000
2020-08-17 10:58:19.840,3.005,600.0,2.932,2.982021,3.01,2.939,3.001,5900,2.999,29700,2.998,200,2.997,20000,2.996,178300,2.995,5200,2.99,100,2.989,2600,2.986,18600,2.984,3200,3.005,10200,3.009,4700,3.01,67800,3.015,2000,3.018,17700,3.02,9700,3.021,200,3.027,900,3.03,10300,3.06,5000
2020-08-17 10:58:48.100,3.005,10200.0,2.932,2.982126,3.013,2.939,3.005,168100,3.003,10700,3.001,5900,2.999,29700,2.998,200,2.997,20000,2.995,5200,2.99,100,2.989,2600,2.986,18600,3.009,4700,3.01,67800,3.015,2000,3.018,17700,3.02,9700,3.021,200,3.027,900,3.03,10300,3.06,5000,3.078,15000
2020-08-17 10:58:54.640,3.005,2400.0,2.932,2.982151,3.013,2.939,3.005,165700,3.003,10700,3.001,5900,2.999,29700,2.998,200,2.997,20000,2.995,5200,2.99,100,2.989,2600,2.986,18600,3.009,4700,3.01,67800,3.015,2000,3.018,17700,3.02,9700,3.021,200,3.027,900,3.03,10300,3.06,5000,3.078,15000
2020-08-17 10:59:21.900,3.005,3000.0,2.932,2.982182,3.014,2.939,3.005,162700,3.003,10700,3.001,5900,2.999,29700,2.998,200,2.997,20000,2.995,5200,2.99,100,2.989,2600,2.986,18600,3.009,4700,3.01,68300,3.015,2000,3.018,17700,3.02,9700,3.021,200,3.027,900,3.03,10300,3.06,5000,3.078,15000
2020-08-17 10:59:53.320,3.005,7500.0,2.932,2.9822580000000003,3.013,2.939,3.005,155200,3.001,5900,2.999,29700,2.998,200,2.997,20000,2.995,5200,2.99,100,2.989,2600,2.986,18600,2.984,3200,3.009,4700,3.01,68300,3.015,2000,3.018,17700,3.02,9700,3.021,200,3.027,900,3.03,10300,3.06,5000,3.078,15000
2020-08-17 11:00:30.950,3.006,300.0,2.932,2.9822610000000003,3.01,2.939,3.006,10400,3.001,5900,2.999,29700,2.998,200,2.997,20000,2.995,5200,2.99,100,2.989,2600,2.986,18600,2.984,3200,3.009,4700,3.01,68300,3.015,2000,3.018,17700,3.02,12200,3.021,200,3.027,900,3.03,10900,3.06,5000,3.078,15000
2020-08-17 11:00:41.120,3.006,10000.0,2.932,2.982366,3.009,2.939,3.006,400,3.001,5900,2.999,29700,2.998,200,2.997,20000,2.995,5200,2.99,100,2.989,2600,2.986,18600,2.984,3200,3.009,4700,3.01,68300,3.015,2000,3.018,17700,3.02,12200,3.021,200,3.027,900,3.03,10900,3.06,5000,3.078,15000
2020-08-17 11:00:41.980,3.009,500.0,2.932,2.9823720000000002,3.009,2.939,3.006,400,3.001,5900,2.999,29700,2.998,200,2.997,20000,2.995,5200,2.99,100,2.989,2600,2.986,18600,2.984,3200,3.009,4200,3.01,68300,3.015,2000,3.018,17700,3.02,12200,3.021,200,3.027,900,3.03,10900,3.06,5000,3.078,15000
2020-08-17 11:00:55.480,3.006,300.0,2.932,2.982376,3.009,2.939,3.006,100,3.001,5900,2.999,29700,2.998,200,2.997,20000,2.995,5200,2.99,100,2.989,2600,2.986,18600,2.984,3200,3.009,4200,3.01,68300,3.015,2000,3.018,17700,3.02,12200,3.021,200,3.027,900,3.03,10900,3.06,5000,3.078,15000
2020-08-17 11:01:13.440,3.009,2600.0,2.932,2.982406,3.008,2.939,3.006,31000,3.001,5900,2.999,29700,2.998,200,2.997,20000,2.995,5200,2.99,100,2.989,2600,2.986,18600,2.984,3200,3.009,1600,3.01,68300,3.015,2000,3.018,17700,3.02,12200,3.021,200,3.027,900,3.03,10900,3.06,5000,3.078,15000
2020-08-17 11:01:20.120,3.006,600.0,2.932,2.982412,3.008,2.939,3.006,30400,3.001,5900,2.999,29700,2.998,200,2.997,20000,2.995,5200,2.99,100,2.989,2600,2.986,18600,2.984,3200,3.009,5000,3.01,68300,3.015,2000,3.018,17700,3.02,12200,3.021,200,3.027,900,3.03,10900,3.06,5000,3.078,15000
2020-08-17 11:02:24.130,3.006,9000.0,2.932,2.9825060000000003,3.008,2.939,3.006,21400,3.001,5900,3.0,22000,2.999,29700,2.998,200,2.997,20000,2.995,5200,2.99,100,2.989,2600,2.986,18600,3.008,100,3.009,31600,3.01,75300,3.015,2000,3.018,17700,3.02,12200,3.021,200,3.027,900,3.03,10900,3.06,5000
2020-08-17 11:02:34.200,3.006,20000.0,2.932,2.982712,3.007,2.939,3.006,1400,3.005,1000,3.001,5900,3.0,22000,2.999,29700,2.998,200,2.997,20000,2.995,5200,2.99,100,2.989,2600,3.008,100,3.009,31600,3.01,75300,3.015,2000,3.018,17700,3.02,12200,3.021,200,3.027,900,3.03,10900,3.06,5000
2020-08-17 11:02:58.010,3.009,300.0,2.932,2.9827150000000002,3.009,2.939,3.006,1400,3.005,1000,3.001,5900,3.0,22000,2.999,29700,2.998,200,2.997,20000,2.995,5200,2.99,100,2.989,2600,3.009,31400,3.01,75300,3.015,2000,3.018,17700,3.02,12200,3.021,200,3.027,900,3.03,10900,3.06,5000,3.078,15000
2020-08-17 11:03:31.790,3.009,1000.0,2.932,2.982727,3.011,2.939,3.006,1400,3.005,1000,3.001,5900,3.0,20000,2.999,29700,2.998,200,2.997,20000,2.995,5200,2.99,100,2.989,2600,3.009,30400,3.01,75300,3.015,13900,3.018,17700,3.02,12200,3.021,200,3.027,900,3.03,10900,3.06,5000,3.078,15000
2020-08-17 11:04:01.380,3.009,4400.0,2.932,2.982777,3.012,2.939,3.006,1400,3.005,1000,3.001,5900,3.0,20000,2.999,29700,2.998,200,2.997,20000,2.995,5200,2.99,100,2.989,2600,3.009,26000,3.01,75300,3.015,13900,3.018,17700,3.02,12200,3.021,200,3.027,900,3.03,10900,3.06,5000,3.078,15000
2020-08-17 11:05:18.240,3.006,100.0,2.932,2.9827779999999997,3.01,2.939,3.006,1300,3.005,1000,3.001,5900,3.0,20000,2.999,29700,2.998,200,2.997,20000,2.995,5200,2.99,100,2.989,2600,3.009,43000,3.01,75300,3.015,13900,3.018,17700,3.02,12200,3.021,200,3.027,900,3.03,10900,3.06,5000,3.078,15000
2020-08-17 11:05:24.560,3.006,1300.0,2.932,2.982791,3.01,2.939,3.005,1000,3.001,5900,3.0,20000,2.999,29700,2.998,200,2.997,20000,2.995,5200,2.99,100,2.989,2600,2.986,18600,3.006,700,3.009,43000,3.01,75300,3.015,13900,3.018,17700,3.02,12200,3.021,200,3.027,900,3.03,10900,3.06,5000
2020-08-17 11:05:48.820,3.006,700.0,2.932,2.982798,3.01,2.939,3.006,2100,3.005,1000,3.001,5900,3.0,20000,2.999,29700,2.998,200,2.997,20000,2.995,5200,2.99,100,2.989,2600,3.009,43000,3.01,75300,3.015,13900,3.018,17700,3.02,12200,3.021,200,3.027,900,3.03,10900,3.06,5000,3.078,15000
2020-08-17 11:06:12.050,3.006,200.0,2.932,2.9828,3.011,2.939,3.006,12900,3.005,1000,3.001,5900,3.0,20000,2.999,29700,2.998,200,2.997,20000,2.995,5200,2.99,100,2.989,2600,3.009,43000,3.01,75300,3.015,13900,3.018,17700,3.02,12200,3.021,200,3.027,900,3.029,200,3.03,10900,3.06,5000
2020-08-17 11:09:11.110,3.008,5000.0,2.932,2.982855,3.012,2.939,3.006,23100,3.005,1000,3.001,5900,3.0,20000,2.999,29700,2.998,200,2.997,20000,2.99,100,2.989,2600,2.986,18600,3.008,5000,3.009,38000,3.01,68300,3.015,14900,3.02,12200,3.021,200,3.027,900,3.029,200,3.03,10900,3.06,5000
2020-08-17 11:10:04.860,3.006,14900.0,2.932,2.983004,3.01,2.939,3.006,8200,3.005,1000,3.001,5900,3.0,20000,2.999,29700,2.998,200,2.997,20000,2.99,100,2.989,2600,2.986,18600,3.008,13000,3.009,38000,3.01,68300,3.015,14900,3.02,12200,3.021,200,3.027,900,3.029,200,3.03,10900,3.06,5000
2020-08-17 11:10:28.790,3.006,8200.0,2.932,2.983085,3.011,2.939,3.005,1000,3.001,5900,3.0,20000,2.999,29700,2.998,200,2.997,20000,2.99,100,2.989,2600,2.986,18600,2.984,3200,3.006,9500,3.008,13000,3.009,38000,3.01,68300,3.015,14900,3.02,12200,3.021,200,3.027,900,3.029,200,3.03,10900
2020-08-17 11:10:47.370,3.005,1000.0,2.932,2.983095,3.011,2.939,3.001,5900,3.0,20000,2.999,29700,2.998,200,2.997,20000,2.99,100,2.989,2600,2.986,18600,2.984,3200,2.982,100,3.006,9500,3.008,13000,3.009,38000,3.01,68300,3.015,14900,3.02,12200,3.021,200,3.027,900,3.029,200,3.03,10900
2020-08-17 11:11:34.940,3.006,200.0,2.932,2.9830970000000003,3.012,2.939,3.001,5900,3.0,20000,2.999,29700,2.998,200,2.997,20000,2.99,100,2.989,2600,2.986,18600,2.984,3200,2.982,100,3.006,9300,3.008,12000,3.009,38000,3.01,68300,3.015,14900,3.02,12200,3.021,200,3.027,900,3.029,200,3.03,10900
2020-08-17 11:11:46.480,3.006,1400.0,2.932,2.98311,3.011,2.939,3.001,5900,3.0,20000,2.999,29700,2.998,200,2.997,20000,2.99,100,2.989,2600,2.986,18600,2.984,3200,2.982,100,3.006,7900,3.008,12000,3.009,38000,3.01,68300,3.015,14900,3.02,12200,3.021,200,3.027,900,3.029,200,3.03,10900
2020-08-17 11:11:58.540,3.001,2000.0,2.932,2.983126,3.012,2.939,3.001,3900,3.0,20000,2.999,29700,2.998,200,2.997,20000,2.99,100,2.989,2600,2.986,18600,2.984,3200,2.982,100,3.006,7900,3.008,12000,3.009,36000,3.01,68300,3.015,14900,3.02,12200,3.021,200,3.027,900,3.029,200,3.03,10900
2020-08-17 11:12:12.490,3.005,25900.0,2.932,2.983367,3.013,2.939,3.005,129300,3.001,3900,3.0,20000,2.999,29700,2.998,200,2.997,20000,2.99,100,2.989,2600,2.986,18600,2.984,3200,3.006,7900,3.008,12000,3.009,36000,3.01,68300,3.015,14900,3.02,12200,3.021,200,3.027,900,3.029,200,3.03,10900
2020-08-17 11:12:17.430,3.006,1800.0,2.932,2.983384,3.013,2.939,3.005,129300,3.001,3900,3.0,20000,2.999,29700,2.998,200,2.997,20000,2.99,100,2.989,2600,2.986,18600,2.984,3200,3.006,6100,3.008,12000,3.009,36000,3.01,68300,3.015,14900,3.02,12200,3.021,200,3.027,900,3.029,200,3.03,10900
2020-08-17 11:12:32.450,3.006,6100.0,2.932,2.9834419999999997,3.013,2.939,3.006,123200,3.001,3900,3.0,20000,2.999,29700,2.998,200,2.997,20000,2.99,100,2.989,2600,2.986,18600,2.984,3200,3.008,12000,3.009,36000,3.01,68300,3.015,14900,3.02,12200,3.021,200,3.027,900,3.029,200,3.03,10900,3.06,5000
2020-08-17 11:13:04.070,3.006,2000.0,2.932,2.983461,3.013,2.939,3.006,121200,3.001,3900,3.0,20000,2.999,29700,2.998,200,2.997,20000,2.99,100,2.989,2600,2.986,18600,2.984,3200,3.008,12000,3.009,36000,3.01,68300,3.015,14900,3.02,12200,3.021,200,3.027,900,3.029,200,3.03,10900,3.06,5000
2020-08-17 11:13:40.600,3.008,12000.0,2.932,2.9835849999999997,3.015,2.939,3.008,109200,3.007,3600,3.001,3900,3.0,20000,2.999,29700,2.998,5200,2.997,20000,2.99,100,2.989,2600,2.986,18600,3.009,36000,3.01,68300,3.015,14900,3.02,12200,3.021,200,3.027,900,3.029,200,3.03,10900,3.06,5000,3.078,15000
2020-08-17 11:13:45.240,3.01,104300.0,2.932,2.984682,3.015,2.939,3.01,4900,3.007,3600,3.001,3900,3.0,20000,2.999,29700,2.998,5200,2.997,20000,2.99,100,2.989,2600,2.986,18600,3.015,14900,3.02,12200,3.021,200,3.027,900,3.029,200,3.03,10900,3.06,5000,3.078,15000,3.099,5000,3.1,1000
2020-08-17 11:14:19.100,3.01,1000.0,2.932,2.984692,3.016,2.939,3.01,3900,3.007,3600,3.001,3900,3.0,20000,2.999,29700,2.998,5200,2.997,20000,2.99,100,2.989,2600,2.986,18600,3.015,14900,3.02,12200,3.021,200,3.027,900,3.029,200,3.03,10900,3.06,5000,3.078,15000,3.099,5000,3.1,1000
2020-08-17 11:14:33.290,3.01,1000.0,2.932,2.984702,3.015,2.939,3.01,2900,3.008,3000,3.007,3600,3.001,3900,3.0,20000,2.999,29700,2.998,5200,2.997,20000,2.99,100,2.989,2600,3.015,78000,3.02,12200,3.021,200,3.027,900,3.029,200,3.03,10900,3.06,5000,3.078,15000,3.099,5000,3.1,1000
2020-08-17 11:14:45.220,3.01,2900.0,2.932,2.984732,3.015,2.939,3.008,3000,3.007,3600,3.001,3900,3.0,20000,2.999,29700,2.998,5200,2.997,20000,2.99,100,2.989,2600,2.986,45600,3.01,5800,3.015,78000,3.02,12200,3.021,200,3.027,900,3.029,200,3.03,10900,3.06,5000,3.078,15000,3.099,5000
2020-08-17 11:15:42.600,3.01,3600.0,2.932,2.984768,3.012,2.939,3.008,3000,3.007,3600,3.001,3900,3.0,20000,2.999,29700,2.998,5200,2.997,20000,2.99,100,2.989,2600,2.986,18600,3.01,2200,3.015,78000,3.02,13200,3.021,200,3.027,900,3.029,200,3.03,10900,3.06,5000,3.078,15000,3.099,5000
2020-08-17 11:16:00.440,3.01,500.0,2.932,2.9847740000000003,3.013,2.939,3.007,3600,3.001,3900,3.0,20000,2.999,29700,2.998,5200,2.997,20000,2.99,100,2.989,2600,2.986,18600,2.984,3200,3.01,1700,3.015,78000,3.02,13200,3.021,200,3.027,900,3.029,200,3.03,10900,3.06,5000,3.078,15000,3.099,5000
2020-08-17 11:16:23.040,3.01,1700.0,2.932,2.984791,3.012,2.939,3.01,600,3.007,3600,3.001,3900,3.0,20000,2.999,29700,2.998,5200,2.997,20000,2.99,100,2.989,2600,2.986,18600,3.015,78000,3.02,14000,3.021,200,3.027,900,3.029,200,3.03,10900,3.06,5000,3.078,15000,3.099,5000,3.1,1000
2020-08-17 11:16:47.920,3.015,300.0,2.932,2.984794,3.012,2.939,3.01,20000,3.007,3600,3.001,3900,3.0,20000,2.999,29700,2.998,5200,2.997,20000,2.99,100,2.989,2600,2.986,18600,3.015,78500,3.02,14000,3.021,200,3.027,900,3.029,200,3.03,10900,3.06,5000,3.078,15000,3.099,5000,3.1,1000
2020-08-17 11:16:50.460,3.01,1100.0,2.932,2.9848060000000003,3.012,2.939,3.01,18900,3.007,3600,3.001,3900,3.0,20000,2.999,29700,2.998,5200,2.997,20000,2.99,100,2.989,2600,2.986,18600,3.015,78500,3.02,14000,3.021,200,3.027,900,3.029,200,3.03,10900,3.06,5000,3.078,15000,3.099,5000,3.1,1000
2020-08-17 11:18:27.020,3.01,10500.0,2.932,2.984911,3.012,2.939,3.01,18200,3.007,3600,3.001,3900,3.0,20000,2.999,29700,2.998,5200,2.997,20000,2.99,100,2.989,2600,2.986,18600,3.012,900,3.014,10000,3.015,83500,3.02,14000,3.021,200,3.027,900,3.029,200,3.03,10900,3.06,5000,3.078,15000
2020-08-17 11:20:18.090,3.011,1200.0,2.932,2.9849240000000004,3.011,2.939,3.011,2300,3.01,18200,3.001,20900,3.0,20000,2.999,29700,2.998,5200,2.997,20000,2.99,100,2.989,2600,2.986,18600,3.013,2800,3.014,10000,3.015,87200,3.02,14000,3.021,200,3.027,900,3.029,200,3.03,2600,3.06,5000,3.078,15000
2020-08-17 11:23:29.390,3.014,100.0,2.932,2.984925,3.015,2.939,3.012,4900,3.011,15500,3.01,8400,3.001,20900,3.0,20000,2.999,29700,2.998,5200,2.997,20000,2.99,100,2.989,2600,3.014,9900,3.015,87200,3.02,14000,3.021,200,3.027,900,3.029,200,3.03,2600,3.051,10000,3.06,5000,3.078,15000
2020-08-17 11:23:51.570,3.011,100.0,2.932,2.9849259999999997,3.014,2.939,3.011,15400,3.01,8400,3.001,20900,3.0,20000,2.999,29700,2.998,5200,2.997,20000,2.99,100,2.989,2600,2.986,18600,3.014,9900,3.015,87200,3.02,14000,3.021,200,3.027,900,3.029,200,3.03,2600,3.051,10000,3.06,5000,3.078,15000
2020-08-17 11:24:14.870,3.014,4900.0,2.932,2.984983,3.014,2.939,3.011,15400,3.01,8400,3.001,20900,3.0,20000,2.999,29700,2.998,5200,2.997,20000,2.99,100,2.989,2600,2.986,18600,3.014,5000,3.015,89700,3.02,14000,3.021,200,3.027,900,3.029,200,3.03,2600,3.051,10000,3.06,5000,3.078,15000
2020-08-17 11:25:15.440,3.014,200.0,2.932,2.984985,3.014,2.939,3.011,21500,3.01,8400,3.001,20900,3.0,20000,2.999,29700,2.998,5200,2.997,20000,2.99,100,2.989,2600,2.986,18600,3.014,4800,3.015,89700,3.02,14200,3.021,200,3.027,900,3.029,200,3.03,2600,3.051,10000,3.06,5000,3.078,15000
