Datetime,Price,Volume
2020-08-17 09:30:00.210,2.9,100
2020-08-17 09:30:00.210,2.9,100
2020-08-17 09:30:00.210,2.9,400
2020-08-17 09:30:00.690,2.932,200
2020-08-17 09:30:04.580,2.933,3000
2020-08-17 09:30:34.150,2.948,7600
2020-08-17 09:31:32.330,2.958,7600
2020-08-17 09:31:55.510,2.958,3000
2020-08-17 09:31:55.610,2.961,7600
2020-08-17 09:31:59.040,2.961,8700
2020-08-17 09:31:59.040,2.958,1300
2020-08-17 09:32:03.170,2.958,3900
2020-08-17 09:32:03.170,2.948,1100
2020-08-17 09:32:40.850,2.948,1300
2020-08-17 09:32:40.850,2.948,200
2020-08-17 09:32:44.580,2.948,100
2020-08-17 09:32:50.420,2.948,400
2020-08-17 09:32:58.580,2.961,1700
2020-08-17 09:33:16.350,2.961,5300
2020-08-17 09:33:57.860,2.961,200
2020-08-17 09:33:57.860,2.961,2300
2020-08-17 09:34:10.080,2.949,3300
2020-08-17 09:34:42.500,2.949,6700
2020-08-17 09:34:42.500,2.949,1800
2020-08-17 09:35:14.470,2.953,5000
2020-08-17 09:35:40.960,2.949,10000
2020-08-17 09:35:49.280,2.949,1000
2020-08-17 09:36:23.860,2.949,4900
2020-08-17 09:36:30.500,2.949,4100
2020-08-17 09:36:30.500,2.949,10000
2020-08-17 09:37:47.960,2.949,5000
2020-08-17 09:37:47.960,2.949,300
2020-08-17 09:37:47.960,2.949,4000
2020-08-17 09:38:21.510,2.949,700
2020-08-17 09:38:21.510,2.949,1600
2020-08-17 09:39:21.360,2.95,200
2020-08-17 09:39:28.980,2.953,5000
2020-08-17 09:39:28.980,2.953,3500
2020-08-17 09:40:10.010,2.959,200
2020-08-17 09:41:05.650,2.96,2000
2020-08-17 09:41:05.650,2.96,5000
2020-08-17 09:42:38.380,2.961,400
2020-08-17 09:42:38.380,2.961,9600
2020-08-17 09:42:39.370,2.961,10000
2020-08-17 09:42:39.910,2.961,400
2020-08-17 09:42:39.910,2.961,100
2020-08-17 09:42:54.950,2.961,2500
2020-08-17 09:43:26.850,2.961,2500
2020-08-17 09:43:46.880,2.963,1200
2020-08-17 09:43:48.730,2.963,1000
2020-08-17 09:43:50.290,2.963,1000
2020-08-17 09:43:51.800,2.963,1000
2020-08-17 09:43:53.640,2.963,900
2020-08-17 09:43:55.290,2.963,600
2020-08-17 09:43:57.470,2.963,500
2020-08-17 09:44:06.640,2.963,3800
2020-08-17 09:44:13.980,2.965,500
2020-08-17 09:44:15.920,2.965,100
2020-08-17 09:44:15.920,2.965,300
2020-08-17 09:44:17.450,2.965,100
2020-08-17 09:44:17.450,2.965,300
2020-08-17 09:44:19.220,2.965,300
2020-08-17 09:44:24.410,2.963,1000
2020-08-17 09:44:38.660,2.965,1400
2020-08-17 09:44:38.660,2.965,100
2020-08-17 09:45:52.740,2.965,600
2020-08-17 09:45:59.220,2.965,300
2020-08-17 09:46:06.720,2.969,5000
2020-08-17 09:46:06.720,2.969,25000
2020-08-17 09:46:06.720,2.969,100
2020-08-17 09:46:17.990,2.969,1700
2020-08-17 09:46:22.710,2.975,1000
2020-08-17 09:46:26.200,2.966,3300
2020-08-17 09:46:40.720,2.974,1000
2020-08-17 09:46:52.550,2.967,1200
2020-08-17 09:47:08.910,2.967,1800
2020-08-17 09:47:21.600,2.968,1400
2020-08-17 09:47:27.620,2.971,100
2020-08-17 09:47:34.990,2.971,400
2020-08-17 09:47:47.120,2.971,600
2020-08-17 09:47:47.440,2.971,500
2020-08-17 09:47:47.440,2.973,3500
2020-08-17 09:48:04.460,2.974,100
2020-08-17 09:48:26.050,2.974,900
2020-08-17 09:48:30.310,2.974,300
2020-08-17 09:48:38.980,2.974,8800
2020-08-17 09:49:09.540,2.974,2000
2020-08-17 09:49:22.610,2.974,6600
2020-08-17 09:49:39.180,2.974,300
2020-08-17 09:49:48.460,2.974,10000
2020-08-17 09:50:18.930,2.975,500
2020-08-17 09:50:18.930,2.975,100
2020-08-17 09:50:18.930,2.975,400
2020-08-17 09:50:18.930,2.975,100
2020-08-17 09:50:23.600,2.974,700
2020-08-17 09:50:26.870,2.974,700
2020-08-17 09:50:48.880,2.974,500
2020-08-17 09:50:53.480,2.974,1800
2020-08-17 09:50:53.480,2.974,100
2020-08-17 09:51:00.420,2.974,2400
2020-08-17 09:51:00.420,2.975,5900
2020-08-17 09:51:00.420,2.975,3000
2020-08-17 09:51:00.420,2.975,1000
2020-08-17 09:51:00.420,2.976,100
2020-08-17 09:51:00.420,2.976,3100
2020-08-17 09:51:00.420,2.976,2000
2020-08-17 09:51:44.000,2.976,300
2020-08-17 09:52:00.090,2.977,100
2020-08-17 09:52:00.090,2.977,4300
2020-08-17 09:52:05.360,2.976,700
2020-08-17 09:52:09.230,2.977,28900
2020-08-17 09:52:09.230,2.977,1000
2020-08-17 09:52:16.450,2.978,10100
2020-08-17 09:52:16.450,2.979,4900
2020-08-17 09:52:48.590,2.979,100
2020-08-17 09:52:48.590,2.98,3000
2020-08-17 09:53:10.370,2.978,300
2020-08-17 09:53:26.230,2.978,200
2020-08-17 09:53:26.230,2.978,300
2020-08-17 09:53:57.650,2.977,6600
2020-08-17 09:54:45.980,2.977,4000
2020-08-17 09:54:46.610,2.978,500
2020-08-17 09:54:46.610,2.978,500
2020-08-17 09:54:46.610,2.98,100
2020-08-17 09:55:05.280,2.977,900
2020-08-17 09:55:06.750,2.977,300
2020-08-17 09:55:06.750,2.98,9900
2020-08-17 09:55:06.750,2.98,10000
2020-08-17 09:55:06.750,2.98,1000
2020-08-17 09:55:06.750,2.98,10000
2020-08-17 09:55:06.750,2.98,5000
2020-08-17 09:55:06.750,2.98,2000
2020-08-17 09:55:06.750,2.98,800
2020-08-17 09:55:06.750,2.98,6000
2020-08-17 09:55:27.990,2.98,600
2020-08-17 09:55:44.210,2.981,100
2020-08-17 09:55:44.210,2.981,1000
2020-08-17 09:55:44.210,2.985,2000
2020-08-17 09:55:44.210,2.985,2600
2020-08-17 09:56:01.760,2.985,900
2020-08-17 09:56:06.400,2.985,500
2020-08-17 09:56:34.030,2.98,200
2020-08-17 09:57:07.310,2.98,5900
2020-08-17 09:57:07.800,2.98,5900
2020-08-17 09:57:08.190,2.98,3300
2020-08-17 09:57:10.050,2.98,6600
2020-08-17 09:57:10.740,2.98,6600
2020-08-17 09:57:14.500,2.984,2000
2020-08-17 09:57:14.500,2.984,3000
2020-08-17 09:57:16.390,2.98,600
2020-08-17 09:57:19.010,2.98,2600
2020-08-17 09:57:19.200,2.98,3800
2020-08-17 09:57:21.540,2.98,3700
2020-08-17 09:57:27.580,2.98,300
2020-08-17 09:57:34.480,2.98,14900
2020-08-17 09:57:34.480,2.98,1000
2020-08-17 10:00:10.600,2.98,100
2020-08-17 10:00:13.820,2.976,1100
2020-08-17 10:00:13.820,2.976,2900
2020-08-17 10:00:39.230,2.98,16400
2020-08-17 10:00:46.780,2.982,8500
2020-08-17 10:00:46.780,2.983,1600
2020-08-17 10:00:46.780,2.983,3100
2020-08-17 10:00:46.780,2.983,1000
2020-08-17 10:00:46.780,2.984,96400
2020-08-17 10:00:46.780,2.984,3000
2020-08-17 10:00:46.780,2.984,3000
2020-08-17 10:00:48.650,2.984,1000
2020-08-17 10:01:14.170,2.985,2000
2020-08-17 10:01:14.170,2.985,10000
2020-08-17 10:01:14.170,2.985,500
2020-08-17 10:01:14.170,2.985,1000
2020-08-17 10:01:16.790,2.985,300
2020-08-17 10:01:38.540,2.985,13800
2020-08-17 10:01:39.870,2.985,13800
2020-08-17 10:01:41.000,2.985,13800
2020-08-17 10:01:42.060,2.985,13800
2020-08-17 10:01:43.200,2.985,13800
2020-08-17 10:01:44.260,2.985,13800
2020-08-17 10:01:46.390,2.985,11100
2020-08-17 10:01:47.470,2.985,6900
2020-08-17 10:01:49.610,2.985,6900
2020-08-17 10:01:50.730,2.985,5500
2020-08-17 10:01:50.820,2.986,3400
2020-08-17 10:01:51.830,2.985,5500
2020-08-17 10:01:52.960,2.985,3700
2020-08-17 10:01:56.110,2.985,2000
2020-08-17 10:01:58.250,2.986,1100
2020-08-17 10:01:58.250,2.986,1100
2020-08-17 10:01:59.290,2.985,1600
2020-08-17 10:02:01.350,2.985,1600
2020-08-17 10:02:04.510,2.985,1400
2020-08-17 10:02:07.680,2.985,1300
2020-08-17 10:02:08.760,2.985,1200
2020-08-17 10:02:09.870,2.985,1200
2020-08-17 10:02:12.040,2.985,1000
2020-08-17 10:02:13.130,2.985,1000
2020-08-17 10:02:14.210,2.985,700
2020-08-17 10:02:15.400,2.985,700
2020-08-17 10:02:16.440,2.985,700
2020-08-17 10:02:20.420,2.985,1900
2020-08-17 10:02:20.420,2.985,1000
2020-08-17 10:02:26.160,2.985,2000
2020-08-17 10:02:26.820,2.976,100
2020-08-17 10:02:28.970,2.976,100
2020-08-17 10:02:30.060,2.976,100
2020-08-17 10:02:32.240,2.976,100
2020-08-17 10:02:33.340,2.976,100
2020-08-17 10:02:33.810,2.985,2100
2020-08-17 10:02:33.810,2.986,500
2020-08-17 10:02:34.480,2.986,100
2020-08-17 10:02:36.580,2.986,100
2020-08-17 10:02:37.700,2.986,100
2020-08-17 10:02:38.810,2.986,200
2020-08-17 10:02:43.020,2.986,200
2020-08-17 10:02:43.840,2.986,2200
2020-08-17 10:02:51.530,2.976,100
2020-08-17 10:02:53.700,2.976,100
2020-08-17 10:03:01.000,2.976,100
2020-08-17 10:03:02.120,2.976,100
2020-08-17 10:03:04.310,2.976,100
2020-08-17 10:03:05.370,2.976,100
2020-08-17 10:03:06.410,2.976,100
2020-08-17 10:03:08.580,2.976,100
2020-08-17 10:03:09.670,2.976,100
2020-08-17 10:03:11.890,2.976,900
2020-08-17 10:03:13.980,2.976,900
2020-08-17 10:03:19.130,2.976,800
2020-08-17 10:03:21.300,2.976,1700
2020-08-17 10:03:22.430,2.976,1700
2020-08-17 10:03:24.670,2.977,1700
2020-08-17 10:03:25.700,2.977,1700
2020-08-17 10:03:26.870,2.977,1500
2020-08-17 10:03:27.980,2.978,1500
2020-08-17 10:03:29.060,2.978,8500
2020-08-17 10:03:29.060,2.978,10000
2020-08-17 10:03:29.060,2.977,11300
2020-08-17 10:03:31.190,2.977,29800
2020-08-17 10:03:39.530,2.978,2000
2020-08-17 10:03:40.500,2.978,2000
2020-08-17 10:03:43.700,2.979,1800
2020-08-17 10:03:44.820,2.979,1800
2020-08-17 10:03:45.970,2.979,1800
2020-08-17 10:03:50.140,2.979,24800
2020-08-17 10:03:54.310,2.979,24800
2020-08-17 10:03:56.190,2.979,200
2020-08-17 10:03:56.430,2.979,22300
2020-08-17 10:03:57.550,2.979,22300
2020-08-17 10:04:00.790,2.979,19900
2020-08-17 10:04:02.840,2.979,15400
2020-08-17 10:04:03.950,2.979,15400
2020-08-17 10:04:05.120,2.979,13400
2020-08-17 10:04:06.160,2.979,13400
2020-08-17 10:04:09.340,2.979,10300
2020-08-17 10:04:10.410,2.979,10300
2020-08-17 10:04:12.610,2.979,7600
2020-08-17 10:04:13.690,2.979,6600
2020-08-17 10:04:14.800,2.979,6600
2020-08-17 10:04:15.950,2.979,6600
2020-08-17 10:04:19.100,2.979,28700
2020-08-17 10:04:19.100,2.979,36100
2020-08-17 10:04:21.200,2.979,62800
2020-08-17 10:04:22.340,2.979,56300
2020-08-17 10:04:23.440,2.979,56300
2020-08-17 10:04:24.500,2.979,56300
2020-08-17 10:04:26.660,2.979,50100
2020-08-17 10:04:27.810,2.979,50100
2020-08-17 10:04:30.930,2.979,33200
2020-08-17 10:04:33.020,2.979,23200
2020-08-17 10:04:34.140,2.979,23200
2020-08-17 10:04:37.320,2.979,15200
2020-08-17 10:04:38.440,2.979,15200
2020-08-17 10:04:44.710,2.979,12200
2020-08-17 10:04:45.760,2.979,12200
2020-08-17 10:04:46.870,2.979,12200
2020-08-17 10:04:50.010,2.979,9700
2020-08-17 10:04:51.150,2.979,6800
2020-08-17 10:05:26.760,2.98,1800
2020-08-17 10:05:36.350,2.983,5000
2020-08-17 10:05:36.350,2.983,10000
2020-08-17 10:05:42.860,2.984,10000
2020-08-17 10:05:54.220,2.984,200
2020-08-17 10:06:26.760,2.986,500
2020-08-17 10:06:57.390,2.987,5000
2020-08-17 10:07:01.230,2.987,200
2020-08-17 10:07:20.530,2.989,36700
2020-08-17 10:07:48.740,2.989,13300
2020-08-17 10:08:00.620,2.989,1000
2020-08-17 10:08:20.710,2.988,200
2020-08-17 10:08:20.710,2.989,1000
2020-08-17 10:08:32.860,2.99,500
2020-08-17 10:08:32.860,2.99,500
2020-08-17 10:08:32.860,2.99,200
2020-08-17 10:08:32.860,2.99,10000
2020-08-17 10:08:35.170,2.99,2000
2020-08-17 10:09:11.190,2.994,200
2020-08-17 10:09:12.570,2.994,400
2020-08-17 10:09:17.990,2.996,1500
2020-08-17 10:09:29.050,2.996,1000
2020-08-17 10:09:33.050,2.997,2000
2020-08-17 10:09:41.220,2.998,5000
2020-08-17 10:09:41.220,2.998,5000
2020-08-17 10:09:41.400,2.999,4900
2020-08-17 10:09:41.400,2.999,1300
2020-08-17 10:09:45.270,2.999,8700
2020-08-17 10:09:45.270,2.999,200
2020-08-17 10:09:45.270,2.999,1100
2020-08-17 10:09:55.680,2.999,10000
2020-08-17 10:09:56.330,2.999,2000
2020-08-17 10:10:18.370,2.999,24400
2020-08-17 10:10:18.370,2.999,2000
2020-08-17 10:10:32.050,2.999,100
2020-08-17 10:10:35.820,3.0,100
2020-08-17 10:10:35.820,3.0,100
2020-08-17 10:10:41.160,3.0,1000
2020-08-17 10:10:48.090,2.999,1800
2020-08-17 10:10:49.740,2.999,1600
2020-08-17 10:10:51.960,2.999,3000
2020-08-17 10:10:52.020,2.999,1600
2020-08-17 10:10:52.140,3.0,6800
2020-08-17 10:10:55.600,2.999,1400
2020-08-17 10:10:57.510,2.999,1000
2020-08-17 10:10:57.850,2.999,800
2020-08-17 10:10:59.350,2.999,600
2020-08-17 10:11:01.460,2.999,600
2020-08-17 10:11:03.400,2.999,300
2020-08-17 10:11:06.380,3.0,2700
2020-08-17 10:11:06.380,3.0,100
2020-08-17 10:11:06.380,3.0,100
2020-08-17 10:11:19.370,3.0,1000
2020-08-17 10:11:27.190,2.999,200
2020-08-17 10:11:35.190,2.997,1000
2020-08-17 10:11:37.260,2.997,1000
2020-08-17 10:11:38.980,2.997,800
2020-08-17 10:11:41.040,2.997,600
2020-08-17 10:11:42.850,2.997,600
2020-08-17 10:11:45.200,2.997,500
2020-08-17 10:11:47.260,2.997,400
2020-08-17 10:11:48.180,2.997,1000
2020-08-17 10:11:49.540,2.997,400
2020-08-17 10:11:54.180,3.0,1700
2020-08-17 10:12:10.720,2.999,400
2020-08-17 10:12:13.940,2.999,1600
2020-08-17 10:12:54.720,2.997,1700
2020-08-17 10:12:56.510,2.996,2400
2020-08-17 10:13:04.010,2.996,2100
2020-08-17 10:13:05.290,2.996,2100
2020-08-17 10:13:05.390,2.996,1700
2020-08-17 10:13:15.360,2.996,100
2020-08-17 10:13:16.630,2.997,3000
2020-08-17 10:13:23.840,2.997,300
2020-08-17 10:13:24.760,2.996,2000
2020-08-17 10:13:38.320,2.996,100
2020-08-17 10:13:40.650,2.996,6100
2020-08-17 10:13:40.650,2.996,3200
2020-08-17 10:13:40.650,2.996,700
2020-08-17 10:13:52.880,2.997,2200
2020-08-17 10:13:52.880,2.997,5000
2020-08-17 10:14:16.090,2.997,4900
2020-08-17 10:14:20.900,2.997,500
2020-08-17 10:14:26.640,2.997,3100
2020-08-17 10:14:29.230,2.998,5000
2020-08-17 10:15:08.950,2.999,800
2020-08-17 10:15:43.810,2.998,8500
2020-08-17 10:15:52.270,2.998,200
2020-08-17 10:16:04.350,2.998,1000
2020-08-17 10:17:03.630,2.997,1000
2020-08-17 10:17:12.680,2.997,2000
2020-08-17 10:17:24.220,2.997,2000
2020-08-17 10:17:47.860,2.997,2000
2020-08-17 10:17:54.670,2.998,300
2020-08-17 10:17:54.670,2.998,200
2020-08-17 10:18:10.300,2.997,2500
2020-08-17 10:20:51.210,2.997,200
2020-08-17 10:21:14.710,2.998,700
2020-08-17 10:21:14.710,2.998,1000
2020-08-17 10:21:14.710,2.998,900
2020-08-17 10:21:14.710,2.998,400
2020-08-17 10:21:22.150,2.998,600
2020-08-17 10:21:42.790,2.997,100
2020-08-17 10:22:06.780,2.997,4000
2020-08-17 10:22:33.560,2.997,3000
2020-08-17 10:23:34.530,2.997,17200
2020-08-17 10:23:45.440,2.997,2800
2020-08-17 10:23:45.440,2.997,100
2020-08-17 10:23:45.440,2.997,100
2020-08-17 10:24:07.700,2.996,100
2020-08-17 10:24:07.700,2.996,100
2020-08-17 10:25:53.490,2.996,2900
2020-08-17 10:27:59.370,2.996,1000
2020-08-17 10:28:56.480,2.994,300
2020-08-17 10:29:04.110,2.994,700
2020-08-17 10:29:22.620,2.994,1100
2020-08-17 10:30:20.100,2.994,300
2020-08-17 10:30:26.060,2.994,1000
2020-08-17 10:30:29.440,2.994,100
2020-08-17 10:32:09.010,2.994,700
2020-08-17 10:33:22.590,2.994,1000
2020-08-17 10:34:20.770,2.994,800
2020-08-17 10:34:20.770,2.994,400
2020-08-17 10:34:20.770,2.994,800
2020-08-17 10:34:36.860,2.994,200
2020-08-17 10:34:59.350,2.986,2600
2020-08-17 10:36:38.930,2.989,2500
2020-08-17 10:37:12.670,2.994,1900
2020-08-17 10:38:11.630,2.989,1000
2020-08-17 10:40:10.720,2.989,1000
2020-08-17 10:42:01.470,2.989,200
2020-08-17 10:43:28.280,2.989,300
2020-08-17 10:43:28.780,2.989,700
2020-08-17 10:43:29.230,2.989,800
2020-08-17 10:43:29.640,2.989,800
2020-08-17 10:43:30.130,2.989,700
2020-08-17 10:43:30.640,2.989,800
2020-08-17 10:43:31.100,2.989,700
2020-08-17 10:43:31.500,2.989,800
2020-08-17 10:43:36.700,2.989,2400
2020-08-17 10:44:08.080,2.994,4400
2020-08-17 10:44:08.080,2.994,5600
2020-08-17 10:44:13.850,2.994,2900
2020-08-17 10:44:47.210,2.989,17600
2020-08-17 10:44:49.780,2.989,1300
2020-08-17 10:44:50.370,2.989,1200
2020-08-17 10:44:50.900,2.989,1200
2020-08-17 10:44:51.240,2.989,8700
2020-08-17 10:44:51.370,2.994,1200
2020-08-17 10:44:52.210,2.989,2100
2020-08-17 10:45:13.550,2.994,3100
2020-08-17 10:45:14.000,2.994,3100
2020-08-17 10:45:14.500,2.994,3000
2020-08-17 10:45:16.610,2.994,3100
2020-08-17 10:45:23.210,2.994,13600
2020-08-17 10:45:23.210,2.994,5000
2020-08-17 10:45:48.030,2.995,5000
2020-08-17 10:45:48.030,2.995,5000
2020-08-17 10:46:49.700,2.995,500
2020-08-17 10:47:01.580,2.995,1700
2020-08-17 10:47:12.820,2.995,800
2020-08-17 10:47:17.580,2.989,3400
2020-08-17 10:48:15.220,2.995,1900
2020-08-17 10:48:24.070,2.993,1000
2020-08-17 10:49:28.180,2.995,2200
2020-08-17 10:49:28.180,2.995,3400
2020-08-17 10:49:28.180,2.995,200
2020-08-17 10:49:28.180,2.995,3000
2020-08-17 10:50:39.340,2.996,400
2020-08-17 10:51:20.970,2.997,100
2020-08-17 10:51:20.970,2.997,1900
2020-08-17 10:52:18.360,2.997,500
2020-08-17 10:52:26.890,2.997,900
2020-08-17 10:52:26.890,2.997,2000
2020-08-17 10:52:26.890,2.997,1000
2020-08-17 10:52:26.890,2.998,5200
2020-08-17 10:52:26.890,2.998,3000
2020-08-17 10:52:57.020,2.999,200
2020-08-17 10:52:57.020,2.999,400
2020-08-17 10:52:57.020,2.999,1400
2020-08-17 10:53:30.070,2.999,1800
2020-08-17 10:54:49.540,2.998,6900
2020-08-17 10:54:49.540,2.998,3200
2020-08-17 10:55:05.050,2.998,19900
2020-08-17 10:55:05.050,2.999,1800
2020-08-17 10:55:05.050,2.999,1000
2020-08-17 10:55:05.050,2.999,2000
2020-08-17 10:55:05.050,2.999,100
2020-08-17 10:55:05.050,2.999,200
2020-08-17 10:55:05.050,2.999,5900
2020-08-17 10:55:05.050,2.999,20000
2020-08-17 10:55:05.050,3.0,700
2020-08-17 10:55:05.050,3.0,500
2020-08-17 10:55:05.050,3.0,5800
2020-08-17 10:55:05.050,3.0,2400
2020-08-17 10:55:05.050,3.0,2000
2020-08-17 10:55:05.050,3.0,2000
2020-08-17 10:55:05.050,3.0,10000
2020-08-17 10:55:05.050,3.0,2000
2020-08-17 10:55:05.050,3.0,1000
2020-08-17 10:55:05.050,3.0,1000
2020-08-17 10:55:05.050,3.0,18500
2020-08-17 10:55:05.050,3.0,100
2020-08-17 10:55:05.050,3.0,3400
2020-08-17 10:55:05.050,3.0,1000
2020-08-17 10:55:05.050,3.0,2000
2020-08-17 10:55:05.050,3.0,5000
2020-08-17 10:55:29.960,2.996,200
2020-08-17 10:56:14.830,2.999,300
2020-08-17 10:57:19.320,3.001,4100
2020-08-17 10:57:33.220,3.005,300
2020-08-17 10:57:34.970,3.005,100
2020-08-17 10:58:05.580,3.005,800
2020-08-17 10:58:05.580,3.005,9200
2020-08-17 10:58:06.320,3.005,17000
2020-08-17 10:58:19.840,3.005,600
2020-08-17 10:58:48.100,3.005,3200
2020-08-17 10:58:48.100,3.005,2000
2020-08-17 10:58:48.100,3.005,5000
2020-08-17 10:58:54.640,3.005,2400
2020-08-17 10:59:21.900,3.005,3000
2020-08-17 10:59:53.320,3.005,7500
2020-08-17 11:00:30.950,3.006,300
2020-08-17 11:00:41.120,3.006,10000
2020-08-17 11:00:41.980,3.009,500
2020-08-17 11:00:55.480,3.006,300
2020-08-17 11:01:13.440,3.009,200
2020-08-17 11:01:13.440,3.009,2400
2020-08-17 11:01:20.120,3.006,100
2020-08-17 11:01:20.120,3.006,500
2020-08-17 11:02:24.130,3.006,400
2020-08-17 11:02:24.130,3.006,8600
2020-08-17 11:02:34.200,3.006,20000
2020-08-17 11:02:58.010,3.008,100
2020-08-17 11:02:58.010,3.009,200
2020-08-17 11:03:31.790,3.009,1000
2020-08-17 11:04:01.380,3.009,400
2020-08-17 11:04:01.380,3.009,3400
2020-08-17 11:04:01.380,3.009,600
2020-08-17 11:05:18.240,3.006,100
2020-08-17 11:05:24.560,3.006,1300
2020-08-17 11:05:48.820,3.006,700
2020-08-17 11:06:12.050,3.006,200
2020-08-17 11:09:11.110,3.008,5000
2020-08-17 11:10:04.860,3.006,1900
2020-08-17 11:10:04.860,3.006,10000
2020-08-17 11:10:04.860,3.006,3000
2020-08-17 11:10:28.790,3.006,1500
2020-08-17 11:10:28.790,3.006,2000
2020-08-17 11:10:28.790,3.006,4700
2020-08-17 11:10:47.370,3.005,1000
2020-08-17 11:11:34.940,3.006,200
2020-08-17 11:11:46.480,3.006,1400
2020-08-17 11:11:58.540,3.001,2000
2020-08-17 11:12:12.490,3.005,25900
2020-08-17 11:12:17.430,3.006,1800
2020-08-17 11:12:32.450,3.006,6100
2020-08-17 11:13:04.070,3.006,2000
2020-08-17 11:13:40.600,3.008,5000
2020-08-17 11:13:40.600,3.008,7000
2020-08-17 11:13:45.240,3.009,16000
2020-08-17 11:13:45.240,3.009,15000
2020-08-17 11:13:45.240,3.009,5000
2020-08-17 11:13:45.240,3.01,55700
2020-08-17 11:13:45.240,3.01,5000
2020-08-17 11:13:45.240,3.01,4700
2020-08-17 11:13:45.240,3.01,400
2020-08-17 11:13:45.240,3.01,2000
2020-08-17 11:13:45.240,3.01,500
2020-08-17 11:14:19.100,3.01,1000
2020-08-17 11:14:33.290,3.01,1000
2020-08-17 11:14:45.220,3.01,2900
2020-08-17 11:15:42.600,3.01,3600
2020-08-17 11:16:00.440,3.01,500
2020-08-17 11:16:23.040,3.01,1700
2020-08-17 11:16:47.920,3.015,300
2020-08-17 11:16:50.460,3.01,1100
2020-08-17 11:18:27.020,3.01,8900
2020-08-17 11:18:27.020,3.01,1600
2020-08-17 11:20:17.490,3.011,300
2020-08-17 11:20:18.090,3.011,900
2020-08-17 11:23:29.390,3.014,100
2020-08-17 11:23:51.570,3.011,100
2020-08-17 11:24:14.870,3.014,2300
2020-08-17 11:24:14.870,3.014,2600
2020-08-17 11:25:15.440,3.014,200
2020-08-17 11:25:34.370,3.014,1000
2020-08-17 11:26:18.990,3.012,100
2020-08-17 11:27:59.420,3.014,3800
2020-08-17 11:28:12.610,3.015,1700
2020-08-17 11:28:12.610,3.015,200
2020-08-17 11:28:21.500,3.015,1300
2020-08-17 11:29:01.290,3.014,1000
2020-08-17 13:00:00.430,3.015,400
2020-08-17 13:00:01.190,3.015,10000
2020-08-17 13:00:01.190,3.015,1000
2020-08-17 13:00:01.190,3.015,63100
2020-08-17 13:00:01.190,3.015,800
2020-08-17 13:00:01.190,3.015,5000
2020-08-17 13:00:01.190,3.015,3700
2020-08-17 13:00:01.190,3.015,2500
2020-08-17 13:00:01.190,3.015,5000
2020-08-17 13:00:01.190,3.015,5000
2020-08-17 13:00:01.840,3.02,100
2020-08-17 13:00:02.390,3.02,1200
2020-08-17 13:00:05.720,3.015,1000
2020-08-17 13:00:06.200,3.015,500
2020-08-17 13:00:06.200,3.018,2900
2020-08-17 13:00:06.920,3.015,100
2020-08-17 13:00:07.790,3.015,800
2020-08-17 13:00:10.610,3.018,3100
2020-08-17 13:00:19.830,3.02,1400
2020-08-17 13:00:19.830,3.02,600
2020-08-17 13:01:01.500,3.02,1800
2020-08-17 13:01:10.090,3.02,500
2020-08-17 13:01:26.870,3.02,2100
2020-08-17 13:01:26.870,3.02,900
2020-08-17 13:01:41.060,3.02,1100
2020-08-17 13:01:41.060,3.02,2500
2020-08-17 13:01:41.060,3.02,1000
2020-08-17 13:01:41.060,3.02,800
2020-08-17 13:01:41.060,3.02,200
2020-08-17 13:01:56.130,3.021,200
2020-08-17 13:02:32.750,3.027,900
2020-08-17 13:02:39.420,3.027,1000
2020-08-17 13:03:17.740,3.029,200
2020-08-17 13:03:17.740,3.029,100
2020-08-17 13:03:17.740,3.03,2000
2020-08-17 13:03:17.740,3.03,300
2020-08-17 13:03:38.870,3.03,300
2020-08-17 13:03:38.870,3.03,6800
2020-08-17 13:03:56.350,3.03,100
2020-08-17 13:04:22.950,3.028,1000
2020-08-17 13:04:45.930,3.03,3400
2020-08-17 13:05:39.650,3.028,2500
2020-08-17 13:06:03.030,3.027,900
2020-08-17 13:07:14.190,3.028,3300
2020-08-17 13:08:20.080,3.028,5000
2020-08-17 13:08:32.360,3.028,1000
2020-08-17 13:08:40.230,3.027,1000
2020-08-17 13:10:04.030,3.027,700
2020-08-17 13:10:15.690,3.028,1600
2020-08-17 13:10:18.270,3.027,1500
2020-08-17 13:11:05.370,3.028,100
2020-08-17 13:11:05.370,3.028,100
2020-08-17 13:11:05.370,3.028,10000
2020-08-17 13:11:36.240,3.03,3000
2020-08-17 13:11:49.820,3.03,400
2020-08-17 13:11:56.800,3.03,100
2020-08-17 13:12:14.710,3.03,2000
2020-08-17 13:12:18.020,3.03,1000
2020-08-17 13:12:41.230,3.03,10000
2020-08-17 13:12:57.380,3.03,3200
2020-08-17 13:12:57.380,3.03,1600
2020-08-17 13:13:02.430,3.028,1000
2020-08-17 13:13:16.810,3.03,100
2020-08-17 13:13:55.720,3.03,1600
2020-08-17 13:13:55.720,3.03,1000
2020-08-17 13:13:55.720,3.03,300
2020-08-17 13:13:55.720,3.03,100
2020-08-17 13:13:55.720,3.03,500
2020-08-17 13:13:55.720,3.03,5000
2020-08-17 13:14:31.210,3.033,500
2020-08-17 13:14:33.170,3.033,2800
2020-08-17 13:14:36.380,3.033,700
2020-08-17 13:15:03.410,3.05,4000
2020-08-17 13:15:03.410,3.05,20000
2020-08-17 13:15:03.410,3.05,500
2020-08-17 13:15:15.600,3.05,3300
2020-08-17 13:15:15.600,3.05,1700
2020-08-17 13:15:20.080,3.051,6600
2020-08-17 13:15:24.140,3.051,3400
2020-08-17 13:15:24.140,3.051,1000
2020-08-17 13:15:44.960,3.059,10000
2020-08-17 13:15:58.690,3.06,5000
2020-08-17 13:16:26.910,3.065,3200
2020-08-17 13:16:36.180,3.065,1000
2020-08-17 13:16:40.990,3.065,800
2020-08-17 13:16:40.990,3.065,100
2020-08-17 13:16:42.280,3.078,500
2020-08-17 13:16:51.850,3.078,100
2020-08-17 13:16:54.560,3.078,800
2020-08-17 13:16:58.940,3.065,3000
2020-08-17 13:16:59.610,3.077,2500
2020-08-17 13:16:59.610,3.078,13600
2020-08-17 13:17:01.100,3.08,5000
2020-08-17 13:17:02.970,3.08,30000
2020-08-17 13:17:03.090,3.08,800
2020-08-17 13:17:05.030,3.08,30000
2020-08-17 13:17:06.020,3.08,18100
2020-08-17 13:17:06.020,3.066,100
2020-08-17 13:17:06.020,3.065,5700
2020-08-17 13:17:10.580,3.06,5000
2020-08-17 13:17:10.580,3.06,900
2020-08-17 13:17:10.580,3.06,4700
2020-08-17 13:17:10.580,3.06,1800
2020-08-17 13:17:11.270,3.06,3300
2020-08-17 13:17:13.290,3.065,4800
2020-08-17 13:17:13.990,3.065,1300
2020-08-17 13:17:13.990,3.065,13700
2020-08-17 13:17:23.820,3.065,8700
2020-08-17 13:17:24.460,3.065,7600
2020-08-17 13:17:24.460,3.065,2400
2020-08-17 13:17:27.900,3.065,1500
2020-08-17 13:17:29.450,3.059,49500
2020-08-17 13:17:30.450,3.059,5000
2020-08-17 13:17:34.100,3.059,1000
2020-08-17 13:17:34.100,3.059,3000
2020-08-17 13:17:42.380,3.055,600
2020-08-17 13:18:02.120,3.053,200
2020-08-17 13:18:14.420,3.052,1000
2020-08-17 13:18:14.420,3.053,4000
2020-08-17 13:18:29.540,3.053,12000
2020-08-17 13:18:46.510,3.05,200
2020-08-17 13:19:25.200,3.052,1000
2020-08-17 13:19:31.420,3.053,3200
2020-08-17 13:19:34.500,3.052,4000
2020-08-17 13:19:35.940,3.053,30400
2020-08-17 13:19:39.610,3.053,19600
2020-08-17 13:19:55.800,3.052,400
2020-08-17 13:19:55.800,3.052,2600
2020-08-17 13:20:00.800,3.052,8900
2020-08-17 13:20:00.800,3.052,1100
2020-08-17 13:20:11.530,3.05,300
2020-08-17 13:20:11.530,3.05,1500
2020-08-17 13:20:24.280,3.05,1200
2020-08-17 13:20:46.000,3.05,300
2020-08-17 13:21:05.740,3.05,9700
2020-08-17 13:21:21.940,3.051,1000
2020-08-17 13:21:34.750,3.05,300
2020-08-17 13:21:34.750,3.05,6700
2020-08-17 13:21:34.750,3.05,3900
2020-08-17 13:21:49.990,3.05,800
2020-08-17 13:22:09.220,3.05,5800
2020-08-17 13:22:11.750,3.05,8600
2020-08-17 13:22:33.260,3.04,2000
2020-08-17 13:22:48.460,3.04,200
2020-08-17 13:22:48.460,3.04,1800
2020-08-17 13:23:01.260,3.04,200
2020-08-17 13:23:33.610,3.049,17800
2020-08-17 13:24:13.780,3.045,10000
2020-08-17 13:24:17.430,3.045,3000
2020-08-17 13:24:34.880,3.045,1000
2020-08-17 13:24:38.030,3.04,300
2020-08-17 13:24:49.810,3.043,2000
2020-08-17 13:24:53.830,3.043,18000
2020-08-17 13:25:58.650,3.04,900
2020-08-17 13:26:09.210,3.04,500
2020-08-17 13:26:15.660,3.04,500
2020-08-17 13:27:10.590,3.04,3000
2020-08-17 13:27:10.590,3.04,2200
2020-08-17 13:27:11.040,3.04,8300
2020-08-17 13:27:16.050,3.038,1000
2020-08-17 13:27:33.330,3.037,100
2020-08-17 13:27:33.330,3.036,7600
2020-08-17 13:27:33.330,3.036,5000
2020-08-17 13:27:33.330,3.035,15000
2020-08-17 13:27:33.330,3.033,22300
2020-08-17 13:27:39.010,3.033,6700
2020-08-17 13:27:39.010,3.03,10000
2020-08-17 13:27:39.010,3.03,3300
2020-08-17 13:27:59.210,3.031,3000
2020-08-17 13:27:59.210,3.031,600
2020-08-17 13:28:14.600,3.031,11000
2020-08-17 13:28:26.150,3.031,2300
2020-08-17 13:28:46.480,3.035,900
2020-08-17 13:29:49.880,3.034,500
2020-08-17 13:30:33.990,3.034,200
2020-08-17 13:30:49.050,3.034,300
2020-08-17 13:31:02.220,3.034,1000
2020-08-17 13:31:02.220,3.033,100
2020-08-17 13:31:02.220,3.032,2000
2020-08-17 13:31:02.220,3.031,26100
2020-08-17 13:31:02.220,3.031,2000
2020-08-17 13:31:16.980,3.03,300
2020-08-17 13:31:53.400,3.03,1400
2020-08-17 13:31:53.400,3.03,2100
2020-08-17 13:32:10.130,3.029,900
2020-08-17 13:32:10.130,3.029,300
2020-08-17 13:33:24.380,3.027,2100
2020-08-17 13:34:18.120,3.027,2000
2020-08-17 13:34:23.670,3.027,1000
2020-08-17 13:35:17.020,3.028,10000
2020-08-17 13:37:12.080,3.027,100
2020-08-17 13:37:12.080,3.027,900
2020-08-17 13:38:24.010,3.027,1100
2020-08-17 13:38:25.160,3.027,1500
2020-08-17 13:38:39.570,3.027,100
2020-08-17 13:38:50.280,3.027,1400
2020-08-17 13:38:52.350,3.027,2000
2020-08-17 13:39:21.890,3.027,1600
2020-08-17 13:39:41.100,3.027,100
2020-08-17 13:40:19.440,3.029,500
2020-08-17 13:40:45.640,3.029,200
2020-08-17 13:41:39.980,3.03,500
2020-08-17 13:41:39.980,3.03,300
2020-08-17 13:41:39.980,3.03,400
2020-08-17 13:41:39.980,3.03,1200
2020-08-17 13:41:39.980,3.03,1800
2020-08-17 13:41:41.290,3.029,1300
2020-08-17 13:42:09.850,3.029,1000
2020-08-17 13:42:10.720,3.027,200
2020-08-17 13:42:30.340,3.027,1300
2020-08-17 13:44:00.990,3.024,1200
2020-08-17 13:45:14.350,3.024,100
2020-08-17 13:45:36.380,3.025,600
2020-08-17 13:47:26.060,3.026,100
2020-08-17 13:47:54.010,3.026,600
2020-08-17 13:47:55.960,3.026,800
2020-08-17 13:49:39.930,3.027,300
2020-08-17 13:49:50.990,3.027,7000
2020-08-17 13:50:26.150,3.027,100
2020-08-17 13:50:27.900,3.027,1000
2020-08-17 13:50:32.070,3.027,300
2020-08-17 13:51:23.490,3.029,1000
2020-08-17 13:51:56.340,3.029,6500
2020-08-17 13:52:15.210,3.03,500
2020-08-17 13:53:40.210,3.028,100
2020-08-17 13:55:17.870,3.028,100
2020-08-17 13:55:20.880,3.028,4700
2020-08-17 13:55:20.880,3.027,3300
2020-08-17 13:55:20.880,3.026,2000
2020-08-17 13:56:09.280,3.026,1500
2020-08-17 13:56:09.280,3.026,2000
2020-08-17 13:56:09.280,3.025,6500
2020-08-17 13:56:14.850,3.03,2200
2020-08-17 13:57:02.200,3.025,3500
2020-08-17 13:57:02.200,3.024,700
2020-08-17 13:57:02.200,3.023,40000
2020-08-17 13:57:02.200,3.023,1000
2020-08-17 13:57:02.200,3.022,40000
2020-08-17 13:57:02.200,3.021,30900
2020-08-17 13:57:45.830,3.03,600
2020-08-17 13:57:45.830,3.03,1400
2020-08-17 13:59:16.060,3.029,2400
2020-08-17 13:59:21.930,3.029,4800
2020-08-17 13:59:35.640,3.029,100
2020-08-17 14:02:27.970,3.024,1000
2020-08-17 14:02:27.970,3.024,1000
2020-08-17 14:05:02.460,3.023,1000
2020-08-17 14:05:35.780,3.023,2000
2020-08-17 14:05:35.780,3.024,600
2020-08-17 14:05:35.780,3.024,1000
2020-08-17 14:05:35.780,3.024,6400
2020-08-17 14:06:28.330,3.024,3300
2020-08-17 14:07:01.700,3.023,2000
2020-08-17 14:07:03.530,3.022,1000
2020-08-17 14:07:03.530,3.022,1000
2020-08-17 14:07:03.530,3.022,10000
2020-08-17 14:07:06.330,3.021,9100
2020-08-17 14:07:09.720,3.02,600
2020-08-17 14:07:09.720,3.02,5000
2020-08-17 14:07:09.720,3.019,5000
2020-08-17 14:07:11.000,3.018,4900
2020-08-17 14:07:11.000,3.018,25100
2020-08-17 14:07:14.140,3.018,4900
2020-08-17 14:07:14.140,3.018,6500
2020-08-17 14:07:14.140,3.017,5000
2020-08-17 14:07:14.140,3.015,1500
2020-08-17 14:07:14.140,3.015,3000
2020-08-17 14:07:14.140,3.015,2700
2020-08-17 14:07:14.140,3.015,6400
2020-08-17 14:07:28.190,3.015,3600
2020-08-17 14:07:28.190,3.015,1000
2020-08-17 14:07:38.270,3.014,200
2020-08-17 14:07:38.270,3.014,1800
2020-08-17 14:08:06.510,3.012,600
2020-08-17 14:08:06.510,3.011,3200
2020-08-17 14:08:06.510,3.01,8400
2020-08-17 14:08:06.510,3.01,4000
2020-08-17 14:08:06.510,3.01,10000
2020-08-17 14:08:57.110,3.003,1000
2020-08-17 14:08:57.110,3.003,5100
2020-08-17 14:08:57.110,3.002,4700
2020-08-17 14:09:04.460,3.002,4300
2020-08-17 14:09:26.290,3.001,3900
2020-08-17 14:09:26.290,3.001,1500
2020-08-17 14:09:26.910,3.002,5700
2020-08-17 14:09:26.910,3.002,100
2020-08-17 14:09:26.910,3.002,4200
2020-08-17 14:09:29.950,3.002,800
2020-08-17 14:09:45.120,3.002,500
2020-08-17 14:10:00.440,3.002,1000
2020-08-17 14:10:05.780,3.001,2000
2020-08-17 14:10:27.650,3.002,5500
2020-08-17 14:10:44.750,3.002,5000
2020-08-17 14:10:44.840,3.001,1000
2020-08-17 14:10:57.950,3.001,2500
2020-08-17 14:10:57.950,3.001,6300
2020-08-17 14:11:10.540,3.002,11600
2020-08-17 14:12:04.750,3.001,3700
2020-08-17 14:12:04.750,3.001,1300
2020-08-17 14:12:09.010,3.001,300
2020-08-17 14:12:45.830,3.019,19400
2020-08-17 14:12:54.500,3.019,600
2020-08-17 14:14:53.310,3.003,700
2020-08-17 14:15:16.560,3.019,3000
2020-08-17 14:16:08.410,3.019,600
2020-08-17 14:18:38.540,3.018,200
2020-08-17 14:18:48.290,3.006,100
2020-08-17 14:21:09.360,3.006,500
2020-08-17 14:21:30.650,3.006,1000
2020-08-17 14:22:00.490,3.018,900
2020-08-17 14:22:00.490,3.018,100
2020-08-17 14:22:41.740,3.018,900
2020-08-17 14:22:41.740,3.019,8800
2020-08-17 14:22:41.740,3.019,100
2020-08-17 14:22:41.740,3.02,500
2020-08-17 14:22:41.740,3.023,29700
2020-08-17 14:24:16.810,3.023,300
2020-08-17 14:24:16.810,3.023,1700
2020-08-17 14:24:37.610,3.023,20000
2020-08-17 14:36:53.160,3.02,300
2020-08-17 14:38:04.560,3.007,100
2020-08-17 14:38:04.560,3.007,300
2020-08-17 14:38:52.500,3.008,900
2020-08-17 14:38:54.460,3.008,2100
2020-08-17 14:38:54.460,3.008,100
2020-08-17 14:39:36.190,3.018,2000
2020-08-17 14:39:49.470,3.019,600
2020-08-17 14:39:59.740,3.018,300
2020-08-17 14:40:17.610,3.019,200
2020-08-17 14:42:06.650,3.02,3300
2020-08-17 14:42:06.650,3.02,700
2020-08-17 14:42:46.130,3.02,4300
2020-08-17 14:42:47.270,3.019,2000
2020-08-17 14:43:12.150,3.019,1800
2020-08-17 14:44:25.040,3.019,4000
2020-08-17 14:44:25.040,3.019,500
2020-08-17 14:44:46.420,3.019,1000
2020-08-17 14:45:05.350,3.018,700
2020-08-17 14:45:20.330,3.018,7000
2020-08-17 14:45:26.700,3.018,300
2020-08-17 14:46:01.630,3.01,100
2020-08-17 14:46:18.700,3.01,800
2020-08-17 14:48:18.390,3.01,4600
2020-08-17 14:49:12.440,3.01,100
2020-08-17 14:51:11.530,3.018,1000
2020-08-17 14:51:53.560,3.018,1000
2020-08-17 14:53:24.900,3.017,4000
2020-08-17 14:53:24.900,3.011,1800
2020-08-17 14:54:34.030,3.013,1000
2020-08-17 14:55:31.110,3.014,200
2020-08-17 14:55:31.110,3.017,100
2020-08-17 14:55:31.110,3.018,1000
2020-08-17 14:55:31.110,3.018,2000
2020-08-17 14:55:31.110,3.018,10100
2020-08-17 14:55:44.650,3.014,100
2020-08-17 14:56:04.670,3.015,2400
2020-08-17 14:56:26.210,3.018,1700
2020-08-17 14:56:32.550,3.018,2000
2020-08-17 14:56:48.370,3.018,200
2020-08-17 14:57:00.900,3.018,3000
2020-08-17 14:57:05.070,3.018,7200
2020-08-17 14:57:07.910,3.017,2800
2020-08-17 14:57:47.220,3.018,200
2020-08-17 14:58:24.930,3.018,5600
2020-08-17 14:58:24.930,3.019,3000
2020-08-17 14:58:24.930,3.019,700
2020-08-17 14:58:49.410,3.02,100
2020-08-17 14:58:49.410,3.02,200
2020-08-17 14:58:58.430,3.019,60700
2020-08-17 14:59:11.160,3.019,2400
2020-08-17 14:59:11.160,3.02,300
2020-08-17 14:59:40.770,3.022,5000
