Datetime,Price,Volume
2020-08-11 09:25:00.680,3.331,1000
2020-08-11 09:25:00.680,3.331,5000
2020-08-11 09:25:00.680,3.331,1000
2020-08-11 09:25:00.680,3.331,18000
2020-08-11 09:25:00.680,3.331,900
2020-08-11 09:25:00.680,3.331,1100
2020-08-11 09:25:00.680,3.331,1900
2020-08-11 09:25:00.680,3.331,100
2020-08-11 09:25:00.680,3.331,18000
2020-08-11 09:25:00.680,3.331,20000
2020-08-11 09:25:00.680,3.331,12000
2020-08-11 09:25:00.680,3.331,50000
2020-08-11 09:25:00.680,3.331,11400
2020-08-11 09:25:00.680,3.331,39000
2020-08-11 09:25:00.680,3.331,30000
2020-08-11 09:25:00.680,3.331,13500
2020-08-11 09:25:00.680,3.331,5000
2020-08-11 09:25:00.680,3.331,30000
2020-08-11 09:25:00.680,3.331,5000
2020-08-11 09:25:00.680,3.331,20000
2020-08-11 09:25:00.680,3.331,75200
2020-08-11 09:25:00.680,3.331,1300
2020-08-11 09:25:00.680,3.331,4500
2020-08-11 09:25:00.680,3.331,7000
2020-08-11 09:25:00.680,3.331,2000
2020-08-11 09:25:00.680,3.331,16900
2020-08-11 09:25:00.680,3.331,60100
2020-08-11 09:25:00.680,3.331,10000
2020-08-11 09:25:00.680,3.331,5000
2020-08-11 09:25:00.680,3.331,10000
2020-08-11 09:25:00.680,3.331,2800
2020-08-11 09:25:00.680,3.331,60000
2020-08-11 09:25:00.680,3.331,61000
2020-08-11 09:25:00.680,3.331,30500
2020-08-11 09:25:00.680,3.331,900
2020-08-11 09:25:00.680,3.331,10000
2020-08-11 09:25:00.680,3.331,600
2020-08-11 09:25:00.680,3.331,100
2020-08-11 09:25:00.680,3.331,5000
2020-08-11 09:25:00.680,3.331,100
2020-08-11 09:25:00.680,3.331,20000
2020-08-11 09:25:00.680,3.331,10000
2020-08-11 09:25:00.680,3.331,3000
2020-08-11 09:25:00.680,3.331,6000
2020-08-11 09:25:00.680,3.331,3000
2020-08-11 09:25:00.680,3.331,100
2020-08-11 09:25:00.680,3.331,3000
2020-08-11 09:25:00.680,3.331,8300
2020-08-11 09:25:00.680,3.331,1000
2020-08-11 09:25:00.680,3.331,30000
2020-08-11 09:25:00.680,3.331,1900
2020-08-11 09:25:00.680,3.331,1800
2020-08-11 09:25:00.680,3.331,6000
2020-08-11 09:25:00.680,3.331,50000
2020-08-11 09:25:00.680,3.331,10000
2020-08-11 09:25:00.680,3.331,5100
2020-08-11 09:25:00.680,3.331,3000
2020-08-11 09:25:00.680,3.331,6000
2020-08-11 09:25:00.680,3.331,10000
2020-08-11 09:25:00.680,3.331,10000
2020-08-11 09:25:00.680,3.331,55700
2020-08-11 09:25:00.680,3.331,30000
2020-08-11 09:25:00.680,3.331,214300
2020-08-11 09:25:00.680,3.331,100
2020-08-11 09:25:00.680,3.331,100
2020-08-11 09:25:00.680,3.331,100
2020-08-11 09:25:00.680,3.331,1000
2020-08-11 09:25:00.680,3.331,100
2020-08-11 09:25:00.680,3.331,100
2020-08-11 09:25:00.680,3.331,500
2020-08-11 09:25:00.680,3.331,100
2020-08-11 09:25:00.680,3.331,10000
2020-08-11 09:25:00.680,3.331,200
2020-08-11 09:25:00.680,3.331,700
2020-08-11 09:25:00.680,3.331,300
2020-08-11 09:25:00.680,3.331,30000
2020-08-11 09:25:00.680,3.331,3500
2020-08-11 09:25:00.680,3.331,5000
2020-08-11 09:25:00.680,3.331,1000
2020-08-11 09:25:00.680,3.331,10500
2020-08-11 09:25:00.680,3.331,9400
2020-08-11 09:25:00.680,3.331,10600
2020-08-11 09:25:00.680,3.331,6000
2020-08-11 09:25:00.680,3.331,2900
2020-08-11 09:25:00.680,3.331,800
2020-08-11 09:25:00.680,3.331,100
2020-08-11 09:25:00.680,3.331,300
2020-08-11 09:25:00.680,3.331,800
2020-08-11 09:25:00.680,3.331,100
2020-08-11 09:25:00.680,3.331,200
2020-08-11 09:25:00.680,3.331,200
2020-08-11 09:25:00.680,3.331,100
2020-08-11 09:25:00.680,3.331,3000
2020-08-11 09:25:00.680,3.331,6000
2020-08-11 09:25:00.680,3.331,100
2020-08-11 09:25:00.680,3.331,5000
2020-08-11 09:25:00.680,3.331,300
2020-08-11 09:25:00.680,3.331,400
2020-08-11 09:25:00.680,3.331,7500
2020-08-11 09:25:00.680,3.331,7200
2020-08-11 09:25:00.680,3.331,3000
2020-08-11 09:25:00.680,3.331,13300
2020-08-11 09:25:00.680,3.331,1000
2020-08-11 09:25:00.680,3.331,33300
2020-08-11 09:25:00.680,3.331,100
2020-08-11 09:25:00.680,3.331,500
2020-08-11 09:25:00.680,3.331,9000
2020-08-11 09:25:00.680,3.331,2000
2020-08-11 09:25:00.680,3.331,50000
2020-08-11 09:25:00.680,3.331,400
2020-08-11 09:25:00.680,3.331,100
2020-08-11 09:25:00.680,3.331,335700
2020-08-11 09:25:00.680,3.331,1800
2020-08-11 09:25:00.680,3.331,3100
2020-08-11 09:25:00.680,3.331,142500
2020-08-11 09:25:00.680,3.331,10000
2020-08-11 09:25:00.680,3.331,6900
2020-08-11 09:25:00.680,3.331,4000
2020-08-11 09:25:00.680,3.331,1300
2020-08-11 09:25:00.680,3.331,200
2020-08-11 09:25:00.680,3.331,100
2020-08-11 09:25:00.680,3.331,3000
2020-08-11 09:25:00.680,3.331,5000
2020-08-11 09:25:00.680,3.331,600
2020-08-11 09:25:00.680,3.331,12000
2020-08-11 09:25:00.680,3.331,700
2020-08-11 09:25:00.680,3.331,3100
2020-08-11 09:25:00.680,3.331,63100
2020-08-11 09:25:00.680,3.331,68300
2020-08-11 09:25:00.680,3.331,104000
2020-08-11 09:25:00.680,3.331,1600
2020-08-11 09:30:00.000,3.332,1000
2020-08-11 09:30:00.000,3.332,100
2020-08-11 09:30:00.000,3.332,10000
2020-08-11 09:30:00.000,3.332,3000
2020-08-11 09:30:00.000,3.332,238000
2020-08-11 09:30:00.000,3.333,100
2020-08-11 09:30:00.000,3.333,100
2020-08-11 09:30:00.000,3.333,100
2020-08-11 09:30:00.000,3.333,3100
2020-08-11 09:30:00.000,3.333,3100
2020-08-11 09:30:00.000,3.333,500
2020-08-11 09:30:00.000,3.333,500
2020-08-11 09:30:00.000,3.333,13100
2020-08-11 09:30:00.000,3.333,200
2020-08-11 09:30:00.000,3.333,500
2020-08-11 09:30:00.000,3.333,1000
2020-08-11 09:30:00.000,3.333,100000
2020-08-11 09:30:00.000,3.333,300
2020-08-11 09:30:00.000,3.333,100
2020-08-11 09:30:00.000,3.333,5100
2020-08-11 09:30:00.000,3.333,300
2020-08-11 09:30:00.000,3.333,1000
2020-08-11 09:30:00.000,3.333,100
2020-08-11 09:30:00.000,3.333,100
2020-08-11 09:30:00.000,3.333,1000
2020-08-11 09:30:00.000,3.333,15000
2020-08-11 09:30:00.000,3.333,100
2020-08-11 09:30:00.000,3.333,1400
2020-08-11 09:30:00.000,3.333,6100
2020-08-11 09:30:00.000,3.333,5000
2020-08-11 09:30:00.000,3.333,3800
2020-08-11 09:30:00.000,3.333,3000
2020-08-11 09:30:00.030,3.334,300
2020-08-11 09:30:00.030,3.334,10000
2020-08-11 09:30:00.030,3.334,700
2020-08-11 09:30:00.030,3.335,2000
2020-08-11 09:30:00.030,3.335,2000
2020-08-11 09:30:00.030,3.335,5700
2020-08-11 09:30:00.030,3.335,6000
2020-08-11 09:30:00.030,3.335,300
2020-08-11 09:30:00.030,3.336,500
2020-08-11 09:30:00.030,3.336,4700
2020-08-11 09:30:00.030,3.336,100
2020-08-11 09:30:00.030,3.336,100
2020-08-11 09:30:00.030,3.336,5000
2020-08-11 09:30:00.030,3.337,1000
2020-08-11 09:30:00.030,3.337,7800
2020-08-11 09:30:00.030,3.338,10000
2020-08-11 09:30:00.030,3.338,6000
2020-08-11 09:30:00.030,3.338,100
2020-08-11 09:30:00.440,3.338,10000
2020-08-11 09:30:00.560,3.338,1000
2020-08-11 09:30:00.610,3.338,2000
2020-08-11 09:30:00.860,3.338,2000
2020-08-11 09:30:00.970,3.338,9500
2020-08-11 09:30:00.970,3.338,5000
2020-08-11 09:30:01.280,3.338,4900
2020-08-11 09:30:01.440,3.338,24100
2020-08-11 09:30:01.800,3.338,10000
2020-08-11 09:30:02.060,3.338,3000
2020-08-11 09:30:02.220,3.338,5000
2020-08-11 09:30:02.490,3.338,5000
2020-08-11 09:30:02.570,3.338,30000
2020-08-11 09:30:02.630,3.339,600
2020-08-11 09:30:02.630,3.339,100
2020-08-11 09:30:02.630,3.339,100
2020-08-11 09:30:02.630,3.339,1000
2020-08-11 09:30:02.630,3.339,1000
2020-08-11 09:30:02.630,3.339,100
2020-08-11 09:30:02.630,3.339,3000
2020-08-11 09:30:02.630,3.34,2000
2020-08-11 09:30:02.630,3.34,2000
2020-08-11 09:30:02.630,3.34,2000
2020-08-11 09:30:02.630,3.34,100
2020-08-11 09:30:02.630,3.34,1000
2020-08-11 09:30:02.630,3.34,1800
2020-08-11 09:30:02.630,3.34,6000
2020-08-11 09:30:02.630,3.34,200
2020-08-11 09:30:02.630,3.34,1000
2020-08-11 09:30:02.630,3.34,15000
2020-08-11 09:30:02.630,3.34,200
2020-08-11 09:30:02.630,3.34,100
2020-08-11 09:30:02.630,3.34,100
2020-08-11 09:30:02.630,3.341,100
2020-08-11 09:30:02.630,3.341,1500
2020-08-11 09:30:02.630,3.341,1000
2020-08-11 09:30:02.630,3.341,1000
2020-08-11 09:30:02.630,3.341,200
2020-08-11 09:30:02.630,3.341,100
2020-08-11 09:30:02.630,3.342,100
2020-08-11 09:30:02.630,3.342,6000
2020-08-11 09:30:02.630,3.342,200
2020-08-11 09:30:02.630,3.342,252400
2020-08-11 09:30:02.670,3.338,18000
2020-08-11 09:30:03.030,3.338,1500
2020-08-11 09:30:03.060,3.338,300
2020-08-11 09:30:03.060,3.338,3000
2020-08-11 09:30:03.180,3.338,12400
2020-08-11 09:30:03.290,3.338,2500
2020-08-11 09:30:03.450,3.338,8000
2020-08-11 09:30:03.650,3.338,80500
2020-08-11 09:30:03.650,3.335,10000
2020-08-11 09:30:03.650,3.335,200
2020-08-11 09:30:03.650,3.334,208400
2020-08-11 09:30:03.690,3.334,400
2020-08-11 09:30:04.250,3.339,22400
2020-08-11 09:30:04.250,3.339,300
2020-08-11 09:30:04.420,3.339,1000
2020-08-11 09:30:04.500,3.339,5000
2020-08-11 09:30:04.830,3.339,100
2020-08-11 09:30:04.910,3.339,1200
2020-08-11 09:30:04.910,3.339,18800
2020-08-11 09:30:05.110,3.34,12500
2020-08-11 09:30:05.110,3.34,20000
2020-08-11 09:30:05.110,3.34,4000
2020-08-11 09:30:05.110,3.34,10000
2020-08-11 09:30:05.150,3.34,91400
2020-08-11 09:30:05.740,3.34,100
2020-08-11 09:30:06.070,3.34,35000
2020-08-11 09:30:06.110,3.34,100
2020-08-11 09:30:06.110,3.34,300
2020-08-11 09:30:06.730,3.34,126600
2020-08-11 09:30:06.730,3.34,23400
2020-08-11 09:30:07.130,3.34,5100
2020-08-11 09:30:07.940,3.34,5000
2020-08-11 09:30:08.250,3.34,3000
2020-08-11 09:30:08.370,3.34,3000
2020-08-11 09:30:09.460,3.34,500
2020-08-11 09:30:09.620,3.34,47500
2020-08-11 09:30:09.650,3.34,10000
2020-08-11 09:30:09.830,3.34,3700
2020-08-11 09:30:09.830,3.34,100000
2020-08-11 09:30:09.900,3.34,90000
2020-08-11 09:30:09.980,3.341,100
2020-08-11 09:30:10.600,3.341,5000
2020-08-11 09:30:10.870,3.341,5000
2020-08-11 09:30:11.060,3.341,53500
2020-08-11 09:30:11.160,3.341,1500
2020-08-11 09:30:11.270,3.341,200
2020-08-11 09:30:11.470,3.341,100
2020-08-11 09:30:11.550,3.341,30000
2020-08-11 09:30:11.660,3.341,1400
2020-08-11 09:30:11.890,3.341,10000
2020-08-11 09:30:12.120,3.341,1000
2020-08-11 09:30:12.230,3.342,1900
2020-08-11 09:30:12.570,3.341,3000
2020-08-11 09:30:13.050,3.341,9000
2020-08-11 09:30:13.290,3.342,245700
2020-08-11 09:30:13.290,3.342,5000
2020-08-11 09:30:13.290,3.342,2300
2020-08-11 09:30:13.290,3.342,10000
2020-08-11 09:30:13.290,3.342,10000
2020-08-11 09:30:13.290,3.342,1000
2020-08-11 09:30:14.390,3.342,20000
2020-08-11 09:30:15.250,3.343,100
2020-08-11 09:30:15.250,3.343,16000
2020-08-11 09:30:15.250,3.343,1000
2020-08-11 09:30:15.250,3.343,200
2020-08-11 09:30:15.250,3.343,282700
2020-08-11 09:30:15.710,3.343,117300
2020-08-11 09:30:15.710,3.343,5700
2020-08-11 09:30:15.710,3.343,3800
2020-08-11 09:30:15.710,3.343,8600
2020-08-11 09:30:15.710,3.343,8600
2020-08-11 09:30:15.710,3.343,8400
2020-08-11 09:30:15.710,3.343,5000
2020-08-11 09:30:17.300,3.344,100
2020-08-11 09:30:17.300,3.344,10000
2020-08-11 09:30:17.300,3.344,6000
2020-08-11 09:30:17.300,3.344,1000
2020-08-11 09:30:17.300,3.344,6000
2020-08-11 09:30:17.300,3.344,200
2020-08-11 09:30:17.300,3.344,4700
2020-08-11 09:30:17.440,3.343,500
2020-08-11 09:30:17.440,3.343,1500
2020-08-11 09:30:18.260,3.344,300000
2020-08-11 09:30:19.260,3.344,600
2020-08-11 09:30:19.520,3.344,194700
2020-08-11 09:30:19.520,3.344,5000
2020-08-11 09:30:19.590,3.344,6300
2020-08-11 09:30:20.750,3.343,10000
2020-08-11 09:30:21.990,3.345,2000
2020-08-11 09:30:21.990,3.345,2000
2020-08-11 09:30:21.990,3.345,100
2020-08-11 09:30:21.990,3.345,3000
2020-08-11 09:30:21.990,3.345,1000
2020-08-11 09:30:21.990,3.345,200
2020-08-11 09:30:21.990,3.345,200
2020-08-11 09:30:21.990,3.345,5000
2020-08-11 09:30:21.990,3.345,5000
2020-08-11 09:30:21.990,3.345,45300
2020-08-11 09:30:21.990,3.346,100
2020-08-11 09:30:21.990,3.346,1000
2020-08-11 09:30:21.990,3.346,6000
2020-08-11 09:30:21.990,3.346,200
2020-08-11 09:30:21.990,3.346,5000
2020-08-11 09:30:21.990,3.346,100
2020-08-11 09:30:21.990,3.346,4500
2020-08-11 09:30:21.990,3.346,500
2020-08-11 09:30:21.990,3.346,62000
2020-08-11 09:30:21.990,3.347,3000
2020-08-11 09:30:21.990,3.347,100
2020-08-11 09:30:21.990,3.347,200
2020-08-11 09:30:21.990,3.347,1000
2020-08-11 09:30:21.990,3.347,100
2020-08-11 09:30:21.990,3.347,200
2020-08-11 09:30:21.990,3.347,10000
2020-08-11 09:30:21.990,3.347,10000
2020-08-11 09:30:21.990,3.347,6500
2020-08-11 09:30:21.990,3.347,5000
2020-08-11 09:30:21.990,3.347,3000
2020-08-11 09:30:21.990,3.348,100
2020-08-11 09:30:21.990,3.348,1300
2020-08-11 09:30:21.990,3.348,14900
2020-08-11 09:30:21.990,3.348,1000
2020-08-11 09:30:21.990,3.348,6000
2020-08-11 09:30:21.990,3.348,200
2020-08-11 09:30:21.990,3.348,2000
2020-08-11 09:30:21.990,3.348,2200
2020-08-11 09:30:22.090,3.345,4300
2020-08-11 09:30:22.480,3.345,25700
2020-08-11 09:30:22.480,3.344,24300
2020-08-11 09:30:23.810,3.345,3000
2020-08-11 09:30:24.980,3.347,3000
2020-08-11 09:30:25.310,3.346,5000
2020-08-11 09:30:25.730,3.345,1000
2020-08-11 09:30:25.730,3.345,11900
2020-08-11 09:30:25.980,3.345,600
2020-08-11 09:30:26.670,3.345,1400
2020-08-11 09:30:26.670,3.344,6100
2020-08-11 09:30:27.010,3.345,500
2020-08-11 09:30:27.260,3.345,100
2020-08-11 09:30:27.430,3.345,10000
2020-08-11 09:30:28.680,3.347,20000
2020-08-11 09:30:28.680,3.347,24800
2020-08-11 09:30:29.140,3.347,4000
2020-08-11 09:30:29.350,3.347,700
2020-08-11 09:30:29.450,3.347,15000
2020-08-11 09:30:30.380,3.346,3400
2020-08-11 09:30:32.640,3.345,10000
2020-08-11 09:30:32.640,3.347,700
2020-08-11 09:30:32.700,3.347,1500
2020-08-11 09:30:32.820,3.347,6000
2020-08-11 09:30:33.430,3.347,10000
2020-08-11 09:30:33.560,3.344,5000
2020-08-11 09:30:34.160,3.347,900
2020-08-11 09:30:34.190,3.347,4900
2020-08-11 09:30:34.190,3.347,100
2020-08-11 09:30:34.730,3.347,9800
2020-08-11 09:30:35.410,3.347,1100
2020-08-11 09:30:35.820,3.347,3900
2020-08-11 09:30:35.820,3.347,1000
2020-08-11 09:30:36.110,3.347,5100
2020-08-11 09:30:36.140,3.345,100
2020-08-11 09:30:36.230,3.347,4900
2020-08-11 09:30:36.230,3.348,16800
2020-08-11 09:30:36.230,3.348,5000
2020-08-11 09:30:36.230,3.348,10000
2020-08-11 09:30:36.230,3.348,100
2020-08-11 09:30:36.230,3.348,10200
2020-08-11 09:30:36.230,3.348,7500
2020-08-11 09:30:36.230,3.348,5000
2020-08-11 09:30:36.230,3.348,240500
2020-08-11 09:30:36.480,3.347,7300
2020-08-11 09:30:36.520,3.347,30400
2020-08-11 09:30:36.840,3.347,1000
2020-08-11 09:30:37.250,3.348,600
2020-08-11 09:30:37.500,3.347,10000
2020-08-11 09:30:37.800,3.347,100
2020-08-11 09:30:37.830,3.347,28300
2020-08-11 09:30:38.390,3.346,2400
2020-08-11 09:30:38.460,3.347,300
2020-08-11 09:30:38.660,3.347,1400
2020-08-11 09:30:38.660,3.347,298600
2020-08-11 09:30:38.690,3.347,10600
2020-08-11 09:30:38.790,3.347,294500
2020-08-11 09:30:39.200,3.347,5500
2020-08-11 09:30:39.200,3.347,10000
2020-08-11 09:30:39.270,3.347,12400
2020-08-11 09:30:39.840,3.345,500
2020-08-11 09:30:40.250,3.345,1500
2020-08-11 09:30:40.780,3.347,76600
2020-08-11 09:30:40.780,3.347,11800
2020-08-11 09:30:40.780,3.347,2000
2020-08-11 09:30:40.870,3.347,2900
2020-08-11 09:30:40.900,3.347,206700
2020-08-11 09:30:40.900,3.345,87600
2020-08-11 09:30:40.900,3.345,5700
2020-08-11 09:30:41.250,3.347,10000
2020-08-11 09:30:41.690,3.347,2200
2020-08-11 09:30:41.760,3.345,5000
2020-08-11 09:30:42.290,3.347,7800
2020-08-11 09:30:42.290,3.348,5400
2020-08-11 09:30:42.290,3.348,10000
2020-08-11 09:30:42.290,3.348,10000
2020-08-11 09:30:42.290,3.348,3000
2020-08-11 09:30:42.290,3.348,6300
2020-08-11 09:30:42.290,3.348,1000
2020-08-11 09:30:42.290,3.348,20000
2020-08-11 09:30:42.290,3.348,100
2020-08-11 09:30:43.170,3.347,100
2020-08-11 09:30:43.470,3.348,700
2020-08-11 09:30:43.680,3.348,400
2020-08-11 09:30:43.680,3.347,5900
2020-08-11 09:30:43.720,3.347,3000
2020-08-11 09:30:44.460,3.347,12800
2020-08-11 09:30:45.510,3.347,2000
2020-08-11 09:30:46.250,3.346,9400
2020-08-11 09:30:46.720,3.347,2000
2020-08-11 09:30:47.530,3.347,50100
2020-08-11 09:30:47.530,3.348,800
2020-08-11 09:30:47.530,3.348,10000
2020-08-11 09:30:47.530,3.348,1300
2020-08-11 09:30:47.530,3.349,100
2020-08-11 09:30:47.530,3.349,10000
2020-08-11 09:30:47.530,3.349,1000
2020-08-11 09:30:47.530,3.349,3000
2020-08-11 09:30:47.530,3.349,1000
2020-08-11 09:30:47.530,3.349,100
2020-08-11 09:30:47.530,3.349,200
2020-08-11 09:30:47.530,3.349,6100
2020-08-11 09:30:48.550,3.348,300
2020-08-11 09:30:48.650,3.348,5800
2020-08-11 09:30:48.680,3.348,43900
2020-08-11 09:30:48.740,3.347,5000
2020-08-11 09:30:49.010,3.347,50000
2020-08-11 09:30:49.100,3.347,39400
2020-08-11 09:30:50.070,3.347,2000
2020-08-11 09:30:50.570,3.348,5000
2020-08-11 09:30:50.850,3.347,500
2020-08-11 09:30:50.850,3.348,114500
2020-08-11 09:30:50.940,3.347,1500
2020-08-11 09:30:51.460,3.347,46000
2020-08-11 09:30:51.460,3.347,400
2020-08-11 09:30:51.960,3.345,12500
2020-08-11 09:30:52.140,3.347,2700
2020-08-11 09:30:52.390,3.347,50900
2020-08-11 09:30:52.390,3.347,2000
2020-08-11 09:30:52.390,3.348,45900
2020-08-11 09:30:52.820,3.348,600
2020-08-11 09:30:53.230,3.347,10000
2020-08-11 09:30:54.400,3.347,6400
2020-08-11 09:30:56.610,3.345,3100
2020-08-11 09:30:56.610,3.347,1900
2020-08-11 09:30:56.860,3.347,1700
2020-08-11 09:30:56.860,3.347,20000
2020-08-11 09:30:56.860,3.347,31900
2020-08-11 09:30:56.860,3.347,30500
2020-08-11 09:30:56.860,3.347,1200
2020-08-11 09:30:56.860,3.347,4700
2020-08-11 09:30:58.920,3.347,3200
2020-08-11 09:30:59.840,3.347,200
2020-08-11 09:30:59.900,3.347,20000
2020-08-11 09:31:02.680,3.346,400
2020-08-11 09:31:02.680,3.345,100
2020-08-11 09:31:04.160,3.346,2600
2020-08-11 09:31:04.160,3.346,7500
2020-08-11 09:31:04.280,3.346,20000
2020-08-11 09:31:05.690,3.347,3500
2020-08-11 09:31:05.690,3.347,5000
2020-08-11 09:31:05.690,3.347,100
2020-08-11 09:31:05.690,3.347,1400
2020-08-11 09:31:06.070,3.347,48000
2020-08-11 09:31:06.070,3.347,10000
2020-08-11 09:31:06.070,3.347,300
2020-08-11 09:31:06.070,3.347,27600
2020-08-11 09:31:06.070,3.347,2100
2020-08-11 09:31:06.070,3.347,500
2020-08-11 09:31:08.090,3.347,29400
2020-08-11 09:31:08.150,3.347,100
2020-08-11 09:31:08.340,3.347,110000
2020-08-11 09:31:09.500,3.345,300
2020-08-11 09:31:09.500,3.347,10000
2020-08-11 09:31:09.500,3.347,41900
2020-08-11 09:31:09.500,3.347,100000
2020-08-11 09:31:09.940,3.347,1000
2020-08-11 09:31:10.360,3.347,10000
2020-08-11 09:31:10.450,3.347,30000
2020-08-11 09:31:10.920,3.347,29700
2020-08-11 09:31:11.070,3.347,27400
2020-08-11 09:31:11.070,3.347,8000
2020-08-11 09:31:11.070,3.346,40000
2020-08-11 09:31:11.450,3.346,41900
2020-08-11 09:31:11.880,3.346,300000
2020-08-11 09:31:12.500,3.345,1000
2020-08-11 09:31:12.740,3.346,82700
2020-08-11 09:31:12.740,3.346,5000
2020-08-11 09:31:14.320,3.347,700
2020-08-11 09:31:14.580,3.346,4700
2020-08-11 09:31:14.610,3.346,100
2020-08-11 09:31:14.930,3.347,20000
2020-08-11 09:31:15.060,3.347,9300
2020-08-11 09:31:15.060,3.348,400
2020-08-11 09:31:15.060,3.348,300
2020-08-11 09:31:17.120,3.346,12000
2020-08-11 09:31:17.310,3.346,1500
2020-08-11 09:31:17.650,3.347,5000
2020-08-11 09:31:17.650,3.347,10000
2020-08-11 09:31:17.650,3.347,15100
2020-08-11 09:31:17.680,3.347,3500
2020-08-11 09:31:17.680,3.347,300
2020-08-11 09:31:18.380,3.347,7500
2020-08-11 09:31:18.380,3.347,2000
2020-08-11 09:31:18.380,3.346,500
2020-08-11 09:31:19.130,3.347,27800
2020-08-11 09:31:19.170,3.347,10000
2020-08-11 09:31:19.560,3.347,3300
2020-08-11 09:31:20.110,3.347,1800
2020-08-11 09:31:20.140,3.347,11200
2020-08-11 09:31:20.670,3.348,1700
2020-08-11 09:31:20.670,3.348,10000
2020-08-11 09:31:20.670,3.348,1000
2020-08-11 09:31:20.670,3.348,5100
2020-08-11 09:31:20.670,3.348,4000
2020-08-11 09:31:20.670,3.348,5000
2020-08-11 09:31:20.670,3.348,30000
2020-08-11 09:31:20.670,3.348,100
2020-08-11 09:31:20.670,3.348,1000
2020-08-11 09:31:20.670,3.348,300
2020-08-11 09:31:20.670,3.348,10000
2020-08-11 09:31:20.670,3.348,300
2020-08-11 09:31:20.670,3.348,29500
2020-08-11 09:31:20.670,3.348,2000
2020-08-11 09:31:20.670,3.348,10000
2020-08-11 09:31:20.670,3.348,10000
2020-08-11 09:31:20.670,3.348,20000
2020-08-11 09:31:20.670,3.348,10000
2020-08-11 09:31:20.670,3.348,30000
2020-08-11 09:31:20.670,3.348,5000
2020-08-11 09:31:20.670,3.348,5000
2020-08-11 09:31:20.670,3.348,5000
2020-08-11 09:31:21.620,3.348,3000
2020-08-11 09:31:22.650,3.348,75600
2020-08-11 09:31:22.650,3.348,14100
2020-08-11 09:31:23.450,3.348,300
2020-08-11 09:31:23.880,3.348,300
2020-08-11 09:31:23.950,3.348,10000
2020-08-11 09:31:23.980,3.349,2700
2020-08-11 09:31:23.980,3.349,5000
2020-08-11 09:31:23.980,3.349,4000
2020-08-11 09:31:23.980,3.349,11600
2020-08-11 09:31:23.980,3.349,1000
2020-08-11 09:31:23.980,3.349,5300
2020-08-11 09:31:23.980,3.349,5200
2020-08-11 09:31:23.980,3.349,1000
2020-08-11 09:31:23.980,3.349,6000
2020-08-11 09:31:23.980,3.349,15000
2020-08-11 09:31:23.980,3.349,12000
2020-08-11 09:31:23.980,3.349,1200
2020-08-11 09:31:23.980,3.349,1100
2020-08-11 09:31:24.420,3.348,21200
2020-08-11 09:31:26.120,3.348,16200
2020-08-11 09:31:26.470,3.348,44300
2020-08-11 09:31:26.940,3.349,5200
2020-08-11 09:31:26.940,3.349,100
2020-08-11 09:31:26.940,3.349,1000
2020-08-11 09:31:26.940,3.349,10000
2020-08-11 09:31:26.940,3.349,30000
2020-08-11 09:31:26.940,3.349,3700
2020-08-11 09:31:26.940,3.349,21100
2020-08-11 09:31:26.940,3.349,2000
2020-08-11 09:31:26.940,3.35,2000
2020-08-11 09:31:26.940,3.35,3000
2020-08-11 09:31:26.940,3.35,10000
2020-08-11 09:31:26.940,3.35,2000
2020-08-11 09:31:26.940,3.35,10000
2020-08-11 09:31:26.940,3.35,3800
2020-08-11 09:31:26.940,3.35,100
2020-08-11 09:31:26.940,3.35,10000
2020-08-11 09:31:26.940,3.35,5000
2020-08-11 09:31:26.940,3.35,1500
2020-08-11 09:31:26.940,3.35,1000
2020-08-11 09:31:26.940,3.35,53200
2020-08-11 09:31:26.940,3.35,1800
2020-08-11 09:31:26.940,3.35,7000
2020-08-11 09:31:26.940,3.35,6000
2020-08-11 09:31:26.940,3.35,1500
2020-08-11 09:31:26.940,3.35,1500
2020-08-11 09:31:26.940,3.35,12000
2020-08-11 09:31:26.940,3.35,600
2020-08-11 09:31:26.940,3.35,200
2020-08-11 09:31:26.940,3.35,1000
2020-08-11 09:31:26.940,3.35,1000
2020-08-11 09:31:26.940,3.35,200
2020-08-11 09:31:26.940,3.35,5000
2020-08-11 09:31:26.940,3.35,100
2020-08-11 09:31:26.940,3.35,6100
2020-08-11 09:31:26.940,3.35,200
2020-08-11 09:31:26.940,3.35,20000
2020-08-11 09:31:26.940,3.35,200
2020-08-11 09:31:26.940,3.35,15000
2020-08-11 09:31:26.940,3.35,1200
2020-08-11 09:31:26.940,3.35,13700
2020-08-11 09:31:26.940,3.35,100
2020-08-11 09:31:26.940,3.35,3000
2020-08-11 09:31:26.940,3.35,30000
2020-08-11 09:31:26.940,3.35,10000
2020-08-11 09:31:26.940,3.35,10000
2020-08-11 09:31:26.940,3.35,20000
2020-08-11 09:31:26.940,3.35,7900
2020-08-11 09:31:26.940,3.35,20000
2020-08-11 09:31:27.000,3.348,10000
2020-08-11 09:31:27.130,3.348,10000
2020-08-11 09:31:27.290,3.35,42100
2020-08-11 09:31:27.290,3.35,5000
2020-08-11 09:31:28.580,3.351,2800
2020-08-11 09:31:28.580,3.35,10000
2020-08-11 09:31:28.970,3.35,4500
2020-08-11 09:31:29.140,3.35,6000
2020-08-11 09:31:29.400,3.35,1200
2020-08-11 09:31:29.920,3.35,14400
2020-08-11 09:31:29.990,3.351,2200
2020-08-11 09:31:29.990,3.351,100
2020-08-11 09:31:29.990,3.351,300
2020-08-11 09:31:30.690,3.35,1800
2020-08-11 09:31:30.930,3.35,15000
2020-08-11 09:31:31.120,3.35,3000
2020-08-11 09:31:31.950,3.351,700
2020-08-11 09:31:31.950,3.351,100
2020-08-11 09:31:31.950,3.351,500
2020-08-11 09:31:31.950,3.351,300
2020-08-11 09:31:31.980,3.35,100000
2020-08-11 09:31:32.130,3.35,50000
2020-08-11 09:31:32.660,3.35,30000
2020-08-11 09:31:32.690,3.35,1000
2020-08-11 09:31:33.290,3.35,5000
2020-08-11 09:31:33.630,3.351,4600
2020-08-11 09:31:33.630,3.351,100
2020-08-11 09:31:33.630,3.351,5000
2020-08-11 09:31:33.630,3.351,30000
2020-08-11 09:31:33.630,3.351,10000
2020-08-11 09:31:33.630,3.351,300
2020-08-11 09:31:33.820,3.351,6200
2020-08-11 09:31:34.230,3.35,10000
2020-08-11 09:31:34.520,3.35,1000
2020-08-11 09:31:34.520,3.35,9000
2020-08-11 09:31:34.930,3.35,1500
2020-08-11 09:31:34.930,3.35,100
2020-08-11 09:31:36.430,3.35,5000
2020-08-11 09:31:36.930,3.351,3500
2020-08-11 09:31:36.930,3.351,1000
2020-08-11 09:31:36.930,3.351,1000
2020-08-11 09:31:36.930,3.352,4500
2020-08-11 09:31:37.200,3.35,3000
2020-08-11 09:31:37.480,3.35,1000
2020-08-11 09:31:37.540,3.35,10000
2020-08-11 09:31:37.700,3.35,5000
2020-08-11 09:31:38.260,3.35,34700
2020-08-11 09:31:39.090,3.351,10000
2020-08-11 09:31:39.090,3.351,100
2020-08-11 09:31:39.420,3.351,1800
2020-08-11 09:31:39.620,3.351,3000
2020-08-11 09:31:39.870,3.351,3100
2020-08-11 09:31:40.670,3.35,500
2020-08-11 09:31:41.510,3.351,5000
2020-08-11 09:31:41.510,3.351,19900
2020-08-11 09:31:41.890,3.351,3000
2020-08-11 09:31:41.950,3.352,500
2020-08-11 09:31:41.950,3.352,100
2020-08-11 09:31:41.950,3.352,1000
2020-08-11 09:31:41.950,3.352,6000
2020-08-11 09:31:41.950,3.352,200
2020-08-11 09:31:41.950,3.352,5700
2020-08-11 09:31:41.950,3.352,52000
2020-08-11 09:31:41.950,3.352,5000
2020-08-11 09:31:41.950,3.352,1000
2020-08-11 09:31:41.950,3.352,1000
2020-08-11 09:31:41.950,3.352,11000
2020-08-11 09:31:41.950,3.352,2000
2020-08-11 09:31:41.950,3.352,1000
2020-08-11 09:31:41.950,3.352,100
2020-08-11 09:31:41.950,3.352,1000
2020-08-11 09:31:41.950,3.352,10000
2020-08-11 09:31:41.950,3.352,184400
2020-08-11 09:31:41.950,3.351,7100
2020-08-11 09:31:41.950,3.35,100
2020-08-11 09:31:41.950,3.35,5300
2020-08-11 09:31:41.950,3.35,27500
2020-08-11 09:31:42.150,3.352,115600
2020-08-11 09:31:42.240,3.352,9000
2020-08-11 09:31:42.430,3.352,100
2020-08-11 09:31:44.160,3.352,1000
2020-08-11 09:31:44.360,3.352,10000
2020-08-11 09:31:44.760,3.352,100
2020-08-11 09:31:44.760,3.352,100
2020-08-11 09:31:45.020,3.353,7500
2020-08-11 09:31:45.020,3.353,10100
2020-08-11 09:31:45.020,3.353,10100
2020-08-11 09:31:45.020,3.353,10100
2020-08-11 09:31:45.020,3.353,5000
2020-08-11 09:31:45.020,3.353,5000
2020-08-11 09:31:45.020,3.353,100
2020-08-11 09:31:45.020,3.353,1000
2020-08-11 09:31:45.020,3.353,10000
2020-08-11 09:31:45.020,3.353,200
2020-08-11 09:31:45.020,3.353,10000
2020-08-11 09:31:45.020,3.353,10000
2020-08-11 09:31:45.020,3.353,4000
2020-08-11 09:31:45.020,3.353,5000
2020-08-11 09:31:45.020,3.353,4000
2020-08-11 09:31:45.020,3.353,14800
2020-08-11 09:31:45.150,3.352,20000
2020-08-11 09:31:45.510,3.352,144100
2020-08-11 09:31:45.510,3.352,3000
2020-08-11 09:31:45.570,3.351,3000
2020-08-11 09:31:45.570,3.351,10000
2020-08-11 09:31:45.570,3.351,3000
2020-08-11 09:31:45.570,3.351,4000
2020-08-11 09:31:45.570,3.351,30000
2020-08-11 09:31:46.630,3.351,35000
2020-08-11 09:31:46.630,3.352,20000
2020-08-11 09:31:46.630,3.352,5000
2020-08-11 09:31:46.630,3.352,34500
2020-08-11 09:31:47.280,3.352,209100
2020-08-11 09:31:47.280,3.352,300000
2020-08-11 09:31:47.280,3.353,4000
2020-08-11 09:31:47.280,3.353,4000
2020-08-11 09:31:47.280,3.353,300
2020-08-11 09:31:47.280,3.353,30000
2020-08-11 09:31:47.280,3.353,1000
2020-08-11 09:31:47.280,3.353,15000
2020-08-11 09:31:47.280,3.353,20000
2020-08-11 09:31:47.280,3.353,10000
2020-08-11 09:31:47.280,3.354,5000
2020-08-11 09:31:47.280,3.354,100
2020-08-11 09:31:47.280,3.354,1000
2020-08-11 09:31:47.280,3.354,500
2020-08-11 09:31:47.940,3.352,200
2020-08-11 09:31:48.860,3.352,5000
2020-08-11 09:31:48.920,3.352,5200
2020-08-11 09:31:49.910,3.35,10000
2020-08-11 09:31:50.700,3.35,20000
2020-08-11 09:31:50.990,3.35,30200
2020-08-11 09:31:50.990,3.351,5000
2020-08-11 09:31:51.550,3.351,3600
2020-08-11 09:31:51.740,3.351,1000
2020-08-11 09:31:51.950,3.351,100
2020-08-11 09:31:52.660,3.351,100
2020-08-11 09:31:53.120,3.349,2000
2020-08-11 09:31:53.250,3.349,15000
2020-08-11 09:31:53.400,3.349,9100
2020-08-11 09:31:53.980,3.349,3000
2020-08-11 09:31:54.270,3.349,5000
2020-08-11 09:31:55.790,3.349,2000
2020-08-11 09:31:55.970,3.349,4500
2020-08-11 09:31:56.000,3.349,1000
2020-08-11 09:31:56.040,3.349,5000
2020-08-11 09:31:56.970,3.349,200
2020-08-11 09:31:57.900,3.349,50000
2020-08-11 09:31:58.120,3.348,113600
2020-08-11 09:31:58.120,3.348,20000
2020-08-11 09:31:58.120,3.348,5900
2020-08-11 09:31:58.120,3.348,6100
2020-08-11 09:31:58.420,3.348,300000
2020-08-11 09:31:58.420,3.347,2000
2020-08-11 09:31:58.420,3.347,130000
2020-08-11 09:31:58.420,3.347,15400
2020-08-11 09:31:58.420,3.347,2000
2020-08-11 09:31:58.420,3.347,41500
2020-08-11 09:31:59.280,3.348,500
2020-08-11 09:31:59.850,3.347,3000
2020-08-11 09:32:01.770,3.346,500
2020-08-11 09:32:01.800,3.347,105900
2020-08-11 09:32:01.800,3.347,4000
2020-08-11 09:32:01.800,3.348,190100
2020-08-11 09:32:02.680,3.346,10000
2020-08-11 09:32:02.680,3.348,263800
2020-08-11 09:32:02.680,3.348,36200
2020-08-11 09:32:03.110,3.347,5000
2020-08-11 09:32:04.190,3.347,49200
2020-08-11 09:32:05.100,3.347,3000
2020-08-11 09:32:06.110,3.348,100
2020-08-11 09:32:07.090,3.348,100
2020-08-11 09:32:07.090,3.348,2000
2020-08-11 09:32:07.090,3.348,400
2020-08-11 09:32:07.090,3.349,500
2020-08-11 09:32:07.940,3.348,400
2020-08-11 09:32:07.940,3.348,4100
2020-08-11 09:32:08.890,3.349,295900
2020-08-11 09:32:08.990,3.347,500
2020-08-11 09:32:09.150,3.348,10000
2020-08-11 09:32:09.530,3.348,1000
2020-08-11 09:32:09.740,3.348,10000
2020-08-11 09:32:10.110,3.348,5000
2020-08-11 09:32:10.610,3.349,1400
2020-08-11 09:32:10.840,3.348,2000
2020-08-11 09:32:10.900,3.348,700
2020-08-11 09:32:11.180,3.348,1800
2020-08-11 09:32:11.660,3.348,1700
2020-08-11 09:32:12.890,3.348,2900
2020-08-11 09:32:13.580,3.348,6900
2020-08-11 09:32:14.230,3.348,2000
2020-08-11 09:32:14.360,3.348,1900
2020-08-11 09:32:15.270,3.348,2800
2020-08-11 09:32:15.270,3.348,1800
2020-08-11 09:32:15.740,3.348,2900
2020-08-11 09:32:16.010,3.348,11200
2020-08-11 09:32:16.940,3.348,2500
2020-08-11 09:32:17.290,3.349,205400
2020-08-11 09:32:17.290,3.349,100
2020-08-11 09:32:17.290,3.349,3100
2020-08-11 09:32:17.290,3.349,10000
2020-08-11 09:32:17.290,3.349,17000
2020-08-11 09:32:17.290,3.349,41500
2020-08-11 09:32:17.290,3.349,1800
2020-08-11 09:32:17.350,3.349,3900
2020-08-11 09:32:17.630,3.349,5000
2020-08-11 09:32:17.760,3.349,10000
2020-08-11 09:32:17.880,3.35,700
2020-08-11 09:32:17.880,3.35,5000
2020-08-11 09:32:17.880,3.35,200
2020-08-11 09:32:17.880,3.35,4100
2020-08-11 09:32:18.030,3.349,2200
2020-08-11 09:32:18.030,3.348,2800
2020-08-11 09:32:18.870,3.349,15000
2020-08-11 09:32:19.210,3.348,8800
2020-08-11 09:32:19.210,3.348,3000
2020-08-11 09:32:19.210,3.348,2000
2020-08-11 09:32:19.210,3.348,4200
2020-08-11 09:32:19.680,3.349,200
2020-08-11 09:32:19.680,3.348,7300
2020-08-11 09:32:19.840,3.349,5000
2020-08-11 09:32:19.930,3.349,32000
2020-08-11 09:32:20.820,3.35,900
2020-08-11 09:32:20.820,3.35,2400
2020-08-11 09:32:20.820,3.35,1000
2020-08-11 09:32:21.980,3.35,100
2020-08-11 09:32:22.380,3.349,1200
2020-08-11 09:32:22.380,3.348,200
2020-08-11 09:32:22.640,3.348,100
2020-08-11 09:32:22.760,3.348,2000
2020-08-11 09:32:23.570,3.348,5000
2020-08-11 09:32:23.980,3.351,7000
2020-08-11 09:32:23.980,3.351,5000
2020-08-11 09:32:23.980,3.351,10000
2020-08-11 09:32:23.980,3.351,10000
2020-08-11 09:32:23.980,3.351,100
2020-08-11 09:32:25.080,3.349,3000
2020-08-11 09:32:25.080,3.349,7200
2020-08-11 09:32:25.250,3.349,16800
2020-08-11 09:32:26.500,3.351,10300
2020-08-11 09:32:26.530,3.351,1000
2020-08-11 09:32:27.500,3.351,2000
2020-08-11 09:32:27.500,3.352,22100
2020-08-11 09:32:27.500,3.352,5000
2020-08-11 09:32:27.500,3.352,30000
2020-08-11 09:32:27.500,3.352,400
2020-08-11 09:32:27.500,3.352,1000
2020-08-11 09:32:27.500,3.352,10000
2020-08-11 09:32:27.500,3.352,5300
2020-08-11 09:32:27.500,3.352,3000
2020-08-11 09:32:27.500,3.352,93000
2020-08-11 09:32:27.500,3.352,5000
2020-08-11 09:32:27.500,3.352,6600
2020-08-11 09:32:28.420,3.35,1000
2020-08-11 09:32:28.420,3.35,300
2020-08-11 09:32:28.610,3.35,300
2020-08-11 09:32:28.610,3.35,16500
2020-08-11 09:32:28.610,3.35,2000
2020-08-11 09:32:28.910,3.35,1000
2020-08-11 09:32:33.030,3.352,600
2020-08-11 09:32:33.390,3.35,1100
2020-08-11 09:32:33.640,3.35,2800
2020-08-11 09:32:33.640,3.35,17200
2020-08-11 09:32:35.040,3.35,75800
2020-08-11 09:32:35.040,3.35,100
2020-08-11 09:32:35.040,3.35,2000
2020-08-11 09:32:35.040,3.35,2000
2020-08-11 09:32:35.040,3.349,2700
2020-08-11 09:32:35.040,3.349,117400
2020-08-11 09:32:36.300,3.35,5000
2020-08-11 09:32:36.300,3.35,1000
2020-08-11 09:32:36.300,3.35,8400
2020-08-11 09:32:36.330,3.351,2600
2020-08-11 09:32:36.790,3.351,7400
2020-08-11 09:32:36.790,3.35,2000
2020-08-11 09:32:36.790,3.35,9400
2020-08-11 09:32:37.240,3.35,81200
2020-08-11 09:32:37.240,3.35,100
2020-08-11 09:32:38.390,3.351,25300
2020-08-11 09:32:38.510,3.352,13100
2020-08-11 09:32:38.510,3.352,6900
2020-08-11 09:32:38.850,3.35,21000
2020-08-11 09:32:39.100,3.35,600
2020-08-11 09:32:39.310,3.352,3000
2020-08-11 09:32:39.310,3.352,500
2020-08-11 09:32:39.340,3.352,200
2020-08-11 09:32:40.790,3.352,100
2020-08-11 09:32:41.730,3.352,2000
2020-08-11 09:32:42.590,3.352,1000
2020-08-11 09:32:42.630,3.352,100
2020-08-11 09:32:43.180,3.351,10000
2020-08-11 09:32:43.750,3.352,100
2020-08-11 09:32:44.820,3.352,20000
2020-08-11 09:32:44.820,3.353,10000
2020-08-11 09:32:44.820,3.353,100
2020-08-11 09:32:44.820,3.353,3000
2020-08-11 09:32:44.820,3.353,50000
2020-08-11 09:32:44.820,3.353,1500
2020-08-11 09:32:44.820,3.353,10000
2020-08-11 09:32:44.820,3.353,20000
2020-08-11 09:32:44.820,3.353,5000
2020-08-11 09:32:44.820,3.353,6000
2020-08-11 09:32:44.820,3.353,10000
2020-08-11 09:32:44.820,3.353,10000
2020-08-11 09:32:44.820,3.353,20000
2020-08-11 09:32:44.900,3.354,5500
2020-08-11 09:32:44.900,3.354,100
2020-08-11 09:32:44.900,3.354,100
2020-08-11 09:32:44.900,3.354,200
2020-08-11 09:32:44.900,3.354,1200
2020-08-11 09:32:45.670,3.354,2600
2020-08-11 09:32:45.790,3.351,1200
2020-08-11 09:32:45.940,3.353,10000
2020-08-11 09:32:46.150,3.354,3000
2020-08-11 09:32:47.110,3.353,1000
2020-08-11 09:32:47.200,3.353,9800
2020-08-11 09:32:49.130,3.351,18800
2020-08-11 09:32:49.130,3.351,11200
2020-08-11 09:32:49.170,3.351,500
2020-08-11 09:32:49.450,3.351,4000
2020-08-11 09:32:51.250,3.351,4300
2020-08-11 09:32:51.250,3.35,5700
2020-08-11 09:32:52.020,3.351,600
2020-08-11 09:32:52.250,3.351,2400
2020-08-11 09:32:52.250,3.351,600
2020-08-11 09:32:54.600,3.351,1400
2020-08-11 09:32:54.600,3.351,6600
2020-08-11 09:32:54.970,3.351,3400
2020-08-11 09:32:54.970,3.351,6600
2020-08-11 09:32:56.040,3.351,5400
2020-08-11 09:32:56.040,3.352,2600
2020-08-11 09:32:56.190,3.35,1000
2020-08-11 09:32:56.290,3.35,1000
2020-08-11 09:32:56.950,3.352,7600
2020-08-11 09:32:56.950,3.352,2000
2020-08-11 09:32:56.950,3.352,10400
2020-08-11 09:32:58.760,3.352,19600
2020-08-11 09:32:58.760,3.352,400
2020-08-11 09:32:59.060,3.352,50000
2020-08-11 09:32:59.520,3.351,21000
2020-08-11 09:33:00.280,3.351,140100
2020-08-11 09:33:00.490,3.352,10000
2020-08-11 09:33:00.780,3.352,5000
2020-08-11 09:33:01.460,3.352,5000
2020-08-11 09:33:01.800,3.351,100
2020-08-11 09:33:02.870,3.352,29600
2020-08-11 09:33:02.870,3.352,300
2020-08-11 09:33:02.870,3.352,100
2020-08-11 09:33:02.940,3.351,33700
2020-08-11 09:33:03.190,3.351,1300
2020-08-11 09:33:04.400,3.352,2900
2020-08-11 09:33:04.400,3.352,5200
2020-08-11 09:33:04.400,3.352,500
2020-08-11 09:33:04.400,3.353,1400
2020-08-11 09:33:04.460,3.351,1000
2020-08-11 09:33:04.460,3.353,600
2020-08-11 09:33:04.460,3.353,10000
2020-08-11 09:33:04.460,3.353,9400
2020-08-11 09:33:05.020,3.353,40600
2020-08-11 09:33:05.020,3.353,5000
2020-08-11 09:33:05.020,3.353,2500
2020-08-11 09:33:05.020,3.353,3200
2020-08-11 09:33:05.020,3.353,3000
2020-08-11 09:33:05.020,3.353,4000
2020-08-11 09:33:05.020,3.353,3000
2020-08-11 09:33:05.020,3.354,3300
2020-08-11 09:33:05.020,3.354,4700
2020-08-11 09:33:05.020,3.354,5000
2020-08-11 09:33:05.020,3.354,200
2020-08-11 09:33:05.020,3.354,100000
2020-08-11 09:33:05.020,3.354,30000
2020-08-11 09:33:05.020,3.354,100
2020-08-11 09:33:05.020,3.354,10000
2020-08-11 09:33:05.020,3.354,10000
2020-08-11 09:33:05.020,3.354,20000
2020-08-11 09:33:05.020,3.354,40000
2020-08-11 09:33:05.020,3.354,10000
2020-08-11 09:33:05.020,3.354,500
2020-08-11 09:33:05.020,3.354,200
2020-08-11 09:33:05.020,3.354,4700
2020-08-11 09:33:05.380,3.351,1000
2020-08-11 09:33:06.730,3.351,1800
2020-08-11 09:33:07.470,3.352,10000
2020-08-11 09:33:07.640,3.352,1000
2020-08-11 09:33:07.920,3.352,1000
2020-08-11 09:33:09.710,3.352,100
2020-08-11 09:33:09.860,3.352,5000
2020-08-11 09:33:10.720,3.352,208400
2020-08-11 09:33:11.460,3.352,5000
2020-08-11 09:33:11.760,3.352,15500
2020-08-11 09:33:12.290,3.353,100
2020-08-11 09:33:12.290,3.353,9900
2020-08-11 09:33:12.470,3.352,3000
2020-08-11 09:33:12.470,3.352,800
2020-08-11 09:33:13.810,3.352,2000
2020-08-11 09:33:13.870,3.352,100
2020-08-11 09:33:13.940,3.352,3800
2020-08-11 09:33:14.790,3.352,1000
2020-08-11 09:33:15.280,3.352,400
2020-08-11 09:33:16.180,3.353,1900
2020-08-11 09:33:16.860,3.352,300
2020-08-11 09:33:17.520,3.352,9700
2020-08-11 09:33:17.520,3.352,1700
2020-08-11 09:33:17.520,3.352,30000
2020-08-11 09:33:17.520,3.352,5000
2020-08-11 09:33:17.520,3.352,5000
2020-08-11 09:33:21.310,3.352,1000
2020-08-11 09:33:22.100,3.352,2000
2020-08-11 09:33:23.210,3.352,7100
2020-08-11 09:33:23.420,3.352,186300
2020-08-11 09:33:23.420,3.352,100
2020-08-11 09:33:23.420,3.352,65600
2020-08-11 09:33:23.420,3.352,5900
2020-08-11 09:33:23.420,3.352,2000
2020-08-11 09:33:23.420,3.352,40100
2020-08-11 09:33:24.100,3.351,2900
2020-08-11 09:33:24.470,3.352,3200
2020-08-11 09:33:24.500,3.352,30000
2020-08-11 09:33:26.320,3.351,700
2020-08-11 09:33:26.650,3.351,1000
2020-08-11 09:33:27.550,3.351,1200
2020-08-11 09:33:27.550,3.351,8800
2020-08-11 09:33:27.800,3.352,4900
2020-08-11 09:33:29.660,3.352,400
2020-08-11 09:33:31.620,3.351,1200
2020-08-11 09:33:31.620,3.351,10000
2020-08-11 09:33:31.620,3.351,300
2020-08-11 09:33:33.480,3.351,3000
2020-08-11 09:33:33.510,3.351,40000
2020-08-11 09:33:33.510,3.351,10000
2020-08-11 09:33:33.510,3.351,30000
2020-08-11 09:33:33.510,3.351,40000
2020-08-11 09:33:33.510,3.351,20000
2020-08-11 09:33:33.510,3.351,10000
2020-08-11 09:33:34.000,3.351,2000
2020-08-11 09:33:34.090,3.351,700
2020-08-11 09:33:34.830,3.351,3200
2020-08-11 09:33:35.070,3.35,3000
2020-08-11 09:33:35.140,3.35,3900
2020-08-11 09:33:35.140,3.35,30000
2020-08-11 09:33:35.140,3.35,235000
2020-08-11 09:33:35.140,3.35,6100
2020-08-11 09:33:35.140,3.35,300
2020-08-11 09:33:35.140,3.35,44700
2020-08-11 09:33:35.140,3.35,10000
2020-08-11 09:33:35.140,3.35,10000
2020-08-11 09:33:35.140,3.35,300
2020-08-11 09:33:35.140,3.35,1300
2020-08-11 09:33:35.140,3.35,158400
2020-08-11 09:33:35.560,3.351,129600
2020-08-11 09:33:35.560,3.351,1000
2020-08-11 09:33:35.560,3.351,1500
2020-08-11 09:33:35.560,3.351,7200
2020-08-11 09:33:35.560,3.351,15800
2020-08-11 09:33:35.920,3.351,1000
2020-08-11 09:33:36.320,3.352,700
2020-08-11 09:33:36.320,3.352,15600
2020-08-11 09:33:36.580,3.352,8800
2020-08-11 09:33:36.580,3.352,5000
2020-08-11 09:33:36.580,3.352,1100
2020-08-11 09:33:36.580,3.352,5100
2020-08-11 09:33:36.870,3.352,12700
2020-08-11 09:33:36.870,3.352,10000
2020-08-11 09:33:36.870,3.352,8600
2020-08-11 09:33:36.870,3.352,10200
2020-08-11 09:33:36.870,3.352,18500
2020-08-11 09:33:37.300,3.352,800
2020-08-11 09:33:38.960,3.351,20000
2020-08-11 09:33:39.080,3.351,6100
2020-08-11 09:33:39.300,3.352,700
2020-08-11 09:33:39.300,3.352,9300
2020-08-11 09:33:39.800,3.351,17500
2020-08-11 09:33:40.280,3.351,30000
2020-08-11 09:33:40.560,3.351,1000
2020-08-11 09:33:40.740,3.352,3000
2020-08-11 09:33:40.840,3.351,1100
2020-08-11 09:33:41.120,3.351,10000
2020-08-11 09:33:41.270,3.351,5000
2020-08-11 09:33:41.360,3.351,6500
2020-08-11 09:33:42.090,3.351,2500
2020-08-11 09:33:42.750,3.351,44200
2020-08-11 09:33:42.750,3.351,55800
2020-08-11 09:33:43.600,3.351,1000
2020-08-11 09:33:43.900,3.351,22800
2020-08-11 09:33:44.500,3.351,1400
2020-08-11 09:33:45.500,3.352,17700
2020-08-11 09:33:45.500,3.352,5000
2020-08-11 09:33:45.500,3.352,5000
2020-08-11 09:33:45.500,3.352,1300
2020-08-11 09:33:45.900,3.351,2500
2020-08-11 09:33:47.150,3.352,3700
2020-08-11 09:33:47.150,3.352,2900
2020-08-11 09:33:47.150,3.352,10000
2020-08-11 09:33:47.150,3.352,100
2020-08-11 09:33:47.150,3.352,30000
2020-08-11 09:33:47.150,3.352,500
2020-08-11 09:33:47.150,3.352,6000
2020-08-11 09:33:47.150,3.352,11000
2020-08-11 09:33:47.150,3.352,500
2020-08-11 09:33:47.150,3.352,10000
2020-08-11 09:33:47.150,3.352,10000
2020-08-11 09:33:47.150,3.352,41300
2020-08-11 09:33:47.150,3.352,1200
2020-08-11 09:33:47.370,3.352,2500
2020-08-11 09:33:47.670,3.352,5100
2020-08-11 09:33:47.730,3.352,400
2020-08-11 09:33:48.190,3.352,40000
2020-08-11 09:33:48.230,3.352,500
2020-08-11 09:33:48.970,3.353,3200
2020-08-11 09:33:48.970,3.353,65300
2020-08-11 09:33:48.970,3.353,3000
2020-08-11 09:33:48.970,3.353,28500
2020-08-11 09:33:48.970,3.353,6100
2020-08-11 09:33:48.970,3.353,2900
2020-08-11 09:33:48.970,3.353,100
2020-08-11 09:33:48.970,3.353,7900
2020-08-11 09:33:48.970,3.353,3000
2020-08-11 09:33:48.970,3.352,600
2020-08-11 09:33:49.460,3.352,4400
2020-08-11 09:33:49.640,3.352,9900
2020-08-11 09:33:50.370,3.352,1600
2020-08-11 09:33:50.930,3.352,59300
2020-08-11 09:33:51.820,3.352,10000
2020-08-11 09:33:52.240,3.352,5000
2020-08-11 09:33:52.490,3.352,300
2020-08-11 09:33:53.140,3.352,4300
2020-08-11 09:33:53.240,3.352,800
2020-08-11 09:33:54.540,3.352,14100
2020-08-11 09:33:54.540,3.352,3000
2020-08-11 09:33:54.540,3.352,400
2020-08-11 09:33:54.540,3.352,2500
2020-08-11 09:33:55.270,3.353,2000
2020-08-11 09:33:55.270,3.353,11400
2020-08-11 09:33:55.270,3.353,2000
2020-08-11 09:33:55.270,3.353,4600
2020-08-11 09:33:56.220,3.352,3700
2020-08-11 09:33:56.550,3.352,10000
2020-08-11 09:33:56.730,3.352,10000
2020-08-11 09:33:56.850,3.352,300
2020-08-11 09:33:56.920,3.353,5400
2020-08-11 09:33:56.920,3.353,100
2020-08-11 09:33:56.920,3.353,5900
2020-08-11 09:33:56.920,3.353,3000
2020-08-11 09:33:56.920,3.353,3500
2020-08-11 09:33:56.920,3.353,300
2020-08-11 09:33:56.920,3.354,1800
2020-08-11 09:33:57.610,3.353,10000
2020-08-11 09:33:58.280,3.353,100
2020-08-11 09:33:59.100,3.353,10000
2020-08-11 09:33:59.220,3.353,1600
2020-08-11 09:33:59.280,3.353,39000
2020-08-11 09:33:59.740,3.353,1000
2020-08-11 09:34:00.110,3.353,20000
2020-08-11 09:34:00.200,3.353,800
2020-08-11 09:34:00.260,3.353,100000
2020-08-11 09:34:00.290,3.353,2000
2020-08-11 09:34:00.880,3.354,8600
2020-08-11 09:34:00.880,3.354,291400
2020-08-11 09:34:00.880,3.354,8600
2020-08-11 09:34:00.880,3.354,52900
2020-08-11 09:34:00.880,3.354,2000
2020-08-11 09:34:00.880,3.354,1300
2020-08-11 09:34:00.880,3.354,200
2020-08-11 09:34:00.880,3.354,2000
2020-08-11 09:34:00.880,3.354,100
2020-08-11 09:34:00.880,3.354,22900
2020-08-11 09:34:01.820,3.354,300
2020-08-11 09:34:02.110,3.353,100
2020-08-11 09:34:02.500,3.354,135400
2020-08-11 09:34:02.500,3.354,3000
2020-08-11 09:34:02.500,3.354,100
2020-08-11 09:34:02.500,3.354,4100
2020-08-11 09:34:02.500,3.354,4000
2020-08-11 09:34:02.500,3.354,200
2020-08-11 09:34:02.500,3.354,2000
2020-08-11 09:34:02.500,3.354,5000
2020-08-11 09:34:02.500,3.354,500
2020-08-11 09:34:02.500,3.354,100
2020-08-11 09:34:02.500,3.355,2000
2020-08-11 09:34:02.500,3.355,6000
2020-08-11 09:34:02.500,3.355,5000
2020-08-11 09:34:02.500,3.355,100
2020-08-11 09:34:02.500,3.355,500
2020-08-11 09:34:02.500,3.355,10000
2020-08-11 09:34:02.500,3.355,10000
2020-08-11 09:34:02.500,3.355,10000
2020-08-11 09:34:02.500,3.355,1000
2020-08-11 09:34:02.500,3.355,10000
2020-08-11 09:34:02.500,3.355,200
2020-08-11 09:34:02.500,3.355,10000
2020-08-11 09:34:02.500,3.355,5000
2020-08-11 09:34:02.500,3.355,200
2020-08-11 09:34:02.500,3.355,5000
2020-08-11 09:34:02.500,3.355,28600
2020-08-11 09:34:02.500,3.355,40000
2020-08-11 09:34:02.500,3.355,2000
2020-08-11 09:34:02.500,3.355,6000
2020-08-11 09:34:02.500,3.355,600
2020-08-11 09:34:02.500,3.355,72000
2020-08-11 09:34:02.500,3.355,1000
2020-08-11 09:34:02.500,3.355,10000
2020-08-11 09:34:02.500,3.355,200
2020-08-11 09:34:02.500,3.355,1600
2020-08-11 09:34:02.500,3.355,1800
2020-08-11 09:34:02.500,3.355,10100
2020-08-11 09:34:02.500,3.355,1500
2020-08-11 09:34:02.500,3.355,10000
2020-08-11 09:34:02.500,3.355,1000
2020-08-11 09:34:02.500,3.355,10000
2020-08-11 09:34:02.500,3.355,1300
2020-08-11 09:34:02.500,3.355,54500
2020-08-11 09:34:02.500,3.355,1000
2020-08-11 09:34:02.500,3.355,1800
2020-08-11 09:34:02.500,3.355,20000
2020-08-11 09:34:02.500,3.355,5000
2020-08-11 09:34:02.500,3.355,20000
2020-08-11 09:34:02.500,3.355,5500
2020-08-11 09:34:02.500,3.355,65100
2020-08-11 09:34:02.560,3.353,4900
2020-08-11 09:34:02.710,3.353,9900
2020-08-11 09:34:03.370,3.354,150000
2020-08-11 09:34:04.150,3.354,10000
2020-08-11 09:34:04.250,3.354,7800
2020-08-11 09:34:05.160,3.354,500
2020-08-11 09:34:05.760,3.354,20000
2020-08-11 09:34:06.100,3.354,10000
2020-08-11 09:34:07.970,3.354,2000
2020-08-11 09:34:08.700,3.354,2500
2020-08-11 09:34:08.940,3.354,1000
2020-08-11 09:34:09.440,3.354,1000
2020-08-11 09:34:09.590,3.354,100
2020-08-11 09:34:11.400,3.354,3000
2020-08-11 09:34:11.890,3.356,300
2020-08-11 09:34:12.420,3.356,2700
2020-08-11 09:34:12.420,3.356,1000
2020-08-11 09:34:12.420,3.356,5000
2020-08-11 09:34:12.420,3.356,10000
2020-08-11 09:34:12.420,3.356,1000
2020-08-11 09:34:12.420,3.356,100
2020-08-11 09:34:12.420,3.356,200
2020-08-11 09:34:12.420,3.356,800
2020-08-11 09:34:12.420,3.356,1000
2020-08-11 09:34:12.420,3.356,6000
2020-08-11 09:34:12.420,3.356,200
2020-08-11 09:34:12.420,3.356,1600
2020-08-11 09:34:12.420,3.356,100
2020-08-11 09:34:12.420,3.356,100
2020-08-11 09:34:12.420,3.356,500
2020-08-11 09:34:12.420,3.356,7100
2020-08-11 09:34:12.420,3.356,2600
2020-08-11 09:34:12.450,3.355,3100
2020-08-11 09:34:12.720,3.356,7400
2020-08-11 09:34:12.720,3.356,500
2020-08-11 09:34:12.720,3.356,1400
2020-08-11 09:34:12.720,3.356,10000
2020-08-11 09:34:12.720,3.356,10000
2020-08-11 09:34:12.720,3.356,3000
2020-08-11 09:34:12.720,3.356,1500
2020-08-11 09:34:12.720,3.356,5000
2020-08-11 09:34:12.720,3.356,9000
2020-08-11 09:34:12.720,3.356,20000
2020-08-11 09:34:12.720,3.356,3000
2020-08-11 09:34:12.720,3.356,20000
2020-08-11 09:34:12.720,3.356,200
2020-08-11 09:34:12.720,3.356,31500
2020-08-11 09:34:12.720,3.356,100
2020-08-11 09:34:12.720,3.356,2000
2020-08-11 09:34:12.720,3.357,1000
2020-08-11 09:34:12.720,3.357,10000
2020-08-11 09:34:12.720,3.357,1000
2020-08-11 09:34:12.720,3.357,5000
2020-08-11 09:34:12.720,3.357,200
2020-08-11 09:34:12.720,3.357,10000
2020-08-11 09:34:12.720,3.357,200
2020-08-11 09:34:12.720,3.357,29000
2020-08-11 09:34:12.720,3.357,10000
2020-08-11 09:34:12.720,3.357,109000
2020-08-11 09:34:13.210,3.357,300000
2020-08-11 09:34:13.930,3.356,5000
2020-08-11 09:34:14.480,3.356,900
2020-08-11 09:34:15.000,3.356,5200
2020-08-11 09:34:15.150,3.356,20000
2020-08-11 09:34:15.390,3.356,3000
2020-08-11 09:34:15.420,3.357,91000
2020-08-11 09:34:15.420,3.357,1600
2020-08-11 09:34:15.420,3.357,4900
2020-08-11 09:34:15.420,3.357,1000
2020-08-11 09:34:15.420,3.357,3000
2020-08-11 09:34:15.420,3.357,2500
2020-08-11 09:34:15.420,3.357,50000
2020-08-11 09:34:15.420,3.357,1800
2020-08-11 09:34:15.420,3.357,10000
2020-08-11 09:34:15.420,3.357,2000
2020-08-11 09:34:15.420,3.357,500
2020-08-11 09:34:15.420,3.357,700
2020-08-11 09:34:15.420,3.357,5000
2020-08-11 09:34:15.420,3.357,500
2020-08-11 09:34:15.420,3.357,1300
2020-08-11 09:34:15.420,3.357,6500
2020-08-11 09:34:15.420,3.357,12600
2020-08-11 09:34:15.420,3.357,1000
2020-08-11 09:34:15.710,3.358,1000
2020-08-11 09:34:15.710,3.358,10000
2020-08-11 09:34:15.710,3.358,800
2020-08-11 09:34:15.710,3.358,2800
2020-08-11 09:34:15.710,3.358,3000
2020-08-11 09:34:15.710,3.358,300
2020-08-11 09:34:15.710,3.358,1000
2020-08-11 09:34:15.710,3.358,1000
2020-08-11 09:34:15.710,3.358,6000
2020-08-11 09:34:15.710,3.358,100
2020-08-11 09:34:15.710,3.358,2000
2020-08-11 09:34:15.710,3.358,100
2020-08-11 09:34:15.710,3.358,200
2020-08-11 09:34:15.710,3.358,5000
2020-08-11 09:34:15.710,3.358,10000
2020-08-11 09:34:15.710,3.358,20000
2020-08-11 09:34:15.710,3.358,5100
2020-08-11 09:34:15.710,3.358,3000
2020-08-11 09:34:15.710,3.358,5000
2020-08-11 09:34:15.710,3.358,100
2020-08-11 09:34:15.710,3.358,10000
2020-08-11 09:34:15.710,3.358,5000
2020-08-11 09:34:15.710,3.358,4000
2020-08-11 09:34:15.710,3.358,204500
2020-08-11 09:34:15.780,3.358,295500
2020-08-11 09:34:15.780,3.358,4500
2020-08-11 09:34:16.100,3.357,100
2020-08-11 09:34:16.390,3.357,5000
2020-08-11 09:34:17.250,3.357,5000
2020-08-11 09:34:17.640,3.358,14500
2020-08-11 09:34:17.640,3.358,3000
2020-08-11 09:34:17.640,3.358,5000
2020-08-11 09:34:17.640,3.358,10000
2020-08-11 09:34:17.640,3.358,1000
2020-08-11 09:34:17.640,3.358,500
2020-08-11 09:34:17.640,3.358,12000
2020-08-11 09:34:17.640,3.358,16800
2020-08-11 09:34:17.640,3.358,10000
2020-08-11 09:34:17.640,3.358,10000
2020-08-11 09:34:17.640,3.358,3000
2020-08-11 09:34:17.640,3.358,19600
2020-08-11 09:34:17.640,3.358,200
2020-08-11 09:34:17.640,3.358,20000
2020-08-11 09:34:17.640,3.358,1800
2020-08-11 09:34:17.640,3.359,5000
2020-08-11 09:34:17.640,3.359,4000
2020-08-11 09:34:17.640,3.359,52000
2020-08-11 09:34:17.640,3.359,500
2020-08-11 09:34:17.640,3.359,100
2020-08-11 09:34:17.640,3.359,1000
2020-08-11 09:34:17.640,3.359,200
2020-08-11 09:34:17.640,3.359,5000
2020-08-11 09:34:17.640,3.359,5000
2020-08-11 09:34:17.640,3.359,17400
2020-08-11 09:34:17.640,3.359,2000
2020-08-11 09:34:17.640,3.359,1000
2020-08-11 09:34:17.640,3.359,10000
2020-08-11 09:34:17.640,3.359,1000
2020-08-11 09:34:17.640,3.359,15000
2020-08-11 09:34:17.640,3.359,100
2020-08-11 09:34:17.640,3.359,53300
2020-08-11 09:34:18.290,3.357,3500
2020-08-11 09:34:18.350,3.359,4000
2020-08-11 09:34:18.380,3.359,900
2020-08-11 09:34:18.740,3.357,90500
2020-08-11 09:34:18.740,3.357,23000
2020-08-11 09:34:18.740,3.356,486500
2020-08-11 09:34:18.940,3.356,10000
2020-08-11 09:34:19.400,3.356,10000
2020-08-11 09:34:20.090,3.356,2000
2020-08-11 09:34:20.250,3.356,3200
2020-08-11 09:34:20.510,3.356,20000
2020-08-11 09:34:20.870,3.356,10000
2020-08-11 09:34:22.260,3.356,424200
2020-08-11 09:34:22.260,3.356,300
2020-08-11 09:34:22.260,3.356,7000
2020-08-11 09:34:22.260,3.356,1000
2020-08-11 09:34:22.260,3.356,5300
2020-08-11 09:34:22.260,3.355,20000
2020-08-11 09:34:22.260,3.354,42300
2020-08-11 09:34:23.400,3.357,7800
2020-08-11 09:34:23.850,3.357,200
2020-08-11 09:34:23.850,3.358,5000
2020-08-11 09:34:23.850,3.358,20000
2020-08-11 09:34:23.850,3.358,174800
2020-08-11 09:34:24.220,3.357,1000
2020-08-11 09:34:25.390,3.356,3500
2020-08-11 09:34:25.390,3.356,300
2020-08-11 09:34:25.390,3.356,1600
2020-08-11 09:34:25.390,3.357,1000
2020-08-11 09:34:26.310,3.357,100
2020-08-11 09:34:27.140,3.357,5000
2020-08-11 09:34:29.340,3.357,300
2020-08-11 09:34:29.370,3.357,2200
2020-08-11 09:34:30.580,3.357,4000
2020-08-11 09:34:31.020,3.355,3000
2020-08-11 09:34:32.510,3.357,300
2020-08-11 09:34:32.950,3.357,500
2020-08-11 09:34:33.270,3.357,300
2020-08-11 09:34:33.270,3.357,100
2020-08-11 09:34:33.270,3.357,4900
2020-08-11 09:34:34.660,3.357,15100
2020-08-11 09:34:34.660,3.357,30000
2020-08-11 09:34:34.660,3.357,30000
2020-08-11 09:34:34.660,3.357,4900
2020-08-11 09:34:36.300,3.357,700
2020-08-11 09:34:37.020,3.357,200
2020-08-11 09:34:37.730,3.356,4000
2020-08-11 09:34:38.380,3.356,4600
2020-08-11 09:34:39.500,3.357,1200
2020-08-11 09:34:39.500,3.357,1500
2020-08-11 09:34:39.500,3.357,1000
2020-08-11 09:34:39.500,3.357,3000
2020-08-11 09:34:39.500,3.357,59
2020-08-11 09:34:39.500,3.357,10000
2020-08-11 09:34:39.500,3.357,100
2020-08-11 09:34:39.500,3.357,4141
2020-08-11 09:34:39.660,3.356,14400
2020-08-11 09:34:39.860,3.357,300
2020-08-11 09:34:40.710,3.357,559
2020-08-11 09:34:40.710,3.357,941
2020-08-11 09:34:41.550,3.357,3100
2020-08-11 09:34:41.930,3.356,10000
2020-08-11 09:34:42.080,3.356,13100
2020-08-11 09:34:42.080,3.356,2000
2020-08-11 09:34:42.210,3.356,50000
2020-08-11 09:34:44.010,3.356,100
2020-08-11 09:34:44.140,3.357,2500
2020-08-11 09:34:44.350,3.356,300
2020-08-11 09:34:46.870,3.356,1000
2020-08-11 09:34:47.020,3.357,13459
2020-08-11 09:34:47.020,3.357,5000
2020-08-11 09:34:47.020,3.357,300
2020-08-11 09:34:47.020,3.357,10000
2020-08-11 09:34:47.470,3.357,1241
2020-08-11 09:34:47.470,3.357,3759
2020-08-11 09:34:47.690,3.357,2641
2020-08-11 09:34:47.690,3.357,1000
2020-08-11 09:34:47.720,3.357,1359
2020-08-11 09:34:47.720,3.358,2641
2020-08-11 09:34:47.900,3.357,1000
2020-08-11 09:34:47.900,3.358,20000
2020-08-11 09:34:48.160,3.356,8600
2020-08-11 09:34:48.160,3.356,3400
2020-08-11 09:34:48.330,3.357,200
2020-08-11 09:34:48.950,3.356,200
2020-08-11 09:34:49.660,3.357,9800
2020-08-11 09:34:49.840,3.357,7800
2020-08-11 09:34:50.220,3.357,700
2020-08-11 09:34:50.330,3.357,2000
2020-08-11 09:34:50.350,3.357,10000
2020-08-11 09:34:51.170,3.357,9700
2020-08-11 09:34:51.170,3.357,10300
2020-08-11 09:34:52.450,3.357,5000
2020-08-11 09:34:52.510,3.357,1000
2020-08-11 09:34:52.840,3.357,5000
2020-08-11 09:34:53.390,3.357,15000
2020-08-11 09:34:53.900,3.357,1000
2020-08-11 09:34:54.110,3.357,30000
2020-08-11 09:34:54.330,3.357,3000
2020-08-11 09:34:55.700,3.357,20000
2020-08-11 09:34:56.120,3.357,9900
2020-08-11 09:34:56.210,3.357,100
2020-08-11 09:34:56.280,3.358,65559
2020-08-11 09:34:56.280,3.358,5000
2020-08-11 09:34:56.280,3.358,5000
2020-08-11 09:34:56.280,3.358,20000
2020-08-11 09:34:56.280,3.358,100
2020-08-11 09:34:56.280,3.358,1000
2020-08-11 09:34:56.280,3.358,100
2020-08-11 09:34:56.280,3.358,22000
2020-08-11 09:34:56.280,3.358,5000
2020-08-11 09:34:56.280,3.358,5000
2020-08-11 09:34:56.280,3.358,3000
2020-08-11 09:34:56.280,3.358,2600
2020-08-11 09:34:56.280,3.358,54800
2020-08-11 09:34:56.280,3.358,10000
2020-08-11 09:34:56.280,3.358,400
2020-08-11 09:34:56.280,3.358,500
2020-08-11 09:34:56.280,3.358,30000
2020-08-11 09:34:56.280,3.358,10000
2020-08-11 09:34:56.280,3.359,59941
2020-08-11 09:34:56.280,3.359,300000
2020-08-11 09:34:57.780,3.359,81859
2020-08-11 09:34:57.780,3.359,5000
2020-08-11 09:34:57.780,3.359,10000
2020-08-11 09:34:57.780,3.359,9000
2020-08-11 09:34:57.780,3.359,6000
2020-08-11 09:34:57.780,3.359,100
2020-08-11 09:34:57.780,3.359,200
2020-08-11 09:34:57.780,3.359,3000
2020-08-11 09:34:57.780,3.359,60000
2020-08-11 09:34:57.780,3.359,1000
2020-08-11 09:34:57.780,3.359,10000
2020-08-11 09:34:57.780,3.359,10000
2020-08-11 09:34:57.780,3.359,10000
2020-08-11 09:34:57.780,3.359,4000
2020-08-11 09:34:57.780,3.359,100
2020-08-11 09:34:57.780,3.359,1000
2020-08-11 09:34:57.780,3.359,88741
2020-08-11 09:34:58.420,3.358,10000
2020-08-11 09:34:58.570,3.358,10000
2020-08-11 09:34:59.880,3.358,3000
2020-08-11 09:35:00.690,3.359,20000
2020-08-11 09:35:01.100,3.358,11500
2020-08-11 09:35:01.150,3.359,30100
2020-08-11 09:35:01.460,3.359,11159
2020-08-11 09:35:01.460,3.359,5000
2020-08-11 09:35:01.460,3.359,1000
2020-08-11 09:35:01.460,3.359,100
2020-08-11 09:35:01.460,3.359,3500
2020-08-11 09:35:01.460,3.359,6800
2020-08-11 09:35:01.460,3.359,30000
2020-08-11 09:35:01.460,3.359,4900
2020-08-11 09:35:01.460,3.359,5000
2020-08-11 09:35:01.460,3.359,1400
2020-08-11 09:35:01.460,3.359,30000
2020-08-11 09:35:01.460,3.359,30000
2020-08-11 09:35:01.460,3.359,41
2020-08-11 09:35:02.420,3.358,4200
2020-08-11 09:35:02.480,3.359,59
2020-08-11 09:35:02.960,3.36,2000
2020-08-11 09:35:02.960,3.36,17500
2020-08-11 09:35:02.960,3.36,2000
2020-08-11 09:35:02.960,3.36,2000
2020-08-11 09:35:02.960,3.36,500
2020-08-11 09:35:02.960,3.36,100
2020-08-11 09:35:02.960,3.36,400
2020-08-11 09:35:02.960,3.36,1700
2020-08-11 09:35:02.960,3.36,10000
2020-08-11 09:35:02.960,3.36,1500
2020-08-11 09:35:02.960,3.36,100
2020-08-11 09:35:02.960,3.36,100
2020-08-11 09:35:02.960,3.36,10000
2020-08-11 09:35:02.960,3.36,2000
2020-08-11 09:35:02.960,3.36,3000
2020-08-11 09:35:02.960,3.36,5000
2020-08-11 09:35:02.960,3.36,1000
2020-08-11 09:35:02.960,3.36,1800
2020-08-11 09:35:02.960,3.36,6000
2020-08-11 09:35:02.960,3.36,100
2020-08-11 09:35:02.960,3.36,10000
2020-08-11 09:35:02.960,3.36,2000
2020-08-11 09:35:02.960,3.36,10000
2020-08-11 09:35:02.960,3.36,300
2020-08-11 09:35:02.960,3.36,200
2020-08-11 09:35:02.960,3.36,5000
2020-08-11 09:35:02.960,3.36,20000
2020-08-11 09:35:02.960,3.36,5600
2020-08-11 09:35:02.960,3.36,1000
2020-08-11 09:35:02.960,3.36,5000
2020-08-11 09:35:02.960,3.36,4700
2020-08-11 09:35:02.960,3.36,1000
2020-08-11 09:35:02.960,3.36,2000
2020-08-11 09:35:02.960,3.36,200
2020-08-11 09:35:02.960,3.36,10000
2020-08-11 09:35:02.960,3.36,200
2020-08-11 09:35:02.960,3.36,100
2020-08-11 09:35:02.960,3.36,20000
2020-08-11 09:35:02.960,3.36,100
2020-08-11 09:35:02.960,3.36,20000
2020-08-11 09:35:02.960,3.36,6000
2020-08-11 09:35:02.960,3.36,200
2020-08-11 09:35:02.960,3.36,10000
2020-08-11 09:35:02.960,3.36,2000
2020-08-11 09:35:02.960,3.36,2000
2020-08-11 09:35:02.960,3.36,15000
2020-08-11 09:35:02.960,3.36,2000
2020-08-11 09:35:02.960,3.36,2000
2020-08-11 09:35:02.960,3.36,600
2020-08-11 09:35:02.960,3.36,20000
2020-08-11 09:35:02.960,3.36,9000
2020-08-11 09:35:02.960,3.36,100000
2020-08-11 09:35:02.960,3.36,200
2020-08-11 09:35:02.960,3.36,500
2020-08-11 09:35:02.960,3.36,3500
2020-08-11 09:35:02.960,3.36,10000
2020-08-11 09:35:02.960,3.36,3500
2020-08-11 09:35:02.960,3.36,1000
2020-08-11 09:35:02.960,3.36,500
2020-08-11 09:35:02.960,3.36,3000
2020-08-11 09:35:02.960,3.36,11300
2020-08-11 09:35:02.960,3.36,6900
2020-08-11 09:35:02.960,3.36,30000
2020-08-11 09:35:02.960,3.36,1400
2020-08-11 09:35:02.960,3.36,6000
2020-08-11 09:35:02.960,3.36,10000
2020-08-11 09:35:02.960,3.36,500
2020-08-11 09:35:02.960,3.36,3000
2020-08-11 09:35:02.960,3.36,20000
2020-08-11 09:35:02.960,3.36,10000
2020-08-11 09:35:02.960,3.36,42800
2020-08-11 09:35:02.960,3.36,1000
2020-08-11 09:35:02.960,3.36,5000
2020-08-11 09:35:02.960,3.36,3100
2020-08-11 09:35:02.960,3.36,50000
2020-08-11 09:35:02.960,3.36,1000
2020-08-11 09:35:02.960,3.36,60000
2020-08-11 09:35:03.020,3.359,1000
2020-08-11 09:35:03.360,3.36,1400
2020-08-11 09:35:03.750,3.359,45000
2020-08-11 09:35:04.200,3.359,2000
2020-08-11 09:35:05.030,3.36,37000
2020-08-11 09:35:05.030,3.36,100
2020-08-11 09:35:05.030,3.36,2400
2020-08-11 09:35:05.030,3.36,100
2020-08-11 09:35:05.030,3.36,2000
2020-08-11 09:35:05.030,3.36,2700
2020-08-11 09:35:05.030,3.36,200
2020-08-11 09:35:05.030,3.36,500
2020-08-11 09:35:05.030,3.361,5000
2020-08-11 09:35:05.030,3.361,200
2020-08-11 09:35:05.030,3.361,5000
2020-08-11 09:35:05.030,3.361,34800
2020-08-11 09:35:05.420,3.359,10000
2020-08-11 09:35:05.980,3.359,1000
2020-08-11 09:35:06.280,3.359,5000
2020-08-11 09:35:06.440,3.36,10000
2020-08-11 09:35:06.500,3.36,10000
2020-08-11 09:35:06.530,3.36,300
2020-08-11 09:35:06.530,3.36,500
2020-08-11 09:35:06.890,3.36,1000
2020-08-11 09:35:06.890,3.36,5600
2020-08-11 09:35:07.310,3.36,1100
2020-08-11 09:35:07.650,3.36,10000
2020-08-11 09:35:08.830,3.361,15200
2020-08-11 09:35:08.830,3.361,500
2020-08-11 09:35:08.830,3.361,1000
2020-08-11 09:35:08.830,3.361,100
2020-08-11 09:35:08.830,3.361,200
2020-08-11 09:35:08.830,3.361,5000
2020-08-11 09:35:08.830,3.361,600
2020-08-11 09:35:08.830,3.361,600
2020-08-11 09:35:08.830,3.361,2000
2020-08-11 09:35:08.830,3.361,1000
2020-08-11 09:35:08.830,3.361,300
2020-08-11 09:35:08.830,3.361,1000
2020-08-11 09:35:08.830,3.361,10000
2020-08-11 09:35:08.830,3.361,10000
2020-08-11 09:35:08.830,3.361,3000
2020-08-11 09:35:08.830,3.361,500
2020-08-11 09:35:08.830,3.361,1000
2020-08-11 09:35:08.830,3.361,100
2020-08-11 09:35:08.830,3.361,3000
2020-08-11 09:35:08.830,3.361,1500
2020-08-11 09:35:08.830,3.361,14000
2020-08-11 09:35:08.980,3.361,20100
2020-08-11 09:35:09.480,3.361,200
2020-08-11 09:35:09.950,3.361,80000
2020-08-11 09:35:11.140,3.36,2900
2020-08-11 09:35:11.900,3.361,1500
2020-08-11 09:35:11.900,3.36,18500
2020-08-11 09:35:12.200,3.362,300
2020-08-11 09:35:12.200,3.362,1000
2020-08-11 09:35:12.200,3.362,6000
2020-08-11 09:35:12.200,3.362,100
2020-08-11 09:35:12.200,3.362,200
2020-08-11 09:35:12.200,3.362,5000
2020-08-11 09:35:12.200,3.362,2000
2020-08-11 09:35:12.200,3.362,4300
2020-08-11 09:35:12.200,3.362,3000
2020-08-11 09:35:12.200,3.362,2000
2020-08-11 09:35:12.200,3.362,500
2020-08-11 09:35:12.200,3.362,12600
2020-08-11 09:35:12.200,3.362,200
2020-08-11 09:35:12.200,3.362,2000
2020-08-11 09:35:12.200,3.362,2000
2020-08-11 09:35:12.200,3.362,100
2020-08-11 09:35:12.200,3.362,4000
2020-08-11 09:35:12.200,3.362,4700
2020-08-11 09:35:12.420,3.361,2000
2020-08-11 09:35:12.670,3.362,5800
2020-08-11 09:35:12.900,3.361,5400
2020-08-11 09:35:13.250,3.361,5000
2020-08-11 09:35:13.710,3.361,100
2020-08-11 09:35:14.010,3.362,2600
2020-08-11 09:35:14.010,3.362,10000
2020-08-11 09:35:14.010,3.362,2100
2020-08-11 09:35:14.160,3.362,100
2020-08-11 09:35:14.530,3.362,500
2020-08-11 09:35:14.810,3.362,2100
2020-08-11 09:35:15.040,3.362,2000
2020-08-11 09:35:15.230,3.363,100
2020-08-11 09:35:15.360,3.362,600
2020-08-11 09:35:15.360,3.362,10000
2020-08-11 09:35:15.450,3.363,200
2020-08-11 09:35:15.600,3.362,270000
2020-08-11 09:35:15.600,3.362,30900
2020-08-11 09:35:17.450,3.362,1000
2020-08-11 09:35:17.810,3.362,100
2020-08-11 09:35:18.140,3.362,5000
2020-08-11 09:35:18.200,3.363,2800
2020-08-11 09:35:18.200,3.363,200
2020-08-11 09:35:18.200,3.363,2000
2020-08-11 09:35:18.200,3.363,3000
2020-08-11 09:35:18.200,3.363,1800
2020-08-11 09:35:18.200,3.363,1000
2020-08-11 09:35:18.200,3.363,1000
2020-08-11 09:35:18.200,3.363,3000
2020-08-11 09:35:18.200,3.363,200
2020-08-11 09:35:18.200,3.363,5000
2020-08-11 09:35:18.200,3.363,500
2020-08-11 09:35:18.200,3.363,500
2020-08-11 09:35:18.200,3.363,10000
2020-08-11 09:35:18.200,3.363,10000
2020-08-11 09:35:18.200,3.363,4000
2020-08-11 09:35:18.200,3.363,1000
2020-08-11 09:35:18.200,3.363,14000
2020-08-11 09:35:18.200,3.363,1500
2020-08-11 09:35:18.200,3.363,20000
2020-08-11 09:35:18.200,3.363,3000
2020-08-11 09:35:18.200,3.363,2000
2020-08-11 09:35:18.200,3.363,6000
2020-08-11 09:35:18.200,3.363,2500
2020-08-11 09:35:18.200,3.363,3100
2020-08-11 09:35:18.200,3.363,6000
2020-08-11 09:35:18.200,3.363,10000
2020-08-11 09:35:18.200,3.363,1400
2020-08-11 09:35:18.200,3.363,50000
2020-08-11 09:35:18.200,3.363,300
2020-08-11 09:35:18.200,3.363,300
2020-08-11 09:35:18.200,3.364,1000
2020-08-11 09:35:18.200,3.364,1700
2020-08-11 09:35:18.200,3.364,6000
2020-08-11 09:35:18.200,3.364,100
2020-08-11 09:35:18.200,3.364,200
2020-08-11 09:35:18.200,3.364,5000
2020-08-11 09:35:18.200,3.364,2900
2020-08-11 09:35:18.200,3.364,10000
2020-08-11 09:35:18.200,3.364,107000
2020-08-11 09:35:18.200,3.364,30000
2020-08-11 09:35:18.200,3.364,90000
2020-08-11 09:35:18.200,3.364,10000
2020-08-11 09:35:18.350,3.363,2000
2020-08-11 09:35:18.350,3.362,1000
2020-08-11 09:35:18.840,3.363,1000
2020-08-11 09:35:18.840,3.363,3000
2020-08-11 09:35:19.150,3.364,300000
2020-08-11 09:35:19.910,3.363,200
2020-08-11 09:35:21.180,3.364,800
2020-08-11 09:35:21.260,3.364,2000
2020-08-11 09:35:21.390,3.364,5000
2020-08-11 09:35:21.450,3.365,2000
2020-08-11 09:35:21.450,3.365,10000
2020-08-11 09:35:21.450,3.365,500
2020-08-11 09:35:21.450,3.365,3000
2020-08-11 09:35:21.450,3.365,200
2020-08-11 09:35:21.450,3.365,1100
2020-08-11 09:35:21.450,3.365,5000
2020-08-11 09:35:21.450,3.365,1200
2020-08-11 09:35:21.450,3.365,1000
2020-08-11 09:35:21.450,3.365,6000
2020-08-11 09:35:21.450,3.365,700
2020-08-11 09:35:21.450,3.365,5600
2020-08-11 09:35:21.450,3.365,100
2020-08-11 09:35:21.450,3.365,10000
2020-08-11 09:35:21.450,3.365,1000
2020-08-11 09:35:21.450,3.365,200
2020-08-11 09:35:21.450,3.365,5000
2020-08-11 09:35:21.450,3.365,600
2020-08-11 09:35:21.450,3.365,22000
2020-08-11 09:35:21.450,3.365,500
2020-08-11 09:35:21.450,3.365,159300
2020-08-11 09:35:21.450,3.365,300
2020-08-11 09:35:21.450,3.365,6000
2020-08-11 09:35:21.450,3.365,200
2020-08-11 09:35:21.450,3.365,600
2020-08-11 09:35:21.450,3.365,500
2020-08-11 09:35:21.450,3.365,800
2020-08-11 09:35:21.450,3.365,100
2020-08-11 09:35:21.450,3.365,56500
2020-08-11 09:35:22.310,3.364,7000
2020-08-11 09:35:22.900,3.364,5000
2020-08-11 09:35:23.240,3.364,20000
2020-08-11 09:35:23.420,3.365,3100
2020-08-11 09:35:23.750,3.365,40400
2020-08-11 09:35:23.750,3.365,30000
2020-08-11 09:35:23.750,3.365,500
2020-08-11 09:35:23.750,3.365,1000
2020-08-11 09:35:23.750,3.365,10000
2020-08-11 09:35:23.750,3.365,1000
2020-08-11 09:35:23.750,3.365,10000
2020-08-11 09:35:23.750,3.365,10000
2020-08-11 09:35:23.750,3.365,6000
2020-08-11 09:35:23.750,3.365,42800
2020-08-11 09:35:23.750,3.365,18000
2020-08-11 09:35:23.750,3.365,1700
2020-08-11 09:35:23.750,3.365,300
2020-08-11 09:35:23.750,3.365,3000
2020-08-11 09:35:23.750,3.365,3000
2020-08-11 09:35:23.750,3.365,5000
2020-08-11 09:35:23.750,3.365,1000
2020-08-11 09:35:23.750,3.365,9000
2020-08-11 09:35:23.750,3.365,2000
2020-08-11 09:35:23.750,3.365,10000
2020-08-11 09:35:23.750,3.365,20000
2020-08-11 09:35:23.750,3.365,1000
2020-08-11 09:35:24.020,3.365,500
2020-08-11 09:35:24.080,3.365,3000
2020-08-11 09:35:24.080,3.365,3000
2020-08-11 09:35:24.320,3.365,6000
2020-08-11 09:35:24.670,3.365,10000
2020-08-11 09:35:25.380,3.365,1500
2020-08-11 09:35:25.860,3.365,5000
2020-08-11 09:35:26.540,3.365,100
2020-08-11 09:35:27.260,3.365,4000
2020-08-11 09:35:28.600,3.365,6000
2020-08-11 09:35:28.870,3.365,10000
2020-08-11 09:35:28.960,3.365,2000
2020-08-11 09:35:29.190,3.366,1000
2020-08-11 09:35:29.190,3.366,5000
2020-08-11 09:35:29.190,3.366,500
2020-08-11 09:35:29.190,3.366,100
2020-08-11 09:35:29.190,3.366,2600
2020-08-11 09:35:29.810,3.365,5000
2020-08-11 09:35:30.230,3.366,2400
2020-08-11 09:35:30.230,3.366,1000
2020-08-11 09:35:30.230,3.366,6000
2020-08-11 09:35:30.230,3.366,100
2020-08-11 09:35:30.230,3.366,200
2020-08-11 09:35:30.230,3.366,5000
2020-08-11 09:35:30.230,3.366,12000
2020-08-11 09:35:30.230,3.365,18200
2020-08-11 09:35:30.230,3.365,1500
2020-08-11 09:35:30.230,3.365,300
2020-08-11 09:35:30.260,3.365,2100
2020-08-11 09:35:30.810,3.365,3500
2020-08-11 09:35:30.810,3.365,5000
2020-08-11 09:35:30.810,3.365,37600
2020-08-11 09:35:31.260,3.366,6000
2020-08-11 09:35:31.260,3.366,4000
2020-08-11 09:35:31.320,3.365,2000
2020-08-11 09:35:31.790,3.366,4000
2020-08-11 09:35:31.790,3.366,1000
2020-08-11 09:35:31.790,3.366,10000
2020-08-11 09:35:31.790,3.366,100
2020-08-11 09:35:31.790,3.366,500
2020-08-11 09:35:31.790,3.366,12200
2020-08-11 09:35:31.790,3.366,12500
2020-08-11 09:35:31.790,3.366,21700
2020-08-11 09:35:31.790,3.366,5000
2020-08-11 09:35:31.790,3.366,4000
2020-08-11 09:35:31.790,3.366,2500
2020-08-11 09:35:31.790,3.366,2500
2020-08-11 09:35:31.820,3.366,3000
2020-08-11 09:35:33.160,3.366,3000
2020-08-11 09:35:33.220,3.367,200
2020-08-11 09:35:33.220,3.367,400
2020-08-11 09:35:33.220,3.367,1000
2020-08-11 09:35:33.220,3.367,1000
2020-08-11 09:35:33.220,3.367,200
2020-08-11 09:35:33.220,3.367,10000
2020-08-11 09:35:33.220,3.367,5000
2020-08-11 09:35:33.220,3.367,10000
2020-08-11 09:35:33.220,3.367,15500
2020-08-11 09:35:33.220,3.367,2000
2020-08-11 09:35:33.220,3.367,10200
2020-08-11 09:35:33.220,3.367,5000
2020-08-11 09:35:33.220,3.367,100
2020-08-11 09:35:33.220,3.367,2000
2020-08-11 09:35:33.220,3.367,1000
2020-08-11 09:35:33.220,3.367,2000
2020-08-11 09:35:33.220,3.367,8000
2020-08-11 09:35:33.220,3.367,100
2020-08-11 09:35:33.220,3.367,3000
2020-08-11 09:35:33.220,3.367,223300
2020-08-11 09:35:33.220,3.367,30000
2020-08-11 09:35:33.220,3.367,30000
2020-08-11 09:35:33.380,3.367,2500
2020-08-11 09:35:33.910,3.367,300000
2020-08-11 09:35:34.430,3.367,200
2020-08-11 09:35:34.550,3.366,10000
2020-08-11 09:35:35.040,3.366,2000
2020-08-11 09:35:35.750,3.367,198300
2020-08-11 09:35:35.980,3.367,115700
2020-08-11 09:35:35.980,3.367,1000
2020-08-11 09:35:36.220,3.367,200
2020-08-11 09:35:36.250,3.368,7000
2020-08-11 09:35:36.280,3.368,35000
2020-08-11 09:35:36.280,3.368,1700
2020-08-11 09:35:36.280,3.368,500
2020-08-11 09:35:36.280,3.368,3000
2020-08-11 09:35:36.280,3.368,3000
2020-08-11 09:35:36.280,3.368,1000
2020-08-11 09:35:36.280,3.368,1000
2020-08-11 09:35:36.280,3.368,6000
2020-08-11 09:35:36.280,3.368,100
2020-08-11 09:35:36.280,3.368,100
2020-08-11 09:35:36.280,3.368,5000
2020-08-11 09:35:36.280,3.368,5000
2020-08-11 09:35:36.280,3.368,4300
2020-08-11 09:35:36.280,3.368,4000
2020-08-11 09:35:36.280,3.368,2100
2020-08-11 09:35:36.280,3.368,10000
2020-08-11 09:35:36.280,3.368,25000
2020-08-11 09:35:36.280,3.368,700
2020-08-11 09:35:36.280,3.368,1500
2020-08-11 09:35:36.280,3.368,300
2020-08-11 09:35:36.280,3.368,2800
2020-08-11 09:35:36.280,3.368,5200
2020-08-11 09:35:36.280,3.368,5000
2020-08-11 09:35:36.280,3.368,10000
2020-08-11 09:35:36.280,3.368,1000
2020-08-11 09:35:36.280,3.368,1000
2020-08-11 09:35:36.280,3.368,20000
2020-08-11 09:35:36.280,3.368,1000
2020-08-11 09:35:36.280,3.368,1000
2020-08-11 09:35:36.280,3.368,10000
2020-08-11 09:35:36.280,3.368,2700
2020-08-11 09:35:36.280,3.368,12000
2020-08-11 09:35:36.280,3.368,43300
2020-08-11 09:35:36.280,3.368,8000
2020-08-11 09:35:36.280,3.369,5000
2020-08-11 09:35:36.280,3.369,200
2020-08-11 09:35:36.280,3.369,50000
2020-08-11 09:35:36.280,3.369,500
2020-08-11 09:35:36.280,3.369,1000
2020-08-11 09:35:36.280,3.369,1000
2020-08-11 09:35:36.280,3.369,700
2020-08-11 09:35:36.280,3.369,9300
2020-08-11 09:35:37.200,3.367,300
2020-08-11 09:35:37.420,3.367,5000
2020-08-11 09:35:37.620,3.367,10000
2020-08-11 09:35:38.070,3.367,4000
2020-08-11 09:35:38.360,3.367,100
2020-08-11 09:35:38.650,3.368,100
2020-08-11 09:35:38.890,3.368,2000
2020-08-11 09:35:38.980,3.369,700
2020-08-11 09:35:38.980,3.369,200
2020-08-11 09:35:39.250,3.368,600
2020-08-11 09:35:39.400,3.368,300
2020-08-11 09:35:39.460,3.368,2500
2020-08-11 09:35:39.860,3.368,6500
2020-08-11 09:35:40.010,3.368,100
2020-08-11 09:35:41.200,3.369,2800
2020-08-11 09:35:41.200,3.369,200
2020-08-11 09:35:41.200,3.369,3000
2020-08-11 09:35:41.390,3.368,300
2020-08-11 09:35:41.500,3.368,5000
2020-08-11 09:35:41.770,3.368,10000
2020-08-11 09:35:42.150,3.369,7000
2020-08-11 09:35:42.150,3.369,5000
2020-08-11 09:35:42.150,3.369,5000
2020-08-11 09:35:42.150,3.369,500
2020-08-11 09:35:42.150,3.369,10000
2020-08-11 09:35:42.150,3.369,16000
2020-08-11 09:35:42.150,3.369,1500
2020-08-11 09:35:42.150,3.369,5000
2020-08-11 09:35:42.150,3.369,5000
2020-08-11 09:35:42.150,3.369,1000
2020-08-11 09:35:42.150,3.369,5000
2020-08-11 09:35:42.150,3.369,100
2020-08-11 09:35:42.150,3.369,2000
2020-08-11 09:35:42.150,3.369,5000
2020-08-11 09:35:42.150,3.369,2000
2020-08-11 09:35:42.150,3.369,20000
2020-08-11 09:35:42.150,3.369,5000
2020-08-11 09:35:42.150,3.369,5000
2020-08-11 09:35:42.150,3.369,1000
2020-08-11 09:35:42.150,3.369,4000
2020-08-11 09:35:42.150,3.369,5000
2020-08-11 09:35:42.150,3.369,1000
2020-08-11 09:35:42.150,3.369,100
2020-08-11 09:35:42.150,3.369,9000
2020-08-11 09:35:42.150,3.369,2000
2020-08-11 09:35:42.150,3.369,300
2020-08-11 09:35:42.150,3.369,3000
2020-08-11 09:35:42.150,3.369,2000
2020-08-11 09:35:42.150,3.369,20000
2020-08-11 09:35:42.150,3.369,5000
2020-08-11 09:35:42.150,3.369,100
2020-08-11 09:35:42.180,3.369,1000
2020-08-11 09:35:42.240,3.37,500
2020-08-11 09:35:42.240,3.37,2000
2020-08-11 09:35:42.240,3.37,2000
2020-08-11 09:35:42.240,3.37,18000
2020-08-11 09:35:42.240,3.37,2000
2020-08-11 09:35:42.240,3.37,100
2020-08-11 09:35:42.240,3.37,1500
2020-08-11 09:35:42.240,3.37,10000
2020-08-11 09:35:42.240,3.37,30000
2020-08-11 09:35:42.240,3.37,1100
2020-08-11 09:35:42.240,3.37,1000
2020-08-11 09:35:42.240,3.37,1800
2020-08-11 09:35:42.240,3.37,6000
2020-08-11 09:35:42.240,3.37,100
2020-08-11 09:35:42.240,3.37,2000
2020-08-11 09:35:42.240,3.37,10000
2020-08-11 09:35:42.240,3.37,200
2020-08-11 09:35:42.240,3.37,11700
2020-08-11 09:35:42.240,3.37,18300
2020-08-11 09:35:42.240,3.37,1700
2020-08-11 09:35:42.370,3.369,1000
2020-08-11 09:35:42.490,3.369,20000
2020-08-11 09:35:42.650,3.369,900
2020-08-11 09:35:42.740,3.369,10000
2020-08-11 09:35:42.920,3.369,200
2020-08-11 09:35:43.800,3.369,3000
2020-08-11 09:35:44.290,3.369,30000
2020-08-11 09:35:44.400,3.369,6000
2020-08-11 09:35:44.720,3.369,20000
2020-08-11 09:35:44.930,3.369,400
2020-08-11 09:35:45.020,3.369,600
2020-08-11 09:35:45.050,3.369,300000
2020-08-11 09:35:45.080,3.369,700
2020-08-11 09:35:45.170,3.369,20000
2020-08-11 09:35:45.190,3.369,30500
2020-08-11 09:35:45.190,3.369,300000
2020-08-11 09:35:45.280,3.369,103100
2020-08-11 09:35:45.280,3.368,61600
2020-08-11 09:35:45.280,3.368,200
2020-08-11 09:35:45.280,3.368,20000
2020-08-11 09:35:45.430,3.367,4000
2020-08-11 09:35:45.690,3.367,10000
2020-08-11 09:35:46.350,3.368,6100
2020-08-11 09:35:46.560,3.367,5000
2020-08-11 09:35:46.940,3.367,5000
2020-08-11 09:35:47.090,3.368,4600
2020-08-11 09:35:47.180,3.368,600
2020-08-11 09:35:47.250,3.368,10000
2020-08-11 09:35:47.560,3.368,1000
2020-08-11 09:35:47.580,3.368,6300
2020-08-11 09:35:47.930,3.368,3000
2020-08-11 09:35:48.490,3.367,2900
2020-08-11 09:35:48.490,3.367,3000
2020-08-11 09:35:49.220,3.367,10100
2020-08-11 09:35:49.220,3.367,3900
2020-08-11 09:35:49.220,3.367,6000
2020-08-11 09:35:49.320,3.367,1000
2020-08-11 09:35:49.440,3.368,1500
2020-08-11 09:35:50.230,3.368,5000
2020-08-11 09:35:50.230,3.368,21100
2020-08-11 09:35:50.380,3.367,25200
2020-08-11 09:35:50.380,3.367,3900
2020-08-11 09:35:50.380,3.367,10900
2020-08-11 09:35:50.900,3.368,300
2020-08-11 09:35:51.360,3.368,400
2020-08-11 09:35:51.360,3.368,30300
2020-08-11 09:35:51.690,3.368,3000
2020-08-11 09:35:52.190,3.367,24400
2020-08-11 09:35:52.190,3.367,5300
2020-08-11 09:35:52.250,3.367,1000
2020-08-11 09:35:52.320,3.366,10000
2020-08-11 09:35:53.890,3.367,800
2020-08-11 09:35:54.170,3.367,3600
2020-08-11 09:35:54.330,3.367,100
2020-08-11 09:35:54.540,3.367,60000
2020-08-11 09:35:54.870,3.366,700
2020-08-11 09:35:54.900,3.367,3000
2020-08-11 09:35:55.350,3.367,27500
2020-08-11 09:35:55.470,3.367,20000
2020-08-11 09:35:55.790,3.367,10000
2020-08-11 09:35:56.330,3.367,5000
2020-08-11 09:35:56.760,3.367,1000
2020-08-11 09:35:56.760,3.367,13100
2020-08-11 09:35:56.760,3.367,1000
2020-08-11 09:35:56.760,3.367,10000
2020-08-11 09:35:56.760,3.367,500
2020-08-11 09:35:56.760,3.367,50000
2020-08-11 09:35:56.760,3.368,21900
2020-08-11 09:35:56.760,3.368,5000
2020-08-11 09:35:56.760,3.368,5000
2020-08-11 09:35:56.760,3.368,192500
2020-08-11 09:35:56.790,3.366,35500
2020-08-11 09:35:56.790,3.366,52500
2020-08-11 09:35:56.790,3.366,212600
2020-08-11 09:35:57.150,3.368,50000
2020-08-11 09:35:57.430,3.367,18000
2020-08-11 09:35:57.430,3.368,22000
2020-08-11 09:35:57.750,3.366,3000
2020-08-11 09:35:58.240,3.366,50000
2020-08-11 09:35:58.900,3.366,5000
2020-08-11 09:35:58.970,3.368,100
2020-08-11 09:35:58.970,3.368,1000
2020-08-11 09:35:58.970,3.368,1000
2020-08-11 09:35:58.970,3.368,5000
2020-08-11 09:35:58.970,3.368,5000
2020-08-11 09:35:58.970,3.368,6800
2020-08-11 09:35:58.970,3.368,2000
2020-08-11 09:35:58.970,3.368,5000
2020-08-11 09:35:58.970,3.368,2000
2020-08-11 09:35:58.970,3.368,500
2020-08-11 09:35:58.970,3.368,1600
2020-08-11 09:35:59.000,3.368,2000
2020-08-11 09:35:59.440,3.367,50000
2020-08-11 09:36:00.170,3.368,6400
2020-08-11 09:36:00.170,3.368,500
2020-08-11 09:36:00.170,3.368,3100
2020-08-11 09:36:00.300,3.367,5000
2020-08-11 09:36:00.480,3.367,10000
2020-08-11 09:36:00.510,3.367,8000
2020-08-11 09:36:00.660,3.368,6900
2020-08-11 09:36:00.660,3.369,10000
2020-08-11 09:36:00.660,3.369,6000
2020-08-11 09:36:00.660,3.369,277100
2020-08-11 09:36:01.280,3.369,300000
2020-08-11 09:36:01.280,3.369,10000
2020-08-11 09:36:01.280,3.369,290000
2020-08-11 09:36:01.280,3.369,300000
2020-08-11 09:36:01.430,3.367,1000
2020-08-11 09:36:01.500,3.368,1500
2020-08-11 09:36:02.210,3.368,500
2020-08-11 09:36:02.210,3.368,9500
2020-08-11 09:36:02.210,3.368,23800
2020-08-11 09:36:02.210,3.368,6200
2020-08-11 09:36:02.240,3.367,4900
2020-08-11 09:36:02.240,3.367,100
2020-08-11 09:36:02.270,3.367,80000
2020-08-11 09:36:02.340,3.368,800
2020-08-11 09:36:02.340,3.369,209200
2020-08-11 09:36:02.340,3.367,200
2020-08-11 09:36:02.830,3.368,100
2020-08-11 09:36:03.040,3.368,200
2020-08-11 09:36:03.040,3.368,1800
2020-08-11 09:36:03.250,3.369,10000
2020-08-11 09:36:03.250,3.369,5000
2020-08-11 09:36:03.250,3.369,10000
2020-08-11 09:36:03.250,3.369,300
2020-08-11 09:36:03.250,3.369,5000
2020-08-11 09:36:03.250,3.369,1000
2020-08-11 09:36:03.250,3.369,3000
2020-08-11 09:36:03.250,3.369,5000
2020-08-11 09:36:03.250,3.369,20700
2020-08-11 09:36:03.320,3.368,300
2020-08-11 09:36:03.630,3.368,500
2020-08-11 09:36:03.840,3.368,10000
2020-08-11 09:36:03.840,3.368,5000
2020-08-11 09:36:03.900,3.368,5000
2020-08-11 09:36:03.930,3.368,3000
2020-08-11 09:36:03.930,3.368,5000
2020-08-11 09:36:04.020,3.368,11100
2020-08-11 09:36:04.440,3.368,40000
2020-08-11 09:36:04.500,3.368,300
2020-08-11 09:36:04.500,3.368,1000
2020-08-11 09:36:04.710,3.368,6700
2020-08-11 09:36:05.130,3.368,2000
2020-08-11 09:36:05.130,3.368,500
2020-08-11 09:36:05.260,3.368,5000
2020-08-11 09:36:05.320,3.368,6300
2020-08-11 09:36:05.830,3.368,4500
2020-08-11 09:36:05.830,3.368,8600
2020-08-11 09:36:05.890,3.368,2000
2020-08-11 09:36:05.950,3.368,1000
2020-08-11 09:36:06.170,3.368,10000
2020-08-11 09:36:06.200,3.368,400
2020-08-11 09:36:06.200,3.368,600
2020-08-11 09:36:06.260,3.368,5000
2020-08-11 09:36:07.430,3.369,2000
2020-08-11 09:36:07.460,3.368,3000
2020-08-11 09:36:07.700,3.368,300
2020-08-11 09:36:07.700,3.368,100
2020-08-11 09:36:07.700,3.367,19600
2020-08-11 09:36:07.830,3.367,1000
2020-08-11 09:36:07.830,3.367,700
2020-08-11 09:36:08.090,3.367,100
2020-08-11 09:36:08.340,3.368,100
2020-08-11 09:36:08.690,3.367,5000
2020-08-11 09:36:08.930,3.368,3100
2020-08-11 09:36:10.890,3.367,1100
2020-08-11 09:36:10.890,3.367,8900
2020-08-11 09:36:11.220,3.367,2100
2020-08-11 09:36:11.220,3.367,3000
2020-08-11 09:36:11.220,3.366,1000
2020-08-11 09:36:11.220,3.366,18400
2020-08-11 09:36:11.590,3.367,8000
2020-08-11 09:36:11.590,3.368,2000
2020-08-11 09:36:12.180,3.367,200
2020-08-11 09:36:12.180,3.367,299800
2020-08-11 09:36:12.510,3.368,10500
2020-08-11 09:36:12.510,3.368,21000
2020-08-11 09:36:12.510,3.368,4700
2020-08-11 09:36:12.510,3.368,103800
2020-08-11 09:36:12.690,3.367,1100
2020-08-11 09:36:12.690,3.368,14400
2020-08-11 09:36:12.750,3.367,1800
2020-08-11 09:36:13.110,3.367,17100
2020-08-11 09:36:13.620,3.366,3200
2020-08-11 09:36:14.100,3.367,15000
2020-08-11 09:36:14.160,3.366,3000
2020-08-11 09:36:14.440,3.367,10000
2020-08-11 09:36:14.830,3.367,14900
2020-08-11 09:36:15.550,3.366,100
2020-08-11 09:36:15.670,3.367,100
2020-08-11 09:36:15.670,3.367,5000
2020-08-11 09:36:15.670,3.367,18400
2020-08-11 09:36:15.740,3.367,1300
2020-08-11 09:36:15.760,3.367,20000
2020-08-11 09:36:15.830,3.368,100
2020-08-11 09:36:16.110,3.367,5200
2020-08-11 09:36:16.110,3.366,25300
2020-08-11 09:36:16.110,3.366,100
2020-08-11 09:36:16.110,3.366,200
2020-08-11 09:36:16.110,3.366,1800
2020-08-11 09:36:17.100,3.366,5200
2020-08-11 09:36:17.420,3.367,500
2020-08-11 09:36:17.740,3.366,3500
2020-08-11 09:36:18.410,3.367,500
2020-08-11 09:36:18.410,3.367,4000
2020-08-11 09:36:18.410,3.367,5500
2020-08-11 09:36:18.650,3.366,38600
2020-08-11 09:36:20.560,3.367,9500
2020-08-11 09:36:20.560,3.367,30500
2020-08-11 09:36:21.240,3.366,7900
2020-08-11 09:36:21.240,3.366,10000
2020-08-11 09:36:21.370,3.365,3500
2020-08-11 09:36:21.370,3.365,1600
2020-08-11 09:36:21.370,3.365,200
2020-08-11 09:36:21.370,3.365,5000
2020-08-11 09:36:21.370,3.365,1100
2020-08-11 09:36:21.370,3.365,5000
2020-08-11 09:36:21.780,3.366,46100
2020-08-11 09:36:21.780,3.366,1000
2020-08-11 09:36:21.780,3.367,252900
2020-08-11 09:36:21.990,3.365,5000
2020-08-11 09:36:21.990,3.365,300000
2020-08-11 09:36:22.370,3.364,8800
2020-08-11 09:36:22.370,3.364,9700
2020-08-11 09:36:22.400,3.365,30000
2020-08-11 09:36:22.760,3.365,10000
2020-08-11 09:36:24.470,3.364,2900
2020-08-11 09:36:24.470,3.364,300
2020-08-11 09:36:24.470,3.364,100
2020-08-11 09:36:24.570,3.364,500
2020-08-11 09:36:25.400,3.366,500
2020-08-11 09:36:25.400,3.366,1400
2020-08-11 09:36:25.400,3.366,50000
2020-08-11 09:36:25.400,3.366,1000
2020-08-11 09:36:25.400,3.366,3000
2020-08-11 09:36:25.400,3.366,2000
2020-08-11 09:36:25.400,3.367,222000
2020-08-11 09:36:25.400,3.367,8000
2020-08-11 09:36:25.400,3.367,12100
2020-08-11 09:36:25.760,3.366,2000
2020-08-11 09:36:25.760,3.366,4000
2020-08-11 09:36:25.760,3.367,7900
2020-08-11 09:36:25.760,3.367,700
2020-08-11 09:36:25.760,3.367,5000
2020-08-11 09:36:25.760,3.367,1900
2020-08-11 09:36:25.760,3.367,5000
2020-08-11 09:36:25.760,3.367,1500
2020-08-11 09:36:25.760,3.367,2600
2020-08-11 09:36:25.850,3.366,1000
2020-08-11 09:36:26.090,3.364,2000
2020-08-11 09:36:26.310,3.365,1900
2020-08-11 09:36:26.880,3.365,2700
2020-08-11 09:36:27.070,3.365,10900
2020-08-11 09:36:27.170,3.365,2000
2020-08-11 09:36:27.820,3.366,4000
2020-08-11 09:36:28.750,3.365,3000
2020-08-11 09:36:29.250,3.366,7600
2020-08-11 09:36:29.250,3.366,1000
2020-08-11 09:36:29.250,3.366,5200
2020-08-11 09:36:29.250,3.366,500
2020-08-11 09:36:29.250,3.366,10000
2020-08-11 09:36:29.250,3.366,20000
2020-08-11 09:36:29.880,3.366,5000
2020-08-11 09:36:30.090,3.367,3000
2020-08-11 09:36:30.180,3.366,5000
2020-08-11 09:36:30.180,3.367,14400
2020-08-11 09:36:30.180,3.367,4000
2020-08-11 09:36:30.180,3.367,3000
2020-08-11 09:36:30.180,3.367,3000
2020-08-11 09:36:30.180,3.367,50000
2020-08-11 09:36:30.180,3.367,30000
2020-08-11 09:36:30.180,3.367,2600
2020-08-11 09:36:30.180,3.367,100
2020-08-11 09:36:30.180,3.367,1000
2020-08-11 09:36:30.180,3.367,5000
2020-08-11 09:36:30.180,3.367,2800
2020-08-11 09:36:30.180,3.367,1000
2020-08-11 09:36:30.180,3.367,500
2020-08-11 09:36:30.180,3.367,3700
2020-08-11 09:36:30.180,3.367,1000
2020-08-11 09:36:30.180,3.367,20000
2020-08-11 09:36:30.180,3.368,20700
2020-08-11 09:36:30.180,3.368,2000
2020-08-11 09:36:30.180,3.368,30000
2020-08-11 09:36:30.180,3.368,5200
2020-08-11 09:36:30.520,3.366,25000
2020-08-11 09:36:30.610,3.366,20700
2020-08-11 09:36:30.610,3.365,69300
2020-08-11 09:36:31.360,3.366,3100
2020-08-11 09:36:31.830,3.366,1000
2020-08-11 09:36:32.440,3.365,5000
2020-08-11 09:36:32.650,3.366,3900
2020-08-11 09:36:32.990,3.366,3800
2020-08-11 09:36:33.020,3.365,300
2020-08-11 09:36:33.240,3.366,40000
2020-08-11 09:36:33.270,3.365,24000
2020-08-11 09:36:34.410,3.365,1000
2020-08-11 09:36:34.500,3.365,20000
2020-08-11 09:36:34.660,3.365,1000
2020-08-11 09:36:34.720,3.366,1000
2020-08-11 09:36:34.720,3.366,2000
2020-08-11 09:36:34.720,3.366,3000
2020-08-11 09:36:34.750,3.366,300
2020-08-11 09:36:34.780,3.365,18000
2020-08-11 09:36:34.810,3.365,700
2020-08-11 09:36:34.870,3.366,3000
2020-08-11 09:36:35.150,3.365,22100
2020-08-11 09:36:35.280,3.365,30000
2020-08-11 09:36:36.130,3.366,1700
2020-08-11 09:36:36.130,3.366,1200
2020-08-11 09:36:36.130,3.366,500
2020-08-11 09:36:36.130,3.366,36600
2020-08-11 09:36:36.220,3.365,5000
2020-08-11 09:36:36.220,3.366,30000
2020-08-11 09:36:36.260,3.366,90000
2020-08-11 09:36:36.260,3.366,10000
2020-08-11 09:36:36.260,3.366,100000
2020-08-11 09:36:36.260,3.366,60000
2020-08-11 09:36:36.260,3.366,100000
2020-08-11 09:36:36.260,3.366,100000
2020-08-11 09:36:36.440,3.365,200
2020-08-11 09:36:37.480,3.365,19000
2020-08-11 09:36:37.660,3.365,44400
2020-08-11 09:36:37.660,3.365,200
2020-08-11 09:36:37.660,3.365,300000
2020-08-11 09:36:37.660,3.365,20000
2020-08-11 09:36:37.660,3.365,2000
2020-08-11 09:36:37.660,3.365,300
2020-08-11 09:36:37.660,3.364,33100
2020-08-11 09:36:37.900,3.365,6400
2020-08-11 09:36:38.000,3.365,1000
2020-08-11 09:36:38.620,3.365,200
2020-08-11 09:36:38.800,3.364,6900
2020-08-11 09:36:38.800,3.364,473100
2020-08-11 09:36:39.100,3.364,7700
2020-08-11 09:36:39.230,3.365,10000
2020-08-11 09:36:40.440,3.365,2800
2020-08-11 09:36:41.640,3.365,500
2020-08-11 09:36:41.820,3.365,9500
2020-08-11 09:36:41.820,3.365,800
2020-08-11 09:36:41.820,3.365,10000
2020-08-11 09:36:41.820,3.365,1000
2020-08-11 09:36:41.820,3.365,8900
2020-08-11 09:36:41.820,3.365,1000
2020-08-11 09:36:41.910,3.366,4700
2020-08-11 09:36:42.160,3.365,100
2020-08-11 09:36:42.250,3.366,23700
2020-08-11 09:36:42.250,3.366,1000
2020-08-11 09:36:42.250,3.366,5300
2020-08-11 09:36:43.020,3.365,30000
2020-08-11 09:36:43.470,3.366,11700
2020-08-11 09:36:43.470,3.366,7000
2020-08-11 09:36:43.470,3.366,100
2020-08-11 09:36:43.470,3.366,1000
2020-08-11 09:36:43.470,3.366,200
2020-08-11 09:36:43.720,3.365,3000
2020-08-11 09:36:43.790,3.365,2000
2020-08-11 09:36:43.820,3.365,5000
2020-08-11 09:36:43.850,3.365,3000
2020-08-11 09:36:44.170,3.365,200
2020-08-11 09:36:44.260,3.365,30000
2020-08-11 09:36:44.320,3.366,4800
2020-08-11 09:36:44.320,3.366,10000
2020-08-11 09:36:44.320,3.367,600
2020-08-11 09:36:44.320,3.367,2000
2020-08-11 09:36:44.320,3.367,50000
2020-08-11 09:36:44.320,3.367,15700
2020-08-11 09:36:44.320,3.367,10000
2020-08-11 09:36:44.320,3.367,1000
2020-08-11 09:36:44.320,3.367,10000
2020-08-11 09:36:44.320,3.367,20000
2020-08-11 09:36:44.320,3.367,50000
2020-08-11 09:36:44.320,3.367,7900
2020-08-11 09:36:44.320,3.367,2000
2020-08-11 09:36:44.320,3.368,500
2020-08-11 09:36:44.320,3.368,50000
2020-08-11 09:36:44.320,3.368,20000
2020-08-11 09:36:44.320,3.368,20000
2020-08-11 09:36:44.320,3.368,3000
2020-08-11 09:36:44.320,3.368,4000
2020-08-11 09:36:44.320,3.368,2000
2020-08-11 09:36:44.320,3.368,100
2020-08-11 09:36:44.320,3.368,200
2020-08-11 09:36:44.320,3.368,7000
2020-08-11 09:36:44.320,3.368,3000
2020-08-11 09:36:44.320,3.368,2000
2020-08-11 09:36:44.320,3.368,400
2020-08-11 09:36:44.320,3.368,2000
2020-08-11 09:36:44.320,3.368,1800
2020-08-11 09:36:45.070,3.365,5000
2020-08-11 09:36:45.560,3.365,100
2020-08-11 09:36:45.680,3.365,100
2020-08-11 09:36:45.730,3.365,20000
2020-08-11 09:36:45.760,3.366,500
2020-08-11 09:36:46.040,3.366,50000
2020-08-11 09:36:46.210,3.366,100
2020-08-11 09:36:46.430,3.366,12400
2020-08-11 09:36:46.640,3.366,8600
2020-08-11 09:36:46.640,3.366,200
2020-08-11 09:36:46.790,3.366,5000
2020-08-11 09:36:46.910,3.367,1000
2020-08-11 09:36:46.910,3.368,28200
2020-08-11 09:36:46.910,3.368,5000
2020-08-11 09:36:46.910,3.368,5000
2020-08-11 09:36:46.910,3.368,25700
2020-08-11 09:36:46.910,3.368,5000
2020-08-11 09:36:46.910,3.368,20000
2020-08-11 09:36:46.910,3.368,2000
2020-08-11 09:36:46.910,3.368,600
2020-08-11 09:36:46.910,3.368,10000
2020-08-11 09:36:46.910,3.368,5000
2020-08-11 09:36:46.910,3.368,4100
2020-08-11 09:36:46.910,3.368,18200
2020-08-11 09:36:46.910,3.368,5000
2020-08-11 09:36:46.910,3.368,4800
2020-08-11 09:36:46.910,3.368,10600
2020-08-11 09:36:46.910,3.368,9000
2020-08-11 09:36:46.910,3.368,2000
2020-08-11 09:36:46.910,3.368,15000
2020-08-11 09:36:46.910,3.368,2200
2020-08-11 09:36:46.910,3.368,2000
2020-08-11 09:36:46.910,3.368,1500
2020-08-11 09:36:46.910,3.369,77300
2020-08-11 09:36:46.910,3.369,40800
2020-08-11 09:36:46.970,3.369,59200
2020-08-11 09:36:46.970,3.369,1100
2020-08-11 09:36:46.970,3.369,500
2020-08-11 09:36:46.970,3.369,239200
2020-08-11 09:36:47.010,3.366,14800
2020-08-11 09:36:47.200,3.366,10000
2020-08-11 09:36:47.930,3.366,1000
2020-08-11 09:36:47.960,3.366,2000
2020-08-11 09:36:48.120,3.366,100
2020-08-11 09:36:48.990,3.366,100
2020-08-11 09:36:49.310,3.366,800
2020-08-11 09:36:49.940,3.366,23100
2020-08-11 09:36:49.940,3.366,150100
2020-08-11 09:36:51.210,3.367,3000
2020-08-11 09:36:51.210,3.367,27000
2020-08-11 09:36:51.330,3.366,12000
2020-08-11 09:36:51.450,3.366,1000
2020-08-11 09:36:52.020,3.366,1000
2020-08-11 09:36:52.490,3.366,100
2020-08-11 09:36:52.590,3.366,7100
2020-08-11 09:36:52.590,3.366,5000
2020-08-11 09:36:52.590,3.366,6000
2020-08-11 09:36:52.590,3.366,600
2020-08-11 09:36:52.590,3.366,6300
2020-08-11 09:36:52.680,3.366,2000
2020-08-11 09:36:53.210,3.366,500
2020-08-11 09:36:53.560,3.366,7100
2020-08-11 09:36:53.940,3.366,3300
2020-08-11 09:36:53.940,3.366,200
2020-08-11 09:36:54.210,3.366,1800
2020-08-11 09:36:54.210,3.366,8200
2020-08-11 09:36:55.070,3.366,22800
2020-08-11 09:36:55.850,3.366,100
2020-08-11 09:36:56.400,3.367,200
2020-08-11 09:36:56.460,3.366,400
2020-08-11 09:36:56.460,3.366,1200
2020-08-11 09:36:56.460,3.366,1400
2020-08-11 09:36:56.520,3.367,4000
2020-08-11 09:36:57.850,3.367,1300
2020-08-11 09:36:57.850,3.367,3700
2020-08-11 09:36:57.910,3.367,1300
2020-08-11 09:36:57.910,3.367,1000
2020-08-11 09:36:57.910,3.367,7700
2020-08-11 09:36:58.060,3.366,10000
2020-08-11 09:36:58.360,3.367,2300
2020-08-11 09:36:58.360,3.367,20000
2020-08-11 09:36:58.360,3.367,400
2020-08-11 09:36:59.460,3.367,1000
2020-08-11 09:36:59.550,3.368,100
2020-08-11 09:36:59.850,3.367,1000
2020-08-11 09:37:00.090,3.368,100
2020-08-11 09:37:00.190,3.367,2000
2020-08-11 09:37:00.240,3.368,5800
2020-08-11 09:37:00.240,3.368,500
2020-08-11 09:37:00.240,3.368,400
2020-08-11 09:37:00.240,3.368,2400
2020-08-11 09:37:00.460,3.367,1000
2020-08-11 09:37:00.700,3.367,6100
2020-08-11 09:37:00.700,3.367,100
2020-08-11 09:37:00.760,3.366,500
2020-08-11 09:37:01.190,3.366,3300
2020-08-11 09:37:01.240,3.366,34000
2020-08-11 09:37:01.420,3.366,262700
2020-08-11 09:37:01.420,3.365,37900
2020-08-11 09:37:01.930,3.367,10000
2020-08-11 09:37:01.930,3.368,2600
2020-08-11 09:37:01.930,3.368,5000
2020-08-11 09:37:01.930,3.368,300
2020-08-11 09:37:01.930,3.368,100
2020-08-11 09:37:01.930,3.368,30000
2020-08-11 09:37:01.930,3.368,10000
2020-08-11 09:37:01.930,3.368,30000
2020-08-11 09:37:01.930,3.368,500
2020-08-11 09:37:01.930,3.368,5000
2020-08-11 09:37:01.930,3.368,15000
2020-08-11 09:37:01.930,3.368,4000
2020-08-11 09:37:01.930,3.369,187500
2020-08-11 09:37:02.400,3.366,100
2020-08-11 09:37:02.550,3.366,5000
2020-08-11 09:37:03.220,3.366,24900
2020-08-11 09:37:03.220,3.366,2000
2020-08-11 09:37:03.220,3.366,3000
2020-08-11 09:37:03.220,3.366,30100
2020-08-11 09:37:03.220,3.366,100000
2020-08-11 09:37:03.220,3.366,50000
2020-08-11 09:37:03.220,3.366,70000
2020-08-11 09:37:03.220,3.366,90000
2020-08-11 09:37:03.220,3.366,20000
2020-08-11 09:37:03.220,3.366,10000
2020-08-11 09:37:03.220,3.366,30000
2020-08-11 09:37:03.220,3.366,90000
2020-08-11 09:37:03.220,3.366,20000
2020-08-11 09:37:03.220,3.366,100000
2020-08-11 09:37:03.220,3.366,10000
2020-08-11 09:37:03.220,3.366,10000
2020-08-11 09:37:03.220,3.366,9100
2020-08-11 09:37:03.260,3.366,160800
2020-08-11 09:37:03.610,3.366,1000
2020-08-11 09:37:03.810,3.367,2100
2020-08-11 09:37:04.710,3.367,100
2020-08-11 09:37:04.830,3.368,4000
2020-08-11 09:37:04.950,3.367,30000
2020-08-11 09:37:05.020,3.367,20000
2020-08-11 09:37:05.310,3.367,1000
2020-08-11 09:37:05.820,3.367,3000
2020-08-11 09:37:05.820,3.368,1200
2020-08-11 09:37:06.150,3.367,600
2020-08-11 09:37:06.210,3.368,9100
2020-08-11 09:37:06.540,3.367,100
2020-08-11 09:37:06.540,3.368,15700
2020-08-11 09:37:06.540,3.368,10000
2020-08-11 09:37:06.540,3.368,4000
2020-08-11 09:37:06.540,3.368,10000
2020-08-11 09:37:06.540,3.368,50000
2020-08-11 09:37:06.540,3.368,20000
2020-08-11 09:37:06.870,3.368,28500
2020-08-11 09:37:08.290,3.367,3000
2020-08-11 09:37:08.560,3.367,1000
2020-08-11 09:37:08.890,3.367,2900
2020-08-11 09:37:09.620,3.367,136200
2020-08-11 09:37:09.620,3.367,4300
2020-08-11 09:37:09.620,3.367,3000
2020-08-11 09:37:09.620,3.367,10000
2020-08-11 09:37:09.980,3.366,3000
2020-08-11 09:37:09.980,3.366,6000
2020-08-11 09:37:09.980,3.366,14900
2020-08-11 09:37:12.090,3.365,500
2020-08-11 09:37:12.710,3.366,15000
2020-08-11 09:37:14.060,3.366,1100
2020-08-11 09:37:14.060,3.366,400
2020-08-11 09:37:14.200,3.365,2900
2020-08-11 09:37:14.730,3.366,8600
2020-08-11 09:37:15.880,3.366,5000
2020-08-11 09:37:15.880,3.366,1400
2020-08-11 09:37:16.810,3.365,1200
2020-08-11 09:37:16.810,3.365,14800
2020-08-11 09:37:16.810,3.365,200
2020-08-11 09:37:16.810,3.365,2000
2020-08-11 09:37:16.810,3.365,15000
2020-08-11 09:37:16.810,3.365,7000
2020-08-11 09:37:16.810,3.365,16600
2020-08-11 09:37:16.810,3.364,50000
2020-08-11 09:37:16.810,3.364,10000
2020-08-11 09:37:16.840,3.363,2500
2020-08-11 09:37:17.670,3.364,3500
2020-08-11 09:37:18.270,3.364,300000
2020-08-11 09:37:18.560,3.363,600
2020-08-11 09:37:18.860,3.364,1000
2020-08-11 09:37:19.040,3.364,1800
2020-08-11 09:37:19.210,3.364,1500
2020-08-11 09:37:19.600,3.364,75400
2020-08-11 09:37:19.600,3.365,5000
2020-08-11 09:37:19.600,3.365,336348
2020-08-11 09:37:19.600,3.365,100
2020-08-11 09:37:19.600,3.366,2000
2020-08-11 09:37:19.600,3.366,300000
2020-08-11 09:37:21.300,3.366,300
2020-08-11 09:37:22.550,3.366,1300
2020-08-11 09:37:22.920,3.366,179552
2020-08-11 09:37:22.920,3.366,51900
2020-08-11 09:37:22.920,3.366,10000
2020-08-11 09:37:22.920,3.366,1800
2020-08-11 09:37:22.920,3.366,3000
2020-08-11 09:37:22.920,3.366,18448
2020-08-11 09:37:22.920,3.366,1152
2020-08-11 09:37:22.920,3.366,6848
2020-08-11 09:37:23.290,3.367,146500
2020-08-11 09:37:23.290,3.367,50000
2020-08-11 09:37:23.290,3.367,3000
2020-08-11 09:37:23.290,3.367,100500
2020-08-11 09:37:23.690,3.367,5900
2020-08-11 09:37:24.610,3.366,4600
2020-08-11 09:37:24.700,3.366,5000
2020-08-11 09:37:25.760,3.366,200
2020-08-11 09:37:25.940,3.366,7800
2020-08-11 09:37:26.380,3.366,2900
2020-08-11 09:37:26.530,3.366,2500
2020-08-11 09:37:26.860,3.367,193600
2020-08-11 09:37:26.860,3.367,500
2020-08-11 09:37:26.860,3.367,105900
2020-08-11 09:37:27.270,3.367,9000
2020-08-11 09:37:27.270,3.366,1900
2020-08-11 09:37:27.330,3.366,3000
2020-08-11 09:37:27.610,3.366,17152
2020-08-11 09:37:27.610,3.366,50000
2020-08-11 09:37:27.610,3.366,700
2020-08-11 09:37:27.610,3.366,11500
2020-08-11 09:37:27.700,3.366,4000
2020-08-11 09:37:28.840,3.365,1900
2020-08-11 09:37:28.840,3.365,1500
2020-08-11 09:37:28.840,3.365,2000
2020-08-11 09:37:28.930,3.365,5000
2020-08-11 09:37:29.210,3.365,9600
2020-08-11 09:37:29.210,3.366,18600
2020-08-11 09:37:30.420,3.366,98048
2020-08-11 09:37:30.420,3.366,1000
2020-08-11 09:37:30.420,3.366,100
2020-08-11 09:37:30.420,3.366,3800
2020-08-11 09:37:30.420,3.366,5000
2020-08-11 09:37:30.420,3.366,2000
2020-08-11 09:37:30.420,3.366,1000
2020-08-11 09:37:30.420,3.366,7400
2020-08-11 09:37:30.420,3.366,200
2020-08-11 09:37:30.420,3.366,10000
2020-08-11 09:37:30.420,3.366,101800
2020-08-11 09:37:30.420,3.367,69652
2020-08-11 09:37:30.570,3.366,5000
2020-08-11 09:37:30.630,3.366,2600
2020-08-11 09:37:31.300,3.366,300
2020-08-11 09:37:31.660,3.366,3000
2020-08-11 09:37:31.690,3.366,100
2020-08-11 09:37:31.780,3.366,300
2020-08-11 09:37:32.190,3.366,3000
2020-08-11 09:37:32.410,3.366,30000
2020-08-11 09:37:32.860,3.366,1000
2020-08-11 09:37:32.990,3.366,1000
2020-08-11 09:37:33.460,3.367,14500
2020-08-11 09:37:33.630,3.366,300
2020-08-11 09:37:33.750,3.366,5000
2020-08-11 09:37:34.720,3.366,5000
2020-08-11 09:37:35.000,3.366,7600
2020-08-11 09:37:35.000,3.366,2400
2020-08-11 09:37:35.460,3.366,15500
2020-08-11 09:37:35.900,3.365,500
2020-08-11 09:37:36.910,3.366,2400
2020-08-11 09:37:37.510,3.366,200
2020-08-11 09:37:38.320,3.365,400
2020-08-11 09:37:38.320,3.365,600
2020-08-11 09:37:38.650,3.365,2000
2020-08-11 09:37:40.600,3.365,2400
2020-08-11 09:37:40.600,3.365,1100
2020-08-11 09:37:41.780,3.365,4100
2020-08-11 09:37:41.780,3.365,18100
2020-08-11 09:37:42.080,3.365,900
2020-08-11 09:37:42.080,3.364,200
2020-08-11 09:37:42.430,3.366,5000
2020-08-11 09:37:44.250,3.365,1100
2020-08-11 09:37:44.250,3.365,2500
2020-08-11 09:37:44.250,3.364,100
2020-08-11 09:37:44.250,3.364,200
2020-08-11 09:37:44.250,3.364,100
2020-08-11 09:37:44.250,3.364,6000
2020-08-11 09:37:44.880,3.365,5000
2020-08-11 09:37:44.940,3.364,4000
2020-08-11 09:37:44.940,3.364,180000
2020-08-11 09:37:45.250,3.364,10000
2020-08-11 09:37:45.250,3.364,30000
2020-08-11 09:37:45.250,3.364,20000
2020-08-11 09:37:45.250,3.364,30000
2020-08-11 09:37:46.000,3.364,10400
2020-08-11 09:37:46.440,3.364,15600
2020-08-11 09:37:46.440,3.365,2000
2020-08-11 09:37:46.440,3.365,1900
2020-08-11 09:37:46.440,3.365,7000
2020-08-11 09:37:46.440,3.365,3000
2020-08-11 09:37:46.440,3.366,270500
2020-08-11 09:37:46.440,3.366,6400
2020-08-11 09:37:46.440,3.366,700
2020-08-11 09:37:46.440,3.366,2000
2020-08-11 09:37:46.440,3.366,3000
2020-08-11 09:37:46.440,3.366,5000
2020-08-11 09:37:46.440,3.366,1000
2020-08-11 09:37:46.440,3.366,10000
2020-08-11 09:37:46.440,3.366,1000
2020-08-11 09:37:46.440,3.366,270900
2020-08-11 09:37:48.330,3.365,4000
2020-08-11 09:37:48.330,3.366,296000
2020-08-11 09:37:49.280,3.366,100
2020-08-11 09:37:50.250,3.364,1600
2020-08-11 09:37:50.880,3.364,1000
2020-08-11 09:37:51.790,3.365,10800
2020-08-11 09:37:51.790,3.365,100
2020-08-11 09:37:51.790,3.365,1500
2020-08-11 09:37:51.790,3.365,2000
2020-08-11 09:37:51.790,3.365,2000
2020-08-11 09:37:51.790,3.365,3000
2020-08-11 09:37:52.390,3.365,400
2020-08-11 09:37:52.880,3.365,10000
2020-08-11 09:37:53.190,3.366,300000
2020-08-11 09:37:53.400,3.366,100
2020-08-11 09:37:53.600,3.365,35000
2020-08-11 09:37:54.100,3.365,1400
2020-08-11 09:37:54.580,3.365,33800
2020-08-11 09:37:54.580,3.365,5000
2020-08-11 09:37:55.810,3.364,2500
2020-08-11 09:37:56.000,3.365,23300
2020-08-11 09:37:56.910,3.365,18000
2020-08-11 09:37:57.030,3.365,500
2020-08-11 09:37:57.420,3.365,4000
2020-08-11 09:37:57.960,3.365,10000
2020-08-11 09:37:58.260,3.365,255400
2020-08-11 09:37:58.260,3.365,29500
2020-08-11 09:37:58.260,3.365,800
2020-08-11 09:37:58.260,3.365,1000
2020-08-11 09:37:58.260,3.365,13300
2020-08-11 09:38:00.150,3.365,81000
2020-08-11 09:38:00.150,3.365,400
2020-08-11 09:38:00.150,3.365,2000
2020-08-11 09:38:00.150,3.366,32900
2020-08-11 09:38:00.150,3.366,20000
2020-08-11 09:38:00.150,3.366,1000
2020-08-11 09:38:00.150,3.366,3000
2020-08-11 09:38:00.150,3.366,10000
2020-08-11 09:38:00.150,3.366,100
2020-08-11 09:38:00.150,3.366,3000
2020-08-11 09:38:00.150,3.366,5000
2020-08-11 09:38:00.150,3.366,4000
2020-08-11 09:38:00.150,3.366,1000
2020-08-11 09:38:00.150,3.366,5000
2020-08-11 09:38:00.150,3.366,5000
2020-08-11 09:38:00.150,3.366,200
2020-08-11 09:38:00.150,3.366,2500
2020-08-11 09:38:00.150,3.366,500
2020-08-11 09:38:00.150,3.366,5000
2020-08-11 09:38:00.150,3.366,1000
2020-08-11 09:38:00.150,3.366,2000
2020-08-11 09:38:00.150,3.366,100
2020-08-11 09:38:00.150,3.366,500
2020-08-11 09:38:00.150,3.366,400
2020-08-11 09:38:00.150,3.367,100948
2020-08-11 09:38:00.150,3.367,1400
2020-08-11 09:38:00.150,3.367,100
2020-08-11 09:38:00.150,3.367,3000
2020-08-11 09:38:00.150,3.367,100
2020-08-11 09:38:00.150,3.367,500
2020-08-11 09:38:00.150,3.367,3000
2020-08-11 09:38:00.150,3.367,10000
2020-08-11 09:38:00.150,3.367,3000
2020-08-11 09:38:00.150,3.367,500
2020-08-11 09:38:00.150,3.367,20000
2020-08-11 09:38:00.150,3.367,1000
2020-08-11 09:38:00.150,3.367,1000
2020-08-11 09:38:00.150,3.367,2000
2020-08-11 09:38:00.150,3.367,90300
2020-08-11 09:38:00.150,3.367,22900
2020-08-11 09:38:00.150,3.367,5000
2020-08-11 09:38:00.150,3.367,5400
2020-08-11 09:38:00.150,3.367,2000
2020-08-11 09:38:00.150,3.367,20000
2020-08-11 09:38:00.150,3.367,1252
2020-08-11 09:38:00.300,3.366,10000
2020-08-11 09:38:00.300,3.366,10000
2020-08-11 09:38:00.600,3.366,5000
2020-08-11 09:38:00.630,3.366,2000
2020-08-11 09:38:00.830,3.366,3700
2020-08-11 09:38:00.860,3.366,10000
2020-08-11 09:38:01.460,3.366,19300
2020-08-11 09:38:02.260,3.365,6200
2020-08-11 09:38:02.260,3.365,10000
2020-08-11 09:38:02.260,3.365,1500
2020-08-11 09:38:02.260,3.365,300
2020-08-11 09:38:02.260,3.366,5000
2020-08-11 09:38:02.260,3.367,3348
2020-08-11 09:38:02.260,3.367,2300
2020-08-11 09:38:02.260,3.367,3000
2020-08-11 09:38:02.260,3.367,268352
2020-08-11 09:38:02.320,3.365,2300
2020-08-11 09:38:02.320,3.364,2300
2020-08-11 09:38:02.500,3.364,20000
2020-08-11 09:38:03.180,3.364,3100
2020-08-11 09:38:03.240,3.367,14500
2020-08-11 09:38:03.900,3.365,3000
2020-08-11 09:38:03.900,3.364,101500
2020-08-11 09:38:03.900,3.364,20000
2020-08-11 09:38:03.900,3.364,1000
2020-08-11 09:38:03.900,3.364,224500
2020-08-11 09:38:04.110,3.364,5000
2020-08-11 09:38:04.940,3.365,2000
2020-08-11 09:38:04.940,3.366,3000
2020-08-11 09:38:04.940,3.366,10000
2020-08-11 09:38:04.940,3.366,1000
2020-08-11 09:38:04.940,3.367,17248
2020-08-11 09:38:04.940,3.367,300
2020-08-11 09:38:04.940,3.368,6452
2020-08-11 09:38:04.940,3.368,48348
2020-08-11 09:38:04.940,3.368,100
2020-08-11 09:38:04.940,3.368,16800
2020-08-11 09:38:04.940,3.368,8000
2020-08-11 09:38:04.940,3.368,1000
2020-08-11 09:38:04.940,3.368,500
2020-08-11 09:38:04.940,3.368,15900
2020-08-11 09:38:04.940,3.368,9352
2020-08-11 09:38:04.940,3.368,90648
2020-08-11 09:38:04.940,3.368,8400
2020-08-11 09:38:04.940,3.368,952
2020-08-11 09:38:04.940,3.368,4048
2020-08-11 09:38:04.940,3.368,6000
2020-08-11 09:38:04.940,3.368,500
2020-08-11 09:38:04.940,3.368,5000
2020-08-11 09:38:04.940,3.368,4452
2020-08-11 09:38:05.240,3.366,200
2020-08-11 09:38:05.450,3.366,200
2020-08-11 09:38:05.450,3.365,4800
2020-08-11 09:38:05.900,3.365,18200
2020-08-11 09:38:05.900,3.364,31800
2020-08-11 09:38:06.900,3.365,2000
2020-08-11 09:38:06.900,3.365,2000
2020-08-11 09:38:06.990,3.366,5000
2020-08-11 09:38:06.990,3.366,4100
2020-08-11 09:38:06.990,3.366,3100
2020-08-11 09:38:07.380,3.367,10000
2020-08-11 09:38:07.470,3.368,40000
2020-08-11 09:38:10.520,3.367,4000
