Datetime,Price,Volume
2020-08-11 09:25:00.860,4.785,400
2020-08-11 09:25:00.860,4.785,1600
2020-08-11 09:25:00.860,4.785,23400
2020-08-11 09:25:00.860,4.785,128300
2020-08-11 09:25:00.860,4.785,1000
2020-08-11 09:25:00.860,4.785,39300
2020-08-11 09:25:00.860,4.785,10000
2020-08-11 09:25:00.860,4.785,600
2020-08-11 09:25:00.860,4.785,15900
2020-08-11 09:25:00.860,4.785,3000
2020-08-11 09:25:00.860,4.785,7000
2020-08-11 09:25:00.860,4.785,10000
2020-08-11 09:25:00.860,4.785,63400
2020-08-11 09:25:00.860,4.785,1600
2020-08-11 09:25:00.860,4.785,100
2020-08-11 09:25:00.860,4.785,1400
2020-08-11 09:25:00.860,4.785,5400
2020-08-11 09:25:00.860,4.785,3200
2020-08-11 09:25:00.860,4.785,100
2020-08-11 09:25:00.860,4.785,500
2020-08-11 09:25:00.860,4.785,2000
2020-08-11 09:25:00.860,4.785,14100
2020-08-11 09:25:00.860,4.785,3700
2020-08-11 09:25:00.860,4.785,20000
2020-08-11 09:25:00.860,4.785,9700
2020-08-11 09:25:00.860,4.785,22700
2020-08-11 09:25:00.860,4.785,1700
2020-08-11 09:25:00.860,4.785,15000
2020-08-11 09:25:00.860,4.785,43100
2020-08-11 09:25:00.860,4.785,27500
2020-08-11 09:25:00.860,4.785,35600
2020-08-11 09:25:00.860,4.785,3100
2020-08-11 09:25:00.860,4.785,4400
2020-08-11 09:25:00.860,4.785,6000
2020-08-11 09:25:00.860,4.785,11200
2020-08-11 09:25:00.860,4.785,500
2020-08-11 09:25:00.860,4.785,1000
2020-08-11 09:25:00.860,4.785,5000
2020-08-11 09:25:00.860,4.785,229200
2020-08-11 09:25:00.860,4.785,220800
2020-08-11 09:25:00.860,4.785,100
2020-08-11 09:25:00.860,4.785,75100
2020-08-11 09:25:00.860,4.785,50000
2020-08-11 09:25:00.860,4.785,4500
2020-08-11 09:25:00.860,4.785,10000
2020-08-11 09:25:00.860,4.785,5000
2020-08-11 09:25:00.860,4.785,50000
2020-08-11 09:25:00.860,4.785,8500
2020-08-11 09:25:00.860,4.785,20000
2020-08-11 09:25:00.860,4.785,18000
2020-08-11 09:25:00.860,4.785,2000
2020-08-11 09:25:00.860,4.785,200
2020-08-11 09:25:00.860,4.785,10000
2020-08-11 09:25:00.860,4.785,1000
2020-08-11 09:25:00.860,4.785,30000
2020-08-11 09:25:00.860,4.785,12200
2020-08-11 09:25:00.860,4.785,6000
2020-08-11 09:25:00.860,4.785,2800
2020-08-11 09:25:00.860,4.785,15000
2020-08-11 09:25:00.860,4.785,1000
2020-08-11 09:25:00.860,4.785,18000
2020-08-11 09:25:00.860,4.785,5100
2020-08-11 09:25:00.860,4.785,400
2020-08-11 09:25:00.860,4.785,1000
2020-08-11 09:25:00.860,4.785,5000
2020-08-11 09:25:00.860,4.785,5000
2020-08-11 09:25:00.860,4.785,3000
2020-08-11 09:25:00.860,4.785,41500
2020-08-11 09:25:00.860,4.785,10000
2020-08-11 09:25:00.860,4.785,5900
2020-08-11 09:25:00.860,4.785,200
2020-08-11 09:25:00.860,4.785,100
2020-08-11 09:25:00.860,4.785,100
2020-08-11 09:25:00.860,4.785,1000
2020-08-11 09:25:00.860,4.785,2100
2020-08-11 09:25:00.860,4.785,200
2020-08-11 09:25:00.860,4.785,2000
2020-08-11 09:25:00.860,4.785,3200
2020-08-11 09:25:00.860,4.785,600
2020-08-11 09:25:00.860,4.785,700
2020-08-11 09:25:00.860,4.785,400
2020-08-11 09:25:00.860,4.785,100
2020-08-11 09:25:00.860,4.785,200
2020-08-11 09:25:00.860,4.785,400
2020-08-11 09:25:00.860,4.785,1000
2020-08-11 09:25:00.860,4.785,2100
2020-08-11 09:25:00.860,4.785,100
2020-08-11 09:25:00.860,4.785,2200
2020-08-11 09:25:00.860,4.785,28600
2020-08-11 09:25:00.860,4.785,1000
2020-08-11 09:25:00.860,4.785,1000
2020-08-11 09:25:00.860,4.785,500
2020-08-11 09:25:00.860,4.785,200
2020-08-11 09:25:00.860,4.785,100
2020-08-11 09:25:00.860,4.785,100
2020-08-11 09:25:00.860,4.785,200
2020-08-11 09:25:00.860,4.785,100
2020-08-11 09:25:00.860,4.785,3500
2020-08-11 09:25:00.860,4.785,700
2020-08-11 09:25:00.860,4.785,200
2020-08-11 09:25:00.860,4.785,1000
2020-08-11 09:25:00.860,4.785,500
2020-08-11 09:25:00.860,4.785,200
2020-08-11 09:25:00.860,4.785,200
2020-08-11 09:25:00.860,4.785,21000
2020-08-11 09:25:00.860,4.785,100
2020-08-11 09:25:00.860,4.785,44000
2020-08-11 09:25:00.860,4.785,21000
2020-08-11 09:25:00.860,4.785,23300
2020-08-11 09:25:00.860,4.785,6000
2020-08-11 09:25:00.860,4.785,300
2020-08-11 09:25:00.860,4.785,57900
2020-08-11 09:25:00.860,4.785,100
2020-08-11 09:25:00.860,4.785,1000
2020-08-11 09:25:00.860,4.785,1000
2020-08-11 09:25:00.860,4.785,30000
2020-08-11 09:25:00.860,4.785,4100
2020-08-11 09:25:00.860,4.785,30000
2020-08-11 09:25:00.860,4.785,44000
2020-08-11 09:25:00.860,4.785,3600
2020-08-11 09:25:00.860,4.785,1000
2020-08-11 09:25:00.860,4.785,5400
2020-08-11 09:25:00.860,4.785,2500
2020-08-11 09:25:00.860,4.785,100
2020-08-11 09:25:00.860,4.785,2000
2020-08-11 09:25:00.860,4.785,500
2020-08-11 09:25:00.860,4.785,10000
2020-08-11 09:25:00.860,4.785,9500
2020-08-11 09:25:00.860,4.785,3600
2020-08-11 09:25:00.860,4.785,1600
2020-08-11 09:25:00.860,4.785,3200
2020-08-11 09:25:00.860,4.785,9400
2020-08-11 09:25:00.860,4.785,400
2020-08-11 09:25:00.860,4.785,1000
2020-08-11 09:25:00.860,4.785,300
2020-08-11 09:25:00.860,4.785,800
2020-08-11 09:25:00.860,4.785,2000
2020-08-11 09:25:00.860,4.785,20000
2020-08-11 09:25:00.860,4.785,800
2020-08-11 09:25:00.860,4.785,2100
2020-08-11 09:30:00.190,4.786,100
2020-08-11 09:30:00.190,4.786,10000
2020-08-11 09:30:00.190,4.787,800
2020-08-11 09:30:00.190,4.787,200
2020-08-11 09:30:00.190,4.789,800
2020-08-11 09:30:00.190,4.789,10000
2020-08-11 09:30:00.190,4.79,16500
2020-08-11 09:30:00.190,4.79,11000
2020-08-11 09:30:00.190,4.79,15000
2020-08-11 09:30:00.190,4.79,200
2020-08-11 09:30:00.700,4.79,1100
2020-08-11 09:30:00.700,4.79,6000
2020-08-11 09:30:00.700,4.791,1000
2020-08-11 09:30:00.700,4.791,600
2020-08-11 09:30:00.700,4.792,100
2020-08-11 09:30:00.950,4.79,11000
2020-08-11 09:30:00.950,4.792,1000
2020-08-11 09:30:01.070,4.79,3000
2020-08-11 09:30:01.200,4.79,13700
2020-08-11 09:30:01.200,4.79,600
2020-08-11 09:30:01.430,4.79,400
2020-08-11 09:30:01.620,4.79,13559
2020-08-11 09:30:01.830,4.79,7900
2020-08-11 09:30:01.950,4.79,1500
2020-08-11 09:30:02.070,4.79,30000
2020-08-11 09:30:02.190,4.79,52100
2020-08-11 09:30:02.310,4.79,1200
2020-08-11 09:30:02.430,4.79,1000
2020-08-11 09:30:02.430,4.79,4000
2020-08-11 09:30:02.550,4.79,500
2020-08-11 09:30:02.550,4.79,100
2020-08-11 09:30:02.550,4.79,68200
2020-08-11 09:30:02.690,4.79,19541
2020-08-11 09:30:02.690,4.787,23700
2020-08-11 09:30:02.690,4.786,1000
2020-08-11 09:30:02.690,4.786,10000
2020-08-11 09:30:02.690,4.786,11000
2020-08-11 09:30:02.690,4.786,4159
2020-08-11 09:30:02.900,4.786,6000
2020-08-11 09:30:03.000,4.791,700
2020-08-11 09:30:03.240,4.791,4800
2020-08-11 09:30:03.240,4.792,5800
2020-08-11 09:30:03.240,4.792,3000
2020-08-11 09:30:03.240,4.792,41400
2020-08-11 09:30:03.360,4.789,100
2020-08-11 09:30:03.480,4.789,3900
2020-08-11 09:30:03.480,4.787,5000
2020-08-11 09:30:03.480,4.786,1100
2020-08-11 09:30:03.610,4.786,1000
2020-08-11 09:30:03.710,4.786,37741
2020-08-11 09:30:03.710,4.786,300
2020-08-11 09:30:03.710,4.786,300
2020-08-11 09:30:03.710,4.786,1500
2020-08-11 09:30:03.710,4.786,500
2020-08-11 09:30:03.710,4.786,1300
2020-08-11 09:30:03.710,4.786,300
2020-08-11 09:30:03.710,4.786,4200
2020-08-11 09:30:03.710,4.786,10000
2020-08-11 09:30:03.710,4.786,54059
2020-08-11 09:30:03.830,4.79,2000
2020-08-11 09:30:03.830,4.79,100
2020-08-11 09:30:03.830,4.791,15000
2020-08-11 09:30:03.950,4.791,23800
2020-08-11 09:30:04.070,4.791,9100
2020-08-11 09:30:04.070,4.786,109885
2020-08-11 09:30:04.290,4.791,1200
2020-08-11 09:30:04.290,4.786,3800
2020-08-11 09:30:04.290,4.788,30000
2020-08-11 09:30:04.400,4.788,2000
2020-08-11 09:30:04.500,4.792,2000
2020-08-11 09:30:04.500,4.79,500
2020-08-11 09:30:05.170,4.79,500
2020-08-11 09:30:05.170,4.79,10000
2020-08-11 09:30:05.270,4.79,3700
2020-08-11 09:30:05.270,4.79,1000
2020-08-11 09:30:05.500,4.79,2000
2020-08-11 09:30:05.770,4.79,25000
2020-08-11 09:30:05.970,4.79,5000
2020-08-11 09:30:06.160,4.79,10000
2020-08-11 09:30:06.210,4.791,5000
2020-08-11 09:30:06.210,4.791,1800
2020-08-11 09:30:06.340,4.791,1700
2020-08-11 09:30:06.440,4.79,2800
2020-08-11 09:30:06.860,4.792,105100
2020-08-11 09:30:06.860,4.792,3000
2020-08-11 09:30:06.860,4.792,1000
2020-08-11 09:30:06.860,4.793,300
2020-08-11 09:30:06.860,4.793,1200
2020-08-11 09:30:06.860,4.794,1000
2020-08-11 09:30:06.860,4.795,1500
2020-08-11 09:30:06.860,4.795,2500
2020-08-11 09:30:06.860,4.795,500
2020-08-11 09:30:06.860,4.795,200
2020-08-11 09:30:06.860,4.795,2000
2020-08-11 09:30:06.860,4.795,4500
2020-08-11 09:30:06.860,4.795,1000
2020-08-11 09:30:06.860,4.795,4900
2020-08-11 09:30:06.860,4.795,14500
2020-08-11 09:30:06.860,4.795,1400
2020-08-11 09:30:06.860,4.795,1000
2020-08-11 09:30:06.860,4.796,100
2020-08-11 09:30:06.860,4.796,10000
2020-08-11 09:30:06.860,4.796,7900
2020-08-11 09:30:06.860,4.796,69500
2020-08-11 09:30:06.860,4.797,7700
2020-08-11 09:30:06.860,4.797,500
2020-08-11 09:30:06.970,4.797,1700
2020-08-11 09:30:07.100,4.797,1000
2020-08-11 09:30:07.230,4.797,9000
2020-08-11 09:30:07.490,4.797,5000
2020-08-11 09:30:07.640,4.796,100
2020-08-11 09:30:07.910,4.796,600
2020-08-11 09:30:08.480,4.796,1000
2020-08-11 09:30:08.480,4.798,2300
2020-08-11 09:30:08.480,4.798,600
2020-08-11 09:30:08.480,4.798,4000
2020-08-11 09:30:08.480,4.798,17100
2020-08-11 09:30:08.980,4.79,8000
2020-08-11 09:30:09.160,4.79,7700
2020-08-11 09:30:09.320,4.79,200
2020-08-11 09:30:09.400,4.79,4500
2020-08-11 09:30:09.530,4.79,300
2020-08-11 09:30:09.660,4.79,8800
2020-08-11 09:30:09.660,4.79,1200
2020-08-11 09:30:10.060,4.79,200
2020-08-11 09:30:10.170,4.791,1000
2020-08-11 09:30:10.170,4.795,2400
2020-08-11 09:30:10.170,4.795,20000
2020-08-11 09:30:10.170,4.795,200
2020-08-11 09:30:10.170,4.796,1400
2020-08-11 09:30:10.700,4.796,100
2020-08-11 09:30:11.100,4.79,600
2020-08-11 09:30:11.240,4.796,500
2020-08-11 09:30:11.240,4.797,49500
2020-08-11 09:30:11.350,4.79,100
2020-08-11 09:30:11.350,4.79,2600
2020-08-11 09:30:11.350,4.79,7300
2020-08-11 09:30:11.490,4.79,100
2020-08-11 09:30:11.900,4.79,1000
2020-08-11 09:30:11.930,4.791,200
2020-08-11 09:30:11.970,4.79,1100
2020-08-11 09:30:12.290,4.79,2500
2020-08-11 09:30:12.290,4.79,2000
2020-08-11 09:30:12.290,4.789,1000
2020-08-11 09:30:12.290,4.789,10800
2020-08-11 09:30:13.290,4.79,2500
2020-08-11 09:30:13.780,4.791,800
2020-08-11 09:30:13.780,4.791,1000
2020-08-11 09:30:14.010,4.796,800
2020-08-11 09:30:14.980,4.796,2000
2020-08-11 09:30:15.450,4.798,1400
2020-08-11 09:30:15.490,4.796,600
2020-08-11 09:30:15.520,4.796,46100
2020-08-11 09:30:15.520,4.794,34100
2020-08-11 09:30:15.660,4.797,3500
2020-08-11 09:30:16.960,4.794,500
2020-08-11 09:30:17.100,4.794,18000
2020-08-11 09:30:17.410,4.795,100
2020-08-11 09:30:18.220,4.796,1000
2020-08-11 09:30:18.220,4.798,8700
2020-08-11 09:30:18.220,4.798,2300
2020-08-11 09:30:18.220,4.799,500
2020-08-11 09:30:18.220,4.799,500
2020-08-11 09:30:18.220,4.799,1500
2020-08-11 09:30:18.220,4.799,10000
2020-08-11 09:30:18.220,4.799,200
2020-08-11 09:30:18.220,4.799,1000
2020-08-11 09:30:18.220,4.799,37000
2020-08-11 09:30:18.220,4.799,800
2020-08-11 09:30:18.220,4.799,40000
2020-08-11 09:30:18.220,4.799,40000
2020-08-11 09:30:18.220,4.799,20000
2020-08-11 09:30:18.220,4.799,1000
2020-08-11 09:30:18.220,4.799,5000
2020-08-11 09:30:18.220,4.799,5000
2020-08-11 09:30:18.220,4.8,400
2020-08-11 09:30:18.220,4.8,500
2020-08-11 09:30:18.220,4.8,100
2020-08-11 09:30:18.220,4.8,4000
2020-08-11 09:30:18.220,4.8,100
2020-08-11 09:30:18.220,4.8,2000
2020-08-11 09:30:18.220,4.8,2000
2020-08-11 09:30:18.220,4.8,2100
2020-08-11 09:30:18.220,4.8,11000
2020-08-11 09:30:18.220,4.8,10000
2020-08-11 09:30:18.220,4.8,1200
2020-08-11 09:30:18.220,4.8,10000
2020-08-11 09:30:18.220,4.8,100
2020-08-11 09:30:18.220,4.8,5000
2020-08-11 09:30:18.220,4.8,2000
2020-08-11 09:30:18.220,4.8,200
2020-08-11 09:30:18.220,4.8,200
2020-08-11 09:30:18.220,4.8,3500
2020-08-11 09:30:18.220,4.8,19300
2020-08-11 09:30:18.220,4.8,2000
2020-08-11 09:30:18.220,4.8,20000
2020-08-11 09:30:18.220,4.8,1300
2020-08-11 09:30:18.220,4.8,500
2020-08-11 09:30:18.220,4.8,2200
2020-08-11 09:30:18.220,4.8,1000
2020-08-11 09:30:18.220,4.8,1000
2020-08-11 09:30:18.220,4.8,200
2020-08-11 09:30:18.220,4.801,300
2020-08-11 09:30:18.220,4.801,2000
2020-08-11 09:30:18.220,4.801,600
2020-08-11 09:30:18.220,4.801,300
2020-08-11 09:30:18.220,4.801,1000
2020-08-11 09:30:18.220,4.801,2000
2020-08-11 09:30:18.220,4.802,10000
2020-08-11 09:30:18.220,4.802,4000
2020-08-11 09:30:18.220,4.802,3400
2020-08-11 09:30:19.200,4.798,300
2020-08-11 09:30:19.890,4.8,5000
2020-08-11 09:30:20.010,4.8,2500
2020-08-11 09:30:20.230,4.8,8100
2020-08-11 09:30:20.290,4.8,2000
2020-08-11 09:30:20.850,4.8,5000
2020-08-11 09:30:21.300,4.8,100
2020-08-11 09:30:21.430,4.8,7300
2020-08-11 09:30:21.430,4.797,5100
2020-08-11 09:30:21.590,4.797,5000
2020-08-11 09:30:23.350,4.798,1000
2020-08-11 09:30:25.350,4.797,5000
2020-08-11 09:30:26.000,4.798,7900
2020-08-11 09:30:27.350,4.798,2100
2020-08-11 09:30:27.560,4.8,4000
2020-08-11 09:30:27.560,4.8,1000
2020-08-11 09:30:27.560,4.802,1600
2020-08-11 09:30:27.560,4.802,3000
2020-08-11 09:30:27.670,4.802,400
2020-08-11 09:30:31.000,4.797,600
2020-08-11 09:30:34.350,4.797,10000
2020-08-11 09:30:34.820,4.797,8800
2020-08-11 09:30:34.820,4.797,13400
2020-08-11 09:30:34.820,4.797,7800
2020-08-11 09:30:35.300,4.797,2200
2020-08-11 09:30:35.300,4.798,1100
2020-08-11 09:30:36.230,4.798,23900
2020-08-11 09:30:36.230,4.799,3000
2020-08-11 09:30:36.230,4.8,4600
2020-08-11 09:30:36.230,4.8,1000
2020-08-11 09:30:36.230,4.8,3000
2020-08-11 09:30:36.230,4.8,2300
2020-08-11 09:30:36.230,4.8,40000
2020-08-11 09:30:36.230,4.801,1000
2020-08-11 09:30:36.230,4.802,1000
2020-08-11 09:30:36.230,4.802,2300
2020-08-11 09:30:36.420,4.802,1600
2020-08-11 09:30:37.970,4.802,35400
2020-08-11 09:30:37.970,4.801,14600
2020-08-11 09:30:39.460,4.799,25000
2020-08-11 09:30:39.620,4.799,1000
2020-08-11 09:30:39.740,4.799,4000
2020-08-11 09:30:39.830,4.8,2100
2020-08-11 09:30:40.700,4.8,20000
2020-08-11 09:30:41.260,4.8,2200
2020-08-11 09:30:41.330,4.8,1000
2020-08-11 09:30:41.600,4.801,13700
2020-08-11 09:30:42.660,4.802,10600
2020-08-11 09:30:42.660,4.802,5000
2020-08-11 09:30:42.660,4.802,12700
2020-08-11 09:30:42.900,4.802,100
2020-08-11 09:30:43.660,4.803,5000
2020-08-11 09:30:43.660,4.803,100
2020-08-11 09:30:43.660,4.803,32000
2020-08-11 09:30:43.660,4.803,1000
2020-08-11 09:30:44.840,4.803,1000
2020-08-11 09:30:44.900,4.804,1000
2020-08-11 09:30:44.900,4.804,600
2020-08-11 09:30:44.900,4.804,400
2020-08-11 09:30:45.140,4.803,10000
2020-08-11 09:30:45.280,4.804,600
2020-08-11 09:30:45.280,4.804,400
2020-08-11 09:30:46.610,4.801,800
2020-08-11 09:30:47.090,4.8,1000
2020-08-11 09:30:49.060,4.801,400
2020-08-11 09:30:49.190,4.8,100
2020-08-11 09:30:50.200,4.801,100
2020-08-11 09:30:50.640,4.802,1000
2020-08-11 09:30:50.700,4.802,700
2020-08-11 09:30:50.790,4.802,200
2020-08-11 09:30:50.790,4.8,3600
2020-08-11 09:30:50.990,4.803,2000
2020-08-11 09:30:51.880,4.8,1900
2020-08-11 09:30:51.880,4.8,13100
2020-08-11 09:30:52.380,4.8,1000
2020-08-11 09:30:52.600,4.802,2500
2020-08-11 09:30:52.600,4.802,64000
2020-08-11 09:30:52.600,4.802,1000
2020-08-11 09:30:52.600,4.803,11600
2020-08-11 09:30:54.230,4.803,300
2020-08-11 09:30:54.520,4.802,5400
2020-08-11 09:30:54.820,4.802,1000
2020-08-11 09:30:55.070,4.802,100
2020-08-11 09:30:55.100,4.802,2800
2020-08-11 09:30:55.720,4.802,3000
2020-08-11 09:30:55.750,4.802,2000
2020-08-11 09:30:56.020,4.802,10000
2020-08-11 09:30:58.230,4.802,1000
2020-08-11 09:30:58.520,4.802,2500
2020-08-11 09:30:58.990,4.802,2500
2020-08-11 09:30:59.050,4.802,1000
2020-08-11 09:30:59.330,4.802,1000
2020-08-11 09:31:00.530,4.802,300
2020-08-11 09:31:01.210,4.802,1000
2020-08-11 09:31:01.670,4.802,100
2020-08-11 09:31:01.800,4.802,6200
2020-08-11 09:31:02.240,4.802,500
2020-08-11 09:31:02.360,4.801,1000
2020-08-11 09:31:02.870,4.802,27200
2020-08-11 09:31:02.870,4.802,12300
2020-08-11 09:31:03.450,4.802,200
2020-08-11 09:31:04.080,4.802,3200
2020-08-11 09:31:04.890,4.802,1000
2020-08-11 09:31:05.760,4.801,5200
2020-08-11 09:31:07.020,4.802,1000
2020-08-11 09:31:07.020,4.802,1000
2020-08-11 09:31:07.020,4.802,800
2020-08-11 09:31:07.020,4.802,5000
2020-08-11 09:31:07.020,4.802,10000
2020-08-11 09:31:07.020,4.802,1000
2020-08-11 09:31:07.020,4.802,1400
2020-08-11 09:31:07.020,4.802,5600
2020-08-11 09:31:07.020,4.802,5000
2020-08-11 09:31:07.080,4.802,20000
2020-08-11 09:31:07.640,4.803,2200
2020-08-11 09:31:08.260,4.802,500
2020-08-11 09:31:08.360,4.802,10000
2020-08-11 09:31:08.880,4.802,300
2020-08-11 09:31:09.010,4.802,50000
2020-08-11 09:31:09.370,4.802,10500
2020-08-11 09:31:09.660,4.802,1000
2020-08-11 09:31:10.190,4.802,6900
2020-08-11 09:31:11.070,4.802,500
2020-08-11 09:31:11.440,4.802,1000
2020-08-11 09:31:12.150,4.802,19900
2020-08-11 09:31:13.390,4.801,3800
2020-08-11 09:31:13.390,4.801,200
2020-08-11 09:31:13.390,4.8,1200
2020-08-11 09:31:15.990,4.801,100
2020-08-11 09:31:16.350,4.8,1000
2020-08-11 09:31:16.750,4.801,1100
2020-08-11 09:31:18.270,4.801,5000
2020-08-11 09:31:18.270,4.801,1600
2020-08-11 09:31:18.270,4.802,71700
2020-08-11 09:31:18.270,4.802,700
2020-08-11 09:31:18.270,4.802,2500
2020-08-11 09:31:18.270,4.802,21000
2020-08-11 09:31:18.270,4.802,30000
2020-08-11 09:31:18.270,4.802,1100
2020-08-11 09:31:18.270,4.802,10000
2020-08-11 09:31:18.270,4.802,2000
2020-08-11 09:31:18.770,4.803,500
2020-08-11 09:31:18.890,4.8,100
2020-08-11 09:31:19.050,4.801,3000
2020-08-11 09:31:19.590,4.801,12000
2020-08-11 09:31:19.590,4.801,5000
2020-08-11 09:31:20.160,4.801,39200
2020-08-11 09:31:20.190,4.801,13700
2020-08-11 09:31:20.220,4.801,2500
2020-08-11 09:31:21.090,4.8,10000
2020-08-11 09:31:21.720,4.8,23600
2020-08-11 09:31:21.720,4.8,2700
2020-08-11 09:31:21.830,4.8,2000
2020-08-11 09:31:23.700,4.802,700
2020-08-11 09:31:23.760,4.8,3900
2020-08-11 09:31:23.990,4.802,3300
2020-08-11 09:31:23.990,4.802,154100
2020-08-11 09:31:24.320,4.803,2000
2020-08-11 09:31:24.680,4.803,1400
2020-08-11 09:31:24.680,4.803,38800
2020-08-11 09:31:24.680,4.803,3100
2020-08-11 09:31:24.680,4.803,20000
2020-08-11 09:31:24.680,4.803,5000
2020-08-11 09:31:24.680,4.803,5000
2020-08-11 09:31:24.680,4.803,500
2020-08-11 09:31:24.680,4.803,6000
2020-08-11 09:31:24.680,4.803,7000
2020-08-11 09:31:24.680,4.803,1000
2020-08-11 09:31:24.680,4.803,10000
2020-08-11 09:31:24.680,4.803,4600
2020-08-11 09:31:24.680,4.803,14000
2020-08-11 09:31:24.680,4.803,40000
2020-08-11 09:31:24.830,4.803,443600
2020-08-11 09:31:24.830,4.8,1400
2020-08-11 09:31:24.830,4.8,400
2020-08-11 09:31:24.830,4.8,800
2020-08-11 09:31:24.830,4.8,500
2020-08-11 09:31:24.830,4.8,2100
2020-08-11 09:31:25.900,4.8,97600
2020-08-11 09:31:26.020,4.8,53600
2020-08-11 09:31:26.020,4.8,800
2020-08-11 09:31:26.020,4.801,19100
2020-08-11 09:31:26.450,4.801,1200
2020-08-11 09:31:28.700,4.8,500
2020-08-11 09:31:29.010,4.8,4500
2020-08-11 09:31:29.010,4.801,400
2020-08-11 09:31:29.010,4.802,50000
2020-08-11 09:31:29.010,4.802,1500
2020-08-11 09:31:29.630,4.802,2500
2020-08-11 09:31:30.470,4.802,6500
2020-08-11 09:31:30.990,4.801,4400
2020-08-11 09:31:30.990,4.8,100
2020-08-11 09:31:30.990,4.8,2700
2020-08-11 09:31:31.730,4.801,300
2020-08-11 09:31:31.730,4.801,300
2020-08-11 09:31:31.730,4.801,300
2020-08-11 09:31:31.730,4.802,13500
2020-08-11 09:31:31.800,4.802,300
2020-08-11 09:31:32.280,4.802,2200
2020-08-11 09:31:32.310,4.802,30000
2020-08-11 09:31:33.000,4.802,1000
2020-08-11 09:31:33.600,4.802,10000
2020-08-11 09:31:35.610,4.801,200
2020-08-11 09:31:35.610,4.801,4800
2020-08-11 09:31:36.930,4.802,5000
2020-08-11 09:31:36.930,4.802,30000
2020-08-11 09:31:37.420,4.802,2100
2020-08-11 09:31:37.590,4.802,400
2020-08-11 09:31:37.930,4.802,900
2020-08-11 09:31:37.990,4.802,5000
2020-08-11 09:31:38.410,4.802,5000
2020-08-11 09:31:38.570,4.802,200
2020-08-11 09:31:39.510,4.802,79000
2020-08-11 09:31:39.710,4.802,100
2020-08-11 09:31:40.220,4.803,50000
2020-08-11 09:31:40.460,4.803,30000
2020-08-11 09:31:42.350,4.804,4600
2020-08-11 09:31:42.350,4.804,4000
2020-08-11 09:31:42.350,4.804,9000
2020-08-11 09:31:42.350,4.804,5000
2020-08-11 09:31:42.350,4.804,10000
2020-08-11 09:31:42.350,4.804,5000
2020-08-11 09:31:42.350,4.804,9800
2020-08-11 09:31:42.350,4.804,2000
2020-08-11 09:31:42.350,4.804,5700
2020-08-11 09:31:42.350,4.804,10000
2020-08-11 09:31:42.350,4.804,20000
2020-08-11 09:31:42.350,4.804,1000
2020-08-11 09:31:42.350,4.804,4000
2020-08-11 09:31:42.350,4.805,5500
2020-08-11 09:31:42.350,4.805,1500
2020-08-11 09:31:42.350,4.805,200
2020-08-11 09:31:42.350,4.805,500
2020-08-11 09:31:42.350,4.805,200
2020-08-11 09:31:42.350,4.805,200
2020-08-11 09:31:42.350,4.805,900
2020-08-11 09:31:42.350,4.805,50000
2020-08-11 09:31:42.350,4.805,50000
2020-08-11 09:31:42.350,4.805,5000
2020-08-11 09:31:42.350,4.805,200
2020-08-11 09:31:42.350,4.805,12100
2020-08-11 09:31:42.350,4.805,2500
2020-08-11 09:31:42.350,4.805,2500
2020-08-11 09:31:42.350,4.805,300
2020-08-11 09:31:42.350,4.805,1000
2020-08-11 09:31:42.350,4.805,5000
2020-08-11 09:31:42.350,4.805,1000
2020-08-11 09:31:42.350,4.805,2000
2020-08-11 09:31:42.350,4.805,5000
2020-08-11 09:31:42.350,4.805,1000
2020-08-11 09:31:42.540,4.805,6600
2020-08-11 09:31:43.700,4.805,3000
2020-08-11 09:31:44.020,4.805,5000
2020-08-11 09:31:44.770,4.805,1000
2020-08-11 09:31:45.120,4.805,3000
2020-08-11 09:31:45.310,4.805,5000
2020-08-11 09:31:45.890,4.805,39700
2020-08-11 09:31:45.890,4.803,1900
2020-08-11 09:31:45.890,4.801,13200
2020-08-11 09:31:45.890,4.801,22000
2020-08-11 09:31:45.890,4.801,600000
2020-08-11 09:31:45.890,4.8,4000
2020-08-11 09:31:45.890,4.8,5000
2020-08-11 09:31:45.890,4.8,20000
2020-08-11 09:31:46.780,4.8,40000
2020-08-11 09:31:46.970,4.8,254200
2020-08-11 09:31:46.970,4.803,2100
2020-08-11 09:31:46.970,4.804,2000
2020-08-11 09:31:46.970,4.805,100
2020-08-11 09:31:47.530,4.805,200
2020-08-11 09:31:47.650,4.805,2000
2020-08-11 09:31:48.260,4.805,500
2020-08-11 09:31:49.580,4.805,20000
2020-08-11 09:31:50.580,4.805,900
2020-08-11 09:31:51.030,4.805,5000
2020-08-11 09:31:51.900,4.805,6700
2020-08-11 09:31:51.920,4.805,600
2020-08-11 09:31:52.140,4.806,6200
2020-08-11 09:31:52.140,4.806,3000
2020-08-11 09:31:52.140,4.806,100
2020-08-11 09:31:52.140,4.806,10000
2020-08-11 09:31:52.140,4.806,100
2020-08-11 09:31:52.140,4.806,10000
2020-08-11 09:31:52.140,4.806,5000
2020-08-11 09:31:52.140,4.806,900
2020-08-11 09:31:52.140,4.806,2500
2020-08-11 09:31:52.140,4.806,100
2020-08-11 09:31:52.640,4.806,5000
2020-08-11 09:31:52.670,4.806,3000
2020-08-11 09:31:52.960,4.806,254100
2020-08-11 09:31:53.330,4.805,1000
2020-08-11 09:31:53.360,4.805,2500
2020-08-11 09:31:53.920,4.805,2200
2020-08-11 09:31:53.920,4.804,4000
2020-08-11 09:31:53.920,4.803,3800
2020-08-11 09:31:56.100,4.805,3800
2020-08-11 09:31:56.100,4.805,2000
2020-08-11 09:31:56.100,4.805,4200
2020-08-11 09:31:58.630,4.804,5000
2020-08-11 09:31:59.130,4.804,100
2020-08-11 09:32:01.570,4.803,900
2020-08-11 09:32:01.570,4.803,1100
2020-08-11 09:32:01.860,4.803,600
2020-08-11 09:32:01.920,4.804,10000
2020-08-11 09:32:01.920,4.804,200
2020-08-11 09:32:02.090,4.805,5800
2020-08-11 09:32:02.090,4.805,3400
2020-08-11 09:32:02.090,4.805,2000
2020-08-11 09:32:02.090,4.805,5000
2020-08-11 09:32:02.090,4.805,2700
2020-08-11 09:32:02.090,4.805,1300
2020-08-11 09:32:02.270,4.803,10000
2020-08-11 09:32:03.900,4.803,1000
2020-08-11 09:32:03.900,4.804,100
2020-08-11 09:32:04.390,4.803,6000
2020-08-11 09:32:04.510,4.804,9900
2020-08-11 09:32:04.510,4.804,5100
2020-08-11 09:32:04.600,4.803,100
2020-08-11 09:32:06.000,4.803,15000
2020-08-11 09:32:06.730,4.804,100
2020-08-11 09:32:07.900,4.803,38200
2020-08-11 09:32:08.150,4.803,1000
2020-08-11 09:32:08.490,4.803,1300
2020-08-11 09:32:09.360,4.803,5000
2020-08-11 09:32:09.400,4.803,2000
2020-08-11 09:32:11.880,4.804,1000
2020-08-11 09:32:12.210,4.803,2500
2020-08-11 09:32:12.360,4.803,2100
2020-08-11 09:32:14.020,4.803,2600
2020-08-11 09:32:15.060,4.803,17900
2020-08-11 09:32:15.270,4.803,37400
2020-08-11 09:32:15.520,4.804,1900
2020-08-11 09:32:15.520,4.804,4000
2020-08-11 09:32:15.520,4.804,11000
2020-08-11 09:32:15.520,4.804,5500
2020-08-11 09:32:15.520,4.804,1000
2020-08-11 09:32:15.520,4.804,1000
2020-08-11 09:32:15.520,4.804,5000
2020-08-11 09:32:15.520,4.804,2000
2020-08-11 09:32:15.520,4.804,1000
2020-08-11 09:32:15.700,4.803,18900
2020-08-11 09:32:16.270,4.804,3000
2020-08-11 09:32:16.530,4.804,4000
2020-08-11 09:32:17.200,4.803,4000
2020-08-11 09:32:17.940,4.803,2000
2020-08-11 09:32:18.040,4.805,7600
2020-08-11 09:32:18.040,4.805,20000
2020-08-11 09:32:18.040,4.805,11000
2020-08-11 09:32:18.040,4.805,8900
2020-08-11 09:32:18.040,4.805,20000
2020-08-11 09:32:18.040,4.805,3000
2020-08-11 09:32:18.040,4.805,200
2020-08-11 09:32:18.300,4.805,1200
2020-08-11 09:32:18.390,4.805,3000
2020-08-11 09:32:20.530,4.805,15000
2020-08-11 09:32:20.770,4.805,1500
2020-08-11 09:32:21.040,4.805,2100
2020-08-11 09:32:21.530,4.806,1000
2020-08-11 09:32:21.870,4.805,12500
2020-08-11 09:32:22.470,4.805,200
2020-08-11 09:32:23.270,4.805,700
2020-08-11 09:32:23.480,4.805,5000
2020-08-11 09:32:23.950,4.805,8000
2020-08-11 09:32:24.620,4.806,9000
2020-08-11 09:32:24.620,4.806,1000
2020-08-11 09:32:25.010,4.805,300
2020-08-11 09:32:25.690,4.805,1000
2020-08-11 09:32:26.020,4.805,1000
2020-08-11 09:32:26.200,4.805,44300
2020-08-11 09:32:26.200,4.805,10000
2020-08-11 09:32:27.690,4.805,1500
2020-08-11 09:32:27.880,4.804,100
2020-08-11 09:32:28.610,4.804,100
2020-08-11 09:32:28.610,4.804,100
2020-08-11 09:32:28.610,4.804,20000
2020-08-11 09:32:28.950,4.804,19800
2020-08-11 09:32:29.480,4.805,61900
2020-08-11 09:32:29.750,4.803,100
2020-08-11 09:32:30.460,4.805,300000
2020-08-11 09:32:32.660,4.805,300000
2020-08-11 09:32:33.050,4.805,1000
2020-08-11 09:32:33.320,4.805,100
2020-08-11 09:32:33.750,4.805,281200
2020-08-11 09:32:33.750,4.805,1000
2020-08-11 09:32:33.750,4.805,800
2020-08-11 09:32:33.750,4.805,7000
2020-08-11 09:32:33.920,4.805,143000
2020-08-11 09:32:33.920,4.805,6500
2020-08-11 09:32:33.920,4.805,500
2020-08-11 09:32:33.920,4.805,2000
2020-08-11 09:32:33.920,4.805,3600
2020-08-11 09:32:33.920,4.805,10000
2020-08-11 09:32:34.020,4.806,9000
2020-08-11 09:32:34.020,4.806,4700
2020-08-11 09:32:34.020,4.806,400
2020-08-11 09:32:34.020,4.806,20000
2020-08-11 09:32:34.020,4.806,5000
2020-08-11 09:32:34.020,4.806,4100
2020-08-11 09:32:34.020,4.806,500
2020-08-11 09:32:34.020,4.807,600
2020-08-11 09:32:34.020,4.807,5000
2020-08-11 09:32:34.020,4.807,100
2020-08-11 09:32:34.020,4.807,2600
2020-08-11 09:32:34.020,4.807,3000
2020-08-11 09:32:34.020,4.807,100
2020-08-11 09:32:34.020,4.807,500
2020-08-11 09:32:34.020,4.807,600
2020-08-11 09:32:34.020,4.807,100
2020-08-11 09:32:34.020,4.807,8800
2020-08-11 09:32:34.020,4.807,5000
2020-08-11 09:32:34.020,4.807,6700
2020-08-11 09:32:34.020,4.808,1000
2020-08-11 09:32:34.020,4.808,5000
2020-08-11 09:32:34.020,4.808,1000
2020-08-11 09:32:34.020,4.808,200
2020-08-11 09:32:34.020,4.808,100
2020-08-11 09:32:34.020,4.808,1500
2020-08-11 09:32:34.020,4.808,100
2020-08-11 09:32:34.020,4.808,600
2020-08-11 09:32:34.020,4.808,500
2020-08-11 09:32:34.020,4.808,10000
2020-08-11 09:32:34.020,4.808,25000
2020-08-11 09:32:34.020,4.808,900
2020-08-11 09:32:34.020,4.808,25000
2020-08-11 09:32:34.020,4.808,7700
2020-08-11 09:32:34.020,4.808,1000
2020-08-11 09:32:34.020,4.808,500
2020-08-11 09:32:34.020,4.808,200
2020-08-11 09:32:34.020,4.809,1500
2020-08-11 09:32:34.020,4.809,100
2020-08-11 09:32:34.020,4.809,4000
2020-08-11 09:32:34.020,4.809,30000
2020-08-11 09:32:34.020,4.809,30000
2020-08-11 09:32:34.020,4.809,5000
2020-08-11 09:32:34.020,4.809,300
2020-08-11 09:32:34.020,4.809,3000
2020-08-11 09:32:34.020,4.809,500
2020-08-11 09:32:34.020,4.809,5000
2020-08-11 09:32:34.020,4.809,300
2020-08-11 09:32:34.020,4.809,44600
2020-08-11 09:32:34.020,4.81,5000
2020-08-11 09:32:34.020,4.81,100
2020-08-11 09:32:34.020,4.81,5500
2020-08-11 09:32:34.020,4.81,5200
2020-08-11 09:32:34.020,4.81,400
2020-08-11 09:32:34.020,4.81,800
2020-08-11 09:32:34.020,4.81,11000
2020-08-11 09:32:34.020,4.81,3000
2020-08-11 09:32:34.020,4.81,1000
2020-08-11 09:32:34.020,4.81,10000
2020-08-11 09:32:34.020,4.81,3000
2020-08-11 09:32:34.020,4.81,100
2020-08-11 09:32:34.020,4.81,23500
2020-08-11 09:32:34.270,4.806,100
2020-08-11 09:32:34.630,4.806,9900
2020-08-11 09:32:35.290,4.806,100
2020-08-11 09:32:35.930,4.807,10000
2020-08-11 09:32:35.930,4.807,22900
2020-08-11 09:32:36.190,4.806,10000
2020-08-11 09:32:36.250,4.807,2100
2020-08-11 09:32:36.250,4.806,2900
2020-08-11 09:32:36.610,4.806,2100
2020-08-11 09:32:37.430,4.806,3000
2020-08-11 09:32:37.740,4.806,5000
2020-08-11 09:32:39.260,4.806,300
2020-08-11 09:32:39.300,4.806,29700
2020-08-11 09:32:39.300,4.806,300
2020-08-11 09:32:39.300,4.806,23600
2020-08-11 09:32:39.690,4.806,1000
2020-08-11 09:32:39.750,4.807,32500
2020-08-11 09:32:39.940,4.807,5000
2020-08-11 09:32:40.630,4.807,1000
2020-08-11 09:32:40.940,4.806,5000
2020-08-11 09:32:42.050,4.808,5000
2020-08-11 09:32:43.660,4.808,31400
2020-08-11 09:32:44.780,4.808,1000
2020-08-11 09:32:46.610,4.809,100
2020-08-11 09:32:46.710,4.809,4300
2020-08-11 09:32:46.710,4.809,5200
2020-08-11 09:32:46.710,4.81,6500
2020-08-11 09:32:46.710,4.81,500
2020-08-11 09:32:46.710,4.81,200
2020-08-11 09:32:46.710,4.81,200
2020-08-11 09:32:46.710,4.81,900
2020-08-11 09:32:46.710,4.81,200
2020-08-11 09:32:47.490,4.808,12600
2020-08-11 09:32:47.490,4.808,100
2020-08-11 09:32:47.490,4.808,5000
2020-08-11 09:32:47.490,4.805,22900
2020-08-11 09:32:47.490,4.805,5000
2020-08-11 09:32:47.740,4.805,80000
2020-08-11 09:32:47.800,4.805,60000
2020-08-11 09:32:47.800,4.805,3000
2020-08-11 09:32:48.300,4.805,11400
2020-08-11 09:32:49.060,4.807,2000
2020-08-11 09:32:49.060,4.807,60000
2020-08-11 09:32:49.060,4.807,80000
2020-08-11 09:32:49.060,4.808,80000
2020-08-11 09:32:49.060,4.808,60000
2020-08-11 09:32:49.060,4.808,11200
2020-08-11 09:32:49.060,4.809,3000
2020-08-11 09:32:49.060,4.809,8100
2020-08-11 09:32:49.060,4.81,2800
2020-08-11 09:32:49.060,4.81,20000
2020-08-11 09:32:49.060,4.81,5900
2020-08-11 09:32:50.300,4.808,1000
2020-08-11 09:32:51.120,4.808,2200
2020-08-11 09:32:51.120,4.808,22200
2020-08-11 09:32:51.120,4.81,4100
2020-08-11 09:32:51.120,4.81,20000
2020-08-11 09:32:51.120,4.81,4500
2020-08-11 09:32:51.120,4.81,2000
2020-08-11 09:32:51.120,4.81,2000
2020-08-11 09:32:51.120,4.81,1000
2020-08-11 09:32:51.120,4.81,10000
2020-08-11 09:32:51.120,4.81,300
2020-08-11 09:32:51.120,4.81,500
2020-08-11 09:32:51.120,4.81,5200
2020-08-11 09:32:51.120,4.81,200
2020-08-11 09:32:51.120,4.81,4800
2020-08-11 09:32:51.360,4.806,50000
2020-08-11 09:32:51.420,4.806,200
2020-08-11 09:32:54.030,4.806,9800
2020-08-11 09:32:54.030,4.806,100
2020-08-11 09:32:55.030,4.805,4000
2020-08-11 09:32:55.100,4.806,600
2020-08-11 09:32:55.230,4.806,2900
2020-08-11 09:32:55.980,4.806,6600
2020-08-11 09:32:55.980,4.806,3400
2020-08-11 09:32:56.100,4.806,1600
2020-08-11 09:32:56.100,4.808,1000
2020-08-11 09:32:56.100,4.808,2000
2020-08-11 09:32:56.100,4.808,10000
2020-08-11 09:32:56.100,4.809,10000
2020-08-11 09:32:56.100,4.81,5200
2020-08-11 09:32:56.100,4.81,15000
2020-08-11 09:32:56.100,4.81,1000
2020-08-11 09:32:56.100,4.81,10000
2020-08-11 09:32:56.100,4.81,14200
2020-08-11 09:32:57.530,4.809,10000
2020-08-11 09:32:59.280,4.807,100
2020-08-11 09:33:02.790,4.807,100
2020-08-11 09:33:03.360,4.808,5200
2020-08-11 09:33:03.600,4.809,500
2020-08-11 09:33:05.200,4.809,2300
2020-08-11 09:33:05.200,4.808,4100
2020-08-11 09:33:06.040,4.808,1300
2020-08-11 09:33:07.580,4.806,3000
2020-08-11 09:33:09.030,4.807,100
2020-08-11 09:33:09.300,4.807,100
2020-08-11 09:33:09.300,4.808,2300
2020-08-11 09:33:09.300,4.809,100
2020-08-11 09:33:09.300,4.809,1400
2020-08-11 09:33:10.720,4.806,2000
2020-08-11 09:33:10.720,4.806,100
2020-08-11 09:33:10.720,4.806,6900
2020-08-11 09:33:11.470,4.807,1000
2020-08-11 09:33:11.470,4.808,4900
2020-08-11 09:33:12.550,4.806,101900
2020-08-11 09:33:12.610,4.808,100
2020-08-11 09:33:15.240,4.806,23500
2020-08-11 09:33:16.100,4.807,3700
2020-08-11 09:33:16.100,4.807,500
2020-08-11 09:33:16.280,4.807,7900
2020-08-11 09:33:16.380,4.807,1000
2020-08-11 09:33:16.560,4.807,1000
2020-08-11 09:33:17.240,4.807,1000
2020-08-11 09:33:17.390,4.807,100
2020-08-11 09:33:17.520,4.808,500
2020-08-11 09:33:17.720,4.808,10000
2020-08-11 09:33:17.750,4.808,200
2020-08-11 09:33:18.930,4.808,1400
2020-08-11 09:33:18.930,4.808,3700
2020-08-11 09:33:18.930,4.809,8600
2020-08-11 09:33:18.930,4.809,500
2020-08-11 09:33:18.930,4.809,5800
2020-08-11 09:33:19.120,4.807,2500
2020-08-11 09:33:19.120,4.806,100
2020-08-11 09:33:19.120,4.806,2400
2020-08-11 09:33:20.370,4.807,19500
2020-08-11 09:33:20.370,4.806,1000
2020-08-11 09:33:20.370,4.806,25000
2020-08-11 09:33:20.370,4.806,7000
2020-08-11 09:33:20.370,4.806,3300
2020-08-11 09:33:20.690,4.806,100
2020-08-11 09:33:20.810,4.807,100
2020-08-11 09:33:20.810,4.808,100
2020-08-11 09:33:20.810,4.806,200
2020-08-11 09:33:20.810,4.805,9800
2020-08-11 09:33:22.180,4.805,500
2020-08-11 09:33:22.690,4.807,1000
2020-08-11 09:33:22.690,4.805,22600
2020-08-11 09:33:23.430,4.805,3600
2020-08-11 09:33:23.590,4.806,500
2020-08-11 09:33:23.590,4.806,1000
2020-08-11 09:33:23.590,4.808,1900
2020-08-11 09:33:23.590,4.808,14000
2020-08-11 09:33:23.590,4.808,32600
2020-08-11 09:33:25.430,4.806,1000
2020-08-11 09:33:27.050,4.805,23500
2020-08-11 09:33:28.160,4.806,1200
2020-08-11 09:33:28.160,4.806,2500
2020-08-11 09:33:28.500,4.806,1000
2020-08-11 09:33:29.790,4.806,2000
2020-08-11 09:33:30.230,4.805,10000
2020-08-11 09:33:31.000,4.806,1000
2020-08-11 09:33:31.570,4.806,1000
2020-08-11 09:33:32.000,4.805,200
2020-08-11 09:33:32.510,4.805,3000
2020-08-11 09:33:32.710,4.805,2800
2020-08-11 09:33:32.710,4.805,300
2020-08-11 09:33:32.850,4.804,4900
2020-08-11 09:33:33.260,4.805,1400
2020-08-11 09:33:33.840,4.805,1800
2020-08-11 09:33:34.620,4.804,5200
2020-08-11 09:33:34.620,4.804,800
2020-08-11 09:33:34.620,4.804,8300
2020-08-11 09:33:34.620,4.805,500
2020-08-11 09:33:37.250,4.804,10000
2020-08-11 09:33:37.750,4.804,2500
2020-08-11 09:33:39.100,4.804,900
2020-08-11 09:33:39.500,4.805,2500
2020-08-11 09:33:41.450,4.805,10700
2020-08-11 09:33:41.450,4.805,500
2020-08-11 09:33:41.450,4.805,4000
2020-08-11 09:33:41.450,4.805,100
2020-08-11 09:33:41.450,4.805,5000
2020-08-11 09:33:41.450,4.805,10000
2020-08-11 09:33:41.450,4.805,200
2020-08-11 09:33:41.630,4.806,8400
2020-08-11 09:33:41.630,4.806,2000
2020-08-11 09:33:41.630,4.806,4000
2020-08-11 09:33:41.630,4.806,2000
2020-08-11 09:33:41.630,4.806,400
2020-08-11 09:33:41.630,4.806,1000
2020-08-11 09:33:42.130,4.806,18900
2020-08-11 09:33:42.340,4.806,300
2020-08-11 09:33:42.430,4.806,1000
2020-08-11 09:33:42.470,4.806,500
2020-08-11 09:33:42.530,4.806,2000
2020-08-11 09:33:42.740,4.806,900
2020-08-11 09:33:42.790,4.806,1000
2020-08-11 09:33:43.370,4.806,2300
2020-08-11 09:33:43.370,4.806,100
2020-08-11 09:33:43.370,4.805,47600
2020-08-11 09:33:43.430,4.805,1300
2020-08-11 09:33:43.620,4.805,2000
2020-08-11 09:33:44.240,4.805,3000
2020-08-11 09:33:44.330,4.805,10000
2020-08-11 09:33:44.810,4.805,100
2020-08-11 09:33:45.100,4.805,3000
2020-08-11 09:33:45.340,4.805,1800
2020-08-11 09:33:45.830,4.805,1000
2020-08-11 09:33:46.270,4.805,1000
2020-08-11 09:33:46.800,4.806,4900
2020-08-11 09:33:47.680,4.806,4900
2020-08-11 09:33:48.360,4.806,4800
2020-08-11 09:33:49.170,4.806,4800
2020-08-11 09:33:49.580,4.806,6000
2020-08-11 09:33:49.900,4.806,4800
2020-08-11 09:33:50.130,4.805,1500
2020-08-11 09:33:50.130,4.805,1000
2020-08-11 09:33:50.210,4.806,10000
2020-08-11 09:33:50.610,4.806,19900
2020-08-11 09:33:50.610,4.806,10000
2020-08-11 09:33:50.610,4.806,5000
2020-08-11 09:33:50.610,4.806,15400
2020-08-11 09:33:50.610,4.806,1000
2020-08-11 09:33:50.640,4.806,500000
2020-08-11 09:33:50.670,4.807,4800
2020-08-11 09:33:50.700,4.806,20000
2020-08-11 09:33:51.460,4.807,200
2020-08-11 09:33:51.460,4.807,4100
2020-08-11 09:33:51.840,4.806,2000
2020-08-11 09:33:52.430,4.806,4000
2020-08-11 09:33:52.430,4.806,2100
2020-08-11 09:33:52.520,4.805,20000
2020-08-11 09:33:52.970,4.805,1900
2020-08-11 09:33:53.230,4.805,10000
2020-08-11 09:33:53.680,4.805,600
2020-08-11 09:33:53.710,4.805,5000
2020-08-11 09:33:53.830,4.806,13900
2020-08-11 09:33:53.830,4.806,1100
2020-08-11 09:33:54.300,4.806,700
2020-08-11 09:33:54.840,4.806,1000
2020-08-11 09:33:56.370,4.806,5000
2020-08-11 09:33:56.460,4.806,200
2020-08-11 09:33:57.180,4.807,6000
2020-08-11 09:33:57.650,4.806,230000
2020-08-11 09:33:57.770,4.806,12000
2020-08-11 09:33:57.970,4.806,2300
2020-08-11 09:33:58.720,4.806,6100
2020-08-11 09:33:59.560,4.806,1000
2020-08-11 09:34:00.280,4.806,500
2020-08-11 09:34:00.380,4.806,4200
2020-08-11 09:34:00.640,4.807,1000
2020-08-11 09:34:00.640,4.807,3200
2020-08-11 09:34:00.640,4.807,3200
2020-08-11 09:34:00.640,4.807,6200
2020-08-11 09:34:00.640,4.807,11900
2020-08-11 09:34:00.640,4.807,100000
2020-08-11 09:34:01.260,4.807,22500
2020-08-11 09:34:02.030,4.807,12900
2020-08-11 09:34:02.120,4.807,4000
2020-08-11 09:34:02.540,4.807,5000
2020-08-11 09:34:03.190,4.808,17400
2020-08-11 09:34:03.190,4.808,7000
2020-08-11 09:34:03.190,4.808,100
2020-08-11 09:34:03.190,4.808,5200
2020-08-11 09:34:03.190,4.808,3700
2020-08-11 09:34:03.190,4.808,2200
2020-08-11 09:34:03.190,4.808,10000
2020-08-11 09:34:03.190,4.808,11300
2020-08-11 09:34:03.400,4.808,1400
2020-08-11 09:34:03.400,4.808,3000
2020-08-11 09:34:03.400,4.808,1600
2020-08-11 09:34:04.710,4.808,3300
2020-08-11 09:34:04.710,4.808,5000
2020-08-11 09:34:04.710,4.808,10000
2020-08-11 09:34:04.740,4.808,10000
2020-08-11 09:34:04.770,4.808,200
2020-08-11 09:34:05.410,4.808,100
2020-08-11 09:34:05.730,4.808,2200
2020-08-11 09:34:06.720,4.809,200
2020-08-11 09:34:06.720,4.809,700
2020-08-11 09:34:06.720,4.809,2000
2020-08-11 09:34:06.720,4.809,3000
2020-08-11 09:34:06.720,4.809,100
2020-08-11 09:34:06.720,4.809,24400
2020-08-11 09:34:06.720,4.809,7000
2020-08-11 09:34:06.720,4.809,2500
2020-08-11 09:34:06.720,4.809,1400
2020-08-11 09:34:06.720,4.809,400
2020-08-11 09:34:06.720,4.809,10000
2020-08-11 09:34:06.720,4.809,2000
2020-08-11 09:34:06.720,4.809,3000
2020-08-11 09:34:06.720,4.809,600
2020-08-11 09:34:06.720,4.809,5000
2020-08-11 09:34:06.720,4.809,5000
2020-08-11 09:34:06.720,4.809,2000
2020-08-11 09:34:06.720,4.809,2000
2020-08-11 09:34:06.770,4.809,500
2020-08-11 09:34:06.810,4.809,1000
2020-08-11 09:34:07.920,4.81,158700
2020-08-11 09:34:08.170,4.809,100
2020-08-11 09:34:08.400,4.809,10000
2020-08-11 09:34:09.260,4.809,2900
2020-08-11 09:34:09.780,4.809,1500
2020-08-11 09:34:10.180,4.81,27100
2020-08-11 09:34:10.180,4.81,500
2020-08-11 09:34:10.180,4.81,1500
2020-08-11 09:34:10.180,4.81,1000
2020-08-11 09:34:10.180,4.81,1000
2020-08-11 09:34:10.180,4.81,100
2020-08-11 09:34:10.180,4.81,2500
2020-08-11 09:34:10.180,4.81,32900
2020-08-11 09:34:10.180,4.81,200
2020-08-11 09:34:10.180,4.81,1000
2020-08-11 09:34:10.180,4.81,500
2020-08-11 09:34:10.180,4.81,20000
2020-08-11 09:34:10.180,4.81,14000
2020-08-11 09:34:10.180,4.81,3000
2020-08-11 09:34:10.180,4.81,1000
2020-08-11 09:34:10.180,4.81,2000
2020-08-11 09:34:10.180,4.81,1000
2020-08-11 09:34:10.180,4.81,5000
2020-08-11 09:34:10.180,4.81,4600
2020-08-11 09:34:10.180,4.81,3000
2020-08-11 09:34:10.180,4.81,5000
2020-08-11 09:34:10.180,4.81,1000
2020-08-11 09:34:10.180,4.81,5000
2020-08-11 09:34:10.180,4.81,34800
2020-08-11 09:34:10.830,4.809,600
2020-08-11 09:34:11.030,4.809,24900
2020-08-11 09:34:11.030,4.809,4100
2020-08-11 09:34:11.030,4.809,22700
2020-08-11 09:34:11.210,4.81,5000
2020-08-11 09:34:11.210,4.809,3000
2020-08-11 09:34:11.210,4.809,5700
2020-08-11 09:34:12.430,4.81,10200
2020-08-11 09:34:12.430,4.81,1000
2020-08-11 09:34:12.430,4.81,4000
2020-08-11 09:34:12.430,4.81,400
2020-08-11 09:34:12.430,4.81,600
2020-08-11 09:34:12.430,4.81,2000
2020-08-11 09:34:12.430,4.81,10000
2020-08-11 09:34:12.430,4.81,10000
2020-08-11 09:34:12.430,4.81,4300
2020-08-11 09:34:12.430,4.81,39700
2020-08-11 09:34:12.430,4.81,5000
2020-08-11 09:34:12.430,4.81,500
2020-08-11 09:34:12.930,4.81,31000
2020-08-11 09:34:13.250,4.81,10000
2020-08-11 09:34:13.410,4.81,10000
2020-08-11 09:34:13.680,4.81,800
2020-08-11 09:34:13.950,4.81,4600
2020-08-11 09:34:15.030,4.811,5000
2020-08-11 09:34:15.030,4.811,1000
2020-08-11 09:34:17.050,4.81,300
2020-08-11 09:34:17.540,4.811,200
2020-08-11 09:34:17.670,4.811,300
2020-08-11 09:34:17.850,4.81,600
2020-08-11 09:34:18.420,4.811,1000
2020-08-11 09:34:18.420,4.811,3000
2020-08-11 09:34:18.420,4.811,1000
2020-08-11 09:34:18.420,4.811,100
2020-08-11 09:34:18.690,4.811,4900
2020-08-11 09:34:18.690,4.811,1100
2020-08-11 09:34:19.070,4.81,15000
2020-08-11 09:34:23.180,4.811,5600
2020-08-11 09:34:23.180,4.811,2000
2020-08-11 09:34:23.180,4.811,100
2020-08-11 09:34:23.330,4.812,2200
2020-08-11 09:34:23.330,4.812,3000
2020-08-11 09:34:23.330,4.812,3000
2020-08-11 09:34:23.330,4.812,1000
2020-08-11 09:34:23.330,4.812,3500
2020-08-11 09:34:23.330,4.812,100
2020-08-11 09:34:23.330,4.812,2100
2020-08-11 09:34:23.330,4.812,7100
2020-08-11 09:34:24.870,4.812,600
2020-08-11 09:34:25.560,4.811,100
2020-08-11 09:34:27.960,4.812,2300
2020-08-11 09:34:27.960,4.812,5000
2020-08-11 09:34:27.960,4.812,15000
2020-08-11 09:34:27.960,4.812,2000
2020-08-11 09:34:27.960,4.812,200
2020-08-11 09:34:27.960,4.812,200
2020-08-11 09:34:27.960,4.812,300
2020-08-11 09:34:27.960,4.812,5000
2020-08-11 09:34:27.960,4.812,10000
2020-08-11 09:34:27.960,4.813,100
2020-08-11 09:34:27.960,4.813,600
2020-08-11 09:34:27.960,4.813,1600
2020-08-11 09:34:27.960,4.813,7700
2020-08-11 09:34:28.280,4.813,10000
2020-08-11 09:34:28.420,4.811,100
2020-08-11 09:34:33.190,4.812,2000
2020-08-11 09:34:33.750,4.811,2100
2020-08-11 09:34:33.750,4.811,5100
2020-08-11 09:34:33.750,4.811,100
2020-08-11 09:34:33.750,4.811,4200
2020-08-11 09:34:33.750,4.811,100
2020-08-11 09:34:33.750,4.811,45000
2020-08-11 09:34:34.170,4.811,500
2020-08-11 09:34:34.680,4.811,1000
2020-08-11 09:34:35.450,4.812,10000
2020-08-11 09:34:35.480,4.811,5000
2020-08-11 09:34:36.460,4.812,2000
2020-08-11 09:34:36.760,4.811,2500
2020-08-11 09:34:38.300,4.812,10000
2020-08-11 09:34:38.440,4.812,500
2020-08-11 09:34:38.620,4.812,1600
2020-08-11 09:34:38.620,4.812,4100
2020-08-11 09:34:38.700,4.811,400
2020-08-11 09:34:38.700,4.811,1600
2020-08-11 09:34:38.700,4.81,140000
2020-08-11 09:34:38.700,4.81,117000
2020-08-11 09:34:38.700,4.81,5500
2020-08-11 09:34:38.700,4.81,100
2020-08-11 09:34:39.000,4.81,6000
2020-08-11 09:34:40.000,4.81,5000
2020-08-11 09:34:40.510,4.81,3000
2020-08-11 09:34:40.900,4.81,15000
2020-08-11 09:34:43.150,4.81,300
2020-08-11 09:34:43.620,4.81,500
2020-08-11 09:34:43.940,4.81,200
2020-08-11 09:34:44.500,4.81,10700
2020-08-11 09:34:45.140,4.81,12100
2020-08-11 09:34:45.510,4.81,3800
2020-08-11 09:34:45.630,4.81,79300
2020-08-11 09:34:45.630,4.81,4200
2020-08-11 09:34:46.320,4.811,3000
2020-08-11 09:34:46.320,4.811,100
2020-08-11 09:34:46.320,4.811,6800
2020-08-11 09:34:47.090,4.81,100
2020-08-11 09:34:47.500,4.811,1000
2020-08-11 09:34:47.850,4.811,1000
2020-08-11 09:34:48.350,4.81,1000
2020-08-11 09:34:50.000,4.811,1200
2020-08-11 09:34:50.000,4.811,2000
2020-08-11 09:34:50.000,4.811,500
2020-08-11 09:34:50.000,4.811,500
2020-08-11 09:34:50.000,4.811,800
2020-08-11 09:34:50.410,4.81,2000
2020-08-11 09:34:50.470,4.811,200
2020-08-11 09:34:50.470,4.811,2000
2020-08-11 09:34:50.470,4.811,1300
2020-08-11 09:34:50.470,4.811,500
2020-08-11 09:34:50.470,4.811,5200
2020-08-11 09:34:51.020,4.811,4200
2020-08-11 09:34:51.540,4.81,3400
2020-08-11 09:34:51.610,4.81,3000
2020-08-11 09:34:52.260,4.81,2600
2020-08-11 09:34:53.540,4.811,57200
2020-08-11 09:34:54.800,4.81,4400
2020-08-11 09:34:54.800,4.81,10000
2020-08-11 09:34:54.800,4.81,300
2020-08-11 09:34:54.800,4.81,4000
2020-08-11 09:34:54.880,4.809,500
2020-08-11 09:34:55.410,4.809,300
2020-08-11 09:34:55.410,4.809,300
2020-08-11 09:34:55.870,4.811,100000
2020-08-11 09:34:56.100,4.811,33400
2020-08-11 09:34:56.100,4.811,2000
2020-08-11 09:34:56.100,4.811,8000
2020-08-11 09:34:56.710,4.811,23600
2020-08-11 09:34:57.090,4.811,25200
2020-08-11 09:34:57.710,4.811,14100
2020-08-11 09:34:59.370,4.811,10000
2020-08-11 09:34:59.790,4.811,500
2020-08-11 09:35:00.240,4.812,19800
2020-08-11 09:35:00.240,4.812,10000
2020-08-11 09:35:00.240,4.812,100
2020-08-11 09:35:00.240,4.812,3400
2020-08-11 09:35:00.240,4.812,3700
2020-08-11 09:35:00.880,4.811,300
2020-08-11 09:35:00.970,4.812,400
2020-08-11 09:35:00.970,4.812,3300
2020-08-11 09:35:00.970,4.812,2200
2020-08-11 09:35:00.970,4.813,23400
2020-08-11 09:35:01.210,4.811,800
2020-08-11 09:35:03.100,4.812,1000
2020-08-11 09:35:03.320,4.812,200
2020-08-11 09:35:03.700,4.813,28400
2020-08-11 09:35:03.700,4.813,200
2020-08-11 09:35:03.700,4.813,1400
2020-08-11 09:35:03.720,4.813,2800
2020-08-11 09:35:03.720,4.813,10000
2020-08-11 09:35:03.720,4.813,10000
2020-08-11 09:35:03.720,4.813,2000
2020-08-11 09:35:03.720,4.813,15200
2020-08-11 09:35:04.070,4.813,4800
2020-08-11 09:35:04.070,4.813,20000
2020-08-11 09:35:04.070,4.813,2000
2020-08-11 09:35:04.630,4.814,4000
2020-08-11 09:35:04.630,4.814,10000
2020-08-11 09:35:04.630,4.814,2000
2020-08-11 09:35:04.630,4.814,600
2020-08-11 09:35:04.630,4.814,5000
2020-08-11 09:35:04.630,4.814,3000
2020-08-11 09:35:04.630,4.814,10000
2020-08-11 09:35:04.630,4.814,100
2020-08-11 09:35:04.630,4.814,60000
2020-08-11 09:35:04.630,4.814,5000
2020-08-11 09:35:04.630,4.814,500
2020-08-11 09:35:04.630,4.814,1200
2020-08-11 09:35:04.630,4.815,2000
2020-08-11 09:35:04.630,4.815,3500
2020-08-11 09:35:04.630,4.815,5000
2020-08-11 09:35:04.630,4.815,5500
2020-08-11 09:35:04.630,4.815,1600
2020-08-11 09:35:04.630,4.815,1000
2020-08-11 09:35:04.630,4.815,12300
2020-08-11 09:35:04.630,4.815,200000
2020-08-11 09:35:04.630,4.815,200
2020-08-11 09:35:04.630,4.815,5000
2020-08-11 09:35:04.630,4.815,40000
2020-08-11 09:35:04.630,4.815,5000
2020-08-11 09:35:04.630,4.815,10000
2020-08-11 09:35:04.630,4.815,800
2020-08-11 09:35:04.630,4.815,200
2020-08-11 09:35:04.630,4.815,5000
2020-08-11 09:35:04.630,4.815,2000
2020-08-11 09:35:04.630,4.815,300
2020-08-11 09:35:04.630,4.815,5000
2020-08-11 09:35:04.630,4.815,300
2020-08-11 09:35:04.630,4.815,2500
2020-08-11 09:35:04.630,4.815,100
2020-08-11 09:35:04.630,4.815,900
2020-08-11 09:35:04.630,4.815,10000
2020-08-11 09:35:04.630,4.815,15000
2020-08-11 09:35:04.630,4.815,200
2020-08-11 09:35:04.630,4.815,5000
2020-08-11 09:35:04.630,4.815,500
2020-08-11 09:35:04.630,4.815,500
2020-08-11 09:35:04.630,4.815,500
2020-08-11 09:35:04.630,4.815,158700
2020-08-11 09:35:04.690,4.813,10000
2020-08-11 09:35:05.320,4.814,800
2020-08-11 09:35:05.550,4.815,841300
2020-08-11 09:35:05.550,4.815,500
2020-08-11 09:35:05.550,4.815,5200
2020-08-11 09:35:05.790,4.815,5000
2020-08-11 09:35:06.140,4.815,5000
2020-08-11 09:35:06.290,4.815,700
2020-08-11 09:35:06.430,4.816,5000
2020-08-11 09:35:06.430,4.816,600
2020-08-11 09:35:06.430,4.816,2000
2020-08-11 09:35:06.430,4.816,500
2020-08-11 09:35:06.430,4.816,100
2020-08-11 09:35:06.430,4.816,8000
2020-08-11 09:35:07.020,4.815,200
2020-08-11 09:35:07.110,4.815,1000
2020-08-11 09:35:07.380,4.816,2000
2020-08-11 09:35:07.380,4.816,100
2020-08-11 09:35:07.380,4.816,1000
2020-08-11 09:35:07.380,4.816,200
2020-08-11 09:35:07.380,4.816,800
2020-08-11 09:35:08.810,4.817,30000
2020-08-11 09:35:08.810,4.817,10000
2020-08-11 09:35:09.170,4.817,500
2020-08-11 09:35:09.170,4.817,400
2020-08-11 09:35:09.170,4.817,100
2020-08-11 09:35:09.170,4.817,12600
2020-08-11 09:35:09.170,4.817,5000
2020-08-11 09:35:09.170,4.817,600
2020-08-11 09:35:09.170,4.817,5000
2020-08-11 09:35:09.170,4.817,5000
2020-08-11 09:35:09.170,4.817,800
2020-08-11 09:35:10.480,4.816,6000
2020-08-11 09:35:11.620,4.816,10500
2020-08-11 09:35:11.700,4.816,5000
2020-08-11 09:35:11.880,4.816,4400
2020-08-11 09:35:11.880,4.816,1800
2020-08-11 09:35:12.090,4.817,4200
2020-08-11 09:35:13.430,4.818,100
2020-08-11 09:35:14.120,4.818,400
2020-08-11 09:35:14.120,4.818,29600
2020-08-11 09:35:14.120,4.817,400
2020-08-11 09:35:15.290,4.818,20400
2020-08-11 09:35:15.290,4.818,100
2020-08-11 09:35:15.290,4.818,7800
2020-08-11 09:35:15.290,4.818,1000
2020-08-11 09:35:15.290,4.818,20000
2020-08-11 09:35:15.290,4.818,11000
2020-08-11 09:35:15.290,4.818,1000
2020-08-11 09:35:15.290,4.818,2000
2020-08-11 09:35:15.290,4.818,100
2020-08-11 09:35:15.290,4.818,2000
2020-08-11 09:35:15.290,4.818,5000
2020-08-11 09:35:15.290,4.818,6000
2020-08-11 09:35:15.290,4.818,2000
2020-08-11 09:35:15.290,4.818,5600
2020-08-11 09:35:15.290,4.818,300
2020-08-11 09:35:15.290,4.818,2500
2020-08-11 09:35:15.290,4.818,10000
2020-08-11 09:35:15.290,4.818,400
2020-08-11 09:35:15.290,4.818,9000
2020-08-11 09:35:15.290,4.818,22300
2020-08-11 09:35:15.290,4.818,200
2020-08-11 09:35:15.290,4.818,20000
2020-08-11 09:35:15.290,4.818,600
2020-08-11 09:35:15.290,4.818,100
2020-08-11 09:35:15.290,4.818,1100
2020-08-11 09:35:15.290,4.818,100
2020-08-11 09:35:15.290,4.818,5000
2020-08-11 09:35:15.290,4.818,10000
2020-08-11 09:35:15.290,4.818,10000
2020-08-11 09:35:15.290,4.818,300
2020-08-11 09:35:15.290,4.818,60000
2020-08-11 09:35:15.290,4.818,50000
2020-08-11 09:35:15.350,4.818,1000
2020-08-11 09:35:15.460,4.818,2000
2020-08-11 09:35:15.780,4.819,30000
2020-08-11 09:35:15.780,4.819,500
2020-08-11 09:35:15.780,4.819,200
2020-08-11 09:35:15.780,4.819,5000
2020-08-11 09:35:15.780,4.819,600
2020-08-11 09:35:15.780,4.819,100
2020-08-11 09:35:15.780,4.819,10000
2020-08-11 09:35:15.780,4.819,100
2020-08-11 09:35:15.780,4.819,8100
2020-08-11 09:35:15.780,4.82,30000
2020-08-11 09:35:15.780,4.82,1000
2020-08-11 09:35:15.780,4.82,100
2020-08-11 09:35:15.780,4.82,2000
2020-08-11 09:35:15.780,4.82,5500
2020-08-11 09:35:15.780,4.82,4800
2020-08-11 09:35:15.780,4.82,200
2020-08-11 09:35:15.780,4.82,1000
2020-08-11 09:35:15.780,4.82,300
2020-08-11 09:35:15.780,4.82,200
2020-08-11 09:35:15.780,4.82,600
2020-08-11 09:35:15.780,4.82,3800
2020-08-11 09:35:15.780,4.82,11000
2020-08-11 09:35:15.780,4.82,200
2020-08-11 09:35:15.780,4.82,600
2020-08-11 09:35:15.780,4.82,100
2020-08-11 09:35:15.780,4.82,4000
2020-08-11 09:35:15.780,4.82,500
2020-08-11 09:35:15.780,4.82,10000
2020-08-11 09:35:15.780,4.82,1000
2020-08-11 09:35:15.780,4.82,1900
2020-08-11 09:35:15.780,4.82,5500
2020-08-11 09:35:15.780,4.82,1100
2020-08-11 09:35:15.780,4.82,2000
2020-08-11 09:35:15.780,4.82,200
2020-08-11 09:35:15.780,4.82,400
2020-08-11 09:35:15.780,4.82,1000
2020-08-11 09:35:15.780,4.82,3000
2020-08-11 09:35:15.780,4.82,10000
2020-08-11 09:35:15.780,4.82,500
2020-08-11 09:35:15.780,4.82,3000
2020-08-11 09:35:15.780,4.82,2000
2020-08-11 09:35:15.780,4.82,300
2020-08-11 09:35:15.780,4.82,5000
2020-08-11 09:35:15.780,4.82,2000
2020-08-11 09:35:15.780,4.82,10000
2020-08-11 09:35:15.780,4.82,2000
2020-08-11 09:35:15.780,4.82,2000
2020-08-11 09:35:15.780,4.82,2000
2020-08-11 09:35:15.780,4.82,300
2020-08-11 09:35:15.780,4.82,200
2020-08-11 09:35:15.780,4.82,10000
2020-08-11 09:35:15.780,4.82,1000
2020-08-11 09:35:15.780,4.82,20000
2020-08-11 09:35:15.780,4.82,1000
2020-08-11 09:35:15.780,4.82,3000
2020-08-11 09:35:15.780,4.82,2600
2020-08-11 09:35:15.780,4.82,3000
2020-08-11 09:35:15.780,4.82,3000
2020-08-11 09:35:15.780,4.82,1500
2020-08-11 09:35:15.780,4.82,300
2020-08-11 09:35:15.780,4.82,2500
2020-08-11 09:35:15.780,4.82,26000
2020-08-11 09:35:15.780,4.82,15000
2020-08-11 09:35:15.780,4.82,500
2020-08-11 09:35:15.780,4.82,3100
2020-08-11 09:35:15.780,4.82,2900
2020-08-11 09:35:15.780,4.82,18700
2020-08-11 09:35:16.710,4.82,27400
2020-08-11 09:35:16.710,4.82,100
2020-08-11 09:35:16.710,4.82,12500
2020-08-11 09:35:17.060,4.82,16300
2020-08-11 09:35:17.060,4.82,1500
2020-08-11 09:35:17.060,4.82,200
2020-08-11 09:35:17.060,4.82,10000
2020-08-11 09:35:17.060,4.82,5000
2020-08-11 09:35:17.060,4.82,1000
2020-08-11 09:35:17.290,4.82,100
2020-08-11 09:35:17.290,4.82,700
2020-08-11 09:35:17.320,4.82,10000
2020-08-11 09:35:18.090,4.82,1000
2020-08-11 09:35:18.470,4.82,700
2020-08-11 09:35:18.470,4.82,500
2020-08-11 09:35:18.890,4.82,3000
2020-08-11 09:35:18.920,4.82,22900
2020-08-11 09:35:19.230,4.82,16500
2020-08-11 09:35:20.530,4.82,500
2020-08-11 09:35:20.610,4.82,200
2020-08-11 09:35:21.490,4.82,200
2020-08-11 09:35:21.580,4.82,1000
2020-08-11 09:35:22.790,4.82,5000
2020-08-11 09:35:22.910,4.82,20000
2020-08-11 09:35:23.520,4.82,800
2020-08-11 09:35:23.550,4.821,4300
2020-08-11 09:35:23.920,4.82,100
2020-08-11 09:35:23.950,4.821,15700
2020-08-11 09:35:23.950,4.821,4100
2020-08-11 09:35:23.950,4.821,20000
2020-08-11 09:35:23.950,4.821,30000
2020-08-11 09:35:23.950,4.821,15000
2020-08-11 09:35:23.950,4.821,2100
2020-08-11 09:35:23.950,4.821,1000
2020-08-11 09:35:23.950,4.821,1200
2020-08-11 09:35:23.950,4.821,4000
2020-08-11 09:35:23.950,4.821,5000
2020-08-11 09:35:23.950,4.821,1000
2020-08-11 09:35:23.950,4.821,3400
2020-08-11 09:35:24.470,4.822,400
2020-08-11 09:35:24.500,4.821,1000
2020-08-11 09:35:24.760,4.822,2500
2020-08-11 09:35:24.990,4.822,2100
2020-08-11 09:35:24.990,4.822,9000
2020-08-11 09:35:24.990,4.822,6000
2020-08-11 09:35:24.990,4.822,2000
2020-08-11 09:35:24.990,4.822,51300
2020-08-11 09:35:24.990,4.822,600
2020-08-11 09:35:24.990,4.822,1000
2020-08-11 09:35:24.990,4.822,2200
2020-08-11 09:35:24.990,4.823,100
2020-08-11 09:35:24.990,4.823,4600
2020-08-11 09:35:24.990,4.823,100
2020-08-11 09:35:24.990,4.824,100
2020-08-11 09:35:24.990,4.824,5000
2020-08-11 09:35:24.990,4.824,60000
2020-08-11 09:35:25.680,4.824,2000
2020-08-11 09:35:25.680,4.824,4000
2020-08-11 09:35:25.680,4.822,6000
2020-08-11 09:35:27.070,4.824,3700
2020-08-11 09:35:27.070,4.824,1800
2020-08-11 09:35:27.070,4.824,2600
2020-08-11 09:35:27.070,4.822,54000
2020-08-11 09:35:27.070,4.821,338400
2020-08-11 09:35:27.550,4.821,200
2020-08-11 09:35:27.610,4.821,800
2020-08-11 09:35:27.790,4.821,500
2020-08-11 09:35:28.020,4.822,20000
2020-08-11 09:35:28.430,4.822,3500
2020-08-11 09:35:29.340,4.822,500
2020-08-11 09:35:30.050,4.822,1500
2020-08-11 09:35:30.250,4.824,1000
2020-08-11 09:35:30.250,4.824,100
2020-08-11 09:35:30.250,4.824,300
2020-08-11 09:35:30.540,4.822,2500
2020-08-11 09:35:30.660,4.822,300
2020-08-11 09:35:31.480,4.822,1300
2020-08-11 09:35:31.890,4.822,1000
2020-08-11 09:35:32.290,4.822,1000
2020-08-11 09:35:32.350,4.822,300
2020-08-11 09:35:32.350,4.822,17400
2020-08-11 09:35:32.740,4.821,1000
2020-08-11 09:35:32.770,4.822,2300
2020-08-11 09:35:32.770,4.822,5000
2020-08-11 09:35:32.840,4.823,2000
2020-08-11 09:35:32.840,4.823,600
2020-08-11 09:35:33.010,4.823,5000
2020-08-11 09:35:33.050,4.822,100
2020-08-11 09:35:33.140,4.822,1000
2020-08-11 09:35:33.170,4.822,1000
2020-08-11 09:35:33.770,4.822,400
2020-08-11 09:35:34.750,4.822,1000
2020-08-11 09:35:35.310,4.822,1000
2020-08-11 09:35:36.020,4.822,1000
2020-08-11 09:35:36.160,4.823,20000
2020-08-11 09:35:36.160,4.822,2500
2020-08-11 09:35:36.770,4.822,100
2020-08-11 09:35:36.770,4.823,4400
2020-08-11 09:35:36.770,4.824,2700
2020-08-11 09:35:36.770,4.824,4100
2020-08-11 09:35:37.080,4.824,1000
2020-08-11 09:35:37.080,4.824,4900
2020-08-11 09:35:37.080,4.824,1000
2020-08-11 09:35:37.080,4.824,4100
2020-08-11 09:35:37.440,4.823,3300
2020-08-11 09:35:37.440,4.822,6700
2020-08-11 09:35:38.730,4.822,10000
2020-08-11 09:35:40.080,4.823,1000
2020-08-11 09:35:40.450,4.824,900
2020-08-11 09:35:40.450,4.824,1900
2020-08-11 09:35:40.690,4.824,2000
2020-08-11 09:35:40.750,4.824,2400
2020-08-11 09:35:40.950,4.823,10400
2020-08-11 09:35:41.470,4.823,1700
2020-08-11 09:35:41.880,4.824,15000
2020-08-11 09:35:41.880,4.824,1000
2020-08-11 09:35:41.880,4.824,2000
2020-08-11 09:35:41.880,4.824,3700
2020-08-11 09:35:41.880,4.824,1400
2020-08-11 09:35:41.880,4.824,1900
2020-08-11 09:35:41.880,4.824,500
2020-08-11 09:35:41.880,4.824,500
2020-08-11 09:35:41.880,4.824,2700
2020-08-11 09:35:41.880,4.824,1000
2020-08-11 09:35:41.880,4.824,10300
2020-08-11 09:35:42.030,4.824,100
2020-08-11 09:35:42.310,4.823,4000
2020-08-11 09:35:42.950,4.823,5000
2020-08-11 09:35:44.100,4.823,400
2020-08-11 09:35:44.850,4.823,3000
2020-08-11 09:35:45.660,4.822,200
2020-08-11 09:35:45.720,4.822,3000
2020-08-11 09:35:47.200,4.822,20000
2020-08-11 09:35:48.890,4.823,100
2020-08-11 09:35:48.890,4.823,600
2020-08-11 09:35:48.950,4.823,1700
2020-08-11 09:35:48.950,4.822,200
2020-08-11 09:35:49.160,4.823,7700
2020-08-11 09:35:49.160,4.823,2300
2020-08-11 09:35:49.460,4.822,1000
2020-08-11 09:35:49.820,4.822,1000
2020-08-11 09:35:49.880,4.823,1500
2020-08-11 09:35:50.290,4.822,5000
2020-08-11 09:35:50.290,4.822,1000
2020-08-11 09:35:50.680,4.823,2100
2020-08-11 09:35:50.910,4.822,1000
2020-08-11 09:35:51.300,4.822,600
2020-08-11 09:35:52.030,4.822,600
2020-08-11 09:35:52.150,4.822,2800
2020-08-11 09:35:52.680,4.823,3000
2020-08-11 09:35:52.710,4.823,1100
2020-08-11 09:35:52.710,4.823,5000
2020-08-11 09:35:52.710,4.823,400
2020-08-11 09:35:52.710,4.823,5000
2020-08-11 09:35:52.710,4.823,19000
2020-08-11 09:35:52.710,4.823,20000
2020-08-11 09:35:52.710,4.823,155400
2020-08-11 09:35:52.770,4.823,20000
2020-08-11 09:35:53.240,4.823,2500
2020-08-11 09:35:53.240,4.824,1600
2020-08-11 09:35:53.580,4.822,2000
2020-08-11 09:35:54.210,4.823,100
2020-08-11 09:35:54.210,4.823,1400
2020-08-11 09:35:55.330,4.823,4900
2020-08-11 09:35:55.570,4.823,500
2020-08-11 09:35:56.010,4.823,5000
2020-08-11 09:35:56.100,4.823,1000
2020-08-11 09:35:56.130,4.823,4000
2020-08-11 09:35:56.190,4.824,8000
2020-08-11 09:35:56.190,4.824,1000
2020-08-11 09:35:56.190,4.824,11000
2020-08-11 09:35:56.420,4.824,1000
2020-08-11 09:35:56.600,4.823,100
2020-08-11 09:35:56.630,4.823,2500
2020-08-11 09:35:56.780,4.823,10000
2020-08-11 09:35:56.870,4.823,59500
2020-08-11 09:35:58.110,4.823,3000
2020-08-11 09:35:58.820,4.823,500
2020-08-11 09:35:59.170,4.823,400
2020-08-11 09:35:59.930,4.823,8200
2020-08-11 09:36:00.000,4.823,3000
2020-08-11 09:36:00.460,4.824,500
2020-08-11 09:36:00.960,4.823,2000
2020-08-11 09:36:00.960,4.823,1000
2020-08-11 09:36:01.340,4.823,1000
2020-08-11 09:36:01.370,4.823,2000
2020-08-11 09:36:01.950,4.823,1000
2020-08-11 09:36:01.980,4.824,5500
2020-08-11 09:36:02.770,4.823,2500
2020-08-11 09:36:03.000,4.823,200
2020-08-11 09:36:03.050,4.823,2800
2020-08-11 09:36:03.440,4.823,1000
2020-08-11 09:36:03.890,4.823,1000
2020-08-11 09:36:03.950,4.824,2000
2020-08-11 09:36:03.950,4.824,800
2020-08-11 09:36:03.950,4.824,100
2020-08-11 09:36:03.950,4.824,7400
2020-08-11 09:36:03.950,4.824,500
2020-08-11 09:36:03.950,4.824,5000
2020-08-11 09:36:03.950,4.824,500
2020-08-11 09:36:03.950,4.824,3200
2020-08-11 09:36:03.950,4.824,200
2020-08-11 09:36:03.950,4.824,3000
2020-08-11 09:36:03.950,4.824,10000
2020-08-11 09:36:03.950,4.824,4300
2020-08-11 09:36:03.950,4.824,500
2020-08-11 09:36:04.750,4.824,20000
2020-08-11 09:36:04.810,4.824,1000
2020-08-11 09:36:04.920,4.824,1000
2020-08-11 09:36:05.270,4.824,100
2020-08-11 09:36:05.610,4.824,400
2020-08-11 09:36:05.610,4.824,9600
2020-08-11 09:36:05.730,4.825,4800
2020-08-11 09:36:05.730,4.825,200
2020-08-11 09:36:06.170,4.824,400
2020-08-11 09:36:06.170,4.823,46600
2020-08-11 09:36:06.990,4.823,2000
2020-08-11 09:36:07.080,4.823,1500
2020-08-11 09:36:08.770,4.823,1000
2020-08-11 09:36:08.920,4.824,2000
2020-08-11 09:36:09.300,4.823,20000
2020-08-11 09:36:09.630,4.823,100
2020-08-11 09:36:09.690,4.824,700
2020-08-11 09:36:09.690,4.823,1000
2020-08-11 09:36:09.720,4.823,5000
2020-08-11 09:36:09.720,4.823,100
2020-08-11 09:36:09.720,4.823,200
2020-08-11 09:36:09.720,4.823,1000
2020-08-11 09:36:09.720,4.823,1500
2020-08-11 09:36:09.720,4.823,10000
2020-08-11 09:36:09.720,4.823,2500
2020-08-11 09:36:09.750,4.822,20000
2020-08-11 09:36:09.810,4.823,1100
2020-08-11 09:36:09.810,4.823,1900
2020-08-11 09:36:09.900,4.823,300
2020-08-11 09:36:09.930,4.823,400
2020-08-11 09:36:10.520,4.822,2000
2020-08-11 09:36:11.140,4.823,2200
2020-08-11 09:36:11.370,4.823,200
2020-08-11 09:36:11.750,4.822,300100
2020-08-11 09:36:12.030,4.822,2500
2020-08-11 09:36:12.270,4.822,300000
2020-08-11 09:36:13.190,4.822,200000
2020-08-11 09:36:13.470,4.822,37000
2020-08-11 09:36:13.470,4.822,50000
2020-08-11 09:36:13.470,4.822,2000
2020-08-11 09:36:13.880,4.822,10000
2020-08-11 09:36:14.470,4.822,1000
2020-08-11 09:36:14.470,4.823,1000
2020-08-11 09:36:15.610,4.822,10000
2020-08-11 09:36:15.680,4.822,3000
2020-08-11 09:36:16.640,4.822,1000
2020-08-11 09:36:16.670,4.821,4900
2020-08-11 09:36:16.670,4.821,4000
2020-08-11 09:36:16.670,4.821,1500
2020-08-11 09:36:16.710,4.82,1000
2020-08-11 09:36:16.710,4.82,1000
2020-08-11 09:36:16.710,4.82,1000
2020-08-11 09:36:16.710,4.82,200
2020-08-11 09:36:16.710,4.82,500
2020-08-11 09:36:16.710,4.82,10500
2020-08-11 09:36:16.920,4.82,100
2020-08-11 09:36:17.260,4.82,2600
2020-08-11 09:36:17.260,4.821,12200
2020-08-11 09:36:18.640,4.822,2800
2020-08-11 09:36:19.460,4.822,200
2020-08-11 09:36:19.640,4.821,5000
2020-08-11 09:36:19.740,4.821,3900
2020-08-11 09:36:19.770,4.822,800
2020-08-11 09:36:20.130,4.821,5900
2020-08-11 09:36:20.230,4.821,8400
2020-08-11 09:36:20.560,4.822,300
2020-08-11 09:36:21.010,4.821,4100
2020-08-11 09:36:21.070,4.822,10000
2020-08-11 09:36:21.800,4.822,100
2020-08-11 09:36:22.110,4.822,100
2020-08-11 09:36:22.150,4.821,600
2020-08-11 09:36:22.180,4.822,300
2020-08-11 09:36:22.550,4.821,5000
2020-08-11 09:36:22.590,4.821,2300
2020-08-11 09:36:22.590,4.821,700
2020-08-11 09:36:22.910,4.821,300
2020-08-11 09:36:22.910,4.821,200
2020-08-11 09:36:22.910,4.822,1000
2020-08-11 09:36:23.590,4.822,1600
2020-08-11 09:36:24.400,4.821,100
2020-08-11 09:36:24.780,4.821,300
2020-08-11 09:36:24.780,4.821,600
2020-08-11 09:36:26.510,4.821,6200
2020-08-11 09:36:26.760,4.819,800
2020-08-11 09:36:26.760,4.821,700
2020-08-11 09:36:28.440,4.82,500
2020-08-11 09:36:28.440,4.821,2200
2020-08-11 09:36:28.440,4.821,7600
2020-08-11 09:36:28.440,4.821,189700
2020-08-11 09:36:28.940,4.821,700
2020-08-11 09:36:29.840,4.819,5000
2020-08-11 09:36:31.440,4.821,15000
2020-08-11 09:36:31.680,4.819,200
2020-08-11 09:36:32.440,4.819,1000
2020-08-11 09:36:32.760,4.821,300
2020-08-11 09:36:33.450,4.82,1000
2020-08-11 09:36:33.450,4.82,200
2020-08-11 09:36:33.450,4.82,700
2020-08-11 09:36:33.450,4.82,500
2020-08-11 09:36:33.450,4.819,3600
2020-08-11 09:36:34.410,4.821,200
2020-08-11 09:36:35.630,4.819,1200
2020-08-11 09:36:36.440,4.82,100
2020-08-11 09:36:36.440,4.819,16700
2020-08-11 09:36:36.440,4.819,600
2020-08-11 09:36:36.470,4.82,100
2020-08-11 09:36:36.640,4.82,800
2020-08-11 09:36:36.640,4.82,200
2020-08-11 09:36:37.070,4.82,9800
2020-08-11 09:36:37.070,4.821,4100
2020-08-11 09:36:37.070,4.821,50000
2020-08-11 09:36:37.070,4.821,10000
2020-08-11 09:36:37.070,4.821,5000
2020-08-11 09:36:37.070,4.821,30000
2020-08-11 09:36:37.070,4.821,500
2020-08-11 09:36:37.070,4.821,3000
2020-08-11 09:36:37.070,4.821,19900
2020-08-11 09:36:37.070,4.821,100
2020-08-11 09:36:37.070,4.821,8000
2020-08-11 09:36:37.070,4.821,50000
2020-08-11 09:36:37.070,4.821,2000
2020-08-11 09:36:37.070,4.821,3500
2020-08-11 09:36:37.070,4.821,2000
2020-08-11 09:36:37.070,4.821,1600
2020-08-11 09:36:37.070,4.821,500
2020-08-11 09:36:37.070,4.821,500
2020-08-11 09:36:37.070,4.821,5000
2020-08-11 09:36:37.070,4.821,3100
2020-08-11 09:36:37.070,4.821,600
2020-08-11 09:36:37.070,4.821,86500
2020-08-11 09:36:37.070,4.821,4300
2020-08-11 09:36:37.310,4.819,500
2020-08-11 09:36:38.440,4.819,8900
2020-08-11 09:36:38.580,4.819,100
2020-08-11 09:36:38.580,4.819,1000
2020-08-11 09:36:38.610,4.819,32400
2020-08-11 09:36:38.610,4.82,1500
2020-08-11 09:36:38.610,4.82,1000
2020-08-11 09:36:38.840,4.82,10000
2020-08-11 09:36:39.300,4.82,100
2020-08-11 09:36:39.360,4.82,200
2020-08-11 09:36:39.420,4.82,4800
2020-08-11 09:36:39.910,4.82,100
2020-08-11 09:36:40.030,4.82,15100
2020-08-11 09:36:40.030,4.82,200
2020-08-11 09:36:40.240,4.82,4700
2020-08-11 09:36:41.980,4.819,1000
2020-08-11 09:36:42.250,4.819,1400
2020-08-11 09:36:42.280,4.819,200
2020-08-11 09:36:42.480,4.818,3000
2020-08-11 09:36:43.140,4.819,200
2020-08-11 09:36:44.600,4.819,7200
2020-08-11 09:36:44.600,4.819,2000
2020-08-11 09:36:44.600,4.819,500
2020-08-11 09:36:44.600,4.819,300
2020-08-11 09:36:46.140,4.819,2000
2020-08-11 09:36:46.870,4.819,1700
2020-08-11 09:36:46.870,4.819,23500
2020-08-11 09:36:46.870,4.819,5000
2020-08-11 09:36:46.870,4.819,50000
2020-08-11 09:36:46.870,4.819,1000
2020-08-11 09:36:46.870,4.819,35000
2020-08-11 09:36:46.870,4.819,2500
2020-08-11 09:36:46.930,4.818,8100
2020-08-11 09:36:46.930,4.818,500
2020-08-11 09:36:46.930,4.818,16400
2020-08-11 09:36:47.240,4.818,100
2020-08-11 09:36:47.290,4.819,1000
2020-08-11 09:36:47.580,4.819,1400
2020-08-11 09:36:47.580,4.819,1000
2020-08-11 09:36:47.930,4.819,10100
2020-08-11 09:36:47.970,4.819,1000
2020-08-11 09:36:49.010,4.819,20000
2020-08-11 09:36:49.220,4.819,52900
2020-08-11 09:36:49.220,4.819,1000
2020-08-11 09:36:49.220,4.819,600
2020-08-11 09:36:49.220,4.819,400
2020-08-11 09:36:49.220,4.819,200
2020-08-11 09:36:49.220,4.818,33500
2020-08-11 09:36:49.220,4.818,30000
2020-08-11 09:36:49.220,4.818,131900
2020-08-11 09:36:49.220,4.818,19000
2020-08-11 09:36:49.220,4.818,31000
2020-08-11 09:36:49.340,4.818,10000
2020-08-11 09:36:50.060,4.818,400
2020-08-11 09:36:50.290,4.818,9600
2020-08-11 09:36:50.720,4.818,200
2020-08-11 09:36:51.390,4.819,200
2020-08-11 09:36:51.650,4.819,900
2020-08-11 09:36:51.780,4.82,300
2020-08-11 09:36:51.780,4.82,2000
2020-08-11 09:36:51.780,4.82,6500
2020-08-11 09:36:51.780,4.82,2200
2020-08-11 09:36:51.780,4.82,2200
2020-08-11 09:36:52.770,4.819,500
2020-08-11 09:36:52.860,4.819,8100
2020-08-11 09:36:53.250,4.82,400
2020-08-11 09:36:53.250,4.82,200
2020-08-11 09:36:53.710,4.819,5000
2020-08-11 09:36:53.740,4.82,7800
2020-08-11 09:36:53.740,4.82,20000
2020-08-11 09:36:53.740,4.82,2000
2020-08-11 09:36:53.740,4.82,100
2020-08-11 09:36:53.740,4.82,5000
2020-08-11 09:36:53.740,4.82,3000
2020-08-11 09:36:53.740,4.82,3900
2020-08-11 09:36:53.740,4.82,1000
2020-08-11 09:36:53.740,4.82,10000
2020-08-11 09:36:53.740,4.82,700
2020-08-11 09:36:53.740,4.82,3000
2020-08-11 09:36:53.740,4.82,1000
2020-08-11 09:36:54.760,4.821,7400
2020-08-11 09:36:54.760,4.821,500
2020-08-11 09:36:54.760,4.821,5000
2020-08-11 09:36:54.760,4.821,2000
2020-08-11 09:36:54.760,4.821,30000
2020-08-11 09:36:54.760,4.821,5000
2020-08-11 09:36:54.760,4.821,5000
2020-08-11 09:36:54.760,4.821,5200
2020-08-11 09:36:54.760,4.821,1500
2020-08-11 09:36:54.760,4.821,4300
2020-08-11 09:36:54.760,4.821,5600
2020-08-11 09:36:54.760,4.821,5000
2020-08-11 09:36:54.760,4.821,200
2020-08-11 09:36:54.960,4.821,5000
2020-08-11 09:36:55.090,4.821,1000
2020-08-11 09:36:55.180,4.821,3000
2020-08-11 09:36:55.380,4.821,1500
2020-08-11 09:36:55.440,4.821,1100
2020-08-11 09:36:55.650,4.821,100
2020-08-11 09:36:56.220,4.822,100
2020-08-11 09:36:56.940,4.821,1100
2020-08-11 09:36:57.370,4.822,28600
2020-08-11 09:36:57.370,4.822,100
2020-08-11 09:36:57.370,4.822,3100
2020-08-11 09:36:57.370,4.822,7000
2020-08-11 09:36:57.370,4.822,3500
2020-08-11 09:36:57.370,4.822,11000
2020-08-11 09:36:57.370,4.822,5700
2020-08-11 09:36:57.370,4.822,3100
2020-08-11 09:36:57.370,4.822,5000
2020-08-11 09:36:57.370,4.822,22000
2020-08-11 09:36:58.040,4.822,1000
2020-08-11 09:36:58.150,4.822,1000
2020-08-11 09:36:58.560,4.822,1000
2020-08-11 09:36:58.740,4.822,1000
2020-08-11 09:36:58.770,4.822,200000
2020-08-11 09:36:58.830,4.822,1000
2020-08-11 09:36:58.980,4.822,5000
2020-08-11 09:36:59.340,4.822,900
2020-08-11 09:36:59.340,4.822,500
2020-08-11 09:36:59.340,4.822,700
2020-08-11 09:36:59.710,4.822,300
2020-08-11 09:37:00.020,4.822,100
2020-08-11 09:37:00.110,4.822,100
2020-08-11 09:37:00.110,4.822,700
2020-08-11 09:37:00.140,4.821,300
2020-08-11 09:37:00.580,4.821,3500
2020-08-11 09:37:00.730,4.821,1300
2020-08-11 09:37:02.470,4.821,7400
2020-08-11 09:37:03.160,4.821,9600
2020-08-11 09:37:03.910,4.821,2300
2020-08-11 09:37:04.350,4.822,10000
2020-08-11 09:37:05.950,4.821,100
2020-08-11 09:37:06.560,4.821,3000
2020-08-11 09:37:07.210,4.821,1000
2020-08-11 09:37:07.780,4.821,10000
2020-08-11 09:37:07.960,4.821,11000
2020-08-11 09:37:08.100,4.821,5900
2020-08-11 09:37:08.960,4.821,2000
2020-08-11 09:37:10.180,4.821,200
2020-08-11 09:37:10.960,4.821,10000
2020-08-11 09:37:11.240,4.822,100
2020-08-11 09:37:11.240,4.821,142900
2020-08-11 09:37:11.240,4.821,600
2020-08-11 09:37:11.240,4.821,50000
2020-08-11 09:37:12.200,4.82,1000
2020-08-11 09:37:12.200,4.819,9500
2020-08-11 09:37:13.420,4.821,1000
2020-08-11 09:37:13.420,4.821,400
2020-08-11 09:37:14.640,4.822,300
2020-08-11 09:37:14.950,4.822,1300
2020-08-11 09:37:16.480,4.822,100
2020-08-11 09:37:16.480,4.822,1900
2020-08-11 09:37:16.740,4.821,600
2020-08-11 09:37:16.740,4.821,400
2020-08-11 09:37:16.740,4.821,600
2020-08-11 09:37:16.740,4.821,1000
2020-08-11 09:37:16.740,4.821,200
2020-08-11 09:37:17.770,4.821,100
2020-08-11 09:37:17.970,4.821,100
2020-08-11 09:37:17.970,4.822,2900
2020-08-11 09:37:17.970,4.822,200
2020-08-11 09:37:17.970,4.822,1000
2020-08-11 09:37:17.970,4.822,4500
2020-08-11 09:37:17.970,4.822,800
2020-08-11 09:37:17.970,4.822,10000
2020-08-11 09:37:17.970,4.822,3500
2020-08-11 09:37:18.150,4.821,200
2020-08-11 09:37:20.220,4.821,4000
2020-08-11 09:37:20.220,4.821,2400
2020-08-11 09:37:22.320,4.821,2600
2020-08-11 09:37:22.320,4.821,2400
2020-08-11 09:37:22.350,4.82,200
2020-08-11 09:37:22.350,4.82,7300
2020-08-11 09:37:22.350,4.82,50000
2020-08-11 09:37:22.470,4.82,1000
2020-08-11 09:37:23.620,4.82,100
2020-08-11 09:37:24.960,4.82,2200
2020-08-11 09:37:25.230,4.819,500
2020-08-11 09:37:25.440,4.819,100
2020-08-11 09:37:25.790,4.819,800
2020-08-11 09:37:25.790,4.819,1400
2020-08-11 09:37:25.970,4.82,100
2020-08-11 09:37:26.230,4.82,50000
2020-08-11 09:37:26.320,4.819,2000
2020-08-11 09:37:26.360,4.819,5100
2020-08-11 09:37:26.360,4.82,4500
2020-08-11 09:37:27.390,4.819,1000
2020-08-11 09:37:27.600,4.819,10000
2020-08-11 09:37:28.890,4.819,5000
2020-08-11 09:37:29.220,4.819,5500
2020-08-11 09:37:29.220,4.819,100
2020-08-11 09:37:29.220,4.819,3000
2020-08-11 09:37:29.220,4.819,700
2020-08-11 09:37:29.220,4.819,500
2020-08-11 09:37:29.220,4.819,1000
2020-08-11 09:37:29.220,4.819,200
2020-08-11 09:37:29.220,4.819,10000
2020-08-11 09:37:29.220,4.818,20000
2020-08-11 09:37:31.750,4.818,100000
2020-08-11 09:37:35.000,4.818,200
2020-08-11 09:37:36.940,4.817,100
2020-08-11 09:37:36.940,4.818,58800
2020-08-11 09:37:36.940,4.818,3000
2020-08-11 09:37:37.230,4.818,5000
2020-08-11 09:37:37.320,4.819,700
2020-08-11 09:37:37.320,4.819,4100
2020-08-11 09:37:37.320,4.819,4200
2020-08-11 09:37:37.320,4.819,1000
2020-08-11 09:37:38.020,4.818,63200
2020-08-11 09:37:38.580,4.819,3000
2020-08-11 09:37:38.580,4.819,1600
2020-08-11 09:37:38.670,4.818,300
2020-08-11 09:37:38.840,4.818,2300
2020-08-11 09:37:40.660,4.818,5000
2020-08-11 09:37:40.830,4.819,8600
2020-08-11 09:37:40.830,4.819,162100
2020-08-11 09:37:40.870,4.818,1000
2020-08-11 09:37:41.300,4.818,10200
2020-08-11 09:37:42.620,4.819,12400
2020-08-11 09:37:42.860,4.818,1000
2020-08-11 09:37:43.480,4.818,30000
2020-08-11 09:37:45.050,4.818,2500
2020-08-11 09:37:45.290,4.818,2000
2020-08-11 09:37:45.570,4.819,25500
2020-08-11 09:37:45.570,4.819,200
2020-08-11 09:37:45.570,4.819,7100
2020-08-11 09:37:45.570,4.819,3700
2020-08-11 09:37:45.600,4.819,2700
2020-08-11 09:37:46.010,4.819,800
2020-08-11 09:37:46.010,4.818,19200
2020-08-11 09:37:46.070,4.82,20100
2020-08-11 09:37:46.670,4.819,1000
2020-08-11 09:37:47.510,4.819,4000
2020-08-11 09:37:47.510,4.819,1000
2020-08-11 09:37:48.020,4.819,5000
2020-08-11 09:37:48.410,4.818,5000
2020-08-11 09:37:48.710,4.819,4000
2020-08-11 09:37:48.960,4.819,2000
2020-08-11 09:37:49.130,4.819,4000
2020-08-11 09:37:49.330,4.819,1000
2020-08-11 09:37:49.330,4.82,19000
2020-08-11 09:37:49.360,4.818,700
2020-08-11 09:37:49.700,4.819,2000
2020-08-11 09:37:49.970,4.818,400
2020-08-11 09:37:50.680,4.819,100
2020-08-11 09:37:51.060,4.819,4300
2020-08-11 09:37:51.060,4.819,100
2020-08-11 09:37:51.060,4.819,1600
2020-08-11 09:37:51.290,4.818,2100
2020-08-11 09:37:51.900,4.818,3700
2020-08-11 09:37:52.010,4.818,800
2020-08-11 09:37:52.900,4.819,1400
2020-08-11 09:37:52.900,4.819,3000
2020-08-11 09:37:52.900,4.819,400
2020-08-11 09:37:52.900,4.819,100000
2020-08-11 09:37:52.900,4.819,2000
2020-08-11 09:37:52.900,4.82,193200
2020-08-11 09:37:53.940,4.82,652300
2020-08-11 09:37:53.940,4.82,400
2020-08-11 09:37:53.940,4.82,2000
2020-08-11 09:37:53.940,4.82,100
2020-08-11 09:37:53.940,4.82,20000
2020-08-11 09:37:53.940,4.82,5000
2020-08-11 09:37:53.940,4.82,5500
2020-08-11 09:37:53.940,4.82,15000
2020-08-11 09:37:53.940,4.82,100
2020-08-11 09:37:53.940,4.82,2000
2020-08-11 09:37:54.860,4.82,20000
2020-08-11 09:37:55.170,4.82,200
2020-08-11 09:37:55.680,4.82,5000
2020-08-11 09:37:55.680,4.82,100
2020-08-11 09:37:55.750,4.82,500
2020-08-11 09:37:55.970,4.82,5700
2020-08-11 09:37:56.140,4.821,3600
2020-08-11 09:37:56.140,4.821,2000
2020-08-11 09:37:56.140,4.821,200
2020-08-11 09:37:56.140,4.821,2000
2020-08-11 09:37:56.140,4.821,5000
2020-08-11 09:37:56.140,4.821,30000
2020-08-11 09:37:56.140,4.821,3000
2020-08-11 09:37:56.140,4.821,1000
2020-08-11 09:37:56.140,4.821,50000
2020-08-11 09:37:56.140,4.821,2000
2020-08-11 09:37:56.140,4.821,400
2020-08-11 09:37:56.140,4.821,200
2020-08-11 09:37:56.140,4.821,1000
2020-08-11 09:37:56.140,4.821,20000
2020-08-11 09:37:56.140,4.821,3000
2020-08-11 09:37:56.140,4.821,50000
2020-08-11 09:37:56.200,4.821,1000
2020-08-11 09:37:56.320,4.821,1200
2020-08-11 09:37:56.440,4.821,3000
2020-08-11 09:37:57.320,4.821,400
2020-08-11 09:37:57.530,4.821,900
2020-08-11 09:37:58.130,4.821,2000
2020-08-11 09:37:58.310,4.821,10000
2020-08-11 09:38:00.610,4.821,4000
2020-08-11 09:38:00.610,4.821,4200
2020-08-11 09:38:00.990,4.821,2200
2020-08-11 09:38:01.170,4.821,5000
2020-08-11 09:38:01.970,4.822,900
2020-08-11 09:38:01.970,4.822,2100
2020-08-11 09:38:01.970,4.822,500
2020-08-11 09:38:01.970,4.822,100
2020-08-11 09:38:01.970,4.822,1200
2020-08-11 09:38:01.970,4.822,10000
2020-08-11 09:38:01.970,4.822,300
2020-08-11 09:38:01.970,4.822,10000
2020-08-11 09:38:01.970,4.822,700
2020-08-11 09:38:01.970,4.822,5000
2020-08-11 09:38:01.970,4.822,3600
2020-08-11 09:38:01.970,4.822,900
2020-08-11 09:38:01.970,4.822,10000
2020-08-11 09:38:01.970,4.822,500
2020-08-11 09:38:01.970,4.822,5000
2020-08-11 09:38:01.970,4.822,3000
2020-08-11 09:38:01.970,4.822,3500
2020-08-11 09:38:01.970,4.822,500
2020-08-11 09:38:01.970,4.822,10000
2020-08-11 09:38:01.970,4.822,1000
2020-08-11 09:38:01.970,4.822,800
2020-08-11 09:38:01.970,4.822,20000
2020-08-11 09:38:01.970,4.822,5000
2020-08-11 09:38:01.970,4.822,200
2020-08-11 09:38:02.230,4.821,100
2020-08-11 09:38:02.760,4.822,1800
2020-08-11 09:38:03.080,4.823,5000
2020-08-11 09:38:03.080,4.823,500
2020-08-11 09:38:03.080,4.823,500
2020-08-11 09:38:04.650,4.822,300
2020-08-11 09:38:05.180,4.823,3500
2020-08-11 09:38:05.180,4.823,10000
2020-08-11 09:38:05.180,4.823,2000
2020-08-11 09:38:05.180,4.823,2200
2020-08-11 09:38:05.180,4.823,15300
2020-08-11 09:38:05.240,4.822,10000
2020-08-11 09:38:05.670,4.823,14700
2020-08-11 09:38:05.670,4.823,6000
2020-08-11 09:38:05.670,4.823,20000
2020-08-11 09:38:05.670,4.823,200
2020-08-11 09:38:05.670,4.823,3000
2020-08-11 09:38:05.670,4.823,1500
2020-08-11 09:38:05.670,4.823,1000
2020-08-11 09:38:05.670,4.823,2000
2020-08-11 09:38:05.670,4.823,8000
2020-08-11 09:38:05.670,4.823,50000
2020-08-11 09:38:05.670,4.823,20000
2020-08-11 09:38:05.910,4.823,200
2020-08-11 09:38:06.230,4.823,600
2020-08-11 09:38:06.780,4.824,2000
2020-08-11 09:38:06.780,4.824,300
2020-08-11 09:38:06.780,4.824,100
2020-08-11 09:38:06.780,4.824,2700
2020-08-11 09:38:06.980,4.824,300
2020-08-11 09:38:06.980,4.824,23400
2020-08-11 09:38:06.980,4.824,6400
2020-08-11 09:38:06.980,4.824,10000
2020-08-11 09:38:06.980,4.824,2000
2020-08-11 09:38:06.980,4.824,1000
2020-08-11 09:38:06.980,4.824,500
2020-08-11 09:38:06.980,4.824,2100
2020-08-11 09:38:06.980,4.824,10000
2020-08-11 09:38:06.980,4.824,45000
2020-08-11 09:38:06.980,4.824,9200
2020-08-11 09:38:06.980,4.824,10000
2020-08-11 09:38:06.980,4.824,5000
2020-08-11 09:38:06.980,4.824,200
2020-08-11 09:38:06.980,4.824,1000
2020-08-11 09:38:06.980,4.824,100
2020-08-11 09:38:06.980,4.824,900
2020-08-11 09:38:06.980,4.825,4800
2020-08-11 09:38:06.980,4.825,7300
2020-08-11 09:38:06.980,4.825,1100
2020-08-11 09:38:06.980,4.825,5500
2020-08-11 09:38:06.980,4.825,4100
2020-08-11 09:38:06.980,4.825,300
2020-08-11 09:38:06.980,4.825,500
2020-08-11 09:38:06.980,4.825,200
2020-08-11 09:38:06.980,4.825,4000
2020-08-11 09:38:06.980,4.825,2000
2020-08-11 09:38:06.980,4.825,10000
2020-08-11 09:38:06.980,4.825,10000
2020-08-11 09:38:06.980,4.825,20000
2020-08-11 09:38:06.980,4.825,400
2020-08-11 09:38:06.980,4.825,200
2020-08-11 09:38:06.980,4.825,2500
2020-08-11 09:38:06.980,4.825,3600
2020-08-11 09:38:06.980,4.825,600
2020-08-11 09:38:06.980,4.825,2100
2020-08-11 09:38:06.980,4.825,500
2020-08-11 09:38:06.980,4.825,500
2020-08-11 09:38:06.980,4.825,2000
2020-08-11 09:38:06.980,4.825,200
2020-08-11 09:38:06.980,4.825,30000
2020-08-11 09:38:06.980,4.825,2500
2020-08-11 09:38:06.980,4.825,3000
2020-08-11 09:38:06.980,4.825,300
2020-08-11 09:38:06.980,4.825,5000
2020-08-11 09:38:06.980,4.825,4500
2020-08-11 09:38:06.980,4.825,500
2020-08-11 09:38:06.980,4.825,2000
2020-08-11 09:38:06.980,4.825,2000
2020-08-11 09:38:06.980,4.825,300
2020-08-11 09:38:06.980,4.825,5000
2020-08-11 09:38:06.980,4.825,400
2020-08-11 09:38:06.980,4.825,1000
2020-08-11 09:38:06.980,4.825,300
2020-08-11 09:38:06.980,4.825,10000
2020-08-11 09:38:06.980,4.825,1000
2020-08-11 09:38:06.980,4.825,700
2020-08-11 09:38:06.980,4.825,100
2020-08-11 09:38:06.980,4.825,500
2020-08-11 09:38:06.980,4.825,100
2020-08-11 09:38:06.980,4.825,1800
2020-08-11 09:38:06.980,4.825,5000
2020-08-11 09:38:06.980,4.825,6000
2020-08-11 09:38:06.980,4.825,8500
2020-08-11 09:38:07.460,4.823,11800
2020-08-11 09:38:07.780,4.823,6200
2020-08-11 09:38:07.780,4.822,1700
2020-08-11 09:38:10.230,4.824,4000
2020-08-11 09:38:10.230,4.824,800
2020-08-11 09:38:10.230,4.824,2500
2020-08-11 09:38:10.230,4.824,1700
2020-08-11 09:38:10.230,4.822,36200
2020-08-11 09:38:10.230,4.822,654800
2020-08-11 09:38:11.350,4.822,4200
2020-08-11 09:38:11.670,4.824,3000
2020-08-11 09:38:11.670,4.825,1500
2020-08-11 09:38:11.670,4.825,100
2020-08-11 09:38:11.670,4.825,2000
2020-08-11 09:38:11.670,4.825,800
2020-08-11 09:38:11.670,4.825,3300
2020-08-11 09:38:11.670,4.825,3000
2020-08-11 09:38:11.670,4.825,200
2020-08-11 09:38:11.670,4.825,2000
2020-08-11 09:38:11.670,4.825,500
2020-08-11 09:38:11.670,4.825,100
2020-08-11 09:38:12.530,4.822,600
2020-08-11 09:38:13.970,4.822,2000
2020-08-11 09:38:15.920,4.822,100
2020-08-11 09:38:16.070,4.822,10000
2020-08-11 09:38:16.180,4.823,2000
2020-08-11 09:38:16.460,4.823,1000
2020-08-11 09:38:16.550,4.823,800
2020-08-11 09:38:16.780,4.824,4000
2020-08-11 09:38:16.780,4.825,7900
2020-08-11 09:38:16.780,4.825,2000
2020-08-11 09:38:16.780,4.825,300
2020-08-11 09:38:16.780,4.825,200
2020-08-11 09:38:16.780,4.825,500
2020-08-11 09:38:16.780,4.825,500
2020-08-11 09:38:16.780,4.825,3000
2020-08-11 09:38:16.780,4.825,30000
2020-08-11 09:38:16.780,4.825,5000
2020-08-11 09:38:16.780,4.825,10000
2020-08-11 09:38:16.780,4.825,700
2020-08-11 09:38:16.780,4.825,200
2020-08-11 09:38:16.780,4.825,2000
2020-08-11 09:38:16.780,4.825,200
2020-08-11 09:38:16.780,4.825,30000
2020-08-11 09:38:16.780,4.825,1300
2020-08-11 09:38:16.780,4.825,1000
2020-08-11 09:38:16.780,4.825,5000
2020-08-11 09:38:16.780,4.825,200
2020-08-11 09:38:16.780,4.825,4000
2020-08-11 09:38:16.780,4.825,86500
2020-08-11 09:38:16.780,4.825,23500
2020-08-11 09:38:16.780,4.825,1000
2020-08-11 09:38:16.830,4.825,1000
2020-08-11 09:38:17.280,4.825,1000
2020-08-11 09:38:17.450,4.825,300
2020-08-11 09:38:18.400,4.825,200
2020-08-11 09:38:18.650,4.825,15000
2020-08-11 09:38:18.650,4.825,1300
2020-08-11 09:38:19.740,4.825,2500
2020-08-11 09:38:19.960,4.825,20000
2020-08-11 09:38:20.750,4.825,5000
2020-08-11 09:38:20.750,4.825,11800
2020-08-11 09:38:21.190,4.825,10000
2020-08-11 09:38:21.280,4.825,500
2020-08-11 09:38:21.340,4.825,1500
2020-08-11 09:38:21.970,4.825,2000
2020-08-11 09:38:22.320,4.826,2500
2020-08-11 09:38:22.320,4.826,55600
2020-08-11 09:38:22.320,4.826,2000
2020-08-11 09:38:22.320,4.826,4300
2020-08-11 09:38:22.320,4.826,100
2020-08-11 09:38:22.320,4.826,5000
2020-08-11 09:38:22.320,4.826,500
2020-08-11 09:38:22.320,4.826,3000
2020-08-11 09:38:22.320,4.826,100
2020-08-11 09:38:22.320,4.826,100
2020-08-11 09:38:22.320,4.826,1000
2020-08-11 09:38:22.320,4.826,3400
2020-08-11 09:38:22.320,4.826,100
2020-08-11 09:38:22.320,4.826,2000
2020-08-11 09:38:22.320,4.826,1000
2020-08-11 09:38:22.320,4.826,700
2020-08-11 09:38:22.320,4.826,9900
2020-08-11 09:38:22.320,4.826,800
2020-08-11 09:38:22.320,4.826,100
2020-08-11 09:38:22.320,4.826,1000
2020-08-11 09:38:22.520,4.826,1000
2020-08-11 09:38:23.150,4.826,10000
2020-08-11 09:38:23.150,4.826,1800
2020-08-11 09:38:23.380,4.826,10000
2020-08-11 09:38:23.410,4.826,500
2020-08-11 09:38:23.720,4.826,1000
2020-08-11 09:38:23.840,4.826,2000
2020-08-11 09:38:26.000,4.826,1000
2020-08-11 09:38:26.600,4.826,1000
2020-08-11 09:38:26.960,4.826,1000
2020-08-11 09:38:27.140,4.826,1000
2020-08-11 09:38:27.290,4.826,1000
2020-08-11 09:38:27.630,4.826,1800
2020-08-11 09:38:27.950,4.826,1000
2020-08-11 09:38:28.960,4.826,1500
2020-08-11 09:38:29.240,4.827,1600
2020-08-11 09:38:29.240,4.827,1000
2020-08-11 09:38:29.240,4.827,1700
2020-08-11 09:38:29.240,4.827,500
2020-08-11 09:38:29.240,4.827,1800
2020-08-11 09:38:29.240,4.827,1700
2020-08-11 09:38:29.240,4.827,2500
2020-08-11 09:38:31.790,4.826,400
2020-08-11 09:38:32.260,4.826,1000
2020-08-11 09:38:32.690,4.827,500
2020-08-11 09:38:32.690,4.827,100
2020-08-11 09:38:32.690,4.827,100
2020-08-11 09:38:32.690,4.827,3600
2020-08-11 09:38:32.810,4.826,1000
2020-08-11 09:38:32.830,4.826,3800
2020-08-11 09:38:32.830,4.826,100
2020-08-11 09:38:32.830,4.826,1100
2020-08-11 09:38:33.200,4.826,2000
2020-08-11 09:38:33.200,4.826,1000
2020-08-11 09:38:34.110,4.826,4400
2020-08-11 09:38:34.110,4.825,600
2020-08-11 09:38:35.020,4.827,3000
2020-08-11 09:38:35.560,4.827,3400
2020-08-11 09:38:35.560,4.827,5000
2020-08-11 09:38:35.560,4.827,2000
2020-08-11 09:38:35.560,4.827,2100
2020-08-11 09:38:36.460,4.825,3000
2020-08-11 09:38:38.440,4.826,1000
2020-08-11 09:38:38.440,4.826,100
2020-08-11 09:38:38.440,4.826,500
2020-08-11 09:38:38.440,4.827,900
2020-08-11 09:38:40.200,4.826,500
2020-08-11 09:38:40.310,4.826,1600
2020-08-11 09:38:41.060,4.825,5300
2020-08-11 09:38:41.090,4.825,4700
2020-08-11 09:38:41.090,4.825,2500
2020-08-11 09:38:42.310,4.826,1000
2020-08-11 09:38:44.410,4.825,2800
2020-08-11 09:38:44.530,4.825,200
2020-08-11 09:38:46.090,4.825,4000
2020-08-11 09:38:47.560,4.825,3000
2020-08-11 09:38:47.830,4.825,200
2020-08-11 09:38:47.980,4.825,18700
2020-08-11 09:38:48.780,4.825,2600
2020-08-11 09:38:49.950,4.825,1500
2020-08-11 09:38:49.950,4.825,600
2020-08-11 09:38:49.950,4.825,15000
2020-08-11 09:38:49.950,4.825,500
2020-08-11 09:38:49.950,4.825,1000
2020-08-11 09:38:49.950,4.825,1000
2020-08-11 09:38:49.950,4.825,1000
2020-08-11 09:38:49.950,4.825,1100
2020-08-11 09:38:49.950,4.825,6700
2020-08-11 09:38:50.180,4.825,4900
2020-08-11 09:38:50.180,4.825,5100
2020-08-11 09:38:50.780,4.825,200
2020-08-11 09:38:51.000,4.824,2000
2020-08-11 09:38:51.530,4.825,100
2020-08-11 09:38:53.970,4.825,4600
2020-08-11 09:38:53.970,4.825,100
2020-08-11 09:38:53.970,4.825,1000
2020-08-11 09:38:53.970,4.825,2000
2020-08-11 09:38:53.970,4.825,50000
2020-08-11 09:38:53.970,4.825,100000
2020-08-11 09:38:53.970,4.825,200
2020-08-11 09:38:53.970,4.825,10000
2020-08-11 09:38:53.970,4.825,1000
2020-08-11 09:38:53.970,4.825,300
2020-08-11 09:38:54.060,4.825,100
2020-08-11 09:38:54.120,4.825,1000
2020-08-11 09:38:54.790,4.825,1000
2020-08-11 09:38:56.620,4.825,10000
2020-08-11 09:38:57.250,4.826,8400
2020-08-11 09:38:57.250,4.826,3600
2020-08-11 09:38:58.230,4.825,51900
2020-08-11 09:38:59.820,4.826,16400
2020-08-11 09:38:59.820,4.826,500
2020-08-11 09:38:59.820,4.826,3100
2020-08-11 09:39:01.270,4.825,500
2020-08-11 09:39:01.960,4.825,1000
2020-08-11 09:39:01.960,4.826,3900
2020-08-11 09:39:01.960,4.826,2000
2020-08-11 09:39:01.960,4.826,2000
2020-08-11 09:39:01.960,4.826,5000
2020-08-11 09:39:01.960,4.826,3000
2020-08-11 09:39:01.960,4.826,500
2020-08-11 09:39:01.960,4.826,500
2020-08-11 09:39:01.960,4.826,20000
2020-08-11 09:39:01.960,4.826,8000
2020-08-11 09:39:01.960,4.826,100
2020-08-11 09:39:01.960,4.826,5000
2020-08-11 09:39:01.960,4.826,5000
2020-08-11 09:39:01.960,4.826,2500
2020-08-11 09:39:01.960,4.826,600
2020-08-11 09:39:01.960,4.826,2000
2020-08-11 09:39:01.960,4.827,1000
2020-08-11 09:39:01.960,4.827,2000
2020-08-11 09:39:01.960,4.827,5000
2020-08-11 09:39:01.960,4.827,500
2020-08-11 09:39:01.960,4.827,10000
2020-08-11 09:39:01.960,4.827,1500
2020-08-11 09:39:01.960,4.827,3000
2020-08-11 09:39:01.960,4.827,200
2020-08-11 09:39:01.960,4.827,2000
2020-08-11 09:39:01.960,4.827,11200
2020-08-11 09:39:01.960,4.827,53600
2020-08-11 09:39:02.420,4.825,300
2020-08-11 09:39:02.560,4.826,1000
2020-08-11 09:39:02.790,4.826,9000
2020-08-11 09:39:02.790,4.826,100
2020-08-11 09:39:02.880,4.827,46400
2020-08-11 09:39:02.880,4.827,500
2020-08-11 09:39:02.880,4.827,1000
2020-08-11 09:39:02.880,4.827,2000
2020-08-11 09:39:02.880,4.827,6000
2020-08-11 09:39:02.880,4.827,6300
2020-08-11 09:39:02.880,4.827,4400
2020-08-11 09:39:02.880,4.827,2000
2020-08-11 09:39:02.880,4.827,500
2020-08-11 09:39:02.880,4.827,1000
2020-08-11 09:39:02.880,4.827,5000
2020-08-11 09:39:02.880,4.827,5000
2020-08-11 09:39:02.880,4.827,2000
2020-08-11 09:39:02.880,4.827,4000
2020-08-11 09:39:02.880,4.827,5000
2020-08-11 09:39:02.880,4.827,50000
2020-08-11 09:39:02.880,4.827,20000
2020-08-11 09:39:02.880,4.827,500
2020-08-11 09:39:02.880,4.828,5000
2020-08-11 09:39:02.880,4.828,133400
2020-08-11 09:39:02.990,4.826,1000
2020-08-11 09:39:03.080,4.828,6600
2020-08-11 09:39:03.080,4.828,2000
2020-08-11 09:39:03.080,4.828,2400
2020-08-11 09:39:03.080,4.828,100
2020-08-11 09:39:03.080,4.828,200
2020-08-11 09:39:03.080,4.828,5000
2020-08-11 09:39:03.080,4.828,1000
2020-08-11 09:39:03.080,4.828,300
2020-08-11 09:39:03.080,4.828,4300
2020-08-11 09:39:03.080,4.828,500
2020-08-11 09:39:03.080,4.828,8000
2020-08-11 09:39:03.080,4.828,500
2020-08-11 09:39:03.080,4.828,6700
2020-08-11 09:39:03.080,4.828,5000
2020-08-11 09:39:03.080,4.828,100
2020-08-11 09:39:03.080,4.828,500
2020-08-11 09:39:03.080,4.828,200
2020-08-11 09:39:03.080,4.828,1000
2020-08-11 09:39:03.080,4.828,5000
2020-08-11 09:39:03.080,4.828,600
2020-08-11 09:39:03.080,4.828,50000
2020-08-11 09:39:03.080,4.828,9000
2020-08-11 09:39:03.080,4.828,50000
2020-08-11 09:39:03.080,4.828,500
2020-08-11 09:39:03.080,4.828,7500
2020-08-11 09:39:03.080,4.828,1000
2020-08-11 09:39:03.080,4.828,1000
2020-08-11 09:39:03.080,4.828,1000
2020-08-11 09:39:03.080,4.828,3000
2020-08-11 09:39:03.080,4.828,2000
2020-08-11 09:39:03.080,4.828,1000
2020-08-11 09:39:03.080,4.828,3000
2020-08-11 09:39:03.080,4.828,5000
2020-08-11 09:39:03.080,4.828,1000
2020-08-11 09:39:03.080,4.828,1000
2020-08-11 09:39:03.080,4.828,30000
2020-08-11 09:39:03.080,4.828,6000
2020-08-11 09:39:03.080,4.828,5000
2020-08-11 09:39:03.080,4.828,60000
2020-08-11 09:39:03.340,4.828,1000
2020-08-11 09:39:03.790,4.828,1000
2020-08-11 09:39:04.050,4.828,1400
2020-08-11 09:39:04.320,4.828,1000
2020-08-11 09:39:04.550,4.828,1000
2020-08-11 09:39:04.860,4.828,7600
2020-08-11 09:39:04.860,4.827,2400
2020-08-11 09:39:04.980,4.827,1000
2020-08-11 09:39:05.150,4.827,3000
2020-08-11 09:39:06.160,4.828,1300
2020-08-11 09:39:06.160,4.828,3000
2020-08-11 09:39:06.160,4.828,600
2020-08-11 09:39:06.160,4.828,100
2020-08-11 09:39:06.600,4.828,200
2020-08-11 09:39:06.690,4.828,1000
2020-08-11 09:39:07.040,4.828,100
2020-08-11 09:39:07.570,4.828,500
2020-08-11 09:39:07.570,4.827,2500
2020-08-11 09:39:07.640,4.827,3500
2020-08-11 09:39:08.060,4.829,4000
2020-08-11 09:39:08.060,4.829,1400
2020-08-11 09:39:08.060,4.829,10000
2020-08-11 09:39:08.060,4.829,500
2020-08-11 09:39:08.060,4.829,500
2020-08-11 09:39:08.060,4.829,1200
2020-08-11 09:39:08.060,4.829,700
2020-08-11 09:39:08.060,4.829,300
2020-08-11 09:39:08.060,4.829,200
2020-08-11 09:39:08.060,4.829,4200
2020-08-11 09:39:08.060,4.829,400
2020-08-11 09:39:08.060,4.829,50500
2020-08-11 09:39:08.060,4.829,10000
2020-08-11 09:39:08.060,4.829,3000
2020-08-11 09:39:08.060,4.829,100
2020-08-11 09:39:08.060,4.829,100
2020-08-11 09:39:08.060,4.829,50000
2020-08-11 09:39:08.060,4.829,50000
2020-08-11 09:39:08.060,4.829,3000
2020-08-11 09:39:08.060,4.829,1400
2020-08-11 09:39:08.060,4.829,5200
2020-08-11 09:39:08.060,4.829,3000
2020-08-11 09:39:08.060,4.829,5000
2020-08-11 09:39:08.060,4.829,1000
2020-08-11 09:39:08.060,4.829,3000
2020-08-11 09:39:08.060,4.829,1500
2020-08-11 09:39:08.060,4.829,4700
2020-08-11 09:39:08.360,4.829,4200
2020-08-11 09:39:09.030,4.829,300
2020-08-11 09:39:09.230,4.829,1000
2020-08-11 09:39:09.670,4.829,100
2020-08-11 09:39:11.140,4.829,10000
2020-08-11 09:39:11.200,4.83,3000
2020-08-11 09:39:11.200,4.83,5000
2020-08-11 09:39:11.200,4.83,100
2020-08-11 09:39:11.200,4.83,4500
2020-08-11 09:39:11.200,4.83,5500
2020-08-11 09:39:11.200,4.83,1000
2020-08-11 09:39:11.200,4.83,100
2020-08-11 09:39:11.200,4.83,400
2020-08-11 09:39:11.200,4.83,1000
2020-08-11 09:39:11.200,4.83,2000
2020-08-11 09:39:11.200,4.83,1000
2020-08-11 09:39:11.200,4.83,1000
2020-08-11 09:39:11.200,4.83,50000
2020-08-11 09:39:11.200,4.83,500
2020-08-11 09:39:11.200,4.83,10000
2020-08-11 09:39:11.200,4.83,700
2020-08-11 09:39:11.200,4.83,11000
2020-08-11 09:39:11.200,4.83,100
2020-08-11 09:39:11.200,4.83,3000
2020-08-11 09:39:11.200,4.83,300
2020-08-11 09:39:11.200,4.83,3500
2020-08-11 09:39:11.200,4.83,5300
2020-08-11 09:39:11.200,4.83,500
2020-08-11 09:39:11.200,4.83,700
2020-08-11 09:39:11.200,4.83,2500
2020-08-11 09:39:11.200,4.83,500
2020-08-11 09:39:11.200,4.83,3000
2020-08-11 09:39:11.200,4.83,3000
2020-08-11 09:39:11.200,4.83,5000
2020-08-11 09:39:11.200,4.83,7300
2020-08-11 09:39:11.200,4.83,2500
2020-08-11 09:39:11.200,4.83,5200
2020-08-11 09:39:11.200,4.83,3000
2020-08-11 09:39:11.200,4.83,2000
2020-08-11 09:39:11.200,4.83,400
2020-08-11 09:39:11.200,4.83,1000
2020-08-11 09:39:11.200,4.83,10000
2020-08-11 09:39:11.200,4.83,3000
2020-08-11 09:39:11.200,4.83,500
2020-08-11 09:39:11.200,4.83,5000
2020-08-11 09:39:11.200,4.83,200
2020-08-11 09:39:11.200,4.83,2000
2020-08-11 09:39:11.200,4.83,2000
2020-08-11 09:39:11.200,4.83,10000
2020-08-11 09:39:11.200,4.83,1000
2020-08-11 09:39:11.200,4.83,25000
2020-08-11 09:39:11.200,4.83,2000
2020-08-11 09:39:11.200,4.83,400
2020-08-11 09:39:11.200,4.83,5000
2020-08-11 09:39:11.200,4.83,5000
2020-08-11 09:39:11.200,4.83,200
2020-08-11 09:39:11.200,4.83,600
2020-08-11 09:39:11.200,4.83,1100
2020-08-11 09:39:11.200,4.83,5300
2020-08-11 09:39:11.200,4.83,10000
2020-08-11 09:39:11.200,4.83,1500
2020-08-11 09:39:11.200,4.83,3000
2020-08-11 09:39:11.200,4.83,1000
2020-08-11 09:39:11.200,4.83,500
2020-08-11 09:39:11.200,4.83,3000
2020-08-11 09:39:11.200,4.83,25000
2020-08-11 09:39:11.200,4.83,10000
2020-08-11 09:39:11.200,4.83,2500
2020-08-11 09:39:11.200,4.83,1000
2020-08-11 09:39:11.200,4.83,5000
2020-08-11 09:39:11.200,4.83,1000
2020-08-11 09:39:11.200,4.83,500
2020-08-11 09:39:11.200,4.83,5000
2020-08-11 09:39:11.200,4.83,7100
2020-08-11 09:39:11.770,4.829,1000
2020-08-11 09:39:11.940,4.83,7900
2020-08-11 09:39:11.940,4.83,5000
2020-08-11 09:39:11.940,4.83,600
2020-08-11 09:39:11.940,4.83,400
2020-08-11 09:39:11.940,4.83,2300
2020-08-11 09:39:11.940,4.83,200
2020-08-11 09:39:11.940,4.83,5000
2020-08-11 09:39:11.940,4.83,5000
2020-08-11 09:39:11.940,4.83,1000
2020-08-11 09:39:11.940,4.83,2000
2020-08-11 09:39:11.940,4.83,500
2020-08-11 09:39:11.940,4.83,1000
2020-08-11 09:39:11.940,4.83,500
2020-08-11 09:39:11.940,4.83,20000
2020-08-11 09:39:11.940,4.83,2000
2020-08-11 09:39:11.940,4.83,600
2020-08-11 09:39:11.940,4.83,20000
2020-08-11 09:39:11.940,4.83,5000
2020-08-11 09:39:11.940,4.83,100
2020-08-11 09:39:11.940,4.83,500
2020-08-11 09:39:11.940,4.83,300
2020-08-11 09:39:11.940,4.83,3000
2020-08-11 09:39:11.940,4.83,217100
2020-08-11 09:39:12.220,4.829,100
2020-08-11 09:39:12.430,4.83,3800
2020-08-11 09:39:12.430,4.83,5000
2020-08-11 09:39:12.430,4.83,10000
2020-08-11 09:39:12.430,4.83,300
2020-08-11 09:39:12.430,4.83,200
2020-08-11 09:39:12.430,4.83,10000
2020-08-11 09:39:12.430,4.83,700
2020-08-11 09:39:12.730,4.829,1000
2020-08-11 09:39:12.770,4.829,500
2020-08-11 09:39:13.260,4.829,1000
2020-08-11 09:39:13.520,4.83,300
2020-08-11 09:39:13.520,4.83,10000
2020-08-11 09:39:13.520,4.83,2000
2020-08-11 09:39:13.520,4.83,300
2020-08-11 09:39:13.520,4.83,200
2020-08-11 09:39:13.520,4.83,1000
2020-08-11 09:39:13.520,4.83,23000
2020-08-11 09:39:13.520,4.83,50000
2020-08-11 09:39:13.520,4.83,500
2020-08-11 09:39:13.520,4.83,200
2020-08-11 09:39:13.520,4.83,3000
2020-08-11 09:39:13.520,4.83,3700
2020-08-11 09:39:13.520,4.83,200
2020-08-11 09:39:13.520,4.83,1200
2020-08-11 09:39:13.520,4.83,2100
2020-08-11 09:39:13.520,4.83,1700
2020-08-11 09:39:13.520,4.83,200
2020-08-11 09:39:13.520,4.83,20000
2020-08-11 09:39:13.520,4.83,1100
2020-08-11 09:39:13.520,4.83,5000
2020-08-11 09:39:13.520,4.83,2000
2020-08-11 09:39:13.520,4.83,500
2020-08-11 09:39:13.520,4.83,10000
2020-08-11 09:39:13.520,4.83,200
2020-08-11 09:39:13.520,4.83,300
2020-08-11 09:39:13.520,4.83,200
2020-08-11 09:39:13.520,4.83,1000
2020-08-11 09:39:13.520,4.83,5000
2020-08-11 09:39:13.520,4.83,1200
2020-08-11 09:39:13.520,4.83,10000
2020-08-11 09:39:13.520,4.83,1600
2020-08-11 09:39:13.520,4.83,100
2020-08-11 09:39:13.520,4.83,700
2020-08-11 09:39:13.520,4.83,200
2020-08-11 09:39:13.520,4.83,8800
2020-08-11 09:39:13.520,4.83,100
2020-08-11 09:39:13.520,4.83,1100
2020-08-11 09:39:13.520,4.83,2000
2020-08-11 09:39:13.520,4.83,2000
2020-08-11 09:39:13.520,4.83,500
2020-08-11 09:39:13.520,4.83,2100
2020-08-11 09:39:13.520,4.83,1800
2020-08-11 09:39:13.950,4.83,1000
2020-08-11 09:39:14.180,4.83,1500
2020-08-11 09:39:14.330,4.83,1000
2020-08-11 09:39:14.660,4.831,10000
2020-08-11 09:39:14.660,4.831,4000
2020-08-11 09:39:14.660,4.831,400
2020-08-11 09:39:14.660,4.831,2000
2020-08-11 09:39:14.660,4.831,3000
2020-08-11 09:39:14.660,4.831,200
2020-08-11 09:39:14.660,4.831,100
2020-08-11 09:39:14.660,4.831,300
2020-08-11 09:39:15.300,4.83,2200
2020-08-11 09:39:15.580,4.83,500
2020-08-11 09:39:15.580,4.83,400
2020-08-11 09:39:15.580,4.83,3000
2020-08-11 09:39:15.700,4.831,300
2020-08-11 09:39:15.700,4.831,5000
2020-08-11 09:39:15.700,4.831,100
2020-08-11 09:39:15.700,4.831,1000
2020-08-11 09:39:15.700,4.831,2500
2020-08-11 09:39:15.700,4.831,200
2020-08-11 09:39:15.700,4.831,100
2020-08-11 09:39:17.440,4.831,200
2020-08-11 09:39:17.650,4.831,500
2020-08-11 09:39:17.650,4.831,2500
2020-08-11 09:39:17.650,4.831,400
2020-08-11 09:39:17.760,4.831,1000
2020-08-11 09:39:18.060,4.831,5100
2020-08-11 09:39:18.060,4.83,4900
2020-08-11 09:39:18.350,4.83,500
2020-08-11 09:39:18.610,4.83,3000
2020-08-11 09:39:18.990,4.83,3500
2020-08-11 09:39:19.160,4.83,100
2020-08-11 09:39:19.270,4.83,2500
2020-08-11 09:39:19.820,4.83,100
2020-08-11 09:39:19.930,4.83,1000
2020-08-11 09:39:20.110,4.831,200
2020-08-11 09:39:20.200,4.831,2000
2020-08-11 09:39:20.760,4.831,7800
2020-08-11 09:39:20.760,4.831,500
2020-08-11 09:39:20.760,4.832,10000
2020-08-11 09:39:20.760,4.832,200
2020-08-11 09:39:20.760,4.832,4000
2020-08-11 09:39:20.760,4.832,200
2020-08-11 09:39:20.760,4.832,200
2020-08-11 09:39:20.760,4.832,200
2020-08-11 09:39:20.760,4.832,500
2020-08-11 09:39:20.760,4.832,2000
2020-08-11 09:39:20.760,4.832,6100
2020-08-11 09:39:20.760,4.832,10000
2020-08-11 09:39:20.760,4.832,5000
2020-08-11 09:39:20.760,4.832,5000
2020-08-11 09:39:20.760,4.832,3000
2020-08-11 09:39:20.760,4.832,5000
2020-08-11 09:39:20.760,4.832,1500
2020-08-11 09:39:20.760,4.832,1100
2020-08-11 09:39:20.760,4.832,3000
2020-08-11 09:39:20.760,4.832,100
2020-08-11 09:39:20.760,4.832,400
2020-08-11 09:39:20.760,4.832,400
2020-08-11 09:39:20.760,4.833,1000
2020-08-11 09:39:20.760,4.833,5000
2020-08-11 09:39:20.760,4.833,100
2020-08-11 09:39:20.760,4.833,5000
2020-08-11 09:39:20.760,4.833,500
2020-08-11 09:39:20.760,4.833,2000
2020-08-11 09:39:20.760,4.833,1400
2020-08-11 09:39:20.760,4.833,10000
2020-08-11 09:39:20.760,4.833,10300
2020-08-11 09:39:20.760,4.833,1000
2020-08-11 09:39:20.760,4.833,47600
2020-08-11 09:39:21.620,4.831,5000
2020-08-11 09:39:22.100,4.831,1000
2020-08-11 09:39:23.130,4.831,1000
2020-08-11 09:39:23.690,4.833,100
2020-08-11 09:39:23.690,4.834,4300
2020-08-11 09:39:23.720,4.831,12000
2020-08-11 09:39:23.880,4.834,11600
2020-08-11 09:39:23.880,4.834,3000
2020-08-11 09:39:23.880,4.834,2000
2020-08-11 09:39:23.880,4.834,10200
2020-08-11 09:39:23.880,4.834,200
2020-08-11 09:39:23.880,4.834,600
2020-08-11 09:39:23.880,4.834,500
2020-08-11 09:39:23.880,4.834,20000
2020-08-11 09:39:23.880,4.834,51900
2020-08-11 09:39:24.640,4.832,500
2020-08-11 09:39:25.150,4.832,1000
2020-08-11 09:39:25.380,4.832,1000
2020-08-11 09:39:25.430,4.832,100
2020-08-11 09:39:25.630,4.833,10000
2020-08-11 09:39:25.930,4.833,400
2020-08-11 09:39:26.430,4.833,10000
2020-08-11 09:39:26.460,4.833,4000
2020-08-11 09:39:26.660,4.833,5000
2020-08-11 09:39:27.130,4.833,2500
2020-08-11 09:39:27.830,4.834,3000
2020-08-11 09:39:27.830,4.834,1900
2020-08-11 09:39:28.150,4.833,2900
2020-08-11 09:39:28.180,4.833,100
2020-08-11 09:39:28.230,4.833,300
2020-08-11 09:39:28.360,4.833,300
2020-08-11 09:39:28.530,4.833,1000
2020-08-11 09:39:28.710,4.833,2500
2020-08-11 09:39:28.740,4.833,1000
2020-08-11 09:39:28.840,4.833,1000
2020-08-11 09:39:28.840,4.833,800
2020-08-11 09:39:29.000,4.833,2800
2020-08-11 09:39:29.570,4.833,100
2020-08-11 09:39:29.740,4.833,1000
2020-08-11 09:39:30.850,4.833,20200
2020-08-11 09:39:30.850,4.832,49300
2020-08-11 09:39:30.850,4.832,3600
2020-08-11 09:39:30.850,4.832,10000
2020-08-11 09:39:30.850,4.831,416900
2020-08-11 09:39:31.220,4.833,200
2020-08-11 09:39:32.210,4.833,200
2020-08-11 09:39:32.210,4.833,800
2020-08-11 09:39:32.350,4.833,200
2020-08-11 09:39:32.610,4.833,300
2020-08-11 09:39:32.740,4.831,1000
2020-08-11 09:39:34.310,4.833,8700
2020-08-11 09:39:34.310,4.833,1000
2020-08-11 09:39:34.310,4.833,200
2020-08-11 09:39:34.310,4.833,800
2020-08-11 09:39:34.310,4.834,3100
2020-08-11 09:39:34.310,4.834,1000
2020-08-11 09:39:34.310,4.834,300
2020-08-11 09:39:34.310,4.834,34900
2020-08-11 09:39:34.340,4.834,300
2020-08-11 09:39:35.110,4.833,1200
2020-08-11 09:39:36.400,4.832,600
2020-08-11 09:39:36.490,4.832,100
2020-08-11 09:39:36.490,4.831,1900
2020-08-11 09:39:36.710,4.831,1000
2020-08-11 09:39:37.550,4.833,100
2020-08-11 09:39:37.780,4.833,700
2020-08-11 09:39:37.780,4.833,300
2020-08-11 09:39:39.530,4.833,1000
2020-08-11 09:39:39.560,4.831,10000
2020-08-11 09:39:39.790,4.831,400
2020-08-11 09:39:43.020,4.833,700
2020-08-11 09:39:43.020,4.833,5000
2020-08-11 09:39:43.020,4.833,1000
2020-08-11 09:39:43.020,4.833,5000
2020-08-11 09:39:43.020,4.833,4700
2020-08-11 09:39:43.020,4.833,13600
2020-08-11 09:39:43.900,4.832,300
2020-08-11 09:39:44.140,4.833,200
2020-08-11 09:39:44.330,4.833,1000
2020-08-11 09:39:44.590,4.833,2200
2020-08-11 09:39:45.200,4.832,1000
2020-08-11 09:39:45.330,4.833,1400
2020-08-11 09:39:45.650,4.833,118100
2020-08-11 09:39:45.650,4.833,2000
2020-08-11 09:39:45.650,4.833,10000
2020-08-11 09:39:45.650,4.833,500
2020-08-11 09:39:45.650,4.833,200
2020-08-11 09:39:45.650,4.833,41500
2020-08-11 09:39:45.650,4.833,10000
2020-08-11 09:39:45.650,4.833,3500
2020-08-11 09:39:45.900,4.833,1000
2020-08-11 09:39:46.210,4.833,20000
2020-08-11 09:39:46.530,4.833,1000
2020-08-11 09:39:46.560,4.833,1000
2020-08-11 09:39:47.240,4.833,700
2020-08-11 09:39:47.270,4.833,9500
2020-08-11 09:39:47.460,4.833,81000
2020-08-11 09:39:47.460,4.832,8800
2020-08-11 09:39:48.720,4.832,1000
2020-08-11 09:39:49.460,4.832,1500
2020-08-11 09:39:50.110,4.832,300
2020-08-11 09:39:51.240,4.832,800
2020-08-11 09:39:51.680,4.833,6000
2020-08-11 09:39:51.680,4.833,2500
2020-08-11 09:39:51.680,4.833,33400
2020-08-11 09:39:51.680,4.832,500
2020-08-11 09:39:52.220,4.832,500
2020-08-11 09:39:52.360,4.833,20000
2020-08-11 09:39:52.950,4.833,200
2020-08-11 09:39:52.950,4.833,23100
2020-08-11 09:39:52.950,4.833,12600
2020-08-11 09:39:52.950,4.833,3900
2020-08-11 09:39:52.950,4.833,10900
2020-08-11 09:39:53.860,4.834,500
