Datetime,Lastprice,Volume,Precloseprice,AvgPrice,Iopv,Netvalue,Bid[0],BidQty[0],Bid[1],BidQty[1],Bid[2],BidQty[2],Bid[3],BidQty[3],Bid[4],BidQty[4],Bid[5],BidQty[5],Bid[6],BidQty[6],Bid[7],BidQty[7],Bid[8],BidQty[8],Bid[9],BidQty[9],Ask[0],AskQty[0],Ask[1],AskQty[1],Ask[2],AskQty[2],Ask[3],AskQty[3],Ask[4],AskQty[4],Ask[5],AskQty[5],Ask[6],AskQty[6],Ask[7],AskQty[7],Ask[8],AskQty[8],Ask[9],AskQty[9]
2020-08-11 09:31:21.500,2.929,400.0,2.931,2.929,2.95,2.936,2.929,6400,2.925,22400,2.924,200,2.923,3500,2.921,6400,2.916,5000,2.91,5600,2.904,200,2.9,47100,2.899,4000,2.943,25400,2.944,5300,2.945,2000,2.961,6300,2.967,30000,2.968,27000,2.98,10000,2.985,600,2.99,4700,2.995,500
2020-08-11 09:33:06.690,2.943,25400.0,2.931,2.9427830000000004,2.954,2.936,2.943,4600,2.933,5100,2.93,30000,2.929,12700,2.925,22400,2.924,200,2.916,5000,2.91,5600,2.904,200,2.9,51800,2.944,5300,2.945,2000,2.961,8400,2.967,30000,2.968,27000,2.98,10000,2.985,600,2.99,4700,2.995,500,2.997,3100
2020-08-11 09:33:15.540,2.944,5300.0,2.931,2.94299,2.954,2.936,2.944,24700,2.943,4600,2.933,5100,2.93,30000,2.929,12700,2.925,22400,2.924,200,2.916,5000,2.91,5600,2.904,200,2.945,2000,2.961,8400,2.967,30000,2.968,27000,2.98,10000,2.985,600,2.99,4700,2.995,500,2.997,3100,2.999,5000
2020-08-11 09:33:21.370,2.945,2000.0,2.931,2.9431119999999997,2.954,2.936,2.945,28000,2.944,24700,2.943,4600,2.933,5100,2.93,30000,2.929,12700,2.925,22400,2.924,200,2.916,5000,2.91,5600,2.961,8400,2.967,30000,2.968,27000,2.98,10000,2.985,600,2.99,4700,2.995,500,2.997,3100,2.999,5000,3.0,5000
2020-08-11 09:34:12.090,2.961,3100.0,2.931,2.944641,2.955,2.936,2.944,24700,2.943,4600,2.935,4700,2.933,5100,2.931,6300,2.93,30000,2.929,6400,2.925,22400,2.924,200,2.916,5000,2.961,5400,2.968,27000,2.98,10000,2.985,600,2.99,4700,2.995,500,2.997,3100,2.999,5000,3.0,5000,3.062,3200
2020-08-11 09:34:23.830,2.945,500.0,2.931,2.944646,2.957,2.936,2.944,24700,2.943,4600,2.935,4700,2.933,5100,2.931,6300,2.93,30000,2.929,6400,2.925,22400,2.924,200,2.916,5000,2.945,9500,2.961,5400,2.967,200,2.968,27000,2.98,10000,2.985,600,2.99,4700,2.995,500,2.997,3100,2.999,5000
2020-08-11 09:36:40.740,2.96,1000.0,2.931,2.9450529999999997,2.965,2.936,2.96,58200,2.949,22200,2.948,3000,2.944,24700,2.943,4600,2.935,6300,2.933,5100,2.932,500,2.931,200,2.93,30000,2.961,14400,2.966,2100,2.967,200,2.968,27200,2.97,1000,2.979,300,2.98,10000,2.985,600,2.99,4500,2.992,2000
2020-08-11 09:36:55.030,2.96,100.0,2.931,2.945093,2.966,2.936,2.96,58100,2.949,22200,2.948,3000,2.944,24700,2.943,4600,2.935,6300,2.933,5100,2.932,500,2.931,200,2.93,30000,2.961,14400,2.966,2100,2.967,200,2.968,27200,2.97,1000,2.979,300,2.98,10000,2.985,600,2.99,4500,2.992,2000
2020-08-11 09:37:01.270,2.96,5200.0,2.931,2.946895,2.966,2.936,2.96,52900,2.948,3000,2.944,24700,2.943,4600,2.935,6300,2.933,5100,2.932,500,2.931,200,2.93,30000,2.929,7400,2.961,14400,2.966,2100,2.967,200,2.968,27200,2.97,1000,2.979,300,2.98,10000,2.985,600,2.99,4500,2.992,2000
2020-08-11 09:37:17.740,2.96,500.0,2.931,2.947046,2.966,2.936,2.96,52400,2.948,3000,2.944,24700,2.943,4600,2.935,6300,2.933,5100,2.932,500,2.931,200,2.93,30000,2.929,7400,2.961,14400,2.966,2100,2.967,200,2.968,27200,2.97,1000,2.979,300,2.98,10000,2.985,600,2.99,4500,2.992,2000
2020-08-11 09:37:25.250,2.96,700.0,2.931,2.9472509999999996,2.966,2.936,2.96,51700,2.948,3000,2.944,24700,2.943,4600,2.935,6300,2.933,5100,2.932,500,2.931,200,2.93,30000,2.929,7400,2.961,14400,2.966,2100,2.967,200,2.968,27200,2.97,1000,2.979,300,2.98,10000,2.985,600,2.99,4500,2.992,2000
2020-08-11 09:37:33.480,2.96,3000.0,2.931,2.948061,2.966,2.936,2.96,48700,2.948,3000,2.944,24700,2.943,4600,2.935,6300,2.933,5100,2.932,500,2.931,200,2.93,30000,2.929,7400,2.961,14400,2.966,2100,2.967,200,2.968,27200,2.97,1000,2.979,300,2.98,10000,2.985,600,2.99,4500,2.992,2000
2020-08-11 09:37:48.230,2.961,14400.0,2.931,2.951086,2.965,2.936,2.961,7700,2.96,48700,2.948,3000,2.944,24700,2.943,4600,2.935,6300,2.933,5100,2.932,500,2.931,200,2.93,30000,2.966,2100,2.967,200,2.968,27200,2.97,1000,2.979,300,2.98,10000,2.985,600,2.99,4500,2.992,2000,2.995,500
2020-08-11 09:38:21.720,2.966,1900.0,2.931,2.951532,2.965,2.936,2.961,11000,2.96,48700,2.948,3000,2.944,24700,2.943,4600,2.935,6300,2.933,5100,2.932,500,2.931,200,2.93,30000,2.966,200,2.967,200,2.968,27200,2.97,1000,2.979,300,2.98,10000,2.985,600,2.99,4500,2.992,2000,2.995,500
2020-08-11 09:38:44.730,2.966,200.0,2.931,2.951578,2.966,2.936,2.966,2700,2.961,24400,2.96,48700,2.95,15800,2.948,3000,2.944,24700,2.943,4600,2.933,5100,2.932,500,2.931,200,2.967,200,2.968,27200,2.97,1000,2.979,300,2.98,10000,2.985,600,2.99,4500,2.992,2000,2.995,500,2.997,3100
2020-08-11 09:39:14.450,2.967,200.0,2.931,2.9516259999999996,2.968,2.936,2.967,29800,2.966,2700,2.962,400,2.961,24400,2.96,49700,2.95,15800,2.948,3000,2.944,24700,2.943,4600,2.933,5100,2.968,27200,2.97,1000,2.979,300,2.98,10000,2.985,600,2.99,4500,2.992,2000,2.995,500,2.997,3100,2.999,5000
2020-08-11 09:39:14.990,2.967,3000.0,2.931,2.952315,2.968,2.936,2.967,26800,2.966,2700,2.962,400,2.961,24400,2.96,49700,2.95,15800,2.948,3000,2.944,24700,2.943,4600,2.933,5100,2.968,27200,2.97,1000,2.979,300,2.98,10000,2.985,600,2.99,7500,2.992,2000,2.995,500,2.997,3100,2.999,5000
2020-08-11 09:40:05.630,2.967,100.0,2.931,2.952337,2.97,2.936,2.967,26700,2.966,2700,2.962,400,2.961,11000,2.96,49700,2.95,15800,2.948,3000,2.944,24700,2.943,4600,2.933,5100,2.968,27200,2.97,1000,2.979,300,2.98,10600,2.985,600,2.99,7500,2.992,2000,2.995,500,2.997,8100,2.999,5000
2020-08-11 09:40:07.990,2.968,3000.0,2.931,2.953009,2.97,2.936,2.967,26700,2.966,2700,2.962,400,2.961,11000,2.96,49700,2.95,15800,2.948,3000,2.944,24700,2.943,4600,2.933,5100,2.968,24200,2.97,1000,2.979,300,2.98,10600,2.985,600,2.99,7500,2.992,2000,2.995,500,2.997,8100,2.999,5000
2020-08-11 09:40:14.310,2.968,10000.0,2.931,2.954883,2.97,2.936,2.967,26700,2.966,2700,2.962,400,2.961,11000,2.96,49700,2.95,15800,2.948,3000,2.944,24700,2.943,4600,2.933,5100,2.968,14200,2.97,1000,2.979,300,2.98,10600,2.985,600,2.99,7500,2.992,2000,2.995,500,2.997,8100,2.999,5000
2020-08-11 09:40:14.700,2.968,1000.0,2.931,2.955044,2.97,2.936,2.967,26700,2.966,2700,2.962,400,2.961,11000,2.96,49700,2.95,15800,2.948,3000,2.944,24700,2.943,4600,2.933,5100,2.968,13200,2.97,1000,2.979,300,2.98,10600,2.985,600,2.99,7500,2.992,2000,2.995,500,2.997,8100,2.999,5000
2020-08-11 09:40:34.030,2.968,5100.0,2.931,2.955812,2.971,2.936,2.967,26700,2.966,2700,2.962,400,2.961,11000,2.96,49700,2.95,15800,2.948,3000,2.944,24700,2.943,4600,2.933,5100,2.968,8100,2.97,1000,2.979,300,2.98,10600,2.985,600,2.99,7500,2.992,2000,2.995,500,2.997,8100,2.999,5000
2020-08-11 09:41:04.130,2.968,6200.0,2.931,2.9566310000000002,2.975,2.936,2.966,2700,2.962,400,2.961,11000,2.96,49700,2.95,15800,2.948,3000,2.944,24700,2.943,4600,2.933,5100,2.932,500,2.968,1900,2.97,1000,2.979,300,2.98,10600,2.985,600,2.989,3000,2.99,7500,2.992,2000,2.995,500,2.997,8100
2020-08-11 09:41:17.040,2.968,1900.0,2.931,2.95686,2.975,2.936,2.968,24900,2.966,2700,2.962,400,2.961,11000,2.96,49700,2.95,15800,2.948,3000,2.944,24700,2.943,4600,2.933,5100,2.97,1000,2.979,300,2.98,10600,2.985,600,2.99,7500,2.992,2000,2.995,500,2.997,8100,2.999,5000,3.0,15600
2020-08-11 09:41:30.680,2.968,1000.0,2.931,2.956977,2.973,2.936,2.968,23900,2.966,2700,2.961,11000,2.96,49700,2.95,15800,2.948,3000,2.944,24700,2.943,4600,2.933,5100,2.932,500,2.97,1000,2.979,300,2.98,10600,2.985,600,2.99,7500,2.992,2000,2.995,500,2.997,8100,2.999,5000,3.0,15600
2020-08-11 09:42:25.670,2.968,1000.0,2.931,2.957091,2.972,2.936,2.968,22900,2.966,2700,2.961,11000,2.96,49700,2.95,15800,2.948,3000,2.944,24700,2.943,4600,2.933,5100,2.932,500,2.97,1000,2.979,300,2.98,10000,2.985,600,2.989,6000,2.99,7500,2.992,2000,2.995,500,2.997,8100,2.999,6500
2020-08-11 09:42:31.690,2.968,1500.0,2.931,2.957259,2.972,2.936,2.968,21400,2.966,2700,2.961,11000,2.96,49700,2.95,15800,2.948,3000,2.944,24700,2.943,4600,2.933,5100,2.932,500,2.97,1000,2.979,300,2.98,10000,2.985,600,2.989,6000,2.99,7500,2.992,2000,2.995,500,2.997,8100,2.999,6500
2020-08-11 09:42:53.510,2.968,100.0,2.931,2.9572700000000003,2.976,2.936,2.968,21800,2.966,2700,2.961,11000,2.96,49700,2.95,15800,2.948,3000,2.944,24700,2.943,4600,2.933,5100,2.932,500,2.97,1000,2.979,2300,2.98,10000,2.985,600,2.989,6000,2.99,7500,2.992,2000,2.995,500,2.997,8100,2.999,6500
2020-08-11 09:43:04.610,2.97,300.0,2.931,2.957309,2.975,2.936,2.968,21800,2.966,2700,2.961,11000,2.96,49700,2.95,15800,2.948,3000,2.944,24700,2.943,4600,2.933,5100,2.932,500,2.97,700,2.979,2300,2.98,10000,2.985,600,2.989,6000,2.99,7500,2.992,2000,2.995,500,2.997,8100,2.999,6500
2020-08-11 09:43:23.250,2.968,1000.0,2.931,2.957417,2.976,2.936,2.968,20800,2.966,2700,2.961,11000,2.96,49700,2.95,15800,2.948,3000,2.944,24700,2.943,4600,2.933,5100,2.932,500,2.97,700,2.979,7300,2.98,10000,2.985,600,2.989,6000,2.99,7500,2.992,2000,2.995,500,2.997,8100,2.999,6500
2020-08-11 09:43:35.550,2.968,5000.0,2.931,2.957925,2.973,2.936,2.968,15800,2.966,2700,2.961,11000,2.96,49700,2.95,15800,2.948,3000,2.944,24700,2.943,4600,2.933,5100,2.932,500,2.97,3900,2.979,7300,2.98,10000,2.985,600,2.989,6000,2.99,7500,2.992,2000,2.995,500,2.997,8100,2.999,6500
2020-08-11 09:43:55.700,2.968,5000.0,2.931,2.958387,2.971,2.936,2.968,10800,2.966,2700,2.961,11000,2.96,49700,2.95,15800,2.948,3000,2.944,24700,2.943,4600,2.933,5100,2.932,500,2.97,3900,2.979,7300,2.98,10000,2.985,600,2.989,6000,2.99,7500,2.992,2000,2.995,500,2.997,8100,2.999,6500
2020-08-11 09:44:04.160,2.97,1000.0,2.931,2.9584919999999997,2.971,2.936,2.968,10800,2.966,12700,2.961,11000,2.96,49700,2.95,15800,2.948,3000,2.944,24700,2.943,4600,2.933,5100,2.932,500,2.97,2900,2.979,7300,2.98,10000,2.985,600,2.989,6000,2.99,7500,2.992,2000,2.995,500,2.997,8100,2.999,6500
2020-08-11 09:44:13.760,2.97,5000.0,2.931,2.958992,2.97,2.936,2.968,10800,2.966,12700,2.961,11000,2.96,49700,2.95,15800,2.948,3000,2.944,24700,2.943,4600,2.933,5100,2.932,500,2.97,7900,2.972,5000,2.979,7300,2.98,10000,2.985,2800,2.989,6000,2.99,7500,2.992,2000,2.995,500,2.997,8100
2020-08-11 09:44:18.450,2.97,3100.0,2.931,2.9592810000000003,2.97,2.936,2.968,10800,2.966,12700,2.961,11000,2.96,49700,2.95,15800,2.948,3000,2.944,24700,2.943,4600,2.933,5100,2.932,500,2.97,4800,2.972,5000,2.979,7300,2.98,10000,2.985,2800,2.989,6000,2.99,7500,2.992,2000,2.995,500,2.997,8100
2020-08-11 09:44:25.350,2.968,2100.0,2.931,2.959433,2.969,2.936,2.968,8700,2.966,12700,2.961,11000,2.96,49700,2.95,15800,2.948,3000,2.944,24700,2.943,4600,2.933,5100,2.932,500,2.97,4800,2.972,5000,2.979,7300,2.98,10000,2.985,2800,2.989,6000,2.99,7500,2.992,2000,2.995,500,2.997,8100
2020-08-11 09:44:30.530,2.969,100.0,2.931,2.959441,2.969,2.936,2.968,8700,2.966,12700,2.961,11000,2.96,49700,2.95,15800,2.948,3000,2.944,24700,2.943,4600,2.933,5100,2.932,500,2.969,4900,2.97,4800,2.972,10000,2.979,7300,2.98,10000,2.985,2800,2.989,6000,2.99,7500,2.992,2000,2.995,500
2020-08-11 09:44:43.580,2.968,8700.0,2.931,2.960018,2.968,2.936,2.966,12700,2.961,11000,2.96,49700,2.95,15800,2.948,3000,2.944,24700,2.943,4600,2.933,5100,2.932,500,2.931,200,2.968,21300,2.969,4900,2.97,4800,2.972,10000,2.979,7300,2.98,10000,2.985,2800,2.989,6000,2.99,7500,2.992,2000
2020-08-11 09:44:57.960,2.968,1400.0,2.931,2.9601029999999997,2.968,2.936,2.966,12700,2.961,11000,2.96,49700,2.95,15800,2.948,3000,2.944,24700,2.943,4600,2.933,5100,2.932,500,2.931,200,2.968,23000,2.969,4900,2.97,10100,2.972,10000,2.979,7300,2.98,10000,2.985,2800,2.989,6000,2.99,7500,2.992,2000
2020-08-11 09:45:08.390,2.966,3000.0,2.931,2.960236,2.968,2.936,2.966,9700,2.961,11000,2.96,49700,2.95,15800,2.948,3000,2.944,24700,2.943,4600,2.933,5100,2.932,500,2.931,200,2.968,23000,2.969,4900,2.97,10100,2.972,10000,2.979,7300,2.98,10000,2.985,2800,2.989,6000,2.99,7500,2.992,2000
2020-08-11 09:45:08.950,2.966,9700.0,2.931,2.960626,2.969,2.936,2.961,11000,2.96,49700,2.95,15800,2.948,3000,2.944,24700,2.943,4600,2.933,5100,2.932,500,2.931,200,2.93,30000,2.966,10300,2.968,23000,2.969,4900,2.97,10100,2.972,10000,2.979,7300,2.98,10000,2.985,2800,2.989,6000,2.99,7500
2020-08-11 09:45:34.940,2.968,13900.0,2.931,2.961148,2.971,2.936,2.961,11000,2.96,1000,2.95,15800,2.948,3000,2.944,24700,2.943,4600,2.933,5100,2.932,500,2.931,200,2.93,30000,2.968,19400,2.969,4900,2.97,10100,2.972,10000,2.979,7300,2.985,2800,2.989,6000,2.99,7500,2.992,2000,2.995,500
2020-08-11 09:45:51.220,2.961,100.0,2.931,2.961148,2.972,2.936,2.961,10900,2.96,1000,2.95,15800,2.948,3000,2.944,24700,2.943,4600,2.933,5100,2.932,500,2.931,200,2.93,30000,2.965,1500,2.968,22600,2.969,4900,2.97,10100,2.972,10000,2.979,7300,2.985,2800,2.989,6000,2.99,7500,2.992,2000
2020-08-11 09:46:11.120,2.962,1000.0,2.931,2.961153,2.972,2.936,2.962,9000,2.961,10900,2.96,1000,2.95,15800,2.948,3000,2.944,24700,2.943,4600,2.933,5100,2.932,500,2.931,200,2.965,1500,2.968,22600,2.969,19900,2.97,13100,2.972,10000,2.979,7300,2.985,2800,2.989,6000,2.99,7500,2.992,2000
2020-08-11 09:46:20.240,2.962,3000.0,2.931,2.961169,2.971,2.936,2.962,6000,2.961,10900,2.96,1000,2.95,15800,2.948,3000,2.944,24700,2.943,4600,2.933,5100,2.932,500,2.931,200,2.965,16500,2.968,22600,2.969,19900,2.97,13100,2.972,10000,2.979,7300,2.985,2800,2.988,40300,2.989,6000,2.99,7500
2020-08-11 09:46:30.000,2.965,5000.0,2.931,2.961284,2.97,2.936,2.962,6000,2.961,10900,2.96,1000,2.95,15800,2.948,3000,2.944,24700,2.943,4600,2.933,5100,2.932,500,2.931,200,2.965,11500,2.968,22600,2.969,19900,2.97,13100,2.972,10000,2.979,7300,2.985,2800,2.988,40300,2.989,6000,2.99,7500
2020-08-11 09:47:04.040,2.962,6000.0,2.931,2.961309,2.969,2.936,2.961,10900,2.96,1000,2.95,5000,2.948,3000,2.944,24700,2.943,4600,2.933,5100,2.932,500,2.931,200,2.93,30000,2.962,40200,2.964,5000,2.965,11500,2.968,22600,2.969,19900,2.97,13100,2.971,300,2.972,15000,2.979,7300,2.985,2800
2020-08-11 09:47:18.530,2.961,8000.0,2.931,2.9612950000000002,2.97,2.936,2.961,12900,2.96,1000,2.95,5000,2.948,3000,2.944,24700,2.943,4600,2.933,5100,2.932,500,2.931,200,2.93,30000,2.962,40200,2.964,5000,2.965,11500,2.968,22600,2.969,19900,2.97,13100,2.971,300,2.972,15000,2.979,7300,2.98,9900
2020-08-11 09:47:21.710,2.962,100.0,2.931,2.961296,2.97,2.936,2.961,12900,2.96,1000,2.95,5000,2.948,3000,2.944,24700,2.943,4600,2.933,5100,2.932,500,2.931,200,2.929,7400,2.962,40100,2.964,5000,2.965,11500,2.968,22600,2.969,19900,2.97,13100,2.971,300,2.972,15000,2.979,7300,2.98,9900
2020-08-11 09:47:28.600,2.962,40100.0,2.931,2.961424,2.971,2.936,2.962,259900,2.961,12900,2.96,1000,2.95,5000,2.948,3000,2.944,24700,2.933,5100,2.932,500,2.931,200,2.929,7400,2.964,5000,2.965,11500,2.968,22600,2.969,19900,2.97,13100,2.971,300,2.972,15000,2.979,7300,2.98,9900,2.981,400
2020-08-11 09:48:09.930,2.963,2100.0,2.931,2.961439,2.972,2.936,2.963,7900,2.962,259900,2.961,12900,2.95,5000,2.948,3000,2.944,29700,2.933,5100,2.932,500,2.931,200,2.929,7400,2.964,7900,2.965,11500,2.968,22600,2.969,19900,2.97,13100,2.971,300,2.972,15000,2.979,7300,2.98,9900,2.981,600
2020-08-11 09:48:40.330,2.964,4300.0,2.931,2.961487,2.973,2.936,2.963,7900,2.962,259900,2.961,12900,2.95,5000,2.948,3000,2.944,29700,2.933,5100,2.932,500,2.931,200,2.929,7400,2.964,3600,2.965,11500,2.968,22600,2.969,19900,2.97,13100,2.971,300,2.972,15000,2.979,7300,2.98,9900,2.981,600
2020-08-11 09:48:59.250,2.964,3600.0,2.931,2.9615259999999997,2.972,2.936,2.964,6400,2.963,7900,2.962,259900,2.961,12900,2.95,5000,2.948,3000,2.944,29700,2.933,5100,2.932,500,2.931,200,2.965,11500,2.968,22600,2.969,19900,2.97,13100,2.971,300,2.972,15000,2.979,7300,2.98,9900,2.981,600,2.985,2800
2020-08-11 09:49:03.560,2.964,100.0,2.931,2.961528,2.972,2.936,2.964,6300,2.963,7900,2.962,259900,2.961,12900,2.95,5000,2.948,3000,2.944,29700,2.933,5100,2.932,500,2.931,200,2.965,11500,2.968,22600,2.969,19900,2.97,13100,2.971,300,2.972,15000,2.979,7300,2.98,9900,2.981,600,2.985,2800
2020-08-11 09:49:14.960,2.964,200.0,2.931,2.9615299999999998,2.973,2.936,2.964,6100,2.963,7900,2.962,259900,2.961,12900,2.95,5000,2.944,29700,2.933,5100,2.932,500,2.931,200,2.929,7400,2.965,11500,2.968,22600,2.969,19900,2.97,13100,2.971,300,2.972,15000,2.979,7300,2.98,9900,2.981,600,2.985,2800
2020-08-11 09:49:22.970,2.965,400.0,2.931,2.961536,2.973,2.936,2.964,6100,2.963,7900,2.962,259900,2.961,12900,2.95,5000,2.944,29700,2.933,5100,2.932,500,2.931,200,2.929,7400,2.965,11100,2.968,22600,2.969,19900,2.97,13100,2.971,300,2.972,15000,2.979,7300,2.98,9900,2.981,600,2.985,600
2020-08-11 09:49:25.590,2.964,3700.0,2.931,2.961575,2.973,2.936,2.964,2400,2.963,7900,2.962,259900,2.961,12900,2.95,5000,2.944,29700,2.933,5100,2.932,500,2.931,200,2.929,7400,2.965,11100,2.968,22600,2.969,19900,2.97,13100,2.971,300,2.972,15000,2.979,7300,2.98,9900,2.981,600,2.985,600
2020-08-11 09:49:28.430,2.964,2400.0,2.931,2.961599,2.974,2.936,2.963,7900,2.962,259900,2.961,12900,2.95,5000,2.944,29700,2.933,5100,2.932,500,2.931,200,2.929,7400,2.924,200,2.964,13600,2.965,11100,2.968,22600,2.969,19900,2.97,13100,2.971,300,2.972,15000,2.979,7300,2.98,9900,2.981,600
2020-08-11 09:49:39.170,2.964,11100.0,2.931,2.961706,2.975,2.936,2.963,7900,2.962,259900,2.961,12900,2.95,5000,2.944,29700,2.933,5100,2.932,500,2.931,200,2.929,7400,2.924,200,2.964,2500,2.965,11100,2.968,22600,2.969,19900,2.97,13100,2.971,300,2.972,15000,2.979,7300,2.98,9900,2.981,600
2020-08-11 09:50:13.160,2.964,800.0,2.931,2.9617139999999997,2.98,2.936,2.963,11300,2.962,259900,2.961,12900,2.95,5000,2.944,29700,2.933,5100,2.932,500,2.931,200,2.929,7400,2.924,200,2.964,1700,2.965,11100,2.968,22600,2.969,19900,2.97,13100,2.971,300,2.972,15000,2.979,7300,2.98,9900,2.981,600
2020-08-11 09:50:15.960,2.965,12800.0,2.931,2.961868,2.98,2.936,2.965,247100,2.963,11300,2.961,12900,2.95,5000,2.944,29700,2.933,5100,2.932,500,2.931,200,2.929,7400,2.924,200,2.968,22600,2.969,19900,2.97,13100,2.971,300,2.972,15000,2.979,7300,2.98,9900,2.981,600,2.985,600,2.988,40300
2020-08-11 09:50:25.670,2.97,55600.0,2.931,2.963087,2.98,2.936,2.97,191500,2.964,10000,2.963,11300,2.961,12900,2.95,5000,2.944,29700,2.933,5100,2.932,500,2.931,200,2.929,7400,2.971,300,2.972,15000,2.979,7300,2.98,9900,2.981,600,2.985,600,2.988,40300,2.989,6000,2.99,7500,2.992,2000
2020-08-11 09:50:45.780,2.972,8000.0,2.931,2.963305,2.979,2.936,2.97,191500,2.964,10000,2.963,8300,2.961,12900,2.95,5000,2.944,29700,2.933,5100,2.932,500,2.931,200,2.929,7400,2.972,7300,2.979,7300,2.98,9900,2.981,600,2.985,600,2.988,40300,2.989,6000,2.99,7500,2.992,2000,2.995,500
2020-08-11 09:52:10.850,2.971,2000.0,2.931,2.963352,2.977,2.936,2.971,8000,2.97,191500,2.961,2900,2.95,5000,2.944,29700,2.933,5100,2.932,500,2.931,200,2.93,2900,2.929,7400,2.972,7800,2.979,7300,2.98,9900,2.981,600,2.985,600,2.988,40300,2.989,6000,2.99,7900,2.995,500,2.997,8100
2020-08-11 09:52:26.120,2.971,500.0,2.931,2.963364,2.978,2.936,2.97,191500,2.961,2900,2.95,5000,2.944,29700,2.933,5100,2.932,500,2.931,200,2.93,2900,2.929,7400,2.924,200,2.972,7800,2.979,7300,2.98,9900,2.981,600,2.985,5600,2.988,40300,2.989,6000,2.99,7900,2.995,500,2.997,8100
2020-08-11 09:53:43.440,2.972,7800.0,2.931,2.963564,2.98,2.936,2.972,183700,2.971,3900,2.97,13000,2.969,10000,2.961,2900,2.96,2000,2.95,5000,2.944,29700,2.933,5100,2.932,500,2.979,9300,2.98,10400,2.981,600,2.985,6600,2.988,40300,2.989,6000,2.99,9600,2.995,500,2.997,8100,2.998,116200
2020-08-11 09:53:58.390,2.979,9300.0,2.931,2.96398,2.98,2.936,2.979,2300,2.972,193700,2.971,3900,2.97,13000,2.969,10000,2.961,2900,2.96,2000,2.95,5000,2.944,29700,2.933,5100,2.98,10400,2.981,600,2.985,6600,2.988,40300,2.989,6000,2.99,9600,2.995,500,2.997,8100,2.998,116200,2.999,6500
2020-08-11 09:54:15.850,2.98,1400.0,2.931,2.964045,2.981,2.936,2.979,2300,2.972,193700,2.971,3900,2.97,13000,2.969,10000,2.961,2900,2.96,2000,2.95,5000,2.944,29700,2.933,5100,2.98,9000,2.981,600,2.984,10000,2.985,6600,2.988,42300,2.989,6000,2.99,9600,2.995,500,2.997,8100,2.998,116200
2020-08-11 09:54:19.470,2.979,2300.0,2.931,2.9641439999999997,2.98,2.936,2.972,193700,2.971,3900,2.97,13000,2.969,10000,2.961,2900,2.96,2000,2.95,5000,2.944,29700,2.933,5100,2.932,500,2.979,1700,2.98,9000,2.981,600,2.984,10000,2.985,6600,2.988,42300,2.989,6000,2.99,9600,2.995,500,2.997,8100
2020-08-11 09:54:37.520,2.979,1700.0,2.931,2.964216,2.98,2.936,2.979,1300,2.973,400,2.972,10000,2.971,3900,2.97,10000,2.961,2900,2.96,2000,2.95,5000,2.944,29700,2.933,5100,2.98,9000,2.981,600,2.984,10000,2.985,6600,2.988,42300,2.989,6000,2.99,9600,2.995,500,2.997,8100,2.998,116200
2020-08-11 09:55:12.140,2.979,500.0,2.931,2.964237,2.979,2.936,2.979,800,2.973,400,2.972,10000,2.971,3900,2.97,10000,2.961,2900,2.95,5000,2.933,5100,2.932,500,2.931,200,2.98,9100,2.981,600,2.983,10000,2.984,10000,2.985,7600,2.988,42300,2.989,6000,2.99,9600,2.995,500,2.997,8100
2020-08-11 09:55:28.440,2.979,100.0,2.931,2.964241,2.978,2.936,2.979,700,2.973,400,2.972,10000,2.971,3900,2.97,10000,2.961,2900,2.95,5000,2.933,5100,2.932,500,2.931,200,2.98,23100,2.981,600,2.983,10000,2.984,10000,2.985,7600,2.988,42300,2.989,6000,2.99,9600,2.995,500,2.997,8100
2020-08-11 09:55:52.330,2.979,100.0,2.931,2.964245,2.977,2.936,2.973,400,2.971,3900,2.97,10000,2.961,2900,2.95,5000,2.933,5100,2.932,500,2.931,200,2.93,2900,2.929,7400,2.979,6400,2.98,23100,2.981,600,2.983,10000,2.984,10000,2.985,7600,2.988,42300,2.989,6000,2.99,9600,2.995,500
2020-08-11 09:56:45.470,2.979,2200.0,2.931,2.964337,2.976,2.936,2.973,15800,2.971,4900,2.961,2900,2.935,100,2.933,5100,2.932,500,2.931,200,2.93,2900,2.929,7400,2.924,200,2.979,14200,2.98,23100,2.981,600,2.985,7600,2.988,42300,2.989,7000,2.99,9600,2.995,500,2.997,8100,2.998,116300
2020-08-11 09:57:01.160,2.978,600.0,2.931,2.9643599999999997,2.975,2.936,2.973,15800,2.971,4900,2.961,2900,2.935,100,2.933,5100,2.932,500,2.931,200,2.93,2900,2.929,7400,2.924,200,2.978,9400,2.979,14200,2.98,28100,2.981,600,2.985,7600,2.988,42300,2.989,7000,2.99,9600,2.995,500,2.997,8100
2020-08-11 09:57:22.160,2.973,15800.0,2.931,2.964729,2.975,2.936,2.971,4900,2.961,2900,2.935,100,2.933,5100,2.932,500,2.931,200,2.93,2900,2.929,7400,2.924,200,2.92,100000,2.978,19400,2.979,14200,2.98,28100,2.981,600,2.985,7600,2.988,42300,2.989,7000,2.99,9600,2.995,500,2.997,8100
2020-08-11 09:57:45.800,2.971,1000.0,2.931,2.964746,2.974,2.936,2.971,3900,2.961,2900,2.935,100,2.933,5100,2.932,500,2.931,200,2.93,2900,2.929,7400,2.924,200,2.92,100000,2.978,21400,2.979,14200,2.98,28000,2.981,600,2.985,7600,2.988,42300,2.989,7000,2.99,9600,2.995,500,2.997,8100
2020-08-11 09:59:21.810,2.967,400.0,2.931,2.9647490000000003,2.969,2.936,2.963,10000,2.961,2900,2.935,100,2.933,5100,2.932,2500,2.931,200,2.93,2900,2.929,7400,2.924,200,2.92,100000,2.965,9600,2.976,10000,2.977,5000,2.978,21500,2.979,14200,2.98,30500,2.981,600,2.985,7600,2.988,42300,2.989,7000
2020-08-11 10:00:07.700,2.97,100.0,2.931,2.96475,2.966,2.936,2.961,2900,2.96,10000,2.935,100,2.933,5100,2.932,2500,2.931,200,2.93,2900,2.929,7400,2.924,200,2.92,100000,2.97,600,2.976,15400,2.977,5000,2.978,21500,2.979,14200,2.98,30500,2.981,600,2.985,7600,2.988,42300,2.989,7000
2020-08-11 10:00:11.020,2.96,9600.0,2.931,2.964638,2.965,2.936,2.96,3300,2.935,100,2.933,5100,2.932,2500,2.931,200,2.93,2900,2.929,7400,2.924,200,2.92,100000,2.916,5000,2.97,10600,2.976,15400,2.977,5000,2.978,21500,2.979,14200,2.98,30500,2.981,600,2.985,7600,2.988,42300,2.989,7000
2020-08-11 10:01:04.430,2.956,10000.0,2.931,2.9644169999999996,2.967,2.936,2.945,30000,2.935,5100,2.933,5100,2.932,2500,2.931,200,2.93,2900,2.929,7400,2.924,200,2.92,100000,2.916,5000,2.968,10000,2.969,10000,2.97,10600,2.974,7200,2.976,10400,2.977,5000,2.978,21500,2.979,14200,2.98,30500,2.981,600
2020-08-11 10:02:17.930,2.968,1000.0,2.931,2.964426,2.969,2.936,2.962,400,2.956,10000,2.955,2000,2.95,500,2.946,5000,2.945,30000,2.936,5000,2.935,5100,2.933,5100,2.932,2500,2.968,9000,2.97,10600,2.973,10000,2.974,7200,2.976,10400,2.977,5000,2.978,11500,2.979,4200,2.98,35600,2.981,600
2020-08-11 10:04:08.570,2.962,400.0,2.931,2.964424,2.969,2.936,2.96,10000,2.959,10000,2.95,500,2.946,5000,2.945,30000,2.936,5000,2.935,5100,2.933,5100,2.932,2500,2.931,2100,2.962,600,2.968,9000,2.97,10600,2.972,10000,2.973,10000,2.974,7200,2.976,10400,2.977,5000,2.978,11500,2.979,4200
2020-08-11 10:05:24.530,2.96,600.0,2.931,2.9644169999999996,2.969,2.936,2.96,14400,2.959,10000,2.958,30000,2.95,500,2.946,5000,2.945,30000,2.936,5000,2.935,100,2.933,5100,2.932,2500,2.962,3100,2.968,9100,2.97,10000,2.973,10000,2.974,7200,2.976,10400,2.977,5000,2.978,11500,2.979,6100,2.98,35700
2020-08-11 10:05:31.750,2.962,3100.0,2.931,2.964398,2.968,2.936,2.962,6900,2.96,14400,2.959,10000,2.958,30000,2.95,500,2.946,5000,2.945,30000,2.936,5000,2.935,100,2.933,5100,2.968,9100,2.97,10000,2.973,10000,2.974,7200,2.976,10400,2.977,5000,2.978,11500,2.979,6100,2.98,35700,2.981,600
2020-08-11 10:09:26.840,2.964,100.0,2.931,2.964398,2.969,2.936,2.964,9900,2.963,5000,2.962,6900,2.96,5000,2.958,30000,2.95,500,2.945,30000,2.936,5000,2.935,100,2.933,5100,2.968,9000,2.973,10000,2.974,7200,2.976,400,2.977,5000,2.978,11500,2.979,6400,2.98,35700,2.981,600,2.984,5000
2020-08-11 10:09:29.370,2.964,1200.0,2.931,2.964397,2.969,2.936,2.964,8700,2.963,5000,2.962,6900,2.96,5000,2.958,30000,2.95,500,2.945,30000,2.936,5000,2.935,100,2.933,5100,2.968,9000,2.973,10000,2.974,7200,2.976,400,2.977,5000,2.978,11500,2.979,6400,2.98,35700,2.981,600,2.984,5000
2020-08-11 10:10:49.660,2.968,9000.0,2.931,2.964476,2.978,2.936,2.968,1000,2.964,8700,2.963,15000,2.962,6900,2.96,5000,2.958,30000,2.95,500,2.945,30000,2.936,5000,2.935,100,2.97,500,2.974,7200,2.976,400,2.977,5000,2.978,11500,2.979,6400,2.98,35700,2.981,600,2.984,5000,2.985,5800
2020-08-11 10:10:54.330,2.97,500.0,2.931,2.964483,2.979,2.936,2.97,183200,2.968,1000,2.964,8700,2.963,15000,2.962,6900,2.96,5000,2.958,30000,2.95,500,2.945,30000,2.936,5000,2.974,7200,2.976,400,2.977,5000,2.978,11500,2.979,6400,2.98,35700,2.981,600,2.984,5000,2.985,5800,2.988,42300
2020-08-11 10:11:13.700,2.974,7100.0,2.931,2.9646470000000003,2.981,2.936,2.97,183200,2.968,1000,2.964,8700,2.963,15000,2.962,6900,2.96,5000,2.958,30000,2.95,500,2.945,30000,2.936,5000,2.974,100,2.976,400,2.977,5000,2.978,11500,2.979,6400,2.98,35700,2.981,600,2.984,5000,2.985,5800,2.988,42300
2020-08-11 10:11:48.490,2.974,100.0,2.931,2.964649,2.98,2.936,2.974,9900,2.97,183200,2.968,1000,2.963,5000,2.96,5000,2.958,30000,2.95,500,2.945,30000,2.936,5000,2.935,100,2.976,400,2.977,5000,2.978,2100,2.979,6400,2.98,35700,2.981,600,2.984,5000,2.985,5800,2.988,42300,2.989,7000
2020-08-11 10:13:30.790,2.976,2500.0,2.931,2.964717,2.976,2.936,2.976,2500,2.97,18000,2.963,5000,2.96,5000,2.958,30000,2.95,500,2.945,30000,2.936,5000,2.935,100,2.933,5100,2.977,5000,2.978,2100,2.979,73000,2.98,45700,2.981,600,2.984,5000,2.985,5800,2.988,42300,2.989,7000,2.99,16000
2020-08-11 10:15:05.190,2.976,3500.0,2.931,2.964811,2.977,2.936,2.971,3300,2.97,8000,2.969,5000,2.968,10000,2.963,5000,2.96,5000,2.958,30000,2.95,500,2.945,30000,2.936,5000,2.976,4500,2.977,8000,2.978,3100,2.979,73000,2.98,31700,2.981,105300,2.982,12000,2.984,5000,2.985,5800,2.988,42300
2020-08-11 10:15:08.180,2.976,3000.0,2.931,2.96489,2.977,2.936,2.971,3300,2.97,8000,2.969,5000,2.968,10000,2.963,5000,2.96,5000,2.958,30000,2.95,500,2.945,30000,2.936,5000,2.976,1500,2.977,8000,2.978,3100,2.979,73000,2.98,31700,2.981,105300,2.982,12000,2.984,5000,2.985,5800,2.988,42300
2020-08-11 10:15:27.600,2.976,100.0,2.931,2.964893,2.977,2.936,2.971,3300,2.97,8000,2.969,5000,2.968,10000,2.963,5000,2.96,5000,2.958,30000,2.95,500,2.945,30000,2.936,5000,2.976,10900,2.977,8000,2.978,3100,2.979,71100,2.98,35700,2.981,105300,2.982,12000,2.984,5000,2.985,5800,2.988,42300
2020-08-11 10:15:51.190,2.976,500.0,2.931,2.964906,2.977,2.936,2.971,3300,2.97,18500,2.969,5000,2.968,10000,2.963,5000,2.96,5000,2.958,30000,2.95,500,2.945,30000,2.936,5000,2.976,10400,2.977,8000,2.978,3700,2.979,71100,2.98,35700,2.981,105300,2.982,12000,2.984,5000,2.985,5800,2.988,42300
2020-08-11 10:16:11.920,2.976,10400.0,2.931,2.965172,2.977,2.936,2.976,30200,2.971,13300,2.97,18500,2.969,5000,2.968,10000,2.963,5000,2.96,5000,2.958,30000,2.95,500,2.945,30000,2.977,8000,2.978,3700,2.979,71100,2.98,35700,2.981,105300,2.982,12000,2.984,5000,2.985,5800,2.988,42300,2.989,7000
2020-08-11 10:16:18.610,2.976,15000.0,2.931,2.965534,2.978,2.936,2.976,15200,2.971,13300,2.97,18500,2.969,5000,2.968,10000,2.963,5000,2.96,5000,2.958,30000,2.945,30000,2.936,5000,2.977,8000,2.978,3700,2.979,71100,2.98,35700,2.981,105300,2.982,12000,2.984,5000,2.985,5800,2.988,42300,2.989,7000
2020-08-11 10:16:26.600,2.976,9200.0,2.931,2.965744,2.978,2.936,2.976,6000,2.971,13300,2.97,18500,2.969,5000,2.968,10000,2.963,5000,2.96,5000,2.958,30000,2.945,30000,2.936,5000,2.977,8000,2.978,3700,2.979,71100,2.98,35700,2.981,105300,2.982,12000,2.984,5000,2.985,5800,2.988,42300,2.989,7000
2020-08-11 10:16:28.120,2.976,3000.0,2.931,2.96581,2.978,2.936,2.976,3000,2.971,13300,2.97,18500,2.969,5000,2.968,10000,2.963,5000,2.96,5000,2.958,30000,2.945,30000,2.936,5000,2.977,8000,2.978,3700,2.979,71100,2.98,35700,2.981,105300,2.982,12000,2.984,5000,2.985,5800,2.988,42300,2.989,7000
2020-08-11 10:16:48.330,2.976,1900.0,2.931,2.965852,2.977,2.936,2.976,1100,2.971,13300,2.97,18500,2.969,5000,2.963,5000,2.96,5000,2.958,30000,2.945,30000,2.936,5000,2.935,100,2.977,8000,2.978,3700,2.979,71100,2.98,35700,2.981,105300,2.982,12000,2.984,5000,2.985,5800,2.988,42300,2.989,7000
2020-08-11 10:17:16.370,2.976,1100.0,2.931,2.9658759999999997,2.978,2.936,2.971,13300,2.97,18500,2.969,5000,2.963,5000,2.96,5000,2.958,30000,2.945,30000,2.936,5000,2.935,100,2.933,5100,2.976,23900,2.977,8000,2.978,3700,2.979,71100,2.98,38700,2.981,105300,2.982,12000,2.984,5000,2.985,5800,2.988,42300
2020-08-11 10:18:24.210,2.976,2300.0,2.931,2.9659259999999996,2.98,2.936,2.971,13300,2.97,18500,2.969,5000,2.963,5000,2.96,5000,2.958,30000,2.945,30000,2.936,5000,2.935,100,2.933,5100,2.976,21600,2.977,8000,2.978,3700,2.979,71100,2.98,40700,2.981,95300,2.982,12000,2.984,5000,2.985,5800,2.988,42300
2020-08-11 10:18:30.400,2.976,5200.0,2.931,2.966037,2.98,2.936,2.971,13300,2.97,18500,2.969,5000,2.963,5000,2.96,5000,2.958,30000,2.945,30000,2.936,5000,2.935,100,2.933,5100,2.976,16400,2.977,8000,2.978,3700,2.979,71100,2.98,40700,2.981,95300,2.982,12000,2.984,5000,2.985,5800,2.988,42300
2020-08-11 10:18:57.500,2.975,300.0,2.931,2.966043,2.979,2.936,2.971,13300,2.97,18500,2.969,5000,2.963,5000,2.96,5000,2.958,30000,2.945,30000,2.936,5000,2.935,100,2.933,5100,2.975,1700,2.976,16400,2.977,8000,2.978,3700,2.979,71100,2.98,40700,2.981,95300,2.982,2000,2.984,5000,2.985,5800
2020-08-11 10:20:12.020,2.971,1500.0,2.931,2.966059,2.975,2.936,2.971,11800,2.97,18500,2.969,5000,2.963,5000,2.96,5000,2.958,30000,2.945,30000,2.936,5000,2.935,100,2.933,5100,2.974,2400,2.975,1700,2.976,16400,2.977,8000,2.978,3700,2.979,71100,2.98,40700,2.981,95300,2.982,2000,2.984,5000
2020-08-11 10:20:39.510,2.971,1300.0,2.931,2.966072,2.973,2.936,2.971,500,2.97,18500,2.969,5000,2.963,5000,2.96,5000,2.958,30000,2.945,30000,2.936,5000,2.935,100,2.933,5100,2.974,2400,2.975,1700,2.976,16400,2.977,8000,2.978,13700,2.979,71100,2.98,40700,2.981,95300,2.982,2000,2.984,5000
2020-08-11 10:21:13.180,2.971,100.0,2.931,2.9660729999999997,2.973,2.936,2.971,400,2.97,8500,2.969,5000,2.963,5000,2.96,5000,2.958,30000,2.945,30000,2.936,5000,2.935,100,2.933,5100,2.974,2400,2.975,1700,2.976,26400,2.977,8000,2.978,13700,2.979,71100,2.98,40700,2.981,95300,2.982,2000,2.984,5000
2020-08-11 10:21:14.680,2.971,400.0,2.931,2.966077,2.973,2.936,2.97,8500,2.969,5000,2.963,5000,2.96,5000,2.958,30000,2.945,30000,2.936,5000,2.935,100,2.933,5100,2.932,2500,2.971,23600,2.974,2400,2.975,1700,2.976,26400,2.977,8000,2.978,13700,2.979,71100,2.98,40700,2.981,95300,2.982,2000
2020-08-11 10:21:25.860,2.97,1300.0,2.931,2.966088,2.978,2.936,2.97,7200,2.969,5000,2.963,5000,2.96,5000,2.958,30000,2.945,30000,2.936,5000,2.935,100,2.933,5100,2.932,2500,2.971,23600,2.973,1800,2.974,2400,2.975,1700,2.976,26400,2.977,8000,2.978,13700,2.979,71100,2.98,40700,2.981,95300
2020-08-11 10:21:39.420,2.97,7200.0,2.931,2.9661459999999997,2.978,2.936,2.969,5000,2.963,5000,2.96,5000,2.958,30000,2.945,30000,2.936,5000,2.935,100,2.933,5100,2.932,2500,2.931,2100,2.97,2800,2.971,23600,2.973,2000,2.974,2400,2.975,1700,2.976,16400,2.977,8000,2.978,13700,2.979,71100,2.98,40700
2020-08-11 10:21:55.160,2.97,2800.0,2.931,2.966169,2.977,2.936,2.97,7200,2.969,5000,2.963,5000,2.96,5000,2.958,30000,2.945,30000,2.936,5000,2.935,100,2.933,5100,2.932,2500,2.971,23600,2.973,2000,2.974,2400,2.975,1700,2.976,16400,2.977,8000,2.978,3700,2.979,71100,2.98,40700,2.981,95300
2020-08-11 10:22:07.420,2.97,1800.0,2.931,2.966183,2.977,2.936,2.97,5400,2.969,5000,2.963,5000,2.96,5000,2.958,30000,2.954,2000,2.945,30000,2.936,5000,2.935,100,2.933,5100,2.971,23600,2.973,2000,2.975,1700,2.976,16400,2.977,8000,2.978,3700,2.979,71100,2.98,40700,2.981,95300,2.982,2000
2020-08-11 10:22:25.360,2.97,2000.0,2.931,2.966198,2.977,2.936,2.97,3400,2.969,5000,2.963,5000,2.96,5000,2.958,30000,2.954,2000,2.945,30000,2.936,5000,2.935,100,2.933,5100,2.971,23600,2.973,2000,2.975,1700,2.976,16400,2.977,8000,2.978,3700,2.979,71100,2.98,40700,2.981,95300,2.982,2000
2020-08-11 10:22:29.210,2.97,3100.0,2.931,2.966222,2.976,2.936,2.97,300,2.969,5000,2.963,5000,2.96,5000,2.958,30000,2.954,2000,2.945,30000,2.936,5000,2.935,100,2.933,5100,2.971,23600,2.973,2000,2.975,1700,2.976,16400,2.977,8000,2.978,3700,2.979,71100,2.98,40700,2.981,95300,2.982,2000
2020-08-11 10:22:35.290,2.97,300.0,2.931,2.966224,2.975,2.936,2.969,5000,2.963,5000,2.96,5000,2.958,30000,2.954,2000,2.945,30000,2.936,5000,2.935,100,2.933,5100,2.932,2500,2.97,700,2.971,23600,2.973,2000,2.975,1700,2.976,16400,2.977,8000,2.978,3700,2.979,71100,2.98,40700,2.981,95300
2020-08-11 10:22:58.820,2.969,1200.0,2.931,2.966231,2.975,2.936,2.969,13800,2.963,5000,2.96,5000,2.958,30000,2.954,2000,2.952,1500,2.945,30000,2.936,5000,2.935,100,2.933,5100,2.97,4700,2.971,23600,2.973,2000,2.975,1700,2.976,16400,2.977,8000,2.978,3700,2.979,71100,2.98,40700,2.981,95300
2020-08-11 10:23:18.120,2.969,2000.0,2.931,2.966242,2.975,2.936,2.969,11800,2.963,5000,2.96,5000,2.958,30000,2.954,2000,2.952,1500,2.945,30000,2.936,5000,2.935,100,2.933,5100,2.97,4700,2.971,23600,2.973,2000,2.975,1700,2.976,16400,2.977,8000,2.978,3700,2.979,71100,2.98,40700,2.981,95300
2020-08-11 10:23:19.500,2.969,5000.0,2.931,2.96627,2.975,2.936,2.969,6800,2.963,5000,2.96,5000,2.958,30000,2.954,2000,2.952,1500,2.945,30000,2.936,5000,2.935,100,2.933,5100,2.97,4700,2.971,23600,2.973,2000,2.975,1700,2.976,16400,2.977,8000,2.978,3700,2.979,71100,2.98,40700,2.981,95300
2020-08-11 10:23:24.390,2.97,4700.0,2.931,2.966304,2.975,2.936,2.97,178500,2.969,6800,2.963,5000,2.96,5000,2.958,30000,2.954,2000,2.952,1500,2.945,30000,2.936,5000,2.935,100,2.971,23600,2.973,2000,2.975,1700,2.976,16400,2.977,8000,2.978,3700,2.979,71100,2.98,40700,2.981,95300,2.982,2000
2020-08-11 10:23:51.680,2.97,9100.0,2.931,2.96637,2.975,2.936,2.97,169400,2.969,6800,2.963,5000,2.96,5000,2.958,30000,2.954,2000,2.952,1500,2.945,30000,2.936,5000,2.935,100,2.971,23600,2.973,2000,2.975,2200,2.976,16400,2.977,8000,2.978,3700,2.979,71100,2.98,40700,2.981,95300,2.982,2000
2020-08-11 10:24:24.210,2.971,23600.0,2.931,2.966572,2.977,2.936,2.971,145800,2.969,6800,2.963,5000,2.96,5000,2.958,30000,2.954,2000,2.952,1500,2.945,30000,2.936,5000,2.935,100,2.973,2000,2.975,2200,2.976,16400,2.977,8000,2.978,3700,2.979,71100,2.98,40700,2.981,95300,2.984,5000,2.985,5800
2020-08-11 10:28:50.020,2.971,100.0,2.931,2.966573,2.974,2.936,2.971,6500,2.967,10000,2.966,145800,2.965,10000,2.963,5000,2.96,5000,2.958,30000,2.954,2000,2.952,1500,2.945,30000,2.974,2000,2.975,7600,2.976,26400,2.977,18000,2.978,4900,2.979,71100,2.98,26700,2.981,95300,2.984,5000,2.985,5800
2020-08-11 10:30:18.780,2.971,6500.0,2.931,2.9666259999999998,2.97,2.936,2.967,10000,2.963,5000,2.96,5000,2.958,30000,2.954,2000,2.952,1500,2.945,30000,2.936,5000,2.935,100,2.933,5100,2.971,3500,2.973,10200,2.974,20000,2.975,20900,2.976,16400,2.977,8000,2.978,4900,2.979,71100,2.98,26700,2.981,95300
2020-08-11 10:30:23.290,2.971,100.0,2.931,2.9666259999999998,2.97,2.936,2.967,10000,2.963,5000,2.96,5000,2.958,30000,2.954,2000,2.952,1500,2.945,30000,2.936,5000,2.935,100,2.933,5100,2.971,5400,2.973,22200,2.974,30000,2.975,20900,2.976,16400,2.977,8000,2.978,4900,2.979,71100,2.98,26700,2.981,95300
2020-08-11 10:31:28.820,2.965,100.0,2.931,2.9666259999999998,2.965,2.936,2.963,5000,2.962,10000,2.96,5000,2.958,30000,2.954,2000,2.952,1500,2.945,30000,2.936,5000,2.935,100,2.933,5100,2.965,11900,2.97,1000,2.971,15400,2.973,10200,2.974,30000,2.975,21500,2.976,16400,2.977,8000,2.978,4900,2.979,71100
2020-08-11 10:32:01.100,2.963,200.0,2.931,2.966625,2.964,2.936,2.963,4800,2.96,5000,2.958,30000,2.954,2000,2.952,1500,2.945,30000,2.936,5000,2.935,100,2.933,5100,2.932,2500,2.965,11900,2.969,10000,2.97,1000,2.971,15400,2.973,10200,2.974,20000,2.975,21500,2.976,16400,2.977,8000,2.978,4900
2020-08-11 10:32:13.940,2.963,4800.0,2.931,2.966593,2.965,2.936,2.96,5000,2.958,30000,2.954,2000,2.952,1500,2.945,30000,2.936,5000,2.935,100,2.933,5100,2.932,2500,2.931,2100,2.963,25200,2.965,11900,2.969,10000,2.97,1000,2.971,15400,2.973,10200,2.974,20000,2.975,21500,2.976,16400,2.977,8000
2020-08-11 10:34:27.420,2.96,200.0,2.931,2.966591,2.968,2.936,2.96,14800,2.959,10000,2.958,40000,2.954,2000,2.952,1500,2.945,30000,2.936,5000,2.935,100,2.933,5100,2.932,2500,2.968,1000,2.969,7100,2.97,1000,2.971,15400,2.973,20200,2.974,20000,2.975,24500,2.976,16400,2.977,8000,2.978,4900
2020-08-11 10:35:28.580,2.968,1000.0,2.931,2.966593,2.969,2.936,2.968,4000,2.96,14800,2.959,10000,2.958,40000,2.954,2000,2.952,1500,2.945,30000,2.936,5000,2.935,100,2.933,5100,2.969,7100,2.97,1000,2.971,5400,2.973,10200,2.974,20000,2.975,24500,2.976,16400,2.977,8000,2.978,4900,2.979,71100
2020-08-11 10:37:47.640,2.965,7100.0,2.931,2.966595,2.969,2.936,2.965,6900,2.964,10000,2.96,4800,2.958,30000,2.954,2000,2.952,1500,2.945,30000,2.936,5000,2.935,100,2.933,5100,2.969,9100,2.97,1000,2.971,8400,2.973,10200,2.974,20000,2.975,24500,2.976,16400,2.977,8000,2.978,4900,2.979,71100
2020-08-11 10:38:41.750,2.969,200.0,2.931,2.966595,2.968,2.936,2.962,10000,2.96,4800,2.958,30000,2.954,2000,2.952,1500,2.945,30000,2.936,5000,2.935,100,2.933,5100,2.932,2500,2.969,8900,2.97,1000,2.971,9400,2.973,10200,2.974,20000,2.975,24500,2.976,16400,2.977,8000,2.978,4900,2.979,71100
2020-08-11 10:42:09.600,2.96,9800.0,2.931,2.966543,2.966,2.936,2.958,30000,2.957,10000,2.956,10000,2.954,2000,2.945,30000,2.936,5000,2.935,100,2.933,5100,2.932,2500,2.931,5400,2.96,5200,2.967,5000,2.968,2700,2.969,9300,2.97,1000,2.971,9400,2.973,20200,2.974,20000,2.975,24500,2.976,16400
2020-08-11 10:42:54.550,2.958,12100.0,2.931,2.966366,2.964,2.936,2.958,27900,2.957,10000,2.956,10000,2.954,2000,2.945,30000,2.936,5000,2.935,100,2.933,5100,2.932,500,2.931,5400,2.967,5000,2.968,2700,2.969,2400,2.97,11000,2.971,9400,2.973,10200,2.974,20000,2.975,24500,2.976,16400,2.977,8000
2020-08-11 10:43:03.000,2.958,20000.0,2.931,2.966088,2.964,2.936,2.958,7900,2.957,10000,2.956,10000,2.954,2000,2.945,30000,2.936,5000,2.935,100,2.933,5100,2.932,500,2.931,5400,2.967,5000,2.968,2700,2.969,2400,2.97,11000,2.971,9400,2.973,10200,2.974,20000,2.975,24500,2.976,16400,2.977,8000
2020-08-11 10:43:15.610,2.958,7900.0,2.931,2.965983,2.963,2.936,2.957,10000,2.956,10000,2.954,2000,2.945,30000,2.936,5000,2.935,100,2.933,5100,2.932,500,2.931,5400,2.93,6900,2.958,12100,2.967,15000,2.968,2700,2.969,2400,2.97,11000,2.971,9400,2.973,10200,2.974,20000,2.975,24500,2.976,16400
2020-08-11 10:43:27.690,2.958,12100.0,2.931,2.965827,2.965,2.936,2.958,133700,2.957,10000,2.956,10000,2.954,2000,2.945,30000,2.936,5000,2.935,100,2.933,5100,2.932,500,2.931,5400,2.967,15000,2.968,2700,2.969,2400,2.97,11000,2.971,9400,2.973,10200,2.974,20000,2.975,24500,2.976,16400,2.977,8000
2020-08-11 10:46:56.100,2.959,15700.0,2.931,2.965659,2.968,2.936,2.958,155400,2.957,10000,2.954,2000,2.945,30000,2.936,5000,2.935,100,2.933,5100,2.932,500,2.931,5400,2.93,6900,2.959,3400,2.968,1000,2.969,2400,2.97,11000,2.971,19400,2.973,10200,2.974,20000,2.975,58200,2.976,16400,2.977,8000
2020-08-11 10:47:08.100,2.959,3400.0,2.931,2.965624,2.968,2.936,2.959,6600,2.958,155400,2.957,10000,2.954,2000,2.945,30000,2.936,5000,2.935,100,2.933,5100,2.932,500,2.931,5400,2.968,1000,2.969,2400,2.97,1000,2.971,15000,2.973,200,2.974,20000,2.975,58200,2.976,16400,2.977,8000,2.978,2700
2020-08-11 10:47:51.870,2.968,1000.0,2.931,2.9656279999999997,2.968,2.936,2.968,2700,2.96,10000,2.959,30300,2.958,155400,2.957,10000,2.954,2000,2.945,30000,2.936,5000,2.935,100,2.933,5100,2.969,2400,2.97,1000,2.971,13000,2.973,200,2.974,20000,2.975,59600,2.976,16400,2.977,8000,2.978,2700,2.979,71100
2020-08-11 10:50:19.480,2.968,500.0,2.931,2.9656290000000003,2.966,2.936,2.968,2200,2.959,6600,2.958,155400,2.954,2000,2.95,1000,2.945,30000,2.936,5000,2.935,100,2.933,5100,2.932,500,2.969,2400,2.97,2000,2.971,13000,2.972,10000,2.973,10200,2.974,20000,2.975,59600,2.976,16400,2.977,8000,2.978,2100
2020-08-11 10:51:06.060,2.968,2200.0,2.931,2.965637,2.964,2.936,2.959,16600,2.958,145400,2.954,2000,2.95,1000,2.945,30000,2.936,5000,2.935,100,2.933,5100,2.932,500,2.931,5400,2.968,7800,2.969,2400,2.97,12000,2.971,13000,2.972,10000,2.973,13000,2.974,20000,2.975,59600,2.976,16400,2.977,8000
2020-08-11 10:52:38.820,2.967,500.0,2.931,2.965639,2.962,2.936,2.959,16600,2.958,11700,2.956,10000,2.954,2000,2.95,1000,2.945,30000,2.936,5000,2.935,100,2.933,5100,2.932,500,2.967,9500,2.968,7800,2.969,2400,2.97,12000,2.971,3000,2.973,3000,2.974,20000,2.975,59600,2.976,16400,2.977,8000
2020-08-11 10:52:52.170,2.959,16600.0,2.931,2.965472,2.962,2.936,2.958,11700,2.956,10000,2.954,2000,2.95,1000,2.945,30000,2.936,5000,2.935,100,2.933,5100,2.932,500,2.931,5400,2.959,62900,2.967,19500,2.968,7800,2.969,2400,2.97,12000,2.971,3000,2.973,3000,2.974,20000,2.975,59600,2.976,16400
2020-08-11 10:53:36.730,2.958,400.0,2.931,2.965467,2.967,2.936,2.958,11300,2.956,10000,2.95,1000,2.945,30000,2.936,5000,2.935,100,2.933,5100,2.932,500,2.931,5400,2.93,6900,2.959,62900,2.967,12500,2.968,7800,2.969,400,2.97,12000,2.971,3000,2.973,3000,2.974,20000,2.975,59600,2.976,16400
2020-08-11 10:53:55.320,2.959,44000.0,2.931,2.965064,2.967,2.936,2.958,11300,2.956,10000,2.95,1000,2.945,30000,2.936,5000,2.935,100,2.933,5100,2.932,500,2.931,5400,2.93,6900,2.959,20900,2.967,12500,2.968,7800,2.969,400,2.97,3900,2.971,3000,2.973,3000,2.974,20000,2.975,59600,2.976,16400
2020-08-11 10:54:06.510,2.959,20900.0,2.931,2.96489,2.966,2.936,2.959,112800,2.958,21300,2.956,10000,2.95,1000,2.945,30000,2.936,5000,2.935,100,2.933,5100,2.932,500,2.931,5400,2.967,12500,2.968,7800,2.969,400,2.97,7900,2.971,3000,2.973,3000,2.974,20000,2.975,59600,2.976,16400,2.977,8000
2020-08-11 10:55:29.510,2.96,1000.0,2.931,2.9648830000000004,2.966,2.936,2.96,9000,2.959,113300,2.958,21300,2.956,10000,2.95,1000,2.945,30000,2.936,5000,2.935,100,2.933,5100,2.932,500,2.967,3000,2.969,400,2.97,6900,2.971,13000,2.972,10000,2.973,3000,2.974,20000,2.975,59600,2.976,16400,2.977,8000
2020-08-11 10:55:45.130,2.96,100.0,2.931,2.9648830000000004,2.965,2.936,2.96,8900,2.959,113300,2.958,21300,2.956,10000,2.95,1000,2.945,30000,2.936,5000,2.935,100,2.933,5100,2.932,500,2.967,3000,2.969,400,2.97,6900,2.971,13000,2.972,10000,2.973,3000,2.974,20000,2.975,59600,2.976,16400,2.977,8000
2020-08-11 10:55:48.410,2.96,200.0,2.931,2.964881,2.966,2.936,2.96,8700,2.959,113300,2.958,21300,2.95,1000,2.945,30000,2.936,5000,2.935,100,2.933,5100,2.932,500,2.931,5400,2.967,3000,2.969,400,2.97,6900,2.971,13000,2.972,10000,2.973,3000,2.974,20000,2.975,59600,2.976,16400,2.977,8000
2020-08-11 10:55:57.900,2.967,3000.0,2.931,2.96489,2.965,2.936,2.967,7000,2.96,8700,2.959,123300,2.958,21300,2.95,1000,2.945,30000,2.936,5000,2.935,100,2.933,5100,2.932,500,2.969,400,2.97,6900,2.971,13000,2.972,10000,2.973,3000,2.974,20000,2.975,59600,2.976,16400,2.977,8000,2.978,2100
2020-08-11 10:56:12.690,2.967,7000.0,2.931,2.9649099999999997,2.966,2.936,2.96,8700,2.959,123300,2.958,21300,2.95,1000,2.945,30000,2.936,5000,2.935,100,2.933,5100,2.932,500,2.931,5400,2.967,4300,2.969,400,2.97,6900,2.971,13000,2.972,10000,2.973,3000,2.974,20000,2.975,59600,2.976,16400,2.977,8000
2020-08-11 10:57:00.710,2.967,1000.0,2.931,2.964913,2.968,2.936,2.96,9100,2.959,123300,2.958,21300,2.95,1000,2.945,30000,2.936,5000,2.935,100,2.933,5100,2.932,500,2.931,5400,2.967,3300,2.97,6900,2.971,13000,2.972,10000,2.973,3000,2.974,20000,2.975,59600,2.976,16400,2.977,5000,2.978,2100
2020-08-11 10:57:54.110,2.96,5000.0,2.931,2.96488,2.968,2.936,2.96,4100,2.959,123300,2.958,21300,2.95,1000,2.945,30000,2.936,5000,2.935,100,2.933,5100,2.932,500,2.931,5400,2.967,3300,2.97,7900,2.971,3000,2.973,3000,2.974,20000,2.975,59600,2.976,16400,2.977,5000,2.978,2100,2.979,71100
2020-08-11 10:58:22.270,2.96,3300.0,2.931,2.964858,2.968,2.936,2.96,17800,2.959,10500,2.958,21300,2.95,1000,2.945,30000,2.936,5000,2.935,100,2.933,5100,2.932,500,2.931,5400,2.97,7900,2.971,3000,2.973,3000,2.974,20000,2.975,59600,2.976,16400,2.977,5000,2.978,2100,2.979,71100,2.98,24700
2020-08-11 11:01:41.950,2.96,2900.0,2.931,2.964839,2.968,2.936,2.96,14900,2.959,10500,2.958,21300,2.95,1000,2.945,30000,2.94,100,2.936,5000,2.935,100,2.933,5100,2.932,500,2.968,11500,2.969,12000,2.97,7900,2.971,13000,2.973,3000,2.974,20000,2.975,55300,2.976,16400,2.977,5000,2.978,2000
2020-08-11 11:02:41.530,2.961,3600.0,2.931,2.9648209999999997,2.968,2.936,2.961,6400,2.96,14900,2.959,10500,2.958,21300,2.95,1000,2.945,30000,2.94,100,2.936,5000,2.935,100,2.933,5100,2.968,11500,2.969,2000,2.97,7900,2.971,3000,2.973,3000,2.974,20000,2.975,55300,2.976,16400,2.977,5000,2.978,2000
2020-08-11 11:02:52.470,2.968,200.0,2.931,2.9648220000000003,2.967,2.936,2.961,6400,2.96,14900,2.959,10500,2.958,21300,2.95,1000,2.945,30000,2.94,100,2.936,5000,2.935,100,2.933,5100,2.968,11300,2.969,2000,2.97,7900,2.971,3000,2.973,3000,2.974,20000,2.975,55300,2.976,16400,2.977,5000,2.978,2000
2020-08-11 11:04:26.360,2.961,6400.0,2.931,2.9647900000000003,2.968,2.936,2.96,14900,2.959,10000,2.958,21300,2.95,1000,2.945,30000,2.94,100,2.936,5000,2.935,100,2.933,5100,2.932,500,2.961,8600,2.966,1500,2.967,19200,2.968,14400,2.969,2000,2.97,7900,2.971,3000,2.972,10000,2.973,3000,2.974,20000
2020-08-11 11:04:34.160,2.961,100.0,2.931,2.964789,2.968,2.936,2.96,18000,2.959,10000,2.958,21300,2.95,1000,2.945,30000,2.94,100,2.936,5000,2.935,100,2.933,5100,2.932,500,2.961,8500,2.966,1500,2.967,19200,2.968,14400,2.969,2000,2.97,7900,2.971,3000,2.972,10000,2.973,3000,2.974,20000
2020-08-11 11:04:37.150,2.961,8500.0,2.931,2.964747,2.968,2.936,2.961,1500,2.96,18000,2.959,10000,2.958,21300,2.95,1000,2.945,30000,2.94,100,2.936,5000,2.935,100,2.933,5100,2.966,1500,2.967,19200,2.968,14400,2.969,2000,2.97,7900,2.971,3000,2.972,10000,2.973,3000,2.974,20000,2.975,55300
2020-08-11 11:06:17.560,2.961,2000.0,2.931,2.964738,2.971,2.936,2.96,14900,2.959,10000,2.958,21300,2.95,1000,2.945,30000,2.94,100,2.936,5000,2.935,100,2.933,5100,2.932,500,2.961,8000,2.966,1500,2.967,19200,2.968,14400,2.969,2000,2.97,9900,2.971,3000,2.973,3000,2.974,20000,2.975,55300
2020-08-11 11:06:23.050,2.961,8000.0,2.931,2.964699,2.971,2.936,2.962,104800,2.96,14900,2.959,10000,2.958,21300,2.95,1000,2.945,30000,2.94,100,2.936,5000,2.935,100,2.933,5100,2.966,1500,2.967,19200,2.968,14400,2.969,2000,2.97,9900,2.971,3000,2.973,3000,2.974,20000,2.975,55300,2.976,16400
2020-08-11 11:10:44.810,2.964,1400.0,2.931,2.964698,2.966,2.936,2.964,2100,2.961,10000,2.96,10000,2.959,10000,2.958,21300,2.95,1000,2.945,30000,2.94,100,2.939,1500,2.936,5000,2.966,16500,2.967,19200,2.968,13000,2.969,2000,2.97,19900,2.971,3000,2.973,3000,2.974,20000,2.975,40300,2.976,16400
2020-08-11 11:13:58.330,2.964,2100.0,2.931,2.964696,2.965,2.936,2.961,10000,2.96,10000,2.959,10000,2.958,21300,2.95,1000,2.945,30000,2.94,100,2.939,1500,2.936,5000,2.935,100,2.964,2900,2.966,16700,2.967,19700,2.968,13000,2.969,2000,2.97,19900,2.971,13000,2.973,2800,2.974,20000,2.975,40300
2020-08-11 11:14:15.060,2.961,100.0,2.931,2.964696,2.964,2.936,2.961,9900,2.959,10000,2.958,21300,2.95,1000,2.945,30000,2.94,100,2.939,1500,2.936,5000,2.935,100,2.933,5100,2.964,2900,2.966,16700,2.967,19700,2.968,13000,2.969,2000,2.97,19900,2.971,13000,2.973,2800,2.974,20000,2.975,40300
2020-08-11 11:16:37.780,2.964,3000.0,2.931,2.964693,2.962,2.936,2.958,21300,2.953,10000,2.95,1000,2.945,30000,2.94,100,2.939,1500,2.938,2000,2.936,5000,2.935,100,2.933,5100,2.964,2500,2.966,26700,2.967,19700,2.968,13000,2.969,12000,2.97,19900,2.971,13000,2.973,2800,2.974,20000,2.975,40300
2020-08-11 11:19:57.180,2.958,21300.0,2.931,2.964516,2.956,2.936,2.95,1000,2.94,1100,2.939,1500,2.938,2000,2.936,5000,2.935,100,2.933,5100,2.932,500,2.931,5400,2.93,6900,2.958,38300,2.963,10000,2.964,48900,2.965,15000,2.966,16700,2.967,19700,2.968,12900,2.969,2000,2.97,11400,2.971,3000
2020-08-11 11:21:04.360,2.95,1000.0,2.931,2.964498,2.954,2.936,2.949,10000,2.94,1100,2.939,1500,2.938,2000,2.936,5000,2.935,100,2.933,5100,2.932,500,2.931,5400,2.93,6900,2.958,38300,2.96,10000,2.963,10000,2.964,7800,2.965,15000,2.966,1700,2.967,19700,2.968,12900,2.969,2000,2.97,11400
2020-08-11 11:21:30.710,2.95,41100.0,2.931,2.963797,2.956,2.936,2.949,10000,2.948,10000,2.94,1100,2.939,1500,2.938,2000,2.936,5000,2.935,100,2.933,5100,2.932,500,2.931,5400,2.95,15000,2.958,38300,2.96,10000,2.963,10000,2.964,7800,2.965,15000,2.966,1700,2.967,19700,2.968,12900,2.969,2000
2020-08-11 11:23:25.340,2.951,1000.0,2.931,2.963543,2.959,2.936,2.951,9000,2.95,58800,2.949,10000,2.94,1100,2.938,2000,2.936,5000,2.935,100,2.933,5100,2.932,500,2.931,5400,2.958,38300,2.963,10000,2.964,4800,2.965,5000,2.966,1700,2.967,19700,2.968,12900,2.969,2000,2.97,11400,2.971,3000
2020-08-11 11:24:46.060,2.951,6700.0,2.931,2.963446,2.96,2.936,2.951,2300,2.95,14900,2.949,10000,2.94,1100,2.938,3500,2.936,5000,2.935,100,2.933,5100,2.932,500,2.931,5400,2.958,38300,2.963,10000,2.964,4800,2.965,5000,2.966,1700,2.967,19700,2.968,12900,2.969,2000,2.97,11400,2.971,3000
2020-08-11 11:24:54.720,2.958,3000.0,2.931,2.963428,2.961,2.936,2.951,2300,2.95,14900,2.949,10000,2.94,1100,2.938,3500,2.936,5000,2.935,100,2.933,5100,2.932,500,2.931,5400,2.958,35300,2.963,10000,2.964,4800,2.965,5000,2.966,1700,2.967,19700,2.968,12900,2.969,2000,2.97,11400,2.971,3000
2020-08-11 11:26:00.840,2.958,1000.0,2.931,2.963421,2.961,2.936,2.951,2300,2.95,14400,2.949,10000,2.94,1100,2.938,2000,2.936,5000,2.935,100,2.933,5100,2.932,500,2.931,5400,2.958,34300,2.963,10000,2.964,4800,2.965,5000,2.966,1700,2.967,19700,2.968,12900,2.969,2000,2.97,11400,2.971,3000
2020-08-11 11:26:57.730,2.958,200.0,2.931,2.96342,2.961,2.936,2.953,10000,2.952,10000,2.951,2300,2.95,14400,2.949,10000,2.94,1100,2.938,2000,2.936,5000,2.935,100,2.933,5100,2.958,34100,2.963,10000,2.964,4800,2.965,5000,2.966,1700,2.967,19700,2.968,12900,2.969,2000,2.97,11400,2.971,3000
2020-08-11 11:27:38.730,2.958,500.0,2.931,2.9634169999999997,2.962,2.936,2.953,10000,2.952,10000,2.951,2300,2.95,14400,2.94,1100,2.938,2000,2.936,5000,2.935,100,2.933,5100,2.932,500,2.958,39100,2.964,4800,2.965,5000,2.966,1700,2.967,19700,2.968,12900,2.969,2000,2.97,11400,2.971,3000,2.973,2800
2020-08-11 11:28:12.150,2.958,2500.0,2.931,2.963402,2.961,2.936,2.953,10000,2.952,10000,2.951,2300,2.95,14400,2.94,1100,2.938,2000,2.936,5000,2.935,100,2.933,5100,2.932,500,2.958,36600,2.964,4800,2.965,5000,2.966,1700,2.967,19700,2.968,12900,2.969,2000,2.97,11400,2.971,3000,2.973,2800
2020-08-11 13:00:00.670,2.953,3300.0,2.931,2.963365,2.962,2.936,2.953,8700,2.951,2300,2.95,29200,2.94,3100,2.938,2000,2.936,5000,2.935,100,2.933,5100,2.932,500,2.931,5400,2.958,36600,2.964,5800,2.965,5000,2.966,1700,2.967,19700,2.968,3100,2.969,2000,2.97,23500,2.971,3000,2.973,2800
2020-08-11 13:00:04.070,2.958,900.0,2.931,2.963359,2.962,2.936,2.953,8700,2.951,2300,2.95,29200,2.94,3100,2.938,2000,2.936,5000,2.935,100,2.933,5100,2.932,500,2.931,5400,2.958,35700,2.964,5800,2.965,5000,2.966,1700,2.967,19700,2.968,3100,2.969,2000,2.97,23500,2.971,3000,2.973,2800
2020-08-11 13:02:53.220,2.958,35700.0,2.931,2.963151,2.965,2.936,2.958,69100,2.953,8700,2.951,2300,2.95,29200,2.94,3100,2.938,2000,2.936,5000,2.935,100,2.933,5100,2.932,500,2.964,5800,2.965,5000,2.966,1700,2.967,19700,2.968,3100,2.969,2000,2.97,23500,2.971,3000,2.973,2800,2.974,20000
2020-08-11 13:04:12.100,2.964,500.0,2.931,2.963152,2.964,2.936,2.955,10000,2.954,69100,2.953,8700,2.951,2300,2.95,29200,2.94,3100,2.938,2000,2.936,5000,2.935,100,2.933,5100,2.964,5300,2.965,5000,2.966,1700,2.967,19700,2.968,13100,2.969,2000,2.97,23500,2.971,3000,2.973,2800,2.974,20000
2020-08-11 13:08:20.610,2.964,500.0,2.931,2.963152,2.965,2.936,2.954,80100,2.953,8700,2.95,6500,2.94,3100,2.938,2000,2.936,5000,2.935,100,2.933,5100,2.932,500,2.931,5400,2.964,5300,2.965,15000,2.966,11700,2.967,19700,2.968,3100,2.969,2000,2.97,23500,2.971,3000,2.973,2800,2.974,20000
2020-08-11 13:08:55.520,2.954,200.0,2.931,2.96315,2.966,2.936,2.954,79900,2.953,8700,2.95,6500,2.94,3100,2.938,2000,2.936,5000,2.935,100,2.933,5100,2.932,500,2.931,5400,2.964,4800,2.965,5000,2.966,1700,2.967,19700,2.968,3100,2.969,12000,2.97,23500,2.971,3000,2.973,2800,2.974,20000
2020-08-11 13:12:06.200,2.956,200.0,2.931,2.963149,2.97,2.936,2.956,9800,2.955,79000,2.954,79900,2.95,6500,2.94,3100,2.938,2000,2.936,5000,2.935,100,2.933,5100,2.932,500,2.964,4800,2.965,5000,2.966,1700,2.967,19700,2.968,3100,2.969,2000,2.97,23500,2.971,3000,2.973,2800,2.974,20000
2020-08-11 13:12:08.390,2.964,500.0,2.931,2.963149,2.97,2.936,2.956,9800,2.955,79000,2.954,79900,2.95,6500,2.94,3100,2.938,2000,2.936,5000,2.935,100,2.933,5100,2.932,500,2.964,4300,2.965,5000,2.966,1700,2.967,19700,2.968,3100,2.969,2000,2.97,23500,2.971,3000,2.973,2800,2.974,20000
2020-08-11 13:12:26.380,2.964,4400.0,2.931,2.9631529999999997,2.971,2.936,2.964,64500,2.956,9800,2.955,79000,2.954,11000,2.95,6600,2.94,3100,2.938,2000,2.936,5000,2.935,100,2.933,5100,2.965,5000,2.966,1700,2.967,19700,2.968,3100,2.969,2000,2.97,23500,2.971,3000,2.973,2800,2.974,20000,2.975,39800
2020-08-11 13:14:17.770,2.965,5000.0,2.931,2.963163,2.972,2.936,2.965,59500,2.964,200,2.963,10000,2.962,10000,2.96,3000,2.955,4000,2.954,1000,2.952,19000,2.95,6600,2.94,3100,2.966,1700,2.967,19700,2.968,3100,2.969,2000,2.97,23500,2.971,3000,2.973,2800,2.974,20000,2.975,39800,2.976,20600
2020-08-11 13:14:29.740,2.966,1000.0,2.931,2.963166,2.971,2.936,2.965,59500,2.964,200,2.963,10000,2.962,10000,2.96,3000,2.955,4000,2.954,1000,2.952,19000,2.95,6600,2.94,3100,2.966,700,2.967,19700,2.968,3100,2.969,2000,2.97,23500,2.971,3000,2.973,2800,2.974,20000,2.975,39800,2.976,20600
2020-08-11 13:17:14.260,2.965,600.0,2.931,2.963167,2.971,2.936,2.965,400,2.964,200,2.963,10000,2.962,10000,2.96,3000,2.955,4000,2.952,19000,2.95,6600,2.94,3100,2.938,2000,2.966,200,2.967,19700,2.968,3100,2.969,2000,2.97,23500,2.971,3000,2.973,2800,2.974,20000,2.975,39800,2.976,20600
2020-08-11 13:20:30.190,2.966,10200.0,2.931,2.9631979999999998,2.973,2.936,2.966,49300,2.965,10400,2.964,10200,2.963,10000,2.962,10000,2.96,3000,2.958,2500,2.955,4000,2.952,19000,2.95,6600,2.967,19700,2.968,14100,2.969,2000,2.97,23500,2.971,3000,2.973,2800,2.974,20000,2.975,39800,2.976,20600,2.977,5000
2020-08-11 13:20:30.350,2.966,10000.0,2.931,2.963227,2.973,2.936,2.966,39300,2.965,10400,2.964,10200,2.963,10000,2.962,10000,2.96,3000,2.958,2500,2.955,4000,2.952,19000,2.95,6600,2.967,19700,2.968,14100,2.969,2000,2.97,23500,2.971,3000,2.973,2800,2.974,20000,2.975,39800,2.976,20600,2.977,5000
2020-08-11 13:21:48.270,2.968,39300.0,2.931,2.963387,2.972,2.936,2.966,10000,2.965,10400,2.964,10200,2.96,3000,2.958,2500,2.955,4000,2.952,19000,2.95,6600,2.94,3100,2.938,2000,2.968,4500,2.969,2000,2.97,23500,2.971,3000,2.973,2800,2.974,20000,2.975,39800,2.976,20600,2.977,5000,2.978,3000
2020-08-11 13:26:15.580,2.968,700.0,2.931,2.96339,2.969,2.936,2.965,400,2.964,200,2.963,10000,2.962,10000,2.96,3000,2.958,2500,2.955,4000,2.952,19000,2.95,6600,2.94,3100,2.968,3800,2.969,2000,2.97,23500,2.971,3000,2.973,12800,2.974,20000,2.975,40000,2.976,20600,2.977,5000,2.978,3000
2020-08-11 13:28:43.250,2.965,400.0,2.931,2.963391,2.969,2.936,2.964,200,2.961,10000,2.96,13000,2.958,2500,2.955,4000,2.952,19000,2.95,6600,2.94,3100,2.938,2000,2.936,5000,2.965,11900,2.967,1000,2.968,6200,2.969,12000,2.97,23500,2.971,3000,2.972,10000,2.973,12800,2.974,20000,2.975,40000
2020-08-11 13:29:57.300,2.964,200.0,2.931,2.963391,2.969,2.936,2.961,10000,2.96,13000,2.958,2500,2.955,4000,2.952,19000,2.95,6600,2.94,3100,2.938,2000,2.936,5000,2.935,100,2.964,1800,2.965,11900,2.967,1000,2.968,24400,2.969,12000,2.97,23500,2.971,3000,2.972,10000,2.973,12800,2.974,20000
2020-08-11 13:30:54.360,2.964,100.0,2.931,2.963391,2.965,2.936,2.96,13000,2.959,10000,2.958,2500,2.952,19000,2.95,6600,2.94,3100,2.938,2000,2.936,5000,2.935,100,2.933,5100,2.964,1700,2.965,11900,2.967,1000,2.968,24400,2.969,12000,2.97,23500,2.971,3000,2.972,10000,2.973,12800,2.974,20000
2020-08-11 13:34:45.170,2.964,1700.0,2.931,2.963392,2.967,2.936,2.964,900,2.961,2000,2.96,3000,2.959,10000,2.958,12500,2.953,4000,2.952,19000,2.95,6600,2.94,3100,2.938,2000,2.965,31900,2.967,1000,2.968,24400,2.969,22000,2.97,23500,2.971,3000,2.973,2800,2.975,40000,2.976,20600,2.977,5000
2020-08-11 13:35:34.700,2.964,900.0,2.931,2.963392,2.968,2.936,2.961,2000,2.96,3000,2.959,10000,2.958,12500,2.953,4000,2.952,19000,2.95,6600,2.94,3100,2.938,2000,2.936,5000,2.964,1000,2.965,31900,2.967,1000,2.968,24400,2.969,22000,2.97,31600,2.971,3000,2.973,2800,2.975,40000,2.976,20600
2020-08-11 13:36:23.820,2.961,400.0,2.931,2.963391,2.968,2.936,2.961,1600,2.96,3000,2.959,10000,2.958,12500,2.953,4000,2.952,19000,2.95,6600,2.94,3100,2.938,2000,2.936,5000,2.964,1000,2.965,31900,2.967,1000,2.968,24400,2.969,22000,2.97,31600,2.971,3000,2.973,2800,2.975,40000,2.976,20600
2020-08-11 13:42:22.260,2.961,1600.0,2.931,2.963388,2.966,2.936,2.96,3000,2.958,2500,2.956,10000,2.953,4000,2.952,19000,2.95,6600,2.94,3100,2.938,2000,2.936,5000,2.935,100,2.961,400,2.963,4300,2.964,4000,2.965,31900,2.967,11000,2.968,34400,2.969,22000,2.97,21600,2.971,3000,2.973,2800
2020-08-11 13:44:54.380,2.96,400.0,2.931,2.963386,2.965,2.936,2.96,3000,2.958,2500,2.957,10000,2.956,10000,2.952,19000,2.95,6600,2.94,3100,2.938,2000,2.936,5000,2.935,100,2.963,4300,2.964,4000,2.965,31900,2.967,1000,2.968,34400,2.969,22000,2.97,21600,2.971,3000,2.973,2800,2.975,40000
2020-08-11 13:48:11.120,2.96,1400.0,2.931,2.963381,2.962,2.936,2.96,1600,2.958,2500,2.952,19000,2.95,6600,2.94,3100,2.938,2000,2.936,5000,2.935,100,2.932,500,2.931,5400,2.963,4300,2.964,4000,2.965,31900,2.966,10000,2.967,1000,2.968,24400,2.969,12000,2.97,20600,2.971,3000,2.973,2800
2020-08-11 13:51:57.730,2.96,1600.0,2.931,2.963376,2.965,2.936,2.958,2500,2.957,10000,2.955,10000,2.952,19000,2.95,6600,2.94,3100,2.938,2000,2.936,5000,2.935,100,2.932,500,2.96,200,2.962,1000,2.963,4300,2.964,1000,2.965,31900,2.967,1000,2.968,24400,2.969,12000,2.97,20600,2.971,3000
2020-08-11 13:52:24.830,2.958,8500.0,2.931,2.963331,2.964,2.936,2.958,4000,2.957,10000,2.955,10000,2.952,19000,2.95,6600,2.94,3100,2.938,2000,2.936,5000,2.935,100,2.932,500,2.96,200,2.962,1000,2.963,4300,2.964,1000,2.965,31900,2.967,1000,2.968,24400,2.969,12000,2.97,20600,2.971,3000
2020-08-11 13:59:10.350,2.96,200.0,2.931,2.96333,2.966,2.936,2.96,9800,2.958,1700,2.95,6600,2.94,3100,2.938,2000,2.936,5000,2.932,500,2.931,5400,2.93,8400,2.929,41000,2.962,1000,2.963,4300,2.964,1000,2.965,31900,2.967,1000,2.968,24400,2.969,12000,2.97,21100,2.971,3000,2.973,2800
2020-08-11 13:59:16.100,2.962,100.0,2.931,2.96333,2.966,2.936,2.96,9800,2.958,1700,2.95,6600,2.94,3100,2.938,2000,2.936,5000,2.932,500,2.931,5400,2.93,8400,2.929,41000,2.962,900,2.963,4300,2.964,1000,2.965,31900,2.967,1000,2.968,24400,2.969,12000,2.97,21100,2.971,3000,2.973,2800
2020-08-11 14:00:00.480,2.962,100.0,2.931,2.96333,2.966,2.936,2.96,9800,2.958,1600,2.95,6600,2.94,3100,2.938,2000,2.936,5000,2.932,500,2.931,5400,2.93,8400,2.929,41000,2.962,800,2.963,4300,2.964,1000,2.965,31900,2.967,1000,2.968,24400,2.969,12000,2.97,21100,2.971,3000,2.973,2800
2020-08-11 14:01:51.420,2.962,800.0,2.931,2.963329,2.969,2.936,2.962,9200,2.96,9800,2.95,6600,2.94,3100,2.938,2000,2.936,5000,2.932,500,2.931,5400,2.93,8400,2.929,41000,2.963,4300,2.964,1000,2.965,31900,2.967,1000,2.968,24400,2.969,12000,2.97,31700,2.971,3000,2.973,2800,2.975,40000
2020-08-11 14:02:49.220,2.963,300.0,2.931,2.963329,2.969,2.936,2.962,9200,2.96,9800,2.95,6600,2.94,3100,2.938,2000,2.936,5000,2.932,500,2.931,5400,2.93,8400,2.929,41000,2.963,4000,2.964,1000,2.965,31900,2.967,1000,2.968,24400,2.969,12000,2.97,31700,2.971,3000,2.973,2800,2.975,40000
2020-08-11 14:03:01.120,2.963,4000.0,2.931,2.963327,2.97,2.936,2.963,6000,2.962,9200,2.96,9800,2.95,6600,2.94,3100,2.938,2000,2.936,5000,2.932,500,2.931,5400,2.93,8400,2.964,1000,2.965,31900,2.967,1000,2.968,24400,2.969,12000,2.97,31700,2.971,3000,2.973,2800,2.975,40000,2.976,20600
2020-08-11 14:04:27.910,2.963,700.0,2.931,2.963327,2.971,2.936,2.963,5300,2.962,9200,2.96,9800,2.95,6600,2.94,3500,2.938,2000,2.936,5000,2.932,500,2.931,5400,2.93,6900,2.964,1000,2.965,61900,2.967,1000,2.968,24400,2.969,12000,2.97,31700,2.971,3000,2.973,2800,2.975,40000,2.976,20600
2020-08-11 14:09:18.750,2.958,1200.0,2.931,2.963321,2.958,2.936,2.958,11500,2.95,6600,2.94,3100,2.938,2000,2.936,5000,2.932,500,2.931,5400,2.93,6900,2.929,41000,2.924,200,2.964,1000,2.965,62100,2.967,1000,2.968,34400,2.969,12000,2.97,31700,2.971,3000,2.973,2800,2.975,40000,2.976,20600
2020-08-11 14:09:20.970,2.958,5600.0,2.931,2.963292,2.959,2.936,2.958,5900,2.95,6600,2.94,3100,2.938,2000,2.936,5000,2.932,500,2.931,5400,2.93,6900,2.929,41000,2.924,200,2.964,1000,2.965,62100,2.967,1000,2.968,34400,2.969,12000,2.97,31700,2.971,3000,2.973,2800,2.975,40000,2.976,20600
2020-08-11 14:09:24.140,2.958,3800.0,2.931,2.963272,2.957,2.936,2.958,2100,2.95,6600,2.94,3100,2.938,2000,2.936,5000,2.932,500,2.931,5400,2.93,6900,2.929,41000,2.924,200,2.964,1000,2.965,62100,2.967,1000,2.968,34400,2.969,12000,2.97,31700,2.971,3000,2.973,2800,2.975,40000,2.976,20600
2020-08-11 14:09:26.990,2.958,2100.0,2.931,2.963261,2.957,2.936,2.95,6600,2.94,3100,2.938,2000,2.936,5000,2.932,500,2.931,5400,2.93,6900,2.929,41000,2.924,200,2.92,5000,2.958,9100,2.964,1000,2.965,62100,2.967,1000,2.968,34400,2.969,12000,2.97,31700,2.971,3000,2.973,2800,2.975,40000
2020-08-11 14:09:43.580,2.95,6600.0,2.931,2.963177,2.952,2.936,2.94,3100,2.938,2000,2.936,5000,2.932,500,2.931,5400,2.93,6900,2.929,41000,2.924,200,2.92,5000,2.91,5600,2.95,800,2.958,9100,2.964,1000,2.965,62100,2.967,1000,2.968,34400,2.969,12000,2.97,31700,2.971,3000,2.973,2800
2020-08-11 14:10:41.640,2.95,800.0,2.931,2.963167,2.948,2.936,2.95,9200,2.94,3100,2.938,2000,2.936,5000,2.932,500,2.931,5400,2.93,6900,2.929,41000,2.924,200,2.92,5000,2.958,9100,2.964,1000,2.965,62100,2.967,1000,2.968,34400,2.969,12000,2.97,31700,2.971,3000,2.973,2800,2.975,40000
2020-08-11 14:10:55.110,2.95,900.0,2.931,2.963155,2.949,2.936,2.95,8300,2.94,3100,2.938,2000,2.936,15000,2.932,500,2.931,5400,2.93,6900,2.929,41000,2.924,200,2.92,5000,2.958,9100,2.964,1000,2.965,62100,2.967,1000,2.968,34400,2.969,12000,2.97,31700,2.971,3000,2.973,2800,2.975,40000
2020-08-11 14:10:57.650,2.95,2900.0,2.931,2.963118,2.949,2.936,2.95,5400,2.94,3100,2.938,2000,2.936,15000,2.932,500,2.931,5400,2.93,6900,2.929,41000,2.924,200,2.92,5000,2.958,9100,2.964,1000,2.965,62100,2.967,1000,2.968,34400,2.969,12000,2.97,31700,2.971,3000,2.973,2800,2.975,40000
2020-08-11 14:10:58.740,2.95,5400.0,2.931,2.9630509999999997,2.949,2.936,2.94,3100,2.938,2000,2.936,15000,2.932,500,2.931,5400,2.93,6900,2.929,41000,2.924,200,2.92,5000,2.91,5600,2.95,4600,2.958,9100,2.964,1000,2.965,62100,2.967,1000,2.968,34400,2.969,12000,2.97,31700,2.971,3000,2.973,2800
2020-08-11 14:12:36.160,2.942,2500.0,2.931,2.963,2.942,2.936,2.942,3600,2.941,2000,2.94,3100,2.938,2000,2.936,15000,2.932,500,2.931,5400,2.93,6900,2.929,41000,2.924,200,2.949,10000,2.95,17600,2.951,10000,2.964,1000,2.965,92100,2.967,1000,2.968,24400,2.969,12000,2.97,31700,2.971,3000
2020-08-11 14:12:44.120,2.942,2000.0,2.931,2.96296,2.942,2.936,2.942,1600,2.941,2000,2.94,3100,2.938,2000,2.936,15000,2.932,500,2.931,5400,2.93,6900,2.929,40000,2.924,200,2.949,10000,2.95,17600,2.951,10000,2.964,1000,2.965,92100,2.967,1000,2.968,24400,2.969,12000,2.97,31700,2.971,3000
2020-08-11 14:14:44.340,2.943,200.0,2.931,2.962957,2.945,2.936,2.943,300,2.942,3300,2.941,11500,2.94,3100,2.938,2000,2.936,5000,2.932,500,2.931,5400,2.93,6900,2.929,40000,2.949,10000,2.95,27600,2.951,10000,2.964,1000,2.965,92100,2.967,1000,2.968,24400,2.969,12000,2.97,31700,2.971,3000
2020-08-11 14:15:07.860,2.942,3200.0,2.931,2.962893,2.942,2.936,2.942,400,2.94,3100,2.938,2000,2.936,5000,2.932,500,2.931,5400,2.93,6900,2.929,40000,2.924,200,2.92,5000,2.948,20000,2.949,10000,2.95,27600,2.951,10000,2.964,1000,2.965,92100,2.967,1000,2.968,24400,2.969,12000,2.97,31700
2020-08-11 14:15:17.960,2.94,3100.0,2.931,2.962818,2.942,2.936,2.938,2000,2.936,5000,2.932,500,2.931,5400,2.93,6900,2.929,40000,2.924,200,2.92,5000,2.91,5600,2.904,200,2.94,1900,2.942,6400,2.947,10000,2.948,20000,2.949,10000,2.95,27600,2.951,10000,2.964,1000,2.965,92100,2.967,1000
2020-08-11 14:16:00.260,2.938,2000.0,2.931,2.962771,2.94,2.936,2.936,5000,2.934,10000,2.932,500,2.931,5400,2.93,6900,2.929,40000,2.924,200,2.92,5000,2.91,5600,2.904,200,2.938,8000,2.94,1900,2.942,6400,2.947,10000,2.948,20000,2.949,10000,2.95,17600,2.964,1000,2.965,92100,2.967,1000
2020-08-11 14:16:11.870,2.936,10000.0,2.931,2.96252,2.939,2.936,2.934,10000,2.932,500,2.931,5400,2.93,6900,2.929,40000,2.924,200,2.92,5000,2.91,5600,2.904,200,2.9,8900,2.938,8000,2.94,1900,2.942,6400,2.944,10000,2.947,10000,2.948,20000,2.949,10000,2.95,17600,2.964,1000,2.965,92100
2020-08-11 14:17:26.500,2.935,8400.0,2.931,2.962309,2.937,2.936,2.933,6600,2.932,600,2.931,5400,2.93,6900,2.929,40000,2.924,200,2.92,5000,2.91,5600,2.904,200,2.9,8900,2.935,1600,2.938,8000,2.94,1900,2.941,10000,2.942,6400,2.944,10000,2.948,20000,2.95,17600,2.964,1000,2.965,92100
2020-08-11 14:17:36.360,2.933,800.0,2.931,2.962287,2.937,2.936,2.933,5800,2.932,600,2.931,5400,2.93,6900,2.929,40000,2.924,200,2.92,5000,2.91,5600,2.904,200,2.9,8900,2.935,1600,2.938,8000,2.94,1900,2.941,10000,2.942,6400,2.944,10000,2.948,20000,2.95,17600,2.964,1000,2.965,92100
2020-08-11 14:18:10.020,2.935,1600.0,2.931,2.962247,2.942,2.936,2.935,8400,2.934,900,2.933,5800,2.932,600,2.931,5400,2.93,6900,2.929,40000,2.924,200,2.92,5000,2.91,5600,2.938,8000,2.94,1900,2.941,10000,2.942,6400,2.948,20000,2.95,17600,2.964,1000,2.965,92100,2.967,1000,2.968,24400
2020-08-11 14:19:29.160,2.936,10000.0,2.931,2.962006,2.943,2.936,2.936,1900,2.935,8400,2.933,10900,2.932,600,2.931,5400,2.93,7300,2.929,40000,2.924,200,2.92,5000,2.91,5600,2.938,8000,2.94,1900,2.942,6400,2.948,20000,2.95,17600,2.964,1000,2.965,92100,2.967,1000,2.968,24400,2.969,12000
2020-08-11 14:19:59.620,2.938,600.0,2.931,2.961992,2.944,2.936,2.936,5900,2.935,8400,2.933,10900,2.932,600,2.931,5400,2.93,7300,2.929,40000,2.924,200,2.92,5000,2.91,5600,2.938,7400,2.94,1900,2.942,6400,2.948,20000,2.95,17600,2.964,1000,2.965,92100,2.967,1000,2.968,24400,2.969,12000
2020-08-11 14:20:32.910,2.937,2000.0,2.931,2.9619459999999997,2.939,2.936,2.936,4000,2.935,8400,2.933,10900,2.932,600,2.931,5400,2.93,7300,2.929,40000,2.924,200,2.92,5000,2.91,5600,2.937,8000,2.938,7400,2.94,1900,2.942,6400,2.948,20000,2.95,17600,2.964,1000,2.965,92100,2.967,1000,2.968,24400
2020-08-11 14:20:48.100,2.936,4000.0,2.931,2.961852,2.938,2.936,2.933,10900,2.932,10600,2.931,5400,2.93,7300,2.929,40000,2.924,200,2.92,5000,2.91,5600,2.909,5300,2.904,200,2.936,6000,2.937,8000,2.938,7400,2.94,1900,2.942,6400,2.948,20000,2.95,17600,2.964,1000,2.965,92100,2.967,1000
2020-08-11 14:23:07.860,2.936,3000.0,2.931,2.961781,2.936,2.936,2.933,10900,2.932,600,2.931,5400,2.93,17300,2.929,40000,2.924,200,2.92,5000,2.915,10000,2.91,5600,2.909,11800,2.936,3000,2.937,8000,2.938,7400,2.94,1900,2.942,6400,2.948,20000,2.95,17600,2.964,1000,2.965,92100,2.967,1000
2020-08-11 14:23:29.410,2.936,100.0,2.931,2.961779,2.939,2.936,2.933,10900,2.932,500,2.931,5400,2.93,17300,2.929,40000,2.924,200,2.92,5000,2.915,10000,2.91,5600,2.909,11800,2.936,2900,2.937,8000,2.938,7400,2.94,1900,2.941,10000,2.942,6400,2.948,20000,2.95,17600,2.964,1000,2.965,92100
2020-08-11 14:24:01.100,2.933,10900.0,2.931,2.961496,2.94,2.936,2.932,10500,2.931,5400,2.93,17300,2.929,40000,2.924,200,2.92,5000,2.915,10000,2.909,11800,2.904,200,2.9,8900,2.933,300,2.937,8000,2.938,7400,2.94,1900,2.942,6400,2.95,3000,2.964,1000,2.965,92100,2.967,1000,2.968,24400
2020-08-11 14:24:13.390,2.933,300.0,2.931,2.961488,2.941,2.936,2.933,9700,2.932,10500,2.931,5400,2.93,17300,2.929,40000,2.924,200,2.92,5000,2.915,10000,2.909,11800,2.904,200,2.937,8000,2.938,7400,2.94,1900,2.942,6400,2.95,3000,2.964,1000,2.965,92100,2.967,1000,2.968,24400,2.969,12000
2020-08-11 14:25:43.930,2.937,2000.0,2.931,2.9614439999999997,2.939,2.936,2.933,13000,2.932,10500,2.931,5400,2.93,17300,2.929,40000,2.924,200,2.92,5000,2.915,10000,2.909,11800,2.904,200,2.937,6000,2.94,1900,2.95,3000,2.964,1000,2.965,92100,2.967,1000,2.968,24400,2.969,12000,2.97,31200,2.971,3000
2020-08-11 14:26:49.090,2.937,10000.0,2.931,2.961226,2.939,2.936,2.933,13300,2.932,10500,2.931,15400,2.93,20300,2.929,40000,2.924,200,2.92,5000,2.915,10000,2.909,11800,2.904,200,2.937,17000,2.94,1900,2.942,10000,2.95,3000,2.964,1000,2.965,92100,2.967,1000,2.968,24400,2.969,12000,2.97,31200
2020-08-11 14:29:53.420,2.938,1000.0,2.931,2.9612060000000002,2.94,2.936,2.938,2100,2.937,1000,2.936,10000,2.935,10000,2.933,13400,2.932,500,2.931,5400,2.93,10300,2.929,40000,2.924,200,2.94,1900,2.945,10000,2.95,3000,2.964,1000,2.965,92100,2.967,1000,2.968,24400,2.969,12000,2.97,31200,2.971,3000
2020-08-11 14:31:00.040,2.939,1200.0,2.931,2.961182,2.938,2.936,2.939,1800,2.938,2100,2.937,1000,2.933,13400,2.932,500,2.931,5400,2.93,10300,2.929,40000,2.924,200,2.92,5000,2.94,11900,2.943,10000,2.945,10000,2.95,3000,2.964,1000,2.965,92100,2.967,1000,2.968,24400,2.969,12000,2.97,31200
2020-08-11 14:31:01.670,2.939,900.0,2.931,2.961164,2.936,2.936,2.939,900,2.938,2100,2.937,1000,2.933,13400,2.932,500,2.931,5400,2.93,10300,2.929,40000,2.924,200,2.92,5000,2.94,11900,2.943,10000,2.945,10000,2.95,3000,2.964,1000,2.965,92100,2.967,1000,2.968,24400,2.969,12000,2.97,31200
2020-08-11 14:31:11.990,2.939,900.0,2.931,2.961147,2.935,2.936,2.938,2100,2.937,1000,2.933,13400,2.932,500,2.931,5400,2.93,13300,2.929,40000,2.924,200,2.92,5000,2.918,3000,2.939,9100,2.94,11900,2.943,10000,2.945,10000,2.95,3000,2.964,1000,2.965,92100,2.967,1000,2.968,24400,2.969,12000
2020-08-11 14:31:14.980,2.938,800.0,2.931,2.96113,2.935,2.936,2.938,1300,2.937,1000,2.933,13400,2.932,500,2.931,5400,2.93,13300,2.929,40000,2.924,200,2.92,5000,2.918,3000,2.939,9100,2.94,11900,2.943,10000,2.945,10000,2.95,3000,2.964,1000,2.965,92100,2.967,1000,2.968,24400,2.969,12000
2020-08-11 14:31:17.320,2.937,2300.0,2.931,2.9610819999999998,2.935,2.936,2.933,13400,2.932,500,2.931,5400,2.93,13300,2.929,40000,2.924,200,2.92,5000,2.918,3000,2.915,10000,2.909,11800,2.937,9400,2.938,8900,2.939,9100,2.94,11900,2.943,10000,2.945,10000,2.95,3000,2.964,1000,2.965,92100,2.967,1000
2020-08-11 14:34:00.850,2.933,300.0,2.931,2.961075,2.932,2.936,2.933,3100,2.932,500,2.931,5400,2.93,13300,2.929,40000,2.924,200,2.92,5000,2.918,3000,2.915,10000,2.909,11800,2.936,10000,2.937,28200,2.938,8900,2.939,9100,2.94,1900,2.95,3000,2.964,1000,2.965,92100,2.967,1000,2.968,24400
2020-08-11 14:34:03.520,2.933,1300.0,2.931,2.961042,2.931,2.936,2.933,1800,2.932,500,2.931,5400,2.93,13300,2.929,40000,2.924,200,2.92,5000,2.918,3000,2.915,10000,2.909,11800,2.936,10000,2.937,28200,2.938,8900,2.939,9100,2.94,1900,2.95,3000,2.964,1000,2.965,92100,2.967,1000,2.968,24400
2020-08-11 14:34:05.340,2.933,600.0,2.931,2.961027,2.931,2.936,2.933,1200,2.932,500,2.931,5400,2.93,13300,2.929,40000,2.924,200,2.92,5000,2.918,3000,2.915,10000,2.909,11800,2.936,10000,2.937,28200,2.938,8900,2.939,9100,2.94,1900,2.95,3000,2.964,1000,2.965,92100,2.967,1000,2.968,24400
2020-08-11 14:34:09.380,2.933,1200.0,2.931,2.960998,2.931,2.936,2.932,500,2.931,5400,2.93,13300,2.929,40000,2.924,200,2.92,5000,2.918,3000,2.915,10000,2.909,11800,2.904,200,2.933,6100,2.936,10000,2.937,28200,2.938,8900,2.939,9100,2.94,1900,2.95,3000,2.964,1000,2.965,92100,2.967,1000
2020-08-11 14:34:27.650,2.932,500.0,2.931,2.960985,2.931,2.936,2.931,5400,2.93,13300,2.929,40000,2.924,200,2.92,5000,2.918,3000,2.915,10000,2.909,11800,2.904,200,2.9,8900,2.932,6800,2.933,6100,2.936,10000,2.937,28200,2.938,8900,2.939,9100,2.94,1900,2.95,3000,2.964,1000,2.965,92100
2020-08-11 14:35:19.870,2.931,5400.0,2.931,2.960843,2.929,2.936,2.93,13300,2.929,40000,2.924,200,2.92,5000,2.918,3000,2.915,10000,2.909,11800,2.904,200,2.9,8900,2.899,4000,2.931,10000,2.932,16800,2.933,16100,2.937,12800,2.938,8900,2.939,9100,2.94,1900,2.95,3000,2.964,1000,2.965,92100
2020-08-11 14:35:24.150,2.93,10000.0,2.931,2.9605740000000003,2.929,2.936,2.93,3300,2.929,40000,2.924,200,2.92,5000,2.918,3000,2.915,10000,2.909,11800,2.904,200,2.9,8900,2.899,4000,2.931,10000,2.932,16800,2.933,16100,2.937,12800,2.938,8900,2.939,9100,2.94,1900,2.95,3000,2.964,1000,2.965,92100
2020-08-11 14:35:26.570,2.929,43300.0,2.931,2.959429,2.929,2.936,2.924,200,2.92,5000,2.918,3000,2.915,10000,2.909,11800,2.904,200,2.9,8900,2.899,4000,2.888,25000,2.88,1000,2.929,16700,2.931,10000,2.932,16800,2.933,16100,2.937,12800,2.938,8900,2.939,9100,2.94,1900,2.95,3000,2.964,1000
2020-08-11 14:35:27.310,2.929,7400.0,2.931,2.9592419999999997,2.928,2.936,2.924,200,2.92,5000,2.918,3000,2.915,10000,2.909,11800,2.904,200,2.9,8900,2.899,4000,2.888,25000,2.88,1000,2.929,49300,2.931,10000,2.932,16800,2.933,16100,2.937,12800,2.938,8900,2.939,9100,2.94,1900,2.95,3000,2.964,1000
2020-08-11 14:35:45.890,2.924,200.0,2.931,2.959236,2.926,2.936,2.92,5000,2.918,3000,2.915,10000,2.909,11800,2.904,200,2.9,8900,2.899,4000,2.888,25000,2.88,1000,2.836,400,2.924,1800,2.929,49300,2.931,10000,2.932,16800,2.933,16100,2.937,12800,2.938,8900,2.939,9100,2.94,1900,2.95,3000
2020-08-11 14:37:04.980,2.92,5000.0,2.931,2.959073,2.925,2.936,2.915,20000,2.909,11800,2.904,200,2.9,10900,2.899,4000,2.888,25000,2.88,1000,2.869,1200,2.836,400,2.813,800,2.92,15000,2.924,11800,2.928,10000,2.931,10000,2.932,6800,2.933,6100,2.937,9400,2.938,8900,2.939,9100,2.94,1900
2020-08-11 14:37:18.250,2.92,3100.0,2.931,2.958972,2.926,2.936,2.915,20000,2.909,11800,2.904,200,2.9,10900,2.899,4000,2.888,25000,2.88,1000,2.869,1200,2.836,400,2.813,800,2.92,11900,2.924,11800,2.928,10000,2.931,10000,2.932,6800,2.933,6100,2.937,9400,2.938,8900,2.939,9100,2.94,1900
2020-08-11 14:37:23.530,2.92,11900.0,2.931,2.958592,2.926,2.936,2.92,288100,2.916,10000,2.915,20000,2.909,11800,2.904,200,2.9,10900,2.899,4000,2.888,25000,2.88,1000,2.869,1200,2.924,1800,2.928,10000,2.931,10000,2.932,6800,2.933,6100,2.937,9400,2.938,8900,2.939,9100,2.94,1900,2.95,3000
2020-08-11 14:38:02.700,2.924,800.0,2.931,2.958569,2.929,2.936,2.922,400,2.92,288100,2.919,10000,2.916,1000,2.915,20000,2.909,11800,2.904,200,2.9,10900,2.899,4000,2.888,25000,2.924,1000,2.931,10000,2.933,6100,2.937,9400,2.938,8900,2.939,9100,2.94,1900,2.95,3000,2.964,1000,2.965,92100
2020-08-11 14:38:03.610,2.924,300.0,2.931,2.958561,2.929,2.936,2.922,29400,2.92,288100,2.919,10000,2.916,1000,2.915,20000,2.909,11800,2.904,200,2.9,10900,2.899,4000,2.888,25000,2.924,700,2.931,10000,2.933,6100,2.937,9400,2.938,8900,2.939,9100,2.94,1900,2.95,3000,2.964,1000,2.965,92100
2020-08-11 14:39:02.560,2.924,800.0,2.931,2.958538,2.931,2.936,2.924,2600,2.923,15000,2.922,29400,2.92,288100,2.916,1000,2.915,10000,2.909,11800,2.904,200,2.9,10900,2.899,4000,2.931,10000,2.933,6100,2.937,9400,2.938,8900,2.939,9100,2.94,1900,2.95,3000,2.964,1000,2.965,92100,2.967,1000
2020-08-11 14:41:53.640,2.924,3200.0,2.931,2.95845,2.93,2.936,2.924,12700,2.923,5000,2.922,400,2.92,288100,2.916,1000,2.915,10000,2.909,11800,2.904,200,2.9,10900,2.899,4000,2.926,10000,2.927,1600,2.933,6100,2.936,10000,2.937,9400,2.938,8900,2.939,9100,2.94,1900,2.95,3000,2.964,1000
2020-08-11 14:42:09.710,2.926,200.0,2.931,2.958444,2.93,2.936,2.924,12700,2.923,5000,2.922,400,2.92,288100,2.916,1000,2.915,10000,2.909,11800,2.904,200,2.9,10900,2.899,4000,2.926,9800,2.927,1600,2.933,6100,2.936,10000,2.937,9400,2.938,8900,2.939,9100,2.94,1900,2.95,3000,2.964,1000
2020-08-11 14:42:12.670,2.926,1000.0,2.931,2.958418,2.93,2.936,2.924,12700,2.923,5000,2.922,400,2.92,288100,2.916,1000,2.915,10000,2.909,11800,2.904,200,2.9,10900,2.899,4000,2.926,8800,2.927,1600,2.933,6100,2.936,10000,2.937,9400,2.938,8900,2.939,9100,2.94,1900,2.95,3000,2.964,1000
2020-08-11 14:42:15.460,2.926,600.0,2.931,2.958402,2.93,2.936,2.924,12700,2.923,5000,2.922,400,2.92,288100,2.916,1000,2.915,10000,2.909,11800,2.904,200,2.9,10900,2.899,4000,2.926,8200,2.927,1600,2.933,6100,2.936,10000,2.937,9400,2.938,8900,2.939,9100,2.94,1900,2.95,3000,2.964,1000
2020-08-11 14:42:36.730,2.926,400.0,2.931,2.9583909999999998,2.929,2.936,2.924,2700,2.923,5000,2.922,10400,2.92,288100,2.916,1000,2.915,10000,2.909,11800,2.904,200,2.9,10900,2.899,4000,2.926,7800,2.927,1600,2.933,6100,2.936,10000,2.937,9400,2.938,8900,2.939,9100,2.94,1900,2.95,3000,2.964,1000
2020-08-11 14:42:39.570,2.926,2500.0,2.931,2.958325,2.93,2.936,2.924,2700,2.923,5000,2.922,10400,2.92,288100,2.916,1000,2.915,10000,2.909,11800,2.904,200,2.9,10900,2.899,4000,2.926,5300,2.927,1600,2.933,6100,2.936,10000,2.937,9400,2.938,8900,2.939,9100,2.94,1900,2.95,3000,2.964,1000
2020-08-11 14:42:41.850,2.926,2500.0,2.931,2.9582599999999997,2.93,2.936,2.924,2700,2.923,5000,2.922,10400,2.92,288100,2.916,1000,2.915,10000,2.909,11800,2.904,200,2.9,10900,2.899,4000,2.926,2800,2.927,1600,2.933,6100,2.936,10000,2.937,9400,2.938,8900,2.939,9100,2.94,1900,2.95,3000,2.964,1000
2020-08-11 14:44:11.750,2.926,3000.0,2.931,2.958181,2.928,2.936,2.926,2600,2.924,2700,2.923,5100,2.922,10400,2.921,10000,2.92,288100,2.916,1000,2.915,10000,2.909,11800,2.904,200,2.927,1600,2.933,6100,2.936,10000,2.937,9400,2.938,8900,2.939,9100,2.94,1900,2.95,3000,2.964,1000,2.965,92100
2020-08-11 14:44:36.060,2.924,300.0,2.931,2.958173,2.927,2.936,2.924,2400,2.923,5100,2.922,10400,2.921,10000,2.916,1000,2.915,10000,2.909,11800,2.904,200,2.9,10900,2.899,4000,2.927,1600,2.932,10000,2.933,6100,2.936,10000,2.937,9400,2.938,8900,2.939,9100,2.94,1900,2.95,3000,2.964,1000
2020-08-11 14:45:04.910,2.924,1300.0,2.931,2.958137,2.925,2.936,2.924,1100,2.923,5100,2.922,400,2.919,10000,2.916,1000,2.915,10000,2.909,11800,2.904,200,2.9,10900,2.899,4000,2.926,6500,2.927,1600,2.932,10000,2.933,6100,2.936,10000,2.937,9400,2.938,8900,2.939,9100,2.94,1900,2.95,3000
2020-08-11 14:47:55.170,2.926,100.0,2.931,2.958135,2.924,2.936,2.924,21100,2.923,5100,2.922,400,2.92,49400,2.919,10000,2.916,100,2.915,10000,2.909,11800,2.904,200,2.9,10900,2.926,6400,2.927,1600,2.929,10000,2.93,10000,2.933,6100,2.937,9400,2.938,8900,2.939,9100,2.94,1900,2.95,3000
2020-08-11 14:48:00.860,2.924,5000.0,2.931,2.957997,2.924,2.936,2.924,16100,2.923,5100,2.922,400,2.92,49400,2.919,10000,2.916,100,2.915,10000,2.909,11800,2.904,200,2.9,10900,2.926,6400,2.927,1600,2.929,10000,2.93,10000,2.933,6100,2.937,9400,2.938,8900,2.939,9100,2.94,1900,2.95,3000
2020-08-11 14:48:56.990,2.924,1600.0,2.931,2.957953,2.921,2.936,2.924,14500,2.923,5100,2.922,400,2.92,39400,2.916,100,2.915,10000,2.904,200,2.9,10900,2.891,2000,2.888,25000,2.926,6400,2.927,11600,2.929,10000,2.93,10000,2.933,6100,2.937,9400,2.938,8900,2.939,9100,2.94,1900,2.95,3000
2020-08-11 14:48:57.390,2.924,400.0,2.931,2.9579419999999996,2.92,2.936,2.924,14500,2.923,5100,2.922,400,2.92,39400,2.916,100,2.915,10000,2.904,200,2.9,10900,2.891,2000,2.888,25000,2.926,6400,2.927,11600,2.929,10000,2.93,10000,2.933,6100,2.937,9400,2.938,8900,2.939,9100,2.94,1900,2.95,3000
2020-08-11 14:49:14.480,2.924,14100.0,2.931,2.957562,2.921,2.936,2.924,400,2.923,5100,2.922,400,2.92,39400,2.916,100,2.915,10000,2.904,200,2.9,10900,2.891,2000,2.888,25000,2.926,6400,2.927,11600,2.929,10000,2.933,6100,2.937,9400,2.938,8900,2.939,9100,2.94,1900,2.95,3000,2.964,1000
2020-08-11 14:49:18.460,2.926,100.0,2.931,2.957559,2.92,2.936,2.924,400,2.923,5100,2.922,400,2.92,39400,2.916,100,2.915,10000,2.904,200,2.9,10900,2.891,2000,2.888,25000,2.926,6300,2.927,11600,2.929,10000,2.933,6100,2.937,9400,2.938,8900,2.939,9100,2.94,1900,2.95,3000,2.964,1000
2020-08-11 14:49:21.460,2.924,400.0,2.931,2.957549,2.92,2.936,2.923,5100,2.922,400,2.92,39400,2.916,100,2.915,10000,2.904,200,2.9,10900,2.891,2000,2.888,25000,2.88,1000,2.924,9600,2.926,6300,2.927,11600,2.929,10000,2.933,6100,2.937,9400,2.938,8900,2.939,9100,2.94,1900,2.95,3000
2020-08-11 14:49:23.830,2.923,5100.0,2.931,2.957409,2.92,2.936,2.922,400,2.92,39400,2.916,100,2.915,10000,2.904,200,2.9,10900,2.891,2000,2.888,25000,2.88,1000,2.861,2000,2.923,4900,2.924,9600,2.926,6300,2.927,11600,2.929,10000,2.933,6100,2.937,9400,2.938,8900,2.939,9100,2.94,1900
2020-08-11 14:50:01.140,2.922,400.0,2.931,2.957398,2.918,2.936,2.92,39400,2.916,100,2.915,10000,2.904,200,2.9,10900,2.891,2000,2.888,25000,2.88,1000,2.861,2000,2.813,800,2.922,9600,2.923,4900,2.924,16400,2.926,6300,2.927,11600,2.929,10000,2.933,6100,2.937,9400,2.938,8900,2.939,9100
2020-08-11 14:50:58.670,2.92,39400.0,2.931,2.956267,2.915,2.936,2.916,100,2.915,10000,2.904,200,2.9,10900,2.891,2000,2.888,25000,2.88,1000,2.861,2000,2.813,800,2.788,100,2.92,600,2.921,10000,2.922,9600,2.923,14900,2.924,16400,2.926,6300,2.927,1600,2.933,6100,2.94,1900,2.95,3000
2020-08-11 14:51:28.910,2.919,1000.0,2.931,2.956238,2.915,2.936,2.916,100,2.915,10000,2.904,200,2.9,10900,2.891,2000,2.88,1000,2.861,2000,2.813,800,2.788,100,2.64,8500,2.919,9000,2.92,600,2.921,10000,2.922,9600,2.923,14900,2.924,16400,2.926,6300,2.927,1600,2.933,6100,2.94,1900
2020-08-11 14:51:57.820,2.919,400.0,2.931,2.956227,2.914,2.936,2.916,100,2.915,10000,2.904,200,2.9,10900,2.891,2000,2.88,1000,2.861,2000,2.813,800,2.788,100,2.638,100,2.919,8600,2.92,600,2.921,10000,2.922,9600,2.923,14900,2.924,16400,2.926,6300,2.927,1600,2.933,6100,2.94,1900
2020-08-11 14:52:34.940,2.918,400.0,2.931,2.9562150000000003,2.913,2.936,2.919,3000,2.916,100,2.915,10000,2.91,100,2.904,200,2.9,10900,2.891,2000,2.88,1000,2.861,2000,2.813,800,2.92,600,2.922,9600,2.923,4900,2.924,16400,2.926,6300,2.927,1600,2.933,6100,2.94,1900,2.95,3000,2.964,1000
2020-08-11 14:52:48.160,2.919,3000.0,2.931,2.9561290000000002,2.913,2.936,2.916,100,2.915,10000,2.91,100,2.904,200,2.901,19700,2.9,10900,2.891,2000,2.88,1000,2.861,2000,2.813,800,2.919,19800,2.92,600,2.922,9600,2.923,4900,2.924,16400,2.926,6300,2.927,1600,2.933,6100,2.94,1900,2.95,3000
2020-08-11 14:54:23.080,2.915,800.0,2.931,2.9561040000000003,2.911,2.936,2.915,9300,2.91,600,2.905,2600,2.904,200,2.901,19700,2.9,10900,2.88,1000,2.861,2000,2.813,800,2.788,100,2.918,8000,2.919,19800,2.924,6800,2.926,6300,2.927,1600,2.933,6100,2.94,1900,2.95,3000,2.964,1000,2.965,92100
2020-08-11 14:54:36.940,2.915,6800.0,2.931,2.955892,2.911,2.936,2.915,2500,2.91,600,2.905,2600,2.904,200,2.901,19700,2.9,10900,2.88,1000,2.861,2000,2.813,800,2.788,100,2.918,8000,2.919,19800,2.926,6300,2.927,1600,2.933,6100,2.94,1900,2.95,3000,2.964,1000,2.965,92100,2.967,1000
2020-08-11 14:55:51.890,2.915,200.0,2.931,2.955886,2.914,2.936,2.915,4700,2.913,1000,2.91,600,2.905,2600,2.904,200,2.901,19700,2.9,10900,2.88,1000,2.861,2000,2.813,800,2.918,8000,2.919,19800,2.926,6300,2.927,1600,2.933,6100,2.94,1900,2.95,3000,2.964,1000,2.965,92100,2.967,1000
2020-08-11 14:57:49.420,2.918,100.0,2.931,2.955883,2.916,2.936,2.915,5200,2.913,1000,2.91,600,2.905,2600,2.9,10900,2.88,1000,2.861,2000,2.813,800,2.788,100,2.638,100,2.918,7900,2.925,10000,2.926,6300,2.927,1600,2.933,6100,2.94,1900,2.95,3000,2.964,1000,2.965,92100,2.967,1000
2020-08-11 14:58:18.950,2.918,7900.0,2.931,2.955657,2.916,2.936,2.918,600,2.915,5200,2.913,1000,2.91,600,2.905,2600,2.9,10900,2.88,1000,2.861,2000,2.813,800,2.788,100,2.925,10000,2.926,6300,2.927,1600,2.933,6100,2.94,1900,2.95,3000,2.964,1000,2.965,92100,2.967,1000,2.968,24400
