Datetime,Price,Volume
2020-11-12 09:25:00.810,3.465,18000
2020-11-12 09:25:00.810,3.465,600
2020-11-12 09:25:00.810,3.465,1300
2020-11-12 09:25:00.810,3.465,5100
2020-11-12 09:25:00.810,3.465,9900
2020-11-12 09:25:00.810,3.465,1800
2020-11-12 09:25:00.810,3.465,13300
2020-11-12 09:25:00.810,3.465,30000
2020-11-12 09:25:00.810,3.465,11100
2020-11-12 09:25:00.810,3.465,50000
2020-11-12 09:25:00.810,3.465,5800
2020-11-12 09:25:00.810,3.465,1400
2020-11-12 09:25:00.810,3.465,200
2020-11-12 09:25:00.810,3.465,200
2020-11-12 09:25:00.810,3.465,200
2020-11-12 09:25:00.810,3.465,200
2020-11-12 09:25:00.810,3.465,7600
2020-11-12 09:25:00.810,3.465,2900
2020-11-12 09:25:00.810,3.465,1000
2020-11-12 09:25:00.810,3.465,500
2020-11-12 09:25:00.810,3.465,3600
2020-11-12 09:25:00.810,3.465,3800
2020-11-12 09:25:00.810,3.465,200
2020-11-12 09:25:00.810,3.465,5000
2020-11-12 09:25:00.810,3.465,22000
2020-11-12 09:25:00.810,3.465,300
2020-11-12 09:25:00.810,3.465,200
2020-11-12 09:25:00.810,3.465,300
2020-11-12 09:25:00.810,3.465,4100
2020-11-12 09:25:00.810,3.465,4200
2020-11-12 09:25:00.810,3.465,10000
2020-11-12 09:25:00.810,3.465,300
2020-11-12 09:25:00.810,3.465,100
2020-11-12 09:25:00.810,3.465,100
2020-11-12 09:25:00.810,3.465,3900
2020-11-12 09:25:00.810,3.465,4300
2020-11-12 09:25:00.810,3.465,300
2020-11-12 09:25:00.810,3.465,200
2020-11-12 09:25:00.810,3.465,11600
2020-11-12 09:25:00.810,3.465,300
2020-11-12 09:25:00.810,3.465,67800
2020-11-12 09:25:00.810,3.465,200
2020-11-12 09:25:00.810,3.465,2700
2020-11-12 09:25:00.810,3.465,5800
2020-11-12 09:25:00.810,3.465,300
2020-11-12 09:25:00.810,3.465,2000
2020-11-12 09:25:00.810,3.465,3000
2020-11-12 09:25:00.810,3.465,1500
2020-11-12 09:25:00.810,3.465,800
2020-11-12 09:25:00.810,3.465,53700
2020-11-12 09:25:00.810,3.465,50000
2020-11-12 09:25:00.810,3.465,200
2020-11-12 09:25:00.810,3.465,16100
2020-11-12 09:25:00.810,3.465,23700
2020-11-12 09:25:00.810,3.465,200
2020-11-12 09:25:00.810,3.465,39800
2020-11-12 09:25:00.810,3.465,2000
2020-11-12 09:25:00.810,3.465,20000
2020-11-12 09:25:00.810,3.465,200
2020-11-12 09:25:00.810,3.465,14000
2020-11-12 09:25:00.810,3.465,100
2020-11-12 09:25:00.810,3.465,10000
2020-11-12 09:25:00.810,3.465,500
2020-11-12 09:25:00.810,3.465,6000
2020-11-12 09:25:00.810,3.465,3000
2020-11-12 09:25:00.810,3.465,300
2020-11-12 09:25:00.810,3.465,2900
2020-11-12 09:25:00.810,3.465,100
2020-11-12 09:25:00.810,3.465,14400
2020-11-12 09:25:00.810,3.465,12700
2020-11-12 09:25:00.810,3.465,2800
2020-11-12 09:25:00.810,3.465,2900
2020-11-12 09:25:00.810,3.465,1000
2020-11-12 09:25:00.810,3.465,1500
2020-11-12 09:25:00.810,3.465,200
2020-11-12 09:25:00.810,3.465,1100
2020-11-12 09:25:00.810,3.465,200
2020-11-12 09:25:00.810,3.465,100
2020-11-12 09:25:00.810,3.465,200
2020-11-12 09:25:00.810,3.465,2000
2020-11-12 09:25:00.810,3.465,800
2020-11-12 09:25:00.810,3.465,39300
2020-11-12 09:25:00.810,3.465,1000
2020-11-12 09:25:00.810,3.465,500
2020-11-12 09:25:00.810,3.465,1000
2020-11-12 09:25:00.810,3.465,10000
2020-11-12 09:25:00.810,3.465,5900
2020-11-12 09:25:00.810,3.465,3500
2020-11-12 09:25:00.810,3.465,400
2020-11-12 09:25:00.810,3.465,200
2020-11-12 09:25:00.810,3.465,4000
2020-11-12 09:25:00.810,3.465,19200
2020-11-12 09:30:00.400,3.466,3900
2020-11-12 09:30:00.400,3.466,300
2020-11-12 09:30:00.400,3.466,3000
2020-11-12 09:30:00.400,3.466,2800
2020-11-12 09:30:00.500,3.466,3000
2020-11-12 09:30:00.500,3.466,1000
2020-11-12 09:30:00.610,3.466,1000
2020-11-12 09:30:00.870,3.466,10000
2020-11-12 09:30:00.870,3.465,154000
2020-11-12 09:30:00.870,3.465,2000
2020-11-12 09:30:00.870,3.465,300
2020-11-12 09:30:00.870,3.465,20000
2020-11-12 09:30:00.870,3.465,35000
2020-11-12 09:30:00.870,3.465,100
2020-11-12 09:30:00.870,3.465,2000
2020-11-12 09:30:00.870,3.465,500
2020-11-12 09:30:00.870,3.465,1000
2020-11-12 09:30:00.870,3.465,100
2020-11-12 09:30:00.870,3.465,300
2020-11-12 09:30:00.870,3.465,50000
2020-11-12 09:30:00.870,3.465,100
2020-11-12 09:30:00.870,3.465,1200
2020-11-12 09:30:00.870,3.466,200
2020-11-12 09:30:00.870,3.466,3500
2020-11-12 09:30:00.870,3.466,2000
2020-11-12 09:30:00.870,3.465,18800
2020-11-12 09:30:00.980,3.466,2900
2020-11-12 09:30:01.110,3.466,500
2020-11-12 09:30:01.110,3.465,3400
2020-11-12 09:30:01.110,3.465,200
2020-11-12 09:30:01.110,3.465,1400
2020-11-12 09:30:01.110,3.465,1000
2020-11-12 09:30:01.220,3.465,4000
2020-11-12 09:30:01.220,3.466,2600
2020-11-12 09:30:01.220,3.466,66600
2020-11-12 09:30:01.220,3.466,2100
2020-11-12 09:30:01.220,3.467,300
2020-11-12 09:30:01.220,3.467,1000
2020-11-12 09:30:01.220,3.468,300
2020-11-12 09:30:01.220,3.468,3000
2020-11-12 09:30:01.220,3.468,100
2020-11-12 09:30:01.220,3.468,1000
2020-11-12 09:30:01.220,3.468,7300
2020-11-12 09:30:01.340,3.468,10000
2020-11-12 09:30:01.340,3.466,80000
2020-11-12 09:30:01.570,3.466,4100
2020-11-12 09:30:01.570,3.467,2000
2020-11-12 09:30:01.570,3.467,11000
2020-11-12 09:30:01.710,3.467,40000
2020-11-12 09:30:01.820,3.467,30000
2020-11-12 09:30:01.820,3.467,4100
2020-11-12 09:30:01.820,3.467,10000
2020-11-12 09:30:02.050,3.467,50000
2020-11-12 09:30:02.050,3.467,2900
2020-11-12 09:30:02.050,3.468,1500
2020-11-12 09:30:02.050,3.467,5100
2020-11-12 09:30:02.160,3.467,9200
2020-11-12 09:30:02.260,3.467,3000
2020-11-12 09:30:02.370,3.468,3000
2020-11-12 09:30:02.480,3.467,20000
2020-11-12 09:30:02.480,3.468,78200
2020-11-12 09:30:02.480,3.468,13000
2020-11-12 09:30:02.480,3.468,38200
2020-11-12 09:30:02.600,3.468,9100
2020-11-12 09:30:02.920,3.468,50000
2020-11-12 09:30:03.100,3.468,28600
2020-11-12 09:30:03.100,3.468,100000
2020-11-12 09:30:03.150,3.468,50000
2020-11-12 09:30:03.150,3.468,80000
2020-11-12 09:30:03.150,3.468,15000
2020-11-12 09:30:03.240,3.468,100
2020-11-12 09:30:03.300,3.468,65500
2020-11-12 09:30:03.350,3.469,10000
2020-11-12 09:30:03.350,3.469,10000
2020-11-12 09:30:03.350,3.469,300
2020-11-12 09:30:03.350,3.469,100
2020-11-12 09:30:03.350,3.469,5000
2020-11-12 09:30:03.350,3.469,3000
2020-11-12 09:30:03.350,3.469,200
2020-11-12 09:30:03.660,3.469,300
2020-11-12 09:30:03.690,3.469,100
2020-11-12 09:30:03.820,3.469,3000
2020-11-12 09:30:04.380,3.469,1800
2020-11-12 09:30:04.610,3.469,1400
2020-11-12 09:30:05.000,3.47,200
2020-11-12 09:30:05.000,3.47,10000
2020-11-12 09:30:05.000,3.47,5400
2020-11-12 09:30:05.000,3.47,600
2020-11-12 09:30:05.000,3.47,10000
2020-11-12 09:30:05.000,3.47,3000
2020-11-12 09:30:05.000,3.47,300
2020-11-12 09:30:05.000,3.47,10000
2020-11-12 09:30:05.000,3.471,6600
2020-11-12 09:30:05.000,3.471,10000
2020-11-12 09:30:05.000,3.471,600
2020-11-12 09:30:05.000,3.471,300
2020-11-12 09:30:05.000,3.471,3000
2020-11-12 09:30:05.000,3.471,200
2020-11-12 09:30:05.030,3.471,3000
2020-11-12 09:30:05.600,3.471,30000
2020-11-12 09:30:05.800,3.471,6000
2020-11-12 09:30:05.880,3.471,600
2020-11-12 09:30:05.940,3.471,35000
2020-11-12 09:30:06.020,3.471,1500
2020-11-12 09:30:06.740,3.471,100
2020-11-12 09:30:06.940,3.471,60000
2020-11-12 09:30:08.550,3.471,1000
2020-11-12 09:30:08.650,3.471,1000
2020-11-12 09:30:08.980,3.471,8700
2020-11-12 09:30:09.860,3.471,1000
2020-11-12 09:30:10.180,3.471,91900
2020-11-12 09:30:10.180,3.471,203800
2020-11-12 09:30:10.730,3.471,96200
2020-11-12 09:30:16.830,3.468,200
2020-11-12 09:30:16.830,3.468,200
2020-11-12 09:30:20.580,3.468,2000
2020-11-12 09:30:21.410,3.468,500
2020-11-12 09:30:21.980,3.467,3000
2020-11-12 09:30:21.980,3.467,800
2020-11-12 09:30:21.980,3.466,1000
2020-11-12 09:30:21.980,3.466,10000
2020-11-12 09:30:21.980,3.466,100
2020-11-12 09:30:21.980,3.466,300
2020-11-12 09:30:21.980,3.466,500
2020-11-12 09:30:21.980,3.466,1000
2020-11-12 09:30:21.980,3.466,200
2020-11-12 09:30:21.980,3.466,800
2020-11-12 09:30:21.980,3.466,2300
2020-11-12 09:30:25.760,3.468,2800
2020-11-12 09:30:26.750,3.466,2700
2020-11-12 09:30:26.750,3.466,300
2020-11-12 09:30:26.750,3.466,10000
2020-11-12 09:30:26.750,3.466,10000
2020-11-12 09:30:26.750,3.466,200
2020-11-12 09:30:26.750,3.466,15600
2020-11-12 09:30:26.750,3.466,1000
2020-11-12 09:30:26.750,3.466,5400
2020-11-12 09:30:26.750,3.466,1500
2020-11-12 09:30:26.750,3.466,3800
2020-11-12 09:30:26.750,3.466,8700
2020-11-12 09:30:26.750,3.466,300
2020-11-12 09:30:26.750,3.466,10000
2020-11-12 09:30:26.750,3.466,1000
2020-11-12 09:30:26.750,3.466,100
2020-11-12 09:30:26.750,3.466,2000
2020-11-12 09:30:26.750,3.466,700
2020-11-12 09:30:26.750,3.466,800
2020-11-12 09:30:26.750,3.466,32000
2020-11-12 09:30:26.750,3.466,144600
2020-11-12 09:30:26.750,3.466,7400
2020-11-12 09:30:26.750,3.466,200
2020-11-12 09:30:26.750,3.466,4300
2020-11-12 09:30:27.110,3.467,3800
2020-11-12 09:30:27.220,3.467,1000
2020-11-12 09:30:28.160,3.466,50000
2020-11-12 09:30:28.770,3.467,1200
2020-11-12 09:30:28.770,3.467,4700
2020-11-12 09:30:30.480,3.466,15700
2020-11-12 09:30:30.480,3.466,1000
2020-11-12 09:30:30.480,3.466,2000
2020-11-12 09:30:30.480,3.466,30000
2020-11-12 09:30:39.370,3.466,30000
2020-11-12 09:30:39.460,3.466,100
2020-11-12 09:30:39.680,3.466,187900
2020-11-12 09:30:39.680,3.466,5000
2020-11-12 09:30:39.680,3.466,26000
2020-11-12 09:30:39.680,3.466,7200
2020-11-12 09:30:39.680,3.467,66700
2020-11-12 09:30:44.580,3.467,5700
2020-11-12 09:30:47.270,3.468,600
2020-11-12 09:30:47.390,3.467,24300
2020-11-12 09:30:47.390,3.467,10000
2020-11-12 09:30:49.260,3.466,1100
2020-11-12 09:30:51.160,3.467,10700
2020-11-12 09:30:51.160,3.467,5000
2020-11-12 09:30:51.160,3.467,14300
2020-11-12 09:30:53.350,3.467,1400
2020-11-12 09:30:57.820,3.466,600
2020-11-12 09:30:58.980,3.466,1000
2020-11-12 09:30:59.710,3.467,10200
2020-11-12 09:30:59.710,3.467,7000
2020-11-12 09:30:59.710,3.467,4000
2020-11-12 09:31:00.400,3.467,66700
2020-11-12 09:31:00.400,3.467,212100
2020-11-12 09:31:00.400,3.467,30000
2020-11-12 09:31:00.400,3.467,10000
2020-11-12 09:31:00.400,3.466,14600
2020-11-12 09:31:01.040,3.468,39400
2020-11-12 09:31:01.040,3.468,15000
2020-11-12 09:31:01.040,3.468,1200
2020-11-12 09:31:01.850,3.468,300
2020-11-12 09:31:02.450,3.468,70800
2020-11-12 09:31:05.380,3.468,100
2020-11-12 09:31:08.540,3.468,6000
2020-11-12 09:31:08.900,3.468,30000
2020-11-12 09:31:09.390,3.468,22600
2020-11-12 09:31:10.840,3.468,2600
2020-11-12 09:31:14.430,3.469,1000
2020-11-12 09:31:14.430,3.469,6100
2020-11-12 09:31:14.430,3.469,6000
2020-11-12 09:31:15.080,3.469,600
2020-11-12 09:31:15.080,3.469,12500
2020-11-12 09:31:15.470,3.469,13100
2020-11-12 09:31:15.810,3.469,400
2020-11-12 09:31:15.810,3.469,100
2020-11-12 09:31:16.440,3.469,38100
2020-11-12 09:31:18.340,3.469,200
2020-11-12 09:31:19.040,3.469,100
2020-11-12 09:31:19.320,3.47,100
2020-11-12 09:31:19.320,3.47,1000
2020-11-12 09:31:19.320,3.47,5000
2020-11-12 09:31:19.590,3.471,100
2020-11-12 09:31:19.590,3.471,1000
2020-11-12 09:31:19.590,3.471,9800
2020-11-12 09:31:19.590,3.471,1000
2020-11-12 09:31:19.590,3.471,9400
2020-11-12 09:31:19.590,3.471,1000
2020-11-12 09:31:19.590,3.471,700
2020-11-12 09:31:19.590,3.471,3000
2020-11-12 09:31:21.030,3.471,574000
2020-11-12 09:31:21.030,3.47,426000
2020-11-12 09:31:24.180,3.47,600
2020-11-12 09:31:29.230,3.47,5000
2020-11-12 09:31:29.610,3.47,5000
2020-11-12 09:31:29.610,3.469,5000
2020-11-12 09:31:33.920,3.47,100
2020-11-12 09:31:35.050,3.471,2000
2020-11-12 09:31:36.510,3.47,900
2020-11-12 09:31:36.510,3.47,500
2020-11-12 09:31:41.600,3.47,5000
2020-11-12 09:31:42.510,3.469,100
2020-11-12 09:31:42.840,3.47,12400
2020-11-12 09:31:42.840,3.47,10000
2020-11-12 09:31:42.840,3.47,10000
2020-11-12 09:31:44.530,3.471,13000
2020-11-12 09:31:44.530,3.471,3000
2020-11-12 09:31:44.530,3.471,266600
2020-11-12 09:31:44.530,3.471,17400
2020-11-12 09:31:44.920,3.471,167700
2020-11-12 09:31:44.920,3.471,1300
2020-11-12 09:31:44.920,3.471,15000
2020-11-12 09:31:45.600,3.471,69569
2020-11-12 09:31:49.680,3.472,3000
2020-11-12 09:31:49.680,3.472,10000
2020-11-12 09:31:49.680,3.472,2400
2020-11-12 09:31:49.680,3.472,6000
2020-11-12 09:31:49.680,3.472,3500
2020-11-12 09:31:49.680,3.472,3000
2020-11-12 09:31:49.680,3.472,37300
2020-11-12 09:31:49.680,3.472,1000
2020-11-12 09:31:49.680,3.472,66600
2020-11-12 09:31:49.680,3.472,5000
2020-11-12 09:31:49.680,3.472,15000
2020-11-12 09:31:49.680,3.473,10000
2020-11-12 09:31:49.680,3.473,400
2020-11-12 09:31:49.680,3.473,10000
2020-11-12 09:31:49.680,3.473,7000
2020-11-12 09:31:49.680,3.473,3000
2020-11-12 09:31:49.680,3.473,2000
2020-11-12 09:31:49.680,3.473,500
2020-11-12 09:31:49.680,3.473,114300
2020-11-12 09:31:50.010,3.471,300
2020-11-12 09:31:50.330,3.471,5300
2020-11-12 09:31:52.270,3.471,10000
2020-11-12 09:31:52.710,3.473,2000
2020-11-12 09:31:53.390,3.473,10700
2020-11-12 09:31:55.020,3.473,4600
2020-11-12 09:31:57.120,3.471,300
2020-11-12 09:31:58.830,3.471,5100
2020-11-12 09:32:00.490,3.472,60000
2020-11-12 09:32:01.500,3.472,1000
2020-11-12 09:32:01.650,3.471,100
2020-11-12 09:32:02.250,3.471,3000
2020-11-12 09:32:05.080,3.471,20000
2020-11-12 09:32:05.670,3.471,2031
2020-11-12 09:32:05.670,3.471,969
2020-11-12 09:32:05.900,3.471,9031
2020-11-12 09:32:06.460,3.471,800
2020-11-12 09:32:07.100,3.471,1000
2020-11-12 09:32:08.410,3.471,2000
2020-11-12 09:32:09.680,3.471,20000
2020-11-12 09:32:10.760,3.47,1000
2020-11-12 09:32:10.760,3.47,2500
2020-11-12 09:32:10.760,3.47,50000
2020-11-12 09:32:11.540,3.47,300
2020-11-12 09:32:12.150,3.469,8600
2020-11-12 09:32:12.150,3.469,900
2020-11-12 09:32:12.150,3.469,1500
2020-11-12 09:32:12.150,3.469,200
2020-11-12 09:32:12.210,3.469,200
2020-11-12 09:32:12.950,3.469,15000
2020-11-12 09:32:13.900,3.469,11100
2020-11-12 09:32:14.130,3.469,25000
2020-11-12 09:32:14.770,3.469,3000
2020-11-12 09:32:15.530,3.469,234500
2020-11-12 09:32:17.290,3.47,10000
2020-11-12 09:32:18.380,3.47,2000
2020-11-12 09:32:22.200,3.47,1000
2020-11-12 09:32:23.240,3.47,100
2020-11-12 09:32:25.230,3.47,1000
2020-11-12 09:32:26.750,3.47,5000
2020-11-12 09:32:26.800,3.469,1000
2020-11-12 09:32:26.800,3.469,300
2020-11-12 09:32:26.980,3.469,100
2020-11-12 09:32:27.250,3.468,2000
2020-11-12 09:32:28.080,3.469,1600
2020-11-12 09:32:28.080,3.469,400
2020-11-12 09:32:29.290,3.468,3000
2020-11-12 09:32:29.730,3.468,5000
2020-11-12 09:32:32.330,3.468,1000
2020-11-12 09:32:35.890,3.468,1000
2020-11-12 09:32:36.870,3.469,6700
2020-11-12 09:32:37.350,3.468,100000
2020-11-12 09:32:37.350,3.468,200000
2020-11-12 09:32:39.830,3.468,28700
2020-11-12 09:32:40.160,3.468,1500
2020-11-12 09:32:40.800,3.469,100
2020-11-12 09:32:41.700,3.469,100
2020-11-12 09:32:41.760,3.469,3000
2020-11-12 09:32:42.310,3.468,200
2020-11-12 09:32:42.670,3.468,69600
2020-11-12 09:32:42.670,3.468,100
2020-11-12 09:32:42.670,3.468,2000
2020-11-12 09:32:42.670,3.468,2000
2020-11-12 09:32:42.670,3.468,6800
2020-11-12 09:32:42.670,3.468,5500
2020-11-12 09:32:42.670,3.468,300
2020-11-12 09:32:42.670,3.468,3000
2020-11-12 09:32:42.670,3.468,100
2020-11-12 09:32:42.670,3.468,200
2020-11-12 09:32:42.670,3.468,6000
2020-11-12 09:32:42.670,3.468,2000
2020-11-12 09:32:42.670,3.468,1100
2020-11-12 09:32:42.670,3.468,5500
2020-11-12 09:32:42.670,3.468,100
2020-11-12 09:32:45.290,3.468,6300
2020-11-12 09:32:45.440,3.468,2600
2020-11-12 09:32:45.440,3.468,10000
2020-11-12 09:32:45.440,3.469,37900
2020-11-12 09:32:48.790,3.468,2200
2020-11-12 09:32:49.570,3.468,37800
2020-11-12 09:32:49.570,3.468,100
2020-11-12 09:32:53.660,3.469,3000
2020-11-12 09:32:54.130,3.468,100
2020-11-12 09:32:54.610,3.468,14000
2020-11-12 09:32:55.870,3.468,1700
2020-11-12 09:32:56.370,3.469,100
2020-11-12 09:32:59.650,3.469,1500
2020-11-12 09:33:00.440,3.468,246300
2020-11-12 09:33:00.710,3.467,100
2020-11-12 09:33:00.710,3.467,200
2020-11-12 09:33:00.710,3.467,400
2020-11-12 09:33:00.710,3.467,2100
2020-11-12 09:33:01.480,3.468,5000
2020-11-12 09:33:03.690,3.468,2100
2020-11-12 09:33:03.850,3.467,19000
2020-11-12 09:33:05.940,3.467,100
2020-11-12 09:33:06.800,3.467,1500
2020-11-12 09:33:07.590,3.468,2000
2020-11-12 09:33:09.500,3.467,13400
2020-11-12 09:33:09.500,3.467,1000
2020-11-12 09:33:09.500,3.467,200
2020-11-12 09:33:09.500,3.467,500
2020-11-12 09:33:09.500,3.467,2000
2020-11-12 09:33:09.500,3.467,131900
2020-11-12 09:33:09.500,3.467,40000
2020-11-12 09:33:09.500,3.467,2000
2020-11-12 09:33:09.500,3.467,10000
2020-11-12 09:33:09.500,3.467,10000
2020-11-12 09:33:10.460,3.466,30000
2020-11-12 09:33:10.460,3.466,500
2020-11-12 09:33:10.460,3.466,2000
2020-11-12 09:33:10.460,3.466,5000
2020-11-12 09:33:10.460,3.466,2600
2020-11-12 09:33:10.460,3.466,5000
2020-11-12 09:33:10.460,3.466,15000
2020-11-12 09:33:10.460,3.466,300
2020-11-12 09:33:10.460,3.466,1000
2020-11-12 09:33:10.460,3.466,5000
2020-11-12 09:33:10.460,3.466,100
2020-11-12 09:33:10.460,3.466,200
2020-11-12 09:33:10.460,3.466,1000
2020-11-12 09:33:10.460,3.466,15000
2020-11-12 09:33:10.460,3.466,1200
2020-11-12 09:33:10.460,3.466,100
2020-11-12 09:33:10.460,3.466,1000
2020-11-12 09:33:10.460,3.466,10000
2020-11-12 09:33:11.290,3.466,200
2020-11-12 09:33:14.540,3.466,100
2020-11-12 09:33:15.640,3.466,10000
2020-11-12 09:33:15.670,3.465,9700
2020-11-12 09:33:15.670,3.465,3000
2020-11-12 09:33:15.670,3.465,200
2020-11-12 09:33:15.670,3.465,57700
2020-11-12 09:33:15.670,3.465,3000
2020-11-12 09:33:15.670,3.465,50000
2020-11-12 09:33:15.670,3.465,10000
2020-11-12 09:33:15.670,3.465,20000
2020-11-12 09:33:15.670,3.465,3000
2020-11-12 09:33:15.670,3.465,5500
2020-11-12 09:33:15.670,3.465,300
2020-11-12 09:33:15.670,3.465,2600
2020-11-12 09:33:17.340,3.464,2900
2020-11-12 09:33:17.340,3.464,200
2020-11-12 09:33:17.340,3.464,200
2020-11-12 09:33:17.340,3.464,5000
2020-11-12 09:33:17.340,3.464,100
2020-11-12 09:33:17.340,3.464,2000
2020-11-12 09:33:17.340,3.464,300
2020-11-12 09:33:17.340,3.464,100
2020-11-12 09:33:17.340,3.464,100
2020-11-12 09:33:17.340,3.464,500
2020-11-12 09:33:17.340,3.464,8600
2020-11-12 09:33:17.420,3.464,1500
2020-11-12 09:33:17.420,3.464,5000
2020-11-12 09:33:17.420,3.464,300
2020-11-12 09:33:17.420,3.464,50000
2020-11-12 09:33:17.420,3.464,300
2020-11-12 09:33:17.420,3.464,100
2020-11-12 09:33:17.420,3.464,142800
2020-11-12 09:33:18.660,3.465,30000
2020-11-12 09:33:19.220,3.465,1000
2020-11-12 09:33:19.310,3.465,1100
2020-11-12 09:33:19.780,3.465,500
2020-11-12 09:33:20.820,3.465,100
2020-11-12 09:33:20.820,3.464,58700
2020-11-12 09:33:20.820,3.464,2000
2020-11-12 09:33:20.820,3.464,1000
2020-11-12 09:33:20.820,3.464,30000
2020-11-12 09:33:20.820,3.464,90100
2020-11-12 09:33:21.780,3.466,2800
2020-11-12 09:33:23.250,3.466,200
2020-11-12 09:33:23.930,3.464,38700
2020-11-12 09:33:23.960,3.465,1000
2020-11-12 09:33:23.960,3.466,400
2020-11-12 09:33:24.250,3.466,5000
2020-11-12 09:33:24.280,3.464,287700
2020-11-12 09:33:25.510,3.466,6400
2020-11-12 09:33:25.890,3.466,1900
2020-11-12 09:33:27.680,3.465,10000
2020-11-12 09:33:27.680,3.465,13800
2020-11-12 09:33:29.000,3.466,2800
2020-11-12 09:33:29.260,3.465,10700
2020-11-12 09:33:29.480,3.465,1800
2020-11-12 09:33:29.480,3.465,15200
2020-11-12 09:33:29.920,3.465,400
2020-11-12 09:33:30.500,3.465,266700
2020-11-12 09:33:30.530,3.465,17700
2020-11-12 09:33:30.530,3.465,5000
2020-11-12 09:33:30.530,3.464,7900
2020-11-12 09:33:31.780,3.464,22100
2020-11-12 09:33:31.780,3.464,10200
2020-11-12 09:33:31.780,3.464,17700
2020-11-12 09:33:32.040,3.466,2000
2020-11-12 09:33:32.430,3.464,2600
2020-11-12 09:33:34.690,3.464,300
2020-11-12 09:33:35.220,3.464,9700
2020-11-12 09:33:36.380,3.464,200
2020-11-12 09:33:37.760,3.463,200
2020-11-12 09:33:37.760,3.463,200
2020-11-12 09:33:37.760,3.463,5300
2020-11-12 09:33:40.160,3.464,20000
2020-11-12 09:33:41.320,3.464,100
2020-11-12 09:33:41.320,3.464,1300
2020-11-12 09:33:41.320,3.464,30700
2020-11-12 09:33:41.530,3.465,1000
2020-11-12 09:33:41.530,3.465,9000
2020-11-12 09:33:41.610,3.464,1000
2020-11-12 09:33:41.970,3.465,34400
2020-11-12 09:33:42.830,3.465,100
2020-11-12 09:33:44.160,3.465,265500
2020-11-12 09:33:44.160,3.465,34500
2020-11-12 09:33:45.250,3.465,1200
2020-11-12 09:33:45.820,3.465,264300
2020-11-12 09:33:49.070,3.464,116000
2020-11-12 09:33:50.290,3.464,150600
2020-11-12 09:33:50.290,3.464,1000
2020-11-12 09:33:50.290,3.464,1000
2020-11-12 09:33:50.290,3.464,100
2020-11-12 09:33:50.290,3.464,3000
2020-11-12 09:33:50.290,3.464,30000
2020-11-12 09:33:50.290,3.464,30000
2020-11-12 09:33:50.420,3.464,200
2020-11-12 09:33:50.930,3.464,30000
2020-11-12 09:33:51.880,3.464,30000
2020-11-12 09:33:52.410,3.464,5000
2020-11-12 09:33:52.440,3.464,7600
2020-11-12 09:33:53.400,3.464,3100
2020-11-12 09:33:54.050,3.464,500
2020-11-12 09:33:54.050,3.464,500
2020-11-12 09:33:54.140,3.464,7400
2020-11-12 09:33:54.140,3.464,100
2020-11-12 09:33:55.780,3.464,400
2020-11-12 09:33:58.330,3.464,14300
2020-11-12 09:33:58.620,3.464,100
2020-11-12 09:33:59.330,3.465,1100
2020-11-12 09:33:59.330,3.465,100
2020-11-12 09:33:59.330,3.465,1000
2020-11-12 09:33:59.330,3.465,2000
2020-11-12 09:33:59.330,3.465,11000
2020-11-12 09:34:00.430,3.464,266700
2020-11-12 09:34:01.430,3.465,4000
2020-11-12 09:34:01.430,3.465,66700
2020-11-12 09:34:03.600,3.465,900
2020-11-12 09:34:04.770,3.465,400
2020-11-12 09:34:05.610,3.466,200
2020-11-12 09:34:07.480,3.465,2800
2020-11-12 09:34:07.480,3.464,2000
2020-11-12 09:34:07.480,3.464,1000
2020-11-12 09:34:07.480,3.464,5000
2020-11-12 09:34:07.480,3.464,1100
2020-11-12 09:34:07.480,3.464,7000
2020-11-12 09:34:11.170,3.465,300
2020-11-12 09:34:13.880,3.464,8400
2020-11-12 09:34:19.690,3.464,12800
2020-11-12 09:34:20.750,3.464,20000
2020-11-12 09:34:24.970,3.464,1000
2020-11-12 09:34:27.470,3.464,11600
2020-11-12 09:34:30.420,3.464,39200
2020-11-12 09:34:30.420,3.464,100000
2020-11-12 09:34:30.420,3.464,20000
2020-11-12 09:34:30.420,3.464,10000
2020-11-12 09:34:30.420,3.464,5000
2020-11-12 09:34:30.420,3.464,1000
2020-11-12 09:34:30.420,3.464,2000
2020-11-12 09:34:30.420,3.464,1000
2020-11-12 09:34:30.420,3.464,200
2020-11-12 09:34:31.200,3.464,88200
2020-11-12 09:34:31.200,3.464,9000
2020-11-12 09:34:33.770,3.464,10000
2020-11-12 09:34:33.830,3.464,15200
2020-11-12 09:34:35.080,3.464,200
2020-11-12 09:34:38.520,3.465,1000
2020-11-12 09:34:38.900,3.464,6300
2020-11-12 09:34:40.710,3.465,18700
2020-11-12 09:34:40.710,3.465,2900
2020-11-12 09:34:40.710,3.465,700
2020-11-12 09:34:40.710,3.465,2200
2020-11-12 09:34:40.710,3.465,46400
2020-11-12 09:34:40.710,3.465,38200
2020-11-12 09:34:40.710,3.465,700
2020-11-12 09:34:40.710,3.465,3300
2020-11-12 09:34:40.710,3.465,500
2020-11-12 09:34:40.710,3.465,11400
2020-11-12 09:34:40.710,3.465,5800
2020-11-12 09:34:40.710,3.465,66600
2020-11-12 09:34:40.710,3.465,102600
2020-11-12 09:34:41.160,3.465,135900
2020-11-12 09:34:41.360,3.464,200
2020-11-12 09:34:41.540,3.465,61500
2020-11-12 09:34:41.540,3.465,39000
2020-11-12 09:34:42.760,3.465,5000
2020-11-12 09:34:44.040,3.465,500
2020-11-12 09:34:45.830,3.465,7100
2020-11-12 09:34:48.060,3.465,1000
2020-11-12 09:34:48.090,3.466,66500
2020-11-12 09:34:48.090,3.466,4000
2020-11-12 09:34:48.090,3.466,4000
2020-11-12 09:34:48.090,3.466,39000
2020-11-12 09:34:48.090,3.466,10000
2020-11-12 09:34:48.090,3.466,43400
2020-11-12 09:34:48.090,3.466,500
2020-11-12 09:34:48.090,3.466,100
2020-11-12 09:34:49.180,3.466,3000
2020-11-12 09:34:51.470,3.466,400
2020-11-12 09:34:51.470,3.466,600
2020-11-12 09:34:52.670,3.466,60000
2020-11-12 09:34:54.340,3.467,1000
2020-11-12 09:34:54.340,3.467,40000
2020-11-12 09:34:54.340,3.467,37200
2020-11-12 09:34:54.340,3.467,3300
2020-11-12 09:34:54.340,3.467,2000
2020-11-12 09:34:54.340,3.467,19000
2020-11-12 09:34:56.870,3.467,26500
2020-11-12 09:34:56.870,3.467,3000
2020-11-12 09:34:57.010,3.467,200
2020-11-12 09:34:59.060,3.466,1500
2020-11-12 09:35:00.090,3.467,2000
2020-11-12 09:35:00.210,3.467,100
2020-11-12 09:35:00.480,3.467,3200
2020-11-12 09:35:00.480,3.467,3800
2020-11-12 09:35:03.250,3.466,11900
2020-11-12 09:35:05.670,3.467,11000
2020-11-12 09:35:05.670,3.467,500
2020-11-12 09:35:07.700,3.467,29500
2020-11-12 09:35:08.160,3.466,100
2020-11-12 09:35:08.350,3.467,5000
2020-11-12 09:35:08.350,3.467,14000
2020-11-12 09:35:08.430,3.467,252700
2020-11-12 09:35:08.430,3.467,4600
2020-11-12 09:35:08.430,3.467,7000
2020-11-12 09:35:08.430,3.467,300
2020-11-12 09:35:08.900,3.467,35400
2020-11-12 09:35:08.990,3.467,200
2020-11-12 09:35:09.080,3.467,13800
2020-11-12 09:35:09.580,3.467,11400
2020-11-12 09:35:10.270,3.467,10000
2020-11-12 09:35:11.720,3.467,10400
2020-11-12 09:35:12.160,3.467,63500
2020-11-12 09:35:12.470,3.467,16500
2020-11-12 09:35:12.590,3.468,300
2020-11-12 09:35:13.380,3.468,10900
2020-11-12 09:35:13.380,3.468,26000
2020-11-12 09:35:13.380,3.468,5000
2020-11-12 09:35:13.380,3.468,1000
2020-11-12 09:35:13.380,3.468,66700
2020-11-12 09:35:13.380,3.468,500
2020-11-12 09:35:13.380,3.468,10000
2020-11-12 09:35:14.680,3.467,300000
2020-11-12 09:35:20.020,3.467,2500
2020-11-12 09:35:26.180,3.468,500
2020-11-12 09:35:26.180,3.468,500
2020-11-12 09:35:27.380,3.467,100
2020-11-12 09:35:30.450,3.467,31400
2020-11-12 09:35:30.450,3.467,235300
2020-11-12 09:35:31.410,3.467,5300
2020-11-12 09:35:34.260,3.467,3000
2020-11-12 09:35:36.900,3.467,1500
2020-11-12 09:35:36.990,3.468,100
2020-11-12 09:35:38.510,3.467,54900
2020-11-12 09:35:38.510,3.467,11900
2020-11-12 09:35:42.430,3.467,25000
2020-11-12 09:35:42.430,3.467,400
2020-11-12 09:35:43.560,3.467,500
2020-11-12 09:35:47.650,3.466,1000
2020-11-12 09:35:48.300,3.467,7800
2020-11-12 09:35:52.580,3.466,12600
2020-11-12 09:35:55.380,3.467,6000
2020-11-12 09:35:55.810,3.467,2200
2020-11-12 09:35:55.810,3.467,300
2020-11-12 09:35:55.810,3.467,3000
2020-11-12 09:35:55.900,3.467,8400
2020-11-12 09:35:55.900,3.467,30000
2020-11-12 09:35:55.900,3.467,10000
2020-11-12 09:35:55.900,3.467,7000
2020-11-12 09:35:55.900,3.467,200
2020-11-12 09:35:55.900,3.467,4400
2020-11-12 09:36:00.440,3.467,66600
2020-11-12 09:36:00.440,3.467,103400
2020-11-12 09:36:00.440,3.466,163200
2020-11-12 09:36:09.940,3.467,1000
2020-11-12 09:36:09.940,3.467,1800
2020-11-12 09:36:10.450,3.467,8200
2020-11-12 09:36:10.450,3.467,12500
2020-11-12 09:36:12.160,3.468,300
2020-11-12 09:36:13.390,3.467,2800
2020-11-12 09:36:15.810,3.468,6700
2020-11-12 09:36:16.470,3.467,8000
2020-11-12 09:36:16.690,3.467,1500
2020-11-12 09:36:20.070,3.468,100
2020-11-12 09:36:24.890,3.467,200
2020-11-12 09:36:24.890,3.467,1800
2020-11-12 09:36:24.920,3.468,400
2020-11-12 09:36:24.920,3.468,1000
2020-11-12 09:36:28.010,3.467,3800
2020-11-12 09:36:28.010,3.467,5000
2020-11-12 09:36:28.010,3.466,49100
2020-11-12 09:36:28.010,3.466,6600
2020-11-12 09:36:33.270,3.467,2000
2020-11-12 09:36:38.470,3.467,100
2020-11-12 09:36:39.770,3.467,800
2020-11-12 09:36:39.770,3.467,7200
2020-11-12 09:36:39.770,3.467,7000
2020-11-12 09:36:41.300,3.467,20000
2020-11-12 09:36:41.670,3.467,100
2020-11-12 09:36:41.980,3.467,2900
2020-11-12 09:36:43.030,3.467,5000
2020-11-12 09:36:43.060,3.466,3400
2020-11-12 09:36:43.060,3.466,1500
2020-11-12 09:36:47.340,3.466,200
2020-11-12 09:36:47.340,3.466,10000
2020-11-12 09:36:47.340,3.466,1900
2020-11-12 09:36:47.340,3.466,100000
2020-11-12 09:36:47.340,3.466,2000
2020-11-12 09:36:47.340,3.466,2900
2020-11-12 09:36:47.820,3.466,100
2020-11-12 09:36:49.760,3.466,5000
2020-11-12 09:36:49.880,3.466,3300
2020-11-12 09:36:57.880,3.465,7000
2020-11-12 09:37:00.190,3.465,7700
2020-11-12 09:37:00.190,3.465,400
2020-11-12 09:37:00.190,3.465,10000
2020-11-12 09:37:00.190,3.465,10000
2020-11-12 09:37:00.190,3.465,1600
2020-11-12 09:37:00.430,3.466,25000
2020-11-12 09:37:00.430,3.466,30500
2020-11-12 09:37:00.460,3.466,66700
2020-11-12 09:37:00.460,3.466,177800
2020-11-12 09:37:00.460,3.465,8400
2020-11-12 09:37:00.460,3.465,500
2020-11-12 09:37:00.460,3.465,30000
2020-11-12 09:37:00.460,3.465,50000
2020-11-12 09:37:03.350,3.466,1000
2020-11-12 09:37:03.350,3.466,24800
2020-11-12 09:37:05.310,3.465,57200
2020-11-12 09:37:05.310,3.465,3000
2020-11-12 09:37:05.310,3.465,5000
2020-11-12 09:37:05.310,3.465,10000
2020-11-12 09:37:05.310,3.465,3000
2020-11-12 09:37:05.310,3.465,100000
2020-11-12 09:37:05.310,3.465,4800
2020-11-12 09:37:05.310,3.465,500
2020-11-12 09:37:05.310,3.465,2700
2020-11-12 09:37:05.310,3.465,5000
2020-11-12 09:37:07.450,3.465,2000
2020-11-12 09:37:07.570,3.465,10000
2020-11-12 09:37:08.200,3.465,2000
2020-11-12 09:37:10.050,3.465,2200
2020-11-12 09:37:12.000,3.466,173200
2020-11-12 09:37:12.000,3.466,24900
2020-11-12 09:37:12.000,3.466,300
2020-11-12 09:37:12.910,3.466,16100
2020-11-12 09:37:13.650,3.466,46600
2020-11-12 09:37:13.710,3.466,7300
2020-11-12 09:37:16.110,3.467,3000
2020-11-12 09:37:16.140,3.466,20000
2020-11-12 09:37:20.700,3.466,11600
2020-11-12 09:37:20.700,3.466,3000
2020-11-12 09:37:21.420,3.465,300
2020-11-12 09:37:24.090,3.465,4700
2020-11-12 09:37:24.090,3.465,2800
2020-11-12 09:37:24.090,3.464,14100
2020-11-12 09:37:26.120,3.465,2000
2020-11-12 09:37:27.270,3.464,900
2020-11-12 09:37:27.750,3.465,100
2020-11-12 09:37:28.550,3.465,200
2020-11-12 09:37:30.260,3.464,1500
2020-11-12 09:37:38.230,3.465,92600
2020-11-12 09:37:38.230,3.465,167400
2020-11-12 09:37:40.520,3.465,2000
2020-11-12 09:37:40.580,3.464,10000
2020-11-12 09:37:40.820,3.464,10000
2020-11-12 09:37:41.320,3.464,100
2020-11-12 09:37:44.370,3.465,20000
2020-11-12 09:37:49.660,3.465,10000
2020-11-12 09:37:55.430,3.465,500
2020-11-12 09:37:56.070,3.464,4200
2020-11-12 09:37:56.150,3.464,5000
2020-11-12 09:37:56.980,3.464,125100
2020-11-12 09:37:56.980,3.464,10000
2020-11-12 09:37:56.980,3.464,30000
2020-11-12 09:37:56.980,3.464,300
2020-11-12 09:37:56.980,3.464,1000
2020-11-12 09:37:56.980,3.464,100
2020-11-12 09:37:56.980,3.464,2000
2020-11-12 09:37:56.980,3.464,200
2020-11-12 09:37:56.980,3.464,100000
2020-11-12 09:37:56.980,3.464,2000
2020-11-12 09:37:56.980,3.464,1500
2020-11-12 09:37:56.980,3.464,1500
2020-11-12 09:37:56.980,3.464,600
2020-11-12 09:37:56.980,3.464,5000
2020-11-12 09:37:56.980,3.464,5000
2020-11-12 09:37:56.980,3.464,2400
2020-11-12 09:37:56.980,3.464,1000
2020-11-12 09:37:56.980,3.464,10000
2020-11-12 09:37:56.980,3.464,500
2020-11-12 09:37:56.980,3.464,1800
2020-11-12 09:37:58.430,3.465,500
2020-11-12 09:37:59.240,3.464,1200
2020-11-12 09:37:59.240,3.464,13700
2020-11-12 09:37:59.380,3.465,10600
2020-11-12 09:38:00.540,3.464,1300
2020-11-12 09:38:02.090,3.464,3000
2020-11-12 09:38:04.750,3.464,1000
2020-11-12 09:38:06.240,3.464,261400
2020-11-12 09:38:06.240,3.464,7300
2020-11-12 09:38:06.820,3.464,3000
2020-11-12 09:38:07.540,3.464,28300
2020-11-12 09:38:07.910,3.463,200
2020-11-12 09:38:08.320,3.464,8600
2020-11-12 09:38:08.320,3.465,55600
2020-11-12 09:38:08.320,3.465,21900
2020-11-12 09:38:09.920,3.463,14500
2020-11-12 09:38:09.920,3.463,1700
2020-11-12 09:38:11.200,3.464,100
2020-11-12 09:38:12.420,3.464,3000
2020-11-12 09:38:15.470,3.463,700
2020-11-12 09:38:16.470,3.464,900
2020-11-12 09:38:16.690,3.464,2600
2020-11-12 09:38:17.920,3.464,3800
2020-11-12 09:38:20.720,3.464,2700
2020-11-12 09:38:20.720,3.464,20000
2020-11-12 09:38:20.720,3.464,800
2020-11-12 09:38:21.540,3.464,5000
2020-11-12 09:38:21.830,3.463,7600
2020-11-12 09:38:21.830,3.463,400
2020-11-12 09:38:21.830,3.463,10000
2020-11-12 09:38:21.830,3.463,5000
2020-11-12 09:38:21.830,3.463,10000
2020-11-12 09:38:21.830,3.463,5000
2020-11-12 09:38:21.830,3.463,100000
2020-11-12 09:38:21.830,3.463,100000
2020-11-12 09:38:21.830,3.463,1000
2020-11-12 09:38:21.830,3.463,200
2020-11-12 09:38:21.830,3.463,60800
2020-11-12 09:38:24.490,3.464,2200
2020-11-12 09:38:24.630,3.464,300
2020-11-12 09:38:25.250,3.463,500
2020-11-12 09:38:28.910,3.463,5300
2020-11-12 09:38:29.520,3.463,33400
2020-11-12 09:38:29.520,3.463,1200
2020-11-12 09:38:29.520,3.463,5000
2020-11-12 09:38:29.520,3.463,4100
2020-11-12 09:38:30.020,3.464,1000
2020-11-12 09:38:30.470,3.463,95900
2020-11-12 09:38:30.470,3.463,200
2020-11-12 09:38:30.470,3.463,200
2020-11-12 09:38:30.470,3.463,3000
2020-11-12 09:38:30.470,3.463,200
2020-11-12 09:38:31.610,3.463,6000
2020-11-12 09:38:31.890,3.463,600
2020-11-12 09:38:33.480,3.462,200
2020-11-12 09:38:33.480,3.462,27200
2020-11-12 09:38:33.480,3.462,200
2020-11-12 09:38:33.480,3.462,100
2020-11-12 09:38:33.480,3.462,5000
2020-11-12 09:38:33.480,3.462,500
2020-11-12 09:38:33.480,3.462,500
2020-11-12 09:38:33.480,3.462,10000
2020-11-12 09:38:33.480,3.462,1600
2020-11-12 09:38:33.480,3.462,1000
2020-11-12 09:38:33.480,3.462,100
2020-11-12 09:38:33.480,3.462,5300
2020-11-12 09:38:33.480,3.462,1000
2020-11-12 09:38:33.480,3.462,5000
2020-11-12 09:38:33.480,3.462,10000
2020-11-12 09:38:33.480,3.462,100000
2020-11-12 09:38:33.480,3.462,100000
2020-11-12 09:38:33.480,3.462,5000
2020-11-12 09:38:33.480,3.462,100
2020-11-12 09:38:33.480,3.462,5000
2020-11-12 09:38:33.480,3.462,2200
2020-11-12 09:38:38.920,3.463,10000
2020-11-12 09:38:43.180,3.463,10000
2020-11-12 09:38:43.440,3.462,1000
2020-11-12 09:38:44.060,3.462,30000
2020-11-12 09:38:44.670,3.462,12400
2020-11-12 09:38:47.010,3.463,140600
2020-11-12 09:38:47.010,3.463,1000
2020-11-12 09:38:47.010,3.463,35800
2020-11-12 09:38:47.460,3.463,10900
2020-11-12 09:38:48.260,3.463,500
2020-11-12 09:38:48.520,3.463,4800
2020-11-12 09:38:51.380,3.463,14500
2020-11-12 09:38:52.190,3.463,100
2020-11-12 09:38:54.490,3.463,1600
2020-11-12 09:38:57.510,3.463,10000
2020-11-12 09:38:58.280,3.463,80200
2020-11-12 09:38:58.280,3.463,5400
2020-11-12 09:38:58.280,3.463,14400
2020-11-12 09:38:59.970,3.464,1000
2020-11-12 09:39:00.520,3.463,15600
2020-11-12 09:39:00.520,3.463,10000
2020-11-12 09:39:00.520,3.463,1000
2020-11-12 09:39:00.520,3.463,20000
2020-11-12 09:39:00.520,3.463,60000
2020-11-12 09:39:02.210,3.463,8100
2020-11-12 09:39:02.970,3.463,151900
2020-11-12 09:39:02.970,3.463,20400
2020-11-12 09:39:06.440,3.463,100
2020-11-12 09:39:12.930,3.463,200
2020-11-12 09:39:13.330,3.463,10000
2020-11-12 09:39:16.950,3.463,8900
2020-11-12 09:39:17.500,3.463,108500
2020-11-12 09:39:17.500,3.463,500
2020-11-12 09:39:17.500,3.463,4500
2020-11-12 09:39:17.500,3.463,5700
2020-11-12 09:39:17.500,3.462,54400
2020-11-12 09:39:17.500,3.462,100
2020-11-12 09:39:17.500,3.462,17300
2020-11-12 09:39:17.500,3.462,17400
2020-11-12 09:39:17.500,3.462,2000
2020-11-12 09:39:17.500,3.462,30000
2020-11-12 09:39:17.500,3.462,200
2020-11-12 09:39:17.500,3.462,20000
2020-11-12 09:39:17.500,3.462,600
2020-11-12 09:39:17.500,3.462,10000
2020-11-12 09:39:17.500,3.462,29100
2020-11-12 09:39:21.870,3.463,23100
2020-11-12 09:39:22.980,3.462,900
2020-11-12 09:39:22.980,3.462,3000
2020-11-12 09:39:22.980,3.462,300
2020-11-12 09:39:22.980,3.462,300
2020-11-12 09:39:22.980,3.462,6600
2020-11-12 09:39:22.980,3.462,3800
2020-11-12 09:39:23.520,3.462,3600
2020-11-12 09:39:24.700,3.462,2600
2020-11-12 09:39:24.700,3.462,2000
2020-11-12 09:39:24.700,3.462,500
2020-11-12 09:39:24.700,3.462,30000
2020-11-12 09:39:25.450,3.462,23400
2020-11-12 09:39:27.510,3.462,2600
2020-11-12 09:39:28.270,3.462,4000
2020-11-12 09:39:28.270,3.462,200
2020-11-12 09:39:30.690,3.462,5800
2020-11-12 09:39:30.720,3.462,8200
2020-11-12 09:39:30.720,3.462,15800
2020-11-12 09:39:31.320,3.462,300
2020-11-12 09:39:31.320,3.462,266700
2020-11-12 09:39:31.720,3.463,1000
2020-11-12 09:39:31.720,3.463,900
2020-11-12 09:39:31.720,3.463,2100
2020-11-12 09:39:33.430,3.462,2800
2020-11-12 09:39:36.030,3.462,2000
2020-11-12 09:39:37.900,3.462,18200
2020-11-12 09:39:39.720,3.462,9800
2020-11-12 09:39:40.210,3.462,200
2020-11-12 09:39:40.210,3.462,2900
2020-11-12 09:39:40.210,3.462,200
2020-11-12 09:39:40.210,3.462,500
2020-11-12 09:39:40.210,3.462,300
2020-11-12 09:39:40.210,3.461,200
2020-11-12 09:39:40.210,3.461,200
2020-11-12 09:39:40.210,3.461,200
2020-11-12 09:39:40.210,3.461,5000
2020-11-12 09:39:40.210,3.461,10000
2020-11-12 09:39:40.210,3.461,2000
2020-11-12 09:39:40.210,3.461,1900
2020-11-12 09:39:40.210,3.461,100
2020-11-12 09:39:40.210,3.461,90000
2020-11-12 09:39:40.210,3.461,5000
2020-11-12 09:39:40.210,3.461,100000
2020-11-12 09:39:40.210,3.461,10000
2020-11-12 09:39:40.210,3.461,15000
2020-11-12 09:39:40.210,3.461,10000
2020-11-12 09:39:40.210,3.461,46700
2020-11-12 09:39:40.270,3.462,20000
2020-11-12 09:39:40.780,3.462,10000
2020-11-12 09:39:41.090,3.461,53300
2020-11-12 09:39:41.090,3.461,100000
2020-11-12 09:39:41.090,3.461,5000
2020-11-12 09:39:41.090,3.461,110000
2020-11-12 09:39:41.090,3.461,5000
2020-11-12 09:39:41.090,3.461,3000
2020-11-12 09:39:41.090,3.461,2000
2020-11-12 09:39:41.090,3.461,9900
2020-11-12 09:39:41.330,3.461,200
2020-11-12 09:39:41.420,3.461,11600
2020-11-12 09:39:41.420,3.462,270000
2020-11-12 09:39:41.420,3.463,4700
2020-11-12 09:39:43.970,3.462,3000
2020-11-12 09:39:46.310,3.462,2000
2020-11-12 09:39:46.820,3.462,400
2020-11-12 09:39:47.950,3.461,200
2020-11-12 09:39:47.950,3.461,7400
2020-11-12 09:39:49.480,3.462,500
2020-11-12 09:39:50.100,3.461,300
2020-11-12 09:39:51.120,3.461,600
2020-11-12 09:39:52.560,3.462,9500
2020-11-12 09:39:52.650,3.461,400
2020-11-12 09:39:53.170,3.461,5800
2020-11-12 09:39:54.090,3.462,5000
2020-11-12 09:39:54.180,3.461,1500
2020-11-12 09:39:59.190,3.462,15000
2020-11-12 09:40:00.470,3.461,14000
2020-11-12 09:40:00.470,3.461,10000
2020-11-12 09:40:00.470,3.461,100
2020-11-12 09:40:00.470,3.461,242600
2020-11-12 09:40:01.360,3.462,14600
2020-11-12 09:40:01.360,3.462,400
2020-11-12 09:40:02.310,3.461,10000
2020-11-12 09:40:02.360,3.462,300
2020-11-12 09:40:03.920,3.461,100
2020-11-12 09:40:03.970,3.461,800
2020-11-12 09:40:05.190,3.461,13400
2020-11-12 09:40:05.770,3.462,400
2020-11-12 09:40:07.170,3.462,300000
2020-11-12 09:40:07.700,3.462,61000
2020-11-12 09:40:07.700,3.462,1000
2020-11-12 09:40:07.700,3.462,8500
2020-11-12 09:40:07.700,3.462,57400
2020-11-12 09:40:07.700,3.462,66700
2020-11-12 09:40:07.700,3.462,3600
2020-11-12 09:40:07.700,3.462,35200
2020-11-12 09:40:11.050,3.463,59900
2020-11-12 09:40:11.050,3.463,240100
2020-11-12 09:40:11.120,3.463,155300
2020-11-12 09:40:11.120,3.463,10000
2020-11-12 09:40:11.120,3.463,35200
2020-11-12 09:40:11.120,3.463,5000
2020-11-12 09:40:11.120,3.463,1000
2020-11-12 09:40:11.120,3.463,24700
2020-11-12 09:40:11.120,3.463,50000
2020-11-12 09:40:13.010,3.463,2400
2020-11-12 09:40:15.300,3.463,400
2020-11-12 09:40:17.330,3.464,100
2020-11-12 09:40:17.440,3.463,800
2020-11-12 09:40:22.000,3.464,2900
2020-11-12 09:40:22.000,3.464,12300
2020-11-12 09:40:23.100,3.464,6500
2020-11-12 09:40:27.790,3.463,4000
2020-11-12 09:40:27.790,3.463,1800
2020-11-12 09:40:28.070,3.462,700
2020-11-12 09:40:28.380,3.463,26200
2020-11-12 09:40:30.480,3.463,6800
2020-11-12 09:40:30.480,3.462,266600
2020-11-12 09:40:35.530,3.462,8600
2020-11-12 09:40:36.380,3.462,24100
2020-11-12 09:40:36.380,3.462,2000
2020-11-12 09:40:36.380,3.462,1000
2020-11-12 09:40:36.380,3.462,5000
2020-11-12 09:40:36.380,3.462,10000
2020-11-12 09:40:36.380,3.462,3800
2020-11-12 09:40:36.380,3.462,10400
2020-11-12 09:40:36.380,3.462,200
2020-11-12 09:40:36.380,3.462,43500
2020-11-12 09:40:38.040,3.463,17300
2020-11-12 09:40:38.650,3.463,3000
2020-11-12 09:40:43.400,3.463,3300
2020-11-12 09:40:44.840,3.464,14300
2020-11-12 09:40:44.840,3.464,35700
2020-11-12 09:40:44.840,3.464,1400
2020-11-12 09:40:44.840,3.464,50000
2020-11-12 09:40:51.160,3.465,100
2020-11-12 09:40:52.110,3.464,10000
2020-11-12 09:40:54.790,3.463,800
2020-11-12 09:41:00.520,3.463,266700
2020-11-12 09:41:06.110,3.463,8900
2020-11-12 09:41:06.110,3.463,11700
2020-11-12 09:41:06.360,3.464,300
2020-11-12 09:41:10.040,3.463,2000
2020-11-12 09:41:13.610,3.464,7500
2020-11-12 09:41:14.350,3.464,5000
2020-11-12 09:41:15.280,3.463,2000
2020-11-12 09:41:15.280,3.463,1000
2020-11-12 09:41:15.280,3.463,200
2020-11-12 09:41:16.130,3.464,80600
2020-11-12 09:41:19.260,3.464,2000
2020-11-12 09:41:24.990,3.463,29800
2020-11-12 09:41:24.990,3.463,10000
2020-11-12 09:41:24.990,3.463,1000
2020-11-12 09:41:24.990,3.463,5000
2020-11-12 09:41:24.990,3.463,5200
2020-11-12 09:41:24.990,3.463,5000
2020-11-12 09:41:24.990,3.463,5000
2020-11-12 09:41:29.820,3.464,39500
2020-11-12 09:41:30.500,3.463,15000
2020-11-12 09:41:30.500,3.463,2000
2020-11-12 09:41:32.020,3.463,20000
2020-11-12 09:41:33.450,3.463,5800
2020-11-12 09:41:36.150,3.463,1500
2020-11-12 09:41:37.850,3.463,25000
2020-11-12 09:41:38.840,3.462,100
2020-11-12 09:41:39.610,3.463,100
2020-11-12 09:41:39.640,3.463,6000
2020-11-12 09:41:39.820,3.463,700
2020-11-12 09:41:39.850,3.462,6700
2020-11-12 09:41:42.250,3.463,20000
2020-11-12 09:41:42.550,3.463,46100
2020-11-12 09:41:49.200,3.463,124500
2020-11-12 09:41:49.200,3.463,13200
2020-11-12 09:41:49.200,3.463,5000
2020-11-12 09:41:49.200,3.463,24800
2020-11-12 09:41:49.200,3.463,7100
2020-11-12 09:41:49.200,3.463,100
2020-11-12 09:41:49.200,3.463,8100
2020-11-12 09:41:49.200,3.463,3000
2020-11-12 09:41:49.200,3.463,1400
2020-11-12 09:41:50.180,3.463,100
2020-11-12 09:41:50.290,3.463,100000
2020-11-12 09:41:53.970,3.464,3000
2020-11-12 09:41:54.740,3.463,12700
2020-11-12 09:41:54.740,3.463,10000
2020-11-12 09:41:54.740,3.463,2100
2020-11-12 09:41:58.610,3.463,6900
2020-11-12 09:41:58.610,3.463,20400
2020-11-12 09:41:58.610,3.463,400
2020-11-12 09:41:58.610,3.462,6600
2020-11-12 09:41:58.610,3.462,10000
2020-11-12 09:41:58.610,3.462,500
2020-11-12 09:41:58.610,3.462,23500
2020-11-12 09:42:08.920,3.462,5700
2020-11-12 09:42:09.690,3.462,400
2020-11-12 09:42:11.720,3.463,2100
2020-11-12 09:42:12.230,3.462,3400
2020-11-12 09:42:15.160,3.462,500
2020-11-12 09:42:17.680,3.462,15000
2020-11-12 09:42:23.490,3.462,10000
2020-11-12 09:42:24.010,3.462,41500
2020-11-12 09:42:24.010,3.462,100
2020-11-12 09:42:24.010,3.462,900
2020-11-12 09:42:24.010,3.462,50000
2020-11-12 09:42:24.010,3.462,2000
2020-11-12 09:42:24.010,3.462,2000
2020-11-12 09:42:24.010,3.462,100
2020-11-12 09:42:24.010,3.462,3700
2020-11-12 09:42:27.000,3.462,6300
2020-11-12 09:42:27.000,3.462,10000
2020-11-12 09:42:27.000,3.462,500
2020-11-12 09:42:27.000,3.462,200
2020-11-12 09:42:27.000,3.462,1000
2020-11-12 09:42:27.000,3.462,1000
2020-11-12 09:42:27.000,3.462,1100
2020-11-12 09:42:27.120,3.463,500
2020-11-12 09:42:27.800,3.462,200
2020-11-12 09:42:30.470,3.463,1000
2020-11-12 09:42:30.490,3.462,6500
2020-11-12 09:42:30.490,3.462,10000
2020-11-12 09:42:30.490,3.462,12000
2020-11-12 09:42:30.490,3.462,100
2020-11-12 09:42:30.490,3.462,7000
2020-11-12 09:42:30.490,3.462,3000
2020-11-12 09:42:30.490,3.462,600
2020-11-12 09:42:30.490,3.462,3000
2020-11-12 09:42:30.490,3.462,9000
2020-11-12 09:42:30.490,3.462,215500
2020-11-12 09:42:35.030,3.462,800
2020-11-12 09:42:36.110,3.463,6400
2020-11-12 09:42:36.280,3.462,20000
2020-11-12 09:42:37.110,3.462,1000
2020-11-12 09:42:40.040,3.463,2000
2020-11-12 09:42:41.900,3.463,200
2020-11-12 09:42:42.400,3.463,17100
2020-11-12 09:42:42.940,3.462,1100
2020-11-12 09:42:43.480,3.462,5000
2020-11-12 09:42:43.540,3.462,20000
2020-11-12 09:42:44.530,3.463,10800
2020-11-12 09:42:44.810,3.462,7300
2020-11-12 09:42:45.710,3.462,29300
2020-11-12 09:42:45.710,3.462,1000
2020-11-12 09:42:45.710,3.462,300
2020-11-12 09:42:45.710,3.462,8000
2020-11-12 09:42:45.710,3.462,11400
2020-11-12 09:42:47.340,3.462,600
2020-11-12 09:42:47.590,3.462,10000
2020-11-12 09:42:47.900,3.463,1500
2020-11-12 09:42:55.210,3.463,58400
2020-11-12 09:42:55.210,3.463,241600
2020-11-12 09:42:56.240,3.463,1000
2020-11-12 09:42:58.510,3.463,500
2020-11-12 09:43:00.490,3.462,266700
2020-11-12 09:43:02.620,3.462,22700
2020-11-12 09:43:02.620,3.462,300
2020-11-12 09:43:02.620,3.462,7000
2020-11-12 09:43:04.630,3.463,3000
2020-11-12 09:43:10.970,3.461,10000
2020-11-12 09:43:10.970,3.461,5000
2020-11-12 09:43:10.970,3.461,100
2020-11-12 09:43:10.970,3.461,106400
2020-11-12 09:43:10.970,3.461,5000
2020-11-12 09:43:10.970,3.461,500
2020-11-12 09:43:10.970,3.461,5000
2020-11-12 09:43:10.970,3.461,300
2020-11-12 09:43:10.970,3.461,1000
2020-11-12 09:43:10.970,3.461,2000
2020-11-12 09:43:10.970,3.461,3000
2020-11-12 09:43:10.970,3.461,10000
2020-11-12 09:43:10.970,3.461,131700
2020-11-12 09:43:11.620,3.462,700
2020-11-12 09:43:11.620,3.462,4300
2020-11-12 09:43:12.150,3.462,3000
2020-11-12 09:43:13.170,3.462,6000
2020-11-12 09:43:14.730,3.462,100
2020-11-12 09:43:17.180,3.461,40000
2020-11-12 09:43:17.960,3.461,28300
2020-11-12 09:43:17.960,3.461,4000
2020-11-12 09:43:17.960,3.461,200
2020-11-12 09:43:17.960,3.461,500
2020-11-12 09:43:17.960,3.461,200
2020-11-12 09:43:17.960,3.461,100
2020-11-12 09:43:19.260,3.461,66900
2020-11-12 09:43:19.770,3.461,2000
2020-11-12 09:43:20.260,3.462,26600
2020-11-12 09:43:20.260,3.462,30000
2020-11-12 09:43:20.260,3.462,300
2020-11-12 09:43:20.260,3.462,45000
2020-11-12 09:43:22.270,3.462,98100
2020-11-12 09:43:22.270,3.462,10000
2020-11-12 09:43:22.270,3.461,191900
2020-11-12 09:43:22.600,3.461,300
2020-11-12 09:43:28.080,3.462,1500
2020-11-12 09:43:28.720,3.462,8400
2020-11-12 09:43:28.720,3.461,7700
2020-11-12 09:43:30.510,3.461,31200
2020-11-12 09:43:30.510,3.461,235400
2020-11-12 09:43:36.850,3.461,44800
2020-11-12 09:43:37.080,3.461,5800
2020-11-12 09:43:37.530,3.462,5000
2020-11-12 09:43:43.070,3.461,100
2020-11-12 09:43:43.220,3.461,1300
2020-11-12 09:43:43.220,3.461,2600
2020-11-12 09:43:43.220,3.461,500
2020-11-12 09:43:43.220,3.461,1000
2020-11-12 09:43:43.220,3.461,1000
2020-11-12 09:43:43.220,3.461,4400
2020-11-12 09:43:45.010,3.461,2600
2020-11-12 09:43:46.000,3.46,11000
2020-11-12 09:43:46.000,3.46,5100
2020-11-12 09:43:46.000,3.46,10100
2020-11-12 09:43:46.000,3.46,4000
2020-11-12 09:43:46.000,3.46,200
2020-11-12 09:43:46.000,3.46,200
2020-11-12 09:43:46.000,3.46,10000
2020-11-12 09:43:46.000,3.46,200
2020-11-12 09:43:46.000,3.46,500
2020-11-12 09:43:46.000,3.46,100
2020-11-12 09:43:46.000,3.46,1000
2020-11-12 09:43:46.000,3.46,7600
2020-11-12 09:43:51.880,3.461,200
2020-11-12 09:43:51.880,3.461,500
2020-11-12 09:43:52.910,3.461,700
2020-11-12 09:43:52.910,3.461,300
2020-11-12 09:43:54.560,3.46,1000
2020-11-12 09:43:55.120,3.461,30000
2020-11-12 09:43:56.110,3.46,10000
2020-11-12 09:43:59.620,3.461,100
2020-11-12 09:44:00.540,3.46,81400
2020-11-12 09:44:00.540,3.46,20000
2020-11-12 09:44:00.540,3.46,1000
2020-11-12 09:44:00.540,3.46,15000
2020-11-12 09:44:00.540,3.46,6000
2020-11-12 09:44:00.540,3.46,10000
2020-11-12 09:44:00.540,3.46,10000
2020-11-12 09:44:00.540,3.46,10000
2020-11-12 09:44:00.540,3.46,10000
2020-11-12 09:44:00.540,3.46,5000
2020-11-12 09:44:00.540,3.46,2000
2020-11-12 09:44:00.540,3.46,200
2020-11-12 09:44:00.540,3.46,10000
2020-11-12 09:44:00.540,3.46,200
2020-11-12 09:44:00.540,3.46,14400
2020-11-12 09:44:00.540,3.46,1000
2020-11-12 09:44:00.540,3.46,7900
2020-11-12 09:44:00.540,3.46,1000
2020-11-12 09:44:00.540,3.46,100
2020-11-12 09:44:00.540,3.46,5500
2020-11-12 09:44:00.540,3.46,10000
2020-11-12 09:44:00.540,3.46,5000
2020-11-12 09:44:00.540,3.46,3000
2020-11-12 09:44:00.540,3.46,2000
2020-11-12 09:44:00.540,3.46,100
2020-11-12 09:44:00.540,3.46,2000
2020-11-12 09:44:00.540,3.46,1000
2020-11-12 09:44:00.540,3.46,600
2020-11-12 09:44:00.540,3.46,10000
2020-11-12 09:44:00.540,3.46,200
2020-11-12 09:44:00.540,3.46,200
2020-11-12 09:44:00.540,3.46,1500
2020-11-12 09:44:00.540,3.46,1000
2020-11-12 09:44:00.540,3.46,1700
2020-11-12 09:44:00.540,3.46,100
2020-11-12 09:44:00.540,3.46,3000
2020-11-12 09:44:00.540,3.46,10000
2020-11-12 09:44:00.540,3.46,100
2020-11-12 09:44:00.540,3.46,4500
2020-11-12 09:44:02.010,3.46,500
2020-11-12 09:44:02.010,3.46,300
2020-11-12 09:44:02.010,3.46,100
2020-11-12 09:44:02.010,3.46,500
2020-11-12 09:44:02.010,3.46,10000
2020-11-12 09:44:02.010,3.46,1000
2020-11-12 09:44:02.960,3.461,5000
2020-11-12 09:44:04.120,3.46,4000
2020-11-12 09:44:04.120,3.46,300
2020-11-12 09:44:04.120,3.46,2000
2020-11-12 09:44:04.120,3.46,5000
2020-11-12 09:44:04.120,3.46,1100
2020-11-12 09:44:04.120,3.46,35600
2020-11-12 09:44:05.010,3.46,100
2020-11-12 09:44:05.160,3.46,2900
2020-11-12 09:44:08.330,3.46,1500
2020-11-12 09:44:09.560,3.46,4000
2020-11-12 09:44:10.200,3.46,2200
2020-11-12 09:44:10.500,3.46,100
2020-11-12 09:44:12.860,3.46,2500
2020-11-12 09:44:13.100,3.46,1100
2020-11-12 09:44:13.100,3.46,5000
2020-11-12 09:44:13.100,3.46,500
2020-11-12 09:44:13.100,3.46,3400
2020-11-12 09:44:19.290,3.46,6600
2020-11-12 09:44:19.290,3.46,100
2020-11-12 09:44:19.290,3.46,3000
2020-11-12 09:44:19.290,3.46,300
2020-11-12 09:44:19.290,3.46,3000
2020-11-12 09:44:19.290,3.46,100
2020-11-12 09:44:19.290,3.46,3300
2020-11-12 09:44:19.290,3.46,5000
2020-11-12 09:44:19.290,3.46,18400
2020-11-12 09:44:19.290,3.46,20000
2020-11-12 09:44:19.290,3.46,2000
2020-11-12 09:44:19.290,3.46,10000
2020-11-12 09:44:19.290,3.46,3000
2020-11-12 09:44:19.290,3.46,500
2020-11-12 09:44:19.290,3.46,5000
2020-11-12 09:44:19.290,3.46,5000
2020-11-12 09:44:19.290,3.46,6000
2020-11-12 09:44:19.290,3.46,5000
2020-11-12 09:44:19.290,3.46,1000
2020-11-12 09:44:19.290,3.46,500
2020-11-12 09:44:20.090,3.46,10000
2020-11-12 09:44:20.590,3.46,1000
2020-11-12 09:44:24.260,3.46,100
2020-11-12 09:44:25.020,3.46,1000
2020-11-12 09:44:25.320,3.46,5000
2020-11-12 09:44:26.370,3.46,1600
2020-11-12 09:44:30.500,3.459,6500
2020-11-12 09:44:30.500,3.459,5400
2020-11-12 09:44:30.500,3.459,6100
2020-11-12 09:44:30.500,3.459,200
2020-11-12 09:44:30.500,3.459,200
2020-11-12 09:44:30.500,3.459,5000
2020-11-12 09:44:30.500,3.459,500
2020-11-12 09:44:30.500,3.459,7500
2020-11-12 09:44:30.500,3.459,900
2020-11-12 09:44:30.500,3.459,10000
2020-11-12 09:44:30.500,3.459,2000
2020-11-12 09:44:30.500,3.459,20000
2020-11-12 09:44:30.500,3.459,5000
2020-11-12 09:44:30.500,3.459,10000
2020-11-12 09:44:30.500,3.459,300
2020-11-12 09:44:30.500,3.459,18000
2020-11-12 09:44:30.500,3.459,30000
2020-11-12 09:44:30.500,3.459,900
2020-11-12 09:44:30.500,3.459,5000
2020-11-12 09:44:30.500,3.459,10000
2020-11-12 09:44:30.500,3.459,100
2020-11-12 09:44:31.290,3.459,123100
2020-11-12 09:44:31.290,3.459,1000
2020-11-12 09:44:31.440,3.459,175900
2020-11-12 09:44:31.650,3.459,600000
2020-11-12 09:44:32.080,3.459,2000
2020-11-12 09:44:33.110,3.458,200
2020-11-12 09:44:33.110,3.458,200
2020-11-12 09:44:33.110,3.458,100
2020-11-12 09:44:33.110,3.458,9500
2020-11-12 09:44:34.360,3.459,122100
2020-11-12 09:44:34.360,3.459,700
2020-11-12 09:44:34.360,3.46,83500
2020-11-12 09:44:34.360,3.46,28000
2020-11-12 09:44:34.360,3.46,100
2020-11-12 09:44:34.360,3.46,20000
2020-11-12 09:44:34.360,3.46,600
2020-11-12 09:44:34.360,3.46,45000
2020-11-12 09:44:35.720,3.459,4500
2020-11-12 09:44:37.000,3.459,300000
2020-11-12 09:44:37.000,3.46,5000
2020-11-12 09:44:37.450,3.459,56200
2020-11-12 09:44:38.390,3.46,16000
2020-11-12 09:44:40.400,3.459,10000
2020-11-12 09:44:43.820,3.46,200
2020-11-12 09:44:44.100,3.459,1400
2020-11-12 09:44:45.650,3.459,54000
2020-11-12 09:44:46.250,3.459,1500
2020-11-12 09:44:46.470,3.46,100
2020-11-12 09:44:46.620,3.459,36000
2020-11-12 09:44:46.810,3.46,100
2020-11-12 09:44:48.300,3.459,3000
2020-11-12 09:44:49.120,3.46,300
2020-11-12 09:44:49.120,3.46,3000
2020-11-12 09:44:49.120,3.46,15000
2020-11-12 09:44:49.120,3.46,15200
2020-11-12 09:44:49.120,3.46,266500
2020-11-12 09:44:49.630,3.46,232300
2020-11-12 09:44:49.630,3.46,11500
2020-11-12 09:44:49.630,3.46,120200
2020-11-12 09:44:50.470,3.46,10000
2020-11-12 09:44:52.460,3.46,14500
2020-11-12 09:44:55.660,3.46,1500
2020-11-12 09:44:55.850,3.46,8500
2020-11-12 09:44:55.850,3.461,263900
2020-11-12 09:44:55.850,3.461,13100
2020-11-12 09:44:58.500,3.459,5000
2020-11-12 09:44:59.160,3.46,300
2020-11-12 09:44:59.160,3.46,2300
2020-11-12 09:45:00.160,3.46,700
2020-11-12 09:45:00.160,3.46,300
2020-11-12 09:45:00.160,3.46,6000
2020-11-12 09:45:00.160,3.461,53600
2020-11-12 09:45:00.160,3.461,38800
2020-11-12 09:45:00.160,3.461,3500
2020-11-12 09:45:00.160,3.461,3000
2020-11-12 09:45:00.510,3.461,66600
2020-11-12 09:45:00.510,3.461,127500
2020-11-12 09:45:00.510,3.46,5600
2020-11-12 09:45:00.510,3.459,133500
2020-11-12 09:45:01.890,3.461,3500
2020-11-12 09:45:01.890,3.46,1200
2020-11-12 09:45:06.890,3.46,8800
2020-11-12 09:45:06.890,3.46,700
2020-11-12 09:45:08.040,3.46,600
2020-11-12 09:45:08.530,3.46,700
2020-11-12 09:45:08.530,3.46,800
2020-11-12 09:45:09.820,3.461,1000
2020-11-12 09:45:10.560,3.461,500
2020-11-12 09:45:10.580,3.462,5000
2020-11-12 09:45:10.580,3.462,2800
2020-11-12 09:45:10.580,3.462,2200
2020-11-12 09:45:10.920,3.461,10100
2020-11-12 09:45:11.460,3.461,3000
2020-11-12 09:45:14.540,3.46,30700
2020-11-12 09:45:17.260,3.46,1300
2020-11-12 09:45:17.640,3.462,200
2020-11-12 09:45:24.870,3.46,7000
2020-11-12 09:45:26.140,3.462,1000
2020-11-12 09:45:28.130,3.46,3500
2020-11-12 09:45:28.610,3.461,3000
2020-11-12 09:45:30.510,3.46,86700
2020-11-12 09:45:30.510,3.46,5000
2020-11-12 09:45:30.510,3.46,3500
2020-11-12 09:45:31.110,3.46,1000
2020-11-12 09:45:31.140,3.46,3000
2020-11-12 09:45:33.750,3.46,1000
2020-11-12 09:45:33.920,3.46,14900
2020-11-12 09:45:36.960,3.46,151600
2020-11-12 09:45:37.570,3.46,26000
2020-11-12 09:45:39.560,3.461,11600
2020-11-12 09:45:39.560,3.461,4000
2020-11-12 09:45:39.840,3.461,1000
2020-11-12 09:45:41.370,3.46,2000
2020-11-12 09:45:46.230,3.461,3900
2020-11-12 09:45:46.230,3.461,7300
2020-11-12 09:45:46.340,3.461,14200
2020-11-12 09:45:48.520,3.461,14100
2020-11-12 09:45:48.930,3.461,27200
2020-11-12 09:45:48.930,3.461,2000
2020-11-12 09:45:48.930,3.461,2800
2020-11-12 09:45:48.930,3.461,20500
2020-11-12 09:45:49.360,3.461,68100
2020-11-12 09:45:51.930,3.462,17000
2020-11-12 09:45:53.280,3.461,10000
2020-11-12 09:45:54.030,3.461,7500
2020-11-12 09:45:55.040,3.462,2300
2020-11-12 09:45:55.150,3.461,4000
2020-11-12 09:45:57.100,3.461,200
2020-11-12 09:45:57.270,3.461,1000
2020-11-12 09:45:57.540,3.461,300
2020-11-12 09:45:58.110,3.461,1000
2020-11-12 09:45:59.400,3.462,10000
2020-11-12 09:45:59.630,3.461,1100
2020-11-12 09:46:00.530,3.461,266700
2020-11-12 09:46:01.010,3.461,8200
2020-11-12 09:46:01.010,3.461,20000
2020-11-12 09:46:01.010,3.461,33700
2020-11-12 09:46:01.010,3.462,33900
2020-11-12 09:46:01.010,3.462,38800
2020-11-12 09:46:01.010,3.462,200
2020-11-12 09:46:01.010,3.462,20000
2020-11-12 09:46:08.130,3.462,5000
2020-11-12 09:46:08.130,3.462,11600
2020-11-12 09:46:08.130,3.462,3000
2020-11-12 09:46:08.160,3.461,2200
2020-11-12 09:46:08.950,3.462,1100
2020-11-12 09:46:08.950,3.462,66700
2020-11-12 09:46:09.170,3.462,600
2020-11-12 09:46:09.470,3.462,100
2020-11-12 09:46:10.720,3.462,300000
2020-11-12 09:46:11.160,3.462,23700
2020-11-12 09:46:11.160,3.462,6800
2020-11-12 09:46:11.160,3.462,10000
2020-11-12 09:46:12.240,3.462,20000
2020-11-12 09:46:12.330,3.461,300
2020-11-12 09:46:15.360,3.461,1000
2020-11-12 09:46:15.600,3.461,59800
2020-11-12 09:46:15.600,3.461,52000
2020-11-12 09:46:16.100,3.461,40000
2020-11-12 09:46:18.810,3.461,100
2020-11-12 09:46:19.950,3.462,2000
2020-11-12 09:46:21.610,3.461,8300
2020-11-12 09:46:27.270,3.461,15300
2020-11-12 09:46:29.620,3.461,13600
2020-11-12 09:46:30.530,3.461,109600
2020-11-12 09:46:30.530,3.461,10000
2020-11-12 09:46:30.530,3.461,1000
2020-11-12 09:46:30.530,3.461,5000
2020-11-12 09:46:30.530,3.461,200
2020-11-12 09:46:30.530,3.461,1000
2020-11-12 09:46:30.530,3.461,7000
2020-11-12 09:46:30.530,3.461,100
2020-11-12 09:46:30.530,3.461,500
2020-11-12 09:46:30.530,3.461,3000
2020-11-12 09:46:30.530,3.461,1000
2020-11-12 09:46:36.500,3.461,500
2020-11-12 09:46:37.050,3.461,127700
2020-11-12 09:46:37.050,3.461,5000
2020-11-12 09:46:37.490,3.461,10900
2020-11-12 09:46:40.390,3.462,100
2020-11-12 09:46:42.380,3.461,2800
2020-11-12 09:46:44.790,3.462,300
2020-11-12 09:46:47.460,3.461,1000
2020-11-12 09:46:50.940,3.462,100
2020-11-12 09:46:50.940,3.462,9900
2020-11-12 09:46:52.320,3.461,1500
2020-11-12 09:46:55.800,3.461,2800
2020-11-12 09:46:57.610,3.462,45300
2020-11-12 09:47:00.510,3.461,148300
2020-11-12 09:47:00.510,3.461,5000
2020-11-12 09:47:00.510,3.461,10000
2020-11-12 09:47:00.510,3.461,1000
2020-11-12 09:47:00.510,3.461,1200
2020-11-12 09:47:00.510,3.461,13000
2020-11-12 09:47:01.500,3.461,10000
2020-11-12 09:47:05.440,3.461,1000
2020-11-12 09:47:09.300,3.46,100
2020-11-12 09:47:09.770,3.461,15000
2020-11-12 09:47:09.770,3.461,56100
2020-11-12 09:47:12.220,3.461,300
2020-11-12 09:47:13.570,3.461,100
2020-11-12 09:47:16.340,3.461,700
2020-11-12 09:47:16.340,3.461,100
2020-11-12 09:47:16.340,3.461,200
2020-11-12 09:47:20.310,3.461,10600
2020-11-12 09:47:20.310,3.461,13000
2020-11-12 09:47:20.310,3.461,4000
2020-11-12 09:47:23.250,3.462,1000
2020-11-12 09:47:23.250,3.461,29000
2020-11-12 09:47:24.240,3.461,1000
2020-11-12 09:47:24.630,3.463,100
2020-11-12 09:47:24.630,3.463,100
2020-11-12 09:47:24.630,3.463,100
2020-11-12 09:47:24.630,3.463,100
2020-11-12 09:47:24.630,3.463,100
2020-11-12 09:47:24.630,3.463,100
2020-11-12 09:47:24.630,3.463,100
2020-11-12 09:47:24.630,3.463,100
2020-11-12 09:47:24.630,3.463,100
2020-11-12 09:47:24.630,3.463,100
2020-11-12 09:47:24.690,3.463,100
2020-11-12 09:47:24.690,3.463,100
2020-11-12 09:47:24.690,3.463,100
2020-11-12 09:47:24.690,3.463,100
2020-11-12 09:47:24.690,3.463,100
2020-11-12 09:47:24.690,3.463,100
2020-11-12 09:47:24.740,3.463,100
2020-11-12 09:47:24.740,3.463,100
2020-11-12 09:47:24.740,3.463,100
2020-11-12 09:47:24.740,3.463,100
2020-11-12 09:47:24.740,3.463,100
2020-11-12 09:47:24.800,3.463,100
2020-11-12 09:47:24.800,3.463,100
2020-11-12 09:47:24.800,3.463,100
2020-11-12 09:47:24.800,3.463,100
2020-11-12 09:47:24.800,3.463,100
2020-11-12 09:47:24.820,3.463,100
2020-11-12 09:47:24.820,3.463,100
2020-11-12 09:47:24.820,3.463,100
2020-11-12 09:47:24.820,3.463,100
2020-11-12 09:47:24.820,3.463,100
2020-11-12 09:47:24.890,3.463,100
2020-11-12 09:47:24.890,3.463,100
2020-11-12 09:47:24.890,3.463,100
2020-11-12 09:47:24.890,3.463,100
2020-11-12 09:47:24.890,3.463,100
2020-11-12 09:47:24.950,3.463,100
2020-11-12 09:47:24.950,3.463,100
2020-11-12 09:47:24.950,3.463,100
2020-11-12 09:47:24.950,3.463,100
2020-11-12 09:47:24.950,3.463,100
2020-11-12 09:47:25.190,3.463,100
2020-11-12 09:47:25.190,3.463,100
2020-11-12 09:47:25.190,3.463,100
2020-11-12 09:47:25.190,3.463,100
2020-11-12 09:47:25.190,3.463,100
2020-11-12 09:47:25.190,3.463,100
2020-11-12 09:47:25.190,3.463,100
2020-11-12 09:47:25.190,3.463,100
2020-11-12 09:47:25.190,3.463,100
2020-11-12 09:47:25.190,3.463,100
2020-11-12 09:47:25.190,3.463,100
2020-11-12 09:47:25.190,3.463,100
2020-11-12 09:47:25.190,3.463,100
2020-11-12 09:47:25.190,3.463,100
2020-11-12 09:47:25.190,3.463,100
2020-11-12 09:47:25.190,3.463,100
2020-11-12 09:47:25.190,3.463,100
2020-11-12 09:47:25.250,3.463,100
2020-11-12 09:47:25.250,3.463,100
2020-11-12 09:47:25.250,3.463,100
2020-11-12 09:47:25.250,3.463,100
2020-11-12 09:47:25.250,3.463,100
2020-11-12 09:47:25.250,3.463,100
2020-11-12 09:47:25.250,3.463,100
2020-11-12 09:47:25.250,3.463,100
2020-11-12 09:47:25.250,3.463,100
2020-11-12 09:47:25.250,3.463,100
2020-11-12 09:47:25.250,3.463,100
2020-11-12 09:47:25.250,3.463,100
2020-11-12 09:47:25.250,3.463,100
2020-11-12 09:47:25.250,3.463,100
2020-11-12 09:47:25.250,3.463,100
2020-11-12 09:47:25.250,3.463,100
2020-11-12 09:47:25.250,3.463,100
2020-11-12 09:47:25.250,3.463,100
2020-11-12 09:47:25.250,3.463,100
2020-11-12 09:47:25.250,3.463,100
2020-11-12 09:47:25.250,3.463,100
2020-11-12 09:47:25.250,3.463,100
2020-11-12 09:47:25.250,3.463,100
2020-11-12 09:47:25.250,3.463,100
2020-11-12 09:47:25.250,3.463,100
2020-11-12 09:47:25.250,3.463,100
2020-11-12 09:47:25.270,3.463,100
2020-11-12 09:47:25.270,3.463,100
2020-11-12 09:47:25.270,3.463,100
2020-11-12 09:47:25.270,3.463,100
2020-11-12 09:47:25.270,3.463,100
2020-11-12 09:47:25.330,3.463,100
2020-11-12 09:47:28.470,3.461,3800
2020-11-12 09:47:29.300,3.463,100
2020-11-12 09:47:29.300,3.463,100
2020-11-12 09:47:29.300,3.463,100
2020-11-12 09:47:29.300,3.463,100
2020-11-12 09:47:29.300,3.463,100
2020-11-12 09:47:29.300,3.463,100
2020-11-12 09:47:29.300,3.463,100
2020-11-12 09:47:29.300,3.463,100
2020-11-12 09:47:29.350,3.463,100
2020-11-12 09:47:29.350,3.463,100
2020-11-12 09:47:29.350,3.463,100
2020-11-12 09:47:29.350,3.463,100
2020-11-12 09:47:29.350,3.463,100
2020-11-12 09:47:29.350,3.463,100
2020-11-12 09:47:29.350,3.463,100
2020-11-12 09:47:29.350,3.463,100
2020-11-12 09:47:29.350,3.463,100
2020-11-12 09:47:29.350,3.463,100
2020-11-12 09:47:29.430,3.463,100
2020-11-12 09:47:29.430,3.463,100
2020-11-12 09:47:29.430,3.463,100
2020-11-12 09:47:29.430,3.463,100
2020-11-12 09:47:29.430,3.463,100
2020-11-12 09:47:29.430,3.463,100
2020-11-12 09:47:29.430,3.463,100
2020-11-12 09:47:29.460,3.463,100
2020-11-12 09:47:29.460,3.463,100
2020-11-12 09:47:29.460,3.463,100
2020-11-12 09:47:29.460,3.463,100
2020-11-12 09:47:29.460,3.463,100
2020-11-12 09:47:29.510,3.463,100
2020-11-12 09:47:29.510,3.463,100
2020-11-12 09:47:29.510,3.463,100
2020-11-12 09:47:29.510,3.463,100
2020-11-12 09:47:29.510,3.463,100
2020-11-12 09:47:29.510,3.463,100
2020-11-12 09:47:29.510,3.463,100
2020-11-12 09:47:29.550,3.463,100
2020-11-12 09:47:29.550,3.463,100
2020-11-12 09:47:29.550,3.463,100
2020-11-12 09:47:29.550,3.463,100
2020-11-12 09:47:29.550,3.463,100
2020-11-12 09:47:29.550,3.463,100
2020-11-12 09:47:29.610,3.462,100
2020-11-12 09:47:29.610,3.462,100
2020-11-12 09:47:29.610,3.462,100
2020-11-12 09:47:29.610,3.462,100
2020-11-12 09:47:29.610,3.462,100
2020-11-12 09:47:29.610,3.462,100
2020-11-12 09:47:29.610,3.462,100
2020-11-12 09:47:29.720,3.462,100
2020-11-12 09:47:29.720,3.462,100
2020-11-12 09:47:29.720,3.462,100
2020-11-12 09:47:29.720,3.462,100
2020-11-12 09:47:29.720,3.462,100
2020-11-12 09:47:29.720,3.462,100
2020-11-12 09:47:29.780,3.462,100
2020-11-12 09:47:29.780,3.462,100
2020-11-12 09:47:29.780,3.462,100
2020-11-12 09:47:29.810,3.462,100
2020-11-12 09:47:29.860,3.462,100
2020-11-12 09:47:29.860,3.462,100
2020-11-12 09:47:29.860,3.462,100
2020-11-12 09:47:29.860,3.462,100
2020-11-12 09:47:29.860,3.462,100
2020-11-12 09:47:29.920,3.462,100
2020-11-12 09:47:29.920,3.462,100
2020-11-12 09:47:29.920,3.462,100
2020-11-12 09:47:29.920,3.462,100
2020-11-12 09:47:29.920,3.462,100
2020-11-12 09:47:29.920,3.462,100
2020-11-12 09:47:29.920,3.462,100
2020-11-12 09:47:29.980,3.462,100
2020-11-12 09:47:29.980,3.462,100
2020-11-12 09:47:29.980,3.462,100
2020-11-12 09:47:29.980,3.462,100
2020-11-12 09:47:29.980,3.462,100
2020-11-12 09:47:30.040,3.462,100
2020-11-12 09:47:30.040,3.462,100
2020-11-12 09:47:30.040,3.462,100
2020-11-12 09:47:30.040,3.462,100
2020-11-12 09:47:30.040,3.462,100
2020-11-12 09:47:30.040,3.462,100
2020-11-12 09:47:30.040,3.462,100
2020-11-12 09:47:30.100,3.462,100
2020-11-12 09:47:30.100,3.462,100
2020-11-12 09:47:30.100,3.462,100
2020-11-12 09:47:30.120,3.462,100
2020-11-12 09:47:30.120,3.462,100
2020-11-12 09:47:30.180,3.462,100
2020-11-12 09:47:32.050,3.462,100
2020-11-12 09:47:32.080,3.462,100
2020-11-12 09:47:32.080,3.462,100
2020-11-12 09:47:32.080,3.462,100
2020-11-12 09:47:32.080,3.462,100
2020-11-12 09:47:32.080,3.462,100
2020-11-12 09:47:32.080,3.462,100
2020-11-12 09:47:32.080,3.462,100
2020-11-12 09:47:32.080,3.462,100
2020-11-12 09:47:32.080,3.462,100
2020-11-12 09:47:32.080,3.462,100
2020-11-12 09:47:32.080,3.462,100
2020-11-12 09:47:32.080,3.462,100
2020-11-12 09:47:32.080,3.462,100
2020-11-12 09:47:32.080,3.462,100
2020-11-12 09:47:32.130,3.462,100
2020-11-12 09:47:32.130,3.462,100
2020-11-12 09:47:32.130,3.462,100
2020-11-12 09:47:32.130,3.462,100
2020-11-12 09:47:32.130,3.462,100
2020-11-12 09:47:32.130,3.462,100
2020-11-12 09:47:32.130,3.462,100
2020-11-12 09:47:32.180,3.462,100
2020-11-12 09:47:32.180,3.462,100
2020-11-12 09:47:32.180,3.462,100
2020-11-12 09:47:32.180,3.462,100
2020-11-12 09:47:32.230,3.462,100
2020-11-12 09:47:32.230,3.462,100
2020-11-12 09:47:32.230,3.462,100
2020-11-12 09:47:32.230,3.462,100
2020-11-12 09:47:32.230,3.462,100
2020-11-12 09:47:32.290,3.462,100
2020-11-12 09:47:32.290,3.462,100
2020-11-12 09:47:32.290,3.462,100
2020-11-12 09:47:32.290,3.462,100
2020-11-12 09:47:32.290,3.462,100
2020-11-12 09:47:32.340,3.462,100
2020-11-12 09:47:32.340,3.462,100
2020-11-12 09:47:32.340,3.462,100
2020-11-12 09:47:32.340,3.462,100
2020-11-12 09:47:32.340,3.462,100
2020-11-12 09:47:32.340,3.462,100
2020-11-12 09:47:32.370,3.462,100
2020-11-12 09:47:32.370,3.462,100
2020-11-12 09:47:32.370,3.462,100
2020-11-12 09:47:32.370,3.462,100
2020-11-12 09:47:32.400,3.462,100
2020-11-12 09:47:32.400,3.462,100
2020-11-12 09:47:32.400,3.462,100
2020-11-12 09:47:32.430,3.462,100
2020-11-12 09:47:32.430,3.462,100
2020-11-12 09:47:32.430,3.462,100
2020-11-12 09:47:32.430,3.462,100
2020-11-12 09:47:32.430,3.462,100
2020-11-12 09:47:32.430,3.462,100
2020-11-12 09:47:32.480,3.462,100
2020-11-12 09:47:32.480,3.462,100
2020-11-12 09:47:32.480,3.462,100
2020-11-12 09:47:32.480,3.462,100
2020-11-12 09:47:32.480,3.462,100
2020-11-12 09:47:32.480,3.462,100
2020-11-12 09:47:32.530,3.462,100
2020-11-12 09:47:32.530,3.462,100
2020-11-12 09:47:32.530,3.462,100
2020-11-12 09:47:32.530,3.462,100
2020-11-12 09:47:32.530,3.462,100
2020-11-12 09:47:32.530,3.462,100
2020-11-12 09:47:32.590,3.462,100
2020-11-12 09:47:32.590,3.462,100
2020-11-12 09:47:32.590,3.462,100
2020-11-12 09:47:32.590,3.462,100
2020-11-12 09:47:32.590,3.462,100
2020-11-12 09:47:32.590,3.462,100
2020-11-12 09:47:32.650,3.462,100
2020-11-12 09:47:32.650,3.462,100
2020-11-12 09:47:32.650,3.462,100
2020-11-12 09:47:32.650,3.462,100
2020-11-12 09:47:32.680,3.462,100
2020-11-12 09:47:32.680,3.462,100
2020-11-12 09:47:32.680,3.462,100
2020-11-12 09:47:32.680,3.462,100
2020-11-12 09:47:32.680,3.462,100
2020-11-12 09:47:32.730,3.462,100
2020-11-12 09:47:32.730,3.462,100
2020-11-12 09:47:32.730,3.462,100
2020-11-12 09:47:32.730,3.462,100
2020-11-12 09:47:32.730,3.462,100
2020-11-12 09:47:32.730,3.462,100
2020-11-12 09:47:32.730,3.462,100
2020-11-12 09:47:32.790,3.462,100
2020-11-12 09:47:33.140,3.461,4000
2020-11-12 09:47:33.190,3.462,100
2020-11-12 09:47:33.190,3.462,100
2020-11-12 09:47:33.190,3.462,100
2020-11-12 09:47:33.190,3.462,100
2020-11-12 09:47:33.190,3.462,100
2020-11-12 09:47:33.190,3.462,100
2020-11-12 09:47:33.190,3.462,100
2020-11-12 09:47:33.190,3.462,100
2020-11-12 09:47:33.250,3.462,100
2020-11-12 09:47:33.250,3.462,100
2020-11-12 09:47:33.250,3.462,100
2020-11-12 09:47:33.250,3.462,100
2020-11-12 09:47:33.310,3.462,100
2020-11-12 09:47:33.340,3.462,100
2020-11-12 09:47:33.340,3.462,100
2020-11-12 09:47:33.340,3.462,100
2020-11-12 09:47:33.340,3.462,100
2020-11-12 09:47:33.340,3.462,100
2020-11-12 09:47:33.340,3.462,100
2020-11-12 09:47:33.340,3.462,100
2020-11-12 09:47:33.400,3.462,100
2020-11-12 09:47:33.400,3.462,100
2020-11-12 09:47:33.400,3.462,100
2020-11-12 09:47:33.400,3.462,100
2020-11-12 09:47:33.460,3.462,100
2020-11-12 09:47:33.460,3.462,100
2020-11-12 09:47:33.460,3.462,100
2020-11-12 09:47:33.460,3.462,100
2020-11-12 09:47:33.460,3.462,100
2020-11-12 09:47:33.460,3.462,100
2020-11-12 09:47:33.460,3.462,100
2020-11-12 09:47:33.480,3.462,100
2020-11-12 09:47:33.480,3.462,100
2020-11-12 09:47:33.480,3.462,100
2020-11-12 09:47:33.480,3.462,100
2020-11-12 09:47:33.480,3.462,100
2020-11-12 09:47:33.480,3.462,100
2020-11-12 09:47:33.540,3.462,100
2020-11-12 09:47:33.540,3.462,100
2020-11-12 09:47:33.540,3.462,100
2020-11-12 09:47:33.570,3.461,7200
2020-11-12 09:47:33.570,3.461,6000
2020-11-12 09:47:33.570,3.461,1000
2020-11-12 09:47:33.600,3.461,100
2020-11-12 09:47:33.600,3.461,100
2020-11-12 09:47:33.600,3.461,100
2020-11-12 09:47:33.600,3.462,100
2020-11-12 09:47:33.600,3.462,100
2020-11-12 09:47:33.620,3.462,100
2020-11-12 09:47:33.620,3.462,100
2020-11-12 09:47:33.620,3.462,100
2020-11-12 09:47:33.620,3.462,100
2020-11-12 09:47:33.620,3.462,100
2020-11-12 09:47:33.680,3.462,100
2020-11-12 09:47:33.680,3.462,100
2020-11-12 09:47:33.680,3.462,100
2020-11-12 09:47:33.680,3.462,100
2020-11-12 09:47:33.680,3.462,100
2020-11-12 09:47:33.680,3.462,100
2020-11-12 09:47:33.680,3.462,100
2020-11-12 09:47:34.200,3.462,100
2020-11-12 09:47:34.200,3.462,100
2020-11-12 09:47:34.200,3.462,100
2020-11-12 09:47:34.200,3.462,100
2020-11-12 09:47:34.200,3.462,100
2020-11-12 09:47:34.200,3.462,100
2020-11-12 09:47:34.200,3.462,100
2020-11-12 09:47:34.260,3.462,100
2020-11-12 09:47:34.260,3.462,100
2020-11-12 09:47:34.260,3.462,100
2020-11-12 09:47:34.260,3.462,100
2020-11-12 09:47:34.320,3.462,100
2020-11-12 09:47:34.320,3.462,100
2020-11-12 09:47:34.320,3.462,100
2020-11-12 09:47:34.320,3.462,100
2020-11-12 09:47:34.400,3.462,100
2020-11-12 09:47:34.400,3.462,100
2020-11-12 09:47:34.400,3.462,100
2020-11-12 09:47:34.400,3.462,100
2020-11-12 09:47:34.400,3.462,100
2020-11-12 09:47:34.430,3.462,100
2020-11-12 09:47:34.430,3.462,100
2020-11-12 09:47:34.430,3.462,100
2020-11-12 09:47:34.430,3.462,100
2020-11-12 09:47:34.430,3.462,100
2020-11-12 09:47:34.430,3.462,100
2020-11-12 09:47:34.430,3.462,100
2020-11-12 09:47:34.430,3.462,100
2020-11-12 09:47:34.430,3.462,100
2020-11-12 09:47:34.490,3.462,100
2020-11-12 09:47:34.490,3.462,100
2020-11-12 09:47:34.490,3.462,100
2020-11-12 09:47:34.490,3.462,100
2020-11-12 09:47:35.130,3.462,2000
2020-11-12 09:47:35.320,3.462,3000
2020-11-12 09:47:35.600,3.462,300
2020-11-12 09:47:36.660,3.462,200
2020-11-12 09:47:41.740,3.461,13400
2020-11-12 09:47:41.940,3.461,2000
2020-11-12 09:47:43.730,3.461,300000
2020-11-12 09:47:44.780,3.462,8500
2020-11-12 09:47:47.750,3.461,30000
2020-11-12 09:47:48.530,3.462,8000
2020-11-12 09:47:50.400,3.461,3400
2020-11-12 09:47:50.850,3.461,251200
2020-11-12 09:47:50.850,3.461,100
2020-11-12 09:47:50.850,3.461,500
2020-11-12 09:47:56.540,3.461,43400
2020-11-12 09:47:56.540,3.461,226700
2020-11-12 09:47:56.540,3.461,40000
2020-11-12 09:47:56.850,3.461,289900
2020-11-12 09:47:57.480,3.461,500
2020-11-12 09:48:00.530,3.46,20300
2020-11-12 09:48:00.530,3.46,17300
2020-11-12 09:48:00.530,3.46,10000
2020-11-12 09:48:00.530,3.46,2500
2020-11-12 09:48:00.530,3.46,500
2020-11-12 09:48:00.530,3.46,6000
2020-11-12 09:48:00.530,3.46,2000
2020-11-12 09:48:00.530,3.46,300
2020-11-12 09:48:00.530,3.46,30000
2020-11-12 09:48:00.530,3.46,1000
2020-11-12 09:48:00.530,3.46,50000
2020-11-12 09:48:00.530,3.46,13300
2020-11-12 09:48:00.530,3.46,1000
2020-11-12 09:48:00.530,3.46,10000
2020-11-12 09:48:00.530,3.46,25000
2020-11-12 09:48:00.530,3.46,16200
2020-11-12 09:48:00.530,3.46,5000
2020-11-12 09:48:00.530,3.46,500
2020-11-12 09:48:00.530,3.46,55700
2020-11-12 09:48:01.830,3.461,500
2020-11-12 09:48:02.360,3.461,300
2020-11-12 09:48:03.820,3.46,144300
2020-11-12 09:48:03.820,3.46,10000
2020-11-12 09:48:03.820,3.46,5800
2020-11-12 09:48:03.820,3.46,10000
2020-11-12 09:48:03.820,3.46,3000
2020-11-12 09:48:03.820,3.46,600
2020-11-12 09:48:03.820,3.46,400
2020-11-12 09:48:03.820,3.46,1000
2020-11-12 09:48:03.820,3.46,1000
2020-11-12 09:48:03.820,3.46,5500
2020-11-12 09:48:03.820,3.46,1200
2020-11-12 09:48:03.820,3.46,5000
2020-11-12 09:48:03.820,3.46,3000
2020-11-12 09:48:03.820,3.46,3000
2020-11-12 09:48:03.820,3.46,1700
2020-11-12 09:48:03.820,3.46,5000
2020-11-12 09:48:03.820,3.46,100
2020-11-12 09:48:03.820,3.46,500
2020-11-12 09:48:03.820,3.46,100
2020-11-12 09:48:03.820,3.46,200
2020-11-12 09:48:04.480,3.46,20000
2020-11-12 09:48:04.590,3.46,2000
2020-11-12 09:48:06.380,3.459,8800
2020-11-12 09:48:07.840,3.46,3000
2020-11-12 09:48:08.870,3.46,100
2020-11-12 09:48:11.030,3.459,27500
2020-11-12 09:48:14.100,3.46,12000
2020-11-12 09:48:15.960,3.46,61500
2020-11-12 09:48:15.960,3.46,400
2020-11-12 09:48:15.960,3.461,50000
2020-11-12 09:48:15.960,3.461,88100
2020-11-12 09:48:17.200,3.46,50000
2020-11-12 09:48:17.410,3.46,20000
2020-11-12 09:48:20.480,3.459,3200
2020-11-12 09:48:21.720,3.461,1000
2020-11-12 09:48:21.820,3.459,16100
2020-11-12 09:48:21.820,3.459,5000
2020-11-12 09:48:21.820,3.459,1000
2020-11-12 09:48:21.820,3.459,800
2020-11-12 09:48:21.820,3.459,5000
2020-11-12 09:48:21.820,3.459,5000
2020-11-12 09:48:21.820,3.459,1000
2020-11-12 09:48:21.820,3.459,4800
2020-11-12 09:48:21.820,3.459,11300
2020-11-12 09:48:26.440,3.46,400
2020-11-12 09:48:30.550,3.46,3500
2020-11-12 09:48:30.550,3.46,2000
2020-11-12 09:48:30.550,3.46,800
2020-11-12 09:48:30.550,3.46,2000
2020-11-12 09:48:31.320,3.46,258400
2020-11-12 09:48:31.320,3.46,41600
2020-11-12 09:48:31.610,3.46,85400
2020-11-12 09:48:34.210,3.461,2000
2020-11-12 09:48:38.150,3.46,100
2020-11-12 09:48:42.630,3.46,6000
2020-11-12 09:48:43.360,3.46,800
2020-11-12 09:48:45.530,3.46,3200
2020-11-12 09:48:45.530,3.46,6800
2020-11-12 09:48:47.030,3.46,100
2020-11-12 09:48:48.230,3.46,3100
2020-11-12 09:48:48.430,3.46,2900
2020-11-12 09:48:49.220,3.46,20000
2020-11-12 09:48:49.410,3.461,1000
2020-11-12 09:48:50.900,3.461,1000
2020-11-12 09:48:50.900,3.461,1800
2020-11-12 09:48:50.960,3.46,1600
2020-11-12 09:48:52.450,3.46,13000
2020-11-12 09:48:54.000,3.46,500
2020-11-12 09:48:55.130,3.461,2900
2020-11-12 09:48:55.880,3.46,400
2020-11-12 09:48:56.380,3.46,900
2020-11-12 09:49:00.070,3.461,8600
2020-11-12 09:49:00.070,3.461,21400
2020-11-12 09:49:00.550,3.46,260700
2020-11-12 09:49:00.550,3.46,2300
2020-11-12 09:49:00.550,3.46,3700
2020-11-12 09:49:00.610,3.461,1600
2020-11-12 09:49:00.610,3.461,9000
2020-11-12 09:49:00.760,3.46,100
2020-11-12 09:49:00.840,3.461,10000
2020-11-12 09:49:03.970,3.461,5100
2020-11-12 09:49:03.970,3.461,2300
2020-11-12 09:49:03.970,3.461,66700
2020-11-12 09:49:04.230,3.461,300
2020-11-12 09:49:07.490,3.461,10700
2020-11-12 09:49:07.610,3.461,500
2020-11-12 09:49:19.940,3.462,1000
2020-11-12 09:49:21.230,3.462,100
2020-11-12 09:49:21.960,3.461,600
2020-11-12 09:49:23.260,3.462,7500
2020-11-12 09:49:24.420,3.461,52200
2020-11-12 09:49:24.420,3.461,4100
2020-11-12 09:49:26.780,3.462,100
2020-11-12 09:49:27.130,3.461,102900
2020-11-12 09:49:27.160,3.461,5800
2020-11-12 09:49:27.280,3.461,48800
2020-11-12 09:49:27.280,3.461,2300
2020-11-12 09:49:27.760,3.461,700
2020-11-12 09:49:27.760,3.461,100
2020-11-12 09:49:27.760,3.461,9000
2020-11-12 09:49:27.760,3.461,500
2020-11-12 09:49:27.760,3.461,1500
2020-11-12 09:49:27.760,3.461,300
2020-11-12 09:49:27.760,3.461,20000
2020-11-12 09:49:28.500,3.461,500
2020-11-12 09:49:33.750,3.461,1500
2020-11-12 09:49:33.750,3.461,14900
2020-11-12 09:49:34.050,3.461,5000
2020-11-12 09:49:34.070,3.461,240000
2020-11-12 09:49:35.650,3.461,6700
2020-11-12 09:49:35.650,3.461,700
2020-11-12 09:49:36.750,3.461,3100
2020-11-12 09:49:36.990,3.461,200
2020-11-12 09:49:37.400,3.461,200
2020-11-12 09:49:37.400,3.462,6400
2020-11-12 09:49:39.750,3.461,1100
2020-11-12 09:49:40.430,3.461,16000
2020-11-12 09:49:40.680,3.461,200
2020-11-12 09:49:40.680,3.461,3800
2020-11-12 09:49:40.680,3.461,12800
2020-11-12 09:49:40.810,3.461,4000
2020-11-12 09:49:41.100,3.461,3600
2020-11-12 09:49:43.860,3.462,3000
2020-11-12 09:49:43.860,3.462,1400
2020-11-12 09:49:44.010,3.461,100
2020-11-12 09:49:44.040,3.462,17100
2020-11-12 09:49:44.280,3.461,1400
2020-11-12 09:49:47.880,3.462,10000
2020-11-12 09:49:49.450,3.462,3300
2020-11-12 09:49:50.100,3.462,300
2020-11-12 09:49:50.410,3.462,34500
2020-11-12 09:49:50.410,3.462,10000
2020-11-12 09:49:50.410,3.462,2900
2020-11-12 09:49:50.410,3.462,1500
2020-11-12 09:49:55.890,3.462,100
2020-11-12 09:49:58.520,3.462,851000
2020-11-12 09:49:58.520,3.462,3200
2020-11-12 09:49:58.520,3.462,10000
2020-11-12 09:49:58.520,3.462,8500
2020-11-12 09:49:58.520,3.462,200
2020-11-12 09:49:59.880,3.462,700
2020-11-12 09:50:00.570,3.461,20000
2020-11-12 09:50:00.600,3.462,126400
2020-11-12 09:50:00.600,3.461,1800
2020-11-12 09:50:01.130,3.462,100
2020-11-12 09:50:01.230,3.462,210000
2020-11-12 09:50:01.340,3.462,56600
2020-11-12 09:50:03.690,3.462,86100
2020-11-12 09:50:04.070,3.463,8900
2020-11-12 09:50:04.070,3.463,5500
2020-11-12 09:50:05.060,3.462,6000
2020-11-12 09:50:08.620,3.463,6000
2020-11-12 09:50:10.300,3.462,600
2020-11-12 09:50:11.890,3.463,9900
2020-11-12 09:50:11.890,3.463,700
2020-11-12 09:50:11.890,3.463,13300
2020-11-12 09:50:11.890,3.463,300
2020-11-12 09:50:11.890,3.463,5800
2020-11-12 09:50:12.720,3.462,500
2020-11-12 09:50:13.840,3.463,1500
2020-11-12 09:50:16.930,3.463,600
2020-11-12 09:50:21.090,3.463,58800
2020-11-12 09:50:21.090,3.463,100
2020-11-12 09:50:21.090,3.463,66700
2020-11-12 09:50:21.090,3.463,1000
2020-11-12 09:50:21.130,3.463,1000
2020-11-12 09:50:25.240,3.464,55200
2020-11-12 09:50:25.240,3.464,8200
2020-11-12 09:50:30.510,3.463,172400
2020-11-12 09:50:30.510,3.463,94300
2020-11-12 09:50:31.960,3.463,200
2020-11-12 09:50:33.850,3.464,200
2020-11-12 09:50:34.670,3.464,86300
2020-11-12 09:50:34.670,3.464,300
2020-11-12 09:50:34.670,3.464,100
2020-11-12 09:50:34.670,3.464,1000
2020-11-12 09:50:34.670,3.464,29900
2020-11-12 09:50:34.670,3.464,637800
2020-11-12 09:50:34.670,3.464,239600
2020-11-12 09:50:34.670,3.464,60400
2020-11-12 09:50:34.670,3.464,300000
2020-11-12 09:50:34.670,3.464,40000
2020-11-12 09:50:34.670,3.464,10300
2020-11-12 09:50:36.280,3.463,1000
2020-11-12 09:50:36.900,3.464,10000
2020-11-12 09:50:37.180,3.464,400
2020-11-12 09:50:42.200,3.464,14700
2020-11-12 09:50:44.580,3.464,17000
2020-11-12 09:50:46.600,3.464,100
2020-11-12 09:50:46.740,3.464,14200
2020-11-12 09:50:46.740,3.464,1800
2020-11-12 09:50:48.820,3.464,14500
2020-11-12 09:50:50.190,3.464,6600
2020-11-12 09:50:51.510,3.464,7100
2020-11-12 09:50:51.510,3.464,2900
2020-11-12 09:50:51.570,3.463,8200
2020-11-12 09:50:51.570,3.463,43800
2020-11-12 09:50:52.290,3.463,3500
2020-11-12 09:50:52.530,3.464,20000
2020-11-12 09:50:52.940,3.464,5600
2020-11-12 09:50:53.680,3.464,2000
2020-11-12 09:50:54.290,3.464,9500
2020-11-12 09:50:54.290,3.464,7100
2020-11-12 09:50:55.000,3.463,2200
2020-11-12 09:50:56.040,3.464,300
2020-11-12 09:50:56.390,3.464,1300
2020-11-12 09:50:56.390,3.464,15700
2020-11-12 09:50:58.270,3.464,5000
2020-11-12 09:50:58.500,3.464,14900
2020-11-12 09:50:58.880,3.464,3800
2020-11-12 09:51:00.510,3.463,266600
2020-11-12 09:51:00.740,3.464,15200
2020-11-12 09:51:01.040,3.464,9300
2020-11-12 09:51:02.710,3.464,16900
2020-11-12 09:51:02.710,3.463,134500
2020-11-12 09:51:02.710,3.463,165500
2020-11-12 09:51:03.710,3.463,8500
2020-11-12 09:51:03.710,3.463,2000
2020-11-12 09:51:03.710,3.463,2000
2020-11-12 09:51:03.710,3.463,1000
2020-11-12 09:51:03.710,3.463,20000
2020-11-12 09:51:03.710,3.463,3000
2020-11-12 09:51:03.710,3.463,10000
2020-11-12 09:51:03.710,3.463,1000
2020-11-12 09:51:03.710,3.463,6000
2020-11-12 09:51:03.710,3.463,3000
2020-11-12 09:51:03.710,3.463,10000
2020-11-12 09:51:03.710,3.463,200
2020-11-12 09:51:04.600,3.463,17100
2020-11-12 09:51:06.770,3.463,14500
2020-11-12 09:51:06.800,3.463,5800
2020-11-12 09:51:07.480,3.462,4400
2020-11-12 09:51:08.110,3.463,10000
2020-11-12 09:51:08.860,3.463,14100
2020-11-12 09:51:09.100,3.463,9900
2020-11-12 09:51:12.170,3.463,3900
2020-11-12 09:51:13.000,3.463,16100
2020-11-12 09:51:15.230,3.463,16200
2020-11-12 09:51:15.370,3.463,2700
2020-11-12 09:51:16.770,3.463,1000
2020-11-12 09:51:17.710,3.463,27000
2020-11-12 09:51:20.230,3.462,700
2020-11-12 09:51:20.260,3.463,4900
2020-11-12 09:51:20.510,3.463,2300
2020-11-12 09:51:20.990,3.462,1000
2020-11-12 09:51:21.400,3.462,3100
2020-11-12 09:51:22.730,3.462,170000
2020-11-12 09:51:23.080,3.462,119700
2020-11-12 09:51:23.080,3.462,10000
2020-11-12 09:51:23.080,3.462,3800
2020-11-12 09:51:23.080,3.462,46700
2020-11-12 09:51:23.080,3.462,3000
2020-11-12 09:51:23.080,3.462,1500
2020-11-12 09:51:23.080,3.462,14600
2020-11-12 09:51:23.080,3.462,700
2020-11-12 09:51:23.140,3.463,5000
2020-11-12 09:51:23.720,3.463,60000
2020-11-12 09:51:24.060,3.462,3500
2020-11-12 09:51:24.060,3.462,300
2020-11-12 09:51:24.060,3.462,3200
2020-11-12 09:51:25.590,3.463,20000
2020-11-12 09:51:26.680,3.462,300
2020-11-12 09:51:26.730,3.463,1000
2020-11-12 09:51:26.830,3.462,1500
2020-11-12 09:51:26.830,3.462,2000
2020-11-12 09:51:26.830,3.462,200
2020-11-12 09:51:26.830,3.462,500
2020-11-12 09:51:27.090,3.462,10100
2020-11-12 09:51:28.270,3.462,1300
2020-11-12 09:51:28.270,3.463,12800
2020-11-12 09:51:29.980,3.462,4700
2020-11-12 09:51:30.120,3.462,4400
2020-11-12 09:51:30.510,3.461,25700
2020-11-12 09:51:30.510,3.461,2000
2020-11-12 09:51:30.510,3.461,10000
2020-11-12 09:51:30.510,3.461,2000
2020-11-12 09:51:30.510,3.461,3000
2020-11-12 09:51:30.510,3.461,10000
2020-11-12 09:51:30.510,3.461,5000
2020-11-12 09:51:30.510,3.461,1500
2020-11-12 09:51:30.510,3.461,4000
2020-11-12 09:51:30.510,3.461,1000
2020-11-12 09:51:30.510,3.461,10000
2020-11-12 09:51:30.510,3.461,5000
2020-11-12 09:51:30.510,3.461,1200
2020-11-12 09:51:32.460,3.461,15200
2020-11-12 09:51:32.630,3.461,2000
2020-11-12 09:51:32.630,3.461,169100
2020-11-12 09:51:34.710,3.462,16000
2020-11-12 09:51:36.900,3.462,14100
2020-11-12 09:51:39.110,3.462,800
2020-11-12 09:51:39.110,3.462,13900
2020-11-12 09:51:41.150,3.462,14800
2020-11-12 09:51:44.410,3.461,100
2020-11-12 09:51:47.370,3.462,17000
2020-11-12 09:51:47.620,3.461,100
2020-11-12 09:51:49.620,3.462,15000
2020-11-12 09:51:53.400,3.462,200
2020-11-12 09:51:54.880,3.462,300
2020-11-12 09:51:55.160,3.462,5500
2020-11-12 09:51:55.160,3.462,3400
2020-11-12 09:51:55.550,3.461,48000
2020-11-12 09:51:57.610,3.462,100
2020-11-12 09:51:58.880,3.462,13900
2020-11-12 09:52:00.490,3.461,82700
2020-11-12 09:52:00.490,3.461,20000
2020-11-12 09:52:00.490,3.461,200
2020-11-12 09:52:00.490,3.461,1000
2020-11-12 09:52:00.490,3.461,3000
2020-11-12 09:52:00.490,3.461,800
2020-11-12 09:52:00.490,3.461,20000
2020-11-12 09:52:00.490,3.461,300
2020-11-12 09:52:00.490,3.461,138700
2020-11-12 09:52:05.660,3.462,300
2020-11-12 09:52:06.660,3.462,300
2020-11-12 09:52:07.440,3.462,3700
2020-11-12 09:52:07.440,3.462,5000
2020-11-12 09:52:07.440,3.462,30000
2020-11-12 09:52:07.440,3.462,66700
2020-11-12 09:52:07.440,3.462,20000
2020-11-12 09:52:07.440,3.462,100
2020-11-12 09:52:07.560,3.462,21600
2020-11-12 09:52:17.030,3.462,1800
2020-11-12 09:52:17.310,3.463,4000
2020-11-12 09:52:23.050,3.463,8500
2020-11-12 09:52:23.190,3.462,500
2020-11-12 09:52:30.520,3.462,150600
2020-11-12 09:52:30.520,3.462,1000
2020-11-12 09:52:30.520,3.462,200
2020-11-12 09:52:31.110,3.462,15200
2020-11-12 09:52:33.230,3.462,10000
2020-11-12 09:52:35.450,3.462,17100
2020-11-12 09:52:35.820,3.462,16500
2020-11-12 09:52:36.380,3.462,500
2020-11-12 09:52:36.460,3.462,5000
2020-11-12 09:52:37.410,3.462,15300
2020-11-12 09:52:39.710,3.462,15000
2020-11-12 09:52:40.570,3.461,3000
2020-11-12 09:52:42.020,3.461,1100
2020-11-12 09:52:42.020,3.462,15900
2020-11-12 09:52:42.890,3.462,3000
2020-11-12 09:52:43.060,3.462,1300
2020-11-12 09:52:43.060,3.462,3400
2020-11-12 09:52:44.050,3.462,5600
2020-11-12 09:52:44.050,3.462,300
2020-11-12 09:52:44.050,3.462,1100
2020-11-12 09:52:44.050,3.462,17300
2020-11-12 09:52:44.250,3.462,3000
2020-11-12 09:52:44.510,3.462,800
2020-11-12 09:52:45.710,3.463,16100
2020-11-12 09:52:47.920,3.463,16600
2020-11-12 09:52:50.020,3.463,16900
2020-11-12 09:52:50.590,3.462,500
2020-11-12 09:52:51.080,3.463,300
2020-11-12 09:52:52.370,3.463,14400
2020-11-12 09:52:53.180,3.462,15600
2020-11-12 09:52:57.700,3.462,1000
2020-11-12 09:52:57.990,3.462,3000
2020-11-12 09:52:59.310,3.462,34200
2020-11-12 09:53:00.520,3.461,157200
2020-11-12 09:53:00.520,3.461,5000
2020-11-12 09:53:00.520,3.461,300
2020-11-12 09:53:00.520,3.461,2900
2020-11-12 09:53:00.520,3.461,200
2020-11-12 09:53:00.520,3.461,100
2020-11-12 09:53:00.520,3.461,1000
2020-11-12 09:53:00.520,3.461,5000
2020-11-12 09:53:00.520,3.461,10000
2020-11-12 09:53:00.520,3.461,85000
2020-11-12 09:53:00.580,3.462,300
2020-11-12 09:53:01.360,3.462,14300
2020-11-12 09:53:01.550,3.461,500
2020-11-12 09:53:02.290,3.461,15000
2020-11-12 09:53:03.360,3.462,14100
2020-11-12 09:53:03.790,3.462,1400
2020-11-12 09:53:04.620,3.462,5000
2020-11-12 09:53:05.970,3.462,16700
2020-11-12 09:53:07.780,3.462,1000
2020-11-12 09:53:08.060,3.462,17100
2020-11-12 09:53:10.090,3.462,15600
2020-11-12 09:53:12.070,3.462,14100
2020-11-12 09:53:14.120,3.462,14500
2020-11-12 09:53:14.570,3.461,16300
2020-11-12 09:53:16.500,3.462,30000
2020-11-12 09:53:16.860,3.461,1000
2020-11-12 09:53:18.280,3.462,300
2020-11-12 09:53:18.440,3.461,5200
2020-11-12 09:53:19.900,3.462,200
2020-11-12 09:53:22.240,3.461,2800
2020-11-12 09:53:22.240,3.461,10000
2020-11-12 09:53:22.240,3.461,5000
2020-11-12 09:53:22.240,3.461,200
2020-11-12 09:53:22.240,3.461,300
2020-11-12 09:53:22.240,3.461,16600
2020-11-12 09:53:22.240,3.461,300
2020-11-12 09:53:22.840,3.461,5600
2020-11-12 09:53:23.480,3.461,200
2020-11-12 09:53:25.770,3.461,1500
2020-11-12 09:53:28.080,3.461,10000
2020-11-12 09:53:28.080,3.461,17000
2020-11-12 09:53:28.650,3.461,200
2020-11-12 09:53:30.230,3.461,15900
2020-11-12 09:53:30.520,3.46,12000
2020-11-12 09:53:30.520,3.46,5000
2020-11-12 09:53:30.520,3.46,3000
2020-11-12 09:53:30.520,3.46,2000
2020-11-12 09:53:30.520,3.46,10600
2020-11-12 09:53:30.520,3.46,3000
2020-11-12 09:53:30.520,3.46,6100
2020-11-12 09:53:30.520,3.46,200
2020-11-12 09:53:30.520,3.46,5000
2020-11-12 09:53:30.520,3.46,300
2020-11-12 09:53:30.520,3.46,1000
2020-11-12 09:53:30.520,3.46,10000
2020-11-12 09:53:30.520,3.46,10000
2020-11-12 09:53:30.520,3.46,700
2020-11-12 09:53:30.520,3.46,200
2020-11-12 09:53:30.520,3.46,13000
2020-11-12 09:53:30.520,3.46,10000
2020-11-12 09:53:30.520,3.46,1000
2020-11-12 09:53:30.520,3.46,1500
2020-11-12 09:53:30.520,3.46,16700
2020-11-12 09:53:30.520,3.46,14400
2020-11-12 09:53:30.520,3.46,600
2020-11-12 09:53:30.520,3.46,3000
2020-11-12 09:53:30.520,3.46,300
2020-11-12 09:53:30.520,3.46,5000
2020-11-12 09:53:30.520,3.46,200
2020-11-12 09:53:30.520,3.46,5500
2020-11-12 09:53:30.520,3.46,1100
2020-11-12 09:53:30.520,3.46,2000
2020-11-12 09:53:30.520,3.46,1000
2020-11-12 09:53:30.520,3.46,42000
2020-11-12 09:53:30.520,3.46,30000
2020-11-12 09:53:30.520,3.46,3000
2020-11-12 09:53:30.520,3.46,3000
2020-11-12 09:53:30.520,3.46,5000
2020-11-12 09:53:30.520,3.46,6100
2020-11-12 09:53:30.520,3.46,11000
2020-11-12 09:53:30.520,3.46,1600
2020-11-12 09:53:30.520,3.46,2000
2020-11-12 09:53:30.520,3.46,18600
2020-11-12 09:53:30.520,3.46,1600
2020-11-12 09:53:30.520,3.46,100
2020-11-12 09:53:30.520,3.46,1000
2020-11-12 09:53:30.520,3.46,1200
2020-11-12 09:53:30.520,3.46,5000
2020-11-12 09:53:30.740,3.461,11700
2020-11-12 09:53:31.360,3.461,10000
2020-11-12 09:53:31.500,3.46,1500
2020-11-12 09:53:31.560,3.461,9900
2020-11-12 09:53:31.560,3.461,20100
2020-11-12 09:53:31.560,3.461,2600
2020-11-12 09:53:31.560,3.461,500
2020-11-12 09:53:31.560,3.461,66700
2020-11-12 09:53:34.220,3.461,18000
2020-11-12 09:53:35.330,3.461,20000
2020-11-12 09:53:37.620,3.461,5000
2020-11-12 09:53:43.590,3.462,66700
2020-11-12 09:53:43.590,3.462,17300
2020-11-12 09:53:43.590,3.462,3000
2020-11-12 09:53:43.590,3.462,9300
2020-11-12 09:53:43.590,3.462,11100
2020-11-12 09:53:43.590,3.462,77000
2020-11-12 09:53:43.590,3.462,2900
2020-11-12 09:53:43.590,3.462,1200
2020-11-12 09:53:43.590,3.462,26000
2020-11-12 09:53:50.630,3.462,800
2020-11-12 09:53:52.870,3.462,900
2020-11-12 09:53:55.330,3.462,100
2020-11-12 09:53:55.330,3.462,900
2020-11-12 09:53:56.300,3.461,200
2020-11-12 09:53:57.090,3.461,48000
2020-11-12 09:54:00.810,3.461,600
2020-11-12 09:54:01.170,3.462,15000
2020-11-12 09:54:06.390,3.462,5000
2020-11-12 09:54:07.860,3.461,6000
2020-11-12 09:54:08.190,3.462,300
2020-11-12 09:54:08.460,3.461,102400
2020-11-12 09:54:08.460,3.461,2200
2020-11-12 09:54:08.460,3.461,100000
2020-11-12 09:54:08.460,3.461,5000
2020-11-12 09:54:09.740,3.461,16400
2020-11-12 09:54:10.570,3.46,50000
2020-11-12 09:54:19.000,3.461,16900
2020-11-12 09:54:29.990,3.461,1400
2020-11-12 09:54:30.520,3.46,143500
2020-11-12 09:54:30.520,3.46,500
2020-11-12 09:54:30.520,3.46,200
2020-11-12 09:54:30.520,3.46,1500
2020-11-12 09:54:30.520,3.46,200
2020-11-12 09:54:30.520,3.46,50000
2020-11-12 09:54:30.520,3.46,900
2020-11-12 09:54:30.520,3.46,10000
2020-11-12 09:54:30.520,3.46,50000
2020-11-12 09:54:30.520,3.46,9900
2020-11-12 09:54:31.030,3.461,3300
2020-11-12 09:54:31.890,3.461,2000
2020-11-12 09:54:32.870,3.461,100
2020-11-12 09:54:34.950,3.461,13200
2020-11-12 09:54:42.030,3.461,3700
2020-11-12 09:54:42.030,3.461,7000
2020-11-12 09:54:45.610,3.461,100
2020-11-12 09:54:46.080,3.46,200
2020-11-12 09:54:46.080,3.46,600
2020-11-12 09:54:46.080,3.46,900
2020-11-12 09:54:46.080,3.46,1000
2020-11-12 09:54:46.080,3.46,300
2020-11-12 09:54:46.080,3.46,100
2020-11-12 09:54:46.080,3.46,2700
2020-11-12 09:54:46.080,3.46,200
2020-11-12 09:54:46.080,3.46,1400
2020-11-12 09:54:47.760,3.46,1700
2020-11-12 09:54:47.760,3.46,8400
2020-11-12 09:54:49.920,3.461,12900
2020-11-12 09:54:50.400,3.46,5000
2020-11-12 09:54:51.420,3.461,1400
2020-11-12 09:54:51.910,3.461,15900
2020-11-12 09:54:51.910,3.461,200
2020-11-12 09:54:51.910,3.461,5000
2020-11-12 09:54:51.910,3.461,10000
2020-11-12 09:54:51.910,3.461,2400
2020-11-12 09:54:51.910,3.461,28700
2020-11-12 09:54:51.930,3.461,32300
2020-11-12 09:54:54.600,3.461,5700
2020-11-12 09:54:54.600,3.461,100
2020-11-12 09:54:54.600,3.461,16200
2020-11-12 09:54:56.060,3.461,5600
2020-11-12 09:54:58.120,3.461,100
2020-11-12 09:55:00.090,3.461,500
2020-11-12 09:55:00.530,3.461,9400
2020-11-12 09:55:00.530,3.461,31700
2020-11-12 09:55:00.530,3.46,500
2020-11-12 09:55:00.530,3.46,266200
2020-11-12 09:55:01.450,3.461,500
2020-11-12 09:55:06.000,3.461,20000
2020-11-12 09:55:06.130,3.461,100
2020-11-12 09:55:06.550,3.461,5000
2020-11-12 09:55:08.200,3.46,1200
2020-11-12 09:55:08.500,3.46,22000
2020-11-12 09:55:09.130,3.461,5000
2020-11-12 09:55:09.130,3.461,3000
2020-11-12 09:55:09.130,3.461,2400
2020-11-12 09:55:09.480,3.461,800
2020-11-12 09:55:09.540,3.461,10000
2020-11-12 09:55:09.820,3.461,8500
2020-11-12 09:55:09.820,3.461,10000
2020-11-12 09:55:16.050,3.462,23500
2020-11-12 09:55:17.410,3.462,200000
2020-11-12 09:55:20.500,3.462,100
2020-11-12 09:55:23.230,3.461,29000
2020-11-12 09:55:27.120,3.462,22700
2020-11-12 09:55:27.120,3.462,8700
2020-11-12 09:55:27.120,3.462,200
2020-11-12 09:55:27.120,3.462,8700
2020-11-12 09:55:27.120,3.462,1500
2020-11-12 09:55:27.120,3.462,125000
2020-11-12 09:55:30.550,3.462,133300
2020-11-12 09:55:30.550,3.462,2500
2020-11-12 09:55:30.550,3.462,6000
2020-11-12 09:55:30.550,3.462,124800
2020-11-12 09:55:39.730,3.463,300
2020-11-12 09:55:40.680,3.463,3000
2020-11-12 09:55:41.200,3.463,7900
2020-11-12 09:55:43.190,3.462,4700
2020-11-12 09:55:46.100,3.462,3000
2020-11-12 09:55:48.140,3.463,1000
2020-11-12 09:55:48.170,3.463,100
2020-11-12 09:55:48.630,3.463,27700
2020-11-12 09:55:48.630,3.463,7300
2020-11-12 09:55:49.250,3.463,200
2020-11-12 09:55:50.270,3.463,6000
2020-11-12 09:55:52.090,3.463,500
2020-11-12 09:55:53.800,3.463,300
2020-11-12 09:55:54.550,3.463,300
2020-11-12 09:55:56.810,3.462,167500
2020-11-12 09:55:56.810,3.462,50000
2020-11-12 09:55:56.810,3.462,1000
2020-11-12 09:55:56.810,3.462,10000
2020-11-12 09:55:56.810,3.462,200
2020-11-12 09:55:56.810,3.462,1200
2020-11-12 09:55:58.910,3.462,2000
2020-11-12 09:56:00.540,3.461,180000
2020-11-12 09:56:00.540,3.461,500
2020-11-12 09:56:00.540,3.461,84700
2020-11-12 09:56:00.540,3.461,1500
2020-11-12 09:56:00.840,3.462,25400
2020-11-12 09:56:00.970,3.462,16300
2020-11-12 09:56:01.060,3.462,20000
2020-11-12 09:56:03.510,3.461,8500
2020-11-12 09:56:03.510,3.461,900
2020-11-12 09:56:03.510,3.461,5000
2020-11-12 09:56:03.510,3.461,37200
2020-11-12 09:56:06.290,3.461,200
2020-11-12 09:56:06.290,3.461,10200
2020-11-12 09:56:08.210,3.461,2600
2020-11-12 09:56:09.650,3.461,500
2020-11-12 09:56:10.160,3.461,1500
2020-11-12 09:56:10.190,3.461,27100
2020-11-12 09:56:11.530,3.461,800
2020-11-12 09:56:11.590,3.461,3000
2020-11-12 09:56:12.030,3.462,900
2020-11-12 09:56:15.150,3.462,1500
2020-11-12 09:56:15.680,3.461,10000
2020-11-12 09:56:15.680,3.461,2800
2020-11-12 09:56:15.680,3.461,3000
2020-11-12 09:56:15.680,3.461,100
2020-11-12 09:56:20.200,3.461,400
2020-11-12 09:56:23.620,3.461,1200
2020-11-12 09:56:30.540,3.461,4000
2020-11-12 09:56:30.540,3.461,22900
2020-11-12 09:56:30.540,3.461,10000
2020-11-12 09:56:30.540,3.461,21600
2020-11-12 09:56:30.770,3.461,10000
2020-11-12 09:56:33.170,3.46,20000
2020-11-12 09:56:33.300,3.461,28800
2020-11-12 09:56:33.500,3.461,1600
2020-11-12 09:56:36.450,3.46,78000
2020-11-12 09:56:42.340,3.46,8600
2020-11-12 09:56:42.340,3.46,2100
2020-11-12 09:56:42.340,3.46,100
2020-11-12 09:56:42.340,3.46,3000
2020-11-12 09:56:42.340,3.46,100
2020-11-12 09:56:42.340,3.46,2500
2020-11-12 09:56:42.340,3.46,10000
2020-11-12 09:56:42.340,3.46,4000
2020-11-12 09:56:42.340,3.46,10000
2020-11-12 09:56:42.340,3.46,400
2020-11-12 09:56:42.340,3.46,200
2020-11-12 09:56:42.340,3.46,1000
2020-11-12 09:56:42.340,3.46,4700
2020-11-12 09:56:42.340,3.46,50000
2020-11-12 09:56:42.340,3.46,5000
2020-11-12 09:56:42.340,3.46,1000
2020-11-12 09:56:45.190,3.46,10000
2020-11-12 09:56:45.510,3.46,500
2020-11-12 09:56:49.580,3.46,200
2020-11-12 09:56:50.650,3.459,1000
2020-11-12 09:56:53.490,3.459,9800
2020-11-12 09:56:53.490,3.459,2000
2020-11-12 09:56:53.490,3.459,5000
2020-11-12 09:56:53.490,3.459,3200
2020-11-12 09:56:55.800,3.459,100
2020-11-12 09:56:57.850,3.459,300
2020-11-12 09:56:59.290,3.459,6400
2020-11-12 09:56:59.290,3.459,1000
2020-11-12 09:56:59.290,3.459,20000
2020-11-12 09:56:59.290,3.459,5000
2020-11-12 09:56:59.290,3.459,1000
2020-11-12 09:56:59.290,3.459,10000
2020-11-12 09:56:59.290,3.459,2000
2020-11-12 09:56:59.290,3.459,10000
2020-11-12 09:56:59.290,3.459,73400
2020-11-12 09:56:59.290,3.459,500
2020-11-12 09:56:59.290,3.459,5000
2020-11-12 09:56:59.290,3.459,2000
2020-11-12 09:56:59.290,3.459,3000
2020-11-12 09:56:59.290,3.459,200
2020-11-12 09:56:59.290,3.459,13000
2020-11-12 09:56:59.290,3.459,400
2020-11-12 09:56:59.290,3.459,1000
2020-11-12 09:56:59.290,3.459,10000
2020-11-12 09:56:59.290,3.459,200
2020-11-12 09:56:59.290,3.459,200
2020-11-12 09:56:59.290,3.459,1200
2020-11-12 09:57:00.530,3.459,6300
2020-11-12 09:57:00.530,3.459,6000
2020-11-12 09:57:00.530,3.459,2000
2020-11-12 09:57:00.530,3.459,1100
2020-11-12 09:57:00.530,3.459,50000
2020-11-12 09:57:00.530,3.459,201200
2020-11-12 09:57:00.620,3.459,15900
2020-11-12 09:57:02.260,3.459,6400
2020-11-12 09:57:07.290,3.459,58100
2020-11-12 09:57:10.020,3.459,4100
2020-11-12 09:57:10.150,3.459,1100
2020-11-12 09:57:10.300,3.459,1500
2020-11-12 09:57:10.530,3.459,300
2020-11-12 09:57:10.980,3.459,4000
2020-11-12 09:57:11.030,3.459,7400
2020-11-12 09:57:11.030,3.459,800
2020-11-12 09:57:11.030,3.459,1000
2020-11-12 09:57:11.030,3.459,50000
2020-11-12 09:57:12.680,3.459,10000
2020-11-12 09:57:13.020,3.459,10000
2020-11-12 09:57:13.310,3.459,50000
2020-11-12 09:57:15.710,3.459,1900
2020-11-12 09:57:15.710,3.459,194700
2020-11-12 09:57:16.280,3.46,3900
2020-11-12 09:57:16.280,3.46,1000
2020-11-12 09:57:16.280,3.46,3000
2020-11-12 09:57:16.280,3.46,2100
2020-11-12 09:57:16.450,3.46,10000
2020-11-12 09:57:16.700,3.459,18000
2020-11-12 09:57:21.770,3.46,1000
2020-11-12 09:57:21.890,3.46,10000
2020-11-12 09:57:22.230,3.46,55600
2020-11-12 09:57:22.230,3.46,5000
2020-11-12 09:57:22.230,3.46,8700
2020-11-12 09:57:22.230,3.46,8900
2020-11-12 09:57:22.230,3.46,13000
2020-11-12 09:57:24.520,3.46,1000
2020-11-12 09:57:26.170,3.46,5100
2020-11-12 09:57:30.500,3.459,85400
2020-11-12 09:57:30.500,3.459,200
2020-11-12 09:57:30.500,3.459,50000
2020-11-12 09:57:30.500,3.459,50000
2020-11-12 09:57:30.500,3.459,4000
2020-11-12 09:57:30.500,3.459,10000
2020-11-12 09:57:30.500,3.459,10000
2020-11-12 09:57:30.500,3.459,50000
2020-11-12 09:57:30.650,3.459,7100
2020-11-12 09:57:31.480,3.46,2300
2020-11-12 09:57:31.480,3.46,3000
2020-11-12 09:57:31.480,3.46,1500
2020-11-12 09:57:31.480,3.46,13200
2020-11-12 09:57:36.060,3.46,200
2020-11-12 09:57:36.470,3.459,1000
2020-11-12 09:57:36.470,3.459,1000
2020-11-12 09:57:40.700,3.46,53300
2020-11-12 09:57:40.700,3.46,3700
2020-11-12 09:57:40.700,3.46,33000
2020-11-12 09:57:49.550,3.459,3000
2020-11-12 09:57:51.530,3.46,4000
2020-11-12 09:57:52.010,3.46,100
2020-11-12 09:57:58.220,3.459,1000
2020-11-12 09:57:58.220,3.459,10000
2020-11-12 09:57:58.220,3.459,200
2020-11-12 09:57:58.220,3.459,1800
2020-11-12 09:57:58.220,3.459,1500
2020-11-12 09:57:58.220,3.459,10400
2020-11-12 09:58:00.580,3.459,36600
2020-11-12 09:58:04.140,3.459,3000
2020-11-12 09:58:04.860,3.459,100
2020-11-12 09:58:06.590,3.458,500
2020-11-12 09:58:06.590,3.458,10000
2020-11-12 09:58:06.590,3.458,1000
2020-11-12 09:58:06.590,3.458,5000
2020-11-12 09:58:06.590,3.458,1000
2020-11-12 09:58:06.590,3.458,5000
2020-11-12 09:58:06.590,3.458,5000
2020-11-12 09:58:06.590,3.458,10000
2020-11-12 09:58:06.590,3.458,3500
2020-11-12 09:58:06.590,3.458,10000
2020-11-12 09:58:06.590,3.458,600
2020-11-12 09:58:06.590,3.458,1000
2020-11-12 09:58:06.590,3.458,100
2020-11-12 09:58:06.590,3.458,500
2020-11-12 09:58:06.590,3.458,200
2020-11-12 09:58:06.590,3.458,1300
2020-11-12 09:58:06.590,3.458,50000
2020-11-12 09:58:06.590,3.458,2000
2020-11-12 09:58:06.590,3.458,10000
2020-11-12 09:58:06.590,3.458,3000
2020-11-12 09:58:06.590,3.458,9500
2020-11-12 09:58:06.590,3.458,400
2020-11-12 09:58:06.590,3.458,100
2020-11-12 09:58:06.590,3.458,200
2020-11-12 09:58:06.590,3.458,2000
2020-11-12 09:58:06.590,3.458,5000
2020-11-12 09:58:06.590,3.458,5000
2020-11-12 09:58:06.590,3.458,200
2020-11-12 09:58:06.590,3.458,5000
2020-11-12 09:58:06.590,3.458,300
2020-11-12 09:58:06.590,3.458,5000
2020-11-12 09:58:06.590,3.458,1000
2020-11-12 09:58:06.590,3.458,1000
2020-11-12 09:58:06.590,3.458,100
2020-11-12 09:58:06.590,3.458,1000
2020-11-12 09:58:06.590,3.458,5500
2020-11-12 09:58:06.590,3.458,10000
2020-11-12 09:58:06.590,3.458,15000
2020-11-12 09:58:06.590,3.458,500
2020-11-12 09:58:06.590,3.458,1000
2020-11-12 09:58:06.590,3.458,100
2020-11-12 09:58:06.590,3.458,1800
2020-11-12 09:58:06.590,3.458,200
2020-11-12 09:58:06.590,3.458,500
2020-11-12 09:58:06.590,3.458,2000
2020-11-12 09:58:06.590,3.458,10000
2020-11-12 09:58:06.590,3.458,100
2020-11-12 09:58:06.590,3.458,1500
2020-11-12 09:58:06.590,3.458,500
2020-11-12 09:58:06.590,3.458,1500
2020-11-12 09:58:06.590,3.458,50000
2020-11-12 09:58:06.590,3.458,300
2020-11-12 09:58:06.590,3.458,200
2020-11-12 09:58:06.590,3.458,43800
2020-11-12 09:58:07.650,3.458,5000
2020-11-12 09:58:08.530,3.458,3900
2020-11-12 09:58:09.680,3.458,7600
2020-11-12 09:58:10.130,3.458,2400
2020-11-12 09:58:10.130,3.458,16000
2020-11-12 09:58:10.130,3.458,2300
2020-11-12 09:58:14.090,3.458,6300
2020-11-12 09:58:14.090,3.458,1600
2020-11-12 09:58:14.810,3.457,200
2020-11-12 09:58:14.810,3.457,200
2020-11-12 09:58:14.810,3.457,2000
2020-11-12 09:58:16.890,3.458,100
2020-11-12 09:58:16.890,3.458,7800
2020-11-12 09:58:17.340,3.458,10000
2020-11-12 09:58:18.300,3.458,1000
2020-11-12 09:58:18.300,3.458,1000
2020-11-12 09:58:19.300,3.458,14600
2020-11-12 09:58:21.220,3.458,300
2020-11-12 09:58:23.600,3.457,100
2020-11-12 09:58:24.130,3.457,9400
2020-11-12 09:58:24.130,3.457,20600
2020-11-12 09:58:24.160,3.457,9400
2020-11-12 09:58:24.160,3.457,1000
2020-11-12 09:58:24.160,3.457,400
2020-11-12 09:58:24.160,3.457,300
2020-11-12 09:58:24.160,3.457,8900
2020-11-12 09:58:24.190,3.457,8300
2020-11-12 09:58:24.190,3.457,2000
2020-11-12 09:58:24.190,3.457,100
2020-11-12 09:58:24.190,3.457,10000
2020-11-12 09:58:24.190,3.457,1500
2020-11-12 09:58:24.190,3.457,5000
2020-11-12 09:58:24.190,3.457,5000
2020-11-12 09:58:24.190,3.457,300
2020-11-12 09:58:24.190,3.457,200
2020-11-12 09:58:24.190,3.457,1500
2020-11-12 09:58:24.190,3.457,100
2020-11-12 09:58:24.190,3.457,2100
2020-11-12 09:58:24.190,3.457,2400
2020-11-12 09:58:24.190,3.457,3000
2020-11-12 09:58:24.190,3.457,1000
2020-11-12 09:58:24.190,3.457,8700
2020-11-12 09:58:24.190,3.457,300
2020-11-12 09:58:24.190,3.457,50000
2020-11-12 09:58:24.190,3.457,800
2020-11-12 09:58:24.190,3.457,11000
2020-11-12 09:58:24.190,3.457,500
2020-11-12 09:58:24.190,3.456,300
2020-11-12 09:58:24.190,3.456,200
2020-11-12 09:58:24.190,3.456,10000
2020-11-12 09:58:24.190,3.456,200
2020-11-12 09:58:24.190,3.456,4000
2020-11-12 09:58:24.190,3.456,10000
2020-11-12 09:58:24.190,3.456,6400
2020-11-12 09:58:24.190,3.456,5000
2020-11-12 09:58:24.190,3.456,500
2020-11-12 09:58:24.190,3.456,11500
2020-11-12 09:58:24.190,3.456,3000
2020-11-12 09:58:24.190,3.456,200
2020-11-12 09:58:24.190,3.456,10000
2020-11-12 09:58:24.190,3.456,5000
2020-11-12 09:58:24.190,3.456,5000
2020-11-12 09:58:24.190,3.456,2000
2020-11-12 09:58:24.190,3.456,11600
2020-11-12 09:58:24.190,3.456,100
2020-11-12 09:58:24.190,3.456,100
2020-11-12 09:58:24.190,3.456,10000
2020-11-12 09:58:24.190,3.456,500
2020-11-12 09:58:24.190,3.456,5000
2020-11-12 09:58:24.190,3.456,2000
2020-11-12 09:58:24.190,3.456,10000
2020-11-12 09:58:24.190,3.456,1800
2020-11-12 09:58:24.190,3.456,100
2020-11-12 09:58:24.190,3.456,71700
2020-11-12 09:58:24.240,3.456,20000
2020-11-12 09:58:24.240,3.456,30000
