Datetime,Price,Volume
2020-11-12 09:25:00.090,4.98,6000
2020-11-12 09:25:00.090,4.98,25000
2020-11-12 09:25:00.090,4.98,37500
2020-11-12 09:25:00.090,4.98,4600
2020-11-12 09:25:00.090,4.98,1100
2020-11-12 09:25:00.090,4.98,400
2020-11-12 09:25:00.090,4.98,400
2020-11-12 09:25:00.090,4.98,1900
2020-11-12 09:25:00.090,4.98,2400
2020-11-12 09:25:00.090,4.98,18500
2020-11-12 09:25:00.090,4.98,22000
2020-11-12 09:25:00.090,4.98,60000
2020-11-12 09:25:00.090,4.98,25000
2020-11-12 09:25:00.090,4.98,25100
2020-11-12 09:25:00.090,4.98,4900
2020-11-12 09:25:00.090,4.98,1000
2020-11-12 09:25:00.090,4.98,2000
2020-11-12 09:25:00.090,4.98,2100
2020-11-12 09:25:00.090,4.98,10000
2020-11-12 09:25:00.090,4.98,4000
2020-11-12 09:25:00.090,4.98,4000
2020-11-12 09:25:00.090,4.98,5000
2020-11-12 09:25:00.090,4.98,200
2020-11-12 09:25:00.090,4.98,100
2020-11-12 09:25:00.090,4.98,100
2020-11-12 09:25:00.090,4.98,100
2020-11-12 09:25:00.090,4.98,100
2020-11-12 09:25:00.090,4.98,100
2020-11-12 09:25:00.090,4.98,600
2020-11-12 09:25:00.090,4.98,500
2020-11-12 09:25:00.090,4.98,100
2020-11-12 09:25:00.090,4.98,100
2020-11-12 09:25:00.090,4.98,200
2020-11-12 09:25:00.090,4.98,200
2020-11-12 09:25:00.090,4.98,2000
2020-11-12 09:25:00.090,4.98,1100
2020-11-12 09:25:00.090,4.98,500
2020-11-12 09:25:00.090,4.98,1100
2020-11-12 09:25:00.090,4.98,10000
2020-11-12 09:25:00.090,4.98,7000
2020-11-12 09:25:00.090,4.98,30000
2020-11-12 09:25:00.090,4.98,10000
2020-11-12 09:25:00.090,4.98,1000
2020-11-12 09:25:00.090,4.98,2000
2020-11-12 09:25:00.090,4.98,1500
2020-11-12 09:25:00.090,4.98,37400
2020-11-12 09:25:00.090,4.98,12600
2020-11-12 09:25:00.090,4.98,37400
2020-11-12 09:25:00.090,4.98,2000
2020-11-12 09:25:00.090,4.98,700
2020-11-12 09:25:00.090,4.98,100
2020-11-12 09:25:00.090,4.98,900
2020-11-12 09:25:00.090,4.98,1900
2020-11-12 09:25:00.090,4.98,1500
2020-11-12 09:25:00.090,4.98,100
2020-11-12 09:25:00.090,4.98,100
2020-11-12 09:25:00.090,4.98,500
2020-11-12 09:25:00.090,4.98,4800
2020-11-12 09:25:00.090,4.98,3600
2020-11-12 09:25:00.090,4.98,10400
2020-11-12 09:25:00.090,4.98,7000
2020-11-12 09:25:00.090,4.98,2000
2020-11-12 09:25:00.090,4.98,11900
2020-11-12 09:25:00.090,4.98,200
2020-11-12 09:25:00.090,4.98,200
2020-11-12 09:25:00.090,4.98,1000
2020-11-12 09:25:00.090,4.98,400
2020-11-12 09:25:00.090,4.98,3400
2020-11-12 09:25:00.090,4.98,67000
2020-11-12 09:25:00.090,4.98,9000
2020-11-12 09:25:00.090,4.98,1000
2020-11-12 09:25:00.090,4.98,2000
2020-11-12 09:25:00.090,4.98,500
2020-11-12 09:25:00.090,4.98,2500
2020-11-12 09:25:00.090,4.98,6500
2020-11-12 09:25:00.090,4.98,1000
2020-11-12 09:25:00.090,4.98,6200
2020-11-12 09:25:00.090,4.98,4800
2020-11-12 09:25:00.090,4.98,3000
2020-11-12 09:25:00.090,4.98,100
2020-11-12 09:25:00.090,4.98,5000
2020-11-12 09:25:00.090,4.98,1100
2020-11-12 09:25:00.090,4.98,32000
2020-11-12 09:25:00.090,4.98,1200
2020-11-12 09:25:00.090,4.98,1000
2020-11-12 09:25:00.090,4.98,1000
2020-11-12 09:25:00.090,4.98,100
2020-11-12 09:25:00.090,4.98,1000
2020-11-12 09:25:00.090,4.98,1000
2020-11-12 09:25:00.090,4.98,2300
2020-11-12 09:25:00.090,4.98,1000
2020-11-12 09:25:00.090,4.98,400
2020-11-12 09:25:00.090,4.98,10000
2020-11-12 09:25:00.090,4.98,20000
2020-11-12 09:25:00.090,4.98,12900
2020-11-12 09:25:00.090,4.98,25700
2020-11-12 09:25:00.090,4.98,2500
2020-11-12 09:25:00.090,4.98,10000
2020-11-12 09:25:00.090,4.98,5000
2020-11-12 09:25:00.090,4.98,5000
2020-11-12 09:25:00.090,4.98,2500
2020-11-12 09:25:00.090,4.98,110600
2020-11-12 09:25:00.090,4.98,3000
2020-11-12 09:25:00.090,4.98,200
2020-11-12 09:25:00.090,4.98,181400
2020-11-12 09:25:00.090,4.98,100
2020-11-12 09:25:00.090,4.98,1000
2020-11-12 09:25:00.090,4.98,100
2020-11-12 09:25:00.090,4.98,1000
2020-11-12 09:25:00.090,4.98,4000
2020-11-12 09:25:00.090,4.98,200
2020-11-12 09:25:00.090,4.98,100
2020-11-12 09:25:00.090,4.98,22300
2020-11-12 09:25:00.090,4.98,44000
2020-11-12 09:25:00.090,4.98,39800
2020-11-12 09:25:00.090,4.98,100
2020-11-12 09:25:00.090,4.98,20000
2020-11-12 09:25:00.090,4.98,2000
2020-11-12 09:25:00.090,4.98,25000
2020-11-12 09:25:00.090,4.98,300000
2020-11-12 09:25:00.090,4.98,100000
2020-11-12 09:25:00.090,4.98,10000
2020-11-12 09:25:00.090,4.98,20000
2020-11-12 09:25:00.090,4.98,5500
2020-11-12 09:25:00.090,4.98,5000
2020-11-12 09:25:00.090,4.98,4000
2020-11-12 09:25:00.090,4.98,1000
2020-11-12 09:25:00.090,4.98,1300
2020-11-12 09:25:00.090,4.98,28700
2020-11-12 09:25:00.090,4.98,800
2020-11-12 09:25:00.090,4.98,4000
2020-11-12 09:25:00.090,4.98,10000
2020-11-12 09:25:00.090,4.98,60000
2020-11-12 09:25:00.090,4.98,1000
2020-11-12 09:25:00.090,4.98,1100
2020-11-12 09:25:00.090,4.98,1000
2020-11-12 09:25:00.090,4.98,37400
2020-11-12 09:25:00.090,4.98,600
2020-11-12 09:25:00.090,4.98,2000
2020-11-12 09:25:00.090,4.98,7400
2020-11-12 09:25:00.090,4.98,15000
2020-11-12 09:25:00.090,4.98,1700
2020-11-12 09:25:00.090,4.98,17900
2020-11-12 09:25:00.090,4.98,1000
2020-11-12 09:25:00.090,4.98,3300
2020-11-12 09:25:00.090,4.98,5000
2020-11-12 09:25:00.090,4.98,2000
2020-11-12 09:30:00.070,4.98,107200
2020-11-12 09:30:00.070,4.98,10000
2020-11-12 09:30:00.070,4.98,20000
2020-11-12 09:30:00.070,4.98,99900
2020-11-12 09:30:00.070,4.98,100
2020-11-12 09:30:00.070,4.98,1000
2020-11-12 09:30:00.070,4.98,100
2020-11-12 09:30:00.070,4.98,700
2020-11-12 09:30:00.070,4.98,500
2020-11-12 09:30:00.070,4.98,6300
2020-11-12 09:30:00.070,4.98,200
2020-11-12 09:30:00.070,4.98,6000
2020-11-12 09:30:00.070,4.98,100
2020-11-12 09:30:00.070,4.98,100
2020-11-12 09:30:00.070,4.98,100
2020-11-12 09:30:00.070,4.98,4000
2020-11-12 09:30:00.070,4.98,100
2020-11-12 09:30:00.070,4.98,100
2020-11-12 09:30:00.070,4.98,100
2020-11-12 09:30:00.070,4.98,1000
2020-11-12 09:30:00.070,4.98,4000
2020-11-12 09:30:00.170,4.98,600
2020-11-12 09:30:00.320,4.98,100
2020-11-12 09:30:00.320,4.98,10000
2020-11-12 09:30:00.390,4.979,100
2020-11-12 09:30:00.390,4.979,1600
2020-11-12 09:30:00.390,4.98,200
2020-11-12 09:30:00.390,4.979,2100
2020-11-12 09:30:00.530,4.98,27500
2020-11-12 09:30:00.530,4.98,5000
2020-11-12 09:30:00.530,4.982,100
2020-11-12 09:30:00.530,4.982,5000
2020-11-12 09:30:00.530,4.982,9900
2020-11-12 09:30:00.530,4.98,200
2020-11-12 09:30:00.640,4.98,4000
2020-11-12 09:30:00.750,4.981,1500
2020-11-12 09:30:00.750,4.982,190100
2020-11-12 09:30:00.750,4.983,2300
2020-11-12 09:30:00.750,4.983,1000
2020-11-12 09:30:00.750,4.983,10000
2020-11-12 09:30:00.750,4.983,2000
2020-11-12 09:30:00.750,4.984,100
2020-11-12 09:30:00.750,4.984,100
2020-11-12 09:30:00.750,4.985,100
2020-11-12 09:30:00.750,4.985,200
2020-11-12 09:30:00.750,4.985,2500
2020-11-12 09:30:00.750,4.985,3000
2020-11-12 09:30:00.750,4.985,100
2020-11-12 09:30:00.750,4.986,500
2020-11-12 09:30:00.980,4.986,15000
2020-11-12 09:30:01.210,4.986,1000
2020-11-12 09:30:01.550,4.986,4500
2020-11-12 09:30:01.910,4.985,500
2020-11-12 09:30:01.910,4.985,3800
2020-11-12 09:30:02.020,4.985,1200
2020-11-12 09:30:02.020,4.985,3000
2020-11-12 09:30:02.470,4.985,200
2020-11-12 09:30:02.580,4.985,10000
2020-11-12 09:30:02.580,4.985,4200
2020-11-12 09:30:02.580,4.985,1000
2020-11-12 09:30:02.580,4.986,100
2020-11-12 09:30:02.700,4.985,2500
2020-11-12 09:30:02.700,4.985,300
2020-11-12 09:30:02.810,4.985,1700
2020-11-12 09:30:02.810,4.985,1000
2020-11-12 09:30:02.810,4.984,2100
2020-11-12 09:30:02.810,4.984,200
2020-11-12 09:30:02.810,4.984,3400
2020-11-12 09:30:03.050,4.986,9900
2020-11-12 09:30:03.050,4.987,2300
2020-11-12 09:30:03.050,4.987,10000
2020-11-12 09:30:03.050,4.987,1000
2020-11-12 09:30:03.050,4.988,300
2020-11-12 09:30:03.050,4.988,100
2020-11-12 09:30:03.050,4.988,200
2020-11-12 09:30:03.050,4.988,5000
2020-11-12 09:30:03.050,4.988,100
2020-11-12 09:30:03.050,4.988,3000
2020-11-12 09:30:03.050,4.988,34600
2020-11-12 09:30:03.050,4.984,11700
2020-11-12 09:30:03.050,4.983,3000
2020-11-12 09:30:03.050,4.983,130000
2020-11-12 09:30:03.050,4.983,39400
2020-11-12 09:30:03.160,4.984,300
2020-11-12 09:30:03.270,4.986,200
2020-11-12 09:30:03.270,4.989,500
2020-11-12 09:30:03.520,4.986,4000
2020-11-12 09:30:03.520,4.986,1800
2020-11-12 09:30:03.520,4.986,2400
2020-11-12 09:30:03.750,4.986,4000
2020-11-12 09:30:03.750,4.986,500
2020-11-12 09:30:03.750,4.989,4200
2020-11-12 09:30:03.750,4.989,5000
2020-11-12 09:30:03.750,4.989,500
2020-11-12 09:30:03.750,4.989,10000
2020-11-12 09:30:03.750,4.989,600
2020-11-12 09:30:03.750,4.989,5000
2020-11-12 09:30:03.750,4.989,7000
2020-11-12 09:30:03.750,4.99,200
2020-11-12 09:30:03.750,4.99,10000
2020-11-12 09:30:03.750,4.99,200
2020-11-12 09:30:03.750,4.99,700
2020-11-12 09:30:03.880,4.99,3900
2020-11-12 09:30:04.120,4.989,25000
2020-11-12 09:30:04.230,4.989,1000
2020-11-12 09:30:04.230,4.99,2400
2020-11-12 09:30:04.230,4.99,600
2020-11-12 09:30:04.230,4.99,100
2020-11-12 09:30:04.230,4.99,200
2020-11-12 09:30:04.230,4.99,5700
2020-11-12 09:30:04.230,4.99,1500
2020-11-12 09:30:04.230,4.99,85200
2020-11-12 09:30:04.230,4.99,15000
2020-11-12 09:30:04.230,4.99,2500
2020-11-12 09:30:04.230,4.99,5700
2020-11-12 09:30:04.350,4.991,100
2020-11-12 09:30:04.350,4.991,100
2020-11-12 09:30:04.350,4.991,5000
2020-11-12 09:30:04.350,4.992,2000
2020-11-12 09:30:04.350,4.992,300
2020-11-12 09:30:04.350,4.992,10000
2020-11-12 09:30:04.350,4.992,1000
2020-11-12 09:30:04.350,4.992,4000
2020-11-12 09:30:04.350,4.993,2300
2020-11-12 09:30:04.350,4.993,6000
2020-11-12 09:30:04.350,4.993,10000
2020-11-12 09:30:04.350,4.993,10000
2020-11-12 09:30:04.350,4.993,700
2020-11-12 09:30:04.350,4.993,2400
2020-11-12 09:30:04.350,4.994,100
2020-11-12 09:30:04.350,4.994,100
2020-11-12 09:30:04.350,4.994,32900
2020-11-12 09:30:04.350,4.99,60000
2020-11-12 09:30:04.460,4.994,10000
2020-11-12 09:30:04.570,4.99,2000
2020-11-12 09:30:04.690,4.99,400
2020-11-12 09:30:04.690,4.994,2000
2020-11-12 09:30:04.910,4.99,200
2020-11-12 09:30:04.910,4.99,1000
2020-11-12 09:30:05.030,4.99,10000
2020-11-12 09:30:05.150,4.99,1900
2020-11-12 09:30:05.150,4.994,21200
2020-11-12 09:30:05.350,4.99,3000
2020-11-12 09:30:05.350,4.99,18200
2020-11-12 09:30:05.400,4.99,1000
2020-11-12 09:30:05.510,4.99,17800
2020-11-12 09:30:05.620,4.99,10000
2020-11-12 09:30:06.030,4.991,10000
2020-11-12 09:30:06.030,4.991,500
2020-11-12 09:30:06.030,4.991,2000
2020-11-12 09:30:06.030,4.991,1000
2020-11-12 09:30:06.210,4.991,1000
2020-11-12 09:30:06.320,4.991,4100
2020-11-12 09:30:06.320,4.991,100
2020-11-12 09:30:06.320,4.991,5000
2020-11-12 09:30:06.430,4.991,400
2020-11-12 09:30:06.710,4.99,1000
2020-11-12 09:30:06.710,4.99,100
2020-11-12 09:30:06.910,4.99,100
2020-11-12 09:30:06.910,4.99,2000
2020-11-12 09:30:06.910,4.99,100
2020-11-12 09:30:07.190,4.99,3000
2020-11-12 09:30:07.360,4.99,1400
2020-11-12 09:30:07.520,4.99,10000
2020-11-12 09:30:07.520,4.99,33900
2020-11-12 09:30:07.520,4.99,500
2020-11-12 09:30:07.520,4.99,300
2020-11-12 09:30:07.680,4.99,1000
2020-11-12 09:30:07.970,4.99,2000
2020-11-12 09:30:08.100,4.99,300
2020-11-12 09:30:08.230,4.99,700
2020-11-12 09:30:08.260,4.994,300
2020-11-12 09:30:08.660,4.99,700
2020-11-12 09:30:08.660,4.99,100
2020-11-12 09:30:08.660,4.989,200
2020-11-12 09:30:08.920,4.99,100
2020-11-12 09:30:09.490,4.99,900
2020-11-12 09:30:09.490,4.99,110900
2020-11-12 09:30:09.730,4.99,1000
2020-11-12 09:30:12.130,4.99,400
2020-11-12 09:30:12.260,4.99,8700
2020-11-12 09:30:12.260,4.99,1300
2020-11-12 09:30:13.490,4.99,1000
2020-11-12 09:30:13.490,4.993,100
2020-11-12 09:30:13.490,4.993,1100
2020-11-12 09:30:13.490,4.993,17800
2020-11-12 09:30:15.290,4.992,100
2020-11-12 09:30:15.290,4.99,900
2020-11-12 09:30:15.700,4.99,2000
2020-11-12 09:30:16.120,4.99,100
2020-11-12 09:30:16.670,4.99,100
2020-11-12 09:30:17.600,4.99,199800
2020-11-12 09:30:17.600,4.99,1000
2020-11-12 09:30:18.060,4.989,5000
2020-11-12 09:30:18.090,4.99,22800
2020-11-12 09:30:18.090,4.992,27200
2020-11-12 09:30:18.520,4.989,400
2020-11-12 09:30:19.080,4.992,22700
2020-11-12 09:30:19.080,4.992,47300
2020-11-12 09:30:19.080,4.992,4200
2020-11-12 09:30:19.080,4.989,500
2020-11-12 09:30:19.900,4.99,5000
2020-11-12 09:30:21.320,4.99,1000
2020-11-12 09:30:21.810,4.99,1000
2020-11-12 09:30:24.280,4.99,6900
2020-11-12 09:30:24.280,4.99,7000
2020-11-12 09:30:24.280,4.99,2000
2020-11-12 09:30:24.280,4.99,9100
2020-11-12 09:30:25.690,4.99,3100
2020-11-12 09:30:25.970,4.989,14000
2020-11-12 09:30:26.100,4.989,5000
2020-11-12 09:30:26.500,4.989,5000
2020-11-12 09:30:27.010,4.989,5000
2020-11-12 09:30:27.450,4.989,5000
2020-11-12 09:30:27.600,4.989,1200
2020-11-12 09:30:27.730,4.989,7100
2020-11-12 09:30:27.970,4.989,5000
2020-11-12 09:30:27.970,4.989,10000
2020-11-12 09:30:28.410,4.99,2800
2020-11-12 09:30:28.410,4.99,2200
2020-11-12 09:30:28.500,4.989,5000
2020-11-12 09:30:28.660,4.99,7800
2020-11-12 09:30:28.660,4.99,100
2020-11-12 09:30:28.660,4.99,500
2020-11-12 09:30:28.660,4.99,7500
2020-11-12 09:30:28.930,4.989,5000
2020-11-12 09:30:29.410,4.989,1900
2020-11-12 09:30:29.470,4.989,190200
2020-11-12 09:30:29.470,4.989,5000
2020-11-12 09:30:29.470,4.989,200
2020-11-12 09:30:29.470,4.989,5000
2020-11-12 09:30:29.470,4.989,1000
2020-11-12 09:30:29.470,4.989,98600
2020-11-12 09:30:29.540,4.99,2000
2020-11-12 09:30:29.840,4.989,1900
2020-11-12 09:30:30.310,4.989,1900
2020-11-12 09:30:31.230,4.988,284500
2020-11-12 09:30:32.330,4.988,20000
2020-11-12 09:30:32.630,4.989,5000
2020-11-12 09:30:32.630,4.989,300100
2020-11-12 09:30:32.630,4.989,200000
2020-11-12 09:30:32.630,4.989,20000
2020-11-12 09:30:32.720,4.989,74900
2020-11-12 09:30:33.020,4.989,10300
2020-11-12 09:30:33.180,4.989,4000
2020-11-12 09:30:33.710,4.989,3000
2020-11-12 09:30:34.710,4.989,207800
2020-11-12 09:30:34.710,4.989,5000
2020-11-12 09:30:34.710,4.989,3000
2020-11-12 09:30:34.710,4.99,10500
2020-11-12 09:30:34.710,4.99,10000
2020-11-12 09:30:34.710,4.99,5000
2020-11-12 09:30:34.710,4.99,5000
2020-11-12 09:30:34.710,4.99,17000
2020-11-12 09:30:35.440,4.989,2800
2020-11-12 09:30:36.230,4.989,100
2020-11-12 09:30:36.800,4.989,297100
2020-11-12 09:30:36.800,4.989,17400
2020-11-12 09:30:36.800,4.989,20000
2020-11-12 09:30:36.800,4.989,1500
2020-11-12 09:30:37.260,4.989,1000
2020-11-12 09:30:37.470,4.99,83000
2020-11-12 09:30:37.470,4.99,6300
2020-11-12 09:30:37.470,4.99,10000
2020-11-12 09:30:37.470,4.99,22100
2020-11-12 09:30:37.470,4.99,178600
2020-11-12 09:30:37.560,4.989,30000
2020-11-12 09:30:38.340,4.989,2000
2020-11-12 09:30:38.340,4.99,3400
2020-11-12 09:30:38.340,4.99,500
2020-11-12 09:30:38.340,4.99,20000
2020-11-12 09:30:38.340,4.99,1500
2020-11-12 09:30:38.550,4.989,5000
2020-11-12 09:30:39.020,4.989,1000
2020-11-12 09:30:39.670,4.99,8500
2020-11-12 09:30:39.670,4.99,3000
2020-11-12 09:30:39.670,4.99,200
2020-11-12 09:30:39.670,4.99,5000
2020-11-12 09:30:39.940,4.99,20100
2020-11-12 09:30:40.230,4.99,300
2020-11-12 09:30:40.520,4.99,20000
2020-11-12 09:30:40.610,4.99,2900
2020-11-12 09:30:40.610,4.99,4100
2020-11-12 09:30:40.810,4.99,1000
2020-11-12 09:30:40.870,4.99,20000
2020-11-12 09:30:40.930,4.99,20000
2020-11-12 09:30:41.680,4.99,3800
2020-11-12 09:30:42.840,4.99,1300
2020-11-12 09:30:42.960,4.99,3800
2020-11-12 09:30:43.300,4.991,1500
2020-11-12 09:30:43.300,4.991,800
2020-11-12 09:30:43.300,4.991,18900
2020-11-12 09:30:43.850,4.991,1100
2020-11-12 09:30:43.850,4.991,20000
2020-11-12 09:30:43.920,4.991,20000
2020-11-12 09:30:44.620,4.991,7200
2020-11-12 09:30:44.650,4.991,6400
2020-11-12 09:30:44.740,4.991,545300
2020-11-12 09:30:45.320,4.989,100
2020-11-12 09:30:45.320,4.989,200
2020-11-12 09:30:45.320,4.988,4700
2020-11-12 09:30:45.790,4.99,100
2020-11-12 09:30:46.050,4.99,100
2020-11-12 09:30:46.240,4.989,6400
2020-11-12 09:30:46.880,4.989,4000
2020-11-12 09:30:47.150,4.99,200
2020-11-12 09:30:47.360,4.989,3000
2020-11-12 09:30:47.420,4.989,20000
2020-11-12 09:30:48.350,4.99,600
2020-11-12 09:30:48.350,4.99,1400
2020-11-12 09:30:48.620,4.99,1100
2020-11-12 09:30:48.620,4.99,700
2020-11-12 09:30:49.220,4.99,19300
2020-11-12 09:30:49.530,4.99,7700
2020-11-12 09:30:50.350,4.99,3000
2020-11-12 09:30:50.350,4.989,20000
2020-11-12 09:30:50.410,4.989,20000
2020-11-12 09:30:50.620,4.99,4000
2020-11-12 09:30:52.070,4.99,100
2020-11-12 09:30:52.340,4.989,500
2020-11-12 09:30:53.100,4.989,8900
2020-11-12 09:30:54.310,4.989,10000
2020-11-12 09:30:54.870,4.989,20000
2020-11-12 09:30:54.870,4.989,20000
2020-11-12 09:30:55.470,4.99,400
2020-11-12 09:30:55.470,4.99,4600
2020-11-12 09:30:55.710,4.99,400
2020-11-12 09:30:55.710,4.99,600
2020-11-12 09:30:56.040,4.99,300
2020-11-12 09:30:56.900,4.99,1000
2020-11-12 09:30:57.080,4.989,1300
2020-11-12 09:30:57.840,4.989,2000
2020-11-12 09:30:57.880,4.989,2600
2020-11-12 09:30:57.880,4.989,20000
2020-11-12 09:30:57.880,4.989,41300
2020-11-12 09:30:57.880,4.989,6800
2020-11-12 09:30:57.880,4.989,97100
2020-11-12 09:30:57.880,4.988,100
2020-11-12 09:30:57.880,4.987,30000
2020-11-12 09:30:57.880,4.987,100
2020-11-12 09:30:57.880,4.987,124600
2020-11-12 09:30:58.840,4.989,1000
2020-11-12 09:30:59.590,4.986,3000
2020-11-12 09:30:59.590,4.986,100
2020-11-12 09:30:59.590,4.986,400
2020-11-12 09:30:59.590,4.986,1500
2020-11-12 09:30:59.590,4.986,1500
2020-11-12 09:30:59.590,4.986,18100
2020-11-12 09:30:59.650,4.986,3800
2020-11-12 09:30:59.650,4.986,1900
2020-11-12 09:30:59.650,4.986,5000
2020-11-12 09:30:59.680,4.986,5000
2020-11-12 09:30:59.680,4.986,13800
2020-11-12 09:30:59.880,4.989,5000
2020-11-12 09:30:59.880,4.986,53700
2020-11-12 09:30:59.950,4.986,6700
2020-11-12 09:31:00.880,4.989,39000
2020-11-12 09:31:02.020,4.989,100
2020-11-12 09:31:02.110,4.989,6700
2020-11-12 09:31:02.440,4.989,2800
2020-11-12 09:31:02.770,4.989,16200
2020-11-12 09:31:03.270,4.989,300
2020-11-12 09:31:03.590,4.989,300
2020-11-12 09:31:04.100,4.987,1500
2020-11-12 09:31:05.010,4.989,1100
2020-11-12 09:31:05.040,4.989,500
2020-11-12 09:31:05.090,4.989,200
2020-11-12 09:31:05.340,4.987,100
2020-11-12 09:31:05.340,4.989,15000
2020-11-12 09:31:05.340,4.989,200
2020-11-12 09:31:05.750,4.989,6900
2020-11-12 09:31:07.290,4.987,300000
2020-11-12 09:31:07.500,4.987,300
2020-11-12 09:31:07.530,4.987,298100
2020-11-12 09:31:07.530,4.987,1900
2020-11-12 09:31:07.650,4.988,600
2020-11-12 09:31:07.650,4.988,4400
2020-11-12 09:31:09.000,4.987,700
2020-11-12 09:31:10.270,4.989,4000
2020-11-12 09:31:10.790,4.988,1800
2020-11-12 09:31:11.010,4.988,4400
2020-11-12 09:31:11.830,4.987,500
2020-11-12 09:31:12.310,4.987,300000
2020-11-12 09:31:12.450,4.987,100
2020-11-12 09:31:12.590,4.987,100
2020-11-12 09:31:12.800,4.987,200
2020-11-12 09:31:13.180,4.987,1000
2020-11-12 09:31:13.500,4.987,293700
2020-11-12 09:31:13.500,4.987,2000
2020-11-12 09:31:13.500,4.987,4300
2020-11-12 09:31:13.780,4.987,84400
2020-11-12 09:31:13.810,4.989,20000
2020-11-12 09:31:13.900,4.987,3200
2020-11-12 09:31:14.480,4.987,43200
2020-11-12 09:31:14.890,4.987,6300
2020-11-12 09:31:14.950,4.988,3000
2020-11-12 09:31:14.950,4.989,18200
2020-11-12 09:31:16.140,4.987,300
2020-11-12 09:31:16.260,4.988,1000
2020-11-12 09:31:16.290,4.987,500
2020-11-12 09:31:16.290,4.987,15000
2020-11-12 09:31:16.760,4.987,147100
2020-11-12 09:31:16.760,4.987,352900
2020-11-12 09:31:16.850,4.988,1000
2020-11-12 09:31:17.330,4.988,299000
2020-11-12 09:31:17.330,4.989,1000
2020-11-12 09:31:17.610,4.989,500
2020-11-12 09:31:17.980,4.989,161000
2020-11-12 09:31:17.980,4.989,10000
2020-11-12 09:31:17.980,4.989,2000
2020-11-12 09:31:17.980,4.989,5000
2020-11-12 09:31:17.980,4.989,300
2020-11-12 09:31:17.980,4.989,3000
2020-11-12 09:31:17.980,4.989,2000
2020-11-12 09:31:17.980,4.989,3000
2020-11-12 09:31:17.980,4.989,10000
2020-11-12 09:31:17.980,4.989,103700
2020-11-12 09:31:18.300,4.987,247100
2020-11-12 09:31:18.300,4.987,100
2020-11-12 09:31:18.300,4.987,1000
2020-11-12 09:31:18.300,4.987,10000
2020-11-12 09:31:18.440,4.987,20000
2020-11-12 09:31:18.440,4.987,2400
2020-11-12 09:31:18.530,4.987,9100
2020-11-12 09:31:19.260,4.987,100
2020-11-12 09:31:19.390,4.987,10200
2020-11-12 09:31:19.700,4.988,10000
2020-11-12 09:31:19.700,4.989,196300
2020-11-12 09:31:19.700,4.989,10000
2020-11-12 09:31:19.700,4.989,5000
2020-11-12 09:31:19.700,4.989,1000
2020-11-12 09:31:20.130,4.989,20000
2020-11-12 09:31:20.700,4.989,10000
2020-11-12 09:31:22.550,4.989,200
2020-11-12 09:31:22.980,4.989,2000
2020-11-12 09:31:23.130,4.989,1000
2020-11-12 09:31:23.560,4.989,500
2020-11-12 09:31:23.650,4.989,4000
2020-11-12 09:31:24.860,4.99,200
2020-11-12 09:31:24.860,4.99,100
2020-11-12 09:31:25.080,4.99,100
2020-11-12 09:31:26.770,4.989,400
2020-11-12 09:31:26.800,4.989,30000
2020-11-12 09:31:26.910,4.989,500
2020-11-12 09:31:27.560,4.99,2000
2020-11-12 09:31:28.000,4.99,1600
2020-11-12 09:31:28.100,4.989,10000
2020-11-12 09:31:28.580,4.989,4000
2020-11-12 09:31:28.580,4.99,6000
2020-11-12 09:31:28.670,4.99,200
2020-11-12 09:31:28.670,4.99,5000
2020-11-12 09:31:28.670,4.99,10000
2020-11-12 09:31:28.670,4.99,43100
2020-11-12 09:31:28.670,4.99,30000
2020-11-12 09:31:28.670,4.99,5000
2020-11-12 09:31:28.670,4.99,1200
2020-11-12 09:31:28.670,4.99,1000
2020-11-12 09:31:28.670,4.99,1000
2020-11-12 09:31:28.670,4.99,2000
2020-11-12 09:31:28.670,4.99,33600
2020-11-12 09:31:28.670,4.99,3000
2020-11-12 09:31:28.670,4.99,800
2020-11-12 09:31:28.670,4.99,20000
2020-11-12 09:31:28.670,4.99,200
2020-11-12 09:31:28.670,4.99,1000
2020-11-12 09:31:28.670,4.99,10000
2020-11-12 09:31:28.820,4.99,2000
2020-11-12 09:31:29.310,4.99,6000
2020-11-12 09:31:29.400,4.99,100000
2020-11-12 09:31:29.730,4.99,90000
2020-11-12 09:31:30.060,4.99,700
2020-11-12 09:31:30.060,4.99,100
2020-11-12 09:31:30.190,4.989,300
2020-11-12 09:31:30.280,4.99,5200
2020-11-12 09:31:30.790,4.99,1600
2020-11-12 09:31:30.790,4.99,198400
2020-11-12 09:31:30.830,4.991,1000
2020-11-12 09:31:31.160,4.99,60000
2020-11-12 09:31:31.610,4.99,5000
2020-11-12 09:31:32.660,4.989,20000
2020-11-12 09:31:33.030,4.991,200
2020-11-12 09:31:33.120,4.989,2000
2020-11-12 09:31:33.540,4.991,800
2020-11-12 09:31:33.540,4.991,5000
2020-11-12 09:31:33.540,4.991,1500
2020-11-12 09:31:33.540,4.991,2000
2020-11-12 09:31:33.540,4.991,100
2020-11-12 09:31:33.540,4.991,30000
2020-11-12 09:31:33.540,4.991,6000
2020-11-12 09:31:33.540,4.991,1000
2020-11-12 09:31:33.540,4.991,3000
2020-11-12 09:31:33.540,4.991,5000
2020-11-12 09:31:33.540,4.991,3000
2020-11-12 09:31:33.540,4.991,20000
2020-11-12 09:31:33.540,4.991,6500
2020-11-12 09:31:33.540,4.991,100
2020-11-12 09:31:33.540,4.991,40000
2020-11-12 09:31:33.540,4.992,100
2020-11-12 09:31:33.540,4.992,100
2020-11-12 09:31:33.540,4.992,93900
2020-11-12 09:31:33.990,4.992,20000
2020-11-12 09:31:34.490,4.99,200
2020-11-12 09:31:35.380,4.989,200
2020-11-12 09:31:36.200,4.989,3000
2020-11-12 09:31:36.290,4.99,100
2020-11-12 09:31:37.260,4.989,1000
2020-11-12 09:31:37.440,4.989,4600
2020-11-12 09:31:37.920,4.99,100
2020-11-12 09:31:38.920,4.99,1200
2020-11-12 09:31:39.370,4.99,3600
2020-11-12 09:31:39.370,4.99,5000
2020-11-12 09:31:39.370,4.99,5400
2020-11-12 09:31:39.630,4.991,500
2020-11-12 09:31:40.470,4.991,100
2020-11-12 09:31:41.190,4.99,300
2020-11-12 09:31:41.710,4.991,11400
2020-11-12 09:31:41.710,4.991,3600
2020-11-12 09:31:42.200,4.99,100
2020-11-12 09:31:42.260,4.991,700
2020-11-12 09:31:44.910,4.991,500
2020-11-12 09:31:44.910,4.991,20000
2020-11-12 09:31:44.910,4.991,141300
2020-11-12 09:31:44.910,4.99,6000
2020-11-12 09:31:45.260,4.99,10000
2020-11-12 09:31:45.670,4.991,158700
2020-11-12 09:31:45.790,4.992,200
2020-11-12 09:31:48.350,4.992,400
2020-11-12 09:31:48.350,4.992,500
2020-11-12 09:31:48.350,4.992,100
2020-11-12 09:31:48.350,4.992,1000
2020-11-12 09:31:48.350,4.992,5000
2020-11-12 09:31:48.440,4.992,200
2020-11-12 09:31:49.200,4.992,10000
2020-11-12 09:31:50.010,4.992,1100
2020-11-12 09:31:50.950,4.993,700
2020-11-12 09:31:51.310,4.992,50000
2020-11-12 09:31:51.550,4.993,4800
2020-11-12 09:31:51.550,4.993,5000
2020-11-12 09:31:51.550,4.993,206500
2020-11-12 09:31:52.210,4.992,2100
2020-11-12 09:31:52.410,4.992,2000
2020-11-12 09:31:52.570,4.993,93500
2020-11-12 09:31:52.570,4.993,18200
2020-11-12 09:31:52.660,4.992,7100
2020-11-12 09:31:53.370,4.992,4000
2020-11-12 09:31:54.120,4.992,500
2020-11-12 09:31:54.960,4.993,1800
2020-11-12 09:31:54.960,4.993,3000
2020-11-12 09:31:54.960,4.994,200
2020-11-12 09:31:55.570,4.992,500
2020-11-12 09:31:56.020,4.992,2000
2020-11-12 09:31:56.190,4.992,1000
2020-11-12 09:31:57.030,4.994,2000
2020-11-12 09:31:57.380,4.994,5300
2020-11-12 09:31:57.380,4.994,300
2020-11-12 09:31:57.380,4.994,2400
2020-11-12 09:31:57.380,4.994,300
2020-11-12 09:31:57.380,4.994,1000
2020-11-12 09:31:57.380,4.994,2000
2020-11-12 09:31:57.380,4.994,10000
2020-11-12 09:31:57.380,4.994,10000
2020-11-12 09:31:57.380,4.994,150800
2020-11-12 09:31:58.240,4.993,500
2020-11-12 09:31:58.240,4.993,500
2020-11-12 09:31:58.240,4.993,15000
2020-11-12 09:31:58.750,4.993,2500
2020-11-12 09:31:58.750,4.993,100
2020-11-12 09:31:59.660,4.993,500
2020-11-12 09:32:00.210,4.993,4000
2020-11-12 09:32:00.370,4.993,40000
2020-11-12 09:32:01.280,4.993,600
2020-11-12 09:32:02.600,4.993,2300
2020-11-12 09:32:02.600,4.993,47400
2020-11-12 09:32:03.050,4.993,2000
2020-11-12 09:32:03.810,4.993,100
2020-11-12 09:32:04.270,4.993,300
2020-11-12 09:32:04.860,4.992,100
2020-11-12 09:32:05.560,4.993,200
2020-11-12 09:32:05.560,4.993,1800
2020-11-12 09:32:05.820,4.992,2300
2020-11-12 09:32:05.820,4.992,100
2020-11-12 09:32:05.820,4.992,200
2020-11-12 09:32:05.820,4.992,20000
2020-11-12 09:32:05.820,4.992,5000
2020-11-12 09:32:05.820,4.992,5000
2020-11-12 09:32:05.890,4.992,2000
2020-11-12 09:32:07.320,4.992,200
2020-11-12 09:32:07.480,4.992,17800
2020-11-12 09:32:07.480,4.992,81700
2020-11-12 09:32:09.550,4.991,300
2020-11-12 09:32:09.550,4.991,2700
2020-11-12 09:32:09.550,4.991,200
2020-11-12 09:32:09.550,4.991,100
2020-11-12 09:32:09.550,4.991,1700
2020-11-12 09:32:09.820,4.991,12300
2020-11-12 09:32:09.820,4.991,5000
2020-11-12 09:32:09.820,4.991,500
2020-11-12 09:32:09.820,4.991,100
2020-11-12 09:32:09.820,4.991,600
2020-11-12 09:32:10.440,4.991,800
2020-11-12 09:32:10.690,4.991,400
2020-11-12 09:32:10.790,4.991,3500
2020-11-12 09:32:10.790,4.991,3300
2020-11-12 09:32:10.910,4.99,4000
2020-11-12 09:32:10.910,4.99,1000
2020-11-12 09:32:10.910,4.99,300
2020-11-12 09:32:10.910,4.99,1500
2020-11-12 09:32:10.910,4.99,3200
2020-11-12 09:32:11.090,4.991,1000
2020-11-12 09:32:11.390,4.99,1500
2020-11-12 09:32:11.840,4.991,1000
2020-11-12 09:32:11.960,4.99,200
2020-11-12 09:32:12.050,4.99,5100
2020-11-12 09:32:12.050,4.99,1800
2020-11-12 09:32:12.050,4.99,100
2020-11-12 09:32:12.050,4.99,100
2020-11-12 09:32:12.050,4.99,10000
2020-11-12 09:32:12.050,4.99,3000
2020-11-12 09:32:12.270,4.99,200
2020-11-12 09:32:13.690,4.991,1000
2020-11-12 09:32:14.700,4.99,1000
2020-11-12 09:32:14.700,4.99,500
2020-11-12 09:32:14.700,4.99,1000
2020-11-12 09:32:14.700,4.989,200
2020-11-12 09:32:14.700,4.989,3700
2020-11-12 09:32:15.820,4.99,100
2020-11-12 09:32:15.890,4.99,4900
2020-11-12 09:32:15.890,4.991,3700
2020-11-12 09:32:15.890,4.991,6600
2020-11-12 09:32:16.390,4.99,1000
2020-11-12 09:32:16.390,4.991,49000
2020-11-12 09:32:17.830,4.989,7300
2020-11-12 09:32:17.830,4.989,200
2020-11-12 09:32:17.830,4.989,2000
2020-11-12 09:32:17.830,4.989,500
2020-11-12 09:32:17.830,4.989,1000
2020-11-12 09:32:17.830,4.989,200
2020-11-12 09:32:17.830,4.989,1300
2020-11-12 09:32:17.920,4.991,3000
2020-11-12 09:32:18.140,4.991,100
2020-11-12 09:32:18.140,4.989,8700
2020-11-12 09:32:18.450,4.989,1100
2020-11-12 09:32:20.130,4.989,200
2020-11-12 09:32:20.130,4.99,100
2020-11-12 09:32:20.310,4.988,400
2020-11-12 09:32:20.310,4.988,10000
2020-11-12 09:32:20.310,4.988,200
2020-11-12 09:32:20.310,4.988,6200
2020-11-12 09:32:20.310,4.988,2000
2020-11-12 09:32:20.310,4.988,7400
2020-11-12 09:32:20.310,4.988,14100
2020-11-12 09:32:20.310,4.988,500
2020-11-12 09:32:20.400,4.988,10000
2020-11-12 09:32:21.280,4.988,18900
2020-11-12 09:32:22.620,4.99,1000
2020-11-12 09:32:23.580,4.989,200
2020-11-12 09:32:24.210,4.989,300
2020-11-12 09:32:24.690,4.989,500
2020-11-12 09:32:24.690,4.99,2500
2020-11-12 09:32:24.980,4.988,7800
2020-11-12 09:32:26.500,4.988,2100
2020-11-12 09:32:30.030,4.988,100
2020-11-12 09:32:30.030,4.988,400
2020-11-12 09:32:30.090,4.988,300
2020-11-12 09:32:30.090,4.988,300
2020-11-12 09:32:30.320,4.988,800
2020-11-12 09:32:30.320,4.989,1200
2020-11-12 09:32:31.090,4.989,100
2020-11-12 09:32:32.540,4.989,500
2020-11-12 09:32:35.390,4.989,200
2020-11-12 09:32:35.550,4.989,2100
2020-11-12 09:32:36.350,4.989,100
2020-11-12 09:32:36.500,4.988,200
2020-11-12 09:32:36.500,4.988,1800
2020-11-12 09:32:36.500,4.989,27900
2020-11-12 09:32:36.500,4.989,12100
2020-11-12 09:32:37.560,4.989,8300
2020-11-12 09:32:38.170,4.988,700
2020-11-12 09:32:38.170,4.988,500
2020-11-12 09:32:38.170,4.988,100
2020-11-12 09:32:38.170,4.987,100
2020-11-12 09:32:38.170,4.987,300
2020-11-12 09:32:38.170,4.987,200
2020-11-12 09:32:38.170,4.987,20000
2020-11-12 09:32:38.170,4.987,4000
2020-11-12 09:32:38.860,4.987,17300
2020-11-12 09:32:38.990,4.987,100
2020-11-12 09:32:39.450,4.987,6700
2020-11-12 09:32:39.450,4.988,4700
2020-11-12 09:32:39.450,4.988,3000
2020-11-12 09:32:39.880,4.989,4500
2020-11-12 09:32:40.250,4.989,100
2020-11-12 09:32:41.150,4.988,1000
2020-11-12 09:32:41.640,4.988,900
2020-11-12 09:32:41.810,4.988,13100
2020-11-12 09:32:41.810,4.989,18100
2020-11-12 09:32:41.810,4.989,31700
2020-11-12 09:32:41.810,4.989,1900
2020-11-12 09:32:41.810,4.989,5000
2020-11-12 09:32:41.810,4.989,6000
2020-11-12 09:32:41.810,4.989,1000
2020-11-12 09:32:41.810,4.99,22300
2020-11-12 09:32:41.810,4.99,1000
2020-11-12 09:32:41.810,4.99,3400
2020-11-12 09:32:41.810,4.99,160100
2020-11-12 09:32:43.610,4.989,100
2020-11-12 09:32:43.610,4.988,300
2020-11-12 09:32:43.990,4.987,8000
2020-11-12 09:32:44.180,4.988,5000
2020-11-12 09:32:44.700,4.988,100
2020-11-12 09:32:46.270,4.988,14500
2020-11-12 09:32:46.270,4.988,10000
2020-11-12 09:32:48.170,4.989,1000
2020-11-12 09:32:48.170,4.989,3000
2020-11-12 09:32:48.170,4.99,111000
2020-11-12 09:32:48.930,4.989,5800
2020-11-12 09:32:49.160,4.99,200
2020-11-12 09:32:50.720,4.989,10000
2020-11-12 09:32:51.470,4.99,100
2020-11-12 09:32:51.510,4.989,5000
2020-11-12 09:32:51.930,4.99,6900
2020-11-12 09:32:51.930,4.99,500
2020-11-12 09:32:51.930,4.99,1000
2020-11-12 09:32:51.930,4.99,2000
2020-11-12 09:32:51.930,4.99,10000
2020-11-12 09:32:51.930,4.99,2000
2020-11-12 09:32:51.930,4.99,33700
2020-11-12 09:32:51.930,4.99,43200
2020-11-12 09:32:51.930,4.99,2000
2020-11-12 09:32:51.930,4.991,100000
2020-11-12 09:32:51.930,4.991,50000
2020-11-12 09:32:51.930,4.991,3000
2020-11-12 09:32:51.930,4.991,100
2020-11-12 09:32:51.930,4.991,1300
2020-11-12 09:32:51.930,4.991,6000
2020-11-12 09:32:51.930,4.991,5000
2020-11-12 09:32:51.930,4.991,100
2020-11-12 09:32:51.930,4.991,33200
2020-11-12 09:32:52.160,4.989,3600
2020-11-12 09:32:52.420,4.989,200
2020-11-12 09:32:54.440,4.99,2000
2020-11-12 09:32:54.470,4.991,2900
2020-11-12 09:32:54.470,4.991,20000
2020-11-12 09:32:54.470,4.991,100000
2020-11-12 09:32:54.470,4.991,10000
2020-11-12 09:32:54.590,4.991,6100
2020-11-12 09:32:55.200,4.991,2000
2020-11-12 09:32:55.260,4.991,15000
2020-11-12 09:32:55.760,4.991,50000
2020-11-12 09:32:57.320,4.991,20000
2020-11-12 09:32:57.380,4.991,2000
2020-11-12 09:32:58.250,4.991,2000
2020-11-12 09:32:58.400,4.991,300
2020-11-12 09:32:59.430,4.991,30000
2020-11-12 09:32:59.650,4.991,7100
2020-11-12 09:33:00.300,4.99,1000
2020-11-12 09:33:00.300,4.99,100
2020-11-12 09:33:00.300,4.99,100
2020-11-12 09:33:00.300,4.99,11000
2020-11-12 09:33:00.300,4.99,7800
2020-11-12 09:33:00.400,4.99,1000
2020-11-12 09:33:00.400,4.99,14000
2020-11-12 09:33:00.700,4.99,1000
2020-11-12 09:33:00.730,4.99,1900
2020-11-12 09:33:00.920,4.99,183100
2020-11-12 09:33:00.920,4.99,10500
2020-11-12 09:33:04.650,4.989,10000
2020-11-12 09:33:04.650,4.989,10000
2020-11-12 09:33:04.650,4.989,100
2020-11-12 09:33:04.650,4.989,34700
2020-11-12 09:33:04.930,4.989,5000
2020-11-12 09:33:07.680,4.99,100
2020-11-12 09:33:08.710,4.99,3900
2020-11-12 09:33:10.420,4.989,20000
2020-11-12 09:33:10.680,4.989,40300
2020-11-12 09:33:10.680,4.989,1200
2020-11-12 09:33:11.200,4.989,1200
2020-11-12 09:33:12.070,4.988,200
2020-11-12 09:33:12.070,4.988,15200
2020-11-12 09:33:12.900,4.988,6700
2020-11-12 09:33:12.900,4.988,100
2020-11-12 09:33:12.900,4.988,200
2020-11-12 09:33:12.900,4.988,2000
2020-11-12 09:33:12.900,4.988,300
2020-11-12 09:33:12.900,4.988,6900
2020-11-12 09:33:12.900,4.988,5500
2020-11-12 09:33:13.130,4.988,24800
2020-11-12 09:33:13.130,4.988,1000
2020-11-12 09:33:13.130,4.988,1000
2020-11-12 09:33:13.130,4.988,1000
2020-11-12 09:33:13.780,4.988,3000
2020-11-12 09:33:13.810,4.988,4500
2020-11-12 09:33:14.780,4.988,900
2020-11-12 09:33:15.370,4.987,2000
2020-11-12 09:33:15.370,4.987,2500
2020-11-12 09:33:15.370,4.987,1000
2020-11-12 09:33:15.370,4.987,14500
2020-11-12 09:33:15.590,4.987,3300
2020-11-12 09:33:16.820,4.987,32200
2020-11-12 09:33:17.360,4.986,2500
2020-11-12 09:33:17.360,4.986,300
2020-11-12 09:33:17.360,4.986,100
2020-11-12 09:33:17.360,4.986,1400
2020-11-12 09:33:17.360,4.986,5000
2020-11-12 09:33:17.360,4.986,100
2020-11-12 09:33:17.360,4.986,600
2020-11-12 09:33:17.420,4.987,100
2020-11-12 09:33:17.520,4.986,2000
2020-11-12 09:33:17.890,4.987,500
2020-11-12 09:33:18.220,4.986,20000
2020-11-12 09:33:18.280,4.987,200
2020-11-12 09:33:19.450,4.987,6600
2020-11-12 09:33:20.270,4.987,1000
2020-11-12 09:33:22.430,4.986,3100
2020-11-12 09:33:22.950,4.986,3100
2020-11-12 09:33:23.190,4.987,400
2020-11-12 09:33:23.500,4.986,3100
2020-11-12 09:33:23.910,4.986,3100
2020-11-12 09:33:24.030,4.987,2300
2020-11-12 09:33:24.030,4.987,900
2020-11-12 09:33:24.030,4.987,300
2020-11-12 09:33:24.380,4.986,3100
2020-11-12 09:33:24.890,4.986,1800
2020-11-12 09:33:25.320,4.986,1800
2020-11-12 09:33:25.770,4.986,1800
2020-11-12 09:33:25.950,4.987,700
2020-11-12 09:33:25.950,4.987,900
2020-11-12 09:33:26.070,4.987,2500
2020-11-12 09:33:27.170,4.987,400
2020-11-12 09:33:27.600,4.987,1000
2020-11-12 09:33:27.880,4.987,900
2020-11-12 09:33:28.270,4.987,700
2020-11-12 09:33:28.270,4.987,300
2020-11-12 09:33:29.440,4.987,3000
2020-11-12 09:33:29.970,4.986,1700
2020-11-12 09:33:30.090,4.987,100
2020-11-12 09:33:30.120,4.987,12000
2020-11-12 09:33:30.120,4.986,1000
2020-11-12 09:33:30.580,4.987,2400
2020-11-12 09:33:31.240,4.986,3800
2020-11-12 09:33:31.240,4.986,2000
2020-11-12 09:33:31.240,4.986,2000
2020-11-12 09:33:31.240,4.986,20000
2020-11-12 09:33:31.240,4.986,6000
2020-11-12 09:33:32.240,4.986,100
2020-11-12 09:33:32.590,4.986,2100
2020-11-12 09:33:33.180,4.985,3000
2020-11-12 09:33:33.310,4.986,59500
2020-11-12 09:33:34.940,4.986,700
2020-11-12 09:33:35.110,4.986,200
2020-11-12 09:33:35.600,4.986,500
2020-11-12 09:33:35.660,4.985,37000
2020-11-12 09:33:35.660,4.985,30000
2020-11-12 09:33:35.660,4.985,500
2020-11-12 09:33:35.660,4.985,500
2020-11-12 09:33:35.660,4.985,8400
2020-11-12 09:33:35.660,4.985,5000
2020-11-12 09:33:35.660,4.985,2000
2020-11-12 09:33:35.660,4.985,1700
2020-11-12 09:33:35.660,4.985,100
2020-11-12 09:33:35.660,4.985,1000
2020-11-12 09:33:35.660,4.985,5000
2020-11-12 09:33:35.660,4.985,100
2020-11-12 09:33:36.810,4.984,100
2020-11-12 09:33:36.810,4.984,200
2020-11-12 09:33:36.810,4.984,200
2020-11-12 09:33:36.810,4.984,1500
2020-11-12 09:33:36.810,4.983,3600
2020-11-12 09:33:36.810,4.983,22100
2020-11-12 09:33:37.220,4.985,200
2020-11-12 09:33:37.220,4.985,100
2020-11-12 09:33:37.700,4.984,200
2020-11-12 09:33:37.700,4.983,800
2020-11-12 09:33:38.410,4.985,2000
2020-11-12 09:33:40.640,4.984,800
2020-11-12 09:33:40.760,4.985,200
2020-11-12 09:33:40.760,4.986,300
2020-11-12 09:33:40.940,4.986,100
2020-11-12 09:33:43.110,4.986,100
2020-11-12 09:33:43.110,4.986,9800
2020-11-12 09:33:43.570,4.986,100
2020-11-12 09:33:44.850,4.986,100
2020-11-12 09:33:44.880,4.984,300
2020-11-12 09:33:46.320,4.986,400
2020-11-12 09:33:46.320,4.986,600
2020-11-12 09:33:46.540,4.984,900
2020-11-12 09:33:46.540,4.984,2500
2020-11-12 09:33:46.540,4.984,2000
2020-11-12 09:33:48.490,4.984,100
2020-11-12 09:33:48.530,4.984,7500
2020-11-12 09:33:48.530,4.984,200
2020-11-12 09:33:48.530,4.984,2300
2020-11-12 09:33:49.290,4.984,6000
2020-11-12 09:33:49.290,4.984,2000
2020-11-12 09:33:49.290,4.984,1000
2020-11-12 09:33:49.530,4.984,22200
2020-11-12 09:33:49.900,4.985,1000
2020-11-12 09:33:50.120,4.985,1000
2020-11-12 09:33:50.120,4.984,268800
2020-11-12 09:33:50.120,4.984,30200
2020-11-12 09:33:50.640,4.984,20000
2020-11-12 09:33:50.850,4.984,200
2020-11-12 09:33:51.090,4.984,900
2020-11-12 09:33:51.180,4.985,500
2020-11-12 09:33:51.460,4.985,9500
2020-11-12 09:33:52.130,4.986,10000
2020-11-12 09:33:52.460,4.986,100
2020-11-12 09:33:52.520,4.986,1000
2020-11-12 09:33:52.790,4.985,3400
2020-11-12 09:33:53.540,4.985,5000
2020-11-12 09:33:55.030,4.985,2000
2020-11-12 09:33:55.200,4.985,1600
2020-11-12 09:33:56.340,4.985,8500
2020-11-12 09:33:56.340,4.984,1300
2020-11-12 09:33:57.730,4.986,288900
2020-11-12 09:33:57.730,4.986,100
2020-11-12 09:33:57.730,4.986,18600
2020-11-12 09:33:58.690,4.986,100
2020-11-12 09:33:59.700,4.986,100
2020-11-12 09:33:59.700,4.986,14800
2020-11-12 09:34:00.250,4.987,2200
2020-11-12 09:34:00.250,4.987,3000
2020-11-12 09:34:00.250,4.987,7000
2020-11-12 09:34:02.640,4.987,293000
2020-11-12 09:34:02.640,4.987,3000
2020-11-12 09:34:02.960,4.987,19500
2020-11-12 09:34:03.740,4.986,22800
2020-11-12 09:34:06.230,4.988,2000
2020-11-12 09:34:06.230,4.988,1000
2020-11-12 09:34:06.230,4.988,26000
2020-11-12 09:34:06.230,4.988,20600
2020-11-12 09:34:06.230,4.988,100
2020-11-12 09:34:06.230,4.988,27800
2020-11-12 09:34:06.290,4.986,100
2020-11-12 09:34:06.290,4.985,20600
2020-11-12 09:34:07.320,4.986,100
2020-11-12 09:34:07.320,4.985,500
2020-11-12 09:34:07.640,4.985,2500
2020-11-12 09:34:07.910,4.986,200
2020-11-12 09:34:07.970,4.986,200
2020-11-12 09:34:07.970,4.986,1700
2020-11-12 09:34:09.000,4.987,18200
2020-11-12 09:34:09.000,4.986,100
2020-11-12 09:34:09.000,4.986,200
2020-11-12 09:34:09.000,4.986,8800
2020-11-12 09:34:09.000,4.986,500
2020-11-12 09:34:09.120,4.986,200
2020-11-12 09:34:10.300,4.986,5000
2020-11-12 09:34:10.630,4.986,5000
2020-11-12 09:34:11.950,4.985,4000
2020-11-12 09:34:13.490,4.985,100
2020-11-12 09:34:15.450,4.985,1000
2020-11-12 09:34:15.510,4.985,2800
2020-11-12 09:34:16.200,4.985,300000
2020-11-12 09:34:16.560,4.984,2900
2020-11-12 09:34:16.910,4.985,400
2020-11-12 09:34:17.210,4.985,100
2020-11-12 09:34:18.490,4.985,4500
2020-11-12 09:34:18.490,4.985,5000
2020-11-12 09:34:19.110,4.985,10000
2020-11-12 09:34:19.320,4.985,100
2020-11-12 09:34:20.050,4.984,207900
2020-11-12 09:34:20.470,4.984,1000
2020-11-12 09:34:20.910,4.985,19700
2020-11-12 09:34:21.060,4.985,200
2020-11-12 09:34:22.610,4.985,200
2020-11-12 09:34:23.160,4.984,6400
2020-11-12 09:34:23.540,4.985,500
2020-11-12 09:34:23.540,4.984,5700
2020-11-12 09:34:23.600,4.984,23500
2020-11-12 09:34:23.600,4.984,50000
2020-11-12 09:34:23.600,4.984,10000
2020-11-12 09:34:23.600,4.984,900
2020-11-12 09:34:23.600,4.984,600
2020-11-12 09:34:23.600,4.984,2000
2020-11-12 09:34:23.600,4.984,3000
2020-11-12 09:34:23.600,4.984,310000
2020-11-12 09:34:24.200,4.985,3000
2020-11-12 09:34:24.270,4.985,100000
2020-11-12 09:34:24.390,4.985,10000
2020-11-12 09:34:25.260,4.984,190000
2020-11-12 09:34:25.260,4.984,10000
2020-11-12 09:34:25.260,4.984,200
2020-11-12 09:34:25.260,4.984,100000
2020-11-12 09:34:25.260,4.983,38500
2020-11-12 09:34:25.260,4.983,2100
2020-11-12 09:34:25.260,4.983,3000
2020-11-12 09:34:25.260,4.983,5000
2020-11-12 09:34:25.260,4.983,100
2020-11-12 09:34:25.260,4.983,10000
2020-11-12 09:34:25.260,4.983,20000
2020-11-12 09:34:25.320,4.983,7200
2020-11-12 09:34:25.830,4.983,600
2020-11-12 09:34:26.360,4.983,200
2020-11-12 09:34:27.280,4.983,300000
2020-11-12 09:34:28.150,4.983,2000
2020-11-12 09:34:28.390,4.983,242100
2020-11-12 09:34:28.790,4.983,200
2020-11-12 09:34:29.010,4.983,68800
2020-11-12 09:34:29.010,4.984,231200
2020-11-12 09:34:29.410,4.984,5000
2020-11-12 09:34:30.000,4.984,100
2020-11-12 09:34:30.330,4.982,100
2020-11-12 09:34:30.330,4.982,4100
2020-11-12 09:34:30.770,4.984,500
2020-11-12 09:34:31.040,4.984,100
2020-11-12 09:34:31.690,4.984,300
2020-11-12 09:34:31.690,4.984,100
2020-11-12 09:34:31.690,4.985,114600
2020-11-12 09:34:32.410,4.983,300
2020-11-12 09:34:32.410,4.983,299700
2020-11-12 09:34:32.410,4.982,2700
2020-11-12 09:34:32.410,4.982,2000
2020-11-12 09:34:32.410,4.982,1000
2020-11-12 09:34:32.410,4.982,3000
2020-11-12 09:34:32.410,4.982,500
2020-11-12 09:34:32.410,4.982,2000
2020-11-12 09:34:32.410,4.982,10300
2020-11-12 09:34:32.410,4.982,500
2020-11-12 09:34:32.410,4.982,500
2020-11-12 09:34:32.410,4.982,200
2020-11-12 09:34:32.410,4.982,2000
2020-11-12 09:34:32.410,4.982,1000
2020-11-12 09:34:32.410,4.982,100
2020-11-12 09:34:32.410,4.982,10100
2020-11-12 09:34:32.410,4.982,10000
2020-11-12 09:34:32.410,4.982,1000
2020-11-12 09:34:32.410,4.982,5000
2020-11-12 09:34:32.410,4.982,200
2020-11-12 09:34:32.410,4.982,2000
2020-11-12 09:34:32.410,4.982,100
2020-11-12 09:34:32.410,4.982,200
2020-11-12 09:34:32.410,4.982,1000
2020-11-12 09:34:32.410,4.982,40000
2020-11-12 09:34:32.410,4.982,50000
2020-11-12 09:34:32.410,4.982,2000
2020-11-12 09:34:32.410,4.982,300
2020-11-12 09:34:32.410,4.982,600
2020-11-12 09:34:32.410,4.982,100
2020-11-12 09:34:32.410,4.982,10000
2020-11-12 09:34:32.410,4.982,1000
2020-11-12 09:34:32.410,4.982,4900
2020-11-12 09:34:32.410,4.982,100
2020-11-12 09:34:32.410,4.982,500
2020-11-12 09:34:32.410,4.982,2000
2020-11-12 09:34:32.410,4.982,100
2020-11-12 09:34:32.410,4.982,100
2020-11-12 09:34:32.410,4.982,200
2020-11-12 09:34:32.410,4.982,100
2020-11-12 09:34:32.410,4.982,100
2020-11-12 09:34:32.410,4.982,1000
2020-11-12 09:34:32.410,4.982,100
2020-11-12 09:34:32.410,4.982,300
2020-11-12 09:34:32.410,4.982,200
2020-11-12 09:34:32.410,4.982,1000
2020-11-12 09:34:32.410,4.982,400
2020-11-12 09:34:32.410,4.982,100
2020-11-12 09:34:32.410,4.982,400
2020-11-12 09:34:32.410,4.982,100
2020-11-12 09:34:32.410,4.982,1000
2020-11-12 09:34:32.410,4.982,100
2020-11-12 09:34:32.410,4.982,2100
2020-11-12 09:34:32.410,4.982,200
2020-11-12 09:34:32.410,4.982,1000
2020-11-12 09:34:32.410,4.982,50000
2020-11-12 09:34:32.410,4.982,474800
2020-11-12 09:34:34.350,4.985,1000
2020-11-12 09:34:36.190,4.983,10000
2020-11-12 09:34:36.190,4.983,19900
2020-11-12 09:34:36.190,4.983,200
2020-11-12 09:34:36.190,4.982,425200
2020-11-12 09:34:36.190,4.982,544700
2020-11-12 09:34:38.410,4.984,100
2020-11-12 09:34:38.610,4.983,300
2020-11-12 09:34:38.770,4.984,400
2020-11-12 09:34:39.460,4.983,200
2020-11-12 09:34:39.460,4.983,1900
2020-11-12 09:34:39.680,4.983,2000
2020-11-12 09:34:40.060,4.983,300
2020-11-12 09:34:40.910,4.983,1000
2020-11-12 09:34:41.410,4.984,500
2020-11-12 09:34:41.460,4.983,1100
2020-11-12 09:34:41.520,4.984,3400
2020-11-12 09:34:41.520,4.984,1000
2020-11-12 09:34:43.750,4.984,300
2020-11-12 09:34:43.970,4.985,100
2020-11-12 09:34:44.720,4.984,97494
2020-11-12 09:34:44.970,4.984,3200
2020-11-12 09:34:45.180,4.984,130000
2020-11-12 09:34:45.980,4.985,100
2020-11-12 09:34:46.350,4.984,300
2020-11-12 09:34:49.640,4.984,1700
2020-11-12 09:34:50.450,4.984,14300
2020-11-12 09:34:50.900,4.984,29300
2020-11-12 09:34:50.960,4.984,2300
2020-11-12 09:34:51.430,4.985,4000
2020-11-12 09:34:51.700,4.985,4300
2020-11-12 09:34:54.000,4.985,5000
2020-11-12 09:34:54.340,4.984,16706
2020-11-12 09:34:54.340,4.984,20000
2020-11-12 09:34:55.080,4.983,3700
2020-11-12 09:34:55.080,4.983,3500
2020-11-12 09:34:55.080,4.983,800
2020-11-12 09:34:55.080,4.983,100
2020-11-12 09:34:55.080,4.982,500
2020-11-12 09:34:55.080,4.982,10000
2020-11-12 09:34:55.080,4.982,10100
2020-11-12 09:34:55.080,4.982,3500
2020-11-12 09:34:55.080,4.982,5800
2020-11-12 09:34:55.080,4.982,3000
2020-11-12 09:34:55.080,4.982,600000
2020-11-12 09:34:55.080,4.982,300
2020-11-12 09:34:56.550,4.982,1000
2020-11-12 09:34:57.000,4.982,10000
2020-11-12 09:34:57.140,4.982,300000
2020-11-12 09:34:57.320,4.982,20000
2020-11-12 09:34:57.350,4.982,27700
2020-11-12 09:34:59.130,4.984,1000
2020-11-12 09:35:00.700,4.984,100
2020-11-12 09:35:00.820,4.982,20000
2020-11-12 09:35:00.820,4.982,20000
2020-11-12 09:35:01.310,4.982,100
2020-11-12 09:35:01.440,4.982,5000
2020-11-12 09:35:01.470,4.982,300000
2020-11-12 09:35:02.320,4.982,654900
2020-11-12 09:35:03.130,4.983,100
2020-11-12 09:35:03.130,4.984,500
2020-11-12 09:35:03.260,4.984,1000
2020-11-12 09:35:03.620,4.984,10000
2020-11-12 09:35:06.150,4.983,800
2020-11-12 09:35:07.370,4.984,20000
2020-11-12 09:35:07.370,4.984,22000
2020-11-12 09:35:07.370,4.984,20800
2020-11-12 09:35:07.370,4.984,2500
2020-11-12 09:35:07.370,4.984,100
2020-11-12 09:35:07.370,4.984,1000
2020-11-12 09:35:07.370,4.985,409300
2020-11-12 09:35:07.370,4.985,4300
2020-11-12 09:35:07.370,4.985,300
2020-11-12 09:35:07.370,4.985,119700
2020-11-12 09:35:08.570,4.985,142900
2020-11-12 09:35:08.570,4.985,1000
2020-11-12 09:35:08.570,4.985,600
2020-11-12 09:35:09.920,4.985,8000
2020-11-12 09:35:10.850,4.986,42200
2020-11-12 09:35:10.850,4.986,100
2020-11-12 09:35:10.850,4.987,3000
2020-11-12 09:35:10.850,4.988,3000
2020-11-12 09:35:10.850,4.988,500
2020-11-12 09:35:10.850,4.988,15300
2020-11-12 09:35:10.850,4.988,50000
2020-11-12 09:35:11.270,4.988,1400
2020-11-12 09:35:11.870,4.989,200
2020-11-12 09:35:11.870,4.989,3400
2020-11-12 09:35:11.870,4.989,100
2020-11-12 09:35:11.870,4.989,1000
2020-11-12 09:35:11.870,4.989,7000
2020-11-12 09:35:11.870,4.989,500
2020-11-12 09:35:11.870,4.989,27300
2020-11-12 09:35:13.370,4.988,20000
2020-11-12 09:35:14.280,4.988,1900
2020-11-12 09:35:14.340,4.988,9100
2020-11-12 09:35:14.840,4.989,147500
2020-11-12 09:35:15.780,4.988,100
2020-11-12 09:35:15.810,4.988,453400
2020-11-12 09:35:15.840,4.987,100
2020-11-12 09:35:15.840,4.986,2900
2020-11-12 09:35:19.250,4.988,2000
2020-11-12 09:35:19.290,4.987,100
2020-11-12 09:35:22.350,4.987,100
2020-11-12 09:35:22.350,4.986,2800
2020-11-12 09:35:25.100,4.987,200
2020-11-12 09:35:27.770,4.987,100
2020-11-12 09:35:27.990,4.986,1000
2020-11-12 09:35:28.270,4.987,2000
2020-11-12 09:35:28.270,4.987,100
2020-11-12 09:35:30.960,4.987,200
2020-11-12 09:35:33.290,4.986,100
2020-11-12 09:35:33.960,4.986,4000
2020-11-12 09:35:34.540,4.987,100
2020-11-12 09:35:35.390,4.987,600
2020-11-12 09:35:35.710,4.986,6000
2020-11-12 09:35:36.180,4.987,100
2020-11-12 09:35:38.050,4.987,1000
2020-11-12 09:35:40.480,4.987,1500
2020-11-12 09:35:40.480,4.987,900
2020-11-12 09:35:40.480,4.987,6000
2020-11-12 09:35:40.480,4.987,1600
2020-11-12 09:35:41.880,4.987,400
2020-11-12 09:35:42.230,4.986,34400
2020-11-12 09:35:43.040,4.986,1700
2020-11-12 09:35:43.040,4.986,500
2020-11-12 09:35:43.040,4.986,7800
2020-11-12 09:35:45.620,4.986,100
2020-11-12 09:35:46.580,4.986,30000
2020-11-12 09:35:47.000,4.986,1000
2020-11-12 09:35:47.270,4.986,11100
2020-11-12 09:35:47.270,4.986,2100
2020-11-12 09:35:47.270,4.986,6200
2020-11-12 09:35:47.270,4.986,2000
2020-11-12 09:35:47.270,4.986,200
2020-11-12 09:35:47.270,4.986,5000
2020-11-12 09:35:47.270,4.986,20000
2020-11-12 09:35:48.480,4.986,1000
2020-11-12 09:35:50.940,4.986,900
2020-11-12 09:35:52.530,4.986,100
2020-11-12 09:35:52.840,4.985,3000
2020-11-12 09:35:52.840,4.985,1500
2020-11-12 09:35:52.940,4.986,20000
2020-11-12 09:35:54.260,4.986,2400
2020-11-12 09:35:54.640,4.986,1600
2020-11-12 09:35:54.640,4.986,400
2020-11-12 09:35:54.660,4.986,200
2020-11-12 09:35:54.810,4.985,13500
2020-11-12 09:35:56.350,4.985,5000
2020-11-12 09:35:56.380,4.986,100
2020-11-12 09:35:56.380,4.986,10000
2020-11-12 09:35:56.380,4.986,300
2020-11-12 09:36:01.630,4.987,110000
2020-11-12 09:36:04.030,4.986,1000
2020-11-12 09:36:04.300,4.987,100
2020-11-12 09:36:04.710,4.986,100
2020-11-12 09:36:04.710,4.986,3200
2020-11-12 09:36:04.710,4.986,14300
2020-11-12 09:36:04.980,4.986,10700
2020-11-12 09:36:04.980,4.986,1800
2020-11-12 09:36:04.980,4.986,100
2020-11-12 09:36:04.980,4.986,7400
2020-11-12 09:36:05.280,4.986,100
2020-11-12 09:36:05.280,4.986,400
2020-11-12 09:36:05.280,4.986,600
2020-11-12 09:36:05.280,4.986,1000
2020-11-12 09:36:05.280,4.986,500
2020-11-12 09:36:05.280,4.986,1000
2020-11-12 09:36:05.280,4.986,2700
2020-11-12 09:36:05.280,4.986,1500
2020-11-12 09:36:05.650,4.986,3100
2020-11-12 09:36:06.440,4.986,100000
2020-11-12 09:36:08.400,4.986,100000
2020-11-12 09:36:09.490,4.985,30000
2020-11-12 09:36:09.490,4.985,2000
2020-11-12 09:36:09.490,4.985,7000
2020-11-12 09:36:09.490,4.985,200
2020-11-12 09:36:09.490,4.985,5000
2020-11-12 09:36:09.490,4.985,600
2020-11-12 09:36:09.490,4.985,100000
2020-11-12 09:36:09.490,4.985,400
2020-11-12 09:36:11.000,4.986,40600
2020-11-12 09:36:11.000,4.986,3000
2020-11-12 09:36:11.000,4.986,15000
2020-11-12 09:36:11.570,4.986,100
2020-11-12 09:36:11.750,4.986,1500
2020-11-12 09:36:12.220,4.987,200
2020-11-12 09:36:12.770,4.987,1600
2020-11-12 09:36:14.820,4.987,100
2020-11-12 09:36:15.410,4.987,100
2020-11-12 09:36:15.570,4.987,10000
2020-11-12 09:36:15.570,4.986,2000
2020-11-12 09:36:15.610,4.986,9800
2020-11-12 09:36:15.890,4.986,43800
2020-11-12 09:36:21.020,4.986,2000
2020-11-12 09:36:21.140,4.986,500
2020-11-12 09:36:23.520,4.986,4000
2020-11-12 09:36:24.640,4.986,1500
2020-11-12 09:36:26.440,4.987,2000
2020-11-12 09:36:26.800,4.987,100
2020-11-12 09:36:27.330,4.986,4500
2020-11-12 09:36:28.120,4.987,4000
2020-11-12 09:36:30.890,4.987,10500
2020-11-12 09:36:31.770,4.987,5000
2020-11-12 09:36:32.140,4.987,100
2020-11-12 09:36:33.340,4.986,400
2020-11-12 09:36:34.690,4.987,16300
2020-11-12 09:36:34.690,4.987,1800
2020-11-12 09:36:34.690,4.987,2500
2020-11-12 09:36:34.690,4.987,1000
2020-11-12 09:36:36.670,4.988,5000
2020-11-12 09:36:38.490,4.987,4000
2020-11-12 09:36:42.390,4.987,4400
2020-11-12 09:36:42.390,4.987,1400
2020-11-12 09:36:42.390,4.987,1000
2020-11-12 09:36:42.390,4.987,16000
2020-11-12 09:36:42.390,4.987,100
2020-11-12 09:36:42.390,4.987,5000
2020-11-12 09:36:42.390,4.987,10000
2020-11-12 09:36:42.390,4.987,1000
2020-11-12 09:36:42.390,4.987,2000
2020-11-12 09:36:43.410,4.986,5000
2020-11-12 09:36:44.780,4.987,1000
2020-11-12 09:36:45.610,4.986,5000
2020-11-12 09:36:45.880,4.987,1000
2020-11-12 09:36:46.000,4.986,161300
2020-11-12 09:36:46.000,4.986,100
2020-11-12 09:36:46.000,4.986,400
2020-11-12 09:36:46.000,4.986,500
2020-11-12 09:36:46.000,4.986,1000
2020-11-12 09:36:46.000,4.986,400
2020-11-12 09:36:46.000,4.986,500
2020-11-12 09:36:46.000,4.986,2600
2020-11-12 09:36:46.000,4.986,100
2020-11-12 09:36:46.000,4.986,100
2020-11-12 09:36:46.000,4.986,3000
2020-11-12 09:36:46.560,4.986,400
2020-11-12 09:36:47.110,4.986,1200
2020-11-12 09:36:48.230,4.986,100
2020-11-12 09:36:49.270,4.986,19300
2020-11-12 09:36:50.030,4.986,100
2020-11-12 09:36:50.030,4.986,1500
2020-11-12 09:36:51.580,4.986,100
2020-11-12 09:36:53.800,4.985,100
2020-11-12 09:36:54.090,4.985,100
2020-11-12 09:36:54.190,4.985,400
2020-11-12 09:36:54.190,4.985,10000
2020-11-12 09:36:54.190,4.985,14600
2020-11-12 09:36:54.570,4.985,5400
2020-11-12 09:36:54.570,4.985,6000
2020-11-12 09:36:54.570,4.985,100
2020-11-12 09:36:54.570,4.985,8700
2020-11-12 09:36:54.690,4.986,10000
2020-11-12 09:36:55.450,4.986,4000
2020-11-12 09:36:55.790,4.985,91300
2020-11-12 09:36:55.790,4.985,100
2020-11-12 09:36:55.790,4.985,9000
2020-11-12 09:36:56.950,4.985,3000
2020-11-12 09:36:58.600,4.986,500
2020-11-12 09:36:58.950,4.986,3800
2020-11-12 09:36:59.210,4.986,600
2020-11-12 09:37:04.020,4.985,1000
2020-11-12 09:37:04.020,4.985,100
2020-11-12 09:37:06.450,4.985,3000
2020-11-12 09:37:06.900,4.985,4200
2020-11-12 09:37:07.740,4.985,300
2020-11-12 09:37:10.970,4.984,3000
2020-11-12 09:37:10.990,4.985,20000
2020-11-12 09:37:11.080,4.984,26600
2020-11-12 09:37:11.080,4.984,500
2020-11-12 09:37:11.080,4.984,10000
2020-11-12 09:37:11.080,4.984,50000
2020-11-12 09:37:11.080,4.984,100
2020-11-12 09:37:11.080,4.984,400
2020-11-12 09:37:11.580,4.984,10000
2020-11-12 09:37:12.530,4.984,1000
2020-11-12 09:37:13.510,4.984,38600
2020-11-12 09:37:13.510,4.984,6700
2020-11-12 09:37:13.510,4.984,20000
2020-11-12 09:37:13.510,4.984,2000
2020-11-12 09:37:13.510,4.984,700
2020-11-12 09:37:13.510,4.984,1500
2020-11-12 09:37:13.630,4.984,100
2020-11-12 09:37:14.570,4.984,500
2020-11-12 09:37:14.600,4.984,100
2020-11-12 09:37:14.780,4.984,1000
2020-11-12 09:37:15.560,4.984,100
2020-11-12 09:37:16.370,4.983,200
2020-11-12 09:37:16.370,4.983,1000
2020-11-12 09:37:17.060,4.984,4700
2020-11-12 09:37:17.950,4.984,20000
2020-11-12 09:37:18.380,4.984,100
2020-11-12 09:37:20.260,4.984,700
2020-11-12 09:37:20.350,4.984,100
2020-11-12 09:37:20.960,4.984,1000
2020-11-12 09:37:21.500,4.983,1200
2020-11-12 09:37:22.240,4.984,5000
2020-11-12 09:37:23.050,4.983,2800
2020-11-12 09:37:23.780,4.984,1000
2020-11-12 09:37:23.900,4.984,3400
2020-11-12 09:37:24.180,4.984,1000
2020-11-12 09:37:24.370,4.983,10000
2020-11-12 09:37:25.480,4.984,300
2020-11-12 09:37:25.720,4.984,1000
2020-11-12 09:37:26.440,4.983,100
2020-11-12 09:37:26.440,4.984,3700
2020-11-12 09:37:26.440,4.984,1300
2020-11-12 09:37:27.080,4.983,20600
2020-11-12 09:37:27.480,4.983,5000
2020-11-12 09:37:27.870,4.983,400
2020-11-12 09:37:28.080,4.984,500
2020-11-12 09:37:29.450,4.983,8900
2020-11-12 09:37:29.450,4.983,2100
2020-11-12 09:37:30.190,4.984,400
2020-11-12 09:37:30.190,4.984,600
2020-11-12 09:37:31.410,4.984,1000
2020-11-12 09:37:32.040,4.984,1400
2020-11-12 09:37:32.730,4.984,1000
2020-11-12 09:37:34.480,4.983,2000
2020-11-12 09:37:35.000,4.984,16000
2020-11-12 09:37:35.000,4.984,9400
2020-11-12 09:37:35.550,4.984,2000
2020-11-12 09:37:35.940,4.985,100
2020-11-12 09:37:37.220,4.985,1000
2020-11-12 09:37:38.490,4.984,1000
2020-11-12 09:37:40.590,4.984,32600
2020-11-12 09:37:40.760,4.984,200
2020-11-12 09:37:41.860,4.984,10000
2020-11-12 09:37:42.400,4.985,1200
2020-11-12 09:37:43.500,4.984,7200
2020-11-12 09:37:44.470,4.985,100
2020-11-12 09:37:45.940,4.985,10000
2020-11-12 09:37:47.490,4.984,80000
2020-11-12 09:37:49.630,4.985,100
2020-11-12 09:37:50.300,4.984,5000
2020-11-12 09:37:50.600,4.984,100
2020-11-12 09:37:51.150,4.985,2000
2020-11-12 09:37:51.150,4.985,100
2020-11-12 09:37:51.150,4.985,100
2020-11-12 09:37:51.150,4.985,1500
2020-11-12 09:37:51.150,4.985,100
2020-11-12 09:37:51.150,4.985,200
2020-11-12 09:37:51.680,4.985,100
2020-11-12 09:37:55.550,4.984,74994
2020-11-12 09:37:56.910,4.985,100
2020-11-12 09:37:57.950,4.985,500
2020-11-12 09:37:58.170,4.984,14400
2020-11-12 09:37:58.500,4.984,1400
2020-11-12 09:37:58.920,4.984,400
2020-11-12 09:37:58.980,4.985,100
2020-11-12 09:37:58.980,4.984,1000
2020-11-12 09:37:59.010,4.984,15000
2020-11-12 09:37:59.740,4.985,2200
2020-11-12 09:38:01.060,4.984,1000
2020-11-12 09:38:01.330,4.985,11800
2020-11-12 09:38:01.330,4.985,100
2020-11-12 09:38:01.330,4.985,1000
2020-11-12 09:38:01.330,4.985,300000
2020-11-12 09:38:01.330,4.985,287100
2020-11-12 09:38:02.610,4.984,20000
2020-11-12 09:38:02.790,4.985,1500
2020-11-12 09:38:03.430,4.984,600
2020-11-12 09:38:03.520,4.985,1000
2020-11-12 09:38:03.560,4.985,1000
2020-11-12 09:38:03.740,4.984,200
2020-11-12 09:38:05.110,4.985,200
2020-11-12 09:38:05.250,4.984,500
2020-11-12 09:38:06.470,4.985,5000
2020-11-12 09:38:06.980,4.985,100
2020-11-12 09:38:07.950,4.985,400
2020-11-12 09:38:08.010,4.985,200
2020-11-12 09:38:08.510,4.985,3500
2020-11-12 09:38:08.510,4.985,8900
2020-11-12 09:38:08.760,4.985,1000
2020-11-12 09:38:09.460,4.984,4500
2020-11-12 09:38:09.460,4.985,100
2020-11-12 09:38:09.760,4.985,2000
2020-11-12 09:38:10.030,4.984,2200
2020-11-12 09:38:10.210,4.985,100
2020-11-12 09:38:10.210,4.985,100
2020-11-12 09:38:10.210,4.985,100
2020-11-12 09:38:10.210,4.985,100
2020-11-12 09:38:10.210,4.985,100
2020-11-12 09:38:10.210,4.985,100
2020-11-12 09:38:10.210,4.985,100
2020-11-12 09:38:10.210,4.985,100
2020-11-12 09:38:10.210,4.985,100
2020-11-12 09:38:10.210,4.985,100
2020-11-12 09:38:10.210,4.985,100
2020-11-12 09:38:10.210,4.985,100
2020-11-12 09:38:10.210,4.985,100
2020-11-12 09:38:10.210,4.985,100
2020-11-12 09:38:10.210,4.985,100
2020-11-12 09:38:10.210,4.985,100
2020-11-12 09:38:10.210,4.985,100
2020-11-12 09:38:10.210,4.985,100
2020-11-12 09:38:10.210,4.985,100
2020-11-12 09:38:10.210,4.985,100
2020-11-12 09:38:10.210,4.985,100
2020-11-12 09:38:10.210,4.985,100
2020-11-12 09:38:10.270,4.985,100
2020-11-12 09:38:10.270,4.985,100
2020-11-12 09:38:10.270,4.985,100
2020-11-12 09:38:10.270,4.985,100
2020-11-12 09:38:10.270,4.985,100
2020-11-12 09:38:10.270,4.985,100
2020-11-12 09:38:10.270,4.985,100
2020-11-12 09:38:10.270,4.985,100
2020-11-12 09:38:10.330,4.985,1000
2020-11-12 09:38:11.140,4.985,100
2020-11-12 09:38:11.140,4.985,100
2020-11-12 09:38:11.140,4.985,100
2020-11-12 09:38:11.140,4.985,100
2020-11-12 09:38:11.140,4.985,100
2020-11-12 09:38:11.140,4.985,100
2020-11-12 09:38:11.140,4.985,100
2020-11-12 09:38:11.140,4.985,100
2020-11-12 09:38:11.140,4.985,100
2020-11-12 09:38:11.140,4.985,100
2020-11-12 09:38:11.140,4.985,100
2020-11-12 09:38:11.140,4.985,100
2020-11-12 09:38:11.140,4.985,100
2020-11-12 09:38:11.140,4.985,100
2020-11-12 09:38:11.140,4.985,100
2020-11-12 09:38:11.200,4.985,100
2020-11-12 09:38:11.200,4.985,100
2020-11-12 09:38:11.200,4.985,100
2020-11-12 09:38:11.200,4.985,100
2020-11-12 09:38:11.200,4.985,100
2020-11-12 09:38:11.200,4.985,100
2020-11-12 09:38:11.200,4.985,100
2020-11-12 09:38:11.220,4.984,300
2020-11-12 09:38:11.250,4.985,100
2020-11-12 09:38:11.250,4.985,100
2020-11-12 09:38:11.250,4.985,100
2020-11-12 09:38:11.250,4.985,100
2020-11-12 09:38:11.250,4.985,100
2020-11-12 09:38:11.250,4.985,100
2020-11-12 09:38:11.250,4.985,100
2020-11-12 09:38:11.250,4.985,100
2020-11-12 09:38:12.220,4.985,100
2020-11-12 09:38:12.220,4.985,100
2020-11-12 09:38:12.220,4.985,100
2020-11-12 09:38:12.220,4.985,100
2020-11-12 09:38:12.220,4.985,100
2020-11-12 09:38:12.220,4.985,100
2020-11-12 09:38:12.220,4.985,100
2020-11-12 09:38:12.220,4.985,100
2020-11-12 09:38:12.220,4.985,100
2020-11-12 09:38:12.220,4.985,100
2020-11-12 09:38:12.220,4.985,100
2020-11-12 09:38:12.220,4.985,100
2020-11-12 09:38:12.220,4.985,100
2020-11-12 09:38:12.220,4.985,100
2020-11-12 09:38:12.220,4.985,100
2020-11-12 09:38:12.220,4.985,100
2020-11-12 09:38:12.280,4.985,100
2020-11-12 09:38:12.280,4.985,100
2020-11-12 09:38:12.280,4.985,100
2020-11-12 09:38:12.280,4.985,100
2020-11-12 09:38:12.280,4.985,100
2020-11-12 09:38:12.280,4.985,100
2020-11-12 09:38:12.280,4.985,100
2020-11-12 09:38:12.280,4.985,100
2020-11-12 09:38:12.280,4.985,100
2020-11-12 09:38:12.280,4.985,100
2020-11-12 09:38:12.280,4.985,100
2020-11-12 09:38:12.280,4.985,100
2020-11-12 09:38:12.280,4.985,100
2020-11-12 09:38:12.280,4.985,100
2020-11-12 09:38:12.930,4.985,100
2020-11-12 09:38:13.160,4.985,100
2020-11-12 09:38:13.160,4.985,100
2020-11-12 09:38:13.160,4.985,100
2020-11-12 09:38:13.160,4.985,100
2020-11-12 09:38:13.160,4.985,100
2020-11-12 09:38:13.160,4.985,100
2020-11-12 09:38:13.160,4.985,100
2020-11-12 09:38:13.160,4.985,100
2020-11-12 09:38:13.220,4.985,100
2020-11-12 09:38:13.220,4.985,100
2020-11-12 09:38:13.220,4.985,100
2020-11-12 09:38:13.220,4.985,100
2020-11-12 09:38:13.220,4.985,100
2020-11-12 09:38:13.220,4.985,100
2020-11-12 09:38:13.220,4.985,100
2020-11-12 09:38:13.220,4.985,100
2020-11-12 09:38:13.280,4.985,100
2020-11-12 09:38:13.280,4.985,100
2020-11-12 09:38:13.280,4.985,100
2020-11-12 09:38:13.280,4.985,100
2020-11-12 09:38:13.280,4.985,100
2020-11-12 09:38:13.280,4.985,100
2020-11-12 09:38:13.280,4.985,100
2020-11-12 09:38:13.280,4.985,100
2020-11-12 09:38:13.340,4.985,100
2020-11-12 09:38:13.340,4.985,100
2020-11-12 09:38:13.340,4.985,100
2020-11-12 09:38:13.340,4.985,100
2020-11-12 09:38:13.340,4.985,100
2020-11-12 09:38:13.340,4.985,100
2020-11-12 09:38:13.610,4.984,6
2020-11-12 09:38:13.610,4.984,100
2020-11-12 09:38:13.610,4.984,1000
2020-11-12 09:38:13.610,4.984,100
2020-11-12 09:38:13.610,4.984,500
2020-11-12 09:38:13.610,4.984,500
2020-11-12 09:38:13.610,4.984,600
2020-11-12 09:38:13.610,4.984,200
2020-11-12 09:38:13.610,4.984,3994
2020-11-12 09:38:14.420,4.985,500
2020-11-12 09:38:14.440,4.985,300
2020-11-12 09:38:15.150,4.985,100
2020-11-12 09:38:15.210,4.985,100
2020-11-12 09:38:15.210,4.985,100
2020-11-12 09:38:15.210,4.985,100
2020-11-12 09:38:15.210,4.985,100
2020-11-12 09:38:15.210,4.985,100
2020-11-12 09:38:15.210,4.985,100
2020-11-12 09:38:15.210,4.985,100
2020-11-12 09:38:15.210,4.985,100
2020-11-12 09:38:15.210,4.985,100
2020-11-12 09:38:15.210,4.985,100
2020-11-12 09:38:15.210,4.985,100
2020-11-12 09:38:15.210,4.985,100
2020-11-12 09:38:15.210,4.985,100
2020-11-12 09:38:15.210,4.985,100
2020-11-12 09:38:15.210,4.985,100
2020-11-12 09:38:15.210,4.985,100
2020-11-12 09:38:15.210,4.985,100
2020-11-12 09:38:15.210,4.985,100
2020-11-12 09:38:15.210,4.985,100
2020-11-12 09:38:15.210,4.985,100
2020-11-12 09:38:15.210,4.985,100
2020-11-12 09:38:15.210,4.985,100
2020-11-12 09:38:15.210,4.985,100
2020-11-12 09:38:15.210,4.985,100
2020-11-12 09:38:15.210,4.985,100
2020-11-12 09:38:15.210,4.985,100
2020-11-12 09:38:15.240,4.985,100
2020-11-12 09:38:15.240,4.985,100
2020-11-12 09:38:15.240,4.985,100
2020-11-12 09:38:15.240,4.985,100
2020-11-12 09:38:16.380,4.985,100
2020-11-12 09:38:16.380,4.985,100
2020-11-12 09:38:16.500,4.985,100
2020-11-12 09:38:16.500,4.985,100
2020-11-12 09:38:16.500,4.985,100
2020-11-12 09:38:16.500,4.985,100
2020-11-12 09:38:16.500,4.985,100
2020-11-12 09:38:16.500,4.985,100
2020-11-12 09:38:16.500,4.985,100
2020-11-12 09:38:16.500,4.985,100
2020-11-12 09:38:16.500,4.985,100
2020-11-12 09:38:16.530,4.985,100
2020-11-12 09:38:16.530,4.985,100
2020-11-12 09:38:16.530,4.985,100
2020-11-12 09:38:16.530,4.985,100
2020-11-12 09:38:16.530,4.985,100
2020-11-12 09:38:16.530,4.985,100
2020-11-12 09:38:16.590,4.985,100
2020-11-12 09:38:16.590,4.985,100
2020-11-12 09:38:16.590,4.985,100
2020-11-12 09:38:16.650,4.985,100
2020-11-12 09:38:16.650,4.985,100
2020-11-12 09:38:16.650,4.985,100
2020-11-12 09:38:16.650,4.985,100
2020-11-12 09:38:16.710,4.985,100
2020-11-12 09:38:16.710,4.985,100
2020-11-12 09:38:16.710,4.985,100
2020-11-12 09:38:16.710,4.985,100
2020-11-12 09:38:16.710,4.985,100
2020-11-12 09:38:16.710,4.985,100
2020-11-12 09:38:16.800,4.984,1000
2020-11-12 09:38:16.890,4.985,10000
2020-11-12 09:38:17.900,4.985,700
2020-11-12 09:38:19.710,4.985,14800
2020-11-12 09:38:20.360,4.984,8000
2020-11-12 09:38:20.940,4.984,17006
2020-11-12 09:38:20.940,4.984,200
2020-11-12 09:38:20.940,4.984,5000
2020-11-12 09:38:20.940,4.984,100
2020-11-12 09:38:20.940,4.984,500
2020-11-12 09:38:20.940,4.984,30000
2020-11-12 09:38:22.550,4.984,200
2020-11-12 09:38:22.850,4.984,6000
2020-11-12 09:38:24.870,4.984,100
2020-11-12 09:38:26.440,4.983,20000
2020-11-12 09:38:26.860,4.984,100
2020-11-12 09:38:28.130,4.983,25900
2020-11-12 09:38:28.130,4.983,300
2020-11-12 09:38:28.130,4.983,10000
2020-11-12 09:38:28.130,4.983,11000
2020-11-12 09:38:28.130,4.983,100
2020-11-12 09:38:28.130,4.983,100
2020-11-12 09:38:28.130,4.983,2000
2020-11-12 09:38:28.130,4.983,500
2020-11-12 09:38:28.130,4.983,200
2020-11-12 09:38:28.130,4.983,10000
2020-11-12 09:38:28.130,4.983,5700
2020-11-12 09:38:28.130,4.983,2700
2020-11-12 09:38:28.130,4.983,1000
2020-11-12 09:38:28.130,4.983,100
2020-11-12 09:38:28.690,4.983,100
2020-11-12 09:38:29.210,4.983,100
2020-11-12 09:38:29.210,4.983,100
2020-11-12 09:38:29.210,4.983,100
2020-11-12 09:38:29.210,4.983,100
2020-11-12 09:38:29.210,4.983,100
2020-11-12 09:38:29.210,4.983,100
2020-11-12 09:38:29.210,4.983,100
2020-11-12 09:38:29.210,4.983,100
2020-11-12 09:38:29.210,4.983,100
2020-11-12 09:38:29.210,4.983,100
2020-11-12 09:38:29.210,4.983,100
2020-11-12 09:38:29.210,4.983,100
2020-11-12 09:38:29.210,4.983,100
2020-11-12 09:38:29.210,4.983,100
2020-11-12 09:38:29.210,4.983,100
2020-11-12 09:38:29.300,4.983,100
2020-11-12 09:38:29.300,4.983,100
2020-11-12 09:38:29.300,4.983,100
2020-11-12 09:38:29.300,4.983,100
2020-11-12 09:38:29.360,4.983,100
2020-11-12 09:38:29.360,4.983,100
2020-11-12 09:38:29.360,4.983,100
2020-11-12 09:38:29.360,4.983,100
2020-11-12 09:38:29.360,4.983,100
2020-11-12 09:38:29.360,4.983,100
2020-11-12 09:38:29.360,4.983,100
2020-11-12 09:38:29.360,4.983,100
2020-11-12 09:38:29.360,4.983,100
2020-11-12 09:38:29.360,4.983,100
2020-11-12 09:38:29.360,4.983,100
2020-11-12 09:38:29.850,4.983,200
2020-11-12 09:38:30.470,4.983,300
2020-11-12 09:38:30.590,4.983,130700
2020-11-12 09:38:30.770,4.983,600000
2020-11-12 09:38:31.480,4.983,196100
2020-11-12 09:38:31.480,4.983,6700
2020-11-12 09:38:31.930,4.983,97200
2020-11-12 09:38:31.930,4.983,1000
2020-11-12 09:38:32.250,4.983,100
2020-11-12 09:38:32.250,4.983,100
2020-11-12 09:38:32.250,4.983,100
2020-11-12 09:38:32.250,4.983,100
2020-11-12 09:38:32.310,4.983,100
2020-11-12 09:38:32.310,4.983,100
2020-11-12 09:38:32.310,4.983,100
2020-11-12 09:38:32.310,4.983,100
2020-11-12 09:38:32.310,4.983,100
2020-11-12 09:38:32.310,4.983,100
2020-11-12 09:38:32.360,4.983,100
2020-11-12 09:38:32.360,4.983,100
2020-11-12 09:38:32.360,4.983,100
2020-11-12 09:38:32.360,4.983,100
2020-11-12 09:38:32.360,4.983,100
2020-11-12 09:38:32.360,4.983,100
2020-11-12 09:38:32.420,4.983,100
2020-11-12 09:38:32.420,4.983,100
2020-11-12 09:38:32.420,4.983,100
2020-11-12 09:38:32.420,4.983,100
2020-11-12 09:38:32.450,4.983,100
2020-11-12 09:38:32.450,4.983,100
2020-11-12 09:38:32.450,4.983,100
2020-11-12 09:38:32.450,4.983,100
2020-11-12 09:38:32.450,4.983,100
2020-11-12 09:38:32.550,4.983,100
2020-11-12 09:38:32.550,4.983,100
2020-11-12 09:38:32.550,4.983,100
2020-11-12 09:38:32.550,4.983,100
2020-11-12 09:38:32.550,4.983,100
2020-11-12 09:38:32.660,4.983,41500
2020-11-12 09:38:33.690,4.983,100000
2020-11-12 09:38:34.730,4.983,10000
2020-11-12 09:38:34.990,4.984,300
2020-11-12 09:38:35.680,4.984,2000
2020-11-12 09:38:36.810,4.984,4000
2020-11-12 09:38:37.210,4.983,5100
2020-11-12 09:38:37.630,4.984,100
2020-11-12 09:38:37.630,4.984,100
2020-11-12 09:38:37.630,4.984,100
2020-11-12 09:38:37.630,4.984,100
2020-11-12 09:38:37.630,4.984,100
2020-11-12 09:38:37.630,4.984,100
2020-11-12 09:38:37.630,4.984,100
2020-11-12 09:38:37.630,4.984,100
2020-11-12 09:38:37.630,4.984,100
2020-11-12 09:38:37.630,4.984,100
2020-11-12 09:38:37.630,4.984,100
2020-11-12 09:38:37.630,4.984,100
2020-11-12 09:38:37.630,4.984,100
2020-11-12 09:38:37.630,4.984,100
2020-11-12 09:38:37.630,4.984,100
2020-11-12 09:38:37.630,4.984,100
2020-11-12 09:38:37.690,4.984,100
2020-11-12 09:38:37.690,4.984,100
2020-11-12 09:38:37.690,4.984,100
2020-11-12 09:38:37.690,4.984,100
2020-11-12 09:38:37.690,4.984,100
2020-11-12 09:38:37.690,4.984,100
2020-11-12 09:38:37.690,4.984,100
2020-11-12 09:38:37.690,4.984,100
2020-11-12 09:38:37.690,4.984,100
2020-11-12 09:38:37.690,4.984,100
2020-11-12 09:38:37.690,4.984,100
2020-11-12 09:38:37.690,4.984,100
2020-11-12 09:38:37.690,4.984,100
2020-11-12 09:38:37.690,4.984,100
2020-11-12 09:38:37.780,4.984,700
2020-11-12 09:38:37.780,4.984,300
2020-11-12 09:38:39.060,4.983,10400
2020-11-12 09:38:39.910,4.984,100
2020-11-12 09:38:40.260,4.984,100
2020-11-12 09:38:40.260,4.984,100
2020-11-12 09:38:40.260,4.984,100
2020-11-12 09:38:40.260,4.984,100
2020-11-12 09:38:40.260,4.984,100
2020-11-12 09:38:40.360,4.984,100
2020-11-12 09:38:40.360,4.984,100
2020-11-12 09:38:40.360,4.984,100
2020-11-12 09:38:40.360,4.984,100
2020-11-12 09:38:40.360,4.984,100
2020-11-12 09:38:40.390,4.984,100
2020-11-12 09:38:40.390,4.984,100
2020-11-12 09:38:40.390,4.984,100
2020-11-12 09:38:40.390,4.984,100
2020-11-12 09:38:40.420,4.984,100
2020-11-12 09:38:40.420,4.984,100
2020-11-12 09:38:40.420,4.984,100
2020-11-12 09:38:40.420,4.984,100
2020-11-12 09:38:40.420,4.984,100
2020-11-12 09:38:40.420,4.984,100
2020-11-12 09:38:40.480,4.984,100
2020-11-12 09:38:40.480,4.984,100
2020-11-12 09:38:40.480,4.984,100
2020-11-12 09:38:40.480,4.984,100
2020-11-12 09:38:40.480,4.984,100
2020-11-12 09:38:40.550,4.984,100
2020-11-12 09:38:40.550,4.984,100
2020-11-12 09:38:40.550,4.984,100
2020-11-12 09:38:40.610,4.984,100
2020-11-12 09:38:40.610,4.984,100
2020-11-12 09:38:42.310,4.984,100
2020-11-12 09:38:42.610,4.984,300
2020-11-12 09:38:42.910,4.983,100
2020-11-12 09:38:43.270,4.984,100
2020-11-12 09:38:43.800,4.983,93600
2020-11-12 09:38:44.560,4.984,100
2020-11-12 09:38:45.140,4.984,50000
2020-11-12 09:38:45.260,4.983,1100
2020-11-12 09:38:45.260,4.984,800
2020-11-12 09:38:46.080,4.983,300000
2020-11-12 09:38:46.950,4.983,100
2020-11-12 09:38:47.060,4.984,1000
2020-11-12 09:38:47.740,4.984,544200
2020-11-12 09:38:47.740,4.984,1000
2020-11-12 09:38:47.930,4.984,20000
2020-11-12 09:38:49.980,4.984,2600
2020-11-12 09:38:49.980,4.983,14800
2020-11-12 09:38:50.460,4.983,23300
2020-11-12 09:38:50.460,4.983,500
2020-11-12 09:38:50.460,4.983,200
2020-11-12 09:38:50.460,4.983,100
2020-11-12 09:38:50.460,4.983,1000
2020-11-12 09:38:50.460,4.983,500
2020-11-12 09:38:50.460,4.983,1000
2020-11-12 09:38:50.460,4.983,3400
2020-11-12 09:38:53.180,4.984,100
2020-11-12 09:38:53.990,4.984,400
2020-11-12 09:38:54.440,4.985,700
2020-11-12 09:38:55.430,4.984,100
2020-11-12 09:38:58.110,4.984,9500
2020-11-12 09:38:58.110,4.984,200
2020-11-12 09:38:58.410,4.984,400
2020-11-12 09:38:59.420,4.984,200
2020-11-12 09:39:00.380,4.984,500
2020-11-12 09:39:00.620,4.984,100
2020-11-12 09:39:00.620,4.983,600
2020-11-12 09:39:00.620,4.983,300
2020-11-12 09:39:00.620,4.983,200
2020-11-12 09:39:00.620,4.983,100000
2020-11-12 09:39:00.620,4.983,300
2020-11-12 09:39:00.620,4.983,58400
2020-11-12 09:39:01.300,4.984,2000
2020-11-12 09:39:03.770,4.984,4000
2020-11-12 09:39:03.860,4.984,18600
2020-11-12 09:39:03.960,4.984,100
2020-11-12 09:39:06.590,4.984,10000
2020-11-12 09:39:10.750,4.984,200
2020-11-12 09:39:12.930,4.984,100
2020-11-12 09:39:13.400,4.983,1200
2020-11-12 09:39:13.640,4.983,1000
2020-11-12 09:39:16.880,4.984,500
2020-11-12 09:39:17.020,4.983,500
2020-11-12 09:39:18.620,4.983,400
2020-11-12 09:39:20.820,4.984,3500
2020-11-12 09:39:21.280,4.983,300
2020-11-12 09:39:21.280,4.983,3600
2020-11-12 09:39:21.280,4.983,100
2020-11-12 09:39:21.280,4.983,3000
2020-11-12 09:39:21.280,4.983,500
2020-11-12 09:39:21.280,4.983,10000
2020-11-12 09:39:21.280,4.983,300
2020-11-12 09:39:21.280,4.983,5000
2020-11-12 09:39:21.980,4.983,100
2020-11-12 09:39:22.350,4.983,10000
2020-11-12 09:39:23.110,4.983,200
2020-11-12 09:39:23.400,4.983,500
2020-11-12 09:39:23.690,4.983,26700
2020-11-12 09:39:23.690,4.984,33300
2020-11-12 09:39:25.080,4.984,21100
2020-11-12 09:39:25.080,4.984,2000
2020-11-12 09:39:25.080,4.984,500
2020-11-12 09:39:25.080,4.984,8900
2020-11-12 09:39:26.450,4.983,1000
2020-11-12 09:39:26.450,4.982,1000
2020-11-12 09:39:26.630,4.982,3000
2020-11-12 09:39:27.070,4.984,1000
2020-11-12 09:39:27.280,4.984,2000
2020-11-12 09:39:28.410,4.982,16000
2020-11-12 09:39:28.410,4.982,1100
2020-11-12 09:39:28.410,4.982,2200
2020-11-12 09:39:30.100,4.983,100
2020-11-12 09:39:31.260,4.982,3000
2020-11-12 09:39:31.490,4.982,100
2020-11-12 09:39:33.210,4.983,100
2020-11-12 09:39:35.810,4.983,100
2020-11-12 09:39:36.290,4.983,21400
2020-11-12 09:39:36.290,4.983,5100
2020-11-12 09:39:36.290,4.983,3300
2020-11-12 09:39:36.290,4.983,91800
2020-11-12 09:39:37.520,4.982,5000
2020-11-12 09:39:38.470,4.983,800
2020-11-12 09:39:42.030,4.983,2000
2020-11-12 09:39:43.220,4.982,10000
2020-11-12 09:39:43.700,4.982,20000
2020-11-12 09:39:43.760,4.983,500
2020-11-12 09:39:46.140,4.983,100
2020-11-12 09:39:47.650,4.982,9700
2020-11-12 09:39:47.650,4.982,40300
2020-11-12 09:39:49.400,4.983,200
2020-11-12 09:39:49.400,4.982,900
2020-11-12 09:39:50.910,4.982,8800
2020-11-12 09:39:50.910,4.982,1000
2020-11-12 09:39:50.910,4.982,300
2020-11-12 09:39:50.910,4.982,5600
2020-11-12 09:39:51.240,4.982,4400
2020-11-12 09:39:51.240,4.982,700
2020-11-12 09:39:51.520,4.982,4600
2020-11-12 09:39:53.130,4.983,3500
2020-11-12 09:39:57.980,4.983,400
2020-11-12 09:39:59.200,4.982,100
2020-11-12 09:40:00.280,4.982,400
2020-11-12 09:40:00.750,4.983,300
2020-11-12 09:40:00.880,4.982,3700
2020-11-12 09:40:02.640,4.983,4000
2020-11-12 09:40:03.480,4.983,500
2020-11-12 09:40:03.850,4.983,3000
2020-11-12 09:40:04.070,4.982,4900
2020-11-12 09:40:04.670,4.983,100
2020-11-12 09:40:05.810,4.983,400
2020-11-12 09:40:06.490,4.983,100
2020-11-12 09:40:06.520,4.982,3900
2020-11-12 09:40:07.200,4.983,100
2020-11-12 09:40:09.190,4.983,55300
2020-11-12 09:40:09.190,4.983,21000
2020-11-12 09:40:09.190,4.983,100
2020-11-12 09:40:09.190,4.983,1000
2020-11-12 09:40:10.710,4.984,4000
2020-11-12 09:40:10.710,4.984,88800
2020-11-12 09:40:10.710,4.984,100
2020-11-12 09:40:10.710,4.984,6000
2020-11-12 09:40:10.710,4.985,2300
2020-11-12 09:40:10.710,4.985,2000
2020-11-12 09:40:10.710,4.985,1000
2020-11-12 09:40:10.710,4.985,1100
2020-11-12 09:40:10.710,4.985,4100
2020-11-12 09:40:10.710,4.985,2000
2020-11-12 09:40:10.710,4.985,2000
2020-11-12 09:40:10.710,4.985,6000
2020-11-12 09:40:10.710,4.985,10200
2020-11-12 09:40:10.710,4.985,40000
2020-11-12 09:40:10.710,4.985,500
2020-11-12 09:40:10.710,4.985,26500
2020-11-12 09:40:10.710,4.985,13500
2020-11-12 09:40:10.710,4.985,20000
2020-11-12 09:40:15.200,4.986,69900
2020-11-12 09:40:22.110,4.985,700
2020-11-12 09:40:22.300,4.984,7200
2020-11-12 09:40:22.300,4.984,100
2020-11-12 09:40:22.570,4.984,200
2020-11-12 09:40:22.730,4.984,600
2020-11-12 09:40:25.190,4.984,300
2020-11-12 09:40:26.450,4.985,1000
2020-11-12 09:40:28.050,4.984,4500
2020-11-12 09:40:30.510,4.985,1000
2020-11-12 09:40:31.260,4.985,1600
2020-11-12 09:40:31.260,4.985,500
2020-11-12 09:40:31.470,4.985,500
2020-11-12 09:40:33.340,4.985,1200
2020-11-12 09:40:40.440,4.984,200
2020-11-12 09:40:41.110,4.984,1800
2020-11-12 09:40:41.110,4.984,4000
2020-11-12 09:40:43.070,4.985,4200
2020-11-12 09:40:43.070,4.985,50000
2020-11-12 09:40:43.070,4.985,2000
2020-11-12 09:40:43.070,4.985,2000
2020-11-12 09:40:43.070,4.986,18500
2020-11-12 09:40:43.070,4.986,10200
2020-11-12 09:40:43.070,4.986,10000
2020-11-12 09:40:43.070,4.986,3000
2020-11-12 09:40:43.070,4.986,200
2020-11-12 09:40:43.070,4.986,1000
2020-11-12 09:40:43.070,4.986,5500
2020-11-12 09:40:43.070,4.986,500
2020-11-12 09:40:43.070,4.986,6000
2020-11-12 09:40:44.850,4.986,23000
2020-11-12 09:40:46.070,4.986,100
2020-11-12 09:40:46.310,4.986,2600
2020-11-12 09:40:46.860,4.987,100
2020-11-12 09:40:46.860,4.987,10000
2020-11-12 09:40:46.860,4.987,174900
2020-11-12 09:40:48.520,4.987,20000
2020-11-12 09:40:48.670,4.987,161200
2020-11-12 09:40:48.670,4.987,6000
2020-11-12 09:40:48.670,4.987,95000
2020-11-12 09:40:49.440,4.985,10000
2020-11-12 09:40:49.440,4.985,10000
2020-11-12 09:40:49.440,4.985,280000
2020-11-12 09:40:50.870,4.985,100
2020-11-12 09:40:50.870,4.985,100
2020-11-12 09:40:51.910,4.984,200
2020-11-12 09:40:53.410,4.985,200
2020-11-12 09:40:54.820,4.985,35700
2020-11-12 09:40:54.940,4.984,400
2020-11-12 09:40:54.940,4.984,9600
2020-11-12 09:40:54.970,4.984,400
2020-11-12 09:40:54.970,4.984,1100
2020-11-12 09:40:54.970,4.984,8500
2020-11-12 09:40:55.630,4.985,100
2020-11-12 09:40:56.580,4.985,100
2020-11-12 09:40:56.600,4.985,200
2020-11-12 09:40:57.610,4.985,12100
2020-11-12 09:40:57.670,4.985,200
2020-11-12 09:40:58.360,4.985,100
2020-11-12 09:40:58.930,4.985,1000
2020-11-12 09:40:59.910,4.985,100
2020-11-12 09:41:01.360,4.985,1000
2020-11-12 09:41:01.480,4.984,1000
2020-11-12 09:41:03.210,4.985,100
2020-11-12 09:41:03.450,4.984,5000
2020-11-12 09:41:03.770,4.985,200
2020-11-12 09:41:04.610,4.985,400
2020-11-12 09:41:06.410,4.985,600
2020-11-12 09:41:06.410,4.985,100
2020-11-12 09:41:06.410,4.985,100
2020-11-12 09:41:06.470,4.985,300
2020-11-12 09:41:06.470,4.984,11500
2020-11-12 09:41:06.470,4.984,7100
2020-11-12 09:41:08.450,4.985,20000
2020-11-12 09:41:08.930,4.985,262400
2020-11-12 09:41:08.930,4.985,100
2020-11-12 09:41:09.110,4.984,1000
2020-11-12 09:41:09.540,4.985,50000
2020-11-12 09:41:09.670,4.984,11900
2020-11-12 09:41:09.670,4.984,1000
2020-11-12 09:41:09.670,4.984,1500
2020-11-12 09:41:10.510,4.985,200
2020-11-12 09:41:11.220,4.985,200
2020-11-12 09:41:12.330,4.984,3500
2020-11-12 09:41:12.330,4.984,200
2020-11-12 09:41:12.330,4.984,7200
2020-11-12 09:41:12.450,4.985,300
2020-11-12 09:41:15.570,4.985,1000
2020-11-12 09:41:15.750,4.985,200
2020-11-12 09:41:20.040,4.985,2300
2020-11-12 09:41:22.550,4.984,300
2020-11-12 09:41:22.580,4.985,100
2020-11-12 09:41:23.360,4.985,297600
2020-11-12 09:41:24.340,4.985,31300
2020-11-12 09:41:24.670,4.985,7900
2020-11-12 09:41:24.670,4.985,200
2020-11-12 09:41:24.670,4.985,100
2020-11-12 09:41:24.670,4.985,300
2020-11-12 09:41:24.670,4.985,100
2020-11-12 09:41:25.160,4.985,500
2020-11-12 09:41:25.220,4.985,800
2020-11-12 09:41:26.890,4.985,10000
2020-11-12 09:41:27.810,4.985,100
2020-11-12 09:41:28.620,4.985,100
2020-11-12 09:41:30.170,4.984,1000
2020-11-12 09:41:30.260,4.984,300
2020-11-12 09:41:30.470,4.985,100
2020-11-12 09:41:30.590,4.985,16400
2020-11-12 09:41:31.860,4.985,400
2020-11-12 09:41:32.040,4.985,5000
2020-11-12 09:41:32.350,4.985,1000
2020-11-12 09:41:33.800,4.984,300
2020-11-12 09:41:36.050,4.984,900
2020-11-12 09:41:36.050,4.984,500
2020-11-12 09:41:36.050,4.984,200
2020-11-12 09:41:36.050,4.984,7800
2020-11-12 09:41:36.350,4.984,2200
2020-11-12 09:41:36.350,4.984,200
2020-11-12 09:41:39.940,4.984,2600
2020-11-12 09:41:39.940,4.984,100
2020-11-12 09:41:39.940,4.984,13900
2020-11-12 09:41:40.350,4.984,500
2020-11-12 09:41:40.740,4.984,200
2020-11-12 09:41:41.320,4.984,200
2020-11-12 09:41:42.480,4.984,200
2020-11-12 09:41:42.920,4.983,200
2020-11-12 09:41:42.920,4.983,6000
2020-11-12 09:41:42.920,4.983,200
2020-11-12 09:41:42.920,4.983,500
2020-11-12 09:41:42.920,4.983,5000
2020-11-12 09:41:42.920,4.983,25900
2020-11-12 09:41:45.260,4.983,7500
2020-11-12 09:41:45.260,4.983,200
2020-11-12 09:41:45.260,4.983,2300
2020-11-12 09:41:45.260,4.983,29800
2020-11-12 09:41:45.260,4.983,1000
2020-11-12 09:41:45.260,4.983,1000
2020-11-12 09:41:45.260,4.983,4400
2020-11-12 09:41:45.260,4.983,900
2020-11-12 09:41:46.140,4.984,1000
2020-11-12 09:41:47.370,4.984,400
2020-11-12 09:41:48.060,4.983,200
2020-11-12 09:41:48.060,4.984,1000
2020-11-12 09:41:48.850,4.983,8900
2020-11-12 09:41:48.850,4.983,200
2020-11-12 09:41:48.850,4.983,500
2020-11-12 09:41:48.850,4.983,2000
2020-11-12 09:41:48.850,4.983,31100
2020-11-12 09:41:49.130,4.983,200
2020-11-12 09:41:49.720,4.983,3400
2020-11-12 09:41:50.570,4.983,2000
2020-11-12 09:41:51.870,4.983,200
2020-11-12 09:41:52.360,4.983,2000
2020-11-12 09:41:52.660,4.983,2100
2020-11-12 09:41:55.020,4.983,100
2020-11-12 09:41:56.290,4.983,500
2020-11-12 09:41:58.510,4.983,400
2020-11-12 09:42:01.120,4.983,500
2020-11-12 09:42:01.400,4.982,20000
2020-11-12 09:42:02.280,4.983,700
2020-11-12 09:42:02.420,4.982,1000
2020-11-12 09:42:03.460,4.982,10700
2020-11-12 09:42:03.460,4.982,200
2020-11-12 09:42:03.460,4.982,2500
2020-11-12 09:42:03.460,4.982,300
2020-11-12 09:42:03.460,4.982,1100
2020-11-12 09:42:03.460,4.982,3300
2020-11-12 09:42:03.460,4.982,2000
2020-11-12 09:42:03.460,4.982,100
2020-11-12 09:42:03.460,4.982,900
2020-11-12 09:42:03.460,4.982,100
2020-11-12 09:42:03.460,4.982,100
2020-11-12 09:42:03.460,4.982,5000
2020-11-12 09:42:03.460,4.982,200
2020-11-12 09:42:03.460,4.982,100
2020-11-12 09:42:03.460,4.982,5000
2020-11-12 09:42:03.460,4.982,1000
2020-11-12 09:42:03.460,4.982,5000
2020-11-12 09:42:03.460,4.982,400
2020-11-12 09:42:03.460,4.982,500
2020-11-12 09:42:03.460,4.982,11500
2020-11-12 09:42:04.920,4.983,1500
2020-11-12 09:42:08.040,4.982,35000
2020-11-12 09:42:08.040,4.982,1000
2020-11-12 09:42:08.040,4.982,500
2020-11-12 09:42:11.090,4.982,58800
2020-11-12 09:42:11.090,4.982,200
2020-11-12 09:42:13.090,4.983,200
2020-11-12 09:42:13.270,4.982,1000
2020-11-12 09:42:13.390,4.982,100
2020-11-12 09:42:13.450,4.982,100
2020-11-12 09:42:14.860,4.982,100
2020-11-12 09:42:15.710,4.982,4700
2020-11-12 09:42:16.040,4.982,1200
2020-11-12 09:42:16.680,4.982,1000
2020-11-12 09:42:17.680,4.982,200
2020-11-12 09:42:18.010,4.982,7600
2020-11-12 09:42:18.580,4.982,900
2020-11-12 09:42:18.580,4.982,500
2020-11-12 09:42:18.580,4.982,800
2020-11-12 09:42:18.580,4.982,1000
2020-11-12 09:42:18.770,4.982,2000
2020-11-12 09:42:20.580,4.982,500
2020-11-12 09:42:20.940,4.982,100
2020-11-12 09:42:22.210,4.982,100
2020-11-12 09:42:23.140,4.982,2000
2020-11-12 09:42:23.860,4.982,10000
2020-11-12 09:42:23.920,4.981,2100
2020-11-12 09:42:23.920,4.981,1900
2020-11-12 09:42:24.710,4.982,200
2020-11-12 09:42:25.000,4.981,3100
2020-11-12 09:42:25.000,4.981,3000
2020-11-12 09:42:25.000,4.981,50000
2020-11-12 09:42:25.000,4.981,900
2020-11-12 09:42:25.000,4.981,50000
2020-11-12 09:42:25.000,4.981,50000
2020-11-12 09:42:25.000,4.981,700
2020-11-12 09:42:25.000,4.981,700
2020-11-12 09:42:25.000,4.981,50000
2020-11-12 09:42:25.000,4.981,700
2020-11-12 09:42:25.000,4.981,1000
2020-11-12 09:42:25.000,4.981,2000
2020-11-12 09:42:25.000,4.981,100
2020-11-12 09:42:25.000,4.981,500
2020-11-12 09:42:25.000,4.981,50000
2020-11-12 09:42:25.000,4.981,700
2020-11-12 09:42:25.000,4.981,1500
2020-11-12 09:42:25.000,4.981,2000
2020-11-12 09:42:25.000,4.981,1100
2020-11-12 09:42:25.000,4.981,15000
2020-11-12 09:42:25.000,4.981,10000
2020-11-12 09:42:25.000,4.981,5000
2020-11-12 09:42:25.000,4.981,900
2020-11-12 09:42:25.000,4.981,500
2020-11-12 09:42:25.000,4.981,200
2020-11-12 09:42:25.000,4.981,400
2020-11-12 09:42:25.140,4.982,2000
2020-11-12 09:42:25.230,4.982,100
2020-11-12 09:42:25.640,4.982,23000
2020-11-12 09:42:25.640,4.982,8100
2020-11-12 09:42:28.480,4.982,500
2020-11-12 09:42:29.850,4.982,100
2020-11-12 09:42:30.450,4.982,1000
2020-11-12 09:42:30.680,4.981,49600
2020-11-12 09:42:30.680,4.981,50000
2020-11-12 09:42:30.680,4.981,500
2020-11-12 09:42:30.680,4.981,7000
2020-11-12 09:42:30.680,4.981,50000
2020-11-12 09:42:30.680,4.981,50000
2020-11-12 09:42:30.680,4.981,1000
2020-11-12 09:42:30.680,4.981,200
2020-11-12 09:42:30.680,4.981,100
2020-11-12 09:42:30.680,4.981,1000
2020-11-12 09:42:30.680,4.981,100
2020-11-12 09:42:30.680,4.981,200
2020-11-12 09:42:30.680,4.981,500
2020-11-12 09:42:30.680,4.981,5000
2020-11-12 09:42:30.680,4.981,100
2020-11-12 09:42:30.680,4.981,3000
2020-11-12 09:42:30.680,4.981,15600
2020-11-12 09:42:30.680,4.981,2100
2020-11-12 09:42:30.680,4.981,10000
2020-11-12 09:42:30.680,4.981,1000
2020-11-12 09:42:30.680,4.981,3000
2020-11-12 09:42:30.680,4.981,200
2020-11-12 09:42:30.680,4.981,7100
2020-11-12 09:42:30.680,4.981,31200
2020-11-12 09:42:30.680,4.981,100
2020-11-12 09:42:30.680,4.981,2000
2020-11-12 09:42:30.680,4.981,9400
2020-11-12 09:42:31.540,4.982,100
2020-11-12 09:42:32.320,4.982,3000
2020-11-12 09:42:32.750,4.982,200
2020-11-12 09:42:33.720,4.981,3600
2020-11-12 09:42:33.720,4.981,500
2020-11-12 09:42:33.720,4.981,5900
2020-11-12 09:42:34.010,4.982,100
2020-11-12 09:42:38.050,4.981,200
2020-11-12 09:42:38.080,4.981,1000
2020-11-12 09:42:39.370,4.982,300
2020-11-12 09:42:40.250,4.982,100
2020-11-12 09:42:41.140,4.982,500
2020-11-12 09:42:41.380,4.982,1000
2020-11-12 09:42:42.460,4.982,800
2020-11-12 09:42:44.590,4.981,1000
2020-11-12 09:42:44.770,4.981,900
2020-11-12 09:42:45.440,4.981,1000
2020-11-12 09:42:45.560,4.982,6900
2020-11-12 09:42:46.580,4.981,200
2020-11-12 09:42:47.670,4.981,8000
2020-11-12 09:42:48.220,4.982,500
2020-11-12 09:42:48.410,4.981,100
2020-11-12 09:42:49.570,4.982,200
2020-11-12 09:42:50.890,4.981,15200
2020-11-12 09:42:51.070,4.981,100
2020-11-12 09:42:51.290,4.981,100
2020-11-12 09:42:52.190,4.981,37100
2020-11-12 09:42:55.220,4.982,1000
2020-11-12 09:42:56.640,4.981,100
2020-11-12 09:42:57.890,4.982,3400
2020-11-12 09:42:58.510,4.982,800
2020-11-12 09:42:58.540,4.981,28600
2020-11-12 09:42:58.870,4.981,10000
2020-11-12 09:42:59.740,4.982,4000
2020-11-12 09:43:00.050,4.982,2000
2020-11-12 09:43:00.540,4.981,100000
2020-11-12 09:43:00.650,4.981,1100
2020-11-12 09:43:00.950,4.982,200
2020-11-12 09:43:01.060,4.982,34000
2020-11-12 09:43:01.060,4.982,2000
2020-11-12 09:43:01.060,4.982,5000
2020-11-12 09:43:01.060,4.982,200
2020-11-12 09:43:01.060,4.982,2400
2020-11-12 09:43:05.270,4.982,256400
2020-11-12 09:43:05.270,4.982,40100
2020-11-12 09:43:05.270,4.982,3500
2020-11-12 09:43:05.980,4.982,6500
2020-11-12 09:43:05.980,4.982,300
2020-11-12 09:43:06.790,4.981,500
2020-11-12 09:43:06.790,4.981,1800
2020-11-12 09:43:06.790,4.981,500
2020-11-12 09:43:06.790,4.981,500
2020-11-12 09:43:06.790,4.981,15000
2020-11-12 09:43:06.790,4.981,300
2020-11-12 09:43:06.790,4.981,200
2020-11-12 09:43:06.790,4.981,1000
2020-11-12 09:43:06.790,4.981,200
2020-11-12 09:43:06.790,4.981,900
2020-11-12 09:43:06.790,4.981,600
2020-11-12 09:43:06.790,4.981,1000
2020-11-12 09:43:06.790,4.981,500
2020-11-12 09:43:06.790,4.98,200
2020-11-12 09:43:06.790,4.98,1000
2020-11-12 09:43:06.790,4.98,1000
2020-11-12 09:43:06.790,4.98,100
2020-11-12 09:43:06.790,4.98,200
2020-11-12 09:43:06.790,4.98,600
2020-11-12 09:43:06.790,4.98,2000
2020-11-12 09:43:06.790,4.98,100
2020-11-12 09:43:06.790,4.98,100
2020-11-12 09:43:06.790,4.98,200
2020-11-12 09:43:06.790,4.98,1000
2020-11-12 09:43:06.790,4.98,100
2020-11-12 09:43:06.790,4.98,1000
2020-11-12 09:43:06.790,4.98,20000
2020-11-12 09:43:06.790,4.98,1000
2020-11-12 09:43:06.790,4.98,6900
2020-11-12 09:43:06.790,4.98,200
2020-11-12 09:43:06.790,4.98,100
2020-11-12 09:43:06.790,4.98,200
2020-11-12 09:43:06.790,4.98,5000
2020-11-12 09:43:06.790,4.98,300
2020-11-12 09:43:06.790,4.98,10000
2020-11-12 09:43:06.790,4.98,600
2020-11-12 09:43:06.790,4.98,1900
2020-11-12 09:43:06.790,4.98,1000
2020-11-12 09:43:06.790,4.98,400
2020-11-12 09:43:06.790,4.98,200
2020-11-12 09:43:06.790,4.98,100
2020-11-12 09:43:06.790,4.98,10000
2020-11-12 09:43:06.790,4.98,300
2020-11-12 09:43:06.790,4.98,1100
2020-11-12 09:43:06.790,4.98,7000
2020-11-12 09:43:06.790,4.98,200
2020-11-12 09:43:06.790,4.98,200
2020-11-12 09:43:06.790,4.98,1000
2020-11-12 09:43:06.790,4.98,3000
2020-11-12 09:43:06.790,4.98,10000
2020-11-12 09:43:06.790,4.98,2000
2020-11-12 09:43:06.790,4.98,7000
2020-11-12 09:43:06.790,4.98,15000
2020-11-12 09:43:06.790,4.98,2700
2020-11-12 09:43:08.920,4.982,1000
2020-11-12 09:43:10.970,4.982,100
2020-11-12 09:43:12.170,4.981,500
2020-11-12 09:43:12.170,4.981,500
2020-11-12 09:43:12.370,4.98,2300
2020-11-12 09:43:12.370,4.98,100
2020-11-12 09:43:12.370,4.98,100
2020-11-12 09:43:12.370,4.98,1000
2020-11-12 09:43:12.370,4.98,400
2020-11-12 09:43:12.370,4.98,6300
2020-11-12 09:43:12.370,4.98,500
2020-11-12 09:43:12.370,4.98,24000
2020-11-12 09:43:12.370,4.98,900
2020-11-12 09:43:12.370,4.98,400
2020-11-12 09:43:12.370,4.98,2000
2020-11-12 09:43:12.370,4.98,5000
2020-11-12 09:43:12.370,4.98,10400
2020-11-12 09:43:12.370,4.98,10000
2020-11-12 09:43:12.370,4.98,600
2020-11-12 09:43:12.370,4.98,5000
2020-11-12 09:43:12.370,4.98,200
2020-11-12 09:43:12.370,4.98,100
2020-11-12 09:43:12.370,4.98,200
2020-11-12 09:43:12.370,4.98,2000
2020-11-12 09:43:12.370,4.98,200
2020-11-12 09:43:12.370,4.98,5000
2020-11-12 09:43:12.370,4.98,100
2020-11-12 09:43:12.370,4.98,200
2020-11-12 09:43:12.370,4.98,100000
2020-11-12 09:43:12.370,4.98,4300
2020-11-12 09:43:12.370,4.98,500
2020-11-12 09:43:12.370,4.98,1000
2020-11-12 09:43:12.370,4.98,10000
2020-11-12 09:43:12.370,4.98,100
2020-11-12 09:43:12.370,4.98,4000
2020-11-12 09:43:12.370,4.98,300
2020-11-12 09:43:12.370,4.98,2800
2020-11-12 09:43:12.480,4.98,47200
2020-11-12 09:43:12.480,4.98,100
2020-11-12 09:43:12.480,4.98,400
2020-11-12 09:43:12.480,4.98,10000
2020-11-12 09:43:12.480,4.98,800
2020-11-12 09:43:12.480,4.98,10000
2020-11-12 09:43:12.480,4.98,10000
2020-11-12 09:43:12.480,4.98,300
2020-11-12 09:43:12.480,4.98,400
2020-11-12 09:43:12.480,4.98,100
2020-11-12 09:43:12.480,4.98,200
2020-11-12 09:43:12.480,4.98,1000
2020-11-12 09:43:12.480,4.98,10000
2020-11-12 09:43:12.480,4.98,100
2020-11-12 09:43:12.480,4.98,200
2020-11-12 09:43:12.480,4.98,200
2020-11-12 09:43:12.480,4.98,300
2020-11-12 09:43:12.480,4.98,2000
2020-11-12 09:43:12.480,4.98,100
2020-11-12 09:43:12.480,4.98,300
2020-11-12 09:43:12.480,4.98,1000
2020-11-12 09:43:12.480,4.98,500
2020-11-12 09:43:12.480,4.98,500
2020-11-12 09:43:12.480,4.98,1000
2020-11-12 09:43:12.480,4.98,100
2020-11-12 09:43:12.480,4.98,3000
2020-11-12 09:43:12.480,4.98,300
2020-11-12 09:43:12.480,4.98,7000
2020-11-12 09:43:12.480,4.98,10000
2020-11-12 09:43:12.480,4.98,400
2020-11-12 09:43:12.480,4.98,100
2020-11-12 09:43:12.480,4.98,1000
2020-11-12 09:43:12.480,4.98,100
2020-11-12 09:43:12.480,4.98,2000
2020-11-12 09:43:12.480,4.98,800
2020-11-12 09:43:12.480,4.98,4000
2020-11-12 09:43:12.480,4.98,3000
2020-11-12 09:43:12.480,4.98,5000
2020-11-12 09:43:12.480,4.98,200
2020-11-12 09:43:12.480,4.98,6700
2020-11-12 09:43:12.480,4.98,4200
2020-11-12 09:43:12.480,4.98,3800
2020-11-12 09:43:12.480,4.98,5000
2020-11-12 09:43:12.480,4.98,1000
2020-11-12 09:43:12.480,4.98,3000
2020-11-12 09:43:12.480,4.98,100
2020-11-12 09:43:12.480,4.98,1000
2020-11-12 09:43:12.480,4.98,500
2020-11-12 09:43:12.480,4.98,1000
2020-11-12 09:43:12.480,4.979,100
2020-11-12 09:43:12.480,4.979,100
2020-11-12 09:43:12.480,4.979,300
2020-11-12 09:43:12.480,4.979,400
2020-11-12 09:43:12.480,4.979,100
2020-11-12 09:43:12.480,4.979,4000
2020-11-12 09:43:12.480,4.979,6000
2020-11-12 09:43:12.480,4.979,100
2020-11-12 09:43:12.480,4.979,100
2020-11-12 09:43:12.480,4.979,1000
2020-11-12 09:43:12.480,4.979,1000
2020-11-12 09:43:12.480,4.979,10000
2020-11-12 09:43:12.480,4.979,5000
2020-11-12 09:43:12.480,4.979,200
2020-11-12 09:43:12.480,4.979,3000
2020-11-12 09:43:12.480,4.979,100
2020-11-12 09:43:12.480,4.979,100
2020-11-12 09:43:12.480,4.979,100
2020-11-12 09:43:12.480,4.979,100
2020-11-12 09:43:12.480,4.979,100
2020-11-12 09:43:12.480,4.979,100
2020-11-12 09:43:12.480,4.979,5000
2020-11-12 09:43:12.480,4.979,1000
2020-11-12 09:43:12.480,4.979,500
2020-11-12 09:43:12.480,4.979,1000
2020-11-12 09:43:12.480,4.979,500
2020-11-12 09:43:12.480,4.979,2000
2020-11-12 09:43:12.480,4.979,100
2020-11-12 09:43:12.480,4.979,100
2020-11-12 09:43:12.480,4.979,50000
2020-11-12 09:43:12.480,4.979,1000
2020-11-12 09:43:12.480,4.979,200
2020-11-12 09:43:12.480,4.979,200
2020-11-12 09:43:12.480,4.979,100
2020-11-12 09:43:12.480,4.979,200
2020-11-12 09:43:12.480,4.979,100
2020-11-12 09:43:12.480,4.979,3000
2020-11-12 09:43:12.480,4.979,3000
2020-11-12 09:43:12.480,4.979,800
2020-11-12 09:43:12.480,4.979,1000
2020-11-12 09:43:12.480,4.979,1000
2020-11-12 09:43:12.480,4.979,100
2020-11-12 09:43:12.480,4.979,6700
2020-11-12 09:43:12.740,4.979,1000
2020-11-12 09:43:13.880,4.979,200
2020-11-12 09:43:14.320,4.979,100
2020-11-12 09:43:14.860,4.979,500
2020-11-12 09:43:15.220,4.978,100
2020-11-12 09:43:15.220,4.978,60200
2020-11-12 09:43:15.220,4.978,5000
2020-11-12 09:43:15.220,4.978,20000
2020-11-12 09:43:15.220,4.978,600
2020-11-12 09:43:15.220,4.978,34100
2020-11-12 09:43:15.220,4.978,50000
2020-11-12 09:43:15.220,4.978,1000
2020-11-12 09:43:15.220,4.978,200
2020-11-12 09:43:15.220,4.978,2300
2020-11-12 09:43:15.220,4.978,200
2020-11-12 09:43:15.220,4.978,1200
2020-11-12 09:43:15.220,4.978,200
2020-11-12 09:43:15.220,4.978,200
2020-11-12 09:43:15.220,4.978,200
2020-11-12 09:43:15.220,4.978,200
2020-11-12 09:43:15.220,4.978,1000
2020-11-12 09:43:15.220,4.978,5000
2020-11-12 09:43:15.220,4.978,200
2020-11-12 09:43:15.220,4.978,100
2020-11-12 09:43:15.220,4.978,119500
2020-11-12 09:43:15.250,4.979,100
2020-11-12 09:43:16.670,4.978,28500
2020-11-12 09:43:17.070,4.978,2800
2020-11-12 09:43:18.570,4.981,100
2020-11-12 09:43:19.610,4.979,500
2020-11-12 09:43:19.610,4.978,2600
2020-11-12 09:43:19.880,4.978,100
2020-11-12 09:43:22.960,4.98,100
2020-11-12 09:43:24.830,4.98,2900
2020-11-12 09:43:25.380,4.979,500
2020-11-12 09:43:25.380,4.979,100
2020-11-12 09:43:25.380,4.979,9400
2020-11-12 09:43:26.710,4.98,200
2020-11-12 09:43:26.920,4.979,5600
2020-11-12 09:43:26.920,4.978,1000
2020-11-12 09:43:27.310,4.98,100
2020-11-12 09:43:30.310,4.98,5000
2020-11-12 09:43:31.050,4.98,2000
2020-11-12 09:43:31.570,4.98,300
2020-11-12 09:43:32.370,4.979,300
2020-11-12 09:43:33.990,4.979,1700
2020-11-12 09:43:33.990,4.98,19500
2020-11-12 09:43:33.990,4.98,10000
2020-11-12 09:43:33.990,4.98,2700
2020-11-12 09:43:33.990,4.98,37500
2020-11-12 09:43:33.990,4.98,1000
2020-11-12 09:43:35.870,4.981,5300
2020-11-12 09:43:35.870,4.981,5700
2020-11-12 09:43:37.210,4.981,200
2020-11-12 09:43:37.430,4.98,6000
2020-11-12 09:43:37.720,4.98,1500
2020-11-12 09:43:37.800,4.98,18800
2020-11-12 09:43:42.320,4.981,2500
2020-11-12 09:43:42.870,4.98,10100
2020-11-12 09:43:43.760,4.98,2000
2020-11-12 09:43:45.040,4.98,1000
2020-11-12 09:43:45.130,4.981,100
2020-11-12 09:43:45.530,4.98,4300
2020-11-12 09:43:46.090,4.981,9900
2020-11-12 09:43:48.820,4.981,2000
2020-11-12 09:43:48.820,4.981,200
2020-11-12 09:43:49.700,4.98,300
2020-11-12 09:43:49.700,4.98,800
2020-11-12 09:43:49.700,4.98,200
2020-11-12 09:43:49.700,4.98,1700
2020-11-12 09:43:49.760,4.981,1100
2020-11-12 09:43:49.790,4.981,400
2020-11-12 09:43:50.210,4.98,20000
2020-11-12 09:43:50.270,4.98,5500
2020-11-12 09:43:50.610,4.98,12900
2020-11-12 09:43:51.250,4.98,200
2020-11-12 09:43:51.920,4.98,2000
2020-11-12 09:43:54.120,4.98,200
2020-11-12 09:43:55.670,4.98,6800
2020-11-12 09:43:55.670,4.98,200
2020-11-12 09:43:56.720,4.98,100
2020-11-12 09:43:58.360,4.98,500
2020-11-12 09:43:58.540,4.98,1000
2020-11-12 09:44:00.930,4.98,200
2020-11-12 09:44:02.100,4.98,300
2020-11-12 09:44:02.280,4.979,2000
2020-11-12 09:44:03.210,4.98,100
2020-11-12 09:44:03.750,4.98,500
2020-11-12 09:44:03.750,4.98,500
2020-11-12 09:44:04.100,4.98,300
2020-11-12 09:44:04.340,4.979,2000
2020-11-12 09:44:04.340,4.979,5000
2020-11-12 09:44:04.340,4.979,3400
2020-11-12 09:44:04.340,4.979,5000
2020-11-12 09:44:04.340,4.979,600
2020-11-12 09:44:04.340,4.979,8100
2020-11-12 09:44:04.930,4.979,17400
2020-11-12 09:44:04.930,4.979,2600
2020-11-12 09:44:05.370,4.979,13700
2020-11-12 09:44:06.740,4.98,100
2020-11-12 09:44:08.260,4.98,200
2020-11-12 09:44:08.520,4.979,5000
2020-11-12 09:44:08.990,4.98,900
2020-11-12 09:44:10.810,4.979,1500
2020-11-12 09:44:11.680,4.979,17200
2020-11-12 09:44:11.680,4.979,100
2020-11-12 09:44:11.680,4.979,100
2020-11-12 09:44:11.680,4.979,2600
2020-11-12 09:44:13.250,4.98,3600
2020-11-12 09:44:13.310,4.98,400
2020-11-12 09:44:13.310,4.98,1000
2020-11-12 09:44:13.310,4.98,100
2020-11-12 09:44:13.310,4.98,500
2020-11-12 09:44:13.490,4.98,200
2020-11-12 09:44:13.570,4.98,500
2020-11-12 09:44:14.230,4.979,7400
2020-11-12 09:44:14.230,4.979,300
2020-11-12 09:44:14.230,4.979,10000
2020-11-12 09:44:14.230,4.979,2500
2020-11-12 09:44:14.230,4.979,400
2020-11-12 09:44:14.230,4.979,4000
2020-11-12 09:44:14.230,4.979,2900
2020-11-12 09:44:15.090,4.979,1900
2020-11-12 09:44:16.540,4.979,500
2020-11-12 09:44:17.380,4.979,400
2020-11-12 09:44:19.110,4.979,20000
2020-11-12 09:44:20.420,4.98,500
2020-11-12 09:44:21.540,4.979,1000
2020-11-12 09:44:22.230,4.979,50000
2020-11-12 09:44:22.320,4.979,9200
2020-11-12 09:44:24.880,4.979,6000
2020-11-12 09:44:25.740,4.98,500
2020-11-12 09:44:25.770,4.979,33700
2020-11-12 09:44:26.130,4.979,5300
2020-11-12 09:44:27.240,4.98,12000
2020-11-12 09:44:27.270,4.979,600
2020-11-12 09:44:27.360,4.979,3100
2020-11-12 09:44:28.600,4.979,9100
2020-11-12 09:44:28.630,4.979,38500
2020-11-12 09:44:28.630,4.979,1000
2020-11-12 09:44:28.630,4.979,5000
2020-11-12 09:44:28.630,4.979,1000
2020-11-12 09:44:28.630,4.979,1000
2020-11-12 09:44:28.630,4.979,500
2020-11-12 09:44:28.630,4.979,22300
2020-11-12 09:44:28.630,4.979,500
2020-11-12 09:44:28.630,4.979,6600
2020-11-12 09:44:28.630,4.979,100
2020-11-12 09:44:28.630,4.979,13500
2020-11-12 09:44:28.630,4.979,200
2020-11-12 09:44:28.630,4.979,500
2020-11-12 09:44:28.630,4.979,2000
2020-11-12 09:44:30.120,4.979,200
2020-11-12 09:44:30.600,4.979,4600
2020-11-12 09:44:30.970,4.979,3000
2020-11-12 09:44:31.230,4.979,5200
2020-11-12 09:44:31.770,4.979,100
2020-11-12 09:44:31.800,4.979,500
2020-11-12 09:44:31.860,4.979,39200
2020-11-12 09:44:31.860,4.979,700
2020-11-12 09:44:31.910,4.979,500
2020-11-12 09:44:33.540,4.979,4400
2020-11-12 09:44:33.710,4.98,4200
2020-11-12 09:44:34.340,4.979,400
2020-11-12 09:44:36.100,4.98,600
2020-11-12 09:44:36.220,4.979,1500
2020-11-12 09:44:36.660,4.979,1000
2020-11-12 09:44:37.250,4.979,2700
2020-11-12 09:44:38.050,4.979,30000
2020-11-12 09:44:40.680,4.98,6600
2020-11-12 09:44:41.980,4.98,300
2020-11-12 09:44:43.250,4.979,2500
2020-11-12 09:44:43.250,4.98,1000
2020-11-12 09:44:44.800,4.979,1200
2020-11-12 09:44:47.430,4.979,3000
2020-11-12 09:44:47.430,4.979,1900
2020-11-12 09:44:47.430,4.98,500
2020-11-12 09:44:47.580,4.98,164200
2020-11-12 09:44:48.180,4.98,8400
2020-11-12 09:44:48.180,4.98,2500
2020-11-12 09:44:48.180,4.98,500
2020-11-12 09:44:48.180,4.98,2000
2020-11-12 09:44:48.180,4.98,3000
2020-11-12 09:44:48.180,4.98,200000
2020-11-12 09:44:48.180,4.98,57000
2020-11-12 09:44:48.180,4.98,2000
2020-11-12 09:44:48.180,4.98,4000
2020-11-12 09:44:48.180,4.98,4000
2020-11-12 09:44:48.180,4.98,1000
2020-11-12 09:44:48.180,4.98,2000
2020-11-12 09:44:48.180,4.98,10000
2020-11-12 09:44:48.180,4.98,3600
2020-11-12 09:44:48.640,4.98,5000
2020-11-12 09:44:49.460,4.98,200
2020-11-12 09:44:49.970,4.98,200
2020-11-12 09:44:50.860,4.98,10000
2020-11-12 09:44:51.280,4.98,8800
2020-11-12 09:44:51.630,4.98,1100
2020-11-12 09:44:51.780,4.979,200
2020-11-12 09:44:51.810,4.979,400
2020-11-12 09:44:52.250,4.979,600
2020-11-12 09:44:52.680,4.979,100
2020-11-12 09:44:52.880,4.979,12500
2020-11-12 09:44:53.080,4.979,20000
2020-11-12 09:44:54.960,4.98,200
2020-11-12 09:44:55.960,4.979,700
2020-11-12 09:44:56.500,4.979,1100
2020-11-12 09:44:56.550,4.979,3500
2020-11-12 09:44:57.120,4.979,1000
2020-11-12 09:44:58.140,4.98,200
2020-11-12 09:44:58.890,4.98,700
2020-11-12 09:44:58.890,4.98,1400
2020-11-12 09:44:58.890,4.98,30000
2020-11-12 09:44:58.890,4.98,800
2020-11-12 09:44:59.400,4.98,5000
2020-11-12 09:45:00.840,4.98,100000
2020-11-12 09:45:02.490,4.98,4500
2020-11-12 09:45:02.490,4.98,10000
2020-11-12 09:45:02.490,4.98,2000
2020-11-12 09:45:02.490,4.98,600
2020-11-12 09:45:02.570,4.979,1500
2020-11-12 09:45:02.720,4.98,200
2020-11-12 09:45:02.830,4.98,2700
2020-11-12 09:45:03.520,4.981,400
2020-11-12 09:45:03.520,4.981,3600
2020-11-12 09:45:03.520,4.981,6900
2020-11-12 09:45:04.650,4.981,2800
2020-11-12 09:45:08.000,4.981,2500
2020-11-12 09:45:08.000,4.981,6000
2020-11-12 09:45:09.330,4.982,100
2020-11-12 09:45:09.330,4.982,100
2020-11-12 09:45:09.330,4.982,2800
2020-11-12 09:45:09.590,4.982,200
2020-11-12 09:45:09.590,4.982,4000
2020-11-12 09:45:09.590,4.982,2500
2020-11-12 09:45:09.590,4.982,100
2020-11-12 09:45:09.590,4.982,6000
2020-11-12 09:45:09.590,4.982,3100
2020-11-12 09:45:10.170,4.981,400
2020-11-12 09:45:10.760,4.981,1000
2020-11-12 09:45:11.810,4.982,1000
2020-11-12 09:45:12.140,4.982,1000
2020-11-12 09:45:13.830,4.981,7300
2020-11-12 09:45:13.830,4.981,2000
2020-11-12 09:45:13.830,4.981,200
2020-11-12 09:45:13.830,4.981,600
2020-11-12 09:45:13.830,4.981,100
2020-11-12 09:45:15.040,4.981,300
2020-11-12 09:45:15.190,4.981,2000
2020-11-12 09:45:15.670,4.981,12600
2020-11-12 09:45:15.670,4.981,300
2020-11-12 09:45:18.180,4.982,200
2020-11-12 09:45:20.240,4.982,800
2020-11-12 09:45:21.010,4.982,17300
2020-11-12 09:45:23.190,4.983,2000
2020-11-12 09:45:23.190,4.983,400
2020-11-12 09:45:23.190,4.983,1800
2020-11-12 09:45:23.190,4.983,900
2020-11-12 09:45:23.640,4.982,10000
2020-11-12 09:45:24.320,4.983,3400
2020-11-12 09:45:25.870,4.983,100
2020-11-12 09:45:28.190,4.984,100
2020-11-12 09:45:28.190,4.984,9900
2020-11-12 09:45:29.540,4.984,100
2020-11-12 09:45:29.540,4.984,900
2020-11-12 09:45:35.500,4.984,100
2020-11-12 09:45:35.530,4.983,1000
2020-11-12 09:45:41.630,4.983,600
2020-11-12 09:45:41.630,4.983,100
2020-11-12 09:45:41.630,4.983,100
2020-11-12 09:45:41.630,4.983,200
2020-11-12 09:45:41.630,4.983,5500
2020-11-12 09:45:43.500,4.984,200
2020-11-12 09:45:44.190,4.984,5800
2020-11-12 09:45:44.190,4.984,1000
2020-11-12 09:45:44.190,4.984,3200
2020-11-12 09:45:44.510,4.984,100
2020-11-12 09:45:45.510,4.983,5000
2020-11-12 09:45:45.690,4.984,10000
2020-11-12 09:45:47.290,4.984,400
2020-11-12 09:45:47.840,4.984,5000
2020-11-12 09:45:47.840,4.984,1000
2020-11-12 09:45:47.840,4.984,1000
2020-11-12 09:45:47.840,4.984,3000
2020-11-12 09:45:47.840,4.984,500
2020-11-12 09:45:47.840,4.984,4600
2020-11-12 09:45:48.090,4.984,5000
2020-11-12 09:45:50.210,4.984,400
2020-11-12 09:45:50.660,4.984,100
2020-11-12 09:45:50.830,4.984,1000
2020-11-12 09:45:52.900,4.985,1800
