ExChangeId,ChannelNo,SeqNo,SecurityID,Trade2_Order1,TradeDate,UpdateTime,Price,Volume,TrdMoney,OrdSide,OrdType,TrdBSFlag,TrdBuyNo,TrdSellNo
1,1,9011,510360,2,20201112,92500110,1.654000,600,992.400000,-,-,N,99264,141736
1,1,48090,510360,2,20201112,93005900,1.654000,100,165.400000,-,-,B,253100,141736
1,1,48906,510360,2,20201112,93006140,1.651000,100,165.100000,-,-,S,177758,255728
1,1,51466,510360,2,20201112,93006790,1.654000,35300,58386.200000,-,-,B,264696,141736
1,1,51467,510360,2,20201112,93006790,1.654000,428000,707912.000000,-,-,B,264696,166157
1,1,51468,510360,2,20201112,93006790,1.656000,36000,59616.000000,-,-,B,264696,130849
1,1,61922,510360,2,20201112,93014150,1.659000,1100,1824.900000,-,-,B,289137,285347
1,1,126875,510360,2,20201112,93121880,1.659000,100,165.900000,-,-,B,392848,356211
1,1,126876,510360,2,20201112,93121880,1.659000,24000,39816.000000,-,-,B,392848,388931
1,1,129704,510360,2,20201112,93125170,1.659000,24100,39981.900000,-,-,B,397819,397411
1,1,140503,510360,2,20201112,93138180,1.659000,2300,3815.700000,-,-,B,416293,397411
1,1,162075,510360,2,20201112,93204660,1.660000,2900,4814.000000,-,-,B,452665,312484
1,1,162929,510360,2,20201112,93205930,1.659000,25600,42470.400000,-,-,B,454222,453939
1,1,163253,510360,2,20201112,93206260,1.659000,3000,4977.000000,-,-,B,454823,453939
1,1,163659,510360,2,20201112,93206630,1.659000,25600,42470.400000,-,-,B,455578,453939
1,1,181397,510360,2,20201112,93230110,1.658000,200000,331600.000000,-,-,B,485549,482776
1,1,181920,510360,2,20201112,93230570,1.658000,200000,331600.000000,-,-,B,486358,482776
1,1,191549,510360,2,20201112,93244060,1.659000,100,165.900000,-,-,B,502408,498599
1,1,192365,510360,2,20201112,93245120,1.659000,200,331.800000,-,-,B,503869,498599
1,1,206429,510360,2,20201112,93302340,1.658000,200000,331600.000000,-,-,S,523385,525628
1,1,206742,510360,2,20201112,93302710,1.658000,194000,321652.000000,-,-,B,526148,525628
1,1,213590,510360,2,20201112,93311500,1.658000,100,165.800000,-,-,B,538022,533993
1,1,214582,510360,2,20201112,93312600,1.658000,100,165.800000,-,-,B,539819,533993
1,1,216827,510360,2,20201112,93315620,1.658000,300,497.400000,-,-,B,543431,533993
1,1,217996,510360,2,20201112,93317350,1.657000,200000,331400.000000,-,-,S,485550,545149
1,1,218282,510360,2,20201112,93317700,1.657000,200000,331400.000000,-,-,B,545660,545149
1,1,219228,510360,2,20201112,93318690,1.657000,200000,331400.000000,-,-,B,547292,545149
1,1,219420,510360,2,20201112,93319110,1.657000,200000,331400.000000,-,-,B,547693,545149
1,1,277523,510360,2,20201112,93441130,1.656000,4500,7452.000000,-,-,S,591180,642723
1,1,294192,510360,2,20201112,93506170,1.656000,100,165.600000,-,-,S,591180,671075
1,1,395389,510360,2,20201112,93759210,1.658000,51400,85221.200000,-,-,B,846131,840074
1,1,430129,510360,2,20201112,93917460,1.656000,1000,1656.000000,-,-,S,822569,910285
1,1,467040,510360,2,20201112,94029120,1.657000,400,662.800000,-,-,S,960979,972025
1,1,502247,510360,2,20201112,94144350,1.657000,199600,330737.200000,-,-,S,960979,1033225
1,1,502248,510360,2,20201112,94144350,1.657000,400,662.800000,-,-,S,972385,1033225
1,1,502571,510360,2,20201112,94144790,1.657000,199600,330737.200000,-,-,B,1033709,1033225
1,1,503043,510360,2,20201112,94145460,1.657000,200000,331400.000000,-,-,B,1034523,1033225
1,1,503254,510360,2,20201112,94146030,1.657000,200000,331400.000000,-,-,B,1034903,1033225
1,1,510330,510360,2,20201112,94203310,1.657000,1500,2485.500000,-,-,S,1035201,1047677
1,1,584328,510360,2,20201112,94504350,1.657000,100,165.700000,-,-,B,1170305,1158774
1,1,591943,510360,2,20201112,94517950,1.657000,300,497.100000,-,-,B,1182110,1158774
1,1,594253,510360,2,20201112,94522330,1.658000,3000,4974.000000,-,-,B,1185880,919949
1,1,604353,510360,2,20201112,94543080,1.658000,600,994.800000,-,-,B,1203260,919949
1,1,640600,510360,2,20201112,94711970,1.658000,100,165.800000,-,-,B,1266688,1258400
1,1,667979,510360,2,20201112,94828830,1.658000,200,331.600000,-,-,S,1266688,1313683
1,1,693664,510360,2,20201112,94942600,1.659000,900,1493.100000,-,-,S,1335970,1359614
1,1,699710,510360,2,20201112,94957350,1.659000,100,165.900000,-,-,S,1335970,1369015
1,1,706073,510360,2,20201112,95012580,1.660000,600,996.000000,-,-,B,1379857,312484
1,1,725836,510360,2,20201112,95057400,1.661000,1200,1993.200000,-,-,B,1411322,1383452
1,1,726813,510360,2,20201112,95100300,1.661000,198800,330206.800000,-,-,S,1411322,1413184
1,1,726814,510360,2,20201112,95100300,1.661000,1200,1993.200000,-,-,S,1411587,1413184
1,1,731147,510360,2,20201112,95110990,1.660000,100,166.000000,-,-,S,1379857,1420589
1,1,745511,510360,2,20201112,95151170,1.661000,1900,3155.900000,-,-,B,1445316,1414837
1,1,771721,510360,2,20201112,95309890,1.660000,199300,330838.000000,-,-,S,1379857,1490479
1,1,771722,510360,2,20201112,95309890,1.660000,600,996.000000,-,-,S,1380038,1490479
1,1,771723,510360,2,20201112,95309890,1.660000,100,166.000000,-,-,S,1420747,1490479
1,1,771833,510360,2,20201112,95310260,1.660000,600,996.000000,-,-,B,1490660,1490479
1,1,771844,510360,2,20201112,95310320,1.660000,199400,331004.000000,-,-,B,1490683,1490479
1,1,819354,510360,2,20201112,95537110,1.660000,1200,1992.000000,-,-,S,1563082,1569261
1,1,825790,510360,2,20201112,95557380,1.660000,198800,330008.000000,-,-,S,1563082,1580251
1,1,825791,510360,2,20201112,95557380,1.660000,1200,1992.000000,-,-,S,1569430,1580251
1,1,825982,510360,2,20201112,95558170,1.660000,98100,162846.000000,-,-,B,1580661,1580251
1,1,830832,510360,2,20201112,95612600,1.660000,101900,169154.000000,-,-,S,1580661,1589423
1,1,830833,510360,2,20201112,95612600,1.660000,48100,79846.000000,-,-,S,1581036,1589423
1,1,1031240,510360,2,20201112,100710010,1.657000,100,165.700000,-,-,S,1248524,1919338
1,1,1031241,510360,2,20201112,100710010,1.657000,100,165.700000,-,-,S,1248524,1919339
1,1,1031397,510360,2,20201112,100710480,1.657000,500,828.500000,-,-,S,1272713,1919537
1,1,1031756,510360,2,20201112,100712060,1.657000,5300,8782.100000,-,-,S,1272713,1920227
1,1,1032043,510360,2,20201112,100712980,1.657000,2500,4142.500000,-,-,S,1272713,1920665
1,1,1033294,510360,2,20201112,100716440,1.657000,1700,2816.900000,-,-,S,1272713,1922409
1,1,1046544,510360,2,20201112,100755560,1.656000,5000,8280.000000,-,-,S,1088420,1941290
1,1,1046545,510360,2,20201112,100755560,1.656000,10000,16560.000000,-,-,S,1892948,1941290
1,1,1051494,510360,2,20201112,100804150,1.655000,100,165.500000,-,-,S,403342,1947202
1,1,1051495,510360,2,20201112,100804150,1.655000,500,827.500000,-,-,S,1940639,1947202
1,1,1055022,510360,2,20201112,100807850,1.655000,1200,1986.000000,-,-,B,1950932,1948229
1,1,1056897,510360,2,20201112,100810440,1.654000,100,165.400000,-,-,S,781052,1953344
1,1,1056911,510360,2,20201112,100810510,1.654000,2900,4796.600000,-,-,S,781052,1953388
1,1,1061252,510360,2,20201112,100820340,1.653000,800,1322.400000,-,-,B,1959621,1958735
1,1,1175321,510360,2,20201112,101519060,1.654000,1000,1654.000000,-,-,S,2098127,2155677
1,1,1198621,510360,2,20201112,101652900,1.654000,100,165.400000,-,-,S,2098127,2194967
1,1,1199904,510360,2,20201112,101656740,1.654000,1500,2481.000000,-,-,S,2098127,2196713
1,1,1200367,510360,2,20201112,101658820,1.654000,1500,2481.000000,-,-,S,2098127,2197591
1,1,1201627,510360,2,20201112,101703390,1.654000,1500,2481.000000,-,-,S,2098127,2199665
1,1,1202649,510360,2,20201112,101707770,1.654000,1500,2481.000000,-,-,S,2098127,2201665
1,1,1230388,510360,2,20201112,101903710,1.655000,100,165.500000,-,-,B,2246529,2188051
1,1,1237009,510360,2,20201112,101932420,1.654000,700,1157.800000,-,-,S,2098127,2257345
1,1,1247881,510360,2,20201112,102013630,1.654000,200,330.800000,-,-,S,2098127,2274407
1,1,1258307,510360,2,20201112,102042820,1.653000,200,330.600000,-,-,S,2150452,2289748
1,1,1264113,510360,2,20201112,102101660,1.654000,5000,8270.000000,-,-,B,2298750,2279060
1,1,1275018,510360,2,20201112,102133910,1.653000,300,495.900000,-,-,S,2150452,2315906
1,1,1287426,510360,2,20201112,102223230,1.656000,1000,1656.000000,-,-,B,2336987,2310832
1,1,1367447,510360,2,20201112,102930240,1.655000,100,165.500000,-,-,B,2480298,2472729
1,1,1382832,510360,2,20201112,103028940,1.652000,3000,4956.000000,-,-,S,1992349,2503580
1,1,1382833,510360,2,20201112,103028940,1.652000,500,826.000000,-,-,S,2279865,2503580
1,1,1382908,510360,2,20201112,103029370,1.652000,6500,10738.000000,-,-,B,2503727,2503580
1,1,1410294,510360,2,20201112,103254190,1.652000,1000,1652.000000,-,-,S,2522576,2550673
1,1,1412036,510360,2,20201112,103303900,1.652000,1700,2808.400000,-,-,B,2553745,2550673
1,1,1429785,510360,2,20201112,103439100,1.653000,400,661.200000,-,-,S,2571301,2584978
1,1,1483061,510360,2,20201112,103934240,1.656000,500,828.000000,-,-,S,2647299,2677072
1,1,1568969,510360,2,20201112,104731370,1.655000,200,331.000000,-,-,B,2813615,2735263
1,1,1634147,510360,2,20201112,105328950,1.656000,37500,62100.000000,-,-,B,2920701,2755724
1,1,1737515,510360,2,20201112,110135500,1.659000,100,165.900000,-,-,S,3081329,3092078
1,1,1743456,510360,2,20201112,110200740,1.659000,500,829.500000,-,-,B,3102677,3099587
1,1,1763807,510360,2,20201112,110325880,1.659000,150000,248850.000000,-,-,S,3112189,3136747
1,1,1767319,510360,2,20201112,110343730,1.659000,150000,248850.000000,-,-,S,3140238,3143163
1,1,1828053,510360,2,20201112,110956090,1.657000,100,165.700000,-,-,S,3207553,3251069
1,1,1891168,510360,2,20201112,111700160,1.656000,600,993.600000,-,-,S,3303902,3361847
1,1,1891169,510360,2,20201112,111700160,1.656000,600,993.600000,-,-,S,3303902,3361848
1,1,1893879,510360,2,20201112,111716390,1.656000,3600,5961.600000,-,-,S,3303902,3366200
1,1,1907176,510360,2,20201112,111901710,1.656000,200,331.200000,-,-,S,3303902,3390228
1,1,1907177,510360,2,20201112,111901710,1.655000,10000,16550.000000,-,-,S,3069349,3390228
1,1,1950834,510360,2,20201112,112355760,1.654000,500,827.000000,-,-,S,3394529,3460910
1,1,1950835,510360,2,20201112,112355760,1.653000,100000,165300.000000,-,-,S,2668681,3460910
1,1,1957329,510360,2,20201112,112418760,1.652000,5000,8260.000000,-,-,S,2597213,3469374
1,1,1957330,510360,2,20201112,112418760,1.652000,20000,33040.000000,-,-,S,2657371,3469374
1,1,1957331,510360,2,20201112,112418760,1.652000,6000,9912.000000,-,-,S,2708728,3469374
1,1,1957538,510360,2,20201112,112419970,1.652000,100,165.200000,-,-,B,3469647,3469374
1,1,1979997,510360,2,20201112,112709230,1.655000,1000,1655.000000,-,-,B,3507703,3457304
1,1,1988419,510360,2,20201112,112826150,1.655000,1000,1655.000000,-,-,B,3523650,3523608
1,1,2009775,510360,2,20201112,130003050,1.655000,700,1158.500000,-,-,B,3571311,3569449
1,1,2009902,510360,2,20201112,130003050,1.655000,100,165.500000,-,-,B,3571715,3569449
1,1,2054927,510360,2,20201112,130458850,1.654000,200,330.800000,-,-,S,3617331,3648883
1,1,2084927,510360,2,20201112,130840580,1.654000,100,165.400000,-,-,B,3701230,3648883
1,1,2129013,510360,2,20201112,131326430,1.652000,700,1156.400000,-,-,S,3490599,3772712
1,1,2129014,510360,2,20201112,131326430,1.652000,1000,1652.000000,-,-,S,3511663,3772712
1,1,2129015,510360,2,20201112,131326430,1.652000,2000,3304.000000,-,-,S,3515081,3772712
1,1,2132646,510360,2,20201112,131356330,1.651000,400,660.400000,-,-,S,177758,3779087
1,1,2132647,510360,2,20201112,131356330,1.651000,100,165.100000,-,-,S,2454217,3779087
1,1,2132648,510360,2,20201112,131356330,1.651000,600,990.600000,-,-,S,3514050,3779087
1,1,2132649,510360,2,20201112,131356330,1.651000,5000,8255.000000,-,-,S,3531071,3779087
1,1,2132650,510360,2,20201112,131356330,1.651000,1800,2971.800000,-,-,S,3671284,3779087
1,1,2136756,510360,2,20201112,131426310,1.652000,8000,13216.000000,-,-,S,3785683,3786551
1,1,2139961,510360,2,20201112,131457210,1.652000,10200,16850.400000,-,-,S,3785683,3793095
1,1,2143756,510360,2,20201112,131527540,1.652000,7000,11564.000000,-,-,S,3785683,3800544
1,1,2147905,510360,2,20201112,131557070,1.652000,6700,11068.400000,-,-,S,3785683,3807426
1,1,2151896,510360,2,20201112,131626990,1.652000,9500,15694.000000,-,-,S,3785683,3814858
1,1,2155957,510360,2,20201112,131656790,1.652000,9000,14868.000000,-,-,S,3785683,3821972
1,1,2159373,510360,2,20201112,131726860,1.652000,7300,12059.600000,-,-,S,3785683,3828360
1,1,2162766,510360,2,20201112,131756960,1.652000,8800,14537.600000,-,-,S,3785683,3834627
1,1,2166789,510360,2,20201112,131826780,1.652000,8900,14702.800000,-,-,S,3785683,3841264
1,1,2170477,510360,2,20201112,131856780,1.652000,6500,10738.000000,-,-,S,3785683,3847320
1,1,2174378,510360,2,20201112,131926640,1.652000,7500,12390.000000,-,-,S,3785683,3854224
1,1,2178676,510360,2,20201112,131956610,1.652000,6800,11233.600000,-,-,S,3785683,3860735
1,1,2183910,510360,2,20201112,132021780,1.654000,200,330.800000,-,-,B,3867865,3648883
1,1,2183911,510360,2,20201112,132021780,1.654000,1800,2977.200000,-,-,B,3867865,3777928
1,1,2184769,510360,2,20201112,132026400,1.652000,100,165.200000,-,-,S,3847928,3869166
1,1,2186716,510360,2,20201112,132036440,1.652000,1600,2643.200000,-,-,B,3871969,3869166
1,1,2190203,510360,2,20201112,132056630,1.651000,7300,12052.300000,-,-,S,3671284,3877504
1,1,2195095,510360,2,20201112,132126430,1.651000,6500,10731.500000,-,-,S,3671284,3885193
1,1,2199969,510360,2,20201112,132156330,1.651000,10100,16675.100000,-,-,S,3671284,3892152
1,1,2205197,510360,2,20201112,132227190,1.651000,7900,13042.900000,-,-,S,3671284,3900481
1,1,2206616,510360,2,20201112,132235890,1.651000,4000,6604.000000,-,-,S,3671284,3902686
1,1,2209688,510360,2,20201112,132257280,1.651000,8400,13868.400000,-,-,S,3671284,3907918
1,1,2214084,510360,2,20201112,132327090,1.651000,7700,12712.700000,-,-,S,3671284,3915405
1,1,2218950,510360,2,20201112,132357720,1.652000,10000,16520.000000,-,-,S,3919131,3923466
1,1,2223350,510360,2,20201112,132426950,1.652000,8000,13216.000000,-,-,S,3920579,3931054
1,1,2227573,510360,2,20201112,132456990,1.652000,10300,17015.600000,-,-,S,3920579,3938473
1,1,2231867,510360,2,20201112,132526780,1.652000,7000,11564.000000,-,-,S,3920579,3945888
1,1,2234185,510360,2,20201112,132543810,1.652000,3400,5616.800000,-,-,S,3920579,3949760
1,1,2235908,510360,2,20201112,132556900,1.652000,6400,10572.800000,-,-,S,3920579,3952897
1,1,2241910,510360,2,20201112,132626710,1.652000,9800,16189.600000,-,-,S,3920579,3961986
1,1,2247108,510360,2,20201112,132656690,1.652000,7000,11564.000000,-,-,S,3920579,3970157
1,1,2251890,510360,2,20201112,132731220,1.652000,6500,10738.000000,-,-,B,3978328,3977299
1,1,2255374,510360,2,20201112,132756520,1.652000,3000,4956.000000,-,-,S,3979940,3983892
1,1,2255375,510360,2,20201112,132756520,1.652000,6800,11233.600000,-,-,S,3983362,3983892
1,1,2260306,510360,2,20201112,132827910,1.652000,8300,13711.600000,-,-,S,3990482,3991293
1,1,2264121,510360,2,20201112,132857500,1.652000,9100,15033.200000,-,-,S,3995927,3997815
1,1,2268787,510360,2,20201112,132927290,1.652000,9800,16189.600000,-,-,S,4004000,4005092
1,1,2273563,510360,2,20201112,132957210,1.652000,9000,14868.000000,-,-,S,4006838,4012852
1,1,2279081,510360,2,20201112,133027210,1.652000,8900,14702.800000,-,-,S,4006838,4022170
1,1,2284652,510360,2,20201112,133057240,1.652000,7900,13050.800000,-,-,S,4006838,4030735
1,1,2289269,510360,2,20201112,133127100,1.653000,6900,11405.700000,-,-,S,4037299,4038617
1,1,2294300,510360,2,20201112,133157040,1.653000,7300,12066.900000,-,-,S,4046339,4047399
1,1,2300842,510360,2,20201112,133226910,1.652000,8900,14702.800000,-,-,S,4006838,4057062
1,1,2305351,510360,2,20201112,133256960,1.652000,6700,11068.400000,-,-,S,4006838,4064759
1,1,2310177,510360,2,20201112,133326830,1.653000,9700,16034.100000,-,-,S,4070542,4072317
1,1,2314589,510360,2,20201112,133356680,1.653000,9200,15207.600000,-,-,S,4070542,4079541
1,1,2319004,510360,2,20201112,133427650,1.653000,8600,14215.800000,-,-,S,4070542,4087167
1,1,2323375,510360,2,20201112,133457590,1.653000,7100,11736.300000,-,-,S,4070542,4094320
1,1,2327658,510360,2,20201112,133527360,1.653000,7800,12893.400000,-,-,S,4070542,4101511
1,1,2331152,510360,2,20201112,133557370,1.654000,200000,330800.000000,-,-,B,4108284,3777928
1,1,2331177,510360,2,20201112,133557590,1.653000,8300,13719.900000,-,-,S,4070542,4108335
1,1,2331187,510360,2,20201112,133557660,1.654000,200000,330800.000000,-,-,B,4108353,3777928
1,1,2335616,510360,2,20201112,133627460,1.653000,9800,16199.400000,-,-,S,4070542,4116357
1,1,2339747,510360,2,20201112,133657590,1.653000,8800,14546.400000,-,-,S,4070542,4123384
1,1,2343705,510360,2,20201112,133727140,1.653000,9500,15703.500000,-,-,S,4070542,4129703
1,1,2347889,510360,2,20201112,133757430,1.653000,600,991.800000,-,-,S,4128306,4136356
1,1,2349633,510360,2,20201112,133810150,1.653000,9100,15042.300000,-,-,B,4139220,4136356
1,1,2351882,510360,2,20201112,133827240,1.652000,2000,3304.000000,-,-,S,4020938,4143081
1,1,2351883,510360,2,20201112,133827240,1.652000,7800,12885.600000,-,-,S,4108522,4143081
1,1,2356377,510360,2,20201112,133857030,1.652000,8000,13216.000000,-,-,S,4108522,4150084
1,1,2362232,510360,2,20201112,133926920,1.652000,10100,16685.200000,-,-,S,4108522,4158679
1,1,2367457,510360,2,20201112,133957000,1.651000,6000,9906.000000,-,-,S,4063759,4166060
1,1,2367458,510360,2,20201112,133957000,1.651000,2000,3302.000000,-,-,S,4131984,4166060
1,1,2373925,510360,2,20201112,134026740,1.652000,7900,13050.800000,-,-,S,4171527,4175231
1,1,2379001,510360,2,20201112,134056870,1.652000,10400,17180.800000,-,-,S,4171527,4183425
1,1,2380439,510360,2,20201112,134105140,1.654000,400,661.600000,-,-,B,4185667,3777928
1,1,2383874,510360,2,20201112,134127620,1.652000,7600,12555.200000,-,-,S,4171527,4191673
1,1,2388207,510360,2,20201112,134157600,1.652000,7300,12059.600000,-,-,S,4194988,4199068
1,1,2390971,510360,2,20201112,134215900,1.652000,100,165.200000,-,-,B,4203734,4202632
1,1,2392925,510360,2,20201112,134227590,1.651000,6700,11061.700000,-,-,S,4131984,4206788
1,1,2398046,510360,2,20201112,134257440,1.651000,7100,11722.100000,-,-,S,4131984,4214435
1,1,2403150,510360,2,20201112,134327530,1.651000,10200,16840.200000,-,-,S,4131984,4222270
1,1,2408966,510360,2,20201112,134357340,1.651000,2000,3302.000000,-,-,S,4165528,4230543
1,1,2408967,510360,2,20201112,134357340,1.651000,300,495.300000,-,-,S,4171065,4230543
1,1,2414010,510360,2,20201112,134427290,1.650000,8600,14190.000000,-,-,S,98035,4238777
1,1,2418029,510360,2,20201112,134448760,1.653000,200,330.600000,-,-,B,4244262,4241376
1,1,2419692,510360,2,20201112,134457210,1.651000,1200,1981.200000,-,-,S,4239478,4246421
1,1,2426071,510360,2,20201112,134527090,1.650000,1400,2310.000000,-,-,S,98035,4255244
1,1,2426072,510360,2,20201112,134527090,1.650000,100,165.000000,-,-,S,224511,4255244
1,1,2426073,510360,2,20201112,134527090,1.650000,1500,2475.000000,-,-,S,2203542,4255244
1,1,2426074,510360,2,20201112,134527090,1.650000,3700,6105.000000,-,-,S,3305436,4255244
1,1,2426075,510360,2,20201112,134527090,1.650000,100,165.000000,-,-,S,3490968,4255244
1,1,2426076,510360,2,20201112,134527090,1.650000,400,660.000000,-,-,S,3542398,4255244
1,1,2432125,510360,2,20201112,134557280,1.650000,8600,14190.000000,-,-,S,3542398,4264510
1,1,2438449,510360,2,20201112,134626940,1.650000,6400,10560.000000,-,-,S,3542398,4274000
1,1,2444254,510360,2,20201112,134657010,1.650000,8200,13530.000000,-,-,S,3542398,4283014
1,1,2449147,510360,2,20201112,134727740,1.650000,9100,15015.000000,-,-,S,3542398,4291576
1,1,2455324,510360,2,20201112,134757770,1.650000,300,495.000000,-,-,S,3542398,4300669
1,1,2455325,510360,2,20201112,134757770,1.650000,500,825.000000,-,-,S,4250572,4300669
1,1,2460441,510360,2,20201112,134827190,1.650000,7600,12540.000000,-,-,B,4308686,4300669
1,1,2460495,510360,2,20201112,134827660,1.650000,7100,11715.000000,-,-,S,4308686,4308778
1,1,2464157,510360,2,20201112,134853370,1.653000,1000,1653.000000,-,-,B,4315253,4241376
1,1,2464696,510360,2,20201112,134857710,1.650000,6400,10560.000000,-,-,S,4308686,4316375
1,1,2468899,510360,2,20201112,134927590,1.650000,9100,15015.000000,-,-,S,4308686,4323720
1,1,2473341,510360,2,20201112,134957530,1.650000,7000,11550.000000,-,-,S,4308686,4331362
1,1,2478433,510360,2,20201112,135027490,1.650000,2800,4620.000000,-,-,S,4308686,4339886
1,1,2478434,510360,2,20201112,135027490,1.650000,5000,8250.000000,-,-,S,4321662,4339886
1,1,2478435,510360,2,20201112,135027490,1.650000,600,990.000000,-,-,S,4337693,4339886
1,1,2482454,510360,2,20201112,135057410,1.650000,8600,14190.000000,-,-,S,4337693,4347234
1,1,2486377,510360,2,20201112,135127290,1.650000,9000,14850.000000,-,-,S,4337693,4354085
1,1,2489778,510360,2,20201112,135157330,1.650000,8100,13365.000000,-,-,S,4337693,4360539
1,1,2493911,510360,2,20201112,135227190,1.650000,7100,11715.000000,-,-,S,4337693,4367142
1,1,2498351,510360,2,20201112,135257100,1.651000,7600,12547.600000,-,-,S,4373227,4374718
1,1,2502720,510360,2,20201112,135328060,1.651000,7800,12877.800000,-,-,S,4380878,4382527
1,1,2506763,510360,2,20201112,135358100,1.651000,10000,16510.000000,-,-,S,4386662,4389662
1,1,2510467,510360,2,20201112,135427770,1.650000,7700,12705.000000,-,-,S,4337693,4396216
1,1,2514471,510360,2,20201112,135458200,1.650000,8700,14355.000000,-,-,S,4337693,4403006
1,1,2518991,510360,2,20201112,135527810,1.650000,9200,15180.000000,-,-,S,4337693,4410312
1,1,2523696,510360,2,20201112,135557820,1.650000,6500,10725.000000,-,-,S,4337693,4417619
1,1,2528168,510360,2,20201112,135627740,1.651000,8800,14528.800000,-,-,S,4421941,4425239
1,1,2532271,510360,2,20201112,135657600,1.651000,7200,11887.200000,-,-,S,4421941,4432412
1,1,2536487,510360,2,20201112,135727650,1.651000,9000,14859.000000,-,-,S,4432746,4439283
1,1,2540589,510360,2,20201112,135757440,1.651000,9200,15189.200000,-,-,S,4432746,4445802
1,1,2542014,510360,2,20201112,135808960,1.651000,100,165.100000,-,-,S,4432746,4448344
1,1,2544175,510360,2,20201112,135827410,1.651000,9900,16344.900000,-,-,S,4432746,4451966
1,1,2548285,510360,2,20201112,135857360,1.651000,10500,17335.500000,-,-,S,4432746,4458546
1,1,2549319,510360,2,20201112,135904100,1.652000,100,165.200000,-,-,B,4460187,4406760
1,1,2552693,510360,2,20201112,135927460,1.652000,7500,12390.000000,-,-,S,4460187,4465679
1,1,2553987,510360,2,20201112,135936440,1.652000,3000,4956.000000,-,-,S,4460187,4467812
1,1,2557302,510360,2,20201112,135958160,1.652000,2200,3634.400000,-,-,S,4465142,4473186
1,1,2557303,510360,2,20201112,135958160,1.652000,5400,8920.800000,-,-,S,4472729,4473186
1,1,2560289,510360,2,20201112,140013100,1.654000,597800,988761.200000,-,-,B,4478180,3777928
1,1,2565527,510360,2,20201112,140028250,1.653000,3000,4959.000000,-,-,S,4482658,4485459
1,1,2572330,510360,2,20201112,140058030,1.653000,2500,4132.500000,-,-,S,4482658,4495913
1,1,2578728,510360,2,20201112,140128000,1.653000,4000,6612.000000,-,-,S,4482658,4505951
1,1,2584551,510360,2,20201112,140157970,1.653000,2600,4297.800000,-,-,S,4482658,4515695
1,1,2589530,510360,2,20201112,140227910,1.653000,2400,3967.200000,-,-,S,4482658,4524636
1,1,2593734,510360,2,20201112,140258320,1.653000,3300,5454.900000,-,-,B,4532588,4532413
1,1,2598298,510360,2,20201112,140327840,1.652000,3700,6112.400000,-,-,S,4504233,4540312
1,1,2603043,510360,2,20201112,140357750,1.652000,2600,4295.200000,-,-,S,4504233,4547702
1,1,2607728,510360,2,20201112,140427740,1.652000,2700,4460.400000,-,-,S,4504233,4555446
1,1,2612666,510360,2,20201112,140457560,1.651000,3200,5283.200000,-,-,S,4533166,4563384
1,1,2616877,510360,2,20201112,140527600,1.651000,3600,5943.600000,-,-,S,4533166,4570375
1,1,2621299,510360,2,20201112,140557440,1.651000,2800,4622.800000,-,-,S,4533166,4577558
1,1,2625691,510360,2,20201112,140627420,1.651000,3600,5943.600000,-,-,S,4533166,4585396
1,1,2630089,510360,2,20201112,140658190,1.652000,3400,5616.800000,-,-,S,4591941,4593314
1,1,2634711,510360,2,20201112,140728220,1.652000,2900,4790.800000,-,-,S,4598215,4601187
1,1,2639041,510360,2,20201112,140758140,1.651000,2600,4292.600000,-,-,S,4533166,4608630
1,1,2644619,510360,2,20201112,140828130,1.651000,2600,4292.600000,-,-,S,4533166,4616775
1,1,2649021,510360,2,20201112,140858010,1.651000,3300,5448.300000,-,-,S,4533166,4624200
1,1,2653268,510360,2,20201112,140927940,1.651000,2200,3632.200000,-,-,S,4533166,4631436
1,1,2657968,510360,2,20201112,140957810,1.651000,3200,5283.200000,-,-,S,4533166,4638361
1,1,2663106,510360,2,20201112,141027900,1.651000,2500,4127.500000,-,-,S,4533166,4647152
1,1,2668587,510360,2,20201112,141058510,1.651000,3100,5118.100000,-,-,B,4655828,4655469
1,1,2673892,510360,2,20201112,141127720,1.651000,200,330.200000,-,-,S,4659268,4664146
1,1,2678281,510360,2,20201112,141157570,1.650000,500,825.000000,-,-,S,4373658,4671224
1,1,2678282,510360,2,20201112,141157570,1.650000,2600,4290.000000,-,-,S,4604540,4671224
1,1,2683460,510360,2,20201112,141227690,1.650000,2300,3795.000000,-,-,S,4604540,4679263
1,1,2688287,510360,2,20201112,141258510,1.651000,2700,4457.700000,-,-,S,4679341,4687603
1,1,2692641,510360,2,20201112,141328380,1.651000,3000,4953.000000,-,-,S,4679341,4694557
1,1,2696560,510360,2,20201112,141358190,1.651000,2400,3962.400000,-,-,S,4679341,4701249
1,1,2700580,510360,2,20201112,141428270,1.651000,2000,3302.000000,-,-,S,4679341,4708004
1,1,2704335,510360,2,20201112,141458410,1.651000,3000,4953.000000,-,-,S,4679341,4714444
1,1,2708415,510360,2,20201112,141528180,1.651000,1900,3136.900000,-,-,S,4679341,4721328
1,1,2712386,510360,2,20201112,141558060,1.651000,2800,4622.800000,-,-,S,4679341,4728122
1,1,2715699,510360,2,20201112,141619930,1.655000,300,496.500000,-,-,B,4733726,4604539
1,1,2716550,510360,2,20201112,141625590,1.655000,7000,11585.000000,-,-,B,4735101,4604539
1,1,2716942,510360,2,20201112,141627940,1.651000,2300,3797.300000,-,-,S,4679341,4735653
1,1,2721069,510360,2,20201112,141657980,1.651000,2700,4457.700000,-,-,S,4679341,4742477
1,1,2726355,510360,2,20201112,141728080,1.651000,2500,4127.500000,-,-,S,4679341,4750753
1,1,2731748,510360,2,20201112,141757770,1.650000,1700,2805.000000,-,-,S,4604540,4758452
1,1,2732413,510360,2,20201112,141800700,1.654000,1200,1984.800000,-,-,B,4759134,4755430
1,1,2737417,510360,2,20201112,141827790,1.650000,2600,4290.000000,-,-,S,4604540,4765762
1,1,2742775,510360,2,20201112,141858680,1.650000,2200,3630.000000,-,-,S,4604540,4773280
1,1,2747490,510360,2,20201112,141928640,1.650000,2000,3300.000000,-,-,S,4604540,4780797
1,1,2750810,510360,2,20201112,141950650,1.654000,500,827.000000,-,-,B,4785933,4755430
1,1,2751965,510360,2,20201112,141958770,1.650000,1600,2640.000000,-,-,S,4604540,4787976
1,1,2752365,510360,2,20201112,142001430,1.654000,200,330.800000,-,-,B,4788736,4755430
1,1,2757218,510360,2,20201112,142028420,1.650000,1800,2970.000000,-,-,S,4604540,4797170
1,1,2762035,510360,2,20201112,142058360,1.651000,1900,3136.900000,-,-,S,4801000,4805447
1,1,2766431,510360,2,20201112,142128460,1.651000,2400,3962.400000,-,-,S,4801000,4812823
1,1,2770354,510360,2,20201112,142158290,1.651000,1800,2971.800000,-,-,S,4801000,4819504
1,1,2774839,510360,2,20201112,142228150,1.651000,1500,2476.500000,-,-,S,4801000,4826726
1,1,2775438,510360,2,20201112,142231940,1.651000,100,165.100000,-,-,S,4801000,4827747
1,1,2779310,510360,2,20201112,142258140,1.651000,1900,3136.900000,-,-,S,4801000,4833777
1,1,2784036,510360,2,20201112,142328140,1.651000,2300,3797.300000,-,-,S,4801000,4840907
1,1,2788297,510360,2,20201112,142357890,1.651000,2300,3797.300000,-,-,S,4801000,4847705
1,1,2792428,510360,2,20201112,142428020,1.651000,1800,2971.800000,-,-,S,4801000,4854384
1,1,2796459,510360,2,20201112,142457840,1.651000,1400,2311.400000,-,-,S,4801000,4860825
1,1,2801764,510360,2,20201112,142527860,1.651000,1400,2311.400000,-,-,S,4801000,4868334
1,1,2808256,510360,2,20201112,142558650,1.651000,1500,2476.500000,-,-,S,4815545,4877016
1,1,2814021,510360,2,20201112,142628560,1.650000,1800,2970.000000,-,-,S,4604540,4885401
1,1,2819235,510360,2,20201112,142658530,1.650000,1700,2805.000000,-,-,S,4604540,4892765
1,1,2824423,510360,2,20201112,142728620,1.650000,1700,2805.000000,-,-,S,4605771,4900724
1,1,2829321,510360,2,20201112,142758350,1.650000,1800,2970.000000,-,-,S,4605771,4908275
1,1,2835507,510360,2,20201112,142828310,1.650000,1700,2805.000000,-,-,S,4605771,4916507
1,1,2841923,510360,2,20201112,142858250,1.650000,1900,3135.000000,-,-,S,4605771,4924763
1,1,2850183,510360,2,20201112,142928210,1.650000,2000,3300.000000,-,-,S,4605771,4934548
1,1,2855984,510360,2,20201112,142958000,1.650000,1500,2475.000000,-,-,S,4605771,4942893
1,1,2862163,510360,2,20201112,143028050,1.650000,1600,2640.000000,-,-,S,4605771,4952581
1,1,2868754,510360,2,20201112,143057410,1.650000,200,330.000000,-,-,S,4605771,4962014
1,1,2868963,510360,2,20201112,143058170,1.650000,1500,2475.000000,-,-,S,4605771,4962286
1,1,2875173,510360,2,20201112,143128330,1.650000,1500,2475.000000,-,-,S,4605771,4972578
1,1,2880904,510360,2,20201112,143158130,1.651000,1700,2806.700000,-,-,S,4975312,4981835
1,1,2886105,510360,2,20201112,143229020,1.651000,1400,2311.400000,-,-,S,4975312,4990580
1,1,2890833,510360,2,20201112,143259050,1.651000,1600,2641.600000,-,-,S,4975312,4998423
1,1,2896077,510360,2,20201112,143328900,1.651000,1500,2476.500000,-,-,S,4975312,5006369
1,1,2900332,510360,2,20201112,143358820,1.651000,1500,2476.500000,-,-,S,4975312,5013957
1,1,2904994,510360,2,20201112,143428740,1.651000,1600,2641.600000,-,-,S,4975312,5021307
1,1,2908942,510360,2,20201112,143449150,1.651000,11700,19316.700000,-,-,S,4975312,5026554
1,1,2910533,510360,2,20201112,143458830,1.651000,1500,2476.500000,-,-,S,4975312,5029109
1,1,2915268,510360,2,20201112,143528610,1.652000,1000,1652.000000,-,-,S,5035480,5037115
1,1,2920382,510360,2,20201112,143558510,1.652000,1500,2478.000000,-,-,S,5035480,5045337
1,1,2925780,510360,2,20201112,143628500,1.652000,1400,2312.800000,-,-,S,5035480,5054214
1,1,2926527,510360,2,20201112,143633080,1.653000,4200,6942.600000,-,-,B,5055460,4940851
1,1,2931438,510360,2,20201112,143658460,1.653000,1500,2479.500000,-,-,S,5055460,5063569
1,1,2934817,510360,2,20201112,143711320,1.653000,300,495.900000,-,-,S,5055460,5068178
1,1,2934818,510360,2,20201112,143711320,1.653000,600,991.800000,-,-,S,5060721,5068178
1,1,2934819,510360,2,20201112,143711320,1.651000,17000,28067.000000,-,-,S,4975312,5068178
1,1,2938574,510360,2,20201112,143728310,1.651000,1200,1981.200000,-,-,S,4975312,5073193
1,1,2943550,510360,2,20201112,143758290,1.651000,1400,2311.400000,-,-,S,4975312,5081187
1,1,2949550,510360,2,20201112,143829180,1.651000,1400,2311.400000,-,-,S,4975312,5090016
1,1,2954697,510360,2,20201112,143859150,1.651000,1200,1981.200000,-,-,S,4975312,5098151
1,1,2960165,510360,2,20201112,143928990,1.651000,1300,2146.300000,-,-,S,4975312,5105881
1,1,2961764,510360,2,20201112,143938120,1.651000,5000,8255.000000,-,-,S,4975312,5108340
1,1,2965793,510360,2,20201112,143958970,1.651000,900,1485.900000,-,-,S,4975312,5114244
1,1,2973716,510360,2,20201112,144028910,1.652000,1100,1817.200000,-,-,S,5116002,5126411
1,1,2980733,510360,2,20201112,144058990,1.653000,1000,1653.000000,-,-,S,5132770,5136823
1,1,2987187,510360,2,20201112,144128740,1.653000,900,1487.700000,-,-,S,5132770,5147283
1,1,2992772,510360,2,20201112,144158740,1.653000,900,1487.700000,-,-,S,5132770,5156272
1,1,2999371,510360,2,20201112,144228710,1.653000,1300,2148.900000,-,-,S,5132770,5165753
1,1,3007656,510360,2,20201112,144258600,1.653000,1000,1653.000000,-,-,S,5132770,5176597
1,1,3014114,510360,2,20201112,144328460,1.653000,1400,2314.200000,-,-,S,5132770,5187310
1,1,3019427,510360,2,20201112,144358500,1.653000,1200,1983.600000,-,-,S,5132770,5196286
1,1,3021973,510360,2,20201112,144409650,1.654000,1000,1654.000000,-,-,B,5200019,5189679
1,1,3025510,510360,2,20201112,144428350,1.653000,1100,1818.300000,-,-,S,5132770,5205525
1,1,3031008,510360,2,20201112,144458420,1.653000,1200,1983.600000,-,-,S,5132770,5214409
1,1,3039313,510360,2,20201112,144529300,1.654000,800,1323.200000,-,-,S,5214905,5227187
1,1,3045932,510360,2,20201112,144559200,1.654000,800,1323.200000,-,-,S,5214905,5237512
1,1,3052311,510360,2,20201112,144629050,1.654000,800,1323.200000,-,-,S,5214905,5247640
1,1,3058497,510360,2,20201112,144659090,1.654000,1000,1654.000000,-,-,S,5214905,5257319
1,1,3065209,510360,2,20201112,144728920,1.654000,100,165.400000,-,-,S,5250488,5267803
1,1,3065210,510360,2,20201112,144728920,1.654000,900,1488.600000,-,-,S,5265736,5267803
1,1,3071970,510360,2,20201112,144758980,1.654000,900,1488.600000,-,-,S,5265736,5278080
1,1,3078945,510360,2,20201112,144828820,1.654000,1000,1654.000000,-,-,S,5265736,5288147
1,1,3084262,510360,2,20201112,144851280,1.654000,7200,11908.800000,-,-,S,5265736,5295647
1,1,3084263,510360,2,20201112,144851280,1.654000,142800,236191.200000,-,-,S,5292155,5295647
1,1,3086022,510360,2,20201112,144858760,1.654000,900,1488.600000,-,-,S,5292155,5297968
1,1,3092855,510360,2,20201112,144928770,1.653000,1100,1818.300000,-,-,S,5132770,5308422
1,1,3099174,510360,2,20201112,144958650,1.654000,1100,1819.400000,-,-,S,5309063,5318075
1,1,3109442,510360,2,20201112,145029820,1.654000,800,1323.200000,-,-,B,5332522,5332057
1,1,3116933,510360,2,20201112,145058600,1.653000,800,1322.400000,-,-,S,5132770,5343443
1,1,3125778,510360,2,20201112,145129350,1.654000,900,1488.600000,-,-,S,5355334,5355935
1,1,3133795,510360,2,20201112,145159450,1.653000,900,1487.700000,-,-,S,5132770,5367130
1,1,3134184,510360,2,20201112,145200930,1.654000,150000,248100.000000,-,-,B,5367702,5363635
1,1,3138702,510360,2,20201112,145216550,1.655000,700,1158.500000,-,-,B,5374214,4734846
1,1,3142355,510360,2,20201112,145229490,1.654000,100,165.400000,-,-,S,5370238,5379369
1,1,3150724,510360,2,20201112,145259290,1.653000,900,1487.700000,-,-,S,5132770,5390889
1,1,3160183,510360,2,20201112,145329290,1.653000,900,1487.700000,-,-,S,5132770,5403443
1,1,3168587,510360,2,20201112,145359080,1.653000,700,1157.100000,-,-,S,5132770,5415064
1,1,3178035,510360,2,20201112,145428910,1.653000,900,1487.700000,-,-,S,5132770,5428341
1,1,3187432,510360,2,20201112,145459010,1.653000,700,1157.100000,-,-,S,5397256,5441378
1,1,3192938,510360,2,20201112,145513870,1.655000,500,827.500000,-,-,B,5449620,4734846
1,1,3192939,510360,2,20201112,145513870,1.655000,1200,1986.000000,-,-,B,5449620,5375220
1,1,3192940,510360,2,20201112,145513870,1.655000,5000,8275.000000,-,-,B,5449620,5379875
1,1,3198124,510360,2,20201112,145528810,1.655000,600,993.000000,-,-,S,5449620,5456286
1,1,3199580,510360,2,20201112,145533220,1.655000,1000,1655.000000,-,-,S,5449620,5458200
1,1,3204734,510360,2,20201112,145550350,1.655000,6800,11254.000000,-,-,S,5449620,5465521
1,1,3207413,510360,2,20201112,145558910,1.654000,200,330.800000,-,-,S,5444145,5468985
1,1,3217633,510360,2,20201112,145628700,1.653000,900,1487.700000,-,-,S,5397256,5482703
