Datetime,Price,Volume
2020-08-12 09:25:00.570,3.303,2500
2020-08-12 09:25:00.570,3.303,200
2020-08-12 09:25:00.570,3.303,1400
2020-08-12 09:25:00.570,3.303,2200
2020-08-12 09:25:00.570,3.303,100
2020-08-12 09:25:00.570,3.303,1400
2020-08-12 09:25:00.570,3.303,1500
2020-08-12 09:25:00.570,3.303,1900
2020-08-12 09:25:00.570,3.303,6600
2020-08-12 09:25:00.570,3.303,100
2020-08-12 09:25:00.570,3.303,9300
2020-08-12 09:25:00.570,3.303,5000
2020-08-12 09:25:00.570,3.303,500
2020-08-12 09:25:00.570,3.303,8600
2020-08-12 09:25:00.570,3.303,4300
2020-08-12 09:25:00.570,3.303,2300
2020-08-12 09:25:00.570,3.303,26600
2020-08-12 09:25:00.570,3.303,10000
2020-08-12 09:25:00.570,3.303,10000
2020-08-12 09:25:00.570,3.303,3400
2020-08-12 09:25:00.570,3.303,6600
2020-08-12 09:25:00.570,3.303,3400
2020-08-12 09:25:00.570,3.303,6600
2020-08-12 09:25:00.570,3.303,500
2020-08-12 09:25:00.570,3.303,22900
2020-08-12 09:25:00.570,3.303,10000
2020-08-12 09:25:00.570,3.303,100
2020-08-12 09:25:00.570,3.303,100
2020-08-12 09:25:00.570,3.303,100
2020-08-12 09:25:00.570,3.303,5000
2020-08-12 09:25:00.570,3.303,2000
2020-08-12 09:25:00.570,3.303,9800
2020-08-12 09:25:00.570,3.303,10000
2020-08-12 09:25:00.570,3.303,10000
2020-08-12 09:25:00.570,3.303,20200
2020-08-12 09:25:00.570,3.303,5000
2020-08-12 09:25:00.570,3.303,1000
2020-08-12 09:25:00.570,3.303,10000
2020-08-12 09:25:00.570,3.303,200
2020-08-12 09:25:00.570,3.303,3500
2020-08-12 09:25:00.570,3.303,1500
2020-08-12 09:25:00.570,3.303,3000
2020-08-12 09:25:00.570,3.303,100
2020-08-12 09:25:00.570,3.303,200
2020-08-12 09:25:00.570,3.303,5100
2020-08-12 09:25:00.570,3.303,300
2020-08-12 09:25:00.570,3.303,500
2020-08-12 09:25:00.570,3.303,6100
2020-08-12 09:25:00.570,3.303,1000
2020-08-12 09:25:00.570,3.303,100
2020-08-12 09:25:00.570,3.303,100
2020-08-12 09:25:00.570,3.303,1300
2020-08-12 09:25:00.570,3.303,200
2020-08-12 09:25:00.570,3.303,100
2020-08-12 09:25:00.570,3.303,5000
2020-08-12 09:25:00.570,3.303,300
2020-08-12 09:25:00.570,3.303,800
2020-08-12 09:25:00.570,3.303,4600
2020-08-12 09:25:00.570,3.303,700
2020-08-12 09:25:00.570,3.303,17500
2020-08-12 09:25:00.570,3.303,3200
2020-08-12 09:25:00.570,3.303,1200
2020-08-12 09:25:00.570,3.303,100
2020-08-12 09:25:00.570,3.303,1000
2020-08-12 09:25:00.570,3.303,100
2020-08-12 09:25:00.570,3.303,100
2020-08-12 09:25:00.570,3.303,300
2020-08-12 09:25:00.570,3.303,3000
2020-08-12 09:25:00.570,3.303,800
2020-08-12 09:25:00.570,3.303,1000
2020-08-12 09:25:00.570,3.303,1000
2020-08-12 09:25:00.570,3.303,1500
2020-08-12 09:25:00.570,3.303,2000
2020-08-12 09:25:00.570,3.303,16700
2020-08-12 09:25:00.570,3.303,300
2020-08-12 09:25:00.570,3.303,1500
2020-08-12 09:25:00.570,3.303,200
2020-08-12 09:25:00.570,3.303,8500
2020-08-12 09:25:00.570,3.303,3500
2020-08-12 09:25:00.570,3.303,2000
2020-08-12 09:25:00.570,3.303,600
2020-08-12 09:25:00.570,3.303,2400
2020-08-12 09:25:00.570,3.303,10000
2020-08-12 09:25:00.570,3.303,800
2020-08-12 09:25:00.570,3.303,2200
2020-08-12 09:25:00.570,3.303,1000
2020-08-12 09:25:00.570,3.303,6000
2020-08-12 09:25:00.570,3.303,1000
2020-08-12 09:25:00.570,3.303,700
2020-08-12 09:25:00.570,3.303,1600
2020-08-12 09:25:00.570,3.303,1000
2020-08-12 09:25:00.570,3.303,3700
2020-08-12 09:25:00.570,3.303,1500
2020-08-12 09:25:00.570,3.303,100
2020-08-12 09:25:00.570,3.303,41200
2020-08-12 09:25:00.570,3.303,3000
2020-08-12 09:25:00.570,3.303,10000
2020-08-12 09:25:00.570,3.303,3000
2020-08-12 09:25:00.570,3.303,14900
2020-08-12 09:25:00.570,3.303,1000
2020-08-12 09:25:00.570,3.303,500
2020-08-12 09:25:00.570,3.303,1500
2020-08-12 09:25:00.570,3.303,2800
2020-08-12 09:25:00.570,3.303,500
2020-08-12 09:25:00.570,3.303,10000
2020-08-12 09:25:00.570,3.303,11600
2020-08-12 09:25:00.570,3.303,10500
2020-08-12 09:25:00.570,3.303,300
2020-08-12 09:25:00.570,3.303,200
2020-08-12 09:25:00.570,3.303,7900
2020-08-12 09:25:00.570,3.303,15900
2020-08-12 09:25:00.570,3.303,3000
2020-08-12 09:25:00.570,3.303,3200
2020-08-12 09:25:00.570,3.303,1500
2020-08-12 09:25:00.570,3.303,1000
2020-08-12 09:25:00.570,3.303,3000
2020-08-12 09:25:00.570,3.303,5000
2020-08-12 09:25:00.570,3.303,3000
2020-08-12 09:25:00.570,3.303,10000
2020-08-12 09:25:00.570,3.303,5000
2020-08-12 09:25:00.570,3.303,4300
2020-08-12 09:25:00.570,3.303,200
2020-08-12 09:25:00.570,3.303,9000
2020-08-12 09:25:00.570,3.303,4800
2020-08-12 09:25:00.570,3.303,3200
2020-08-12 09:25:00.570,3.303,5000
2020-08-12 09:25:00.570,3.303,1000
2020-08-12 09:25:00.570,3.303,1000
2020-08-12 09:25:00.570,3.303,1800
2020-08-12 09:25:00.570,3.303,3200
2020-08-12 09:25:00.570,3.303,14800
2020-08-12 09:25:00.570,3.303,3800
2020-08-12 09:25:00.570,3.303,1400
2020-08-12 09:25:00.570,3.303,1000
2020-08-12 09:25:00.570,3.303,900
2020-08-12 09:25:00.570,3.303,900
2020-08-12 09:25:00.570,3.303,200
2020-08-12 09:25:00.570,3.303,100
2020-08-12 09:25:00.570,3.303,1000
2020-08-12 09:25:00.570,3.303,1000
2020-08-12 09:25:00.570,3.303,600
2020-08-12 09:25:00.570,3.303,7300
2020-08-12 09:25:00.570,3.303,2100
2020-08-12 09:25:00.570,3.303,200
2020-08-12 09:25:00.570,3.303,100
2020-08-12 09:25:00.570,3.303,10000
2020-08-12 09:25:00.570,3.303,20000
2020-08-12 09:25:00.570,3.303,5100
2020-08-12 09:25:00.570,3.303,5900
2020-08-12 09:25:00.570,3.303,4800
2020-08-12 09:25:00.570,3.303,5500
2020-08-12 09:25:00.570,3.303,200
2020-08-12 09:25:00.570,3.303,55200
2020-08-12 09:25:00.570,3.303,6000
2020-08-12 09:25:00.570,3.303,7600
2020-08-12 09:25:00.570,3.303,10000
2020-08-12 09:25:00.570,3.303,15000
2020-08-12 09:25:00.570,3.303,30000
2020-08-12 09:25:00.570,3.303,4600
2020-08-12 09:25:00.570,3.303,9500
2020-08-12 09:25:00.570,3.303,175400
2020-08-12 09:25:00.570,3.303,115000
2020-08-12 09:25:00.570,3.303,25000
2020-08-12 09:25:00.570,3.303,46700
2020-08-12 09:25:00.570,3.303,4900
2020-08-12 09:25:00.570,3.303,3600
2020-08-12 09:25:00.570,3.303,11500
2020-08-12 09:25:00.570,3.303,1600
2020-08-12 09:25:00.570,3.303,3400
2020-08-12 09:25:00.570,3.303,5000
2020-08-12 09:25:00.570,3.303,900
2020-08-12 09:25:00.570,3.303,10600
2020-08-12 09:25:00.570,3.303,5000
2020-08-12 09:30:00.050,3.302,200
2020-08-12 09:30:00.050,3.302,300
2020-08-12 09:30:00.050,3.302,1000
2020-08-12 09:30:00.050,3.302,1400
2020-08-12 09:30:00.050,3.302,700
2020-08-12 09:30:00.080,3.301,500
2020-08-12 09:30:00.080,3.301,200
2020-08-12 09:30:00.080,3.301,1600
2020-08-12 09:30:00.080,3.301,10000
2020-08-12 09:30:00.080,3.301,50000
2020-08-12 09:30:00.080,3.301,200
2020-08-12 09:30:00.080,3.301,80500
2020-08-12 09:30:00.280,3.302,30000
2020-08-12 09:30:00.280,3.302,2000
2020-08-12 09:30:00.350,3.301,10800
2020-08-12 09:30:00.350,3.301,600
2020-08-12 09:30:00.350,3.301,7000
2020-08-12 09:30:00.350,3.301,1000
2020-08-12 09:30:00.350,3.301,600
2020-08-12 09:30:00.400,3.301,1000
2020-08-12 09:30:00.400,3.301,2900
2020-08-12 09:30:00.400,3.302,4500
2020-08-12 09:30:00.400,3.301,30500
2020-08-12 09:30:00.450,3.302,2000
2020-08-12 09:30:00.450,3.301,10000
2020-08-12 09:30:00.600,3.302,2000
2020-08-12 09:30:00.600,3.302,3000
2020-08-12 09:30:00.600,3.303,44000
2020-08-12 09:30:00.740,3.302,15000
2020-08-12 09:30:00.740,3.302,2000
2020-08-12 09:30:00.790,3.302,2000
2020-08-12 09:30:00.790,3.302,200
2020-08-12 09:30:00.970,3.301,2300
2020-08-12 09:30:00.970,3.302,4600
2020-08-12 09:30:01.040,3.301,452700
2020-08-12 09:30:01.040,3.301,5000
2020-08-12 09:30:01.040,3.301,200
2020-08-12 09:30:01.040,3.3,2000
2020-08-12 09:30:01.040,3.3,600
2020-08-12 09:30:01.040,3.3,5000
2020-08-12 09:30:01.040,3.3,1000
2020-08-12 09:30:01.040,3.3,100
2020-08-12 09:30:01.040,3.3,3100
2020-08-12 09:30:01.040,3.3,1700
2020-08-12 09:30:01.040,3.3,6000
2020-08-12 09:30:01.040,3.3,200
2020-08-12 09:30:01.040,3.3,100
2020-08-12 09:30:01.040,3.3,900
2020-08-12 09:30:01.040,3.3,5000
2020-08-12 09:30:01.040,3.3,700
2020-08-12 09:30:01.040,3.3,300
2020-08-12 09:30:01.040,3.3,2000
2020-08-12 09:30:01.040,3.3,1200
2020-08-12 09:30:01.040,3.3,3000
2020-08-12 09:30:01.040,3.3,200
2020-08-12 09:30:01.040,3.3,6100
2020-08-12 09:30:01.040,3.3,3000
2020-08-12 09:30:01.040,3.3,200
2020-08-12 09:30:01.040,3.3,100
2020-08-12 09:30:01.040,3.3,10000
2020-08-12 09:30:01.040,3.3,2000
2020-08-12 09:30:01.040,3.3,1500
2020-08-12 09:30:01.040,3.3,2500
2020-08-12 09:30:01.040,3.3,10000
2020-08-12 09:30:01.040,3.3,200
2020-08-12 09:30:01.040,3.3,5600
2020-08-12 09:30:01.040,3.3,200
2020-08-12 09:30:01.040,3.3,3900
2020-08-12 09:30:01.040,3.3,10000
2020-08-12 09:30:01.040,3.3,300
2020-08-12 09:30:01.040,3.3,500
2020-08-12 09:30:01.040,3.3,400
2020-08-12 09:30:01.040,3.3,1000
2020-08-12 09:30:01.040,3.3,2600
2020-08-12 09:30:01.040,3.3,100
2020-08-12 09:30:01.040,3.3,15000
2020-08-12 09:30:01.040,3.3,10000
2020-08-12 09:30:01.040,3.3,100
2020-08-12 09:30:01.040,3.3,200
2020-08-12 09:30:01.040,3.3,1000
2020-08-12 09:30:01.040,3.3,800
2020-08-12 09:30:01.040,3.3,1000
2020-08-12 09:30:01.040,3.3,3000
2020-08-12 09:30:01.040,3.3,3000
2020-08-12 09:30:01.040,3.3,1000
2020-08-12 09:30:01.040,3.3,1000
2020-08-12 09:30:01.040,3.3,500
2020-08-12 09:30:01.040,3.3,2000
2020-08-12 09:30:01.040,3.3,2000
2020-08-12 09:30:01.040,3.3,13300
2020-08-12 09:30:01.040,3.302,600
2020-08-12 09:30:01.040,3.3,5000
2020-08-12 09:30:01.120,3.302,5000
2020-08-12 09:30:01.120,3.302,2000
2020-08-12 09:30:01.120,3.302,1000
2020-08-12 09:30:01.120,3.302,27600
2020-08-12 09:30:01.120,3.302,2400
2020-08-12 09:30:01.200,3.3,10000
2020-08-12 09:30:01.200,3.302,500
2020-08-12 09:30:01.340,3.302,1900
2020-08-12 09:30:01.440,3.302,1600
2020-08-12 09:30:01.440,3.302,3600
2020-08-12 09:30:01.440,3.302,5700
2020-08-12 09:30:01.440,3.301,300
2020-08-12 09:30:01.580,3.3,3000
2020-08-12 09:30:01.640,3.301,1000
2020-08-12 09:30:01.640,3.3,68700
2020-08-12 09:30:01.640,3.3,10000
2020-08-12 09:30:01.640,3.3,100
2020-08-12 09:30:01.640,3.3,10000
2020-08-12 09:30:01.640,3.3,38400
2020-08-12 09:30:01.640,3.3,2200
2020-08-12 09:30:01.640,3.3,4300
2020-08-12 09:30:01.640,3.3,20000
2020-08-12 09:30:01.770,3.3,10000
2020-08-12 09:30:01.770,3.3,4700
2020-08-12 09:30:01.770,3.3,1000
2020-08-12 09:30:01.900,3.3,2000
2020-08-12 09:30:01.900,3.3,1000
2020-08-12 09:30:02.020,3.3,63900
2020-08-12 09:30:02.020,3.301,1500
2020-08-12 09:30:02.020,3.301,73400
2020-08-12 09:30:02.020,3.301,16300
2020-08-12 09:30:02.020,3.301,2500
2020-08-12 09:30:02.140,3.301,2000
2020-08-12 09:30:02.140,3.301,10000
2020-08-12 09:30:02.240,3.301,1000
2020-08-12 09:30:02.460,3.3,5000
2020-08-12 09:30:02.460,3.299,1000
2020-08-12 09:30:02.460,3.301,23600
2020-08-12 09:30:02.590,3.301,5000
2020-08-12 09:30:02.590,3.301,12000
2020-08-12 09:30:02.590,3.301,40600
2020-08-12 09:30:02.770,3.299,4000
2020-08-12 09:30:02.770,3.299,100
2020-08-12 09:30:02.770,3.299,200
2020-08-12 09:30:02.770,3.299,200
2020-08-12 09:30:02.770,3.299,200
2020-08-12 09:30:02.770,3.299,1000
2020-08-12 09:30:02.770,3.299,200
2020-08-12 09:30:02.770,3.299,5000
2020-08-12 09:30:02.770,3.299,4100
2020-08-12 09:30:02.990,3.301,1000
2020-08-12 09:30:03.060,3.301,2400
2020-08-12 09:30:03.060,3.3,10000
2020-08-12 09:30:03.060,3.3,900
2020-08-12 09:30:03.120,3.3,2000
2020-08-12 09:30:03.120,3.301,1000
2020-08-12 09:30:03.160,3.3,54000
2020-08-12 09:30:03.160,3.3,1000
2020-08-12 09:30:03.160,3.301,500
2020-08-12 09:30:03.600,3.301,50700
2020-08-12 09:30:03.600,3.301,1100
2020-08-12 09:30:03.600,3.301,7000
2020-08-12 09:30:03.650,3.301,56600
2020-08-12 09:30:03.650,3.301,23100
2020-08-12 09:30:03.960,3.301,1500
2020-08-12 09:30:03.960,3.301,3000
2020-08-12 09:30:04.090,3.301,10000
2020-08-12 09:30:04.090,3.3,2900
2020-08-12 09:30:04.470,3.301,20000
2020-08-12 09:30:04.580,3.301,3900
2020-08-12 09:30:04.580,3.301,1000
2020-08-12 09:30:04.580,3.301,4900
2020-08-12 09:30:04.650,3.301,3000
2020-08-12 09:30:04.900,3.301,54200
2020-08-12 09:30:04.900,3.3,1100
2020-08-12 09:30:04.920,3.301,10000
2020-08-12 09:30:05.000,3.301,54300
2020-08-12 09:30:05.190,3.301,1000
2020-08-12 09:30:05.190,3.301,900
2020-08-12 09:30:05.190,3.301,7400
2020-08-12 09:30:05.450,3.301,2100
2020-08-12 09:30:05.450,3.301,47900
2020-08-12 09:30:05.910,3.301,2000
2020-08-12 09:30:05.950,3.3,15000
2020-08-12 09:30:05.950,3.301,30000
2020-08-12 09:30:06.020,3.301,100
2020-08-12 09:30:06.020,3.301,10000
2020-08-12 09:30:06.090,3.301,10000
2020-08-12 09:30:06.230,3.301,5000
2020-08-12 09:30:06.450,3.301,2000
2020-08-12 09:30:06.580,3.3,3200
2020-08-12 09:30:06.750,3.301,10000
2020-08-12 09:30:07.020,3.301,500
2020-08-12 09:30:07.050,3.301,20500
2020-08-12 09:30:07.050,3.301,13100
2020-08-12 09:30:07.050,3.301,2159
2020-08-12 09:30:07.050,3.301,4500
2020-08-12 09:30:07.130,3.302,8100
2020-08-12 09:30:07.330,3.302,3000
2020-08-12 09:30:07.410,3.302,1000
2020-08-12 09:30:07.710,3.302,300
2020-08-12 09:30:07.710,3.302,10000
2020-08-12 09:30:08.320,3.301,6400
2020-08-12 09:30:08.350,3.302,2500
2020-08-12 09:30:08.350,3.302,23000
2020-08-12 09:30:08.350,3.302,14500
2020-08-12 09:30:08.400,3.301,400
2020-08-12 09:30:08.400,3.302,2000
2020-08-12 09:30:08.590,3.302,1500
2020-08-12 09:30:08.590,3.302,2000
2020-08-12 09:30:08.590,3.302,200
2020-08-12 09:30:08.590,3.302,6300
2020-08-12 09:30:08.630,3.301,8900
2020-08-12 09:30:08.630,3.302,3300
2020-08-12 09:30:08.630,3.302,1500
2020-08-12 09:30:08.630,3.302,200
2020-08-12 09:30:08.630,3.302,100
2020-08-12 09:30:08.630,3.302,400
2020-08-12 09:30:08.710,3.302,8000
2020-08-12 09:30:08.770,3.302,7200
2020-08-12 09:30:08.770,3.302,300
2020-08-12 09:30:08.770,3.302,1300
2020-08-12 09:30:08.770,3.302,10000
2020-08-12 09:30:08.770,3.302,1600
2020-08-12 09:30:08.770,3.302,7100
2020-08-12 09:30:08.770,3.302,1600
2020-08-12 09:30:08.770,3.301,10000
2020-08-12 09:30:08.820,3.301,10600
2020-08-12 09:30:08.940,3.301,5900
2020-08-12 09:30:08.940,3.302,500
2020-08-12 09:30:09.020,3.302,2000
2020-08-12 09:30:09.060,3.301,2400
2020-08-12 09:30:09.100,3.302,200
2020-08-12 09:30:09.340,3.302,1300
2020-08-12 09:30:09.340,3.301,300
2020-08-12 09:30:09.380,3.302,33100
2020-08-12 09:30:09.420,3.301,9000
2020-08-12 09:30:09.460,3.302,9000
2020-08-12 09:30:09.500,3.302,6000
2020-08-12 09:30:09.870,3.301,50000
2020-08-12 09:30:10.030,3.302,300
2020-08-12 09:30:10.140,3.302,300
2020-08-12 09:30:10.340,3.301,5000
2020-08-12 09:30:10.340,3.302,1000
2020-08-12 09:30:10.340,3.302,100
2020-08-12 09:30:10.410,3.302,5000
2020-08-12 09:30:10.480,3.301,300
2020-08-12 09:30:11.120,3.302,400
2020-08-12 09:30:11.240,3.301,1000
2020-08-12 09:30:11.310,3.301,26000
2020-08-12 09:30:11.410,3.302,2000
2020-08-12 09:30:12.210,3.301,4900
2020-08-12 09:30:12.320,3.301,300
2020-08-12 09:30:12.390,3.301,48700
2020-08-12 09:30:13.070,3.301,3000
2020-08-12 09:30:13.180,3.302,100000
2020-08-12 09:30:13.980,3.302,4000
2020-08-12 09:30:13.980,3.301,66641
2020-08-12 09:30:13.980,3.301,900
2020-08-12 09:30:13.980,3.301,1000
2020-08-12 09:30:13.980,3.301,189359
2020-08-12 09:30:14.300,3.302,100
2020-08-12 09:30:14.910,3.3,1200
2020-08-12 09:30:15.380,3.301,5000
2020-08-12 09:30:15.510,3.301,100
2020-08-12 09:30:16.250,3.301,2800
2020-08-12 09:30:16.440,3.302,178500
2020-08-12 09:30:16.440,3.302,8200
2020-08-12 09:30:16.440,3.302,2000
2020-08-12 09:30:16.440,3.302,500
2020-08-12 09:30:16.440,3.302,100
2020-08-12 09:30:16.440,3.302,3000
2020-08-12 09:30:16.440,3.302,1900
2020-08-12 09:30:16.440,3.302,4000
2020-08-12 09:30:16.440,3.302,100
2020-08-12 09:30:16.440,3.302,3000
2020-08-12 09:30:16.440,3.302,5600
2020-08-12 09:30:16.440,3.302,200
2020-08-12 09:30:16.440,3.302,92900
2020-08-12 09:30:16.950,3.302,19400
2020-08-12 09:30:16.950,3.302,20000
2020-08-12 09:30:16.950,3.302,36600
2020-08-12 09:30:16.950,3.302,700
2020-08-12 09:30:16.950,3.302,500
2020-08-12 09:30:16.950,3.302,2900
2020-08-12 09:30:16.950,3.302,1000
2020-08-12 09:30:16.950,3.302,10000
2020-08-12 09:30:16.950,3.302,10000
2020-08-12 09:30:16.950,3.302,10000
2020-08-12 09:30:16.950,3.302,361200
2020-08-12 09:30:16.950,3.302,30800
2020-08-12 09:30:16.950,3.302,100
2020-08-12 09:30:16.950,3.302,10000
2020-08-12 09:30:16.950,3.302,30000
2020-08-12 09:30:16.950,3.302,100
2020-08-12 09:30:16.950,3.302,48000
2020-08-12 09:30:16.950,3.302,10000
2020-08-12 09:30:17.240,3.303,30000
2020-08-12 09:30:17.500,3.302,500
2020-08-12 09:30:17.740,3.302,4000
2020-08-12 09:30:17.910,3.303,700
2020-08-12 09:30:18.190,3.303,600
2020-08-12 09:30:18.250,3.303,20800
2020-08-12 09:30:18.430,3.303,138300
2020-08-12 09:30:18.430,3.303,6300
2020-08-12 09:30:18.430,3.303,9100
2020-08-12 09:30:18.430,3.303,146300
2020-08-12 09:30:18.750,3.303,300000
2020-08-12 09:30:19.210,3.303,453700
2020-08-12 09:30:19.210,3.303,500
2020-08-12 09:30:19.210,3.303,500
2020-08-12 09:30:19.210,3.303,1500
2020-08-12 09:30:19.210,3.303,10000
2020-08-12 09:30:19.210,3.303,4000
2020-08-12 09:30:19.210,3.303,2800
2020-08-12 09:30:19.580,3.303,800
2020-08-12 09:30:21.320,3.304,2000
2020-08-12 09:30:22.660,3.305,3600
2020-08-12 09:30:22.660,3.305,10600
2020-08-12 09:30:22.660,3.305,800
2020-08-12 09:30:22.720,3.304,2800
2020-08-12 09:30:24.590,3.304,200
2020-08-12 09:30:24.790,3.305,14000
2020-08-12 09:30:24.790,3.305,6000
2020-08-12 09:30:25.320,3.305,4000
2020-08-12 09:30:25.320,3.305,2000
2020-08-12 09:30:25.320,3.305,294000
2020-08-12 09:30:25.410,3.304,800
2020-08-12 09:30:25.930,3.305,300000
2020-08-12 09:30:26.000,3.305,320600
2020-08-12 09:30:26.000,3.305,500
2020-08-12 09:30:27.250,3.306,68900
2020-08-12 09:30:27.250,3.306,10000
2020-08-12 09:30:27.250,3.306,221100
2020-08-12 09:30:27.490,3.306,59500
2020-08-12 09:30:27.490,3.306,10000
2020-08-12 09:30:27.490,3.306,300
2020-08-12 09:30:27.490,3.306,15000
2020-08-12 09:30:27.490,3.306,3000
2020-08-12 09:30:27.490,3.306,22900
2020-08-12 09:30:27.680,3.306,17100
2020-08-12 09:30:27.680,3.307,100
2020-08-12 09:30:27.680,3.307,500
2020-08-12 09:30:27.680,3.307,100
2020-08-12 09:30:27.680,3.307,100
2020-08-12 09:30:27.680,3.307,100
2020-08-12 09:30:27.680,3.307,1800
2020-08-12 09:30:27.680,3.307,100
2020-08-12 09:30:27.680,3.307,1000
2020-08-12 09:30:27.680,3.307,1900
2020-08-12 09:30:27.680,3.307,2700
2020-08-12 09:30:27.680,3.307,1700
2020-08-12 09:30:27.680,3.307,400
2020-08-12 09:30:27.680,3.307,7000
2020-08-12 09:30:27.680,3.307,500
2020-08-12 09:30:27.680,3.307,1000
2020-08-12 09:30:27.680,3.307,4100
2020-08-12 09:30:27.680,3.307,200
2020-08-12 09:30:27.680,3.307,500
2020-08-12 09:30:27.680,3.307,8500
2020-08-12 09:30:27.680,3.307,200
2020-08-12 09:30:27.680,3.307,100
2020-08-12 09:30:27.680,3.307,15000
2020-08-12 09:30:27.680,3.307,400
2020-08-12 09:30:27.680,3.307,600
2020-08-12 09:30:27.680,3.307,400
2020-08-12 09:30:27.680,3.307,3000
2020-08-12 09:30:27.680,3.307,2000
2020-08-12 09:30:27.680,3.307,300
2020-08-12 09:30:27.680,3.307,1900
2020-08-12 09:30:27.680,3.307,2200
2020-08-12 09:30:27.680,3.307,1500
2020-08-12 09:30:27.680,3.307,30900
2020-08-12 09:30:27.680,3.308,900
2020-08-12 09:30:27.800,3.308,4500
2020-08-12 09:30:28.580,3.308,28500
2020-08-12 09:30:29.550,3.309,500
2020-08-12 09:30:29.550,3.309,400
2020-08-12 09:30:30.750,3.309,3000
2020-08-12 09:30:30.800,3.31,6000
2020-08-12 09:30:30.800,3.31,100
2020-08-12 09:30:30.800,3.31,900
2020-08-12 09:30:30.800,3.31,1000
2020-08-12 09:30:30.800,3.31,1500
2020-08-12 09:30:30.800,3.31,400
2020-08-12 09:30:30.800,3.31,10000
2020-08-12 09:30:30.800,3.31,2200
2020-08-12 09:30:31.730,3.31,7800
2020-08-12 09:30:31.730,3.31,5000
2020-08-12 09:30:31.730,3.31,5000
2020-08-12 09:30:31.730,3.31,600
2020-08-12 09:30:31.730,3.31,700
2020-08-12 09:30:31.730,3.31,100
2020-08-12 09:30:31.730,3.31,500
2020-08-12 09:30:31.730,3.31,2000
2020-08-12 09:30:31.730,3.31,15000
2020-08-12 09:30:31.730,3.31,10000
2020-08-12 09:30:31.730,3.311,100
2020-08-12 09:30:31.730,3.311,7900
2020-08-12 09:30:31.730,3.311,1000
2020-08-12 09:30:32.000,3.312,100
2020-08-12 09:30:32.000,3.312,6000
2020-08-12 09:30:32.000,3.312,1000
2020-08-12 09:30:32.000,3.312,3400
2020-08-12 09:30:33.000,3.311,500
2020-08-12 09:30:33.630,3.312,1600
2020-08-12 09:30:34.450,3.312,5800
2020-08-12 09:30:34.970,3.312,4000
2020-08-12 09:30:35.070,3.313,100
2020-08-12 09:30:35.070,3.313,900
2020-08-12 09:30:35.820,3.313,100
2020-08-12 09:30:35.820,3.313,200
2020-08-12 09:30:35.820,3.313,5000
2020-08-12 09:30:35.820,3.313,2100
2020-08-12 09:30:35.820,3.314,100
2020-08-12 09:30:35.820,3.314,10000
2020-08-12 09:30:35.820,3.314,6000
2020-08-12 09:30:35.820,3.314,1000
2020-08-12 09:30:35.820,3.314,200
2020-08-12 09:30:35.820,3.314,5000
2020-08-12 09:30:35.820,3.314,30500
2020-08-12 09:30:35.820,3.315,100
2020-08-12 09:30:35.820,3.315,2000
2020-08-12 09:30:35.820,3.315,1000
2020-08-12 09:30:35.820,3.315,200
2020-08-12 09:30:35.820,3.315,100
2020-08-12 09:30:35.820,3.315,13000
2020-08-12 09:30:35.820,3.315,3700
2020-08-12 09:30:35.820,3.315,5000
2020-08-12 09:30:35.820,3.315,1000
2020-08-12 09:30:35.820,3.315,5000
2020-08-12 09:30:36.590,3.315,200
2020-08-12 09:30:37.230,3.315,10000
2020-08-12 09:30:37.550,3.316,100
2020-08-12 09:30:37.550,3.316,300
2020-08-12 09:30:37.550,3.316,6000
2020-08-12 09:30:37.550,3.316,1000
2020-08-12 09:30:37.550,3.316,200
2020-08-12 09:30:37.550,3.316,5000
2020-08-12 09:30:37.550,3.316,500
2020-08-12 09:30:37.550,3.316,286900
2020-08-12 09:30:38.650,3.316,2000
2020-08-12 09:30:39.860,3.316,4500
2020-08-12 09:30:40.330,3.316,500
2020-08-12 09:30:40.980,3.316,19800
2020-08-12 09:30:40.980,3.316,2300
2020-08-12 09:30:42.030,3.316,11900
2020-08-12 09:30:42.030,3.314,1100
2020-08-12 09:30:42.030,3.314,287000
2020-08-12 09:30:42.030,3.317,100
2020-08-12 09:30:42.250,3.314,200
2020-08-12 09:30:42.250,3.314,200
2020-08-12 09:30:42.250,3.314,200
2020-08-12 09:30:42.280,3.317,900
2020-08-12 09:30:42.480,3.317,1700
2020-08-12 09:30:42.620,3.314,500
2020-08-12 09:30:43.620,3.317,2900
2020-08-12 09:30:43.620,3.317,1000
2020-08-12 09:30:43.620,3.317,6100
2020-08-12 09:30:43.850,3.317,3900
2020-08-12 09:30:43.850,3.317,5000
2020-08-12 09:30:43.850,3.317,13100
2020-08-12 09:30:43.850,3.317,78800
2020-08-12 09:30:44.000,3.317,300
2020-08-12 09:30:44.210,3.316,100
2020-08-12 09:30:44.870,3.315,2100
2020-08-12 09:30:45.040,3.313,1600
2020-08-12 09:30:45.670,3.313,298400
2020-08-12 09:30:45.940,3.313,500
2020-08-12 09:30:47.020,3.313,1100
2020-08-12 09:30:47.020,3.313,3900
2020-08-12 09:30:47.510,3.312,10000
2020-08-12 09:30:47.510,3.312,1000
2020-08-12 09:30:47.510,3.312,1000
2020-08-12 09:30:47.510,3.312,100
2020-08-12 09:30:47.650,3.312,300000
2020-08-12 09:30:48.260,3.313,1000
2020-08-12 09:30:48.960,3.313,30000
2020-08-12 09:30:49.610,3.313,20000
2020-08-12 09:30:49.960,3.313,200
2020-08-12 09:30:50.230,3.313,244900
2020-08-12 09:30:50.260,3.314,100
2020-08-12 09:30:50.260,3.314,1900
2020-08-12 09:30:50.260,3.314,3100
2020-08-12 09:30:50.410,3.313,100
2020-08-12 09:30:50.960,3.313,6000
2020-08-12 09:30:51.240,3.313,2100
2020-08-12 09:30:51.530,3.313,46900
2020-08-12 09:30:53.580,3.31,100
2020-08-12 09:30:53.580,3.31,2000
2020-08-12 09:30:53.640,3.31,15900
2020-08-12 09:30:53.640,3.311,4100
2020-08-12 09:30:53.670,3.308,3000
2020-08-12 09:30:53.850,3.311,295900
2020-08-12 09:30:53.850,3.311,300000
2020-08-12 09:30:53.850,3.312,40000
2020-08-12 09:30:53.850,3.313,30000
2020-08-12 09:30:53.850,3.313,234100
2020-08-12 09:30:54.010,3.313,5000
2020-08-12 09:30:54.330,3.31,400
2020-08-12 09:30:55.140,3.312,600
2020-08-12 09:30:55.140,3.308,12000
2020-08-12 09:30:55.840,3.311,100
2020-08-12 09:30:57.130,3.311,34000
2020-08-12 09:30:57.290,3.309,48300
2020-08-12 09:30:57.980,3.311,1000
2020-08-12 09:30:58.260,3.309,2900
2020-08-12 09:30:58.350,3.311,1100
2020-08-12 09:30:58.440,3.311,300
2020-08-12 09:30:59.140,3.311,1000
2020-08-12 09:30:59.450,3.311,1000
2020-08-12 09:30:59.610,3.31,5000
2020-08-12 09:31:00.280,3.311,900
2020-08-12 09:31:00.460,3.311,260600
2020-08-12 09:31:00.460,3.311,100
2020-08-12 09:31:00.460,3.313,1000
2020-08-12 09:31:00.460,3.313,3100
2020-08-12 09:31:00.460,3.313,24800
2020-08-12 09:31:00.460,3.313,5000
2020-08-12 09:31:00.460,3.313,500
2020-08-12 09:31:00.460,3.314,1900
2020-08-12 09:31:00.460,3.314,10000
2020-08-12 09:31:00.460,3.314,24800
2020-08-12 09:31:00.460,3.314,5000
2020-08-12 09:31:00.460,3.314,10000
2020-08-12 09:31:00.460,3.315,900
2020-08-12 09:31:00.460,3.315,67800
2020-08-12 09:31:00.970,3.31,5000
2020-08-12 09:31:00.970,3.31,280800
2020-08-12 09:31:01.440,3.313,100000
2020-08-12 09:31:01.710,3.313,100
2020-08-12 09:31:05.360,3.313,100
2020-08-12 09:31:05.360,3.313,7000
2020-08-12 09:31:06.120,3.311,100
2020-08-12 09:31:06.120,3.311,1600
2020-08-12 09:31:06.250,3.313,1000
2020-08-12 09:31:06.930,3.313,1300
2020-08-12 09:31:06.930,3.313,10000
2020-08-12 09:31:06.930,3.314,300000
2020-08-12 09:31:06.930,3.315,6200
2020-08-12 09:31:06.930,3.315,2100
2020-08-12 09:31:06.930,3.315,700
2020-08-12 09:31:08.970,3.315,300000
2020-08-12 09:31:09.770,3.315,5000
2020-08-12 09:31:10.550,3.316,700
2020-08-12 09:31:10.550,3.316,100
2020-08-12 09:31:10.550,3.316,2200
2020-08-12 09:31:10.640,3.315,20000
2020-08-12 09:31:11.020,3.315,16000
2020-08-12 09:31:11.090,3.315,332200
2020-08-12 09:31:11.800,3.315,5000
2020-08-12 09:31:11.860,3.315,1500
2020-08-12 09:31:11.860,3.314,100
2020-08-12 09:31:11.860,3.313,6600
2020-08-12 09:31:12.270,3.313,900
2020-08-12 09:31:12.360,3.313,900
2020-08-12 09:31:12.770,3.313,900
2020-08-12 09:31:12.770,3.313,200
2020-08-12 09:31:12.770,3.313,100
2020-08-12 09:31:12.980,3.313,100
2020-08-12 09:31:13.150,3.313,100
2020-08-12 09:31:14.220,3.313,1600
2020-08-12 09:31:14.800,3.312,500
2020-08-12 09:31:14.800,3.312,25400
2020-08-12 09:31:15.260,3.313,100
2020-08-12 09:31:16.590,3.313,900
2020-08-12 09:31:16.590,3.312,6800
2020-08-12 09:31:18.010,3.313,2000
2020-08-12 09:31:18.010,3.313,298000
2020-08-12 09:31:18.170,3.313,1200
2020-08-12 09:31:18.290,3.315,1000
2020-08-12 09:31:18.930,3.313,800
2020-08-12 09:31:18.930,3.313,4200
2020-08-12 09:31:20.580,3.313,3300
2020-08-12 09:31:20.580,3.313,400
2020-08-12 09:31:21.100,3.315,2000
2020-08-12 09:31:22.160,3.315,1000
2020-08-12 09:31:22.160,3.313,3400
2020-08-12 09:31:23.540,3.314,400
2020-08-12 09:31:24.220,3.315,1600
2020-08-12 09:31:24.310,3.315,1000
2020-08-12 09:31:25.050,3.314,10000
2020-08-12 09:31:26.030,3.314,7900
2020-08-12 09:31:26.470,3.315,193400
2020-08-12 09:31:26.470,3.315,500
2020-08-12 09:31:26.470,3.315,9900
2020-08-12 09:31:26.470,3.315,10000
2020-08-12 09:31:26.470,3.315,10000
2020-08-12 09:31:26.470,3.315,25000
2020-08-12 09:31:27.060,3.315,13000
2020-08-12 09:31:27.060,3.315,2000
2020-08-12 09:31:27.060,3.315,89000
2020-08-12 09:31:27.590,3.315,400
2020-08-12 09:31:28.370,3.315,5000
2020-08-12 09:31:28.500,3.315,5900
2020-08-12 09:31:29.850,3.315,46500
2020-08-12 09:31:29.940,3.316,500
2020-08-12 09:31:29.940,3.316,2900
2020-08-12 09:31:30.300,3.316,900
2020-08-12 09:31:31.130,3.316,2200
2020-08-12 09:31:31.130,3.316,2800
2020-08-12 09:31:31.130,3.315,40000
2020-08-12 09:31:32.080,3.316,3200
2020-08-12 09:31:32.080,3.316,6800
2020-08-12 09:31:33.280,3.315,1500
2020-08-12 09:31:34.120,3.315,2000
2020-08-12 09:31:35.900,3.315,94700
2020-08-12 09:31:35.900,3.315,300
2020-08-12 09:31:35.900,3.315,10000
2020-08-12 09:31:35.960,3.315,700
2020-08-12 09:31:35.990,3.314,15000
2020-08-12 09:31:36.250,3.314,26700
2020-08-12 09:31:36.250,3.314,160000
2020-08-12 09:31:36.250,3.314,1000
2020-08-12 09:31:36.250,3.313,6200
2020-08-12 09:31:36.250,3.313,100
2020-08-12 09:31:36.250,3.313,2900
2020-08-12 09:31:36.250,3.313,2000
2020-08-12 09:31:36.250,3.313,1300
2020-08-12 09:31:36.250,3.313,7000
2020-08-12 09:31:36.250,3.313,500
2020-08-12 09:31:36.250,3.313,10000
2020-08-12 09:31:36.250,3.313,4000
2020-08-12 09:31:36.250,3.313,3000
2020-08-12 09:31:36.250,3.313,5000
2020-08-12 09:31:36.250,3.313,20000
2020-08-12 09:31:36.250,3.313,2000
2020-08-12 09:31:36.250,3.313,23000
2020-08-12 09:31:36.280,3.313,1000
2020-08-12 09:31:38.870,3.313,2400
2020-08-12 09:31:39.810,3.313,100
2020-08-12 09:31:40.300,3.313,2000
2020-08-12 09:31:40.450,3.313,19800
2020-08-12 09:31:40.450,3.315,100
2020-08-12 09:31:40.450,3.315,10000
2020-08-12 09:31:40.450,3.315,5100
2020-08-12 09:31:40.450,3.315,3000
2020-08-12 09:31:40.480,3.315,1000
2020-08-12 09:31:40.690,3.315,1000
2020-08-12 09:31:40.690,3.315,3200
2020-08-12 09:31:40.820,3.315,3000
2020-08-12 09:31:41.310,3.315,300
2020-08-12 09:31:41.970,3.315,100
2020-08-12 09:31:41.970,3.315,4900
2020-08-12 09:31:42.290,3.315,1000
2020-08-12 09:31:42.440,3.314,2000
2020-08-12 09:31:42.590,3.314,8000
2020-08-12 09:31:43.870,3.314,1000
2020-08-12 09:31:44.280,3.315,600
2020-08-12 09:31:44.610,3.314,1000
2020-08-12 09:31:45.370,3.314,3900
2020-08-12 09:31:45.370,3.314,10000
2020-08-12 09:31:45.800,3.314,10000
2020-08-12 09:31:45.910,3.314,4600
2020-08-12 09:31:46.440,3.314,100
2020-08-12 09:31:48.270,3.315,900
2020-08-12 09:31:49.650,3.315,4600
2020-08-12 09:31:49.650,3.315,140000
2020-08-12 09:31:49.650,3.315,15000
2020-08-12 09:31:49.650,3.315,7500
2020-08-12 09:31:49.650,3.315,10000
2020-08-12 09:31:49.650,3.315,2000
2020-08-12 09:31:49.650,3.315,2000
2020-08-12 09:31:49.880,3.315,800
2020-08-12 09:31:50.400,3.315,1300
2020-08-12 09:31:50.470,3.315,3100
2020-08-12 09:31:51.310,3.315,2000
2020-08-12 09:31:51.450,3.315,7000
2020-08-12 09:31:54.290,3.316,1000
2020-08-12 09:31:55.030,3.315,1000
2020-08-12 09:31:55.670,3.315,8800
2020-08-12 09:31:55.670,3.315,200
2020-08-12 09:31:55.670,3.315,5000
2020-08-12 09:31:55.790,3.314,1400
2020-08-12 09:31:55.790,3.314,300
2020-08-12 09:31:55.790,3.314,298300
2020-08-12 09:31:57.300,3.315,3000
2020-08-12 09:31:57.300,3.315,6200
2020-08-12 09:31:59.190,3.314,1700
2020-08-12 09:31:59.190,3.314,1000
2020-08-12 09:31:59.840,3.314,32600
2020-08-12 09:32:00.300,3.314,900
2020-08-12 09:32:00.330,3.313,20000
2020-08-12 09:32:00.330,3.313,2400
2020-08-12 09:32:00.330,3.313,10000
2020-08-12 09:32:00.330,3.313,300
2020-08-12 09:32:00.330,3.313,7300
2020-08-12 09:32:00.330,3.313,10000
2020-08-12 09:32:00.330,3.313,30000
2020-08-12 09:32:00.330,3.313,20000
2020-08-12 09:32:00.330,3.313,100
2020-08-12 09:32:00.330,3.313,1000
2020-08-12 09:32:00.330,3.313,5000
2020-08-12 09:32:00.330,3.313,5000
2020-08-12 09:32:00.330,3.312,188900
2020-08-12 09:32:01.310,3.314,20000
2020-08-12 09:32:01.550,3.314,10000
2020-08-12 09:32:02.390,3.312,278900
2020-08-12 09:32:02.390,3.312,500
2020-08-12 09:32:02.390,3.312,2000
2020-08-12 09:32:02.390,3.312,18600
2020-08-12 09:32:04.280,3.311,48300
2020-08-12 09:32:04.280,3.311,600
2020-08-12 09:32:04.280,3.311,5000
2020-08-12 09:32:04.280,3.311,246100
2020-08-12 09:32:04.910,3.311,53900
2020-08-12 09:32:05.850,3.311,200000
2020-08-12 09:32:05.990,3.31,5000
2020-08-12 09:32:05.990,3.31,40000
2020-08-12 09:32:05.990,3.31,100
2020-08-12 09:32:05.990,3.31,1200
2020-08-12 09:32:05.990,3.31,1200
2020-08-12 09:32:05.990,3.31,2000
2020-08-12 09:32:05.990,3.31,5000
2020-08-12 09:32:05.990,3.31,97200
2020-08-12 09:32:05.990,3.31,500
2020-08-12 09:32:06.190,3.311,20000
2020-08-12 09:32:06.260,3.311,1000
2020-08-12 09:32:06.760,3.309,11100
2020-08-12 09:32:06.760,3.309,4000
2020-08-12 09:32:08.090,3.309,20000
2020-08-12 09:32:09.050,3.308,30000
2020-08-12 09:32:09.050,3.308,10000
2020-08-12 09:32:09.050,3.308,4000
2020-08-12 09:32:09.050,3.307,5000
2020-08-12 09:32:09.050,3.307,2000
2020-08-12 09:32:09.050,3.307,6000
2020-08-12 09:32:09.050,3.307,1000
2020-08-12 09:32:09.110,3.307,125000
2020-08-12 09:32:09.610,3.307,117000
2020-08-12 09:32:09.840,3.309,16900
2020-08-12 09:32:10.590,3.309,2000
2020-08-12 09:32:11.280,3.309,100
2020-08-12 09:32:12.260,3.307,1000
2020-08-12 09:32:12.360,3.307,100
2020-08-12 09:32:12.950,3.307,5000
2020-08-12 09:32:14.160,3.306,5000
2020-08-12 09:32:14.160,3.306,500
2020-08-12 09:32:14.160,3.306,10000
2020-08-12 09:32:14.160,3.306,20000
2020-08-12 09:32:14.160,3.306,4500
2020-08-12 09:32:14.390,3.307,10000
2020-08-12 09:32:14.640,3.306,500
2020-08-12 09:32:14.640,3.306,2500
2020-08-12 09:32:14.850,3.307,14500
2020-08-12 09:32:15.400,3.306,3600
2020-08-12 09:32:15.400,3.306,1600
2020-08-12 09:32:15.400,3.306,139400
2020-08-12 09:32:15.540,3.305,1000
2020-08-12 09:32:15.540,3.305,5000
2020-08-12 09:32:15.540,3.305,9500
2020-08-12 09:32:15.540,3.305,500
2020-08-12 09:32:15.540,3.305,200
2020-08-12 09:32:15.540,3.305,10000
2020-08-12 09:32:15.540,3.305,5000
2020-08-12 09:32:15.540,3.305,700
2020-08-12 09:32:15.540,3.304,11000
2020-08-12 09:32:15.540,3.304,200
2020-08-12 09:32:15.540,3.304,5000
2020-08-12 09:32:15.540,3.304,6100
2020-08-12 09:32:15.540,3.303,65600
2020-08-12 09:32:15.540,3.303,600
2020-08-12 09:32:15.540,3.303,50000
2020-08-12 09:32:15.540,3.303,200
2020-08-12 09:32:15.540,3.303,5000
2020-08-12 09:32:15.540,3.302,1000
2020-08-12 09:32:15.540,3.302,300
2020-08-12 09:32:15.540,3.302,10000
2020-08-12 09:32:15.540,3.302,200
2020-08-12 09:32:15.540,3.302,6100
2020-08-12 09:32:15.540,3.302,5000
2020-08-12 09:32:15.540,3.302,64600
2020-08-12 09:32:16.130,3.306,5000
2020-08-12 09:32:17.250,3.306,5000
2020-08-12 09:32:18.030,3.304,5000
2020-08-12 09:32:18.260,3.304,1000
2020-08-12 09:32:19.620,3.304,3100
2020-08-12 09:32:19.880,3.305,3900
2020-08-12 09:32:20.230,3.304,23900
2020-08-12 09:32:20.600,3.304,1000
2020-08-12 09:32:20.770,3.305,500
2020-08-12 09:32:24.270,3.303,290000
2020-08-12 09:32:24.950,3.303,10000
2020-08-12 09:32:24.950,3.302,3000
2020-08-12 09:32:24.950,3.301,1000
2020-08-12 09:32:24.950,3.301,30000
2020-08-12 09:32:24.950,3.301,3000
2020-08-12 09:32:24.950,3.301,2000
2020-08-12 09:32:24.950,3.301,4000
2020-08-12 09:32:24.950,3.301,5000
2020-08-12 09:32:24.950,3.301,93000
2020-08-12 09:32:24.950,3.301,10000
2020-08-12 09:32:24.950,3.3,8700
2020-08-12 09:32:24.950,3.3,1000
2020-08-12 09:32:24.950,3.3,10000
2020-08-12 09:32:24.950,3.3,2000
2020-08-12 09:32:24.950,3.3,200
2020-08-12 09:32:24.950,3.3,2000
2020-08-12 09:32:24.950,3.3,3000
2020-08-12 09:32:24.950,3.3,1000
2020-08-12 09:32:24.950,3.3,10000
2020-08-12 09:32:24.950,3.3,1000
2020-08-12 09:32:24.950,3.3,100
2020-08-12 09:32:24.950,3.3,10000
2020-08-12 09:32:26.410,3.303,3000
2020-08-12 09:32:26.920,3.303,10000
2020-08-12 09:32:26.980,3.303,5000
2020-08-12 09:32:27.970,3.303,75000
2020-08-12 09:32:27.970,3.303,1000
2020-08-12 09:32:27.970,3.303,124000
2020-08-12 09:32:28.470,3.303,3000
2020-08-12 09:32:28.600,3.303,300
2020-08-12 09:32:28.790,3.303,100
2020-08-12 09:32:29.540,3.303,7000
2020-08-12 09:32:29.590,3.303,20000
2020-08-12 09:32:32.170,3.303,500
2020-08-12 09:32:32.890,3.303,1000
2020-08-12 09:32:33.690,3.301,30500
2020-08-12 09:32:33.690,3.301,20000
2020-08-12 09:32:33.720,3.301,100
2020-08-12 09:32:33.960,3.3,10000
2020-08-12 09:32:33.960,3.3,6000
2020-08-12 09:32:33.960,3.3,2000
2020-08-12 09:32:33.960,3.3,1000
2020-08-12 09:32:33.960,3.3,1000
2020-08-12 09:32:35.220,3.3,2000
2020-08-12 09:32:35.220,3.3,23000
2020-08-12 09:32:35.220,3.3,27000
2020-08-12 09:32:35.220,3.3,1000
2020-08-12 09:32:35.220,3.3,49000
2020-08-12 09:32:35.220,3.3,12000
2020-08-12 09:32:35.220,3.3,38000
2020-08-12 09:32:35.220,3.3,9000
2020-08-12 09:32:35.220,3.3,41000
2020-08-12 09:32:35.220,3.3,400
2020-08-12 09:32:35.220,3.3,700
2020-08-12 09:32:35.220,3.3,10000
2020-08-12 09:32:35.220,3.3,5000
2020-08-12 09:32:35.220,3.3,100
2020-08-12 09:32:35.220,3.3,2000
2020-08-12 09:32:35.220,3.3,1000
2020-08-12 09:32:35.220,3.3,3000
2020-08-12 09:32:35.220,3.3,600
2020-08-12 09:32:35.220,3.3,1000
2020-08-12 09:32:35.220,3.3,3000
2020-08-12 09:32:35.220,3.3,3000
2020-08-12 09:32:35.220,3.3,10000
2020-08-12 09:32:35.220,3.3,100
2020-08-12 09:32:35.220,3.3,5000
2020-08-12 09:32:35.220,3.3,15000
2020-08-12 09:32:35.220,3.3,2500
2020-08-12 09:32:35.220,3.3,2000
2020-08-12 09:32:35.220,3.3,10000
2020-08-12 09:32:35.220,3.3,1000
2020-08-12 09:32:35.220,3.3,3000
2020-08-12 09:32:35.220,3.3,2000
2020-08-12 09:32:35.220,3.3,5000
2020-08-12 09:32:35.220,3.3,10000
2020-08-12 09:32:35.220,3.3,2600
2020-08-12 09:32:35.920,3.3,25700
2020-08-12 09:32:36.380,3.3,27000
2020-08-12 09:32:36.380,3.3,2000
2020-08-12 09:32:36.380,3.3,5000
2020-08-12 09:32:36.380,3.3,1000
2020-08-12 09:32:36.380,3.3,6100
2020-08-12 09:32:36.380,3.3,3000
2020-08-12 09:32:36.380,3.3,5300
2020-08-12 09:32:36.420,3.301,200
2020-08-12 09:32:37.650,3.3,700
2020-08-12 09:32:37.650,3.3,1000
2020-08-12 09:32:37.650,3.3,300
2020-08-12 09:32:37.650,3.3,5000
2020-08-12 09:32:37.650,3.3,1000
2020-08-12 09:32:37.650,3.3,100
2020-08-12 09:32:37.650,3.3,5000
2020-08-12 09:32:37.650,3.3,100
2020-08-12 09:32:37.650,3.3,1000
2020-08-12 09:32:37.650,3.299,285800
2020-08-12 09:32:37.680,3.299,210100
2020-08-12 09:32:37.680,3.299,500
2020-08-12 09:32:37.680,3.299,1000
2020-08-12 09:32:37.780,3.299,500
2020-08-12 09:32:38.680,3.299,1000
2020-08-12 09:32:39.570,3.299,100
2020-08-12 09:32:39.730,3.301,10000
2020-08-12 09:32:40.580,3.3,1000
2020-08-12 09:32:40.580,3.301,4700
2020-08-12 09:32:41.390,3.302,30000
2020-08-12 09:32:41.950,3.301,2000
2020-08-12 09:32:42.070,3.301,33000
2020-08-12 09:32:42.130,3.301,256300
2020-08-12 09:32:42.130,3.301,30000
2020-08-12 09:32:42.130,3.301,200
2020-08-12 09:32:42.130,3.3,4000
2020-08-12 09:32:42.130,3.3,200
2020-08-12 09:32:42.130,3.3,2000
2020-08-12 09:32:42.130,3.3,2000
2020-08-12 09:32:42.570,3.3,5000
2020-08-12 09:32:43.760,3.3,30000
2020-08-12 09:32:44.140,3.299,200
2020-08-12 09:32:44.140,3.299,1000
2020-08-12 09:32:44.140,3.298,4700
2020-08-12 09:32:44.200,3.3,8000
2020-08-12 09:32:44.550,3.3,20000
2020-08-12 09:32:44.610,3.298,100
2020-08-12 09:32:46.420,3.3,5000
2020-08-12 09:32:47.170,3.299,100
2020-08-12 09:32:47.170,3.298,200
2020-08-12 09:32:47.170,3.298,100
2020-08-12 09:32:47.170,3.298,200
2020-08-12 09:32:47.170,3.298,1600
2020-08-12 09:32:47.170,3.298,6100
2020-08-12 09:32:47.170,3.298,100
2020-08-12 09:32:47.170,3.298,3000
2020-08-12 09:32:47.170,3.298,5000
2020-08-12 09:32:47.170,3.298,8000
2020-08-12 09:32:47.170,3.298,12000
2020-08-12 09:32:47.170,3.298,1000
2020-08-12 09:32:47.170,3.298,3500
2020-08-12 09:32:47.170,3.298,5000
2020-08-12 09:32:47.170,3.298,20000
2020-08-12 09:32:47.170,3.298,2000
2020-08-12 09:32:47.170,3.298,10000
2020-08-12 09:32:47.170,3.298,1000
2020-08-12 09:32:47.170,3.298,5000
2020-08-12 09:32:47.170,3.298,3000
2020-08-12 09:32:47.170,3.298,213100
2020-08-12 09:32:48.020,3.3,20000
2020-08-12 09:32:48.670,3.299,100
2020-08-12 09:32:48.670,3.298,200
2020-08-12 09:32:48.670,3.298,700
2020-08-12 09:32:48.970,3.3,100
2020-08-12 09:32:49.410,3.3,700
2020-08-12 09:32:49.440,3.298,400
2020-08-12 09:32:49.610,3.298,2900
2020-08-12 09:32:49.610,3.298,3000
2020-08-12 09:32:49.780,3.298,1300
2020-08-12 09:32:49.780,3.3,700
2020-08-12 09:32:50.190,3.3,40000
2020-08-12 09:32:50.620,3.299,500
2020-08-12 09:32:50.890,3.299,1000
2020-08-12 09:32:51.050,3.3,300000
2020-08-12 09:32:51.390,3.3,1500
2020-08-12 09:32:52.390,3.3,131100
2020-08-12 09:32:52.390,3.3,23500
2020-08-12 09:32:52.390,3.3,100
2020-08-12 09:32:52.390,3.3,40000
2020-08-12 09:32:52.390,3.3,5000
2020-08-12 09:32:52.390,3.3,600
2020-08-12 09:32:52.390,3.3,4800
2020-08-12 09:32:52.390,3.3,94900
2020-08-12 09:32:52.510,3.299,2400
2020-08-12 09:32:52.510,3.299,1400
2020-08-12 09:32:52.570,3.299,38600
2020-08-12 09:32:52.570,3.299,40000
2020-08-12 09:32:52.570,3.299,5000
2020-08-12 09:32:52.570,3.298,40000
2020-08-12 09:32:52.570,3.298,40000
2020-08-12 09:32:52.570,3.298,136400
2020-08-12 09:32:52.850,3.3,300000
2020-08-12 09:32:52.850,3.3,100
2020-08-12 09:32:52.880,3.3,300000
2020-08-12 09:32:52.910,3.298,1800
2020-08-12 09:32:52.940,3.3,40000
2020-08-12 09:32:53.000,3.3,40000
2020-08-12 09:32:53.350,3.298,125000
2020-08-12 09:32:53.350,3.299,1500
2020-08-12 09:32:53.350,3.299,3200
2020-08-12 09:32:53.440,3.3,225000
2020-08-12 09:32:53.440,3.3,75000
2020-08-12 09:32:53.510,3.299,10000
2020-08-12 09:32:53.510,3.3,10000
2020-08-12 09:32:53.600,3.3,300000
2020-08-12 09:32:53.660,3.3,100
2020-08-12 09:32:53.740,3.299,200
2020-08-12 09:32:53.820,3.3,130000
2020-08-12 09:32:53.980,3.3,545520
2020-08-12 09:32:54.040,3.3,64580
2020-08-12 09:32:54.040,3.3,40000
2020-08-12 09:32:54.040,3.299,25100
2020-08-12 09:32:54.040,3.299,1500
2020-08-12 09:32:54.040,3.299,100
2020-08-12 09:32:54.040,3.299,40000
2020-08-12 09:32:54.040,3.299,11040
2020-08-12 09:32:54.110,3.299,60000
2020-08-12 09:32:55.590,3.3,2000
2020-08-12 09:32:56.460,3.301,5600
2020-08-12 09:32:56.460,3.301,6000
2020-08-12 09:32:56.780,3.302,30000
2020-08-12 09:32:56.780,3.302,28400
2020-08-12 09:32:57.220,3.301,10000
2020-08-12 09:32:58.100,3.302,800
2020-08-12 09:32:58.790,3.302,30000
2020-08-12 09:32:59.350,3.303,2000
2020-08-12 09:32:59.350,3.303,5000
2020-08-12 09:32:59.350,3.303,33000
2020-08-12 09:32:59.400,3.303,38000
2020-08-12 09:33:00.280,3.303,7700
2020-08-12 09:33:00.590,3.303,36400
2020-08-12 09:33:00.590,3.303,95800
2020-08-12 09:33:00.590,3.303,5800
2020-08-12 09:33:00.590,3.303,4000
2020-08-12 09:33:00.940,3.302,9200
2020-08-12 09:33:00.940,3.302,20000
2020-08-12 09:33:00.940,3.302,70800
2020-08-12 09:33:01.120,3.302,2500
2020-08-12 09:33:01.570,3.304,20000
2020-08-12 09:33:02.790,3.304,3600
2020-08-12 09:33:02.860,3.304,17900
2020-08-12 09:33:02.920,3.304,2500
2020-08-12 09:33:02.950,3.304,2000
2020-08-12 09:33:04.190,3.304,254000
2020-08-12 09:33:04.500,3.304,46000
2020-08-12 09:33:04.500,3.306,11000
2020-08-12 09:33:04.500,3.306,1400
2020-08-12 09:33:04.730,3.306,2000
2020-08-12 09:33:05.190,3.307,6000
2020-08-12 09:33:05.430,3.303,800
2020-08-12 09:33:06.040,3.303,39200
2020-08-12 09:33:06.040,3.303,260800
2020-08-12 09:33:06.310,3.307,900
2020-08-12 09:33:06.590,3.304,500
2020-08-12 09:33:06.650,3.306,40000
2020-08-12 09:33:07.130,3.303,35700
2020-08-12 09:33:07.150,3.303,3500
2020-08-12 09:33:07.150,3.303,296500
2020-08-12 09:33:07.600,3.304,40000
2020-08-12 09:33:07.600,3.303,3500
2020-08-12 09:33:07.600,3.303,100
2020-08-12 09:33:07.650,3.303,57100
2020-08-12 09:33:07.740,3.302,3000
2020-08-12 09:33:08.130,3.302,2600
2020-08-12 09:33:08.240,3.302,10800
2020-08-12 09:33:08.980,3.303,3000
2020-08-12 09:33:09.140,3.303,100
2020-08-12 09:33:09.370,3.303,10000
2020-08-12 09:33:10.150,3.302,13600
2020-08-12 09:33:10.150,3.301,1000
2020-08-12 09:33:10.150,3.301,200
2020-08-12 09:33:10.150,3.301,285200
2020-08-12 09:33:11.810,3.302,800
2020-08-12 09:33:12.330,3.302,1000
2020-08-12 09:33:12.400,3.301,3000
2020-08-12 09:33:12.400,3.301,100
2020-08-12 09:33:14.080,3.3,10000
2020-08-12 09:33:14.420,3.3,18400
2020-08-12 09:33:14.420,3.3,100000
2020-08-12 09:33:14.420,3.3,44600
2020-08-12 09:33:14.420,3.3,5000
2020-08-12 09:33:14.420,3.3,600
2020-08-12 09:33:14.420,3.3,1000
2020-08-12 09:33:14.420,3.3,5000
2020-08-12 09:33:14.420,3.3,93000
2020-08-12 09:33:15.310,3.301,1000
2020-08-12 09:33:15.370,3.299,4000
2020-08-12 09:33:15.370,3.299,5200
2020-08-12 09:33:15.480,3.3,3000
2020-08-12 09:33:16.370,3.298,2000
2020-08-12 09:33:16.370,3.298,2000
2020-08-12 09:33:16.370,3.298,40000
2020-08-12 09:33:16.370,3.298,5000
2020-08-12 09:33:16.370,3.297,5000
2020-08-12 09:33:16.370,3.297,100
2020-08-12 09:33:16.370,3.297,200
2020-08-12 09:33:16.370,3.297,200
2020-08-12 09:33:16.370,3.297,10000
2020-08-12 09:33:16.370,3.297,1800
2020-08-12 09:33:16.370,3.297,100
2020-08-12 09:33:16.370,3.297,10000
2020-08-12 09:33:16.370,3.297,100000
2020-08-12 09:33:16.370,3.297,5200
2020-08-12 09:33:16.370,3.297,5000
2020-08-12 09:33:16.370,3.297,200
2020-08-12 09:33:16.370,3.297,23200
2020-08-12 09:33:17.050,3.299,2000
2020-08-12 09:33:17.510,3.299,2000
2020-08-12 09:33:18.100,3.298,30000
2020-08-12 09:33:18.220,3.298,5000
2020-08-12 09:33:18.280,3.298,10000
2020-08-12 09:33:18.590,3.298,5000
2020-08-12 09:33:18.590,3.298,5000
2020-08-12 09:33:18.700,3.298,100
2020-08-12 09:33:18.820,3.298,700
2020-08-12 09:33:19.120,3.298,10000
2020-08-12 09:33:19.710,3.298,100
2020-08-12 09:33:20.400,3.298,2000
2020-08-12 09:33:20.590,3.298,1500
2020-08-12 09:33:21.170,3.298,1600
2020-08-12 09:33:21.210,3.298,100
2020-08-12 09:33:21.570,3.299,23200
2020-08-12 09:33:21.570,3.299,100
2020-08-12 09:33:21.570,3.3,6700
2020-08-12 09:33:22.020,3.3,30000
2020-08-12 09:33:22.050,3.3,300
2020-08-12 09:33:22.190,3.299,1600
2020-08-12 09:33:22.190,3.297,3000
2020-08-12 09:33:22.190,3.296,1000
2020-08-12 09:33:22.190,3.296,4400
2020-08-12 09:33:22.940,3.3,2000
2020-08-12 09:33:23.670,3.3,3000
2020-08-12 09:33:24.110,3.3,800
2020-08-12 09:33:24.110,3.3,800
2020-08-12 09:33:24.370,3.3,5000
2020-08-12 09:33:24.920,3.299,1200
2020-08-12 09:33:24.920,3.299,500
2020-08-12 09:33:24.920,3.297,200
2020-08-12 09:33:25.890,3.298,3000
2020-08-12 09:33:25.890,3.297,9800
2020-08-12 09:33:25.890,3.297,5000
2020-08-12 09:33:25.890,3.297,1000
2020-08-12 09:33:25.890,3.297,500
2020-08-12 09:33:25.890,3.297,700
2020-08-12 09:33:26.720,3.299,5000
2020-08-12 09:33:26.940,3.299,3300
2020-08-12 09:33:26.940,3.301,1700
2020-08-12 09:33:27.220,3.297,1000
2020-08-12 09:33:27.460,3.299,2500
2020-08-12 09:33:27.460,3.301,600
2020-08-12 09:33:27.550,3.301,40000
2020-08-12 09:33:28.160,3.298,20000
2020-08-12 09:33:28.160,3.298,10000
2020-08-12 09:33:28.580,3.298,30000
2020-08-12 09:33:28.580,3.298,3100
2020-08-12 09:33:28.580,3.297,153100
2020-08-12 09:33:28.670,3.3,100000
2020-08-12 09:33:29.520,3.301,49400
2020-08-12 09:33:30.010,3.301,5000
2020-08-12 09:33:30.730,3.301,10000
2020-08-12 09:33:30.820,3.301,3000
2020-08-12 09:33:32.490,3.301,1500
2020-08-12 09:33:32.490,3.3,5500
2020-08-12 09:33:33.040,3.3,10000
2020-08-12 09:33:33.040,3.3,300
2020-08-12 09:33:33.080,3.3,3200
2020-08-12 09:33:35.650,3.301,3000
2020-08-12 09:33:35.650,3.3,1100
2020-08-12 09:33:35.920,3.3,1500
2020-08-12 09:33:36.280,3.302,3800
2020-08-12 09:33:37.190,3.301,1000
2020-08-12 09:33:37.460,3.3,7000
2020-08-12 09:33:37.860,3.3,2000
2020-08-12 09:33:38.290,3.3,30000
2020-08-12 09:33:38.350,3.3,5000
2020-08-12 09:33:38.700,3.3,1800
2020-08-12 09:33:38.700,3.3,100
2020-08-12 09:33:38.700,3.3,300
2020-08-12 09:33:38.700,3.299,4000
2020-08-12 09:33:38.700,3.298,3800
2020-08-12 09:33:39.120,3.3,5000
2020-08-12 09:33:39.720,3.3,100
2020-08-12 09:33:40.450,3.298,1300
2020-08-12 09:33:40.450,3.298,100
2020-08-12 09:33:40.450,3.298,5000
2020-08-12 09:33:40.450,3.298,15700
2020-08-12 09:33:40.450,3.298,3000
2020-08-12 09:33:40.450,3.298,4000
2020-08-12 09:33:40.450,3.298,600
2020-08-12 09:33:40.450,3.298,900
2020-08-12 09:33:40.830,3.298,3400
2020-08-12 09:33:40.830,3.3,38300
2020-08-12 09:33:41.170,3.3,700
2020-08-12 09:33:41.760,3.3,3000
2020-08-12 09:33:42.120,3.3,1500
2020-08-12 09:33:42.190,3.298,10000
2020-08-12 09:33:42.190,3.297,20000
2020-08-12 09:33:42.320,3.3,1000
2020-08-12 09:33:43.450,3.3,50000
2020-08-12 09:33:44.160,3.3,10000
2020-08-12 09:33:44.160,3.3,300
2020-08-12 09:33:45.420,3.3,1400
2020-08-12 09:33:46.070,3.3,2000
2020-08-12 09:33:46.100,3.298,2000
2020-08-12 09:33:46.890,3.298,2000
2020-08-12 09:33:47.420,3.298,28900
2020-08-12 09:33:47.480,3.3,300
2020-08-12 09:33:47.660,3.3,2000
2020-08-12 09:33:47.660,3.298,100
2020-08-12 09:33:47.830,3.3,100
2020-08-12 09:33:48.330,3.3,1000
2020-08-12 09:33:48.450,3.298,9000
2020-08-12 09:33:48.450,3.298,1000
2020-08-12 09:33:49.340,3.3,5000
2020-08-12 09:33:49.400,3.3,30000
2020-08-12 09:33:49.650,3.298,8900
2020-08-12 09:33:50.020,3.298,20100
2020-08-12 09:33:50.020,3.298,5000
2020-08-12 09:33:50.020,3.297,900
2020-08-12 09:33:50.020,3.297,9100
2020-08-12 09:33:50.020,3.297,10000
2020-08-12 09:33:50.020,3.297,5000
2020-08-12 09:33:50.020,3.297,500
2020-08-12 09:33:50.020,3.297,300
2020-08-12 09:33:50.020,3.296,600
2020-08-12 09:33:50.020,3.296,100
2020-08-12 09:33:50.020,3.296,58000
2020-08-12 09:33:50.020,3.296,200
2020-08-12 09:33:50.020,3.296,6100
2020-08-12 09:33:50.020,3.296,1500
2020-08-12 09:33:50.020,3.296,1500
2020-08-12 09:33:50.020,3.296,5000
2020-08-12 09:33:50.020,3.296,1500
2020-08-12 09:33:50.020,3.296,9100
2020-08-12 09:33:50.020,3.296,500
2020-08-12 09:33:50.020,3.296,13300
2020-08-12 09:33:50.810,3.298,200
2020-08-12 09:33:50.810,3.3,4100
2020-08-12 09:33:51.020,3.3,1500
2020-08-12 09:33:51.530,3.298,1000
2020-08-12 09:33:51.550,3.296,5000
2020-08-12 09:33:51.590,3.296,38000
2020-08-12 09:33:51.950,3.298,3000
2020-08-12 09:33:52.230,3.298,2000
2020-08-12 09:33:52.500,3.298,100
2020-08-12 09:33:52.550,3.298,5000
2020-08-12 09:33:53.210,3.298,1000
2020-08-12 09:33:53.730,3.298,6000
2020-08-12 09:33:53.790,3.298,9200
2020-08-12 09:33:53.790,3.298,54100
2020-08-12 09:33:53.790,3.298,6000
2020-08-12 09:33:53.790,3.299,193500
2020-08-12 09:33:53.880,3.299,2000
2020-08-12 09:33:54.320,3.299,900
2020-08-12 09:33:55.640,3.298,1000
2020-08-12 09:33:56.410,3.298,8900
2020-08-12 09:33:56.530,3.3,3000
2020-08-12 09:33:57.230,3.3,100
2020-08-12 09:33:57.530,3.3,30900
2020-08-12 09:33:57.920,3.3,1000
2020-08-12 09:33:59.000,3.297,6000
2020-08-12 09:33:59.680,3.296,100
2020-08-12 09:34:01.130,3.297,6000
2020-08-12 09:34:01.130,3.296,33400
2020-08-12 09:34:01.450,3.296,400
2020-08-12 09:34:01.890,3.297,10000
2020-08-12 09:34:02.150,3.297,500
2020-08-12 09:34:02.300,3.297,100
2020-08-12 09:34:02.420,3.297,3600
2020-08-12 09:34:02.420,3.298,900
2020-08-12 09:34:03.660,3.299,5000
2020-08-12 09:34:03.660,3.297,3600
2020-08-12 09:34:03.660,3.297,3300
2020-08-12 09:34:04.040,3.297,100
2020-08-12 09:34:04.500,3.297,19700
2020-08-12 09:34:04.910,3.297,5000
2020-08-12 09:34:05.250,3.299,500
2020-08-12 09:34:05.900,3.299,2000
2020-08-12 09:34:05.900,3.3,3000
2020-08-12 09:34:07.180,3.3,400
2020-08-12 09:34:07.840,3.297,2100
2020-08-12 09:34:10.130,3.3,5000
2020-08-12 09:34:10.540,3.298,4400
2020-08-12 09:34:10.830,3.3,3000
2020-08-12 09:34:11.480,3.299,300
2020-08-12 09:34:11.480,3.3,200
2020-08-12 09:34:12.760,3.299,12900
2020-08-12 09:34:12.910,3.299,2100
2020-08-12 09:34:12.910,3.299,2000
2020-08-12 09:34:12.970,3.299,400
2020-08-12 09:34:13.770,3.298,43000
2020-08-12 09:34:13.800,3.298,3000
2020-08-12 09:34:13.800,3.298,100
2020-08-12 09:34:13.800,3.297,300
2020-08-12 09:34:13.800,3.297,11400
2020-08-12 09:34:15.090,3.299,20500
2020-08-12 09:34:15.980,3.299,300
2020-08-12 09:34:16.420,3.299,9700
2020-08-12 09:34:16.420,3.3,48400
2020-08-12 09:34:16.420,3.3,20000
2020-08-12 09:34:16.420,3.3,9200
2020-08-12 09:34:16.420,3.3,100000
2020-08-12 09:34:16.420,3.3,1900
2020-08-12 09:34:16.420,3.3,2400
2020-08-12 09:34:16.420,3.3,10000
2020-08-12 09:34:16.420,3.3,500
2020-08-12 09:34:16.420,3.301,21500
2020-08-12 09:34:16.420,3.301,500
2020-08-12 09:34:16.420,3.301,16000
2020-08-12 09:34:16.420,3.301,59900
2020-08-12 09:34:17.340,3.299,1300
2020-08-12 09:34:17.370,3.299,200
2020-08-12 09:34:18.050,3.299,1400
2020-08-12 09:34:18.140,3.299,28400
2020-08-12 09:34:18.140,3.298,2500
2020-08-12 09:34:18.140,3.298,3000
2020-08-12 09:34:20.110,3.299,4500
2020-08-12 09:34:20.110,3.3,300
2020-08-12 09:34:20.110,3.3,7000
2020-08-12 09:34:20.490,3.3,38600
2020-08-12 09:34:21.310,3.298,6000
2020-08-12 09:34:23.630,3.301,40100
2020-08-12 09:34:23.630,3.301,300000
2020-08-12 09:34:23.630,3.302,89200
2020-08-12 09:34:23.630,3.302,10000
2020-08-12 09:34:23.630,3.302,500
2020-08-12 09:34:23.630,3.302,10000
2020-08-12 09:34:23.630,3.302,30000
2020-08-12 09:34:23.630,3.302,20000
2020-08-12 09:34:23.630,3.302,200
2020-08-12 09:34:24.260,3.302,4300
2020-08-12 09:34:24.260,3.302,500
2020-08-12 09:34:24.500,3.301,100
2020-08-12 09:34:25.010,3.3,4800
2020-08-12 09:34:25.950,3.3,500
2020-08-12 09:34:25.950,3.3,1500
2020-08-12 09:34:26.130,3.3,8500
2020-08-12 09:34:27.320,3.298,200
2020-08-12 09:34:27.950,3.298,800
2020-08-12 09:34:27.950,3.298,200
2020-08-12 09:34:28.710,3.298,900
2020-08-12 09:34:30.060,3.3,7000
2020-08-12 09:34:30.180,3.3,5000
2020-08-12 09:34:30.860,3.3,1000
2020-08-12 09:34:33.790,3.299,10000
2020-08-12 09:34:33.960,3.299,2000
2020-08-12 09:34:34.170,3.299,19200
2020-08-12 09:34:34.170,3.3,20200
2020-08-12 09:34:34.580,3.298,500
2020-08-12 09:34:34.960,3.298,3400
2020-08-12 09:34:34.960,3.298,5000
2020-08-12 09:34:34.960,3.298,6600
2020-08-12 09:34:35.120,3.3,5000
2020-08-12 09:34:35.470,3.3,200
2020-08-12 09:34:35.800,3.3,10000
2020-08-12 09:34:35.950,3.3,30000
2020-08-12 09:34:36.760,3.3,2000
2020-08-12 09:34:38.010,3.298,15600
2020-08-12 09:34:38.010,3.3,2000
2020-08-12 09:34:38.130,3.3,300
2020-08-12 09:34:38.130,3.3,100
2020-08-12 09:34:38.710,3.299,2000
2020-08-12 09:34:39.120,3.298,2000
2020-08-12 09:34:39.560,3.299,1000
2020-08-12 09:34:39.560,3.3,14000
2020-08-12 09:34:40.280,3.299,400
2020-08-12 09:34:40.280,3.3,600
2020-08-12 09:34:40.730,3.299,5300
2020-08-12 09:34:40.730,3.298,5800
2020-08-12 09:34:40.730,3.298,20000
2020-08-12 09:34:40.730,3.298,5000
2020-08-12 09:34:40.730,3.298,10000
2020-08-12 09:34:40.730,3.298,5000
2020-08-12 09:34:40.730,3.298,2000
2020-08-12 09:34:40.730,3.298,1200
2020-08-12 09:34:40.730,3.298,10000
2020-08-12 09:34:40.730,3.298,20000
2020-08-12 09:34:40.730,3.298,30000
2020-08-12 09:34:40.730,3.298,400
2020-08-12 09:34:40.730,3.298,1000
2020-08-12 09:34:40.730,3.298,2700
2020-08-12 09:34:41.220,3.298,300
2020-08-12 09:34:41.220,3.298,2700
2020-08-12 09:34:41.430,3.298,2300
2020-08-12 09:34:43.090,3.298,500
2020-08-12 09:34:43.950,3.298,800
2020-08-12 09:34:43.950,3.298,10000
2020-08-12 09:34:43.950,3.299,700
2020-08-12 09:34:44.900,3.297,20000
2020-08-12 09:34:44.900,3.297,5000
2020-08-12 09:34:44.900,3.297,6000
2020-08-12 09:34:44.900,3.297,1000
2020-08-12 09:34:44.900,3.297,5000
2020-08-12 09:34:44.900,3.297,500
2020-08-12 09:34:44.900,3.297,400
2020-08-12 09:34:44.900,3.297,2000
2020-08-12 09:34:44.900,3.297,100
2020-08-12 09:34:44.900,3.297,1000
2020-08-12 09:34:44.900,3.297,10000
2020-08-12 09:34:44.900,3.297,1000
2020-08-12 09:34:44.900,3.296,9800
2020-08-12 09:34:44.900,3.296,4800
2020-08-12 09:34:44.900,3.296,100
2020-08-12 09:34:44.900,3.296,500
2020-08-12 09:34:44.900,3.296,5000
2020-08-12 09:34:44.900,3.296,6000
2020-08-12 09:34:44.900,3.296,1800
2020-08-12 09:34:47.680,3.298,500
2020-08-12 09:34:47.910,3.298,1000
2020-08-12 09:34:48.430,3.297,1000
2020-08-12 09:34:48.430,3.297,8000
2020-08-12 09:34:49.170,3.298,2000
2020-08-12 09:34:49.550,3.298,500
2020-08-12 09:34:49.550,3.298,11200
2020-08-12 09:34:49.550,3.298,18300
2020-08-12 09:34:49.800,3.298,9000
2020-08-12 09:34:49.920,3.297,100
2020-08-12 09:34:50.850,3.298,800
2020-08-12 09:34:52.000,3.298,100
2020-08-12 09:34:53.230,3.298,900
2020-08-12 09:34:54.360,3.298,3000
2020-08-12 09:34:55.110,3.297,32500
2020-08-12 09:34:55.260,3.298,4000
2020-08-12 09:34:55.500,3.297,2300
2020-08-12 09:34:56.840,3.298,600
2020-08-12 09:34:56.930,3.298,2500
2020-08-12 09:34:57.110,3.298,2400
2020-08-12 09:34:57.110,3.297,23800
2020-08-12 09:34:57.110,3.297,1500
2020-08-12 09:34:57.110,3.297,24700
2020-08-12 09:34:57.910,3.297,26800
2020-08-12 09:34:58.120,3.298,3400
2020-08-12 09:34:58.120,3.298,1300
2020-08-12 09:34:58.120,3.298,8500
2020-08-12 09:34:58.240,3.297,400
2020-08-12 09:34:58.590,3.298,100
2020-08-12 09:34:58.880,3.297,2000
2020-08-12 09:34:59.240,3.298,100
2020-08-12 09:34:59.520,3.297,5900
2020-08-12 09:34:59.580,3.298,1300
2020-08-12 09:34:59.580,3.298,3700
2020-08-12 09:34:59.640,3.298,700
2020-08-12 09:35:00.460,3.298,1300
2020-08-12 09:35:01.310,3.297,1000
2020-08-12 09:35:01.310,3.297,2000
2020-08-12 09:35:02.760,3.297,100
2020-08-12 09:35:02.950,3.297,2000
2020-08-12 09:35:03.240,3.297,500
2020-08-12 09:35:03.870,3.297,4500
2020-08-12 09:35:03.870,3.297,5000
2020-08-12 09:35:05.280,3.297,800
2020-08-12 09:35:05.860,3.297,600
2020-08-12 09:35:05.860,3.297,10000
2020-08-12 09:35:08.000,3.296,3200
2020-08-12 09:35:08.000,3.296,100
2020-08-12 09:35:08.000,3.296,1000
2020-08-12 09:35:08.000,3.296,200
2020-08-12 09:35:08.000,3.296,100
2020-08-12 09:35:08.000,3.296,3000
2020-08-12 09:35:08.000,3.296,2000
2020-08-12 09:35:08.000,3.296,3000
2020-08-12 09:35:08.000,3.296,1000
2020-08-12 09:35:08.000,3.296,3000
2020-08-12 09:35:08.000,3.296,30000
2020-08-12 09:35:08.000,3.296,12000
2020-08-12 09:35:08.000,3.296,1900
2020-08-12 09:35:08.150,3.296,8300
2020-08-12 09:35:08.150,3.296,1000
2020-08-12 09:35:08.150,3.296,9300
2020-08-12 09:35:08.230,3.297,1000
2020-08-12 09:35:08.670,3.297,1000
2020-08-12 09:35:09.170,3.297,6000
2020-08-12 09:35:09.310,3.297,5000
2020-08-12 09:35:09.570,3.297,300
2020-08-12 09:35:09.720,3.296,1000
2020-08-12 09:35:10.320,3.297,2000
2020-08-12 09:35:10.750,3.296,9700
2020-08-12 09:35:10.750,3.296,1100
2020-08-12 09:35:10.750,3.296,20000
2020-08-12 09:35:10.750,3.296,200
2020-08-12 09:35:10.750,3.296,5000
2020-08-12 09:35:10.750,3.296,5000
2020-08-12 09:35:10.750,3.296,1000
2020-08-12 09:35:10.750,3.296,3000
2020-08-12 09:35:10.750,3.296,5000
2020-08-12 09:35:10.750,3.296,3000
2020-08-12 09:35:10.750,3.296,5000
2020-08-12 09:35:10.750,3.296,300
2020-08-12 09:35:10.750,3.296,10000
2020-08-12 09:35:10.750,3.296,1000
2020-08-12 09:35:10.750,3.296,500
2020-08-12 09:35:10.750,3.296,18400
2020-08-12 09:35:10.750,3.296,6000
2020-08-12 09:35:10.750,3.296,5000
2020-08-12 09:35:10.750,3.296,1000
2020-08-12 09:35:10.750,3.296,6000
2020-08-12 09:35:11.300,3.297,2000
2020-08-12 09:35:11.420,3.296,1000
2020-08-12 09:35:11.620,3.296,100
2020-08-12 09:35:12.420,3.296,2900
2020-08-12 09:35:12.710,3.296,3100
2020-08-12 09:35:12.710,3.296,6900
2020-08-12 09:35:12.920,3.296,27100
2020-08-12 09:35:12.920,3.296,1000
2020-08-12 09:35:13.110,3.296,100
2020-08-12 09:35:13.240,3.296,50000
2020-08-12 09:35:14.520,3.296,2000
2020-08-12 09:35:15.700,3.296,2000
2020-08-12 09:35:15.730,3.295,100
2020-08-12 09:35:15.730,3.295,500
2020-08-12 09:35:15.730,3.295,5000
2020-08-12 09:35:15.730,3.295,100
2020-08-12 09:35:15.730,3.295,200
2020-08-12 09:35:15.730,3.295,200
2020-08-12 09:35:15.730,3.295,100
2020-08-12 09:35:15.730,3.295,100
2020-08-12 09:35:15.730,3.295,500
2020-08-12 09:35:15.730,3.295,10000
2020-08-12 09:35:15.730,3.295,200
2020-08-12 09:35:15.730,3.295,10000
2020-08-12 09:35:15.730,3.295,2100
2020-08-12 09:35:15.730,3.295,1000
2020-08-12 09:35:15.730,3.295,10000
2020-08-12 09:35:15.730,3.295,5400
2020-08-12 09:35:15.730,3.295,400
2020-08-12 09:35:15.730,3.295,10000
2020-08-12 09:35:15.730,3.295,2000
2020-08-12 09:35:15.730,3.295,10000
2020-08-12 09:35:15.730,3.295,300
2020-08-12 09:35:15.730,3.295,100000
2020-08-12 09:35:15.730,3.295,1000
2020-08-12 09:35:15.730,3.295,5000
2020-08-12 09:35:15.730,3.295,4500
2020-08-12 09:35:15.730,3.295,5000
2020-08-12 09:35:15.730,3.295,5000
2020-08-12 09:35:15.730,3.295,2600
2020-08-12 09:35:15.730,3.295,200
2020-08-12 09:35:15.730,3.295,3100
2020-08-12 09:35:15.730,3.295,10000
2020-08-12 09:35:15.730,3.295,2000
2020-08-12 09:35:15.730,3.295,3000
2020-08-12 09:35:15.730,3.295,5000
2020-08-12 09:35:15.730,3.295,2000
2020-08-12 09:35:15.730,3.295,2000
2020-08-12 09:35:15.730,3.295,2000
2020-08-12 09:35:15.730,3.295,3000
2020-08-12 09:35:15.730,3.295,1000
2020-08-12 09:35:15.730,3.295,200
2020-08-12 09:35:15.730,3.295,20000
2020-08-12 09:35:15.730,3.295,1000
2020-08-12 09:35:15.730,3.295,100
2020-08-12 09:35:15.730,3.295,30000
2020-08-12 09:35:15.730,3.295,200
2020-08-12 09:35:15.730,3.295,700
2020-08-12 09:35:15.730,3.295,800
2020-08-12 09:35:15.730,3.295,100
2020-08-12 09:35:15.730,3.295,500
2020-08-12 09:35:15.730,3.295,10000
2020-08-12 09:35:15.730,3.295,2000
2020-08-12 09:35:15.730,3.295,3500
2020-08-12 09:35:15.730,3.295,2000
2020-08-12 09:35:15.880,3.295,100
2020-08-12 09:35:16.220,3.295,1000
2020-08-12 09:35:17.510,3.295,3000
2020-08-12 09:35:18.680,3.295,200
2020-08-12 09:35:21.730,3.295,2000
2020-08-12 09:35:22.140,3.294,700
2020-08-12 09:35:22.390,3.295,1200
2020-08-12 09:35:22.390,3.295,2300
2020-08-12 09:35:22.970,3.294,200
2020-08-12 09:35:24.860,3.294,4100
2020-08-12 09:35:24.860,3.294,100
2020-08-12 09:35:24.860,3.294,300
2020-08-12 09:35:24.860,3.294,200
2020-08-12 09:35:24.860,3.294,6100
2020-08-12 09:35:24.860,3.294,12500
2020-08-12 09:35:25.040,3.294,1500
2020-08-12 09:35:25.950,3.295,200
2020-08-12 09:35:26.080,3.295,1900
2020-08-12 09:35:26.110,3.296,10000
2020-08-12 09:35:26.280,3.295,1100
2020-08-12 09:35:26.280,3.295,300
2020-08-12 09:35:26.280,3.294,6000
2020-08-12 09:35:26.280,3.294,10000
2020-08-12 09:35:26.280,3.294,2500
2020-08-12 09:35:26.280,3.294,20000
2020-08-12 09:35:26.280,3.294,1000
2020-08-12 09:35:26.280,3.294,10000
2020-08-12 09:35:26.280,3.294,3000
2020-08-12 09:35:26.280,3.294,3000
2020-08-12 09:35:26.280,3.294,900
2020-08-12 09:35:26.280,3.294,200
2020-08-12 09:35:26.280,3.294,500
2020-08-12 09:35:26.280,3.294,6000
2020-08-12 09:35:26.280,3.294,5500
2020-08-12 09:35:26.970,3.295,3800
2020-08-12 09:35:27.150,3.295,2000
2020-08-12 09:35:27.520,3.295,200
2020-08-12 09:35:27.520,3.295,3800
2020-08-12 09:35:28.450,3.295,46200
2020-08-12 09:35:28.630,3.295,300000
2020-08-12 09:35:28.720,3.295,280000
2020-08-12 09:35:28.810,3.294,2000
2020-08-12 09:35:28.840,3.295,1000
2020-08-12 09:35:28.970,3.295,322600
2020-08-12 09:35:29.170,3.295,40000
2020-08-12 09:35:29.470,3.295,10200
2020-08-12 09:35:29.470,3.295,155100
2020-08-12 09:35:29.470,3.295,300100
2020-08-12 09:35:29.670,3.295,50000
2020-08-12 09:35:29.770,3.295,1000
2020-08-12 09:35:29.980,3.295,11200
2020-08-12 09:35:29.980,3.295,28300
2020-08-12 09:35:30.290,3.296,148800
2020-08-12 09:35:30.290,3.296,125600
2020-08-12 09:35:30.290,3.296,200
2020-08-12 09:35:30.290,3.296,25400
2020-08-12 09:35:30.890,3.296,14600
2020-08-12 09:35:30.890,3.296,8000
2020-08-12 09:35:30.890,3.296,20000
2020-08-12 09:35:31.410,3.296,3100
2020-08-12 09:35:31.600,3.296,50700
2020-08-12 09:35:31.660,3.297,54700
2020-08-12 09:35:31.660,3.297,14900
2020-08-12 09:35:31.660,3.297,12000
2020-08-12 09:35:31.660,3.297,2000
2020-08-12 09:35:31.830,3.298,1000
2020-08-12 09:35:31.830,3.298,14700
2020-08-12 09:35:31.830,3.298,3000
2020-08-12 09:35:31.830,3.298,100000
2020-08-12 09:35:31.830,3.298,93000
2020-08-12 09:35:31.830,3.299,1500
2020-08-12 09:35:31.830,3.299,1000
2020-08-12 09:35:31.830,3.299,200
2020-08-12 09:35:31.830,3.299,5100
2020-08-12 09:35:31.830,3.299,100
2020-08-12 09:35:31.830,3.299,80400
2020-08-12 09:35:32.350,3.297,2000
2020-08-12 09:35:32.570,3.297,200000
2020-08-12 09:35:33.760,3.296,14900
2020-08-12 09:35:34.030,3.296,200
2020-08-12 09:35:35.250,3.297,28300
2020-08-12 09:35:35.590,3.297,1000
2020-08-12 09:35:35.840,3.297,400
2020-08-12 09:35:36.150,3.297,300
2020-08-12 09:35:36.150,3.297,139700
2020-08-12 09:35:37.300,3.299,19600
2020-08-12 09:35:37.300,3.299,50000
2020-08-12 09:35:37.300,3.299,230400
2020-08-12 09:35:37.800,3.299,40000
2020-08-12 09:35:37.800,3.299,300
2020-08-12 09:35:37.830,3.299,300000
2020-08-12 09:35:37.830,3.299,297000
2020-08-12 09:35:37.960,3.299,32300
2020-08-12 09:35:37.960,3.299,17700
2020-08-12 09:35:38.390,3.299,19300
2020-08-12 09:35:38.390,3.3,280700
2020-08-12 09:35:38.760,3.299,2000
2020-08-12 09:35:38.990,3.299,1000
2020-08-12 09:35:39.730,3.3,19200
2020-08-12 09:35:39.730,3.3,2000
2020-08-12 09:35:39.730,3.3,4000
2020-08-12 09:35:39.730,3.3,14300
2020-08-12 09:35:39.730,3.3,5000
2020-08-12 09:35:39.730,3.3,100
2020-08-12 09:35:39.730,3.3,4000
2020-08-12 09:35:39.730,3.3,251400
2020-08-12 09:35:39.920,3.3,300000
2020-08-12 09:35:41.140,3.301,18400
2020-08-12 09:35:41.140,3.301,11500
2020-08-12 09:35:41.140,3.301,50000
2020-08-12 09:35:41.140,3.302,10000
2020-08-12 09:35:41.140,3.302,93000
2020-08-12 09:35:42.640,3.302,20000
2020-08-12 09:35:42.830,3.302,7000
2020-08-12 09:35:43.050,3.302,3000
2020-08-12 09:35:43.970,3.303,400
2020-08-12 09:35:44.070,3.302,87100
2020-08-12 09:35:44.470,3.3,3000
2020-08-12 09:35:44.600,3.3,10000
2020-08-12 09:35:45.190,3.301,1800
2020-08-12 09:35:45.190,3.301,3100
2020-08-12 09:35:45.530,3.3,500
2020-08-12 09:35:45.950,3.3,5400
2020-08-12 09:35:47.210,3.3,40000
2020-08-12 09:35:47.540,3.3,21500
2020-08-12 09:35:47.750,3.3,6000
2020-08-12 09:35:49.650,3.3,5400
2020-08-12 09:35:49.900,3.301,20000
2020-08-12 09:35:49.940,3.301,10000
2020-08-12 09:35:50.920,3.301,20000
2020-08-12 09:35:51.310,3.3,1100
2020-08-12 09:35:53.410,3.3,59000
2020-08-12 09:35:53.410,3.3,2000
2020-08-12 09:35:54.210,3.299,200
2020-08-12 09:35:54.350,3.299,800
2020-08-12 09:35:54.560,3.299,200
2020-08-12 09:35:54.620,3.301,2000
2020-08-12 09:35:55.790,3.301,13700
2020-08-12 09:35:56.750,3.301,20000
2020-08-12 09:35:57.050,3.301,60000
2020-08-12 09:35:59.420,3.3,7800
2020-08-12 09:35:59.420,3.3,5800
2020-08-12 09:35:59.660,3.301,11100
2020-08-12 09:36:00.250,3.3,100
2020-08-12 09:36:01.050,3.3,4100
2020-08-12 09:36:01.050,3.3,3000
2020-08-12 09:36:01.050,3.3,1000
2020-08-12 09:36:01.520,3.3,2000
2020-08-12 09:36:02.330,3.3,3000
2020-08-12 09:36:02.820,3.3,40000
2020-08-12 09:36:03.420,3.3,3000
2020-08-12 09:36:03.690,3.3,1000
2020-08-12 09:36:04.550,3.3,2900
2020-08-12 09:36:04.550,3.3,10000
2020-08-12 09:36:04.550,3.3,5000
2020-08-12 09:36:04.550,3.3,2100
2020-08-12 09:36:04.700,3.3,32800
2020-08-12 09:36:04.970,3.3,15000
2020-08-12 09:36:05.120,3.3,171600
2020-08-12 09:36:05.430,3.3,6000
2020-08-12 09:36:05.450,3.3,47000
2020-08-12 09:36:05.950,3.3,80000
2020-08-12 09:36:06.650,3.3,24000
2020-08-12 09:36:06.990,3.301,6100
2020-08-12 09:36:06.990,3.301,600
2020-08-12 09:36:07.150,3.301,5000
2020-08-12 09:36:07.170,3.301,1800
2020-08-12 09:36:07.680,3.301,29700
2020-08-12 09:36:07.680,3.301,3000
2020-08-12 09:36:07.680,3.301,10000
2020-08-12 09:36:07.680,3.301,5000
2020-08-12 09:36:07.680,3.301,20000
2020-08-12 09:36:07.680,3.302,2000
2020-08-12 09:36:07.680,3.302,1200
2020-08-12 09:36:07.680,3.302,1400
2020-08-12 09:36:07.680,3.302,50000
2020-08-12 09:36:07.680,3.302,10000
2020-08-12 09:36:07.680,3.302,167700
2020-08-12 09:36:08.150,3.302,132300
2020-08-12 09:36:08.150,3.302,500
2020-08-12 09:36:08.650,3.302,19800
2020-08-12 09:36:09.170,3.302,20000
2020-08-12 09:36:09.260,3.303,9600
2020-08-12 09:36:09.260,3.303,290400
2020-08-12 09:36:09.530,3.303,10000
2020-08-12 09:36:09.790,3.302,3100
2020-08-12 09:36:10.160,3.303,276000
2020-08-12 09:36:10.490,3.303,20000
2020-08-12 09:36:10.520,3.302,64300
2020-08-12 09:36:10.520,3.302,135700
2020-08-12 09:36:10.580,3.302,1400
2020-08-12 09:36:10.750,3.303,300100
2020-08-12 09:36:10.780,3.303,103500
2020-08-12 09:36:10.780,3.303,196500
2020-08-12 09:36:10.780,3.303,300000
2020-08-12 09:36:10.780,3.303,17200
2020-08-12 09:36:10.780,3.303,10000
2020-08-12 09:36:10.780,3.303,100
2020-08-12 09:36:10.780,3.303,10000
2020-08-12 09:36:10.780,3.303,262700
2020-08-12 09:36:10.780,3.303,87300
2020-08-12 09:36:11.940,3.303,600
2020-08-12 09:36:12.190,3.304,2000
2020-08-12 09:36:12.190,3.304,6000
2020-08-12 09:36:12.190,3.304,21600
2020-08-12 09:36:12.190,3.304,270400
2020-08-12 09:36:12.190,3.304,300000
2020-08-12 09:36:13.870,3.304,300000
2020-08-12 09:36:14.390,3.303,100
2020-08-12 09:36:15.060,3.303,1600
2020-08-12 09:36:15.090,3.303,3300
2020-08-12 09:36:15.450,3.304,10000
2020-08-12 09:36:16.600,3.305,200
2020-08-12 09:36:16.600,3.306,3500
2020-08-12 09:36:16.600,3.306,6000
2020-08-12 09:36:16.600,3.306,500
2020-08-12 09:36:16.600,3.306,200
2020-08-12 09:36:16.600,3.307,262500
2020-08-12 09:36:16.600,3.307,800
2020-08-12 09:36:16.600,3.307,10000
2020-08-12 09:36:16.600,3.307,200
2020-08-12 09:36:16.600,3.307,16100
2020-08-12 09:36:17.440,3.306,100000
2020-08-12 09:36:17.440,3.307,200000
2020-08-12 09:36:17.650,3.307,100000
2020-08-12 09:36:17.780,3.307,1000
2020-08-12 09:36:18.310,3.307,6000
2020-08-12 09:36:18.900,3.307,500
2020-08-12 09:36:20.000,3.308,6000
2020-08-12 09:36:20.000,3.308,200
2020-08-12 09:36:21.670,3.308,5000
2020-08-12 09:36:22.070,3.309,200
2020-08-12 09:36:22.070,3.309,1800
2020-08-12 09:36:22.390,3.308,400
2020-08-12 09:36:23.200,3.308,10000
2020-08-12 09:36:23.830,3.308,50000
2020-08-12 09:36:23.830,3.308,3200
2020-08-12 09:36:24.210,3.308,2600
2020-08-12 09:36:25.740,3.308,222600
2020-08-12 09:36:25.740,3.308,10000
2020-08-12 09:36:25.740,3.308,800
2020-08-12 09:36:25.840,3.308,66600
2020-08-12 09:36:25.840,3.309,140500
2020-08-12 09:36:26.220,3.307,40000
2020-08-12 09:36:26.250,3.307,160000
2020-08-12 09:36:26.630,3.306,3000
2020-08-12 09:36:27.290,3.306,1100
2020-08-12 09:36:27.350,3.306,45900
2020-08-12 09:36:27.350,3.305,16100
2020-08-12 09:36:27.350,3.305,93000
2020-08-12 09:36:27.760,3.305,30000
2020-08-12 09:36:27.960,3.305,13700
2020-08-12 09:36:28.700,3.305,1000
2020-08-12 09:36:29.930,3.305,2800
2020-08-12 09:36:30.580,3.305,3000
2020-08-12 09:36:30.880,3.305,1000
2020-08-12 09:36:30.910,3.304,10000
2020-08-12 09:36:30.910,3.304,1500
2020-08-12 09:36:30.910,3.304,10000
2020-08-12 09:36:30.910,3.304,12000
2020-08-12 09:36:32.170,3.304,1500
2020-08-12 09:36:32.410,3.303,300000
2020-08-12 09:36:32.410,3.303,100
2020-08-12 09:36:32.410,3.303,100000
2020-08-12 09:36:32.920,3.304,10000
2020-08-12 09:36:35.530,3.304,2700
2020-08-12 09:36:35.740,3.304,25300
2020-08-12 09:36:35.740,3.304,500
2020-08-12 09:36:35.790,3.305,3300
2020-08-12 09:36:36.680,3.305,14200
2020-08-12 09:36:36.920,3.305,76000
2020-08-12 09:36:36.920,3.305,5000
2020-08-12 09:36:36.920,3.305,2500
2020-08-12 09:36:37.210,3.306,1100
2020-08-12 09:36:39.820,3.305,1000
2020-08-12 09:36:40.230,3.305,500
2020-08-12 09:36:40.520,3.305,10200
2020-08-12 09:36:40.550,3.305,1600
2020-08-12 09:36:40.930,3.306,300
2020-08-12 09:36:40.930,3.306,5000
2020-08-12 09:36:41.620,3.307,1600
2020-08-12 09:36:41.620,3.307,34000
2020-08-12 09:36:41.620,3.307,93000
2020-08-12 09:36:41.620,3.307,26100
2020-08-12 09:36:41.620,3.307,93000
2020-08-12 09:36:42.280,3.307,5000
2020-08-12 09:36:42.510,3.308,6000
2020-08-12 09:36:42.510,3.308,100000
2020-08-12 09:36:42.510,3.308,194000
2020-08-12 09:36:42.510,3.308,106000
2020-08-12 09:36:42.510,3.308,100
2020-08-12 09:36:42.510,3.308,500
2020-08-12 09:36:42.510,3.308,50200
2020-08-12 09:36:42.510,3.308,3000
2020-08-12 09:36:42.510,3.308,140200
2020-08-12 09:36:42.510,3.308,300000
2020-08-12 09:36:42.510,3.308,300000
2020-08-12 09:36:42.780,3.307,47300
2020-08-12 09:36:42.780,3.307,300000
2020-08-12 09:36:42.960,3.307,159800
2020-08-12 09:36:43.100,3.307,300000
2020-08-12 09:36:43.440,3.307,92900
2020-08-12 09:36:43.470,3.307,4500
2020-08-12 09:36:45.480,3.308,159800
2020-08-12 09:36:45.760,3.308,1200
2020-08-12 09:36:47.270,3.308,100
2020-08-12 09:36:47.620,3.308,5000
2020-08-12 09:36:47.910,3.308,3000
2020-08-12 09:36:49.680,3.308,10000
2020-08-12 09:36:49.960,3.308,8900
2020-08-12 09:36:50.100,3.308,1600
2020-08-12 09:36:50.250,3.309,300
2020-08-12 09:36:50.320,3.309,8000
2020-08-12 09:36:51.660,3.308,2200
2020-08-12 09:36:51.840,3.308,2000
2020-08-12 09:36:51.900,3.309,200
2020-08-12 09:36:52.620,3.309,2500
2020-08-12 09:36:53.720,3.308,2000
2020-08-12 09:36:54.340,3.308,104200
2020-08-12 09:36:54.340,3.308,100000
2020-08-12 09:36:54.340,3.308,6000
2020-08-12 09:36:54.340,3.308,300
2020-08-12 09:36:54.340,3.308,5000
2020-08-12 09:36:54.340,3.308,100
2020-08-12 09:36:54.340,3.308,200
2020-08-12 09:36:54.340,3.308,200
2020-08-12 09:36:54.340,3.308,10000
2020-08-12 09:36:54.340,3.308,1000
2020-08-12 09:36:54.520,3.309,200
2020-08-12 09:36:54.860,3.308,7100
2020-08-12 09:36:54.860,3.308,35400
2020-08-12 09:36:55.130,3.308,10000
2020-08-12 09:36:55.420,3.308,15000
2020-08-12 09:36:56.270,3.308,5100
2020-08-12 09:36:56.460,3.307,6000
2020-08-12 09:36:56.460,3.307,1600
2020-08-12 09:36:56.840,3.306,2000
2020-08-12 09:36:56.840,3.306,3000
2020-08-12 09:36:56.840,3.306,2100
2020-08-12 09:36:56.840,3.306,100
2020-08-12 09:37:00.290,3.308,5000
2020-08-12 09:37:00.910,3.308,700
2020-08-12 09:37:01.550,3.308,3000
2020-08-12 09:37:02.910,3.307,1000
2020-08-12 09:37:03.930,3.307,100
2020-08-12 09:37:03.930,3.305,700
2020-08-12 09:37:04.190,3.305,300
2020-08-12 09:37:04.190,3.305,10000
2020-08-12 09:37:04.190,3.305,3000
2020-08-12 09:37:04.190,3.305,3000
2020-08-12 09:37:04.190,3.305,66800
2020-08-12 09:37:04.430,3.305,700
2020-08-12 09:37:04.730,3.307,1500
2020-08-12 09:37:04.880,3.306,700
2020-08-12 09:37:05.420,3.306,700
2020-08-12 09:37:05.730,3.307,7400
2020-08-12 09:37:05.730,3.307,300000
2020-08-12 09:37:05.730,3.308,271200
2020-08-12 09:37:05.730,3.308,10000
2020-08-12 09:37:05.730,3.308,5000
2020-08-12 09:37:05.730,3.308,6400
2020-08-12 09:37:05.880,3.306,700
2020-08-12 09:37:06.280,3.306,700
2020-08-12 09:37:06.310,3.307,300
2020-08-12 09:37:07.830,3.308,10000
2020-08-12 09:37:10.340,3.307,10000
2020-08-12 09:37:11.240,3.307,1000
2020-08-12 09:37:11.290,3.307,300
2020-08-12 09:37:11.970,3.307,100
2020-08-12 09:37:12.150,3.308,5000
2020-08-12 09:37:13.170,3.307,188600
2020-08-12 09:37:13.170,3.307,300000
2020-08-12 09:37:13.170,3.307,6700
2020-08-12 09:37:13.170,3.307,50000
2020-08-12 09:37:13.170,3.307,300000
2020-08-12 09:37:13.170,3.307,54700
2020-08-12 09:37:13.870,3.308,100000
2020-08-12 09:37:13.960,3.308,1500
2020-08-12 09:37:14.280,3.308,3000
2020-08-12 09:37:15.400,3.307,1000
2020-08-12 09:37:15.680,3.308,500
2020-08-12 09:37:15.950,3.308,38100
2020-08-12 09:37:16.280,3.307,100
2020-08-12 09:37:16.390,3.307,200
2020-08-12 09:37:16.780,3.307,3200
2020-08-12 09:37:16.780,3.307,1900
2020-08-12 09:37:16.780,3.306,7200
2020-08-12 09:37:16.780,3.306,500
2020-08-12 09:37:16.780,3.306,10000
2020-08-12 09:37:16.840,3.306,1000
2020-08-12 09:37:16.930,3.306,8500
2020-08-12 09:37:17.450,3.306,10000
2020-08-12 09:37:17.450,3.306,30000
2020-08-12 09:37:17.450,3.306,40000
2020-08-12 09:37:17.510,3.306,23200
2020-08-12 09:37:17.640,3.306,1000
2020-08-12 09:37:17.670,3.307,300
2020-08-12 09:37:17.670,3.308,10000
2020-08-12 09:37:17.670,3.308,20000
2020-08-12 09:37:17.670,3.308,3000
2020-08-12 09:37:17.670,3.308,2900
2020-08-12 09:37:19.540,3.308,263800
2020-08-12 09:37:20.130,3.307,3000
2020-08-12 09:37:20.470,3.308,10000
2020-08-12 09:37:20.740,3.308,5000
2020-08-12 09:37:21.700,3.307,300000
2020-08-12 09:37:22.080,3.307,697000
2020-08-12 09:37:22.080,3.307,143300
2020-08-12 09:37:24.850,3.307,100
2020-08-12 09:37:25.180,3.308,100000
2020-08-12 09:37:25.350,3.308,10000
2020-08-12 09:37:26.480,3.308,20000
2020-08-12 09:37:26.970,3.308,10000
2020-08-12 09:37:27.840,3.307,5000
2020-08-12 09:37:27.840,3.308,5800
2020-08-12 09:37:28.420,3.308,500
2020-08-12 09:37:29.870,3.307,40000
2020-08-12 09:37:30.730,3.308,48500
2020-08-12 09:37:31.090,3.308,700
2020-08-12 09:37:32.000,3.308,2000
2020-08-12 09:37:32.610,3.308,300
2020-08-12 09:37:33.820,3.308,6400
2020-08-12 09:37:34.530,3.308,800
2020-08-12 09:37:34.840,3.307,3600
2020-08-12 09:37:34.930,3.307,7000
2020-08-12 09:37:35.510,3.308,3000
2020-08-12 09:37:36.090,3.308,15000
2020-08-12 09:37:36.920,3.307,300
2020-08-12 09:37:37.340,3.307,2000
2020-08-12 09:37:38.020,3.307,2300
2020-08-12 09:37:38.050,3.308,25000
2020-08-12 09:37:39.130,3.308,100
2020-08-12 09:37:39.710,3.308,2000
2020-08-12 09:37:40.930,3.307,1300
2020-08-12 09:37:41.070,3.308,200
2020-08-12 09:37:41.380,3.308,10000
2020-08-12 09:37:41.380,3.308,300
2020-08-12 09:37:41.610,3.308,3000
2020-08-12 09:37:43.450,3.307,10000
2020-08-12 09:37:43.640,3.308,500
2020-08-12 09:37:43.670,3.308,335900
2020-08-12 09:37:43.670,3.308,7000
2020-08-12 09:37:43.670,3.308,20000
2020-08-12 09:37:43.670,3.308,1000
2020-08-12 09:37:43.670,3.308,100
2020-08-12 09:37:43.670,3.308,59900
2020-08-12 09:37:44.370,3.308,40100
2020-08-12 09:37:44.370,3.308,10000
2020-08-12 09:37:44.370,3.308,1500
2020-08-12 09:37:44.370,3.308,44000
2020-08-12 09:37:44.370,3.308,100
2020-08-12 09:37:46.040,3.308,2000
2020-08-12 09:37:46.590,3.308,4600
2020-08-12 09:37:50.710,3.308,2700
2020-08-12 09:37:51.030,3.309,10000
2020-08-12 09:37:51.830,3.309,20000
2020-08-12 09:37:53.740,3.308,30000
2020-08-12 09:37:54.310,3.309,500
2020-08-12 09:37:54.480,3.308,10000
2020-08-12 09:37:55.240,3.309,1000
2020-08-12 09:37:55.480,3.309,30000
2020-08-12 09:37:57.610,3.309,26500
2020-08-12 09:37:57.610,3.309,50000
2020-08-12 09:37:57.610,3.309,1100
2020-08-12 09:37:57.610,3.309,3000
2020-08-12 09:37:57.610,3.309,4000
2020-08-12 09:37:57.610,3.309,500
2020-08-12 09:37:57.610,3.309,2500
2020-08-12 09:37:57.610,3.309,112400
2020-08-12 09:37:58.670,3.309,100
2020-08-12 09:37:58.840,3.309,5000
2020-08-12 09:37:59.280,3.309,5000
2020-08-12 09:38:00.930,3.309,13700
2020-08-12 09:38:00.930,3.309,5000
2020-08-12 09:38:00.930,3.309,100
2020-08-12 09:38:00.930,3.309,5000
2020-08-12 09:38:00.930,3.309,12200
2020-08-12 09:38:00.930,3.309,100
2020-08-12 09:38:00.930,3.309,25000
2020-08-12 09:38:00.930,3.309,10000
2020-08-12 09:38:00.930,3.309,94100
2020-08-12 09:38:02.390,3.308,10000
2020-08-12 09:38:02.900,3.309,26900
2020-08-12 09:38:02.900,3.309,10000
2020-08-12 09:38:02.900,3.309,13600
2020-08-12 09:38:02.900,3.309,5100
2020-08-12 09:38:04.540,3.309,5000
2020-08-12 09:38:04.850,3.309,1500
2020-08-12 09:38:07.600,3.31,5000
2020-08-12 09:38:07.600,3.31,15000
2020-08-12 09:38:07.600,3.31,3000
2020-08-12 09:38:07.600,3.31,6000
2020-08-12 09:38:07.600,3.31,200
2020-08-12 09:38:07.600,3.31,2000
2020-08-12 09:38:07.600,3.31,1000
2020-08-12 09:38:07.600,3.31,9000
2020-08-12 09:38:07.600,3.31,5000
2020-08-12 09:38:07.600,3.31,213800
2020-08-12 09:38:07.790,3.309,10000
2020-08-12 09:38:08.390,3.31,300
2020-08-12 09:38:09.850,3.31,81500
2020-08-12 09:38:09.850,3.31,7000
2020-08-12 09:38:09.850,3.31,7500
2020-08-12 09:38:09.850,3.31,4000
2020-08-12 09:38:10.100,3.31,14500
2020-08-12 09:38:12.480,3.31,83500
2020-08-12 09:38:12.480,3.31,3000
2020-08-12 09:38:12.480,3.31,50100
2020-08-12 09:38:12.480,3.31,200
2020-08-12 09:38:12.480,3.31,10000
2020-08-12 09:38:12.480,3.31,5000
2020-08-12 09:38:12.480,3.31,3000
2020-08-12 09:38:12.480,3.31,500
2020-08-12 09:38:12.480,3.31,400
2020-08-12 09:38:12.480,3.31,4600
2020-08-12 09:38:12.540,3.311,25100
2020-08-12 09:38:12.540,3.311,100
2020-08-12 09:38:12.540,3.311,200
2020-08-12 09:38:12.540,3.311,100
2020-08-12 09:38:12.540,3.311,1000
2020-08-12 09:38:12.540,3.311,500
2020-08-12 09:38:12.540,3.311,50000
2020-08-12 09:38:12.540,3.311,223000
2020-08-12 09:38:12.620,3.31,1000
2020-08-12 09:38:12.930,3.31,6400
2020-08-12 09:38:15.250,3.311,4000
2020-08-12 09:38:17.310,3.31,9800
2020-08-12 09:38:17.660,3.31,400
2020-08-12 09:38:17.690,3.31,25000
2020-08-12 09:38:18.100,3.31,40000
2020-08-12 09:38:18.860,3.311,1000
2020-08-12 09:38:21.010,3.311,2000
2020-08-12 09:38:21.730,3.311,3000
2020-08-12 09:38:21.730,3.311,10000
2020-08-12 09:38:21.730,3.312,2300
2020-08-12 09:38:22.110,3.31,2000
2020-08-12 09:38:25.380,3.311,1000
2020-08-12 09:38:27.510,3.311,1300
2020-08-12 09:38:27.510,3.311,2200
2020-08-12 09:38:28.010,3.311,800
2020-08-12 09:38:28.010,3.311,400
2020-08-12 09:38:28.010,3.311,1000
2020-08-12 09:38:28.010,3.31,1200
2020-08-12 09:38:28.130,3.31,7700
2020-08-12 09:38:29.130,3.312,3700
2020-08-12 09:38:29.130,3.312,5000
2020-08-12 09:38:29.130,3.312,200
2020-08-12 09:38:29.130,3.312,20000
2020-08-12 09:38:29.130,3.312,100
2020-08-12 09:38:29.130,3.312,271000
2020-08-12 09:38:29.240,3.311,100000
2020-08-12 09:38:30.170,3.312,300000
2020-08-12 09:38:31.160,3.311,100
2020-08-12 09:38:31.740,3.312,2900
2020-08-12 09:38:31.770,3.312,47100
2020-08-12 09:38:31.770,3.313,252900
2020-08-12 09:38:32.540,3.312,100
2020-08-12 09:38:33.320,3.312,15000
2020-08-12 09:38:33.320,3.311,69900
2020-08-12 09:38:33.320,3.311,15100
2020-08-12 09:38:33.950,3.311,6600
2020-08-12 09:38:35.320,3.312,15000
2020-08-12 09:38:35.320,3.312,46200
2020-08-12 09:38:35.320,3.311,18200
2020-08-12 09:38:35.320,3.311,3000
2020-08-12 09:38:35.320,3.311,1000
2020-08-12 09:38:35.320,3.311,100
2020-08-12 09:38:35.580,3.311,5000
2020-08-12 09:38:35.640,3.311,211500
2020-08-12 09:38:35.640,3.313,10000
2020-08-12 09:38:36.710,3.311,200
2020-08-12 09:38:37.730,3.313,37100
2020-08-12 09:38:37.730,3.313,2600
2020-08-12 09:38:37.730,3.313,2400
2020-08-12 09:38:37.730,3.313,4400
2020-08-12 09:38:37.730,3.313,200
2020-08-12 09:38:37.730,3.313,5000
2020-08-12 09:38:37.730,3.313,600
2020-08-12 09:38:37.730,3.313,4000
2020-08-12 09:38:37.730,3.313,39900
2020-08-12 09:38:37.730,3.313,5100
2020-08-12 09:38:37.730,3.313,5000
2020-08-12 09:38:37.730,3.313,1300
2020-08-12 09:38:39.540,3.313,1000
2020-08-12 09:38:39.670,3.313,10000
2020-08-12 09:38:39.890,3.314,500
2020-08-12 09:38:39.890,3.314,7000
2020-08-12 09:38:39.980,3.314,300000
2020-08-12 09:38:40.160,3.313,30000
2020-08-12 09:38:42.800,3.314,21700
2020-08-12 09:38:43.080,3.313,10000
2020-08-12 09:38:43.700,3.314,300000
2020-08-12 09:38:44.070,3.314,300100
2020-08-12 09:38:44.180,3.314,71200
2020-08-12 09:38:44.180,3.314,228800
2020-08-12 09:38:44.180,3.314,145000
2020-08-12 09:38:44.660,3.313,100
2020-08-12 09:38:44.800,3.314,134900
2020-08-12 09:38:44.800,3.314,7200
2020-08-12 09:38:44.800,3.314,6000
2020-08-12 09:38:44.800,3.314,21500
2020-08-12 09:38:44.800,3.314,200
2020-08-12 09:38:44.800,3.314,100
2020-08-12 09:38:44.800,3.314,5000
2020-08-12 09:38:44.800,3.314,109100
2020-08-12 09:38:44.800,3.314,100
2020-08-12 09:38:44.800,3.314,15900
2020-08-12 09:38:45.530,3.314,75000
2020-08-12 09:38:45.560,3.313,700
2020-08-12 09:38:46.370,3.314,1600
2020-08-12 09:38:46.540,3.314,300000
2020-08-12 09:38:47.720,3.313,140600
2020-08-12 09:38:47.720,3.313,3000
2020-08-12 09:38:47.720,3.313,300
2020-08-12 09:38:47.720,3.313,1000
2020-08-12 09:38:47.720,3.313,5000
2020-08-12 09:38:48.510,3.313,400
2020-08-12 09:38:49.730,3.312,2400
2020-08-12 09:38:51.350,3.312,20000
2020-08-12 09:38:51.680,3.313,68200
2020-08-12 09:38:51.840,3.313,3000
2020-08-12 09:38:54.990,3.313,5000
2020-08-12 09:38:54.990,3.313,3000
2020-08-12 09:38:54.990,3.313,1700
2020-08-12 09:38:55.730,3.313,5000
2020-08-12 09:38:56.200,3.313,3000
2020-08-12 09:38:57.540,3.313,100
2020-08-12 09:38:57.970,3.315,3000
2020-08-12 09:38:57.970,3.315,1000
2020-08-12 09:38:59.340,3.313,1000
2020-08-12 09:39:01.140,3.315,40000
2020-08-12 09:39:02.050,3.314,11500
2020-08-12 09:39:02.890,3.314,51800
2020-08-12 09:39:03.780,3.313,1200
2020-08-12 09:39:04.960,3.314,1300
2020-08-12 09:39:05.920,3.313,900
2020-08-12 09:39:05.920,3.314,300
2020-08-12 09:39:06.200,3.313,500
2020-08-12 09:39:07.600,3.314,10000
2020-08-12 09:39:09.090,3.314,1000
2020-08-12 09:39:09.210,3.314,10000
2020-08-12 09:39:09.810,3.314,800
2020-08-12 09:39:10.520,3.313,100
2020-08-12 09:39:10.630,3.313,1300
2020-08-12 09:39:10.630,3.313,4300
2020-08-12 09:39:11.280,3.314,1000
2020-08-12 09:39:11.700,3.314,2000
2020-08-12 09:39:12.820,3.313,500
2020-08-12 09:39:13.930,3.313,30000
2020-08-12 09:39:14.190,3.314,15000
2020-08-12 09:39:14.700,3.313,3000
2020-08-12 09:39:14.840,3.314,800
2020-08-12 09:39:15.190,3.313,7400
2020-08-12 09:39:15.420,3.314,400
2020-08-12 09:39:15.490,3.313,10000
2020-08-12 09:39:15.910,3.314,3700
2020-08-12 09:39:15.910,3.314,10000
2020-08-12 09:39:15.910,3.314,16300
2020-08-12 09:39:16.160,3.313,400
2020-08-12 09:39:16.940,3.314,300
2020-08-12 09:39:16.970,3.313,10000
2020-08-12 09:39:17.340,3.313,17800
2020-08-12 09:39:18.040,3.314,300
2020-08-12 09:39:18.340,3.314,300
2020-08-12 09:39:18.910,3.314,100
2020-08-12 09:39:18.960,3.314,5000
2020-08-12 09:39:18.990,3.314,900
2020-08-12 09:39:19.580,3.314,100000
2020-08-12 09:39:20.580,3.313,216600
2020-08-12 09:39:20.580,3.313,100
2020-08-12 09:39:20.580,3.313,1600
2020-08-12 09:39:20.580,3.313,30000
2020-08-12 09:39:20.580,3.313,1000
2020-08-12 09:39:20.580,3.313,9100
2020-08-12 09:39:20.580,3.313,13900
2020-08-12 09:39:20.580,3.313,300
2020-08-12 09:39:20.580,3.313,10000
2020-08-12 09:39:20.580,3.313,10000
2020-08-12 09:39:20.580,3.313,7400
2020-08-12 09:39:20.700,3.314,1000
2020-08-12 09:39:20.700,3.313,42600
2020-08-12 09:39:20.700,3.313,1000
2020-08-12 09:39:20.700,3.313,3000
2020-08-12 09:39:20.870,3.313,1500
2020-08-12 09:39:24.290,3.313,2000
2020-08-12 09:39:25.060,3.313,10000
2020-08-12 09:39:26.320,3.313,1000
2020-08-12 09:39:27.820,3.313,30000
2020-08-12 09:39:28.450,3.313,1000
2020-08-12 09:39:28.600,3.313,25000
2020-08-12 09:39:28.710,3.313,3000
2020-08-12 09:39:28.970,3.312,200
2020-08-12 09:39:29.120,3.312,5000
2020-08-12 09:39:29.770,3.313,1000
2020-08-12 09:39:31.770,3.312,1000
2020-08-12 09:39:32.150,3.313,2100
2020-08-12 09:39:32.290,3.312,1800
2020-08-12 09:39:32.700,3.312,400
2020-08-12 09:39:33.010,3.313,20000
2020-08-12 09:39:33.820,3.313,3800
2020-08-12 09:39:34.120,3.312,10000
2020-08-12 09:39:34.440,3.313,100
2020-08-12 09:39:34.840,3.312,5000
2020-08-12 09:39:35.260,3.312,300
2020-08-12 09:39:35.980,3.313,400
2020-08-12 09:39:36.170,3.312,31000
2020-08-12 09:39:36.520,3.312,1000
2020-08-12 09:39:37.940,3.312,10000
2020-08-12 09:39:38.110,3.312,25000
2020-08-12 09:39:38.160,3.312,5000
2020-08-12 09:39:38.580,3.312,300
2020-08-12 09:39:40.580,3.312,500
2020-08-12 09:39:41.060,3.312,1800
2020-08-12 09:39:42.320,3.312,41900
2020-08-12 09:39:42.320,3.312,600
2020-08-12 09:39:42.320,3.312,1000
2020-08-12 09:39:42.320,3.312,5000
2020-08-12 09:39:42.320,3.312,2000
2020-08-12 09:39:42.320,3.312,24100
2020-08-12 09:39:44.040,3.312,500
2020-08-12 09:39:49.380,3.312,200000
2020-08-12 09:39:50.950,3.312,20000
2020-08-12 09:39:52.030,3.311,1000
2020-08-12 09:39:52.030,3.311,7400
2020-08-12 09:39:52.030,3.311,2600
2020-08-12 09:39:52.030,3.311,2700
2020-08-12 09:39:52.030,3.311,12000
2020-08-12 09:39:53.020,3.311,10000
2020-08-12 09:39:54.770,3.312,4900
2020-08-12 09:39:54.770,3.312,3000
2020-08-12 09:39:54.770,3.312,300
2020-08-12 09:39:54.770,3.312,4500
2020-08-12 09:39:54.770,3.312,5000
2020-08-12 09:39:54.770,3.312,2300
2020-08-12 09:39:54.770,3.312,1000
2020-08-12 09:39:54.770,3.312,32600
2020-08-12 09:39:59.520,3.312,3000
2020-08-12 09:40:01.420,3.312,900
2020-08-12 09:40:02.890,3.311,1000
2020-08-12 09:40:02.910,3.311,3800
2020-08-12 09:40:02.910,3.312,33500
2020-08-12 09:40:02.910,3.312,100
2020-08-12 09:40:02.910,3.312,1900
2020-08-12 09:40:02.910,3.312,25100
2020-08-12 09:40:02.910,3.312,109300
2020-08-12 09:40:02.910,3.312,3200
2020-08-12 09:40:02.910,3.312,6000
2020-08-12 09:40:02.910,3.312,8000
2020-08-12 09:40:03.390,3.312,109100
2020-08-12 09:40:03.390,3.312,5000
2020-08-12 09:40:04.650,3.31,200
2020-08-12 09:40:04.650,3.31,2000
2020-08-12 09:40:04.650,3.31,6400
2020-08-12 09:40:04.650,3.31,1000
2020-08-12 09:40:04.650,3.31,400
2020-08-12 09:40:04.980,3.31,3100
2020-08-12 09:40:04.980,3.31,5900
2020-08-12 09:40:05.850,3.312,10000
2020-08-12 09:40:08.270,3.31,5700
2020-08-12 09:40:08.270,3.31,5000
2020-08-12 09:40:08.270,3.31,900
2020-08-12 09:40:08.270,3.31,3000
2020-08-12 09:40:08.270,3.31,300
2020-08-12 09:40:10.720,3.312,20000
2020-08-12 09:40:11.560,3.31,49700
2020-08-12 09:40:11.560,3.31,1800
2020-08-12 09:40:12.430,3.31,1000
2020-08-12 09:40:15.660,3.31,200
2020-08-12 09:40:15.660,3.31,2800
2020-08-12 09:40:16.170,3.31,200
2020-08-12 09:40:16.170,3.31,1000
2020-08-12 09:40:16.170,3.31,2000
2020-08-12 09:40:16.170,3.31,5700
2020-08-12 09:40:16.170,3.31,1000
2020-08-12 09:40:16.170,3.309,17500
2020-08-12 09:40:16.650,3.311,5200
2020-08-12 09:40:16.770,3.311,10000
2020-08-12 09:40:17.450,3.31,3100
2020-08-12 09:40:18.330,3.31,24900
2020-08-12 09:40:21.470,3.31,6000
2020-08-12 09:40:22.430,3.309,6500
2020-08-12 09:40:22.490,3.309,3400
2020-08-12 09:40:24.680,3.31,4000
2020-08-12 09:40:25.130,3.31,100
2020-08-12 09:40:25.510,3.31,1000
2020-08-12 09:40:25.820,3.309,22600
2020-08-12 09:40:25.820,3.309,8600
2020-08-12 09:40:26.830,3.31,4000
2020-08-12 09:40:27.450,3.309,1400
2020-08-12 09:40:27.450,3.309,500
2020-08-12 09:40:27.450,3.309,100
2020-08-12 09:40:31.190,3.309,900
2020-08-12 09:40:32.650,3.309,1600
2020-08-12 09:40:35.050,3.31,100
2020-08-12 09:40:35.530,3.309,18000
2020-08-12 09:40:36.030,3.309,200
2020-08-12 09:40:36.360,3.31,1000
2020-08-12 09:40:38.300,3.31,3000
2020-08-12 09:40:38.450,3.309,29200
2020-08-12 09:40:38.450,3.309,1000
2020-08-12 09:40:38.450,3.309,1300
2020-08-12 09:40:39.050,3.309,600
2020-08-12 09:40:39.520,3.309,1100
2020-08-12 09:40:39.520,3.309,2400
2020-08-12 09:40:39.580,3.309,144300
2020-08-12 09:40:39.580,3.31,105300
2020-08-12 09:40:39.580,3.31,10000
2020-08-12 09:40:39.580,3.31,1000
2020-08-12 09:40:39.580,3.31,300
2020-08-12 09:40:39.580,3.31,5000
2020-08-12 09:40:39.580,3.31,200
2020-08-12 09:40:39.580,3.31,7500
2020-08-12 09:40:39.970,3.31,200
2020-08-12 09:40:41.390,3.31,26200
2020-08-12 09:40:41.390,3.31,1000
2020-08-12 09:40:41.390,3.31,32800
2020-08-12 09:40:42.640,3.31,7500
2020-08-12 09:40:42.720,3.31,7100
2020-08-12 09:40:42.890,3.31,70000
2020-08-12 09:40:43.670,3.31,17000
2020-08-12 09:40:44.080,3.31,2000
2020-08-12 09:40:46.370,3.31,7000
2020-08-12 09:40:46.450,3.31,156600
2020-08-12 09:40:46.450,3.31,20000
2020-08-12 09:40:47.810,3.308,28100
2020-08-12 09:40:47.810,3.308,5000
2020-08-12 09:40:47.810,3.308,2100
2020-08-12 09:40:47.810,3.308,10000
2020-08-12 09:40:47.810,3.308,10000
2020-08-12 09:40:47.810,3.308,8000
2020-08-12 09:40:47.810,3.308,20000
2020-08-12 09:40:47.810,3.308,1500
2020-08-12 09:40:47.810,3.308,20000
2020-08-12 09:40:47.810,3.308,8000
2020-08-12 09:40:47.810,3.308,2000
2020-08-12 09:40:47.810,3.308,2000
2020-08-12 09:40:47.810,3.308,5000
2020-08-12 09:40:47.810,3.308,16300
2020-08-12 09:40:47.810,3.308,10000
2020-08-12 09:40:47.810,3.308,50000
2020-08-12 09:40:47.810,3.308,100
2020-08-12 09:40:47.810,3.308,13300
2020-08-12 09:40:47.810,3.308,900
2020-08-12 09:40:47.810,3.308,10000
2020-08-12 09:40:47.810,3.308,500
2020-08-12 09:40:47.810,3.308,5000
2020-08-12 09:40:47.810,3.308,1000
2020-08-12 09:40:47.810,3.308,1000
2020-08-12 09:40:47.810,3.308,1500
2020-08-12 09:40:47.810,3.308,300
2020-08-12 09:40:47.810,3.308,1100
2020-08-12 09:40:48.020,3.308,2000
2020-08-12 09:40:48.080,3.308,5000
2020-08-12 09:40:49.790,3.308,20000
2020-08-12 09:40:50.580,3.308,200
2020-08-12 09:40:53.560,3.308,40100
2020-08-12 09:40:53.560,3.308,11000
2020-08-12 09:40:54.360,3.309,700
2020-08-12 09:40:54.360,3.309,300
2020-08-12 09:40:56.580,3.309,1700
2020-08-12 09:40:56.580,3.309,5000
2020-08-12 09:40:56.580,3.309,300
2020-08-12 09:40:57.710,3.309,2500
2020-08-12 09:41:00.560,3.309,10000
2020-08-12 09:41:02.910,3.31,1000
2020-08-12 09:41:03.220,3.309,200
2020-08-12 09:41:04.230,3.309,40000
2020-08-12 09:41:05.000,3.309,900
2020-08-12 09:41:05.290,3.309,63600
2020-08-12 09:41:05.290,3.309,5000
2020-08-12 09:41:06.540,3.308,88800
2020-08-12 09:41:06.540,3.308,600
2020-08-12 09:41:06.540,3.308,10000
2020-08-12 09:41:06.540,3.308,1000
2020-08-12 09:41:06.540,3.308,500
2020-08-12 09:41:06.540,3.308,5000
2020-08-12 09:41:06.540,3.308,2000
2020-08-12 09:41:06.540,3.308,50000
2020-08-12 09:41:06.540,3.307,742100
2020-08-12 09:41:08.250,3.308,5000
2020-08-12 09:41:08.250,3.307,43000
2020-08-12 09:41:08.250,3.307,852000
2020-08-12 09:41:08.760,3.307,148000
2020-08-12 09:41:08.760,3.307,152000
2020-08-12 09:41:08.960,3.309,10000
2020-08-12 09:41:09.460,3.307,848000
2020-08-12 09:41:09.460,3.307,61500
2020-08-12 09:41:09.690,3.307,300000
2020-08-12 09:41:10.110,3.308,2000
2020-08-12 09:41:10.170,3.307,638500
2020-08-12 09:41:10.170,3.307,160300
2020-08-12 09:41:11.270,3.307,300000
2020-08-12 09:41:11.360,3.307,300000
2020-08-12 09:41:11.620,3.307,239700
2020-08-12 09:41:11.620,3.307,60300
2020-08-12 09:41:12.250,3.307,600000
2020-08-12 09:41:12.730,3.307,300000
2020-08-12 09:41:12.770,3.307,39700
2020-08-12 09:41:12.770,3.307,260300
2020-08-12 09:41:12.770,3.307,300000
2020-08-12 09:41:12.770,3.307,300000
2020-08-12 09:41:13.180,3.307,139700
2020-08-12 09:41:13.180,3.307,761500
2020-08-12 09:41:13.480,3.307,238500
2020-08-12 09:41:13.480,3.307,61500
2020-08-12 09:41:13.880,3.307,300000
2020-08-12 09:41:13.910,3.307,300010
2020-08-12 09:41:14.080,3.307,338490
2020-08-12 09:41:14.080,3.307,3000
2020-08-12 09:41:14.080,3.307,5000
2020-08-12 09:41:14.080,3.307,253510
2020-08-12 09:41:14.490,3.307,97290
2020-08-12 09:41:14.490,3.307,5000
2020-08-12 09:41:14.490,3.307,144400
2020-08-12 09:41:14.490,3.307,1000
2020-08-12 09:41:14.490,3.307,4200
2020-08-12 09:41:14.490,3.307,100
2020-08-12 09:41:14.490,3.307,3000
2020-08-12 09:41:14.490,3.307,13300
2020-08-12 09:41:14.490,3.307,13300
2020-08-12 09:41:14.490,3.307,100
2020-08-12 09:41:14.490,3.307,700
2020-08-12 09:41:16.910,3.307,1000
2020-08-12 09:41:20.260,3.306,10000
2020-08-12 09:41:20.260,3.306,5000
2020-08-12 09:41:20.260,3.306,50000
2020-08-12 09:41:20.260,3.306,200000
2020-08-12 09:41:20.260,3.306,13300
2020-08-12 09:41:20.260,3.306,100
2020-08-12 09:41:20.660,3.305,25500
2020-08-12 09:41:20.660,3.305,2000
2020-08-12 09:41:20.660,3.305,200
2020-08-12 09:41:20.660,3.305,1000
2020-08-12 09:41:20.660,3.305,1000
2020-08-12 09:41:20.660,3.305,900
2020-08-12 09:41:20.660,3.305,2000
2020-08-12 09:41:20.660,3.305,2000
2020-08-12 09:41:20.660,3.305,400
2020-08-12 09:41:20.660,3.305,1000
2020-08-12 09:41:20.660,3.305,800
2020-08-12 09:41:20.660,3.305,100
2020-08-12 09:41:20.660,3.305,20000
2020-08-12 09:41:20.660,3.305,100
2020-08-12 09:41:20.660,3.305,10000
2020-08-12 09:41:20.660,3.305,20800
2020-08-12 09:41:20.660,3.305,100
2020-08-12 09:41:20.660,3.305,10000
2020-08-12 09:41:20.660,3.305,3000
2020-08-12 09:41:20.660,3.305,2000
2020-08-12 09:41:20.660,3.305,400
2020-08-12 09:41:20.660,3.305,100
2020-08-12 09:41:20.660,3.305,1000
2020-08-12 09:41:20.660,3.305,1000
2020-08-12 09:41:20.660,3.305,300
2020-08-12 09:41:20.660,3.305,200
2020-08-12 09:41:24.360,3.305,50000
2020-08-12 09:41:25.910,3.304,10000
2020-08-12 09:41:25.910,3.304,100
2020-08-12 09:41:25.910,3.304,4700
2020-08-12 09:41:26.160,3.305,200
2020-08-12 09:41:26.520,3.304,1400
2020-08-12 09:41:26.520,3.304,5000
2020-08-12 09:41:26.520,3.304,50000
2020-08-12 09:41:26.520,3.304,100
2020-08-12 09:41:26.520,3.304,69800
2020-08-12 09:41:28.860,3.305,10000
2020-08-12 09:41:29.340,3.305,500
2020-08-12 09:41:30.680,3.305,13700
2020-08-12 09:41:30.910,3.305,100
2020-08-12 09:41:33.600,3.304,25200
2020-08-12 09:41:33.690,3.304,10000
2020-08-12 09:41:34.140,3.304,40000
2020-08-12 09:41:34.260,3.304,9100
2020-08-12 09:41:34.430,3.305,6900
2020-08-12 09:41:34.780,3.305,112700
2020-08-12 09:41:34.780,3.305,187300
2020-08-12 09:41:34.930,3.305,300000
2020-08-12 09:41:35.920,3.305,300000
2020-08-12 09:41:37.560,3.305,3100
2020-08-12 09:41:37.720,3.304,400
2020-08-12 09:41:37.830,3.305,1900
2020-08-12 09:41:37.830,3.306,600
2020-08-12 09:41:37.830,3.306,100
2020-08-12 09:41:37.830,3.307,400
2020-08-12 09:41:38.650,3.304,500
2020-08-12 09:41:38.650,3.304,29500
2020-08-12 09:41:41.250,3.305,1000
2020-08-12 09:41:41.860,3.305,15810
2020-08-12 09:41:43.020,3.305,40500
2020-08-12 09:41:44.600,3.305,40000
2020-08-12 09:41:44.960,3.307,7000
2020-08-12 09:41:46.430,3.305,1000
2020-08-12 09:41:50.400,3.307,300000
2020-08-12 09:41:50.430,3.305,2690
2020-08-12 09:41:50.430,3.305,100
2020-08-12 09:41:50.430,3.305,710
2020-08-12 09:41:52.090,3.307,100
2020-08-12 09:41:53.160,3.305,4290
2020-08-12 09:41:53.160,3.305,1000
2020-08-12 09:41:53.160,3.305,300
2020-08-12 09:41:53.160,3.305,13300
2020-08-12 09:41:55.630,3.305,1110
2020-08-12 09:41:56.400,3.305,7100
2020-08-12 09:41:56.440,3.306,20000
2020-08-12 09:41:56.440,3.307,280000
2020-08-12 09:41:57.450,3.305,7900
2020-08-12 09:41:57.740,3.305,3000
2020-08-12 09:41:58.390,3.305,1000
2020-08-12 09:41:59.140,3.305,1000
2020-08-12 09:41:59.960,3.307,12500
2020-08-12 09:41:59.960,3.307,500
2020-08-12 09:41:59.960,3.307,7000
2020-08-12 09:42:01.760,3.305,100
2020-08-12 09:42:02.660,3.305,400
2020-08-12 09:42:02.730,3.305,800
2020-08-12 09:42:03.150,3.305,50000
2020-08-12 09:42:05.350,3.306,300
2020-08-12 09:42:05.350,3.305,100
2020-08-12 09:42:07.080,3.305,1000
2020-08-12 09:42:07.950,3.307,3300
2020-08-12 09:42:11.420,3.306,30000
2020-08-12 09:42:11.420,3.306,40000
2020-08-12 09:42:11.550,3.306,300000
2020-08-12 09:42:11.580,3.306,300000
2020-08-12 09:42:11.580,3.306,230000
2020-08-12 09:42:12.080,3.307,100
2020-08-12 09:42:12.500,3.306,2500
2020-08-12 09:42:12.970,3.306,1000
2020-08-12 09:42:13.000,3.307,300000
2020-08-12 09:42:14.150,3.306,700
2020-08-12 09:42:14.240,3.307,100000
2020-08-12 09:42:15.320,3.306,15200
2020-08-12 09:42:17.710,3.307,300000
2020-08-12 09:42:17.710,3.307,40000
2020-08-12 09:42:18.600,3.307,3000
2020-08-12 09:42:18.600,3.307,1000
2020-08-12 09:42:18.600,3.308,6000
2020-08-12 09:42:18.600,3.308,19000
2020-08-12 09:42:18.600,3.308,4000
2020-08-12 09:42:18.600,3.309,10000
2020-08-12 09:42:18.600,3.309,1000
2020-08-12 09:42:18.600,3.309,5400
2020-08-12 09:42:18.600,3.309,1000
2020-08-12 09:42:18.600,3.31,500
2020-08-12 09:42:18.600,3.31,10000
2020-08-12 09:42:18.600,3.31,20000
2020-08-12 09:42:18.600,3.31,38600
2020-08-12 09:42:18.600,3.31,10900
2020-08-12 09:42:18.600,3.31,8200
2020-08-12 09:42:18.600,3.31,161400
2020-08-12 09:42:20.400,3.307,100
2020-08-12 09:42:20.400,3.307,400
2020-08-12 09:42:20.910,3.307,9000
2020-08-12 09:42:22.280,3.307,1300
2020-08-12 09:42:22.370,3.308,10000
2020-08-12 09:42:23.350,3.31,1000
2020-08-12 09:42:23.350,3.31,39600
2020-08-12 09:42:24.130,3.31,7500
2020-08-12 09:42:24.250,3.307,7000
2020-08-12 09:42:25.750,3.307,2000
2020-08-12 09:42:30.850,3.308,7500
2020-08-12 09:42:31.200,3.308,3500
2020-08-12 09:42:32.310,3.308,3000
2020-08-12 09:42:32.400,3.309,6000
2020-08-12 09:42:32.400,3.31,500
2020-08-12 09:42:32.400,3.31,6000
2020-08-12 09:42:32.400,3.31,2000
2020-08-12 09:42:32.400,3.311,2500
2020-08-12 09:42:32.400,3.311,1000
2020-08-12 09:42:32.900,3.311,100
2020-08-12 09:42:33.530,3.311,30000
2020-08-12 09:42:33.550,3.312,100000
2020-08-12 09:42:35.960,3.311,40000
2020-08-12 09:42:36.490,3.311,2000
2020-08-12 09:42:36.870,3.311,1800
2020-08-12 09:42:38.660,3.311,132800
2020-08-12 09:42:39.140,3.311,75300
2020-08-12 09:42:39.140,3.311,500
2020-08-12 09:42:39.140,3.311,200
2020-08-12 09:42:39.300,3.311,18000
2020-08-12 09:42:41.500,3.311,1600
2020-08-12 09:42:43.510,3.311,2000
2020-08-12 09:42:43.510,3.311,8000
2020-08-12 09:42:46.070,3.311,2000
2020-08-12 09:42:46.070,3.311,8000
2020-08-12 09:42:46.470,3.309,5000
2020-08-12 09:42:46.470,3.308,45000
2020-08-12 09:42:46.690,3.311,5000
2020-08-12 09:42:46.920,3.311,132400
2020-08-12 09:42:47.530,3.311,1000
2020-08-12 09:42:48.180,3.309,5100
2020-08-12 09:42:49.100,3.31,30000
2020-08-12 09:42:49.220,3.309,2000
2020-08-12 09:42:50.690,3.309,100
2020-08-12 09:42:50.770,3.31,41600
2020-08-12 09:42:51.480,3.31,20000
2020-08-12 09:42:51.540,3.31,100
2020-08-12 09:42:51.670,3.31,30200
2020-08-12 09:42:52.450,3.31,5300
2020-08-12 09:42:52.680,3.31,1000
2020-08-12 09:42:52.940,3.309,2800
2020-08-12 09:42:52.940,3.309,3500
2020-08-12 09:42:53.500,3.309,4100
2020-08-12 09:42:53.500,3.31,45900
2020-08-12 09:42:54.960,3.309,3000
2020-08-12 09:42:55.320,3.31,200
2020-08-12 09:42:55.570,3.309,2000
2020-08-12 09:42:55.570,3.309,3000
2020-08-12 09:42:55.860,3.309,400
2020-08-12 09:42:56.180,3.31,1500
2020-08-12 09:42:56.610,3.309,1600
2020-08-12 09:42:56.610,3.309,500
2020-08-12 09:42:56.610,3.309,1000
2020-08-12 09:42:56.610,3.308,3700
2020-08-12 09:42:57.570,3.31,800
2020-08-12 09:42:58.060,3.309,500
2020-08-12 09:42:59.590,3.309,3400
2020-08-12 09:43:01.220,3.308,5000
2020-08-12 09:43:03.540,3.309,600
2020-08-12 09:43:03.620,3.309,500
2020-08-12 09:43:03.620,3.309,500
2020-08-12 09:43:04.310,3.308,2100
2020-08-12 09:43:04.620,3.308,50000
2020-08-12 09:43:06.990,3.309,10000
2020-08-12 09:43:07.100,3.309,2000
2020-08-12 09:43:07.660,3.309,400
2020-08-12 09:43:07.750,3.308,300
2020-08-12 09:43:09.910,3.308,16000
2020-08-12 09:43:10.540,3.308,222900
2020-08-12 09:43:10.540,3.308,300000
2020-08-12 09:43:10.540,3.308,285200
2020-08-12 09:43:11.140,3.308,300
2020-08-12 09:43:11.380,3.308,14500
2020-08-12 09:43:11.380,3.308,10000
2020-08-12 09:43:11.380,3.308,500
2020-08-12 09:43:11.660,3.308,700
2020-08-12 09:43:11.880,3.308,3400
2020-08-12 09:43:15.090,3.308,900
2020-08-12 09:43:15.090,3.308,900
2020-08-12 09:43:15.530,3.308,2000
2020-08-12 09:43:15.590,3.307,3100
2020-08-12 09:43:16.060,3.307,7900
2020-08-12 09:43:16.060,3.307,5000
2020-08-12 09:43:16.060,3.307,1500
2020-08-12 09:43:16.060,3.307,800
2020-08-12 09:43:18.690,3.308,2000
2020-08-12 09:43:19.090,3.307,9200
2020-08-12 09:43:19.090,3.307,2000
2020-08-12 09:43:19.090,3.307,300
2020-08-12 09:43:19.090,3.307,3000
2020-08-12 09:43:19.090,3.307,20000
2020-08-12 09:43:19.090,3.307,8200
2020-08-12 09:43:19.090,3.307,3000
2020-08-12 09:43:19.090,3.307,5000
2020-08-12 09:43:19.090,3.307,1000
2020-08-12 09:43:19.090,3.306,4500
2020-08-12 09:43:19.090,3.306,1000
2020-08-12 09:43:19.090,3.306,10000
2020-08-12 09:43:19.090,3.306,10000
2020-08-12 09:43:19.090,3.306,10000
2020-08-12 09:43:19.090,3.306,1000
2020-08-12 09:43:19.140,3.306,6000
2020-08-12 09:43:19.410,3.306,1200
2020-08-12 09:43:21.390,3.306,300
2020-08-12 09:43:22.250,3.306,200
2020-08-12 09:43:22.720,3.306,1000
2020-08-12 09:43:22.930,3.306,3100
2020-08-12 09:43:22.930,3.307,3400
2020-08-12 09:43:29.810,3.305,5000
2020-08-12 09:43:29.810,3.305,2600
2020-08-12 09:43:34.260,3.306,8000
2020-08-12 09:43:35.650,3.307,2800
2020-08-12 09:43:35.650,3.307,30100
