ExChangeId,ChannelNo,SeqNo,SecurityID,Trade2_Order1,TradeDate,UpdateTime,Price,Volume,TrdMoney,OrdSide,OrdType,TrdBSFlag,TrdBuyNo,TrdSellNo
1,1,16000,510360,2,20200812,92500260,1.569000,2000,3138.000000,-,-,N,111824,212064
1,1,16001,510360,2,20200812,92500260,1.569000,8000,12552.000000,-,-,N,111824,147280
1,1,139903,510360,2,20200812,93110310,1.569000,400,627.600000,-,-,S,441596,446077
1,1,177069,510360,2,20200812,93145210,1.569000,100,156.900000,-,-,S,441596,505876
1,1,213033,510360,2,20200812,93219610,1.566000,19700,30850.200000,-,-,B,562264,558714
1,1,229263,510360,2,20200812,93235470,1.564000,500,782.000000,-,-,S,420395,586107
1,1,253455,510360,2,20200812,93258470,1.565000,100,156.500000,-,-,B,621121,574583
1,1,278114,510360,2,20200812,93320600,1.561000,4000,6244.000000,-,-,S,59232,659337
1,1,293625,510360,2,20200812,93336100,1.561000,28000,43708.000000,-,-,S,59232,683628
1,1,293626,510360,2,20200812,93336100,1.561000,500,780.500000,-,-,S,611204,683628
1,1,293627,510360,2,20200812,93336100,1.560000,2100,3276.000000,-,-,S,111830,683628
1,1,294815,510360,2,20200812,93337540,1.561000,3100,4839.100000,-,-,B,685739,685189
1,1,294816,510360,2,20200812,93337540,1.561000,100,156.100000,-,-,B,685739,685342
1,1,334202,510360,2,20200812,93426540,1.561000,400,624.400000,-,-,B,753555,736412
1,1,342859,510360,2,20200812,93438180,1.561000,1800,2809.800000,-,-,S,753555,768241
1,1,342860,510360,2,20200812,93438180,1.560000,1200,1872.000000,-,-,S,111830,768241
1,1,382384,510360,2,20200812,93520820,1.560000,3600,5616.000000,-,-,S,111830,826636
1,1,384100,510360,2,20200812,93522300,1.560000,3100,4836.000000,-,-,S,111830,829204
1,1,384101,510360,2,20200812,93522300,1.560000,100,156.000000,-,-,S,416885,829204
1,1,384102,510360,2,20200812,93522300,1.560000,400,624.000000,-,-,S,784391,829204
1,1,386098,510360,2,20200812,93524060,1.560000,3300,5148.000000,-,-,S,784391,831593
1,1,388029,510360,2,20200812,93525470,1.560000,16300,25428.000000,-,-,S,784391,834033
1,1,388030,510360,2,20200812,93525470,1.560000,10000,15600.000000,-,-,S,811334,834033
1,1,388083,510360,2,20200812,93525600,1.558000,500,779.000000,-,-,S,702762,834123
1,1,401461,510360,2,20200812,93538010,1.558000,300,467.400000,-,-,B,853306,834123
1,1,401462,510360,2,20200812,93538010,1.558000,1600,2492.800000,-,-,B,853307,834123
1,1,404336,510360,2,20200812,93540230,1.558000,500,779.000000,-,-,B,857640,834123
1,1,414682,510360,2,20200812,93550190,1.560000,28600,44616.000000,-,-,B,872861,858060
1,1,414683,510360,2,20200812,93550190,1.560000,7300,11388.000000,-,-,B,872861,872722
1,1,451583,510360,2,20200812,93628880,1.562000,300,468.600000,-,-,B,931925,903928
1,1,465101,510360,2,20200812,93644430,1.562000,1500,2343.000000,-,-,B,955497,903928
1,1,478891,510360,2,20200812,93703010,1.562000,1800,2811.600000,-,-,B,979695,903928
1,1,479997,510360,2,20200812,93704490,1.562000,1900,2967.800000,-,-,B,981715,903928
1,1,519704,510360,2,20200812,93800310,1.561000,8000,12488.000000,-,-,S,956008,1048730
1,1,546818,510360,2,20200812,93842120,1.564000,900,1407.600000,-,-,B,1096367,1026838
1,1,548266,510360,2,20200812,93843980,1.564000,28000,43792.000000,-,-,B,1098517,1061129
1,1,560609,510360,2,20200812,93905170,1.564000,1200,1876.800000,-,-,S,1098517,1121657
1,1,605938,510360,2,20200812,94016610,1.564000,1000,1564.000000,-,-,S,1115714,1198597
1,1,606160,510360,2,20200812,94017160,1.564000,4000,6256.000000,-,-,S,1115714,1199034
1,1,621126,510360,2,20200812,94039710,1.562000,13600,21243.200000,-,-,S,1173220,1223386
1,1,646319,510360,2,20200812,94118860,1.560000,19000,29640.000000,-,-,S,932384,1262218
1,1,648067,510360,2,20200812,94121800,1.560000,1000,1560.000000,-,-,S,932384,1265025
1,1,669875,510360,2,20200812,94156850,1.562000,200,312.400000,-,-,B,1297967,1283053
1,1,730905,510360,2,20200812,94331360,1.559000,3800,5924.200000,-,-,S,1339754,1390417
1,1,755219,510360,2,20200812,94408770,1.558000,1700,2648.600000,-,-,S,1005708,1426738
1,1,772794,510360,2,20200812,94434840,1.558000,200,311.600000,-,-,S,1451830,1453388
1,1,774406,510360,2,20200812,94437320,1.558000,2100,3271.800000,-,-,S,1451830,1455948
1,1,777043,510360,2,20200812,94441470,1.558000,700,1090.600000,-,-,S,1451830,1460068
1,1,807905,510360,2,20200812,94518220,1.556000,1000,1556.000000,-,-,S,873526,1504779
1,1,807906,510360,2,20200812,94518220,1.556000,19000,29564.000000,-,-,S,1503211,1504779
1,1,809869,510360,2,20200812,94520160,1.557000,600,934.200000,-,-,B,1507801,1493692
1,1,817724,510360,2,20200812,94528350,1.557000,29600,46087.200000,-,-,B,1519984,1493692
1,1,852208,510360,2,20200812,94620240,1.560000,200,312.000000,-,-,B,1579149,1536514
1,1,854863,510360,2,20200812,94624820,1.557000,1300,2024.100000,-,-,S,1520708,1583873
1,1,874813,510360,2,20200812,94658930,1.560000,100,156.000000,-,-,B,1617593,1569665
1,1,879679,510360,2,20200812,94707700,1.560000,700,1092.000000,-,-,B,1626060,1569665
1,1,879781,510360,2,20200812,94707910,1.557000,3700,5760.900000,-,-,S,1520708,1626210
1,1,899564,510360,2,20200812,94745650,1.560000,100,156.000000,-,-,B,1660154,1629100
1,1,923473,510360,2,20200812,94833480,1.559000,100,155.900000,-,-,B,1700265,1695806
1,1,928855,510360,2,20200812,94843230,1.559000,100,155.900000,-,-,B,1708027,1695806
1,1,939909,510360,2,20200812,94901930,1.555000,500,777.500000,-,-,S,868794,1723832
1,1,939910,510360,2,20200812,94901930,1.555000,100,155.500000,-,-,S,1184303,1723832
1,1,939911,510360,2,20200812,94901930,1.555000,2000,3110.000000,-,-,S,1317596,1723832
1,1,939912,510360,2,20200812,94901930,1.555000,600,933.000000,-,-,S,1658765,1723832
1,1,958848,510360,2,20200812,94927920,1.553000,500,776.500000,-,-,S,1738344,1747433
1,1,969306,510360,2,20200812,94941990,1.552000,1000,1552.000000,-,-,S,843769,1760315
1,1,969307,510360,2,20200812,94941990,1.552000,500,776.000000,-,-,S,891363,1760315
1,1,1000575,510360,2,20200812,95016220,1.553000,31000,48143.000000,-,-,B,1798191,1792471
1,1,1000576,510360,2,20200812,95016220,1.553000,19000,29507.000000,-,-,B,1798191,1796324
1,1,1011965,510360,2,20200812,95028180,1.551000,4500,6979.500000,-,-,S,1811323,1813487
1,1,1012337,510360,2,20200812,95028680,1.555000,200,311.000000,-,-,B,1814044,1759951
1,1,1017354,510360,2,20200812,95033500,1.553000,7500,11647.500000,-,-,B,1821046,1814323
1,1,1018739,510360,2,20200812,95035040,1.553000,1800,2795.400000,-,-,B,1823085,1814323
1,1,1019089,510360,2,20200812,95035570,1.553000,7600,11802.800000,-,-,B,1823599,1814323
1,1,1020538,510360,2,20200812,95037090,1.553000,900,1397.700000,-,-,B,1825814,1814323
1,1,1020539,510360,2,20200812,95037090,1.553000,25500,39601.500000,-,-,B,1825815,1814323
1,1,1021529,510360,2,20200812,95038800,1.553000,900,1397.700000,-,-,B,1827386,1814323
1,1,1021739,510360,2,20200812,95039080,1.553000,25400,39446.200000,-,-,B,1827741,1814323
1,1,1022901,510360,2,20200812,95040330,1.553000,8500,13200.500000,-,-,B,1829508,1814323
1,1,1023370,510360,2,20200812,95041090,1.553000,25400,39446.200000,-,-,B,1830271,1814323
1,1,1023846,510360,2,20200812,95041950,1.553000,8500,13200.500000,-,-,B,1831122,1814323
1,1,1025255,510360,2,20200812,95043590,1.553000,600,931.800000,-,-,B,1833189,1814323
1,1,1026356,510360,2,20200812,95045080,1.553000,600,931.800000,-,-,B,1834698,1814323
1,1,1027841,510360,2,20200812,95046620,1.553000,9100,14132.300000,-,-,B,1836534,1814323
1,1,1030304,510360,2,20200812,95050390,1.553000,2000,3106.000000,-,-,B,1840690,1814323
1,1,1051896,510360,2,20200812,95124600,1.552000,1000,1552.000000,-,-,S,1859255,1875799
1,1,1092904,510360,2,20200812,95234260,1.551000,2200,3412.200000,-,-,S,1841226,1938941
1,1,1096890,510360,2,20200812,95241780,1.551000,3800,5893.800000,-,-,S,1841226,1945252
1,1,1109603,510360,2,20200812,95307120,1.553000,300,465.900000,-,-,B,1966677,1917762
1,1,1119646,510360,2,20200812,95323410,1.552000,12200,18934.400000,-,-,S,1980987,1982140
1,1,1121293,510360,2,20200812,95326720,1.553000,500,776.500000,-,-,B,1984951,1945118
1,1,1121938,510360,2,20200812,95327860,1.553000,5000,7765.000000,-,-,B,1986006,1945118
1,1,1124653,510360,2,20200812,95332800,1.553000,3800,5901.400000,-,-,B,1990169,1945118
1,1,1124960,510360,2,20200812,95333350,1.553000,21800,33855.400000,-,-,B,1990654,1945118
1,1,1124961,510360,2,20200812,95333350,1.553000,21000,32613.000000,-,-,B,1990654,1971218
1,1,1126690,510360,2,20200812,95336370,1.554000,31300,48640.200000,-,-,B,1993129,1986850
1,1,1133169,510360,2,20200812,95349780,1.554000,1000,1554.000000,-,-,B,2004464,1986850
1,1,1137360,510360,2,20200812,95357890,1.555000,19000,29545.000000,-,-,B,2011482,1997389
1,1,1151763,510360,2,20200812,95428030,1.555000,5000,7775.000000,-,-,B,2037547,1997389
1,1,1157855,510360,2,20200812,95442050,1.556000,28700,44657.200000,-,-,B,2049236,2023422
1,1,1158237,510360,2,20200812,95442800,1.557000,1900,2958.300000,-,-,B,2049922,2038550
1,1,1161198,510360,2,20200812,95449470,1.557000,4000,6228.000000,-,-,B,2055315,2038550
1,1,1166591,510360,2,20200812,95501030,1.557000,19200,29894.400000,-,-,B,2065408,2048550
1,1,1185714,510360,2,20200812,95541480,1.559000,19000,29621.000000,-,-,B,2098838,2098687
1,1,1209593,510360,2,20200812,95637450,1.555000,5000,7775.000000,-,-,S,2059116,2140540
1,1,1210055,510360,2,20200812,95638900,1.555000,71000,110405.000000,-,-,B,2141447,2140540
1,1,1232995,510360,2,20200812,95742030,1.555000,2000,3110.000000,-,-,S,2182002,2182138
1,1,1290979,510360,2,20200812,100015670,1.554000,3000,4662.000000,-,-,S,2012123,2278420
1,1,1290980,510360,2,20200812,100015670,1.554000,1000,1554.000000,-,-,S,2183230,2278420
1,1,1303031,510360,2,20200812,100034760,1.552000,100,155.200000,-,-,S,1986416,2294372
1,1,1303032,510360,2,20200812,100034760,1.552000,6000,9312.000000,-,-,S,2287639,2294372
1,1,1344480,510360,2,20200812,100159340,1.554000,23800,36985.200000,-,-,B,2358549,2319509
1,1,1367889,510360,2,20200812,100301500,1.553000,300,465.900000,-,-,S,2384887,2398818
1,1,1373897,510360,2,20200812,100318270,1.552000,2000,3104.000000,-,-,S,2355640,2409160
1,1,1373898,510360,2,20200812,100318270,1.552000,100,155.200000,-,-,S,2360287,2409160
1,1,1373899,510360,2,20200812,100318270,1.552000,6600,10243.200000,-,-,S,2380556,2409160
1,1,1373900,510360,2,20200812,100318270,1.552000,10000,15520.000000,-,-,S,2408959,2409160
1,1,1394147,510360,2,20200812,100414140,1.554000,500,777.000000,-,-,B,2440844,2422510
1,1,1402146,510360,2,20200812,100432480,1.552000,2000,3104.000000,-,-,S,2438916,2451687
1,1,1409779,510360,2,20200812,100448230,1.552000,4000,6208.000000,-,-,S,2459185,2460783
1,1,1426686,510360,2,20200812,100520680,1.553000,200,310.600000,-,-,B,2485599,2468090
1,1,1427135,510360,2,20200812,100521390,1.553000,200000,310600.000000,-,-,B,2486253,2468090
1,1,1427385,510360,2,20200812,100521710,1.553000,200000,310600.000000,-,-,B,2486684,2468090
1,1,1427725,510360,2,20200812,100522330,1.553000,200000,310600.000000,-,-,B,2487185,2468090
1,1,1428011,510360,2,20200812,100522870,1.553000,200000,310600.000000,-,-,B,2487563,2468090
1,1,1428247,510360,2,20200812,100523360,1.553000,37100,57616.300000,-,-,B,2487942,2468090
1,1,1428248,510360,2,20200812,100523360,1.553000,27000,41931.000000,-,-,B,2487942,2476382
1,1,1507742,510360,2,20200812,100942210,1.554000,8000,12432.000000,-,-,S,2564702,2629645
1,1,1527220,510360,2,20200812,101042080,1.553000,10000,15530.000000,-,-,S,2522435,2658903
1,1,1536368,510360,2,20200812,101109240,1.551000,5000,7755.000000,-,-,S,1972295,2673105
1,1,1536369,510360,2,20200812,101109240,1.551000,100,155.100000,-,-,S,2153832,2673105
1,1,1536370,510360,2,20200812,101109240,1.551000,100,155.100000,-,-,S,2179921,2673105
1,1,1536371,510360,2,20200812,101109240,1.551000,1000,1551.000000,-,-,S,2317065,2673105
1,1,1536372,510360,2,20200812,101109240,1.551000,2800,4342.800000,-,-,S,2660184,2673105
1,1,1579887,510360,2,20200812,101241830,1.550000,1000,1550.000000,-,-,S,555935,2727026
1,1,1579888,510360,2,20200812,101241830,1.550000,700,1085.000000,-,-,S,977136,2727026
1,1,1579889,510360,2,20200812,101241830,1.550000,100,155.000000,-,-,S,1144193,2727026
1,1,1579890,510360,2,20200812,101241830,1.550000,200,310.000000,-,-,S,1169003,2727026
1,1,1579891,510360,2,20200812,101241830,1.550000,3000,4650.000000,-,-,S,1296139,2727026
1,1,1579892,510360,2,20200812,101241830,1.550000,2000,3100.000000,-,-,S,1737866,2727026
1,1,1579893,510360,2,20200812,101241830,1.550000,1000,1550.000000,-,-,S,1851446,2727026
1,1,1579894,510360,2,20200812,101241830,1.550000,10000,15500.000000,-,-,S,2040518,2727026
1,1,1579895,510360,2,20200812,101241830,1.550000,200,310.000000,-,-,S,2130707,2727026
1,1,1579896,510360,2,20200812,101241830,1.550000,400,620.000000,-,-,S,2174079,2727026
1,1,1579897,510360,2,20200812,101241830,1.550000,2000,3100.000000,-,-,S,2191488,2727026
1,1,1579898,510360,2,20200812,101241830,1.550000,3000,4650.000000,-,-,S,2257086,2727026
1,1,1579899,510360,2,20200812,101241830,1.550000,200,310.000000,-,-,S,2572453,2727026
1,1,1579900,510360,2,20200812,101241830,1.550000,1000,1550.000000,-,-,S,2672628,2727026
1,1,1586931,510360,2,20200812,101253300,1.549000,500,774.500000,-,-,S,1555537,2734445
1,1,1586932,510360,2,20200812,101253300,1.549000,500,774.500000,-,-,S,2509902,2734445
1,1,1588020,510360,2,20200812,101255210,1.549000,1000,1549.000000,-,-,S,2509902,2735675
1,1,1598990,510360,2,20200812,101311720,1.549000,8500,13166.500000,-,-,S,2509902,2747117
1,1,1602652,510360,2,20200812,101316390,1.548000,300,464.400000,-,-,S,2351300,2751006
1,1,1602653,510360,2,20200812,101316390,1.548000,700,1083.600000,-,-,S,2680599,2751006
1,1,1604222,510360,2,20200812,101318910,1.548000,1000,1548.000000,-,-,S,2680599,2753121
1,1,1608757,510360,2,20200812,101327700,1.549000,1000,1549.000000,-,-,B,2759279,2747117
1,1,1616788,510360,2,20200812,101343750,1.549000,100,154.900000,-,-,B,2770035,2747117
1,1,1634394,510360,2,20200812,101421410,1.548000,3000,4644.000000,-,-,S,2680599,2794508
1,1,1642095,510360,2,20200812,101436380,1.549000,9700,15025.300000,-,-,B,2803904,2784558
1,1,1642363,510360,2,20200812,101436830,1.548000,25300,39164.400000,-,-,S,2680599,2804235
1,1,1643799,510360,2,20200812,101438700,1.548000,400,619.200000,-,-,B,2805339,2804235
1,1,1646013,510360,2,20200812,101443010,1.547000,600,928.200000,-,-,S,632791,2808038
1,1,1656304,510360,2,20200812,101501880,1.547000,39400,60951.800000,-,-,S,632791,2820606
1,1,1656305,510360,2,20200812,101501880,1.547000,1000,1547.000000,-,-,S,1892070,2820606
1,1,1661805,510360,2,20200812,101511840,1.547000,200,309.400000,-,-,B,2827455,2820606
1,1,1677965,510360,2,20200812,101542520,1.546000,500,773.000000,-,-,S,1810304,2850309
1,1,1677966,510360,2,20200812,101542520,1.546000,5300,8193.800000,-,-,S,2767769,2850309
1,1,1677967,510360,2,20200812,101542520,1.546000,3000,4638.000000,-,-,S,2835319,2850309
1,1,1688065,510360,2,20200812,101601770,1.545000,1000,1545.000000,-,-,S,1764621,2864228
1,1,1688066,510360,2,20200812,101601770,1.545000,100,154.500000,-,-,S,1919465,2864228
1,1,1688067,510360,2,20200812,101601770,1.545000,100,154.500000,-,-,S,2133904,2864228
1,1,1689667,510360,2,20200812,101604970,1.545000,8800,13596.000000,-,-,B,2866495,2864228
1,1,1691266,510360,2,20200812,101608020,1.546000,14100,21798.600000,-,-,B,2868704,2850309
1,1,1691267,510360,2,20200812,101608020,1.546000,1000,1546.000000,-,-,B,2868704,2855820
1,1,1692910,510360,2,20200812,101610960,1.547000,31900,49349.300000,-,-,B,2870950,2827919
1,1,1692911,510360,2,20200812,101610960,1.547000,19300,29857.100000,-,-,B,2870950,2838572
1,1,1700011,510360,2,20200812,101623140,1.545000,100,154.500000,-,-,B,2881194,2881019
1,1,1705069,510360,2,20200812,101632890,1.546000,6400,9894.400000,-,-,B,2888429,2871966
1,1,1705159,510360,2,20200812,101633110,1.546000,16500,25509.000000,-,-,B,2888642,2871966
1,1,1706428,510360,2,20200812,101636080,1.548000,19000,29412.000000,-,-,B,2890809,2804235
1,1,1708481,510360,2,20200812,101640810,1.544000,3000,4632.000000,-,-,S,2875407,2894141
1,1,1755351,510360,2,20200812,101812180,1.543000,500,771.500000,-,-,S,1825232,2955973
1,1,1755352,510360,2,20200812,101812180,1.543000,18600,28699.800000,-,-,S,2907892,2955973
1,1,1756375,510360,2,20200812,101813490,1.544000,2000,3088.000000,-,-,B,2956965,2945712
1,1,1763680,510360,2,20200812,101824150,1.544000,3200,4940.800000,-,-,B,2964394,2945712
1,1,1765357,510360,2,20200812,101827030,1.543000,481400,742800.200000,-,-,S,2907892,2966400
1,1,1768779,510360,2,20200812,101832500,1.543000,1000,1543.000000,-,-,B,2970270,2966400
1,1,1796972,510360,2,20200812,101912060,1.541000,10000,15410.000000,-,-,S,1869648,3003099
1,1,1803712,510360,2,20200812,101921950,1.541000,600,924.600000,-,-,B,3012066,3003099
1,1,1819465,510360,2,20200812,101951020,1.540000,300,462.000000,-,-,S,105414,3035792
1,1,1823064,510360,2,20200812,101958200,1.543000,1300,2005.900000,-,-,B,3041661,2966400
1,1,1839083,510360,2,20200812,102028060,1.540000,700,1078.000000,-,-,S,105414,3067322
1,1,1839084,510360,2,20200812,102028060,1.540000,10000,15400.000000,-,-,S,949471,3067322
1,1,1839085,510360,2,20200812,102028060,1.540000,7000,10780.000000,-,-,S,1777512,3067322
1,1,1839086,510360,2,20200812,102028060,1.540000,500,770.000000,-,-,S,1866090,3067322
1,1,1839087,510360,2,20200812,102028060,1.540000,100,154.000000,-,-,S,2092131,3067322
1,1,1839088,510360,2,20200812,102028060,1.540000,400,616.000000,-,-,S,2920894,3067322
1,1,1839089,510360,2,20200812,102028060,1.540000,2000,3080.000000,-,-,S,3002058,3067322
1,1,1839090,510360,2,20200812,102028060,1.540000,6500,10010.000000,-,-,S,3042913,3067322
1,1,1839091,510360,2,20200812,102028060,1.540000,8000,12320.000000,-,-,S,3050219,3067322
1,1,1839092,510360,2,20200812,102028060,1.540000,400,616.000000,-,-,S,3064226,3067322
1,1,1843787,510360,2,20200812,102038270,1.540000,500,770.000000,-,-,B,3074570,3067322
1,1,1844035,510360,2,20200812,102038850,1.540000,3300,5082.000000,-,-,B,3074954,3067322
1,1,1844575,510360,2,20200812,102039900,1.540000,100,154.000000,-,-,B,3075851,3067322
1,1,1846833,510360,2,20200812,102044710,1.540000,1000,1540.000000,-,-,B,3079293,3067322
1,1,1851886,510360,2,20200812,102055950,1.539000,20500,31549.500000,-,-,B,3087107,3082442
1,1,1862031,510360,2,20200812,102118940,1.540000,900,1386.000000,-,-,B,3103218,3067322
1,1,1868906,510360,2,20200812,102135200,1.540000,10000,15400.000000,-,-,B,3114297,3067322
1,1,1872958,510360,2,20200812,102144490,1.540000,1000,1540.000000,-,-,B,3120661,3067322
1,1,1878857,510360,2,20200812,102156060,1.540000,75100,115654.000000,-,-,B,3129826,3067322
1,1,1878858,510360,2,20200812,102156060,1.540000,10000,15400.000000,-,-,B,3129826,3096112
1,1,1878859,510360,2,20200812,102156060,1.540000,10000,15400.000000,-,-,B,3129826,3100344
1,1,1879413,510360,2,20200812,102157060,1.540000,700,1078.000000,-,-,S,3129826,3130516
1,1,1881744,510360,2,20200812,102201110,1.541000,19200,29587.200000,-,-,B,3134417,3119709
1,1,1888587,510360,2,20200812,102214890,1.543000,1000,1543.000000,-,-,B,3145677,2969465
1,1,1892922,510360,2,20200812,102225090,1.543000,2000,3086.000000,-,-,B,3153736,2969465
1,1,1895484,510360,2,20200812,102231410,1.543000,600,925.800000,-,-,S,3153736,3158307
1,1,1926470,510360,2,20200812,102354140,1.544000,3900,6021.600000,-,-,S,3175540,3212772
1,1,1961194,510360,2,20200812,102549630,1.544000,2100,3242.400000,-,-,S,3175540,3273669
1,1,1961195,510360,2,20200812,102549630,1.544000,100,154.400000,-,-,S,3245026,3273669
1,1,1961196,510360,2,20200812,102549630,1.544000,300,463.200000,-,-,S,3270580,3273669
1,1,1966802,510360,2,20200812,102613920,1.544000,3900,6021.600000,-,-,B,3284895,3273669
1,1,2002043,510360,2,20200812,102817550,1.544000,1000,1544.000000,-,-,S,3284895,3342050
1,1,2012590,510360,2,20200812,102854500,1.544000,100,154.400000,-,-,S,3284895,3358452
1,1,2012591,510360,2,20200812,102854500,1.544000,700,1080.800000,-,-,S,3326939,3358452
1,1,2012613,510360,2,20200812,102854560,1.544000,800,1235.200000,-,-,S,3326939,3358482
1,1,2014632,510360,2,20200812,102900910,1.544000,500,772.000000,-,-,S,3326939,3361302
1,1,2014633,510360,2,20200812,102900910,1.544000,100,154.400000,-,-,S,3339123,3361302
1,1,2014693,510360,2,20200812,102901070,1.544000,600,926.400000,-,-,S,3339123,3361387
1,1,2018278,510360,2,20200812,102912630,1.545000,800,1236.000000,-,-,B,3367022,3333471
1,1,2028166,510360,2,20200812,102952270,1.544000,4300,6639.200000,-,-,S,3339123,3383923
1,1,2034331,510360,2,20200812,103014630,1.543000,1200,1851.600000,-,-,S,3279034,3394227
1,1,2038433,510360,2,20200812,103028100,1.543000,1000,1543.000000,-,-,S,3279034,3401127
1,1,2040496,510360,2,20200812,103033590,1.544000,100,154.400000,-,-,B,3403979,3386720
1,1,2042290,510360,2,20200812,103038880,1.543000,200,308.600000,-,-,S,3279034,3406765
1,1,2042291,510360,2,20200812,103038880,1.543000,100,154.300000,-,-,S,3333469,3406765
1,1,2042292,510360,2,20200812,103038880,1.543000,7700,11881.100000,-,-,S,3347635,3406765
1,1,2042798,510360,2,20200812,103039710,1.543000,1300,2005.900000,-,-,S,3347635,3407308
1,1,2043442,510360,2,20200812,103041380,1.543000,1000,1543.000000,-,-,S,3347635,3408178
1,1,2043443,510360,2,20200812,103041380,1.543000,200,308.600000,-,-,S,3402605,3408178
1,1,2043581,510360,2,20200812,103041920,1.540000,1000,1540.000000,-,-,S,3138305,3408410
1,1,2043582,510360,2,20200812,103041920,1.540000,300,462.000000,-,-,S,3148927,3408410
1,1,2050941,510360,2,20200812,103057510,1.540000,2700,4158.000000,-,-,S,3148927,3418018
1,1,2050942,510360,2,20200812,103057510,1.540000,300,462.000000,-,-,S,3250417,3418018
1,1,2050943,510360,2,20200812,103057510,1.540000,5000,7700.000000,-,-,S,3323980,3418018
1,1,2052269,510360,2,20200812,103100510,1.539000,3000,4617.000000,-,-,S,3231045,3419701
1,1,2052270,510360,2,20200812,103100510,1.539000,1000,1539.000000,-,-,S,3235311,3419701
1,1,2053423,510360,2,20200812,103103580,1.538000,50000,76900.000000,-,-,S,1104536,3421361
1,1,2053424,510360,2,20200812,103103580,1.538000,12200,18763.600000,-,-,S,3407699,3421361
1,1,2079617,510360,2,20200812,103208260,1.539000,100,153.900000,-,-,S,3437544,3456912
1,1,2081291,510360,2,20200812,103212900,1.538000,1000,1538.000000,-,-,S,3422457,3459438
1,1,2082573,510360,2,20200812,103215960,1.538000,600,922.800000,-,-,S,3460037,3461055
1,1,2083566,510360,2,20200812,103218510,1.537000,200,307.400000,-,-,S,132704,3462389
1,1,2083567,510360,2,20200812,103218510,1.537000,500,768.500000,-,-,S,2938429,3462389
1,1,2106507,510360,2,20200812,103316000,1.539000,100,153.900000,-,-,B,3492788,3481810
1,1,2126958,510360,2,20200812,103408620,1.537000,10000,15370.000000,-,-,S,3465281,3520017
1,1,2126959,510360,2,20200812,103408620,1.537000,2000,3074.000000,-,-,S,3487304,3520017
1,1,2138350,510360,2,20200812,103433040,1.538000,600,922.800000,-,-,S,3536072,3536817
1,1,2144651,510360,2,20200812,103450920,1.539000,100,153.900000,-,-,B,3547573,3534740
1,1,2148308,510360,2,20200812,103502880,1.542000,200,308.400000,-,-,S,3551741,3554331
1,1,2149762,510360,2,20200812,103507250,1.542000,400,616.800000,-,-,B,3556892,3554331
1,1,2149763,510360,2,20200812,103507250,1.543000,1600,2468.800000,-,-,B,3556892,3536729
1,1,2194959,510360,2,20200812,103807660,1.541000,500,770.500000,-,-,S,3568517,3641224
1,1,2203973,510360,2,20200812,103849740,1.542000,4600,7093.200000,-,-,S,3646401,3657509
1,1,2210717,510360,2,20200812,103922900,1.544000,3000,4632.000000,-,-,B,3670020,3650739
1,1,2212949,510360,2,20200812,103932660,1.543000,8000,12344.000000,-,-,S,3664741,3673833
1,1,2216429,510360,2,20200812,103950030,1.545000,10000,15450.000000,-,-,B,3680539,3676036
1,1,2217366,510360,2,20200812,103954640,1.545000,100,154.500000,-,-,B,3682183,3676036
1,1,2230357,510360,2,20200812,104043850,1.545000,600,927.000000,-,-,B,3704228,3676036
1,1,2230547,510360,2,20200812,104044550,1.545000,600,927.000000,-,-,B,3704530,3676036
1,1,2231681,510360,2,20200812,104049200,1.545000,600,927.000000,-,-,B,3706662,3676036
1,1,2237175,510360,2,20200812,104112410,1.545000,3000,4635.000000,-,-,B,3716394,3676036
1,1,2248220,510360,2,20200812,104203810,1.545000,500,772.500000,-,-,B,3735948,3676036
1,1,2249179,510360,2,20200812,104207520,1.545000,11600,17922.000000,-,-,B,3737700,3676036
1,1,2251843,510360,2,20200812,104218300,1.546000,10000,15460.000000,-,-,B,3742463,3096113
1,1,2251844,510360,2,20200812,104218300,1.546000,10000,15460.000000,-,-,B,3742463,3100345
1,1,2251845,510360,2,20200812,104218300,1.546000,500,773.000000,-,-,B,3742463,3197621
1,1,2308946,510360,2,20200812,104615340,1.548000,500,774.000000,-,-,S,3761516,3839729
1,1,2346147,510360,2,20200812,104955670,1.549000,500,774.500000,-,-,S,3900300,3907002
1,1,2347186,510360,2,20200812,105000300,1.549000,200,309.800000,-,-,S,3900300,3908554
1,1,2349268,510360,2,20200812,105009070,1.552000,200,310.400000,-,-,B,3911933,3096114
1,1,2353744,510360,2,20200812,105026810,1.548000,700,1083.600000,-,-,S,3887767,3919641
1,1,2353745,510360,2,20200812,105026810,1.548000,700,1083.600000,-,-,S,3897262,3919641
1,1,2364578,510360,2,20200812,105057770,1.545000,1000,1545.000000,-,-,S,3883958,3935349
1,1,2409238,510360,2,20200812,105510670,1.545000,200,309.000000,-,-,S,3973233,4011563
1,1,2440396,510360,2,20200812,105804520,1.551000,500,775.500000,-,-,B,4064572,3916227
1,1,2440397,510360,2,20200812,105804520,1.551000,500,775.500000,-,-,B,4064572,4044254
1,1,2459258,510360,2,20200812,105934250,1.550000,800,1240.000000,-,-,B,4096011,4092453
1,1,2461303,510360,2,20200812,105941060,1.549000,1000,1549.000000,-,-,B,4098942,4096195
1,1,2467423,510360,2,20200812,110011410,1.549000,100,154.900000,-,-,B,4109479,4096195
1,1,2474189,510360,2,20200812,110032330,1.545000,800,1236.000000,-,-,S,3973233,4118846
1,1,2476402,510360,2,20200812,110040180,1.545000,700,1081.500000,-,-,S,4002105,4122044
1,1,2476901,510360,2,20200812,110042430,1.545000,600,927.000000,-,-,S,4002105,4122778
1,1,2476902,510360,2,20200812,110042430,1.545000,100,154.500000,-,-,S,4028343,4122778
1,1,2497298,510360,2,20200812,110238770,1.550000,300,465.000000,-,-,B,4159136,4139195
1,1,2544049,510360,2,20200812,110728590,1.545000,600,927.000000,-,-,S,4028343,4238572
1,1,2561044,510360,2,20200812,110924500,1.545000,300,463.500000,-,-,S,4028343,4267219
1,1,2561045,510360,2,20200812,110924500,1.545000,700,1081.500000,-,-,S,4030661,4267219
1,1,2561087,510360,2,20200812,110924690,1.545000,1000,1545.000000,-,-,S,4030661,4267290
1,1,2561382,510360,2,20200812,110925940,1.545000,1000,1545.000000,-,-,S,4030661,4267686
1,1,2561509,510360,2,20200812,110926740,1.545000,1000,1545.000000,-,-,S,4030661,4267894
1,1,2561765,510360,2,20200812,110927860,1.545000,300,463.500000,-,-,S,4030661,4268185
1,1,2561766,510360,2,20200812,110927860,1.545000,100,154.500000,-,-,S,4139002,4268185
1,1,2561767,510360,2,20200812,110927860,1.545000,600,927.000000,-,-,S,4141548,4268185
1,1,2561918,510360,2,20200812,110928380,1.545000,1000,1545.000000,-,-,S,4141548,4268357
1,1,2566242,510360,2,20200812,110949550,1.545000,400,618.000000,-,-,S,4141548,4274385
1,1,2566243,510360,2,20200812,110949550,1.545000,2000,3090.000000,-,-,S,4254348,4274385
1,1,2572846,510360,2,20200812,111007250,1.542000,10000,15420.000000,-,-,S,3672671,4280818
1,1,2572847,510360,2,20200812,111007250,1.542000,9000,13878.000000,-,-,S,3681576,4280818
1,1,2588173,510360,2,20200812,111039350,1.542000,1600,2467.200000,-,-,S,3681576,4295848
1,1,2588515,510360,2,20200812,111039870,1.542000,1600,2467.200000,-,-,S,3681576,4296266
1,1,2588653,510360,2,20200812,111040390,1.542000,1600,2467.200000,-,-,S,3681576,4296523
1,1,2591585,510360,2,20200812,111047540,1.542000,2100,3238.200000,-,-,S,3681576,4299344
1,1,2592349,510360,2,20200812,111049440,1.542000,2100,3238.200000,-,-,S,3681576,4300142
1,1,2592797,510360,2,20200812,111051040,1.542000,2100,3238.200000,-,-,S,3681576,4300681
1,1,2593680,510360,2,20200812,111052760,1.542000,2100,3238.200000,-,-,S,3681576,4301409
1,1,2593921,510360,2,20200812,111053770,1.542000,2100,3238.200000,-,-,S,3681576,4301762
1,1,2594086,510360,2,20200812,111054470,1.542000,1600,2467.200000,-,-,S,3721008,4302016
1,1,2594087,510360,2,20200812,111054470,1.540000,500,770.000000,-,-,S,3773207,4302016
1,1,2594611,510360,2,20200812,111055970,1.540000,2100,3234.000000,-,-,S,3773207,4302714
1,1,2595168,510360,2,20200812,111057680,1.543000,2400,3703.200000,-,-,B,4303275,4293574
1,1,2596236,510360,2,20200812,111101110,1.540000,1500,2310.000000,-,-,S,3773207,4304694
1,1,2597662,510360,2,20200812,111104780,1.540000,900,1386.000000,-,-,S,3773207,4306063
1,1,2597663,510360,2,20200812,111104780,1.540000,300,462.000000,-,-,S,4135336,4306063
1,1,2624607,510360,2,20200812,111251120,1.541000,900,1386.900000,-,-,B,4344864,4338864
1,1,2641617,510360,2,20200812,111417870,1.543000,200,308.600000,-,-,B,4373222,4366973
1,1,2643118,510360,2,20200812,111428270,1.540000,100,154.000000,-,-,S,4135336,4376032
1,1,2644208,510360,2,20200812,111433520,1.541000,1300,2003.300000,-,-,S,4377460,4377512
1,1,2645210,510360,2,20200812,111439140,1.540000,6100,9394.000000,-,-,S,4135336,4379114
1,1,2645211,510360,2,20200812,111439140,1.540000,100,154.000000,-,-,S,4303469,4379114
1,1,2645212,510360,2,20200812,111439140,1.540000,500,770.000000,-,-,S,4320413,4379114
1,1,2645213,510360,2,20200812,111439140,1.540000,1000,1540.000000,-,-,S,4334272,4379114
1,1,2645214,510360,2,20200812,111439140,1.540000,700,1078.000000,-,-,S,4345742,4379114
1,1,2645215,510360,2,20200812,111439140,1.540000,1600,2464.000000,-,-,S,4365160,4379114
1,1,2645968,510360,2,20200812,111442610,1.541000,100,154.100000,-,-,S,4379681,4380016
1,1,2659720,510360,2,20200812,111549250,1.542000,400,616.800000,-,-,S,4399484,4399628
1,1,2667949,510360,2,20200812,111624690,1.542000,2000,3084.000000,-,-,S,4410290,4411438
1,1,2670300,510360,2,20200812,111635690,1.542000,1900,2929.800000,-,-,B,4414999,4411438
1,1,2674101,510360,2,20200812,111657510,1.542000,200,308.400000,-,-,S,4414999,4421511
1,1,2693318,510360,2,20200812,111821140,1.540000,1200,1848.000000,-,-,S,4365160,4448476
1,1,2693345,510360,2,20200812,111821200,1.540000,1200,1848.000000,-,-,S,4365160,4448499
1,1,2693745,510360,2,20200812,111822570,1.540000,1200,1848.000000,-,-,S,4365160,4449107
1,1,2694070,510360,2,20200812,111823650,1.540000,1100,1694.000000,-,-,S,4365160,4449462
1,1,2694158,510360,2,20200812,111823840,1.540000,200,308.000000,-,-,S,4365160,4449517
1,1,2694159,510360,2,20200812,111823840,1.540000,900,1386.000000,-,-,S,4429738,4449517
1,1,2695635,510360,2,20200812,111830160,1.540000,3900,6006.000000,-,-,S,4429738,4451513
1,1,2698826,510360,2,20200812,111841220,1.540000,500,770.000000,-,-,S,4429738,4455163
1,1,2699606,510360,2,20200812,111843420,1.539000,100,153.900000,-,-,S,3552262,4455893
1,1,2699607,510360,2,20200812,111843420,1.539000,1300,2000.700000,-,-,S,3984597,4455893
1,1,2699784,510360,2,20200812,111843960,1.539000,1400,2154.600000,-,-,S,3984597,4456058
1,1,2699906,510360,2,20200812,111844430,1.539000,1400,2154.600000,-,-,S,3984597,4456173
1,1,2700029,510360,2,20200812,111844810,1.539000,2700,4155.300000,-,-,S,3984597,4456294
1,1,2700038,510360,2,20200812,111844870,1.539000,2700,4155.300000,-,-,S,3984597,4456309
1,1,2700476,510360,2,20200812,111846280,1.539000,2700,4155.300000,-,-,S,3984597,4456781
1,1,2700546,510360,2,20200812,111846680,1.539000,2700,4155.300000,-,-,S,4385371,4456894
1,1,2701264,510360,2,20200812,111848390,1.539000,1500,2308.500000,-,-,S,4385371,4457456
1,1,2701269,510360,2,20200812,111848420,1.539000,1500,2308.500000,-,-,S,4385371,4457464
1,1,2702005,510360,2,20200812,111850200,1.539000,1500,2308.500000,-,-,S,4385371,4458180
1,1,2702050,510360,2,20200812,111850470,1.539000,2800,4309.200000,-,-,S,4385371,4458253
1,1,2706011,510360,2,20200812,111900740,1.538000,2700,4152.600000,-,-,S,3613117,4461981
1,1,2706026,510360,2,20200812,111900810,1.538000,2700,4152.600000,-,-,S,3613117,4462042
1,1,2706616,510360,2,20200812,111902490,1.538000,2800,4306.400000,-,-,S,3613117,4462646
1,1,2706640,510360,2,20200812,111902640,1.538000,2800,4306.400000,-,-,S,3613117,4462689
1,1,2706865,510360,2,20200812,111903470,1.539000,1000,1539.000000,-,-,B,4463038,4458253
1,1,2707116,510360,2,20200812,111904210,1.538000,1900,2922.200000,-,-,S,3613117,4463347
1,1,2707272,510360,2,20200812,111904530,1.538000,1400,2153.200000,-,-,S,3613117,4463526
1,1,2707526,510360,2,20200812,111905540,1.538000,1100,1691.800000,-,-,S,3613117,4463872
1,1,2707582,510360,2,20200812,111905840,1.538000,1100,1691.800000,-,-,S,3613117,4463974
1,1,2708213,510360,2,20200812,111907540,1.538000,1100,1691.800000,-,-,S,3613117,4464659
1,1,2708285,510360,2,20200812,111907770,1.538000,1100,1691.800000,-,-,S,3613117,4464733
1,1,2708616,510360,2,20200812,111909020,1.538000,700,1076.600000,-,-,S,3613117,4465170
1,1,2708797,510360,2,20200812,111909540,1.538000,600,922.800000,-,-,S,3613117,4465362
1,1,2708798,510360,2,20200812,111909540,1.538000,100,153.800000,-,-,S,3661186,4465362
1,1,2714701,510360,2,20200812,111929900,1.539000,100,153.900000,-,-,B,4472567,4458253
1,1,2714702,510360,2,20200812,111929900,1.539000,900,1385.100000,-,-,B,4472567,4460319
1,1,2718136,510360,2,20200812,111941670,1.538000,900,1384.200000,-,-,S,3661186,4476692
1,1,2718137,510360,2,20200812,111941670,1.538000,700,1076.600000,-,-,S,4019393,4476692
1,1,2718138,510360,2,20200812,111941670,1.538000,1000,1538.000000,-,-,S,4460677,4476692
1,1,2723017,510360,2,20200812,111959100,1.537000,100,153.700000,-,-,S,3882531,4483048
1,1,2723018,510360,2,20200812,111959100,1.537000,500,768.500000,-,-,S,3974882,4483048
1,1,2723019,510360,2,20200812,111959100,1.537000,200,307.400000,-,-,S,4291988,4483048
1,1,2723020,510360,2,20200812,111959100,1.537000,10000,15370.000000,-,-,S,4365582,4483048
1,1,2723021,510360,2,20200812,111959100,1.536000,400,614.400000,-,-,S,1088491,4483048
1,1,2744818,510360,2,20200812,112118380,1.538000,1000,1538.000000,-,-,B,4518654,4476692
1,1,2755096,510360,2,20200812,112209270,1.539000,4500,6925.500000,-,-,S,4522903,4537710
1,1,2774231,510360,2,20200812,112355050,1.540000,1800,2772.000000,-,-,S,4567728,4571515
1,1,2774520,510360,2,20200812,112356730,1.540000,1800,2772.000000,-,-,S,4567728,4571941
1,1,2777667,510360,2,20200812,112417490,1.540000,1800,2772.000000,-,-,S,4567728,4577580
1,1,2777668,510360,2,20200812,112417490,1.540000,1800,2772.000000,-,-,S,4567728,4577581
1,1,2778804,510360,2,20200812,112424730,1.540000,5300,8162.000000,-,-,S,4567728,4579461
1,1,2778981,510360,2,20200812,112425780,1.540000,5300,8162.000000,-,-,S,4567728,4579763
1,1,2780510,510360,2,20200812,112430370,1.540000,1500,2310.000000,-,-,S,4567728,4580915
1,1,2780575,510360,2,20200812,112430850,1.540000,1500,2310.000000,-,-,S,4567728,4581033
1,1,2780635,510360,2,20200812,112431390,1.540000,1500,2310.000000,-,-,S,4567728,4581168
1,1,2780977,510360,2,20200812,112433600,1.540000,1800,2772.000000,-,-,S,4567728,4581724
1,1,2780988,510360,2,20200812,112433620,1.540000,1800,2772.000000,-,-,S,4567728,4581735
1,1,2781832,510360,2,20200812,112439820,1.540000,1500,2310.000000,-,-,S,4567728,4583211
1,1,2781896,510360,2,20200812,112440260,1.540000,1500,2310.000000,-,-,S,4567728,4583358
1,1,2781996,510360,2,20200812,112440690,1.540000,1500,2310.000000,-,-,S,4567728,4583475
1,1,2782032,510360,2,20200812,112441080,1.540000,1500,2310.000000,-,-,S,4567728,4583569
1,1,2782133,510360,2,20200812,112441970,1.540000,1800,2772.000000,-,-,S,4567728,4583778
1,1,2782269,510360,2,20200812,112442680,1.540000,1800,2772.000000,-,-,S,4567728,4583940
1,1,2783543,510360,2,20200812,112449470,1.540000,1400,2156.000000,-,-,S,4567728,4585788
1,1,2783645,510360,2,20200812,112450060,1.540000,1400,2156.000000,-,-,S,4567728,4585915
1,1,2783695,510360,2,20200812,112450440,1.540000,1400,2156.000000,-,-,S,4567728,4586008
1,1,2783700,510360,2,20200812,112450530,1.540000,1800,2772.000000,-,-,S,4567728,4586022
1,1,2783759,510360,2,20200812,112450840,1.540000,1400,2156.000000,-,-,S,4567728,4586107
1,1,2783765,510360,2,20200812,112450880,1.540000,1600,2464.000000,-,-,S,4567728,4586123
1,1,2783854,510360,2,20200812,112451290,1.540000,1400,2156.000000,-,-,S,4567728,4586254
1,1,2783945,510360,2,20200812,112451790,1.540000,1400,2156.000000,-,-,S,4567728,4586381
1,1,2784001,510360,2,20200812,112452120,1.540000,1400,2156.000000,-,-,S,4567728,4586495
1,1,2784124,510360,2,20200812,112452840,1.540000,1300,2002.000000,-,-,S,4567728,4586720
1,1,2784125,510360,2,20200812,112452840,1.537000,300,461.100000,-,-,S,4556152,4586720
1,1,2824690,510360,2,20200812,112828470,1.537000,1000,1537.000000,-,-,S,4597607,4644344
1,1,2824692,510360,2,20200812,112828560,1.537000,1000,1537.000000,-,-,S,4597607,4644352
1,1,2825077,510360,2,20200812,112830500,1.537000,1000,1537.000000,-,-,S,4597607,4644910
1,1,2825169,510360,2,20200812,112830900,1.537000,900,1383.300000,-,-,S,4597607,4645036
1,1,2825710,510360,2,20200812,112833140,1.537000,900,1383.300000,-,-,S,4597607,4645785
1,1,2826537,510360,2,20200812,112835450,1.537000,800,1229.600000,-,-,S,4597607,4646537
1,1,2826554,510360,2,20200812,112835540,1.537000,800,1229.600000,-,-,S,4597607,4646569
1,1,2827085,510360,2,20200812,112837730,1.537000,800,1229.600000,-,-,S,4597607,4647243
1,1,2827161,510360,2,20200812,112838050,1.537000,100,153.700000,-,-,S,4597607,4647327
1,1,2827162,510360,2,20200812,112838050,1.537000,500,768.500000,-,-,S,4629636,4647327
1,1,2827463,510360,2,20200812,112839520,1.537000,500,768.500000,-,-,S,4629636,4647689
1,1,2827464,510360,2,20200812,112839520,1.537000,100,153.700000,-,-,S,4645628,4647689
1,1,2827578,510360,2,20200812,112840010,1.537000,600,922.200000,-,-,S,4645628,4647839
1,1,2832282,510360,2,20200812,112859590,1.537000,2300,3535.100000,-,-,S,4645628,4653140
1,1,2833332,510360,2,20200812,112903490,1.536000,3000,4608.000000,-,-,S,1088491,4654293
1,1,2833513,510360,2,20200812,112903990,1.536000,3000,4608.000000,-,-,S,1088491,4654475
1,1,2833609,510360,2,20200812,112904460,1.536000,3000,4608.000000,-,-,S,1088491,4654635
1,1,2833684,510360,2,20200812,112904940,1.536000,3000,4608.000000,-,-,S,1088491,4654749
1,1,2833704,510360,2,20200812,112905030,1.536000,3700,5683.200000,-,-,S,1088491,4654785
1,1,2833798,510360,2,20200812,112905340,1.536000,3000,4608.000000,-,-,S,1088491,4654863
1,1,2833976,510360,2,20200812,112905860,1.536000,3000,4608.000000,-,-,S,1088491,4654995
1,1,2835283,510360,2,20200812,112911800,1.537000,6500,9990.500000,-,-,B,4656723,4655556
1,1,2835996,510360,2,20200812,112915360,1.536000,1500,2304.000000,-,-,S,1088491,4657660
1,1,2836095,510360,2,20200812,112915760,1.536000,1500,2304.000000,-,-,S,1088491,4657774
1,1,2836487,510360,2,20200812,112916360,1.536000,1800,2764.800000,-,-,S,1088491,4657949
1,1,2836497,510360,2,20200812,112916420,1.536000,1800,2764.800000,-,-,S,1088491,4657963
1,1,2837081,510360,2,20200812,112920020,1.537000,1600,2459.200000,-,-,B,4658912,4655556
1,1,2838796,510360,2,20200812,112927340,1.536000,1500,2304.000000,-,-,S,1088491,4660877
1,1,2838916,510360,2,20200812,112927710,1.536000,1500,2304.000000,-,-,S,1088491,4660988
1,1,2839163,510360,2,20200812,112928730,1.536000,1800,2764.800000,-,-,S,1088491,4661335
1,1,2839164,510360,2,20200812,112928730,1.536000,1800,2764.800000,-,-,S,1088491,4661336
1,1,2841369,510360,2,20200812,112935850,1.536000,2800,4300.800000,-,-,S,1088491,4663557
1,1,2841421,510360,2,20200812,112936120,1.536000,1500,2304.000000,-,-,S,1088491,4663616
1,1,2841495,510360,2,20200812,112936560,1.536000,1300,1996.800000,-,-,S,1088491,4663765
1,1,2841632,510360,2,20200812,112937010,1.536000,2400,3686.400000,-,-,S,1088491,4663903
1,1,2841660,510360,2,20200812,112937070,1.536000,1300,1996.800000,-,-,S,1088491,4663924
1,1,2841758,510360,2,20200812,112937480,1.536000,1300,1996.800000,-,-,S,1088491,4664031
1,1,2841907,510360,2,20200812,112938080,1.536000,1300,1996.800000,-,-,S,1088491,4664239
1,1,2841962,510360,2,20200812,112938550,1.536000,1300,1996.800000,-,-,S,1088491,4664349
1,1,2842008,510360,2,20200812,112938760,1.536000,1500,2304.000000,-,-,S,1088491,4664403
1,1,2842009,510360,2,20200812,112938760,1.536000,900,1382.400000,-,-,S,3431538,4664403
1,1,2842282,510360,2,20200812,112940190,1.536000,1300,1996.800000,-,-,S,3431538,4664799
1,1,2842651,510360,2,20200812,112941840,1.536000,1300,1996.800000,-,-,S,3431538,4665244
1,1,2842940,510360,2,20200812,112942990,1.536000,500,768.000000,-,-,S,3431538,4665600
1,1,2842941,510360,2,20200812,112942990,1.536000,900,1382.400000,-,-,S,4528774,4665600
1,1,2842942,510360,2,20200812,112942990,1.536000,100,153.600000,-,-,S,4535578,4665600
1,1,2842943,510360,2,20200812,112942990,1.536000,2300,3532.800000,-,-,S,4620045,4665600
1,1,2843053,510360,2,20200812,112943550,1.536000,700,1075.200000,-,-,S,4620045,4665738
1,1,2843338,510360,2,20200812,112944610,1.535000,100,153.500000,-,-,S,2994880,4665995
1,1,2843339,510360,2,20200812,112944610,1.535000,600,921.000000,-,-,S,3365919,4665995
1,1,2843480,510360,2,20200812,112945260,1.535000,400,614.000000,-,-,S,3365919,4666148
1,1,2843481,510360,2,20200812,112945260,1.535000,300,460.500000,-,-,S,4339937,4666148
1,1,2852289,510360,2,20200812,130000970,1.536000,26000,39936.000000,-,-,B,4678940,4666518
1,1,2867522,510360,2,20200812,130003510,1.536000,100,153.600000,-,-,B,4707028,4666518
1,1,2873193,510360,2,20200812,130005530,1.536000,100,153.600000,-,-,B,4718577,4666518
1,1,2873553,510360,2,20200812,130005620,1.535000,1200,1842.000000,-,-,S,4339937,4719606
1,1,2873554,510360,2,20200812,130005620,1.535000,3800,5833.000000,-,-,S,4577261,4719606
1,1,2876987,510360,2,20200812,130006560,1.535000,5200,7982.000000,-,-,S,4577261,4726671
1,1,2876988,510360,2,20200812,130006560,1.535000,100,153.500000,-,-,S,4606753,4726671
1,1,2876989,510360,2,20200812,130006560,1.535000,100,153.500000,-,-,S,4703058,4726671
1,1,2876990,510360,2,20200812,130006560,1.535000,9600,14736.000000,-,-,S,4725095,4726671
1,1,2886635,510360,2,20200812,130016880,1.534000,500,767.000000,-,-,S,2944431,4744406
1,1,2886636,510360,2,20200812,130016880,1.534000,100,153.400000,-,-,S,4668312,4744406
1,1,2886637,510360,2,20200812,130016880,1.534000,2000,3068.000000,-,-,S,4677980,4744406
1,1,2886638,510360,2,20200812,130016880,1.534000,500,767.000000,-,-,S,4699105,4744406
1,1,2886639,510360,2,20200812,130016880,1.534000,100,153.400000,-,-,S,4703852,4744406
1,1,2894632,510360,2,20200812,130035390,1.533000,10000,15330.000000,-,-,S,1077952,4753626
1,1,2894764,510360,2,20200812,130035810,1.533000,10000,15330.000000,-,-,S,1077952,4753874
1,1,2895033,510360,2,20200812,130036290,1.533000,10000,15330.000000,-,-,S,1077952,4754090
1,1,2895268,510360,2,20200812,130036700,1.533000,10000,15330.000000,-,-,S,1077952,4754316
1,1,2895407,510360,2,20200812,130037180,1.533000,10000,15330.000000,-,-,S,1077952,4754478
1,1,2895560,510360,2,20200812,130037600,1.533000,10000,15330.000000,-,-,S,1077952,4754617
1,1,2895724,510360,2,20200812,130038090,1.533000,4000,6132.000000,-,-,S,1077952,4754768
1,1,2895965,510360,2,20200812,130038500,1.533000,4000,6132.000000,-,-,S,1077952,4754931
1,1,2897023,510360,2,20200812,130040870,1.533000,32000,49056.000000,-,-,S,1077952,4756076
1,1,2928183,510360,2,20200812,130210130,1.534000,100,153.400000,-,-,B,4795074,4744406
1,1,2957260,510360,2,20200812,130401100,1.533000,1600,2452.800000,-,-,B,4839653,4835961
1,1,2960665,510360,2,20200812,130411830,1.531000,500,765.500000,-,-,S,2949915,4844332
1,1,2960666,510360,2,20200812,130411830,1.531000,900,1377.900000,-,-,S,3901267,4844332
1,1,2960667,510360,2,20200812,130411830,1.531000,100,153.100000,-,-,S,3901267,4844333
1,1,2960668,510360,2,20200812,130411830,1.531000,1300,1990.300000,-,-,S,4441940,4844333
1,1,2960958,510360,2,20200812,130412810,1.531000,1400,2143.400000,-,-,S,4441940,4844720
1,1,2961258,510360,2,20200812,130413770,1.531000,1000,1531.000000,-,-,S,4441940,4845106
1,1,2961503,510360,2,20200812,130414650,1.531000,1000,1531.000000,-,-,S,4441940,4845444
1,1,2961568,510360,2,20200812,130414710,1.533000,1900,2912.700000,-,-,B,4845470,4835961
1,1,2961895,510360,2,20200812,130415650,1.531000,1000,1531.000000,-,-,S,4441940,4845878
1,1,2962006,510360,2,20200812,130416030,1.531000,600,918.600000,-,-,S,4441940,4845996
1,1,2962446,510360,2,20200812,130417430,1.531000,600,918.600000,-,-,S,4441940,4846641
1,1,2962501,510360,2,20200812,130417720,1.531000,600,918.600000,-,-,S,4441940,4846743
1,1,2978241,510360,2,20200812,130504470,1.533000,35300,54114.900000,-,-,B,4867645,4835961
1,1,2978593,510360,2,20200812,130505730,1.531000,100,153.100000,-,-,S,4441940,4868180
1,1,2995661,510360,2,20200812,130558990,1.531000,2400,3674.400000,-,-,S,4441940,4890160
1,1,2995662,510360,2,20200812,130558990,1.531000,2600,3980.600000,-,-,S,4865914,4890160
1,1,3003059,510360,2,20200812,130623080,1.531000,2400,3674.400000,-,-,S,4865914,4900015
1,1,3003060,510360,2,20200812,130623080,1.531000,2000,3062.000000,-,-,S,4868348,4900015
1,1,3003061,510360,2,20200812,130623080,1.531000,5000,7655.000000,-,-,S,4868392,4900015
1,1,3003062,510360,2,20200812,130623080,1.531000,2000,3062.000000,-,-,S,4882372,4900015
1,1,3003099,510360,2,20200812,130623280,1.531000,75900,116202.900000,-,-,B,4900099,4900015
1,1,3004000,510360,2,20200812,130626310,1.531000,19000,29089.000000,-,-,B,4901366,4900015
1,1,3004725,510360,2,20200812,130628940,1.531000,19000,29089.000000,-,-,B,4902331,4900015
1,1,3011596,510360,2,20200812,130651370,1.531000,2000,3062.000000,-,-,B,4911358,4900015
1,1,3016654,510360,2,20200812,130703060,1.530000,72700,111231.000000,-,-,S,12547,4916487
1,1,3024705,510360,2,20200812,130722290,1.530000,200,306.000000,-,-,S,12547,4926688
1,1,3036763,510360,2,20200812,130759100,1.531000,5000,7655.000000,-,-,S,4928556,4946101
1,1,3061332,510360,2,20200812,130942980,1.534000,2000,3068.000000,-,-,B,4989496,4932064
1,1,3069866,510360,2,20200812,131017230,1.536000,100,153.600000,-,-,B,5004997,4993171
1,1,3072965,510360,2,20200812,131024980,1.534000,2000,3068.000000,-,-,S,5008020,5009882
1,1,3074492,510360,2,20200812,131028020,1.533000,74000,113442.000000,-,-,S,5009598,5012015
1,1,3080399,510360,2,20200812,131050130,1.535000,20000,30700.000000,-,-,S,5023004,5023259
1,1,3085413,510360,2,20200812,131109780,1.538000,2000,3076.000000,-,-,B,5033225,5024801
1,1,3110802,510360,2,20200812,131316600,1.537000,7400,11373.800000,-,-,B,5080071,5047396
1,1,3121968,510360,2,20200812,131406830,1.533000,100,153.300000,-,-,S,5076770,5098295
1,1,3127076,510360,2,20200812,131437670,1.536000,1000,1536.000000,-,-,B,5107790,5086526
1,1,3148861,510360,2,20200812,131640640,1.533000,1000,1533.000000,-,-,S,5144240,5144378
1,1,3148926,510360,2,20200812,131641020,1.532000,300,459.600000,-,-,S,5061249,5144517
1,1,3153503,510360,2,20200812,131707890,1.532000,6300,9651.600000,-,-,S,5061249,5152454
1,1,3153504,510360,2,20200812,131707890,1.532000,1000,1532.000000,-,-,S,5106864,5152454
1,1,3165928,510360,2,20200812,131824410,1.531000,800,1224.800000,-,-,S,4971014,5173996
1,1,3188740,510360,2,20200812,132020380,1.531000,3200,4899.200000,-,-,S,4971014,5208628
1,1,3208379,510360,2,20200812,132143620,1.532000,5000,7660.000000,-,-,B,5239537,5238639
1,1,3213671,510360,2,20200812,132207810,1.532000,3000,4596.000000,-,-,B,5248531,5238639
1,1,3214338,510360,2,20200812,132210850,1.532000,200000,306400.000000,-,-,B,5249812,5238639
1,1,3214373,510360,2,20200812,132211090,1.532000,200000,306400.000000,-,-,B,5249918,5238639
1,1,3214489,510360,2,20200812,132211900,1.532000,92000,140944.000000,-,-,B,5250194,5238639
1,1,3218534,510360,2,20200812,132233980,1.536000,1000,1536.000000,-,-,B,5258063,5235799
1,1,3233698,510360,2,20200812,132356880,1.534000,500,767.000000,-,-,S,5284374,5285060
1,1,3250169,510360,2,20200812,132543070,1.534000,9000,13806.000000,-,-,B,5314060,5285060
1,1,3254299,510360,2,20200812,132607300,1.534000,500,767.000000,-,-,B,5320963,5285060
1,1,3288445,510360,2,20200812,132901710,1.539000,100,153.900000,-,-,B,5379388,5284333
1,1,3370251,510360,2,20200812,133600920,1.539000,100,153.900000,-,-,B,5520227,5284333
1,1,3374888,510360,2,20200812,133619580,1.539000,300,461.700000,-,-,B,5527483,5284333
1,1,3374889,510360,2,20200812,133619580,1.541000,2200,3390.200000,-,-,B,5527483,4591065
1,1,3390353,510360,2,20200812,133721520,1.541000,1000,1541.000000,-,-,B,5553173,4591065
1,1,3408873,510360,2,20200812,133843520,1.541000,2500,3852.500000,-,-,B,5584166,4591065
1,1,3435832,510360,2,20200812,134037540,1.539000,41700,64176.300000,-,-,S,5596431,5626893
1,1,3460685,510360,2,20200812,134241090,1.541000,2000,3082.000000,-,-,B,5669121,4591065
1,1,3487956,510360,2,20200812,134437120,1.541000,100,154.100000,-,-,B,5710054,4591065
1,1,3525317,510360,2,20200812,134825050,1.541000,1700,2619.700000,-,-,B,5774039,4591065
1,1,3525318,510360,2,20200812,134825050,1.541000,44700,68882.700000,-,-,B,5774039,5747690
1,1,3531669,510360,2,20200812,134903920,1.541000,15300,23577.300000,-,-,B,5784924,5747690
1,1,3539843,510360,2,20200812,134959050,1.541000,3900,6009.900000,-,-,S,5799386,5799409
1,1,3547228,510360,2,20200812,135044230,1.542000,100,154.200000,-,-,B,5812556,5750841
1,1,3547229,510360,2,20200812,135044230,1.542000,100,154.200000,-,-,B,5812556,5782691
1,1,3547922,510360,2,20200812,135048900,1.542000,3300,5088.600000,-,-,S,5812556,5813810
1,1,3563723,510360,2,20200812,135211130,1.542000,3000,4626.000000,-,-,S,5833337,5839939
1,1,3564704,510360,2,20200812,135213850,1.539000,35000,53865.000000,-,-,S,5834229,5841295
1,1,3577857,510360,2,20200812,135314370,1.541000,300,462.300000,-,-,B,5861296,5859755
1,1,3578099,510360,2,20200812,135315310,1.538000,1000,1538.000000,-,-,S,5540879,5861541
1,1,3578100,510360,2,20200812,135315310,1.538000,4000,6152.000000,-,-,S,5861480,5861541
1,1,3586131,510360,2,20200812,135401190,1.538000,2500,3845.000000,-,-,S,5861480,5873849
1,1,3586132,510360,2,20200812,135401190,1.538000,100,153.800000,-,-,S,5864912,5873849
1,1,3611899,510360,2,20200812,135704990,1.541000,5000,7705.000000,-,-,B,5918004,5859755
1,1,3621058,510360,2,20200812,135756890,1.540000,600,924.000000,-,-,B,5931195,5920985
1,1,3629877,510360,2,20200812,135838230,1.540000,900,1386.000000,-,-,S,5945033,5945602
1,1,3642034,510360,2,20200812,140006590,1.542000,300,462.600000,-,-,B,5968565,5965618
1,1,3656702,510360,2,20200812,140143580,1.542000,200,308.400000,-,-,B,5995062,5969587
1,1,3662505,510360,2,20200812,140221710,1.542000,3000,4626.000000,-,-,B,6004638,6001141
1,1,3665539,510360,2,20200812,140245120,1.542000,100,154.200000,-,-,B,6010189,6001141
1,1,3686029,510360,2,20200812,140418180,1.543000,500,771.500000,-,-,B,6039824,5486242
1,1,3686030,510360,2,20200812,140418180,1.543000,200,308.600000,-,-,B,6039824,6028259
1,1,3695769,510360,2,20200812,140524590,1.543000,200,308.600000,-,-,S,6055888,6056620
1,1,3704130,510360,2,20200812,140625580,1.544000,100,154.400000,-,-,B,6071461,6010682
1,1,3705283,510360,2,20200812,140634570,1.544000,2000,3088.000000,-,-,B,6073446,6010682
1,1,3715546,510360,2,20200812,140740650,1.544000,1400,2161.600000,-,-,B,6089847,6010682
1,1,3760157,510360,2,20200812,141034740,1.548000,500,774.000000,-,-,B,6156380,4553828
1,1,3760226,510360,2,20200812,141034860,1.548000,2000,3096.000000,-,-,S,6156380,6156467
1,1,3760736,510360,2,20200812,141036740,1.548000,4000,6192.000000,-,-,S,6156380,6157323
1,1,3768855,510360,2,20200812,141110060,1.548000,1100,1702.800000,-,-,S,6162586,6170899
1,1,3783509,510360,2,20200812,141227360,1.548000,1900,2941.200000,-,-,S,6192996,6195987
1,1,3797676,510360,2,20200812,141326180,1.546000,500,773.000000,-,-,S,6204947,6217808
1,1,3829275,510360,2,20200812,141610240,1.547000,100,154.700000,-,-,B,6271038,6263377
1,1,3837175,510360,2,20200812,141641010,1.547000,200,309.400000,-,-,S,6277785,6282235
1,1,3841931,510360,2,20200812,141701900,1.548000,6700,10371.600000,-,-,B,6289962,6239680
1,1,3844351,510360,2,20200812,141710490,1.548000,10000,15480.000000,-,-,S,6289962,6293426
1,1,3872814,510360,2,20200812,141902250,1.551000,500,775.500000,-,-,B,6336119,4545912
1,1,3885515,510360,2,20200812,141945850,1.552000,9800,15209.600000,-,-,B,6353847,3096114
1,1,3885516,510360,2,20200812,141945850,1.552000,10000,15520.000000,-,-,B,6353847,3100346
1,1,3906469,510360,2,20200812,142048160,1.553000,400,621.200000,-,-,B,6383472,3099662
1,1,3923295,510360,2,20200812,142142460,1.553000,6500,10094.500000,-,-,B,6408506,3099662
1,1,3933132,510360,2,20200812,142215430,1.553000,500,776.500000,-,-,B,6423633,3099662
1,1,3950974,510360,2,20200812,142313210,1.552000,200,310.400000,-,-,S,6353847,6453046
1,1,3995151,510360,2,20200812,142649350,1.552000,600,931.200000,-,-,B,6529073,6474494
1,1,4006042,510360,2,20200812,142745380,1.552000,19400,30108.800000,-,-,B,6547055,6474494
1,1,4006763,510360,2,20200812,142748390,1.553000,2600,4037.800000,-,-,B,6548178,3099662
1,1,4006764,510360,2,20200812,142748390,1.553000,10000,15530.000000,-,-,B,6548178,3103694
1,1,4006765,510360,2,20200812,142748390,1.553000,11500,17859.500000,-,-,B,6548178,6523134
1,1,4012694,510360,2,20200812,142814160,1.552000,19000,29488.000000,-,-,B,6556892,6548242
1,1,4013234,510360,2,20200812,142816780,1.552000,19000,29488.000000,-,-,B,6557723,6548242
1,1,4049543,510360,2,20200812,143102600,1.552000,4100,6363.200000,-,-,S,6594877,6614894
1,1,4050325,510360,2,20200812,143105530,1.551000,71900,111516.900000,-,-,S,6615460,6616140
1,1,4068180,510360,2,20200812,143216840,1.554000,10000,15540.000000,-,-,B,6643955,3103052
1,1,4068181,510360,2,20200812,143216840,1.554000,10000,15540.000000,-,-,B,6643955,3106974
1,1,4068182,510360,2,20200812,143216840,1.554000,500,777.000000,-,-,B,6643955,3944805
1,1,4068183,510360,2,20200812,143216840,1.554000,17500,27195.000000,-,-,B,6643955,6633058
1,1,4070563,510360,2,20200812,143225620,1.555000,10000,15550.000000,-,-,B,6647509,3132129
1,1,4070564,510360,2,20200812,143225620,1.555000,9000,13995.000000,-,-,B,6647509,3132922
1,1,4071264,510360,2,20200812,143228580,1.554000,6700,10411.800000,-,-,B,6648737,6648221
1,1,4081822,510360,2,20200812,143309600,1.555000,1000,1555.000000,-,-,B,6665075,3132922
1,1,4134464,510360,2,20200812,143618810,1.556000,300,466.800000,-,-,B,6747079,3743123
1,1,4138716,510360,2,20200812,143632410,1.552000,2100,3259.200000,-,-,S,6666881,6754116
1,1,4138717,510360,2,20200812,143632410,1.552000,200,310.400000,-,-,S,6705369,6754116
1,1,4139752,510360,2,20200812,143635350,1.551000,62400,96782.400000,-,-,S,6736707,6755509
1,1,4146120,510360,2,20200812,143656180,1.551000,5000,7755.000000,-,-,S,6736707,6765190
1,1,4167008,510360,2,20200812,143820480,1.550000,4600,7130.000000,-,-,S,6752578,6800140
1,1,4172136,510360,2,20200812,143843910,1.550000,10000,15500.000000,-,-,S,6752578,6808325
1,1,4236238,510360,2,20200812,144303510,1.553000,500,776.500000,-,-,S,6854658,6911541
1,1,4251423,510360,2,20200812,144404270,1.555000,600,933.000000,-,-,B,6934789,6929722
1,1,4258330,510360,2,20200812,144430330,1.554000,100,155.400000,-,-,S,6944978,6945099
1,1,4273233,510360,2,20200812,144521570,1.553000,3500,5435.500000,-,-,S,6861117,6966908
1,1,4273234,510360,2,20200812,144521570,1.553000,500,776.500000,-,-,S,6916588,6966908
1,1,4279739,510360,2,20200812,144543570,1.553000,1000,1553.000000,-,-,S,6916588,6976746
1,1,4314023,510360,2,20200812,144736710,1.555000,1000,1555.000000,-,-,B,7025752,7020254
1,1,4347582,510360,2,20200812,144928210,1.556000,2000,3112.000000,-,-,B,7072847,3743123
1,1,4368147,510360,2,20200812,145027920,1.556000,7700,11981.200000,-,-,B,7102074,3743123
1,1,4368148,510360,2,20200812,145027920,1.556000,10000,15560.000000,-,-,B,7102074,3744763
1,1,4369180,510360,2,20200812,145030920,1.557000,1400,2179.800000,-,-,B,7103595,6355035
1,1,4370597,510360,2,20200812,145034980,1.557000,3000,4671.000000,-,-,B,7105709,6355035
1,1,4383492,510360,2,20200812,145114840,1.555000,300,466.500000,-,-,S,7025752,7125468
1,1,4442821,510360,2,20200812,145415240,1.556000,3000,4668.000000,-,-,S,7181454,7211832
1,1,4472789,510360,2,20200812,145532530,1.555000,6000,9330.000000,-,-,S,7025752,7253663
1,1,4473025,510360,2,20200812,145533000,1.555000,2700,4198.500000,-,-,S,7025752,7253928
1,1,4473026,510360,2,20200812,145533000,1.555000,3300,5131.500000,-,-,S,7128120,7253928
1,1,4473292,510360,2,20200812,145533590,1.555000,1300,2021.500000,-,-,S,7128120,7254281
1,1,4473293,510360,2,20200812,145533590,1.555000,4700,7308.500000,-,-,S,7224330,7254281
1,1,4481930,510360,2,20200812,145554660,1.557000,1100,1712.700000,-,-,B,7265788,6355459
1,1,4510396,510360,2,20200812,145830860,1.557000,6000,9342.000000,-,-,B,7331344,6355459
1,1,4511372,510360,2,20200812,145922500,1.557000,100,155.700000,-,-,B,7344014,6355459
