Datetime,Price,Volume
2020-08-12 09:25:00.100,4.725,1000
2020-08-12 09:25:00.100,4.725,400
2020-08-12 09:25:00.100,4.725,7400
2020-08-12 09:25:00.100,4.725,1800
2020-08-12 09:25:00.100,4.725,800
2020-08-12 09:25:00.100,4.725,800
2020-08-12 09:25:00.100,4.725,1000
2020-08-12 09:25:00.100,4.725,100
2020-08-12 09:25:00.100,4.725,2400
2020-08-12 09:25:00.100,4.725,700
2020-08-12 09:25:00.100,4.725,4100
2020-08-12 09:25:00.100,4.725,10000
2020-08-12 09:25:00.100,4.725,5200
2020-08-12 09:25:00.100,4.725,200
2020-08-12 09:25:00.100,4.725,500
2020-08-12 09:25:00.100,4.725,36500
2020-08-12 09:25:00.100,4.725,3500
2020-08-12 09:25:00.100,4.725,200
2020-08-12 09:25:00.100,4.725,3000
2020-08-12 09:25:00.100,4.725,4300
2020-08-12 09:25:00.100,4.725,400
2020-08-12 09:25:00.100,4.725,7600
2020-08-12 09:25:00.100,4.725,51
2020-08-12 09:25:00.100,4.725,9549
2020-08-12 09:25:00.100,4.725,16400
2020-08-12 09:25:00.100,4.725,2300
2020-08-12 09:25:00.100,4.725,20000
2020-08-12 09:25:00.100,4.725,2100
2020-08-12 09:25:00.100,4.725,5000
2020-08-12 09:25:00.100,4.725,27900
2020-08-12 09:25:00.100,4.725,100
2020-08-12 09:25:00.100,4.725,3000
2020-08-12 09:25:00.100,4.725,4000
2020-08-12 09:25:00.100,4.725,300
2020-08-12 09:25:00.100,4.725,8700
2020-08-12 09:25:00.100,4.725,34500
2020-08-12 09:25:00.100,4.725,3000
2020-08-12 09:25:00.100,4.725,3800
2020-08-12 09:25:00.100,4.725,6900
2020-08-12 09:25:00.100,4.725,10000
2020-08-12 09:25:00.100,4.725,5700
2020-08-12 09:25:00.100,4.725,10000
2020-08-12 09:25:00.100,4.725,17400
2020-08-12 09:25:00.100,4.725,700
2020-08-12 09:25:00.100,4.725,4300
2020-08-12 09:25:00.100,4.725,15700
2020-08-12 09:25:00.100,4.725,1000
2020-08-12 09:25:00.100,4.725,2200
2020-08-12 09:25:00.100,4.725,700
2020-08-12 09:25:00.100,4.725,2300
2020-08-12 09:25:00.100,4.725,3200
2020-08-12 09:25:00.100,4.725,100
2020-08-12 09:25:00.100,4.725,100
2020-08-12 09:25:00.100,4.725,2200
2020-08-12 09:25:00.100,4.725,200
2020-08-12 09:25:00.100,4.725,100
2020-08-12 09:25:00.100,4.725,5000
2020-08-12 09:25:00.100,4.725,100
2020-08-12 09:25:00.100,4.725,100
2020-08-12 09:25:00.100,4.725,100
2020-08-12 09:25:00.100,4.725,100
2020-08-12 09:25:00.100,4.725,100
2020-08-12 09:25:00.100,4.725,400
2020-08-12 09:25:00.100,4.725,300
2020-08-12 09:25:00.100,4.725,100
2020-08-12 09:25:00.100,4.725,1900
2020-08-12 09:25:00.100,4.725,100
2020-08-12 09:25:00.100,4.725,300
2020-08-12 09:25:00.100,4.725,200
2020-08-12 09:25:00.100,4.725,200
2020-08-12 09:25:00.100,4.725,300
2020-08-12 09:25:00.100,4.725,100
2020-08-12 09:25:00.100,4.725,600
2020-08-12 09:25:00.100,4.725,500
2020-08-12 09:25:00.100,4.725,500
2020-08-12 09:25:00.100,4.725,1200
2020-08-12 09:25:00.100,4.725,100
2020-08-12 09:25:00.100,4.725,1000
2020-08-12 09:25:00.100,4.725,100
2020-08-12 09:25:00.100,4.725,100
2020-08-12 09:25:00.100,4.725,200
2020-08-12 09:25:00.100,4.725,100
2020-08-12 09:25:00.100,4.725,200
2020-08-12 09:25:00.100,4.725,1700
2020-08-12 09:25:00.100,4.725,100
2020-08-12 09:25:00.100,4.725,100
2020-08-12 09:25:00.100,4.725,8200
2020-08-12 09:25:00.100,4.725,6800
2020-08-12 09:25:00.100,4.725,300
2020-08-12 09:25:00.100,4.725,100
2020-08-12 09:25:00.100,4.725,500
2020-08-12 09:25:00.100,4.725,100
2020-08-12 09:25:00.100,4.725,100
2020-08-12 09:25:00.100,4.725,200
2020-08-12 09:25:00.100,4.725,100
2020-08-12 09:25:00.100,4.725,200
2020-08-12 09:25:00.100,4.725,500
2020-08-12 09:25:00.100,4.725,100
2020-08-12 09:25:00.100,4.725,100
2020-08-12 09:25:00.100,4.725,100
2020-08-12 09:25:00.100,4.725,200
2020-08-12 09:25:00.100,4.725,500
2020-08-12 09:25:00.100,4.725,200
2020-08-12 09:25:00.100,4.725,100
2020-08-12 09:25:00.100,4.725,100
2020-08-12 09:25:00.100,4.725,1000
2020-08-12 09:25:00.100,4.725,100
2020-08-12 09:25:00.100,4.725,100
2020-08-12 09:25:00.100,4.725,300
2020-08-12 09:25:00.100,4.725,200
2020-08-12 09:25:00.100,4.725,100
2020-08-12 09:25:00.100,4.725,100
2020-08-12 09:25:00.100,4.725,100
2020-08-12 09:25:00.100,4.725,300
2020-08-12 09:25:00.100,4.725,100
2020-08-12 09:25:00.100,4.725,100
2020-08-12 09:25:00.100,4.725,700
2020-08-12 09:25:00.100,4.725,100
2020-08-12 09:25:00.100,4.725,100
2020-08-12 09:25:00.100,4.725,100
2020-08-12 09:25:00.100,4.725,100
2020-08-12 09:25:00.100,4.725,700
2020-08-12 09:25:00.100,4.725,1000
2020-08-12 09:25:00.100,4.725,2100
2020-08-12 09:25:00.100,4.725,600
2020-08-12 09:25:00.100,4.725,600
2020-08-12 09:25:00.100,4.725,2900
2020-08-12 09:25:00.100,4.725,700
2020-08-12 09:25:00.100,4.725,700
2020-08-12 09:25:00.100,4.725,10000
2020-08-12 09:25:00.100,4.725,10000
2020-08-12 09:25:00.100,4.725,10000
2020-08-12 09:25:00.100,4.725,6000
2020-08-12 09:25:00.100,4.725,16900
2020-08-12 09:25:00.100,4.725,27100
2020-08-12 09:25:00.100,4.725,1000
2020-08-12 09:25:00.100,4.725,200
2020-08-12 09:25:00.100,4.725,1000
2020-08-12 09:25:00.100,4.725,2000
2020-08-12 09:25:00.100,4.725,2100
2020-08-12 09:25:00.100,4.725,200
2020-08-12 09:25:00.100,4.725,5000
2020-08-12 09:25:00.100,4.725,100
2020-08-12 09:25:00.100,4.725,800
2020-08-12 09:25:00.100,4.725,1300
2020-08-12 09:25:00.100,4.725,100
2020-08-12 09:25:00.100,4.725,1000
2020-08-12 09:25:00.100,4.725,100
2020-08-12 09:25:00.100,4.725,1000
2020-08-12 09:25:00.100,4.725,1200
2020-08-12 09:25:00.100,4.725,100
2020-08-12 09:25:00.100,4.725,1300
2020-08-12 09:25:00.100,4.725,2100
2020-08-12 09:25:00.100,4.725,100
2020-08-12 09:25:00.100,4.725,100
2020-08-12 09:25:00.100,4.725,2000
2020-08-12 09:25:00.100,4.725,100
2020-08-12 09:25:00.100,4.725,100
2020-08-12 09:25:00.100,4.725,1000
2020-08-12 09:25:00.100,4.725,100
2020-08-12 09:25:00.100,4.725,100
2020-08-12 09:25:00.100,4.725,600
2020-08-12 09:25:00.100,4.725,200
2020-08-12 09:25:00.100,4.725,100
2020-08-12 09:25:00.100,4.725,100
2020-08-12 09:25:00.100,4.725,500
2020-08-12 09:25:00.100,4.725,100
2020-08-12 09:25:00.100,4.725,1000
2020-08-12 09:25:00.100,4.725,1200
2020-08-12 09:25:00.100,4.725,100
2020-08-12 09:25:00.100,4.725,300
2020-08-12 09:25:00.100,4.725,1000
2020-08-12 09:25:00.100,4.725,200
2020-08-12 09:25:00.100,4.725,100
2020-08-12 09:25:00.100,4.725,100
2020-08-12 09:25:00.100,4.725,100
2020-08-12 09:25:00.100,4.725,200
2020-08-12 09:25:00.100,4.725,100
2020-08-12 09:25:00.100,4.725,100
2020-08-12 09:25:00.100,4.725,100
2020-08-12 09:25:00.100,4.725,2100
2020-08-12 09:25:00.100,4.725,200
2020-08-12 09:25:00.100,4.725,400
2020-08-12 09:25:00.100,4.725,100
2020-08-12 09:25:00.100,4.725,400
2020-08-12 09:25:00.100,4.725,200
2020-08-12 09:25:00.100,4.725,100
2020-08-12 09:25:00.100,4.725,100
2020-08-12 09:25:00.100,4.725,200
2020-08-12 09:25:00.100,4.725,100
2020-08-12 09:25:00.100,4.725,4000
2020-08-12 09:25:00.100,4.725,100
2020-08-12 09:25:00.100,4.725,3000
2020-08-12 09:25:00.100,4.725,100
2020-08-12 09:25:00.100,4.725,38600
2020-08-12 09:25:00.100,4.725,2000
2020-08-12 09:25:00.100,4.725,10000
2020-08-12 09:25:00.100,4.725,8000
2020-08-12 09:25:00.100,4.725,14200
2020-08-12 09:25:00.100,4.725,100
2020-08-12 09:25:00.100,4.725,200
2020-08-12 09:25:00.100,4.725,100
2020-08-12 09:25:00.100,4.725,100
2020-08-12 09:25:00.100,4.725,2000
2020-08-12 09:25:00.100,4.725,100
2020-08-12 09:25:00.100,4.725,300
2020-08-12 09:25:00.100,4.725,100
2020-08-12 09:25:00.100,4.725,4000
2020-08-12 09:25:00.100,4.725,2000
2020-08-12 09:25:00.100,4.725,400
2020-08-12 09:25:00.100,4.725,200
2020-08-12 09:25:00.100,4.725,200
2020-08-12 09:25:00.100,4.725,300
2020-08-12 09:25:00.100,4.725,100
2020-08-12 09:25:00.100,4.725,1000
2020-08-12 09:25:00.100,4.725,100
2020-08-12 09:25:00.100,4.725,400
2020-08-12 09:25:00.100,4.725,200
2020-08-12 09:25:00.100,4.725,100
2020-08-12 09:25:00.100,4.725,100
2020-08-12 09:25:00.100,4.725,100
2020-08-12 09:25:00.100,4.725,2500
2020-08-12 09:25:00.100,4.725,100
2020-08-12 09:25:00.100,4.725,100
2020-08-12 09:25:00.100,4.725,3000
2020-08-12 09:25:00.100,4.725,100
2020-08-12 09:25:00.100,4.725,100
2020-08-12 09:25:00.100,4.725,4500
2020-08-12 09:25:00.100,4.725,500
2020-08-12 09:25:00.100,4.725,100
2020-08-12 09:25:00.100,4.725,300
2020-08-12 09:25:00.100,4.725,300
2020-08-12 09:25:00.100,4.725,100
2020-08-12 09:25:00.100,4.725,1000
2020-08-12 09:25:00.100,4.725,6300
2020-08-12 09:25:00.100,4.725,100
2020-08-12 09:25:00.100,4.725,100
2020-08-12 09:25:00.100,4.725,800
2020-08-12 09:25:00.100,4.725,200
2020-08-12 09:25:00.100,4.725,5000
2020-08-12 09:25:00.100,4.725,1600
2020-08-12 09:25:00.100,4.725,4400
2020-08-12 09:25:00.100,4.725,1000
2020-08-12 09:25:00.100,4.725,400
2020-08-12 09:25:00.100,4.725,9600
2020-08-12 09:25:00.100,4.725,100
2020-08-12 09:25:00.100,4.725,100
2020-08-12 09:25:00.100,4.725,2000
2020-08-12 09:25:00.100,4.725,200
2020-08-12 09:25:00.100,4.725,200
2020-08-12 09:25:00.100,4.725,1300
2020-08-12 09:25:00.100,4.725,100
2020-08-12 09:25:00.100,4.725,500
2020-08-12 09:25:00.100,4.725,500
2020-08-12 09:25:00.100,4.725,5000
2020-08-12 09:25:00.100,4.725,4600
2020-08-12 09:25:00.100,4.725,1400
2020-08-12 09:25:00.100,4.725,600
2020-08-12 09:25:00.100,4.725,5800
2020-08-12 09:25:00.100,4.725,300
2020-08-12 09:25:00.100,4.725,200
2020-08-12 09:25:00.100,4.725,1000
2020-08-12 09:25:00.100,4.725,200
2020-08-12 09:25:00.100,4.725,5300
2020-08-12 09:25:00.100,4.725,300
2020-08-12 09:25:00.100,4.725,200
2020-08-12 09:25:00.100,4.725,3000
2020-08-12 09:25:00.100,4.725,200
2020-08-12 09:25:00.100,4.725,500
2020-08-12 09:25:00.100,4.725,500
2020-08-12 09:25:00.100,4.725,1000
2020-08-12 09:25:00.100,4.725,200
2020-08-12 09:25:00.100,4.725,500
2020-08-12 09:25:00.100,4.725,500
2020-08-12 09:25:00.100,4.725,500
2020-08-12 09:25:00.100,4.725,200
2020-08-12 09:25:00.100,4.725,100
2020-08-12 09:25:00.100,4.725,200
2020-08-12 09:25:00.100,4.725,5000
2020-08-12 09:25:00.100,4.725,1700
2020-08-12 09:25:00.100,4.725,200
2020-08-12 09:25:00.100,4.725,2000
2020-08-12 09:25:00.100,4.725,9700
2020-08-12 09:25:00.100,4.725,200
2020-08-12 09:25:00.100,4.725,500
2020-08-12 09:25:00.100,4.725,1000
2020-08-12 09:25:00.100,4.725,200
2020-08-12 09:25:00.100,4.725,2000
2020-08-12 09:25:00.100,4.725,30000
2020-08-12 09:25:00.100,4.725,200
2020-08-12 09:25:00.100,4.725,100
2020-08-12 09:25:00.100,4.725,1000
2020-08-12 09:25:00.100,4.725,2500
2020-08-12 09:25:00.100,4.725,4800
2020-08-12 09:25:00.100,4.725,100
2020-08-12 09:25:00.100,4.725,600
2020-08-12 09:25:00.100,4.725,5000
2020-08-12 09:25:00.100,4.725,3000
2020-08-12 09:25:00.100,4.725,100
2020-08-12 09:25:00.100,4.725,15100
2020-08-12 09:25:00.100,4.725,500
2020-08-12 09:25:00.100,4.725,10000
2020-08-12 09:25:00.100,4.725,10000
2020-08-12 09:25:00.100,4.725,500
2020-08-12 09:25:00.100,4.725,60000
2020-08-12 09:25:00.100,4.725,200
2020-08-12 09:25:00.100,4.725,5000
2020-08-12 09:25:00.100,4.725,100
2020-08-12 09:25:00.100,4.725,50000
2020-08-12 09:25:00.100,4.725,1000
2020-08-12 09:25:00.100,4.725,100
2020-08-12 09:25:00.100,4.725,6900
2020-08-12 09:25:00.100,4.725,8100
2020-08-12 09:25:00.100,4.725,1000
2020-08-12 09:25:00.100,4.725,200
2020-08-12 09:25:00.100,4.725,8300
2020-08-12 09:25:00.100,4.725,700
2020-08-12 09:25:00.100,4.725,100
2020-08-12 09:25:00.100,4.725,200
2020-08-12 09:25:00.100,4.725,1000
2020-08-12 09:25:00.100,4.725,600
2020-08-12 09:25:00.100,4.725,500
2020-08-12 09:25:00.100,4.725,4200
2020-08-12 09:25:00.100,4.725,100
2020-08-12 09:25:00.100,4.725,100
2020-08-12 09:25:00.100,4.725,200
2020-08-12 09:25:00.100,4.725,600
2020-08-12 09:25:00.100,4.725,2200
2020-08-12 09:25:00.100,4.725,7800
2020-08-12 09:25:00.100,4.725,2200
2020-08-12 09:25:00.100,4.725,1000
2020-08-12 09:25:00.100,4.725,1800
2020-08-12 09:25:00.100,4.725,300
2020-08-12 09:25:00.100,4.725,200
2020-08-12 09:25:00.100,4.725,28000
2020-08-12 09:25:00.100,4.725,1800
2020-08-12 09:25:00.100,4.725,9600
2020-08-12 09:25:00.100,4.725,2000
2020-08-12 09:25:00.100,4.725,3400
2020-08-12 09:25:00.100,4.725,100
2020-08-12 09:25:00.100,4.725,200
2020-08-12 09:25:00.100,4.725,5600
2020-08-12 09:25:00.100,4.725,2600
2020-08-12 09:25:00.100,4.725,8900
2020-08-12 09:25:00.100,4.725,2900
2020-08-12 09:25:00.100,4.725,100
2020-08-12 09:25:00.100,4.725,1900
2020-08-12 09:25:00.100,4.725,8100
2020-08-12 09:25:00.100,4.725,1900
2020-08-12 09:25:00.100,4.725,500
2020-08-12 09:25:00.100,4.725,4800
2020-08-12 09:25:00.100,4.725,1100
2020-08-12 09:25:00.100,4.725,2100
2020-08-12 09:25:00.100,4.725,2500
2020-08-12 09:25:00.100,4.725,100
2020-08-12 09:25:00.100,4.725,100
2020-08-12 09:25:00.100,4.725,2500
2020-08-12 09:25:00.100,4.725,1000
2020-08-12 09:25:00.100,4.725,2500
2020-08-12 09:25:00.100,4.725,900
2020-08-12 09:30:00.240,4.726,500
2020-08-12 09:30:00.320,4.725,1600
2020-08-12 09:30:00.320,4.725,200
2020-08-12 09:30:00.320,4.725,100
2020-08-12 09:30:00.320,4.725,600
2020-08-12 09:30:00.320,4.725,100
2020-08-12 09:30:00.320,4.725,200
2020-08-12 09:30:00.320,4.725,300
2020-08-12 09:30:00.390,4.725,10000
2020-08-12 09:30:00.390,4.725,4500
2020-08-12 09:30:00.480,4.724,500
2020-08-12 09:30:00.480,4.725,2000
2020-08-12 09:30:00.590,4.725,4000
2020-08-12 09:30:00.590,4.724,100
2020-08-12 09:30:00.590,4.724,200
2020-08-12 09:30:00.590,4.723,900
2020-08-12 09:30:00.590,4.723,200
2020-08-12 09:30:00.590,4.723,600
2020-08-12 09:30:00.590,4.722,1100
2020-08-12 09:30:00.590,4.722,600
2020-08-12 09:30:00.720,4.722,800
2020-08-12 09:30:00.720,4.725,5000
2020-08-12 09:30:00.720,4.725,2400
2020-08-12 09:30:00.830,4.723,3700
2020-08-12 09:30:00.830,4.725,17600
2020-08-12 09:30:00.830,4.725,200
2020-08-12 09:30:00.830,4.725,5500
2020-08-12 09:30:00.830,4.725,2000
2020-08-12 09:30:00.830,4.725,100
2020-08-12 09:30:00.830,4.725,3000
2020-08-12 09:30:00.830,4.725,3000
2020-08-12 09:30:00.830,4.726,28600
2020-08-12 09:30:00.830,4.723,12300
2020-08-12 09:30:00.940,4.725,21200
2020-08-12 09:30:00.940,4.725,246000
2020-08-12 09:30:00.940,4.725,500
2020-08-12 09:30:00.940,4.725,400
2020-08-12 09:30:01.300,4.725,1700
2020-08-12 09:30:01.300,4.725,900
2020-08-12 09:30:01.300,4.725,200
2020-08-12 09:30:01.300,4.724,1000
2020-08-12 09:30:01.420,4.723,44000
2020-08-12 09:30:01.420,4.723,1000
2020-08-12 09:30:01.420,4.722,7600
2020-08-12 09:30:01.420,4.722,2100
2020-08-12 09:30:01.420,4.722,10000
2020-08-12 09:30:01.420,4.722,5300
2020-08-12 09:30:01.540,4.724,100
2020-08-12 09:30:01.540,4.724,100
2020-08-12 09:30:01.670,4.723,8900
2020-08-12 09:30:01.670,4.722,4700
2020-08-12 09:30:01.670,4.722,5000
2020-08-12 09:30:01.670,4.721,2000
2020-08-12 09:30:01.670,4.721,5000
2020-08-12 09:30:01.670,4.721,600
2020-08-12 09:30:01.670,4.721,10000
2020-08-12 09:30:01.670,4.721,1600
2020-08-12 09:30:01.670,4.721,3000
2020-08-12 09:30:01.670,4.721,2000
2020-08-12 09:30:01.670,4.72,4800
2020-08-12 09:30:01.670,4.72,6000
2020-08-12 09:30:01.670,4.72,200
2020-08-12 09:30:01.670,4.72,5000
2020-08-12 09:30:01.670,4.72,3000
2020-08-12 09:30:01.670,4.72,1000
2020-08-12 09:30:01.670,4.72,200
2020-08-12 09:30:01.670,4.72,11000
2020-08-12 09:30:01.670,4.72,11000
2020-08-12 09:30:01.670,4.72,100
2020-08-12 09:30:01.670,4.72,2000
2020-08-12 09:30:01.670,4.72,1000
2020-08-12 09:30:01.670,4.72,4700
2020-08-12 09:30:01.670,4.724,1100
2020-08-12 09:30:01.670,4.723,400
2020-08-12 09:30:01.810,4.724,2000
2020-08-12 09:30:01.810,4.724,11000
2020-08-12 09:30:01.930,4.724,100
2020-08-12 09:30:01.930,4.723,600
2020-08-12 09:30:01.930,4.72,5300
2020-08-12 09:30:01.930,4.72,1100
2020-08-12 09:30:01.930,4.72,500
2020-08-12 09:30:02.080,4.724,200
2020-08-12 09:30:02.140,4.722,5000
2020-08-12 09:30:02.140,4.724,4300
2020-08-12 09:30:02.250,4.724,100
2020-08-12 09:30:02.250,4.725,4900
2020-08-12 09:30:02.250,4.722,2000
2020-08-12 09:30:02.250,4.725,100
2020-08-12 09:30:02.250,4.725,2000
2020-08-12 09:30:02.490,4.725,300000
2020-08-12 09:30:02.490,4.722,3000
2020-08-12 09:30:02.490,4.721,100
2020-08-12 09:30:02.490,4.721,2200
2020-08-12 09:30:02.490,4.72,500
2020-08-12 09:30:02.490,4.72,14200
2020-08-12 09:30:02.490,4.723,2000
2020-08-12 09:30:02.600,4.723,3000
2020-08-12 09:30:02.600,4.724,100
2020-08-12 09:30:02.600,4.723,7000
2020-08-12 09:30:02.600,4.721,1300
2020-08-12 09:30:02.720,4.722,10100
2020-08-12 09:30:02.720,4.722,10100
2020-08-12 09:30:02.840,4.722,22700
2020-08-12 09:30:02.840,4.725,41300
2020-08-12 09:30:02.840,4.725,500
2020-08-12 09:30:02.840,4.725,1500
2020-08-12 09:30:02.840,4.725,7500
2020-08-12 09:30:02.960,4.725,5500
2020-08-12 09:30:02.960,4.725,5000
2020-08-12 09:30:02.960,4.725,1000
2020-08-12 09:30:02.960,4.725,200
2020-08-12 09:30:02.960,4.725,1000
2020-08-12 09:30:02.960,4.725,1800
2020-08-12 09:30:02.960,4.725,3200
2020-08-12 09:30:02.960,4.725,2300
2020-08-12 09:30:03.060,4.721,1700
2020-08-12 09:30:03.060,4.721,600
2020-08-12 09:30:03.060,4.725,500
2020-08-12 09:30:03.060,4.725,2200
2020-08-12 09:30:03.060,4.725,200
2020-08-12 09:30:03.060,4.725,27600
2020-08-12 09:30:03.060,4.725,5400
2020-08-12 09:30:03.060,4.725,4600
2020-08-12 09:30:03.060,4.725,3400
2020-08-12 09:30:03.060,4.725,6600
2020-08-12 09:30:03.140,4.725,7200
2020-08-12 09:30:03.140,4.725,9300
2020-08-12 09:30:03.140,4.725,800
2020-08-12 09:30:03.320,4.725,5300
2020-08-12 09:30:03.320,4.725,1200
2020-08-12 09:30:03.320,4.725,4000
2020-08-12 09:30:03.320,4.725,1600
2020-08-12 09:30:03.320,4.725,2000
2020-08-12 09:30:03.320,4.725,1900
2020-08-12 09:30:03.320,4.725,36400
2020-08-12 09:30:03.320,4.723,1000
2020-08-12 09:30:03.320,4.725,4100
2020-08-12 09:30:03.320,4.723,33000
2020-08-12 09:30:03.440,4.725,1000
2020-08-12 09:30:03.540,4.725,25600
2020-08-12 09:30:03.540,4.725,1000
2020-08-12 09:30:03.540,4.725,200
2020-08-12 09:30:03.540,4.724,1000
2020-08-12 09:30:03.660,4.724,1000
2020-08-12 09:30:03.660,4.724,28000
2020-08-12 09:30:03.660,4.725,31700
2020-08-12 09:30:03.660,4.725,29000
2020-08-12 09:30:03.660,4.725,8000
2020-08-12 09:30:03.660,4.725,23100
2020-08-12 09:30:03.660,4.725,6900
2020-08-12 09:30:03.660,4.726,900
2020-08-12 09:30:03.660,4.726,2300
2020-08-12 09:30:03.660,4.726,2000
2020-08-12 09:30:03.660,4.726,2000
2020-08-12 09:30:03.660,4.726,12000
2020-08-12 09:30:03.660,4.726,11000
2020-08-12 09:30:03.660,4.726,30100
2020-08-12 09:30:03.660,4.726,500
2020-08-12 09:30:03.900,4.725,4400
2020-08-12 09:30:03.900,4.723,15600
2020-08-12 09:30:03.900,4.726,700
2020-08-12 09:30:03.900,4.726,100
2020-08-12 09:30:04.030,4.725,2000
2020-08-12 09:30:04.170,4.725,4200
2020-08-12 09:30:04.290,4.724,2000
2020-08-12 09:30:04.290,4.724,100
2020-08-12 09:30:04.420,4.723,400
2020-08-12 09:30:04.420,4.723,100
2020-08-12 09:30:04.420,4.723,12700
2020-08-12 09:30:04.630,4.723,2600
2020-08-12 09:30:04.960,4.724,200
2020-08-12 09:30:04.960,4.724,9800
2020-08-12 09:30:04.960,4.724,3600
2020-08-12 09:30:05.090,4.724,10000
2020-08-12 09:30:05.090,4.724,600
2020-08-12 09:30:05.090,4.723,42800
2020-08-12 09:30:05.210,4.723,2000
2020-08-12 09:30:05.210,4.724,5000
2020-08-12 09:30:05.210,4.724,900
2020-08-12 09:30:05.210,4.724,1000
2020-08-12 09:30:05.330,4.724,500
2020-08-12 09:30:05.330,4.724,1100
2020-08-12 09:30:05.460,4.724,1000
2020-08-12 09:30:05.460,4.724,1200
2020-08-12 09:30:05.590,4.723,1200
2020-08-12 09:30:05.720,4.723,100
2020-08-12 09:30:05.720,4.723,30000
2020-08-12 09:30:05.930,4.724,500
2020-08-12 09:30:05.930,4.723,2000
2020-08-12 09:30:05.930,4.723,1900
2020-08-12 09:30:06.050,4.724,400
2020-08-12 09:30:06.160,4.723,2000
2020-08-12 09:30:06.160,4.724,100
2020-08-12 09:30:06.260,4.724,1000
2020-08-12 09:30:06.330,4.724,5900
2020-08-12 09:30:06.330,4.724,2940
2020-08-12 09:30:06.330,4.725,1160
2020-08-12 09:30:06.330,4.723,10000
2020-08-12 09:30:06.400,4.723,4000
2020-08-12 09:30:06.400,4.723,5000
2020-08-12 09:30:06.400,4.725,10000
2020-08-12 09:30:06.570,4.725,1000
2020-08-12 09:30:06.650,4.725,1000
2020-08-12 09:30:06.650,4.725,5000
2020-08-12 09:30:06.710,4.725,200
2020-08-12 09:30:06.820,4.725,8000
2020-08-12 09:30:06.910,4.725,8000
2020-08-12 09:30:06.910,4.725,300
2020-08-12 09:30:06.910,4.725,6000
2020-08-12 09:30:06.990,4.725,27000
2020-08-12 09:30:06.990,4.724,300
2020-08-12 09:30:06.990,4.723,3800
2020-08-12 09:30:07.150,4.725,200
2020-08-12 09:30:07.230,4.725,940
2020-08-12 09:30:07.230,4.725,60
2020-08-12 09:30:07.230,4.725,1000
2020-08-12 09:30:07.470,4.724,200
2020-08-12 09:30:07.510,4.723,6200
2020-08-12 09:30:07.510,4.723,30000
2020-08-12 09:30:07.700,4.724,1000
2020-08-12 09:30:07.700,4.724,2800
2020-08-12 09:30:07.700,4.725,2200
2020-08-12 09:30:07.750,4.725,3000
2020-08-12 09:30:07.910,4.725,800
2020-08-12 09:30:07.940,4.723,6000
2020-08-12 09:30:08.050,4.723,200
2020-08-12 09:30:08.170,4.723,11000
2020-08-12 09:30:08.460,4.725,200
2020-08-12 09:30:08.580,4.724,200
2020-08-12 09:30:08.580,4.724,200
2020-08-12 09:30:08.580,4.724,700
2020-08-12 09:30:08.580,4.724,100
2020-08-12 09:30:08.580,4.725,1900
2020-08-12 09:30:08.630,4.725,1000
2020-08-12 09:30:08.630,4.725,200
2020-08-12 09:30:08.720,4.725,2200
2020-08-12 09:30:08.760,4.725,5000
2020-08-12 09:30:08.880,4.724,1700
2020-08-12 09:30:08.880,4.724,3300
2020-08-12 09:30:08.920,4.724,200
2020-08-12 09:30:09.000,4.724,5500
2020-08-12 09:30:09.080,4.724,10000
2020-08-12 09:30:09.310,4.724,10000
2020-08-12 09:30:09.350,4.723,26500
2020-08-12 09:30:09.350,4.723,5000
2020-08-12 09:30:09.350,4.723,1000
2020-08-12 09:30:09.350,4.723,50000
2020-08-12 09:30:09.350,4.723,500
2020-08-12 09:30:09.350,4.723,8000
2020-08-12 09:30:09.350,4.723,80000
2020-08-12 09:30:09.350,4.723,9000
2020-08-12 09:30:09.350,4.723,500
2020-08-12 09:30:09.350,4.723,10000
2020-08-12 09:30:09.350,4.723,5000
2020-08-12 09:30:09.350,4.723,2000
2020-08-12 09:30:09.350,4.723,1000
2020-08-12 09:30:09.350,4.723,5000
2020-08-12 09:30:09.350,4.723,2000
2020-08-12 09:30:09.350,4.723,8900
2020-08-12 09:30:09.350,4.723,3000
2020-08-12 09:30:09.350,4.723,100
2020-08-12 09:30:09.350,4.723,200
2020-08-12 09:30:09.350,4.723,1200
2020-08-12 09:30:09.350,4.722,2500
2020-08-12 09:30:09.350,4.722,100
2020-08-12 09:30:09.350,4.722,33000
2020-08-12 09:30:09.350,4.722,100
2020-08-12 09:30:09.350,4.721,38800
2020-08-12 09:30:09.720,4.721,5300
2020-08-12 09:30:09.790,4.723,300
2020-08-12 09:30:09.790,4.723,700
2020-08-12 09:30:09.840,4.723,1400
2020-08-12 09:30:09.840,4.724,600
2020-08-12 09:30:10.040,4.725,600
2020-08-12 09:30:10.170,4.725,1000
2020-08-12 09:30:10.200,4.725,5900
2020-08-12 09:30:10.200,4.725,100
2020-08-12 09:30:10.240,4.725,5000
2020-08-12 09:30:10.430,4.724,100
2020-08-12 09:30:10.460,4.722,5000
2020-08-12 09:30:10.500,4.722,500
2020-08-12 09:30:10.570,4.722,2500
2020-08-12 09:30:10.710,4.722,1500
2020-08-12 09:30:10.800,4.722,30700
2020-08-12 09:30:10.910,4.722,100
2020-08-12 09:30:11.190,4.722,100
2020-08-12 09:30:11.470,4.722,2500
2020-08-12 09:30:11.470,4.722,200
2020-08-12 09:30:11.680,4.721,5300
2020-08-12 09:30:11.680,4.721,5000
2020-08-12 09:30:11.680,4.721,8100
2020-08-12 09:30:11.680,4.721,1600
2020-08-12 09:30:11.960,4.722,1700
2020-08-12 09:30:12.060,4.722,100
2020-08-12 09:30:12.060,4.722,300
2020-08-12 09:30:12.060,4.722,7000
2020-08-12 09:30:12.480,4.722,1700
2020-08-12 09:30:12.510,4.722,1000
2020-08-12 09:30:12.670,4.722,500
2020-08-12 09:30:12.780,4.721,8600
2020-08-12 09:30:12.780,4.721,500
2020-08-12 09:30:12.780,4.721,10000
2020-08-12 09:30:12.780,4.721,500
2020-08-12 09:30:12.780,4.721,1000
2020-08-12 09:30:12.780,4.721,10000
2020-08-12 09:30:12.780,4.721,3000
2020-08-12 09:30:12.780,4.721,34900
2020-08-12 09:30:12.780,4.721,3500
2020-08-12 09:30:12.780,4.721,100
2020-08-12 09:30:12.780,4.721,500
2020-08-12 09:30:12.780,4.721,25600
2020-08-12 09:30:12.780,4.721,4200
2020-08-12 09:30:12.780,4.721,97600
2020-08-12 09:30:12.780,4.721,100
2020-08-12 09:30:13.170,4.722,315000
2020-08-12 09:30:13.520,4.722,5000
2020-08-12 09:30:13.590,4.721,29700
2020-08-12 09:30:13.660,4.722,5000
2020-08-12 09:30:13.690,4.722,119500
2020-08-12 09:30:13.690,4.723,30000
2020-08-12 09:30:13.960,4.723,18700
2020-08-12 09:30:14.370,4.723,3400
2020-08-12 09:30:14.680,4.724,2000
2020-08-12 09:30:14.680,4.724,4500
2020-08-12 09:30:14.680,4.724,3600
2020-08-12 09:30:14.680,4.724,100
2020-08-12 09:30:14.680,4.724,2500
2020-08-12 09:30:15.100,4.725,69840
2020-08-12 09:30:15.100,4.725,11800
2020-08-12 09:30:15.100,4.725,2900
2020-08-12 09:30:15.100,4.725,1000
2020-08-12 09:30:15.100,4.725,2100
2020-08-12 09:30:15.100,4.725,200
2020-08-12 09:30:15.100,4.725,1600
2020-08-12 09:30:15.100,4.725,100
2020-08-12 09:30:15.100,4.725,4000
2020-08-12 09:30:15.100,4.725,43000
2020-08-12 09:30:15.100,4.725,20600
2020-08-12 09:30:15.100,4.725,2400
2020-08-12 09:30:15.100,4.725,500
2020-08-12 09:30:15.100,4.725,1000
2020-08-12 09:30:15.100,4.725,5000
2020-08-12 09:30:15.100,4.725,400
2020-08-12 09:30:15.100,4.725,15700
2020-08-12 09:30:15.100,4.725,1000
2020-08-12 09:30:15.100,4.725,15600
2020-08-12 09:30:15.100,4.725,700
2020-08-12 09:30:15.100,4.725,3400
2020-08-12 09:30:15.100,4.725,5000
2020-08-12 09:30:15.100,4.725,500
2020-08-12 09:30:15.100,4.725,1100
2020-08-12 09:30:15.100,4.725,10000
2020-08-12 09:30:15.100,4.725,95560
2020-08-12 09:30:15.370,4.724,500
2020-08-12 09:30:15.370,4.722,40400
2020-08-12 09:30:15.370,4.721,1000
2020-08-12 09:30:15.370,4.721,6000
2020-08-12 09:30:15.370,4.721,3000
2020-08-12 09:30:15.370,4.72,800
2020-08-12 09:30:15.370,4.72,2500
2020-08-12 09:30:15.370,4.72,100
2020-08-12 09:30:15.370,4.72,4000
2020-08-12 09:30:15.370,4.72,300
2020-08-12 09:30:15.370,4.72,200
2020-08-12 09:30:15.370,4.72,400
2020-08-12 09:30:15.370,4.72,500
2020-08-12 09:30:15.370,4.72,100
2020-08-12 09:30:15.370,4.72,200
2020-08-12 09:30:15.370,4.72,1700
2020-08-12 09:30:15.370,4.72,300
2020-08-12 09:30:15.370,4.72,10000
2020-08-12 09:30:15.370,4.72,3000
2020-08-12 09:30:15.370,4.72,10000
2020-08-12 09:30:15.370,4.72,2900
2020-08-12 09:30:15.780,4.721,500
2020-08-12 09:30:16.420,4.723,5000
2020-08-12 09:30:16.820,4.725,20000
2020-08-12 09:30:16.820,4.724,2700
2020-08-12 09:30:16.890,4.725,3000
2020-08-12 09:30:17.370,4.725,71640
2020-08-12 09:30:17.370,4.725,1000
2020-08-12 09:30:17.370,4.725,3000
2020-08-12 09:30:17.750,4.725,136200
2020-08-12 09:30:18.150,4.725,5000
2020-08-12 09:30:18.290,4.725,500
2020-08-12 09:30:18.990,4.725,7500
2020-08-12 09:30:19.020,4.726,5500
2020-08-12 09:30:19.400,4.725,75160
2020-08-12 09:30:19.400,4.725,200
2020-08-12 09:30:19.400,4.725,100
2020-08-12 09:30:19.400,4.724,42300
2020-08-12 09:30:19.400,4.724,500
2020-08-12 09:30:19.400,4.724,4000
2020-08-12 09:30:19.400,4.724,5000
2020-08-12 09:30:19.480,4.722,2000
2020-08-12 09:30:19.710,4.722,2200
2020-08-12 09:30:19.710,4.722,3100
2020-08-12 09:30:20.150,4.722,213300
2020-08-12 09:30:20.740,4.723,3600
2020-08-12 09:30:21.060,4.723,369140
2020-08-12 09:30:21.060,4.723,2000
2020-08-12 09:30:21.060,4.726,11400
2020-08-12 09:30:21.060,4.726,2000
2020-08-12 09:30:21.060,4.726,43500
2020-08-12 09:30:21.060,4.726,29100
2020-08-12 09:30:21.440,4.725,5000
2020-08-12 09:30:21.970,4.726,64800
2020-08-12 09:30:22.100,4.726,10000
2020-08-12 09:30:22.860,4.726,296000
2020-08-12 09:30:23.070,4.726,300000
2020-08-12 09:30:23.450,4.726,49200
2020-08-12 09:30:23.450,4.726,13100
2020-08-12 09:30:23.590,4.726,112200
2020-08-12 09:30:23.630,4.726,100
2020-08-12 09:30:24.180,4.726,45000
2020-08-12 09:30:24.440,4.726,900
2020-08-12 09:30:24.910,4.726,1300
2020-08-12 09:30:25.340,4.727,4800
2020-08-12 09:30:26.110,4.726,1000
2020-08-12 09:30:26.400,4.726,4000
2020-08-12 09:30:27.220,4.727,65200
2020-08-12 09:30:27.220,4.727,234800
2020-08-12 09:30:27.260,4.727,128200
2020-08-12 09:30:27.260,4.727,800
2020-08-12 09:30:27.260,4.727,7000
2020-08-12 09:30:27.260,4.727,75000
2020-08-12 09:30:27.260,4.727,2000
2020-08-12 09:30:27.260,4.727,4800
2020-08-12 09:30:28.450,4.728,1000
2020-08-12 09:30:28.450,4.728,10600
2020-08-12 09:30:28.450,4.728,400
2020-08-12 09:30:28.450,4.729,20000
2020-08-12 09:30:28.450,4.73,150000
2020-08-12 09:30:28.450,4.73,20000
2020-08-12 09:30:28.450,4.73,5000
2020-08-12 09:30:28.450,4.73,700
2020-08-12 09:30:28.450,4.73,11000
2020-08-12 09:30:28.450,4.73,100
2020-08-12 09:30:28.900,4.73,15800
2020-08-12 09:30:29.120,4.731,4500
2020-08-12 09:30:31.090,4.731,25500
2020-08-12 09:30:31.090,4.731,10000
2020-08-12 09:30:31.090,4.731,1300
2020-08-12 09:30:31.090,4.731,5700
2020-08-12 09:30:31.440,4.731,32000
2020-08-12 09:30:31.840,4.731,10000
2020-08-12 09:30:33.110,4.732,20800
2020-08-12 09:30:33.110,4.732,4400
2020-08-12 09:30:34.710,4.733,1000
2020-08-12 09:30:35.310,4.733,4000
2020-08-12 09:30:35.310,4.734,400
2020-08-12 09:30:35.310,4.734,200
2020-08-12 09:30:35.310,4.734,600
2020-08-12 09:30:35.310,4.734,600
2020-08-12 09:30:35.310,4.734,100
2020-08-12 09:30:35.310,4.734,200
2020-08-12 09:30:35.310,4.734,100
2020-08-12 09:30:35.310,4.734,100
2020-08-12 09:30:35.310,4.734,300000
2020-08-12 09:30:35.310,4.734,100
2020-08-12 09:30:35.310,4.734,2000
2020-08-12 09:30:35.310,4.734,100
2020-08-12 09:30:35.310,4.734,9000
2020-08-12 09:30:35.310,4.734,900
2020-08-12 09:30:35.310,4.734,400
2020-08-12 09:30:35.310,4.734,27600
2020-08-12 09:30:35.310,4.734,500
2020-08-12 09:30:35.310,4.734,200
2020-08-12 09:30:35.310,4.734,20000
2020-08-12 09:30:35.310,4.734,5000
2020-08-12 09:30:35.310,4.734,2500
2020-08-12 09:30:35.310,4.734,100
2020-08-12 09:30:35.310,4.734,1000
2020-08-12 09:30:35.310,4.734,1000
2020-08-12 09:30:35.310,4.734,300
2020-08-12 09:30:35.310,4.734,6300
2020-08-12 09:30:35.310,4.734,8000
2020-08-12 09:30:35.310,4.734,500
2020-08-12 09:30:35.310,4.734,3900
2020-08-12 09:30:35.310,4.734,12400
2020-08-12 09:30:35.310,4.734,200
2020-08-12 09:30:35.310,4.734,500
2020-08-12 09:30:35.310,4.734,1100
2020-08-12 09:30:35.310,4.734,100
2020-08-12 09:30:35.310,4.734,100
2020-08-12 09:30:35.310,4.734,200
2020-08-12 09:30:35.310,4.734,1100
2020-08-12 09:30:35.310,4.734,300
2020-08-12 09:30:35.310,4.734,1000
2020-08-12 09:30:35.310,4.734,900
2020-08-12 09:30:35.310,4.734,10000
2020-08-12 09:30:35.310,4.734,800
2020-08-12 09:30:35.310,4.734,5000
2020-08-12 09:30:35.310,4.734,4800
2020-08-12 09:30:35.310,4.734,200
2020-08-12 09:30:35.310,4.734,5000
2020-08-12 09:30:35.310,4.734,12400
2020-08-12 09:30:35.310,4.734,400
2020-08-12 09:30:35.310,4.734,700
2020-08-12 09:30:35.310,4.734,1600
2020-08-12 09:30:35.310,4.734,500
2020-08-12 09:30:35.310,4.734,20000
2020-08-12 09:30:35.310,4.734,2000
2020-08-12 09:30:36.270,4.734,123000
2020-08-12 09:30:36.270,4.733,2600
2020-08-12 09:30:36.270,4.732,50000
2020-08-12 09:30:36.270,4.732,4000
2020-08-12 09:30:36.270,4.731,50000
2020-08-12 09:30:36.270,4.731,5000
2020-08-12 09:30:36.270,4.73,10000
2020-08-12 09:30:36.270,4.73,5400
2020-08-12 09:30:36.340,4.735,301400
2020-08-12 09:30:36.340,4.735,2000
2020-08-12 09:30:36.340,4.735,100
2020-08-12 09:30:36.340,4.735,500
2020-08-12 09:30:36.340,4.735,20000
2020-08-12 09:30:36.340,4.735,5000
2020-08-12 09:30:36.340,4.735,2500
2020-08-12 09:30:36.340,4.735,500
2020-08-12 09:30:36.630,4.735,11000
2020-08-12 09:30:36.750,4.735,21000
2020-08-12 09:30:36.990,4.735,1000
2020-08-12 09:30:36.990,4.734,700
2020-08-12 09:30:36.990,4.731,1600
2020-08-12 09:30:38.140,4.736,6500
2020-08-12 09:30:38.140,4.736,900
2020-08-12 09:30:38.140,4.736,1500
2020-08-12 09:30:38.140,4.736,900
2020-08-12 09:30:38.140,4.736,2000
2020-08-12 09:30:38.590,4.737,2000
2020-08-12 09:30:38.590,4.738,2200
2020-08-12 09:30:38.590,4.738,2000
2020-08-12 09:30:38.590,4.738,2000
2020-08-12 09:30:38.590,4.738,10800
2020-08-12 09:30:39.110,4.736,100
2020-08-12 09:30:39.110,4.734,14900
2020-08-12 09:30:39.440,4.734,20000
2020-08-12 09:30:40.110,4.738,2000
2020-08-12 09:30:41.340,4.737,10800
2020-08-12 09:30:41.770,4.737,10000
2020-08-12 09:30:42.260,4.738,700
2020-08-12 09:30:42.960,4.737,2900
2020-08-12 09:30:42.960,4.737,100
2020-08-12 09:30:43.020,4.738,500
2020-08-12 09:30:43.020,4.738,300
2020-08-12 09:30:43.020,4.738,500
2020-08-12 09:30:43.020,4.738,200
2020-08-12 09:30:43.020,4.738,300
2020-08-12 09:30:43.020,4.738,1200
2020-08-12 09:30:43.120,4.738,900
2020-08-12 09:30:43.120,4.738,100
2020-08-12 09:30:43.120,4.738,400
2020-08-12 09:30:43.120,4.738,9500
2020-08-12 09:30:43.120,4.739,800
2020-08-12 09:30:43.120,4.739,400
2020-08-12 09:30:43.120,4.739,100
2020-08-12 09:30:45.890,4.738,10500
2020-08-12 09:30:45.890,4.738,700
2020-08-12 09:30:46.570,4.738,5600
2020-08-12 09:30:46.570,4.737,4900
2020-08-12 09:30:46.570,4.737,800
2020-08-12 09:30:46.570,4.737,1600
2020-08-12 09:30:46.570,4.737,100
2020-08-12 09:30:47.020,4.737,500
2020-08-12 09:30:47.170,4.737,10000
2020-08-12 09:30:47.840,4.736,100
2020-08-12 09:30:47.900,4.736,2800
2020-08-12 09:30:48.280,4.736,700
2020-08-12 09:30:48.450,4.735,700
2020-08-12 09:30:48.450,4.735,29300
2020-08-12 09:30:48.560,4.735,800
2020-08-12 09:30:48.560,4.735,1100
2020-08-12 09:30:48.560,4.735,1000
2020-08-12 09:30:48.560,4.735,1700
2020-08-12 09:30:48.560,4.735,100
2020-08-12 09:30:48.560,4.734,45900
2020-08-12 09:30:48.560,4.733,12000
2020-08-12 09:30:48.560,4.732,5000
2020-08-12 09:30:48.560,4.732,400
2020-08-12 09:30:48.560,4.731,3400
2020-08-12 09:30:48.560,4.731,1700
2020-08-12 09:30:48.560,4.731,100
2020-08-12 09:30:48.560,4.73,181600
2020-08-12 09:30:49.580,4.735,400
2020-08-12 09:30:49.580,4.736,22500
2020-08-12 09:30:49.850,4.736,2000
2020-08-12 09:30:49.950,4.736,1900
2020-08-12 09:30:49.950,4.736,500
2020-08-12 09:30:49.950,4.736,7600
2020-08-12 09:30:51.050,4.736,1000
2020-08-12 09:30:51.430,4.736,10000
2020-08-12 09:30:51.570,4.735,1600
2020-08-12 09:30:51.990,4.735,16900
2020-08-12 09:30:52.120,4.733,25300
2020-08-12 09:30:52.120,4.735,24700
2020-08-12 09:30:52.220,4.735,9000
2020-08-12 09:30:53.420,4.735,1000
2020-08-12 09:30:53.650,4.734,2000
2020-08-12 09:30:54.320,4.734,700
2020-08-12 09:30:56.300,4.735,200
2020-08-12 09:30:56.300,4.735,5500
2020-08-12 09:30:56.530,4.732,500
2020-08-12 09:30:56.560,4.732,5000
2020-08-12 09:30:58.030,4.735,100
2020-08-12 09:30:58.450,4.733,1200
2020-08-12 09:30:58.520,4.733,5000
2020-08-12 09:30:58.940,4.733,2200
2020-08-12 09:30:59.240,4.733,500
2020-08-12 09:30:59.400,4.731,200
2020-08-12 09:31:00.740,4.732,20000
2020-08-12 09:31:00.860,4.732,300
2020-08-12 09:31:02.380,4.731,100
2020-08-12 09:31:04.050,4.733,10000
2020-08-12 09:31:06.070,4.733,900
2020-08-12 09:31:06.070,4.734,300
2020-08-12 09:31:06.230,4.734,1000
2020-08-12 09:31:06.710,4.732,2000
2020-08-12 09:31:06.800,4.732,1100
2020-08-12 09:31:06.800,4.731,3900
2020-08-12 09:31:07.590,4.734,300
2020-08-12 09:31:09.680,4.731,3800
2020-08-12 09:31:10.040,4.733,10300
2020-08-12 09:31:11.440,4.733,500
2020-08-12 09:31:11.440,4.733,66200
2020-08-12 09:31:11.960,4.734,100
2020-08-12 09:31:14.400,4.734,100
2020-08-12 09:31:15.570,4.734,14500
2020-08-12 09:31:15.570,4.734,20900
2020-08-12 09:31:15.570,4.734,5000
2020-08-12 09:31:15.570,4.734,6000
2020-08-12 09:31:15.570,4.735,5500
2020-08-12 09:31:15.570,4.735,3100
2020-08-12 09:31:17.330,4.734,100
2020-08-12 09:31:17.470,4.733,1200
2020-08-12 09:31:17.960,4.734,10000
2020-08-12 09:31:18.180,4.734,13000
2020-08-12 09:31:18.570,4.733,500
2020-08-12 09:31:18.570,4.733,500
2020-08-12 09:31:18.570,4.733,18300
2020-08-12 09:31:18.570,4.733,2000
2020-08-12 09:31:18.570,4.731,22000
2020-08-12 09:31:18.570,4.731,100
2020-08-12 09:31:18.570,4.731,7200
2020-08-12 09:31:18.700,4.733,1100
2020-08-12 09:31:18.850,4.734,6400
2020-08-12 09:31:19.530,4.734,4200
2020-08-12 09:31:19.530,4.734,300
2020-08-12 09:31:19.530,4.733,1500
2020-08-12 09:31:21.760,4.734,2000
2020-08-12 09:31:21.760,4.734,100
2020-08-12 09:31:21.760,4.733,900
2020-08-12 09:31:22.480,4.734,5000
2020-08-12 09:31:22.960,4.734,4900
2020-08-12 09:31:23.120,4.735,10400
2020-08-12 09:31:23.120,4.735,6000
2020-08-12 09:31:23.650,4.735,100
2020-08-12 09:31:24.190,4.735,8400
2020-08-12 09:31:24.320,4.737,3300
2020-08-12 09:31:24.360,4.735,2500
2020-08-12 09:31:25.950,4.735,2000
2020-08-12 09:31:26.140,4.735,50000
2020-08-12 09:31:26.200,4.735,1100
2020-08-12 09:31:27.230,4.735,25000
2020-08-12 09:31:28.910,4.737,500
2020-08-12 09:31:29.130,4.735,10000
2020-08-12 09:31:29.230,4.735,8800
2020-08-12 09:31:29.900,4.735,2000
2020-08-12 09:31:30.060,4.735,8300
2020-08-12 09:31:30.290,4.737,700
2020-08-12 09:31:30.960,4.737,500
2020-08-12 09:31:30.960,4.737,10000
2020-08-12 09:31:30.960,4.737,1000
2020-08-12 09:31:30.960,4.737,400
2020-08-12 09:31:30.960,4.737,5000
2020-08-12 09:31:30.960,4.738,4000
2020-08-12 09:31:30.960,4.738,7100
2020-08-12 09:31:30.960,4.738,600
2020-08-12 09:31:30.960,4.738,4300
2020-08-12 09:31:30.960,4.738,500
2020-08-12 09:31:30.960,4.739,700
2020-08-12 09:31:30.960,4.739,100
2020-08-12 09:31:30.960,4.739,100
2020-08-12 09:31:31.120,4.739,60000
2020-08-12 09:31:31.280,4.739,10000
2020-08-12 09:31:31.970,4.739,5000
2020-08-12 09:31:32.100,4.739,14500
2020-08-12 09:31:32.160,4.739,60000
2020-08-12 09:31:32.990,4.74,300
2020-08-12 09:31:32.990,4.74,900
2020-08-12 09:31:33.490,4.739,5500
2020-08-12 09:31:33.990,4.739,100
2020-08-12 09:31:35.450,4.739,38900
2020-08-12 09:31:35.680,4.739,65700
2020-08-12 09:31:36.090,4.738,8800
2020-08-12 09:31:36.090,4.738,7700
2020-08-12 09:31:36.330,4.739,700
2020-08-12 09:31:36.600,4.737,500
2020-08-12 09:31:36.600,4.737,100
2020-08-12 09:31:37.800,4.739,5000
2020-08-12 09:31:38.660,4.737,1100
2020-08-12 09:31:40.070,4.739,1900
2020-08-12 09:31:40.070,4.739,18100
2020-08-12 09:31:40.340,4.738,5000
2020-08-12 09:31:42.320,4.739,600
2020-08-12 09:31:42.830,4.739,8000
2020-08-12 09:31:43.230,4.737,2000
2020-08-12 09:31:43.270,4.738,13500
2020-08-12 09:31:43.850,4.738,7000
2020-08-12 09:31:43.910,4.739,5000
2020-08-12 09:31:45.130,4.738,40000
2020-08-12 09:31:45.320,4.738,4400
2020-08-12 09:31:45.510,4.739,73200
2020-08-12 09:31:45.820,4.738,1500
2020-08-12 09:31:46.050,4.739,600
2020-08-12 09:31:47.800,4.738,500
2020-08-12 09:31:47.860,4.739,200
2020-08-12 09:31:48.220,4.739,700
2020-08-12 09:31:49.220,4.738,600
2020-08-12 09:31:49.350,4.738,5000
2020-08-12 09:31:49.660,4.738,100
2020-08-12 09:31:50.010,4.738,2000
2020-08-12 09:31:50.240,4.738,3600
2020-08-12 09:31:50.240,4.738,1400
2020-08-12 09:31:50.300,4.738,200
2020-08-12 09:31:50.500,4.738,100
2020-08-12 09:31:51.440,4.739,400
2020-08-12 09:31:51.590,4.738,3200
2020-08-12 09:31:51.660,4.738,100
2020-08-12 09:31:51.660,4.738,2000
2020-08-12 09:31:52.340,4.739,10000
2020-08-12 09:31:52.410,4.739,500
2020-08-12 09:31:52.510,4.738,5600
2020-08-12 09:31:53.230,4.738,7400
2020-08-12 09:31:53.230,4.738,300
2020-08-12 09:31:53.230,4.738,1000
2020-08-12 09:31:53.230,4.738,1000
2020-08-12 09:31:54.190,4.738,3000
2020-08-12 09:31:54.320,4.738,700
2020-08-12 09:31:54.790,4.738,16600
2020-08-12 09:31:54.790,4.738,6000
2020-08-12 09:31:54.790,4.739,27400
2020-08-12 09:31:54.860,4.738,7700
2020-08-12 09:31:54.920,4.738,1000
2020-08-12 09:31:56.080,4.738,100
2020-08-12 09:31:56.080,4.738,1900
2020-08-12 09:31:56.140,4.738,200
2020-08-12 09:31:56.280,4.738,5000
2020-08-12 09:31:57.040,4.738,2000
2020-08-12 09:31:57.560,4.737,44000
2020-08-12 09:31:57.880,4.737,3000
2020-08-12 09:31:58.250,4.737,8900
2020-08-12 09:31:58.250,4.737,100
2020-08-12 09:31:58.250,4.737,10000
2020-08-12 09:31:58.250,4.737,100
2020-08-12 09:31:58.250,4.737,2000
2020-08-12 09:31:58.250,4.737,10000
2020-08-12 09:31:58.250,4.736,300
2020-08-12 09:31:58.250,4.736,8200
2020-08-12 09:31:58.250,4.736,400
2020-08-12 09:31:58.690,4.737,34100
2020-08-12 09:31:58.690,4.737,5900
2020-08-12 09:31:58.860,4.737,100
2020-08-12 09:31:59.280,4.737,10000
2020-08-12 09:31:59.310,4.737,10000
2020-08-12 09:31:59.340,4.737,200
2020-08-12 09:31:59.410,4.737,36600
2020-08-12 09:31:59.690,4.737,1200
2020-08-12 09:32:00.320,4.737,600
2020-08-12 09:32:00.780,4.737,800
2020-08-12 09:32:01.160,4.736,4600
2020-08-12 09:32:01.380,4.736,1200
2020-08-12 09:32:01.680,4.736,3900
2020-08-12 09:32:02.110,4.736,3200
2020-08-12 09:32:02.680,4.736,300
2020-08-12 09:32:03.730,4.735,275800
2020-08-12 09:32:03.730,4.735,189600
2020-08-12 09:32:03.730,4.735,2000
2020-08-12 09:32:03.730,4.735,1200
2020-08-12 09:32:03.730,4.735,10000
2020-08-12 09:32:03.730,4.735,4100
2020-08-12 09:32:03.730,4.735,5000
2020-08-12 09:32:04.020,4.734,9500
2020-08-12 09:32:04.020,4.734,1200
2020-08-12 09:32:04.020,4.734,500
2020-08-12 09:32:04.020,4.734,2500
2020-08-12 09:32:04.020,4.734,200
2020-08-12 09:32:04.020,4.734,2000
2020-08-12 09:32:05.040,4.733,1500
2020-08-12 09:32:05.040,4.733,10000
2020-08-12 09:32:05.040,4.733,2000
2020-08-12 09:32:05.040,4.733,25800
2020-08-12 09:32:05.800,4.732,1000
2020-08-12 09:32:06.160,4.731,3200
2020-08-12 09:32:06.250,4.731,29600
2020-08-12 09:32:06.250,4.731,800
2020-08-12 09:32:06.250,4.731,100
2020-08-12 09:32:06.250,4.731,4900
2020-08-12 09:32:06.250,4.731,2000
2020-08-12 09:32:07.520,4.731,100
2020-08-12 09:32:08.110,4.73,1000
2020-08-12 09:32:08.110,4.73,2000
2020-08-12 09:32:08.110,4.73,1200
2020-08-12 09:32:08.110,4.73,10000
2020-08-12 09:32:08.110,4.73,4500
2020-08-12 09:32:08.110,4.73,11500
2020-08-12 09:32:08.110,4.73,2000
2020-08-12 09:32:08.110,4.73,2000
2020-08-12 09:32:08.110,4.73,6600
2020-08-12 09:32:08.110,4.73,19300
2020-08-12 09:32:08.110,4.73,20000
2020-08-12 09:32:08.110,4.73,2000
2020-08-12 09:32:08.110,4.73,5000
2020-08-12 09:32:08.110,4.73,1000
2020-08-12 09:32:08.110,4.73,500
2020-08-12 09:32:08.110,4.73,11000
2020-08-12 09:32:08.110,4.73,2000
2020-08-12 09:32:08.110,4.73,100
2020-08-12 09:32:08.110,4.73,12500
2020-08-12 09:32:08.420,4.73,300
2020-08-12 09:32:09.180,4.729,8900
2020-08-12 09:32:09.180,4.729,2000
2020-08-12 09:32:10.090,4.729,100
2020-08-12 09:32:11.950,4.727,4300
2020-08-12 09:32:12.100,4.73,1000
2020-08-12 09:32:12.140,4.727,5700
2020-08-12 09:32:12.140,4.727,1000
2020-08-12 09:32:12.140,4.727,100
2020-08-12 09:32:12.140,4.727,1100
2020-08-12 09:32:12.140,4.727,2000
2020-08-12 09:32:12.140,4.727,1000
2020-08-12 09:32:12.140,4.727,200
2020-08-12 09:32:12.140,4.727,275700
2020-08-12 09:32:12.530,4.73,10000
2020-08-12 09:32:12.720,4.727,24300
2020-08-12 09:32:12.720,4.727,800
2020-08-12 09:32:13.120,4.727,400
2020-08-12 09:32:13.320,4.727,4000
2020-08-12 09:32:15.190,4.726,100
2020-08-12 09:32:15.190,4.726,500
2020-08-12 09:32:15.190,4.726,300
2020-08-12 09:32:15.640,4.726,2200
2020-08-12 09:32:15.800,4.726,5000
2020-08-12 09:32:16.710,4.726,100
2020-08-12 09:32:17.010,4.726,100
2020-08-12 09:32:17.310,4.725,300
2020-08-12 09:32:17.310,4.725,200
2020-08-12 09:32:17.310,4.725,200
2020-08-12 09:32:17.310,4.725,2000
2020-08-12 09:32:17.310,4.725,2500
2020-08-12 09:32:17.310,4.725,1500
2020-08-12 09:32:17.310,4.725,20000
2020-08-12 09:32:17.310,4.725,500
2020-08-12 09:32:17.310,4.725,4000
2020-08-12 09:32:17.310,4.725,20000
2020-08-12 09:32:17.620,4.725,3000
2020-08-12 09:32:18.140,4.725,10000
2020-08-12 09:32:18.240,4.725,2800
2020-08-12 09:32:18.670,4.725,10000
2020-08-12 09:32:19.070,4.725,500
2020-08-12 09:32:19.190,4.725,5000
2020-08-12 09:32:19.830,4.724,100
2020-08-12 09:32:19.830,4.724,2000
2020-08-12 09:32:19.830,4.724,300
2020-08-12 09:32:22.940,4.723,10000
2020-08-12 09:32:23.260,4.723,100
2020-08-12 09:32:23.260,4.723,10100
2020-08-12 09:32:23.260,4.723,20800
2020-08-12 09:32:23.930,4.723,100
2020-08-12 09:32:24.820,4.723,200
2020-08-12 09:32:25.010,4.723,20000
2020-08-12 09:32:25.260,4.722,500
2020-08-12 09:32:25.260,4.722,10000
2020-08-12 09:32:25.260,4.722,100
2020-08-12 09:32:25.260,4.722,600
2020-08-12 09:32:25.260,4.722,100
2020-08-12 09:32:25.260,4.722,200
2020-08-12 09:32:25.360,4.723,113000
2020-08-12 09:32:26.130,4.722,12000
2020-08-12 09:32:26.160,4.722,8000
2020-08-12 09:32:26.370,4.721,100
2020-08-12 09:32:26.370,4.721,4000
2020-08-12 09:32:26.370,4.721,400
2020-08-12 09:32:26.370,4.721,4000
2020-08-12 09:32:26.370,4.721,15200
2020-08-12 09:32:26.690,4.721,500
2020-08-12 09:32:27.110,4.723,1000
2020-08-12 09:32:27.570,4.723,1000
2020-08-12 09:32:27.700,4.723,3000
2020-08-12 09:32:28.520,4.722,1700
2020-08-12 09:32:28.610,4.722,1000
2020-08-12 09:32:29.170,4.722,700
2020-08-12 09:32:29.170,4.723,300
2020-08-12 09:32:30.050,4.722,2000
2020-08-12 09:32:30.980,4.721,20000
2020-08-12 09:32:31.900,4.723,20000
2020-08-12 09:32:32.400,4.723,10000
2020-08-12 09:32:32.400,4.722,7000
2020-08-12 09:32:32.400,4.721,14300
2020-08-12 09:32:32.400,4.721,400
2020-08-12 09:32:32.790,4.72,2000
2020-08-12 09:32:32.790,4.72,200
2020-08-12 09:32:32.790,4.72,2000
2020-08-12 09:32:32.790,4.72,500
2020-08-12 09:32:32.790,4.72,1000
2020-08-12 09:32:32.790,4.72,2500
2020-08-12 09:32:32.790,4.72,2000
2020-08-12 09:32:32.790,4.72,200
2020-08-12 09:32:32.790,4.72,1000
2020-08-12 09:32:32.790,4.72,1500
2020-08-12 09:32:32.790,4.72,1800
2020-08-12 09:32:32.790,4.72,5300
2020-08-12 09:32:32.880,4.72,3700
2020-08-12 09:32:32.880,4.72,2000
2020-08-12 09:32:32.880,4.72,100
2020-08-12 09:32:32.880,4.72,2200
2020-08-12 09:32:32.880,4.72,500
2020-08-12 09:32:32.880,4.72,500
2020-08-12 09:32:32.880,4.72,2000
2020-08-12 09:32:32.880,4.72,500
2020-08-12 09:32:32.880,4.72,1500
2020-08-12 09:32:33.190,4.721,100
2020-08-12 09:32:33.880,4.721,300
2020-08-12 09:32:34.230,4.721,2000
2020-08-12 09:32:35.120,4.72,500
2020-08-12 09:32:35.120,4.72,300
2020-08-12 09:32:35.120,4.72,5000
2020-08-12 09:32:35.120,4.72,1000
2020-08-12 09:32:35.120,4.72,800
2020-08-12 09:32:35.120,4.72,5000
2020-08-12 09:32:35.120,4.72,200
2020-08-12 09:32:35.120,4.72,500
2020-08-12 09:32:35.120,4.72,11000
2020-08-12 09:32:35.120,4.72,100
2020-08-12 09:32:35.120,4.72,600
2020-08-12 09:32:35.180,4.72,400
2020-08-12 09:32:35.180,4.72,1000
2020-08-12 09:32:35.180,4.72,15000
2020-08-12 09:32:35.180,4.72,2000
2020-08-12 09:32:35.180,4.72,200
2020-08-12 09:32:35.180,4.72,300
2020-08-12 09:32:35.180,4.72,100
2020-08-12 09:32:35.180,4.72,1700
2020-08-12 09:32:35.180,4.72,2000
2020-08-12 09:32:35.180,4.72,200
2020-08-12 09:32:35.180,4.72,2000
2020-08-12 09:32:35.180,4.72,1000
2020-08-12 09:32:35.380,4.72,300
2020-08-12 09:32:35.750,4.72,100
2020-08-12 09:32:35.950,4.72,100
2020-08-12 09:32:36.140,4.719,5000
2020-08-12 09:32:36.140,4.719,100
2020-08-12 09:32:36.140,4.719,1000
2020-08-12 09:32:36.140,4.719,1200
2020-08-12 09:32:36.140,4.719,2000
2020-08-12 09:32:36.140,4.719,10000
2020-08-12 09:32:36.140,4.719,500
2020-08-12 09:32:36.140,4.719,100
2020-08-12 09:32:36.140,4.719,3800
2020-08-12 09:32:36.140,4.719,500
2020-08-12 09:32:36.460,4.719,200
2020-08-12 09:32:36.520,4.719,500
2020-08-12 09:32:36.820,4.719,2700
2020-08-12 09:32:36.820,4.719,200
2020-08-12 09:32:37.040,4.718,100
2020-08-12 09:32:37.040,4.718,4300
2020-08-12 09:32:37.650,4.72,200
2020-08-12 09:32:37.780,4.72,300
2020-08-12 09:32:37.970,4.72,2000
2020-08-12 09:32:38.190,4.72,2000
2020-08-12 09:32:38.260,4.719,200
2020-08-12 09:32:38.720,4.719,23300
2020-08-12 09:32:40.470,4.719,2100
2020-08-12 09:32:40.820,4.719,20000
2020-08-12 09:32:40.820,4.719,200
2020-08-12 09:32:40.980,4.718,5000
2020-08-12 09:32:41.010,4.718,1200
2020-08-12 09:32:41.010,4.718,100
2020-08-12 09:32:41.010,4.718,200
2020-08-12 09:32:41.010,4.718,200
2020-08-12 09:32:41.010,4.719,100
2020-08-12 09:32:41.110,4.719,10000
2020-08-12 09:32:41.210,4.719,10000
2020-08-12 09:32:41.510,4.719,100
2020-08-12 09:32:41.850,4.718,300
2020-08-12 09:32:42.020,4.719,1100
2020-08-12 09:32:42.200,4.718,5300
2020-08-12 09:32:42.200,4.718,12200
2020-08-12 09:32:42.200,4.718,3500
2020-08-12 09:32:42.200,4.718,300
2020-08-12 09:32:42.200,4.718,600
2020-08-12 09:32:42.200,4.718,200
2020-08-12 09:32:42.200,4.718,20000
2020-08-12 09:32:42.200,4.718,50000
2020-08-12 09:32:42.200,4.718,10000
2020-08-12 09:32:42.200,4.718,5000
2020-08-12 09:32:42.200,4.718,3800
2020-08-12 09:32:42.200,4.718,3000
2020-08-12 09:32:42.200,4.718,1300
2020-08-12 09:32:42.200,4.718,400
2020-08-12 09:32:42.350,4.718,4500
2020-08-12 09:32:42.890,4.718,100
2020-08-12 09:32:42.890,4.718,100
2020-08-12 09:32:44.140,4.717,1000
2020-08-12 09:32:44.140,4.717,5000
2020-08-12 09:32:44.140,4.717,10000
2020-08-12 09:32:44.140,4.717,2000
2020-08-12 09:32:44.140,4.717,6000
2020-08-12 09:32:44.140,4.717,3000
2020-08-12 09:32:44.140,4.717,5000
2020-08-12 09:32:44.140,4.717,1000
2020-08-12 09:32:44.140,4.716,1000
2020-08-12 09:32:44.140,4.716,5000
2020-08-12 09:32:44.140,4.716,300
2020-08-12 09:32:44.140,4.716,5000
2020-08-12 09:32:44.140,4.716,140000
2020-08-12 09:32:44.140,4.716,10000
2020-08-12 09:32:44.140,4.716,500
2020-08-12 09:32:44.140,4.716,3700
2020-08-12 09:32:44.140,4.715,100
2020-08-12 09:32:44.140,4.715,11000
2020-08-12 09:32:44.140,4.715,100
2020-08-12 09:32:44.140,4.715,100
2020-08-12 09:32:44.140,4.715,800
2020-08-12 09:32:44.140,4.715,2500
2020-08-12 09:32:44.140,4.715,200
2020-08-12 09:32:44.140,4.715,2500
2020-08-12 09:32:44.140,4.715,100
2020-08-12 09:32:44.140,4.715,600
2020-08-12 09:32:44.140,4.715,200
2020-08-12 09:32:44.140,4.715,4500
2020-08-12 09:32:44.140,4.715,2200
2020-08-12 09:32:44.140,4.715,30000
2020-08-12 09:32:44.140,4.715,5000
2020-08-12 09:32:44.140,4.715,200
2020-08-12 09:32:44.140,4.715,10000
2020-08-12 09:32:44.140,4.715,1000
2020-08-12 09:32:44.140,4.715,5000
2020-08-12 09:32:44.140,4.715,300
2020-08-12 09:32:44.140,4.715,2000
2020-08-12 09:32:44.140,4.715,1000
2020-08-12 09:32:44.140,4.715,2500
2020-08-12 09:32:44.140,4.715,2100
2020-08-12 09:32:44.140,4.715,500
2020-08-12 09:32:44.140,4.714,10000
2020-08-12 09:32:44.140,4.714,10000
2020-08-12 09:32:44.140,4.714,5000
2020-08-12 09:32:44.140,4.714,17900
2020-08-12 09:32:44.460,4.719,23500
2020-08-12 09:32:45.970,4.718,1000
2020-08-12 09:32:46.180,4.718,200
2020-08-12 09:32:46.240,4.713,10000
2020-08-12 09:32:46.240,4.713,10000
2020-08-12 09:32:46.240,4.713,3000
2020-08-12 09:32:46.240,4.713,500
2020-08-12 09:32:46.240,4.713,500
2020-08-12 09:32:46.240,4.713,96000
2020-08-12 09:32:46.550,4.718,500
2020-08-12 09:32:46.970,4.718,25300
2020-08-12 09:32:46.970,4.718,10000
2020-08-12 09:32:46.970,4.718,2500
2020-08-12 09:32:46.970,4.718,1300
2020-08-12 09:32:46.970,4.719,119600
2020-08-12 09:32:47.560,4.718,100
2020-08-12 09:32:47.560,4.718,300
2020-08-12 09:32:47.590,4.715,1000
2020-08-12 09:32:47.590,4.712,5000
2020-08-12 09:32:47.590,4.712,1000
2020-08-12 09:32:47.590,4.712,100
2020-08-12 09:32:47.590,4.712,600
2020-08-12 09:32:47.590,4.712,3600
2020-08-12 09:32:47.590,4.712,300
2020-08-12 09:32:47.590,4.712,10000
2020-08-12 09:32:47.590,4.712,400
2020-08-12 09:32:47.590,4.711,1000
2020-08-12 09:32:47.590,4.711,1000
2020-08-12 09:32:47.590,4.711,1000
2020-08-12 09:32:47.590,4.711,3000
2020-08-12 09:32:47.590,4.711,3000
2020-08-12 09:32:47.590,4.711,3100
2020-08-12 09:32:47.590,4.711,5000
2020-08-12 09:32:47.590,4.711,100
2020-08-12 09:32:47.590,4.711,2000
2020-08-12 09:32:47.590,4.711,500
2020-08-12 09:32:47.590,4.711,10000
2020-08-12 09:32:47.590,4.711,3000
2020-08-12 09:32:47.590,4.711,800
2020-08-12 09:32:47.590,4.711,100
2020-08-12 09:32:47.590,4.711,4000
2020-08-12 09:32:47.590,4.711,100000
2020-08-12 09:32:47.590,4.711,390400
2020-08-12 09:32:48.400,4.713,100000
2020-08-12 09:32:48.670,4.714,6200
2020-08-12 09:32:49.260,4.718,9600
2020-08-12 09:32:49.260,4.719,4900
2020-08-12 09:32:50.660,4.718,2000
2020-08-12 09:32:50.660,4.719,3000
2020-08-12 09:32:50.660,4.719,100
2020-08-12 09:32:50.980,4.716,100
2020-08-12 09:32:50.980,4.715,4900
2020-08-12 09:32:51.170,4.717,5100
2020-08-12 09:32:51.170,4.714,13800
2020-08-12 09:32:51.170,4.714,5000
2020-08-12 09:32:51.170,4.713,19200
2020-08-12 09:32:51.300,4.714,10000
2020-08-12 09:32:51.360,4.715,200
2020-08-12 09:32:51.800,4.719,300
2020-08-12 09:32:52.100,4.715,3800
2020-08-12 09:32:52.100,4.715,5300
2020-08-12 09:32:52.140,4.715,1000
2020-08-12 09:32:52.320,4.714,6600
2020-08-12 09:32:52.320,4.715,600
2020-08-12 09:32:52.610,4.715,7500
2020-08-12 09:32:52.610,4.715,2700
2020-08-12 09:32:52.870,4.716,8600
2020-08-12 09:32:52.870,4.719,57400
2020-08-12 09:32:52.870,4.719,2600
2020-08-12 09:32:52.870,4.719,1200
2020-08-12 09:32:53.040,4.719,1900
2020-08-12 09:32:53.140,4.719,1000
2020-08-12 09:32:53.370,4.716,2100
2020-08-12 09:32:54.040,4.719,2400
2020-08-12 09:32:54.040,4.719,2000
2020-08-12 09:32:54.040,4.719,1300
2020-08-12 09:32:54.040,4.719,10000
2020-08-12 09:32:54.590,4.717,500
2020-08-12 09:32:54.590,4.716,6500
2020-08-12 09:32:54.590,4.715,26300
2020-08-12 09:32:54.950,4.715,38100
2020-08-12 09:32:55.100,4.719,900
2020-08-12 09:32:55.100,4.72,3400
2020-08-12 09:32:55.160,4.715,9100
2020-08-12 09:32:55.410,4.716,3500
2020-08-12 09:32:55.410,4.72,32200
2020-08-12 09:32:55.410,4.72,1000
2020-08-12 09:32:55.410,4.72,4500
2020-08-12 09:32:55.410,4.72,2100
2020-08-12 09:32:55.410,4.72,100
2020-08-12 09:32:55.410,4.721,6100
2020-08-12 09:32:55.410,4.721,2000
2020-08-12 09:32:55.410,4.722,1800
2020-08-12 09:32:55.620,4.715,23300
2020-08-12 09:32:55.920,4.722,5000
2020-08-12 09:32:56.020,4.719,400
2020-08-12 09:32:56.020,4.719,400
2020-08-12 09:32:56.020,4.716,200
2020-08-12 09:32:56.020,4.716,99000
2020-08-12 09:32:56.210,4.722,300
2020-08-12 09:32:57.100,4.72,11800
2020-08-12 09:32:57.800,4.722,400
2020-08-12 09:32:57.960,4.722,700
2020-08-12 09:32:57.960,4.722,1800
2020-08-12 09:32:57.960,4.723,700
2020-08-12 09:32:58.080,4.723,100
2020-08-12 09:32:58.270,4.72,150300
2020-08-12 09:32:58.550,4.72,100000
2020-08-12 09:32:58.810,4.72,9900
2020-08-12 09:32:59.080,4.723,600
2020-08-12 09:32:59.180,4.72,28000
2020-08-12 09:32:59.180,4.719,200
2020-08-12 09:32:59.180,4.719,14100
2020-08-12 09:32:59.380,4.723,300
2020-08-12 09:32:59.600,4.724,2900
2020-08-12 09:32:59.600,4.724,5600
2020-08-12 09:32:59.600,4.725,1500
2020-08-12 09:32:59.660,4.723,100
2020-08-12 09:33:00.180,4.724,4000
2020-08-12 09:33:00.210,4.724,2000
2020-08-12 09:33:01.290,4.724,2500
2020-08-12 09:33:01.290,4.724,5600
2020-08-12 09:33:01.290,4.723,6900
2020-08-12 09:33:01.640,4.723,43100
2020-08-12 09:33:01.720,4.723,4200
2020-08-12 09:33:01.910,4.725,1000
2020-08-12 09:33:01.980,4.723,2000
2020-08-12 09:33:02.050,4.723,15000
2020-08-12 09:33:02.340,4.723,300
2020-08-12 09:33:04.660,4.723,20000
2020-08-12 09:33:05.140,4.728,5000
2020-08-12 09:33:05.750,4.725,500
2020-08-12 09:33:05.790,4.724,5700
2020-08-12 09:33:06.080,4.724,14300
2020-08-12 09:33:06.340,4.724,1800
2020-08-12 09:33:07.040,4.724,200
2020-08-12 09:33:07.160,4.723,209100
2020-08-12 09:33:07.160,4.723,1000
2020-08-12 09:33:07.160,4.723,3000
2020-08-12 09:33:07.440,4.722,100
2020-08-12 09:33:07.440,4.722,100
2020-08-12 09:33:07.440,4.721,600
2020-08-12 09:33:07.440,4.72,178800
2020-08-12 09:33:07.470,4.72,394840
2020-08-12 09:33:07.950,4.723,20000
2020-08-12 09:33:08.400,4.724,100
2020-08-12 09:33:08.650,4.72,65700
2020-08-12 09:33:09.070,4.723,600
2020-08-12 09:33:09.070,4.724,100
2020-08-12 09:33:09.730,4.72,260660
2020-08-12 09:33:09.730,4.72,5000
2020-08-12 09:33:09.730,4.72,700
2020-08-12 09:33:10.110,4.72,2000
2020-08-12 09:33:11.540,4.72,31640
2020-08-12 09:33:11.660,4.722,1000
2020-08-12 09:33:12.090,4.722,600
2020-08-12 09:33:12.270,4.721,2200
2020-08-12 09:33:12.370,4.721,700
2020-08-12 09:33:12.510,4.721,500
2020-08-12 09:33:12.570,4.721,5000
2020-08-12 09:33:12.970,4.721,500
2020-08-12 09:33:13.210,4.72,200
2020-08-12 09:33:13.330,4.721,30000
2020-08-12 09:33:13.430,4.72,18160
2020-08-12 09:33:13.430,4.72,4000
2020-08-12 09:33:13.430,4.72,30000
2020-08-12 09:33:14.080,4.719,1100
2020-08-12 09:33:14.080,4.719,10000
2020-08-12 09:33:14.180,4.718,100
2020-08-12 09:33:14.180,4.718,500
2020-08-12 09:33:14.180,4.718,200
2020-08-12 09:33:14.180,4.717,5100
2020-08-12 09:33:14.180,4.717,72800
2020-08-12 09:33:14.410,4.719,3500
2020-08-12 09:33:14.610,4.716,1000
2020-08-12 09:33:14.610,4.716,500
2020-08-12 09:33:14.610,4.716,1000
2020-08-12 09:33:14.610,4.716,15500
2020-08-12 09:33:14.770,4.719,2000
2020-08-12 09:33:15.020,4.716,36300
2020-08-12 09:33:15.020,4.715,100
2020-08-12 09:33:15.020,4.715,500
2020-08-12 09:33:15.020,4.715,2500
2020-08-12 09:33:15.020,4.715,800
2020-08-12 09:33:15.020,4.715,1500
2020-08-12 09:33:15.020,4.715,100000
2020-08-12 09:33:15.020,4.714,3200
2020-08-12 09:33:15.970,4.717,500
2020-08-12 09:33:16.720,4.717,500
2020-08-12 09:33:16.840,4.717,200
2020-08-12 09:33:17.040,4.717,10000
2020-08-12 09:33:17.070,4.716,10100
2020-08-12 09:33:17.270,4.715,100
2020-08-12 09:33:17.340,4.715,5300
2020-08-12 09:33:17.570,4.715,10000
2020-08-12 09:33:17.640,4.715,2000
2020-08-12 09:33:18.360,4.715,2600
2020-08-12 09:33:18.360,4.715,17400
2020-08-12 09:33:18.390,4.715,10000
2020-08-12 09:33:19.150,4.714,1800
2020-08-12 09:33:19.150,4.714,5000
2020-08-12 09:33:19.690,4.714,21400
2020-08-12 09:33:20.910,4.714,10000
2020-08-12 09:33:20.950,4.713,2000
2020-08-12 09:33:20.950,4.712,1000
2020-08-12 09:33:21.220,4.714,2400
2020-08-12 09:33:21.740,4.716,100
2020-08-12 09:33:21.740,4.716,9900
2020-08-12 09:33:22.080,4.716,1000
2020-08-12 09:33:22.300,4.716,1000
2020-08-12 09:33:22.960,4.715,100
2020-08-12 09:33:22.960,4.715,300
2020-08-12 09:33:22.960,4.714,7600
2020-08-12 09:33:22.960,4.714,2000
2020-08-12 09:33:23.240,4.716,10000
2020-08-12 09:33:23.410,4.716,2000
2020-08-12 09:33:23.630,4.716,10000
2020-08-12 09:33:24.030,4.714,8000
2020-08-12 09:33:24.030,4.714,10000
2020-08-12 09:33:24.030,4.714,2000
2020-08-12 09:33:25.840,4.716,24500
2020-08-12 09:33:25.930,4.716,54600
2020-08-12 09:33:25.930,4.716,10000
2020-08-12 09:33:25.930,4.715,2000
2020-08-12 09:33:25.930,4.714,8000
2020-08-12 09:33:25.930,4.712,3940
2020-08-12 09:33:26.470,4.718,1300
2020-08-12 09:33:27.230,4.715,1200
2020-08-12 09:33:27.290,4.716,10000
2020-08-12 09:33:27.600,4.716,10000
2020-08-12 09:33:27.600,4.715,4400
2020-08-12 09:33:28.280,4.716,10000
2020-08-12 09:33:28.510,4.715,500
2020-08-12 09:33:29.130,4.716,37600
2020-08-12 09:33:29.130,4.716,37300
2020-08-12 09:33:29.190,4.718,1700
2020-08-12 09:33:29.190,4.718,8300
2020-08-12 09:33:29.190,4.718,1700
2020-08-12 09:33:29.190,4.718,1000
2020-08-12 09:33:29.450,4.719,17300
2020-08-12 09:33:29.450,4.716,2700
2020-08-12 09:33:29.750,4.716,6000
2020-08-12 09:33:30.720,4.719,300
2020-08-12 09:33:30.720,4.716,1300
2020-08-12 09:33:30.720,4.716,8300
2020-08-12 09:33:31.290,4.718,900
2020-08-12 09:33:31.850,4.718,100
2020-08-12 09:33:31.850,4.718,7500
2020-08-12 09:33:31.850,4.716,1700
2020-08-12 09:33:31.850,4.716,6200
2020-08-12 09:33:34.160,4.718,100
2020-08-12 09:33:34.160,4.718,500
2020-08-12 09:33:34.160,4.718,4400
2020-08-12 09:33:34.240,4.718,100
2020-08-12 09:33:34.270,4.718,400
2020-08-12 09:33:34.860,4.719,200
2020-08-12 09:33:34.860,4.718,100
2020-08-12 09:33:34.860,4.717,1000
2020-08-12 09:33:34.860,4.717,9500
2020-08-12 09:33:34.960,4.717,28000
2020-08-12 09:33:34.990,4.717,3000
2020-08-12 09:33:35.290,4.72,100
2020-08-12 09:33:36.010,4.718,10000
2020-08-12 09:33:36.280,4.72,1300
2020-08-12 09:33:36.280,4.72,300
2020-08-12 09:33:36.280,4.72,1100
2020-08-12 09:33:37.770,4.72,100
2020-08-12 09:33:38.590,4.718,1300
2020-08-12 09:33:39.190,4.72,1100
2020-08-12 09:33:39.190,4.72,3900
2020-08-12 09:33:39.400,4.72,6000
2020-08-12 09:33:40.520,4.72,2200
2020-08-12 09:33:40.610,4.719,800
2020-08-12 09:33:40.710,4.719,200
2020-08-12 09:33:40.710,4.718,2800
2020-08-12 09:33:41.030,4.718,300
2020-08-12 09:33:41.290,4.718,3900
2020-08-12 09:33:41.290,4.718,4400
2020-08-12 09:33:41.410,4.718,1600
2020-08-12 09:33:41.410,4.718,400
2020-08-12 09:33:42.030,4.718,1000
2020-08-12 09:33:42.310,4.72,700
2020-08-12 09:33:43.130,4.718,5000
2020-08-12 09:33:44.500,4.718,10400
2020-08-12 09:33:44.680,4.718,500
2020-08-12 09:33:44.860,4.719,2400
2020-08-12 09:33:44.860,4.719,3000
2020-08-12 09:33:44.950,4.719,1200
2020-08-12 09:33:44.950,4.719,10000
2020-08-12 09:33:46.170,4.72,2100
2020-08-12 09:33:46.170,4.72,900
2020-08-12 09:33:46.440,4.719,3400
2020-08-12 09:33:46.650,4.718,1000
2020-08-12 09:33:46.680,4.719,300
2020-08-12 09:33:47.080,4.718,41700
2020-08-12 09:33:47.080,4.718,700
2020-08-12 09:33:47.080,4.718,2500
2020-08-12 09:33:47.080,4.718,10000
2020-08-12 09:33:47.080,4.718,86000
2020-08-12 09:33:47.080,4.718,500
2020-08-12 09:33:47.080,4.718,1100
2020-08-12 09:33:47.210,4.719,200
2020-08-12 09:33:47.370,4.718,70000
2020-08-12 09:33:47.680,4.718,5000
2020-08-12 09:33:47.770,4.718,200
2020-08-12 09:33:48.010,4.718,3000
2020-08-12 09:33:48.060,4.718,2900
2020-08-12 09:33:48.470,4.718,700
2020-08-12 09:33:48.500,4.718,2100
2020-08-12 09:33:48.780,4.717,2000
2020-08-12 09:33:48.780,4.717,2000
2020-08-12 09:33:48.780,4.717,2000
2020-08-12 09:33:48.780,4.717,3900
2020-08-12 09:33:48.780,4.717,26100
2020-08-12 09:33:48.780,4.717,200
2020-08-12 09:33:48.780,4.716,3800
2020-08-12 09:33:48.780,4.716,5300
2020-08-12 09:33:48.780,4.716,10000
2020-08-12 09:33:48.780,4.716,10000
2020-08-12 09:33:48.780,4.716,10000
2020-08-12 09:33:48.780,4.716,10000
2020-08-12 09:33:48.780,4.716,10000
2020-08-12 09:33:48.780,4.716,200
2020-08-12 09:33:48.780,4.716,900
2020-08-12 09:33:48.780,4.716,10000
2020-08-12 09:33:48.780,4.716,10000
2020-08-12 09:33:48.780,4.716,23200
2020-08-12 09:33:49.300,4.716,2100
2020-08-12 09:33:49.300,4.718,700
2020-08-12 09:33:49.560,4.717,4300
2020-08-12 09:33:49.860,4.717,100
2020-08-12 09:33:49.860,4.718,500
2020-08-12 09:33:49.860,4.718,2500
2020-08-12 09:33:49.860,4.718,900
2020-08-12 09:33:49.920,4.718,500
2020-08-12 09:33:50.450,4.718,200
2020-08-12 09:33:50.450,4.719,5100
2020-08-12 09:33:50.980,4.719,10000
2020-08-12 09:33:51.420,4.718,5000
2020-08-12 09:33:52.050,4.718,85000
2020-08-12 09:33:52.050,4.717,50000
2020-08-12 09:33:52.050,4.716,99200
2020-08-12 09:33:52.210,4.718,4400
2020-08-12 09:33:53.640,4.718,1000
2020-08-12 09:33:54.290,4.717,100
2020-08-12 09:33:54.290,4.717,200
2020-08-12 09:33:54.290,4.718,9600
2020-08-12 09:33:54.290,4.718,18100
2020-08-12 09:33:54.430,4.719,600
2020-08-12 09:33:54.860,4.719,1000
2020-08-12 09:33:55.370,4.718,2000
2020-08-12 09:33:55.370,4.718,5000
2020-08-12 09:33:55.370,4.718,10000
2020-08-12 09:33:55.800,4.717,6200
2020-08-12 09:33:57.630,4.718,300
2020-08-12 09:33:57.810,4.717,3800
2020-08-12 09:33:57.810,4.717,6400
2020-08-12 09:33:57.810,4.717,2000
2020-08-12 09:33:57.810,4.717,100
2020-08-12 09:33:57.810,4.717,1400
2020-08-12 09:33:58.130,4.718,300
2020-08-12 09:33:58.260,4.718,300
2020-08-12 09:33:58.960,4.718,500
2020-08-12 09:33:58.990,4.718,1600
2020-08-12 09:33:59.270,4.718,300
2020-08-12 09:33:59.870,4.718,300
2020-08-12 09:33:59.870,4.718,10000
2020-08-12 09:33:59.870,4.717,36100
2020-08-12 09:34:00.320,4.719,700
2020-08-12 09:34:00.490,4.718,2000
2020-08-12 09:34:00.580,4.718,500
2020-08-12 09:34:01.470,4.718,200
2020-08-12 09:34:02.170,4.718,500
2020-08-12 09:34:02.170,4.717,400
2020-08-12 09:34:02.170,4.717,1500
2020-08-12 09:34:02.170,4.717,800
2020-08-12 09:34:02.170,4.717,1000
2020-08-12 09:34:02.170,4.717,1800
2020-08-12 09:34:02.680,4.719,9000
2020-08-12 09:34:04.050,4.719,2200
2020-08-12 09:34:04.330,4.719,800
2020-08-12 09:34:04.330,4.719,1000
2020-08-12 09:34:04.330,4.718,3200
2020-08-12 09:34:05.030,4.719,500
2020-08-12 09:34:06.290,4.719,8400
2020-08-12 09:34:06.290,4.719,8600
2020-08-12 09:34:06.290,4.718,11000
2020-08-12 09:34:06.290,4.72,700
2020-08-12 09:34:06.420,4.718,100
2020-08-12 09:34:07.520,4.719,200
2020-08-12 09:34:08.070,4.719,1000
2020-08-12 09:34:08.360,4.718,1000
2020-08-12 09:34:09.520,4.718,8400
2020-08-12 09:34:10.300,4.718,1000
2020-08-12 09:34:10.510,4.718,5300
2020-08-12 09:34:10.510,4.718,4700
2020-08-12 09:34:10.990,4.719,100000
2020-08-12 09:34:11.420,4.719,100
2020-08-12 09:34:12.280,4.719,600
2020-08-12 09:34:12.660,4.719,1900
2020-08-12 09:34:12.940,4.719,100
2020-08-12 09:34:13.120,4.718,5300
2020-08-12 09:34:13.120,4.718,14700
2020-08-12 09:34:13.440,4.719,772100
2020-08-12 09:34:13.440,4.719,3300
2020-08-12 09:34:13.440,4.719,1600
2020-08-12 09:34:15.370,4.719,600
2020-08-12 09:34:15.710,4.719,1300
2020-08-12 09:34:15.800,4.719,18100
2020-08-12 09:34:15.800,4.719,6600
2020-08-12 09:34:16.430,4.719,3400
2020-08-12 09:34:16.430,4.719,700
2020-08-12 09:34:16.430,4.718,6000
2020-08-12 09:34:16.430,4.718,4800
2020-08-12 09:34:17.190,4.718,200
2020-08-12 09:34:17.190,4.718,1000
2020-08-12 09:34:17.190,4.718,500
2020-08-12 09:34:17.190,4.718,200
2020-08-12 09:34:17.190,4.718,3100
2020-08-12 09:34:17.640,4.718,1200
2020-08-12 09:34:18.260,4.72,700
2020-08-12 09:34:18.360,4.719,5000
2020-08-12 09:34:18.750,4.718,1200
2020-08-12 09:34:18.750,4.719,3000
2020-08-12 09:34:19.480,4.719,1000
2020-08-12 09:34:19.730,4.718,13400
2020-08-12 09:34:19.790,4.719,2000
2020-08-12 09:34:20.180,4.719,11500
2020-08-12 09:34:20.630,4.718,28000
2020-08-12 09:34:21.620,4.718,2000
2020-08-12 09:34:21.650,4.718,1100
2020-08-12 09:34:21.650,4.718,200
2020-08-12 09:34:21.650,4.718,3700
2020-08-12 09:34:22.860,4.718,6300
2020-08-12 09:34:22.860,4.718,1500
2020-08-12 09:34:22.860,4.718,200
2020-08-12 09:34:23.390,4.719,3000
2020-08-12 09:34:24.230,4.719,700
2020-08-12 09:34:24.310,4.719,100
2020-08-12 09:34:24.950,4.718,800
2020-08-12 09:34:24.950,4.718,14200
2020-08-12 09:34:26.450,4.718,5000
2020-08-12 09:34:26.850,4.719,200
2020-08-12 09:34:27.350,4.719,2500
2020-08-12 09:34:27.350,4.719,500
2020-08-12 09:34:27.350,4.719,5600
2020-08-12 09:34:27.350,4.719,200
2020-08-12 09:34:27.920,4.72,8100
2020-08-12 09:34:27.920,4.72,500
2020-08-12 09:34:27.920,4.72,11400
2020-08-12 09:34:28.930,4.719,13700
2020-08-12 09:34:28.930,4.719,5000
2020-08-12 09:34:28.930,4.719,500
2020-08-12 09:34:28.930,4.719,25200
2020-08-12 09:34:30.010,4.72,55100
2020-08-12 09:34:30.010,4.72,10000
2020-08-12 09:34:30.010,4.72,500
2020-08-12 09:34:30.010,4.72,3000
2020-08-12 09:34:30.010,4.72,5000
2020-08-12 09:34:30.010,4.72,100
2020-08-12 09:34:30.010,4.72,1700
2020-08-12 09:34:30.010,4.72,6000
2020-08-12 09:34:30.010,4.72,900
2020-08-12 09:34:30.010,4.721,700
2020-08-12 09:34:30.010,4.721,3000
2020-08-12 09:34:30.010,4.722,2200
2020-08-12 09:34:30.010,4.722,2000
2020-08-12 09:34:30.010,4.723,3700
2020-08-12 09:34:30.010,4.719,10600
2020-08-12 09:34:30.550,4.719,2800
2020-08-12 09:34:30.620,4.719,8700
2020-08-12 09:34:30.910,4.72,10000
2020-08-12 09:34:31.440,4.719,500
2020-08-12 09:34:33.510,4.72,500
2020-08-12 09:34:33.510,4.72,5000
2020-08-12 09:34:34.030,4.72,700
2020-08-12 09:34:34.130,4.719,12100
2020-08-12 09:34:34.190,4.72,1000
2020-08-12 09:34:34.940,4.719,3000
2020-08-12 09:34:36.290,4.72,7000
2020-08-12 09:34:36.890,4.72,3000
2020-08-12 09:34:37.160,4.719,4000
2020-08-12 09:34:37.340,4.719,3000
2020-08-12 09:34:37.790,4.72,100000
2020-08-12 09:34:38.530,4.719,100
2020-08-12 09:34:38.600,4.72,4000
2020-08-12 09:34:38.730,4.719,1700
2020-08-12 09:34:38.880,4.72,1000
2020-08-12 09:34:39.020,4.72,2600
2020-08-12 09:34:39.280,4.719,4000
2020-08-12 09:34:39.490,4.719,10100
2020-08-12 09:34:39.490,4.719,700
2020-08-12 09:34:39.490,4.719,300
2020-08-12 09:34:39.490,4.719,3500
2020-08-12 09:34:39.490,4.719,200
2020-08-12 09:34:39.490,4.719,5000
2020-08-12 09:34:39.490,4.719,100
2020-08-12 09:34:39.490,4.719,1000
2020-08-12 09:34:39.490,4.719,2000
2020-08-12 09:34:39.490,4.719,500
2020-08-12 09:34:39.490,4.719,1200
2020-08-12 09:34:39.490,4.719,5400
2020-08-12 09:34:39.570,4.72,50000
2020-08-12 09:34:39.730,4.719,4600
2020-08-12 09:34:40.230,4.719,200
2020-08-12 09:34:40.390,4.719,7000
2020-08-12 09:34:40.500,4.719,500
2020-08-12 09:34:40.660,4.718,700
2020-08-12 09:34:40.660,4.718,4000
2020-08-12 09:34:40.660,4.718,2000
2020-08-12 09:34:40.660,4.718,1000
2020-08-12 09:34:40.660,4.718,5000
2020-08-12 09:34:40.660,4.718,3800
2020-08-12 09:34:40.660,4.718,8000
2020-08-12 09:34:40.660,4.718,1000
2020-08-12 09:34:40.660,4.718,200
2020-08-12 09:34:40.660,4.718,200
2020-08-12 09:34:40.660,4.718,500
2020-08-12 09:34:40.660,4.718,1000
2020-08-12 09:34:40.660,4.718,3800
2020-08-12 09:34:40.660,4.718,200
2020-08-12 09:34:40.660,4.718,10000
2020-08-12 09:34:40.660,4.718,200
2020-08-12 09:34:40.660,4.718,10000
2020-08-12 09:34:40.660,4.718,5000
2020-08-12 09:34:40.660,4.718,1000
2020-08-12 09:34:40.660,4.718,10000
2020-08-12 09:34:40.660,4.718,3100
2020-08-12 09:34:40.660,4.718,500
2020-08-12 09:34:40.660,4.718,200
2020-08-12 09:34:40.660,4.718,1000
2020-08-12 09:34:40.790,4.718,500
2020-08-12 09:34:40.960,4.718,400
2020-08-12 09:34:41.380,4.717,700
2020-08-12 09:34:41.380,4.717,900
2020-08-12 09:34:41.380,4.717,200
2020-08-12 09:34:41.380,4.717,2000
2020-08-12 09:34:41.380,4.717,5000
2020-08-12 09:34:41.380,4.717,200
2020-08-12 09:34:41.380,4.717,5200
2020-08-12 09:34:41.380,4.717,1000
2020-08-12 09:34:41.380,4.717,5200
2020-08-12 09:34:41.380,4.717,5000
2020-08-12 09:34:41.380,4.717,2000
2020-08-12 09:34:41.380,4.717,100
2020-08-12 09:34:41.380,4.717,30600
2020-08-12 09:34:41.380,4.717,20000
2020-08-12 09:34:41.380,4.717,5000
2020-08-12 09:34:41.380,4.717,1500
2020-08-12 09:34:41.380,4.717,100
2020-08-12 09:34:41.380,4.717,5000
2020-08-12 09:34:41.380,4.717,100000
2020-08-12 09:34:41.380,4.717,2000
2020-08-12 09:34:41.380,4.717,50000
2020-08-12 09:34:41.380,4.717,1000
2020-08-12 09:34:41.380,4.717,500
2020-08-12 09:34:41.630,4.716,5200
2020-08-12 09:34:41.630,4.716,3600
2020-08-12 09:34:41.630,4.716,2000
2020-08-12 09:34:41.630,4.716,5400
2020-08-12 09:34:42.050,4.716,44600
2020-08-12 09:34:42.050,4.716,5000
2020-08-12 09:34:42.050,4.716,5000
2020-08-12 09:34:42.050,4.716,200
2020-08-12 09:34:42.050,4.716,600
2020-08-12 09:34:42.050,4.716,1000
2020-08-12 09:34:42.050,4.716,2000
2020-08-12 09:34:42.050,4.716,100
2020-08-12 09:34:42.050,4.716,400
2020-08-12 09:34:42.050,4.716,11000
2020-08-12 09:34:42.050,4.716,2500
2020-08-12 09:34:42.050,4.716,2000
2020-08-12 09:34:42.050,4.716,1100
2020-08-12 09:34:42.050,4.716,10000
2020-08-12 09:34:42.050,4.716,500
2020-08-12 09:34:42.050,4.716,5000
2020-08-12 09:34:42.050,4.716,300
2020-08-12 09:34:42.050,4.716,2000
2020-08-12 09:34:42.050,4.716,2200
2020-08-12 09:34:42.130,4.716,1000
2020-08-12 09:34:42.400,4.716,1000
2020-08-12 09:34:43.130,4.716,2000
2020-08-12 09:34:43.310,4.717,500
2020-08-12 09:34:43.750,4.718,10000
2020-08-12 09:34:43.870,4.718,2000
2020-08-12 09:34:45.120,4.717,1300
2020-08-12 09:34:45.120,4.717,3000
2020-08-12 09:34:45.180,4.717,500
2020-08-12 09:34:45.600,4.717,2000
2020-08-12 09:34:45.660,4.716,20000
2020-08-12 09:34:45.660,4.715,3900
2020-08-12 09:34:45.660,4.715,500
2020-08-12 09:34:45.660,4.715,13400
2020-08-12 09:34:45.660,4.715,20000
2020-08-12 09:34:45.660,4.715,500
2020-08-12 09:34:45.660,4.715,2000
2020-08-12 09:34:45.660,4.715,118300
2020-08-12 09:34:45.660,4.715,1100
2020-08-12 09:34:45.660,4.715,100
2020-08-12 09:34:45.660,4.715,5100
2020-08-12 09:34:45.660,4.715,1400
2020-08-12 09:34:45.660,4.715,500
2020-08-12 09:34:45.660,4.715,3000
2020-08-12 09:34:45.660,4.715,100
2020-08-12 09:34:45.660,4.715,1000
2020-08-12 09:34:45.660,4.715,500
2020-08-12 09:34:45.660,4.715,100
2020-08-12 09:34:45.660,4.715,3000
2020-08-12 09:34:45.660,4.715,5000
2020-08-12 09:34:45.660,4.715,100
2020-08-12 09:34:45.660,4.715,700
2020-08-12 09:34:45.660,4.715,200
2020-08-12 09:34:45.660,4.715,500
2020-08-12 09:34:45.660,4.715,2000
2020-08-12 09:34:45.660,4.715,2000
2020-08-12 09:34:45.660,4.715,1000
2020-08-12 09:34:45.660,4.715,1000
2020-08-12 09:34:45.660,4.715,300
2020-08-12 09:34:45.720,4.715,10000
2020-08-12 09:34:46.500,4.715,5000
2020-08-12 09:34:46.890,4.715,10000
2020-08-12 09:34:47.540,4.715,100
2020-08-12 09:34:48.600,4.714,10000
2020-08-12 09:34:48.600,4.714,3400
2020-08-12 09:34:48.830,4.715,2000
2020-08-12 09:34:48.950,4.715,1000
2020-08-12 09:34:50.900,4.715,700
2020-08-12 09:34:50.930,4.715,300
2020-08-12 09:34:51.640,4.714,1600
2020-08-12 09:34:51.640,4.714,1000
2020-08-12 09:34:51.640,4.714,2000
2020-08-12 09:34:52.330,4.714,6400
2020-08-12 09:34:52.760,4.714,1600
2020-08-12 09:34:52.760,4.714,4400
2020-08-12 09:34:53.330,4.715,600
2020-08-12 09:34:54.090,4.714,5600
2020-08-12 09:34:54.090,4.714,2000
2020-08-12 09:34:54.090,4.714,500
2020-08-12 09:34:54.090,4.714,700
2020-08-12 09:34:54.150,4.713,1000
2020-08-12 09:34:54.240,4.714,200
2020-08-12 09:34:54.590,4.714,5200
2020-08-12 09:34:55.220,4.714,4800
2020-08-12 09:34:55.220,4.715,63000
2020-08-12 09:34:55.220,4.715,48000
2020-08-12 09:34:56.000,4.715,200
2020-08-12 09:34:56.070,4.715,4600
2020-08-12 09:34:56.840,4.714,600
2020-08-12 09:34:57.640,4.715,100
2020-08-12 09:34:58.210,4.715,100
2020-08-12 09:34:58.210,4.715,6800
2020-08-12 09:34:58.210,4.714,1400
2020-08-12 09:34:58.210,4.714,1600
2020-08-12 09:34:59.930,4.715,2000
2020-08-12 09:34:59.930,4.715,100
2020-08-12 09:34:59.930,4.715,100
2020-08-12 09:34:59.930,4.715,300
2020-08-12 09:35:00.180,4.715,100
2020-08-12 09:35:00.460,4.714,400
2020-08-12 09:35:00.460,4.714,3100
2020-08-12 09:35:00.610,4.714,6000
2020-08-12 09:35:00.610,4.714,500
2020-08-12 09:35:00.610,4.715,29500
2020-08-12 09:35:01.110,4.715,5000
2020-08-12 09:35:01.200,4.715,10300
2020-08-12 09:35:01.300,4.715,2500
2020-08-12 09:35:01.520,4.714,200
2020-08-12 09:35:01.840,4.715,2000
2020-08-12 09:35:02.080,4.714,800
2020-08-12 09:35:02.170,4.715,10000
2020-08-12 09:35:02.230,4.715,5300
2020-08-12 09:35:02.490,4.715,100
2020-08-12 09:35:03.530,4.714,500
2020-08-12 09:35:03.530,4.715,2200
2020-08-12 09:35:03.860,4.713,4000
2020-08-12 09:35:03.860,4.713,6000
2020-08-12 09:35:03.860,4.713,1100
2020-08-12 09:35:03.860,4.713,4000
2020-08-12 09:35:03.860,4.713,500
2020-08-12 09:35:03.860,4.713,500
2020-08-12 09:35:03.860,4.713,1000
2020-08-12 09:35:03.860,4.713,200
2020-08-12 09:35:03.860,4.713,20000
2020-08-12 09:35:03.860,4.713,7700
2020-08-12 09:35:03.860,4.713,200
2020-08-12 09:35:03.860,4.713,200
2020-08-12 09:35:03.860,4.712,60
2020-08-12 09:35:03.860,4.712,400
2020-08-12 09:35:03.860,4.712,500
2020-08-12 09:35:03.860,4.712,2500
2020-08-12 09:35:03.860,4.712,10000
2020-08-12 09:35:03.860,4.712,1000
2020-08-12 09:35:03.860,4.712,140
2020-08-12 09:35:04.250,4.715,200
2020-08-12 09:35:04.770,4.715,1000
2020-08-12 09:35:05.090,4.714,1000
2020-08-12 09:35:05.260,4.715,300
2020-08-12 09:35:05.480,4.715,100
2020-08-12 09:35:05.700,4.715,5000
2020-08-12 09:35:05.760,4.713,500
2020-08-12 09:35:05.980,4.713,500
2020-08-12 09:35:05.980,4.714,500
2020-08-12 09:35:06.070,4.714,1200
2020-08-12 09:35:06.970,4.713,200
2020-08-12 09:35:06.970,4.714,9800
2020-08-12 09:35:07.310,4.714,5000
2020-08-12 09:35:07.340,4.714,5000
2020-08-12 09:35:07.970,4.714,800
2020-08-12 09:35:08.000,4.713,5000
2020-08-12 09:35:09.700,4.712,1860
2020-08-12 09:35:09.700,4.712,100
2020-08-12 09:35:09.700,4.712,2000
2020-08-12 09:35:09.700,4.712,1000
2020-08-12 09:35:09.700,4.712,30000
2020-08-12 09:35:09.700,4.712,5000
2020-08-12 09:35:09.700,4.712,2000
2020-08-12 09:35:09.700,4.712,100
2020-08-12 09:35:09.700,4.712,2000
2020-08-12 09:35:09.700,4.712,600
2020-08-12 09:35:09.700,4.712,1100
2020-08-12 09:35:09.700,4.712,100
2020-08-12 09:35:09.700,4.712,10000
2020-08-12 09:35:09.700,4.712,2000
2020-08-12 09:35:09.860,4.712,1000
2020-08-12 09:35:09.860,4.712,20000
2020-08-12 09:35:10.100,4.712,5000
2020-08-12 09:35:11.100,4.711,50000
2020-08-12 09:35:11.100,4.711,11800
2020-08-12 09:35:11.100,4.711,15000
2020-08-12 09:35:11.100,4.711,100
2020-08-12 09:35:11.100,4.711,41200
2020-08-12 09:35:11.170,4.711,8800
2020-08-12 09:35:11.170,4.711,10000
2020-08-12 09:35:11.170,4.711,3000
2020-08-12 09:35:11.170,4.711,20000
2020-08-12 09:35:11.170,4.711,200
2020-08-12 09:35:11.170,4.711,4000
2020-08-12 09:35:11.170,4.711,200
2020-08-12 09:35:11.170,4.711,4000
2020-08-12 09:35:11.170,4.711,3000
2020-08-12 09:35:11.460,4.711,100
2020-08-12 09:35:11.590,4.711,100
2020-08-12 09:35:12.030,4.711,200
2020-08-12 09:35:12.210,4.711,5300
2020-08-12 09:35:13.440,4.711,6000
2020-08-12 09:35:13.560,4.711,500
2020-08-12 09:35:13.850,4.71,100
2020-08-12 09:35:13.850,4.71,1000
2020-08-12 09:35:13.850,4.71,2200
2020-08-12 09:35:13.850,4.71,6700
2020-08-12 09:35:13.940,4.711,20000
2020-08-12 09:35:14.030,4.711,500
2020-08-12 09:35:14.030,4.711,100
2020-08-12 09:35:14.360,4.711,300
2020-08-12 09:35:14.490,4.711,5000
2020-08-12 09:35:14.730,4.711,1400
2020-08-12 09:35:15.170,4.711,300
2020-08-12 09:35:15.230,4.711,6000
2020-08-12 09:35:15.530,4.711,2800
2020-08-12 09:35:16.530,4.711,10000
2020-08-12 09:35:16.910,4.71,1700
2020-08-12 09:35:16.910,4.71,300
2020-08-12 09:35:17.260,4.71,4700
2020-08-12 09:35:17.260,4.71,100
2020-08-12 09:35:17.260,4.71,200
2020-08-12 09:35:17.290,4.71,3800
2020-08-12 09:35:17.290,4.71,1200
2020-08-12 09:35:17.360,4.711,1000
2020-08-12 09:35:17.460,4.71,9800
2020-08-12 09:35:17.460,4.71,100
2020-08-12 09:35:17.460,4.71,100
2020-08-12 09:35:17.460,4.71,1300
2020-08-12 09:35:17.460,4.71,3000
2020-08-12 09:35:17.460,4.71,2800
2020-08-12 09:35:17.460,4.71,300
2020-08-12 09:35:17.460,4.71,5500
2020-08-12 09:35:17.460,4.71,500
2020-08-12 09:35:17.460,4.71,1000
2020-08-12 09:35:17.460,4.71,8000
2020-08-12 09:35:17.460,4.71,2100
2020-08-12 09:35:17.460,4.71,200
2020-08-12 09:35:17.460,4.71,100
2020-08-12 09:35:17.460,4.71,2500
2020-08-12 09:35:17.460,4.71,200
2020-08-12 09:35:17.460,4.71,400
2020-08-12 09:35:17.460,4.71,1000
2020-08-12 09:35:17.460,4.71,1000
2020-08-12 09:35:17.460,4.71,2000
2020-08-12 09:35:17.460,4.71,200
2020-08-12 09:35:17.460,4.71,10000
2020-08-12 09:35:17.460,4.71,1100
2020-08-12 09:35:17.460,4.71,1000
2020-08-12 09:35:17.460,4.71,200
2020-08-12 09:35:17.460,4.71,100
2020-08-12 09:35:17.460,4.71,20000
2020-08-12 09:35:17.460,4.71,4200
2020-08-12 09:35:17.460,4.71,1500
2020-08-12 09:35:17.460,4.71,200
2020-08-12 09:35:17.460,4.71,600
2020-08-12 09:35:17.460,4.71,100
2020-08-12 09:35:17.460,4.71,3000
2020-08-12 09:35:17.460,4.71,2000
2020-08-12 09:35:17.460,4.71,10000
2020-08-12 09:35:17.460,4.71,3000
2020-08-12 09:35:17.460,4.71,900
2020-08-12 09:35:17.460,4.711,100
2020-08-12 09:35:17.820,4.711,10000
2020-08-12 09:35:17.950,4.711,10000
2020-08-12 09:35:18.250,4.711,2000
2020-08-12 09:35:19.210,4.711,1600
2020-08-12 09:35:19.240,4.711,5400
2020-08-12 09:35:19.280,4.711,3000
2020-08-12 09:35:19.460,4.71,3300
2020-08-12 09:35:19.910,4.71,800
2020-08-12 09:35:19.910,4.71,2100
2020-08-12 09:35:19.910,4.71,5000
2020-08-12 09:35:19.910,4.71,2100
2020-08-12 09:35:20.330,4.71,2100
2020-08-12 09:35:20.330,4.71,7900
2020-08-12 09:35:20.600,4.711,200
2020-08-12 09:35:20.660,4.711,200
2020-08-12 09:35:20.800,4.71,7100
2020-08-12 09:35:20.800,4.71,5000
2020-08-12 09:35:20.800,4.71,2000
2020-08-12 09:35:20.800,4.71,4000
2020-08-12 09:35:20.800,4.71,700
2020-08-12 09:35:20.800,4.71,1200
2020-08-12 09:35:20.920,4.71,3800
2020-08-12 09:35:20.920,4.71,1700
2020-08-12 09:35:20.920,4.71,100
2020-08-12 09:35:20.920,4.71,200
2020-08-12 09:35:20.920,4.71,4200
2020-08-12 09:35:20.980,4.711,200
2020-08-12 09:35:21.130,4.711,1100
2020-08-12 09:35:21.520,4.711,20000
2020-08-12 09:35:22.040,4.711,200
2020-08-12 09:35:22.130,4.711,50000
2020-08-12 09:35:22.530,4.71,800
2020-08-12 09:35:22.530,4.71,2500
2020-08-12 09:35:22.590,4.71,17500
2020-08-12 09:35:22.590,4.71,100
2020-08-12 09:35:22.590,4.71,5000
2020-08-12 09:35:22.590,4.71,1000
2020-08-12 09:35:22.590,4.71,1000
2020-08-12 09:35:22.590,4.71,200
2020-08-12 09:35:22.590,4.71,300
2020-08-12 09:35:22.590,4.71,200
2020-08-12 09:35:22.590,4.71,500
2020-08-12 09:35:22.590,4.71,100
2020-08-12 09:35:22.590,4.71,2000
2020-08-12 09:35:22.590,4.71,500
2020-08-12 09:35:22.590,4.71,1000
2020-08-12 09:35:22.590,4.71,900
2020-08-12 09:35:22.590,4.71,2000
2020-08-12 09:35:22.590,4.71,10000
2020-08-12 09:35:22.590,4.71,1000
2020-08-12 09:35:22.590,4.71,500
2020-08-12 09:35:22.590,4.71,1500
2020-08-12 09:35:22.590,4.71,800
2020-08-12 09:35:22.590,4.71,100
2020-08-12 09:35:22.590,4.71,500
2020-08-12 09:35:22.590,4.71,1000
2020-08-12 09:35:22.590,4.71,5000
2020-08-12 09:35:22.590,4.71,300
2020-08-12 09:35:22.590,4.71,2000
2020-08-12 09:35:22.590,4.71,30000
2020-08-12 09:35:22.590,4.71,300
2020-08-12 09:35:22.590,4.71,200
2020-08-12 09:35:22.590,4.71,2000
2020-08-12 09:35:22.590,4.71,1000
2020-08-12 09:35:22.590,4.71,500
2020-08-12 09:35:22.590,4.71,1000
2020-08-12 09:35:22.590,4.71,200
2020-08-12 09:35:22.590,4.71,34200
2020-08-12 09:35:22.590,4.711,500
2020-08-12 09:35:22.620,4.711,1100
2020-08-12 09:35:22.840,4.71,200
2020-08-12 09:35:22.840,4.711,1100
2020-08-12 09:35:23.270,4.71,21800
2020-08-12 09:35:23.620,4.711,3000
2020-08-12 09:35:23.900,4.711,10000
2020-08-12 09:35:24.070,4.711,200
2020-08-12 09:35:24.290,4.711,200
2020-08-12 09:35:24.340,4.711,1100
2020-08-12 09:35:24.700,4.71,22500
2020-08-12 09:35:24.830,4.711,86700
2020-08-12 09:35:25.680,4.71,3500
2020-08-12 09:35:25.710,4.71,2000
2020-08-12 09:35:25.780,4.711,1000
2020-08-12 09:35:25.840,4.711,1000
2020-08-12 09:35:25.870,4.711,500
2020-08-12 09:35:26.060,4.71,6800
2020-08-12 09:35:26.090,4.711,5000
2020-08-12 09:35:26.350,4.711,1000
2020-08-12 09:35:27.540,4.71,300
2020-08-12 09:35:27.670,4.71,300
2020-08-12 09:35:27.760,4.711,300
2020-08-12 09:35:29.090,4.711,29400
2020-08-12 09:35:29.090,4.711,23200
2020-08-12 09:35:29.120,4.71,2000
2020-08-12 09:35:29.320,4.71,3400
2020-08-12 09:35:29.450,4.71,3000
2020-08-12 09:35:29.450,4.71,1000
2020-08-12 09:35:29.450,4.71,500
2020-08-12 09:35:29.450,4.71,1000
2020-08-12 09:35:29.450,4.71,6400
2020-08-12 09:35:29.510,4.712,25000
2020-08-12 09:35:29.510,4.712,59100
2020-08-12 09:35:29.510,4.712,443400
2020-08-12 09:35:29.970,4.711,1700
2020-08-12 09:35:29.970,4.71,1600
2020-08-12 09:35:29.970,4.71,1700
2020-08-12 09:35:29.970,4.71,2000
2020-08-12 09:35:29.970,4.71,2000
2020-08-12 09:35:29.970,4.71,200
2020-08-12 09:35:30.360,4.711,900
2020-08-12 09:35:30.360,4.71,800
2020-08-12 09:35:30.360,4.71,2300
2020-08-12 09:35:30.600,4.71,2700
2020-08-12 09:35:30.600,4.71,2000
2020-08-12 09:35:30.600,4.71,15300
2020-08-12 09:35:31.670,4.711,1000
2020-08-12 09:35:32.960,4.712,5000
2020-08-12 09:35:34.270,4.712,15000
2020-08-12 09:35:34.270,4.711,5000
2020-08-12 09:35:34.630,4.713,4400
2020-08-12 09:35:34.630,4.713,100
2020-08-12 09:35:34.630,4.713,100
2020-08-12 09:35:34.630,4.713,5400
2020-08-12 09:35:34.730,4.713,14300
2020-08-12 09:35:35.190,4.713,2800
2020-08-12 09:35:35.420,4.713,300
2020-08-12 09:35:35.490,4.714,5600
2020-08-12 09:35:35.660,4.714,10000
2020-08-12 09:35:36.100,4.713,6900
2020-08-12 09:35:36.100,4.712,3100
2020-08-12 09:35:36.200,4.714,40000
2020-08-12 09:35:36.200,4.714,3700
2020-08-12 09:35:37.460,4.715,1000
2020-08-12 09:35:37.830,4.715,100
2020-08-12 09:35:38.180,4.714,92200
2020-08-12 09:35:38.300,4.715,22800
2020-08-12 09:35:39.910,4.715,5100
2020-08-12 09:35:40.130,4.715,5100
2020-08-12 09:35:40.400,4.715,186800
2020-08-12 09:35:40.400,4.715,6400
2020-08-12 09:35:40.400,4.715,1700
2020-08-12 09:35:40.400,4.715,6600
2020-08-12 09:35:40.400,4.715,700
2020-08-12 09:35:40.400,4.715,800
2020-08-12 09:35:40.400,4.715,1000
2020-08-12 09:35:40.400,4.715,50800
2020-08-12 09:35:40.400,4.715,10000
2020-08-12 09:35:40.400,4.716,2000
2020-08-12 09:35:40.400,4.716,500
2020-08-12 09:35:40.400,4.716,100
2020-08-12 09:35:40.400,4.716,32600
2020-08-12 09:35:40.640,4.715,2000
2020-08-12 09:35:40.640,4.715,100
2020-08-12 09:35:40.640,4.715,48700
2020-08-12 09:35:40.860,4.716,200
2020-08-12 09:35:40.890,4.716,5100
2020-08-12 09:35:41.110,4.716,5100
2020-08-12 09:35:41.140,4.715,6105
2020-08-12 09:35:41.250,4.715,100
2020-08-12 09:35:41.310,4.715,1500
2020-08-12 09:35:41.310,4.716,2500
2020-08-12 09:35:41.340,4.715,23900
2020-08-12 09:35:41.760,4.716,4500
2020-08-12 09:35:41.760,4.718,30700
2020-08-12 09:35:41.760,4.718,50800
2020-08-12 09:35:41.860,4.718,400
2020-08-12 09:35:42.160,4.718,100
2020-08-12 09:35:42.370,4.718,2000
2020-08-12 09:35:44.070,4.718,3000
2020-08-12 09:35:44.070,4.718,5100
2020-08-12 09:35:44.070,4.716,6000
2020-08-12 09:35:44.070,4.716,2500
2020-08-12 09:35:44.700,4.716,1000
2020-08-12 09:35:45.220,4.719,100
2020-08-12 09:35:45.220,4.719,1200
2020-08-12 09:35:47.450,4.717,600
2020-08-12 09:35:49.170,4.718,1000
2020-08-12 09:35:49.640,4.719,1200
2020-08-12 09:35:49.830,4.719,10000
2020-08-12 09:35:50.150,4.718,6500
2020-08-12 09:35:50.150,4.717,1400
2020-08-12 09:35:50.150,4.716,16500
2020-08-12 09:35:50.150,4.716,5000
2020-08-12 09:35:50.150,4.716,20600
2020-08-12 09:35:50.640,4.716,4900
2020-08-12 09:35:51.140,4.719,3000
2020-08-12 09:35:51.320,4.718,5000
2020-08-12 09:35:52.130,4.719,3000
2020-08-12 09:35:52.960,4.719,800
2020-08-12 09:35:53.090,4.718,8600
2020-08-12 09:35:53.830,4.717,8000
2020-08-12 09:35:53.900,4.719,4900
2020-08-12 09:35:55.370,4.719,100
2020-08-12 09:35:56.100,4.716,99200
2020-08-12 09:35:56.100,4.716,112400
2020-08-12 09:35:56.100,4.716,4200
2020-08-12 09:35:56.100,4.716,5000
2020-08-12 09:35:56.100,4.716,3000
2020-08-12 09:35:56.100,4.716,5000
2020-08-12 09:35:56.100,4.716,300
2020-08-12 09:35:56.100,4.716,3000
2020-08-12 09:35:56.100,4.716,16900
2020-08-12 09:35:56.100,4.716,10000
2020-08-12 09:35:56.240,4.716,41000
2020-08-12 09:35:56.240,4.719,2600
2020-08-12 09:35:56.240,4.719,1200
2020-08-12 09:35:56.240,4.719,3000
2020-08-12 09:35:56.240,4.72,11000
2020-08-12 09:35:56.240,4.72,30040
2020-08-12 09:35:56.240,4.72,30000
2020-08-12 09:35:56.240,4.72,200
2020-08-12 09:35:56.240,4.721,217360
2020-08-12 09:35:56.690,4.72,1700
2020-08-12 09:35:56.810,4.72,3300
2020-08-12 09:35:56.810,4.72,1700
2020-08-12 09:35:57.610,4.72,300
2020-08-12 09:35:57.840,4.719,400
2020-08-12 09:35:57.840,4.719,4800
2020-08-12 09:35:57.840,4.717,700
2020-08-12 09:35:57.840,4.715,10000
2020-08-12 09:35:58.960,4.72,3000
2020-08-12 09:35:59.110,4.719,10000
2020-08-12 09:35:59.690,4.721,7700
2020-08-12 09:36:01.900,4.721,400
2020-08-12 09:36:03.200,4.72,400
2020-08-12 09:36:03.780,4.719,8900
2020-08-12 09:36:04.710,4.72,10000
2020-08-12 09:36:05.730,4.72,1700
2020-08-12 09:36:06.030,4.72,400
2020-08-12 09:36:06.740,4.72,1100
2020-08-12 09:36:07.550,4.72,3600
2020-08-12 09:36:08.100,4.72,10300
2020-08-12 09:36:08.100,4.721,1700
2020-08-12 09:36:08.340,4.72,2500
2020-08-12 09:36:08.370,4.721,100
2020-08-12 09:36:08.560,4.721,5000
2020-08-12 09:36:09.120,4.721,12000
2020-08-12 09:36:10.520,4.721,5300
2020-08-12 09:36:10.840,4.72,800
2020-08-12 09:36:11.190,4.721,25500
2020-08-12 09:36:11.190,4.721,100
2020-08-12 09:36:11.190,4.723,2900
2020-08-12 09:36:11.190,4.723,1100
2020-08-12 09:36:11.190,4.723,297300
2020-08-12 09:36:11.920,4.724,600
2020-08-12 09:36:14.640,4.722,500
2020-08-12 09:36:14.860,4.722,300
2020-08-12 09:36:14.950,4.722,100
2020-08-12 09:36:15.670,4.723,8100
2020-08-12 09:36:15.670,4.725,200
2020-08-12 09:36:15.670,4.725,2500
2020-08-12 09:36:15.670,4.725,279200
2020-08-12 09:36:15.960,4.722,1400
2020-08-12 09:36:17.210,4.724,6800
2020-08-12 09:36:18.130,4.725,10800
2020-08-12 09:36:18.920,4.725,50000
2020-08-12 09:36:18.980,4.725,3100
2020-08-12 09:36:19.470,4.725,14400
2020-08-12 09:36:20.060,4.725,15600
2020-08-12 09:36:20.390,4.728,600
2020-08-12 09:36:20.390,4.729,1700
2020-08-12 09:36:20.790,4.727,600
2020-08-12 09:36:21.490,4.727,2000
2020-08-12 09:36:22.040,4.729,5000
2020-08-12 09:36:22.130,4.727,100
2020-08-12 09:36:22.280,4.727,100
2020-08-12 09:36:22.520,4.727,500
2020-08-12 09:36:22.980,4.73,1300
2020-08-12 09:36:23.150,4.73,300
2020-08-12 09:36:23.210,4.728,2000
2020-08-12 09:36:23.430,4.728,100
2020-08-12 09:36:23.620,4.729,100
2020-08-12 09:36:23.780,4.728,100
2020-08-12 09:36:24.310,4.729,100
2020-08-12 09:36:24.950,4.728,97800
2020-08-12 09:36:24.950,4.727,2200
2020-08-12 09:36:24.950,4.73,600
2020-08-12 09:36:25.870,4.727,2000
2020-08-12 09:36:26.050,4.727,100
2020-08-12 09:36:26.320,4.727,2000
2020-08-12 09:36:26.730,4.727,1700
2020-08-12 09:36:26.800,4.727,1300
2020-08-12 09:36:26.800,4.727,1700
2020-08-12 09:36:26.800,4.728,3300
2020-08-12 09:36:27.190,4.726,50000
2020-08-12 09:36:27.190,4.726,200000
2020-08-12 09:36:27.190,4.726,50100
2020-08-12 09:36:27.250,4.726,4100
2020-08-12 09:36:27.280,4.726,300
2020-08-12 09:36:27.800,4.725,100
2020-08-12 09:36:27.800,4.725,200
2020-08-12 09:36:27.800,4.725,100
2020-08-12 09:36:28.700,4.724,100
2020-08-12 09:36:29.100,4.723,100000
2020-08-12 09:36:29.950,4.724,4000
2020-08-12 09:36:31.900,4.723,100
2020-08-12 09:36:31.960,4.723,5100
2020-08-12 09:36:31.960,4.723,20000
2020-08-12 09:36:31.960,4.723,21300
2020-08-12 09:36:32.130,4.722,700
2020-08-12 09:36:32.130,4.722,5000
2020-08-12 09:36:32.130,4.722,10000
2020-08-12 09:36:32.130,4.722,500
2020-08-12 09:36:32.130,4.723,4800
2020-08-12 09:36:32.490,4.721,700
2020-08-12 09:36:32.490,4.721,100
2020-08-12 09:36:32.490,4.721,100
2020-08-12 09:36:32.490,4.721,5000
2020-08-12 09:36:32.490,4.721,100
2020-08-12 09:36:32.490,4.721,20000
2020-08-12 09:36:33.070,4.722,2500
2020-08-12 09:36:33.260,4.722,2500
2020-08-12 09:36:33.260,4.723,7500
2020-08-12 09:36:33.390,4.722,10000
2020-08-12 09:36:33.490,4.72,8600
2020-08-12 09:36:33.970,4.723,100
2020-08-12 09:36:34.460,4.722,2000
2020-08-12 09:36:34.460,4.723,4300
2020-08-12 09:36:35.080,4.722,600
2020-08-12 09:36:35.990,4.721,200
2020-08-12 09:36:35.990,4.72,1400
2020-08-12 09:36:35.990,4.72,10000
2020-08-12 09:36:35.990,4.72,10600
2020-08-12 09:36:35.990,4.72,10000
2020-08-12 09:36:35.990,4.72,10000
2020-08-12 09:36:35.990,4.72,100
2020-08-12 09:36:37.570,4.722,1400
2020-08-12 09:36:37.570,4.723,6600
2020-08-12 09:36:38.800,4.722,500
2020-08-12 09:36:38.920,4.722,1200
2020-08-12 09:36:39.190,4.722,8800
2020-08-12 09:36:39.550,4.722,500
2020-08-12 09:36:39.610,4.723,4200
2020-08-12 09:36:39.970,4.722,18600
2020-08-12 09:36:39.990,4.723,170800
2020-08-12 09:36:40.260,4.723,5000
2020-08-12 09:36:40.410,4.723,2000
2020-08-12 09:36:40.570,4.722,1000
2020-08-12 09:36:40.690,4.722,300
2020-08-12 09:36:41.190,4.723,1000
2020-08-12 09:36:41.490,4.722,2000
2020-08-12 09:36:41.560,4.723,72400
2020-08-12 09:36:41.560,4.723,900
2020-08-12 09:36:41.560,4.723,1200
2020-08-12 09:36:41.560,4.723,2000
2020-08-12 09:36:41.560,4.724,39500
2020-08-12 09:36:41.560,4.724,100000
2020-08-12 09:36:41.560,4.724,7200
2020-08-12 09:36:42.140,4.725,50800
2020-08-12 09:36:43.820,4.726,5000
2020-08-12 09:36:44.070,4.725,600
2020-08-12 09:36:44.070,4.726,45800
2020-08-12 09:36:44.190,4.727,5000
2020-08-12 09:36:44.190,4.728,7000
2020-08-12 09:36:44.190,4.728,200
2020-08-12 09:36:44.190,4.728,2500
2020-08-12 09:36:44.190,4.728,300
2020-08-12 09:36:44.190,4.728,100000
2020-08-12 09:36:44.190,4.729,1000
2020-08-12 09:36:44.190,4.729,30000
2020-08-12 09:36:44.190,4.729,200
2020-08-12 09:36:44.190,4.729,148800
2020-08-12 09:36:45.680,4.726,100
2020-08-12 09:36:47.860,4.723,500
2020-08-12 09:36:49.880,4.726,5000
2020-08-12 09:36:51.590,4.724,10800
2020-08-12 09:36:51.590,4.723,4200
2020-08-12 09:36:53.010,4.726,2000
2020-08-12 09:36:55.260,4.725,100
2020-08-12 09:36:55.830,4.724,1500
2020-08-12 09:36:55.830,4.725,10000
2020-08-12 09:36:56.070,4.723,5300
2020-08-12 09:36:56.070,4.723,10000
2020-08-12 09:36:56.070,4.723,10000
2020-08-12 09:36:56.070,4.723,10000
2020-08-12 09:36:56.070,4.723,1500
2020-08-12 09:36:56.070,4.723,10000
2020-08-12 09:36:56.070,4.723,10000
2020-08-12 09:36:56.070,4.723,100
2020-08-12 09:36:56.070,4.723,100
2020-08-12 09:36:56.070,4.723,500
2020-08-12 09:36:56.070,4.723,100
2020-08-12 09:36:56.640,4.724,20000
2020-08-12 09:36:57.160,4.724,5000
2020-08-12 09:36:57.180,4.724,1000
2020-08-12 09:36:58.530,4.724,7600
2020-08-12 09:36:58.560,4.724,1100
2020-08-12 09:36:59.060,4.725,1000
2020-08-12 09:36:59.310,4.725,3000
2020-08-12 09:37:00.170,4.725,15900
2020-08-12 09:37:00.170,4.725,100
2020-08-12 09:37:00.200,4.725,1900
2020-08-12 09:37:00.200,4.725,3100
2020-08-12 09:37:01.310,4.723,4000
2020-08-12 09:37:04.190,4.725,200
2020-08-12 09:37:04.220,4.725,4300
2020-08-12 09:37:04.220,4.725,700
2020-08-12 09:37:04.960,4.723,700
2020-08-12 09:37:05.610,4.725,200
2020-08-12 09:37:05.840,4.723,500
2020-08-12 09:37:05.870,4.725,1100
2020-08-12 09:37:05.870,4.725,2000
2020-08-12 09:37:06.110,4.725,5000
2020-08-12 09:37:06.390,4.725,2000
2020-08-12 09:37:09.110,4.726,200
2020-08-12 09:37:09.290,4.725,600
2020-08-12 09:37:09.460,4.726,12800
2020-08-12 09:37:09.460,4.726,2000
2020-08-12 09:37:09.460,4.726,50300
2020-08-12 09:37:09.460,4.726,5000
2020-08-12 09:37:09.460,4.726,5000
2020-08-12 09:37:09.460,4.726,400
2020-08-12 09:37:09.960,4.726,1400
2020-08-12 09:37:10.220,4.727,3000
2020-08-12 09:37:10.320,4.726,2000
2020-08-12 09:37:15.970,4.727,15000
2020-08-12 09:37:15.970,4.727,5000
2020-08-12 09:37:17.370,4.727,10000
2020-08-12 09:37:17.410,4.726,21100
2020-08-12 09:37:17.410,4.726,1100
2020-08-12 09:37:17.410,4.726,100
2020-08-12 09:37:17.410,4.726,9000
2020-08-12 09:37:17.410,4.726,5000
2020-08-12 09:37:17.510,4.725,1000
2020-08-12 09:37:18.910,4.726,100
2020-08-12 09:37:19.120,4.725,100
2020-08-12 09:37:20.560,4.726,100
2020-08-12 09:37:21.090,4.726,4000
2020-08-12 09:37:21.200,4.725,62800
2020-08-12 09:37:21.200,4.725,20000
2020-08-12 09:37:21.200,4.725,2500
2020-08-12 09:37:21.200,4.725,10800
2020-08-12 09:37:21.200,4.725,50000
2020-08-12 09:37:21.200,4.725,10000
2020-08-12 09:37:21.200,4.725,2000
2020-08-12 09:37:21.200,4.725,2000
2020-08-12 09:37:21.200,4.725,2000
2020-08-12 09:37:21.200,4.725,2000
2020-08-12 09:37:21.200,4.725,300
2020-08-12 09:37:21.390,4.725,500
2020-08-12 09:37:21.810,4.725,200
2020-08-12 09:37:21.870,4.724,19300
2020-08-12 09:37:21.870,4.723,700
2020-08-12 09:37:23.620,4.724,100
2020-08-12 09:37:23.620,4.724,500
2020-08-12 09:37:23.620,4.725,1400
2020-08-12 09:37:24.650,4.725,500
2020-08-12 09:37:24.920,4.725,4900
2020-08-12 09:37:25.010,4.725,200
2020-08-12 09:37:25.450,4.724,700
2020-08-12 09:37:25.600,4.725,10000
2020-08-12 09:37:26.130,4.725,10000
2020-08-12 09:37:26.160,4.725,3500
2020-08-12 09:37:26.320,4.724,300
2020-08-12 09:37:27.010,4.724,600
2020-08-12 09:37:29.420,4.723,1800
2020-08-12 09:37:29.420,4.723,1200
2020-08-12 09:37:29.480,4.723,12300
2020-08-12 09:37:29.930,4.724,100
2020-08-12 09:37:29.930,4.725,1000
2020-08-12 09:37:29.930,4.725,6400
2020-08-12 09:37:29.930,4.725,4300
2020-08-12 09:37:29.930,4.726,3000
2020-08-12 09:37:30.400,4.726,200
2020-08-12 09:37:31.360,4.726,500
2020-08-12 09:37:31.680,4.726,4000
2020-08-12 09:37:31.680,4.726,1000
2020-08-12 09:37:31.860,4.724,11000
2020-08-12 09:37:31.860,4.724,2000
2020-08-12 09:37:31.860,4.724,10000
2020-08-12 09:37:32.260,4.724,700
2020-08-12 09:37:32.580,4.726,500
2020-08-12 09:37:32.690,4.724,8000
2020-08-12 09:37:34.440,4.725,3000
2020-08-12 09:37:34.440,4.726,31200
2020-08-12 09:37:34.780,4.726,2000
2020-08-12 09:37:35.750,4.724,200
2020-08-12 09:37:37.790,4.724,400
2020-08-12 09:37:38.800,4.725,400
2020-08-12 09:37:38.800,4.726,100
2020-08-12 09:37:38.950,4.724,700
2020-08-12 09:37:38.950,4.724,29300
2020-08-12 09:37:42.080,4.725,1000
2020-08-12 09:37:43.060,4.726,10000
2020-08-12 09:37:45.440,4.726,5000
2020-08-12 09:37:46.040,4.725,29000
2020-08-12 09:37:46.040,4.725,500
2020-08-12 09:37:46.040,4.725,20000
2020-08-12 09:37:46.040,4.725,3000
2020-08-12 09:37:46.040,4.725,5000
2020-08-12 09:37:46.040,4.725,10600
2020-08-12 09:37:46.040,4.725,1400
2020-08-12 09:37:46.040,4.725,600
2020-08-12 09:37:46.630,4.725,2000
2020-08-12 09:37:46.890,4.725,1000
2020-08-12 09:37:48.450,4.724,200
2020-08-12 09:37:48.710,4.725,20000
2020-08-12 09:37:49.890,4.725,2000
2020-08-12 09:37:50.280,4.725,1000
2020-08-12 09:37:51.600,4.725,6800
2020-08-12 09:37:51.690,4.725,300
2020-08-12 09:37:52.000,4.725,300
2020-08-12 09:37:52.060,4.725,2300
2020-08-12 09:37:52.120,4.725,3000
2020-08-12 09:37:52.330,4.724,200
2020-08-12 09:37:53.190,4.725,100
2020-08-12 09:37:53.590,4.725,1000
2020-08-12 09:37:54.060,4.724,10300
2020-08-12 09:37:54.060,4.724,4000
2020-08-12 09:37:54.060,4.724,50000
2020-08-12 09:37:54.060,4.724,100
2020-08-12 09:37:54.060,4.724,400
2020-08-12 09:37:54.060,4.724,1900
2020-08-12 09:37:54.060,4.724,8000
2020-08-12 09:37:54.060,4.724,10000
2020-08-12 09:37:54.060,4.724,10000
2020-08-12 09:37:54.060,4.724,10000
2020-08-12 09:37:54.060,4.724,700
2020-08-12 09:37:54.060,4.724,5000
2020-08-12 09:37:54.060,4.724,3000
2020-08-12 09:37:54.060,4.723,28800
2020-08-12 09:37:54.060,4.723,600
2020-08-12 09:37:54.060,4.723,1000
2020-08-12 09:37:54.060,4.723,3000
2020-08-12 09:37:54.060,4.723,5000
2020-08-12 09:37:54.060,4.723,10000
2020-08-12 09:37:54.060,4.723,21100
2020-08-12 09:37:54.060,4.723,3000
2020-08-12 09:37:54.060,4.723,1000
2020-08-12 09:37:54.060,4.723,3000
2020-08-12 09:37:54.060,4.722,29300
2020-08-12 09:37:54.060,4.722,1200
2020-08-12 09:37:54.060,4.722,1000
2020-08-12 09:37:54.060,4.722,5900
2020-08-12 09:37:54.060,4.722,100
2020-08-12 09:37:54.060,4.722,200
2020-08-12 09:37:54.060,4.722,500
2020-08-12 09:37:54.060,4.721,800
2020-08-12 09:37:54.060,4.721,500
2020-08-12 09:37:54.060,4.721,500
2020-08-12 09:37:54.060,4.721,1000
2020-08-12 09:37:54.060,4.721,500
2020-08-12 09:37:54.060,4.721,1000
2020-08-12 09:37:54.060,4.721,1000
2020-08-12 09:37:54.060,4.721,1000
2020-08-12 09:37:54.060,4.721,1000
2020-08-12 09:37:54.060,4.721,3800
2020-08-12 09:37:54.060,4.721,1000
2020-08-12 09:37:54.060,4.721,6200
2020-08-12 09:37:54.060,4.721,1000
2020-08-12 09:37:54.060,4.721,2400
2020-08-12 09:37:54.060,4.721,5000
2020-08-12 09:37:54.060,4.721,3000
2020-08-12 09:37:54.060,4.721,1000
2020-08-12 09:37:54.060,4.721,4100
2020-08-12 09:37:54.060,4.721,2000
2020-08-12 09:37:54.060,4.721,43800
2020-08-12 09:37:54.480,4.721,3000
2020-08-12 09:37:54.950,4.721,1000
2020-08-12 09:37:55.250,4.721,7300
2020-08-12 09:37:55.450,4.721,310000
2020-08-12 09:37:55.860,4.724,1000
2020-08-12 09:37:56.460,4.724,1000
2020-08-12 09:37:58.130,4.724,3000
2020-08-12 09:37:58.130,4.724,1000
2020-08-12 09:37:59.850,4.724,100
2020-08-12 09:38:00.360,4.724,300
2020-08-12 09:38:02.070,4.723,800
2020-08-12 09:38:02.070,4.724,9200
2020-08-12 09:38:04.140,4.724,500
2020-08-12 09:38:04.510,4.722,3900
2020-08-12 09:38:05.540,4.724,1000
2020-08-12 09:38:06.430,4.724,1000
2020-08-12 09:38:06.920,4.724,24000
2020-08-12 09:38:08.610,4.723,200
2020-08-12 09:38:09.500,4.723,5000
2020-08-12 09:38:11.060,4.723,800
2020-08-12 09:38:11.570,4.724,58300
2020-08-12 09:38:11.870,4.724,71100
2020-08-12 09:38:11.870,4.724,6000
2020-08-12 09:38:11.870,4.724,5000
2020-08-12 09:38:11.870,4.724,300
2020-08-12 09:38:11.870,4.724,600
2020-08-12 09:38:11.870,4.724,20600
2020-08-12 09:38:11.870,4.724,400
2020-08-12 09:38:11.870,4.724,1800
2020-08-12 09:38:11.870,4.724,10000
2020-08-12 09:38:11.870,4.725,86600
2020-08-12 09:38:11.870,4.725,2100
2020-08-12 09:38:11.870,4.725,2500
2020-08-12 09:38:11.870,4.725,5000
2020-08-12 09:38:11.870,4.725,200
2020-08-12 09:38:11.870,4.725,6000
2020-08-12 09:38:15.750,4.725,36500
2020-08-12 09:38:17.240,4.726,37000
2020-08-12 09:38:17.240,4.726,3000
2020-08-12 09:38:17.240,4.726,3300
2020-08-12 09:38:17.240,4.726,100
2020-08-12 09:38:17.240,4.726,5000
2020-08-12 09:38:17.240,4.726,7800
2020-08-12 09:38:17.240,4.726,12000
2020-08-12 09:38:19.560,4.727,1000
2020-08-12 09:38:19.560,4.727,400
2020-08-12 09:38:19.560,4.727,8600
2020-08-12 09:38:22.860,4.725,45300
2020-08-12 09:38:22.860,4.725,2000
2020-08-12 09:38:22.860,4.725,6000
2020-08-12 09:38:22.860,4.724,14000
2020-08-12 09:38:22.860,4.724,44700
2020-08-12 09:38:23.060,4.725,100
2020-08-12 09:38:23.190,4.725,200
2020-08-12 09:38:23.410,4.725,3700
2020-08-12 09:38:23.410,4.726,1500
2020-08-12 09:38:23.410,4.727,1400
2020-08-12 09:38:23.410,4.727,4200
2020-08-12 09:38:23.410,4.727,100
2020-08-12 09:38:25.130,4.728,5000
2020-08-12 09:38:25.130,4.728,5000
2020-08-12 09:38:25.750,4.727,1800
2020-08-12 09:38:28.330,4.728,2000
2020-08-12 09:38:28.400,4.727,2400
2020-08-12 09:38:29.100,4.727,400
2020-08-12 09:38:29.240,4.727,4200
2020-08-12 09:38:29.430,4.727,1300
2020-08-12 09:38:30.600,4.727,2200
2020-08-12 09:38:31.660,4.728,10000
2020-08-12 09:38:31.720,4.728,33000
2020-08-12 09:38:31.720,4.728,30000
2020-08-12 09:38:31.720,4.728,500
2020-08-12 09:38:33.090,4.728,1000
2020-08-12 09:38:33.150,4.728,2000
2020-08-12 09:38:33.640,4.729,4100
2020-08-12 09:38:34.580,4.729,43600
2020-08-12 09:38:34.580,4.729,600
2020-08-12 09:38:34.580,4.729,100
2020-08-12 09:38:34.580,4.729,50000
2020-08-12 09:38:34.580,4.729,5700
2020-08-12 09:38:34.980,4.729,12000
2020-08-12 09:38:35.700,4.729,182300
2020-08-12 09:38:35.700,4.729,200
2020-08-12 09:38:35.820,4.729,1500
2020-08-12 09:38:36.360,4.729,1500
2020-08-12 09:38:37.470,4.73,1000
2020-08-12 09:38:37.960,4.73,1800
2020-08-12 09:38:37.960,4.73,3200
2020-08-12 09:38:39.140,4.73,7800
2020-08-12 09:38:39.140,4.73,900
2020-08-12 09:38:39.140,4.73,1400
2020-08-12 09:38:39.140,4.73,5300
2020-08-12 09:38:39.140,4.73,10000
2020-08-12 09:38:39.140,4.73,15000
2020-08-12 09:38:39.140,4.73,200
2020-08-12 09:38:39.140,4.73,5000
2020-08-12 09:38:39.140,4.73,200
2020-08-12 09:38:39.140,4.73,30000
2020-08-12 09:38:39.140,4.73,200
2020-08-12 09:38:39.140,4.73,300
2020-08-12 09:38:39.140,4.73,1500
2020-08-12 09:38:39.140,4.73,2500
2020-08-12 09:38:39.140,4.73,2000
2020-08-12 09:38:42.980,4.731,400
2020-08-12 09:38:45.000,4.731,200
2020-08-12 09:38:45.000,4.731,10000
2020-08-12 09:38:45.000,4.731,1000
2020-08-12 09:38:45.000,4.731,1000
