Datetime,Lastprice,Volume,Precloseprice,AvgPrice,Iopv,Netvalue,Bid[0],BidQty[0],Bid[1],BidQty[1],Bid[2],BidQty[2],Bid[3],BidQty[3],Bid[4],BidQty[4],Bid[5],BidQty[5],Bid[6],BidQty[6],Bid[7],BidQty[7],Bid[8],BidQty[8],Bid[9],BidQty[9],Ask[0],AskQty[0],Ask[1],AskQty[1],Ask[2],AskQty[2],Ask[3],AskQty[3],Ask[4],AskQty[4],Ask[5],AskQty[5],Ask[6],AskQty[6],Ask[7],AskQty[7],Ask[8],AskQty[8],Ask[9],AskQty[9]
2020-08-12 09:25:00.260,2.918,8500.0,2.918,2.918,2.916,2.916,2.91,400,2.903,6600,2.895,1000,2.894,2000,2.883,6500,2.88,35000,2.84,5000,2.818,700,2.799,800,2.755,3000,2.918,600,2.927,500,2.95,16900,2.97,2700,2.979,2000,2.998,40900,2.999,5000,3.05,2000,3.2,14900,3.21,5000
2020-08-12 09:31:40.300,2.91,3100.0,2.918,2.9158619999999997,2.918,2.916,2.91,17300,2.904,1200,2.903,7900,2.896,100,2.895,2000,2.894,2000,2.883,31500,2.88,36000,2.848,20000,2.84,5000,2.917,200,2.918,20600,2.927,500,2.949,11500,2.95,16900,2.968,600,2.979,2000,2.99,8000,2.998,40900,2.999,5000
2020-08-12 09:33:21.190,2.91,3600.0,2.918,2.9144740000000002,2.908,2.916,2.91,14700,2.904,1200,2.903,7900,2.896,100,2.895,2000,2.894,2000,2.883,31500,2.88,36000,2.848,20000,2.84,5000,2.918,25600,2.927,500,2.949,11500,2.95,19900,2.968,3300,2.979,2000,2.99,8000,2.998,40900,2.999,5000,3.0,1500
2020-08-12 09:33:22.700,2.91,3200.0,2.918,2.913696,2.908,2.916,2.91,11500,2.904,1200,2.903,7900,2.896,100,2.895,2000,2.894,2000,2.883,31500,2.88,36000,2.848,20000,2.84,5000,2.918,25600,2.927,500,2.949,11500,2.95,19900,2.968,3300,2.979,2000,2.99,8000,2.998,40900,2.999,5000,3.0,1500
2020-08-12 09:33:47.220,2.918,500.0,2.918,2.91381,2.907,2.916,2.91,11500,2.904,1200,2.903,7900,2.896,100,2.895,2000,2.894,2000,2.883,31500,2.88,36000,2.848,20000,2.84,5000,2.918,25100,2.927,500,2.949,11500,2.95,19900,2.968,3300,2.979,2000,2.99,8000,2.998,40900,2.999,5000,3.0,1500
2020-08-12 09:33:51.540,2.91,1100.0,2.918,2.9136,2.905,2.916,2.91,10400,2.904,1200,2.903,7900,2.896,100,2.895,2000,2.894,2000,2.883,31500,2.88,36000,2.848,20000,2.84,5000,2.918,25100,2.927,500,2.949,11500,2.95,19900,2.968,3300,2.979,2000,2.99,8000,2.998,40900,2.999,5000,3.0,1500
2020-08-12 09:34:03.130,2.91,2300.0,2.918,2.9132290000000003,2.905,2.916,2.91,8100,2.904,1200,2.903,7900,2.896,100,2.895,2000,2.894,2000,2.883,31500,2.88,36000,2.848,20000,2.84,5000,2.918,25100,2.927,500,2.949,11500,2.95,19900,2.968,3300,2.979,2000,2.99,8000,2.998,40900,2.999,5000,3.0,1500
2020-08-12 09:34:16.470,2.91,100.0,2.918,2.913214,2.905,2.916,2.91,8000,2.904,1200,2.903,7900,2.896,100,2.895,2000,2.894,2000,2.883,31500,2.88,36000,2.848,20000,2.84,5000,2.918,25100,2.927,500,2.949,11500,2.95,19900,2.968,3300,2.979,2000,2.99,8000,2.998,40900,2.999,5000,3.0,1500
2020-08-12 09:35:14.610,2.91,8000.0,2.918,2.912368,2.902,2.916,2.904,1200,2.903,7900,2.896,100,2.895,2000,2.894,2000,2.883,31500,2.88,36000,2.848,20000,2.84,5000,2.818,700,2.91,12000,2.918,25100,2.926,100,2.927,500,2.949,11500,2.95,19900,2.968,3300,2.979,2000,2.99,8000,2.998,40900
2020-08-12 09:36:57.630,2.904,1200.0,2.918,2.912051,2.91,2.916,2.903,1300,2.896,100,2.895,2000,2.894,2000,2.89,2000,2.883,31500,2.88,36000,2.848,20000,2.84,5000,2.818,700,2.904,8800,2.918,25100,2.926,100,2.949,1500,2.95,19900,2.968,3300,2.979,2000,2.99,8000,2.998,40900,2.999,5000
2020-08-12 09:37:04.940,2.904,5700.0,2.918,2.91082,2.91,2.916,2.903,1300,2.896,100,2.895,2000,2.894,2000,2.89,2000,2.883,31500,2.88,36000,2.848,20000,2.84,5000,2.818,700,2.904,6200,2.918,25100,2.926,100,2.949,1500,2.95,19900,2.968,3300,2.979,2000,2.99,8000,2.998,40900,2.999,5000
2020-08-12 09:37:06.300,2.918,7000.0,2.918,2.909995,2.91,2.916,2.904,5400,2.903,1300,2.896,100,2.895,2000,2.894,2000,2.89,2000,2.883,31500,2.88,36000,2.848,20000,2.84,5000,2.918,24300,2.926,100,2.949,1500,2.95,19900,2.968,3300,2.979,2000,2.99,8000,2.998,40900,2.999,5000,3.0,1500
2020-08-12 09:38:02.080,2.918,100.0,2.918,2.910014,2.91,2.916,2.904,7400,2.903,26300,2.901,2000,2.896,100,2.895,2000,2.894,2000,2.89,2000,2.883,6500,2.88,36000,2.848,20000,2.918,24200,2.926,100,2.949,1500,2.95,19900,2.964,4000,2.968,3300,2.979,2000,2.99,8000,2.998,40900,2.999,5000
2020-08-12 09:41:42.500,2.908,3300.0,2.918,2.9098740000000003,2.905,2.916,2.907,10000,2.906,5000,2.904,7400,2.903,26300,2.901,2000,2.896,100,2.895,2000,2.894,2000,2.89,2000,2.883,6500,2.908,14700,2.944,300,2.945,100,2.947,3000,2.948,3000,2.949,2100,2.95,19900,2.964,4000,2.968,8300,2.979,2000
2020-08-12 09:41:56.340,2.907,10000.0,2.918,2.909376,2.905,2.916,2.906,5000,2.904,7400,2.903,26300,2.901,2000,2.896,100,2.895,2000,2.894,2000,2.89,2000,2.883,6500,2.88,36000,2.907,20000,2.908,14700,2.918,7700,2.944,300,2.945,100,2.947,3000,2.948,3000,2.949,2100,2.95,19900,2.964,4000
2020-08-12 09:41:58.020,2.907,1100.0,2.918,2.909332,2.905,2.916,2.906,5000,2.904,7400,2.903,26300,2.901,2000,2.896,100,2.895,2000,2.894,2000,2.89,2000,2.883,6500,2.88,36000,2.907,18900,2.908,14700,2.918,7700,2.944,300,2.945,100,2.947,3000,2.948,3000,2.949,2100,2.95,19900,2.964,4000
2020-08-12 09:42:05.430,2.907,18900.0,2.918,2.908764,2.905,2.916,2.907,1100,2.906,5000,2.904,7400,2.903,26300,2.901,2000,2.896,100,2.895,2000,2.894,2000,2.89,2000,2.883,6500,2.908,14700,2.918,5000,2.944,300,2.945,100,2.947,3000,2.948,3000,2.949,2100,2.95,19900,2.964,4000,2.968,8300
2020-08-12 09:42:12.080,2.907,1100.0,2.918,2.9087400000000003,2.905,2.916,2.906,5000,2.904,7400,2.903,26300,2.901,2000,2.896,100,2.895,2000,2.894,2000,2.89,2000,2.883,6500,2.88,36000,2.907,1600,2.908,14700,2.918,5000,2.944,300,2.945,100,2.947,3000,2.948,3000,2.949,2100,2.95,19900,2.964,4000
2020-08-12 09:42:12.240,2.906,4500.0,2.918,2.9085919999999996,2.905,2.916,2.906,500,2.904,7400,2.903,26300,2.901,2000,2.896,100,2.895,2000,2.894,2000,2.89,2000,2.883,6500,2.88,36000,2.907,3300,2.908,14700,2.918,5000,2.944,300,2.945,100,2.947,3000,2.948,3000,2.949,2100,2.95,19900,2.964,4000
2020-08-12 09:42:16.630,2.907,3300.0,2.918,2.908531,2.908,2.916,2.907,6700,2.906,500,2.904,7400,2.903,26300,2.901,2000,2.896,100,2.895,2000,2.894,2000,2.89,2000,2.883,6500,2.908,14700,2.918,5000,2.944,300,2.945,100,2.947,3000,2.948,3000,2.949,2100,2.95,19900,2.964,4000,2.968,8300
2020-08-12 09:42:23.680,2.908,14700.0,2.918,2.908454,2.907,2.916,2.908,5300,2.907,16700,2.906,500,2.904,7400,2.903,26300,2.901,2000,2.896,100,2.895,2000,2.894,2000,2.89,2000,2.918,5000,2.944,300,2.945,100,2.947,3000,2.948,3000,2.949,2100,2.95,19900,2.964,4000,2.968,8300,2.979,2000
2020-08-12 09:44:29.940,2.906,500.0,2.918,2.908442,2.904,2.916,2.904,7400,2.903,26400,2.901,2000,2.9,15700,2.896,100,2.895,2000,2.894,2000,2.89,2000,2.883,6500,2.88,36000,2.906,1600,2.918,5000,2.944,300,2.945,100,2.947,3000,2.948,3000,2.949,2100,2.95,28900,2.964,4000,2.968,8300
2020-08-12 09:45:59.810,2.906,1600.0,2.918,2.908404,2.907,2.916,2.906,1800,2.904,7400,2.903,26400,2.901,2000,2.9,16700,2.896,100,2.895,2000,2.894,2000,2.89,2000,2.883,6500,2.918,5000,2.944,300,2.945,100,2.947,3000,2.948,3000,2.949,2100,2.95,28900,2.964,4000,2.968,8300,2.979,2000
2020-08-12 09:46:10.720,2.906,300.0,2.918,2.908397,2.907,2.916,2.906,1500,2.904,7400,2.903,26400,2.901,2000,2.9,16700,2.896,100,2.895,2000,2.894,2000,2.89,2000,2.883,6500,2.918,5000,2.944,300,2.945,100,2.947,3000,2.948,3000,2.949,2100,2.95,28900,2.964,4000,2.968,8300,2.979,2000
2020-08-12 09:46:43.860,2.907,100.0,2.918,2.9083959999999998,2.907,2.916,2.906,1500,2.904,7400,2.903,26400,2.901,2000,2.9,16700,2.896,100,2.895,2000,2.894,2000,2.89,2000,2.883,6500,2.907,1900,2.918,5000,2.944,300,2.945,100,2.947,3000,2.948,3000,2.949,2100,2.95,28900,2.964,4000,2.968,8300
2020-08-12 09:46:49.460,2.907,500.0,2.918,2.908389,2.906,2.916,2.906,1500,2.904,7400,2.903,26400,2.901,2000,2.9,16700,2.896,100,2.895,2000,2.894,2000,2.89,2000,2.883,6500,2.907,1400,2.918,5000,2.944,300,2.945,100,2.947,3000,2.948,3000,2.949,2100,2.95,28900,2.964,4000,2.968,8300
2020-08-12 09:47:41.460,2.907,1000.0,2.918,2.9083759999999996,2.91,2.916,2.906,1500,2.904,7400,2.903,26400,2.901,2000,2.9,1000,2.896,100,2.895,2000,2.894,2000,2.89,2000,2.883,6500,2.907,400,2.918,5000,2.944,300,2.945,600,2.946,9400,2.947,3000,2.948,3000,2.949,2100,2.95,28900,2.964,4000
2020-08-12 09:47:43.570,2.907,400.0,2.918,2.908371,2.91,2.916,2.907,9600,2.906,1500,2.904,7400,2.903,26400,2.901,2000,2.9,1000,2.896,100,2.895,2000,2.894,2000,2.89,2000,2.918,5000,2.944,300,2.945,600,2.946,9400,2.947,3000,2.948,3000,2.949,2100,2.95,28900,2.964,4000,2.968,8300
2020-08-12 09:49:56.670,2.908,1100.0,2.918,2.9083669999999997,2.896,2.916,2.907,19600,2.906,1500,2.904,7400,2.903,25100,2.901,2000,2.9,1000,2.896,100,2.895,2000,2.894,2000,2.89,2000,2.908,1900,2.918,5000,2.944,300,2.945,600,2.946,9400,2.947,3000,2.948,3000,2.949,2100,2.95,28900,2.964,4000
2020-08-12 09:51:41.320,2.907,10500.0,2.918,2.908245,2.897,2.916,2.907,9100,2.906,1500,2.904,2000,2.903,25100,2.901,2000,2.9,1000,2.896,100,2.895,2000,2.894,2000,2.89,2000,2.908,1900,2.918,5000,2.944,300,2.945,600,2.946,9800,2.947,3000,2.948,3000,2.949,2100,2.95,28900,2.964,4000
2020-08-12 09:51:51.280,2.907,9100.0,2.918,2.908155,2.897,2.916,2.906,1500,2.904,2000,2.903,25100,2.901,2000,2.9,1000,2.896,100,2.895,2000,2.894,2000,2.89,2000,2.883,6500,2.907,10900,2.908,1900,2.918,5000,2.944,300,2.945,600,2.946,9800,2.947,3000,2.948,3000,2.949,2100,2.95,28900
2020-08-12 09:51:53.210,2.906,1500.0,2.918,2.90813,2.897,2.916,2.904,2000,2.903,25100,2.901,2000,2.9,1000,2.896,100,2.895,2000,2.894,2000,2.89,2000,2.883,6500,2.881,5000,2.906,18500,2.907,10900,2.908,1900,2.918,5000,2.944,300,2.945,600,2.946,9800,2.947,3000,2.948,3000,2.949,2100
2020-08-12 09:52:11.080,2.905,500.0,2.918,2.908118,2.895,2.916,2.905,500,2.904,6000,2.903,25100,2.901,2000,2.9,1000,2.896,100,2.895,2000,2.894,2000,2.89,2000,2.883,6500,2.906,18500,2.907,10900,2.908,1900,2.918,5000,2.944,300,2.945,100,2.946,9800,2.947,3000,2.948,3000,2.949,2100
2020-08-12 09:52:37.140,2.905,500.0,2.918,2.908106,2.897,2.916,2.904,6000,2.903,25100,2.901,3000,2.9,1000,2.896,100,2.895,2000,2.894,2000,2.89,2000,2.883,6500,2.881,5000,2.905,8000,2.906,18500,2.907,10900,2.908,1900,2.918,5000,2.944,300,2.945,100,2.946,9800,2.947,3000,2.948,3000
2020-08-12 09:53:15.600,2.905,800.0,2.918,2.908086,2.898,2.916,2.904,6000,2.903,25100,2.901,3000,2.9,1000,2.896,100,2.895,2000,2.894,2000,2.89,2000,2.883,6500,2.881,5000,2.905,1200,2.906,18500,2.907,10900,2.908,1900,2.918,5000,2.944,300,2.945,100,2.946,9800,2.947,3000,2.948,3000
2020-08-12 09:53:30.790,2.904,6000.0,2.918,2.907906,2.901,2.916,2.903,25100,2.901,3000,2.9,1000,2.896,100,2.895,2000,2.894,2000,2.89,2000,2.883,6500,2.881,5000,2.88,36000,2.904,2000,2.905,1200,2.908,1900,2.918,5000,2.944,300,2.945,100,2.946,9800,2.947,3000,2.948,3000,2.949,2100
2020-08-12 09:53:52.220,2.905,300.0,2.918,2.907899,2.902,2.916,2.903,25100,2.901,3000,2.9,1000,2.896,100,2.895,2000,2.894,2000,2.89,2000,2.883,6500,2.881,5000,2.88,36000,2.905,900,2.908,1900,2.918,5000,2.944,300,2.945,100,2.946,9800,2.947,3000,2.948,3000,2.949,2100,2.95,28900
2020-08-12 09:54:03.950,2.903,2000.0,2.918,2.907828,2.903,2.916,2.903,23100,2.901,3000,2.9,1000,2.896,100,2.895,2000,2.894,2000,2.89,2000,2.883,6500,2.881,5000,2.88,36000,2.905,900,2.908,1900,2.918,5000,2.944,300,2.945,100,2.946,9800,2.947,3000,2.948,3000,2.949,2100,2.95,28900
2020-08-12 09:54:24.700,2.905,900.0,2.918,2.90781,2.905,2.916,2.905,2200,2.903,23100,2.901,3000,2.9,1000,2.896,100,2.895,2000,2.894,2000,2.89,2000,2.883,6500,2.881,5000,2.908,1900,2.918,5000,2.944,300,2.945,100,2.946,9800,2.947,3000,2.948,3000,2.949,2100,2.95,28900,2.964,4000
2020-08-12 09:56:02.650,2.908,1000.0,2.918,2.907811,2.906,2.916,2.905,3200,2.904,700,2.903,23100,2.901,3000,2.9,1000,2.896,100,2.895,2000,2.894,2000,2.89,2000,2.883,6500,2.908,900,2.918,5000,2.944,300,2.945,11000,2.946,9800,2.947,3000,2.948,3000,2.949,2100,2.95,28900,2.964,4000
2020-08-12 09:56:23.920,2.908,900.0,2.918,2.907813,2.904,2.916,2.908,1100,2.905,3200,2.904,700,2.903,23100,2.901,3000,2.9,1000,2.896,100,2.895,2000,2.894,2000,2.89,2000,2.918,5000,2.944,300,2.945,11000,2.946,9800,2.947,3000,2.948,3000,2.949,2100,2.95,28900,2.964,4000,2.968,8300
2020-08-12 09:56:41.040,2.908,1100.0,2.918,2.907814,2.904,2.916,2.905,3200,2.904,700,2.903,23100,2.901,3000,2.9,1000,2.896,100,2.895,2000,2.894,2000,2.89,2000,2.883,6500,2.908,1900,2.918,5000,2.944,300,2.945,11000,2.946,9800,2.947,3000,2.948,3000,2.949,2100,2.95,28900,2.964,4000
2020-08-12 09:58:15.920,2.908,1000.0,2.918,2.9078150000000003,2.902,2.916,2.906,10000,2.905,3200,2.904,700,2.903,23100,2.901,3000,2.9,6700,2.898,5000,2.896,100,2.895,2000,2.894,2000,2.908,7100,2.918,5000,2.944,3400,2.945,11000,2.946,9800,2.947,3000,2.948,3000,2.949,2100,2.95,28900,2.964,4000
2020-08-12 10:00:19.710,2.906,300.0,2.918,2.907811,2.902,2.916,2.906,9700,2.905,6200,2.904,700,2.903,23100,2.901,3000,2.9,6700,2.898,5000,2.896,100,2.895,2000,2.894,2000,2.908,7100,2.918,5000,2.944,3400,2.945,11000,2.946,9800,2.947,3000,2.948,3000,2.949,2100,2.95,28900,2.964,4000
2020-08-12 10:01:02.710,2.906,9700.0,2.918,2.907697,2.899,2.916,2.905,6200,2.904,700,2.903,23100,2.901,3000,2.9,6700,2.898,5000,2.896,100,2.895,2000,2.894,2000,2.89,2000,2.906,5700,2.908,7100,2.918,5000,2.944,3400,2.945,11000,2.946,9800,2.947,3000,2.948,3000,2.949,2100,2.95,28900
2020-08-12 10:02:34.480,2.906,6600.0,2.918,2.907626,2.901,2.916,2.905,6200,2.904,700,2.903,23100,2.901,3000,2.9,6700,2.898,5000,2.896,100,2.895,2000,2.894,2000,2.89,2000,2.906,4100,2.908,7100,2.944,3400,2.945,11000,2.946,9800,2.947,3000,2.948,3000,2.949,2100,2.95,28900,2.964,4000
2020-08-12 10:03:25.490,2.905,6200.0,2.918,2.9075279999999997,2.901,2.916,2.904,700,2.903,23100,2.901,3000,2.9,6700,2.898,5000,2.896,100,2.895,2000,2.894,2000,2.89,2000,2.883,6500,2.906,4100,2.908,900,2.944,3400,2.945,11000,2.946,9800,2.947,3000,2.948,3000,2.949,2100,2.95,28900,2.964,4000
2020-08-12 10:04:01.420,2.905,200.0,2.918,2.907525,2.901,2.916,2.904,700,2.903,23100,2.901,3000,2.9,7000,2.898,5000,2.896,100,2.895,2000,2.894,2000,2.89,2000,2.883,6500,2.905,3500,2.906,4100,2.908,900,2.944,3400,2.945,11000,2.946,9800,2.947,3000,2.948,3000,2.949,2100,2.95,28900
2020-08-12 10:05:59.890,2.904,700.0,2.918,2.90751,2.904,2.916,2.903,23100,2.901,3000,2.9,7000,2.898,5000,2.896,100,2.895,2000,2.894,2000,2.89,2000,2.883,6500,2.881,5000,2.904,100,2.905,3500,2.906,4100,2.908,900,2.944,3400,2.945,11000,2.946,9800,2.947,3000,2.948,3000,2.949,2100
2020-08-12 10:07:34.160,2.906,6600.0,2.918,2.9074310000000003,2.906,2.916,2.903,23100,2.901,13000,2.9,17000,2.898,5000,2.896,100,2.895,2000,2.894,2000,2.89,2000,2.883,6500,2.881,5000,2.906,1100,2.908,900,2.909,10000,2.944,3400,2.945,11000,2.946,9800,2.947,3000,2.948,3000,2.949,2100,2.95,28900
2020-08-12 10:07:43.560,2.903,100.0,2.918,2.907429,2.905,2.916,2.903,23000,2.901,13000,2.9,17000,2.898,5000,2.896,100,2.895,2000,2.894,2000,2.89,2000,2.883,6500,2.881,5000,2.906,1100,2.908,900,2.909,10000,2.944,3400,2.945,11000,2.946,9800,2.947,3000,2.948,3000,2.949,2100,2.95,28900
2020-08-12 10:09:07.520,2.904,400.0,2.918,2.907421,2.902,2.916,2.904,2600,2.903,23000,2.901,3000,2.9,7000,2.898,5000,2.896,100,2.895,2000,2.894,2000,2.89,2000,2.883,6500,2.905,10000,2.906,1100,2.907,10000,2.908,10900,2.909,10000,2.944,3400,2.945,11000,2.946,9800,2.947,3000,2.948,3000
2020-08-12 10:09:22.770,2.905,3000.0,2.918,2.90738,2.901,2.916,2.904,2600,2.903,23000,2.901,3000,2.9,7000,2.898,5000,2.896,100,2.895,2000,2.894,2000,2.89,2000,2.883,6500,2.905,7000,2.906,1100,2.907,10000,2.908,10900,2.909,10000,2.944,3400,2.945,11000,2.946,9800,2.947,3000,2.948,3000
2020-08-12 10:09:34.020,2.905,100.0,2.918,2.907378,2.901,2.916,2.904,2600,2.903,23000,2.901,3000,2.9,7000,2.898,5000,2.896,100,2.895,2000,2.894,2000,2.89,2000,2.883,6500,2.905,6900,2.906,1100,2.907,10000,2.908,10900,2.909,10000,2.944,3400,2.945,11000,2.946,9800,2.947,3000,2.948,3000
2020-08-12 10:11:41.910,2.904,2700.0,2.918,2.9073279999999997,2.898,2.916,2.903,23000,2.901,3000,2.9,7000,2.898,5000,2.896,800,2.895,2000,2.894,2000,2.89,2000,2.883,6500,2.881,5000,2.904,7300,2.905,6900,2.906,11100,2.907,10000,2.908,900,2.944,3400,2.945,11000,2.946,9800,2.947,3000,2.948,3000
2020-08-12 10:12:28.720,2.903,23000.0,2.918,2.906836,2.894,2.916,2.901,3000,2.9,7000,2.898,5000,2.896,800,2.895,2000,2.894,2000,2.89,2000,2.883,6500,2.881,5000,2.88,36000,2.904,7300,2.905,6900,2.906,11100,2.908,900,2.944,3400,2.945,11000,2.946,9800,2.947,3000,2.948,3000,2.949,2100
2020-08-12 10:13:09.030,2.901,3000.0,2.918,2.906751,2.891,2.916,2.9,7000,2.898,5000,2.896,800,2.895,2000,2.894,2000,2.89,2000,2.883,6500,2.881,5000,2.88,36000,2.877,6200,2.901,7000,2.904,7300,2.905,6900,2.906,11100,2.908,900,2.944,3400,2.945,11000,2.946,9800,2.947,3000,2.948,3000
2020-08-12 10:13:19.720,2.9,1000.0,2.918,2.906718,2.891,2.916,2.9,6000,2.898,5000,2.896,800,2.895,2000,2.894,2000,2.89,2000,2.883,6500,2.881,5000,2.88,36000,2.877,6200,2.901,7000,2.904,7300,2.905,6900,2.906,11100,2.908,900,2.944,3400,2.945,11000,2.946,9800,2.947,3000,2.948,3000
2020-08-12 10:13:55.710,2.899,1000.0,2.918,2.906493,2.89,2.916,2.899,1000,2.898,5000,2.896,800,2.895,2000,2.894,2000,2.89,2000,2.883,6500,2.881,5000,2.88,36000,2.877,6200,2.9,13100,2.901,7000,2.905,17800,2.906,11100,2.908,900,2.944,3400,2.945,11000,2.946,9800,2.947,3000,2.948,3000
2020-08-12 10:14:08.030,2.898,6000.0,2.918,2.906266,2.89,2.916,2.896,800,2.895,2000,2.894,2000,2.89,2000,2.888,400,2.883,6500,2.881,5000,2.88,36000,2.877,6200,2.869,100,2.898,4000,2.9,13100,2.901,7000,2.905,10900,2.906,1100,2.908,900,2.944,3400,2.945,11000,2.946,9800,2.947,3000
2020-08-12 10:14:47.700,2.898,1000.0,2.918,2.906228,2.887,2.916,2.896,800,2.895,2000,2.894,2000,2.89,2000,2.888,400,2.883,6500,2.881,5000,2.88,36000,2.877,6200,2.869,100,2.898,3000,2.9,13100,2.901,7000,2.905,10900,2.906,1100,2.908,900,2.944,3400,2.945,11000,2.946,9800,2.947,3000
2020-08-12 10:14:49.490,2.896,800.0,2.918,2.906191,2.887,2.916,2.895,2000,2.894,2000,2.89,2000,2.888,400,2.883,6500,2.881,5000,2.88,36000,2.877,6200,2.869,100,2.86,10000,2.896,9200,2.898,3000,2.9,13100,2.901,7000,2.905,10900,2.906,1100,2.908,900,2.944,3400,2.945,11000,2.946,9800
2020-08-12 10:15:03.410,2.895,100.0,2.918,2.906186,2.886,2.916,2.895,1900,2.894,2000,2.89,2000,2.888,400,2.883,6500,2.881,5000,2.88,36000,2.877,6200,2.869,100,2.86,10000,2.896,9200,2.898,3000,2.9,13000,2.901,7000,2.905,10900,2.906,1100,2.908,900,2.944,3400,2.945,11000,2.946,9800
2020-08-12 10:15:04.410,2.895,1900.0,2.918,2.906091,2.886,2.916,2.894,2000,2.89,2000,2.888,400,2.883,6500,2.881,5000,2.88,36000,2.877,6200,2.869,100,2.86,10000,2.851,10000,2.895,18100,2.896,9200,2.898,3000,2.9,13000,2.901,7000,2.905,10900,2.906,1100,2.908,900,2.944,3400,2.945,11000
2020-08-12 10:15:16.800,2.894,2000.0,2.918,2.905984,2.885,2.916,2.89,2000,2.888,400,2.883,6500,2.881,5000,2.88,36000,2.877,6200,2.869,100,2.86,10000,2.851,10000,2.84,5000,2.894,18000,2.895,18100,2.896,9200,2.898,3000,2.9,13000,2.901,7000,2.905,10900,2.906,1100,2.908,900,2.944,3400
2020-08-12 10:16:50.680,2.89,600.0,2.918,2.905941,2.886,2.916,2.89,2400,2.888,400,2.883,6500,2.881,5000,2.88,36000,2.877,6200,2.869,100,2.865,15500,2.86,10000,2.851,10000,2.893,21800,2.894,10000,2.895,18100,2.896,9200,2.9,13000,2.906,1100,2.908,900,2.944,3400,2.945,100,2.946,9800
2020-08-12 10:17:13.010,2.89,2400.0,2.918,2.905774,2.884,2.916,2.888,400,2.883,6500,2.881,5000,2.88,36000,2.877,6200,2.869,100,2.865,15500,2.86,10000,2.851,10000,2.84,5000,2.89,17600,2.892,10000,2.893,21800,2.894,10000,2.895,18100,2.896,9200,2.9,13000,2.906,1100,2.908,900,2.944,3400
2020-08-12 10:17:22.310,2.888,400.0,2.918,2.905742,2.883,2.916,2.883,6500,2.881,5000,2.88,36000,2.877,6200,2.869,100,2.865,15500,2.86,10000,2.851,10000,2.84,5000,2.813,100,2.888,19600,2.89,27600,2.892,10000,2.893,21800,2.894,10000,2.895,18100,2.896,9200,2.9,13000,2.906,1100,2.908,900
2020-08-12 10:17:31.150,2.883,6500.0,2.918,2.9051139999999998,2.882,2.916,2.881,5000,2.88,36000,2.877,6200,2.869,100,2.865,15500,2.86,10000,2.851,10000,2.84,5000,2.813,100,2.8,2500,2.883,3500,2.888,29600,2.89,27600,2.892,10000,2.893,21800,2.894,10000,2.895,18100,2.896,9200,2.9,13000,2.906,1100
2020-08-12 10:17:43.470,2.881,5000.0,2.918,2.9046119999999997,2.882,2.916,2.88,36000,2.877,6200,2.869,100,2.865,15500,2.86,10000,2.851,10000,2.84,5000,2.813,100,2.8,2500,2.799,800,2.881,5000,2.883,3500,2.888,29600,2.89,17600,2.892,10000,2.893,21800,2.894,10000,2.895,18100,2.9,13000,2.906,1100
2020-08-12 10:17:54.090,2.881,3200.0,2.918,2.904302,2.881,2.916,2.88,36000,2.877,6200,2.869,100,2.865,15500,2.86,10000,2.851,10000,2.84,5000,2.813,100,2.8,2500,2.799,800,2.881,1800,2.883,3500,2.887,10000,2.888,29600,2.89,17600,2.892,10000,2.894,10000,2.895,18100,2.9,13000,2.906,1100
2020-08-12 10:17:57.380,2.88,10000.0,2.918,2.903343,2.881,2.916,2.88,26000,2.877,6200,2.869,100,2.865,15500,2.86,10000,2.851,10000,2.84,5000,2.813,100,2.8,2500,2.799,800,2.881,1800,2.883,3500,2.887,10000,2.888,29600,2.89,17600,2.892,10000,2.894,10000,2.895,18100,2.9,13000,2.906,1100
2020-08-12 10:18:08.570,2.88,21800.0,2.918,2.901493,2.882,2.916,2.88,4200,2.877,6200,2.869,100,2.865,15500,2.86,10000,2.851,10000,2.84,5000,2.813,100,2.8,2500,2.799,800,2.881,1800,2.883,3500,2.887,10000,2.888,29600,2.89,17600,2.892,10000,2.894,10000,2.895,18100,2.9,13000,2.906,1100
2020-08-12 10:18:40.020,2.881,1000.0,2.918,2.9014189999999997,2.878,2.916,2.88,4200,2.877,6200,2.869,100,2.866,10400,2.86,10000,2.851,10000,2.84,5000,2.813,100,2.8,2500,2.799,800,2.881,800,2.883,13500,2.887,10000,2.888,29600,2.89,17600,2.895,18100,2.9,13000,2.906,1100,2.908,900,2.944,3400
2020-08-12 10:18:59.240,2.88,4200.0,2.918,2.901098,2.877,2.916,2.877,6200,2.869,100,2.866,10400,2.86,10000,2.851,10000,2.84,5000,2.813,100,2.8,2500,2.799,800,2.777,4000,2.88,13100,2.881,800,2.883,13500,2.887,10000,2.888,29600,2.89,17600,2.895,18100,2.9,13000,2.906,1100,2.908,900
2020-08-12 10:19:40.200,2.88,1000.0,2.918,2.901023,2.877,2.916,2.878,300,2.877,6200,2.869,100,2.866,10400,2.861,5800,2.86,11000,2.851,10000,2.84,5000,2.813,100,2.8,2500,2.88,22100,2.881,800,2.883,13500,2.888,29600,2.89,17600,2.895,18100,2.9,13000,2.906,1100,2.908,900,2.944,3400
2020-08-12 10:19:44.180,2.878,300.0,2.918,2.900999,2.877,2.916,2.877,6200,2.869,100,2.866,10400,2.861,5800,2.86,11000,2.851,10000,2.84,5000,2.813,100,2.8,2500,2.799,800,2.878,700,2.88,22100,2.881,800,2.883,3500,2.888,29600,2.89,17600,2.895,18100,2.9,13000,2.906,1100,2.908,900
2020-08-12 10:20:15.460,2.878,700.0,2.918,2.9009419999999997,2.878,2.916,2.878,2300,2.877,6200,2.869,100,2.861,5800,2.86,11000,2.851,10000,2.84,5000,2.813,100,2.8,2500,2.799,800,2.88,12100,2.881,800,2.883,3500,2.888,29600,2.89,17600,2.895,18100,2.9,13000,2.906,1100,2.908,900,2.944,3400
2020-08-12 10:20:36.200,2.878,2300.0,2.918,2.900757,2.878,2.916,2.877,6200,2.869,100,2.861,5800,2.86,10000,2.851,10000,2.84,5000,2.813,100,2.8,2500,2.799,800,2.788,11500,2.878,9800,2.881,800,2.883,13500,2.888,29600,2.89,17600,2.895,18100,2.9,13000,2.906,1100,2.908,900,2.944,3400
2020-08-12 10:21:39.760,2.877,6600.0,2.918,2.900218,2.88,2.916,2.869,100,2.863,8800,2.861,5800,2.86,10000,2.851,10000,2.845,11600,2.84,5000,2.8,2500,2.799,800,2.788,11500,2.877,3200,2.881,800,2.882,10000,2.883,13500,2.888,29600,2.89,17600,2.895,18100,2.9,13000,2.906,1100,2.908,900
2020-08-12 10:22:02.890,2.872,3200.0,2.918,2.899912,2.883,2.916,2.872,6800,2.869,100,2.863,8800,2.861,5800,2.86,10000,2.851,10000,2.845,11600,2.84,5000,2.8,2500,2.799,800,2.881,800,2.882,10000,2.883,13500,2.888,29600,2.89,17600,2.895,18100,2.9,13000,2.906,1100,2.908,900,2.944,3100
2020-08-12 10:22:44.360,2.881,800.0,2.918,2.89986,2.887,2.916,2.881,9200,2.873,3600,2.872,6800,2.869,100,2.863,8800,2.861,5800,2.86,12000,2.851,10000,2.845,11600,2.84,5000,2.882,10000,2.883,13500,2.884,10000,2.888,29600,2.89,17600,2.895,18100,2.9,13000,2.906,1100,2.908,900,2.944,3100
2020-08-12 10:22:50.710,2.882,10000.0,2.918,2.899275,2.888,2.916,2.881,9200,2.873,3600,2.872,6800,2.869,100,2.863,8800,2.861,5800,2.86,12000,2.851,10000,2.845,11600,2.84,5000,2.883,13500,2.884,10000,2.888,29600,2.89,17600,2.895,18100,2.9,13000,2.906,1100,2.908,900,2.944,3100,2.945,100
2020-08-12 10:23:28.730,2.883,3500.0,2.918,2.899091,2.885,2.916,2.883,4500,2.873,3600,2.872,6800,2.87,1000,2.869,100,2.863,8800,2.861,5800,2.86,12000,2.851,10000,2.85,11200,2.888,29600,2.89,17600,2.895,18100,2.9,13000,2.906,1100,2.908,900,2.944,3100,2.945,100,2.946,9800,2.947,3000
2020-08-12 10:24:12.080,2.883,600.0,2.918,2.89906,2.883,2.916,2.883,3900,2.875,2000,2.874,11500,2.873,3600,2.872,6800,2.87,1000,2.869,4100,2.863,8800,2.861,5800,2.86,12000,2.887,10000,2.888,29600,2.89,17600,2.895,18100,2.9,13000,2.906,1100,2.908,900,2.944,3100,2.945,100,2.946,9800
2020-08-12 10:24:38.030,2.884,3600.0,2.918,2.8988869999999998,2.883,2.916,2.883,3900,2.875,2000,2.874,11500,2.873,3600,2.872,6800,2.87,3000,2.869,4100,2.863,8800,2.861,5800,2.86,12000,2.884,6400,2.887,10000,2.888,29600,2.89,17600,2.895,18100,2.9,13000,2.906,1100,2.908,900,2.944,3100,2.945,100
2020-08-12 10:24:40.940,2.884,5000.0,2.918,2.898653,2.882,2.916,2.883,3900,2.875,2000,2.874,11500,2.873,3600,2.872,6800,2.87,3000,2.869,4100,2.863,8800,2.861,5800,2.86,11000,2.884,1400,2.887,10000,2.888,29600,2.89,17600,2.895,18100,2.9,13000,2.906,1100,2.908,900,2.944,3100,2.945,100
2020-08-12 10:24:51.900,2.884,1400.0,2.918,2.898588,2.883,2.916,2.884,6600,2.883,3900,2.875,2000,2.874,11500,2.873,3600,2.872,6800,2.87,3000,2.869,4100,2.863,8800,2.861,5800,2.887,10000,2.888,29600,2.89,17600,2.895,18100,2.9,13000,2.906,1100,2.908,900,2.944,3100,2.945,100,2.946,9800
2020-08-12 10:26:28.850,2.887,5000.0,2.918,2.8984099999999997,2.888,2.916,2.884,8100,2.883,3900,2.879,10000,2.875,12000,2.874,11500,2.872,7800,2.87,3000,2.869,4100,2.863,8800,2.861,5800,2.887,5000,2.888,29600,2.889,10000,2.89,17600,2.895,18100,2.9,13000,2.906,1100,2.908,900,2.944,3100,2.945,100
2020-08-12 10:27:06.230,2.884,8100.0,2.918,2.898059,2.888,2.916,2.883,3900,2.881,10000,2.879,10000,2.875,12000,2.874,1500,2.872,1000,2.87,3000,2.869,4100,2.863,8800,2.861,5800,2.884,41900,2.887,5000,2.888,29600,2.889,10000,2.89,17600,2.895,18100,2.9,13000,2.906,1100,2.908,900,2.943,21000
2020-08-12 10:27:47.980,2.884,500.0,2.918,2.898038,2.886,2.916,2.883,3900,2.881,10000,2.879,10000,2.875,12000,2.874,1500,2.872,1000,2.87,3000,2.869,4100,2.863,8800,2.861,5800,2.884,41400,2.888,29600,2.889,10000,2.89,27600,2.895,18100,2.9,13000,2.906,1100,2.908,900,2.943,21000,2.944,3100
2020-08-12 10:27:50.880,2.883,1000.0,2.918,2.897993,2.886,2.916,2.883,2900,2.881,10000,2.879,10000,2.875,12000,2.874,1500,2.872,1000,2.87,3000,2.869,4100,2.863,8800,2.861,5800,2.884,41400,2.888,29600,2.889,10000,2.89,27600,2.895,18100,2.9,13000,2.906,1100,2.908,900,2.943,21000,2.944,3100
2020-08-12 10:28:41.400,2.883,2900.0,2.918,2.897863,2.884,2.916,2.879,10000,2.878,10000,2.875,12000,2.874,1500,2.872,1000,2.87,3000,2.869,4100,2.863,8800,2.861,5800,2.86,11000,2.883,15900,2.884,41400,2.887,2600,2.888,29600,2.889,10000,2.89,27600,2.895,18100,2.9,13000,2.906,1100,2.908,900
2020-08-12 10:31:05.690,2.883,3000.0,2.918,2.897732,2.879,2.916,2.876,2000,2.875,23000,2.874,11500,2.872,1000,2.87,3000,2.869,4100,2.863,8800,2.861,5800,2.86,11000,2.851,10000,2.883,13900,2.884,41400,2.887,2600,2.888,29600,2.889,10000,2.89,27600,2.895,18100,2.9,13000,2.906,1100,2.908,900
2020-08-12 10:33:18.160,2.882,1000.0,2.918,2.897686,2.875,2.916,2.88,1000,2.875,13000,2.874,1500,2.872,1000,2.87,3000,2.869,4100,2.863,8800,2.861,5800,2.86,11000,2.851,10000,2.883,20100,2.884,41400,2.887,2600,2.888,29600,2.889,10000,2.89,27600,2.895,18100,2.9,13000,2.906,1100,2.908,900
2020-08-12 10:33:59.290,2.882,100.0,2.918,2.897682,2.875,2.916,2.88,1100,2.875,11000,2.874,1500,2.872,1000,2.87,13100,2.869,4100,2.863,8800,2.861,5800,2.86,11000,2.851,10000,2.882,19900,2.883,20100,2.884,41400,2.887,2600,2.888,29600,2.889,10000,2.89,27600,2.895,18100,2.9,13000,2.906,1100
2020-08-12 10:35:07.640,2.882,1000.0,2.918,2.897636,2.88,2.916,2.88,1100,2.875,11000,2.874,1500,2.872,1000,2.87,13100,2.869,4100,2.863,8800,2.861,5800,2.86,11000,2.851,10000,2.882,2100,2.883,20100,2.884,41400,2.887,2600,2.888,29600,2.889,10000,2.89,27600,2.895,18100,2.9,13000,2.906,1100
2020-08-12 10:36:38.260,2.882,2100.0,2.918,2.8975400000000002,2.885,2.916,2.882,2900,2.88,21100,2.877,10000,2.875,11000,2.874,1500,2.873,800,2.872,1800,2.87,13100,2.869,4100,2.865,1000,2.883,20100,2.884,41400,2.887,2600,2.888,29600,2.889,10000,2.89,27600,2.895,18100,2.9,13000,2.906,1100,2.908,900
2020-08-12 10:36:44.170,2.883,6700.0,2.918,2.897263,2.885,2.916,2.882,2900,2.88,21100,2.877,10000,2.875,11000,2.874,1500,2.873,800,2.872,1800,2.87,13100,2.869,4100,2.865,1000,2.883,13400,2.884,41400,2.887,2600,2.888,29600,2.889,10000,2.89,27600,2.895,18100,2.9,13000,2.906,1100,2.908,900
2020-08-12 10:36:45.490,2.882,1200.0,2.918,2.897211,2.884,2.916,2.882,1700,2.88,41100,2.877,10000,2.875,11000,2.874,1500,2.873,800,2.872,1800,2.87,13100,2.869,4100,2.865,1000,2.883,13400,2.884,41400,2.887,2600,2.888,29600,2.889,10000,2.89,27600,2.895,18100,2.9,13000,2.906,1100,2.908,900
2020-08-12 10:39:22.000,2.883,1300.0,2.918,2.897158,2.887,2.916,2.882,8500,2.88,33100,2.878,10000,2.877,10000,2.875,11000,2.874,1500,2.873,800,2.872,1800,2.87,13100,2.869,4100,2.883,12100,2.884,41400,2.887,2600,2.888,29600,2.889,10000,2.89,27600,2.895,18100,2.9,13000,2.906,1100,2.908,900
2020-08-12 10:39:24.830,2.883,15400.0,2.918,2.896538,2.887,2.916,2.88,43100,2.878,10000,2.877,10000,2.875,11000,2.874,1500,2.873,800,2.872,1800,2.87,13100,2.869,4100,2.865,1000,2.883,7200,2.884,41400,2.887,2600,2.888,29600,2.889,10000,2.89,27600,2.895,18100,2.9,13000,2.906,1100,2.908,900
2020-08-12 10:39:29.570,2.883,7200.0,2.918,2.8962790000000003,2.886,2.916,2.883,2800,2.88,43100,2.878,10000,2.877,10000,2.875,11000,2.874,1500,2.873,800,2.872,1800,2.87,13100,2.869,4100,2.884,41400,2.887,2600,2.888,29600,2.889,10000,2.89,27600,2.895,18100,2.9,13000,2.906,1100,2.908,900,2.944,3100
2020-08-12 10:39:42.790,2.883,2000.0,2.918,2.896209,2.888,2.916,2.883,1300,2.88,43100,2.878,10000,2.877,10000,2.875,11000,2.874,1500,2.873,800,2.872,1800,2.87,13100,2.869,4100,2.884,41400,2.887,2600,2.888,29600,2.889,10000,2.89,27600,2.895,18100,2.9,13000,2.906,1100,2.908,900,2.944,3100
2020-08-12 10:39:47.360,2.884,1800.0,2.918,2.8961509999999997,2.887,2.916,2.883,1300,2.88,43100,2.878,10000,2.877,10000,2.875,11000,2.874,1500,2.873,800,2.872,6800,2.87,13100,2.869,4100,2.884,39600,2.887,2600,2.888,29600,2.889,10000,2.89,27600,2.895,18100,2.9,13000,2.906,1100,2.908,900,2.944,3100
2020-08-12 10:40:29.070,2.884,6500.0,2.918,2.895946,2.89,2.916,2.882,500,2.881,25000,2.88,43100,2.878,10000,2.875,11000,2.874,1500,2.873,800,2.872,8800,2.87,13100,2.869,4100,2.884,33100,2.887,2600,2.888,29600,2.889,10000,2.89,27600,2.895,18100,2.9,13000,2.906,1100,2.908,900,2.944,3100
2020-08-12 10:42:06.170,2.884,33100.0,2.918,2.895003,2.888,2.916,2.884,16900,2.881,25000,2.88,43100,2.878,10000,2.875,11000,2.874,1500,2.873,800,2.872,8900,2.87,13100,2.869,4100,2.887,2600,2.888,29600,2.889,10000,2.89,27600,2.895,18100,2.9,13000,2.906,1100,2.908,900,2.944,3100,2.945,100
2020-08-12 10:42:43.810,2.887,700.0,2.918,2.89499,2.893,2.916,2.884,16900,2.881,15000,2.88,43100,2.879,10000,2.878,10000,2.875,11000,2.874,1500,2.873,800,2.872,8900,2.87,13100,2.887,1900,2.888,29600,2.889,10000,2.89,27600,2.895,18100,2.9,13000,2.906,1100,2.908,900,2.944,3100,2.945,100
2020-08-12 10:42:44.170,2.884,600.0,2.918,2.8949740000000004,2.892,2.916,2.885,3100,2.884,16300,2.881,15000,2.88,43100,2.879,10000,2.878,10000,2.875,11000,2.874,1500,2.873,800,2.872,8900,2.887,1900,2.888,29600,2.889,10000,2.89,27600,2.895,18100,2.9,13000,2.906,1100,2.908,900,2.944,3100,2.945,100
2020-08-12 10:43:10.480,2.886,2800.0,2.918,2.894915,2.894,2.916,2.886,7200,2.885,3100,2.884,21300,2.881,15000,2.88,43100,2.879,10000,2.878,10000,2.875,11000,2.874,1500,2.873,800,2.887,1900,2.888,29600,2.889,10000,2.89,27600,2.895,18100,2.9,13000,2.906,1100,2.908,900,2.944,3100,2.945,100
2020-08-12 10:43:27.240,2.887,1900.0,2.918,2.89488,2.894,2.916,2.887,18100,2.886,7200,2.885,3100,2.884,21300,2.881,10000,2.88,43100,2.879,10000,2.878,10000,2.875,11000,2.874,1500,2.888,29600,2.889,10000,2.89,27600,2.895,18100,2.9,13000,2.906,1100,2.908,900,2.933,100,2.944,3100,2.945,100
2020-08-12 10:44:08.070,2.888,29600.0,2.918,2.894432,2.895,2.916,2.888,8400,2.887,18100,2.886,7200,2.885,3100,2.884,21300,2.881,10000,2.88,43100,2.879,10000,2.878,10000,2.875,11000,2.889,10000,2.89,27600,2.895,18100,2.9,13000,2.906,1100,2.908,900,2.933,100,2.944,3100,2.945,100,2.946,9800
2020-08-12 10:47:33.140,2.89,2000.0,2.918,2.894413,2.894,2.916,2.887,18100,2.885,3000,2.884,21300,2.881,10000,2.88,33100,2.875,11000,2.874,1500,2.873,800,2.872,9400,2.87,3000,2.89,18300,2.895,18100,2.9,13000,2.906,1100,2.908,900,2.933,100,2.944,3100,2.945,100,2.946,9800,2.947,3000
2020-08-12 10:47:52.500,2.89,2700.0,2.918,2.894387,2.894,2.916,2.89,17300,2.887,18100,2.885,3000,2.884,21300,2.881,10000,2.88,33100,2.875,11000,2.874,1500,2.873,800,2.872,9400,2.906,1100,2.908,900,2.933,100,2.944,3100,2.945,100,2.946,9800,2.947,3000,2.948,3000,2.949,2100,2.95,28900
2020-08-12 10:49:02.890,2.905,100.0,2.918,2.894389,2.896,2.916,2.898,100,2.887,18100,2.885,3000,2.884,21300,2.881,10000,2.88,33100,2.875,11000,2.874,1500,2.873,800,2.872,9400,2.905,19900,2.906,1100,2.908,900,2.933,100,2.944,3100,2.945,100,2.946,9800,2.947,3000,2.948,3000,2.949,2100
2020-08-12 10:49:09.410,2.898,100.0,2.918,2.89439,2.896,2.916,2.887,18200,2.885,3000,2.884,21300,2.881,10000,2.88,33100,2.875,11000,2.874,1500,2.873,800,2.872,9400,2.87,3000,2.89,300,2.905,19900,2.906,1100,2.908,900,2.933,100,2.944,3100,2.945,100,2.946,9800,2.947,3000,2.948,3000
2020-08-12 10:49:31.300,2.89,300.0,2.918,2.894387,2.895,2.916,2.89,19700,2.887,18200,2.885,3000,2.884,21300,2.881,10000,2.88,33100,2.875,1000,2.874,1500,2.873,800,2.872,9400,2.905,19900,2.906,1100,2.908,900,2.933,100,2.944,3100,2.945,100,2.946,9800,2.947,3000,2.948,3000,2.949,2100
2020-08-12 10:55:11.070,2.89,600.0,2.918,2.894381,2.888,2.916,2.888,100,2.887,19100,2.885,3000,2.884,5000,2.881,10000,2.88,23100,2.875,1000,2.874,1500,2.873,800,2.872,9400,2.89,8800,2.904,100,2.905,19900,2.906,1100,2.908,900,2.916,1000,2.933,100,2.94,3100,2.941,3100,2.942,3100
2020-08-12 11:01:27.980,2.89,400.0,2.918,2.894377,2.887,2.916,2.888,100,2.887,19100,2.885,3000,2.884,5000,2.881,10000,2.88,23100,2.875,1000,2.874,1500,2.873,800,2.872,9400,2.89,8400,2.904,100,2.905,19900,2.906,1100,2.908,900,2.916,1000,2.933,100,2.94,3100,2.941,3100,2.942,3100
2020-08-12 11:02:16.340,2.888,100.0,2.918,2.894376,2.89,2.916,2.887,19100,2.885,3000,2.884,5000,2.881,10000,2.88,23100,2.875,1000,2.874,1500,2.873,800,2.872,9400,2.87,3000,2.888,500,2.89,8400,2.904,100,2.905,19900,2.906,1100,2.908,900,2.916,1000,2.933,100,2.94,3100,2.941,3100
2020-08-12 11:06:21.860,2.887,15000.0,2.918,2.894144,2.887,2.916,2.887,4100,2.885,3000,2.884,5000,2.881,10000,2.88,25100,2.875,1000,2.874,1500,2.873,800,2.872,9400,2.87,3000,2.888,900,2.89,8400,2.904,100,2.905,19900,2.906,1100,2.908,900,2.916,1000,2.933,100,2.94,3100,2.941,3100
2020-08-12 11:06:52.240,2.887,3000.0,2.918,2.894099,2.889,2.916,2.887,8900,2.884,5000,2.881,10000,2.88,25100,2.875,1000,2.874,1500,2.873,800,2.872,9400,2.87,3000,2.869,4000,2.888,900,2.89,8400,2.904,100,2.905,19900,2.906,1100,2.908,900,2.916,1000,2.933,100,2.94,3100,2.941,3100
2020-08-12 11:09:24.600,2.881,10300.0,2.918,2.8938669999999997,2.886,2.916,2.881,5800,2.88,28100,2.875,11000,2.874,1500,2.873,800,2.872,9400,2.87,3000,2.869,4000,2.865,1000,2.863,8800,2.888,900,2.89,8400,2.904,100,2.905,19900,2.906,1100,2.908,900,2.916,1000,2.933,100,2.94,3100,2.941,3100
2020-08-12 11:13:45.400,2.882,1500.0,2.918,2.893831,2.879,2.916,2.882,600,2.881,12000,2.88,28100,2.875,2000,2.873,800,2.872,9400,2.87,3000,2.869,4000,2.865,1000,2.863,8800,2.888,900,2.89,8400,2.904,100,2.905,19900,2.906,1100,2.908,900,2.916,1000,2.933,100,2.94,3100,2.941,3100
2020-08-12 11:16:03.310,2.883,2000.0,2.918,2.893787,2.876,2.916,2.882,600,2.881,12000,2.88,28100,2.876,1000,2.875,2000,2.873,800,2.872,9400,2.87,3500,2.869,4000,2.865,1000,2.883,8000,2.888,900,2.89,8400,2.904,100,2.905,19900,2.906,1100,2.908,900,2.916,1000,2.93,2000,2.933,100
2020-08-12 11:18:20.520,2.882,600.0,2.918,2.893773,2.875,2.916,2.881,12000,2.88,8100,2.876,1000,2.875,12000,2.873,800,2.872,9400,2.87,3500,2.869,4000,2.865,1000,2.863,8800,2.882,2400,2.883,9000,2.888,900,2.89,8400,2.904,100,2.905,19900,2.906,1100,2.908,900,2.916,1000,2.93,2000
2020-08-12 11:18:24.460,2.881,12000.0,2.918,2.89347,2.875,2.916,2.88,8100,2.876,1000,2.875,12000,2.873,800,2.872,9400,2.87,3500,2.869,4000,2.865,1000,2.863,8800,2.862,1000,2.881,8000,2.882,2400,2.883,9000,2.888,900,2.89,8400,2.904,100,2.905,19900,2.906,1100,2.908,900,2.916,1000
2020-08-12 11:18:27.750,2.876,9100.0,2.918,2.893224,2.875,2.916,2.875,12000,2.873,800,2.872,9400,2.87,3500,2.869,4000,2.865,1000,2.863,8800,2.862,1000,2.861,5000,2.86,12500,2.876,10900,2.881,8000,2.882,2400,2.883,9000,2.888,900,2.89,8400,2.904,100,2.905,19900,2.906,1100,2.908,900
2020-08-12 11:18:53.770,2.875,8100.0,2.918,2.892941,2.873,2.916,2.875,3900,2.873,800,2.872,9400,2.87,3500,2.869,4000,2.865,1000,2.863,8800,2.862,1000,2.861,5000,2.86,12500,2.881,8000,2.882,2400,2.883,9000,2.888,900,2.89,8400,2.904,100,2.905,19900,2.906,1100,2.908,900,2.916,1000
2020-08-12 11:21:12.010,2.875,1900.0,2.918,2.892877,2.873,2.916,2.875,2000,2.873,900,2.872,9400,2.87,3500,2.869,4000,2.865,1000,2.863,8800,2.862,1000,2.861,5000,2.86,12500,2.882,2400,2.883,9000,2.888,900,2.89,8400,2.904,100,2.905,19900,2.906,1100,2.908,900,2.916,1000,2.93,2000
2020-08-12 11:21:31.100,2.876,500.0,2.918,2.8928599999999998,2.876,2.916,2.876,1000,2.875,2000,2.873,900,2.872,9400,2.87,3500,2.869,4000,2.868,5000,2.865,1000,2.863,8800,2.862,1000,2.882,2400,2.883,9000,2.888,400,2.89,8400,2.904,100,2.905,19900,2.906,1100,2.908,900,2.916,1000,2.93,2000
2020-08-12 11:22:16.800,2.882,1700.0,2.918,2.892825,2.878,2.916,2.876,1100,2.875,7000,2.873,900,2.872,9400,2.87,3500,2.869,4000,2.868,5000,2.865,1000,2.863,8800,2.862,1000,2.882,700,2.883,8000,2.888,400,2.89,8400,2.904,100,2.905,19900,2.906,1100,2.908,900,2.916,1000,2.93,2000
2020-08-12 11:23:06.210,2.878,100.0,2.918,2.892823,2.877,2.916,2.876,1100,2.875,7000,2.873,900,2.872,9400,2.87,3500,2.869,4000,2.868,5000,2.865,1000,2.863,8800,2.862,1000,2.878,4200,2.882,700,2.883,8000,2.888,400,2.89,8400,2.904,100,2.905,19900,2.906,1100,2.908,900,2.916,1000
2020-08-12 11:23:39.700,2.875,1800.0,2.918,2.892764,2.874,2.916,2.875,6300,2.873,900,2.872,9400,2.871,1800,2.87,3500,2.869,4000,2.868,5000,2.865,1000,2.863,8800,2.862,1000,2.878,1000,2.882,700,2.883,8000,2.888,400,2.89,8400,2.904,100,2.905,19900,2.906,1100,2.908,900,2.916,1000
2020-08-12 11:23:51.700,2.875,4200.0,2.918,2.892624,2.875,2.916,2.875,2100,2.873,900,2.872,9400,2.871,1800,2.87,3500,2.869,4000,2.868,5000,2.865,1000,2.863,8800,2.862,1000,2.878,1000,2.882,700,2.883,8000,2.888,400,2.89,8400,2.904,100,2.905,19900,2.906,1100,2.908,900,2.916,1000
2020-08-12 11:24:55.090,2.875,3000.0,2.918,2.892525,2.874,2.916,2.875,1100,2.873,900,2.872,9400,2.871,1800,2.87,3500,2.869,4000,2.868,5000,2.865,1000,2.863,8800,2.862,1000,2.878,1000,2.882,700,2.883,8000,2.888,400,2.89,8400,2.904,100,2.905,19900,2.906,1100,2.908,900,2.916,1000
2020-08-12 11:25:12.210,2.878,500.0,2.918,2.892512,2.874,2.916,2.875,1100,2.873,900,2.872,9400,2.871,1800,2.87,3500,2.869,4000,2.868,5000,2.865,11000,2.863,8800,2.862,1000,2.878,500,2.882,700,2.883,8000,2.888,400,2.89,8400,2.904,100,2.905,19900,2.906,1100,2.908,900,2.916,1000
2020-08-12 11:26:35.670,2.878,100.0,2.918,2.892509,2.872,2.916,2.875,1100,2.873,900,2.872,7400,2.87,3500,2.869,4000,2.868,5000,2.865,11000,2.863,8800,2.862,1000,2.861,5000,2.878,400,2.882,700,2.883,8000,2.888,400,2.89,8400,2.904,100,2.905,19900,2.906,1100,2.908,900,2.916,1000
2020-08-12 11:27:04.180,2.872,3800.0,2.918,2.892373,2.871,2.916,2.872,5600,2.87,3500,2.869,4000,2.868,5000,2.865,11000,2.863,8800,2.862,1000,2.861,5000,2.86,12500,2.858,5300,2.878,400,2.882,700,2.883,8000,2.888,400,2.89,8400,2.904,100,2.905,19900,2.906,1100,2.908,900,2.916,1000
2020-08-12 11:27:51.120,2.871,1700.0,2.918,2.892098,2.87,2.916,2.87,3500,2.869,4000,2.865,11000,2.863,8800,2.862,1000,2.861,5000,2.86,12500,2.858,5300,2.851,10000,2.85,11200,2.871,9200,2.882,700,2.883,8000,2.888,400,2.89,8400,2.904,100,2.905,19900,2.906,1100,2.908,900,2.916,1000
2020-08-12 11:28:04.080,2.87,400.0,2.918,2.892082,2.87,2.916,2.87,3100,2.869,4000,2.865,11000,2.863,8800,2.862,1000,2.861,5000,2.86,12500,2.858,5300,2.851,10000,2.85,11200,2.871,9200,2.882,700,2.883,8000,2.888,400,2.89,8400,2.904,100,2.905,19900,2.906,1100,2.908,900,2.916,1000
2020-08-12 11:28:06.630,2.871,500.0,2.918,2.8920630000000003,2.869,2.916,2.87,3100,2.869,4000,2.865,11000,2.863,8800,2.862,1000,2.861,5000,2.86,12500,2.858,5300,2.851,10000,2.85,11200,2.871,8700,2.882,700,2.883,8000,2.888,400,2.89,8400,2.904,100,2.905,19900,2.906,1100,2.908,900,2.916,1000
2020-08-12 11:28:12.840,2.87,3100.0,2.918,2.891939,2.869,2.916,2.869,4000,2.865,11000,2.863,8800,2.862,1000,2.861,5000,2.86,12500,2.858,5300,2.851,10000,2.85,11200,2.845,11700,2.87,3400,2.871,8700,2.882,700,2.883,8000,2.888,400,2.89,8400,2.904,100,2.905,19900,2.906,1100,2.908,900
2020-08-12 11:28:13.280,2.87,800.0,2.918,2.891907,2.87,2.916,2.869,4600,2.865,11000,2.863,8800,2.862,1000,2.861,5000,2.86,12500,2.858,5300,2.851,10000,2.85,11200,2.845,11700,2.87,2600,2.871,8700,2.882,700,2.883,8000,2.888,400,2.89,8400,2.904,100,2.905,19900,2.906,1100,2.908,900
2020-08-12 11:29:17.050,2.869,4600.0,2.918,2.891718,2.867,2.916,2.868,1800,2.865,11000,2.863,8800,2.862,1000,2.861,5000,2.86,12500,2.858,5300,2.851,10000,2.85,11200,2.845,11700,2.869,15300,2.87,2600,2.871,8700,2.882,700,2.883,8000,2.888,400,2.89,8400,2.904,100,2.905,19900,2.906,1100
2020-08-12 13:00:05.670,2.869,500.0,2.918,2.891697,2.864,2.916,2.865,11000,2.863,8800,2.862,1000,2.861,5000,2.86,12500,2.851,10000,2.85,11200,2.845,11700,2.84,5000,2.813,100,2.869,15200,2.87,2600,2.871,8700,2.882,900,2.883,8000,2.888,400,2.89,8400,2.904,100,2.906,1100,2.908,900
2020-08-12 13:00:06.850,2.869,100.0,2.918,2.891693,2.864,2.916,2.865,11000,2.863,8800,2.862,1000,2.861,5000,2.86,12600,2.855,1600,2.851,10000,2.85,11200,2.845,11700,2.84,5000,2.869,15100,2.87,2600,2.871,8700,2.882,900,2.883,8000,2.888,400,2.89,8400,2.904,100,2.906,1100,2.908,900
2020-08-12 13:00:55.470,2.865,400.0,2.918,2.891674,2.859,2.916,2.865,10600,2.863,8800,2.862,1000,2.861,5000,2.86,13600,2.855,1600,2.851,10000,2.85,11200,2.845,11700,2.84,5000,2.868,3800,2.869,15100,2.87,2600,2.871,8700,2.882,900,2.883,8000,2.888,400,2.89,8400,2.904,100,2.906,1100
2020-08-12 13:01:31.600,2.865,100.0,2.918,2.891669,2.859,2.916,2.865,10500,2.863,8800,2.862,1000,2.861,5000,2.86,13600,2.855,1600,2.851,10000,2.85,11200,2.845,11700,2.84,5000,2.868,3800,2.869,15100,2.87,2600,2.871,8700,2.882,900,2.883,8000,2.888,400,2.89,8400,2.904,100,2.906,1100
2020-08-12 13:01:56.160,2.865,3000.0,2.918,2.891526,2.86,2.916,2.865,7500,2.863,8800,2.862,1000,2.861,5000,2.86,13600,2.855,1600,2.851,10000,2.85,11200,2.845,11700,2.84,5000,2.868,3800,2.869,15100,2.87,2600,2.871,8700,2.882,900,2.883,8000,2.888,400,2.89,8400,2.904,100,2.906,1100
2020-08-12 13:02:49.810,2.865,3000.0,2.918,2.8913849999999996,2.862,2.916,2.865,6500,2.863,8800,2.862,1000,2.861,5000,2.86,14900,2.855,1600,2.851,10000,2.85,11200,2.845,11700,2.84,5000,2.866,15000,2.867,10000,2.868,3800,2.869,15100,2.87,2600,2.871,8700,2.882,900,2.883,8000,2.888,400,2.89,8400
2020-08-12 13:02:52.430,2.865,6500.0,2.918,2.891085,2.862,2.916,2.863,8800,2.862,1000,2.861,5000,2.86,14900,2.855,1600,2.851,10000,2.85,11200,2.845,11700,2.84,5000,2.813,100,2.865,1100,2.866,15000,2.867,10000,2.868,3800,2.869,15100,2.87,2600,2.871,8700,2.882,900,2.883,8000,2.888,400
2020-08-12 13:03:38.180,2.863,8800.0,2.918,2.890658,2.861,2.916,2.862,1000,2.861,5000,2.86,14900,2.855,1600,2.851,10000,2.85,11200,2.845,11700,2.84,5000,2.813,100,2.801,2000,2.863,1200,2.865,11100,2.866,15000,2.867,10000,2.868,3800,2.869,15100,2.87,2600,2.871,8700,2.882,900,2.888,400
2020-08-12 13:04:14.880,2.862,100.0,2.918,2.890653,2.859,2.916,2.862,900,2.861,5000,2.86,14900,2.855,1600,2.851,10000,2.85,11200,2.845,11700,2.84,5000,2.813,100,2.801,2000,2.863,1200,2.865,11100,2.866,15000,2.867,10000,2.869,15100,2.87,2600,2.871,8700,2.882,900,2.888,400,2.89,8400
2020-08-12 13:04:16.090,2.86,8000.0,2.918,2.890247,2.859,2.916,2.86,12800,2.855,1600,2.851,10000,2.85,11200,2.845,11700,2.84,5000,2.813,100,2.801,2000,2.8,2500,2.777,4000,2.863,1200,2.865,11100,2.866,15000,2.867,10000,2.869,15100,2.87,2600,2.871,8700,2.882,900,2.888,400,2.89,8400
2020-08-12 13:04:46.580,2.86,1000.0,2.918,2.890196,2.859,2.916,2.86,11800,2.855,1600,2.851,10000,2.85,11200,2.845,11700,2.84,5000,2.813,100,2.801,2000,2.8,2500,2.777,4000,2.863,1200,2.865,11100,2.866,15000,2.867,10000,2.869,15100,2.87,2600,2.871,8700,2.882,900,2.888,400,2.89,8400
2020-08-12 13:06:22.070,2.86,2000.0,2.918,2.890094,2.857,2.916,2.86,9800,2.855,11600,2.852,5300,2.851,10000,2.85,11200,2.845,11700,2.84,5000,2.813,100,2.801,2000,2.8,2500,2.862,2900,2.863,1200,2.865,11100,2.867,10000,2.869,15100,2.87,2600,2.871,8700,2.882,900,2.888,400,2.89,8400
2020-08-12 13:06:31.170,2.862,1300.0,2.918,2.890032,2.856,2.916,2.86,9800,2.855,11600,2.852,5300,2.851,10000,2.85,11200,2.847,200,2.845,11700,2.84,5000,2.813,100,2.801,2000,2.862,1600,2.863,1200,2.865,11100,2.867,10000,2.869,15100,2.87,2600,2.871,8700,2.882,900,2.888,400,2.89,8400
2020-08-12 13:06:38.150,2.86,600.0,2.918,2.890002,2.857,2.916,2.86,9200,2.855,11600,2.852,5300,2.851,10000,2.85,11200,2.847,200,2.845,11700,2.84,5000,2.813,100,2.801,2000,2.862,1600,2.863,1200,2.865,11100,2.867,10000,2.869,15100,2.87,2600,2.871,8700,2.882,900,2.888,400,2.89,8400
2020-08-12 13:07:24.630,2.862,500.0,2.918,2.8899779999999997,2.857,2.916,2.86,8900,2.855,11600,2.852,5300,2.851,10000,2.85,11200,2.847,200,2.845,11700,2.84,5000,2.813,100,2.801,2000,2.862,1400,2.863,1200,2.865,11100,2.867,10000,2.869,15100,2.87,2600,2.871,8700,2.882,900,2.888,400,2.89,8400
2020-08-12 13:07:46.790,2.862,1400.0,2.918,2.889912,2.86,2.916,2.862,8600,2.861,10000,2.86,8900,2.855,11600,2.852,5300,2.851,10000,2.85,11200,2.847,200,2.845,11700,2.84,5000,2.863,1200,2.865,11100,2.867,10000,2.869,15100,2.87,2600,2.871,8700,2.882,900,2.888,400,2.89,8400,2.904,100
2020-08-12 13:08:11.760,2.863,100.0,2.918,2.889908,2.861,2.916,2.862,18600,2.861,10000,2.86,8900,2.857,10000,2.855,11600,2.852,5300,2.851,10000,2.85,11200,2.847,200,2.845,11700,2.863,1100,2.865,11100,2.867,10000,2.869,15100,2.87,2600,2.871,8700,2.882,900,2.888,400,2.89,8400,2.904,100
2020-08-12 13:08:16.710,2.863,1100.0,2.918,2.8898580000000003,2.861,2.916,2.863,8900,2.862,18600,2.861,10000,2.86,8900,2.857,10000,2.855,11600,2.852,5300,2.851,10000,2.85,11200,2.847,200,2.865,11100,2.867,10000,2.869,15100,2.87,2600,2.871,8700,2.882,900,2.888,400,2.89,8400,2.904,100,2.906,1100
2020-08-12 13:10:05.110,2.863,7000.0,2.918,2.8895459999999997,2.867,2.916,2.863,1900,2.862,8600,2.861,10000,2.86,8900,2.859,10000,2.857,10000,2.855,1600,2.852,5300,2.851,10000,2.85,11200,2.865,11100,2.867,10000,2.869,15100,2.87,2600,2.871,8700,2.882,900,2.888,400,2.89,8400,2.904,100,2.906,1100
2020-08-12 13:10:14.680,2.865,2100.0,2.918,2.8894610000000003,2.866,2.916,2.863,1900,2.862,8600,2.861,10000,2.86,8900,2.859,10000,2.857,10000,2.855,1600,2.852,5300,2.851,10000,2.85,11200,2.865,9000,2.867,10000,2.869,15100,2.87,2600,2.871,8700,2.882,900,2.888,400,2.89,8400,2.904,100,2.906,1100
2020-08-12 13:10:29.860,2.865,500.0,2.918,2.889441,2.87,2.916,2.863,11900,2.862,8600,2.861,10000,2.86,8900,2.859,10000,2.857,10000,2.855,1600,2.852,5300,2.851,10000,2.85,11200,2.865,8500,2.867,10000,2.869,15100,2.87,2600,2.871,8700,2.882,900,2.888,400,2.89,8400,2.904,100,2.906,1100
2020-08-12 13:10:30.190,2.865,8500.0,2.918,2.889102,2.87,2.916,2.865,11500,2.863,11900,2.862,8600,2.861,10000,2.86,8900,2.859,10000,2.857,10000,2.855,1600,2.852,5300,2.851,10000,2.867,10000,2.869,15100,2.87,2600,2.871,8700,2.882,900,2.888,400,2.89,8400,2.904,100,2.906,1100,2.908,900
2020-08-12 13:10:35.740,2.867,10000.0,2.918,2.888748,2.87,2.916,2.867,10000,2.865,11500,2.863,11900,2.862,8600,2.861,10000,2.86,8900,2.859,10000,2.857,10000,2.855,1600,2.852,5300,2.869,15100,2.87,2600,2.871,8700,2.882,900,2.888,400,2.89,8400,2.904,100,2.906,1100,2.908,900,2.916,1000
2020-08-12 13:10:52.680,2.867,1000.0,2.918,2.888713,2.872,2.916,2.867,9000,2.865,11500,2.864,4000,2.863,11900,2.862,8600,2.861,10000,2.86,8900,2.855,1600,2.852,5300,2.851,10000,2.869,15100,2.87,2600,2.871,8700,2.882,900,2.888,400,2.89,8400,2.904,100,2.906,1100,2.908,900,2.916,1000
2020-08-12 13:11:26.010,2.869,2800.0,2.918,2.888625,2.868,2.916,2.866,10000,2.864,4000,2.863,21900,2.862,8600,2.861,10000,2.86,8900,2.855,1600,2.852,5300,2.851,10000,2.85,11200,2.869,12300,2.87,2600,2.871,8700,2.882,900,2.888,400,2.89,8400,2.904,100,2.906,1100,2.908,900,2.916,1000
2020-08-12 13:11:48.830,2.866,400.0,2.918,2.88861,2.868,2.916,2.866,9600,2.865,10000,2.864,4000,2.863,1900,2.862,8600,2.861,10000,2.86,8900,2.855,1600,2.852,5300,2.851,10000,2.869,12300,2.87,2600,2.871,8700,2.882,900,2.888,400,2.89,8400,2.904,100,2.906,1100,2.908,900,2.916,1000
2020-08-12 13:12:00.840,2.869,200.0,2.918,2.888604,2.868,2.916,2.866,9600,2.865,20000,2.864,4000,2.863,1900,2.862,8600,2.861,10000,2.86,8900,2.855,1600,2.852,5300,2.851,10000,2.869,12100,2.87,2600,2.871,8700,2.882,900,2.888,400,2.89,8400,2.904,100,2.906,1100,2.908,900,2.916,1000
2020-08-12 13:12:26.480,2.869,100.0,2.918,2.888601,2.868,2.916,2.865,20000,2.864,14000,2.863,1900,2.862,8600,2.861,10000,2.86,8900,2.855,1600,2.852,5300,2.851,10000,2.85,11200,2.869,12000,2.87,2600,2.871,8700,2.882,900,2.888,400,2.89,8400,2.904,100,2.906,1100,2.908,900,2.916,1000
2020-08-12 13:13:30.370,2.87,1000.0,2.918,2.888572,2.867,2.916,2.865,10000,2.864,14000,2.863,1900,2.862,8600,2.861,10000,2.86,8900,2.855,1600,2.852,5300,2.851,10000,2.85,11200,2.87,1600,2.871,8700,2.882,900,2.888,400,2.89,8400,2.904,100,2.906,1100,2.908,900,2.916,1000,2.93,2000
2020-08-12 13:15:00.070,2.87,500.0,2.918,2.888557,2.865,2.916,2.865,10000,2.864,4000,2.863,1900,2.862,8600,2.861,10000,2.86,18900,2.855,1600,2.852,5300,2.851,10000,2.85,11200,2.87,11100,2.871,8700,2.882,900,2.888,400,2.89,8400,2.904,100,2.906,1100,2.908,900,2.916,1000,2.93,2000
2020-08-12 13:16:58.230,2.87,3000.0,2.918,2.8884689999999997,2.864,2.916,2.866,20100,2.865,10000,2.864,4000,2.863,1900,2.862,8600,2.861,10000,2.86,8900,2.855,1600,2.852,5300,2.851,10000,2.87,8100,2.871,8700,2.882,900,2.888,400,2.89,8400,2.904,100,2.906,1100,2.908,900,2.916,1000,2.93,2000
2020-08-12 13:19:43.820,2.866,6000.0,2.918,2.888258,2.862,2.916,2.866,14100,2.865,10000,2.864,4000,2.863,1900,2.862,8600,2.861,10000,2.86,9900,2.855,1600,2.852,5300,2.851,10000,2.87,8300,2.871,8700,2.882,900,2.888,400,2.89,8400,2.904,100,2.906,1100,2.908,900,2.916,1000,2.93,2000
2020-08-12 13:30:12.280,2.87,200.0,2.918,2.888252,2.87,2.916,2.867,15300,2.866,24700,2.864,4900,2.863,1900,2.862,8600,2.861,10000,2.86,19900,2.855,1600,2.851,10000,2.85,11200,2.87,12200,2.871,8700,2.882,900,2.888,400,2.89,8400,2.904,100,2.906,1100,2.908,900,2.916,1000,2.93,2000
2020-08-12 13:30:38.140,2.87,900.0,2.918,2.888226,2.868,2.916,2.869,5300,2.867,6000,2.866,24700,2.865,10000,2.864,4900,2.863,1900,2.862,8600,2.861,10000,2.86,19900,2.855,1600,2.87,11300,2.871,8700,2.882,900,2.888,400,2.89,8400,2.904,100,2.906,1200,2.908,900,2.916,1000,2.93,2000
2020-08-12 13:30:46.750,2.87,2000.0,2.918,2.88817,2.869,2.916,2.869,5300,2.867,6000,2.866,24700,2.865,10000,2.864,4900,2.863,1900,2.862,8600,2.861,10000,2.86,19900,2.855,1600,2.87,9300,2.871,8700,2.882,900,2.888,400,2.89,8400,2.904,100,2.906,1200,2.908,900,2.916,1000,2.93,2000
2020-08-12 13:31:04.540,2.87,200.0,2.918,2.8881639999999997,2.868,2.916,2.869,5300,2.867,700,2.866,24700,2.864,4900,2.863,1900,2.862,8600,2.861,10000,2.86,19900,2.855,1600,2.851,10000,2.87,9100,2.871,8700,2.882,900,2.888,400,2.89,8400,2.904,100,2.906,1200,2.908,900,2.916,1000,2.93,2000
2020-08-12 13:31:55.300,2.87,5100.0,2.918,2.8880209999999997,2.868,2.916,2.867,700,2.866,24100,2.864,4900,2.863,1900,2.862,8600,2.861,10000,2.86,19900,2.855,1600,2.851,10000,2.85,11200,2.87,4000,2.871,8700,2.882,900,2.888,400,2.89,8400,2.904,100,2.906,1200,2.908,900,2.916,1000,2.93,2000
2020-08-12 13:32:25.360,2.867,1300.0,2.918,2.887979,2.869,2.916,2.866,24100,2.864,4900,2.863,11900,2.862,8600,2.861,10000,2.86,25200,2.855,1600,2.851,10000,2.85,11200,2.847,200,2.867,2500,2.87,4000,2.871,8700,2.882,900,2.888,400,2.89,8400,2.904,100,2.906,1200,2.908,900,2.916,1000
2020-08-12 13:33:15.440,2.867,2500.0,2.918,2.887898,2.87,2.916,2.867,17500,2.866,24100,2.864,14900,2.863,11900,2.862,8600,2.861,10000,2.86,19900,2.855,1600,2.851,10000,2.85,11200,2.87,4000,2.871,8700,2.882,900,2.888,400,2.89,8400,2.904,100,2.906,1200,2.908,900,2.916,1000,2.93,2000
2020-08-12 13:34:01.330,2.867,5000.0,2.918,2.887739,2.872,2.916,2.867,12500,2.866,34100,2.864,14900,2.863,11900,2.862,8600,2.861,10000,2.86,19900,2.855,1600,2.853,5300,2.851,10000,2.87,4000,2.871,8700,2.882,900,2.888,400,2.89,8400,2.904,100,2.906,1200,2.908,900,2.916,1000,2.93,2000
2020-08-12 13:35:08.160,2.87,4000.0,2.918,2.8876310000000003,2.873,2.916,2.87,16000,2.868,10000,2.867,22500,2.866,34100,2.864,14900,2.863,1900,2.862,8600,2.861,10000,2.86,19900,2.855,1600,2.871,8700,2.882,900,2.888,400,2.89,8400,2.904,100,2.906,1200,2.908,900,2.916,1000,2.93,2000,2.933,100
2020-08-12 13:35:11.250,2.871,8700.0,2.918,2.8874150000000003,2.874,2.916,2.871,11300,2.87,16000,2.868,10000,2.867,22500,2.866,34100,2.864,14900,2.863,1900,2.862,8600,2.861,10000,2.86,19900,2.882,900,2.888,400,2.89,8400,2.904,100,2.906,1200,2.908,900,2.916,1000,2.93,2000,2.933,100,2.94,3100
2020-08-12 13:35:48.310,2.871,20000.0,2.918,2.8869380000000002,2.876,2.916,2.87,26300,2.868,10000,2.867,22500,2.866,34100,2.864,4900,2.863,1900,2.862,8600,2.861,10000,2.86,19900,2.855,1600,2.882,900,2.888,400,2.89,8400,2.904,100,2.906,1200,2.908,900,2.916,1000,2.93,2000,2.933,100,2.94,3100
2020-08-12 13:35:51.500,2.87,5000.0,2.918,2.886816,2.876,2.916,2.87,21300,2.868,10000,2.867,22500,2.866,34100,2.864,4900,2.863,1900,2.862,8600,2.861,10000,2.86,19900,2.855,1600,2.882,900,2.888,400,2.89,8400,2.904,100,2.906,1200,2.908,900,2.916,1000,2.93,2000,2.933,100,2.94,3100
2020-08-12 13:41:01.400,2.882,200.0,2.918,2.8868139999999998,2.88,2.916,2.873,11000,2.872,10000,2.87,12100,2.868,10000,2.867,22500,2.866,14100,2.864,4900,2.863,1900,2.862,8600,2.861,10000,2.882,700,2.888,400,2.89,12400,2.904,100,2.906,1200,2.908,900,2.916,1000,2.93,2000,2.933,100,2.94,3100
2020-08-12 13:41:32.690,2.882,700.0,2.918,2.8868099999999997,2.879,2.916,2.882,7000,2.873,1000,2.872,10000,2.871,10000,2.87,12200,2.868,10000,2.867,22500,2.866,14100,2.864,4900,2.863,1900,2.888,400,2.89,12400,2.904,100,2.906,1200,2.908,900,2.916,1000,2.93,2000,2.933,100,2.94,3100,2.941,3100
2020-08-12 13:45:08.290,2.882,500.0,2.918,2.886806,2.877,2.916,2.882,100,2.873,1000,2.872,10000,2.871,10000,2.87,12200,2.868,10000,2.867,22500,2.866,14100,2.864,4900,2.863,1900,2.886,8800,2.887,5600,2.888,400,2.89,12400,2.904,100,2.906,1200,2.908,900,2.916,1000,2.93,2000,2.933,100
2020-08-12 13:50:04.450,2.882,100.0,2.918,2.886805,2.881,2.916,2.88,400,2.878,10000,2.873,1000,2.87,1200,2.868,10000,2.867,10000,2.866,14100,2.864,4900,2.863,1900,2.862,8600,2.882,900,2.885,5000,2.887,5600,2.888,400,2.89,12400,2.904,100,2.906,1200,2.908,900,2.916,1000,2.93,2000
2020-08-12 13:52:30.660,2.88,400.0,2.918,2.886802,2.877,2.916,2.873,1000,2.87,1200,2.868,10000,2.867,10000,2.866,14100,2.864,4900,2.863,1900,2.862,8600,2.861,10000,2.86,28900,2.88,9600,2.882,900,2.885,5000,2.887,5600,2.888,400,2.89,12400,2.904,100,2.906,1200,2.908,900,2.916,1000
2020-08-12 13:54:35.870,2.88,1000.0,2.918,2.886792,2.874,2.916,2.879,5000,2.87,2200,2.868,10000,2.867,10000,2.866,14100,2.864,4900,2.863,1900,2.862,8600,2.861,10000,2.86,28900,2.88,12600,2.882,900,2.885,5000,2.887,5600,2.888,400,2.89,8400,2.904,100,2.906,1200,2.908,900,2.916,1000
2020-08-12 13:54:53.310,2.879,5000.0,2.918,2.886736,2.874,2.916,2.87,2200,2.868,10000,2.867,10000,2.866,14100,2.864,4900,2.863,1900,2.862,8600,2.861,10000,2.86,28900,2.855,1600,2.879,1300,2.88,12600,2.882,900,2.885,5000,2.887,5600,2.888,400,2.89,8400,2.904,100,2.906,1200,2.908,900
2020-08-12 13:55:20.170,2.87,1600.0,2.918,2.886698,2.874,2.916,2.87,600,2.868,10000,2.867,10000,2.866,14100,2.864,4900,2.863,1900,2.862,8600,2.861,10000,2.86,28900,2.855,1600,2.879,1300,2.88,4000,2.882,900,2.885,5000,2.887,5600,2.888,400,2.89,8400,2.904,100,2.906,1200,2.908,900
2020-08-12 14:00:27.500,2.87,700.0,2.918,2.886682,2.878,2.916,2.868,10000,2.867,10000,2.866,14100,2.864,4900,2.863,1900,2.862,8600,2.861,10000,2.86,28900,2.855,1600,2.853,5300,2.87,900,2.879,1300,2.88,4000,2.882,900,2.885,5000,2.887,5600,2.888,400,2.89,8400,2.904,100,2.906,1200
2020-08-12 14:00:45.470,2.87,900.0,2.918,2.88666,2.878,2.916,2.87,19100,2.868,10000,2.867,10000,2.866,14100,2.864,4900,2.863,1900,2.862,8600,2.861,10000,2.86,28900,2.855,1600,2.879,1300,2.88,4000,2.882,900,2.885,5000,2.887,5600,2.888,400,2.89,8400,2.904,100,2.906,1200,2.908,900
2020-08-12 14:02:43.290,2.871,2900.0,2.918,2.886596,2.879,2.916,2.871,7100,2.87,19500,2.868,10000,2.867,10000,2.866,14100,2.865,10000,2.864,4900,2.863,1900,2.862,8600,2.861,10000,2.879,1300,2.88,4000,2.882,900,2.885,5000,2.887,5600,2.888,400,2.89,8400,2.904,100,2.906,1200,2.908,900
2020-08-12 14:05:16.590,2.873,500.0,2.918,2.886587,2.88,2.916,2.873,9500,2.872,30000,2.871,7100,2.87,500,2.868,10000,2.867,10000,2.866,14100,2.865,10000,2.864,4900,2.863,1900,2.879,1300,2.88,4000,2.882,900,2.885,5000,2.887,8000,2.888,400,2.89,8400,2.904,100,2.906,1200,2.908,900
2020-08-12 14:05:16.920,2.873,200.0,2.918,2.8865830000000003,2.88,2.916,2.873,9300,2.872,30000,2.871,7100,2.87,500,2.868,10000,2.867,10000,2.866,14100,2.865,10000,2.864,4900,2.863,1900,2.879,1300,2.88,4000,2.882,900,2.885,5000,2.887,8000,2.888,400,2.89,8400,2.904,100,2.906,1200,2.908,900
2020-08-12 14:08:49.070,2.879,1300.0,2.918,2.8865689999999997,2.885,2.916,2.879,8700,2.875,10000,2.874,10000,2.873,9300,2.872,30000,2.871,7100,2.87,500,2.868,10000,2.867,10000,2.866,14100,2.88,4000,2.882,900,2.885,5000,2.887,8000,2.888,400,2.89,8400,2.904,100,2.906,1200,2.908,900,2.916,1000
2020-08-12 14:08:51.630,2.88,4000.0,2.918,2.886532,2.885,2.916,2.88,6000,2.879,8700,2.875,10000,2.874,10000,2.873,9300,2.872,30000,2.871,7100,2.87,500,2.868,10000,2.867,10000,2.882,900,2.885,5000,2.887,8000,2.888,400,2.89,8400,2.904,100,2.906,1200,2.908,900,2.916,1000,2.93,2000
2020-08-12 14:12:31.610,2.882,900.0,2.918,2.886526,2.889,2.916,2.882,9100,2.88,15000,2.878,10000,2.876,1600,2.872,10000,2.87,500,2.868,10000,2.867,10000,2.865,10000,2.864,4900,2.885,5000,2.887,8000,2.888,400,2.89,8400,2.904,100,2.906,1200,2.908,900,2.916,1000,2.918,1500,2.93,2000
2020-08-12 14:14:00.710,2.882,500.0,2.918,2.886523,2.888,2.916,2.882,14600,2.88,15000,2.878,10000,2.876,1600,2.872,10000,2.87,500,2.868,10000,2.867,10000,2.865,10000,2.864,4900,2.885,5000,2.887,8000,2.888,400,2.89,8400,2.904,100,2.906,1200,2.908,900,2.916,1000,2.918,1500,2.93,2000
2020-08-12 14:16:13.630,2.885,5000.0,2.918,2.886513,2.891,2.916,2.885,5000,2.882,14600,2.88,15000,2.879,10000,2.878,10000,2.877,2000,2.872,10000,2.87,500,2.868,10000,2.867,10000,2.887,8000,2.888,400,2.89,8400,2.904,100,2.906,1200,2.908,900,2.916,1000,2.918,1500,2.93,2000,2.933,100
2020-08-12 14:16:39.490,2.887,8000.0,2.918,2.886518,2.894,2.916,2.887,2000,2.885,5000,2.882,24600,2.88,15000,2.879,10000,2.878,10000,2.877,2000,2.872,10000,2.87,500,2.868,10000,2.888,400,2.89,8400,2.904,100,2.906,1200,2.908,900,2.916,1000,2.918,1500,2.93,2000,2.933,100,2.94,3100
2020-08-12 14:18:03.080,2.888,400.0,2.918,2.886519,2.897,2.916,2.888,2600,2.886,10000,2.885,5000,2.882,14600,2.88,5000,2.877,2000,2.872,10000,2.87,500,2.868,10000,2.865,10000,2.89,8400,2.904,100,2.906,1200,2.908,900,2.916,1000,2.918,1500,2.93,2000,2.933,100,2.94,3100,2.941,3100
2020-08-12 14:19:49.880,2.89,8400.0,2.918,2.886558,2.899,2.916,2.89,1600,2.888,12900,2.887,10000,2.886,10000,2.885,15000,2.882,14600,2.88,5000,2.877,2000,2.872,10000,2.87,100,2.904,100,2.906,1200,2.908,900,2.916,1000,2.918,1500,2.93,2000,2.933,100,2.94,3100,2.941,3100,2.942,3100
2020-08-12 14:27:33.620,2.894,100.0,2.918,2.88656,2.897,2.916,2.894,9900,2.889,10000,2.888,2900,2.885,10000,2.882,14600,2.88,5000,2.877,2000,2.872,10000,2.87,100,2.868,10000,2.895,2000,2.904,100,2.906,1200,2.908,900,2.916,1000,2.918,1500,2.93,2000,2.933,100,2.94,3100,2.941,3100
2020-08-12 14:27:58.950,2.895,2000.0,2.918,2.8865819999999998,2.898,2.916,2.895,2300,2.894,10500,2.889,10000,2.888,12900,2.885,10000,2.882,14600,2.88,5000,2.877,2000,2.872,10000,2.87,100,2.904,10100,2.906,1200,2.908,900,2.916,1000,2.918,1500,2.93,2000,2.933,100,2.94,3100,2.941,3100,2.942,3100
2020-08-12 14:29:20.400,2.904,2300.0,2.918,2.886636,2.9,2.916,2.894,600,2.89,10000,2.889,10000,2.888,12900,2.885,10000,2.882,14600,2.88,5000,2.877,2000,2.872,10000,2.87,100,2.904,7800,2.906,1200,2.908,900,2.916,1000,2.918,1500,2.93,2000,2.933,100,2.94,3100,2.941,3100,2.942,3100
2020-08-12 14:30:43.730,2.904,1000.0,2.918,2.88666,2.899,2.916,2.894,600,2.89,10000,2.889,10000,2.888,12900,2.885,10000,2.882,14600,2.88,5000,2.877,2000,2.872,10000,2.87,100,2.904,6800,2.906,1200,2.908,900,2.916,1000,2.918,1500,2.93,2000,2.933,100,2.94,3100,2.941,3100,2.942,3100
2020-08-12 14:32:19.990,2.903,300.0,2.918,2.886666,2.901,2.916,2.903,900,2.894,600,2.892,10000,2.89,12000,2.889,10000,2.888,12900,2.885,10000,2.882,14600,2.88,5000,2.877,2000,2.904,6800,2.906,1200,2.908,900,2.916,1000,2.918,1500,2.93,2000,2.933,100,2.94,3100,2.941,3100,2.942,3100
2020-08-12 14:33:11.100,2.903,900.0,2.918,2.886686,2.903,2.916,2.894,600,2.892,10000,2.89,12000,2.888,2900,2.885,10000,2.882,14600,2.88,5000,2.877,2000,2.872,10000,2.87,100,2.903,800,2.906,1200,2.908,900,2.916,1000,2.918,1500,2.93,2000,2.933,100,2.94,3100,2.941,3100,2.942,3100
2020-08-12 14:34:27.410,2.903,800.0,2.918,2.886704,2.904,2.916,2.903,4200,2.894,10600,2.892,10000,2.89,2000,2.888,300,2.882,14600,2.88,5000,2.877,2000,2.872,10000,2.87,100,2.906,1200,2.908,900,2.916,1000,2.918,1500,2.93,2000,2.933,100,2.94,3100,2.941,3100,2.942,3100,2.943,3100
2020-08-12 14:35:06.130,2.903,4200.0,2.918,2.886795,2.904,2.916,2.894,10600,2.892,10000,2.89,2000,2.888,300,2.882,14600,2.88,5000,2.877,2000,2.872,10000,2.87,100,2.868,10000,2.906,1200,2.908,11200,2.916,1000,2.918,1500,2.93,2000,2.933,100,2.94,3100,2.941,3100,2.942,3100,2.943,3100
2020-08-12 14:36:10.940,2.906,1200.0,2.918,2.8868259999999997,2.902,2.916,2.906,900,2.895,2000,2.894,10600,2.893,10000,2.892,10000,2.89,2000,2.888,300,2.882,14600,2.88,5000,2.877,2000,2.908,11200,2.916,1000,2.918,1500,2.93,2000,2.933,100,2.94,3100,2.941,3100,2.942,3100,2.943,3100,2.944,3100
2020-08-12 14:36:24.670,2.906,900.0,2.918,2.886849,2.902,2.916,2.894,10600,2.893,10000,2.892,10000,2.89,2000,2.888,300,2.882,14600,2.88,5000,2.877,2000,2.872,10000,2.87,100,2.906,2200,2.908,11200,2.916,1000,2.918,1500,2.93,2000,2.933,100,2.94,3100,2.941,3100,2.942,3100,2.943,3100
2020-08-12 14:38:37.280,2.894,600.0,2.918,2.8868549999999997,2.898,2.916,2.89,2000,2.888,300,2.882,14600,2.88,5000,2.877,2000,2.872,10000,2.87,100,2.868,10000,2.864,4900,2.863,1900,2.894,800,2.906,13200,2.908,11200,2.918,1500,2.929,5000,2.93,2000,2.933,100,2.94,3100,2.941,3100,2.942,3100
2020-08-12 14:38:52.810,2.89,2000.0,2.918,2.886863,2.898,2.916,2.888,300,2.882,14600,2.88,5000,2.877,2000,2.872,10000,2.87,100,2.868,10000,2.864,4900,2.863,1900,2.862,8600,2.89,45100,2.905,100,2.906,13200,2.908,11200,2.918,1500,2.929,5000,2.93,2000,2.933,100,2.94,3100,2.941,3100
2020-08-12 14:39:12.840,2.89,45100.0,2.918,2.8870400000000003,2.897,2.916,2.89,54900,2.889,10000,2.888,300,2.882,14600,2.88,5000,2.877,2000,2.872,10000,2.87,100,2.868,10000,2.864,4900,2.905,100,2.906,13200,2.908,11200,2.918,1500,2.929,5000,2.93,2000,2.933,100,2.94,3100,2.941,3100,2.942,3100
2020-08-12 14:39:13.210,2.89,47100.0,2.918,2.887205,2.898,2.916,2.89,7800,2.889,10000,2.888,300,2.882,14600,2.88,5000,2.877,2000,2.872,10000,2.87,100,2.868,10000,2.864,4900,2.905,100,2.906,13200,2.908,11200,2.918,1500,2.929,5000,2.93,2000,2.933,100,2.94,3100,2.941,3100,2.942,3100
2020-08-12 14:40:01.920,2.905,100.0,2.918,2.887207,2.899,2.916,2.905,1300,2.89,7800,2.889,10000,2.888,300,2.882,14600,2.88,5000,2.877,2000,2.872,10000,2.87,100,2.868,10000,2.906,13200,2.908,11200,2.918,1500,2.929,5000,2.93,2000,2.933,100,2.94,3100,2.941,3100,2.942,3100,2.943,3100
2020-08-12 14:40:27.920,2.891,5300.0,2.918,2.887252,2.899,2.916,2.891,6000,2.89,7800,2.889,10000,2.888,300,2.882,14600,2.88,5000,2.877,2000,2.872,10000,2.87,100,2.868,10000,2.906,13200,2.908,11200,2.918,1500,2.929,5000,2.93,2000,2.933,100,2.94,3100,2.941,3100,2.942,3100,2.943,3100
2020-08-12 14:43:11.150,2.906,1000.0,2.918,2.887274,2.901,2.916,2.892,10000,2.891,6000,2.89,8800,2.889,10000,2.888,300,2.882,14600,2.88,5000,2.877,2000,2.872,10000,2.87,100,2.906,12200,2.908,11200,2.918,1500,2.929,5000,2.93,2000,2.933,100,2.94,3100,2.941,3100,2.942,3100,2.943,3100
2020-08-12 14:49:21.820,2.905,400.0,2.918,2.887283,2.903,2.916,2.893,1000,2.892,46600,2.891,8000,2.89,18800,2.888,300,2.882,14600,2.88,5000,2.877,2000,2.872,10000,2.87,100,2.905,1100,2.906,2200,2.907,100,2.908,22500,2.918,1500,2.929,5000,2.93,2000,2.932,39700,2.933,100,2.94,3100
2020-08-12 14:49:47.470,2.905,1100.0,2.918,2.887305,2.903,2.916,2.905,97200,2.893,1000,2.892,46600,2.891,8000,2.89,18800,2.888,300,2.882,14600,2.88,5000,2.877,2000,2.872,10000,2.906,2200,2.907,100,2.908,22500,2.918,1500,2.929,5000,2.93,2000,2.932,39700,2.933,100,2.94,3100,2.941,3100
2020-08-12 14:52:06.610,2.905,2400.0,2.918,2.887355,2.902,2.916,2.905,94800,2.893,1000,2.892,46600,2.891,8000,2.89,18800,2.888,300,2.882,14600,2.88,5000,2.877,2000,2.872,10000,2.906,2200,2.907,100,2.908,22500,2.918,1500,2.929,5000,2.93,2000,2.932,39700,2.933,100,2.94,3100,2.941,3100
2020-08-12 14:52:15.310,2.905,3100.0,2.918,2.887419,2.901,2.916,2.905,91700,2.893,1000,2.892,46600,2.891,8000,2.89,18800,2.888,300,2.882,14600,2.88,5000,2.877,2000,2.872,10000,2.906,2200,2.907,100,2.908,22500,2.918,1500,2.929,5000,2.93,2000,2.932,39700,2.933,100,2.94,3100,2.941,3100
2020-08-12 14:52:19.790,2.905,10000.0,2.918,2.8876209999999998,2.902,2.916,2.905,81700,2.893,1000,2.892,46600,2.891,8000,2.89,18800,2.888,300,2.882,14600,2.88,5000,2.877,2000,2.872,10000,2.906,2200,2.907,100,2.908,22500,2.918,1500,2.929,5000,2.93,2000,2.932,39700,2.933,100,2.94,3100,2.941,3100
2020-08-12 14:52:21.010,2.905,44200.0,2.918,2.8884630000000002,2.902,2.916,2.905,37500,2.893,1000,2.892,46600,2.891,8000,2.89,18800,2.888,300,2.882,14600,2.88,5000,2.877,2000,2.872,10000,2.906,2200,2.907,100,2.908,22500,2.918,1500,2.929,5000,2.93,2000,2.932,39700,2.933,100,2.94,3100,2.941,3100
2020-08-12 14:52:31.980,2.905,3000.0,2.918,2.888517,2.901,2.916,2.905,34500,2.893,1000,2.892,46600,2.891,8000,2.89,18800,2.888,300,2.882,14600,2.88,5000,2.877,2000,2.872,10000,2.906,2200,2.907,100,2.908,22500,2.918,1500,2.929,5000,2.93,2000,2.932,39700,2.933,100,2.94,3100,2.941,3100
2020-08-12 14:54:12.580,2.905,5100.0,2.918,2.888608,2.902,2.916,2.905,29400,2.893,1000,2.892,46600,2.891,8000,2.89,18800,2.888,300,2.882,14600,2.88,5000,2.877,2000,2.872,10000,2.906,1000,2.907,100,2.908,22500,2.918,1500,2.929,5000,2.93,2000,2.932,39700,2.933,100,2.94,3100,2.941,3100
2020-08-12 14:56:15.250,2.905,5200.0,2.918,2.8887,2.903,2.916,2.905,34200,2.893,1000,2.892,46600,2.891,8000,2.89,18800,2.888,300,2.882,14600,2.88,5000,2.877,2000,2.872,10000,2.906,22600,2.907,100,2.908,900,2.918,1500,2.929,5000,2.93,2000,2.932,39700,2.933,100,2.94,3100,2.941,3100
2020-08-12 14:56:48.760,2.906,10000.0,2.918,2.8888849999999997,2.904,2.916,2.905,34200,2.893,1000,2.892,46600,2.891,8000,2.89,18800,2.888,300,2.882,9600,2.88,5000,2.877,2000,2.872,10000,2.906,12600,2.907,100,2.908,900,2.918,1500,2.929,5000,2.93,2000,2.932,39700,2.933,100,2.94,3100,2.941,3100
2020-08-12 14:57:55.770,2.906,1000.0,2.918,2.888903,2.904,2.916,2.905,36200,2.893,1000,2.892,46600,2.891,8000,2.89,18800,2.888,300,2.882,9600,2.88,5000,2.877,2000,2.872,10000,2.906,11600,2.907,100,2.908,900,2.918,1500,2.929,5000,2.93,2000,2.932,39700,2.933,100,2.94,3100,2.941,3100
2020-08-12 14:57:57.080,2.905,100.0,2.918,2.888905,2.904,2.916,2.905,36100,2.893,1000,2.892,46600,2.891,8000,2.89,18800,2.888,300,2.882,9600,2.88,5000,2.877,2000,2.872,10000,2.906,11600,2.907,100,2.908,900,2.918,1500,2.929,5000,2.93,2000,2.932,39700,2.933,100,2.94,3100,2.941,3100
2020-08-12 14:58:04.240,2.906,500.0,2.918,2.8889139999999998,2.904,2.916,2.905,36100,2.895,100,2.893,1000,2.892,46600,2.891,8000,2.89,18800,2.888,300,2.882,9600,2.88,5000,2.877,2000,2.906,11100,2.907,100,2.908,900,2.918,1500,2.929,5000,2.93,2000,2.932,39700,2.933,100,2.94,3100,2.941,3100
2020-08-12 14:58:27.080,2.906,2000.0,2.918,2.88895,2.904,2.916,2.905,36100,2.895,100,2.893,1000,2.892,46600,2.891,8000,2.89,18800,2.888,300,2.882,9600,2.88,5000,2.877,2000,2.906,9100,2.907,100,2.908,900,2.918,1500,2.929,5000,2.93,2000,2.932,39700,2.933,100,2.94,3100,2.941,3100
2020-08-12 14:59:45.670,2.905,2000.0,2.918,2.888984,2.904,2.916,2.905,34100,2.895,100,2.893,1000,2.892,36600,2.891,8000,2.89,11000,2.888,300,2.882,9600,2.88,5000,2.877,2000,2.906,9100,2.907,100,2.908,900,2.918,1500,2.929,5000,2.93,2000,2.932,39700,2.933,100,2.94,3100,2.941,3100
2020-08-12 14:59:47.780,2.906,5200.0,2.918,2.889078,2.904,2.916,2.905,34100,2.895,100,2.893,1000,2.892,36600,2.891,8000,2.89,11000,2.888,300,2.882,9600,2.88,5000,2.877,2000,2.906,3900,2.907,100,2.908,900,2.918,1500,2.929,5000,2.93,2000,2.932,39700,2.933,100,2.94,3100,2.941,3100
