Datetime,Price,Volume
2020-08-19 09:25:00.420,3.412,100
2020-08-19 09:25:00.420,3.412,400
2020-08-19 09:25:00.420,3.412,19600
2020-08-19 09:25:00.420,3.412,1000
2020-08-19 09:25:00.420,3.412,600
2020-08-19 09:25:00.420,3.412,11200
2020-08-19 09:25:00.420,3.412,2000
2020-08-19 09:25:00.420,3.412,24700
2020-08-19 09:25:00.420,3.412,1700
2020-08-19 09:25:00.420,3.412,22300
2020-08-19 09:25:00.420,3.412,66
2020-08-19 09:25:00.420,3.412,200
2020-08-19 09:25:00.420,3.412,78
2020-08-19 09:25:00.420,3.412,200
2020-08-19 09:25:00.420,3.412,756
2020-08-19 09:25:00.420,3.412,9244
2020-08-19 09:25:00.420,3.412,200
2020-08-19 09:25:00.420,3.412,556
2020-08-19 09:25:00.420,3.412,100
2020-08-19 09:25:00.420,3.412,100
2020-08-19 09:25:00.420,3.412,100
2020-08-19 09:25:00.420,3.412,15000
2020-08-19 09:25:00.420,3.412,2200
2020-08-19 09:25:00.420,3.412,100
2020-08-19 09:25:00.420,3.412,11844
2020-08-19 09:25:00.420,3.412,14400
2020-08-19 09:25:00.420,3.412,3000
2020-08-19 09:25:00.420,3.412,756
2020-08-19 09:25:00.420,3.412,5244
2020-08-19 09:25:00.420,3.412,5000
2020-08-19 09:25:00.420,3.412,100
2020-08-19 09:25:00.420,3.412,6000
2020-08-19 09:25:00.420,3.412,15000
2020-08-19 09:25:00.420,3.412,5000
2020-08-19 09:25:00.420,3.412,2000
2020-08-19 09:25:00.420,3.412,3000
2020-08-19 09:25:00.420,3.412,6000
2020-08-19 09:25:00.420,3.412,2900
2020-08-19 09:25:00.420,3.412,15600
2020-08-19 09:25:00.420,3.412,100
2020-08-19 09:25:00.420,3.412,2900
2020-08-19 09:25:00.420,3.412,31156
2020-08-19 09:25:00.420,3.412,3300
2020-08-19 09:25:00.420,3.412,1000
2020-08-19 09:25:00.420,3.412,8800
2020-08-19 09:25:00.420,3.412,8000
2020-08-19 09:25:00.420,3.412,10000
2020-08-19 09:25:00.420,3.412,1000
2020-08-19 09:25:00.420,3.412,2900
2020-08-19 09:25:00.420,3.412,100
2020-08-19 09:25:00.420,3.412,100
2020-08-19 09:25:00.420,3.412,4444
2020-08-19 09:25:00.420,3.412,556
2020-08-19 09:25:00.420,3.412,10000
2020-08-19 09:25:00.420,3.412,200
2020-08-19 09:25:00.420,3.412,900
2020-08-19 09:25:00.420,3.412,100
2020-08-19 09:25:00.420,3.412,5900
2020-08-19 09:25:00.420,3.412,1344
2020-08-19 09:25:00.420,3.412,556
2020-08-19 09:25:00.420,3.412,9000
2020-08-19 09:25:00.420,3.412,300
2020-08-19 09:25:00.420,3.412,3000
2020-08-19 09:25:00.420,3.412,500
2020-08-19 09:25:00.420,3.412,6900
2020-08-19 09:25:00.420,3.412,1300
2020-08-19 09:25:00.420,3.412,800
2020-08-19 09:25:00.420,3.412,100
2020-08-19 09:25:00.420,3.412,500
2020-08-19 09:25:00.420,3.412,300
2020-08-19 09:25:00.420,3.412,100
2020-08-19 09:25:00.420,3.412,300
2020-08-19 09:25:00.420,3.412,300
2020-08-19 09:25:00.420,3.412,23544
2020-08-19 09:25:00.420,3.412,6456
2020-08-19 09:25:00.420,3.412,1300
2020-08-19 09:25:00.420,3.412,100
2020-08-19 09:25:00.420,3.412,100
2020-08-19 09:25:00.420,3.412,1000
2020-08-19 09:25:00.420,3.412,1044
2020-08-19 09:25:00.420,3.412,956
2020-08-19 09:25:00.420,3.412,900
2020-08-19 09:25:00.420,3.412,200
2020-08-19 09:25:00.420,3.412,944
2020-08-19 09:25:00.420,3.412,1956
2020-08-19 09:25:00.420,3.412,4300
2020-08-19 09:25:00.420,3.412,13744
2020-08-19 09:25:00.420,3.412,16256
2020-08-19 09:25:00.420,3.412,200
2020-08-19 09:25:00.420,3.412,100
2020-08-19 09:25:00.420,3.412,1500
2020-08-19 09:25:00.420,3.412,200
2020-08-19 09:25:00.420,3.412,1744
2020-08-19 09:25:00.420,3.412,256
2020-08-19 09:25:00.420,3.412,4744
2020-08-19 09:25:00.420,3.412,700
2020-08-19 09:25:00.420,3.412,556
2020-08-19 09:25:00.420,3.412,100
2020-08-19 09:25:00.420,3.412,300
2020-08-19 09:30:00.070,3.412,9044
2020-08-19 09:30:00.070,3.412,1400
2020-08-19 09:30:00.070,3.412,2000
2020-08-19 09:30:00.070,3.412,100
2020-08-19 09:30:00.070,3.412,200
2020-08-19 09:30:00.070,3.412,200
2020-08-19 09:30:00.070,3.412,1000
2020-08-19 09:30:00.070,3.412,200
2020-08-19 09:30:00.070,3.412,100
2020-08-19 09:30:00.070,3.412,100
2020-08-19 09:30:00.070,3.412,400
2020-08-19 09:30:00.070,3.412,100
2020-08-19 09:30:00.070,3.412,6000
2020-08-19 09:30:00.070,3.412,700
2020-08-19 09:30:00.070,3.412,5000
2020-08-19 09:30:00.070,3.412,12200
2020-08-19 09:30:00.070,3.412,15200
2020-08-19 09:30:00.070,3.412,5000
2020-08-19 09:30:00.070,3.412,1500
2020-08-19 09:30:00.070,3.412,100
2020-08-19 09:30:00.070,3.412,1000
2020-08-19 09:30:00.070,3.412,8456
2020-08-19 09:30:00.100,3.412,100
2020-08-19 09:30:00.250,3.411,200
2020-08-19 09:30:00.250,3.411,12500
2020-08-19 09:30:00.380,3.412,1444
2020-08-19 09:30:00.380,3.412,1756
2020-08-19 09:30:00.640,3.412,1244
2020-08-19 09:30:00.640,3.412,8756
2020-08-19 09:30:00.640,3.411,5000
2020-08-19 09:30:00.700,3.412,1244
2020-08-19 09:30:00.700,3.412,456
2020-08-19 09:30:00.700,3.412,5544
2020-08-19 09:30:00.700,3.412,4000
2020-08-19 09:30:00.700,3.412,100
2020-08-19 09:30:00.700,3.412,356
2020-08-19 09:30:00.870,3.411,22500
2020-08-19 09:30:00.870,3.411,500
2020-08-19 09:30:00.870,3.411,2000
2020-08-19 09:30:00.870,3.411,10200
2020-08-19 09:30:00.970,3.411,100
2020-08-19 09:30:01.020,3.411,100
2020-08-19 09:30:01.020,3.412,9000
2020-08-19 09:30:01.100,3.411,9200
2020-08-19 09:30:01.150,3.411,9600
2020-08-19 09:30:01.150,3.41,200
2020-08-19 09:30:01.150,3.41,1000
2020-08-19 09:30:01.150,3.41,100
2020-08-19 09:30:01.150,3.41,12700
2020-08-19 09:30:01.150,3.41,200
2020-08-19 09:30:01.150,3.41,9300
2020-08-19 09:30:01.150,3.41,1500
2020-08-19 09:30:01.230,3.412,23500
2020-08-19 09:30:01.270,3.412,100
2020-08-19 09:30:01.370,3.412,300
2020-08-19 09:30:01.750,3.411,1600
2020-08-19 09:30:01.880,3.411,100
2020-08-19 09:30:02.000,3.411,5900
2020-08-19 09:30:02.080,3.411,100
2020-08-19 09:30:02.120,3.41,1000
2020-08-19 09:30:02.120,3.409,2000
2020-08-19 09:30:02.120,3.409,200
2020-08-19 09:30:02.120,3.409,1800
2020-08-19 09:30:02.150,3.411,100
2020-08-19 09:30:02.260,3.411,900
2020-08-19 09:30:02.700,3.411,11300
2020-08-19 09:30:02.700,3.411,700
2020-08-19 09:30:03.580,3.411,1000
2020-08-19 09:30:03.700,3.41,200
2020-08-19 09:30:04.080,3.41,1000
2020-08-19 09:30:04.080,3.41,1400
2020-08-19 09:30:04.890,3.411,21300
2020-08-19 09:30:04.890,3.411,500
2020-08-19 09:30:04.990,3.41,6000
2020-08-19 09:30:05.090,3.411,10700
2020-08-19 09:30:05.090,3.411,4000
2020-08-19 09:30:05.140,3.41,5600
2020-08-19 09:30:05.330,3.41,5000
2020-08-19 09:30:05.480,3.41,80800
2020-08-19 09:30:05.480,3.409,1200
2020-08-19 09:30:05.480,3.409,600
2020-08-19 09:30:05.480,3.409,10000
2020-08-19 09:30:05.480,3.409,500
2020-08-19 09:30:05.480,3.409,6900
2020-08-19 09:30:05.970,3.411,6000
2020-08-19 09:30:05.970,3.411,4000
2020-08-19 09:30:06.560,3.411,1000
2020-08-19 09:30:06.610,3.409,30000
2020-08-19 09:30:07.490,3.41,20000
2020-08-19 09:30:08.040,3.409,11600
2020-08-19 09:30:08.300,3.411,4500
2020-08-19 09:30:08.300,3.411,500
2020-08-19 09:30:08.300,3.411,25000
2020-08-19 09:30:08.300,3.411,24500
2020-08-19 09:30:08.570,3.41,2000
2020-08-19 09:30:08.570,3.409,29200
2020-08-19 09:30:08.570,3.409,10000
2020-08-19 09:30:08.570,3.409,1000
2020-08-19 09:30:08.570,3.409,20000
2020-08-19 09:30:08.570,3.409,373500
2020-08-19 09:30:08.570,3.408,200
2020-08-19 09:30:08.570,3.408,100000
2020-08-19 09:30:08.570,3.408,10000
2020-08-19 09:30:08.710,3.408,100
2020-08-19 09:30:09.850,3.408,1500
2020-08-19 09:30:09.890,3.407,200
2020-08-19 09:30:09.890,3.407,5000
2020-08-19 09:30:09.890,3.407,100
2020-08-19 09:30:09.890,3.407,100
2020-08-19 09:30:09.890,3.406,200
2020-08-19 09:30:09.890,3.406,5000
2020-08-19 09:30:09.890,3.406,10000
2020-08-19 09:30:09.890,3.406,64500
2020-08-19 09:30:10.010,3.408,2000
2020-08-19 09:30:10.440,3.408,2000
2020-08-19 09:30:11.000,3.408,200
2020-08-19 09:30:11.390,3.406,6000
2020-08-19 09:30:11.900,3.408,40100
2020-08-19 09:30:12.650,3.406,5100
2020-08-19 09:30:14.990,3.406,218000
2020-08-19 09:30:16.100,3.406,600
2020-08-19 09:30:16.350,3.407,8500
2020-08-19 09:30:16.430,3.407,5000
2020-08-19 09:30:17.560,3.406,5800
2020-08-19 09:30:20.220,3.405,2000
2020-08-19 09:30:20.220,3.405,200
2020-08-19 09:30:20.220,3.405,2000
2020-08-19 09:30:20.220,3.405,1000
2020-08-19 09:30:20.220,3.405,1800
2020-08-19 09:30:21.020,3.405,8200
2020-08-19 09:30:21.020,3.405,100000
2020-08-19 09:30:21.020,3.405,5000
2020-08-19 09:30:21.020,3.405,5000
2020-08-19 09:30:21.020,3.405,285700
2020-08-19 09:30:21.170,3.406,3000
2020-08-19 09:30:23.040,3.405,4400
2020-08-19 09:30:23.420,3.406,3000
2020-08-19 09:30:24.730,3.406,500
2020-08-19 09:30:24.970,3.405,9900
2020-08-19 09:30:25.620,3.405,900
2020-08-19 09:30:29.410,3.404,100
2020-08-19 09:30:29.410,3.404,200
2020-08-19 09:30:29.410,3.404,300
2020-08-19 09:30:29.410,3.404,3000
2020-08-19 09:30:29.410,3.404,5400
2020-08-19 09:30:29.640,3.404,17100
2020-08-19 09:30:29.640,3.404,5000
2020-08-19 09:30:29.640,3.404,33600
2020-08-19 09:30:30.130,3.405,159200
2020-08-19 09:30:30.130,3.405,1000
2020-08-19 09:30:30.130,3.405,1000
2020-08-19 09:30:30.130,3.406,100000
2020-08-19 09:30:30.130,3.406,100
2020-08-19 09:30:30.130,3.407,10000
2020-08-19 09:30:30.130,3.407,28700
2020-08-19 09:30:31.130,3.405,1900
2020-08-19 09:30:31.130,3.407,1100
2020-08-19 09:30:31.350,3.405,6023
2020-08-19 09:30:31.620,3.405,3977
2020-08-19 09:30:31.620,3.404,16523
2020-08-19 09:30:31.930,3.404,17700
2020-08-19 09:30:32.030,3.404,14600
2020-08-19 09:30:32.650,3.405,10000
2020-08-19 09:30:33.860,3.404,10000
2020-08-19 09:30:34.080,3.404,300
2020-08-19 09:30:34.170,3.405,227600
2020-08-19 09:30:34.630,3.404,247200
2020-08-19 09:30:34.790,3.404,6700
2020-08-19 09:30:34.880,3.404,7800
2020-08-19 09:30:34.970,3.404,19700
2020-08-19 09:30:35.360,3.404,3600
2020-08-19 09:30:35.830,3.404,5000
2020-08-19 09:30:36.040,3.404,6100
2020-08-19 09:30:36.190,3.405,300000
2020-08-19 09:30:36.320,3.404,11177
2020-08-19 09:30:36.320,3.404,41300
2020-08-19 09:30:36.320,3.404,100000
2020-08-19 09:30:36.410,3.403,100
2020-08-19 09:30:36.410,3.403,200
2020-08-19 09:30:36.410,3.403,3400
2020-08-19 09:30:36.410,3.403,3100
2020-08-19 09:30:36.410,3.403,3100
2020-08-19 09:30:36.410,3.403,3100
2020-08-19 09:30:36.410,3.403,400
2020-08-19 09:30:36.470,3.403,4600
2020-08-19 09:30:36.470,3.403,5000
2020-08-19 09:30:36.470,3.403,3000
2020-08-19 09:30:36.590,3.403,3000
2020-08-19 09:30:36.590,3.403,2300
2020-08-19 09:30:36.830,3.403,3400
2020-08-19 09:30:36.830,3.403,4300
2020-08-19 09:30:36.830,3.403,6400
2020-08-19 09:30:36.860,3.403,3700
2020-08-19 09:30:37.080,3.403,12300
2020-08-19 09:30:37.110,3.404,20000
2020-08-19 09:30:37.290,3.403,2600
2020-08-19 09:30:37.480,3.404,900
2020-08-19 09:30:37.820,3.404,55723
2020-08-19 09:30:37.820,3.404,2900
2020-08-19 09:30:37.980,3.404,13900
2020-08-19 09:30:38.010,3.404,27477
2020-08-19 09:30:38.010,3.402,600
2020-08-19 09:30:38.010,3.402,200
2020-08-19 09:30:38.010,3.402,5000
2020-08-19 09:30:38.010,3.402,2000
2020-08-19 09:30:38.010,3.402,5000
2020-08-19 09:30:38.010,3.402,100
2020-08-19 09:30:38.010,3.402,5000
2020-08-19 09:30:38.010,3.401,100
2020-08-19 09:30:38.010,3.401,200
2020-08-19 09:30:38.010,3.401,5000
2020-08-19 09:30:38.010,3.401,3000
2020-08-19 09:30:38.010,3.401,600
2020-08-19 09:30:38.010,3.401,100000
2020-08-19 09:30:38.010,3.401,1023
2020-08-19 09:30:38.130,3.401,600
2020-08-19 09:30:38.380,3.403,3000
2020-08-19 09:30:38.860,3.404,300
2020-08-19 09:30:40.250,3.403,400
2020-08-19 09:30:40.470,3.403,10000
2020-08-19 09:30:41.580,3.403,89600
2020-08-19 09:30:41.580,3.402,192500
2020-08-19 09:30:41.940,3.402,6700
2020-08-19 09:30:42.140,3.403,10000
2020-08-19 09:30:42.140,3.403,500
2020-08-19 09:30:43.250,3.403,31500
2020-08-19 09:30:43.290,3.404,500
2020-08-19 09:30:43.630,3.403,700
2020-08-19 09:30:44.190,3.404,200
2020-08-19 09:30:44.190,3.404,200
2020-08-19 09:30:44.190,3.405,15100
2020-08-19 09:30:45.220,3.404,500
2020-08-19 09:30:45.220,3.403,100
2020-08-19 09:30:45.220,3.401,3377
2020-08-19 09:30:45.220,3.401,5000
2020-08-19 09:30:45.220,3.401,6100
2020-08-19 09:30:45.220,3.401,1000
2020-08-19 09:30:45.220,3.401,11000
2020-08-19 09:30:45.220,3.401,149523
2020-08-19 09:30:49.000,3.403,2500
2020-08-19 09:30:49.640,3.403,200
2020-08-19 09:30:49.960,3.403,700
2020-08-19 09:30:51.040,3.403,6600
2020-08-19 09:30:51.040,3.403,2800
2020-08-19 09:30:51.100,3.403,200
2020-08-19 09:30:51.100,3.402,100
2020-08-19 09:30:51.100,3.401,477
2020-08-19 09:30:51.100,3.401,500
2020-08-19 09:30:51.100,3.401,2723
2020-08-19 09:30:52.130,3.403,5000
2020-08-19 09:30:52.620,3.403,9100
2020-08-19 09:30:53.040,3.404,1300
2020-08-19 09:30:53.130,3.403,46000
2020-08-19 09:30:53.220,3.403,1500
2020-08-19 09:30:54.080,3.403,10000
2020-08-19 09:30:54.780,3.403,25900
2020-08-19 09:30:54.780,3.403,5000
2020-08-19 09:30:55.180,3.403,79800
2020-08-19 09:30:55.630,3.404,500
2020-08-19 09:30:56.450,3.403,2300
2020-08-19 09:30:56.640,3.403,5000
2020-08-19 09:30:57.950,3.404,2600
2020-08-19 09:30:58.930,3.403,147700
2020-08-19 09:30:58.930,3.403,25400
2020-08-19 09:30:59.580,3.403,153700
2020-08-19 09:30:59.870,3.403,5000
2020-08-19 09:30:59.930,3.403,13200
2020-08-19 09:30:59.930,3.403,8600
2020-08-19 09:31:00.100,3.403,5000
2020-08-19 09:31:00.640,3.403,200
2020-08-19 09:31:01.400,3.402,100
2020-08-19 09:31:02.580,3.403,45400
2020-08-19 09:31:02.580,3.403,2000
2020-08-19 09:31:02.580,3.403,2000
2020-08-19 09:31:02.970,3.403,2000
2020-08-19 09:31:03.120,3.403,300
2020-08-19 09:31:03.680,3.404,8400
2020-08-19 09:31:03.870,3.403,3000
2020-08-19 09:31:04.550,3.403,14700
2020-08-19 09:31:04.550,3.403,15300
2020-08-19 09:31:04.950,3.403,284700
2020-08-19 09:31:04.950,3.402,10000
2020-08-19 09:31:04.950,3.402,50000
2020-08-19 09:31:04.950,3.402,50000
2020-08-19 09:31:04.950,3.402,50000
2020-08-19 09:31:04.950,3.402,23200
2020-08-19 09:31:04.950,3.402,116500
2020-08-19 09:31:04.950,3.402,6800
2020-08-19 09:31:05.270,3.401,500
2020-08-19 09:31:05.270,3.401,2800
2020-08-19 09:31:05.270,3.401,5000
2020-08-19 09:31:05.270,3.401,30000
2020-08-19 09:31:05.270,3.401,116500
2020-08-19 09:31:05.270,3.401,20500
2020-08-19 09:31:05.370,3.402,40000
2020-08-19 09:31:05.370,3.402,100000
2020-08-19 09:31:05.370,3.402,80000
2020-08-19 09:31:05.370,3.402,60000
2020-08-19 09:31:05.370,3.402,40000
2020-08-19 09:31:05.370,3.402,88800
2020-08-19 09:31:05.430,3.402,15600
2020-08-19 09:31:06.780,3.403,400
2020-08-19 09:31:06.780,3.404,3600
2020-08-19 09:31:07.590,3.402,4300
2020-08-19 09:31:07.840,3.404,100
2020-08-19 09:31:08.180,3.403,6800
2020-08-19 09:31:08.180,3.404,3200
2020-08-19 09:31:08.240,3.402,400
2020-08-19 09:31:08.610,3.402,95300
2020-08-19 09:31:08.610,3.402,204700
2020-08-19 09:31:08.930,3.402,95300
2020-08-19 09:31:08.930,3.401,3000
2020-08-19 09:31:08.930,3.401,87200
2020-08-19 09:31:09.150,3.404,2000
2020-08-19 09:31:10.040,3.402,50000
2020-08-19 09:31:10.290,3.401,12800
2020-08-19 09:31:10.290,3.401,8500
2020-08-19 09:31:10.290,3.4,2000
2020-08-19 09:31:10.290,3.4,800
2020-08-19 09:31:10.290,3.4,500
2020-08-19 09:31:10.290,3.4,4900
2020-08-19 09:31:10.290,3.4,100
2020-08-19 09:31:10.290,3.4,200
2020-08-19 09:31:10.290,3.4,1000
2020-08-19 09:31:10.290,3.4,50000
2020-08-19 09:31:10.290,3.4,100
2020-08-19 09:31:10.290,3.4,200
2020-08-19 09:31:10.290,3.4,1000
2020-08-19 09:31:10.290,3.4,8400
2020-08-19 09:31:11.170,3.402,1000
2020-08-19 09:31:11.360,3.402,40000
2020-08-19 09:31:12.080,3.402,50000
2020-08-19 09:31:12.080,3.402,50000
2020-08-19 09:31:12.110,3.402,50000
2020-08-19 09:31:12.730,3.402,500
2020-08-19 09:31:13.200,3.402,10000
2020-08-19 09:31:13.380,3.402,30000
2020-08-19 09:31:13.380,3.402,18500
2020-08-19 09:31:13.380,3.402,7000
2020-08-19 09:31:13.380,3.402,3600
2020-08-19 09:31:14.080,3.402,900
2020-08-19 09:31:14.080,3.402,1000
2020-08-19 09:31:14.410,3.402,19000
2020-08-19 09:31:14.410,3.402,31000
2020-08-19 09:31:14.730,3.403,5000
2020-08-19 09:31:14.730,3.404,2700
2020-08-19 09:31:14.730,3.404,1000
2020-08-19 09:31:14.730,3.404,1300
2020-08-19 09:31:15.260,3.402,30000
2020-08-19 09:31:15.260,3.401,30000
2020-08-19 09:31:15.260,3.401,35200
2020-08-19 09:31:16.010,3.402,300
2020-08-19 09:31:17.760,3.404,300000
2020-08-19 09:31:17.990,3.404,13700
2020-08-19 09:31:17.990,3.404,40000
2020-08-19 09:31:17.990,3.405,600
2020-08-19 09:31:17.990,3.405,1000
2020-08-19 09:31:17.990,3.405,244700
2020-08-19 09:31:18.220,3.406,1000
2020-08-19 09:31:18.220,3.406,1100
2020-08-19 09:31:18.350,3.402,1500
2020-08-19 09:31:21.400,3.403,1600
2020-08-19 09:31:21.440,3.404,500
2020-08-19 09:31:22.360,3.404,299500
2020-08-19 09:31:22.360,3.405,500
2020-08-19 09:31:23.250,3.404,100
2020-08-19 09:31:23.340,3.405,4500
2020-08-19 09:31:24.170,3.406,3900
2020-08-19 09:31:24.170,3.406,500
2020-08-19 09:31:24.720,3.407,500
2020-08-19 09:31:24.720,3.407,299500
2020-08-19 09:31:24.720,3.407,300000
2020-08-19 09:31:25.070,3.406,5000
2020-08-19 09:31:28.260,3.408,338200
2020-08-19 09:31:28.260,3.409,10000
2020-08-19 09:31:28.260,3.41,15000
2020-08-19 09:31:28.260,3.41,50000
2020-08-19 09:31:28.260,3.41,5000
2020-08-19 09:31:28.260,3.41,5000
2020-08-19 09:31:28.530,3.41,176800
2020-08-19 09:31:30.960,3.407,60000
2020-08-19 09:31:32.580,3.407,200
2020-08-19 09:31:32.670,3.407,10000
2020-08-19 09:31:33.680,3.408,27800
2020-08-19 09:31:33.680,3.407,79400
2020-08-19 09:31:34.180,3.409,50000
2020-08-19 09:31:34.830,3.407,3000
2020-08-19 09:31:35.140,3.409,2000
2020-08-19 09:31:35.200,3.407,7700
2020-08-19 09:31:36.100,3.408,1000
2020-08-19 09:31:37.240,3.408,400
2020-08-19 09:31:37.940,3.408,16000
2020-08-19 09:31:38.480,3.408,18700
2020-08-19 09:31:40.870,3.408,2000
2020-08-19 09:31:41.420,3.408,48000
2020-08-19 09:31:41.420,3.407,3000
2020-08-19 09:31:41.420,3.406,45000
2020-08-19 09:31:41.420,3.406,4000
2020-08-19 09:31:41.780,3.406,400
2020-08-19 09:31:42.570,3.409,4000
2020-08-19 09:31:42.650,3.408,50000
2020-08-19 09:31:45.730,3.408,10000
2020-08-19 09:31:46.500,3.408,51900
2020-08-19 09:31:46.500,3.408,2400
2020-08-19 09:31:46.790,3.408,8500
2020-08-19 09:31:48.680,3.408,700
2020-08-19 09:31:49.250,3.408,251500
2020-08-19 09:31:51.460,3.407,1000
2020-08-19 09:31:51.460,3.407,100
2020-08-19 09:31:52.640,3.408,5000
2020-08-19 09:31:52.670,3.407,9900
2020-08-19 09:31:52.670,3.407,100
2020-08-19 09:31:54.300,3.407,2900
2020-08-19 09:31:54.300,3.407,50000
2020-08-19 09:31:54.300,3.407,50000
2020-08-19 09:31:54.300,3.407,50000
2020-08-19 09:31:54.300,3.407,47100
2020-08-19 09:31:55.520,3.408,300
2020-08-19 09:31:55.760,3.408,27000
2020-08-19 09:31:56.930,3.408,21200
2020-08-19 09:31:56.930,3.408,2100
2020-08-19 09:31:57.520,3.408,3000
2020-08-19 09:31:58.000,3.408,77900
2020-08-19 09:31:58.000,3.408,2000
2020-08-19 09:31:58.330,3.407,14800
2020-08-19 09:32:00.380,3.408,100
2020-08-19 09:32:00.670,3.408,200
2020-08-19 09:32:00.770,3.408,14900
2020-08-19 09:32:01.280,3.408,4900
2020-08-19 09:32:01.280,3.408,2000
2020-08-19 09:32:03.600,3.408,7000
2020-08-19 09:32:03.600,3.407,38100
2020-08-19 09:32:03.600,3.407,100
2020-08-19 09:32:03.600,3.406,40300
2020-08-19 09:32:03.600,3.405,36600
2020-08-19 09:32:03.600,3.404,100
2020-08-19 09:32:03.600,3.404,17600
2020-08-19 09:32:03.600,3.404,30400
2020-08-19 09:32:03.600,3.404,1000
2020-08-19 09:32:03.600,3.404,2100
2020-08-19 09:32:03.600,3.404,26700
2020-08-19 09:32:04.210,3.406,100
2020-08-19 09:32:05.350,3.406,1000
2020-08-19 09:32:06.740,3.406,25600
2020-08-19 09:32:07.470,3.408,1000
2020-08-19 09:32:07.630,3.406,7000
2020-08-19 09:32:08.980,3.408,300
2020-08-19 09:32:09.960,3.408,1800
2020-08-19 09:32:09.960,3.408,13200
2020-08-19 09:32:10.200,3.407,100000
2020-08-19 09:32:12.630,3.407,12000
2020-08-19 09:32:13.140,3.407,3100
2020-08-19 09:32:13.360,3.407,12000
2020-08-19 09:32:14.450,3.407,20000
2020-08-19 09:32:17.320,3.407,400
2020-08-19 09:32:18.950,3.406,4300
2020-08-19 09:32:18.950,3.406,200
2020-08-19 09:32:18.950,3.406,4000
2020-08-19 09:32:18.950,3.406,500
2020-08-19 09:32:20.930,3.406,500
2020-08-19 09:32:21.280,3.406,7700
2020-08-19 09:32:21.630,3.406,1300
2020-08-19 09:32:21.630,3.406,50700
2020-08-19 09:32:21.630,3.406,5000
2020-08-19 09:32:21.630,3.406,900
2020-08-19 09:32:21.630,3.406,12900
2020-08-19 09:32:21.630,3.406,229200
2020-08-19 09:32:23.530,3.407,200
2020-08-19 09:32:23.530,3.407,600
2020-08-19 09:32:23.900,3.407,800
2020-08-19 09:32:24.820,3.407,2400
2020-08-19 09:32:24.820,3.407,9600
2020-08-19 09:32:25.520,3.407,8000
2020-08-19 09:32:26.880,3.407,1100
2020-08-19 09:32:26.880,3.407,800
2020-08-19 09:32:26.880,3.406,700
2020-08-19 09:32:27.490,3.407,1000
2020-08-19 09:32:27.710,3.407,2100
2020-08-19 09:32:27.710,3.408,3100
2020-08-19 09:32:27.710,3.408,200
2020-08-19 09:32:29.680,3.408,15400
2020-08-19 09:32:33.310,3.409,100
2020-08-19 09:32:34.350,3.408,14000
2020-08-19 09:32:34.810,3.409,4300
2020-08-19 09:32:38.060,3.409,500
2020-08-19 09:32:38.900,3.408,500
2020-08-19 09:32:39.110,3.408,264700
2020-08-19 09:32:39.110,3.408,100
2020-08-19 09:32:39.110,3.408,100
2020-08-19 09:32:39.110,3.408,9900
2020-08-19 09:32:39.110,3.408,1000
2020-08-19 09:32:40.860,3.408,20000
2020-08-19 09:32:42.520,3.408,1000
2020-08-19 09:32:42.740,3.408,1000
2020-08-19 09:32:42.770,3.408,2200
2020-08-19 09:32:42.770,3.408,200
2020-08-19 09:32:42.770,3.408,600
2020-08-19 09:32:43.140,3.407,100
2020-08-19 09:32:43.140,3.406,3800
2020-08-19 09:32:43.140,3.406,1000
2020-08-19 09:32:43.140,3.406,5000
2020-08-19 09:32:43.140,3.406,300
2020-08-19 09:32:43.140,3.406,1500
2020-08-19 09:32:43.140,3.405,2800
2020-08-19 09:32:43.140,3.405,10000
2020-08-19 09:32:43.140,3.405,93000
2020-08-19 09:32:43.140,3.405,82500
2020-08-19 09:32:45.890,3.407,100
2020-08-19 09:32:46.250,3.407,2000
2020-08-19 09:32:46.510,3.407,2000
2020-08-19 09:32:46.920,3.404,800
2020-08-19 09:32:47.920,3.404,3200
2020-08-19 09:32:47.920,3.404,200
2020-08-19 09:32:47.920,3.404,5300
2020-08-19 09:32:49.100,3.407,88900
2020-08-19 09:32:49.100,3.407,211100
2020-08-19 09:32:49.710,3.406,300
2020-08-19 09:32:49.980,3.405,2900
2020-08-19 09:32:52.550,3.406,600
2020-08-19 09:32:52.550,3.404,50000
2020-08-19 09:32:52.550,3.404,39400
2020-08-19 09:32:54.050,3.405,183500
2020-08-19 09:32:54.050,3.404,116500
2020-08-19 09:32:54.710,3.407,10000
2020-08-19 09:32:54.830,3.407,1000
2020-08-19 09:32:55.430,3.406,500
2020-08-19 09:32:55.880,3.406,3000
2020-08-19 09:32:56.230,3.406,2800
2020-08-19 09:32:56.230,3.407,30400
2020-08-19 09:32:56.230,3.407,60000
2020-08-19 09:32:56.230,3.407,8000
2020-08-19 09:32:57.270,3.407,30000
2020-08-19 09:32:57.750,3.407,15700
2020-08-19 09:32:59.300,3.407,40000
2020-08-19 09:32:59.500,3.407,200
2020-08-19 09:33:01.220,3.407,5000
2020-08-19 09:33:03.200,3.407,6800
2020-08-19 09:33:03.360,3.408,2700
2020-08-19 09:33:03.360,3.408,15600
2020-08-19 09:33:03.360,3.408,400
2020-08-19 09:33:03.360,3.408,19800
2020-08-19 09:33:03.360,3.408,4500
2020-08-19 09:33:04.290,3.408,5500
2020-08-19 09:33:04.290,3.408,2000
2020-08-19 09:33:04.290,3.408,9300
2020-08-19 09:33:04.470,3.407,103600
2020-08-19 09:33:04.680,3.406,44000
2020-08-19 09:33:05.270,3.407,10000
2020-08-19 09:33:05.300,3.407,500
2020-08-19 09:33:05.880,3.407,2000
2020-08-19 09:33:06.730,3.407,3000
2020-08-19 09:33:07.570,3.407,7500
2020-08-19 09:33:07.660,3.408,10000
2020-08-19 09:33:07.890,3.407,19500
2020-08-19 09:33:07.890,3.407,30000
2020-08-19 09:33:07.890,3.407,20000
2020-08-19 09:33:07.890,3.406,78700
2020-08-19 09:33:07.890,3.406,21300
2020-08-19 09:33:07.890,3.406,59500
2020-08-19 09:33:07.890,3.406,50000
2020-08-19 09:33:07.890,3.406,50000
2020-08-19 09:33:07.890,3.406,50000
2020-08-19 09:33:07.890,3.405,61100
2020-08-19 09:33:09.660,3.405,4500
2020-08-19 09:33:09.660,3.408,30700
2020-08-19 09:33:09.660,3.408,50000
2020-08-19 09:33:09.660,3.408,219300
2020-08-19 09:33:11.440,3.406,1000
2020-08-19 09:33:12.230,3.406,3000
2020-08-19 09:33:15.350,3.407,500
2020-08-19 09:33:15.350,3.407,3000
2020-08-19 09:33:15.350,3.407,9900
2020-08-19 09:33:15.410,3.407,7500
2020-08-19 09:33:15.650,3.407,200
2020-08-19 09:33:18.910,3.407,29100
2020-08-19 09:33:18.910,3.407,2000
2020-08-19 09:33:18.910,3.406,100000
2020-08-19 09:33:18.910,3.406,1000
2020-08-19 09:33:18.910,3.406,28600
2020-08-19 09:33:21.710,3.408,300000
2020-08-19 09:33:21.920,3.407,10000
2020-08-19 09:33:21.920,3.406,24200
2020-08-19 09:33:21.920,3.406,36600
2020-08-19 09:33:23.720,3.407,10000
2020-08-19 09:33:24.650,3.407,10000
2020-08-19 09:33:24.690,3.407,2000
2020-08-19 09:33:26.020,3.407,800
2020-08-19 09:33:28.500,3.407,900
2020-08-19 09:33:32.500,3.407,3000
2020-08-19 09:33:33.380,3.407,1000
2020-08-19 09:33:33.950,3.408,15000
2020-08-19 09:33:33.950,3.408,50000
2020-08-19 09:33:34.020,3.408,8000
2020-08-19 09:33:35.310,3.408,200
2020-08-19 09:33:36.450,3.408,7800
2020-08-19 09:33:36.570,3.408,58000
2020-08-19 09:33:36.570,3.408,300
2020-08-19 09:33:36.570,3.408,10000
2020-08-19 09:33:36.570,3.408,40000
2020-08-19 09:33:36.570,3.408,260000
2020-08-19 09:33:36.570,3.408,131700
2020-08-19 09:33:37.030,3.408,60000
2020-08-19 09:33:37.880,3.409,40000
2020-08-19 09:33:38.340,3.408,200
2020-08-19 09:33:38.430,3.408,1500
2020-08-19 09:33:38.740,3.409,7600
2020-08-19 09:33:38.740,3.409,100
2020-08-19 09:33:38.740,3.409,22300
2020-08-19 09:33:39.170,3.409,7700
2020-08-19 09:33:39.170,3.409,200
2020-08-19 09:33:41.570,3.408,3000
2020-08-19 09:33:42.950,3.408,7800
2020-08-19 09:33:43.400,3.408,2500
2020-08-19 09:33:45.320,3.41,10000
2020-08-19 09:33:45.320,3.41,1000
2020-08-19 09:33:45.320,3.41,1000
2020-08-19 09:33:45.320,3.41,1100
2020-08-19 09:33:45.320,3.41,1500
2020-08-19 09:33:45.320,3.41,2000
2020-08-19 09:33:45.320,3.41,2700
2020-08-19 09:33:45.320,3.41,5000
2020-08-19 09:33:45.320,3.41,100
2020-08-19 09:33:45.320,3.41,700
2020-08-19 09:33:48.980,3.41,200
2020-08-19 09:33:50.210,3.41,100
2020-08-19 09:33:50.830,3.41,100
2020-08-19 09:33:50.890,3.41,3000
2020-08-19 09:33:51.880,3.41,15200
2020-08-19 09:33:52.670,3.411,5500
2020-08-19 09:33:52.670,3.411,6100
2020-08-19 09:33:52.670,3.411,5000
2020-08-19 09:33:52.670,3.411,3000
2020-08-19 09:33:52.670,3.411,2900
2020-08-19 09:33:52.670,3.411,50000
2020-08-19 09:33:52.670,3.411,500
2020-08-19 09:33:52.670,3.411,500
2020-08-19 09:33:52.670,3.411,40000
2020-08-19 09:33:52.670,3.411,200
2020-08-19 09:33:52.670,3.411,5000
2020-08-19 09:33:52.670,3.411,100
2020-08-19 09:33:52.670,3.411,3000
2020-08-19 09:33:52.670,3.411,15000
2020-08-19 09:33:52.670,3.411,6000
2020-08-19 09:33:52.670,3.411,5000
2020-08-19 09:33:52.670,3.411,1500
2020-08-19 09:33:52.670,3.411,20000
2020-08-19 09:33:52.670,3.411,100
2020-08-19 09:33:52.670,3.411,20000
2020-08-19 09:33:52.700,3.412,30000
2020-08-19 09:33:52.700,3.412,40000
2020-08-19 09:33:52.700,3.412,200000
2020-08-19 09:33:52.700,3.412,100
2020-08-19 09:33:52.700,3.412,5000
2020-08-19 09:33:52.700,3.412,6000
2020-08-19 09:33:52.700,3.412,5000
2020-08-19 09:33:52.700,3.412,10000
2020-08-19 09:33:52.700,3.412,8400
2020-08-19 09:33:53.030,3.412,4600
2020-08-19 09:33:53.450,3.412,1500
2020-08-19 09:33:53.550,3.412,289400
2020-08-19 09:33:53.550,3.411,10600
2020-08-19 09:33:53.610,3.411,2000
2020-08-19 09:33:53.640,3.411,1000
2020-08-19 09:33:58.390,3.411,200
2020-08-19 09:33:58.850,3.411,10200
2020-08-19 09:34:00.880,3.412,1500
2020-08-19 09:34:02.190,3.411,100
2020-08-19 09:34:03.270,3.411,300
2020-08-19 09:34:03.520,3.412,1000
2020-08-19 09:34:03.580,3.412,37500
2020-08-19 09:34:03.580,3.412,9200
2020-08-19 09:34:04.570,3.412,100
2020-08-19 09:34:05.390,3.412,100
2020-08-19 09:34:05.580,3.412,3000
2020-08-19 09:34:06.660,3.412,17600
2020-08-19 09:34:06.660,3.412,10000
2020-08-19 09:34:06.660,3.412,23200
2020-08-19 09:34:06.660,3.412,9100
2020-08-19 09:34:07.120,3.412,900
2020-08-19 09:34:07.660,3.412,300
2020-08-19 09:34:07.760,3.412,100
2020-08-19 09:34:08.220,3.413,100
2020-08-19 09:34:08.220,3.413,100
2020-08-19 09:34:08.220,3.413,1700
2020-08-19 09:34:08.220,3.413,100
2020-08-19 09:34:08.220,3.413,2900
2020-08-19 09:34:08.220,3.413,2000
2020-08-19 09:34:08.220,3.413,1000
2020-08-19 09:34:08.220,3.413,22100
2020-08-19 09:34:08.780,3.413,8200
2020-08-19 09:34:08.780,3.413,200
2020-08-19 09:34:08.780,3.413,10000
2020-08-19 09:34:08.780,3.413,200
2020-08-19 09:34:08.780,3.413,600
2020-08-19 09:34:08.780,3.413,200
2020-08-19 09:34:08.780,3.413,5000
2020-08-19 09:34:08.780,3.413,100
2020-08-19 09:34:08.780,3.413,58000
2020-08-19 09:34:08.780,3.413,1000
2020-08-19 09:34:08.780,3.413,20000
2020-08-19 09:34:08.780,3.413,5000
2020-08-19 09:34:08.780,3.413,5000
2020-08-19 09:34:08.780,3.413,100
2020-08-19 09:34:08.780,3.413,100
2020-08-19 09:34:08.780,3.413,900
2020-08-19 09:34:08.780,3.413,2400
2020-08-19 09:34:08.780,3.413,31100
2020-08-19 09:34:08.780,3.413,2300
2020-08-19 09:34:09.110,3.413,3000
2020-08-19 09:34:09.660,3.413,5000
2020-08-19 09:34:10.160,3.413,10000
2020-08-19 09:34:11.350,3.413,300
2020-08-19 09:34:12.450,3.413,3000
2020-08-19 09:34:13.090,3.413,10000
2020-08-19 09:34:13.470,3.414,500
2020-08-19 09:34:13.470,3.414,200
2020-08-19 09:34:13.470,3.414,10000
2020-08-19 09:34:13.470,3.414,2000
2020-08-19 09:34:13.470,3.414,6000
2020-08-19 09:34:13.470,3.414,1700
2020-08-19 09:34:13.470,3.414,15000
2020-08-19 09:34:13.470,3.414,100
2020-08-19 09:34:13.470,3.414,1500
2020-08-19 09:34:13.470,3.414,50000
2020-08-19 09:34:13.470,3.414,8000
2020-08-19 09:34:13.470,3.414,5000
2020-08-19 09:34:15.300,3.413,1000
2020-08-19 09:34:15.340,3.413,1000
2020-08-19 09:34:17.020,3.414,100
2020-08-19 09:34:17.020,3.414,2000
2020-08-19 09:34:17.020,3.414,39300
2020-08-19 09:34:17.450,3.413,1000
2020-08-19 09:34:17.550,3.413,400
2020-08-19 09:34:17.550,3.414,50000
2020-08-19 09:34:18.250,3.413,114900
2020-08-19 09:34:18.250,3.413,56300
2020-08-19 09:34:18.890,3.413,29000
2020-08-19 09:34:19.270,3.412,500
2020-08-19 09:34:19.770,3.413,200
2020-08-19 09:34:20.600,3.413,200
2020-08-19 09:34:21.230,3.414,51200
2020-08-19 09:34:21.580,3.414,1100
2020-08-19 09:34:22.280,3.413,800
2020-08-19 09:34:23.000,3.413,299200
2020-08-19 09:34:23.170,3.413,600010
2020-08-19 09:34:23.510,3.413,100790
2020-08-19 09:34:23.940,3.413,1800
2020-08-19 09:34:25.220,3.413,25000
2020-08-19 09:34:25.980,3.413,1300
2020-08-19 09:34:26.770,3.412,10000
2020-08-19 09:34:26.890,3.412,600
2020-08-19 09:34:27.130,3.413,1000
2020-08-19 09:34:27.290,3.412,4400
2020-08-19 09:34:27.960,3.413,170110
2020-08-19 09:34:27.960,3.413,8800
2020-08-19 09:34:27.960,3.413,286000
2020-08-19 09:34:27.960,3.413,300000
2020-08-19 09:34:27.960,3.413,200
2020-08-19 09:34:27.960,3.414,200
2020-08-19 09:34:27.960,3.414,20000
2020-08-19 09:34:27.960,3.414,1000
2020-08-19 09:34:28.200,3.414,30000
2020-08-19 09:34:28.530,3.414,500
2020-08-19 09:34:29.180,3.414,115600
2020-08-19 09:34:29.180,3.414,20000
2020-08-19 09:34:29.180,3.414,10000
2020-08-19 09:34:29.180,3.414,30000
2020-08-19 09:34:29.180,3.414,7590
2020-08-19 09:34:29.460,3.413,5000
2020-08-19 09:34:29.460,3.412,35000
2020-08-19 09:34:29.460,3.412,100
2020-08-19 09:34:29.460,3.412,250000
2020-08-19 09:34:29.830,3.412,9900
2020-08-19 09:34:29.830,3.414,100
2020-08-19 09:34:30.100,3.414,6000
2020-08-19 09:34:32.030,3.413,1000
2020-08-19 09:34:32.650,3.413,9000
2020-08-19 09:34:32.650,3.413,1000
2020-08-19 09:34:34.180,3.413,7000
2020-08-19 09:34:34.180,3.413,600
2020-08-19 09:34:35.110,3.414,16310
2020-08-19 09:34:35.110,3.414,20000
2020-08-19 09:34:36.490,3.414,29200
2020-08-19 09:34:36.620,3.414,30000
2020-08-19 09:34:38.880,3.415,600
2020-08-19 09:34:38.880,3.415,700
2020-08-19 09:34:40.290,3.414,3100
2020-08-19 09:34:40.360,3.414,10000
2020-08-19 09:34:42.170,3.414,100
2020-08-19 09:34:42.210,3.414,4400
2020-08-19 09:34:43.260,3.414,35000
2020-08-19 09:34:43.510,3.414,1890
2020-08-19 09:34:44.050,3.413,500
2020-08-19 09:34:44.050,3.413,200
2020-08-19 09:34:44.050,3.413,100
2020-08-19 09:34:44.050,3.413,116000
2020-08-19 09:34:44.990,3.413,200
2020-08-19 09:34:47.310,3.414,200
2020-08-19 09:34:50.410,3.413,700
2020-08-19 09:34:51.310,3.414,810
2020-08-19 09:34:51.310,3.414,100
2020-08-19 09:34:51.310,3.415,8300
2020-08-19 09:34:51.310,3.415,10790
2020-08-19 09:34:52.630,3.413,22000
2020-08-19 09:34:52.980,3.414,600
2020-08-19 09:34:52.980,3.414,100
2020-08-19 09:34:52.980,3.415,9300
2020-08-19 09:34:53.320,3.413,100
2020-08-19 09:34:53.810,3.414,200
2020-08-19 09:34:54.110,3.414,2800
2020-08-19 09:34:54.110,3.414,10100
2020-08-19 09:34:54.760,3.414,100
2020-08-19 09:34:56.360,3.415,14510
2020-08-19 09:34:56.360,3.415,10000
2020-08-19 09:34:56.360,3.415,4000
2020-08-19 09:34:56.360,3.415,20000
2020-08-19 09:34:56.360,3.415,40000
2020-08-19 09:34:56.360,3.415,1800
2020-08-19 09:34:56.360,3.415,500
2020-08-19 09:34:56.360,3.415,10000
2020-08-19 09:34:56.360,3.415,200
2020-08-19 09:34:56.360,3.415,1000
2020-08-19 09:34:56.360,3.415,500
2020-08-19 09:34:56.360,3.415,200
2020-08-19 09:34:56.360,3.415,8500
2020-08-19 09:34:56.360,3.415,5000
2020-08-19 09:34:56.360,3.415,2000
2020-08-19 09:34:56.360,3.415,400
2020-08-19 09:34:56.360,3.415,20000
2020-08-19 09:34:56.360,3.415,6500
2020-08-19 09:34:56.360,3.415,200
2020-08-19 09:34:56.360,3.415,4400
2020-08-19 09:34:56.660,3.415,1000
2020-08-19 09:34:57.060,3.415,3000
2020-08-19 09:34:57.210,3.415,1000
2020-08-19 09:34:58.580,3.415,100
2020-08-19 09:34:58.890,3.415,1000
2020-08-19 09:35:00.100,3.416,12000
2020-08-19 09:35:00.100,3.416,400
2020-08-19 09:35:00.100,3.416,6000
2020-08-19 09:35:00.100,3.416,200
2020-08-19 09:35:00.100,3.416,1600
2020-08-19 09:35:00.100,3.416,200
2020-08-19 09:35:00.100,3.416,1200
2020-08-19 09:35:00.100,3.416,200
2020-08-19 09:35:00.100,3.416,200
2020-08-19 09:35:00.100,3.416,14500
2020-08-19 09:35:00.100,3.416,26100
2020-08-19 09:35:00.900,3.415,2500
2020-08-19 09:35:01.470,3.416,100
2020-08-19 09:35:01.820,3.416,3800
2020-08-19 09:35:01.820,3.416,3300
2020-08-19 09:35:01.820,3.416,300
2020-08-19 09:35:01.820,3.416,5000
2020-08-19 09:35:01.820,3.416,500
2020-08-19 09:35:01.820,3.416,13000
2020-08-19 09:35:01.820,3.416,5000
2020-08-19 09:35:01.820,3.416,10000
2020-08-19 09:35:01.970,3.416,10000
2020-08-19 09:35:02.760,3.416,54900
2020-08-19 09:35:02.760,3.416,8800
2020-08-19 09:35:02.950,3.415,296400
2020-08-19 09:35:02.950,3.415,3000
2020-08-19 09:35:03.810,3.415,100000
2020-08-19 09:35:06.040,3.416,2700
2020-08-19 09:35:06.040,3.414,5000
2020-08-19 09:35:06.920,3.416,1000
2020-08-19 09:35:06.950,3.416,2000
2020-08-19 09:35:10.400,3.415,67000
2020-08-19 09:35:12.200,3.416,10000
2020-08-19 09:35:13.400,3.416,7900
2020-08-19 09:35:15.290,3.416,5700
2020-08-19 09:35:15.480,3.415,3300
2020-08-19 09:35:16.650,3.414,1000
2020-08-19 09:35:17.020,3.415,16700
2020-08-19 09:35:17.020,3.416,3300
2020-08-19 09:35:17.220,3.414,8600
2020-08-19 09:35:17.220,3.414,300
2020-08-19 09:35:17.220,3.414,1600
2020-08-19 09:35:17.970,3.415,1000
2020-08-19 09:35:17.970,3.415,8300
2020-08-19 09:35:19.350,3.415,300
2020-08-19 09:35:20.080,3.415,100
2020-08-19 09:35:20.390,3.415,2900
2020-08-19 09:35:21.220,3.415,3200
2020-08-19 09:35:21.220,3.415,6000
2020-08-19 09:35:23.060,3.415,800
2020-08-19 09:35:23.060,3.415,100
2020-08-19 09:35:23.060,3.414,2100
2020-08-19 09:35:23.310,3.416,500
2020-08-19 09:35:23.530,3.416,500
2020-08-19 09:35:23.530,3.416,5400
2020-08-19 09:35:24.220,3.416,14600
2020-08-19 09:35:24.220,3.416,15000
2020-08-19 09:35:24.220,3.416,100
2020-08-19 09:35:24.220,3.416,3000
2020-08-19 09:35:24.220,3.416,17300
2020-08-19 09:35:24.840,3.414,5000
2020-08-19 09:35:25.110,3.415,100
2020-08-19 09:35:25.110,3.415,500
2020-08-19 09:35:25.110,3.414,400
2020-08-19 09:35:25.980,3.415,300
2020-08-19 09:35:27.160,3.415,5000
2020-08-19 09:35:27.500,3.415,24200
2020-08-19 09:35:27.500,3.415,2300
2020-08-19 09:35:28.440,3.415,2100
2020-08-19 09:35:29.740,3.415,1000
2020-08-19 09:35:29.950,3.415,5000
2020-08-19 09:35:30.670,3.415,1000
2020-08-19 09:35:31.310,3.415,400
2020-08-19 09:35:31.340,3.415,20000
2020-08-19 09:35:31.430,3.414,1100
2020-08-19 09:35:32.250,3.415,4400
2020-08-19 09:35:32.670,3.414,1700
2020-08-19 09:35:33.190,3.415,100
2020-08-19 09:35:33.250,3.415,5000
2020-08-19 09:35:33.890,3.415,100
2020-08-19 09:35:33.890,3.415,3000
2020-08-19 09:35:33.890,3.415,96900
2020-08-19 09:35:34.060,3.415,1000
2020-08-19 09:35:34.490,3.414,3000
2020-08-19 09:35:34.930,3.415,11100
2020-08-19 09:35:35.750,3.415,200
2020-08-19 09:35:36.000,3.414,800
2020-08-19 09:35:36.310,3.414,400
2020-08-19 09:35:36.370,3.415,2500
2020-08-19 09:35:37.050,3.414,25300
2020-08-19 09:35:37.050,3.414,10000
2020-08-19 09:35:37.050,3.414,1000
2020-08-19 09:35:37.050,3.414,600
2020-08-19 09:35:37.050,3.414,41600
2020-08-19 09:35:38.560,3.415,1000
2020-08-19 09:35:39.770,3.415,11000
2020-08-19 09:35:40.680,3.415,1000
2020-08-19 09:35:41.100,3.415,16300
2020-08-19 09:35:43.260,3.415,14600
2020-08-19 09:35:45.680,3.414,2500
2020-08-19 09:35:45.810,3.415,23300
2020-08-19 09:35:45.810,3.415,3000
2020-08-19 09:35:45.810,3.415,3000
2020-08-19 09:35:45.810,3.415,4000
2020-08-19 09:35:45.810,3.415,10000
2020-08-19 09:35:45.810,3.415,10000
2020-08-19 09:35:45.810,3.415,100
2020-08-19 09:35:45.810,3.415,39200
2020-08-19 09:35:45.810,3.415,1300
2020-08-19 09:35:45.810,3.415,70700
2020-08-19 09:35:45.810,3.415,3000
2020-08-19 09:35:45.810,3.415,31100
2020-08-19 09:35:45.810,3.415,10000
2020-08-19 09:35:45.810,3.415,500
2020-08-19 09:35:47.430,3.415,3000
2020-08-19 09:35:47.610,3.415,200
2020-08-19 09:35:47.760,3.415,5900
2020-08-19 09:35:48.330,3.415,24200
2020-08-19 09:35:49.140,3.415,50000
2020-08-19 09:35:49.720,3.415,6000
2020-08-19 09:35:49.840,3.416,1000
2020-08-19 09:35:51.240,3.415,100
2020-08-19 09:35:53.780,3.415,1400
2020-08-19 09:35:53.780,3.415,3000
2020-08-19 09:35:53.780,3.415,10000
2020-08-19 09:35:53.780,3.415,1300
2020-08-19 09:35:53.780,3.415,5000
2020-08-19 09:35:53.900,3.414,2000
2020-08-19 09:35:54.780,3.415,62800
2020-08-19 09:35:55.320,3.415,95400
2020-08-19 09:35:55.320,3.415,6000
2020-08-19 09:35:55.320,3.415,17300
2020-08-19 09:35:55.320,3.416,4000
2020-08-19 09:35:55.320,3.416,11100
2020-08-19 09:35:55.320,3.416,300
2020-08-19 09:35:55.320,3.416,4900
2020-08-19 09:35:55.320,3.416,2000
2020-08-19 09:35:55.320,3.416,74800
2020-08-19 09:35:55.320,3.416,100
2020-08-19 09:35:55.320,3.416,5000
2020-08-19 09:35:55.600,3.416,1600
2020-08-19 09:35:55.890,3.416,30000
2020-08-19 09:35:55.890,3.416,30000
2020-08-19 09:35:56.270,3.416,3000
2020-08-19 09:35:56.300,3.416,1500
2020-08-19 09:35:56.490,3.416,13000
2020-08-19 09:35:56.490,3.415,5000
2020-08-19 09:35:58.050,3.415,15000
2020-08-19 09:35:58.380,3.415,10000
2020-08-19 09:35:58.790,3.415,4000
2020-08-19 09:35:59.490,3.415,700
2020-08-19 09:36:00.500,3.415,1000
2020-08-19 09:36:00.920,3.414,300
2020-08-19 09:36:01.790,3.415,1300
2020-08-19 09:36:01.790,3.415,2200
2020-08-19 09:36:02.180,3.415,7800
2020-08-19 09:36:02.180,3.415,4900
2020-08-19 09:36:02.180,3.415,100
2020-08-19 09:36:02.180,3.415,5000
2020-08-19 09:36:02.180,3.415,10000
2020-08-19 09:36:02.180,3.415,10000
2020-08-19 09:36:02.180,3.415,5000
2020-08-19 09:36:03.010,3.415,10000
2020-08-19 09:36:04.330,3.415,10200
2020-08-19 09:36:04.840,3.415,2700
2020-08-19 09:36:05.270,3.416,100
2020-08-19 09:36:07.600,3.416,2400
2020-08-19 09:36:07.600,3.416,3600
2020-08-19 09:36:07.660,3.416,5800
2020-08-19 09:36:08.020,3.415,800
2020-08-19 09:36:08.430,3.415,18900
2020-08-19 09:36:11.240,3.416,5000
2020-08-19 09:36:11.240,3.416,5000
2020-08-19 09:36:12.990,3.416,7400
2020-08-19 09:36:13.180,3.415,10000
2020-08-19 09:36:13.860,3.415,5000
2020-08-19 09:36:14.090,3.415,30000
2020-08-19 09:36:15.810,3.415,42400
2020-08-19 09:36:15.810,3.415,10000
2020-08-19 09:36:15.810,3.415,1000
2020-08-19 09:36:15.810,3.415,500
2020-08-19 09:36:15.810,3.414,1700
2020-08-19 09:36:15.810,3.414,1000
2020-08-19 09:36:15.810,3.414,1200
2020-08-19 09:36:15.810,3.414,2000
2020-08-19 09:36:15.810,3.414,140200
2020-08-19 09:36:18.200,3.416,300
2020-08-19 09:36:19.390,3.415,20000
2020-08-19 09:36:20.350,3.416,5000
2020-08-19 09:36:20.500,3.415,15000
2020-08-19 09:36:20.500,3.415,5000
2020-08-19 09:36:20.530,3.415,30000
2020-08-19 09:36:21.190,3.415,3900
2020-08-19 09:36:21.220,3.415,10000
2020-08-19 09:36:21.470,3.415,1100
2020-08-19 09:36:22.040,3.414,26500
2020-08-19 09:36:22.290,3.415,2800
2020-08-19 09:36:25.990,3.414,12200
2020-08-19 09:36:26.830,3.415,10000
2020-08-19 09:36:28.520,3.414,500
2020-08-19 09:36:29.150,3.415,2800
2020-08-19 09:36:29.990,3.415,300
2020-08-19 09:36:30.590,3.415,2000
2020-08-19 09:36:30.740,3.414,3000
2020-08-19 09:36:31.980,3.415,10000
2020-08-19 09:36:32.730,3.415,6000
2020-08-19 09:36:32.930,3.414,7600
2020-08-19 09:36:32.930,3.414,22400
2020-08-19 09:36:32.930,3.414,10000
2020-08-19 09:36:33.720,3.414,6800
2020-08-19 09:36:34.640,3.414,1000
2020-08-19 09:36:35.360,3.415,23300
2020-08-19 09:36:35.860,3.415,200
2020-08-19 09:36:36.030,3.414,9800
2020-08-19 09:36:36.030,3.414,200
2020-08-19 09:36:36.100,3.415,500
2020-08-19 09:36:36.280,3.414,1800
2020-08-19 09:36:36.280,3.414,600
2020-08-19 09:36:36.340,3.414,100
2020-08-19 09:36:36.370,3.413,200
2020-08-19 09:36:37.340,3.414,400
2020-08-19 09:36:37.400,3.414,10000
2020-08-19 09:36:38.210,3.413,6800
2020-08-19 09:36:38.210,3.413,20000
2020-08-19 09:36:38.210,3.413,3200
2020-08-19 09:36:38.210,3.413,7100
2020-08-19 09:36:38.210,3.413,1000
2020-08-19 09:36:38.210,3.413,21900
2020-08-19 09:36:38.340,3.414,10000
2020-08-19 09:36:39.310,3.413,18300
2020-08-19 09:36:40.340,3.413,8600
2020-08-19 09:36:41.690,3.414,1400
2020-08-19 09:36:41.690,3.414,900
2020-08-19 09:36:41.690,3.414,1200
2020-08-19 09:36:42.280,3.412,6000
2020-08-19 09:36:42.280,3.412,5000
2020-08-19 09:36:42.280,3.412,10400
2020-08-19 09:36:42.280,3.412,1500
2020-08-19 09:36:42.280,3.411,10000
2020-08-19 09:36:42.280,3.411,10000
2020-08-19 09:36:42.280,3.411,100
2020-08-19 09:36:42.280,3.411,10000
2020-08-19 09:36:42.280,3.411,5200
2020-08-19 09:36:42.280,3.411,93000
2020-08-19 09:36:42.280,3.411,48800
2020-08-19 09:36:42.600,3.414,3000
2020-08-19 09:36:44.010,3.412,38500
2020-08-19 09:36:45.190,3.413,1000
2020-08-19 09:36:48.860,3.412,11500
2020-08-19 09:36:51.310,3.412,2000
2020-08-19 09:36:51.830,3.412,100
2020-08-19 09:36:53.050,3.412,300
2020-08-19 09:36:53.380,3.412,700
2020-08-19 09:36:54.580,3.412,75400
2020-08-19 09:36:54.580,3.412,32800
2020-08-19 09:36:54.580,3.412,300
2020-08-19 09:36:54.970,3.412,200000
2020-08-19 09:36:55.550,3.413,7100
2020-08-19 09:36:55.920,3.413,84900
2020-08-19 09:36:55.920,3.413,15000
2020-08-19 09:36:55.920,3.413,5000
2020-08-19 09:36:55.920,3.413,195100
2020-08-19 09:36:56.000,3.412,100
2020-08-19 09:36:56.630,3.412,200
2020-08-19 09:36:57.730,3.412,14500
2020-08-19 09:36:58.360,3.413,40000
2020-08-19 09:36:58.360,3.413,30000
2020-08-19 09:36:58.360,3.413,10000
2020-08-19 09:36:58.360,3.413,246900
2020-08-19 09:36:58.360,3.413,53100
2020-08-19 09:36:59.170,3.413,46900
2020-08-19 09:36:59.170,3.413,25000
2020-08-19 09:36:59.270,3.413,700
2020-08-19 09:37:02.070,3.413,6000
2020-08-19 09:37:02.190,3.413,30000
2020-08-19 09:37:02.830,3.413,3800
2020-08-19 09:37:06.060,3.414,800
2020-08-19 09:37:06.060,3.414,1000
2020-08-19 09:37:06.060,3.414,3000
2020-08-19 09:37:06.060,3.414,25200
2020-08-19 09:37:06.120,3.414,20000
2020-08-19 09:37:07.890,3.414,30000
2020-08-19 09:37:08.110,3.414,100
2020-08-19 09:37:08.200,3.413,8000
2020-08-19 09:37:10.580,3.414,3000
2020-08-19 09:37:11.580,3.413,5000
2020-08-19 09:37:12.110,3.414,5000
2020-08-19 09:37:14.620,3.413,100000
2020-08-19 09:37:15.180,3.413,1000
2020-08-19 09:37:15.570,3.413,700
2020-08-19 09:37:16.230,3.413,29300
2020-08-19 09:37:16.500,3.413,9100
2020-08-19 09:37:17.170,3.413,30000
2020-08-19 09:37:18.130,3.413,600
2020-08-19 09:37:18.360,3.413,1000
2020-08-19 09:37:18.760,3.413,1100
2020-08-19 09:37:21.340,3.413,3000
2020-08-19 09:37:21.620,3.413,3100
2020-08-19 09:37:22.840,3.413,100
2020-08-19 09:37:23.180,3.413,3700
2020-08-19 09:37:23.360,3.413,10000
2020-08-19 09:37:24.210,3.413,1500
2020-08-19 09:37:24.390,3.413,41900
2020-08-19 09:37:24.810,3.414,100
2020-08-19 09:37:24.960,3.413,200
2020-08-19 09:37:25.930,3.414,9900
2020-08-19 09:37:26.670,3.413,20000
2020-08-19 09:37:26.780,3.413,43700
2020-08-19 09:37:26.780,3.413,1000
2020-08-19 09:37:28.630,3.413,50000
2020-08-19 09:37:36.720,3.412,12000
2020-08-19 09:37:36.970,3.413,5200
2020-08-19 09:37:38.390,3.412,5000
2020-08-19 09:37:42.750,3.412,17800
2020-08-19 09:37:43.740,3.413,600
2020-08-19 09:37:43.740,3.413,500
2020-08-19 09:37:43.950,3.413,200
2020-08-19 09:37:44.810,3.413,5000
2020-08-19 09:37:45.030,3.412,10000
2020-08-19 09:37:45.640,3.413,2000
2020-08-19 09:37:46.360,3.412,5000
2020-08-19 09:37:46.570,3.413,1000
2020-08-19 09:37:46.970,3.413,30000
2020-08-19 09:37:46.970,3.413,5500
2020-08-19 09:37:46.970,3.413,10000
2020-08-19 09:37:46.970,3.413,5000
2020-08-19 09:37:46.970,3.413,9500
2020-08-19 09:37:46.970,3.413,10000
2020-08-19 09:37:47.700,3.413,280500
2020-08-19 09:37:47.700,3.413,2100
2020-08-19 09:37:47.700,3.413,2900
2020-08-19 09:37:47.700,3.413,3100
2020-08-19 09:37:47.700,3.413,5000
2020-08-19 09:37:47.700,3.413,6400
2020-08-19 09:37:47.760,3.413,13600
2020-08-19 09:37:47.760,3.413,2900
2020-08-19 09:37:47.760,3.413,3100
2020-08-19 09:37:47.760,3.413,400
2020-08-19 09:37:48.980,3.412,11900
2020-08-19 09:37:51.910,3.412,18700
2020-08-19 09:37:52.880,3.412,1200
2020-08-19 09:37:52.880,3.412,700
2020-08-19 09:37:54.600,3.413,4100
2020-08-19 09:37:54.600,3.413,15000
2020-08-19 09:37:54.600,3.413,1000
2020-08-19 09:37:54.600,3.413,5000
2020-08-19 09:37:55.950,3.413,5000
2020-08-19 09:37:56.070,3.413,1000
2020-08-19 09:37:56.420,3.413,2000
2020-08-19 09:37:56.510,3.413,4000
2020-08-19 09:37:56.600,3.413,5000
2020-08-19 09:37:56.970,3.413,1000
2020-08-19 09:37:57.350,3.413,20300
2020-08-19 09:37:57.350,3.412,2600
2020-08-19 09:37:57.350,3.412,1300
2020-08-19 09:37:57.350,3.412,200
2020-08-19 09:37:57.350,3.412,100
2020-08-19 09:37:57.350,3.412,40000
2020-08-19 09:37:57.350,3.412,5000
2020-08-19 09:37:57.350,3.412,100
2020-08-19 09:37:57.350,3.412,500
2020-08-19 09:37:57.350,3.412,29900
2020-08-19 09:37:58.400,3.412,200
2020-08-19 09:38:02.470,3.413,10000
2020-08-19 09:38:03.400,3.413,800
2020-08-19 09:38:04.500,3.413,30000
2020-08-19 09:38:06.390,3.413,30700
2020-08-19 09:38:07.690,3.413,1500
2020-08-19 09:38:10.990,3.413,3200
2020-08-19 09:38:12.840,3.413,10000
2020-08-19 09:38:12.950,3.413,500
2020-08-19 09:38:14.460,3.413,213300
2020-08-19 09:38:14.460,3.413,58600
2020-08-19 09:38:14.460,3.412,28100
2020-08-19 09:38:15.450,3.412,41800
2020-08-19 09:38:15.450,3.412,40200
2020-08-19 09:38:15.550,3.412,50000
2020-08-19 09:38:15.550,3.412,10000
2020-08-19 09:38:15.810,3.412,92600
2020-08-19 09:38:18.950,3.412,300
2020-08-19 09:38:22.040,3.412,10000
2020-08-19 09:38:26.400,3.411,900
2020-08-19 09:38:27.960,3.412,30000
2020-08-19 09:38:27.960,3.412,10000
2020-08-19 09:38:28.030,3.412,1500
2020-08-19 09:38:28.420,3.412,13600
2020-08-19 09:38:28.420,3.413,11400
2020-08-19 09:38:32.430,3.412,2900
2020-08-19 09:38:33.290,3.413,279600
2020-08-19 09:38:33.290,3.413,5000
2020-08-19 09:38:33.680,3.414,900
2020-08-19 09:38:34.140,3.413,10000
2020-08-19 09:38:34.600,3.413,1500
2020-08-19 09:38:36.290,3.413,1800
2020-08-19 09:38:38.220,3.413,2100
2020-08-19 09:38:38.220,3.413,300
2020-08-19 09:38:38.220,3.412,7600
2020-08-19 09:38:38.690,3.414,84700
2020-08-19 09:38:38.690,3.414,100
2020-08-19 09:38:38.690,3.414,300
2020-08-19 09:38:38.690,3.414,214900
2020-08-19 09:38:40.340,3.413,10000
2020-08-19 09:38:41.560,3.414,6000
2020-08-19 09:38:42.030,3.414,100
2020-08-19 09:38:42.730,3.413,3000
2020-08-19 09:38:43.460,3.413,1200
2020-08-19 09:38:44.470,3.413,3000
2020-08-19 09:38:44.660,3.414,279000
2020-08-19 09:38:44.660,3.414,21000
2020-08-19 09:38:44.960,3.414,1000
2020-08-19 09:38:45.080,3.413,45000
2020-08-19 09:38:47.280,3.413,100
2020-08-19 09:38:48.680,3.414,1500
2020-08-19 09:38:48.680,3.414,160000
2020-08-19 09:38:48.680,3.414,11500
2020-08-19 09:38:48.680,3.414,30000
2020-08-19 09:38:48.680,3.414,5000
2020-08-19 09:38:48.680,3.414,5000
2020-08-19 09:38:48.680,3.414,4000
2020-08-19 09:38:48.680,3.414,3000
2020-08-19 09:38:48.680,3.414,5000
2020-08-19 09:38:48.680,3.414,2000
2020-08-19 09:38:48.680,3.414,1000
2020-08-19 09:38:48.680,3.414,72000
2020-08-19 09:38:49.100,3.413,400
2020-08-19 09:38:49.100,3.413,300
2020-08-19 09:38:50.400,3.414,5800
2020-08-19 09:38:50.510,3.413,600
2020-08-19 09:38:50.510,3.412,40000
2020-08-19 09:38:50.510,3.412,100000
2020-08-19 09:38:50.510,3.412,100
2020-08-19 09:38:50.510,3.411,100
2020-08-19 09:38:50.510,3.411,26400
2020-08-19 09:38:51.440,3.413,5900
2020-08-19 09:38:51.860,3.414,23500
2020-08-19 09:38:54.880,3.413,5700
2020-08-19 09:38:56.670,3.413,9300
2020-08-19 09:38:58.940,3.413,20000
2020-08-19 09:38:58.940,3.413,20000
2020-08-19 09:38:59.000,3.413,1100
2020-08-19 09:39:00.010,3.413,2500
2020-08-19 09:39:08.430,3.412,100
2020-08-19 09:39:08.970,3.413,1000
2020-08-19 09:39:08.970,3.412,1400
2020-08-19 09:39:11.400,3.412,3500
2020-08-19 09:39:12.220,3.411,5000
2020-08-19 09:39:15.940,3.412,2000
2020-08-19 09:39:16.050,3.412,100
2020-08-19 09:39:17.540,3.412,500
2020-08-19 09:39:17.860,3.411,5000
2020-08-19 09:39:17.860,3.411,8000
2020-08-19 09:39:17.860,3.411,5900
2020-08-19 09:39:17.860,3.411,10000
2020-08-19 09:39:17.860,3.411,72100
2020-08-19 09:39:17.860,3.41,300
2020-08-19 09:39:17.860,3.41,2800
2020-08-19 09:39:17.860,3.41,100
2020-08-19 09:39:17.860,3.41,1000
2020-08-19 09:39:17.860,3.41,1000
2020-08-19 09:39:17.860,3.41,2500
2020-08-19 09:39:17.860,3.41,100
2020-08-19 09:39:17.860,3.41,100
2020-08-19 09:39:17.860,3.41,100
2020-08-19 09:39:17.860,3.41,500
2020-08-19 09:39:17.860,3.41,600
2020-08-19 09:39:17.860,3.41,100
2020-08-19 09:39:17.860,3.41,100
2020-08-19 09:39:17.860,3.41,100
2020-08-19 09:39:17.860,3.41,100
2020-08-19 09:39:17.860,3.41,900
2020-08-19 09:39:17.860,3.41,93000
2020-08-19 09:39:17.860,3.409,5000
2020-08-19 09:39:17.860,3.409,10000
2020-08-19 09:39:17.860,3.409,80600
2020-08-19 09:39:18.070,3.412,300
2020-08-19 09:39:18.430,3.412,5000
2020-08-19 09:39:24.390,3.411,6200
2020-08-19 09:39:26.020,3.411,1100
2020-08-19 09:39:27.510,3.411,400
2020-08-19 09:39:28.160,3.41,200
2020-08-19 09:39:29.910,3.411,100
2020-08-19 09:39:31.960,3.41,100
2020-08-19 09:39:31.960,3.41,800
2020-08-19 09:39:31.960,3.409,1000
2020-08-19 09:39:32.800,3.41,1000
2020-08-19 09:39:34.610,3.411,1000
2020-08-19 09:39:35.560,3.41,20000
2020-08-19 09:39:35.590,3.41,14900
2020-08-19 09:39:35.660,3.41,800
2020-08-19 09:39:35.990,3.41,33300
2020-08-19 09:39:36.060,3.41,1600
2020-08-19 09:39:39.540,3.41,28400
2020-08-19 09:39:39.540,3.41,800
2020-08-19 09:39:40.760,3.409,4400
2020-08-19 09:39:41.030,3.409,35900
2020-08-19 09:39:41.030,3.409,200
2020-08-19 09:39:41.030,3.408,5000
2020-08-19 09:39:41.030,3.408,200
2020-08-19 09:39:41.030,3.408,500
2020-08-19 09:39:41.030,3.408,100
2020-08-19 09:39:41.030,3.408,10000
2020-08-19 09:39:41.030,3.408,1000
2020-08-19 09:39:41.030,3.408,1000
2020-08-19 09:39:41.030,3.408,100
2020-08-19 09:39:41.030,3.408,4700
2020-08-19 09:39:42.160,3.41,200
2020-08-19 09:39:46.020,3.409,400
2020-08-19 09:39:49.490,3.408,20000
2020-08-19 09:39:49.990,3.407,1000
2020-08-19 09:39:49.990,3.407,1000
2020-08-19 09:39:49.990,3.407,10000
2020-08-19 09:39:49.990,3.407,88000
2020-08-19 09:39:52.070,3.409,3100
2020-08-19 09:39:54.010,3.407,12000
2020-08-19 09:39:54.010,3.407,700
2020-08-19 09:39:54.010,3.407,4000
2020-08-19 09:39:54.010,3.407,7500
2020-08-19 09:39:54.010,3.407,80000
2020-08-19 09:39:54.170,3.407,1000
2020-08-19 09:39:54.200,3.407,10000
2020-08-19 09:39:54.960,3.406,3000
2020-08-19 09:39:54.960,3.406,1100
2020-08-19 09:39:54.960,3.406,5900
2020-08-19 09:39:56.590,3.406,4100
2020-08-19 09:39:56.590,3.406,20000
2020-08-19 09:39:56.590,3.406,6000
2020-08-19 09:39:56.590,3.406,5000
2020-08-19 09:39:56.590,3.406,1000
2020-08-19 09:39:56.590,3.406,500
2020-08-19 09:39:56.590,3.406,300
2020-08-19 09:39:56.590,3.406,5000
2020-08-19 09:39:56.590,3.406,5000
2020-08-19 09:39:56.590,3.406,3000
2020-08-19 09:39:56.590,3.406,93000
2020-08-19 09:39:56.590,3.406,100000
2020-08-19 09:39:56.590,3.405,100
2020-08-19 09:39:56.590,3.405,500
2020-08-19 09:39:56.590,3.405,36600
2020-08-19 09:39:56.590,3.405,1000
2020-08-19 09:39:56.590,3.405,6100
2020-08-19 09:39:56.590,3.405,5000
2020-08-19 09:39:56.590,3.405,1000
2020-08-19 09:39:56.590,3.405,1000
2020-08-19 09:39:56.590,3.405,5800
2020-08-19 09:39:56.660,3.407,400
2020-08-19 09:39:57.630,3.406,400
2020-08-19 09:39:57.630,3.406,500
2020-08-19 09:39:57.780,3.405,4200
2020-08-19 09:39:57.780,3.405,300
2020-08-19 09:39:57.780,3.405,93000
2020-08-19 09:39:58.930,3.405,700
2020-08-19 09:40:00.530,3.405,30000
2020-08-19 09:40:01.320,3.405,5000
2020-08-19 09:40:02.250,3.404,1000
2020-08-19 09:40:02.250,3.404,300
2020-08-19 09:40:02.250,3.404,3200
2020-08-19 09:40:02.250,3.404,10000
2020-08-19 09:40:02.250,3.404,5000
2020-08-19 09:40:02.250,3.404,300
2020-08-19 09:40:02.250,3.404,600
2020-08-19 09:40:02.250,3.404,1000
2020-08-19 09:40:02.250,3.404,300
2020-08-19 09:40:02.250,3.404,278300
2020-08-19 09:40:02.250,3.404,300000
2020-08-19 09:40:02.720,3.405,100
2020-08-19 09:40:05.290,3.404,300000
2020-08-19 09:40:06.080,3.404,20000
2020-08-19 09:40:06.080,3.404,30000
2020-08-19 09:40:06.700,3.404,2000
2020-08-19 09:40:07.130,3.403,500
2020-08-19 09:40:07.480,3.403,6700
2020-08-19 09:40:07.480,3.403,200
2020-08-19 09:40:07.480,3.403,3100
2020-08-19 09:40:07.570,3.403,6900
2020-08-19 09:40:07.570,3.403,3100
2020-08-19 09:40:07.600,3.404,10700
2020-08-19 09:40:07.630,3.404,200
2020-08-19 09:40:07.630,3.404,10000
2020-08-19 09:40:08.350,3.404,900
2020-08-19 09:40:08.450,3.404,2000
2020-08-19 09:40:08.900,3.403,300
2020-08-19 09:40:09.570,3.403,900
2020-08-19 09:40:13.570,3.404,4400
2020-08-19 09:40:13.820,3.403,1100
2020-08-19 09:40:13.980,3.403,500
2020-08-19 09:40:13.980,3.403,500
2020-08-19 09:40:14.900,3.403,300
2020-08-19 09:40:15.650,3.404,10000
2020-08-19 09:40:16.060,3.403,1000
2020-08-19 09:40:16.060,3.403,2000
2020-08-19 09:40:16.060,3.403,3000
2020-08-19 09:40:16.060,3.403,10000
2020-08-19 09:40:16.060,3.403,6100
2020-08-19 09:40:16.060,3.403,5000
2020-08-19 09:40:16.060,3.403,5000
2020-08-19 09:40:16.060,3.403,1000
2020-08-19 09:40:16.060,3.403,300
2020-08-19 09:40:16.060,3.403,10000
2020-08-19 09:40:16.060,3.403,700
2020-08-19 09:40:16.240,3.403,3000
2020-08-19 09:40:17.280,3.403,10000
2020-08-19 09:40:18.640,3.402,500
2020-08-19 09:40:18.640,3.402,300
2020-08-19 09:40:18.670,3.402,4800
2020-08-19 09:40:18.670,3.402,1000
2020-08-19 09:40:18.670,3.402,100000
2020-08-19 09:40:18.670,3.402,60900
2020-08-19 09:40:19.110,3.403,400
2020-08-19 09:40:20.750,3.403,1000
2020-08-19 09:40:20.820,3.402,10000
2020-08-19 09:40:21.340,3.402,29100
2020-08-19 09:40:21.340,3.402,100
2020-08-19 09:40:21.340,3.402,5000
2020-08-19 09:40:21.340,3.402,1000
2020-08-19 09:40:21.340,3.402,1700
2020-08-19 09:40:23.040,3.403,10000
2020-08-19 09:40:23.090,3.402,13000
2020-08-19 09:40:23.090,3.402,4200
2020-08-19 09:40:23.090,3.401,3100
2020-08-19 09:40:23.090,3.401,1000
2020-08-19 09:40:23.090,3.401,30000
2020-08-19 09:40:23.090,3.401,10000
2020-08-19 09:40:23.090,3.401,5000
2020-08-19 09:40:23.090,3.401,10000
2020-08-19 09:40:23.090,3.401,11000
2020-08-19 09:40:23.090,3.401,2000
2020-08-19 09:40:23.090,3.401,210700
2020-08-19 09:40:23.540,3.402,8000
2020-08-19 09:40:23.720,3.401,189300
2020-08-19 09:40:23.720,3.401,5200
2020-08-19 09:40:23.720,3.401,300
2020-08-19 09:40:23.720,3.401,11000
2020-08-19 09:40:23.720,3.401,5000
2020-08-19 09:40:23.720,3.401,1000
2020-08-19 09:40:23.720,3.401,5000
2020-08-19 09:40:23.720,3.401,100
2020-08-19 09:40:23.720,3.401,6100
2020-08-19 09:40:23.720,3.401,300
2020-08-19 09:40:23.720,3.401,500
2020-08-19 09:40:23.720,3.401,1500
2020-08-19 09:40:23.720,3.401,1000
2020-08-19 09:40:23.720,3.401,25300
2020-08-19 09:40:23.720,3.401,200
2020-08-19 09:40:23.720,3.401,47700
2020-08-19 09:40:23.720,3.401,500
2020-08-19 09:40:23.950,3.401,9500
2020-08-19 09:40:23.950,3.401,100000
2020-08-19 09:40:24.350,3.4,1600
2020-08-19 09:40:24.350,3.4,500
2020-08-19 09:40:24.350,3.4,15000
2020-08-19 09:40:24.350,3.4,4300
2020-08-19 09:40:24.350,3.4,10000
2020-08-19 09:40:24.350,3.4,5000
2020-08-19 09:40:24.350,3.4,2000
2020-08-19 09:40:24.350,3.4,200
2020-08-19 09:40:24.350,3.4,3000
2020-08-19 09:40:24.350,3.4,1000
2020-08-19 09:40:24.350,3.4,10000
2020-08-19 09:40:24.350,3.4,2000
2020-08-19 09:40:24.350,3.4,300
2020-08-19 09:40:24.350,3.4,200
2020-08-19 09:40:24.350,3.4,1000
2020-08-19 09:40:24.350,3.4,3900
2020-08-19 09:40:24.410,3.401,8000
2020-08-19 09:40:24.810,3.401,300
2020-08-19 09:40:24.850,3.401,1000
2020-08-19 09:40:25.960,3.401,5000
2020-08-19 09:40:26.030,3.4,10800
2020-08-19 09:40:26.030,3.4,2000
2020-08-19 09:40:26.030,3.4,200
2020-08-19 09:40:26.030,3.4,5000
2020-08-19 09:40:26.030,3.4,30000
2020-08-19 09:40:26.030,3.4,352000
2020-08-19 09:40:26.870,3.401,3100
2020-08-19 09:40:27.550,3.401,3700
2020-08-19 09:40:28.590,3.4,100
2020-08-19 09:40:29.310,3.4,30000
2020-08-19 09:40:29.410,3.4,117900
2020-08-19 09:40:29.410,3.4,100
2020-08-19 09:40:29.410,3.4,10000
2020-08-19 09:40:29.410,3.4,100
2020-08-19 09:40:29.410,3.4,20000
2020-08-19 09:40:29.410,3.4,1100
2020-08-19 09:40:29.410,3.4,5000
2020-08-19 09:40:29.410,3.4,100
2020-08-19 09:40:29.410,3.4,1000
2020-08-19 09:40:29.410,3.4,5000
2020-08-19 09:40:29.410,3.4,2000
2020-08-19 09:40:29.410,3.4,10000
2020-08-19 09:40:29.410,3.4,100
2020-08-19 09:40:29.410,3.4,2000
2020-08-19 09:40:29.410,3.4,2000
2020-08-19 09:40:29.410,3.4,2200
2020-08-19 09:40:29.410,3.4,1000
2020-08-19 09:40:29.410,3.4,2000
2020-08-19 09:40:29.410,3.4,300
2020-08-19 09:40:29.410,3.4,1000
2020-08-19 09:40:29.410,3.4,6100
2020-08-19 09:40:29.410,3.4,8400
2020-08-19 09:40:29.410,3.4,1000
2020-08-19 09:40:29.410,3.4,100
2020-08-19 09:40:29.410,3.4,1000
2020-08-19 09:40:29.410,3.4,500
2020-08-19 09:40:29.410,3.4,1000
2020-08-19 09:40:29.410,3.4,400
2020-08-19 09:40:29.410,3.4,400
2020-08-19 09:40:29.410,3.4,30000
2020-08-19 09:40:29.410,3.4,100
2020-08-19 09:40:29.410,3.4,900
2020-08-19 09:40:29.410,3.4,1000
2020-08-19 09:40:29.410,3.4,500
2020-08-19 09:40:29.410,3.4,5000
2020-08-19 09:40:29.410,3.4,5000
2020-08-19 09:40:29.410,3.4,5000
2020-08-19 09:40:29.410,3.4,2000
2020-08-19 09:40:29.410,3.4,1000
2020-08-19 09:40:29.410,3.4,3000
2020-08-19 09:40:30.230,3.4,100
2020-08-19 09:40:30.660,3.4,5400
2020-08-19 09:40:30.930,3.4,100
2020-08-19 09:40:31.210,3.4,10000
2020-08-19 09:40:32.110,3.4,500
2020-08-19 09:40:33.700,3.399,100
2020-08-19 09:40:33.700,3.399,200
2020-08-19 09:40:33.700,3.399,5000
2020-08-19 09:40:33.700,3.399,6100
2020-08-19 09:40:33.700,3.399,3000
2020-08-19 09:40:33.700,3.399,5000
2020-08-19 09:40:33.700,3.399,1000
2020-08-19 09:40:33.700,3.399,1000
2020-08-19 09:40:33.700,3.399,88400
2020-08-19 09:40:33.860,3.4,5000
2020-08-19 09:40:34.240,3.399,400
2020-08-19 09:40:34.990,3.399,178800
2020-08-19 09:40:35.310,3.399,257800
2020-08-19 09:40:36.200,3.399,8000
2020-08-19 09:40:36.410,3.399,1000
2020-08-19 09:40:37.020,3.4,8800
2020-08-19 09:40:37.630,3.4,2000
2020-08-19 09:40:37.810,3.399,10000
2020-08-19 09:40:38.000,3.4,90000
2020-08-19 09:40:38.000,3.4,30000
2020-08-19 09:40:38.440,3.4,8700
2020-08-19 09:40:38.440,3.4,15000
2020-08-19 09:40:38.440,3.4,1000
2020-08-19 09:40:38.440,3.4,2100
2020-08-19 09:40:39.270,3.4,3000
2020-08-19 09:40:40.880,3.4,7200
2020-08-19 09:40:41.290,3.4,3200
2020-08-19 09:40:41.320,3.401,4400
2020-08-19 09:40:41.640,3.4,3500
2020-08-19 09:40:41.700,3.4,256000
2020-08-19 09:40:41.700,3.4,10000
2020-08-19 09:40:41.700,3.4,10000
2020-08-19 09:40:41.700,3.4,300100
2020-08-19 09:40:41.700,3.4,23900
2020-08-19 09:40:42.090,3.401,1000
2020-08-19 09:40:42.180,3.4,100
2020-08-19 09:40:43.270,3.4,3000
2020-08-19 09:40:43.390,3.4,3400
2020-08-19 09:40:43.390,3.4,280600
2020-08-19 09:40:43.390,3.4,200
2020-08-19 09:40:43.390,3.4,2500
2020-08-19 09:40:44.220,3.399,19000
2020-08-19 09:40:44.820,3.399,36600
2020-08-19 09:40:44.820,3.399,2000
2020-08-19 09:40:44.820,3.399,1000
2020-08-19 09:40:44.820,3.399,200
2020-08-19 09:40:44.820,3.399,1000
2020-08-19 09:40:44.820,3.399,40000
2020-08-19 09:40:44.820,3.399,5000
2020-08-19 09:40:45.100,3.399,50000
2020-08-19 09:40:45.340,3.399,28200
2020-08-19 09:40:46.950,3.4,4400
2020-08-19 09:40:47.320,3.399,11800
2020-08-19 09:40:47.320,3.399,30000
2020-08-19 09:40:47.320,3.399,18200
2020-08-19 09:40:48.620,3.4,6000
2020-08-19 09:40:48.620,3.4,6300
2020-08-19 09:40:48.620,3.4,600
2020-08-19 09:40:48.620,3.4,1000
2020-08-19 09:40:48.620,3.4,1500
2020-08-19 09:40:48.620,3.4,4900
2020-08-19 09:40:48.620,3.4,10000
2020-08-19 09:40:48.620,3.4,5700
2020-08-19 09:40:48.930,3.399,31800
2020-08-19 09:40:48.930,3.399,1000
2020-08-19 09:40:50.100,3.4,1400
2020-08-19 09:40:50.590,3.399,6300
2020-08-19 09:40:51.960,3.4,1000
2020-08-19 09:40:52.220,3.4,100
2020-08-19 09:40:54.030,3.399,1000
2020-08-19 09:40:55.090,3.399,3500
2020-08-19 09:40:55.240,3.4,100
2020-08-19 09:40:55.900,3.4,400
2020-08-19 09:40:57.060,3.399,12000
2020-08-19 09:40:57.500,3.399,7000
2020-08-19 09:40:57.720,3.4,4800
2020-08-19 09:40:57.720,3.4,400
2020-08-19 09:40:57.720,3.4,800
2020-08-19 09:40:57.950,3.399,10200
2020-08-19 09:40:57.950,3.399,19500
2020-08-19 09:40:58.810,3.399,20500
2020-08-19 09:40:58.810,3.399,50000
2020-08-19 09:40:58.810,3.399,4900
2020-08-19 09:40:58.810,3.399,5000
2020-08-19 09:40:58.810,3.399,200
2020-08-19 09:40:58.810,3.399,100
2020-08-19 09:40:58.810,3.399,50000
2020-08-19 09:40:58.810,3.399,5000
2020-08-19 09:40:59.620,3.399,1000
2020-08-19 09:40:59.710,3.399,50000
2020-08-19 09:41:00.140,3.399,400
2020-08-19 09:41:00.310,3.399,5000
2020-08-19 09:41:00.410,3.399,5000
2020-08-19 09:41:00.640,3.399,100
2020-08-19 09:41:00.960,3.399,10000
2020-08-19 09:41:00.960,3.399,10000
2020-08-19 09:41:01.110,3.399,40700
2020-08-19 09:41:01.110,3.399,15000
2020-08-19 09:41:01.110,3.399,2000
2020-08-19 09:41:01.110,3.399,42300
2020-08-19 09:41:01.210,3.399,57700
2020-08-19 09:41:01.430,3.399,100
2020-08-19 09:41:02.110,3.399,8700
2020-08-19 09:41:02.530,3.4,5000
2020-08-19 09:41:03.170,3.4,1200
2020-08-19 09:41:03.320,3.399,40000
2020-08-19 09:41:03.640,3.399,9500
2020-08-19 09:41:03.700,3.399,50000
2020-08-19 09:41:03.760,3.399,100
2020-08-19 09:41:04.100,3.4,2000
2020-08-19 09:41:04.100,3.4,5300
2020-08-19 09:41:04.100,3.4,50000
2020-08-19 09:41:04.100,3.4,400
2020-08-19 09:41:04.100,3.4,100000
2020-08-19 09:41:04.100,3.4,7500
2020-08-19 09:41:04.100,3.4,100
2020-08-19 09:41:04.100,3.4,2600
2020-08-19 09:41:05.070,3.4,300
2020-08-19 09:41:05.140,3.4,5000
2020-08-19 09:41:05.560,3.401,9700
2020-08-19 09:41:05.560,3.401,20000
2020-08-19 09:41:06.230,3.401,30000
2020-08-19 09:41:06.820,3.401,2900
2020-08-19 09:41:07.790,3.401,71300
2020-08-19 09:41:07.790,3.4,18700
2020-08-19 09:41:08.510,3.4,3500
2020-08-19 09:41:08.510,3.4,4600
2020-08-19 09:41:08.510,3.399,20000
2020-08-19 09:41:08.510,3.399,4400
2020-08-19 09:41:08.510,3.399,10000
2020-08-19 09:41:08.510,3.399,100000
2020-08-19 09:41:08.510,3.399,2000
2020-08-19 09:41:08.510,3.399,100000
2020-08-19 09:41:08.940,3.399,5000
2020-08-19 09:41:10.130,3.398,1000
2020-08-19 09:41:10.130,3.398,100
2020-08-19 09:41:10.130,3.398,200
2020-08-19 09:41:10.130,3.398,3100
2020-08-19 09:41:10.130,3.398,3100
2020-08-19 09:41:10.130,3.398,2500
2020-08-19 09:41:12.280,3.399,54000
2020-08-19 09:41:12.280,3.399,246000
2020-08-19 09:41:12.350,3.399,2000
2020-08-19 09:41:13.080,3.398,600
2020-08-19 09:41:13.080,3.398,500
2020-08-19 09:41:13.080,3.398,10000
2020-08-19 09:41:13.080,3.398,5000
2020-08-19 09:41:13.080,3.398,3000
2020-08-19 09:41:13.080,3.398,300
2020-08-19 09:41:13.080,3.398,5000
2020-08-19 09:41:13.080,3.398,20000
2020-08-19 09:41:13.080,3.398,4000
2020-08-19 09:41:13.080,3.398,6300
2020-08-19 09:41:13.080,3.398,50000
2020-08-19 09:41:13.080,3.398,300
2020-08-19 09:41:13.080,3.398,3600
2020-08-19 09:41:13.080,3.398,20000
2020-08-19 09:41:13.080,3.398,500
2020-08-19 09:41:13.080,3.398,10000
2020-08-19 09:41:13.080,3.398,1000
2020-08-19 09:41:13.080,3.398,1000
2020-08-19 09:41:13.080,3.398,400
2020-08-19 09:41:13.080,3.398,1000
2020-08-19 09:41:13.080,3.398,100
2020-08-19 09:41:13.080,3.398,300
2020-08-19 09:41:13.080,3.398,10000
2020-08-19 09:41:13.080,3.398,3600
2020-08-19 09:41:13.080,3.398,10000
2020-08-19 09:41:13.080,3.398,5000
2020-08-19 09:41:13.080,3.397,100
2020-08-19 09:41:13.080,3.397,200
2020-08-19 09:41:13.080,3.397,3000
2020-08-19 09:41:13.080,3.397,100
2020-08-19 09:41:13.080,3.397,5000
2020-08-19 09:41:13.080,3.397,6100
2020-08-19 09:41:13.080,3.397,500
2020-08-19 09:41:13.080,3.397,5000
2020-08-19 09:41:13.080,3.397,30000
2020-08-19 09:41:13.080,3.397,100
2020-08-19 09:41:13.080,3.397,400
2020-08-19 09:41:13.080,3.397,1000
2020-08-19 09:41:13.080,3.397,1000
2020-08-19 09:41:13.080,3.397,25200
2020-08-19 09:41:13.080,3.397,40200
2020-08-19 09:41:13.080,3.397,1400
2020-08-19 09:41:13.080,3.397,9200
2020-08-19 09:41:13.590,3.397,200
2020-08-19 09:41:14.100,3.398,100
2020-08-19 09:41:14.130,3.397,90600
2020-08-19 09:41:14.500,3.397,500
2020-08-19 09:41:15.000,3.397,1500
2020-08-19 09:41:15.440,3.397,50000
2020-08-19 09:41:15.530,3.397,100
2020-08-19 09:41:17.620,3.397,1000
2020-08-19 09:41:18.660,3.396,10000
2020-08-19 09:41:18.660,3.396,100
2020-08-19 09:41:18.660,3.396,200
2020-08-19 09:41:18.660,3.396,30000
2020-08-19 09:41:18.660,3.396,3000
2020-08-19 09:41:18.660,3.396,1000
2020-08-19 09:41:18.660,3.396,5000
2020-08-19 09:41:18.660,3.396,3000
2020-08-19 09:41:18.660,3.396,7000
2020-08-19 09:41:18.660,3.396,1500
2020-08-19 09:41:18.660,3.396,300
2020-08-19 09:41:18.660,3.396,6000
2020-08-19 09:41:18.660,3.396,2000
2020-08-19 09:41:18.660,3.396,500
2020-08-19 09:41:18.660,3.396,300
2020-08-19 09:41:18.660,3.396,4500
2020-08-19 09:41:18.660,3.396,700
2020-08-19 09:41:18.660,3.396,8000
2020-08-19 09:41:18.660,3.396,1000
2020-08-19 09:41:18.660,3.396,5000
2020-08-19 09:41:18.660,3.396,1000
2020-08-19 09:41:18.660,3.396,1500
2020-08-19 09:41:18.660,3.396,24000
2020-08-19 09:41:19.220,3.396,60900
2020-08-19 09:41:19.220,3.396,30000
2020-08-19 09:41:19.490,3.396,100
2020-08-19 09:41:20.350,3.396,4000
2020-08-19 09:41:20.450,3.396,4300
2020-08-19 09:41:21.200,3.396,3100
2020-08-19 09:41:21.380,3.396,3000
2020-08-19 09:41:21.420,3.395,1400
2020-08-19 09:41:21.670,3.396,10000
2020-08-19 09:41:22.370,3.396,200
2020-08-19 09:41:22.530,3.395,3600
2020-08-19 09:41:22.530,3.395,2000
2020-08-19 09:41:22.530,3.395,1000
2020-08-19 09:41:22.530,3.395,100
2020-08-19 09:41:22.530,3.395,200
2020-08-19 09:41:22.530,3.395,10000
2020-08-19 09:41:22.530,3.395,1500
2020-08-19 09:41:22.530,3.395,10000
2020-08-19 09:41:22.530,3.395,10000
2020-08-19 09:41:22.530,3.395,2000
2020-08-19 09:41:22.530,3.395,200
2020-08-19 09:41:22.530,3.395,5000
2020-08-19 09:41:22.530,3.395,700
2020-08-19 09:41:22.530,3.395,6100
2020-08-19 09:41:22.530,3.395,1000
2020-08-19 09:41:22.530,3.395,10000
2020-08-19 09:41:22.530,3.395,2000
2020-08-19 09:41:22.530,3.395,10000
2020-08-19 09:41:22.530,3.395,7000
2020-08-19 09:41:22.530,3.395,1100
2020-08-19 09:41:22.530,3.395,3000
2020-08-19 09:41:22.530,3.395,5000
2020-08-19 09:41:22.530,3.395,1000
2020-08-19 09:41:22.530,3.395,1000
2020-08-19 09:41:22.530,3.395,3000
2020-08-19 09:41:22.530,3.395,7400
2020-08-19 09:41:22.530,3.395,1000
2020-08-19 09:41:22.530,3.395,500
2020-08-19 09:41:22.530,3.395,5000
2020-08-19 09:41:22.530,3.395,500
2020-08-19 09:41:22.530,3.395,14700
2020-08-19 09:41:22.940,3.395,45300
2020-08-19 09:41:22.940,3.396,4700
2020-08-19 09:41:23.190,3.396,2900
2020-08-19 09:41:23.400,3.396,4400
2020-08-19 09:41:23.910,3.396,3000
2020-08-19 09:41:24.120,3.396,10000
2020-08-19 09:41:24.420,3.396,1000
2020-08-19 09:41:25.030,3.396,2000
2020-08-19 09:41:27.680,3.394,400
2020-08-19 09:41:27.680,3.394,500
2020-08-19 09:41:27.680,3.394,100
2020-08-19 09:41:27.680,3.394,200
2020-08-19 09:41:27.680,3.394,300
2020-08-19 09:41:27.680,3.394,5400
2020-08-19 09:41:27.680,3.394,3100
2020-08-19 09:41:27.970,3.394,1900
2020-08-19 09:41:27.970,3.394,500
2020-08-19 09:41:27.970,3.394,500
2020-08-19 09:41:27.970,3.394,8000
2020-08-19 09:41:27.970,3.394,9100
2020-08-19 09:41:28.400,3.394,2900
2020-08-19 09:41:28.400,3.394,1000
2020-08-19 09:41:28.400,3.394,11900
2020-08-19 09:41:28.520,3.395,500
2020-08-19 09:41:28.710,3.394,18100
2020-08-19 09:41:28.710,3.394,1600
2020-08-19 09:41:28.710,3.394,14700
2020-08-19 09:41:28.710,3.394,76000
2020-08-19 09:41:29.310,3.394,8000
2020-08-19 09:41:29.380,3.393,100
2020-08-19 09:41:29.380,3.393,200
2020-08-19 09:41:29.380,3.393,2700
2020-08-19 09:41:29.440,3.394,5000
2020-08-19 09:41:30.780,3.393,8300
2020-08-19 09:41:30.780,3.393,5000
2020-08-19 09:41:30.780,3.393,3800
2020-08-19 09:41:30.780,3.393,200
2020-08-19 09:41:30.780,3.393,3100
2020-08-19 09:41:30.780,3.393,3100
2020-08-19 09:41:30.780,3.393,3100
2020-08-19 09:41:30.780,3.393,5000
2020-08-19 09:41:30.780,3.393,3000
2020-08-19 09:41:30.780,3.393,6100
2020-08-19 09:41:30.780,3.393,10000
2020-08-19 09:41:30.780,3.393,500
2020-08-19 09:41:30.780,3.393,5000
2020-08-19 09:41:30.780,3.393,30000
2020-08-19 09:41:30.780,3.393,5000
2020-08-19 09:41:30.780,3.393,100
2020-08-19 09:41:30.780,3.393,2000
2020-08-19 09:41:30.780,3.393,1000
2020-08-19 09:41:30.780,3.393,100
2020-08-19 09:41:30.780,3.393,62000
2020-08-19 09:41:31.310,3.394,10000
2020-08-19 09:41:31.490,3.394,2300
2020-08-19 09:41:31.760,3.393,300000
2020-08-19 09:41:32.100,3.393,1400
2020-08-19 09:41:32.350,3.393,300000
2020-08-19 09:41:32.380,3.393,20000
2020-08-19 09:41:32.410,3.394,11300
2020-08-19 09:41:32.720,3.393,216600
2020-08-19 09:41:33.430,3.392,2000
2020-08-19 09:41:33.430,3.392,1000
2020-08-19 09:41:34.420,3.393,10000
2020-08-19 09:41:34.510,3.393,400
2020-08-19 09:41:34.570,3.393,2000
2020-08-19 09:41:34.810,3.393,100
2020-08-19 09:41:35.290,3.393,70900
2020-08-19 09:41:35.290,3.393,229100
2020-08-19 09:41:35.610,3.392,1600
2020-08-19 09:41:35.700,3.393,10000
2020-08-19 09:41:35.730,3.392,100
2020-08-19 09:41:35.730,3.392,100
2020-08-19 09:41:35.730,3.392,100
2020-08-19 09:41:35.730,3.392,100
2020-08-19 09:41:35.730,3.392,100
2020-08-19 09:41:35.730,3.392,100
2020-08-19 09:41:35.790,3.392,100
2020-08-19 09:41:35.790,3.392,100
2020-08-19 09:41:35.790,3.392,100
2020-08-19 09:41:35.790,3.392,100
2020-08-19 09:41:35.790,3.392,100
2020-08-19 09:41:35.790,3.392,100
2020-08-19 09:41:35.790,3.392,100
2020-08-19 09:41:35.850,3.392,100
2020-08-19 09:41:35.850,3.392,100
2020-08-19 09:41:35.850,3.392,100
2020-08-19 09:41:35.850,3.392,100
2020-08-19 09:41:35.880,3.392,100
2020-08-19 09:41:35.880,3.392,100
2020-08-19 09:41:35.880,3.392,100
2020-08-19 09:41:35.880,3.392,100
2020-08-19 09:41:35.880,3.392,100
2020-08-19 09:41:35.880,3.392,100
2020-08-19 09:41:35.880,3.392,100
2020-08-19 09:41:35.970,3.392,100
2020-08-19 09:41:35.970,3.392,100
2020-08-19 09:41:35.970,3.392,100
2020-08-19 09:41:35.970,3.392,100
2020-08-19 09:41:35.970,3.392,100
2020-08-19 09:41:35.970,3.392,100
2020-08-19 09:41:35.970,3.392,100
2020-08-19 09:41:35.970,3.392,100
2020-08-19 09:41:35.970,3.392,100
2020-08-19 09:41:35.970,3.392,100
2020-08-19 09:41:35.970,3.392,100
2020-08-19 09:41:35.970,3.392,100
2020-08-19 09:41:36.040,3.392,100
2020-08-19 09:41:36.040,3.392,100
2020-08-19 09:41:36.040,3.392,100
2020-08-19 09:41:36.140,3.392,100
2020-08-19 09:41:36.140,3.392,100
2020-08-19 09:41:36.140,3.392,100
2020-08-19 09:41:36.190,3.392,100
2020-08-19 09:41:36.190,3.392,100
2020-08-19 09:41:36.190,3.392,100
2020-08-19 09:41:36.190,3.392,100
2020-08-19 09:41:36.190,3.392,100
2020-08-19 09:41:36.190,3.392,100
2020-08-19 09:41:36.220,3.392,100
2020-08-19 09:41:36.220,3.392,100
2020-08-19 09:41:36.220,3.392,100
2020-08-19 09:41:36.220,3.392,100
2020-08-19 09:41:36.280,3.392,100
2020-08-19 09:41:36.280,3.392,100
2020-08-19 09:41:36.280,3.392,100
2020-08-19 09:41:36.280,3.392,100
2020-08-19 09:41:36.280,3.392,100
2020-08-19 09:41:36.280,3.392,100
2020-08-19 09:41:36.280,3.392,100
2020-08-19 09:41:36.280,3.392,100
2020-08-19 09:41:36.340,3.392,100
2020-08-19 09:41:36.340,3.392,100
2020-08-19 09:41:36.340,3.392,100
2020-08-19 09:41:36.340,3.392,100
2020-08-19 09:41:36.460,3.393,5000
2020-08-19 09:41:36.650,3.392,100
2020-08-19 09:41:36.650,3.392,100
2020-08-19 09:41:36.650,3.392,100
2020-08-19 09:41:36.650,3.392,100
2020-08-19 09:41:36.650,3.392,100
2020-08-19 09:41:36.650,3.392,100
2020-08-19 09:41:36.650,3.392,100
2020-08-19 09:41:36.650,3.392,100
2020-08-19 09:41:36.650,3.392,100
2020-08-19 09:41:36.670,3.392,100
2020-08-19 09:41:36.670,3.392,100
2020-08-19 09:41:36.670,3.392,100
2020-08-19 09:41:36.670,3.392,100
2020-08-19 09:41:36.740,3.392,100
2020-08-19 09:41:36.740,3.392,100
2020-08-19 09:41:36.740,3.392,100
2020-08-19 09:41:36.740,3.392,100
2020-08-19 09:41:36.740,3.392,100
2020-08-19 09:41:36.830,3.392,100
2020-08-19 09:41:36.830,3.392,100
2020-08-19 09:41:36.830,3.392,100
2020-08-19 09:41:36.830,3.392,100
2020-08-19 09:41:36.860,3.393,5000
2020-08-19 09:41:36.890,3.392,100
2020-08-19 09:41:36.890,3.392,100
2020-08-19 09:41:36.890,3.392,100
2020-08-19 09:41:36.890,3.392,100
2020-08-19 09:41:37.500,3.393,100
2020-08-19 09:41:37.630,3.392,1600
2020-08-19 09:41:38.060,3.393,100
2020-08-19 09:41:38.830,3.393,50700
2020-08-19 09:41:38.830,3.393,156300
2020-08-19 09:41:38.830,3.393,93000
2020-08-19 09:41:38.860,3.393,147000
2020-08-19 09:41:38.860,3.393,1300
2020-08-19 09:41:38.860,3.393,2000
2020-08-19 09:41:38.860,3.393,9200
2020-08-19 09:41:38.860,3.393,11700
2020-08-19 09:41:38.860,3.393,309200
2020-08-19 09:41:39.270,3.394,3600
2020-08-19 09:41:41.270,3.393,119600
2020-08-19 09:41:41.270,3.393,5000
2020-08-19 09:41:41.270,3.392,4100
2020-08-19 09:41:41.270,3.392,1000
2020-08-19 09:41:41.270,3.392,6100
2020-08-19 09:41:41.270,3.392,5000
2020-08-19 09:41:41.270,3.392,1500
2020-08-19 09:41:41.270,3.392,1000
2020-08-19 09:41:41.270,3.392,6100
2020-08-19 09:41:42.040,3.393,5000
2020-08-19 09:41:42.190,3.393,4000
2020-08-19 09:41:42.470,3.393,30000
2020-08-19 09:41:44.170,3.393,10000
2020-08-19 09:41:44.610,3.394,5000
2020-08-19 09:41:46.000,3.393,100
2020-08-19 09:41:46.680,3.394,1400
2020-08-19 09:41:46.680,3.394,2900
2020-08-19 09:41:46.890,3.394,10000
2020-08-19 09:41:47.240,3.393,100
2020-08-19 09:41:47.240,3.393,100
2020-08-19 09:41:47.240,3.393,100
2020-08-19 09:41:47.240,3.393,100
2020-08-19 09:41:47.270,3.393,100
2020-08-19 09:41:47.270,3.393,100
2020-08-19 09:41:47.340,3.393,100
2020-08-19 09:41:47.340,3.393,100
2020-08-19 09:41:47.340,3.393,100
2020-08-19 09:41:47.340,3.393,100
2020-08-19 09:41:47.340,3.393,100
2020-08-19 09:41:47.340,3.393,100
2020-08-19 09:41:47.340,3.393,100
2020-08-19 09:41:47.340,3.393,100
2020-08-19 09:41:47.340,3.393,100
2020-08-19 09:41:47.430,3.393,100
2020-08-19 09:41:47.430,3.393,100
2020-08-19 09:41:47.430,3.393,100
2020-08-19 09:41:47.430,3.393,100
2020-08-19 09:41:47.430,3.393,100
2020-08-19 09:41:47.430,3.393,100
2020-08-19 09:41:47.430,3.393,100
2020-08-19 09:41:47.460,3.393,100
2020-08-19 09:41:47.460,3.393,100
2020-08-19 09:41:47.460,3.393,100
2020-08-19 09:41:47.460,3.393,100
2020-08-19 09:41:47.460,3.393,100
2020-08-19 09:41:47.460,3.393,100
2020-08-19 09:41:47.490,3.393,100
2020-08-19 09:41:47.490,3.393,100
2020-08-19 09:41:47.490,3.393,100
2020-08-19 09:41:47.490,3.393,100
2020-08-19 09:41:47.490,3.393,100
2020-08-19 09:41:47.490,3.393,100
2020-08-19 09:41:47.550,3.393,100
2020-08-19 09:41:47.550,3.393,100
2020-08-19 09:41:47.550,3.393,100
2020-08-19 09:41:47.550,3.393,100
2020-08-19 09:41:47.610,3.393,100
2020-08-19 09:41:47.610,3.393,100
2020-08-19 09:41:47.610,3.393,100
2020-08-19 09:41:47.640,3.393,100
2020-08-19 09:41:47.640,3.393,100
2020-08-19 09:41:47.640,3.393,100
2020-08-19 09:41:47.640,3.393,100
2020-08-19 09:41:47.640,3.393,100
2020-08-19 09:41:47.640,3.393,100
2020-08-19 09:41:47.640,3.393,100
2020-08-19 09:41:47.640,3.393,100
2020-08-19 09:41:47.640,3.393,100
2020-08-19 09:41:47.640,3.393,100
2020-08-19 09:41:47.640,3.393,100
2020-08-19 09:41:47.700,3.393,100
2020-08-19 09:41:47.700,3.393,100
2020-08-19 09:41:47.700,3.393,100
2020-08-19 09:41:47.700,3.393,100
2020-08-19 09:41:47.700,3.393,100
2020-08-19 09:41:47.730,3.393,100
2020-08-19 09:41:47.730,3.393,100
2020-08-19 09:41:47.730,3.393,100
2020-08-19 09:41:47.730,3.393,100
2020-08-19 09:41:47.730,3.393,100
2020-08-19 09:41:47.730,3.393,100
2020-08-19 09:41:47.790,3.393,100
2020-08-19 09:41:47.790,3.393,100
2020-08-19 09:41:47.790,3.393,100
2020-08-19 09:41:47.790,3.393,100
2020-08-19 09:41:47.790,3.393,100
2020-08-19 09:41:47.790,3.393,100
2020-08-19 09:41:47.790,3.393,100
2020-08-19 09:41:47.850,3.393,100
2020-08-19 09:41:47.850,3.393,100
2020-08-19 09:41:47.850,3.393,100
2020-08-19 09:41:47.850,3.393,100
2020-08-19 09:41:47.880,3.393,100
2020-08-19 09:41:47.880,3.393,100
2020-08-19 09:41:47.880,3.393,100
2020-08-19 09:41:47.880,3.393,100
2020-08-19 09:41:48.000,3.393,100
2020-08-19 09:41:48.000,3.393,100
2020-08-19 09:41:48.000,3.393,100
2020-08-19 09:41:48.000,3.393,100
2020-08-19 09:41:48.000,3.393,100
2020-08-19 09:41:48.000,3.393,100
2020-08-19 09:41:48.000,3.393,100
2020-08-19 09:41:48.000,3.393,100
2020-08-19 09:41:48.000,3.393,100
2020-08-19 09:41:48.000,3.393,100
2020-08-19 09:41:48.030,3.393,100
2020-08-19 09:41:48.030,3.393,100
2020-08-19 09:41:48.640,3.393,3000
2020-08-19 09:41:49.980,3.393,3000
2020-08-19 09:41:50.590,3.393,10000
2020-08-19 09:41:51.240,3.394,600
2020-08-19 09:41:51.280,3.393,100
2020-08-19 09:41:51.280,3.393,100
2020-08-19 09:41:51.280,3.393,100
2020-08-19 09:41:51.280,3.393,100
2020-08-19 09:41:51.280,3.393,100
2020-08-19 09:41:51.280,3.393,100
2020-08-19 09:41:51.280,3.393,100
2020-08-19 09:41:51.310,3.393,100
2020-08-19 09:41:51.310,3.393,100
2020-08-19 09:41:51.310,3.393,100
2020-08-19 09:41:51.310,3.393,100
2020-08-19 09:41:51.310,3.393,100
2020-08-19 09:41:51.310,3.393,100
2020-08-19 09:41:51.310,3.393,100
2020-08-19 09:41:51.310,3.393,100
2020-08-19 09:41:51.310,3.393,100
2020-08-19 09:41:51.310,3.393,100
2020-08-19 09:41:51.370,3.393,100
2020-08-19 09:41:51.370,3.393,100
2020-08-19 09:41:51.370,3.393,100
2020-08-19 09:41:51.370,3.393,100
2020-08-19 09:41:51.370,3.393,100
2020-08-19 09:41:51.370,3.393,100
2020-08-19 09:41:51.370,3.393,100
2020-08-19 09:41:51.370,3.393,100
2020-08-19 09:41:51.440,3.393,100
2020-08-19 09:41:51.440,3.393,100
2020-08-19 09:41:51.440,3.393,100
2020-08-19 09:41:51.500,3.393,100
2020-08-19 09:41:51.500,3.393,100
2020-08-19 09:41:51.500,3.393,100
2020-08-19 09:41:51.500,3.393,100
2020-08-19 09:41:51.500,3.393,100
2020-08-19 09:41:51.500,3.393,100
2020-08-19 09:41:51.500,3.393,100
2020-08-19 09:41:51.590,3.393,100
2020-08-19 09:41:51.590,3.393,100
2020-08-19 09:41:51.590,3.393,100
2020-08-19 09:41:51.620,3.393,100
2020-08-19 09:41:51.620,3.393,100
2020-08-19 09:41:51.620,3.393,100
2020-08-19 09:41:51.620,3.393,100
2020-08-19 09:41:51.620,3.393,100
2020-08-19 09:41:51.620,3.393,100
2020-08-19 09:41:51.620,3.393,100
2020-08-19 09:41:51.620,3.393,100
2020-08-19 09:41:51.620,3.393,1500
2020-08-19 09:41:51.650,3.393,100
2020-08-19 09:41:51.680,3.393,100
2020-08-19 09:41:51.680,3.393,100
2020-08-19 09:41:51.680,3.393,100
2020-08-19 09:41:51.680,3.393,100
2020-08-19 09:41:51.680,3.393,100
2020-08-19 09:41:51.680,3.393,100
2020-08-19 09:41:51.800,3.393,100
2020-08-19 09:41:51.800,3.393,100
2020-08-19 09:41:51.800,3.393,100
2020-08-19 09:41:51.800,3.393,100
2020-08-19 09:41:51.800,3.393,100
2020-08-19 09:41:51.830,3.393,100
2020-08-19 09:41:51.830,3.393,100
2020-08-19 09:41:51.830,3.393,100
2020-08-19 09:41:51.830,3.393,100
2020-08-19 09:41:51.860,3.393,100
2020-08-19 09:41:51.860,3.393,100
2020-08-19 09:41:51.860,3.393,100
2020-08-19 09:41:51.860,3.393,100
2020-08-19 09:41:51.860,3.393,100
2020-08-19 09:41:51.920,3.393,100
2020-08-19 09:41:51.920,3.393,100
2020-08-19 09:41:51.920,3.393,100
2020-08-19 09:41:51.920,3.393,100
2020-08-19 09:41:51.980,3.393,100
2020-08-19 09:41:51.980,3.393,100
2020-08-19 09:41:51.980,3.393,100
2020-08-19 09:41:51.980,3.393,100
2020-08-19 09:41:51.980,3.393,100
2020-08-19 09:41:52.020,3.393,221900
2020-08-19 09:41:52.020,3.393,500
2020-08-19 09:41:52.020,3.393,2000
2020-08-19 09:41:52.020,3.393,3000
2020-08-19 09:41:52.020,3.393,2000
2020-08-19 09:41:52.020,3.393,23500
2020-08-19 09:41:52.020,3.393,1000
2020-08-19 09:41:52.020,3.393,2000
2020-08-19 09:41:52.020,3.393,200
2020-08-19 09:41:52.020,3.393,43900
2020-08-19 09:41:52.050,3.393,100
2020-08-19 09:41:52.050,3.393,100
2020-08-19 09:41:52.050,3.393,100
2020-08-19 09:41:52.050,3.393,100
2020-08-19 09:41:52.050,3.393,100
2020-08-19 09:41:52.050,3.393,100
2020-08-19 09:41:52.050,3.393,100
2020-08-19 09:41:52.050,3.393,5400
2020-08-19 09:41:52.080,3.392,100
2020-08-19 09:41:52.080,3.392,100
2020-08-19 09:41:52.080,3.392,100
2020-08-19 09:41:52.080,3.392,100
2020-08-19 09:41:52.080,3.392,100
2020-08-19 09:41:52.080,3.392,100
2020-08-19 09:41:52.140,3.392,100
2020-08-19 09:41:52.390,3.393,100
2020-08-19 09:41:53.690,3.393,500
2020-08-19 09:41:54.990,3.392,1500
2020-08-19 09:41:55.200,3.392,20000
2020-08-19 09:41:55.380,3.393,13200
2020-08-19 09:41:55.480,3.392,4000
2020-08-19 09:41:55.850,3.393,800
2020-08-19 09:41:55.850,3.393,9200
2020-08-19 09:41:56.260,3.393,800
2020-08-19 09:41:56.260,3.393,100
2020-08-19 09:41:56.260,3.393,10000
2020-08-19 09:41:56.260,3.394,15500
2020-08-19 09:41:56.260,3.394,20000
2020-08-19 09:41:56.260,3.394,300
2020-08-19 09:41:56.260,3.394,13300
2020-08-19 09:41:56.480,3.392,100
2020-08-19 09:41:57.220,3.392,300
2020-08-19 09:41:57.480,3.392,3600
2020-08-19 09:41:57.480,3.392,500
2020-08-19 09:41:57.480,3.392,200
2020-08-19 09:41:57.480,3.392,5600
2020-08-19 09:41:58.490,3.392,3000
2020-08-19 09:41:58.770,3.393,5000
2020-08-19 09:41:58.770,3.393,400
2020-08-19 09:41:59.150,3.392,400
2020-08-19 09:41:59.970,3.392,100
2020-08-19 09:42:00.000,3.392,100
2020-08-19 09:42:00.000,3.392,100
2020-08-19 09:42:00.000,3.392,100
2020-08-19 09:42:00.000,3.392,100
2020-08-19 09:42:00.000,3.392,100
2020-08-19 09:42:00.000,3.392,100
2020-08-19 09:42:00.000,3.392,100
2020-08-19 09:42:00.030,3.392,100
2020-08-19 09:42:00.130,3.392,100
2020-08-19 09:42:00.160,3.392,100
2020-08-19 09:42:00.160,3.392,100
2020-08-19 09:42:00.160,3.392,100
2020-08-19 09:42:00.160,3.392,100
2020-08-19 09:42:00.190,3.392,100
2020-08-19 09:42:00.190,3.392,100
2020-08-19 09:42:00.190,3.392,100
2020-08-19 09:42:00.190,3.392,100
2020-08-19 09:42:00.190,3.392,100
2020-08-19 09:42:00.190,3.392,100
2020-08-19 09:42:00.190,3.392,100
2020-08-19 09:42:00.190,3.392,100
2020-08-19 09:42:00.190,3.392,100
2020-08-19 09:42:00.190,3.392,100
2020-08-19 09:42:00.250,3.392,100
2020-08-19 09:42:00.250,3.392,100
2020-08-19 09:42:00.250,3.392,100
2020-08-19 09:42:00.250,3.392,100
2020-08-19 09:42:00.250,3.392,100
2020-08-19 09:42:00.250,3.392,100
2020-08-19 09:42:00.250,3.392,100
2020-08-19 09:42:00.310,3.392,100
2020-08-19 09:42:00.310,3.392,100
2020-08-19 09:42:00.310,3.392,100
2020-08-19 09:42:00.310,3.392,100
2020-08-19 09:42:00.310,3.392,100
2020-08-19 09:42:00.310,3.392,100
2020-08-19 09:42:00.310,3.392,100
2020-08-19 09:42:00.340,3.392,100
2020-08-19 09:42:00.340,3.392,100
2020-08-19 09:42:00.340,3.392,100
2020-08-19 09:42:00.340,3.392,100
2020-08-19 09:42:00.340,3.392,100
2020-08-19 09:42:00.340,3.392,100
2020-08-19 09:42:00.400,3.392,100
2020-08-19 09:42:00.400,3.392,100
2020-08-19 09:42:00.400,3.392,100
2020-08-19 09:42:00.400,3.392,100
2020-08-19 09:42:00.400,3.392,100
2020-08-19 09:42:00.400,3.392,100
2020-08-19 09:42:00.440,3.392,100
2020-08-19 09:42:00.440,3.392,100
2020-08-19 09:42:00.440,3.392,100
2020-08-19 09:42:00.440,3.392,100
2020-08-19 09:42:00.440,3.392,100
2020-08-19 09:42:00.510,3.392,100
2020-08-19 09:42:00.510,3.392,100
2020-08-19 09:42:00.510,3.392,100
2020-08-19 09:42:00.510,3.392,100
2020-08-19 09:42:00.510,3.392,100
2020-08-19 09:42:00.510,3.392,100
2020-08-19 09:42:00.510,3.392,100
2020-08-19 09:42:00.570,3.392,100
2020-08-19 09:42:00.570,3.392,100
2020-08-19 09:42:00.570,3.392,100
2020-08-19 09:42:00.570,3.392,100
2020-08-19 09:42:00.570,3.392,100
2020-08-19 09:42:00.630,3.393,5000
2020-08-19 09:42:00.630,3.392,300
2020-08-19 09:42:00.630,3.392,100
2020-08-19 09:42:00.630,3.392,100
2020-08-19 09:42:00.630,3.392,100
2020-08-19 09:42:00.630,3.392,100
2020-08-19 09:42:00.630,3.392,100
2020-08-19 09:42:00.630,3.392,100
2020-08-19 09:42:00.630,3.392,100
2020-08-19 09:42:00.660,3.392,100
2020-08-19 09:42:00.660,3.392,100
2020-08-19 09:42:00.660,3.392,100
2020-08-19 09:42:00.660,3.392,100
2020-08-19 09:42:00.660,3.392,100
2020-08-19 09:42:00.660,3.392,100
2020-08-19 09:42:00.660,3.392,100
2020-08-19 09:42:00.690,3.392,100
2020-08-19 09:42:00.690,3.392,100
2020-08-19 09:42:00.690,3.392,100
2020-08-19 09:42:00.690,3.392,100
2020-08-19 09:42:00.690,3.392,100
2020-08-19 09:42:00.690,3.392,100
2020-08-19 09:42:00.750,3.392,100
2020-08-19 09:42:00.750,3.392,100
2020-08-19 09:42:00.750,3.392,100
2020-08-19 09:42:01.240,3.392,6100
2020-08-19 09:42:01.820,3.393,14600
2020-08-19 09:42:01.820,3.393,20000
2020-08-19 09:42:01.820,3.393,900
2020-08-19 09:42:01.820,3.393,5000
2020-08-19 09:42:01.820,3.393,3300
2020-08-19 09:42:01.820,3.393,1000
2020-08-19 09:42:01.820,3.393,6400
2020-08-19 09:42:02.470,3.392,2400
2020-08-19 09:42:03.090,3.392,100
2020-08-19 09:42:03.090,3.392,5100
2020-08-19 09:42:03.090,3.392,9600
2020-08-19 09:42:03.090,3.392,100
2020-08-19 09:42:03.090,3.392,200
2020-08-19 09:42:03.090,3.392,5000
2020-08-19 09:42:03.090,3.392,500
2020-08-19 09:42:03.090,3.392,4200
2020-08-19 09:42:03.090,3.392,1000
2020-08-19 09:42:03.180,3.391,100
2020-08-19 09:42:03.180,3.391,100
2020-08-19 09:42:03.180,3.391,100
2020-08-19 09:42:03.180,3.391,100
2020-08-19 09:42:03.180,3.391,100
2020-08-19 09:42:03.180,3.391,100
2020-08-19 09:42:03.180,3.391,100
2020-08-19 09:42:03.180,3.391,100
2020-08-19 09:42:03.180,3.391,100
2020-08-19 09:42:03.180,3.391,100
2020-08-19 09:42:03.180,3.391,100
2020-08-19 09:42:03.240,3.391,100
2020-08-19 09:42:03.240,3.391,100
2020-08-19 09:42:03.240,3.391,100
2020-08-19 09:42:03.240,3.391,100
2020-08-19 09:42:03.240,3.391,100
2020-08-19 09:42:03.340,3.391,100
2020-08-19 09:42:03.400,3.391,100
2020-08-19 09:42:03.400,3.391,100
2020-08-19 09:42:03.400,3.391,100
2020-08-19 09:42:03.400,3.391,100
2020-08-19 09:42:03.400,3.391,100
2020-08-19 09:42:03.400,3.391,100
2020-08-19 09:42:03.400,3.391,100
2020-08-19 09:42:03.400,3.391,100
2020-08-19 09:42:03.430,3.391,100
2020-08-19 09:42:03.430,3.391,100
2020-08-19 09:42:03.430,3.391,100
2020-08-19 09:42:03.430,3.391,100
2020-08-19 09:42:03.430,3.391,100
2020-08-19 09:42:03.430,3.391,100
2020-08-19 09:42:03.430,3.391,100
2020-08-19 09:42:03.430,3.391,100
2020-08-19 09:42:03.490,3.391,100
2020-08-19 09:42:03.490,3.391,100
2020-08-19 09:42:03.490,3.391,100
2020-08-19 09:42:03.490,3.391,100
2020-08-19 09:42:03.490,3.391,100
2020-08-19 09:42:03.490,3.391,100
2020-08-19 09:42:03.490,3.391,100
2020-08-19 09:42:03.490,3.391,100
2020-08-19 09:42:03.490,3.391,100
2020-08-19 09:42:03.490,3.391,100
2020-08-19 09:42:03.490,3.391,100
2020-08-19 09:42:03.490,3.391,6900
2020-08-19 09:42:03.490,3.391,200
2020-08-19 09:42:03.490,3.391,6100
2020-08-19 09:42:03.490,3.391,600
2020-08-19 09:42:03.490,3.391,1000
2020-08-19 09:42:03.490,3.391,500
2020-08-19 09:42:03.490,3.391,5000
2020-08-19 09:42:03.490,3.391,5000
2020-08-19 09:42:03.490,3.391,8800
2020-08-19 09:42:03.490,3.391,20000
2020-08-19 09:42:03.490,3.391,3000
2020-08-19 09:42:03.490,3.391,1000
2020-08-19 09:42:03.490,3.391,1000
2020-08-19 09:42:03.490,3.391,30000
2020-08-19 09:42:03.490,3.391,500
2020-08-19 09:42:03.490,3.391,2000
2020-08-19 09:42:03.490,3.391,100
2020-08-19 09:42:03.490,3.391,208300
2020-08-19 09:42:03.520,3.391,300000
2020-08-19 09:42:03.520,3.391,100
2020-08-19 09:42:03.520,3.391,100
2020-08-19 09:42:03.520,3.391,100
2020-08-19 09:42:03.520,3.391,100
2020-08-19 09:42:03.520,3.391,100
2020-08-19 09:42:03.520,3.391,100
2020-08-19 09:42:03.520,3.391,100
2020-08-19 09:42:03.520,3.391,100
2020-08-19 09:42:03.580,3.391,30000
2020-08-19 09:42:03.580,3.391,100
2020-08-19 09:42:03.580,3.391,100
2020-08-19 09:42:03.580,3.391,100
2020-08-19 09:42:03.580,3.391,100
2020-08-19 09:42:03.580,3.391,100
2020-08-19 09:42:03.580,3.391,100
2020-08-19 09:42:03.640,3.391,100
2020-08-19 09:42:03.640,3.391,100
2020-08-19 09:42:03.640,3.391,100
2020-08-19 09:42:03.640,3.391,100
2020-08-19 09:42:03.640,3.391,100
2020-08-19 09:42:03.640,3.391,100
2020-08-19 09:42:03.640,3.391,100
2020-08-19 09:42:03.700,3.391,100
2020-08-19 09:42:03.700,3.391,100
2020-08-19 09:42:03.700,3.391,100
2020-08-19 09:42:03.700,3.391,100
2020-08-19 09:42:03.750,3.391,100
2020-08-19 09:42:03.750,3.391,100
2020-08-19 09:42:03.750,3.391,100
2020-08-19 09:42:03.750,3.391,100
2020-08-19 09:42:03.810,3.391,100000
2020-08-19 09:42:03.840,3.391,100
2020-08-19 09:42:03.840,3.391,100
2020-08-19 09:42:03.840,3.391,100
2020-08-19 09:42:03.840,3.391,100
2020-08-19 09:42:03.870,3.391,100
2020-08-19 09:42:03.870,3.391,100
2020-08-19 09:42:03.930,3.391,100
2020-08-19 09:42:03.990,3.391,100
2020-08-19 09:42:04.050,3.391,100
2020-08-19 09:42:04.050,3.391,100
2020-08-19 09:42:04.050,3.391,100
2020-08-19 09:42:04.050,3.391,100
2020-08-19 09:42:04.080,3.391,100
2020-08-19 09:42:04.080,3.391,100
2020-08-19 09:42:04.080,3.391,100
2020-08-19 09:42:04.080,3.391,257500
2020-08-19 09:42:04.080,3.391,42500
2020-08-19 09:42:04.080,3.391,300000
2020-08-19 09:42:04.080,3.391,300000
2020-08-19 09:42:04.080,3.391,300000
2020-08-19 09:42:04.080,3.391,57500
2020-08-19 09:42:04.080,3.391,10000
2020-08-19 09:42:04.080,3.391,2000
2020-08-19 09:42:04.080,3.391,5000
2020-08-19 09:42:04.080,3.391,6000
2020-08-19 09:42:04.080,3.391,5000
2020-08-19 09:42:04.080,3.391,100000
2020-08-19 09:42:04.260,3.39,100
2020-08-19 09:42:04.850,3.391,100
2020-08-19 09:42:06.400,3.391,1000
2020-08-19 09:42:06.590,3.39,900
2020-08-19 09:42:06.590,3.39,100
2020-08-19 09:42:06.590,3.39,2000
2020-08-19 09:42:06.590,3.39,1000
2020-08-19 09:42:06.590,3.39,100
2020-08-19 09:42:06.590,3.39,200
2020-08-19 09:42:06.590,3.39,20000
2020-08-19 09:42:06.590,3.39,20000
2020-08-19 09:42:06.590,3.39,20000
2020-08-19 09:42:06.590,3.39,20000
2020-08-19 09:42:06.590,3.39,20000
2020-08-19 09:42:06.590,3.39,10000
2020-08-19 09:42:06.590,3.39,2144
2020-08-19 09:42:07.410,3.391,500
2020-08-19 09:42:07.590,3.391,1100
2020-08-19 09:42:07.800,3.391,2000
2020-08-19 09:42:07.960,3.391,10000
2020-08-19 09:42:08.110,3.39,7856
2020-08-19 09:42:08.110,3.39,400
2020-08-19 09:42:08.110,3.39,10000
2020-08-19 09:42:08.110,3.39,1000
2020-08-19 09:42:08.110,3.39,3000
2020-08-19 09:42:08.110,3.39,100000
2020-08-19 09:42:08.110,3.39,1200
2020-08-19 09:42:08.110,3.39,10000
2020-08-19 09:42:08.110,3.39,6000
2020-08-19 09:42:08.110,3.39,100
2020-08-19 09:42:08.110,3.39,100
2020-08-19 09:42:08.110,3.39,200
2020-08-19 09:42:08.110,3.39,10000
2020-08-19 09:42:08.110,3.39,100000
2020-08-19 09:42:08.110,3.39,200
2020-08-19 09:42:08.110,3.39,5600
2020-08-19 09:42:08.110,3.39,10000
2020-08-19 09:42:08.110,3.39,10000
2020-08-19 09:42:08.110,3.39,200
2020-08-19 09:42:08.110,3.39,5000
2020-08-19 09:42:08.110,3.39,3000
2020-08-19 09:42:08.110,3.39,6000
2020-08-19 09:42:08.110,3.39,600
2020-08-19 09:42:08.110,3.39,6000
2020-08-19 09:42:08.110,3.39,3000
2020-08-19 09:42:08.110,3.39,544
2020-08-19 09:42:08.140,3.391,100
2020-08-19 09:42:08.440,3.39,4456
2020-08-19 09:42:08.440,3.39,3000
2020-08-19 09:42:08.440,3.39,1000
2020-08-19 09:42:08.440,3.39,1000
2020-08-19 09:42:08.440,3.39,1800
2020-08-19 09:42:08.440,3.39,500
2020-08-19 09:42:08.440,3.39,10000
2020-08-19 09:42:08.440,3.39,1000
2020-08-19 09:42:08.440,3.39,50000
2020-08-19 09:42:08.440,3.39,1000
2020-08-19 09:42:08.440,3.39,5000
2020-08-19 09:42:08.440,3.39,1500
2020-08-19 09:42:08.440,3.39,1000
2020-08-19 09:42:08.440,3.39,5000
2020-08-19 09:42:08.440,3.39,6500
2020-08-19 09:42:08.440,3.39,12000
2020-08-19 09:42:08.440,3.39,5000
2020-08-19 09:42:08.440,3.39,500
2020-08-19 09:42:08.440,3.39,10000
2020-08-19 09:42:08.440,3.39,1000
2020-08-19 09:42:08.440,3.39,7000
2020-08-19 09:42:08.440,3.39,400
2020-08-19 09:42:08.440,3.39,500
2020-08-19 09:42:08.440,3.39,17300
2020-08-19 09:42:08.440,3.39,200
2020-08-19 09:42:08.440,3.39,15000
2020-08-19 09:42:08.440,3.39,11700
2020-08-19 09:42:08.440,3.39,1000
2020-08-19 09:42:08.440,3.39,5000
2020-08-19 09:42:08.440,3.39,500
2020-08-19 09:42:08.440,3.39,600
2020-08-19 09:42:08.440,3.39,300
2020-08-19 09:42:08.440,3.39,20000
2020-08-19 09:42:08.440,3.39,10000
2020-08-19 09:42:08.440,3.39,1000
2020-08-19 09:42:08.440,3.39,10000
2020-08-19 09:42:08.440,3.39,5000
2020-08-19 09:42:08.440,3.39,2500
2020-08-19 09:42:08.440,3.39,1000
2020-08-19 09:42:08.440,3.39,50000
2020-08-19 09:42:08.510,3.39,500
2020-08-19 09:42:09.040,3.39,300
2020-08-19 09:42:09.040,3.39,10000
2020-08-19 09:42:09.490,3.39,8944
2020-08-19 09:42:09.490,3.39,30000
2020-08-19 09:42:09.490,3.39,30000
2020-08-19 09:42:09.490,3.39,30000
2020-08-19 09:42:09.490,3.39,30000
2020-08-19 09:42:09.490,3.39,30000
2020-08-19 09:42:09.550,3.39,49256
2020-08-19 09:42:09.650,3.39,1000
2020-08-19 09:42:09.950,3.39,500
2020-08-19 09:42:10.680,3.389,1400
2020-08-19 09:42:10.680,3.389,100
2020-08-19 09:42:10.680,3.389,200
2020-08-19 09:42:10.680,3.389,200
2020-08-19 09:42:10.680,3.389,100
2020-08-19 09:42:10.680,3.389,1800
2020-08-19 09:42:10.860,3.39,1000
2020-08-19 09:42:11.440,3.389,300
2020-08-19 09:42:11.600,3.39,10000
2020-08-19 09:42:11.920,3.39,1400
2020-08-19 09:42:12.070,3.39,100
2020-08-19 09:42:13.140,3.39,5800
2020-08-19 09:42:13.730,3.39,9700
2020-08-19 09:42:13.900,3.39,1844
2020-08-19 09:42:13.900,3.39,30000
2020-08-19 09:42:13.970,3.391,60000
2020-08-19 09:42:14.280,3.39,10000
2020-08-19 09:42:14.310,3.391,1000
2020-08-19 09:42:14.770,3.39,5856
2020-08-19 09:42:14.770,3.39,2000
2020-08-19 09:42:14.770,3.389,4000
2020-08-19 09:42:14.770,3.389,1000
2020-08-19 09:42:14.770,3.389,5000
2020-08-19 09:42:14.770,3.389,1000
2020-08-19 09:42:14.770,3.389,1000
2020-08-19 09:42:14.770,3.389,200
2020-08-19 09:42:14.770,3.389,100
2020-08-19 09:42:14.770,3.389,1200
2020-08-19 09:42:14.770,3.389,1000
2020-08-19 09:42:14.770,3.389,5000
2020-08-19 09:42:14.770,3.389,500
2020-08-19 09:42:14.770,3.389,5000
2020-08-19 09:42:14.770,3.389,1500
2020-08-19 09:42:14.770,3.389,500
2020-08-19 09:42:14.770,3.389,3000
2020-08-19 09:42:15.220,3.389,62144
2020-08-19 09:42:15.220,3.389,100000
2020-08-19 09:42:15.220,3.391,99156
2020-08-19 09:42:16.410,3.39,600
2020-08-19 09:42:19.390,3.39,300
2020-08-19 09:42:20.050,3.39,4100
2020-08-19 09:42:20.050,3.39,1000
2020-08-19 09:42:20.050,3.39,200
2020-08-19 09:42:20.050,3.39,3400
2020-08-19 09:42:20.050,3.39,1000
2020-08-19 09:42:20.050,3.39,10000
2020-08-19 09:42:20.050,3.39,3400
2020-08-19 09:42:20.180,3.389,100
2020-08-19 09:42:20.180,3.39,30000
2020-08-19 09:42:20.460,3.389,5000
2020-08-19 09:42:20.740,3.389,95000
2020-08-19 09:42:20.740,3.389,100000
2020-08-19 09:42:20.740,3.39,1000
2020-08-19 09:42:20.780,3.39,500
2020-08-19 09:42:21.350,3.39,30000
2020-08-19 09:42:22.300,3.389,30000
2020-08-19 09:42:22.420,3.39,215400
2020-08-19 09:42:22.420,3.39,4000
2020-08-19 09:42:22.420,3.39,5000
2020-08-19 09:42:22.420,3.39,11600
2020-08-19 09:42:22.920,3.391,800
2020-08-19 09:42:22.980,3.39,4800
2020-08-19 09:42:23.050,3.39,500
2020-08-19 09:42:23.170,3.39,200
2020-08-19 09:42:23.240,3.391,30000
2020-08-19 09:42:23.900,3.391,7100
2020-08-19 09:42:24.020,3.39,36500
2020-08-19 09:42:24.080,3.39,6700
2020-08-19 09:42:24.610,3.39,8000
2020-08-19 09:42:25.220,3.39,6000
2020-08-19 09:42:25.310,3.39,1300
2020-08-19 09:42:25.310,3.39,200
2020-08-19 09:42:25.310,3.39,1000
2020-08-19 09:42:25.310,3.39,5000
2020-08-19 09:42:26.230,3.39,30000
2020-08-19 09:42:26.350,3.39,5400
2020-08-19 09:42:26.540,3.39,6000
2020-08-19 09:42:26.730,3.39,50000
2020-08-19 09:42:26.820,3.39,64000
2020-08-19 09:42:27.040,3.391,120000
2020-08-19 09:42:27.040,3.392,10000
2020-08-19 09:42:27.040,3.392,10000
2020-08-19 09:42:27.040,3.392,8300
2020-08-19 09:42:27.040,3.392,500
2020-08-19 09:42:27.040,3.392,100
2020-08-19 09:42:27.040,3.392,73000
2020-08-19 09:42:27.040,3.392,100000
2020-08-19 09:42:27.040,3.392,120000
2020-08-19 09:42:27.040,3.392,15000
2020-08-19 09:42:27.040,3.393,3600
2020-08-19 09:42:27.040,3.393,30000
2020-08-19 09:42:27.040,3.393,15000
2020-08-19 09:42:27.040,3.393,10000
2020-08-19 09:42:27.040,3.393,5000
2020-08-19 09:42:27.040,3.393,93000
2020-08-19 09:42:27.040,3.393,286500
2020-08-19 09:42:27.160,3.39,1100
2020-08-19 09:42:27.460,3.391,100
2020-08-19 09:42:28.160,3.391,92900
2020-08-19 09:42:28.160,3.39,27100
2020-08-19 09:42:29.240,3.392,3000
2020-08-19 09:42:29.460,3.39,100000
2020-08-19 09:42:29.460,3.39,37200
2020-08-19 09:42:29.460,3.39,62800
2020-08-19 09:42:29.460,3.39,84900
2020-08-19 09:42:30.240,3.39,3000
2020-08-19 09:42:32.210,3.392,500
2020-08-19 09:42:33.620,3.391,13400
2020-08-19 09:42:34.310,3.391,300000
2020-08-19 09:42:34.790,3.391,2400
2020-08-19 09:42:36.040,3.392,500
2020-08-19 09:42:36.460,3.391,229100
2020-08-19 09:42:36.460,3.391,300000
2020-08-19 09:42:36.460,3.391,40000
2020-08-19 09:42:36.460,3.39,149300
2020-08-19 09:42:36.460,3.39,3000
2020-08-19 09:42:36.460,3.39,500
2020-08-19 09:42:36.460,3.39,278100
2020-08-19 09:42:36.520,3.392,5000
2020-08-19 09:42:36.580,3.392,34800
2020-08-19 09:42:37.230,3.392,20000
2020-08-19 09:42:37.510,3.392,600
2020-08-19 09:42:38.170,3.392,1500
2020-08-19 09:42:38.440,3.392,238100
2020-08-19 09:42:38.440,3.392,1400
2020-08-19 09:42:38.440,3.391,400
2020-08-19 09:42:38.440,3.39,22000
2020-08-19 09:42:38.440,3.39,1500
2020-08-19 09:42:38.440,3.39,40000
2020-08-19 09:42:38.440,3.39,4000
2020-08-19 09:42:38.440,3.39,1000
2020-08-19 09:42:38.440,3.39,3000
2020-08-19 09:42:38.440,3.39,100
2020-08-19 09:42:38.440,3.39,1000
2020-08-19 09:42:38.440,3.39,100
2020-08-19 09:42:38.440,3.39,5000
2020-08-19 09:42:38.440,3.39,1000
2020-08-19 09:42:38.440,3.39,40000
2020-08-19 09:42:38.440,3.39,30000
2020-08-19 09:42:38.440,3.39,20000
2020-08-19 09:42:38.440,3.39,3000
2020-08-19 09:42:38.440,3.39,7000
2020-08-19 09:42:38.440,3.39,300
2020-08-19 09:42:38.440,3.39,5000
2020-08-19 09:42:38.440,3.389,50400
2020-08-19 09:42:38.860,3.39,400
2020-08-19 09:42:38.930,3.391,10400
2020-08-19 09:42:41.800,3.392,1000
2020-08-19 09:42:41.800,3.391,500
2020-08-19 09:42:42.110,3.392,2200
2020-08-19 09:42:44.690,3.392,500
2020-08-19 09:42:45.250,3.392,400
2020-08-19 09:42:45.980,3.392,4100
2020-08-19 09:42:45.980,3.391,8700
2020-08-19 09:42:45.980,3.391,287200
2020-08-19 09:42:48.750,3.392,16800
2020-08-19 09:42:50.250,3.393,300
2020-08-19 09:42:50.860,3.392,15800
2020-08-19 09:42:50.860,3.392,4000
2020-08-19 09:42:50.860,3.392,2000
2020-08-19 09:42:50.860,3.392,278200
2020-08-19 09:42:51.870,3.392,267300
2020-08-19 09:42:51.870,3.392,3000
2020-08-19 09:42:51.870,3.392,1000
2020-08-19 09:42:51.870,3.392,5000
2020-08-19 09:42:52.270,3.391,1000
2020-08-19 09:42:52.430,3.392,23700
2020-08-19 09:42:52.760,3.392,5400
2020-08-19 09:42:53.020,3.392,3000
2020-08-19 09:42:53.050,3.393,8100
2020-08-19 09:42:53.140,3.392,5700
2020-08-19 09:42:53.140,3.391,1800
2020-08-19 09:42:54.000,3.392,1000
2020-08-19 09:42:54.820,3.392,2000
2020-08-19 09:42:54.850,3.392,10000
2020-08-19 09:42:54.910,3.392,3000
2020-08-19 09:42:55.070,3.392,100000
2020-08-19 09:42:55.250,3.392,2000
2020-08-19 09:42:55.670,3.392,2000
2020-08-19 09:42:55.760,3.392,50000
2020-08-19 09:42:55.790,3.391,10000
2020-08-19 09:42:55.790,3.391,400
2020-08-19 09:42:57.250,3.392,1700
2020-08-19 09:42:58.240,3.391,20000
2020-08-19 09:42:58.590,3.392,2000
2020-08-19 09:42:58.730,3.392,75000
2020-08-19 09:42:59.440,3.392,20100
2020-08-19 09:42:59.590,3.392,30000
2020-08-19 09:42:59.810,3.392,400
2020-08-19 09:42:59.870,3.392,800
2020-08-19 09:42:59.870,3.392,300000
2020-08-19 09:42:59.870,3.392,2900
2020-08-19 09:42:59.870,3.392,3900
2020-08-19 09:43:00.000,3.391,5000
2020-08-19 09:43:00.300,3.391,1500
2020-08-19 09:43:00.470,3.392,100000
2020-08-19 09:43:00.500,3.392,2500
2020-08-19 09:43:00.830,3.392,2000
2020-08-19 09:43:00.920,3.391,195300
2020-08-19 09:43:01.380,3.392,500000
2020-08-19 09:43:01.420,3.392,68000
2020-08-19 09:43:01.480,3.392,5000
2020-08-19 09:43:01.790,3.392,1300
2020-08-19 09:43:04.140,3.392,600
2020-08-19 09:43:04.170,3.392,7300
2020-08-19 09:43:04.410,3.392,10000
2020-08-19 09:43:04.900,3.391,27300
2020-08-19 09:43:04.930,3.392,700
2020-08-19 09:43:05.010,3.391,2300
2020-08-19 09:43:05.010,3.392,2000
2020-08-19 09:43:05.560,3.391,10000
2020-08-19 09:43:05.990,3.392,3000
2020-08-19 09:43:06.400,3.392,5000
2020-08-19 09:43:06.850,3.391,500
2020-08-19 09:43:07.080,3.392,197800
