Datetime,Price,Volume
2020-08-19 09:25:00.900,4.867,300
2020-08-19 09:25:00.900,4.867,100
2020-08-19 09:25:00.900,4.867,400
2020-08-19 09:25:00.900,4.867,2200
2020-08-19 09:25:00.900,4.867,1300
2020-08-19 09:25:00.900,4.867,16500
2020-08-19 09:25:00.900,4.867,1200
2020-08-19 09:25:00.900,4.867,1000
2020-08-19 09:25:00.900,4.867,1000
2020-08-19 09:25:00.900,4.867,5000
2020-08-19 09:25:00.900,4.867,1900
2020-08-19 09:25:00.900,4.867,8100
2020-08-19 09:25:00.900,4.867,500
2020-08-19 09:25:00.900,4.867,1000
2020-08-19 09:25:00.900,4.867,100
2020-08-19 09:25:00.900,4.867,300
2020-08-19 09:25:00.900,4.867,1000
2020-08-19 09:25:00.900,4.867,9000
2020-08-19 09:25:00.900,4.867,10000
2020-08-19 09:25:00.900,4.867,6000
2020-08-19 09:25:00.900,4.867,4000
2020-08-19 09:25:00.900,4.867,1000
2020-08-19 09:25:00.900,4.867,10000
2020-08-19 09:25:00.900,4.867,100
2020-08-19 09:25:00.900,4.867,4900
2020-08-19 09:25:00.900,4.867,2100
2020-08-19 09:25:00.900,4.867,2900
2020-08-19 09:25:00.900,4.867,600
2020-08-19 09:25:00.900,4.867,10000
2020-08-19 09:25:00.900,4.867,36400
2020-08-19 09:25:00.900,4.867,49900
2020-08-19 09:25:00.900,4.867,1500
2020-08-19 09:25:00.900,4.867,1000
2020-08-19 09:25:00.900,4.867,11200
2020-08-19 09:25:00.900,4.867,3800
2020-08-19 09:25:00.900,4.867,700
2020-08-19 09:25:00.900,4.867,2300
2020-08-19 09:25:00.900,4.867,1000
2020-08-19 09:25:00.900,4.867,200
2020-08-19 09:25:00.900,4.867,4200
2020-08-19 09:25:00.900,4.867,5600
2020-08-19 09:25:00.900,4.867,44400
2020-08-19 09:25:00.900,4.867,800
2020-08-19 09:25:00.900,4.867,10000
2020-08-19 09:25:00.900,4.867,40200
2020-08-19 09:25:00.900,4.867,1000
2020-08-19 09:25:00.900,4.867,400
2020-08-19 09:25:00.900,4.867,2100
2020-08-19 09:25:00.900,4.867,2100
2020-08-19 09:25:00.900,4.867,2100
2020-08-19 09:25:00.900,4.867,9000
2020-08-19 09:25:00.900,4.867,41000
2020-08-19 09:25:00.900,4.867,35000
2020-08-19 09:25:00.900,4.867,10000
2020-08-19 09:25:00.900,4.867,1100
2020-08-19 09:25:00.900,4.867,4000
2020-08-19 09:25:00.900,4.867,4000
2020-08-19 09:25:00.900,4.867,5600
2020-08-19 09:25:00.900,4.867,400
2020-08-19 09:25:00.900,4.867,12700
2020-08-19 09:25:00.900,4.867,200
2020-08-19 09:25:00.900,4.867,2100
2020-08-19 09:25:00.900,4.867,12600
2020-08-19 09:25:00.900,4.867,9900
2020-08-19 09:25:00.900,4.867,32300
2020-08-19 09:25:00.900,4.867,300
2020-08-19 09:25:00.900,4.867,1200
2020-08-19 09:25:00.900,4.867,10500
2020-08-19 09:25:00.900,4.867,5000
2020-08-19 09:25:00.900,4.867,2100
2020-08-19 09:25:00.900,4.867,200
2020-08-19 09:25:00.900,4.867,100
2020-08-19 09:25:00.900,4.867,100
2020-08-19 09:25:00.900,4.867,100
2020-08-19 09:25:00.900,4.867,100
2020-08-19 09:25:00.900,4.867,100
2020-08-19 09:25:00.900,4.867,100
2020-08-19 09:25:00.900,4.867,300
2020-08-19 09:25:00.900,4.867,600
2020-08-19 09:25:00.900,4.867,1000
2020-08-19 09:25:00.900,4.867,300
2020-08-19 09:25:00.900,4.867,100
2020-08-19 09:25:00.900,4.867,1000
2020-08-19 09:25:00.900,4.867,600
2020-08-19 09:25:00.900,4.867,100
2020-08-19 09:25:00.900,4.867,1000
2020-08-19 09:25:00.900,4.867,100
2020-08-19 09:25:00.900,4.867,200
2020-08-19 09:25:00.900,4.867,3100
2020-08-19 09:25:00.900,4.867,200
2020-08-19 09:25:00.900,4.867,100
2020-08-19 09:25:00.900,4.867,100
2020-08-19 09:25:00.900,4.867,5100
2020-08-19 09:25:00.900,4.867,7100
2020-08-19 09:25:00.900,4.867,100
2020-08-19 09:25:00.900,4.867,4000
2020-08-19 09:25:00.900,4.867,1000
2020-08-19 09:25:00.900,4.867,93
2020-08-19 09:25:00.900,4.867,5000
2020-08-19 09:25:00.900,4.867,200
2020-08-19 09:25:00.900,4.867,35700
2020-08-19 09:25:00.900,4.867,500
2020-08-19 09:25:00.900,4.867,8500
2020-08-19 09:25:00.900,4.867,5000
2020-08-19 09:25:00.900,4.867,400
2020-08-19 09:25:00.900,4.867,100
2020-08-19 09:25:00.900,4.867,10000
2020-08-19 09:25:00.900,4.867,5000
2020-08-19 09:25:00.900,4.867,10000
2020-08-19 09:25:00.900,4.867,23207
2020-08-19 09:25:00.900,4.867,100
2020-08-19 09:25:00.900,4.867,3000
2020-08-19 09:25:00.900,4.867,500
2020-08-19 09:25:00.900,4.867,300
2020-08-19 09:25:00.900,4.867,200
2020-08-19 09:25:00.900,4.867,200
2020-08-19 09:25:00.900,4.867,200
2020-08-19 09:25:00.900,4.867,100
2020-08-19 09:25:00.900,4.867,200
2020-08-19 09:25:00.900,4.867,100
2020-08-19 09:25:00.900,4.867,2000
2020-08-19 09:25:00.900,4.867,3000
2020-08-19 09:25:00.900,4.867,100
2020-08-19 09:25:00.900,4.867,400
2020-08-19 09:25:00.900,4.867,100
2020-08-19 09:25:00.900,4.867,2100
2020-08-19 09:25:00.900,4.867,300
2020-08-19 09:25:00.900,4.867,5600
2020-08-19 09:25:00.900,4.867,500
2020-08-19 09:25:00.900,4.867,400
2020-08-19 09:25:00.900,4.867,100
2020-08-19 09:25:00.900,4.867,1300
2020-08-19 09:25:00.900,4.867,100
2020-08-19 09:25:00.900,4.867,200
2020-08-19 09:25:00.900,4.867,500
2020-08-19 09:25:00.900,4.867,100
2020-08-19 09:25:00.900,4.867,100
2020-08-19 09:25:00.900,4.867,100
2020-08-19 09:25:00.900,4.867,200
2020-08-19 09:25:00.900,4.867,100
2020-08-19 09:25:00.900,4.867,100
2020-08-19 09:25:00.900,4.867,100
2020-08-19 09:25:00.900,4.867,200
2020-08-19 09:25:00.900,4.867,100
2020-08-19 09:25:00.900,4.867,100
2020-08-19 09:25:00.900,4.867,200
2020-08-19 09:25:00.900,4.867,200
2020-08-19 09:25:00.900,4.867,100
2020-08-19 09:25:00.900,4.867,100
2020-08-19 09:25:00.900,4.867,300
2020-08-19 09:25:00.900,4.867,100
2020-08-19 09:25:00.900,4.867,5100
2020-08-19 09:25:00.900,4.867,100
2020-08-19 09:25:00.900,4.867,200
2020-08-19 09:25:00.900,4.867,1100
2020-08-19 09:25:00.900,4.867,100
2020-08-19 09:25:00.900,4.867,100
2020-08-19 09:25:00.900,4.867,100
2020-08-19 09:25:00.900,4.867,5000
2020-08-19 09:25:00.900,4.867,11193
2020-08-19 09:25:00.900,4.867,100
2020-08-19 09:25:00.900,4.867,16800
2020-08-19 09:25:00.900,4.867,18000
2020-08-19 09:25:00.900,4.867,400
2020-08-19 09:25:00.900,4.867,3507
2020-08-19 09:25:00.900,4.867,26493
2020-08-19 09:25:00.900,4.867,8507
2020-08-19 09:25:00.900,4.867,100
2020-08-19 09:25:00.900,4.867,2100
2020-08-19 09:25:00.900,4.867,50000
2020-08-19 09:25:00.900,4.867,17300
2020-08-19 09:25:00.900,4.867,400
2020-08-19 09:25:00.900,4.867,100
2020-08-19 09:25:00.900,4.867,50000
2020-08-19 09:25:00.900,4.867,500
2020-08-19 09:25:00.900,4.867,5000
2020-08-19 09:25:00.900,4.867,1100
2020-08-19 09:25:00.900,4.867,2100
2020-08-19 09:25:00.900,4.867,1100
2020-08-19 09:25:00.900,4.867,300
2020-08-19 09:25:00.900,4.867,100
2020-08-19 09:25:00.900,4.867,8000
2020-08-19 09:25:00.900,4.867,100
2020-08-19 09:25:00.900,4.867,200
2020-08-19 09:30:00.300,4.866,100
2020-08-19 09:30:00.300,4.866,200
2020-08-19 09:30:00.300,4.865,100
2020-08-19 09:30:00.300,4.865,100
2020-08-19 09:30:00.300,4.865,100
2020-08-19 09:30:00.660,4.865,1700
2020-08-19 09:30:00.660,4.866,6500
2020-08-19 09:30:00.890,4.866,100
2020-08-19 09:30:01.370,4.866,3200
2020-08-19 09:30:01.370,4.866,1000
2020-08-19 09:30:01.370,4.866,1900
2020-08-19 09:30:01.370,4.866,400
2020-08-19 09:30:01.370,4.867,3500
2020-08-19 09:30:01.370,4.867,100
2020-08-19 09:30:01.850,4.867,300
2020-08-19 09:30:01.850,4.867,1000
2020-08-19 09:30:01.970,4.864,5000
2020-08-19 09:30:02.330,4.866,4200
2020-08-19 09:30:02.600,4.866,600
2020-08-19 09:30:02.660,4.866,1000
2020-08-19 09:30:02.890,4.865,5000
2020-08-19 09:30:02.890,4.864,2600
2020-08-19 09:30:03.360,4.864,92400
2020-08-19 09:30:03.360,4.863,1000
2020-08-19 09:30:03.360,4.863,1000
2020-08-19 09:30:03.360,4.863,3000
2020-08-19 09:30:03.360,4.862,2000
2020-08-19 09:30:03.360,4.862,600
2020-08-19 09:30:03.360,4.866,1000
2020-08-19 09:30:03.360,4.866,600
2020-08-19 09:30:03.740,4.866,22600
2020-08-19 09:30:03.740,4.866,1000
2020-08-19 09:30:03.740,4.866,8700
2020-08-19 09:30:03.870,4.866,4500
2020-08-19 09:30:03.870,4.866,5200
2020-08-19 09:30:03.870,4.866,7300
2020-08-19 09:30:05.100,4.865,1000
2020-08-19 09:30:05.100,4.862,3000
2020-08-19 09:30:05.100,4.866,200
2020-08-19 09:30:05.100,4.864,100
2020-08-19 09:30:05.100,4.862,16400
2020-08-19 09:30:05.100,4.862,30000
2020-08-19 09:30:05.100,4.861,500
2020-08-19 09:30:05.100,4.861,23000
2020-08-19 09:30:05.100,4.861,10000
2020-08-19 09:30:05.100,4.861,20000
2020-08-19 09:30:05.100,4.866,900
2020-08-19 09:30:05.470,4.865,100
2020-08-19 09:30:05.850,4.866,50000
2020-08-19 09:30:05.850,4.866,2000
2020-08-19 09:30:05.970,4.866,800
2020-08-19 09:30:06.210,4.866,100
2020-08-19 09:30:06.210,4.866,7100
2020-08-19 09:30:06.500,4.862,300
2020-08-19 09:30:06.720,4.862,700
2020-08-19 09:30:06.720,4.862,5400
2020-08-19 09:30:06.840,4.866,100
2020-08-19 09:30:06.840,4.866,1300
2020-08-19 09:30:07.360,4.866,200
2020-08-19 09:30:07.360,4.866,300
2020-08-19 09:30:07.400,4.866,100
2020-08-19 09:30:07.710,4.866,100
2020-08-19 09:30:07.710,4.866,100
2020-08-19 09:30:07.710,4.866,700
2020-08-19 09:30:07.790,4.862,6100
2020-08-19 09:30:07.980,4.866,700
2020-08-19 09:30:08.310,4.865,2500
2020-08-19 09:30:08.310,4.866,3300
2020-08-19 09:30:08.430,4.866,400
2020-08-19 09:30:08.800,4.865,400
2020-08-19 09:30:08.800,4.866,900
2020-08-19 09:30:08.800,4.866,5700
2020-08-19 09:30:09.020,4.866,100
2020-08-19 09:30:09.060,4.863,1100
2020-08-19 09:30:09.060,4.862,900
2020-08-19 09:30:09.500,4.862,400
2020-08-19 09:30:09.700,4.866,100
2020-08-19 09:30:09.840,4.866,2200
2020-08-19 09:30:09.980,4.866,100
2020-08-19 09:30:10.260,4.866,1800
2020-08-19 09:30:10.260,4.866,6300
2020-08-19 09:30:10.560,4.866,100
2020-08-19 09:30:11.550,4.865,14000
2020-08-19 09:30:11.550,4.866,800
2020-08-19 09:30:11.550,4.866,5800
2020-08-19 09:30:12.460,4.866,8800
2020-08-19 09:30:12.890,4.862,18700
2020-08-19 09:30:12.890,4.862,2300
2020-08-19 09:30:14.010,4.865,200
2020-08-19 09:30:15.030,4.865,5000
2020-08-19 09:30:19.470,4.862,17700
2020-08-19 09:30:19.470,4.862,500
2020-08-19 09:30:19.470,4.861,81800
2020-08-19 09:30:20.280,4.862,200
2020-08-19 09:30:20.650,4.862,30500
2020-08-19 09:30:21.450,4.862,200
2020-08-19 09:30:22.820,4.862,35300
2020-08-19 09:30:22.820,4.865,26300
2020-08-19 09:30:22.820,4.865,100000
2020-08-19 09:30:22.820,4.865,49400
2020-08-19 09:30:23.190,4.861,18200
2020-08-19 09:30:23.190,4.861,50000
2020-08-19 09:30:23.190,4.861,100
2020-08-19 09:30:23.190,4.861,5000
2020-08-19 09:30:23.190,4.861,5000
2020-08-19 09:30:23.190,4.86,100
2020-08-19 09:30:23.190,4.86,8000
2020-08-19 09:30:23.190,4.86,200
2020-08-19 09:30:23.190,4.86,100
2020-08-19 09:30:23.190,4.86,100
2020-08-19 09:30:23.190,4.86,200
2020-08-19 09:30:23.190,4.86,300
2020-08-19 09:30:23.190,4.86,2400
2020-08-19 09:30:23.190,4.86,100
2020-08-19 09:30:23.190,4.86,15000
2020-08-19 09:30:23.190,4.86,100
2020-08-19 09:30:23.190,4.86,100
2020-08-19 09:30:23.190,4.86,200
2020-08-19 09:30:23.190,4.86,2100
2020-08-19 09:30:23.190,4.86,100
2020-08-19 09:30:23.190,4.86,8800
2020-08-19 09:30:23.190,4.86,100
2020-08-19 09:30:23.190,4.86,100
2020-08-19 09:30:23.190,4.86,900
2020-08-19 09:30:23.190,4.86,10000
2020-08-19 09:30:23.190,4.86,22700
2020-08-19 09:30:25.710,4.861,2800
2020-08-19 09:30:25.800,4.86,27300
2020-08-19 09:30:25.800,4.86,500
2020-08-19 09:30:25.800,4.86,500
2020-08-19 09:30:25.800,4.86,65000
2020-08-19 09:30:25.800,4.86,6700
2020-08-19 09:30:27.110,4.862,3300
2020-08-19 09:30:27.110,4.862,2500
2020-08-19 09:30:27.110,4.862,10100
2020-08-19 09:30:30.870,4.862,100
2020-08-19 09:30:30.900,4.86,20000
2020-08-19 09:30:31.090,4.862,400
2020-08-19 09:30:31.360,4.862,10000
2020-08-19 09:30:31.690,4.862,10000
2020-08-19 09:30:31.900,4.862,16000
2020-08-19 09:30:31.900,4.862,1000
2020-08-19 09:30:31.900,4.862,3500
2020-08-19 09:30:31.900,4.862,1000
2020-08-19 09:30:31.900,4.862,5200
2020-08-19 09:30:31.900,4.862,700
2020-08-19 09:30:33.600,4.862,5600
2020-08-19 09:30:33.870,4.862,7100
2020-08-19 09:30:34.710,4.862,21400
2020-08-19 09:30:35.050,4.862,13900
2020-08-19 09:30:35.430,4.862,2500
2020-08-19 09:30:36.050,4.862,4400
2020-08-19 09:30:36.050,4.862,71800
2020-08-19 09:30:36.050,4.862,8800
2020-08-19 09:30:36.420,4.861,500
2020-08-19 09:30:36.420,4.86,3300
2020-08-19 09:30:36.420,4.86,1000
2020-08-19 09:30:36.420,4.86,4800
2020-08-19 09:30:36.480,4.86,5200
2020-08-19 09:30:36.480,4.86,600
2020-08-19 09:30:36.480,4.86,400
2020-08-19 09:30:36.480,4.86,1500
2020-08-19 09:30:36.480,4.86,1200
2020-08-19 09:30:36.690,4.86,800
2020-08-19 09:30:36.690,4.86,2000
2020-08-19 09:30:36.690,4.86,800
2020-08-19 09:30:36.690,4.86,100
2020-08-19 09:30:36.800,4.86,2400
2020-08-19 09:30:36.800,4.86,3500
2020-08-19 09:30:36.800,4.86,4100
2020-08-19 09:30:36.900,4.86,2600
2020-08-19 09:30:37.050,4.86,1000
2020-08-19 09:30:37.080,4.86,8700
2020-08-19 09:30:37.430,4.86,200
2020-08-19 09:30:37.490,4.86,1000
2020-08-19 09:30:37.930,4.86,800
2020-08-19 09:30:37.930,4.86,1800
2020-08-19 09:30:37.930,4.86,2400
2020-08-19 09:30:38.200,4.86,3200
2020-08-19 09:30:38.200,4.86,9900
2020-08-19 09:30:38.490,4.862,500
2020-08-19 09:30:41.060,4.86,200
2020-08-19 09:30:41.300,4.86,100
2020-08-19 09:30:41.600,4.86,2900
2020-08-19 09:30:42.010,4.86,100
2020-08-19 09:30:43.090,4.859,100
2020-08-19 09:30:43.090,4.858,10000
2020-08-19 09:30:43.090,4.858,100
2020-08-19 09:30:43.090,4.858,100
2020-08-19 09:30:43.090,4.858,100
2020-08-19 09:30:43.090,4.858,100
2020-08-19 09:30:43.090,4.858,7400
2020-08-19 09:30:43.090,4.858,100
2020-08-19 09:30:43.090,4.858,10000
2020-08-19 09:30:43.090,4.858,6600
2020-08-19 09:30:43.090,4.857,100
2020-08-19 09:30:43.090,4.857,33700
2020-08-19 09:30:43.090,4.857,31600
2020-08-19 09:30:44.240,4.86,4600
2020-08-19 09:30:44.240,4.86,2000
2020-08-19 09:30:44.270,4.86,2100
2020-08-19 09:30:44.420,4.861,1000
2020-08-19 09:30:47.550,4.861,1500
2020-08-19 09:30:47.550,4.861,11500
2020-08-19 09:30:49.260,4.86,500
2020-08-19 09:30:50.280,4.86,8800
2020-08-19 09:30:50.280,4.86,200
2020-08-19 09:30:51.440,4.861,100
2020-08-19 09:30:52.430,4.86,10000
2020-08-19 09:30:53.020,4.86,100
2020-08-19 09:30:53.020,4.86,1000
2020-08-19 09:30:53.020,4.86,1000
2020-08-19 09:30:53.020,4.86,200
2020-08-19 09:30:54.100,4.86,11100
2020-08-19 09:30:55.830,4.86,1400
2020-08-19 09:30:55.990,4.86,7000
2020-08-19 09:30:56.430,4.86,2800
2020-08-19 09:30:57.150,4.86,8800
2020-08-19 09:30:57.770,4.86,2000
2020-08-19 09:30:58.640,4.859,1000
2020-08-19 09:30:58.640,4.859,5100
2020-08-19 09:30:58.640,4.859,30000
2020-08-19 09:30:58.640,4.858,30000
2020-08-19 09:30:58.640,4.858,30000
2020-08-19 09:30:58.640,4.858,30000
2020-08-19 09:30:58.640,4.858,300000
2020-08-19 09:30:58.640,4.858,73900
2020-08-19 09:30:58.910,4.858,30000
2020-08-19 09:30:59.540,4.86,1400
2020-08-19 09:31:00.130,4.859,200
2020-08-19 09:31:00.560,4.859,500
2020-08-19 09:31:00.630,4.859,300
2020-08-19 09:31:00.630,4.86,9700
2020-08-19 09:31:00.870,4.86,200
2020-08-19 09:31:01.250,4.86,77900
2020-08-19 09:31:01.250,4.86,15000
2020-08-19 09:31:01.250,4.86,1800
2020-08-19 09:31:01.250,4.86,100
2020-08-19 09:31:01.250,4.861,2000
2020-08-19 09:31:01.250,4.861,40600
2020-08-19 09:31:01.250,4.861,3600
2020-08-19 09:31:01.250,4.862,8300
2020-08-19 09:31:01.250,4.862,800
2020-08-19 09:31:02.440,4.862,200
2020-08-19 09:31:02.440,4.86,9200
2020-08-19 09:31:05.390,4.86,800
2020-08-19 09:31:05.390,4.86,400
2020-08-19 09:31:08.560,4.859,100
2020-08-19 09:31:08.560,4.859,5100
2020-08-19 09:31:08.560,4.858,300
2020-08-19 09:31:08.560,4.858,24500
2020-08-19 09:31:09.040,4.86,5000
2020-08-19 09:31:09.040,4.86,5000
2020-08-19 09:31:09.360,4.858,200
2020-08-19 09:31:09.360,4.858,2000
2020-08-19 09:31:09.360,4.857,2000
2020-08-19 09:31:09.360,4.857,5800
2020-08-19 09:31:10.850,4.859,8200
2020-08-19 09:31:11.240,4.858,400
2020-08-19 09:31:11.240,4.857,200
2020-08-19 09:31:11.240,4.857,2900
2020-08-19 09:31:12.070,4.859,100
2020-08-19 09:31:12.340,4.859,100
2020-08-19 09:31:12.820,4.857,27100
2020-08-19 09:31:12.820,4.857,45300
2020-08-19 09:31:12.820,4.857,30000
2020-08-19 09:31:12.820,4.857,30000
2020-08-19 09:31:12.820,4.856,4000
2020-08-19 09:31:12.820,4.856,100
2020-08-19 09:31:12.820,4.856,2600
2020-08-19 09:31:12.820,4.856,100
2020-08-19 09:31:12.820,4.856,5000
2020-08-19 09:31:12.820,4.856,300
2020-08-19 09:31:12.820,4.856,40000
2020-08-19 09:31:12.820,4.856,15500
2020-08-19 09:31:13.610,4.859,8000
2020-08-19 09:31:15.310,4.859,4000
2020-08-19 09:31:15.660,4.86,200
2020-08-19 09:31:15.900,4.86,6400
2020-08-19 09:31:17.360,4.859,100
2020-08-19 09:31:17.900,4.859,4400
2020-08-19 09:31:18.720,4.859,21500
2020-08-19 09:31:18.720,4.859,30000
2020-08-19 09:31:18.720,4.859,10000
2020-08-19 09:31:18.720,4.859,30000
2020-08-19 09:31:18.720,4.858,27600
2020-08-19 09:31:18.820,4.858,2400
2020-08-19 09:31:18.820,4.858,1100
2020-08-19 09:31:19.550,4.858,2300
2020-08-19 09:31:21.100,4.859,600
2020-08-19 09:31:21.240,4.86,2800
2020-08-19 09:31:21.240,4.86,2000
2020-08-19 09:31:21.240,4.86,25200
2020-08-19 09:31:21.270,4.859,1000
2020-08-19 09:31:21.930,4.859,16600
2020-08-19 09:31:21.930,4.86,20100
2020-08-19 09:31:21.930,4.86,200
2020-08-19 09:31:22.340,4.86,1000
2020-08-19 09:31:22.500,4.86,1000
2020-08-19 09:31:23.590,4.861,10000
2020-08-19 09:31:23.590,4.861,100
2020-08-19 09:31:23.590,4.861,19900
2020-08-19 09:31:23.590,4.861,25400
2020-08-19 09:31:23.760,4.862,1993
2020-08-19 09:31:23.760,4.862,1000
2020-08-19 09:31:23.760,4.862,12000
2020-08-19 09:31:23.760,4.862,15007
2020-08-19 09:31:23.820,4.862,24200
2020-08-19 09:31:23.980,4.861,1000
2020-08-19 09:31:24.040,4.862,3500
2020-08-19 09:31:24.390,4.862,57293
2020-08-19 09:31:24.390,4.862,100000
2020-08-19 09:31:24.390,4.862,7500
2020-08-19 09:31:24.390,4.862,500
2020-08-19 09:31:24.610,4.862,5000
2020-08-19 09:31:25.130,4.862,26800
2020-08-19 09:31:25.670,4.863,8000
2020-08-19 09:31:25.830,4.864,7700
2020-08-19 09:31:26.340,4.864,42300
2020-08-19 09:31:27.550,4.865,3500
2020-08-19 09:31:27.550,4.865,11500
2020-08-19 09:31:27.990,4.865,88500
2020-08-19 09:31:27.990,4.865,20700
2020-08-19 09:31:28.210,4.864,6000
2020-08-19 09:31:29.370,4.865,15100
2020-08-19 09:31:29.370,4.865,14900
2020-08-19 09:31:30.690,4.865,5100
2020-08-19 09:31:30.690,4.865,500
2020-08-19 09:31:30.780,4.865,24400
2020-08-19 09:31:30.780,4.864,11500
2020-08-19 09:31:31.780,4.864,12700
2020-08-19 09:31:32.050,4.864,3300
2020-08-19 09:31:33.990,4.866,400
2020-08-19 09:31:33.990,4.866,2100
2020-08-19 09:31:33.990,4.866,20000
2020-08-19 09:31:33.990,4.866,900
2020-08-19 09:31:33.990,4.866,1700
2020-08-19 09:31:34.280,4.866,1000
2020-08-19 09:31:34.280,4.866,4600
2020-08-19 09:31:34.280,4.866,34400
2020-08-19 09:31:34.650,4.865,1000
2020-08-19 09:31:34.730,4.865,2000
2020-08-19 09:31:35.040,4.866,45300
2020-08-19 09:31:35.370,4.865,1000
2020-08-19 09:31:36.700,4.866,20300
2020-08-19 09:31:36.700,4.866,100
2020-08-19 09:31:36.700,4.866,100
2020-08-19 09:31:36.700,4.866,2200
2020-08-19 09:31:36.700,4.866,100
2020-08-19 09:31:36.700,4.866,8500
2020-08-19 09:31:36.700,4.866,500
2020-08-19 09:31:36.700,4.866,400
2020-08-19 09:31:36.700,4.866,4400
2020-08-19 09:31:36.700,4.866,1700
2020-08-19 09:31:36.700,4.866,300
2020-08-19 09:31:36.700,4.866,1800
2020-08-19 09:31:36.700,4.866,800
2020-08-19 09:31:36.700,4.866,600
2020-08-19 09:31:36.700,4.866,4500
2020-08-19 09:31:36.700,4.866,15600
2020-08-19 09:31:36.700,4.866,1300
2020-08-19 09:31:36.700,4.867,10000
2020-08-19 09:31:36.700,4.867,1100
2020-08-19 09:31:37.250,4.867,3600
2020-08-19 09:31:37.250,4.867,2000
2020-08-19 09:31:37.250,4.867,4000
2020-08-19 09:31:37.250,4.867,100
2020-08-19 09:31:37.250,4.867,300
2020-08-19 09:31:39.570,4.866,200
2020-08-19 09:31:39.820,4.867,100
2020-08-19 09:31:39.820,4.867,200
2020-08-19 09:31:39.820,4.867,2300
2020-08-19 09:31:39.820,4.867,3000
2020-08-19 09:31:39.820,4.867,1000
2020-08-19 09:31:39.820,4.867,900
2020-08-19 09:31:39.820,4.867,3000
2020-08-19 09:31:39.820,4.867,1000
2020-08-19 09:31:39.820,4.867,100
2020-08-19 09:31:39.820,4.867,5000
2020-08-19 09:31:39.820,4.868,4000
2020-08-19 09:31:39.820,4.868,30000
2020-08-19 09:31:39.820,4.868,3000
2020-08-19 09:31:39.820,4.868,2000
2020-08-19 09:31:39.820,4.868,5900
2020-08-19 09:31:40.550,4.867,1800
2020-08-19 09:31:40.650,4.867,400
2020-08-19 09:31:40.650,4.867,4000
2020-08-19 09:31:41.230,4.868,200
2020-08-19 09:31:43.180,4.867,500
2020-08-19 09:31:43.670,4.867,300
2020-08-19 09:31:44.760,4.867,1000
2020-08-19 09:31:46.940,4.868,100
2020-08-19 09:31:47.520,4.867,2000
2020-08-19 09:31:47.520,4.867,1000
2020-08-19 09:31:47.520,4.867,30600
2020-08-19 09:31:49.420,4.867,100
2020-08-19 09:31:50.390,4.868,93800
2020-08-19 09:31:50.390,4.868,3000
2020-08-19 09:31:50.390,4.868,100
2020-08-19 09:31:50.390,4.868,300
2020-08-19 09:31:50.390,4.868,900
2020-08-19 09:31:50.390,4.868,300
2020-08-19 09:31:50.390,4.868,4600
2020-08-19 09:31:50.460,4.867,100
2020-08-19 09:31:51.480,4.867,300
2020-08-19 09:31:51.870,4.867,200
2020-08-19 09:31:53.380,4.868,7400
2020-08-19 09:31:54.160,4.868,5000
2020-08-19 09:31:55.220,4.867,1000
2020-08-19 09:31:55.650,4.867,100
2020-08-19 09:31:57.650,4.868,1400
2020-08-19 09:31:57.750,4.868,100
2020-08-19 09:31:57.900,4.867,10000
2020-08-19 09:31:58.300,4.867,7600
2020-08-19 09:31:58.760,4.866,5800
2020-08-19 09:31:59.290,4.867,30000
2020-08-19 09:32:00.200,4.867,12400
2020-08-19 09:32:00.230,4.868,1900
2020-08-19 09:32:02.900,4.867,2000
2020-08-19 09:32:03.190,4.868,179600
2020-08-19 09:32:03.190,4.868,1000
2020-08-19 09:32:03.360,4.868,119400
2020-08-19 09:32:03.360,4.867,35600
2020-08-19 09:32:04.040,4.867,100
2020-08-19 09:32:04.610,4.867,100
2020-08-19 09:32:04.610,4.867,100
2020-08-19 09:32:05.650,4.867,300
2020-08-19 09:32:06.110,4.867,5500
2020-08-19 09:32:06.680,4.866,14000
2020-08-19 09:32:06.680,4.866,50000
2020-08-19 09:32:06.680,4.866,4100
2020-08-19 09:32:06.680,4.866,45300
2020-08-19 09:32:06.680,4.866,100
2020-08-19 09:32:06.680,4.865,200
2020-08-19 09:32:06.680,4.864,12300
2020-08-19 09:32:07.480,4.867,20000
2020-08-19 09:32:09.430,4.867,50000
2020-08-19 09:32:10.850,4.867,300
2020-08-19 09:32:10.880,4.867,14000
2020-08-19 09:32:11.210,4.863,1000
2020-08-19 09:32:13.570,4.866,1000
2020-08-19 09:32:14.850,4.863,10000
2020-08-19 09:32:16.110,4.863,33000
2020-08-19 09:32:17.950,4.862,1000
2020-08-19 09:32:17.950,4.861,9000
2020-08-19 09:32:18.500,4.863,100
2020-08-19 09:32:18.500,4.863,2200
2020-08-19 09:32:18.500,4.865,45300
2020-08-19 09:32:18.500,4.866,1400
2020-08-19 09:32:19.500,4.863,1000
2020-08-19 09:32:19.630,4.863,1500
2020-08-19 09:32:19.630,4.863,1600
2020-08-19 09:32:20.950,4.865,2000
2020-08-19 09:32:20.950,4.863,1600
2020-08-19 09:32:20.950,4.863,3400
2020-08-19 09:32:23.000,4.863,600
2020-08-19 09:32:24.800,4.865,500
2020-08-19 09:32:25.420,4.863,6300
2020-08-19 09:32:26.350,4.863,1300
2020-08-19 09:32:26.350,4.863,500
2020-08-19 09:32:26.350,4.863,30000
2020-08-19 09:32:26.350,4.862,10000
2020-08-19 09:32:26.350,4.862,600
2020-08-19 09:32:27.640,4.863,100
2020-08-19 09:32:27.640,4.865,500
2020-08-19 09:32:31.240,4.863,1600
2020-08-19 09:32:33.180,4.864,300000
2020-08-19 09:32:33.380,4.864,500
2020-08-19 09:32:33.970,4.864,30000
2020-08-19 09:32:34.720,4.864,17200
2020-08-19 09:32:35.170,4.863,2200
2020-08-19 09:32:35.170,4.863,9100
2020-08-19 09:32:35.200,4.864,300000
2020-08-19 09:32:35.330,4.864,4600
2020-08-19 09:32:35.490,4.864,4000
2020-08-19 09:32:35.870,4.865,2100
2020-08-19 09:32:35.870,4.865,900
2020-08-19 09:32:37.020,4.864,3000
2020-08-19 09:32:37.300,4.865,4200
2020-08-19 09:32:37.300,4.865,45300
2020-08-19 09:32:37.300,4.865,8000
2020-08-19 09:32:37.450,4.865,3000
2020-08-19 09:32:37.980,4.865,4500
2020-08-19 09:32:38.290,4.865,4300
2020-08-19 09:32:38.290,4.864,293300
2020-08-19 09:32:39.620,4.864,100
2020-08-19 09:32:41.480,4.863,100000
2020-08-19 09:32:41.480,4.863,100
2020-08-19 09:32:41.480,4.863,300
2020-08-19 09:32:41.480,4.863,1200
2020-08-19 09:32:41.520,4.862,500
2020-08-19 09:32:42.770,4.862,45300
2020-08-19 09:32:42.770,4.861,11000
2020-08-19 09:32:42.770,4.861,5000
2020-08-19 09:32:42.770,4.86,800
2020-08-19 09:32:42.770,4.86,17900
2020-08-19 09:32:43.370,4.863,400
2020-08-19 09:32:43.860,4.863,2000
2020-08-19 09:32:45.240,4.862,500
2020-08-19 09:32:46.700,4.861,3000
2020-08-19 09:32:46.700,4.86,500
2020-08-19 09:32:47.030,4.862,2000
2020-08-19 09:32:47.620,4.862,4000
2020-08-19 09:32:48.280,4.862,3500
2020-08-19 09:32:48.280,4.862,10000
2020-08-19 09:32:48.280,4.863,8500
2020-08-19 09:32:53.750,4.86,4100
2020-08-19 09:32:54.370,4.861,10000
2020-08-19 09:32:54.900,4.861,6000
2020-08-19 09:32:57.830,4.861,400
2020-08-19 09:32:58.610,4.861,1100
2020-08-19 09:32:59.310,4.861,2300
2020-08-19 09:32:59.690,4.862,30800
2020-08-19 09:32:59.690,4.862,92800
2020-08-19 09:32:59.880,4.862,15000
2020-08-19 09:33:00.720,4.862,1000
2020-08-19 09:33:00.930,4.862,800
2020-08-19 09:33:01.800,4.862,20000
2020-08-19 09:33:03.200,4.862,5000
2020-08-19 09:33:03.200,4.861,15000
2020-08-19 09:33:06.380,4.861,85000
2020-08-19 09:33:06.380,4.861,2100
2020-08-19 09:33:06.690,4.861,30000
2020-08-19 09:33:07.260,4.861,30000
2020-08-19 09:33:07.840,4.861,30000
2020-08-19 09:33:07.900,4.86,27400
2020-08-19 09:33:07.900,4.86,100
2020-08-19 09:33:07.900,4.86,100
2020-08-19 09:33:07.900,4.86,100
2020-08-19 09:33:07.900,4.86,2900
2020-08-19 09:33:07.900,4.86,8800
2020-08-19 09:33:07.900,4.86,100
2020-08-19 09:33:07.900,4.86,200
2020-08-19 09:33:07.900,4.86,45300
2020-08-19 09:33:07.900,4.86,18500
2020-08-19 09:33:07.900,4.86,11500
2020-08-19 09:33:07.900,4.86,30000
2020-08-19 09:33:07.900,4.86,30000
2020-08-19 09:33:07.900,4.86,40000
2020-08-19 09:33:07.900,4.86,92600
2020-08-19 09:33:07.900,4.861,4100
2020-08-19 09:33:08.250,4.861,30000
2020-08-19 09:33:08.350,4.861,289500
2020-08-19 09:33:08.350,4.861,7000
2020-08-19 09:33:08.970,4.862,1000
2020-08-19 09:33:08.970,4.862,200
2020-08-19 09:33:08.970,4.863,500
2020-08-19 09:33:08.970,4.863,8300
2020-08-19 09:33:09.130,4.863,1200
2020-08-19 09:33:10.220,4.863,600
2020-08-19 09:33:10.220,4.863,1000
2020-08-19 09:33:10.220,4.863,1100
2020-08-19 09:33:10.220,4.863,400
2020-08-19 09:33:10.410,4.863,1000
2020-08-19 09:33:10.780,4.863,6200
2020-08-19 09:33:11.880,4.861,3500
2020-08-19 09:33:11.880,4.861,9800
2020-08-19 09:33:11.880,4.861,6700
2020-08-19 09:33:13.530,4.862,4500
2020-08-19 09:33:13.780,4.862,300
2020-08-19 09:33:13.870,4.861,400
2020-08-19 09:33:13.870,4.861,10000
2020-08-19 09:33:13.870,4.861,15000
2020-08-19 09:33:14.710,4.861,200
2020-08-19 09:33:14.750,4.861,14900
2020-08-19 09:33:14.750,4.861,1000
2020-08-19 09:33:15.220,4.861,100
2020-08-19 09:33:15.830,4.862,7000
2020-08-19 09:33:16.820,4.861,1000
2020-08-19 09:33:18.590,4.862,100
2020-08-19 09:33:20.660,4.862,200
2020-08-19 09:33:21.110,4.861,50000
2020-08-19 09:33:21.390,4.861,6100
2020-08-19 09:33:22.210,4.862,100
2020-08-19 09:33:22.380,4.862,9600
2020-08-19 09:33:22.380,4.862,1000
2020-08-19 09:33:22.910,4.862,20000
2020-08-19 09:33:23.290,4.862,500
2020-08-19 09:33:24.280,4.862,600
2020-08-19 09:33:24.310,4.862,1300
2020-08-19 09:33:24.310,4.862,700
2020-08-19 09:33:24.310,4.862,1000
2020-08-19 09:33:24.410,4.862,1000
2020-08-19 09:33:24.410,4.861,1000
2020-08-19 09:33:26.670,4.863,2100
2020-08-19 09:33:27.740,4.862,1000
2020-08-19 09:33:27.740,4.861,4000
2020-08-19 09:33:27.940,4.861,11300
2020-08-19 09:33:28.630,4.862,1000
2020-08-19 09:33:29.340,4.862,2800
2020-08-19 09:33:30.000,4.862,100
2020-08-19 09:33:31.300,4.862,1000
2020-08-19 09:33:32.030,4.862,1300
2020-08-19 09:33:32.270,4.862,7300
2020-08-19 09:33:32.270,4.862,1900
2020-08-19 09:33:32.270,4.862,1000
2020-08-19 09:33:33.210,4.861,200
2020-08-19 09:33:33.260,4.862,5700
2020-08-19 09:33:33.940,4.862,4100
2020-08-19 09:33:34.530,4.863,500
2020-08-19 09:33:35.320,4.863,10000
2020-08-19 09:33:35.320,4.863,1300
2020-08-19 09:33:35.320,4.863,100
2020-08-19 09:33:35.320,4.863,1900
2020-08-19 09:33:36.270,4.864,2000
2020-08-19 09:33:36.270,4.864,5000
2020-08-19 09:33:36.270,4.864,20000
2020-08-19 09:33:36.270,4.864,3000
2020-08-19 09:33:37.100,4.864,33000
2020-08-19 09:33:37.670,4.864,9300
2020-08-19 09:33:38.560,4.864,2200
2020-08-19 09:33:40.590,4.865,50000
2020-08-19 09:33:40.590,4.865,6000
2020-08-19 09:33:40.690,4.865,400
2020-08-19 09:33:41.530,4.865,8100
2020-08-19 09:33:42.170,4.865,1300
2020-08-19 09:33:42.340,4.866,1500
2020-08-19 09:33:43.190,4.865,1000
2020-08-19 09:33:43.410,4.865,3200
2020-08-19 09:33:43.600,4.866,200
2020-08-19 09:33:43.980,4.866,2500
2020-08-19 09:33:44.760,4.865,8700
2020-08-19 09:33:44.760,4.865,100
2020-08-19 09:33:44.760,4.864,2700
2020-08-19 09:33:46.130,4.865,1000
2020-08-19 09:33:47.520,4.865,29000
2020-08-19 09:33:47.520,4.865,1000
2020-08-19 09:33:47.560,4.866,14400
2020-08-19 09:33:47.560,4.866,5500
2020-08-19 09:33:47.560,4.866,1500
2020-08-19 09:33:50.990,4.865,1000
2020-08-19 09:33:51.710,4.866,200
2020-08-19 09:33:53.050,4.865,9100
2020-08-19 09:33:53.300,4.866,9600
2020-08-19 09:33:53.300,4.866,20400
2020-08-19 09:33:53.370,4.866,30000
2020-08-19 09:33:55.100,4.865,1000
2020-08-19 09:33:55.200,4.865,17900
2020-08-19 09:33:55.200,4.865,117500
2020-08-19 09:33:55.200,4.865,40000
2020-08-19 09:33:55.200,4.865,2000
2020-08-19 09:33:55.200,4.865,14500
2020-08-19 09:33:55.200,4.864,8100
2020-08-19 09:33:56.480,4.865,1000
2020-08-19 09:33:57.050,4.866,42100
2020-08-19 09:33:57.050,4.866,500
2020-08-19 09:33:57.750,4.866,8400
2020-08-19 09:33:57.810,4.866,100
2020-08-19 09:33:58.890,4.867,3500
2020-08-19 09:33:58.950,4.867,12500
2020-08-19 09:33:58.950,4.867,100
2020-08-19 09:33:58.950,4.867,2500
2020-08-19 09:33:58.950,4.867,1400
2020-08-19 09:33:58.950,4.867,2000
2020-08-19 09:33:58.950,4.867,100
2020-08-19 09:33:58.950,4.867,11400
2020-08-19 09:33:59.550,4.867,300
2020-08-19 09:33:59.670,4.867,13600
2020-08-19 09:33:59.730,4.867,200
2020-08-19 09:34:00.610,4.867,1000
2020-08-19 09:34:01.220,4.868,100
2020-08-19 09:34:01.220,4.868,5000
2020-08-19 09:34:01.220,4.868,3100
2020-08-19 09:34:01.220,4.868,21800
2020-08-19 09:34:01.480,4.867,500
2020-08-19 09:34:01.750,4.868,19600
2020-08-19 09:34:01.750,4.868,1000
2020-08-19 09:34:02.660,4.869,100
2020-08-19 09:34:03.410,4.867,5000
2020-08-19 09:34:04.350,4.867,400
2020-08-19 09:34:04.930,4.867,100
2020-08-19 09:34:06.890,4.867,600
2020-08-19 09:34:08.310,4.869,12000
2020-08-19 09:34:08.350,4.869,17100
2020-08-19 09:34:08.350,4.869,4100
2020-08-19 09:34:08.350,4.869,1200
2020-08-19 09:34:08.350,4.869,6500
2020-08-19 09:34:08.350,4.869,1100
2020-08-19 09:34:08.510,4.869,8900
2020-08-19 09:34:08.510,4.869,20000
2020-08-19 09:34:08.510,4.869,400
2020-08-19 09:34:08.510,4.869,200
2020-08-19 09:34:08.510,4.869,200
2020-08-19 09:34:08.510,4.869,10000
2020-08-19 09:34:08.510,4.869,1100
2020-08-19 09:34:08.510,4.869,600
2020-08-19 09:34:08.510,4.869,2000
2020-08-19 09:34:08.510,4.869,41600
2020-08-19 09:34:08.750,4.868,12000
2020-08-19 09:34:08.750,4.869,3600
2020-08-19 09:34:08.810,4.87,100
2020-08-19 09:34:08.810,4.87,100
2020-08-19 09:34:08.810,4.87,200
2020-08-19 09:34:08.810,4.87,400
2020-08-19 09:34:08.810,4.87,400
2020-08-19 09:34:08.810,4.87,500
2020-08-19 09:34:08.810,4.87,400
2020-08-19 09:34:08.810,4.87,1600
2020-08-19 09:34:08.810,4.87,200
2020-08-19 09:34:08.810,4.87,500
2020-08-19 09:34:08.810,4.87,200
2020-08-19 09:34:08.810,4.87,100
2020-08-19 09:34:08.810,4.87,2200
2020-08-19 09:34:08.810,4.87,100
2020-08-19 09:34:08.810,4.87,1700
2020-08-19 09:34:08.810,4.87,100
2020-08-19 09:34:08.810,4.87,500
2020-08-19 09:34:08.810,4.87,100
2020-08-19 09:34:08.810,4.87,1100
2020-08-19 09:34:08.810,4.87,500
2020-08-19 09:34:09.330,4.869,3000
2020-08-19 09:34:09.710,4.869,500
2020-08-19 09:34:09.710,4.869,100
2020-08-19 09:34:10.260,4.869,400
2020-08-19 09:34:11.660,4.87,100
2020-08-19 09:34:11.660,4.87,100
2020-08-19 09:34:11.660,4.87,100
2020-08-19 09:34:11.660,4.87,2000
2020-08-19 09:34:11.660,4.87,25000
2020-08-19 09:34:11.660,4.87,10800
2020-08-19 09:34:11.660,4.87,200
2020-08-19 09:34:11.660,4.87,2000
2020-08-19 09:34:11.660,4.87,1000
2020-08-19 09:34:11.660,4.87,100
2020-08-19 09:34:11.660,4.87,100
2020-08-19 09:34:11.660,4.87,300
2020-08-19 09:34:11.660,4.87,100
2020-08-19 09:34:11.660,4.87,300
2020-08-19 09:34:11.660,4.87,1000
2020-08-19 09:34:11.660,4.87,100
2020-08-19 09:34:11.660,4.87,100
2020-08-19 09:34:11.660,4.87,200
2020-08-19 09:34:11.660,4.87,100
2020-08-19 09:34:11.660,4.87,100
2020-08-19 09:34:11.660,4.87,31000
2020-08-19 09:34:11.660,4.87,11800
2020-08-19 09:34:11.660,4.87,400
2020-08-19 09:34:11.660,4.87,100
2020-08-19 09:34:11.660,4.87,300
2020-08-19 09:34:11.660,4.87,200
2020-08-19 09:34:11.660,4.87,700
2020-08-19 09:34:11.660,4.87,1000
2020-08-19 09:34:11.660,4.87,200
2020-08-19 09:34:11.660,4.87,100
2020-08-19 09:34:11.660,4.87,100
2020-08-19 09:34:11.660,4.87,200
2020-08-19 09:34:11.660,4.87,100
2020-08-19 09:34:11.660,4.87,200
2020-08-19 09:34:11.660,4.87,900
2020-08-19 09:34:11.660,4.87,500
2020-08-19 09:34:11.660,4.87,10000
2020-08-19 09:34:11.660,4.87,1000
2020-08-19 09:34:11.660,4.87,47200
2020-08-19 09:34:11.660,4.87,400
2020-08-19 09:34:11.660,4.87,3000
2020-08-19 09:34:11.660,4.87,400
2020-08-19 09:34:11.660,4.87,1800
2020-08-19 09:34:11.660,4.87,1000
2020-08-19 09:34:11.660,4.87,5000
2020-08-19 09:34:11.660,4.87,300
2020-08-19 09:34:11.660,4.87,3600
2020-08-19 09:34:11.660,4.87,10000
2020-08-19 09:34:11.660,4.87,100
2020-08-19 09:34:11.660,4.87,1000
2020-08-19 09:34:11.660,4.87,100
2020-08-19 09:34:11.660,4.87,1000
2020-08-19 09:34:11.660,4.87,6100
2020-08-19 09:34:11.660,4.87,300
2020-08-19 09:34:11.660,4.87,5000
2020-08-19 09:34:11.660,4.87,600
2020-08-19 09:34:11.660,4.87,700
2020-08-19 09:34:11.660,4.87,800
2020-08-19 09:34:11.660,4.87,15000
2020-08-19 09:34:11.660,4.87,2100
2020-08-19 09:34:11.660,4.87,60000
2020-08-19 09:34:11.660,4.87,31900
2020-08-19 09:34:11.910,4.869,6600
2020-08-19 09:34:12.340,4.869,6100
2020-08-19 09:34:12.410,4.87,2000
2020-08-19 09:34:12.900,4.869,900
2020-08-19 09:34:14.140,4.869,5000
2020-08-19 09:34:15.150,4.869,600
2020-08-19 09:34:15.730,4.869,10000
2020-08-19 09:34:15.790,4.869,400
2020-08-19 09:34:15.890,4.87,1000
2020-08-19 09:34:16.160,4.869,4600
2020-08-19 09:34:16.420,4.869,1000
2020-08-19 09:34:18.220,4.87,10000
2020-08-19 09:34:18.250,4.87,50000
2020-08-19 09:34:20.030,4.869,245200
2020-08-19 09:34:20.030,4.869,22000
2020-08-19 09:34:20.030,4.869,300
2020-08-19 09:34:20.030,4.869,1000
2020-08-19 09:34:20.030,4.869,800
2020-08-19 09:34:20.030,4.869,500
2020-08-19 09:34:20.030,4.869,100
2020-08-19 09:34:20.030,4.869,200
2020-08-19 09:34:20.030,4.869,200
2020-08-19 09:34:20.570,4.869,1000
2020-08-19 09:34:21.120,4.869,1000
2020-08-19 09:34:22.370,4.868,1400
2020-08-19 09:34:22.370,4.868,31600
2020-08-19 09:34:22.860,4.869,5000
2020-08-19 09:34:23.120,4.868,10000
2020-08-19 09:34:23.180,4.868,18400
2020-08-19 09:34:23.180,4.868,4200
2020-08-19 09:34:23.180,4.868,37400
2020-08-19 09:34:23.510,4.868,7800
2020-08-19 09:34:23.510,4.868,100
2020-08-19 09:34:24.560,4.867,1000
2020-08-19 09:34:24.870,4.868,2100
2020-08-19 09:34:24.870,4.869,2900
2020-08-19 09:34:25.180,4.869,3000
2020-08-19 09:34:26.040,4.868,10000
2020-08-19 09:34:26.040,4.868,300
2020-08-19 09:34:26.040,4.868,19600
2020-08-19 09:34:28.140,4.867,4900
2020-08-19 09:34:28.140,4.867,900
2020-08-19 09:34:28.140,4.867,4200
2020-08-19 09:34:28.320,4.867,10000
2020-08-19 09:34:28.600,4.867,4800
2020-08-19 09:34:29.410,4.867,4000
2020-08-19 09:34:29.410,4.866,1000
2020-08-19 09:34:30.110,4.866,1000
2020-08-19 09:34:30.110,4.866,2900
2020-08-19 09:34:30.110,4.866,100
2020-08-19 09:34:30.110,4.866,200
2020-08-19 09:34:30.110,4.866,2000
2020-08-19 09:34:32.060,4.867,500
2020-08-19 09:34:32.270,4.867,700
2020-08-19 09:34:32.270,4.868,10200
2020-08-19 09:34:34.380,4.867,1000
2020-08-19 09:34:35.190,4.867,100
2020-08-19 09:34:35.790,4.868,500
2020-08-19 09:34:35.790,4.868,200
2020-08-19 09:34:35.790,4.869,10000
2020-08-19 09:34:35.790,4.869,1400
2020-08-19 09:34:35.790,4.869,2200
2020-08-19 09:34:37.860,4.868,200
2020-08-19 09:34:37.860,4.868,500
2020-08-19 09:34:38.790,4.867,1700
2020-08-19 09:34:38.790,4.867,100
2020-08-19 09:34:39.870,4.867,1000
2020-08-19 09:34:40.790,4.867,2500
2020-08-19 09:34:40.790,4.867,42800
2020-08-19 09:34:41.000,4.867,1000
2020-08-19 09:34:41.120,4.867,3000
2020-08-19 09:34:41.580,4.867,3200
2020-08-19 09:34:41.580,4.868,300
2020-08-19 09:34:41.640,4.868,6500
2020-08-19 09:34:41.910,4.865,400
2020-08-19 09:34:41.910,4.865,4000
2020-08-19 09:34:41.910,4.865,5400
2020-08-19 09:34:41.910,4.865,14600
2020-08-19 09:34:42.240,4.868,2700
2020-08-19 09:34:43.160,4.867,100
2020-08-19 09:34:43.880,4.867,800
2020-08-19 09:34:45.140,4.867,1600
2020-08-19 09:34:45.170,4.867,7600
2020-08-19 09:34:45.170,4.867,2200
2020-08-19 09:34:45.200,4.867,50800
2020-08-19 09:34:45.770,4.867,20000
2020-08-19 09:34:47.430,4.867,40000
2020-08-19 09:34:47.700,4.865,300
2020-08-19 09:34:47.700,4.867,202500
2020-08-19 09:34:47.700,4.867,21000
2020-08-19 09:34:47.700,4.867,6200
2020-08-19 09:34:47.730,4.868,5800
2020-08-19 09:34:47.730,4.868,13100
2020-08-19 09:34:47.730,4.868,45200
2020-08-19 09:34:47.730,4.869,7800
2020-08-19 09:34:47.730,4.869,10000
2020-08-19 09:34:47.730,4.869,6700
2020-08-19 09:34:47.730,4.869,500
2020-08-19 09:34:47.730,4.869,1000
2020-08-19 09:34:47.730,4.869,20000
2020-08-19 09:34:47.730,4.869,400
2020-08-19 09:34:47.730,4.869,239500
2020-08-19 09:34:49.540,4.868,600
2020-08-19 09:34:49.880,4.868,300
2020-08-19 09:34:51.150,4.867,67600
2020-08-19 09:34:53.170,4.867,2400
2020-08-19 09:34:53.170,4.867,1100
2020-08-19 09:34:53.170,4.867,1500
2020-08-19 09:34:53.810,4.867,2000
2020-08-19 09:34:53.900,4.868,2300
2020-08-19 09:34:54.170,4.868,700
2020-08-19 09:34:55.720,4.868,2300
2020-08-19 09:34:57.530,4.869,90600
2020-08-19 09:34:57.630,4.869,300
2020-08-19 09:34:57.870,4.869,59100
2020-08-19 09:34:57.870,4.868,27700
2020-08-19 09:34:57.870,4.868,30000
2020-08-19 09:34:57.870,4.868,83200
2020-08-19 09:34:58.050,4.868,2000
2020-08-19 09:34:58.490,4.87,8300
2020-08-19 09:34:58.490,4.87,6000
2020-08-19 09:34:58.490,4.87,2500
2020-08-19 09:34:58.490,4.87,10000
2020-08-19 09:34:58.490,4.87,500
2020-08-19 09:34:58.490,4.87,10000
2020-08-19 09:34:58.490,4.87,24200
2020-08-19 09:34:58.490,4.87,5000
2020-08-19 09:34:58.490,4.87,45200
2020-08-19 09:34:59.530,4.87,400
2020-08-19 09:35:01.260,4.87,600
2020-08-19 09:35:04.100,4.87,7400
2020-08-19 09:35:04.770,4.87,50000
2020-08-19 09:35:05.400,4.87,5000
2020-08-19 09:35:05.430,4.871,2500
2020-08-19 09:35:05.460,4.87,10000
2020-08-19 09:35:05.490,4.87,28200
2020-08-19 09:35:05.790,4.871,7500
2020-08-19 09:35:05.790,4.871,5000
2020-08-19 09:35:05.790,4.871,600
2020-08-19 09:35:05.790,4.871,200
2020-08-19 09:35:05.790,4.871,3300
2020-08-19 09:35:05.940,4.87,2500
2020-08-19 09:35:06.160,4.87,1000
2020-08-19 09:35:06.290,4.87,500
2020-08-19 09:35:07.760,4.871,3000
2020-08-19 09:35:07.990,4.87,82700
2020-08-19 09:35:11.040,4.87,5000
2020-08-19 09:35:11.230,4.869,20000
2020-08-19 09:35:11.230,4.869,15000
2020-08-19 09:35:11.570,4.87,100
2020-08-19 09:35:14.290,4.869,15000
2020-08-19 09:35:15.300,4.869,15200
2020-08-19 09:35:15.740,4.869,100
2020-08-19 09:35:17.400,4.869,84700
2020-08-19 09:35:17.400,4.869,9300
2020-08-19 09:35:17.900,4.869,2000
2020-08-19 09:35:20.210,4.869,13400
2020-08-19 09:35:20.210,4.87,1000
2020-08-19 09:35:21.560,4.87,1200
2020-08-19 09:35:25.470,4.869,100
2020-08-19 09:35:26.140,4.87,5000
2020-08-19 09:35:26.700,4.87,3800
2020-08-19 09:35:26.700,4.87,7000
2020-08-19 09:35:26.700,4.87,1300
2020-08-19 09:35:27.430,4.869,100
2020-08-19 09:35:28.070,4.869,2500
2020-08-19 09:35:28.070,4.869,300
2020-08-19 09:35:28.070,4.869,500
2020-08-19 09:35:28.160,4.869,500
2020-08-19 09:35:29.770,4.869,1000
2020-08-19 09:35:30.140,4.869,5000
2020-08-19 09:35:34.240,4.869,200
2020-08-19 09:35:34.240,4.869,1600
2020-08-19 09:35:34.240,4.869,2700
2020-08-19 09:35:35.170,4.87,103100
2020-08-19 09:35:35.170,4.87,1200
2020-08-19 09:35:35.680,4.869,400
2020-08-19 09:35:36.290,4.869,2600
2020-08-19 09:35:37.340,4.87,100
2020-08-19 09:35:37.880,4.869,100
2020-08-19 09:35:37.880,4.869,7000
2020-08-19 09:35:38.480,4.869,5000
2020-08-19 09:35:39.230,4.87,200
2020-08-19 09:35:39.230,4.87,1000
2020-08-19 09:35:39.230,4.87,1500
2020-08-19 09:35:39.230,4.87,100
2020-08-19 09:35:39.520,4.869,2800
2020-08-19 09:35:39.520,4.869,400
2020-08-19 09:35:39.590,4.869,6800
2020-08-19 09:35:39.650,4.869,3200
2020-08-19 09:35:39.770,4.869,1000
2020-08-19 09:35:43.190,4.868,7200
2020-08-19 09:35:43.370,4.869,5800
2020-08-19 09:35:43.370,4.869,2300
2020-08-19 09:35:43.490,4.869,900
2020-08-19 09:35:43.490,4.869,4700
2020-08-19 09:35:44.760,4.87,400
2020-08-19 09:35:45.660,4.87,4600
2020-08-19 09:35:45.660,4.87,500
2020-08-19 09:35:45.660,4.87,300
2020-08-19 09:35:45.780,4.869,7000
2020-08-19 09:35:46.260,4.869,23400
2020-08-19 09:35:47.420,4.869,43700
2020-08-19 09:35:47.420,4.868,56300
2020-08-19 09:35:49.070,4.869,1000
2020-08-19 09:35:49.070,4.868,11000
2020-08-19 09:35:50.160,4.869,100
2020-08-19 09:35:50.160,4.869,19900
2020-08-19 09:35:51.760,4.869,500
2020-08-19 09:35:52.070,4.868,600
2020-08-19 09:35:52.900,4.869,1000
2020-08-19 09:35:53.600,4.869,30000
2020-08-19 09:35:53.770,4.869,100
2020-08-19 09:35:54.480,4.869,8300
2020-08-19 09:35:54.940,4.868,5000
2020-08-19 09:35:56.380,4.869,100
2020-08-19 09:35:56.750,4.869,4600
2020-08-19 09:35:57.140,4.868,500
2020-08-19 09:35:57.140,4.868,2200
2020-08-19 09:35:57.140,4.868,100
2020-08-19 09:35:57.140,4.868,100
2020-08-19 09:35:57.140,4.868,10000
2020-08-19 09:35:57.140,4.868,100
2020-08-19 09:35:57.560,4.868,17000
2020-08-19 09:35:57.560,4.868,1000
2020-08-19 09:35:57.560,4.869,2000
2020-08-19 09:35:58.410,4.869,300
2020-08-19 09:35:59.600,4.869,20200
2020-08-19 09:35:59.600,4.869,200
2020-08-19 09:35:59.600,4.869,20300
2020-08-19 09:36:00.790,4.868,6600
2020-08-19 09:36:01.130,4.868,1000
2020-08-19 09:36:03.000,4.868,1000
2020-08-19 09:36:05.160,4.868,1800
2020-08-19 09:36:05.160,4.868,1000
2020-08-19 09:36:05.160,4.868,1000
2020-08-19 09:36:05.160,4.868,400
2020-08-19 09:36:05.770,4.869,5000
2020-08-19 09:36:05.830,4.868,1700
2020-08-19 09:36:06.180,4.868,300
2020-08-19 09:36:06.250,4.868,100000
2020-08-19 09:36:07.560,4.868,200
2020-08-19 09:36:09.010,4.868,1000
2020-08-19 09:36:10.190,4.868,7900
2020-08-19 09:36:10.190,4.868,1100
2020-08-19 09:36:12.980,4.867,200
2020-08-19 09:36:16.880,4.868,41000
2020-08-19 09:36:16.880,4.868,7400
2020-08-19 09:36:16.880,4.868,5000
2020-08-19 09:36:16.880,4.868,6500
2020-08-19 09:36:16.880,4.868,1000
2020-08-19 09:36:16.880,4.869,190100
2020-08-19 09:36:16.880,4.869,10000
2020-08-19 09:36:16.880,4.869,5400
2020-08-19 09:36:16.880,4.869,1000
2020-08-19 09:36:16.880,4.869,10000
2020-08-19 09:36:16.880,4.869,3000
2020-08-19 09:36:19.300,4.869,20000
2020-08-19 09:36:19.780,4.869,16200
2020-08-19 09:36:19.780,4.869,100
2020-08-19 09:36:20.090,4.868,3500
2020-08-19 09:36:20.990,4.868,1500
2020-08-19 09:36:20.990,4.868,1000
2020-08-19 09:36:20.990,4.868,1000
2020-08-19 09:36:24.790,4.867,500
2020-08-19 09:36:25.060,4.868,1000
2020-08-19 09:36:27.070,4.867,800
2020-08-19 09:36:27.070,4.867,1300
2020-08-19 09:36:28.870,4.867,1700
2020-08-19 09:36:28.870,4.867,5000
2020-08-19 09:36:28.870,4.867,500
2020-08-19 09:36:28.870,4.867,400
2020-08-19 09:36:28.870,4.867,400
2020-08-19 09:36:28.870,4.867,100
2020-08-19 09:36:28.870,4.867,9000
2020-08-19 09:36:28.870,4.867,100
2020-08-19 09:36:28.870,4.867,100
2020-08-19 09:36:28.870,4.867,12700
2020-08-19 09:36:29.990,4.868,14300
2020-08-19 09:36:30.320,4.867,1400
2020-08-19 09:36:35.130,4.866,1000
2020-08-19 09:36:35.130,4.866,4400
2020-08-19 09:36:35.130,4.866,200
2020-08-19 09:36:36.140,4.866,60000
2020-08-19 09:36:36.420,4.865,800
2020-08-19 09:36:36.420,4.865,800
2020-08-19 09:36:36.500,4.866,100
2020-08-19 09:36:36.720,4.866,200
2020-08-19 09:36:36.870,4.865,2200
2020-08-19 09:36:36.870,4.865,2400
2020-08-19 09:36:36.870,4.865,1000
2020-08-19 09:36:36.870,4.865,22500
2020-08-19 09:36:36.870,4.865,2000
2020-08-19 09:36:36.870,4.865,29900
2020-08-19 09:36:37.110,4.866,4100
2020-08-19 09:36:37.400,4.865,15400
2020-08-19 09:36:38.280,4.864,20000
2020-08-19 09:36:38.310,4.864,500
2020-08-19 09:36:38.310,4.864,100
2020-08-19 09:36:38.310,4.864,11600
2020-08-19 09:36:38.310,4.864,100
2020-08-19 09:36:38.310,4.864,300
2020-08-19 09:36:38.810,4.863,200
2020-08-19 09:36:38.810,4.863,200
2020-08-19 09:36:38.810,4.863,11300
2020-08-19 09:36:38.840,4.864,500
2020-08-19 09:36:39.210,4.864,200
2020-08-19 09:36:39.760,4.864,26700
2020-08-19 09:36:39.760,4.864,30000
2020-08-19 09:36:40.150,4.864,43300
2020-08-19 09:36:40.150,4.862,5100
2020-08-19 09:36:40.150,4.862,100
2020-08-19 09:36:40.150,4.862,2500
2020-08-19 09:36:40.180,4.862,33100
2020-08-19 09:36:40.180,4.862,62800
2020-08-19 09:36:40.550,4.862,100
2020-08-19 09:36:40.730,4.862,45300
2020-08-19 09:36:41.260,4.862,1400
2020-08-19 09:36:41.630,4.862,3100
2020-08-19 09:36:45.130,4.862,4200
2020-08-19 09:36:46.820,4.861,100
2020-08-19 09:36:47.650,4.861,200
2020-08-19 09:36:47.650,4.861,200
2020-08-19 09:36:47.650,4.861,5000
2020-08-19 09:36:47.650,4.861,500
2020-08-19 09:36:47.650,4.861,200
2020-08-19 09:36:47.650,4.861,200
2020-08-19 09:36:47.650,4.861,1000
2020-08-19 09:36:47.650,4.861,500
2020-08-19 09:36:47.650,4.861,500
2020-08-19 09:36:47.650,4.86,5000
2020-08-19 09:36:47.650,4.86,2000
2020-08-19 09:36:47.650,4.86,5000
2020-08-19 09:36:47.650,4.86,1000
2020-08-19 09:36:47.650,4.86,1000
2020-08-19 09:36:47.650,4.86,200
2020-08-19 09:36:47.650,4.86,700
2020-08-19 09:36:47.650,4.86,6400
2020-08-19 09:36:48.950,4.862,30000
2020-08-19 09:36:49.400,4.862,1000
2020-08-19 09:36:49.740,4.862,68000
2020-08-19 09:36:53.770,4.862,2000
2020-08-19 09:36:53.770,4.862,13100
2020-08-19 09:36:54.950,4.862,10000
2020-08-19 09:36:55.770,4.863,100
2020-08-19 09:36:56.510,4.864,45300
2020-08-19 09:36:56.510,4.865,10000
2020-08-19 09:36:56.510,4.865,11300
2020-08-19 09:36:58.360,4.865,7500
2020-08-19 09:36:58.390,4.865,100
2020-08-19 09:36:58.390,4.864,1900
2020-08-19 09:37:03.840,4.865,8100
2020-08-19 09:37:05.190,4.865,700
2020-08-19 09:37:05.190,4.865,1300
2020-08-19 09:37:05.190,4.866,600
2020-08-19 09:37:05.190,4.866,40000
2020-08-19 09:37:05.190,4.866,21300
2020-08-19 09:37:05.790,4.864,100
2020-08-19 09:37:05.790,4.864,600
2020-08-19 09:37:05.790,4.863,100
2020-08-19 09:37:06.940,4.864,2200
2020-08-19 09:37:07.200,4.864,10000
2020-08-19 09:37:09.920,4.865,1000
2020-08-19 09:37:11.800,4.863,30000
2020-08-19 09:37:12.590,4.864,10000
2020-08-19 09:37:17.040,4.865,800
2020-08-19 09:37:17.040,4.866,7400
2020-08-19 09:37:17.760,4.863,1200
2020-08-19 09:37:17.760,4.863,498800
2020-08-19 09:37:19.030,4.863,100
2020-08-19 09:37:19.720,4.863,900
2020-08-19 09:37:20.210,4.863,1000
2020-08-19 09:37:21.250,4.866,1000
2020-08-19 09:37:21.680,4.864,15000
2020-08-19 09:37:22.740,4.864,4000
2020-08-19 09:37:22.840,4.863,100
2020-08-19 09:37:25.400,4.863,3000
2020-08-19 09:37:26.250,4.863,10000
2020-08-19 09:37:26.970,4.862,300
2020-08-19 09:37:27.450,4.862,700
2020-08-19 09:37:27.450,4.862,1400
2020-08-19 09:37:28.040,4.863,800
2020-08-19 09:37:30.010,4.864,1000
2020-08-19 09:37:30.440,4.863,9000
2020-08-19 09:37:31.560,4.863,3500
2020-08-19 09:37:33.960,4.863,1000
2020-08-19 09:37:34.680,4.863,200000
2020-08-19 09:37:35.930,4.864,400
2020-08-19 09:37:35.930,4.864,1100
2020-08-19 09:37:35.930,4.864,300
2020-08-19 09:37:36.650,4.864,1500
2020-08-19 09:37:37.900,4.864,300
2020-08-19 09:37:38.150,4.863,300
2020-08-19 09:37:39.290,4.863,10000
2020-08-19 09:37:41.620,4.863,300
2020-08-19 09:37:42.290,4.863,20000
2020-08-19 09:37:42.450,4.863,50000
2020-08-19 09:37:44.660,4.863,3000
2020-08-19 09:37:44.820,4.863,900
2020-08-19 09:37:45.290,4.863,21200
2020-08-19 09:37:45.290,4.863,100
2020-08-19 09:37:45.290,4.863,300
2020-08-19 09:37:45.290,4.863,1000
2020-08-19 09:37:45.290,4.863,5000
2020-08-19 09:37:46.210,4.863,4600
2020-08-19 09:37:46.570,4.863,1000
2020-08-19 09:37:47.200,4.863,20000
2020-08-19 09:37:48.090,4.864,1000
2020-08-19 09:37:49.650,4.863,4400
2020-08-19 09:37:49.650,4.863,5600
2020-08-19 09:37:50.670,4.864,1000
2020-08-19 09:37:50.730,4.864,300
2020-08-19 09:37:50.910,4.863,30000
2020-08-19 09:37:52.320,4.863,30000
2020-08-19 09:37:54.270,4.863,1000
2020-08-19 09:37:59.260,4.863,30000
2020-08-19 09:37:59.790,4.863,30000
2020-08-19 09:37:59.860,4.863,30000
2020-08-19 09:38:00.760,4.863,4100
2020-08-19 09:38:00.760,4.863,1000
2020-08-19 09:38:00.760,4.863,5800
2020-08-19 09:38:02.070,4.863,1000
2020-08-19 09:38:05.840,4.863,100
2020-08-19 09:38:05.840,4.863,1000
2020-08-19 09:38:05.840,4.862,3600
2020-08-19 09:38:05.840,4.862,1700
2020-08-19 09:38:06.930,4.864,4900
2020-08-19 09:38:07.220,4.863,5000
2020-08-19 09:38:09.250,4.863,500
2020-08-19 09:38:11.820,4.864,400
2020-08-19 09:38:13.330,4.864,9500
2020-08-19 09:38:13.700,4.864,800
2020-08-19 09:38:13.800,4.864,1000
2020-08-19 09:38:17.430,4.864,400
2020-08-19 09:38:17.650,4.864,100
2020-08-19 09:38:18.380,4.864,1700
2020-08-19 09:38:18.380,4.864,100
2020-08-19 09:38:20.900,4.864,200
2020-08-19 09:38:22.640,4.863,4500
2020-08-19 09:38:22.640,4.863,300
2020-08-19 09:38:22.640,4.863,2000
2020-08-19 09:38:22.640,4.863,1800
2020-08-19 09:38:22.640,4.863,400
2020-08-19 09:38:24.620,4.862,100
2020-08-19 09:38:31.630,4.862,11200
2020-08-19 09:38:31.630,4.862,1000
2020-08-19 09:38:31.630,4.862,1000
2020-08-19 09:38:31.630,4.862,100
2020-08-19 09:38:31.630,4.862,100
2020-08-19 09:38:31.630,4.862,100
2020-08-19 09:38:31.630,4.862,1000
2020-08-19 09:38:31.630,4.862,2300
2020-08-19 09:38:34.700,4.863,4200
2020-08-19 09:38:34.770,4.862,100
2020-08-19 09:38:36.520,4.863,300
2020-08-19 09:38:37.040,4.863,23300
2020-08-19 09:38:37.040,4.863,3000
2020-08-19 09:38:39.090,4.862,600
2020-08-19 09:38:39.090,4.862,100
2020-08-19 09:38:39.090,4.862,500
2020-08-19 09:38:39.090,4.862,1000
2020-08-19 09:38:39.460,4.863,100
2020-08-19 09:38:40.340,4.862,5000
2020-08-19 09:38:41.360,4.862,10000
2020-08-19 09:38:42.170,4.863,96900
2020-08-19 09:38:42.170,4.863,2400
2020-08-19 09:38:42.170,4.863,800
2020-08-19 09:38:42.170,4.863,1000
2020-08-19 09:38:46.280,4.863,500
2020-08-19 09:38:49.360,4.863,100
2020-08-19 09:38:51.020,4.864,100
2020-08-19 09:38:51.240,4.864,200
2020-08-19 09:38:52.610,4.864,6700
2020-08-19 09:38:53.320,4.865,500
2020-08-19 09:38:53.320,4.865,10000
2020-08-19 09:38:53.320,4.865,200
2020-08-19 09:38:53.320,4.865,4200
2020-08-19 09:38:53.320,4.865,100
2020-08-19 09:38:53.320,4.865,45300
2020-08-19 09:38:53.860,4.865,100
2020-08-19 09:38:56.890,4.865,12800
2020-08-19 09:38:56.910,4.865,60000
2020-08-19 09:38:56.950,4.865,50000
2020-08-19 09:38:57.240,4.865,15100
2020-08-19 09:38:57.240,4.865,300
2020-08-19 09:38:58.220,4.864,30000
2020-08-19 09:38:58.320,4.864,5000
2020-08-19 09:38:58.320,4.864,100
2020-08-19 09:38:58.790,4.864,24900
2020-08-19 09:38:58.790,4.864,20400
2020-08-19 09:38:59.210,4.863,100
2020-08-19 09:38:59.210,4.863,2000
2020-08-19 09:38:59.490,4.863,200
2020-08-19 09:39:03.860,4.863,400
2020-08-19 09:39:06.630,4.863,1300
2020-08-19 09:39:07.820,4.862,4000
2020-08-19 09:39:07.820,4.862,100
2020-08-19 09:39:07.820,4.862,2400
2020-08-19 09:39:07.820,4.862,100
2020-08-19 09:39:07.820,4.862,1000
2020-08-19 09:39:07.820,4.862,800
2020-08-19 09:39:07.820,4.862,100
2020-08-19 09:39:07.820,4.862,100
2020-08-19 09:39:07.820,4.862,8500
2020-08-19 09:39:09.230,4.863,100
2020-08-19 09:39:12.230,4.862,500
2020-08-19 09:39:12.230,4.862,1000
2020-08-19 09:39:13.470,4.862,2100
2020-08-19 09:39:13.470,4.862,700
2020-08-19 09:39:13.470,4.863,100
2020-08-19 09:39:13.470,4.863,100
2020-08-19 09:39:13.870,4.862,500
2020-08-19 09:39:13.870,4.863,100
2020-08-19 09:39:15.100,4.862,300
2020-08-19 09:39:15.760,4.862,500
2020-08-19 09:39:16.820,4.862,200
2020-08-19 09:39:16.820,4.862,300
2020-08-19 09:39:16.820,4.862,2000
2020-08-19 09:39:16.890,4.861,200
2020-08-19 09:39:16.890,4.861,10000
2020-08-19 09:39:16.890,4.861,200
2020-08-19 09:39:16.890,4.861,5200
2020-08-19 09:39:16.890,4.861,4400
2020-08-19 09:39:16.980,4.861,7400
2020-08-19 09:39:16.980,4.861,900
2020-08-19 09:39:16.980,4.861,31700
2020-08-19 09:39:17.230,4.861,18300
2020-08-19 09:39:17.230,4.861,100
2020-08-19 09:39:19.680,4.861,500
2020-08-19 09:39:21.200,4.861,300
2020-08-19 09:39:21.200,4.861,700
2020-08-19 09:39:21.230,4.861,500
2020-08-19 09:39:23.720,4.86,2500
2020-08-19 09:39:24.110,4.86,1000
2020-08-19 09:39:24.270,4.86,5100
2020-08-19 09:39:24.270,4.86,200
2020-08-19 09:39:24.270,4.86,300
2020-08-19 09:39:24.270,4.86,2100
2020-08-19 09:39:24.270,4.86,5000
2020-08-19 09:39:24.270,4.86,600
2020-08-19 09:39:24.270,4.86,500
2020-08-19 09:39:24.270,4.86,100
2020-08-19 09:39:24.270,4.86,500
2020-08-19 09:39:24.270,4.86,300
2020-08-19 09:39:24.270,4.86,10000
2020-08-19 09:39:24.270,4.86,100
2020-08-19 09:39:24.270,4.86,20000
2020-08-19 09:39:24.270,4.86,5000
2020-08-19 09:39:24.270,4.86,4500
2020-08-19 09:39:24.270,4.86,100
2020-08-19 09:39:24.270,4.86,900
2020-08-19 09:39:24.270,4.86,500
2020-08-19 09:39:24.270,4.86,100
2020-08-19 09:39:24.270,4.86,400
2020-08-19 09:39:24.270,4.86,2000
2020-08-19 09:39:24.270,4.86,8000
2020-08-19 09:39:24.270,4.86,10000
2020-08-19 09:39:24.270,4.86,28100
2020-08-19 09:39:24.460,4.86,600
2020-08-19 09:39:24.460,4.86,1000
2020-08-19 09:39:24.460,4.86,200
2020-08-19 09:39:24.460,4.86,3000
2020-08-19 09:39:24.460,4.86,100
2020-08-19 09:39:24.460,4.86,300
2020-08-19 09:39:24.460,4.86,4900
2020-08-19 09:39:24.460,4.86,200
2020-08-19 09:39:24.460,4.86,500
2020-08-19 09:39:27.260,4.86,6000
2020-08-19 09:39:27.350,4.86,40000
2020-08-19 09:39:28.680,4.86,200
2020-08-19 09:39:29.840,4.859,5000
2020-08-19 09:39:29.840,4.859,300
2020-08-19 09:39:29.840,4.859,100
2020-08-19 09:39:29.840,4.859,10000
2020-08-19 09:39:29.840,4.859,100
2020-08-19 09:39:29.840,4.859,7200
2020-08-19 09:39:29.840,4.859,30000
2020-08-19 09:39:33.050,4.859,300000
2020-08-19 09:39:35.670,4.858,6600
2020-08-19 09:39:35.670,4.858,8000
2020-08-19 09:39:35.670,4.858,2000
2020-08-19 09:39:35.670,4.858,300
2020-08-19 09:39:35.670,4.858,200
2020-08-19 09:39:35.670,4.858,200
2020-08-19 09:39:35.670,4.858,100
2020-08-19 09:39:35.670,4.858,400
2020-08-19 09:39:35.670,4.858,3000
2020-08-19 09:39:35.670,4.858,1000
2020-08-19 09:39:35.670,4.858,200
2020-08-19 09:39:35.670,4.858,500
2020-08-19 09:39:35.670,4.858,2000
2020-08-19 09:39:35.670,4.858,200
2020-08-19 09:39:35.670,4.858,100
2020-08-19 09:39:36.290,4.858,300
2020-08-19 09:39:36.290,4.858,100
2020-08-19 09:39:36.380,4.857,100
2020-08-19 09:39:36.380,4.857,100
2020-08-19 09:39:36.380,4.857,200
2020-08-19 09:39:36.380,4.857,100
2020-08-19 09:39:36.380,4.857,1000
2020-08-19 09:39:36.380,4.857,500
2020-08-19 09:39:36.380,4.857,23700
2020-08-19 09:39:36.500,4.858,1000
2020-08-19 09:39:37.470,4.858,100
2020-08-19 09:39:37.880,4.858,100
2020-08-19 09:39:39.110,4.857,1700
2020-08-19 09:39:41.420,4.858,500
2020-08-19 09:39:42.060,4.858,100
2020-08-19 09:39:44.020,4.858,100
2020-08-19 09:39:45.990,4.857,1000
2020-08-19 09:39:45.990,4.857,200
2020-08-19 09:39:45.990,4.856,100
2020-08-19 09:39:45.990,4.856,300
2020-08-19 09:39:45.990,4.856,100
2020-08-19 09:39:45.990,4.856,100
2020-08-19 09:39:45.990,4.856,6700
2020-08-19 09:39:46.500,4.858,500
2020-08-19 09:39:46.530,4.858,5000
2020-08-19 09:39:48.250,4.857,100
2020-08-19 09:39:48.430,4.857,2500
2020-08-19 09:39:49.130,4.856,1300
2020-08-19 09:39:49.130,4.856,1000
2020-08-19 09:39:49.130,4.856,500
2020-08-19 09:39:49.130,4.856,2000
2020-08-19 09:39:49.130,4.856,2000
2020-08-19 09:39:49.130,4.856,2000
2020-08-19 09:39:49.130,4.856,300
2020-08-19 09:39:49.130,4.856,100
2020-08-19 09:39:49.130,4.856,200
2020-08-19 09:39:49.130,4.856,500
2020-08-19 09:39:49.130,4.856,3500
2020-08-19 09:39:49.220,4.857,100
2020-08-19 09:39:49.900,4.856,5200
2020-08-19 09:39:52.810,4.857,100
2020-08-19 09:39:53.030,4.856,41300
2020-08-19 09:39:53.030,4.856,1700
2020-08-19 09:39:53.030,4.856,400
2020-08-19 09:39:53.290,4.856,6600
2020-08-19 09:39:53.290,4.857,19800
2020-08-19 09:39:53.580,4.857,7400
2020-08-19 09:39:54.510,4.858,300
2020-08-19 09:39:55.690,4.857,8100
2020-08-19 09:39:56.700,4.857,100
2020-08-19 09:39:56.760,4.856,200
2020-08-19 09:39:56.760,4.856,200
2020-08-19 09:39:56.860,4.855,100
2020-08-19 09:39:56.860,4.855,900
2020-08-19 09:39:57.130,4.856,100
2020-08-19 09:39:57.650,4.856,300
2020-08-19 09:39:58.010,4.855,1600
2020-08-19 09:39:58.010,4.855,500
2020-08-19 09:39:58.010,4.855,500
2020-08-19 09:39:58.010,4.855,5000
2020-08-19 09:39:58.010,4.855,200
2020-08-19 09:39:58.010,4.855,1000
2020-08-19 09:39:58.010,4.855,100
2020-08-19 09:39:58.010,4.855,200
2020-08-19 09:39:58.010,4.855,200
2020-08-19 09:39:58.010,4.855,200
2020-08-19 09:39:58.010,4.855,500
2020-08-19 09:39:58.110,4.855,500
2020-08-19 09:39:58.110,4.855,500
2020-08-19 09:39:58.110,4.855,1000
2020-08-19 09:39:58.110,4.855,2000
2020-08-19 09:39:58.110,4.855,500
2020-08-19 09:39:58.110,4.855,100
2020-08-19 09:39:58.110,4.855,4200
2020-08-19 09:39:58.110,4.855,10800
2020-08-19 09:39:58.260,4.855,30000
2020-08-19 09:39:58.570,4.856,900
2020-08-19 09:39:58.570,4.856,1200
2020-08-19 09:39:58.570,4.856,2900
2020-08-19 09:39:58.780,4.855,4600
2020-08-19 09:39:58.810,4.855,100000
2020-08-19 09:39:59.850,4.855,1000
2020-08-19 09:40:01.900,4.854,2000
2020-08-19 09:40:01.900,4.854,100
2020-08-19 09:40:01.900,4.854,45400
2020-08-19 09:40:01.900,4.854,2500
2020-08-19 09:40:02.090,4.854,10000
2020-08-19 09:40:02.320,4.854,7500
2020-08-19 09:40:02.320,4.853,200
2020-08-19 09:40:02.320,4.853,10000
2020-08-19 09:40:02.320,4.853,600
2020-08-19 09:40:02.320,4.853,1000
2020-08-19 09:40:02.320,4.853,4000
2020-08-19 09:40:02.320,4.853,5000
2020-08-19 09:40:02.320,4.853,400
2020-08-19 09:40:02.320,4.853,400
2020-08-19 09:40:02.320,4.853,100
2020-08-19 09:40:02.320,4.853,5000
2020-08-19 09:40:02.320,4.853,80000
2020-08-19 09:40:02.420,4.852,100
2020-08-19 09:40:02.420,4.852,10000
2020-08-19 09:40:02.420,4.852,10000
2020-08-19 09:40:02.420,4.852,4000
2020-08-19 09:40:02.650,4.853,5000
2020-08-19 09:40:03.110,4.853,100
2020-08-19 09:40:03.990,4.852,1000
2020-08-19 09:40:03.990,4.852,5000
2020-08-19 09:40:03.990,4.852,200
2020-08-19 09:40:03.990,4.852,2000
2020-08-19 09:40:03.990,4.852,10000
2020-08-19 09:40:03.990,4.852,4200
2020-08-19 09:40:04.070,4.852,10900
2020-08-19 09:40:04.070,4.852,300
2020-08-19 09:40:04.070,4.852,5000
2020-08-19 09:40:04.070,4.852,5000
2020-08-19 09:40:04.070,4.852,7200
2020-08-19 09:40:04.070,4.852,1600
2020-08-19 09:40:04.160,4.852,400
2020-08-19 09:40:04.160,4.852,39600
2020-08-19 09:40:07.210,4.853,200
2020-08-19 09:40:07.490,4.853,700
2020-08-19 09:40:07.770,4.852,20000
2020-08-19 09:40:07.830,4.852,25400
2020-08-19 09:40:09.070,4.852,100
2020-08-19 09:40:10.180,4.852,100
2020-08-19 09:40:10.230,4.851,400
2020-08-19 09:40:10.230,4.851,8100
2020-08-19 09:40:10.570,4.852,100
2020-08-19 09:40:11.470,4.852,7000
2020-08-19 09:40:11.780,4.852,7300
2020-08-19 09:40:11.780,4.852,2700
2020-08-19 09:40:12.880,4.851,21400
2020-08-19 09:40:13.320,4.851,500
2020-08-19 09:40:13.320,4.851,5000
2020-08-19 09:40:13.320,4.851,100
2020-08-19 09:40:13.320,4.851,10000
2020-08-19 09:40:13.320,4.851,300
2020-08-19 09:40:13.320,4.851,24100
2020-08-19 09:40:13.420,4.852,300
2020-08-19 09:40:13.870,4.851,5900
2020-08-19 09:40:13.870,4.851,200
2020-08-19 09:40:13.870,4.851,5300
2020-08-19 09:40:13.870,4.851,2000
2020-08-19 09:40:13.870,4.851,5000
2020-08-19 09:40:13.870,4.851,200
2020-08-19 09:40:14.120,4.851,100
2020-08-19 09:40:14.530,4.851,100
2020-08-19 09:40:14.720,4.851,2200
2020-08-19 09:40:14.720,4.851,7000
2020-08-19 09:40:14.820,4.851,2000
2020-08-19 09:40:14.820,4.851,10000
2020-08-19 09:40:14.820,4.851,1300
2020-08-19 09:40:14.820,4.852,12000
2020-08-19 09:40:14.820,4.852,4700
2020-08-19 09:40:15.310,4.851,1100
2020-08-19 09:40:15.310,4.851,1100
2020-08-19 09:40:15.440,4.851,500
2020-08-19 09:40:15.650,4.851,10000
2020-08-19 09:40:15.790,4.851,5600
2020-08-19 09:40:15.870,4.851,2200
2020-08-19 09:40:16.110,4.85,100
2020-08-19 09:40:16.110,4.85,500
2020-08-19 09:40:16.110,4.85,200
2020-08-19 09:40:16.110,4.85,10000
2020-08-19 09:40:16.110,4.85,2000
2020-08-19 09:40:16.110,4.85,100
2020-08-19 09:40:16.110,4.85,100
2020-08-19 09:40:16.110,4.85,200
2020-08-19 09:40:16.110,4.85,100
2020-08-19 09:40:16.110,4.85,2500
2020-08-19 09:40:16.110,4.85,1000
2020-08-19 09:40:16.110,4.85,600
2020-08-19 09:40:16.110,4.85,20000
2020-08-19 09:40:16.110,4.85,1000
2020-08-19 09:40:16.110,4.85,1200
2020-08-19 09:40:16.110,4.85,1000
2020-08-19 09:40:16.110,4.85,5000
2020-08-19 09:40:16.110,4.85,4200
2020-08-19 09:40:16.110,4.85,700
2020-08-19 09:40:16.110,4.85,500
2020-08-19 09:40:16.110,4.85,20000
2020-08-19 09:40:16.110,4.85,2000
2020-08-19 09:40:16.110,4.85,400
2020-08-19 09:40:16.110,4.85,10000
2020-08-19 09:40:16.110,4.85,15000
2020-08-19 09:40:16.110,4.85,1500
2020-08-19 09:40:16.110,4.85,100
2020-08-19 09:40:16.370,4.852,300
2020-08-19 09:40:16.370,4.852,500
2020-08-19 09:40:16.370,4.852,1400
2020-08-19 09:40:16.940,4.851,1000
2020-08-19 09:40:17.300,4.85,1000
2020-08-19 09:40:17.300,4.85,200
2020-08-19 09:40:17.300,4.85,3800
2020-08-19 09:40:18.150,4.851,500
2020-08-19 09:40:19.690,4.851,100
2020-08-19 09:40:19.960,4.85,2200
2020-08-19 09:40:20.350,4.851,500
2020-08-19 09:40:21.240,4.85,4000
2020-08-19 09:40:21.240,4.85,5000
2020-08-19 09:40:21.240,4.85,800
2020-08-19 09:40:22.140,4.85,4200
2020-08-19 09:40:22.140,4.85,500
2020-08-19 09:40:22.140,4.85,2000
2020-08-19 09:40:22.140,4.85,500
2020-08-19 09:40:22.140,4.85,5000
2020-08-19 09:40:22.140,4.85,800
2020-08-19 09:40:22.140,4.85,500
2020-08-19 09:40:22.140,4.85,300
2020-08-19 09:40:22.140,4.85,1000
2020-08-19 09:40:22.140,4.85,5000
2020-08-19 09:40:22.140,4.85,200
2020-08-19 09:40:22.140,4.85,2500
2020-08-19 09:40:22.140,4.85,5000
2020-08-19 09:40:22.140,4.85,200
2020-08-19 09:40:22.140,4.85,1000
2020-08-19 09:40:22.140,4.85,100
2020-08-19 09:40:22.140,4.85,15000
2020-08-19 09:40:22.140,4.85,700
2020-08-19 09:40:22.140,4.85,300
2020-08-19 09:40:22.140,4.85,400
2020-08-19 09:40:22.140,4.85,4800
2020-08-19 09:40:22.500,4.851,400
2020-08-19 09:40:22.500,4.851,15500
2020-08-19 09:40:22.500,4.851,10000
2020-08-19 09:40:22.500,4.851,4100
2020-08-19 09:40:22.530,4.851,10000
2020-08-19 09:40:22.760,4.851,2000
2020-08-19 09:40:22.890,4.85,5200
2020-08-19 09:40:22.890,4.85,1000
2020-08-19 09:40:22.890,4.85,200
2020-08-19 09:40:22.890,4.85,200
2020-08-19 09:40:22.890,4.85,500
2020-08-19 09:40:23.260,4.85,500
2020-08-19 09:40:24.490,4.85,3900
2020-08-19 09:40:24.620,4.849,100
2020-08-19 09:40:24.620,4.849,6700
2020-08-19 09:40:25.020,4.849,700
2020-08-19 09:40:25.420,4.848,200
2020-08-19 09:40:25.420,4.848,100
2020-08-19 09:40:25.420,4.848,100
2020-08-19 09:40:25.420,4.848,4000
2020-08-19 09:40:25.420,4.848,3000
2020-08-19 09:40:25.420,4.848,1000
2020-08-19 09:40:25.420,4.848,1000
2020-08-19 09:40:25.420,4.848,5000
2020-08-19 09:40:25.420,4.848,1300
2020-08-19 09:40:25.420,4.848,3000
2020-08-19 09:40:25.420,4.848,5000
2020-08-19 09:40:25.420,4.848,5000
2020-08-19 09:40:25.420,4.848,1300
2020-08-19 09:40:25.480,4.848,2700
2020-08-19 09:40:25.480,4.848,11600
2020-08-19 09:40:25.480,4.848,200
2020-08-19 09:40:25.480,4.848,80000
2020-08-19 09:40:25.890,4.848,100
2020-08-19 09:40:26.010,4.848,19900
2020-08-19 09:40:26.860,4.848,6000
2020-08-19 09:40:26.900,4.848,8000
2020-08-19 09:40:27.080,4.847,600
2020-08-19 09:40:27.080,4.847,1000
2020-08-19 09:40:27.080,4.847,20000
2020-08-19 09:40:27.080,4.847,3000
2020-08-19 09:40:27.080,4.847,200
2020-08-19 09:40:27.080,4.847,60000
2020-08-19 09:40:27.260,4.846,4000
2020-08-19 09:40:27.300,4.846,700
2020-08-19 09:40:28.690,4.846,5300
2020-08-19 09:40:28.690,4.846,200
2020-08-19 09:40:28.690,4.846,500
2020-08-19 09:40:28.690,4.846,300
2020-08-19 09:40:28.690,4.846,1000
2020-08-19 09:40:28.690,4.846,2000
2020-08-19 09:40:28.690,4.846,200
2020-08-19 09:40:28.690,4.845,3000
2020-08-19 09:40:28.690,4.845,7000
2020-08-19 09:40:28.690,4.845,2000
2020-08-19 09:40:28.690,4.845,100
2020-08-19 09:40:28.690,4.845,5000
2020-08-19 09:40:28.690,4.845,200
2020-08-19 09:40:28.690,4.845,500
2020-08-19 09:40:28.690,4.845,2000
2020-08-19 09:40:28.690,4.845,1000
2020-08-19 09:40:28.690,4.845,3000
2020-08-19 09:40:28.690,4.845,2000
2020-08-19 09:40:28.690,4.845,1000
2020-08-19 09:40:28.690,4.845,5000
2020-08-19 09:40:28.690,4.845,20000
2020-08-19 09:40:28.690,4.845,10000
2020-08-19 09:40:28.690,4.845,100
2020-08-19 09:40:28.690,4.845,100000
2020-08-19 09:40:28.690,4.845,300
2020-08-19 09:40:28.690,4.845,800
2020-08-19 09:40:28.690,4.845,2500
2020-08-19 09:40:28.690,4.845,600
2020-08-19 09:40:28.690,4.845,30900
2020-08-19 09:40:29.010,4.845,3400
2020-08-19 09:40:31.350,4.847,100
2020-08-19 09:40:31.560,4.847,45300
2020-08-19 09:40:31.560,4.847,4700
2020-08-19 09:40:31.560,4.847,20000
2020-08-19 09:40:32.850,4.847,400
2020-08-19 09:40:33.160,4.846,500
2020-08-19 09:40:33.450,4.845,100
2020-08-19 09:40:35.280,4.847,100
2020-08-19 09:40:35.670,4.846,1500
2020-08-19 09:40:35.910,4.847,5000
2020-08-19 09:40:36.250,4.846,1200
2020-08-19 09:40:36.250,4.846,1500
2020-08-19 09:40:36.250,4.845,17000
2020-08-19 09:40:36.900,4.845,5500
2020-08-19 09:40:37.000,4.847,16600
2020-08-19 09:40:37.290,4.847,8000
2020-08-19 09:40:37.420,4.845,17400
2020-08-19 09:40:37.420,4.845,4900
2020-08-19 09:40:38.460,4.846,28500
2020-08-19 09:40:40.500,4.846,1500
2020-08-19 09:40:40.500,4.846,3500
2020-08-19 09:40:40.900,4.847,15000
2020-08-19 09:40:40.900,4.847,30900
2020-08-19 09:40:40.900,4.847,3400
2020-08-19 09:40:41.460,4.847,2907
2020-08-19 09:40:41.500,4.847,100
2020-08-19 09:40:42.360,4.847,500
2020-08-19 09:40:42.630,4.847,2000
2020-08-19 09:40:42.760,4.847,1600
2020-08-19 09:40:43.070,4.847,5000
2020-08-19 09:40:43.270,4.847,10000
2020-08-19 09:40:43.670,4.847,10000
2020-08-19 09:40:44.550,4.848,10000
2020-08-19 09:40:45.440,4.847,500
2020-08-19 09:40:46.240,4.848,2000
2020-08-19 09:40:48.050,4.848,1200
2020-08-19 09:40:48.080,4.847,400
2020-08-19 09:40:48.720,4.847,17693
2020-08-19 09:40:48.720,4.847,500
2020-08-19 09:40:48.720,4.847,100
2020-08-19 09:40:48.720,4.847,100
2020-08-19 09:40:48.720,4.847,500
2020-08-19 09:40:48.720,4.847,5000
2020-08-19 09:40:48.720,4.847,1000
2020-08-19 09:40:48.720,4.846,107
2020-08-19 09:40:48.870,4.848,100
2020-08-19 09:40:49.030,4.847,5000
2020-08-19 09:40:50.760,4.846,3393
2020-08-19 09:40:50.760,4.846,5000
2020-08-19 09:40:50.760,4.846,16507
2020-08-19 09:40:51.520,4.847,9100
2020-08-19 09:40:51.520,4.847,900
2020-08-19 09:40:51.660,4.847,5000
2020-08-19 09:40:51.760,4.846,1000
2020-08-19 09:40:53.360,4.847,3200
2020-08-19 09:40:55.110,4.846,32493
2020-08-19 09:40:55.110,4.846,17507
2020-08-19 09:40:55.300,4.846,22493
2020-08-19 09:40:55.300,4.846,10000
2020-08-19 09:40:55.300,4.846,200
2020-08-19 09:40:55.300,4.846,2000
2020-08-19 09:40:55.300,4.846,10000
2020-08-19 09:40:55.300,4.846,50000
2020-08-19 09:40:55.300,4.846,600
2020-08-19 09:40:55.300,4.846,3000
2020-08-19 09:40:55.300,4.846,5000
2020-08-19 09:40:55.580,4.845,500
2020-08-19 09:40:55.580,4.845,200
2020-08-19 09:40:55.580,4.845,5300
2020-08-19 09:40:55.870,4.846,200
2020-08-19 09:40:56.060,4.846,900
2020-08-19 09:40:56.280,4.846,300
2020-08-19 09:40:56.380,4.846,500
2020-08-19 09:40:56.570,4.846,11900
2020-08-19 09:40:57.390,4.846,5000
2020-08-19 09:40:57.450,4.847,10900
2020-08-19 09:40:57.450,4.847,2100
2020-08-19 09:40:57.450,4.847,7600
2020-08-19 09:40:57.760,4.847,500
2020-08-19 09:40:58.410,4.846,3100
2020-08-19 09:40:58.410,4.846,20000
2020-08-19 09:41:00.000,4.845,1500
2020-08-19 09:41:00.000,4.845,18500
2020-08-19 09:41:00.630,4.845,1500
2020-08-19 09:41:00.630,4.845,44900
2020-08-19 09:41:01.130,4.846,2000
2020-08-19 09:41:01.500,4.845,2600
2020-08-19 09:41:01.830,4.846,100
2020-08-19 09:41:02.080,4.846,1000
2020-08-19 09:41:02.250,4.846,600
2020-08-19 09:41:02.440,4.846,3200
2020-08-19 09:41:02.440,4.846,800
2020-08-19 09:41:02.440,4.846,12500
2020-08-19 09:41:02.960,4.847,1900
2020-08-19 09:41:03.070,4.846,1000
2020-08-19 09:41:04.070,4.846,7500
2020-08-19 09:41:04.070,4.846,5100
2020-08-19 09:41:04.550,4.846,500
2020-08-19 09:41:04.670,4.845,200
2020-08-19 09:41:04.850,4.846,1000
2020-08-19 09:41:05.120,4.846,200
2020-08-19 09:41:05.230,4.845,50000
2020-08-19 09:41:05.520,4.846,10300
2020-08-19 09:41:05.580,4.845,20000
2020-08-19 09:41:06.070,4.845,200
2020-08-19 09:41:06.210,4.846,5100
2020-08-19 09:41:06.430,4.845,500
2020-08-19 09:41:07.470,4.846,200
2020-08-19 09:41:08.730,4.846,500
2020-08-19 09:41:08.730,4.846,7800
2020-08-19 09:41:08.730,4.846,300
2020-08-19 09:41:08.730,4.845,500
2020-08-19 09:41:08.730,4.845,500
2020-08-19 09:41:08.730,4.845,700
2020-08-19 09:41:08.730,4.845,300
2020-08-19 09:41:08.730,4.845,300
2020-08-19 09:41:08.730,4.845,1000
2020-08-19 09:41:08.730,4.845,1000
2020-08-19 09:41:08.970,4.847,5000
2020-08-19 09:41:09.220,4.846,5000
2020-08-19 09:41:09.220,4.845,500
2020-08-19 09:41:09.220,4.845,200
2020-08-19 09:41:09.220,4.845,2000
2020-08-19 09:41:09.220,4.845,100
2020-08-19 09:41:09.220,4.845,200
2020-08-19 09:41:09.220,4.845,100
2020-08-19 09:41:09.220,4.845,16000
2020-08-19 09:41:09.220,4.845,200
2020-08-19 09:41:09.220,4.845,3500
2020-08-19 09:41:09.220,4.845,10000
2020-08-19 09:41:09.220,4.845,5000
2020-08-19 09:41:09.220,4.844,100
2020-08-19 09:41:09.220,4.844,10300
2020-08-19 09:41:09.220,4.844,100
2020-08-19 09:41:09.220,4.844,100
2020-08-19 09:41:09.220,4.844,100
2020-08-19 09:41:09.220,4.844,700
2020-08-19 09:41:09.220,4.844,2000
2020-08-19 09:41:09.220,4.844,600
2020-08-19 09:41:09.220,4.844,100
2020-08-19 09:41:09.220,4.844,2200
2020-08-19 09:41:09.220,4.844,2100
2020-08-19 09:41:09.220,4.844,7500
2020-08-19 09:41:09.220,4.844,26000
2020-08-19 09:41:09.220,4.844,200
2020-08-19 09:41:09.220,4.844,10000
2020-08-19 09:41:09.220,4.844,400
2020-08-19 09:41:09.220,4.844,5000
2020-08-19 09:41:09.220,4.844,5000
2020-08-19 09:41:09.220,4.844,40000
2020-08-19 09:41:09.220,4.844,39100
2020-08-19 09:41:10.940,4.845,300
2020-08-19 09:41:10.970,4.845,9700
2020-08-19 09:41:10.970,4.845,10300
2020-08-19 09:41:11.480,4.845,500
2020-08-19 09:41:11.800,4.845,11900
2020-08-19 09:41:12.260,4.845,7300
2020-08-19 09:41:12.260,4.845,2700
2020-08-19 09:41:12.330,4.845,1400
2020-08-19 09:41:12.630,4.845,2400
2020-08-19 09:41:12.940,4.845,10000
2020-08-19 09:41:13.970,4.844,1100
2020-08-19 09:41:14.330,4.844,100
2020-08-19 09:41:15.020,4.844,7900
2020-08-19 09:41:15.500,4.843,3400
2020-08-19 09:41:15.500,4.843,2300
2020-08-19 09:41:15.500,4.843,10000
2020-08-19 09:41:15.500,4.843,500
2020-08-19 09:41:15.500,4.843,300
2020-08-19 09:41:15.500,4.843,5000
2020-08-19 09:41:15.500,4.843,10000
2020-08-19 09:41:15.500,4.843,45500
2020-08-19 09:41:15.500,4.843,10000
2020-08-19 09:41:15.530,4.843,100
2020-08-19 09:41:16.320,4.842,200
2020-08-19 09:41:16.320,4.842,4000
2020-08-19 09:41:16.320,4.842,300
2020-08-19 09:41:16.320,4.842,1000
2020-08-19 09:41:16.320,4.842,10000
2020-08-19 09:41:16.320,4.842,52900
2020-08-19 09:41:16.320,4.842,500
2020-08-19 09:41:16.320,4.842,20000
2020-08-19 09:41:16.320,4.842,30000
2020-08-19 09:41:16.320,4.842,5000
2020-08-19 09:41:16.320,4.841,5000
2020-08-19 09:41:16.320,4.841,20000
2020-08-19 09:41:16.320,4.841,500
2020-08-19 09:41:16.320,4.841,500
2020-08-19 09:41:16.320,4.841,8400
2020-08-19 09:41:16.320,4.841,20800
2020-08-19 09:41:16.320,4.841,5000
2020-08-19 09:41:16.320,4.841,100
2020-08-19 09:41:16.320,4.841,4600
2020-08-19 09:41:16.320,4.841,10000
2020-08-19 09:41:16.320,4.841,100
2020-08-19 09:41:16.320,4.841,2000
2020-08-19 09:41:16.320,4.841,60000
2020-08-19 09:41:16.320,4.841,300
2020-08-19 09:41:16.480,4.841,10000
2020-08-19 09:41:16.890,4.841,28800
2020-08-19 09:41:16.960,4.843,10000
2020-08-19 09:41:17.540,4.843,200
2020-08-19 09:41:17.850,4.843,2700
2020-08-19 09:41:17.850,4.843,27300
2020-08-19 09:41:18.030,4.843,200
2020-08-19 09:41:18.200,4.843,1000
2020-08-19 09:41:18.230,4.843,200
2020-08-19 09:41:18.900,4.842,7000
2020-08-19 09:41:19.360,4.841,16700
2020-08-19 09:41:19.360,4.84,5000
2020-08-19 09:41:19.360,4.84,2000
2020-08-19 09:41:19.360,4.84,72500
2020-08-19 09:41:19.360,4.84,1000
2020-08-19 09:41:19.360,4.84,1000
2020-08-19 09:41:19.360,4.84,40000
2020-08-19 09:41:19.360,4.84,40000
2020-08-19 09:41:19.360,4.84,1000
2020-08-19 09:41:19.360,4.84,1000
2020-08-19 09:41:19.360,4.84,1000
2020-08-19 09:41:19.360,4.84,10000
2020-08-19 09:41:19.360,4.84,100
2020-08-19 09:41:19.360,4.84,4000
2020-08-19 09:41:19.360,4.84,5000
2020-08-19 09:41:19.360,4.84,100
2020-08-19 09:41:19.360,4.84,800
2020-08-19 09:41:19.360,4.84,2000
2020-08-19 09:41:19.360,4.84,3000
2020-08-19 09:41:19.360,4.84,4000
2020-08-19 09:41:19.360,4.84,5000
2020-08-19 09:41:19.360,4.84,1000
2020-08-19 09:41:19.360,4.84,200
2020-08-19 09:41:19.360,4.84,800
2020-08-19 09:41:19.360,4.84,2200
2020-08-19 09:41:19.360,4.84,10000
2020-08-19 09:41:19.360,4.84,2000
2020-08-19 09:41:19.360,4.84,300
2020-08-19 09:41:19.360,4.84,1000
2020-08-19 09:41:19.360,4.84,10000
2020-08-19 09:41:19.360,4.84,100
2020-08-19 09:41:19.360,4.84,100
2020-08-19 09:41:19.360,4.84,500
2020-08-19 09:41:19.360,4.84,500
2020-08-19 09:41:19.360,4.84,5000
2020-08-19 09:41:19.360,4.84,4000
2020-08-19 09:41:19.360,4.84,900
2020-08-19 09:41:19.360,4.84,100
2020-08-19 09:41:19.360,4.84,1000
2020-08-19 09:41:19.360,4.84,500
2020-08-19 09:41:19.360,4.84,5000
2020-08-19 09:41:19.360,4.84,500
2020-08-19 09:41:19.360,4.84,100
2020-08-19 09:41:19.360,4.84,1100
2020-08-19 09:41:19.360,4.84,500
2020-08-19 09:41:19.360,4.84,400
2020-08-19 09:41:19.360,4.84,10000
2020-08-19 09:41:19.360,4.84,700
2020-08-19 09:41:19.360,4.84,15000
2020-08-19 09:41:19.360,4.84,500
2020-08-19 09:41:19.360,4.84,2000
2020-08-19 09:41:19.360,4.84,200
2020-08-19 09:41:19.360,4.84,1000
2020-08-19 09:41:19.360,4.84,500
2020-08-19 09:41:19.360,4.84,7100
2020-08-19 09:41:19.540,4.841,3000
2020-08-19 09:41:19.560,4.84,32900
2020-08-19 09:41:19.560,4.84,700
2020-08-19 09:41:19.560,4.84,1000
2020-08-19 09:41:19.720,4.84,10000
2020-08-19 09:41:19.750,4.84,100
2020-08-19 09:41:20.000,4.84,5000
2020-08-19 09:41:20.060,4.84,300
2020-08-19 09:41:20.290,4.84,111400
2020-08-19 09:41:20.990,4.841,10000
2020-08-19 09:41:21.570,4.84,300
2020-08-19 09:41:21.570,4.84,6000
2020-08-19 09:41:22.130,4.84,700
2020-08-19 09:41:22.780,4.84,5000
2020-08-19 09:41:23.430,4.84,300
2020-08-19 09:41:23.680,4.84,20000
2020-08-19 09:41:23.910,4.84,400
2020-08-19 09:41:23.970,4.84,300
2020-08-19 09:41:24.240,4.84,1000
2020-08-19 09:41:24.310,4.84,500
2020-08-19 09:41:24.370,4.84,600
2020-08-19 09:41:24.730,4.84,28800
2020-08-19 09:41:24.730,4.84,5900
2020-08-19 09:41:24.830,4.839,100
2020-08-19 09:41:24.830,4.839,2000
2020-08-19 09:41:24.830,4.839,400
2020-08-19 09:41:26.510,4.84,100
2020-08-19 09:41:26.900,4.84,2200
2020-08-19 09:41:26.900,4.84,37800
2020-08-19 09:41:27.340,4.84,2000
2020-08-19 09:41:28.090,4.84,5000
2020-08-19 09:41:28.210,4.839,3800
2020-08-19 09:41:28.210,4.839,2000
2020-08-19 09:41:28.210,4.839,3000
2020-08-19 09:41:28.210,4.839,100
2020-08-19 09:41:28.210,4.838,300
2020-08-19 09:41:28.210,4.838,500
2020-08-19 09:41:28.210,4.838,4000
2020-08-19 09:41:28.210,4.838,600
2020-08-19 09:41:28.210,4.838,800
2020-08-19 09:41:28.210,4.838,4500
2020-08-19 09:41:28.480,4.839,1000
2020-08-19 09:41:28.920,4.838,500
2020-08-19 09:41:28.920,4.838,5500
2020-08-19 09:41:28.920,4.838,1000
2020-08-19 09:41:28.920,4.838,93000
2020-08-19 09:41:28.960,4.838,20000
2020-08-19 09:41:28.960,4.838,50000
2020-08-19 09:41:29.160,4.838,300000
2020-08-19 09:41:29.190,4.838,200
2020-08-19 09:41:29.380,4.839,400
2020-08-19 09:41:29.440,4.838,3200
2020-08-19 09:41:29.950,4.838,3600
2020-08-19 09:41:30.190,4.838,300000
2020-08-19 09:41:30.690,4.838,10000
2020-08-19 09:41:30.820,4.837,2500
2020-08-19 09:41:30.820,4.837,4000
2020-08-19 09:41:30.820,4.837,400
2020-08-19 09:41:30.820,4.837,400
2020-08-19 09:41:30.820,4.837,21200
2020-08-19 09:41:31.580,4.838,2000
2020-08-19 09:41:34.120,4.838,1500
2020-08-19 09:41:34.420,4.838,12600
2020-08-19 09:41:34.570,4.838,300
2020-08-19 09:41:34.970,4.838,200
2020-08-19 09:41:35.110,4.837,7000
2020-08-19 09:41:35.870,4.837,2000
2020-08-19 09:41:36.240,4.837,400
2020-08-19 09:41:36.620,4.836,3000
2020-08-19 09:41:36.620,4.836,1000
2020-08-19 09:41:36.620,4.836,2400
2020-08-19 09:41:36.930,4.837,100
2020-08-19 09:41:37.680,4.837,6100
2020-08-19 09:41:38.700,4.837,4200
2020-08-19 09:41:39.070,4.836,600
2020-08-19 09:41:39.070,4.836,100
2020-08-19 09:41:39.070,4.836,300
2020-08-19 09:41:39.340,4.836,2700
2020-08-19 09:41:39.340,4.836,5000
2020-08-19 09:41:39.340,4.836,2000
2020-08-19 09:41:39.340,4.836,3500
2020-08-19 09:41:39.340,4.836,2000
2020-08-19 09:41:39.340,4.836,1000
2020-08-19 09:41:39.340,4.836,1000
2020-08-19 09:41:39.340,4.836,5000
2020-08-19 09:41:39.340,4.836,300
2020-08-19 09:41:39.340,4.836,40000
2020-08-19 09:41:39.340,4.836,1000
2020-08-19 09:41:39.370,4.837,20000
2020-08-19 09:41:39.830,4.836,2000
2020-08-19 09:41:40.020,4.836,2500
2020-08-19 09:41:40.560,4.836,100
2020-08-19 09:41:40.680,4.836,5400
2020-08-19 09:41:40.900,4.837,10000
2020-08-19 09:41:41.870,4.837,500
2020-08-19 09:41:42.840,4.836,43000
2020-08-19 09:41:43.470,4.836,2000
2020-08-19 09:41:43.660,4.837,5000
2020-08-19 09:41:43.850,4.836,8700
2020-08-19 09:41:45.070,4.837,1300
2020-08-19 09:41:46.190,4.836,300
2020-08-19 09:41:46.190,4.836,24800
2020-08-19 09:41:46.720,4.837,200
2020-08-19 09:41:46.870,4.837,500
2020-08-19 09:41:47.190,4.836,24100
2020-08-19 09:41:47.420,4.836,21700
2020-08-19 09:41:47.420,4.836,100
2020-08-19 09:41:47.420,4.836,500
2020-08-19 09:41:47.420,4.836,500
2020-08-19 09:41:47.420,4.836,2100
2020-08-19 09:41:47.420,4.836,100
2020-08-19 09:41:47.520,4.836,25000
2020-08-19 09:41:47.550,4.837,5000
2020-08-19 09:41:47.710,4.836,2000
2020-08-19 09:41:47.730,4.836,14200
2020-08-19 09:41:47.730,4.835,1500
2020-08-19 09:41:47.730,4.835,10000
2020-08-19 09:41:47.730,4.835,12000
2020-08-19 09:41:47.730,4.835,600
2020-08-19 09:41:47.730,4.835,3000
2020-08-19 09:41:47.730,4.835,3500
2020-08-19 09:41:47.730,4.835,500
2020-08-19 09:41:47.730,4.835,182000
2020-08-19 09:41:47.940,4.835,2300
2020-08-19 09:41:48.010,4.836,1300
2020-08-19 09:41:48.010,4.837,1700
2020-08-19 09:41:48.200,4.837,100
2020-08-19 09:41:48.260,4.837,1200
2020-08-19 09:41:49.070,4.836,1000
2020-08-19 09:41:49.170,4.835,10000
2020-08-19 09:41:49.380,4.836,1000
2020-08-19 09:41:49.540,4.836,1200
2020-08-19 09:41:49.540,4.836,1700
2020-08-19 09:41:49.540,4.837,300
2020-08-19 09:41:50.130,4.837,200
2020-08-19 09:41:50.430,4.837,5000
2020-08-19 09:41:51.510,4.836,100
2020-08-19 09:41:51.700,4.836,800
2020-08-19 09:41:51.760,4.837,100
2020-08-19 09:41:51.910,4.836,4100
2020-08-19 09:41:51.910,4.835,152000
2020-08-19 09:41:51.910,4.835,10000
2020-08-19 09:41:51.910,4.835,2500
2020-08-19 09:41:51.910,4.835,20000
2020-08-19 09:41:51.910,4.835,200
2020-08-19 09:41:51.910,4.835,100
2020-08-19 09:41:51.910,4.835,5000
2020-08-19 09:41:51.910,4.835,300
2020-08-19 09:41:51.910,4.835,100
2020-08-19 09:41:51.910,4.835,400
2020-08-19 09:41:51.910,4.835,200
2020-08-19 09:41:51.910,4.835,100
2020-08-19 09:41:51.910,4.835,37000
2020-08-19 09:41:51.910,4.835,100
2020-08-19 09:41:51.910,4.835,45600
2020-08-19 09:41:51.910,4.835,1000
2020-08-19 09:41:51.910,4.835,500
2020-08-19 09:41:52.660,4.835,3000
2020-08-19 09:41:52.790,4.835,1200
2020-08-19 09:41:52.790,4.836,4900
2020-08-19 09:41:52.790,4.837,3900
2020-08-19 09:41:52.790,4.837,500
2020-08-19 09:41:53.060,4.837,1000
2020-08-19 09:41:53.570,4.836,5000
2020-08-19 09:41:54.150,4.837,20000
2020-08-19 09:41:55.690,4.837,3700
2020-08-19 09:41:55.690,4.837,2100
2020-08-19 09:41:55.690,4.837,300
2020-08-19 09:41:55.690,4.837,3900
2020-08-19 09:41:56.530,4.836,100
2020-08-19 09:41:56.530,4.836,2000
2020-08-19 09:41:56.530,4.836,2900
2020-08-19 09:41:56.660,4.837,100
2020-08-19 09:41:56.720,4.837,1000
2020-08-19 09:41:56.720,4.837,1700
2020-08-19 09:41:56.720,4.837,10000
2020-08-19 09:41:56.720,4.838,2300
2020-08-19 09:41:58.010,4.837,900
2020-08-19 09:41:58.260,4.837,500
2020-08-19 09:41:58.770,4.837,5600
2020-08-19 09:41:58.770,4.837,2400
2020-08-19 09:41:58.770,4.836,5100
2020-08-19 09:41:58.770,4.836,1100
2020-08-19 09:41:58.770,4.836,500
2020-08-19 09:41:58.770,4.836,300
2020-08-19 09:41:58.770,4.835,500
2020-08-19 09:41:58.770,4.835,300
2020-08-19 09:41:58.770,4.835,11800
2020-08-19 09:41:58.830,4.835,2500
2020-08-19 09:41:59.200,4.837,700
2020-08-19 09:41:59.580,4.835,100
2020-08-19 09:41:59.580,4.835,900
2020-08-19 09:41:59.580,4.837,200
2020-08-19 09:41:59.870,4.835,100
2020-08-19 09:41:59.870,4.835,100
2020-08-19 09:41:59.870,4.835,800
2020-08-19 09:42:00.500,4.836,500
2020-08-19 09:42:00.850,4.836,1800
2020-08-19 09:42:00.940,4.836,900
2020-08-19 09:42:01.410,4.836,4300
2020-08-19 09:42:01.410,4.836,700
2020-08-19 09:42:01.440,4.836,2000
2020-08-19 09:42:01.440,4.836,1500
2020-08-19 09:42:01.440,4.836,1500
2020-08-19 09:42:01.850,4.835,10000
2020-08-19 09:42:01.970,4.836,300
2020-08-19 09:42:02.160,4.836,100
2020-08-19 09:42:02.990,4.835,11000
2020-08-19 09:42:03.140,4.836,10000
2020-08-19 09:42:03.510,4.835,900
2020-08-19 09:42:03.760,4.836,400
2020-08-19 09:42:03.840,4.836,10000
2020-08-19 09:42:03.900,4.835,27300
2020-08-19 09:42:03.900,4.835,10000
2020-08-19 09:42:03.900,4.835,100
2020-08-19 09:42:03.900,4.835,5600
2020-08-19 09:42:03.900,4.835,100
2020-08-19 09:42:03.900,4.835,5000
2020-08-19 09:42:03.900,4.835,1900
2020-08-19 09:42:03.960,4.836,1000
2020-08-19 09:42:04.140,4.836,2700
2020-08-19 09:42:04.140,4.836,100
2020-08-19 09:42:04.140,4.836,7200
2020-08-19 09:42:04.230,4.835,500
2020-08-19 09:42:04.230,4.835,2000
2020-08-19 09:42:04.230,4.835,1500
2020-08-19 09:42:04.230,4.835,3000
2020-08-19 09:42:04.230,4.834,4200
2020-08-19 09:42:04.230,4.834,100
2020-08-19 09:42:04.230,4.834,2000
2020-08-19 09:42:04.230,4.834,10000
2020-08-19 09:42:04.230,4.834,5000
2020-08-19 09:42:04.230,4.834,45600
2020-08-19 09:42:04.230,4.834,100
2020-08-19 09:42:04.230,4.834,10000
2020-08-19 09:42:04.230,4.834,60000
2020-08-19 09:42:04.230,4.834,300
2020-08-19 09:42:04.430,4.834,45000
2020-08-19 09:42:04.430,4.834,2500
2020-08-19 09:42:04.580,4.834,20000
2020-08-19 09:42:04.720,4.833,5200
2020-08-19 09:42:04.720,4.833,1000
2020-08-19 09:42:04.720,4.833,3000
2020-08-19 09:42:04.720,4.833,500
2020-08-19 09:42:04.720,4.833,2000
2020-08-19 09:42:04.720,4.833,100
2020-08-19 09:42:04.720,4.833,5000
2020-08-19 09:42:04.720,4.833,2000
2020-08-19 09:42:04.720,4.832,700
2020-08-19 09:42:04.720,4.832,10000
2020-08-19 09:42:04.720,4.832,3500
2020-08-19 09:42:05.050,4.834,88200
2020-08-19 09:42:05.050,4.834,111800
2020-08-19 09:42:05.220,4.834,2000
2020-08-19 09:42:05.220,4.834,500
2020-08-19 09:42:05.340,4.833,700
2020-08-19 09:42:05.410,4.834,500
2020-08-19 09:42:05.440,4.834,20000
2020-08-19 09:42:05.860,4.833,13000
2020-08-19 09:42:05.980,4.833,31900
2020-08-19 09:42:05.980,4.832,1500
2020-08-19 09:42:05.980,4.832,4000
2020-08-19 09:42:05.980,4.832,600
2020-08-19 09:42:05.980,4.832,10000
2020-08-19 09:42:05.980,4.832,4600
2020-08-19 09:42:05.980,4.832,15000
2020-08-19 09:42:05.980,4.832,40000
2020-08-19 09:42:05.980,4.832,400
2020-08-19 09:42:05.980,4.832,300
2020-08-19 09:42:05.980,4.831,100
2020-08-19 09:42:05.980,4.831,8300
2020-08-19 09:42:05.980,4.831,3500
2020-08-19 09:42:05.980,4.831,1500
2020-08-19 09:42:05.980,4.831,10000
2020-08-19 09:42:05.980,4.831,4000
2020-08-19 09:42:05.980,4.831,2000
2020-08-19 09:42:05.980,4.831,3300
2020-08-19 09:42:05.980,4.831,10000
2020-08-19 09:42:05.980,4.831,6800
2020-08-19 09:42:05.980,4.831,5000
2020-08-19 09:42:05.980,4.831,200
2020-08-19 09:42:05.980,4.831,1100
2020-08-19 09:42:05.980,4.831,300
2020-08-19 09:42:05.980,4.831,300
2020-08-19 09:42:05.980,4.831,5000
2020-08-19 09:42:05.980,4.83,1000
2020-08-19 09:42:05.980,4.83,3600
2020-08-19 09:42:05.980,4.83,1000
2020-08-19 09:42:05.980,4.83,8000
2020-08-19 09:42:05.980,4.83,100
2020-08-19 09:42:05.980,4.83,500
2020-08-19 09:42:05.980,4.83,400
2020-08-19 09:42:05.980,4.83,1000
2020-08-19 09:42:05.980,4.83,1000
2020-08-19 09:42:05.980,4.83,10000
2020-08-19 09:42:05.980,4.83,100
2020-08-19 09:42:05.980,4.83,6400
2020-08-19 09:42:05.980,4.83,200
2020-08-19 09:42:05.980,4.83,1000
2020-08-19 09:42:05.980,4.83,2500
2020-08-19 09:42:05.980,4.83,1000
2020-08-19 09:42:05.980,4.83,400
2020-08-19 09:42:05.980,4.83,100
2020-08-19 09:42:05.980,4.83,1000
2020-08-19 09:42:05.980,4.83,500
2020-08-19 09:42:05.980,4.83,2100
2020-08-19 09:42:05.980,4.83,800
2020-08-19 09:42:05.980,4.83,200
2020-08-19 09:42:05.980,4.83,200
2020-08-19 09:42:05.980,4.83,5000
2020-08-19 09:42:05.980,4.83,2000
2020-08-19 09:42:05.980,4.83,2100
2020-08-19 09:42:05.980,4.83,900
2020-08-19 09:42:05.980,4.83,1000
2020-08-19 09:42:05.980,4.83,1000
2020-08-19 09:42:05.980,4.83,1000
2020-08-19 09:42:05.980,4.83,2000
2020-08-19 09:42:05.980,4.83,1000
2020-08-19 09:42:05.980,4.83,8200
2020-08-19 09:42:05.980,4.83,2000
2020-08-19 09:42:05.980,4.83,10000
2020-08-19 09:42:05.980,4.83,500
2020-08-19 09:42:05.980,4.83,46800
2020-08-19 09:42:06.130,4.833,5000
2020-08-19 09:42:06.340,4.833,5100
2020-08-19 09:42:06.560,4.833,1000
2020-08-19 09:42:06.830,4.833,200
2020-08-19 09:42:06.830,4.833,28700
2020-08-19 09:42:06.830,4.834,26300
2020-08-19 09:42:07.160,4.834,1000
2020-08-19 09:42:07.570,4.834,2700
2020-08-19 09:42:07.570,4.834,2000
2020-08-19 09:42:07.910,4.835,6000
2020-08-19 09:42:08.350,4.835,10000
2020-08-19 09:42:08.350,4.835,1400
2020-08-19 09:42:08.350,4.835,6000
2020-08-19 09:42:10.430,4.835,300
2020-08-19 09:42:10.620,4.834,1000
2020-08-19 09:42:10.740,4.834,14300
2020-08-19 09:42:11.060,4.834,5100
2020-08-19 09:42:11.160,4.833,100
2020-08-19 09:42:11.410,4.833,500
2020-08-19 09:42:11.410,4.835,100
2020-08-19 09:42:11.410,4.835,9400
2020-08-19 09:42:11.690,4.835,36200
2020-08-19 09:42:11.690,4.835,6600
2020-08-19 09:42:12.090,4.836,2000
2020-08-19 09:42:12.630,4.835,1800
2020-08-19 09:42:12.780,4.836,2000
2020-08-19 09:42:13.620,4.835,100
2020-08-19 09:42:15.260,4.836,100
2020-08-19 09:42:15.810,4.835,5300
2020-08-19 09:42:15.810,4.835,5000
2020-08-19 09:42:15.810,4.834,200
2020-08-19 09:42:15.810,4.834,10000
2020-08-19 09:42:16.120,4.834,1200
2020-08-19 09:42:16.470,4.834,2000
2020-08-19 09:42:16.840,4.833,2000
2020-08-19 09:42:17.080,4.834,200
2020-08-19 09:42:17.860,4.834,4000
2020-08-19 09:42:17.960,4.834,10600
2020-08-19 09:42:18.140,4.834,2500
2020-08-19 09:42:18.180,4.833,10000
2020-08-19 09:42:18.360,4.834,3000
2020-08-19 09:42:18.840,4.834,100
2020-08-19 09:42:19.630,4.834,5900
2020-08-19 09:42:19.630,4.834,8600
2020-08-19 09:42:19.790,4.834,300
2020-08-19 09:42:19.820,4.834,500
2020-08-19 09:42:20.200,4.833,4100
2020-08-19 09:42:20.200,4.833,800
2020-08-19 09:42:20.510,4.834,2000
2020-08-19 09:42:21.520,4.834,10000
2020-08-19 09:42:21.610,4.833,3400
2020-08-19 09:42:21.860,4.834,200
2020-08-19 09:42:22.030,4.834,100
2020-08-19 09:42:22.120,4.834,10000
2020-08-19 09:42:22.150,4.834,1200
2020-08-19 09:42:22.180,4.834,7000
2020-08-19 09:42:22.330,4.834,1300
2020-08-19 09:42:22.790,4.833,25300
2020-08-19 09:42:22.790,4.833,14700
2020-08-19 09:42:22.860,4.834,1000
2020-08-19 09:42:22.980,4.834,1100
2020-08-19 09:42:23.190,4.834,700
2020-08-19 09:42:23.420,4.835,5000
2020-08-19 09:42:24.040,4.835,2000
2020-08-19 09:42:24.160,4.834,2500
2020-08-19 09:42:25.220,4.835,5600
2020-08-19 09:42:25.320,4.835,4600
2020-08-19 09:42:25.380,4.834,3700
2020-08-19 09:42:25.380,4.834,1500
2020-08-19 09:42:25.380,4.834,100
2020-08-19 09:42:25.380,4.834,5000
2020-08-19 09:42:25.380,4.834,1700
2020-08-19 09:42:25.780,4.835,5000
2020-08-19 09:42:25.960,4.834,4300
2020-08-19 09:42:25.990,4.834,3500
2020-08-19 09:42:26.060,4.834,200
2020-08-19 09:42:26.060,4.834,2500
2020-08-19 09:42:27.360,4.835,1100
2020-08-19 09:42:27.360,4.835,500
2020-08-19 09:42:27.360,4.835,2000
2020-08-19 09:42:27.360,4.835,45600
2020-08-19 09:42:27.360,4.835,1600
2020-08-19 09:42:27.570,4.836,33000
2020-08-19 09:42:29.800,4.835,10000
2020-08-19 09:42:32.300,4.835,500
2020-08-19 09:42:33.190,4.836,3800
2020-08-19 09:42:34.330,4.835,3500
2020-08-19 09:42:34.330,4.836,2600
2020-08-19 09:42:34.630,4.836,16500
2020-08-19 09:42:34.630,4.836,2000
2020-08-19 09:42:34.630,4.836,17100
2020-08-19 09:42:34.690,4.835,44900
2020-08-19 09:42:34.970,4.836,200
2020-08-19 09:42:35.250,4.836,600
2020-08-19 09:42:35.250,4.836,32400
2020-08-19 09:42:35.250,4.837,100
2020-08-19 09:42:35.250,4.837,52600
2020-08-19 09:42:35.250,4.837,10000
2020-08-19 09:42:35.250,4.837,9600
2020-08-19 09:42:35.570,4.835,10000
2020-08-19 09:42:35.600,4.835,10000
2020-08-19 09:42:35.940,4.836,5000
2020-08-19 09:42:35.940,4.836,5000
2020-08-19 09:42:36.330,4.836,100
2020-08-19 09:42:36.330,4.836,5100
2020-08-19 09:42:36.360,4.835,32400
2020-08-19 09:42:36.940,4.836,5100
2020-08-19 09:42:37.530,4.836,3000
2020-08-19 09:42:37.580,4.836,300
2020-08-19 09:42:37.610,4.835,1300
2020-08-19 09:42:37.870,4.836,6400
2020-08-19 09:42:37.870,4.837,35900
2020-08-19 09:42:37.870,4.837,2000
2020-08-19 09:42:37.960,4.838,700
2020-08-19 09:42:37.960,4.838,500
2020-08-19 09:42:38.690,4.837,14300
2020-08-19 09:42:39.020,4.837,200
2020-08-19 09:42:39.270,4.837,200
2020-08-19 09:42:40.320,4.837,100
2020-08-19 09:42:40.380,4.837,1200
2020-08-19 09:42:40.760,4.837,22800
2020-08-19 09:42:40.760,4.837,100
2020-08-19 09:42:40.790,4.837,500
2020-08-19 09:42:40.790,4.837,400
2020-08-19 09:42:41.010,4.836,800
2020-08-19 09:42:41.010,4.837,2000
2020-08-19 09:42:42.380,4.837,5000
2020-08-19 09:42:42.680,4.836,300
2020-08-19 09:42:42.680,4.836,2000
2020-08-19 09:42:42.680,4.836,300
2020-08-19 09:42:42.680,4.836,5000
2020-08-19 09:42:42.680,4.836,2400
2020-08-19 09:42:42.760,4.837,6400
2020-08-19 09:42:43.110,4.836,1000
2020-08-19 09:42:43.740,4.837,400
2020-08-19 09:42:44.270,4.837,5000
2020-08-19 09:42:44.270,4.837,2000
2020-08-19 09:42:45.130,4.837,900
2020-08-19 09:42:45.130,4.837,2500
2020-08-19 09:42:45.900,4.838,500
2020-08-19 09:42:46.140,4.838,1000
2020-08-19 09:42:46.290,4.837,1700
2020-08-19 09:42:46.290,4.837,5000
2020-08-19 09:42:46.290,4.837,300
2020-08-19 09:42:46.290,4.837,100
2020-08-19 09:42:46.800,4.837,2000
2020-08-19 09:42:47.770,4.836,100
2020-08-19 09:42:50.080,4.837,900
2020-08-19 09:42:50.110,4.838,300
2020-08-19 09:42:50.110,4.838,10000
2020-08-19 09:42:50.210,4.838,1000
2020-08-19 09:42:50.450,4.837,9100
2020-08-19 09:42:50.450,4.837,2000
2020-08-19 09:42:50.450,4.836,1600
2020-08-19 09:42:50.450,4.836,5100
2020-08-19 09:42:50.450,4.836,3500
2020-08-19 09:42:50.450,4.836,500
2020-08-19 09:42:50.450,4.836,5400
2020-08-19 09:42:50.740,4.836,10800
2020-08-19 09:42:50.740,4.836,100
2020-08-19 09:42:50.740,4.836,100
2020-08-19 09:42:51.000,4.836,1000
2020-08-19 09:42:51.920,4.838,1000
2020-08-19 09:42:52.110,4.837,200
2020-08-19 09:42:52.590,4.837,600
2020-08-19 09:42:52.590,4.838,2400
2020-08-19 09:42:53.010,4.838,100
2020-08-19 09:42:53.630,4.837,100
2020-08-19 09:42:53.970,4.837,100
2020-08-19 09:42:54.100,4.837,1800
2020-08-19 09:42:54.100,4.836,18900
2020-08-19 09:42:54.100,4.836,300
2020-08-19 09:42:54.100,4.836,900
2020-08-19 09:42:54.100,4.836,800
2020-08-19 09:42:54.920,4.837,2100
2020-08-19 09:42:54.950,4.837,200
2020-08-19 09:42:55.040,4.837,1700
2020-08-19 09:42:55.040,4.837,1700
2020-08-19 09:42:55.480,4.837,300
2020-08-19 09:42:55.480,4.837,300
2020-08-19 09:42:55.630,4.837,5000
2020-08-19 09:42:55.660,4.837,200
2020-08-19 09:42:55.750,4.837,200
2020-08-19 09:42:56.430,4.837,1000
2020-08-19 09:42:56.460,4.837,1000
2020-08-19 09:42:56.580,4.837,50000
2020-08-19 09:42:57.460,4.836,1600
2020-08-19 09:42:57.550,4.837,2000
2020-08-19 09:42:58.130,4.837,500
2020-08-19 09:42:58.160,4.836,1600
2020-08-19 09:42:58.160,4.836,400
2020-08-19 09:42:59.050,4.836,400
2020-08-19 09:42:59.050,4.836,9600
2020-08-19 09:42:59.810,4.837,500
2020-08-19 09:43:00.360,4.837,700
2020-08-19 09:43:00.830,4.837,20000
2020-08-19 09:43:00.980,4.837,5000
2020-08-19 09:43:02.080,4.837,10000
2020-08-19 09:43:02.520,4.837,3300
2020-08-19 09:43:02.520,4.837,500
2020-08-19 09:43:03.050,4.838,200
2020-08-19 09:43:03.380,4.837,6200
2020-08-19 09:43:03.380,4.837,14200
2020-08-19 09:43:04.630,4.837,100
2020-08-19 09:43:04.660,4.837,1000
2020-08-19 09:43:04.690,4.838,500
2020-08-19 09:43:04.690,4.838,4500
2020-08-19 09:43:05.280,4.837,2000
2020-08-19 09:43:06.220,4.837,4000
2020-08-19 09:43:07.110,4.837,6600
2020-08-19 09:43:08.040,4.837,2100
2020-08-19 09:43:08.040,4.837,2800
2020-08-19 09:43:08.040,4.837,10000
2020-08-19 09:43:08.040,4.837,1800
2020-08-19 09:43:08.040,4.837,100
2020-08-19 09:43:08.040,4.837,1100
2020-08-19 09:43:08.040,4.837,1100
2020-08-19 09:43:09.360,4.838,1000
2020-08-19 09:43:09.360,4.838,19600
2020-08-19 09:43:09.480,4.838,10000
2020-08-19 09:43:10.280,4.837,3900
2020-08-19 09:43:10.280,4.837,1100
2020-08-19 09:43:11.260,4.837,300
2020-08-19 09:43:11.310,4.838,200
2020-08-19 09:43:12.090,4.838,100
2020-08-19 09:43:12.310,4.837,18600
2020-08-19 09:43:12.310,4.837,1400
2020-08-19 09:43:12.400,4.837,8600
2020-08-19 09:43:12.400,4.837,1000
2020-08-19 09:43:12.400,4.837,500
2020-08-19 09:43:12.400,4.837,5000
2020-08-19 09:43:12.400,4.837,100
2020-08-19 09:43:12.400,4.837,1000
2020-08-19 09:43:12.580,4.836,10700
2020-08-19 09:43:12.580,4.836,4100
2020-08-19 09:43:12.580,4.836,200
2020-08-19 09:43:12.580,4.836,5000
2020-08-19 09:43:12.580,4.836,15500
2020-08-19 09:43:12.580,4.836,400
2020-08-19 09:43:12.580,4.836,25000
2020-08-19 09:43:12.580,4.836,1000
2020-08-19 09:43:12.580,4.836,5000
2020-08-19 09:43:12.580,4.836,5000
2020-08-19 09:43:12.580,4.836,100
2020-08-19 09:43:12.580,4.836,10000
2020-08-19 09:43:12.580,4.836,8000
2020-08-19 09:43:12.580,4.836,200
2020-08-19 09:43:12.580,4.836,5000
2020-08-19 09:43:12.580,4.836,500
2020-08-19 09:43:12.580,4.836,10000
2020-08-19 09:43:12.580,4.836,700
2020-08-19 09:43:12.580,4.836,45500
2020-08-19 09:43:12.580,4.836,25000
2020-08-19 09:43:12.580,4.835,123100
2020-08-19 09:43:12.580,4.837,1500
2020-08-19 09:43:12.670,4.835,300000
2020-08-19 09:43:13.110,4.837,100
2020-08-19 09:43:13.440,4.835,300000
2020-08-19 09:43:13.470,4.836,300
2020-08-19 09:43:13.470,4.837,9700
2020-08-19 09:43:13.560,4.835,13500
2020-08-19 09:43:13.560,4.835,300
2020-08-19 09:43:13.560,4.835,100
2020-08-19 09:43:13.560,4.835,400
2020-08-19 09:43:13.560,4.835,300
2020-08-19 09:43:13.560,4.835,5000
2020-08-19 09:43:13.560,4.835,5000
2020-08-19 09:43:13.560,4.835,2000
2020-08-19 09:43:13.560,4.835,7200
2020-08-19 09:43:13.560,4.835,1200
2020-08-19 09:43:13.560,4.835,5000
2020-08-19 09:43:13.560,4.835,500
2020-08-19 09:43:13.560,4.835,100
2020-08-19 09:43:13.560,4.835,300
2020-08-19 09:43:13.560,4.835,500
2020-08-19 09:43:13.560,4.835,500
2020-08-19 09:43:13.560,4.835,10000
2020-08-19 09:43:13.980,4.835,10300
2020-08-19 09:43:14.220,4.835,4900
2020-08-19 09:43:14.410,4.835,500
2020-08-19 09:43:14.410,4.835,10000
2020-08-19 09:43:14.650,4.835,5000
2020-08-19 09:43:14.800,4.835,12000
2020-08-19 09:43:14.880,4.835,1000
2020-08-19 09:43:15.560,4.835,2000
2020-08-19 09:43:15.560,4.835,800
2020-08-19 09:43:15.890,4.835,3000
2020-08-19 09:43:16.410,4.835,3000
2020-08-19 09:43:16.580,4.835,2600
2020-08-19 09:43:16.900,4.835,400
2020-08-19 09:43:17.080,4.835,1000
2020-08-19 09:43:17.690,4.835,1000
2020-08-19 09:43:17.690,4.835,1500
2020-08-19 09:43:18.340,4.835,100
2020-08-19 09:43:18.340,4.835,600
2020-08-19 09:43:18.520,4.835,5000
2020-08-19 09:43:18.660,4.834,200
2020-08-19 09:43:18.660,4.834,100
2020-08-19 09:43:19.180,4.835,10000
2020-08-19 09:43:19.370,4.834,200
2020-08-19 09:43:19.570,4.834,9700
2020-08-19 09:43:19.570,4.834,8600
2020-08-19 09:43:19.570,4.834,200
2020-08-19 09:43:19.570,4.834,2000
2020-08-19 09:43:19.570,4.834,2000
2020-08-19 09:43:19.570,4.834,200
2020-08-19 09:43:19.570,4.834,2000
2020-08-19 09:43:19.570,4.834,1000
2020-08-19 09:43:19.570,4.834,2000
2020-08-19 09:43:19.570,4.834,2500
2020-08-19 09:43:19.570,4.834,2800
2020-08-19 09:43:20.110,4.835,400
2020-08-19 09:43:20.200,4.835,20000
2020-08-19 09:43:20.600,4.835,3000
2020-08-19 09:43:20.690,4.834,4000
2020-08-19 09:43:20.720,4.835,7000
2020-08-19 09:43:21.330,4.834,33200
2020-08-19 09:43:21.330,4.834,100
2020-08-19 09:43:21.330,4.834,300
2020-08-19 09:43:21.330,4.834,37400
2020-08-19 09:43:21.330,4.834,1200
2020-08-19 09:43:21.330,4.834,27800
2020-08-19 09:43:21.330,4.835,3300
2020-08-19 09:43:21.390,4.834,300000
2020-08-19 09:43:21.390,4.834,300000
2020-08-19 09:43:21.460,4.835,18000
2020-08-19 09:43:21.520,4.834,272200
2020-08-19 09:43:21.520,4.834,24100
2020-08-19 09:43:21.960,4.834,10000
2020-08-19 09:43:22.140,4.834,20000
2020-08-19 09:43:22.140,4.835,18700
2020-08-19 09:43:22.170,4.833,5300
2020-08-19 09:43:22.170,4.833,10000
2020-08-19 09:43:22.170,4.833,5000
2020-08-19 09:43:22.170,4.833,900
2020-08-19 09:43:22.170,4.833,200
2020-08-19 09:43:22.210,4.835,700
2020-08-19 09:43:22.370,4.835,1000
2020-08-19 09:43:22.550,4.834,5000
2020-08-19 09:43:22.550,4.834,100
2020-08-19 09:43:22.550,4.834,34900
2020-08-19 09:43:22.550,4.835,23700
2020-08-19 09:43:22.820,4.835,3900
2020-08-19 09:43:23.060,4.833,3000
2020-08-19 09:43:23.060,4.833,10000
2020-08-19 09:43:23.060,4.833,3000
2020-08-19 09:43:23.060,4.833,2000
2020-08-19 09:43:23.060,4.833,50000
2020-08-19 09:43:23.060,4.833,100
2020-08-19 09:43:23.060,4.833,1000
2020-08-19 09:43:23.060,4.833,2000
2020-08-19 09:43:23.060,4.833,100
2020-08-19 09:43:23.060,4.833,10000
2020-08-19 09:43:23.060,4.833,22700
2020-08-19 09:43:23.060,4.833,5000
2020-08-19 09:43:23.060,4.833,1500
2020-08-19 09:43:23.060,4.833,5000
2020-08-19 09:43:23.060,4.833,5000
2020-08-19 09:43:23.060,4.833,10000
2020-08-19 09:43:23.060,4.833,1300
2020-08-19 09:43:23.060,4.833,300
2020-08-19 09:43:23.060,4.833,1800
2020-08-19 09:43:23.060,4.833,200
2020-08-19 09:43:23.130,4.833,100
2020-08-19 09:43:23.570,4.833,30000
2020-08-19 09:43:23.730,4.833,1000
2020-08-19 09:43:23.980,4.833,10000
2020-08-19 09:43:23.980,4.833,2000
2020-08-19 09:43:23.980,4.833,1000
2020-08-19 09:43:24.130,4.833,2000
2020-08-19 09:43:24.160,4.832,100
2020-08-19 09:43:24.160,4.832,8600
2020-08-19 09:43:24.460,4.833,30100
2020-08-19 09:43:24.530,4.833,1000
2020-08-19 09:43:24.530,4.833,700
2020-08-19 09:43:24.680,4.833,100
2020-08-19 09:43:25.260,4.833,400
2020-08-19 09:43:25.510,4.833,1000
2020-08-19 09:43:26.110,4.833,45000
2020-08-19 09:43:26.290,4.833,1000
2020-08-19 09:43:26.320,4.833,10000
2020-08-19 09:43:27.150,4.833,2000
2020-08-19 09:43:27.340,4.833,5000
2020-08-19 09:43:27.370,4.833,13000
2020-08-19 09:43:27.920,4.833,100
2020-08-19 09:43:28.020,4.833,200
2020-08-19 09:43:28.330,4.832,100
2020-08-19 09:43:28.330,4.832,1000
2020-08-19 09:43:28.330,4.832,28900
2020-08-19 09:43:28.590,4.833,10000
2020-08-19 09:43:28.930,4.833,300
2020-08-19 09:43:28.930,4.833,300
2020-08-19 09:43:28.930,4.834,9000
2020-08-19 09:43:29.200,4.832,3600
2020-08-19 09:43:29.860,4.833,2000
2020-08-19 09:43:30.730,4.833,11000
2020-08-19 09:43:30.730,4.834,8500
2020-08-19 09:43:30.730,4.834,9200
2020-08-19 09:43:30.820,4.832,100
2020-08-19 09:43:31.820,4.834,100
2020-08-19 09:43:32.270,4.833,900
2020-08-19 09:43:32.360,4.834,1000
2020-08-19 09:43:32.680,4.833,4000
2020-08-19 09:43:32.710,4.834,5500
2020-08-19 09:43:32.920,4.833,158600
2020-08-19 09:43:33.500,4.833,900
2020-08-19 09:43:34.480,4.833,73700
2020-08-19 09:43:35.990,4.835,10000
2020-08-19 09:43:37.550,4.834,5000
2020-08-19 09:43:37.960,4.835,1200
2020-08-19 09:43:38.070,4.834,300
2020-08-19 09:43:39.980,4.835,10000
2020-08-19 09:43:40.890,4.835,1000
2020-08-19 09:43:41.560,4.834,300
2020-08-19 09:43:42.090,4.834,2000
2020-08-19 09:43:42.670,4.834,2000
2020-08-19 09:43:43.280,4.835,1000
2020-08-19 09:43:43.610,4.835,500
2020-08-19 09:43:44.290,4.835,1400
2020-08-19 09:43:44.680,4.835,3100
2020-08-19 09:43:44.680,4.835,9300
2020-08-19 09:43:45.140,4.835,500
2020-08-19 09:43:46.480,4.836,100
2020-08-19 09:43:46.680,4.836,100
2020-08-19 09:43:47.390,4.835,200
2020-08-19 09:43:47.390,4.835,5300
2020-08-19 09:43:47.390,4.835,6500
2020-08-19 09:43:47.600,4.835,3500
2020-08-19 09:43:47.600,4.835,10000
2020-08-19 09:43:47.600,4.835,3500
2020-08-19 09:43:47.600,4.835,13000
2020-08-19 09:43:47.940,4.835,20000
2020-08-19 09:43:48.210,4.835,1000
2020-08-19 09:43:48.210,4.835,4000
2020-08-19 09:43:49.020,4.835,3500
2020-08-19 09:43:49.020,4.835,1500
2020-08-19 09:43:49.020,4.835,30000
2020-08-19 09:43:49.020,4.835,2000
2020-08-19 09:43:49.020,4.834,13000
2020-08-19 09:43:49.520,4.834,10000
2020-08-19 09:43:50.060,4.835,2000
2020-08-19 09:43:50.060,4.834,8000
2020-08-19 09:43:50.680,4.836,100
2020-08-19 09:43:50.680,4.835,1400
2020-08-19 09:43:51.960,4.837,1700
