Datetime,Price,Volume
2020-11-04 09:25:00.170,3.36,3900
2020-11-04 09:25:00.170,3.36,1300
2020-11-04 09:25:00.170,3.36,9700
2020-11-04 09:25:00.170,3.36,5000
2020-11-04 09:25:00.170,3.36,1300
2020-11-04 09:25:00.170,3.36,10000
2020-11-04 09:25:00.170,3.36,7900
2020-11-04 09:25:00.170,3.36,5800
2020-11-04 09:25:00.170,3.36,14200
2020-11-04 09:25:00.170,3.36,10000
2020-11-04 09:25:00.170,3.36,800
2020-11-04 09:25:00.170,3.36,25000
2020-11-04 09:25:00.170,3.36,4500
2020-11-04 09:25:00.170,3.36,62
2020-11-04 09:25:00.170,3.36,9638
2020-11-04 09:25:00.170,3.36,4262
2020-11-04 09:25:00.170,3.36,1600
2020-11-04 09:25:00.170,3.36,5200
2020-11-04 09:25:00.170,3.36,29438
2020-11-04 09:25:00.170,3.36,1062
2020-11-04 09:25:00.170,3.36,4738
2020-11-04 09:25:00.170,3.36,5800
2020-11-04 09:25:00.170,3.36,12700
2020-11-04 09:25:00.170,3.36,7262
2020-11-04 09:25:00.170,3.36,12738
2020-11-04 09:25:00.170,3.36,62600
2020-11-04 09:25:00.170,3.36,5000
2020-11-04 09:25:00.170,3.36,8062
2020-11-04 09:25:00.170,3.36,1000
2020-11-04 09:25:00.170,3.36,338
2020-11-04 09:25:00.170,3.36,9662
2020-11-04 09:25:00.170,3.36,10000
2020-11-04 09:25:00.170,3.36,3438
2020-11-04 09:25:00.170,3.36,9200
2020-11-04 09:25:00.170,3.36,7000
2020-11-04 09:25:00.170,3.36,30000
2020-11-04 09:25:00.170,3.36,10000
2020-11-04 09:25:00.170,3.36,10000
2020-11-04 09:25:00.170,3.36,20000
2020-11-04 09:25:00.170,3.36,362
2020-11-04 09:25:00.170,3.36,200
2020-11-04 09:25:00.170,3.36,69438
2020-11-04 09:25:00.170,3.36,60000
2020-11-04 09:25:00.170,3.36,46200
2020-11-04 09:25:00.170,3.36,3000
2020-11-04 09:25:00.170,3.36,1000
2020-11-04 09:25:00.170,3.36,5000
2020-11-04 09:25:00.170,3.36,42462
2020-11-04 09:25:00.170,3.36,500
2020-11-04 09:25:00.170,3.36,100
2020-11-04 09:25:00.170,3.36,14000
2020-11-04 09:25:00.170,3.36,1600
2020-11-04 09:25:00.170,3.36,1200
2020-11-04 09:25:00.170,3.36,100
2020-11-04 09:25:00.170,3.36,400
2020-11-04 09:25:00.170,3.36,39638
2020-11-04 09:25:00.170,3.36,1000
2020-11-04 09:25:00.170,3.36,70262
2020-11-04 09:25:00.170,3.36,29738
2020-11-04 09:25:00.170,3.36,10000
2020-11-04 09:25:00.170,3.36,1000
2020-11-04 09:25:00.170,3.36,1500
2020-11-04 09:25:00.170,3.36,10000
2020-11-04 09:25:00.170,3.36,7762
2020-11-04 09:25:00.170,3.36,5000
2020-11-04 09:25:00.170,3.36,30000
2020-11-04 09:25:00.170,3.36,7238
2020-11-04 09:25:00.170,3.36,600
2020-11-04 09:25:00.170,3.36,30400
2020-11-04 09:25:00.170,3.36,18900
2020-11-04 09:25:00.170,3.36,14862
2020-11-04 09:25:00.170,3.36,35138
2020-11-04 09:25:00.170,3.36,10000
2020-11-04 09:25:00.170,3.36,8400
2020-11-04 09:25:00.170,3.36,5000
2020-11-04 09:25:00.170,3.36,13362
2020-11-04 09:25:00.170,3.36,6000
2020-11-04 09:25:00.170,3.36,10338
2020-11-04 09:25:00.170,3.36,5900
2020-11-04 09:25:00.170,3.36,12000
2020-11-04 09:25:00.170,3.36,1762
2020-11-04 09:25:00.170,3.36,1238
2020-11-04 09:25:00.170,3.36,762
2020-11-04 09:25:00.170,3.36,9238
2020-11-04 09:25:00.170,3.36,10000
2020-11-04 09:25:00.170,3.36,762
2020-11-04 09:25:00.170,3.36,3000
2020-11-04 09:25:00.170,3.36,100
2020-11-04 09:25:00.170,3.36,1000
2020-11-04 09:25:00.170,3.36,1200
2020-11-04 09:25:00.170,3.36,400
2020-11-04 09:25:00.170,3.36,5000
2020-11-04 09:25:00.170,3.36,5000
2020-11-04 09:25:00.170,3.36,6000
2020-11-04 09:25:00.170,3.36,245338
2020-11-04 09:25:00.170,3.36,29700
2020-11-04 09:25:00.170,3.36,58000
2020-11-04 09:25:00.170,3.36,58000
2020-11-04 09:25:00.170,3.36,177962
2020-11-04 09:25:00.170,3.36,122038
2020-11-04 09:25:00.170,3.36,3762
2020-11-04 09:25:00.170,3.36,6238
2020-11-04 09:25:00.170,3.36,34562
2020-11-04 09:25:00.170,3.36,42400
2020-11-04 09:25:00.170,3.36,167800
2020-11-04 09:25:00.170,3.36,25400
2020-11-04 09:25:00.170,3.36,700
2020-11-04 09:25:00.170,3.36,293838
2020-11-04 09:25:00.170,3.36,300
2020-11-04 09:25:00.170,3.36,30000
2020-11-04 09:25:00.170,3.36,800
2020-11-04 09:25:00.170,3.36,100
2020-11-04 09:25:00.170,3.36,100
2020-11-04 09:25:00.170,3.36,1000
2020-11-04 09:25:00.170,3.36,4300
2020-11-04 09:25:00.170,3.36,400
2020-11-04 09:25:00.170,3.36,5000
2020-11-04 09:25:00.170,3.36,5000
2020-11-04 09:25:00.170,3.36,200
2020-11-04 09:25:00.170,3.36,500
2020-11-04 09:25:00.170,3.36,3000
2020-11-04 09:25:00.170,3.36,7500
2020-11-04 09:25:00.170,3.36,10000
2020-11-04 09:25:00.170,3.36,100000
2020-11-04 09:25:00.170,3.36,66100
2020-11-04 09:25:00.170,3.36,4100
2020-11-04 09:25:00.170,3.36,5000
2020-11-04 09:25:00.170,3.36,20000
2020-11-04 09:25:00.170,3.36,1000
2020-11-04 09:25:00.170,3.36,44200
2020-11-04 09:25:00.170,3.36,500
2020-11-04 09:25:00.170,3.36,23000
2020-11-04 09:25:00.170,3.36,900
2020-11-04 09:25:00.170,3.36,3500
2020-11-04 09:25:00.170,3.36,369662
2020-11-04 09:25:00.170,3.36,18000
2020-11-04 09:25:00.170,3.36,400
2020-11-04 09:25:00.170,3.36,100
2020-11-04 09:25:00.170,3.36,3000
2020-11-04 09:25:00.170,3.36,1000
2020-11-04 09:25:00.170,3.36,2000
2020-11-04 09:25:00.170,3.36,117000
2020-11-04 09:25:00.170,3.36,5000
2020-11-04 09:25:00.170,3.36,6600
2020-11-04 09:25:00.170,3.36,6000
2020-11-04 09:25:00.170,3.36,10000
2020-11-04 09:25:00.170,3.36,1000
2020-11-04 09:25:00.170,3.36,137000
2020-11-04 09:25:00.170,3.36,9300
2020-11-04 09:25:00.170,3.36,5600
2020-11-04 09:25:00.170,3.36,10000
2020-11-04 09:25:00.170,3.36,200
2020-11-04 09:25:00.170,3.36,1000
2020-11-04 09:25:00.170,3.36,800
2020-11-04 09:25:00.170,3.36,5000
2020-11-04 09:25:00.170,3.36,100
2020-11-04 09:25:00.170,3.36,5000
2020-11-04 09:25:00.170,3.36,400
2020-11-04 09:25:00.170,3.36,1500
2020-11-04 09:25:00.170,3.36,1000
2020-11-04 09:25:00.170,3.36,16300
2020-11-04 09:25:00.170,3.36,10000
2020-11-04 09:25:00.170,3.36,1000
2020-11-04 09:25:00.170,3.36,3100
2020-11-04 09:25:00.170,3.36,900
2020-11-04 09:25:00.170,3.36,300
2020-11-04 09:25:00.170,3.36,4900
2020-11-04 09:25:00.170,3.36,4900
2020-11-04 09:25:00.170,3.36,1500
2020-11-04 09:25:00.170,3.36,30000
2020-11-04 09:25:00.170,3.36,36000
2020-11-04 09:25:00.170,3.36,10000
2020-11-04 09:25:00.170,3.36,10000
2020-11-04 09:25:00.170,3.36,3000
2020-11-04 09:25:00.170,3.36,10000
2020-11-04 09:25:00.170,3.36,5000
2020-11-04 09:25:00.170,3.36,136438
2020-11-04 09:25:00.170,3.36,7000
2020-11-04 09:25:00.170,3.36,100
2020-11-04 09:25:00.170,3.36,20000
2020-11-04 09:25:00.170,3.36,36462
2020-11-04 09:25:00.170,3.36,2600
2020-11-04 09:25:00.170,3.36,20000
2020-11-04 09:25:00.170,3.36,1000
2020-11-04 09:25:00.170,3.36,2700
2020-11-04 09:25:00.170,3.36,20000
2020-11-04 09:25:00.170,3.36,22900
2020-11-04 09:25:00.170,3.36,300
2020-11-04 09:25:00.170,3.36,3700
2020-11-04 09:30:00.080,3.36,20000
2020-11-04 09:30:00.210,3.361,3100
2020-11-04 09:30:00.210,3.361,3100
2020-11-04 09:30:00.210,3.361,1500
2020-11-04 09:30:00.210,3.36,5000
2020-11-04 09:30:00.360,3.36,115900
2020-11-04 09:30:00.410,3.361,1600
2020-11-04 09:30:00.410,3.361,3200
2020-11-04 09:30:00.410,3.361,5200
2020-11-04 09:30:00.470,3.361,5000
2020-11-04 09:30:00.470,3.36,300000
2020-11-04 09:30:00.590,3.36,11400
2020-11-04 09:30:00.650,3.36,175000
2020-11-04 09:30:00.650,3.36,5400
2020-11-04 09:30:00.650,3.361,800
2020-11-04 09:30:00.650,3.361,4900
2020-11-04 09:30:00.650,3.361,4300
2020-11-04 09:30:00.690,3.36,30000
2020-11-04 09:30:00.690,3.361,5000
2020-11-04 09:30:00.690,3.361,5000
2020-11-04 09:30:00.730,3.361,3200
2020-11-04 09:30:00.730,3.361,5900
2020-11-04 09:30:00.780,3.361,45500
2020-11-04 09:30:00.780,3.361,78500
2020-11-04 09:30:00.780,3.361,50000
2020-11-04 09:30:00.830,3.361,700
2020-11-04 09:30:00.830,3.361,13000
2020-11-04 09:30:00.830,3.36,113600
2020-11-04 09:30:00.830,3.361,3000
2020-11-04 09:30:00.920,3.361,3000
2020-11-04 09:30:01.020,3.36,2500
2020-11-04 09:30:01.020,3.361,10000
2020-11-04 09:30:01.020,3.361,1000
2020-11-04 09:30:01.060,3.36,20000
2020-11-04 09:30:01.060,3.36,11600
2020-11-04 09:30:01.060,3.361,800
2020-11-04 09:30:01.060,3.361,62200
2020-11-04 09:30:01.060,3.36,40000
2020-11-04 09:30:01.120,3.361,20000
2020-11-04 09:30:01.120,3.36,3000
2020-11-04 09:30:01.210,3.361,15000
2020-11-04 09:30:01.210,3.361,5000
2020-11-04 09:30:01.210,3.36,1100
2020-11-04 09:30:01.210,3.36,400
2020-11-04 09:30:01.210,3.36,15000
2020-11-04 09:30:01.210,3.36,20438
2020-11-04 09:30:01.210,3.36,100
2020-11-04 09:30:01.210,3.36,700
2020-11-04 09:30:01.210,3.36,3000
2020-11-04 09:30:01.210,3.36,20000
2020-11-04 09:30:01.210,3.36,15000
2020-11-04 09:30:01.210,3.359,200
2020-11-04 09:30:01.210,3.359,7400
2020-11-04 09:30:01.210,3.359,5000
2020-11-04 09:30:01.210,3.359,900
2020-11-04 09:30:01.210,3.359,600
2020-11-04 09:30:01.210,3.359,3800
2020-11-04 09:30:01.210,3.359,2862
2020-11-04 09:30:01.210,3.361,3000
2020-11-04 09:30:01.280,3.361,34800
2020-11-04 09:30:01.280,3.361,15200
2020-11-04 09:30:01.400,3.359,497138
2020-11-04 09:30:01.400,3.358,50000
2020-11-04 09:30:01.400,3.358,243300
2020-11-04 09:30:01.400,3.358,209562
2020-11-04 09:30:01.400,3.358,9000
2020-11-04 09:30:01.520,3.36,1000
2020-11-04 09:30:01.520,3.36,900
2020-11-04 09:30:01.520,3.36,1000
2020-11-04 09:30:01.520,3.36,7600
2020-11-04 09:30:01.600,3.36,8900
2020-11-04 09:30:01.600,3.359,100
2020-11-04 09:30:01.600,3.36,900
2020-11-04 09:30:01.660,3.358,86000
2020-11-04 09:30:01.660,3.36,1000
2020-11-04 09:30:01.660,3.36,23200
2020-11-04 09:30:01.660,3.36,6500
2020-11-04 09:30:01.720,3.36,17200
2020-11-04 09:30:01.860,3.36,14500
2020-11-04 09:30:01.860,3.36,2000
2020-11-04 09:30:01.980,3.36,800
2020-11-04 09:30:01.980,3.36,2600
2020-11-04 09:30:01.980,3.36,2400
2020-11-04 09:30:01.980,3.36,2600
2020-11-04 09:30:01.980,3.36,2400
2020-11-04 09:30:01.980,3.36,2600
2020-11-04 09:30:01.980,3.36,1500
2020-11-04 09:30:01.980,3.36,5000
2020-11-04 09:30:02.100,3.359,100
2020-11-04 09:30:02.100,3.359,3000
2020-11-04 09:30:02.100,3.359,1500
2020-11-04 09:30:02.100,3.359,5000
2020-11-04 09:30:02.100,3.359,4100
2020-11-04 09:30:02.230,3.358,5000
2020-11-04 09:30:02.230,3.359,1200
2020-11-04 09:30:02.350,3.359,10000
2020-11-04 09:30:02.350,3.359,3000
2020-11-04 09:30:02.350,3.358,190438
2020-11-04 09:30:02.350,3.356,30000
2020-11-04 09:30:02.350,3.356,600
2020-11-04 09:30:02.350,3.356,100
2020-11-04 09:30:02.350,3.356,1800
2020-11-04 09:30:02.350,3.356,5000
2020-11-04 09:30:02.350,3.356,300
2020-11-04 09:30:02.350,3.356,59600
2020-11-04 09:30:02.350,3.356,1000
2020-11-04 09:30:02.350,3.356,50000
2020-11-04 09:30:02.350,3.356,3000
2020-11-04 09:30:02.350,3.355,100000
2020-11-04 09:30:02.350,3.355,2000
2020-11-04 09:30:02.350,3.355,1000
2020-11-04 09:30:02.350,3.355,800
2020-11-04 09:30:02.350,3.355,2000
2020-11-04 09:30:02.350,3.355,3700
2020-11-04 09:30:02.350,3.355,1000
2020-11-04 09:30:02.350,3.355,3200
2020-11-04 09:30:02.350,3.355,200
2020-11-04 09:30:02.350,3.355,5900
2020-11-04 09:30:02.350,3.355,1200
2020-11-04 09:30:02.350,3.355,12000
2020-11-04 09:30:02.350,3.355,1500
2020-11-04 09:30:02.350,3.355,500
2020-11-04 09:30:02.350,3.355,9000
2020-11-04 09:30:02.550,3.355,30000
2020-11-04 09:30:02.600,3.355,6000
2020-11-04 09:30:02.640,3.355,5000
2020-11-04 09:30:02.680,3.355,3162
2020-11-04 09:30:02.680,3.356,4438
2020-11-04 09:30:02.840,3.356,10000
2020-11-04 09:30:02.840,3.356,2100
2020-11-04 09:30:02.840,3.356,1800
2020-11-04 09:30:02.970,3.356,37200
2020-11-04 09:30:03.080,3.356,44462
2020-11-04 09:30:03.080,3.359,3400
2020-11-04 09:30:03.080,3.36,33838
2020-11-04 09:30:03.080,3.354,1600
2020-11-04 09:30:03.080,3.354,100
2020-11-04 09:30:03.080,3.354,100
2020-11-04 09:30:03.080,3.354,100
2020-11-04 09:30:03.080,3.354,1800
2020-11-04 09:30:03.080,3.354,100
2020-11-04 09:30:03.080,3.354,100
2020-11-04 09:30:03.080,3.354,20000
2020-11-04 09:30:03.080,3.354,3000
2020-11-04 09:30:03.080,3.354,800
2020-11-04 09:30:03.080,3.354,1000
2020-11-04 09:30:03.080,3.354,5000
2020-11-04 09:30:03.080,3.354,5000
2020-11-04 09:30:03.080,3.354,1200
2020-11-04 09:30:03.080,3.354,5000
2020-11-04 09:30:03.080,3.354,1200
2020-11-04 09:30:03.080,3.354,100
2020-11-04 09:30:03.220,3.354,500
2020-11-04 09:30:03.220,3.354,100
2020-11-04 09:30:03.340,3.354,3200
2020-11-04 09:30:03.340,3.357,5000
2020-11-04 09:30:03.340,3.357,47000
2020-11-04 09:30:03.340,3.357,50000
2020-11-04 09:30:03.340,3.356,1800
2020-11-04 09:30:03.500,3.355,118500
2020-11-04 09:30:03.540,3.355,1000
2020-11-04 09:30:03.540,3.355,2000
2020-11-04 09:30:03.610,3.355,10000
2020-11-04 09:30:03.720,3.355,3100
2020-11-04 09:30:03.810,3.355,6000
2020-11-04 09:30:03.810,3.355,24700
2020-11-04 09:30:04.030,3.355,5000
2020-11-04 09:30:04.030,3.355,8900
2020-11-04 09:30:04.140,3.355,10000
2020-11-04 09:30:04.170,3.355,3100
2020-11-04 09:30:04.230,3.355,1000
2020-11-04 09:30:04.370,3.355,69500
2020-11-04 09:30:04.420,3.355,30000
2020-11-04 09:30:04.420,3.355,3000
2020-11-04 09:30:04.490,3.355,2400
2020-11-04 09:30:04.490,3.357,3600
2020-11-04 09:30:04.490,3.357,5000
2020-11-04 09:30:04.490,3.357,6000
2020-11-04 09:30:04.740,3.357,92000
2020-11-04 09:30:04.810,3.357,2300
2020-11-04 09:30:04.910,3.357,1400
2020-11-04 09:30:05.040,3.357,300
2020-11-04 09:30:05.080,3.357,58000
2020-11-04 09:30:05.230,3.357,2700
2020-11-04 09:30:05.270,3.357,1100
2020-11-04 09:30:05.310,3.357,500
2020-11-04 09:30:05.510,3.357,17800
2020-11-04 09:30:05.540,3.357,7300
2020-11-04 09:30:05.540,3.357,2700
2020-11-04 09:30:05.680,3.357,9500
2020-11-04 09:30:05.900,3.357,200
2020-11-04 09:30:06.090,3.357,4000
2020-11-04 09:30:06.200,3.358,400
2020-11-04 09:30:06.230,3.356,30000
2020-11-04 09:30:06.230,3.356,40000
2020-11-04 09:30:06.230,3.356,230000
2020-11-04 09:30:06.470,3.356,140800
2020-11-04 09:30:06.730,3.356,140000
2020-11-04 09:30:06.730,3.358,1000
2020-11-04 09:30:06.770,3.358,200
2020-11-04 09:30:07.050,3.358,1000
2020-11-04 09:30:07.140,3.358,2500
2020-11-04 09:30:07.140,3.358,500
2020-11-04 09:30:07.420,3.358,400
2020-11-04 09:30:07.580,3.357,1500
2020-11-04 09:30:07.680,3.357,21000
2020-11-04 09:30:07.850,3.358,2000
2020-11-04 09:30:08.260,3.357,7500
2020-11-04 09:30:08.260,3.356,11700
2020-11-04 09:30:09.160,3.358,1000
2020-11-04 09:30:11.950,3.358,7000
2020-11-04 09:30:12.080,3.358,79100
2020-11-04 09:30:12.080,3.358,10000
2020-11-04 09:30:12.350,3.358,1200
2020-11-04 09:30:13.500,3.358,300000
2020-11-04 09:30:13.670,3.358,509700
2020-11-04 09:30:15.540,3.357,100
2020-11-04 09:30:18.470,3.358,1000
2020-11-04 09:30:19.280,3.358,20000
2020-11-04 09:30:19.930,3.358,35800
2020-11-04 09:30:20.610,3.358,5000
2020-11-04 09:30:21.230,3.357,2600
2020-11-04 09:30:23.290,3.357,20000
2020-11-04 09:30:25.470,3.357,5000
2020-11-04 09:30:26.860,3.357,21000
2020-11-04 09:30:27.390,3.357,100
2020-11-04 09:30:28.770,3.357,15000
2020-11-04 09:30:29.290,3.357,3600
2020-11-04 09:30:29.910,3.358,1300
2020-11-04 09:30:30.870,3.357,29900
2020-11-04 09:30:31.030,3.357,5200
2020-11-04 09:30:31.150,3.358,100
2020-11-04 09:30:32.120,3.358,236800
2020-11-04 09:30:32.120,3.358,300000
2020-11-04 09:30:32.120,3.358,20000
2020-11-04 09:30:32.120,3.358,58200
2020-11-04 09:30:32.560,3.358,6000
2020-11-04 09:30:34.060,3.358,3000
2020-11-04 09:30:35.240,3.358,3800
2020-11-04 09:30:35.920,3.359,300000
2020-11-04 09:30:35.920,3.359,158300
2020-11-04 09:30:35.920,3.359,300100
2020-11-04 09:30:35.920,3.359,90000
2020-11-04 09:30:35.920,3.359,51600
2020-11-04 09:30:36.170,3.358,60400
2020-11-04 09:30:36.530,3.359,6000
2020-11-04 09:30:36.530,3.359,42400
2020-11-04 09:30:36.530,3.359,20000
2020-11-04 09:30:36.720,3.359,4000
2020-11-04 09:30:36.810,3.359,10000
2020-11-04 09:30:37.300,3.359,1000
2020-11-04 09:30:38.190,3.359,1000
2020-11-04 09:30:39.230,3.359,10000
2020-11-04 09:30:39.380,3.359,4000
2020-11-04 09:30:39.380,3.359,3000
2020-11-04 09:30:40.370,3.359,25000
2020-11-04 09:30:41.520,3.359,14900
2020-11-04 09:30:41.610,3.359,15100
2020-11-04 09:30:41.610,3.359,10000
2020-11-04 09:30:41.610,3.358,185700
2020-11-04 09:30:41.610,3.358,5000
2020-11-04 09:30:42.640,3.358,5000
2020-11-04 09:30:42.800,3.358,1000
2020-11-04 09:30:42.890,3.358,14900
2020-11-04 09:30:43.490,3.358,200
2020-11-04 09:30:43.490,3.358,1000
2020-11-04 09:30:43.490,3.358,8100
2020-11-04 09:30:44.510,3.358,300
2020-11-04 09:30:45.150,3.359,5000
2020-11-04 09:30:45.150,3.359,9600
2020-11-04 09:30:45.240,3.358,9100
2020-11-04 09:30:46.000,3.359,1000
2020-11-04 09:30:46.000,3.36,29000
2020-11-04 09:30:46.050,3.36,1000
2020-11-04 09:30:46.720,3.359,400
2020-11-04 09:30:48.680,3.358,13000
2020-11-04 09:30:48.680,3.357,300
2020-11-04 09:30:48.680,3.357,1400
2020-11-04 09:30:49.910,3.358,25600
2020-11-04 09:30:50.400,3.358,4400
2020-11-04 09:30:50.400,3.358,10000
2020-11-04 09:30:50.720,3.358,104800
2020-11-04 09:30:50.720,3.359,4100
2020-11-04 09:30:50.720,3.359,2000
2020-11-04 09:30:50.720,3.359,1300
2020-11-04 09:30:50.720,3.359,20700
2020-11-04 09:30:50.720,3.359,86600
2020-11-04 09:30:50.720,3.359,200
2020-11-04 09:30:51.380,3.359,10000
2020-11-04 09:30:51.410,3.359,5000
2020-11-04 09:30:51.610,3.359,2000
2020-11-04 09:30:52.270,3.359,5000
2020-11-04 09:30:52.270,3.359,7200
2020-11-04 09:30:52.540,3.359,4600
2020-11-04 09:30:52.640,3.359,6000
2020-11-04 09:30:53.490,3.359,500
2020-11-04 09:30:54.410,3.358,10000
2020-11-04 09:30:54.410,3.358,10000
2020-11-04 09:30:54.650,3.359,16900
2020-11-04 09:30:55.720,3.358,500
2020-11-04 09:30:55.720,3.359,1000
2020-11-04 09:30:57.300,3.358,300
2020-11-04 09:30:58.030,3.358,3800
2020-11-04 09:30:58.680,3.358,20000
2020-11-04 09:30:59.730,3.358,600
2020-11-04 09:31:00.790,3.357,16200
2020-11-04 09:31:00.790,3.357,2100
2020-11-04 09:31:00.790,3.357,100
2020-11-04 09:31:00.790,3.357,5000
2020-11-04 09:31:00.790,3.357,1000
2020-11-04 09:31:01.710,3.356,2000
2020-11-04 09:31:01.770,3.357,10000
2020-11-04 09:31:02.330,3.356,3000
2020-11-04 09:31:03.870,3.356,30000
2020-11-04 09:31:04.530,3.356,100
2020-11-04 09:31:05.410,3.356,280000
2020-11-04 09:31:06.100,3.356,800
2020-11-04 09:31:07.390,3.355,2000
2020-11-04 09:31:07.390,3.355,9600
2020-11-04 09:31:07.930,3.355,400
2020-11-04 09:31:07.930,3.355,5000
2020-11-04 09:31:07.930,3.355,300
2020-11-04 09:31:07.930,3.355,300
2020-11-04 09:31:07.930,3.355,1000
2020-11-04 09:31:07.930,3.355,20000
2020-11-04 09:31:07.930,3.355,2900
2020-11-04 09:31:07.930,3.355,30000
2020-11-04 09:31:08.390,3.355,3000
2020-11-04 09:31:08.420,3.355,30000
2020-11-04 09:31:08.450,3.355,17000
2020-11-04 09:31:08.980,3.355,10000
2020-11-04 09:31:09.020,3.354,3000
2020-11-04 09:31:09.020,3.354,7200
2020-11-04 09:31:09.980,3.355,22800
2020-11-04 09:31:10.070,3.355,30000
2020-11-04 09:31:10.310,3.354,30000
2020-11-04 09:31:10.310,3.354,40000
2020-11-04 09:31:10.310,3.354,40000
2020-11-04 09:31:10.310,3.353,1500
2020-11-04 09:31:10.310,3.353,200
2020-11-04 09:31:10.310,3.353,4400
2020-11-04 09:31:10.310,3.353,1200
2020-11-04 09:31:11.110,3.355,24800
2020-11-04 09:31:11.480,3.355,7800
2020-11-04 09:31:11.570,3.355,30000
2020-11-04 09:31:12.780,3.354,30000
2020-11-04 09:31:12.780,3.354,40000
2020-11-04 09:31:12.780,3.354,30000
2020-11-04 09:31:14.080,3.354,30000
2020-11-04 09:31:14.210,3.353,1000
2020-11-04 09:31:14.970,3.354,20500
2020-11-04 09:31:16.610,3.355,40000
2020-11-04 09:31:16.800,3.355,20000
2020-11-04 09:31:16.860,3.355,4700
2020-11-04 09:31:16.860,3.355,3500
2020-11-04 09:31:16.860,3.355,12700
2020-11-04 09:31:16.860,3.355,1000
2020-11-04 09:31:16.860,3.355,50000
2020-11-04 09:31:16.860,3.355,10000
2020-11-04 09:31:16.860,3.358,5000
2020-11-04 09:31:16.860,3.358,74900
2020-11-04 09:31:16.860,3.358,10000
2020-11-04 09:31:16.860,3.358,10000
2020-11-04 09:31:16.860,3.358,10000
2020-11-04 09:31:16.860,3.358,10000
2020-11-04 09:31:16.860,3.358,13400
2020-11-04 09:31:16.860,3.358,400
2020-11-04 09:31:16.860,3.358,84400
2020-11-04 09:31:17.640,3.355,600
2020-11-04 09:31:18.330,3.355,30000
2020-11-04 09:31:19.790,3.356,2300
2020-11-04 09:31:22.820,3.357,1000
2020-11-04 09:31:23.000,3.357,27800
2020-11-04 09:31:23.000,3.357,40000
2020-11-04 09:31:24.040,3.357,2300
2020-11-04 09:31:24.250,3.357,1500
2020-11-04 09:31:24.540,3.357,1500
2020-11-04 09:31:24.810,3.358,300
2020-11-04 09:31:24.810,3.358,65200
2020-11-04 09:31:24.810,3.358,30000
2020-11-04 09:31:24.810,3.359,93000
2020-11-04 09:31:24.810,3.359,63900
2020-11-04 09:31:24.810,3.359,8000
2020-11-04 09:31:24.810,3.359,10000
2020-11-04 09:31:24.810,3.359,10000
2020-11-04 09:31:24.810,3.359,11700
2020-11-04 09:31:24.810,3.359,5000
2020-11-04 09:31:24.810,3.359,2900
2020-11-04 09:31:25.070,3.357,30000
2020-11-04 09:31:25.320,3.357,10000
2020-11-04 09:31:25.320,3.357,9500
2020-11-04 09:31:25.320,3.356,1400
2020-11-04 09:31:26.210,3.357,1000
2020-11-04 09:31:26.700,3.358,3000
2020-11-04 09:31:28.800,3.357,500
2020-11-04 09:31:29.870,3.357,1000
2020-11-04 09:31:30.110,3.357,5000
2020-11-04 09:31:30.500,3.357,500
2020-11-04 09:31:30.800,3.358,13100
2020-11-04 09:31:30.800,3.358,400
2020-11-04 09:31:32.120,3.358,202000
2020-11-04 09:31:32.480,3.358,7300
2020-11-04 09:31:34.820,3.358,77200
2020-11-04 09:31:34.820,3.358,6000
2020-11-04 09:31:36.580,3.357,6000
2020-11-04 09:31:36.700,3.357,200
2020-11-04 09:31:36.760,3.357,26800
2020-11-04 09:31:36.760,3.357,20000
2020-11-04 09:31:36.760,3.357,1900
2020-11-04 09:31:36.760,3.357,5000
2020-11-04 09:31:36.760,3.357,106300
2020-11-04 09:31:37.800,3.356,300
2020-11-04 09:31:38.170,3.357,1000
2020-11-04 09:31:39.660,3.356,24500
2020-11-04 09:31:40.280,3.358,5000
2020-11-04 09:31:40.980,3.358,10000
2020-11-04 09:31:42.260,3.357,12400
2020-11-04 09:31:42.260,3.357,30500
2020-11-04 09:31:42.260,3.356,11500
2020-11-04 09:31:42.260,3.356,30000
2020-11-04 09:31:42.260,3.356,100
2020-11-04 09:31:42.260,3.356,13600
2020-11-04 09:31:44.850,3.358,8000
2020-11-04 09:31:44.850,3.358,800
2020-11-04 09:31:44.850,3.358,79200
2020-11-04 09:31:44.850,3.358,3800
2020-11-04 09:31:45.040,3.358,21200
2020-11-04 09:31:45.040,3.358,28700
2020-11-04 09:31:45.580,3.358,10000
2020-11-04 09:31:46.300,3.358,1000
2020-11-04 09:31:47.020,3.359,5000
2020-11-04 09:31:47.020,3.359,10000
2020-11-04 09:31:47.020,3.359,3000
2020-11-04 09:31:47.020,3.359,2000
2020-11-04 09:31:47.020,3.359,280000
2020-11-04 09:31:49.480,3.358,1600
2020-11-04 09:31:51.330,3.359,31600
2020-11-04 09:31:51.330,3.359,200
2020-11-04 09:31:51.330,3.359,72500
2020-11-04 09:31:51.330,3.359,87000
2020-11-04 09:31:51.330,3.359,1200
2020-11-04 09:31:51.330,3.359,2800
2020-11-04 09:31:51.330,3.359,100000
2020-11-04 09:31:51.330,3.359,2200
2020-11-04 09:31:51.510,3.359,2000
2020-11-04 09:31:52.850,3.359,500
2020-11-04 09:31:52.850,3.359,100
2020-11-04 09:31:52.850,3.358,237500
2020-11-04 09:31:52.850,3.358,5000
2020-11-04 09:31:52.850,3.357,56900
2020-11-04 09:31:55.800,3.357,23400
2020-11-04 09:31:55.800,3.358,3000
2020-11-04 09:31:55.800,3.358,200
2020-11-04 09:31:55.800,3.358,200
2020-11-04 09:31:55.800,3.359,11400
2020-11-04 09:31:57.450,3.358,3000
2020-11-04 09:31:58.530,3.357,2900
2020-11-04 09:31:58.800,3.357,116800
2020-11-04 09:31:58.800,3.357,3000
2020-11-04 09:31:58.800,3.357,1000
2020-11-04 09:31:58.800,3.357,700
2020-11-04 09:31:58.800,3.357,55400
2020-11-04 09:32:00.720,3.356,400
2020-11-04 09:32:00.720,3.356,18600
2020-11-04 09:32:00.720,3.356,1000
2020-11-04 09:32:04.450,3.356,20000
2020-11-04 09:32:04.630,3.355,100
2020-11-04 09:32:06.500,3.356,30000
2020-11-04 09:32:07.040,3.355,900
2020-11-04 09:32:07.040,3.355,600
2020-11-04 09:32:07.040,3.355,5000
2020-11-04 09:32:07.040,3.355,400
2020-11-04 09:32:07.510,3.355,1600
2020-11-04 09:32:08.080,3.355,1500
2020-11-04 09:32:08.560,3.356,100
2020-11-04 09:32:08.640,3.356,100
2020-11-04 09:32:08.640,3.356,100
2020-11-04 09:32:08.640,3.356,100
2020-11-04 09:32:08.640,3.356,100
2020-11-04 09:32:08.640,3.356,100
2020-11-04 09:32:08.670,3.356,100
2020-11-04 09:32:08.670,3.356,100
2020-11-04 09:32:08.670,3.356,100
2020-11-04 09:32:08.670,3.356,100
2020-11-04 09:32:08.670,3.356,100
2020-11-04 09:32:08.670,3.356,100
2020-11-04 09:32:08.670,3.356,100
2020-11-04 09:32:08.670,3.356,100
2020-11-04 09:32:08.670,3.356,100
2020-11-04 09:32:08.670,3.356,100
2020-11-04 09:32:08.670,3.356,100
2020-11-04 09:32:08.670,3.356,100
2020-11-04 09:32:08.670,3.356,100
2020-11-04 09:32:08.670,3.356,100
2020-11-04 09:32:08.670,3.356,100
2020-11-04 09:32:08.730,3.356,100
2020-11-04 09:32:08.730,3.356,100
2020-11-04 09:32:08.730,3.356,100
2020-11-04 09:32:08.730,3.356,100
2020-11-04 09:32:08.730,3.356,100
2020-11-04 09:32:08.730,3.356,100
2020-11-04 09:32:08.730,3.356,100
2020-11-04 09:32:08.790,3.356,100
2020-11-04 09:32:08.790,3.356,100
2020-11-04 09:32:08.790,3.356,100
2020-11-04 09:32:08.790,3.356,100
2020-11-04 09:32:08.790,3.356,100
2020-11-04 09:32:08.790,3.356,100
2020-11-04 09:32:08.820,3.356,100
2020-11-04 09:32:08.820,3.356,100
2020-11-04 09:32:08.820,3.356,100
2020-11-04 09:32:08.820,3.356,100
2020-11-04 09:32:08.820,3.356,100
2020-11-04 09:32:08.820,3.356,100
2020-11-04 09:32:08.820,3.356,100
2020-11-04 09:32:08.820,3.356,100
2020-11-04 09:32:08.820,3.356,100
2020-11-04 09:32:08.820,3.356,100
2020-11-04 09:32:08.920,3.357,100
2020-11-04 09:32:08.920,3.357,100
2020-11-04 09:32:08.920,3.357,100
2020-11-04 09:32:08.920,3.357,100
2020-11-04 09:32:08.920,3.357,100
2020-11-04 09:32:08.920,3.357,100
2020-11-04 09:32:08.920,3.357,100
2020-11-04 09:32:08.920,3.357,100
2020-11-04 09:32:08.980,3.355,1500
2020-11-04 09:32:08.980,3.355,100
2020-11-04 09:32:08.980,3.355,100
2020-11-04 09:32:08.980,3.355,100
2020-11-04 09:32:08.980,3.355,100
2020-11-04 09:32:08.980,3.355,100
2020-11-04 09:32:08.980,3.355,100
2020-11-04 09:32:08.980,3.355,100
2020-11-04 09:32:09.040,3.355,100
2020-11-04 09:32:09.040,3.355,100
2020-11-04 09:32:09.040,3.355,100
2020-11-04 09:32:09.040,3.355,100
2020-11-04 09:32:09.040,3.355,100
2020-11-04 09:32:09.040,3.355,100
2020-11-04 09:32:09.070,3.355,100
2020-11-04 09:32:09.070,3.355,100
2020-11-04 09:32:09.070,3.355,100
2020-11-04 09:32:09.070,3.355,100
2020-11-04 09:32:09.070,3.355,100
2020-11-04 09:32:09.070,3.355,100
2020-11-04 09:32:09.140,3.355,100
2020-11-04 09:32:09.140,3.355,100
2020-11-04 09:32:09.140,3.355,100
2020-11-04 09:32:09.140,3.355,100
2020-11-04 09:32:09.140,3.355,100
2020-11-04 09:32:09.140,3.355,100
2020-11-04 09:32:09.140,3.355,100
2020-11-04 09:32:09.170,3.355,75900
2020-11-04 09:32:09.170,3.357,100
2020-11-04 09:32:09.170,3.357,100
2020-11-04 09:32:09.170,3.357,100
2020-11-04 09:32:09.170,3.357,100
2020-11-04 09:32:09.170,3.357,100
2020-11-04 09:32:09.230,3.357,100
2020-11-04 09:32:09.230,3.357,100
2020-11-04 09:32:09.230,3.357,100
2020-11-04 09:32:09.230,3.357,100
2020-11-04 09:32:09.230,3.357,100
2020-11-04 09:32:09.230,3.357,100
2020-11-04 09:32:09.230,3.357,100
2020-11-04 09:32:09.260,3.357,3500
2020-11-04 09:32:09.290,3.357,100
2020-11-04 09:32:09.290,3.357,100
2020-11-04 09:32:09.320,3.355,2000
2020-11-04 09:32:09.320,3.357,100
2020-11-04 09:32:09.320,3.357,100
2020-11-04 09:32:09.320,3.357,100
2020-11-04 09:32:09.320,3.357,100
2020-11-04 09:32:09.320,3.357,100
2020-11-04 09:32:09.380,3.357,100
2020-11-04 09:32:09.380,3.357,100
2020-11-04 09:32:09.420,3.355,40000
2020-11-04 09:32:09.600,3.357,100
2020-11-04 09:32:09.600,3.357,100
2020-11-04 09:32:09.620,3.357,100
2020-11-04 09:32:09.620,3.357,100
2020-11-04 09:32:09.620,3.357,100
2020-11-04 09:32:09.620,3.357,100
2020-11-04 09:32:10.600,3.355,6300
2020-11-04 09:32:11.620,3.356,88600
2020-11-04 09:32:12.750,3.357,6000
2020-11-04 09:32:13.290,3.356,100
2020-11-04 09:32:13.620,3.356,50000
2020-11-04 09:32:14.190,3.357,87200
2020-11-04 09:32:14.190,3.357,212800
2020-11-04 09:32:16.340,3.356,10000
2020-11-04 09:32:17.300,3.358,1900
2020-11-04 09:32:20.130,3.357,500
2020-11-04 09:32:20.410,3.357,11800
2020-11-04 09:32:21.230,3.356,30600
2020-11-04 09:32:21.230,3.356,1300
2020-11-04 09:32:21.620,3.356,2500
2020-11-04 09:32:25.030,3.357,100
2020-11-04 09:32:25.090,3.357,100
2020-11-04 09:32:25.090,3.358,100
2020-11-04 09:32:25.090,3.358,100
2020-11-04 09:32:25.090,3.358,100
2020-11-04 09:32:25.090,3.358,100
2020-11-04 09:32:25.090,3.358,100
2020-11-04 09:32:25.090,3.358,100
2020-11-04 09:32:25.090,3.358,100
2020-11-04 09:32:25.090,3.358,100
2020-11-04 09:32:25.090,3.358,100
2020-11-04 09:32:25.090,3.358,100
2020-11-04 09:32:25.090,3.358,100
2020-11-04 09:32:25.090,3.358,100
2020-11-04 09:32:25.090,3.358,100
2020-11-04 09:32:25.180,3.358,100
2020-11-04 09:32:25.180,3.358,100
2020-11-04 09:32:25.180,3.358,100
2020-11-04 09:32:25.210,3.358,100
2020-11-04 09:32:25.210,3.358,100
2020-11-04 09:32:25.210,3.358,100
2020-11-04 09:32:25.270,3.358,100
2020-11-04 09:32:25.270,3.358,100
2020-11-04 09:32:25.270,3.358,100
2020-11-04 09:32:25.270,3.358,100
2020-11-04 09:32:25.300,3.358,100
2020-11-04 09:32:25.360,3.358,100
2020-11-04 09:32:25.360,3.358,100
2020-11-04 09:32:25.360,3.358,100
2020-11-04 09:32:25.360,3.358,100
2020-11-04 09:32:25.360,3.358,100
2020-11-04 09:32:25.360,3.358,100
2020-11-04 09:32:25.360,3.358,100
2020-11-04 09:32:25.360,3.358,100
2020-11-04 09:32:25.420,3.358,100
2020-11-04 09:32:25.420,3.358,100
2020-11-04 09:32:25.420,3.358,100
2020-11-04 09:32:25.420,3.358,100
2020-11-04 09:32:25.420,3.358,100
2020-11-04 09:32:25.420,3.358,100
2020-11-04 09:32:25.450,3.356,42000
2020-11-04 09:32:25.450,3.358,100
2020-11-04 09:32:25.450,3.358,100
2020-11-04 09:32:25.450,3.358,100
2020-11-04 09:32:25.450,3.358,100
2020-11-04 09:32:25.450,3.358,100
2020-11-04 09:32:25.450,3.358,100
2020-11-04 09:32:25.490,3.358,100
2020-11-04 09:32:25.490,3.358,100
2020-11-04 09:32:25.550,3.358,100
2020-11-04 09:32:25.550,3.358,100
2020-11-04 09:32:25.640,3.358,100
2020-11-04 09:32:25.640,3.358,100
2020-11-04 09:32:25.640,3.358,100
2020-11-04 09:32:25.640,3.358,100
2020-11-04 09:32:25.640,3.358,100
2020-11-04 09:32:25.640,3.358,100
2020-11-04 09:32:25.640,3.358,100
2020-11-04 09:32:25.640,3.358,100
2020-11-04 09:32:25.640,3.358,100
2020-11-04 09:32:25.640,3.358,100
2020-11-04 09:32:25.640,3.358,100
2020-11-04 09:32:25.640,3.358,100
2020-11-04 09:32:25.640,3.358,1000
2020-11-04 09:32:25.640,3.358,100
2020-11-04 09:32:25.640,3.358,100
2020-11-04 09:32:25.640,3.358,100
2020-11-04 09:32:25.640,3.358,100
2020-11-04 09:32:25.700,3.358,100
2020-11-04 09:32:25.700,3.358,100
2020-11-04 09:32:25.700,3.358,100
2020-11-04 09:32:25.700,3.358,100
2020-11-04 09:32:25.700,3.358,100
2020-11-04 09:32:25.700,3.358,100
2020-11-04 09:32:25.700,3.358,100
2020-11-04 09:32:25.700,3.358,100
2020-11-04 09:32:25.700,3.358,100
2020-11-04 09:32:25.700,3.358,100
2020-11-04 09:32:25.700,3.358,100
2020-11-04 09:32:25.700,3.358,100
2020-11-04 09:32:25.700,3.358,100
2020-11-04 09:32:25.700,3.358,100
2020-11-04 09:32:25.700,3.358,100
2020-11-04 09:32:25.760,3.358,100
2020-11-04 09:32:25.760,3.358,100
2020-11-04 09:32:25.790,3.358,100
2020-11-04 09:32:25.790,3.358,100
2020-11-04 09:32:25.790,3.358,100
2020-11-04 09:32:25.790,3.358,100
2020-11-04 09:32:25.790,3.358,100
2020-11-04 09:32:25.790,3.358,100
2020-11-04 09:32:25.790,3.358,100
2020-11-04 09:32:25.790,3.358,100
2020-11-04 09:32:25.790,3.358,100
2020-11-04 09:32:25.790,3.358,100
2020-11-04 09:32:25.850,3.358,3000
2020-11-04 09:32:25.850,3.358,100
2020-11-04 09:32:25.850,3.358,100
2020-11-04 09:32:25.850,3.358,100
2020-11-04 09:32:25.850,3.358,100
2020-11-04 09:32:25.850,3.358,100
2020-11-04 09:32:25.850,3.358,100
2020-11-04 09:32:25.910,3.358,100
2020-11-04 09:32:26.000,3.358,100
2020-11-04 09:32:26.000,3.358,100
2020-11-04 09:32:26.000,3.358,100
2020-11-04 09:32:26.000,3.358,100
2020-11-04 09:32:26.000,3.358,100
2020-11-04 09:32:26.090,3.358,100
2020-11-04 09:32:26.090,3.358,100
2020-11-04 09:32:26.090,3.358,100
2020-11-04 09:32:26.090,3.358,100
2020-11-04 09:32:26.090,3.358,100
2020-11-04 09:32:26.090,3.358,100
2020-11-04 09:32:26.120,3.358,100
2020-11-04 09:32:26.120,3.358,100
2020-11-04 09:32:26.120,3.358,100
2020-11-04 09:32:26.120,3.358,100
2020-11-04 09:32:26.120,3.358,100
2020-11-04 09:32:26.120,3.358,100
2020-11-04 09:32:26.150,3.358,100
2020-11-04 09:32:26.150,3.358,100
2020-11-04 09:32:26.150,3.358,100
2020-11-04 09:32:26.240,3.358,100
2020-11-04 09:32:26.240,3.358,100
2020-11-04 09:32:26.240,3.358,100
2020-11-04 09:32:26.270,3.358,100
2020-11-04 09:32:26.270,3.358,100
2020-11-04 09:32:26.270,3.356,1000
2020-11-04 09:32:26.300,3.358,100
2020-11-04 09:32:26.300,3.358,100
2020-11-04 09:32:26.300,3.358,100
2020-11-04 09:32:26.300,3.358,100
2020-11-04 09:32:26.300,3.358,100
2020-11-04 09:32:26.360,3.358,100
2020-11-04 09:32:26.360,3.358,100
2020-11-04 09:32:26.360,3.358,100
2020-11-04 09:32:26.360,3.358,100
2020-11-04 09:32:26.360,3.358,100
2020-11-04 09:32:26.360,3.358,100
2020-11-04 09:32:26.360,3.358,100
2020-11-04 09:32:26.360,3.358,100
2020-11-04 09:32:26.420,3.358,100
2020-11-04 09:32:26.420,3.358,100
2020-11-04 09:32:26.420,3.358,100
2020-11-04 09:32:26.420,3.358,100
2020-11-04 09:32:26.420,3.358,100
2020-11-04 09:32:26.420,3.358,100
2020-11-04 09:32:26.420,3.358,100
2020-11-04 09:32:26.420,3.358,100
2020-11-04 09:32:26.460,3.358,100
2020-11-04 09:32:26.460,3.358,100
2020-11-04 09:32:26.460,3.358,100
2020-11-04 09:32:26.460,3.358,100
2020-11-04 09:32:26.550,3.358,100
2020-11-04 09:32:26.550,3.358,100
2020-11-04 09:32:26.550,3.358,100
2020-11-04 09:32:26.620,3.358,100
2020-11-04 09:32:26.620,3.358,100
2020-11-04 09:32:26.620,3.358,100
2020-11-04 09:32:26.620,3.358,100
2020-11-04 09:32:26.620,3.358,100
2020-11-04 09:32:26.620,3.358,100
2020-11-04 09:32:26.620,3.358,100
2020-11-04 09:32:26.620,3.358,100
2020-11-04 09:32:26.620,3.358,13900
2020-11-04 09:32:26.620,3.358,1000
2020-11-04 09:32:26.650,3.358,100
2020-11-04 09:32:26.650,3.358,100
2020-11-04 09:32:26.650,3.358,100
2020-11-04 09:32:26.650,3.358,100
2020-11-04 09:32:26.650,3.358,100
2020-11-04 09:32:26.650,3.358,100
2020-11-04 09:32:26.720,3.358,100
2020-11-04 09:32:26.720,3.358,100
2020-11-04 09:32:26.720,3.358,100
2020-11-04 09:32:26.720,3.358,100
2020-11-04 09:32:26.720,3.358,100
2020-11-04 09:32:26.720,3.358,100
2020-11-04 09:32:26.720,3.358,100
2020-11-04 09:32:26.720,3.358,100
2020-11-04 09:32:26.720,3.358,100
2020-11-04 09:32:26.720,3.358,100
2020-11-04 09:32:26.800,3.358,100
2020-11-04 09:32:26.800,3.358,100
2020-11-04 09:32:26.800,3.358,100
2020-11-04 09:32:26.800,3.358,100
2020-11-04 09:32:26.800,3.358,100
2020-11-04 09:32:26.800,3.358,100
2020-11-04 09:32:26.800,3.358,100
2020-11-04 09:32:26.800,3.358,100
2020-11-04 09:32:26.860,3.358,6600
2020-11-04 09:32:26.860,3.358,5000
2020-11-04 09:32:26.860,3.358,10000
2020-11-04 09:32:26.860,3.359,100
2020-11-04 09:32:26.860,3.359,100
2020-11-04 09:32:26.860,3.359,100
2020-11-04 09:32:26.860,3.359,100
2020-11-04 09:32:26.860,3.359,100
2020-11-04 09:32:26.860,3.359,100
2020-11-04 09:32:26.860,3.359,100
2020-11-04 09:32:26.860,3.359,100
2020-11-04 09:32:26.860,3.359,100
2020-11-04 09:32:26.890,3.358,94900
2020-11-04 09:32:26.920,3.358,100
2020-11-04 09:32:26.920,3.358,100
2020-11-04 09:32:26.920,3.358,100
2020-11-04 09:32:26.920,3.358,100
2020-11-04 09:32:26.920,3.358,100
2020-11-04 09:32:27.070,3.358,100
2020-11-04 09:32:31.580,3.357,500
2020-11-04 09:32:31.890,3.357,500
2020-11-04 09:32:32.530,3.358,100
2020-11-04 09:32:33.160,3.358,10000
2020-11-04 09:32:33.160,3.358,3000
2020-11-04 09:32:33.400,3.358,2300
2020-11-04 09:32:33.460,3.358,5000
2020-11-04 09:32:34.350,3.359,5000
2020-11-04 09:32:35.280,3.359,11700
2020-11-04 09:32:35.280,3.359,29000
2020-11-04 09:32:35.280,3.359,5700
2020-11-04 09:32:35.280,3.359,400
2020-11-04 09:32:35.280,3.359,3800
2020-11-04 09:32:35.280,3.359,40000
2020-11-04 09:32:35.280,3.359,27500
2020-11-04 09:32:35.280,3.359,500
2020-11-04 09:32:35.280,3.359,20000
2020-11-04 09:32:35.280,3.359,161400
2020-11-04 09:32:35.520,3.358,9700
2020-11-04 09:32:36.290,3.357,100
2020-11-04 09:32:37.120,3.357,4400
2020-11-04 09:32:37.120,3.357,300
2020-11-04 09:32:38.060,3.357,1300
2020-11-04 09:32:39.920,3.358,4500
2020-11-04 09:32:41.140,3.358,12900
2020-11-04 09:32:41.140,3.358,3900
2020-11-04 09:32:41.140,3.358,283200
2020-11-04 09:32:41.490,3.358,300000
2020-11-04 09:32:42.320,3.358,59600
2020-11-04 09:32:42.430,3.358,300000
2020-11-04 09:32:42.460,3.357,18600
2020-11-04 09:32:42.680,3.358,57200
2020-11-04 09:32:42.680,3.358,20000
2020-11-04 09:32:42.680,3.358,5000
2020-11-04 09:32:42.680,3.358,100
2020-11-04 09:32:43.840,3.359,100
2020-11-04 09:32:43.840,3.36,49900
2020-11-04 09:32:44.580,3.358,22100
2020-11-04 09:32:46.080,3.359,100
2020-11-04 09:32:46.080,3.359,9900
2020-11-04 09:32:47.120,3.359,1800
2020-11-04 09:32:49.140,3.36,900
2020-11-04 09:32:50.150,3.36,100
2020-11-04 09:32:50.150,3.36,100
2020-11-04 09:32:50.150,3.36,100
2020-11-04 09:32:50.150,3.36,100
2020-11-04 09:32:50.150,3.36,100
2020-11-04 09:32:50.210,3.36,100
2020-11-04 09:32:50.210,3.36,100
2020-11-04 09:32:50.210,3.36,100
2020-11-04 09:32:50.240,3.36,100
2020-11-04 09:32:50.240,3.36,100
2020-11-04 09:32:50.240,3.36,100
2020-11-04 09:32:50.240,3.36,100
2020-11-04 09:32:50.240,3.36,100
2020-11-04 09:32:50.300,3.36,100
2020-11-04 09:32:50.300,3.36,100
2020-11-04 09:32:50.300,3.36,100
2020-11-04 09:32:50.330,3.36,100
2020-11-04 09:32:50.330,3.36,100
2020-11-04 09:32:50.390,3.36,100
2020-11-04 09:32:50.390,3.36,100
2020-11-04 09:32:50.390,3.36,100
2020-11-04 09:32:50.390,3.36,100
2020-11-04 09:32:50.390,3.36,100
2020-11-04 09:32:50.390,3.36,100
2020-11-04 09:32:50.390,3.36,100
2020-11-04 09:32:50.390,3.36,100
2020-11-04 09:32:50.390,3.36,100
2020-11-04 09:32:50.390,3.36,100
2020-11-04 09:32:50.430,3.36,100
2020-11-04 09:32:50.430,3.36,100
2020-11-04 09:32:50.430,3.36,100
2020-11-04 09:32:50.430,3.36,100
2020-11-04 09:32:50.500,3.36,100
2020-11-04 09:32:50.500,3.36,100
2020-11-04 09:32:50.500,3.36,100
2020-11-04 09:32:50.500,3.36,100
2020-11-04 09:32:50.500,3.36,100
2020-11-04 09:32:50.500,3.36,100
2020-11-04 09:32:50.500,3.36,100
2020-11-04 09:32:50.530,3.36,100
2020-11-04 09:32:50.530,3.36,100
2020-11-04 09:32:50.530,3.36,100
2020-11-04 09:32:50.530,3.36,100
2020-11-04 09:32:50.530,3.36,100
2020-11-04 09:32:50.580,3.36,100
2020-11-04 09:32:50.580,3.36,100
2020-11-04 09:32:50.580,3.36,100
2020-11-04 09:32:50.580,3.36,100
2020-11-04 09:32:50.620,3.36,100
2020-11-04 09:32:50.620,3.36,100
2020-11-04 09:32:50.620,3.36,100
2020-11-04 09:32:50.620,3.36,100
2020-11-04 09:32:50.620,3.36,100
2020-11-04 09:32:50.620,3.36,100
2020-11-04 09:32:50.620,3.36,100
2020-11-04 09:32:50.690,3.36,100
2020-11-04 09:32:50.690,3.36,100
2020-11-04 09:32:50.690,3.36,100
2020-11-04 09:32:50.690,3.36,100
2020-11-04 09:32:50.690,3.36,100
2020-11-04 09:32:50.690,3.36,100
2020-11-04 09:32:50.690,3.36,100
2020-11-04 09:32:50.750,3.36,100
2020-11-04 09:32:50.750,3.36,100
2020-11-04 09:32:50.750,3.36,100
2020-11-04 09:32:50.750,3.36,100
2020-11-04 09:32:50.750,3.36,100
2020-11-04 09:32:50.750,3.36,100
2020-11-04 09:32:50.790,3.36,100
2020-11-04 09:32:50.790,3.36,100
2020-11-04 09:32:50.790,3.36,100
2020-11-04 09:32:50.790,3.36,100
2020-11-04 09:32:50.790,3.36,100
2020-11-04 09:32:50.840,3.36,100
2020-11-04 09:32:50.840,3.36,100
2020-11-04 09:32:50.840,3.36,100
2020-11-04 09:32:50.840,3.36,100
2020-11-04 09:32:50.840,3.36,100
2020-11-04 09:32:50.840,3.36,100
2020-11-04 09:32:50.880,3.36,100
2020-11-04 09:32:50.880,3.36,100
2020-11-04 09:32:50.880,3.36,100
2020-11-04 09:32:50.880,3.36,100
2020-11-04 09:32:50.880,3.36,100
2020-11-04 09:32:50.880,3.36,100
2020-11-04 09:32:50.880,3.36,100
2020-11-04 09:32:50.880,3.36,100
2020-11-04 09:32:50.940,3.36,100
2020-11-04 09:32:50.940,3.36,100
2020-11-04 09:32:50.940,3.36,100
2020-11-04 09:32:50.940,3.36,100
2020-11-04 09:32:50.940,3.36,100
2020-11-04 09:32:50.970,3.36,100
2020-11-04 09:32:50.970,3.36,100
2020-11-04 09:32:50.970,3.36,100
2020-11-04 09:32:50.970,3.36,100
2020-11-04 09:32:51.030,3.36,100
2020-11-04 09:32:51.030,3.36,100
2020-11-04 09:32:51.030,3.36,100
2020-11-04 09:32:51.030,3.36,100
2020-11-04 09:32:51.120,3.36,100
2020-11-04 09:32:51.120,3.36,100
2020-11-04 09:32:51.120,3.36,100
2020-11-04 09:32:51.180,3.36,100
2020-11-04 09:32:51.180,3.36,100
2020-11-04 09:32:51.180,3.36,100
2020-11-04 09:32:51.180,3.36,100
2020-11-04 09:32:51.180,3.36,100
2020-11-04 09:32:51.180,3.36,100
2020-11-04 09:32:51.180,3.36,100
2020-11-04 09:32:51.180,3.36,100
2020-11-04 09:32:51.180,3.36,100
2020-11-04 09:32:51.180,3.36,100
2020-11-04 09:32:51.180,3.36,100
2020-11-04 09:32:51.250,3.36,100
2020-11-04 09:32:51.250,3.36,100
2020-11-04 09:32:51.340,3.36,100
2020-11-04 09:32:51.340,3.36,100
2020-11-04 09:32:51.340,3.36,100
2020-11-04 09:32:51.340,3.36,100
2020-11-04 09:32:51.340,3.36,100
2020-11-04 09:32:51.340,3.36,100
2020-11-04 09:32:51.670,3.36,100
2020-11-04 09:32:51.670,3.36,100
2020-11-04 09:32:51.670,3.36,100
2020-11-04 09:32:51.670,3.36,100
2020-11-04 09:32:51.670,3.36,100
2020-11-04 09:32:51.670,3.36,100
2020-11-04 09:32:51.670,3.36,100
2020-11-04 09:32:51.670,3.36,100
2020-11-04 09:32:51.670,3.36,100
2020-11-04 09:32:51.730,3.36,100
2020-11-04 09:32:51.790,3.36,100
2020-11-04 09:32:51.790,3.36,100
2020-11-04 09:32:51.790,3.36,100
2020-11-04 09:32:51.790,3.36,100
2020-11-04 09:32:51.790,3.36,100
2020-11-04 09:32:51.790,3.36,100
2020-11-04 09:32:51.790,3.36,100
2020-11-04 09:32:51.790,3.36,100
2020-11-04 09:32:51.790,3.36,100
2020-11-04 09:32:51.820,3.36,100
2020-11-04 09:32:51.880,3.36,100
2020-11-04 09:32:51.880,3.36,100
2020-11-04 09:32:51.880,3.36,100
2020-11-04 09:32:51.880,3.36,100
2020-11-04 09:32:51.880,3.36,100
2020-11-04 09:32:51.880,3.36,100
2020-11-04 09:32:51.880,3.36,100
2020-11-04 09:32:51.880,3.36,100
2020-11-04 09:32:51.880,3.36,100
2020-11-04 09:32:51.940,3.36,100
2020-11-04 09:32:51.940,3.36,100
2020-11-04 09:32:51.940,3.36,100
2020-11-04 09:32:51.940,3.36,100
2020-11-04 09:32:51.940,3.36,100
2020-11-04 09:32:51.940,3.36,100
2020-11-04 09:32:51.940,3.36,100
2020-11-04 09:32:51.940,3.36,100
2020-11-04 09:32:51.940,3.36,100
2020-11-04 09:32:51.940,3.36,100
2020-11-04 09:32:51.940,3.36,25000
2020-11-04 09:32:52.000,3.36,100
2020-11-04 09:32:52.060,3.36,100
2020-11-04 09:32:52.060,3.36,100
2020-11-04 09:32:52.060,3.36,100
2020-11-04 09:32:52.060,3.36,100
2020-11-04 09:32:52.060,3.36,100
2020-11-04 09:32:52.060,3.36,100
2020-11-04 09:32:52.060,3.36,100
2020-11-04 09:32:52.060,3.36,100
2020-11-04 09:32:52.060,3.36,100
2020-11-04 09:32:52.200,3.359,800
2020-11-04 09:32:52.230,3.36,100
2020-11-04 09:32:52.260,3.36,100
2020-11-04 09:32:52.260,3.36,100
2020-11-04 09:32:52.260,3.36,100
2020-11-04 09:32:52.260,3.36,100
2020-11-04 09:32:52.260,3.36,100
2020-11-04 09:32:52.260,3.36,100
2020-11-04 09:32:52.260,3.36,100
2020-11-04 09:32:52.260,3.36,100
2020-11-04 09:32:52.380,3.36,100
2020-11-04 09:32:52.380,3.36,100
2020-11-04 09:32:52.380,3.36,100
2020-11-04 09:32:52.380,3.36,100
2020-11-04 09:32:52.380,3.36,100
2020-11-04 09:32:52.380,3.36,100
2020-11-04 09:32:52.380,3.36,100
2020-11-04 09:32:52.380,3.36,100
2020-11-04 09:32:52.380,3.36,100
2020-11-04 09:32:52.440,3.36,100
2020-11-04 09:32:52.490,3.36,100
2020-11-04 09:32:52.490,3.36,100
2020-11-04 09:32:52.490,3.36,100
2020-11-04 09:32:52.490,3.36,100
2020-11-04 09:32:52.490,3.36,100
2020-11-04 09:32:52.490,3.36,100
2020-11-04 09:32:52.550,3.36,100
2020-11-04 09:32:52.670,3.36,100
2020-11-04 09:32:52.670,3.36,100
2020-11-04 09:32:52.670,3.36,100
2020-11-04 09:32:53.100,3.359,100
2020-11-04 09:32:55.650,3.359,29000
2020-11-04 09:32:55.650,3.359,29000
2020-11-04 09:32:55.710,3.359,29000
2020-11-04 09:32:57.460,3.36,100
2020-11-04 09:32:58.780,3.36,180162
2020-11-04 09:32:58.780,3.36,1638
2020-11-04 09:32:59.420,3.36,362
2020-11-04 09:32:59.420,3.36,100
2020-11-04 09:32:59.420,3.36,5000
2020-11-04 09:32:59.420,3.36,200
2020-11-04 09:32:59.420,3.36,30000
2020-11-04 09:32:59.420,3.36,9800
2020-11-04 09:32:59.420,3.36,10000
2020-11-04 09:32:59.420,3.36,1000
2020-11-04 09:32:59.420,3.36,2000
2020-11-04 09:32:59.420,3.36,10000
2020-11-04 09:32:59.420,3.36,200
2020-11-04 09:32:59.420,3.36,10000
2020-11-04 09:32:59.420,3.36,1600
2020-11-04 09:32:59.420,3.36,89600
2020-11-04 09:32:59.420,3.36,30000
2020-11-04 09:32:59.420,3.36,300
2020-11-04 09:32:59.420,3.36,100
2020-11-04 09:32:59.420,3.36,2000
2020-11-04 09:32:59.420,3.36,2000
2020-11-04 09:32:59.420,3.36,1500
2020-11-04 09:32:59.420,3.36,10000
2020-11-04 09:32:59.420,3.36,200
2020-11-04 09:32:59.420,3.36,1500
2020-11-04 09:32:59.420,3.36,10000
2020-11-04 09:32:59.420,3.36,5000
2020-11-04 09:32:59.420,3.36,2000
2020-11-04 09:32:59.420,3.36,100
2020-11-04 09:32:59.420,3.36,9500
2020-11-04 09:32:59.420,3.36,5600
2020-11-04 09:32:59.420,3.36,5000
2020-11-04 09:32:59.420,3.36,5000
2020-11-04 09:32:59.420,3.36,11500
2020-11-04 09:32:59.420,3.36,28838
2020-11-04 09:32:59.690,3.36,130962
2020-11-04 09:32:59.690,3.36,5000
2020-11-04 09:32:59.690,3.36,15300
2020-11-04 09:32:59.690,3.36,5000
2020-11-04 09:32:59.690,3.36,2000
2020-11-04 09:32:59.690,3.36,5000
2020-11-04 09:32:59.690,3.36,200
2020-11-04 09:32:59.690,3.36,1000
2020-11-04 09:32:59.690,3.36,20000
2020-11-04 09:32:59.780,3.36,3100
2020-11-04 09:33:01.810,3.36,20000
2020-11-04 09:33:02.940,3.36,2000
2020-11-04 09:33:03.670,3.36,6000
2020-11-04 09:33:04.730,3.36,84538
2020-11-04 09:33:04.730,3.36,3000
2020-11-04 09:33:04.790,3.359,100
2020-11-04 09:33:04.790,3.359,4900
2020-11-04 09:33:05.250,3.36,3200
2020-11-04 09:33:05.410,3.359,15100
2020-11-04 09:33:05.410,3.359,100
2020-11-04 09:33:05.410,3.358,10200
2020-11-04 09:33:05.410,3.358,20000
2020-11-04 09:33:05.410,3.358,30000
2020-11-04 09:33:05.410,3.358,40500
2020-11-04 09:33:06.040,3.36,1000
2020-11-04 09:33:07.090,3.358,300
2020-11-04 09:33:08.150,3.36,100
2020-11-04 09:33:08.150,3.36,14400
2020-11-04 09:33:08.240,3.359,3000
2020-11-04 09:33:09.470,3.359,6300
2020-11-04 09:33:11.440,3.359,100
2020-11-04 09:33:11.470,3.359,100
2020-11-04 09:33:11.470,3.359,100
2020-11-04 09:33:11.470,3.359,100
2020-11-04 09:33:11.470,3.359,100
2020-11-04 09:33:11.530,3.359,100
2020-11-04 09:33:11.530,3.36,100
2020-11-04 09:33:11.530,3.36,100
2020-11-04 09:33:11.530,3.36,100
2020-11-04 09:33:11.570,3.36,100
2020-11-04 09:33:11.570,3.36,100
2020-11-04 09:33:11.570,3.36,100
2020-11-04 09:33:11.570,3.36,100
2020-11-04 09:33:11.570,3.36,100
2020-11-04 09:33:11.630,3.36,100
2020-11-04 09:33:11.630,3.36,100
2020-11-04 09:33:11.690,3.36,100
2020-11-04 09:33:11.690,3.36,100
2020-11-04 09:33:11.690,3.36,100
2020-11-04 09:33:11.690,3.36,100
2020-11-04 09:33:11.730,3.36,100
2020-11-04 09:33:11.730,3.36,100
2020-11-04 09:33:11.730,3.36,100
2020-11-04 09:33:11.730,3.36,100
2020-11-04 09:33:11.790,3.359,100
2020-11-04 09:33:11.790,3.359,100
2020-11-04 09:33:11.790,3.359,100
2020-11-04 09:33:11.790,3.359,100
2020-11-04 09:33:11.790,3.359,100
2020-11-04 09:33:11.850,3.359,100
2020-11-04 09:33:11.850,3.359,100
2020-11-04 09:33:11.880,3.359,100
2020-11-04 09:33:11.880,3.359,100
2020-11-04 09:33:11.910,3.359,100
2020-11-04 09:33:11.940,3.359,100
2020-11-04 09:33:11.940,3.359,100
2020-11-04 09:33:11.970,3.359,100
2020-11-04 09:33:11.970,3.359,100
2020-11-04 09:33:11.970,3.359,100
2020-11-04 09:33:11.970,3.359,100
2020-11-04 09:33:12.030,3.359,100
2020-11-04 09:33:12.030,3.359,100
2020-11-04 09:33:12.030,3.359,100
2020-11-04 09:33:12.060,3.358,36000
2020-11-04 09:33:12.060,3.358,1000
2020-11-04 09:33:12.060,3.358,5000
2020-11-04 09:33:12.060,3.358,6000
2020-11-04 09:33:12.060,3.358,100
2020-11-04 09:33:12.090,3.358,100
2020-11-04 09:33:12.090,3.358,100
2020-11-04 09:33:12.120,3.358,100
2020-11-04 09:33:12.120,3.358,100
2020-11-04 09:33:12.120,3.358,100
2020-11-04 09:33:12.120,3.358,100
2020-11-04 09:33:12.120,3.358,100
2020-11-04 09:33:12.120,3.358,100
2020-11-04 09:33:12.120,3.358,100
2020-11-04 09:33:12.120,3.358,100
2020-11-04 09:33:12.120,3.358,100
2020-11-04 09:33:12.120,3.358,100
2020-11-04 09:33:12.120,3.358,100
2020-11-04 09:33:12.120,3.358,100
2020-11-04 09:33:12.120,3.358,100
2020-11-04 09:33:12.120,3.358,100
2020-11-04 09:33:12.120,3.358,100
2020-11-04 09:33:12.120,3.358,100
2020-11-04 09:33:12.120,3.358,100
2020-11-04 09:33:12.120,3.358,100
2020-11-04 09:33:12.120,3.358,100
2020-11-04 09:33:12.120,3.358,100
2020-11-04 09:33:12.120,3.358,100
2020-11-04 09:33:12.120,3.358,100
2020-11-04 09:33:12.120,3.358,100
2020-11-04 09:33:12.120,3.358,100
2020-11-04 09:33:12.120,3.358,100
2020-11-04 09:33:12.120,3.358,100
2020-11-04 09:33:12.120,3.358,100
2020-11-04 09:33:12.120,3.358,100
2020-11-04 09:33:12.120,3.358,100
2020-11-04 09:33:12.120,3.358,100
2020-11-04 09:33:12.120,3.358,100
2020-11-04 09:33:12.120,3.358,100
2020-11-04 09:33:12.120,3.358,100
2020-11-04 09:33:12.120,3.358,100
2020-11-04 09:33:12.120,3.358,100
2020-11-04 09:33:12.120,3.358,100
2020-11-04 09:33:12.120,3.358,100
2020-11-04 09:33:12.120,3.358,100
2020-11-04 09:33:12.120,3.358,100
2020-11-04 09:33:12.120,3.358,100
2020-11-04 09:33:12.120,3.358,100
2020-11-04 09:33:12.120,3.358,100
2020-11-04 09:33:12.150,3.358,100
2020-11-04 09:33:12.150,3.358,100
2020-11-04 09:33:12.180,3.358,100
2020-11-04 09:33:12.820,3.358,3000
2020-11-04 09:33:13.000,3.358,20000
2020-11-04 09:33:13.060,3.358,100
2020-11-04 09:33:13.470,3.358,100
2020-11-04 09:33:13.570,3.358,100
2020-11-04 09:33:13.570,3.358,100
2020-11-04 09:33:13.570,3.358,100
2020-11-04 09:33:13.570,3.358,100
2020-11-04 09:33:13.570,3.358,100
2020-11-04 09:33:13.570,3.358,100
2020-11-04 09:33:13.570,3.358,100
2020-11-04 09:33:13.570,3.358,100
2020-11-04 09:33:13.570,3.358,100
2020-11-04 09:33:13.600,3.358,100
2020-11-04 09:33:13.600,3.358,100
2020-11-04 09:33:13.600,3.358,100
2020-11-04 09:33:13.600,3.358,100
2020-11-04 09:33:13.620,3.358,100
2020-11-04 09:33:13.620,3.358,100
2020-11-04 09:33:13.620,3.358,100
2020-11-04 09:33:13.620,3.358,100
2020-11-04 09:33:13.800,3.358,100
2020-11-04 09:33:13.800,3.358,100
2020-11-04 09:33:13.800,3.358,100
2020-11-04 09:33:13.800,3.358,100
2020-11-04 09:33:13.800,3.358,100
2020-11-04 09:33:13.800,3.358,100
2020-11-04 09:33:13.800,3.358,100
2020-11-04 09:33:13.800,3.358,100
2020-11-04 09:33:13.800,3.358,100
2020-11-04 09:33:13.800,3.358,100
2020-11-04 09:33:13.800,3.358,100
2020-11-04 09:33:13.840,3.358,100
2020-11-04 09:33:13.840,3.358,100
2020-11-04 09:33:13.840,3.358,100
2020-11-04 09:33:13.840,3.358,100
2020-11-04 09:33:13.840,3.358,100
2020-11-04 09:33:13.840,3.358,100
2020-11-04 09:33:13.840,3.358,100
2020-11-04 09:33:13.840,3.358,100
2020-11-04 09:33:13.840,3.358,100
2020-11-04 09:33:13.870,3.358,100
2020-11-04 09:33:13.870,3.358,100
2020-11-04 09:33:13.870,3.358,100
2020-11-04 09:33:13.870,3.358,100
2020-11-04 09:33:13.870,3.358,100
2020-11-04 09:33:13.900,3.358,100
2020-11-04 09:33:13.900,3.358,100
2020-11-04 09:33:13.930,3.358,100
2020-11-04 09:33:13.930,3.358,100
2020-11-04 09:33:13.930,3.358,100
2020-11-04 09:33:13.930,3.358,100
2020-11-04 09:33:13.990,3.358,100
2020-11-04 09:33:13.990,3.358,100
2020-11-04 09:33:13.990,3.358,100
2020-11-04 09:33:13.990,3.358,100
2020-11-04 09:33:13.990,3.358,100
2020-11-04 09:33:13.990,3.358,100
2020-11-04 09:33:13.990,3.358,100
2020-11-04 09:33:14.030,3.358,100
2020-11-04 09:33:14.030,3.358,100
2020-11-04 09:33:14.030,3.358,100
2020-11-04 09:33:14.030,3.358,100
2020-11-04 09:33:14.060,3.358,100
2020-11-04 09:33:14.060,3.358,100
2020-11-04 09:33:14.060,3.358,100
2020-11-04 09:33:14.060,3.358,100
2020-11-04 09:33:14.060,3.358,100
2020-11-04 09:33:14.060,3.358,100
2020-11-04 09:33:14.130,3.358,100
2020-11-04 09:33:14.130,3.358,100
2020-11-04 09:33:14.130,3.358,100
2020-11-04 09:33:14.130,3.358,100
2020-11-04 09:33:14.130,3.358,100
2020-11-04 09:33:14.190,3.358,100
2020-11-04 09:33:14.190,3.358,100
2020-11-04 09:33:14.190,3.358,100
2020-11-04 09:33:14.220,3.358,100
2020-11-04 09:33:14.220,3.358,100
2020-11-04 09:33:14.220,3.358,100
2020-11-04 09:33:14.220,3.358,100
2020-11-04 09:33:14.220,3.358,100
2020-11-04 09:33:14.280,3.358,100
2020-11-04 09:33:14.280,3.358,100
2020-11-04 09:33:14.340,3.358,100
2020-11-04 09:33:14.340,3.358,100
2020-11-04 09:33:14.340,3.358,100
2020-11-04 09:33:14.340,3.358,100
2020-11-04 09:33:14.340,3.358,100
2020-11-04 09:33:14.400,3.358,100
2020-11-04 09:33:14.400,3.358,100
2020-11-04 09:33:14.400,3.358,100
2020-11-04 09:33:14.400,3.358,100
2020-11-04 09:33:15.020,3.358,100
2020-11-04 09:33:15.020,3.358,100
2020-11-04 09:33:15.020,3.358,100
2020-11-04 09:33:15.020,3.358,100
2020-11-04 09:33:15.080,3.358,100
2020-11-04 09:33:15.080,3.358,100
2020-11-04 09:33:15.080,3.358,100
2020-11-04 09:33:15.080,3.358,100
2020-11-04 09:33:15.080,3.358,100
2020-11-04 09:33:15.140,3.358,100
2020-11-04 09:33:15.140,3.358,100
2020-11-04 09:33:15.140,3.358,100
2020-11-04 09:33:15.140,3.358,100
2020-11-04 09:33:15.140,3.358,100
2020-11-04 09:33:15.140,3.358,100
2020-11-04 09:33:15.140,3.358,100
2020-11-04 09:33:15.190,3.358,100
2020-11-04 09:33:15.190,3.358,100
2020-11-04 09:33:15.190,3.358,100
2020-11-04 09:33:15.190,3.358,100
2020-11-04 09:33:15.190,3.358,100
2020-11-04 09:33:15.230,3.358,100
2020-11-04 09:33:15.230,3.358,100
2020-11-04 09:33:15.230,3.358,100
2020-11-04 09:33:15.230,3.358,100
2020-11-04 09:33:15.230,3.358,100
2020-11-04 09:33:15.230,3.358,100
2020-11-04 09:33:15.290,3.358,100
2020-11-04 09:33:15.290,3.358,100
2020-11-04 09:33:15.290,3.358,100
2020-11-04 09:33:15.290,3.358,100
2020-11-04 09:33:15.290,3.358,100
2020-11-04 09:33:15.290,3.358,100
2020-11-04 09:33:15.290,3.358,100
2020-11-04 09:33:15.320,3.358,100
2020-11-04 09:33:15.390,3.358,100
2020-11-04 09:33:15.390,3.358,100
2020-11-04 09:33:15.390,3.358,100
2020-11-04 09:33:15.390,3.358,100
2020-11-04 09:33:15.390,3.358,100
2020-11-04 09:33:15.390,3.358,100
2020-11-04 09:33:15.450,3.358,100
2020-11-04 09:33:15.450,3.358,100
2020-11-04 09:33:15.450,3.358,100
2020-11-04 09:33:15.450,3.358,100
2020-11-04 09:33:15.480,3.358,100
2020-11-04 09:33:15.480,3.358,100
2020-11-04 09:33:15.480,3.358,100
2020-11-04 09:33:15.480,3.358,100
2020-11-04 09:33:15.480,3.358,100
2020-11-04 09:33:15.480,3.358,100
2020-11-04 09:33:15.480,3.358,100
2020-11-04 09:33:15.540,3.358,100
2020-11-04 09:33:15.540,3.358,100
2020-11-04 09:33:15.540,3.358,100
2020-11-04 09:33:15.540,3.358,100
2020-11-04 09:33:15.540,3.358,100
2020-11-04 09:33:15.580,3.358,100
2020-11-04 09:33:15.580,3.358,100
2020-11-04 09:33:15.640,3.358,100
2020-11-04 09:33:15.640,3.358,100
2020-11-04 09:33:15.640,3.358,100
2020-11-04 09:33:15.640,3.358,100
2020-11-04 09:33:15.640,3.358,100
2020-11-04 09:33:15.640,3.358,100
2020-11-04 09:33:15.700,3.358,100
2020-11-04 09:33:15.700,3.358,100
2020-11-04 09:33:15.700,3.358,100
2020-11-04 09:33:15.700,3.358,100
2020-11-04 09:33:15.700,3.358,100
2020-11-04 09:33:15.700,3.358,100
2020-11-04 09:33:15.760,3.358,100
2020-11-04 09:33:15.760,3.358,100
2020-11-04 09:33:15.760,3.358,100
2020-11-04 09:33:15.790,3.358,100
2020-11-04 09:33:15.790,3.358,100
2020-11-04 09:33:15.790,3.358,100
2020-11-04 09:33:15.790,3.358,100
2020-11-04 09:33:15.790,3.358,100
2020-11-04 09:33:15.850,3.358,100
2020-11-04 09:33:15.850,3.358,100
2020-11-04 09:33:15.850,3.358,100
2020-11-04 09:33:15.850,3.358,100
2020-11-04 09:33:15.850,3.357,11900
2020-11-04 09:33:15.850,3.357,1000
2020-11-04 09:33:15.850,3.357,10000
2020-11-04 09:33:15.850,3.357,30000
2020-11-04 09:33:15.850,3.357,500
2020-11-04 09:33:15.850,3.357,2100
2020-11-04 09:33:15.850,3.357,100
2020-11-04 09:33:15.850,3.357,10000
2020-11-04 09:33:15.850,3.357,10000
2020-11-04 09:33:15.850,3.357,30000
2020-11-04 09:33:15.850,3.358,6000
2020-11-04 09:33:15.880,3.358,100
2020-11-04 09:33:15.880,3.358,100
2020-11-04 09:33:15.880,3.358,100
2020-11-04 09:33:15.880,3.358,100
2020-11-04 09:33:15.880,3.358,100
2020-11-04 09:33:15.880,3.358,100
2020-11-04 09:33:15.940,3.358,100
2020-11-04 09:33:16.210,3.358,5000
2020-11-04 09:33:16.480,3.358,100
2020-11-04 09:33:16.480,3.358,100
2020-11-04 09:33:16.480,3.358,100
2020-11-04 09:33:16.480,3.358,100
2020-11-04 09:33:16.480,3.358,100
2020-11-04 09:33:16.480,3.358,100
2020-11-04 09:33:16.510,3.358,100
2020-11-04 09:33:16.510,3.358,100
2020-11-04 09:33:16.510,3.358,100
2020-11-04 09:33:16.510,3.358,100
2020-11-04 09:33:16.510,3.358,100
2020-11-04 09:33:16.510,3.358,100
2020-11-04 09:33:16.510,3.358,100
2020-11-04 09:33:16.510,3.358,100
2020-11-04 09:33:16.510,3.358,100
2020-11-04 09:33:16.510,3.358,100
2020-11-04 09:33:16.510,3.358,100
2020-11-04 09:33:16.800,3.358,100
2020-11-04 09:33:16.840,3.358,100
2020-11-04 09:33:16.870,3.358,100
2020-11-04 09:33:16.870,3.358,100
2020-11-04 09:33:16.870,3.358,100
2020-11-04 09:33:16.870,3.358,100
2020-11-04 09:33:16.870,3.358,100
2020-11-04 09:33:16.870,3.358,100
2020-11-04 09:33:16.870,3.358,100
2020-11-04 09:33:16.870,3.358,100
2020-11-04 09:33:16.870,3.358,100
2020-11-04 09:33:16.870,3.358,100
2020-11-04 09:33:16.870,3.358,100
2020-11-04 09:33:16.870,3.358,100
2020-11-04 09:33:16.870,3.358,100
2020-11-04 09:33:16.870,3.358,100
2020-11-04 09:33:16.870,3.358,100
2020-11-04 09:33:16.970,3.358,100
2020-11-04 09:33:16.970,3.358,100
2020-11-04 09:33:16.970,3.358,100
2020-11-04 09:33:16.970,3.358,100
2020-11-04 09:33:16.970,3.358,100
2020-11-04 09:33:16.970,3.358,100
2020-11-04 09:33:16.970,3.358,100
2020-11-04 09:33:16.970,3.358,100
2020-11-04 09:33:16.970,3.358,100
2020-11-04 09:33:16.970,3.358,100
2020-11-04 09:33:16.970,3.358,100
2020-11-04 09:33:16.970,3.358,100
2020-11-04 09:33:16.970,3.358,100
2020-11-04 09:33:16.970,3.358,100
2020-11-04 09:33:16.970,3.358,100
2020-11-04 09:33:17.030,3.358,100
2020-11-04 09:33:17.030,3.358,100
2020-11-04 09:33:17.030,3.358,100
2020-11-04 09:33:17.030,3.358,100
2020-11-04 09:33:17.030,3.358,100
2020-11-04 09:33:17.030,3.358,100
2020-11-04 09:33:17.120,3.357,100
2020-11-04 09:33:17.120,3.357,100
2020-11-04 09:33:17.120,3.357,100
2020-11-04 09:33:17.180,3.357,100
2020-11-04 09:33:17.180,3.357,100
2020-11-04 09:33:17.180,3.357,100
2020-11-04 09:33:17.180,3.357,100
2020-11-04 09:33:17.210,3.357,100
2020-11-04 09:33:17.240,3.357,100
2020-11-04 09:33:17.240,3.357,100
2020-11-04 09:33:17.240,3.357,100
2020-11-04 09:33:17.240,3.357,100
2020-11-04 09:33:17.240,3.357,100
2020-11-04 09:33:17.240,3.357,100
2020-11-04 09:33:17.270,3.357,100
2020-11-04 09:33:17.270,3.357,100
2020-11-04 09:33:17.270,3.357,100
2020-11-04 09:33:17.270,3.357,100
2020-11-04 09:33:17.270,3.357,100
2020-11-04 09:33:17.330,3.357,100
2020-11-04 09:33:17.330,3.357,100
2020-11-04 09:33:17.330,3.357,100
2020-11-04 09:33:17.390,3.357,100
2020-11-04 09:33:17.390,3.357,100
2020-11-04 09:33:17.390,3.357,100
2020-11-04 09:33:17.390,3.357,100
2020-11-04 09:33:17.390,3.357,100
2020-11-04 09:33:17.420,3.357,100
2020-11-04 09:33:17.420,3.357,100
2020-11-04 09:33:17.420,3.357,100
2020-11-04 09:33:17.420,3.357,100
2020-11-04 09:33:17.420,3.357,100
2020-11-04 09:33:17.420,3.357,100
2020-11-04 09:33:17.420,3.357,100
2020-11-04 09:33:17.420,3.357,100
2020-11-04 09:33:17.960,3.357,100
2020-11-04 09:33:18.980,3.357,10000
2020-11-04 09:33:19.260,3.357,600
2020-11-04 09:33:20.080,3.357,285800
2020-11-04 09:33:20.390,3.358,189300
2020-11-04 09:33:20.390,3.358,4300
2020-11-04 09:33:20.390,3.358,119900
2020-11-04 09:33:20.640,3.358,200
2020-11-04 09:33:22.000,3.358,500
2020-11-04 09:33:22.840,3.357,300
2020-11-04 09:33:23.850,3.357,2000
2020-11-04 09:33:25.350,3.358,105600
2020-11-04 09:33:25.550,3.358,1000
2020-11-04 09:33:25.620,3.358,65500
2020-11-04 09:33:26.060,3.358,3400
2020-11-04 09:33:26.240,3.358,3900
2020-11-04 09:33:26.240,3.358,2000
2020-11-04 09:33:26.240,3.358,5000
2020-11-04 09:33:32.500,3.359,100000
2020-11-04 09:33:32.660,3.358,400
2020-11-04 09:33:33.380,3.359,11500
2020-11-04 09:33:33.380,3.359,3000
2020-11-04 09:33:34.280,3.359,1000
2020-11-04 09:33:35.600,3.359,1000
2020-11-04 09:33:35.790,3.358,2000
2020-11-04 09:33:37.140,3.358,1000
2020-11-04 09:33:37.140,3.358,2200
2020-11-04 09:33:37.200,3.359,500
2020-11-04 09:33:41.260,3.358,2800
2020-11-04 09:33:41.260,3.358,500
2020-11-04 09:33:41.260,3.358,1000
2020-11-04 09:33:41.260,3.358,3000
2020-11-04 09:33:41.260,3.357,5000
2020-11-04 09:33:41.260,3.357,200
2020-11-04 09:33:41.260,3.357,200
2020-11-04 09:33:41.260,3.357,7300
2020-11-04 09:33:41.680,3.358,2400
2020-11-04 09:33:41.880,3.358,500
2020-11-04 09:33:42.030,3.358,100
2020-11-04 09:33:42.240,3.359,168000
2020-11-04 09:33:42.240,3.359,77800
2020-11-04 09:33:42.240,3.359,10000
2020-11-04 09:33:42.240,3.359,34200
2020-11-04 09:33:43.590,3.359,100
2020-11-04 09:33:44.850,3.359,15700
2020-11-04 09:33:44.850,3.359,300
2020-11-04 09:33:44.850,3.359,30000
2020-11-04 09:33:45.020,3.359,21000
2020-11-04 09:33:47.730,3.359,600
2020-11-04 09:33:47.830,3.36,10000
2020-11-04 09:33:47.830,3.36,40000
2020-11-04 09:33:47.830,3.36,6100
2020-11-04 09:33:47.830,3.36,5700
2020-11-04 09:33:47.830,3.36,1000
2020-11-04 09:33:47.830,3.36,67500
2020-11-04 09:33:48.920,3.36,45000
2020-11-04 09:33:49.680,3.36,20000
2020-11-04 09:33:51.560,3.36,500
2020-11-04 09:33:52.310,3.36,3000
2020-11-04 09:33:52.640,3.36,101200
2020-11-04 09:33:52.640,3.36,1600
2020-11-04 09:33:52.930,3.36,197200
2020-11-04 09:33:52.930,3.361,34800
2020-11-04 09:33:52.930,3.361,2000
2020-11-04 09:33:52.930,3.361,5600
2020-11-04 09:33:52.930,3.361,1200
2020-11-04 09:33:52.930,3.361,100
2020-11-04 09:33:52.930,3.361,1000
2020-11-04 09:33:52.930,3.361,1300
2020-11-04 09:33:52.930,3.361,3100
2020-11-04 09:33:52.930,3.361,3000
2020-11-04 09:33:52.930,3.361,3000
2020-11-04 09:33:52.930,3.361,600
2020-11-04 09:33:52.930,3.361,500
2020-11-04 09:33:52.930,3.361,2000
2020-11-04 09:33:52.930,3.361,20000
2020-11-04 09:33:52.930,3.361,2000
2020-11-04 09:33:52.930,3.361,22600
2020-11-04 09:33:56.740,3.359,6000
2020-11-04 09:33:58.170,3.36,20000
2020-11-04 09:33:58.170,3.36,37000
2020-11-04 09:33:58.170,3.36,1300
2020-11-04 09:33:58.230,3.361,2100
2020-11-04 09:33:59.120,3.361,15300
2020-11-04 09:33:59.120,3.361,500
2020-11-04 09:33:59.120,3.361,74600
2020-11-04 09:33:59.120,3.361,5000
2020-11-04 09:33:59.120,3.361,2000
2020-11-04 09:33:59.120,3.361,10000
2020-11-04 09:33:59.120,3.361,5000
2020-11-04 09:34:02.030,3.362,2000
2020-11-04 09:34:04.500,3.362,2300
2020-11-04 09:34:04.610,3.362,100
2020-11-04 09:34:07.630,3.362,100
2020-11-04 09:34:07.830,3.361,3000
2020-11-04 09:34:08.330,3.361,15400
2020-11-04 09:34:09.100,3.362,9500
2020-11-04 09:34:09.100,3.362,10000
2020-11-04 09:34:09.100,3.362,900
2020-11-04 09:34:09.100,3.362,11000
2020-11-04 09:34:09.100,3.362,261600
2020-11-04 09:34:09.330,3.362,38400
2020-11-04 09:34:09.330,3.362,40000
2020-11-04 09:34:09.330,3.362,60000
2020-11-04 09:34:09.330,3.362,161600
2020-11-04 09:34:09.830,3.362,2000
2020-11-04 09:34:10.340,3.362,16500
2020-11-04 09:34:10.340,3.362,3000
2020-11-04 09:34:10.340,3.362,2000
2020-11-04 09:34:10.340,3.362,15300
2020-11-04 09:34:10.340,3.362,10000
2020-11-04 09:34:10.340,3.362,20000
2020-11-04 09:34:10.340,3.362,20000
2020-11-04 09:34:10.340,3.362,1100
2020-11-04 09:34:10.340,3.362,100
2020-11-04 09:34:10.340,3.362,20000
2020-11-04 09:34:10.340,3.362,2300
2020-11-04 09:34:10.340,3.362,10000
2020-11-04 09:34:10.340,3.362,300
2020-11-04 09:34:10.340,3.362,2000
2020-11-04 09:34:10.340,3.362,5000
2020-11-04 09:34:10.340,3.362,1000
2020-11-04 09:34:10.340,3.362,9900
2020-11-04 09:34:10.340,3.362,3000
2020-11-04 09:34:10.340,3.362,2700
2020-11-04 09:34:10.340,3.362,2000
2020-11-04 09:34:10.340,3.362,300
2020-11-04 09:34:10.340,3.362,10000
2020-11-04 09:34:10.640,3.363,3500
2020-11-04 09:34:10.640,3.363,74500
2020-11-04 09:34:10.640,3.363,10000
2020-11-04 09:34:10.640,3.363,11000
2020-11-04 09:34:10.640,3.363,3800
2020-11-04 09:34:10.640,3.363,2000
2020-11-04 09:34:10.640,3.363,30000
2020-11-04 09:34:10.640,3.363,100
2020-11-04 09:34:10.640,3.363,10000
2020-11-04 09:34:10.640,3.363,100
2020-11-04 09:34:10.640,3.363,1000
2020-11-04 09:34:10.640,3.363,6000
2020-11-04 09:34:10.810,3.363,500
2020-11-04 09:34:11.050,3.363,4600
2020-11-04 09:34:11.660,3.364,10000
2020-11-04 09:34:11.660,3.364,10000
2020-11-04 09:34:11.660,3.364,1000
2020-11-04 09:34:11.660,3.364,11000
2020-11-04 09:34:11.660,3.364,5000
2020-11-04 09:34:11.660,3.364,2000
2020-11-04 09:34:11.660,3.364,100
2020-11-04 09:34:11.660,3.364,5000
2020-11-04 09:34:12.030,3.364,500
2020-11-04 09:34:15.110,3.364,1000
2020-11-04 09:34:15.290,3.365,11000
2020-11-04 09:34:15.290,3.365,10000
2020-11-04 09:34:15.290,3.365,1000
2020-11-04 09:34:15.290,3.365,6600
2020-11-04 09:34:17.790,3.364,8100
2020-11-04 09:34:18.390,3.364,2000
2020-11-04 09:34:20.250,3.364,2000
2020-11-04 09:34:20.670,3.364,242300
2020-11-04 09:34:20.670,3.364,3500
2020-11-04 09:34:21.960,3.364,54200
2020-11-04 09:34:21.960,3.365,13400
2020-11-04 09:34:21.960,3.365,200
2020-11-04 09:34:21.960,3.365,11000
2020-11-04 09:34:21.960,3.365,5700
2020-11-04 09:34:21.960,3.365,15500
2020-11-04 09:34:22.300,3.365,2500
2020-11-04 09:34:23.500,3.364,3000
2020-11-04 09:34:23.620,3.364,100
2020-11-04 09:34:24.080,3.364,3000
2020-11-04 09:34:24.080,3.365,11400
2020-11-04 09:34:24.600,3.365,8200
2020-11-04 09:34:24.600,3.365,20000
2020-11-04 09:34:24.600,3.365,2000
2020-11-04 09:34:24.600,3.365,100
2020-11-04 09:34:24.600,3.365,20000
2020-11-04 09:34:24.600,3.365,30000
2020-11-04 09:34:24.600,3.365,19700
2020-11-04 09:34:28.170,3.364,2900
2020-11-04 09:34:28.170,3.364,100
2020-11-04 09:34:29.020,3.364,200
2020-11-04 09:34:29.870,3.364,200
2020-11-04 09:34:30.690,3.364,5000
2020-11-04 09:34:30.890,3.363,142900
2020-11-04 09:34:30.890,3.363,100
2020-11-04 09:34:32.130,3.362,143500
2020-11-04 09:34:32.130,3.362,30000
2020-11-04 09:34:32.130,3.362,5000
2020-11-04 09:34:32.130,3.362,3000
2020-11-04 09:34:32.130,3.362,30000
2020-11-04 09:34:32.220,3.362,88500
2020-11-04 09:34:32.220,3.363,5500
2020-11-04 09:34:32.340,3.363,600
2020-11-04 09:34:32.860,3.363,100
2020-11-04 09:34:32.940,3.363,3000
2020-11-04 09:34:32.940,3.361,169200
2020-11-04 09:34:32.940,3.361,3000
2020-11-04 09:34:32.940,3.361,1000
2020-11-04 09:34:32.940,3.361,11200
2020-11-04 09:34:33.690,3.361,3300
2020-11-04 09:34:34.010,3.361,101000
2020-11-04 09:34:35.040,3.361,10800
2020-11-04 09:34:36.100,3.361,2800
2020-11-04 09:34:37.300,3.363,29700
2020-11-04 09:34:37.820,3.361,2100
2020-11-04 09:34:39.310,3.361,700
2020-11-04 09:34:39.480,3.361,100
2020-11-04 09:34:39.510,3.363,8800
2020-11-04 09:34:40.090,3.363,100
2020-11-04 09:34:42.150,3.361,18100
2020-11-04 09:34:44.190,3.362,1000
2020-11-04 09:34:45.070,3.362,1000
2020-11-04 09:34:45.430,3.362,298000
2020-11-04 09:34:45.430,3.362,1000
2020-11-04 09:34:45.430,3.362,100
2020-11-04 09:34:45.430,3.362,300
2020-11-04 09:34:46.070,3.362,600
2020-11-04 09:34:46.070,3.361,6500
2020-11-04 09:34:49.170,3.362,2000
2020-11-04 09:34:49.200,3.362,200
2020-11-04 09:34:49.260,3.363,49000
2020-11-04 09:34:50.580,3.362,700
2020-11-04 09:34:50.580,3.362,4400
2020-11-04 09:34:50.630,3.362,7200
2020-11-04 09:34:52.280,3.362,12000
2020-11-04 09:34:52.440,3.362,11700
2020-11-04 09:34:52.930,3.362,10000
2020-11-04 09:34:52.930,3.362,200
2020-11-04 09:34:54.600,3.362,2000
2020-11-04 09:34:57.370,3.363,1700
2020-11-04 09:34:59.340,3.362,500
2020-11-04 09:34:59.340,3.363,150000
2020-11-04 09:34:59.760,3.362,40000
2020-11-04 09:34:59.940,3.363,60700
2020-11-04 09:34:59.940,3.363,37500
2020-11-04 09:34:59.940,3.363,4000
2020-11-04 09:34:59.940,3.363,500
2020-11-04 09:34:59.940,3.363,600
2020-11-04 09:34:59.940,3.363,100
2020-11-04 09:35:01.100,3.363,2800
2020-11-04 09:35:01.220,3.363,100
2020-11-04 09:35:01.360,3.363,6000
2020-11-04 09:35:01.590,3.363,100
2020-11-04 09:35:02.790,3.364,14500
2020-11-04 09:35:02.790,3.364,1000
2020-11-04 09:35:02.790,3.364,34800
2020-11-04 09:35:02.790,3.364,30000
2020-11-04 09:35:02.790,3.364,3800
2020-11-04 09:35:02.790,3.364,3200
2020-11-04 09:35:02.790,3.364,3200
2020-11-04 09:35:02.790,3.364,10000
2020-11-04 09:35:02.790,3.364,46600
2020-11-04 09:35:02.970,3.363,5000
2020-11-04 09:35:06.650,3.364,4000
2020-11-04 09:35:07.080,3.364,182600
2020-11-04 09:35:08.360,3.363,9000
2020-11-04 09:35:08.630,3.363,500
2020-11-04 09:35:08.930,3.364,13200
2020-11-04 09:35:09.480,3.364,1000
2020-11-04 09:35:09.960,3.363,2000
2020-11-04 09:35:10.280,3.364,20000
2020-11-04 09:35:11.430,3.364,30000
2020-11-04 09:35:11.880,3.363,10800
2020-11-04 09:35:12.320,3.364,10000
2020-11-04 09:35:12.600,3.363,20600
2020-11-04 09:35:12.750,3.363,50000
2020-11-04 09:35:13.020,3.363,1000
2020-11-04 09:35:13.360,3.363,2000
2020-11-04 09:35:13.610,3.363,20000
2020-11-04 09:35:13.730,3.364,17500
2020-11-04 09:35:13.900,3.363,5300
2020-11-04 09:35:14.110,3.363,400
2020-11-04 09:35:14.590,3.364,200
2020-11-04 09:35:15.470,3.363,6500
2020-11-04 09:35:16.950,3.363,1000
2020-11-04 09:35:17.270,3.363,170900
2020-11-04 09:35:17.270,3.363,1500
2020-11-04 09:35:17.270,3.363,2000
2020-11-04 09:35:17.270,3.363,11400
2020-11-04 09:35:17.270,3.363,300
2020-11-04 09:35:17.270,3.363,64900
2020-11-04 09:35:17.270,3.363,2200
2020-11-04 09:35:21.980,3.363,47000
2020-11-04 09:35:22.020,3.363,3000
2020-11-04 09:35:22.520,3.363,9500
2020-11-04 09:35:22.610,3.363,200
2020-11-04 09:35:22.900,3.362,51100
2020-11-04 09:35:23.040,3.363,184900
2020-11-04 09:35:23.040,3.363,1000
2020-11-04 09:35:23.040,3.363,2000
2020-11-04 09:35:23.040,3.363,100
2020-11-04 09:35:23.040,3.363,1300
2020-11-04 09:35:23.250,3.364,1000
2020-11-04 09:35:24.240,3.363,27800
2020-11-04 09:35:24.510,3.363,40000
2020-11-04 09:35:24.720,3.364,1100
2020-11-04 09:35:26.600,3.363,20000
2020-11-04 09:35:28.090,3.363,900
2020-11-04 09:35:29.950,3.363,22000
2020-11-04 09:35:29.950,3.363,5000
2020-11-04 09:35:29.950,3.363,600
2020-11-04 09:35:29.950,3.363,12400
2020-11-04 09:35:32.280,3.363,3000
2020-11-04 09:35:32.510,3.364,200
2020-11-04 09:35:32.760,3.363,84600
2020-11-04 09:35:32.760,3.363,7000
2020-11-04 09:35:32.760,3.363,100
2020-11-04 09:35:33.880,3.363,300
2020-11-04 09:35:35.290,3.363,3000
2020-11-04 09:35:36.460,3.362,40000
2020-11-04 09:35:40.810,3.363,300
2020-11-04 09:35:41.490,3.363,300
2020-11-04 09:35:41.580,3.362,20900
2020-11-04 09:35:41.580,3.362,100
2020-11-04 09:35:41.580,3.362,300
2020-11-04 09:35:41.580,3.362,400
2020-11-04 09:35:42.010,3.363,1300
2020-11-04 09:35:42.010,3.363,6000
2020-11-04 09:35:42.010,3.363,6000
2020-11-04 09:35:42.990,3.362,29600
2020-11-04 09:35:42.990,3.362,10000
2020-11-04 09:35:42.990,3.362,1000
2020-11-04 09:35:44.000,3.362,3300
2020-11-04 09:35:44.000,3.362,2000
2020-11-04 09:35:44.910,3.362,1000
2020-11-04 09:35:45.660,3.362,7000
2020-11-04 09:35:46.770,3.362,2800
2020-11-04 09:35:47.730,3.362,200
2020-11-04 09:35:50.420,3.361,2500
2020-11-04 09:35:50.420,3.361,1000
2020-11-04 09:35:50.420,3.361,300
2020-11-04 09:35:50.420,3.361,1200
2020-11-04 09:35:51.410,3.361,300
2020-11-04 09:35:55.580,3.361,100
2020-11-04 09:35:55.580,3.361,1800
2020-11-04 09:35:55.580,3.361,3000
2020-11-04 09:35:55.580,3.361,20000
2020-11-04 09:35:55.580,3.361,300
2020-11-04 09:35:55.580,3.361,7100
2020-11-04 09:35:55.580,3.361,1000
2020-11-04 09:35:55.580,3.361,300
2020-11-04 09:35:57.920,3.361,13300
2020-11-04 09:35:58.100,3.361,500
2020-11-04 09:36:00.090,3.36,3800
2020-11-04 09:36:00.270,3.361,23200
2020-11-04 09:36:00.690,3.36,100
2020-11-04 09:36:00.690,3.36,100
2020-11-04 09:36:00.690,3.36,100
2020-11-04 09:36:00.690,3.36,100
2020-11-04 09:36:00.690,3.36,100
2020-11-04 09:36:00.690,3.36,100
2020-11-04 09:36:00.690,3.36,100
2020-11-04 09:36:00.690,3.36,100
2020-11-04 09:36:00.690,3.36,100
2020-11-04 09:36:00.720,3.36,100
2020-11-04 09:36:00.720,3.36,100
2020-11-04 09:36:00.720,3.36,100
2020-11-04 09:36:00.720,3.36,100
2020-11-04 09:36:00.720,3.36,100
2020-11-04 09:36:00.720,3.36,100
2020-11-04 09:36:00.760,3.36,100
2020-11-04 09:36:00.760,3.36,100
2020-11-04 09:36:00.760,3.36,100
2020-11-04 09:36:00.760,3.36,100
2020-11-04 09:36:00.760,3.36,100
2020-11-04 09:36:00.760,3.36,100
2020-11-04 09:36:00.760,3.36,100
2020-11-04 09:36:00.760,3.36,100
2020-11-04 09:36:00.760,3.36,100
2020-11-04 09:36:00.760,3.36,100
2020-11-04 09:36:00.760,3.36,100
2020-11-04 09:36:00.760,3.36,100
2020-11-04 09:36:00.760,3.36,100
2020-11-04 09:36:00.810,3.36,100
2020-11-04 09:36:00.810,3.36,100
2020-11-04 09:36:02.190,3.361,300
2020-11-04 09:36:02.360,3.361,115500
2020-11-04 09:36:02.680,3.361,13600
2020-11-04 09:36:02.680,3.361,15000
2020-11-04 09:36:02.680,3.361,100
2020-11-04 09:36:03.140,3.361,4000
2020-11-04 09:36:04.570,3.361,29000
2020-11-04 09:36:04.870,3.361,24900
2020-11-04 09:36:05.110,3.361,28200
2020-11-04 09:36:06.630,3.361,8500
2020-11-04 09:36:07.830,3.362,800
2020-11-04 09:36:08.020,3.362,4000
2020-11-04 09:36:08.020,3.361,14600
2020-11-04 09:36:08.670,3.361,7200
2020-11-04 09:36:09.710,3.362,8300
2020-11-04 09:36:09.710,3.362,14600
2020-11-04 09:36:09.710,3.362,20000
2020-11-04 09:36:09.710,3.362,3000
2020-11-04 09:36:09.710,3.362,40000
2020-11-04 09:36:09.710,3.362,1000
2020-11-04 09:36:09.710,3.362,10000
2020-11-04 09:36:09.710,3.362,2000
2020-11-04 09:36:09.710,3.362,30000
2020-11-04 09:36:09.710,3.362,10000
2020-11-04 09:36:11.250,3.362,15000
2020-11-04 09:36:11.900,3.362,2500
2020-11-04 09:36:12.350,3.362,5000
2020-11-04 09:36:16.600,3.363,43100
2020-11-04 09:36:16.600,3.363,10300
2020-11-04 09:36:16.600,3.363,15000
2020-11-04 09:36:16.600,3.363,5000
2020-11-04 09:36:16.600,3.363,1500
2020-11-04 09:36:16.600,3.363,5000
2020-11-04 09:36:16.600,3.363,10300
2020-11-04 09:36:17.180,3.363,111800
2020-11-04 09:36:17.250,3.363,2500
2020-11-04 09:36:17.280,3.364,300000
2020-11-04 09:36:17.970,3.364,222600
2020-11-04 09:36:17.970,3.364,300
2020-11-04 09:36:17.970,3.364,5000
2020-11-04 09:36:17.970,3.364,1500
2020-11-04 09:36:17.970,3.364,3000
2020-11-04 09:36:17.970,3.364,6000
2020-11-04 09:36:17.970,3.364,7000
2020-11-04 09:36:17.970,3.364,20000
2020-11-04 09:36:17.970,3.364,5000
2020-11-04 09:36:17.970,3.364,1300
2020-11-04 09:36:17.970,3.364,28300
2020-11-04 09:36:17.970,3.364,11700
2020-11-04 09:36:17.970,3.364,2000
2020-11-04 09:36:17.970,3.364,2800
2020-11-04 09:36:17.970,3.364,19000
2020-11-04 09:36:17.970,3.364,5000
2020-11-04 09:36:17.970,3.364,300
2020-11-04 09:36:17.970,3.364,62100
2020-11-04 09:36:17.970,3.364,100
2020-11-04 09:36:17.970,3.364,200
2020-11-04 09:36:17.970,3.364,37000
2020-11-04 09:36:17.970,3.364,3000
2020-11-04 09:36:17.970,3.364,5000
2020-11-04 09:36:17.970,3.364,100
2020-11-04 09:36:18.150,3.364,1500
2020-11-04 09:36:18.210,3.364,15200
2020-11-04 09:36:18.360,3.364,100
2020-11-04 09:36:19.500,3.365,34400
2020-11-04 09:36:19.500,3.365,5000
2020-11-04 09:36:19.500,3.365,500
2020-11-04 09:36:19.500,3.365,100
2020-11-04 09:36:19.500,3.365,20000
2020-11-04 09:36:19.500,3.365,20000
2020-11-04 09:36:19.500,3.365,46500
2020-11-04 09:36:19.500,3.365,3000
2020-11-04 09:36:19.500,3.365,150000
2020-11-04 09:36:19.500,3.365,10000
2020-11-04 09:36:19.500,3.365,700
2020-11-04 09:36:19.500,3.365,200
2020-11-04 09:36:19.500,3.365,9600
2020-11-04 09:36:20.310,3.364,3900
2020-11-04 09:36:21.210,3.364,1000
2020-11-04 09:36:21.580,3.365,10400
2020-11-04 09:36:21.580,3.365,3000
2020-11-04 09:36:21.580,3.365,37000
2020-11-04 09:36:21.580,3.365,1000
2020-11-04 09:36:21.580,3.365,3000
2020-11-04 09:36:21.580,3.365,3900
2020-11-04 09:36:21.580,3.365,10000
2020-11-04 09:36:21.580,3.365,15500
2020-11-04 09:36:21.580,3.365,300
2020-11-04 09:36:21.580,3.365,5000
2020-11-04 09:36:21.580,3.365,300
2020-11-04 09:36:21.580,3.365,31500
2020-11-04 09:36:21.580,3.365,10000
2020-11-04 09:36:21.580,3.365,40000
2020-11-04 09:36:21.610,3.365,40000
2020-11-04 09:36:21.730,3.365,1000
2020-11-04 09:36:21.760,3.365,88100
2020-11-04 09:36:23.820,3.364,107800
2020-11-04 09:36:23.820,3.364,194500
2020-11-04 09:36:26.860,3.364,100
2020-11-04 09:36:26.860,3.364,100000
2020-11-04 09:36:26.980,3.365,7400
2020-11-04 09:36:29.000,3.364,1200
2020-11-04 09:36:29.510,3.363,6000
2020-11-04 09:36:30.830,3.364,12900
2020-11-04 09:36:30.830,3.364,3000
2020-11-04 09:36:30.830,3.364,4100
2020-11-04 09:36:40.280,3.363,3300
2020-11-04 09:36:41.110,3.364,300
2020-11-04 09:36:41.290,3.363,10600
2020-11-04 09:36:41.380,3.364,300
2020-11-04 09:36:42.210,3.363,100
2020-11-04 09:36:42.210,3.363,900
2020-11-04 09:36:42.720,3.364,51300
2020-11-04 09:36:43.120,3.364,160000
2020-11-04 09:36:44.450,3.364,88100
2020-11-04 09:36:44.450,3.364,20000
2020-11-04 09:36:44.450,3.364,10000
2020-11-04 09:36:44.450,3.364,200
2020-11-04 09:36:44.450,3.364,500
2020-11-04 09:36:44.450,3.364,41200
2020-11-04 09:36:44.630,3.364,1000
2020-11-04 09:36:45.080,3.364,7800
2020-11-04 09:36:45.080,3.364,2200
2020-11-04 09:36:46.940,3.364,1800
2020-11-04 09:36:46.940,3.364,1000
2020-11-04 09:36:46.940,3.364,1000
2020-11-04 09:36:46.940,3.364,32500
2020-11-04 09:36:46.940,3.364,10000
2020-11-04 09:36:46.940,3.364,26600
2020-11-04 09:36:49.870,3.364,9700
2020-11-04 09:36:50.680,3.363,600
2020-11-04 09:36:50.930,3.364,22000
2020-11-04 09:36:51.390,3.364,14600
2020-11-04 09:36:52.100,3.364,77100
2020-11-04 09:36:52.100,3.364,4500
2020-11-04 09:36:52.100,3.364,10000
2020-11-04 09:36:52.100,3.364,1500
2020-11-04 09:36:52.100,3.364,4000
2020-11-04 09:36:52.100,3.364,1400
2020-11-04 09:36:52.280,3.364,15400
2020-11-04 09:36:52.280,3.365,16400
2020-11-04 09:36:52.690,3.363,4000
2020-11-04 09:36:52.690,3.363,1500
2020-11-04 09:36:56.360,3.365,6000
2020-11-04 09:36:58.050,3.364,6600
2020-11-04 09:36:59.770,3.364,1000
2020-11-04 09:36:59.860,3.365,2000
2020-11-04 09:36:59.860,3.365,4500
2020-11-04 09:36:59.860,3.365,500
2020-11-04 09:36:59.860,3.365,100
2020-11-04 09:36:59.860,3.365,5000
2020-11-04 09:36:59.860,3.365,500
2020-11-04 09:37:00.910,3.365,2900
2020-11-04 09:37:00.970,3.365,300
2020-11-04 09:37:03.500,3.365,3000
2020-11-04 09:37:03.880,3.366,5000
2020-11-04 09:37:03.880,3.366,1000
2020-11-04 09:37:03.880,3.366,100
2020-11-04 09:37:03.880,3.366,11000
2020-11-04 09:37:03.880,3.366,5900
2020-11-04 09:37:05.710,3.366,1500
2020-11-04 09:37:06.350,3.365,2000
2020-11-04 09:37:08.060,3.366,2000
2020-11-04 09:37:08.060,3.365,1500
2020-11-04 09:37:08.480,3.366,600
2020-11-04 09:37:08.480,3.366,2000
2020-11-04 09:37:08.480,3.366,100
2020-11-04 09:37:08.480,3.366,500
2020-11-04 09:37:08.480,3.366,100
2020-11-04 09:37:08.480,3.366,13300
2020-11-04 09:37:08.950,3.365,20000
2020-11-04 09:37:09.520,3.366,800
2020-11-04 09:37:11.650,3.366,200
2020-11-04 09:37:11.970,3.366,1000
2020-11-04 09:37:13.130,3.366,20000
2020-11-04 09:37:14.730,3.366,500
2020-11-04 09:37:15.550,3.365,100
2020-11-04 09:37:16.500,3.365,27000
2020-11-04 09:37:17.010,3.366,100
2020-11-04 09:37:17.090,3.365,4100
2020-11-04 09:37:17.150,3.365,4000
2020-11-04 09:37:18.430,3.366,111100
2020-11-04 09:37:18.430,3.366,31400
2020-11-04 09:37:18.430,3.366,2700
2020-11-04 09:37:18.430,3.366,34700
2020-11-04 09:37:18.430,3.366,10000
2020-11-04 09:37:18.430,3.366,3600
2020-11-04 09:37:18.430,3.366,5000
2020-11-04 09:37:18.430,3.366,500
2020-11-04 09:37:18.430,3.366,40000
2020-11-04 09:37:18.430,3.366,300
2020-11-04 09:37:18.430,3.366,4000
2020-11-04 09:37:18.430,3.366,5000
2020-11-04 09:37:18.900,3.366,30000
2020-11-04 09:37:20.030,3.367,7900
2020-11-04 09:37:20.090,3.366,25400
2020-11-04 09:37:20.090,3.366,200000
2020-11-04 09:37:20.810,3.366,40591
2020-11-04 09:37:20.840,3.366,300000
2020-11-04 09:37:20.900,3.366,6000
2020-11-04 09:37:21.110,3.366,40000
2020-11-04 09:37:21.540,3.366,200
2020-11-04 09:37:21.690,3.366,109509
2020-11-04 09:37:21.690,3.366,1500
2020-11-04 09:37:21.690,3.366,13400
2020-11-04 09:37:23.830,3.365,100
2020-11-04 09:37:24.500,3.365,235000
2020-11-04 09:37:24.500,3.365,13300
2020-11-04 09:37:24.500,3.365,2000
2020-11-04 09:37:24.500,3.365,10000
2020-11-04 09:37:24.500,3.365,500
2020-11-04 09:37:24.500,3.365,20000
2020-11-04 09:37:24.500,3.365,300
2020-11-04 09:37:24.500,3.365,10000
2020-11-04 09:37:24.970,3.365,300
2020-11-04 09:37:25.680,3.365,400
2020-11-04 09:37:25.730,3.365,8200
2020-11-04 09:37:25.730,3.365,7400
2020-11-04 09:37:26.060,3.365,32600
2020-11-04 09:37:26.060,3.366,138400
2020-11-04 09:37:27.310,3.366,600
2020-11-04 09:37:28.290,3.366,1500
2020-11-04 09:37:29.970,3.366,7000
2020-11-04 09:37:30.430,3.365,3800
2020-11-04 09:37:32.970,3.364,18000
2020-11-04 09:37:35.910,3.365,1000
2020-11-04 09:37:36.460,3.364,104400
2020-11-04 09:37:36.460,3.364,64600
2020-11-04 09:37:36.460,3.364,5000
2020-11-04 09:37:36.460,3.364,15400
2020-11-04 09:37:36.460,3.364,10000
2020-11-04 09:37:36.460,3.364,1500
2020-11-04 09:37:36.460,3.364,15000
2020-11-04 09:37:36.460,3.364,80300
2020-11-04 09:37:37.160,3.364,19100
2020-11-04 09:37:38.040,3.365,1500
2020-11-04 09:37:38.130,3.365,2000
2020-11-04 09:37:38.470,3.365,2500
2020-11-04 09:37:38.470,3.365,2500
2020-11-04 09:37:38.780,3.364,500
2020-11-04 09:37:39.450,3.364,100
2020-11-04 09:37:39.450,3.364,100
2020-11-04 09:37:39.450,3.364,100
2020-11-04 09:37:39.450,3.364,100
2020-11-04 09:37:39.450,3.364,100
2020-11-04 09:37:39.450,3.364,100
2020-11-04 09:37:39.450,3.364,100
2020-11-04 09:37:39.450,3.364,100
2020-11-04 09:37:39.450,3.364,100
2020-11-04 09:37:39.450,3.364,100
2020-11-04 09:37:39.450,3.364,100
2020-11-04 09:37:39.450,3.364,100
2020-11-04 09:37:39.450,3.364,100
2020-11-04 09:37:39.450,3.364,100
2020-11-04 09:37:39.450,3.364,100
2020-11-04 09:37:39.510,3.364,100
2020-11-04 09:37:39.540,3.364,100
2020-11-04 09:37:39.540,3.364,100
2020-11-04 09:37:39.540,3.364,100
2020-11-04 09:37:39.540,3.364,100
2020-11-04 09:37:39.540,3.364,100
2020-11-04 09:37:39.540,3.364,100
2020-11-04 09:37:39.540,3.364,100
2020-11-04 09:37:39.540,3.364,100
2020-11-04 09:37:39.540,3.364,100
2020-11-04 09:37:39.540,3.364,100
2020-11-04 09:37:39.540,3.364,100
2020-11-04 09:37:39.540,3.364,100
2020-11-04 09:37:39.540,3.364,100
2020-11-04 09:37:39.540,3.364,100
2020-11-04 09:37:39.900,3.364,1000
2020-11-04 09:37:41.190,3.364,100
2020-11-04 09:37:41.550,3.364,2000
2020-11-04 09:37:43.020,3.365,17500
2020-11-04 09:37:43.020,3.365,1000
2020-11-04 09:37:43.020,3.365,104800
2020-11-04 09:37:44.460,3.365,15400
2020-11-04 09:37:44.700,3.365,5200
2020-11-04 09:37:45.510,3.364,300
2020-11-04 09:37:46.040,3.365,4900
2020-11-04 09:37:46.040,3.364,20000
2020-11-04 09:37:46.130,3.365,14100
2020-11-04 09:37:47.510,3.364,1000
2020-11-04 09:37:47.720,3.365,300
2020-11-04 09:37:49.900,3.365,800
2020-11-04 09:37:51.430,3.365,1000
2020-11-04 09:37:52.070,3.364,19500
2020-11-04 09:37:52.300,3.365,2000
2020-11-04 09:37:52.550,3.365,5000
2020-11-04 09:37:52.960,3.365,100
2020-11-04 09:37:53.030,3.364,13700
2020-11-04 09:37:53.030,3.364,6300
2020-11-04 09:37:53.380,3.364,700
2020-11-04 09:37:53.380,3.364,3000
2020-11-04 09:37:53.380,3.364,30000
2020-11-04 09:37:54.960,3.364,1000
2020-11-04 09:37:54.960,3.365,1000
2020-11-04 09:37:55.050,3.364,1500
2020-11-04 09:37:55.550,3.364,400
2020-11-04 09:37:56.750,3.364,2000
2020-11-04 09:37:58.230,3.364,5000
2020-11-04 09:37:59.290,3.364,1100
2020-11-04 09:37:59.290,3.364,8900
2020-11-04 09:38:02.070,3.364,100
2020-11-04 09:38:03.010,3.364,10000
2020-11-04 09:38:04.300,3.363,10000
2020-11-04 09:38:04.300,3.363,100
2020-11-04 09:38:04.300,3.363,32100
2020-11-04 09:38:04.300,3.363,2000
2020-11-04 09:38:04.300,3.363,23600
2020-11-04 09:38:04.300,3.363,2000
2020-11-04 09:38:04.300,3.363,3000
2020-11-04 09:38:04.300,3.363,100
2020-11-04 09:38:04.410,3.363,100
2020-11-04 09:38:05.120,3.363,6000
2020-11-04 09:38:06.700,3.363,21000
2020-11-04 09:38:06.700,3.363,100
2020-11-04 09:38:06.700,3.364,15900
2020-11-04 09:38:07.610,3.363,2000
2020-11-04 09:38:08.030,3.363,30300
2020-11-04 09:38:08.270,3.363,3300
2020-11-04 09:38:09.110,3.364,265100
2020-11-04 09:38:09.110,3.364,5000
2020-11-04 09:38:09.110,3.364,4000
2020-11-04 09:38:09.110,3.364,2000
2020-11-04 09:38:09.110,3.364,300
2020-11-04 09:38:09.110,3.364,200
2020-11-04 09:38:09.110,3.364,23400
2020-11-04 09:38:09.400,3.364,4100
2020-11-04 09:38:10.210,3.363,2000
2020-11-04 09:38:10.450,3.363,5000
2020-11-04 09:38:11.040,3.364,2500
2020-11-04 09:38:14.820,3.363,10000
2020-11-04 09:38:14.820,3.363,20000
2020-11-04 09:38:18.220,3.363,2000
2020-11-04 09:38:18.290,3.363,44100
2020-11-04 09:38:18.530,3.363,20000
2020-11-04 09:38:18.880,3.364,100
2020-11-04 09:38:18.880,3.364,3500
2020-11-04 09:38:18.880,3.364,4200
2020-11-04 09:38:18.880,3.365,4500
2020-11-04 09:38:20.510,3.364,100
2020-11-04 09:38:20.630,3.363,5900
2020-11-04 09:38:20.630,3.363,200
2020-11-04 09:38:20.630,3.363,3000
2020-11-04 09:38:20.630,3.363,900
2020-11-04 09:38:21.720,3.364,800
2020-11-04 09:38:22.190,3.363,100
2020-11-04 09:38:22.190,3.363,7500
2020-11-04 09:38:22.190,3.363,2400
2020-11-04 09:38:23.030,3.363,600
2020-11-04 09:38:23.610,3.362,100
2020-11-04 09:38:23.920,3.362,200
2020-11-04 09:38:23.920,3.362,100
2020-11-04 09:38:23.920,3.362,5000
2020-11-04 09:38:23.920,3.362,38000
2020-11-04 09:38:23.920,3.362,13100
2020-11-04 09:38:26.050,3.363,400
2020-11-04 09:38:28.220,3.363,9200
2020-11-04 09:38:29.070,3.363,1800
2020-11-04 09:38:30.670,3.364,14000
2020-11-04 09:38:30.670,3.364,2000
2020-11-04 09:38:30.670,3.364,1000
2020-11-04 09:38:30.670,3.364,10800
2020-11-04 09:38:30.670,3.365,16800
2020-11-04 09:38:33.150,3.363,10000
2020-11-04 09:38:34.260,3.364,100
2020-11-04 09:38:35.200,3.363,223400
2020-11-04 09:38:35.570,3.363,500
2020-11-04 09:38:35.570,3.364,600
2020-11-04 09:38:36.540,3.364,18500
2020-11-04 09:38:36.540,3.364,10000
2020-11-04 09:38:36.540,3.364,3400
2020-11-04 09:38:37.870,3.364,100
2020-11-04 09:38:37.950,3.364,1000
2020-11-04 09:38:38.460,3.364,10000
2020-11-04 09:38:38.650,3.364,257000
2020-11-04 09:38:38.650,3.364,109300
2020-11-04 09:38:39.110,3.365,10000
2020-11-04 09:38:40.030,3.363,5000
2020-11-04 09:38:41.510,3.364,2000
2020-11-04 09:38:43.220,3.364,500
2020-11-04 09:38:44.320,3.364,7500
2020-11-04 09:38:44.320,3.364,2500
2020-11-04 09:38:44.580,3.363,10000
2020-11-04 09:38:45.260,3.363,40000
2020-11-04 09:38:46.160,3.363,11100
2020-11-04 09:38:46.160,3.363,27100
2020-11-04 09:38:46.160,3.363,7600
2020-11-04 09:38:46.160,3.362,16800
2020-11-04 09:38:46.160,3.362,2300
2020-11-04 09:38:49.570,3.362,50000
2020-11-04 09:38:52.200,3.362,15000
2020-11-04 09:38:52.870,3.362,300
2020-11-04 09:38:53.000,3.361,100
2020-11-04 09:38:53.470,3.362,500
2020-11-04 09:38:53.730,3.362,10000
2020-11-04 09:38:55.310,3.362,1800
2020-11-04 09:38:55.770,3.362,1600
2020-11-04 09:38:56.670,3.362,100
2020-11-04 09:38:57.170,3.362,1500
2020-11-04 09:38:59.460,3.361,1200
2020-11-04 09:38:59.460,3.361,2000
2020-11-04 09:38:59.460,3.361,100
2020-11-04 09:38:59.460,3.361,30000
2020-11-04 09:38:59.460,3.361,3800
2020-11-04 09:38:59.460,3.361,3000
2020-11-04 09:38:59.460,3.361,9900
2020-11-04 09:39:01.550,3.361,500
2020-11-04 09:39:01.610,3.361,15100
2020-11-04 09:39:05.440,3.361,6000
2020-11-04 09:39:08.500,3.361,15500
2020-11-04 09:39:09.910,3.361,100
2020-11-04 09:39:12.760,3.361,16300
2020-11-04 09:39:14.690,3.361,1000
2020-11-04 09:39:17.960,3.361,1800
2020-11-04 09:39:17.960,3.361,5000
2020-11-04 09:39:17.960,3.361,3600
2020-11-04 09:39:17.960,3.361,10000
2020-11-04 09:39:17.960,3.361,19100
2020-11-04 09:39:17.960,3.361,20000
2020-11-04 09:39:17.960,3.361,3400
2020-11-04 09:39:18.200,3.362,5600
2020-11-04 09:39:19.120,3.361,800
2020-11-04 09:39:19.120,3.361,500
2020-11-04 09:39:19.120,3.361,1000
2020-11-04 09:39:19.120,3.361,3000
2020-11-04 09:39:20.190,3.361,2000
2020-11-04 09:39:21.660,3.361,1000
2020-11-04 09:39:22.110,3.36,20000
2020-11-04 09:39:23.070,3.36,8500
2020-11-04 09:39:23.070,3.36,2000
2020-11-04 09:39:23.070,3.36,500
2020-11-04 09:39:23.070,3.36,100
2020-11-04 09:39:23.070,3.36,500
2020-11-04 09:39:23.070,3.36,200
2020-11-04 09:39:23.070,3.36,20000
2020-11-04 09:39:23.070,3.36,24600
2020-11-04 09:39:23.830,3.361,1700
2020-11-04 09:39:23.830,3.361,3000
2020-11-04 09:39:23.830,3.361,5300
2020-11-04 09:39:26.050,3.36,67800
2020-11-04 09:39:26.050,3.36,1000
2020-11-04 09:39:26.050,3.36,20000
2020-11-04 09:39:26.050,3.36,11200
2020-11-04 09:39:26.320,3.36,13800
2020-11-04 09:39:26.320,3.36,100
2020-11-04 09:39:26.320,3.36,1200
2020-11-04 09:39:26.320,3.36,2100
2020-11-04 09:39:26.320,3.36,2000
2020-11-04 09:39:26.320,3.36,3000
2020-11-04 09:39:26.320,3.36,10000
2020-11-04 09:39:26.320,3.36,7800
2020-11-04 09:39:27.420,3.36,12200
2020-11-04 09:39:27.420,3.36,15100
2020-11-04 09:39:27.420,3.36,10000
2020-11-04 09:39:27.420,3.36,12300
2020-11-04 09:39:27.420,3.36,1300
2020-11-04 09:39:28.430,3.36,500
2020-11-04 09:39:31.900,3.36,243300
2020-11-04 09:39:31.900,3.36,56700
2020-11-04 09:39:32.510,3.36,2000
2020-11-04 09:39:33.460,3.36,241300
2020-11-04 09:39:33.460,3.36,15100
2020-11-04 09:39:33.460,3.36,25000
2020-11-04 09:39:33.460,3.36,4000
2020-11-04 09:39:33.460,3.36,14500
2020-11-04 09:39:33.460,3.36,100
2020-11-04 09:39:33.580,3.36,9900
2020-11-04 09:39:33.580,3.36,15000
2020-11-04 09:39:33.580,3.36,300
2020-11-04 09:39:34.110,3.36,223400
2020-11-04 09:39:34.760,3.36,20000
2020-11-04 09:39:34.830,3.36,5000
2020-11-04 09:39:37.660,3.361,3000
2020-11-04 09:39:38.330,3.36,8600
2020-11-04 09:39:38.970,3.36,700
2020-11-04 09:39:40.780,3.36,1000
2020-11-04 09:39:41.490,3.359,3000
2020-11-04 09:39:42.050,3.359,297000
2020-11-04 09:39:42.050,3.359,3000
2020-11-04 09:39:42.130,3.36,1000
2020-11-04 09:39:44.270,3.36,300
2020-11-04 09:39:47.730,3.359,10000
2020-11-04 09:39:48.660,3.359,10000
2020-11-04 09:39:51.030,3.36,100
2020-11-04 09:39:52.110,3.359,17700
2020-11-04 09:39:52.110,3.359,10000
2020-11-04 09:39:52.110,3.359,800
2020-11-04 09:39:52.110,3.359,9100
2020-11-04 09:39:52.170,3.359,300
2020-11-04 09:39:53.540,3.359,500
2020-11-04 09:39:53.660,3.359,1100
2020-11-04 09:39:53.660,3.359,3200
2020-11-04 09:39:54.640,3.36,100
2020-11-04 09:39:54.640,3.359,100
2020-11-04 09:39:56.170,3.36,1500
2020-11-04 09:39:58.420,3.359,5000
2020-11-04 09:39:58.820,3.359,7000
2020-11-04 09:39:58.820,3.359,3000
2020-11-04 09:39:59.140,3.359,7000
2020-11-04 09:39:59.140,3.359,5000
2020-11-04 09:39:59.140,3.359,5300
2020-11-04 09:39:59.140,3.359,195600
2020-11-04 09:39:59.140,3.359,20000
2020-11-04 09:39:59.140,3.359,18300
2020-11-04 09:39:59.140,3.359,500
2020-11-04 09:39:59.140,3.359,1000
2020-11-04 09:40:01.690,3.359,2900
2020-11-04 09:40:02.880,3.359,200
2020-11-04 09:40:02.930,3.358,300
2020-11-04 09:40:02.930,3.358,700
2020-11-04 09:40:04.180,3.358,6300
2020-11-04 09:40:04.180,3.358,5100
2020-11-04 09:40:04.180,3.358,5000
2020-11-04 09:40:04.180,3.358,2000
2020-11-04 09:40:04.180,3.358,100
2020-11-04 09:40:04.180,3.358,1500
2020-11-04 09:40:04.210,3.358,18500
2020-11-04 09:40:04.210,3.358,1500
2020-11-04 09:40:04.530,3.358,4500
2020-11-04 09:40:04.530,3.358,300
2020-11-04 09:40:04.530,3.358,3700
2020-11-04 09:40:05.070,3.358,7300
2020-11-04 09:40:05.070,3.358,2000
2020-11-04 09:40:05.070,3.358,1000
2020-11-04 09:40:05.070,3.358,3000
2020-11-04 09:40:05.070,3.358,100
2020-11-04 09:40:05.070,3.358,4600
2020-11-04 09:40:05.070,3.358,300
2020-11-04 09:40:05.070,3.358,1700
2020-11-04 09:40:05.510,3.358,8600
2020-11-04 09:40:05.710,3.358,4700
2020-11-04 09:40:05.830,3.358,295300
2020-11-04 09:40:05.890,3.358,300000
2020-11-04 09:40:06.340,3.358,239700
2020-11-04 09:40:06.340,3.357,2700
2020-11-04 09:40:06.340,3.357,1000
2020-11-04 09:40:06.340,3.357,500
2020-11-04 09:40:06.340,3.357,3000
2020-11-04 09:40:06.340,3.357,53100
2020-11-04 09:40:08.710,3.358,4500
2020-11-04 09:40:08.710,3.358,15500
2020-11-04 09:40:08.710,3.357,21500
2020-11-04 09:40:09.080,3.358,3400
2020-11-04 09:40:10.510,3.357,25400
2020-11-04 09:40:10.510,3.357,11000
2020-11-04 09:40:10.510,3.357,5000
2020-11-04 09:40:12.910,3.357,500
2020-11-04 09:40:14.940,3.356,53200
2020-11-04 09:40:14.940,3.356,1000
2020-11-04 09:40:14.940,3.356,72200
2020-11-04 09:40:14.940,3.356,2000
2020-11-04 09:40:14.940,3.356,3000
2020-11-04 09:40:14.940,3.356,2500
2020-11-04 09:40:14.940,3.356,3000
2020-11-04 09:40:14.940,3.356,3200
2020-11-04 09:40:14.940,3.356,7000
2020-11-04 09:40:14.940,3.356,2000
2020-11-04 09:40:14.940,3.356,10000
2020-11-04 09:40:14.940,3.356,11000
2020-11-04 09:40:14.940,3.356,1000
2020-11-04 09:40:14.940,3.356,500
2020-11-04 09:40:14.940,3.356,100
2020-11-04 09:40:14.940,3.355,20000
2020-11-04 09:40:14.940,3.355,2000
2020-11-04 09:40:14.940,3.355,1000
2020-11-04 09:40:14.940,3.355,200
2020-11-04 09:40:14.940,3.355,2000
2020-11-04 09:40:14.940,3.355,59400
2020-11-04 09:40:14.940,3.355,5000
2020-11-04 09:40:14.940,3.355,38700
2020-11-04 09:40:20.050,3.356,600
2020-11-04 09:40:20.440,3.355,10000
2020-11-04 09:40:20.860,3.355,1300
2020-11-04 09:40:22.390,3.355,300
2020-11-04 09:40:22.420,3.355,149700
2020-11-04 09:40:22.420,3.355,5900
2020-11-04 09:40:22.420,3.355,10000
2020-11-04 09:40:22.420,3.355,10000
2020-11-04 09:40:22.420,3.355,100
2020-11-04 09:40:22.420,3.355,10000
2020-11-04 09:40:22.420,3.355,114300
2020-11-04 09:40:23.550,3.356,1800
2020-11-04 09:40:23.550,3.356,800
2020-11-04 09:40:25.400,3.356,2200
2020-11-04 09:40:25.400,3.356,1800
2020-11-04 09:40:25.400,3.356,500
2020-11-04 09:40:25.480,3.356,12700
2020-11-04 09:40:25.480,3.356,237300
2020-11-04 09:40:25.770,3.356,40000
2020-11-04 09:40:25.800,3.356,1000
2020-11-04 09:40:25.860,3.356,18100
2020-11-04 09:40:26.830,3.356,1000
2020-11-04 09:40:26.830,3.356,96100
2020-11-04 09:40:27.660,3.356,5000
2020-11-04 09:40:27.750,3.356,4400
2020-11-04 09:40:28.850,3.357,200
2020-11-04 09:40:28.850,3.357,100
2020-11-04 09:40:28.850,3.357,900
2020-11-04 09:40:28.880,3.356,10000
2020-11-04 09:40:29.320,3.356,4500
2020-11-04 09:40:29.680,3.356,5000
2020-11-04 09:40:29.680,3.356,15000
2020-11-04 09:40:32.590,3.356,50000
2020-11-04 09:40:33.140,3.356,10000
2020-11-04 09:40:33.140,3.356,20000
2020-11-04 09:40:33.140,3.356,4200
2020-11-04 09:40:33.140,3.356,34800
2020-11-04 09:40:35.430,3.356,5200
2020-11-04 09:40:35.430,3.356,1800
2020-11-04 09:40:38.450,3.356,3000
2020-11-04 09:40:39.830,3.356,2000
2020-11-04 09:40:39.830,3.356,1000
2020-11-04 09:40:40.050,3.357,100
2020-11-04 09:40:40.050,3.357,2000
2020-11-04 09:40:40.970,3.357,10000
2020-11-04 09:40:41.350,3.357,16700
2020-11-04 09:40:41.880,3.357,1800
2020-11-04 09:40:42.940,3.356,300
2020-11-04 09:40:43.270,3.357,300
2020-11-04 09:40:43.600,3.357,700
2020-11-04 09:40:45.110,3.356,7600
2020-11-04 09:40:45.790,3.357,1000
2020-11-04 09:40:46.820,3.357,700
2020-11-04 09:40:46.820,3.357,5200
2020-11-04 09:40:47.440,3.357,3500
2020-11-04 09:40:47.830,3.357,6500
2020-11-04 09:40:48.710,3.357,3500
2020-11-04 09:40:49.170,3.357,10000
2020-11-04 09:40:50.210,3.357,5400
2020-11-04 09:40:50.270,3.357,4100
2020-11-04 09:40:50.270,3.357,1900
2020-11-04 09:40:51.190,3.357,300
2020-11-04 09:40:51.520,3.358,500
2020-11-04 09:40:51.520,3.358,10000
2020-11-04 09:40:51.520,3.358,19500
2020-11-04 09:40:51.810,3.357,800
2020-11-04 09:40:53.370,3.357,3200
2020-11-04 09:40:53.370,3.358,500
2020-11-04 09:40:53.370,3.358,19300
2020-11-04 09:40:54.880,3.356,3600
2020-11-04 09:40:56.270,3.357,2000
2020-11-04 09:40:56.270,3.357,1000
2020-11-04 09:41:00.390,3.357,1000
2020-11-04 09:41:00.390,3.357,3000
2020-11-04 09:41:00.390,3.357,1000
2020-11-04 09:41:04.230,3.357,5000
2020-11-04 09:41:04.820,3.356,100
2020-11-04 09:41:05.420,3.356,500
2020-11-04 09:41:06.320,3.357,4000
2020-11-04 09:41:06.320,3.357,11000
2020-11-04 09:41:06.320,3.357,10300
2020-11-04 09:41:09.160,3.356,1000
2020-11-04 09:41:15.100,3.356,5800
2020-11-04 09:41:15.350,3.357,9700
2020-11-04 09:41:15.350,3.357,300000
2020-11-04 09:41:15.350,3.357,75100
2020-11-04 09:41:15.790,3.356,30100
2020-11-04 09:41:15.790,3.356,1000
2020-11-04 09:41:15.790,3.356,160000
2020-11-04 09:41:15.790,3.356,3000
2020-11-04 09:41:15.790,3.356,6000
2020-11-04 09:41:15.790,3.356,5000
2020-11-04 09:41:15.790,3.356,2000
2020-11-04 09:41:15.790,3.356,3400
2020-11-04 09:41:15.790,3.356,200
2020-11-04 09:41:19.820,3.356,200
2020-11-04 09:41:20.690,3.356,1700
2020-11-04 09:41:23.620,3.356,10000
2020-11-04 09:41:23.660,3.355,2400
2020-11-04 09:41:28.850,3.355,43400
2020-11-04 09:41:28.850,3.355,25600
2020-11-04 09:41:29.210,3.355,2000
2020-11-04 09:41:29.340,3.355,25000
2020-11-04 09:41:30.880,3.355,16300
2020-11-04 09:41:31.110,3.356,3000
2020-11-04 09:41:31.280,3.355,15800
2020-11-04 09:41:31.280,3.355,115300
2020-11-04 09:41:31.280,3.355,10000
2020-11-04 09:41:31.280,3.355,200
2020-11-04 09:41:31.280,3.355,6000
2020-11-04 09:41:31.280,3.355,11000
2020-11-04 09:41:31.280,3.355,1800
2020-11-04 09:41:31.280,3.355,1000
2020-11-04 09:41:31.280,3.355,10000
2020-11-04 09:41:31.280,3.355,100
2020-11-04 09:41:31.280,3.355,10000
2020-11-04 09:41:31.280,3.355,9200
2020-11-04 09:41:31.280,3.355,300
2020-11-04 09:41:31.280,3.355,1000
2020-11-04 09:41:31.280,3.355,10000
2020-11-04 09:41:31.280,3.355,10000
2020-11-04 09:41:31.280,3.355,3300
2020-11-04 09:41:31.280,3.355,600
2020-11-04 09:41:31.280,3.355,5000
2020-11-04 09:41:31.280,3.355,300
2020-11-04 09:41:31.280,3.355,10000
2020-11-04 09:41:31.280,3.355,8600
2020-11-04 09:41:32.200,3.355,200
2020-11-04 09:41:34.090,3.355,3000
2020-11-04 09:41:34.840,3.355,23000
2020-11-04 09:41:37.290,3.355,1100
2020-11-04 09:41:37.440,3.355,10000
2020-11-04 09:41:37.590,3.355,3000
2020-11-04 09:41:39.490,3.355,500
2020-11-04 09:41:40.940,3.354,87400
2020-11-04 09:41:42.740,3.355,100
2020-11-04 09:41:42.740,3.355,500
2020-11-04 09:41:43.750,3.355,23000
2020-11-04 09:41:43.950,3.355,1900
2020-11-04 09:41:43.950,3.355,10000
2020-11-04 09:41:44.340,3.355,300
2020-11-04 09:41:44.340,3.355,1000
2020-11-04 09:41:44.340,3.355,200
2020-11-04 09:41:45.120,3.355,500
2020-11-04 09:41:45.230,3.354,30000
2020-11-04 09:41:46.030,3.354,1000
2020-11-04 09:41:46.180,3.355,3300
2020-11-04 09:41:46.590,3.355,1000
2020-11-04 09:41:46.590,3.355,10000
2020-11-04 09:41:46.590,3.355,12000
2020-11-04 09:41:46.770,3.355,19200
2020-11-04 09:41:46.770,3.355,2600
2020-11-04 09:41:46.770,3.355,500
2020-11-04 09:41:48.200,3.355,5000
2020-11-04 09:41:48.400,3.356,74400
2020-11-04 09:41:48.400,3.356,300
2020-11-04 09:41:48.400,3.356,10000
2020-11-04 09:41:48.400,3.356,300
2020-11-04 09:41:48.400,3.356,164200
2020-11-04 09:41:48.400,3.356,50900
2020-11-04 09:41:48.980,3.355,6000
2020-11-04 09:41:49.100,3.356,6200
2020-11-04 09:41:49.620,3.356,5000
2020-11-04 09:41:49.770,3.356,1100
2020-11-04 09:41:50.210,3.356,5000
2020-11-04 09:41:50.580,3.356,17600
2020-11-04 09:41:53.320,3.356,2000
2020-11-04 09:41:57.910,3.356,1700
2020-11-04 09:41:58.300,3.356,21300
2020-11-04 09:41:58.300,3.356,600
2020-11-04 09:42:03.810,3.356,6100
2020-11-04 09:42:03.810,3.356,1900
2020-11-04 09:42:03.810,3.357,300
2020-11-04 09:42:03.810,3.357,1700
2020-11-04 09:42:05.260,3.355,2700
2020-11-04 09:42:05.380,3.355,2200
2020-11-04 09:42:06.470,3.356,200
2020-11-04 09:42:06.470,3.355,100
2020-11-04 09:42:06.470,3.355,700
2020-11-04 09:42:07.330,3.355,3000
2020-11-04 09:42:07.450,3.355,36000
2020-11-04 09:42:07.450,3.355,1500
2020-11-04 09:42:07.450,3.355,200
2020-11-04 09:42:08.720,3.355,40000
2020-11-04 09:42:09.450,3.355,100000
2020-11-04 09:42:10.170,3.355,67900
2020-11-04 09:42:10.170,3.355,1500
2020-11-04 09:42:11.020,3.355,130000
2020-11-04 09:42:12.100,3.355,37700
2020-11-04 09:42:16.500,3.356,50000
2020-11-04 09:42:16.810,3.355,14400
2020-11-04 09:42:17.080,3.356,129500
2020-11-04 09:42:17.080,3.356,22000
2020-11-04 09:42:17.110,3.356,100
2020-11-04 09:42:17.840,3.357,500
2020-11-04 09:42:18.370,3.356,1700
2020-11-04 09:42:19.980,3.356,100
2020-11-04 09:42:20.280,3.357,5300
2020-11-04 09:42:23.420,3.358,2200
2020-11-04 09:42:23.420,3.358,82000
2020-11-04 09:42:23.480,3.358,6100
2020-11-04 09:42:24.310,3.358,5100
2020-11-04 09:42:25.160,3.358,2000
2020-11-04 09:42:25.730,3.358,3000
2020-11-04 09:42:25.790,3.358,100
2020-11-04 09:42:27.640,3.358,7000
2020-11-04 09:42:31.320,3.358,100
2020-11-04 09:42:32.530,3.358,200
2020-11-04 09:42:34.800,3.358,5700
2020-11-04 09:42:35.770,3.358,19000
2020-11-04 09:42:35.770,3.358,10000
2020-11-04 09:42:36.060,3.358,2000
2020-11-04 09:42:37.510,3.359,1600
2020-11-04 09:42:38.520,3.358,300
2020-11-04 09:42:38.880,3.358,155200
2020-11-04 09:42:38.880,3.358,500
2020-11-04 09:42:40.360,3.358,26000
2020-11-04 09:42:40.950,3.358,1400
2020-11-04 09:42:41.390,3.358,500
2020-11-04 09:42:42.880,3.357,20000
2020-11-04 09:42:44.840,3.357,1500
2020-11-04 09:42:44.990,3.357,3000
2020-11-04 09:42:46.930,3.357,700
2020-11-04 09:42:49.070,3.356,106600
2020-11-04 09:42:49.070,3.356,3000
2020-11-04 09:42:49.070,3.356,23000
2020-11-04 09:42:49.070,3.356,3000
2020-11-04 09:42:49.070,3.356,200
2020-11-04 09:42:49.070,3.356,2000
2020-11-04 09:42:49.520,3.356,1000
2020-11-04 09:42:50.100,3.356,161200
2020-11-04 09:42:51.330,3.358,300
2020-11-04 09:42:53.440,3.358,700
2020-11-04 09:42:53.440,3.358,300
2020-11-04 09:42:53.440,3.358,1000
2020-11-04 09:42:53.440,3.358,6500
2020-11-04 09:42:53.440,3.358,3000
2020-11-04 09:42:57.420,3.358,37700
2020-11-04 09:42:59.140,3.358,10000
2020-11-04 09:43:00.410,3.358,20000
2020-11-04 09:43:03.980,3.358,55000
2020-11-04 09:43:04.010,3.358,5000
2020-11-04 09:43:07.130,3.358,4000
2020-11-04 09:43:10.810,3.358,50000
2020-11-04 09:43:10.870,3.358,106800
2020-11-04 09:43:12.370,3.358,5000
2020-11-04 09:43:15.190,3.358,4500
2020-11-04 09:43:18.290,3.358,200
2020-11-04 09:43:19.360,3.358,900
