Datetime,Price,Volume
2020-11-04 09:25:00.080,4.845,7300
2020-11-04 09:25:00.080,4.845,10000
2020-11-04 09:25:00.080,4.845,7700
2020-11-04 09:25:00.080,4.845,2300
2020-11-04 09:25:00.080,4.845,10000
2020-11-04 09:25:00.080,4.845,10000
2020-11-04 09:25:00.080,4.845,300
2020-11-04 09:25:00.080,4.845,2400
2020-11-04 09:25:00.080,4.845,3600
2020-11-04 09:25:00.080,4.845,1200
2020-11-04 09:25:00.080,4.845,9800
2020-11-04 09:25:00.080,4.845,37300
2020-11-04 09:25:00.080,4.845,10000
2020-11-04 09:25:00.080,4.845,1100
2020-11-04 09:25:00.080,4.845,3400
2020-11-04 09:25:00.080,4.845,6000
2020-11-04 09:25:00.080,4.845,600
2020-11-04 09:25:00.080,4.845,5000
2020-11-04 09:25:00.080,4.845,400
2020-11-04 09:25:00.080,4.845,19600
2020-11-04 09:25:00.080,4.845,10000
2020-11-04 09:25:00.080,4.845,3000
2020-11-04 09:25:00.080,4.845,10000
2020-11-04 09:25:00.080,4.845,5700
2020-11-04 09:25:00.080,4.845,2200
2020-11-04 09:25:00.080,4.845,2500
2020-11-04 09:25:00.080,4.845,2000
2020-11-04 09:25:00.080,4.845,22000
2020-11-04 09:25:00.080,4.845,18800
2020-11-04 09:25:00.080,4.845,10000
2020-11-04 09:25:00.080,4.845,200
2020-11-04 09:25:00.080,4.845,200
2020-11-04 09:25:00.080,4.845,100
2020-11-04 09:25:00.080,4.845,2000
2020-11-04 09:25:00.080,4.845,100
2020-11-04 09:25:00.080,4.845,200
2020-11-04 09:25:00.080,4.845,300
2020-11-04 09:25:00.080,4.845,100
2020-11-04 09:25:00.080,4.845,500
2020-11-04 09:25:00.080,4.845,57500
2020-11-04 09:25:00.080,4.845,2500
2020-11-04 09:25:00.080,4.845,1700
2020-11-04 09:25:00.080,4.845,100
2020-11-04 09:25:00.080,4.845,5000
2020-11-04 09:25:00.080,4.845,1000
2020-11-04 09:25:00.080,4.845,10000
2020-11-04 09:25:00.080,4.845,10000
2020-11-04 09:25:00.080,4.845,17600
2020-11-04 09:25:00.080,4.845,13400
2020-11-04 09:25:00.080,4.845,6000
2020-11-04 09:25:00.080,4.845,14000
2020-11-04 09:25:00.080,4.845,7300
2020-11-04 09:25:00.080,4.845,1000
2020-11-04 09:25:00.080,4.845,200
2020-11-04 09:25:00.080,4.845,3300
2020-11-04 09:25:00.080,4.845,1800
2020-11-04 09:25:00.080,4.845,252500
2020-11-04 09:25:00.080,4.845,40800
2020-11-04 09:25:00.080,4.845,2200
2020-11-04 09:25:00.080,4.845,34400
2020-11-04 09:25:00.080,4.845,500
2020-11-04 09:25:00.080,4.845,100
2020-11-04 09:25:00.080,4.845,15800
2020-11-04 09:25:00.080,4.845,10000
2020-11-04 09:25:00.080,4.845,4800
2020-11-04 09:25:00.080,4.845,6500
2020-11-04 09:25:00.080,4.845,13500
2020-11-04 09:25:00.080,4.845,8200
2020-11-04 09:25:00.080,4.845,1800
2020-11-04 09:25:00.080,4.845,10100
2020-11-04 09:25:00.080,4.845,10100
2020-11-04 09:25:00.080,4.845,70000
2020-11-04 09:25:00.080,4.845,7000
2020-11-04 09:25:00.080,4.845,300
2020-11-04 09:25:00.080,4.845,100
2020-11-04 09:25:00.080,4.845,100
2020-11-04 09:25:00.080,4.845,4100
2020-11-04 09:25:00.080,4.845,20000
2020-11-04 09:25:00.080,4.845,300
2020-11-04 09:25:00.080,4.845,66100
2020-11-04 09:25:00.080,4.845,7700
2020-11-04 09:25:00.080,4.845,10000
2020-11-04 09:25:00.080,4.845,200
2020-11-04 09:25:00.080,4.845,10000
2020-11-04 09:25:00.080,4.845,1900
2020-11-04 09:25:00.080,4.845,200
2020-11-04 09:25:00.080,4.845,100
2020-11-04 09:25:00.080,4.845,500
2020-11-04 09:25:00.080,4.845,700
2020-11-04 09:25:00.080,4.845,200
2020-11-04 09:25:00.080,4.845,1000
2020-11-04 09:25:00.080,4.845,100
2020-11-04 09:25:00.080,4.845,500
2020-11-04 09:25:00.080,4.845,700
2020-11-04 09:25:00.080,4.845,200
2020-11-04 09:25:00.080,4.845,5200
2020-11-04 09:25:00.080,4.845,7600
2020-11-04 09:25:00.080,4.845,100
2020-11-04 09:25:00.080,4.845,100
2020-11-04 09:25:00.080,4.845,100
2020-11-04 09:25:00.080,4.845,2100
2020-11-04 09:25:00.080,4.845,1700
2020-11-04 09:25:00.080,4.845,100
2020-11-04 09:25:00.080,4.845,18900
2020-11-04 09:25:00.080,4.845,1300
2020-11-04 09:25:00.080,4.845,1700
2020-11-04 09:25:00.080,4.845,1400
2020-11-04 09:25:00.080,4.845,200
2020-11-04 09:25:00.080,4.845,7300
2020-11-04 09:25:00.080,4.845,200
2020-11-04 09:25:00.080,4.845,5000
2020-11-04 09:25:00.080,4.845,400
2020-11-04 09:25:00.080,4.845,100
2020-11-04 09:25:00.080,4.845,500
2020-11-04 09:25:00.080,4.845,500
2020-11-04 09:25:00.080,4.845,30000
2020-11-04 09:25:00.080,4.845,4000
2020-11-04 09:25:00.080,4.845,99900
2020-11-04 09:25:00.080,4.845,1900
2020-11-04 09:25:00.080,4.845,5000
2020-11-04 09:25:00.080,4.845,4800
2020-11-04 09:25:00.080,4.845,6400
2020-11-04 09:25:00.080,4.845,1500
2020-11-04 09:25:00.080,4.845,9000
2020-11-04 09:25:00.080,4.845,19000
2020-11-04 09:25:00.080,4.845,300
2020-11-04 09:25:00.080,4.845,500
2020-11-04 09:25:00.080,4.845,5000
2020-11-04 09:25:00.080,4.845,10700
2020-11-04 09:25:00.080,4.845,1000
2020-11-04 09:25:00.080,4.845,1000
2020-11-04 09:25:00.080,4.845,10000
2020-11-04 09:25:00.080,4.845,2200
2020-11-04 09:25:00.080,4.845,1000
2020-11-04 09:25:00.080,4.845,3000
2020-11-04 09:25:00.080,4.845,3300
2020-11-04 09:25:00.080,4.845,31800
2020-11-04 09:25:00.080,4.845,5000
2020-11-04 09:25:00.080,4.845,14000
2020-11-04 09:25:00.080,4.845,2000
2020-11-04 09:25:00.080,4.845,25000
2020-11-04 09:25:00.080,4.845,400
2020-11-04 09:25:00.080,4.845,100
2020-11-04 09:25:00.080,4.845,7600
2020-11-04 09:25:00.080,4.845,10700
2020-11-04 09:25:00.080,4.845,3000
2020-11-04 09:25:00.080,4.845,5000
2020-11-04 09:25:00.080,4.845,11000
2020-11-04 09:25:00.080,4.845,900
2020-11-04 09:25:00.080,4.845,3800
2020-11-04 09:25:00.080,4.845,4400
2020-11-04 09:25:00.080,4.845,39900
2020-11-04 09:25:00.080,4.845,3500
2020-11-04 09:25:00.080,4.845,30000
2020-11-04 09:25:00.080,4.845,7500
2020-11-04 09:25:00.080,4.845,30000
2020-11-04 09:25:00.080,4.845,100
2020-11-04 09:25:00.080,4.845,500
2020-11-04 09:25:00.080,4.845,3300
2020-11-04 09:25:00.080,4.845,7900
2020-11-04 09:25:00.080,4.845,50000
2020-11-04 09:25:00.080,4.845,2000
2020-11-04 09:25:00.080,4.845,22100
2020-11-04 09:25:00.080,4.845,50000
2020-11-04 09:25:00.080,4.845,2900
2020-11-04 09:25:00.080,4.845,10300
2020-11-04 09:25:00.080,4.845,5500
2020-11-04 09:25:00.080,4.845,44000
2020-11-04 09:25:00.080,4.845,64400
2020-11-04 09:25:00.080,4.845,100
2020-11-04 09:25:00.080,4.845,100
2020-11-04 09:25:00.080,4.845,1000
2020-11-04 09:25:00.080,4.845,1000
2020-11-04 09:25:00.080,4.845,10000
2020-11-04 09:25:00.080,4.845,100
2020-11-04 09:25:00.080,4.845,300
2020-11-04 09:25:00.080,4.845,500
2020-11-04 09:25:00.080,4.845,200
2020-11-04 09:25:00.080,4.845,3000
2020-11-04 09:25:00.080,4.845,100
2020-11-04 09:25:00.080,4.845,100
2020-11-04 09:25:00.080,4.845,100
2020-11-04 09:25:00.080,4.845,500
2020-11-04 09:25:00.080,4.845,1500
2020-11-04 09:25:00.080,4.845,100
2020-11-04 09:25:00.080,4.845,500
2020-11-04 09:25:00.080,4.845,200
2020-11-04 09:25:00.080,4.845,100
2020-11-04 09:25:00.080,4.845,300
2020-11-04 09:25:00.080,4.845,100000
2020-11-04 09:25:00.080,4.845,10000
2020-11-04 09:25:00.080,4.845,300
2020-11-04 09:25:00.080,4.845,300
2020-11-04 09:25:00.080,4.845,300
2020-11-04 09:25:00.080,4.845,100
2020-11-04 09:25:00.080,4.845,700
2020-11-04 09:25:00.080,4.845,500
2020-11-04 09:25:00.080,4.845,200
2020-11-04 09:25:00.080,4.845,1000
2020-11-04 09:25:00.080,4.845,23000
2020-11-04 09:25:00.080,4.845,200
2020-11-04 09:25:00.080,4.845,6800
2020-11-04 09:25:00.080,4.845,200
2020-11-04 09:25:00.080,4.845,500
2020-11-04 09:25:00.080,4.845,300
2020-11-04 09:25:00.080,4.845,1000
2020-11-04 09:25:00.080,4.845,200
2020-11-04 09:25:00.080,4.845,2000
2020-11-04 09:25:00.080,4.845,1500
2020-11-04 09:25:00.080,4.845,1500
2020-11-04 09:25:00.080,4.845,900
2020-11-04 09:25:00.080,4.845,600
2020-11-04 09:25:00.080,4.845,200
2020-11-04 09:25:00.080,4.845,100
2020-11-04 09:25:00.080,4.845,3000
2020-11-04 09:25:00.080,4.845,700
2020-11-04 09:25:00.080,4.845,400
2020-11-04 09:25:00.080,4.845,3000
2020-11-04 09:25:00.080,4.845,300
2020-11-04 09:25:00.080,4.845,100
2020-11-04 09:25:00.080,4.845,100
2020-11-04 09:25:00.080,4.845,20000
2020-11-04 09:25:00.080,4.845,1000
2020-11-04 09:25:00.080,4.845,300
2020-11-04 09:25:00.080,4.845,20000
2020-11-04 09:25:00.080,4.845,1000
2020-11-04 09:30:00.020,4.844,300
2020-11-04 09:30:00.020,4.844,300
2020-11-04 09:30:00.020,4.844,1000
2020-11-04 09:30:00.020,4.844,100
2020-11-04 09:30:00.020,4.844,10300
2020-11-04 09:30:00.020,4.843,100000
2020-11-04 09:30:00.020,4.843,5000
2020-11-04 09:30:00.020,4.843,10000
2020-11-04 09:30:00.020,4.843,1700
2020-11-04 09:30:00.020,4.842,34000
2020-11-04 09:30:00.020,4.842,70000
2020-11-04 09:30:00.020,4.842,24000
2020-11-04 09:30:00.020,4.842,20000
2020-11-04 09:30:00.020,4.842,20000
2020-11-04 09:30:00.020,4.841,3300
2020-11-04 09:30:00.070,4.845,5000
2020-11-04 09:30:00.070,4.845,10800
2020-11-04 09:30:00.070,4.845,700
2020-11-04 09:30:00.070,4.845,100
2020-11-04 09:30:00.070,4.845,700
2020-11-04 09:30:00.070,4.845,100
2020-11-04 09:30:00.070,4.845,5000
2020-11-04 09:30:00.070,4.845,2000
2020-11-04 09:30:00.070,4.845,130600
2020-11-04 09:30:00.360,4.842,600
2020-11-04 09:30:00.360,4.842,400
2020-11-04 09:30:00.470,4.842,4800
2020-11-04 09:30:00.470,4.842,100
2020-11-04 09:30:00.470,4.842,300
2020-11-04 09:30:00.470,4.841,3700
2020-11-04 09:30:00.470,4.841,16300
2020-11-04 09:30:00.590,4.842,500
2020-11-04 09:30:00.590,4.842,100
2020-11-04 09:30:00.590,4.842,16700
2020-11-04 09:30:00.590,4.842,73300
2020-11-04 09:30:00.710,4.842,20000
2020-11-04 09:30:00.830,4.842,1500
2020-11-04 09:30:00.830,4.842,5000
2020-11-04 09:30:00.830,4.842,2100
2020-11-04 09:30:00.830,4.842,10000
2020-11-04 09:30:00.830,4.842,10000
2020-11-04 09:30:00.830,4.842,100
2020-11-04 09:30:00.830,4.842,40000
2020-11-04 09:30:00.950,4.842,1000
2020-11-04 09:30:00.950,4.842,400
2020-11-04 09:30:00.950,4.842,4200
2020-11-04 09:30:00.950,4.842,5000
2020-11-04 09:30:01.060,4.842,200
2020-11-04 09:30:01.060,4.842,1000
2020-11-04 09:30:01.180,4.842,1000
2020-11-04 09:30:01.300,4.841,6000
2020-11-04 09:30:01.300,4.841,10000
2020-11-04 09:30:01.300,4.842,4000
2020-11-04 09:30:01.300,4.841,10000
2020-11-04 09:30:01.300,4.842,6000
2020-11-04 09:30:01.300,4.842,5000
2020-11-04 09:30:01.300,4.842,11000
2020-11-04 09:30:01.300,4.842,28000
2020-11-04 09:30:01.420,4.842,100
2020-11-04 09:30:01.530,4.842,900
2020-11-04 09:30:01.530,4.842,1200
2020-11-04 09:30:01.530,4.842,20000
2020-11-04 09:30:01.530,4.841,14800
2020-11-04 09:30:01.530,4.842,5000
2020-11-04 09:30:01.530,4.842,6200
2020-11-04 09:30:01.530,4.842,1000
2020-11-04 09:30:01.530,4.842,2000
2020-11-04 09:30:01.650,4.842,30000
2020-11-04 09:30:01.650,4.842,300
2020-11-04 09:30:01.650,4.841,4400
2020-11-04 09:30:01.770,4.842,50000
2020-11-04 09:30:01.770,4.842,10000
2020-11-04 09:30:02.010,4.841,1000
2020-11-04 09:30:02.010,4.842,1600
2020-11-04 09:30:02.010,4.842,143700
2020-11-04 09:30:02.010,4.842,56300
2020-11-04 09:30:02.010,4.842,2000
2020-11-04 09:30:02.010,4.842,40700
2020-11-04 09:30:02.010,4.843,64000
2020-11-04 09:30:02.010,4.841,2000
2020-11-04 09:30:02.140,4.843,2000
2020-11-04 09:30:02.290,4.843,100
2020-11-04 09:30:02.290,4.843,1000
2020-11-04 09:30:02.290,4.843,600
2020-11-04 09:30:02.290,4.841,1700
2020-11-04 09:30:02.290,4.843,100
2020-11-04 09:30:02.410,4.843,5000
2020-11-04 09:30:02.410,4.843,10000
2020-11-04 09:30:02.410,4.843,1000
2020-11-04 09:30:02.410,4.843,300
2020-11-04 09:30:02.410,4.841,600
2020-11-04 09:30:02.530,4.843,3800
2020-11-04 09:30:02.530,4.843,13000
2020-11-04 09:30:02.530,4.843,16800
2020-11-04 09:30:02.530,4.843,3900
2020-11-04 09:30:02.530,4.841,2100
2020-11-04 09:30:02.530,4.841,2400
2020-11-04 09:30:02.530,4.843,3000
2020-11-04 09:30:02.530,4.843,1000
2020-11-04 09:30:02.530,4.843,12100
2020-11-04 09:30:02.530,4.843,1300
2020-11-04 09:30:02.530,4.843,1600
2020-11-04 09:30:02.660,4.843,700
2020-11-04 09:30:02.780,4.843,100
2020-11-04 09:30:02.780,4.843,100
2020-11-04 09:30:02.780,4.843,2400
2020-11-04 09:30:02.780,4.843,400
2020-11-04 09:30:02.780,4.843,52100
2020-11-04 09:30:02.780,4.843,1900
2020-11-04 09:30:02.780,4.844,29300
2020-11-04 09:30:02.780,4.841,500
2020-11-04 09:30:02.780,4.844,4200
2020-11-04 09:30:02.780,4.841,3000
2020-11-04 09:30:03.030,4.842,300
2020-11-04 09:30:03.140,4.842,1500
2020-11-04 09:30:03.140,4.842,8500
2020-11-04 09:30:03.140,4.842,10300
2020-11-04 09:30:03.140,4.842,5000
2020-11-04 09:30:03.140,4.841,300000
2020-11-04 09:30:03.140,4.841,70000
2020-11-04 09:30:03.270,4.842,100
2020-11-04 09:30:03.360,4.842,200
2020-11-04 09:30:03.420,4.842,20000
2020-11-04 09:30:03.420,4.842,17000
2020-11-04 09:30:03.420,4.842,14700
2020-11-04 09:30:03.420,4.843,55300
2020-11-04 09:30:03.420,4.843,3000
2020-11-04 09:30:03.540,4.843,2000
2020-11-04 09:30:03.540,4.843,100
2020-11-04 09:30:03.710,4.842,5000
2020-11-04 09:30:03.710,4.841,9900
2020-11-04 09:30:03.840,4.841,14600
2020-11-04 09:30:03.840,4.842,10000
2020-11-04 09:30:03.960,4.842,200
2020-11-04 09:30:03.960,4.841,10400
2020-11-04 09:30:04.080,4.842,300
2020-11-04 09:30:04.080,4.842,400
2020-11-04 09:30:04.210,4.842,1000
2020-11-04 09:30:04.210,4.841,2000
2020-11-04 09:30:04.210,4.842,1000
2020-11-04 09:30:04.210,4.842,1700
2020-11-04 09:30:04.210,4.842,23000
2020-11-04 09:30:04.210,4.843,49900
2020-11-04 09:30:04.210,4.843,3000
2020-11-04 09:30:04.210,4.843,500
2020-11-04 09:30:04.210,4.843,300
2020-11-04 09:30:04.210,4.843,126200
2020-11-04 09:30:04.330,4.843,200
2020-11-04 09:30:04.330,4.843,300
2020-11-04 09:30:04.330,4.843,10000
2020-11-04 09:30:04.330,4.843,600
2020-11-04 09:30:04.580,4.843,41100
2020-11-04 09:30:04.710,4.843,800
2020-11-04 09:30:04.810,4.841,8200
2020-11-04 09:30:04.840,4.843,10000
2020-11-04 09:30:04.960,4.843,2300
2020-11-04 09:30:04.960,4.843,2300
2020-11-04 09:30:04.960,4.841,300000
2020-11-04 09:30:04.960,4.843,2300
2020-11-04 09:30:04.960,4.843,2300
2020-11-04 09:30:05.080,4.842,2300
2020-11-04 09:30:05.080,4.841,7700
2020-11-04 09:30:05.080,4.843,200
2020-11-04 09:30:05.200,4.843,3000
2020-11-04 09:30:05.200,4.841,500
2020-11-04 09:30:05.200,4.843,500
2020-11-04 09:30:05.410,4.843,1300
2020-11-04 09:30:05.460,4.843,1000
2020-11-04 09:30:05.810,4.843,1500
2020-11-04 09:30:05.910,4.841,500
2020-11-04 09:30:06.230,4.841,1000
2020-11-04 09:30:06.230,4.843,4900
2020-11-04 09:30:06.230,4.843,5100
2020-11-04 09:30:06.230,4.843,100
2020-11-04 09:30:06.230,4.841,89300
2020-11-04 09:30:06.230,4.841,420000
2020-11-04 09:30:06.230,4.841,3000
2020-11-04 09:30:06.230,4.841,50000
2020-11-04 09:30:06.230,4.841,300
2020-11-04 09:30:06.230,4.841,100
2020-11-04 09:30:06.230,4.841,1000
2020-11-04 09:30:06.230,4.841,2300
2020-11-04 09:30:06.230,4.841,100
2020-11-04 09:30:06.230,4.841,3000
2020-11-04 09:30:06.270,4.841,300
2020-11-04 09:30:06.520,4.84,10000
2020-11-04 09:30:06.670,4.841,100
2020-11-04 09:30:06.920,4.841,30500
2020-11-04 09:30:06.920,4.841,141100
2020-11-04 09:30:07.320,4.841,500
2020-11-04 09:30:07.390,4.841,50000
2020-11-04 09:30:07.420,4.841,50000
2020-11-04 09:30:09.900,4.841,100
2020-11-04 09:30:09.900,4.842,100
2020-11-04 09:30:09.900,4.842,2400
2020-11-04 09:30:09.960,4.843,3000
2020-11-04 09:30:09.960,4.843,800
2020-11-04 09:30:09.960,4.843,200
2020-11-04 09:30:10.490,4.842,4500
2020-11-04 09:30:10.550,4.84,58400
2020-11-04 09:30:10.640,4.84,3400
2020-11-04 09:30:11.070,4.84,38200
2020-11-04 09:30:11.070,4.84,100
2020-11-04 09:30:11.070,4.84,200
2020-11-04 09:30:11.070,4.84,200
2020-11-04 09:30:11.070,4.84,2000
2020-11-04 09:30:11.070,4.84,5000
2020-11-04 09:30:11.070,4.84,100
2020-11-04 09:30:11.070,4.84,2800
2020-11-04 09:30:11.620,4.841,1000
2020-11-04 09:30:11.620,4.84,2200
2020-11-04 09:30:11.620,4.84,300
2020-11-04 09:30:11.620,4.84,4000
2020-11-04 09:30:11.620,4.84,200
2020-11-04 09:30:11.620,4.84,100
2020-11-04 09:30:11.620,4.84,100
2020-11-04 09:30:11.620,4.84,100
2020-11-04 09:30:11.620,4.84,200000
2020-11-04 09:30:11.620,4.84,400
2020-11-04 09:30:11.620,4.84,2300
2020-11-04 09:30:11.620,4.84,100
2020-11-04 09:30:11.620,4.84,10000
2020-11-04 09:30:11.620,4.84,4000
2020-11-04 09:30:11.620,4.84,500
2020-11-04 09:30:11.620,4.84,1000
2020-11-04 09:30:11.620,4.84,10000
2020-11-04 09:30:11.620,4.84,1000
2020-11-04 09:30:11.620,4.84,10000
2020-11-04 09:30:11.620,4.84,100
2020-11-04 09:30:11.620,4.84,2300
2020-11-04 09:30:11.620,4.84,100
2020-11-04 09:30:11.620,4.84,2000
2020-11-04 09:30:11.620,4.84,1000
2020-11-04 09:30:11.620,4.84,47200
2020-11-04 09:30:12.100,4.841,400
2020-11-04 09:30:12.200,4.84,2800
2020-11-04 09:30:12.200,4.84,9500
2020-11-04 09:30:12.360,4.841,5000
2020-11-04 09:30:12.470,4.841,100
2020-11-04 09:30:12.540,4.84,5000
2020-11-04 09:30:12.570,4.84,2000
2020-11-04 09:30:12.670,4.84,33500
2020-11-04 09:30:12.670,4.84,5000
2020-11-04 09:30:12.670,4.839,2300
2020-11-04 09:30:12.670,4.838,1000
2020-11-04 09:30:12.670,4.838,600
2020-11-04 09:30:12.670,4.838,2300
2020-11-04 09:30:12.670,4.837,100
2020-11-04 09:30:12.670,4.837,5000
2020-11-04 09:30:12.670,4.837,5000
2020-11-04 09:30:12.670,4.837,2300
2020-11-04 09:30:12.670,4.837,2500
2020-11-04 09:30:12.670,4.836,1100
2020-11-04 09:30:12.670,4.836,1100
2020-11-04 09:30:12.670,4.836,2000
2020-11-04 09:30:12.670,4.836,100
2020-11-04 09:30:12.670,4.836,1700
2020-11-04 09:30:12.670,4.836,100
2020-11-04 09:30:12.670,4.836,500
2020-11-04 09:30:12.670,4.836,200
2020-11-04 09:30:12.670,4.836,200
2020-11-04 09:30:12.670,4.836,100000
2020-11-04 09:30:12.670,4.836,1200
2020-11-04 09:30:12.670,4.836,700
2020-11-04 09:30:12.670,4.836,1800
2020-11-04 09:30:12.670,4.836,100
2020-11-04 09:30:12.670,4.836,100
2020-11-04 09:30:12.670,4.836,100
2020-11-04 09:30:12.670,4.836,1000
2020-11-04 09:30:12.670,4.836,2100
2020-11-04 09:30:12.670,4.836,300
2020-11-04 09:30:12.670,4.836,300
2020-11-04 09:30:12.670,4.836,100
2020-11-04 09:30:12.670,4.836,200
2020-11-04 09:30:12.670,4.836,100
2020-11-04 09:30:12.670,4.836,200
2020-11-04 09:30:12.670,4.836,2000
2020-11-04 09:30:12.670,4.836,1000
2020-11-04 09:30:12.670,4.836,200
2020-11-04 09:30:12.670,4.836,200
2020-11-04 09:30:12.670,4.836,100
2020-11-04 09:30:12.670,4.836,500
2020-11-04 09:30:12.670,4.836,100
2020-11-04 09:30:12.670,4.836,200
2020-11-04 09:30:12.670,4.836,100
2020-11-04 09:30:12.670,4.836,500
2020-11-04 09:30:12.670,4.836,300
2020-11-04 09:30:12.670,4.836,100
2020-11-04 09:30:12.670,4.836,1100
2020-11-04 09:30:12.670,4.836,100
2020-11-04 09:30:12.670,4.836,100
2020-11-04 09:30:12.670,4.836,500
2020-11-04 09:30:12.670,4.836,100
2020-11-04 09:30:12.670,4.836,100
2020-11-04 09:30:12.670,4.836,100
2020-11-04 09:30:12.670,4.836,100
2020-11-04 09:30:12.670,4.836,1000
2020-11-04 09:30:12.670,4.836,100
2020-11-04 09:30:12.670,4.836,100
2020-11-04 09:30:12.670,4.836,2100
2020-11-04 09:30:12.670,4.836,1000
2020-11-04 09:30:12.670,4.836,2100
2020-11-04 09:30:12.670,4.836,300
2020-11-04 09:30:12.670,4.836,100
2020-11-04 09:30:12.670,4.836,100
2020-11-04 09:30:12.670,4.836,100
2020-11-04 09:30:12.670,4.836,6000
2020-11-04 09:30:12.670,4.836,600
2020-11-04 09:30:12.670,4.836,100
2020-11-04 09:30:12.670,4.836,700
2020-11-04 09:30:12.670,4.836,200
2020-11-04 09:30:12.670,4.836,10000
2020-11-04 09:30:12.670,4.836,9400
2020-11-04 09:30:12.670,4.836,6900
2020-11-04 09:30:12.670,4.836,10000
2020-11-04 09:30:12.670,4.836,6000
2020-11-04 09:30:12.670,4.836,1500
2020-11-04 09:30:12.670,4.836,10000
2020-11-04 09:30:12.670,4.836,2300
2020-11-04 09:30:13.460,4.836,900
2020-11-04 09:30:13.910,4.836,1000
2020-11-04 09:30:13.940,4.836,300
2020-11-04 09:30:14.410,4.836,44700
2020-11-04 09:30:14.450,4.84,500
2020-11-04 09:30:14.480,4.839,5300
2020-11-04 09:30:15.040,4.836,200
2020-11-04 09:30:15.430,4.836,50000
2020-11-04 09:30:15.560,4.836,3000
2020-11-04 09:30:15.950,4.836,20000
2020-11-04 09:30:15.950,4.836,2000
2020-11-04 09:30:16.840,4.838,2000
2020-11-04 09:30:16.870,4.838,100
2020-11-04 09:30:17.030,4.838,400
2020-11-04 09:30:17.440,4.839,50000
2020-11-04 09:30:18.580,4.835,2000
2020-11-04 09:30:18.580,4.835,100
2020-11-04 09:30:18.580,4.835,200
2020-11-04 09:30:18.580,4.835,100
2020-11-04 09:30:18.580,4.835,100
2020-11-04 09:30:18.580,4.835,100
2020-11-04 09:30:18.580,4.835,400
2020-11-04 09:30:18.580,4.835,100
2020-11-04 09:30:18.580,4.835,100
2020-11-04 09:30:18.580,4.835,1000
2020-11-04 09:30:18.580,4.835,600
2020-11-04 09:30:18.580,4.835,100
2020-11-04 09:30:18.580,4.835,200
2020-11-04 09:30:18.580,4.835,100
2020-11-04 09:30:18.580,4.835,100
2020-11-04 09:30:18.580,4.835,100
2020-11-04 09:30:18.580,4.835,300
2020-11-04 09:30:18.580,4.835,3000
2020-11-04 09:30:18.580,4.835,100
2020-11-04 09:30:18.580,4.835,100
2020-11-04 09:30:18.580,4.835,100
2020-11-04 09:30:18.580,4.835,1100
2020-11-04 09:30:18.580,4.835,1000
2020-11-04 09:30:18.580,4.835,1000
2020-11-04 09:30:18.580,4.835,100
2020-11-04 09:30:18.580,4.835,100
2020-11-04 09:30:18.580,4.835,100
2020-11-04 09:30:18.580,4.835,100
2020-11-04 09:30:18.580,4.835,300
2020-11-04 09:30:18.580,4.835,100
2020-11-04 09:30:18.580,4.835,100
2020-11-04 09:30:18.580,4.835,400
2020-11-04 09:30:18.580,4.835,200
2020-11-04 09:30:18.580,4.835,200
2020-11-04 09:30:18.580,4.835,100
2020-11-04 09:30:18.580,4.835,500
2020-11-04 09:30:18.580,4.835,200
2020-11-04 09:30:18.580,4.835,100
2020-11-04 09:30:18.580,4.835,200
2020-11-04 09:30:18.580,4.835,3000
2020-11-04 09:30:18.580,4.835,100
2020-11-04 09:30:18.580,4.835,200
2020-11-04 09:30:18.580,4.835,100
2020-11-04 09:30:18.580,4.835,500
2020-11-04 09:30:18.580,4.835,1000
2020-11-04 09:30:18.580,4.835,800
2020-11-04 09:30:18.580,4.835,100
2020-11-04 09:30:18.580,4.835,14000
2020-11-04 09:30:18.580,4.835,400
2020-11-04 09:30:18.580,4.835,4100
2020-11-04 09:30:18.580,4.835,100
2020-11-04 09:30:18.580,4.835,500
2020-11-04 09:30:18.580,4.835,1000
2020-11-04 09:30:18.580,4.835,400
2020-11-04 09:30:18.580,4.835,500
2020-11-04 09:30:18.580,4.835,200
2020-11-04 09:30:18.580,4.835,100
2020-11-04 09:30:18.580,4.835,100
2020-11-04 09:30:18.580,4.835,400
2020-11-04 09:30:18.580,4.835,100
2020-11-04 09:30:18.580,4.835,100
2020-11-04 09:30:18.580,4.835,100
2020-11-04 09:30:18.580,4.835,100
2020-11-04 09:30:18.580,4.835,100
2020-11-04 09:30:18.580,4.835,100
2020-11-04 09:30:20.510,4.838,1000
2020-11-04 09:30:20.870,4.839,32200
2020-11-04 09:30:22.730,4.838,49000
2020-11-04 09:30:22.730,4.838,31300
2020-11-04 09:30:25.660,4.838,18700
2020-11-04 09:30:25.660,4.837,4900
2020-11-04 09:30:26.190,4.837,30000
2020-11-04 09:30:27.180,4.837,15100
2020-11-04 09:30:27.180,4.836,30000
2020-11-04 09:30:27.180,4.835,3600
2020-11-04 09:30:27.180,4.835,200
2020-11-04 09:30:27.180,4.835,6600
2020-11-04 09:30:27.180,4.835,2300
2020-11-04 09:30:27.180,4.835,100
2020-11-04 09:30:27.180,4.835,400
2020-11-04 09:30:27.180,4.835,200
2020-11-04 09:30:27.180,4.835,500
2020-11-04 09:30:27.180,4.835,100
2020-11-04 09:30:27.180,4.835,200
2020-11-04 09:30:27.180,4.835,5000
2020-11-04 09:30:27.180,4.835,2000
2020-11-04 09:30:27.180,4.835,2900
2020-11-04 09:30:28.380,4.838,100
2020-11-04 09:30:28.650,4.838,6100
2020-11-04 09:30:29.730,4.837,16800
2020-11-04 09:30:30.900,4.837,33200
2020-11-04 09:30:30.900,4.837,2400
2020-11-04 09:30:30.900,4.838,4600
2020-11-04 09:30:31.090,4.838,5000
2020-11-04 09:30:32.950,4.837,3000
2020-11-04 09:30:32.950,4.838,4300
2020-11-04 09:30:32.950,4.838,2000
2020-11-04 09:30:32.950,4.838,1000
2020-11-04 09:30:32.950,4.838,700
2020-11-04 09:30:32.950,4.838,30000
2020-11-04 09:30:32.950,4.838,1700
2020-11-04 09:30:32.950,4.84,1100
2020-11-04 09:30:32.980,4.838,10000
2020-11-04 09:30:33.820,4.838,2000
2020-11-04 09:30:36.180,4.84,10000
2020-11-04 09:30:36.560,4.838,100
2020-11-04 09:30:36.890,4.838,900
2020-11-04 09:30:37.640,4.838,30000
2020-11-04 09:30:39.190,4.838,100
2020-11-04 09:30:39.310,4.838,17100
2020-11-04 09:30:39.740,4.838,4600
2020-11-04 09:30:40.070,4.838,20000
2020-11-04 09:30:40.410,4.838,2400
2020-11-04 09:30:40.850,4.838,300
2020-11-04 09:30:41.180,4.838,1000
2020-11-04 09:30:41.490,4.838,20000
2020-11-04 09:30:44.060,4.838,4100
2020-11-04 09:30:44.500,4.838,1600
2020-11-04 09:30:44.500,4.838,10000
2020-11-04 09:30:44.590,4.838,400
2020-11-04 09:30:45.920,4.838,3000
2020-11-04 09:30:46.610,4.838,100
2020-11-04 09:30:46.700,4.838,800
2020-11-04 09:30:46.850,4.838,5900
2020-11-04 09:30:47.070,4.839,300
2020-11-04 09:30:47.160,4.838,10000
2020-11-04 09:30:48.480,4.838,1000
2020-11-04 09:30:49.510,4.839,16300
2020-11-04 09:30:49.630,4.838,100
2020-11-04 09:30:50.190,4.838,100
2020-11-04 09:30:50.590,4.838,1000
2020-11-04 09:30:52.330,4.838,1000
2020-11-04 09:30:52.540,4.838,9700
2020-11-04 09:30:52.540,4.838,300
2020-11-04 09:30:53.030,4.838,1200
2020-11-04 09:30:53.030,4.838,1800
2020-11-04 09:30:53.140,4.838,200
2020-11-04 09:30:53.140,4.838,100
2020-11-04 09:30:53.730,4.838,900
2020-11-04 09:30:53.730,4.838,500
2020-11-04 09:30:53.730,4.838,100
2020-11-04 09:30:53.730,4.838,500
2020-11-04 09:30:55.180,4.838,3300
2020-11-04 09:30:55.360,4.837,500
2020-11-04 09:30:55.360,4.837,5000
2020-11-04 09:30:55.360,4.837,400
2020-11-04 09:30:55.360,4.837,5000
2020-11-04 09:30:55.360,4.837,12200
2020-11-04 09:30:56.720,4.838,700
2020-11-04 09:30:56.720,4.838,4200
2020-11-04 09:30:56.720,4.838,25900
2020-11-04 09:30:56.750,4.838,3700
2020-11-04 09:30:57.500,4.838,5000
2020-11-04 09:30:57.590,4.838,5000
2020-11-04 09:30:57.750,4.839,3000
2020-11-04 09:30:57.840,4.838,30000
2020-11-04 09:30:58.130,4.838,25500
2020-11-04 09:30:58.960,4.838,99500
2020-11-04 09:30:58.960,4.839,10400
2020-11-04 09:30:58.960,4.839,100
2020-11-04 09:30:58.960,4.839,100
2020-11-04 09:30:58.960,4.839,89900
2020-11-04 09:30:59.850,4.837,7800
2020-11-04 09:30:59.850,4.837,50000
2020-11-04 09:30:59.850,4.837,60200
2020-11-04 09:30:59.850,4.837,1000
2020-11-04 09:30:59.850,4.837,30000
2020-11-04 09:30:59.850,4.836,151000
2020-11-04 09:31:00.140,4.836,49000
2020-11-04 09:31:00.140,4.836,10500
2020-11-04 09:31:00.140,4.836,40500
2020-11-04 09:31:00.540,4.838,5000
2020-11-04 09:31:00.570,4.836,9500
2020-11-04 09:31:00.570,4.836,3000
2020-11-04 09:31:00.570,4.836,200
2020-11-04 09:31:00.670,4.835,100
2020-11-04 09:31:00.670,4.835,5000
2020-11-04 09:31:00.670,4.835,2300
2020-11-04 09:31:00.670,4.835,67100
2020-11-04 09:31:00.670,4.835,500
2020-11-04 09:31:00.670,4.835,50000
2020-11-04 09:31:00.670,4.835,50000
2020-11-04 09:31:00.670,4.835,500
2020-11-04 09:31:00.670,4.834,100
2020-11-04 09:31:00.670,4.834,100
2020-11-04 09:31:00.670,4.834,500
2020-11-04 09:31:00.670,4.834,2300
2020-11-04 09:31:00.670,4.834,100
2020-11-04 09:31:00.670,4.833,100
2020-11-04 09:31:00.670,4.833,200
2020-11-04 09:31:00.670,4.833,1000
2020-11-04 09:31:00.670,4.833,50000
2020-11-04 09:31:00.670,4.833,900
2020-11-04 09:31:00.670,4.833,69200
2020-11-04 09:31:00.730,4.836,10300
2020-11-04 09:31:00.890,4.836,7000
2020-11-04 09:31:01.140,4.834,2600
2020-11-04 09:31:01.290,4.836,300
2020-11-04 09:31:01.570,4.836,5000
2020-11-04 09:31:03.180,4.835,500
2020-11-04 09:31:04.130,4.835,1100
2020-11-04 09:31:04.690,4.835,400
2020-11-04 09:31:04.720,4.835,100
2020-11-04 09:31:05.190,4.835,5000
2020-11-04 09:31:05.780,4.835,3000
2020-11-04 09:31:06.340,4.835,20000
2020-11-04 09:31:06.560,4.834,50000
2020-11-04 09:31:06.560,4.834,1000
2020-11-04 09:31:10.480,4.833,50000
2020-11-04 09:31:11.330,4.833,17200
2020-11-04 09:31:11.940,4.833,900
2020-11-04 09:31:12.430,4.834,200
2020-11-04 09:31:13.050,4.834,30100
2020-11-04 09:31:13.960,4.833,15400
2020-11-04 09:31:16.230,4.832,2300
2020-11-04 09:31:16.230,4.832,2000
2020-11-04 09:31:16.230,4.832,100
2020-11-04 09:31:16.230,4.832,39600
2020-11-04 09:31:16.330,4.833,400
2020-11-04 09:31:16.510,4.833,200
2020-11-04 09:31:16.630,4.833,7200
2020-11-04 09:31:16.630,4.833,5000
2020-11-04 09:31:16.630,4.833,600
2020-11-04 09:31:17.100,4.832,2800
2020-11-04 09:31:17.390,4.833,4400
2020-11-04 09:31:17.390,4.833,5000
2020-11-04 09:31:17.910,4.833,2100
2020-11-04 09:31:18.660,4.833,3000
2020-11-04 09:31:18.840,4.834,169700
2020-11-04 09:31:18.840,4.834,2000
2020-11-04 09:31:18.840,4.834,22200
2020-11-04 09:31:18.840,4.834,9200
2020-11-04 09:31:18.840,4.834,4500
2020-11-04 09:31:18.840,4.834,49100
2020-11-04 09:31:18.840,4.834,300
2020-11-04 09:31:18.840,4.834,7400
2020-11-04 09:31:18.840,4.835,2100
2020-11-04 09:31:18.840,4.835,3000
2020-11-04 09:31:19.420,4.835,2100
2020-11-04 09:31:19.750,4.835,17300
2020-11-04 09:31:19.790,4.836,1000
2020-11-04 09:31:19.790,4.837,38000
2020-11-04 09:31:19.790,4.837,500
2020-11-04 09:31:19.790,4.837,4000
2020-11-04 09:31:19.790,4.837,1000
2020-11-04 09:31:19.790,4.838,3200
2020-11-04 09:31:19.790,4.838,1000
2020-11-04 09:31:19.790,4.838,4700
2020-11-04 09:31:19.790,4.838,10000
2020-11-04 09:31:19.790,4.838,1700
2020-11-04 09:31:19.790,4.838,300000
2020-11-04 09:31:20.050,4.838,10000
2020-11-04 09:31:20.390,4.838,12500
2020-11-04 09:31:20.420,4.838,48100
2020-11-04 09:31:20.610,4.838,1000
2020-11-04 09:31:20.940,4.839,1000
2020-11-04 09:31:21.000,4.833,2500
2020-11-04 09:31:21.100,4.833,800
2020-11-04 09:31:21.220,4.835,18100
2020-11-04 09:31:21.530,4.835,500
2020-11-04 09:31:22.010,4.838,100000
2020-11-04 09:31:22.480,4.838,10000
2020-11-04 09:31:22.800,4.834,5000
2020-11-04 09:31:22.960,4.834,45000
2020-11-04 09:31:22.960,4.834,15100
2020-11-04 09:31:23.170,4.834,6200
2020-11-04 09:31:24.030,4.834,500
2020-11-04 09:31:24.690,4.833,100
2020-11-04 09:31:25.930,4.837,2200
2020-11-04 09:31:25.930,4.837,500
2020-11-04 09:31:27.300,4.834,500
2020-11-04 09:31:28.680,4.835,2500
2020-11-04 09:31:29.230,4.835,100
2020-11-04 09:31:30.880,4.835,400
2020-11-04 09:31:30.880,4.835,600
2020-11-04 09:31:31.460,4.836,100
2020-11-04 09:31:31.720,4.836,3500
2020-11-04 09:31:31.800,4.836,1800
2020-11-04 09:31:32.510,4.837,100
2020-11-04 09:31:32.530,4.836,2000
2020-11-04 09:31:32.630,4.837,100
2020-11-04 09:31:32.900,4.837,5000
2020-11-04 09:31:33.350,4.836,2400
2020-11-04 09:31:35.010,4.836,200
2020-11-04 09:31:35.010,4.835,10500
2020-11-04 09:31:35.010,4.835,55000
2020-11-04 09:31:35.010,4.835,20000
2020-11-04 09:31:35.470,4.834,800
2020-11-04 09:31:35.590,4.834,900
2020-11-04 09:31:35.590,4.835,214300
2020-11-04 09:31:35.590,4.837,5200
2020-11-04 09:31:35.590,4.837,1200
2020-11-04 09:31:36.110,4.834,1000
2020-11-04 09:31:36.320,4.835,200
2020-11-04 09:31:37.240,4.835,7300
2020-11-04 09:31:37.240,4.837,800
2020-11-04 09:31:37.240,4.837,1600
2020-11-04 09:31:37.240,4.837,10000
2020-11-04 09:31:37.240,4.837,900
2020-11-04 09:31:38.790,4.835,76
2020-11-04 09:31:40.830,4.835,224
2020-11-04 09:31:40.830,4.835,1000
2020-11-04 09:31:40.830,4.835,1476
2020-11-04 09:31:41.390,4.835,10000
2020-11-04 09:31:41.390,4.836,8000
2020-11-04 09:31:42.690,4.835,3100
2020-11-04 09:31:42.920,4.837,29100
2020-11-04 09:31:43.620,4.835,300
2020-11-04 09:31:43.830,4.835,200
2020-11-04 09:31:44.340,4.836,9200
2020-11-04 09:31:44.700,4.836,1000
2020-11-04 09:31:44.730,4.837,300
2020-11-04 09:31:44.730,4.837,1700
2020-11-04 09:31:45.340,4.837,300
2020-11-04 09:31:45.720,4.837,8000
2020-11-04 09:31:45.840,4.837,1000
2020-11-04 09:31:46.390,4.837,47000
2020-11-04 09:31:46.390,4.838,2300
2020-11-04 09:31:46.390,4.838,10000
2020-11-04 09:31:46.390,4.838,200
2020-11-04 09:31:46.390,4.838,5000
2020-11-04 09:31:46.390,4.838,5000
2020-11-04 09:31:46.390,4.838,5800
2020-11-04 09:31:46.390,4.838,16000
2020-11-04 09:31:46.390,4.838,2000
2020-11-04 09:31:46.390,4.838,20000
2020-11-04 09:31:46.390,4.838,300
2020-11-04 09:31:46.390,4.838,1100
2020-11-04 09:31:46.450,4.836,1000
2020-11-04 09:31:46.820,4.836,2500
2020-11-04 09:31:46.880,4.836,5000
2020-11-04 09:31:47.130,4.836,100
2020-11-04 09:31:48.200,4.837,8000
2020-11-04 09:31:48.610,4.837,22000
2020-11-04 09:31:49.440,4.837,200
2020-11-04 09:31:49.580,4.837,13900
2020-11-04 09:31:49.660,4.838,13600
2020-11-04 09:31:49.660,4.838,5000
2020-11-04 09:31:50.790,4.837,14900
2020-11-04 09:31:51.340,4.837,16000
2020-11-04 09:31:51.460,4.837,2000
2020-11-04 09:31:52.490,4.837,500
2020-11-04 09:31:52.710,4.837,50000
2020-11-04 09:31:52.970,4.837,1000
2020-11-04 09:31:53.160,4.837,11400
2020-11-04 09:31:53.680,4.837,5000
2020-11-04 09:31:54.580,4.839,19000
2020-11-04 09:31:54.580,4.839,4100
2020-11-04 09:31:54.580,4.839,5000
2020-11-04 09:31:54.580,4.84,100
2020-11-04 09:31:54.580,4.84,100
2020-11-04 09:31:54.580,4.84,1000
2020-11-04 09:31:54.580,4.84,800
2020-11-04 09:31:54.580,4.84,2600
2020-11-04 09:31:54.580,4.84,12000
2020-11-04 09:31:54.580,4.84,400
2020-11-04 09:31:54.580,4.84,200
2020-11-04 09:31:54.580,4.84,4700
2020-11-04 09:31:55.310,4.837,1000
2020-11-04 09:31:55.790,4.837,9000
2020-11-04 09:31:56.120,4.837,20000
2020-11-04 09:31:56.860,4.837,1000
2020-11-04 09:31:56.950,4.837,10000
2020-11-04 09:31:58.220,4.838,4000
2020-11-04 09:31:59.230,4.838,10000
2020-11-04 09:32:01.220,4.838,26000
2020-11-04 09:32:01.220,4.839,3000
2020-11-04 09:32:01.640,4.839,5000
2020-11-04 09:32:02.120,4.837,100
2020-11-04 09:32:02.150,4.837,2600
2020-11-04 09:32:02.270,4.838,1000
2020-11-04 09:32:02.270,4.839,5000
2020-11-04 09:32:03.050,4.839,5000
2020-11-04 09:32:03.050,4.839,10100
2020-11-04 09:32:03.050,4.84,300
2020-11-04 09:32:03.050,4.84,900
2020-11-04 09:32:03.050,4.84,10000
2020-11-04 09:32:03.050,4.84,3000
2020-11-04 09:32:03.050,4.84,22400
2020-11-04 09:32:04.300,4.839,10000
2020-11-04 09:32:04.750,4.838,2000
2020-11-04 09:32:05.600,4.838,2000
2020-11-04 09:32:05.730,4.838,2000
2020-11-04 09:32:05.930,4.838,400
2020-11-04 09:32:05.930,4.837,14400
2020-11-04 09:32:06.360,4.837,1000
2020-11-04 09:32:08.140,4.84,1000
2020-11-04 09:32:09.010,4.84,5000
2020-11-04 09:32:10.840,4.838,400
2020-11-04 09:32:11.510,4.838,1000
2020-11-04 09:32:11.630,4.838,8100
2020-11-04 09:32:12.480,4.838,300
2020-11-04 09:32:13.280,4.838,100
2020-11-04 09:32:13.460,4.838,100
2020-11-04 09:32:13.460,4.838,19900
2020-11-04 09:32:14.580,4.84,2200
2020-11-04 09:32:14.580,4.84,300
2020-11-04 09:32:14.580,4.84,200
2020-11-04 09:32:14.580,4.84,300
2020-11-04 09:32:15.740,4.838,2000
2020-11-04 09:32:15.930,4.838,200
2020-11-04 09:32:16.020,4.84,10000
2020-11-04 09:32:17.040,4.838,5000
2020-11-04 09:32:17.130,4.838,10000
2020-11-04 09:32:17.600,4.838,10000
2020-11-04 09:32:17.820,4.84,500
2020-11-04 09:32:19.040,4.838,700
2020-11-04 09:32:19.510,4.84,500
2020-11-04 09:32:19.510,4.84,1000
2020-11-04 09:32:19.510,4.84,1100
2020-11-04 09:32:20.370,4.84,700
2020-11-04 09:32:20.370,4.841,200
2020-11-04 09:32:20.370,4.841,600
2020-11-04 09:32:20.370,4.841,100
2020-11-04 09:32:20.370,4.841,1600
2020-11-04 09:32:21.700,4.841,3400
2020-11-04 09:32:21.700,4.841,1600
2020-11-04 09:32:22.040,4.842,10000
2020-11-04 09:32:22.040,4.843,500
2020-11-04 09:32:22.040,4.843,10100
2020-11-04 09:32:22.040,4.843,5000
2020-11-04 09:32:22.040,4.844,10000
2020-11-04 09:32:22.040,4.844,10000
2020-11-04 09:32:22.040,4.844,200
2020-11-04 09:32:22.040,4.844,200
2020-11-04 09:32:22.040,4.844,100
2020-11-04 09:32:22.040,4.844,1000
2020-11-04 09:32:22.040,4.844,5000
2020-11-04 09:32:22.040,4.844,100
2020-11-04 09:32:22.040,4.844,1400
2020-11-04 09:32:22.040,4.844,8200
2020-11-04 09:32:22.040,4.844,6000
2020-11-04 09:32:22.040,4.844,6000
2020-11-04 09:32:22.040,4.844,3000
2020-11-04 09:32:22.040,4.844,700
2020-11-04 09:32:24.860,4.843,100
2020-11-04 09:32:24.860,4.843,100
2020-11-04 09:32:24.860,4.843,100
2020-11-04 09:32:24.860,4.843,100
2020-11-04 09:32:24.860,4.843,100
2020-11-04 09:32:24.860,4.843,100
2020-11-04 09:32:24.860,4.843,100
2020-11-04 09:32:24.860,4.843,100
2020-11-04 09:32:24.860,4.843,100
2020-11-04 09:32:24.860,4.843,100
2020-11-04 09:32:24.860,4.843,100
2020-11-04 09:32:24.860,4.843,100
2020-11-04 09:32:24.860,4.843,100
2020-11-04 09:32:24.860,4.843,100
2020-11-04 09:32:24.860,4.843,100
2020-11-04 09:32:24.860,4.843,100
2020-11-04 09:32:24.860,4.843,100
2020-11-04 09:32:24.860,4.843,100
2020-11-04 09:32:24.860,4.843,100
2020-11-04 09:32:24.860,4.843,100
2020-11-04 09:32:24.860,4.843,100
2020-11-04 09:32:24.860,4.843,100
2020-11-04 09:32:24.860,4.843,100
2020-11-04 09:32:24.860,4.843,100
2020-11-04 09:32:24.860,4.843,100
2020-11-04 09:32:24.860,4.843,100
2020-11-04 09:32:24.860,4.843,100
2020-11-04 09:32:24.860,4.843,100
2020-11-04 09:32:24.860,4.843,100
2020-11-04 09:32:24.860,4.843,100
2020-11-04 09:32:25.110,4.843,10000
2020-11-04 09:32:25.390,4.84,100
2020-11-04 09:32:25.410,4.84,1600
2020-11-04 09:32:25.410,4.84,1000
2020-11-04 09:32:25.410,4.84,3200
2020-11-04 09:32:25.870,4.84,2500
2020-11-04 09:32:26.830,4.84,300
2020-11-04 09:32:27.100,4.841,1000
2020-11-04 09:32:27.100,4.843,10000
2020-11-04 09:32:27.100,4.844,300
2020-11-04 09:32:27.100,4.844,100
2020-11-04 09:32:27.100,4.844,400
2020-11-04 09:32:27.100,4.844,300
2020-11-04 09:32:27.100,4.844,1100
2020-11-04 09:32:27.310,4.84,5300
2020-11-04 09:32:27.370,4.84,300
2020-11-04 09:32:28.210,4.844,4100
2020-11-04 09:32:28.510,4.842,100
2020-11-04 09:32:28.510,4.842,100
2020-11-04 09:32:28.510,4.842,100
2020-11-04 09:32:28.890,4.842,100
2020-11-04 09:32:28.890,4.842,100
2020-11-04 09:32:28.890,4.842,100
2020-11-04 09:32:28.890,4.842,100
2020-11-04 09:32:28.890,4.842,100
2020-11-04 09:32:28.890,4.842,100
2020-11-04 09:32:28.890,4.842,100
2020-11-04 09:32:28.890,4.842,100
2020-11-04 09:32:28.890,4.842,100
2020-11-04 09:32:28.890,4.842,100
2020-11-04 09:32:28.890,4.842,100
2020-11-04 09:32:28.890,4.842,100
2020-11-04 09:32:28.890,4.842,100
2020-11-04 09:32:28.890,4.842,100
2020-11-04 09:32:28.890,4.842,100
2020-11-04 09:32:28.890,4.842,100
2020-11-04 09:32:28.890,4.842,100
2020-11-04 09:32:28.890,4.842,100
2020-11-04 09:32:28.890,4.842,100
2020-11-04 09:32:28.890,4.842,100
2020-11-04 09:32:28.890,4.842,100
2020-11-04 09:32:28.890,4.842,100
2020-11-04 09:32:28.890,4.842,100
2020-11-04 09:32:28.890,4.842,100
2020-11-04 09:32:28.890,4.842,100
2020-11-04 09:32:28.890,4.842,100
2020-11-04 09:32:28.890,4.842,100
2020-11-04 09:32:29.420,4.841,65100
2020-11-04 09:32:29.510,4.84,8100
2020-11-04 09:32:29.790,4.84,1200
2020-11-04 09:32:32.240,4.841,9500
2020-11-04 09:32:33.590,4.84,9100
2020-11-04 09:32:33.590,4.84,100
2020-11-04 09:32:33.590,4.84,5000
2020-11-04 09:32:33.590,4.84,6400
2020-11-04 09:32:33.590,4.84,4000
2020-11-04 09:32:33.590,4.84,1700
2020-11-04 09:32:33.590,4.84,107500
2020-11-04 09:32:34.770,4.84,200
2020-11-04 09:32:34.960,4.84,167000
2020-11-04 09:32:34.960,4.84,100
2020-11-04 09:32:34.960,4.841,33000
2020-11-04 09:32:34.960,4.841,399900
2020-11-04 09:32:35.380,4.841,19100
2020-11-04 09:32:35.660,4.84,50000
2020-11-04 09:32:35.660,4.84,20000
2020-11-04 09:32:35.890,4.841,1000
2020-11-04 09:32:35.890,4.841,1000
2020-11-04 09:32:37.830,4.841,3000
2020-11-04 09:32:37.960,4.841,1000
2020-11-04 09:32:39.040,4.84,10000
2020-11-04 09:32:40.690,4.841,900
2020-11-04 09:32:40.690,4.841,2000
2020-11-04 09:32:41.380,4.841,10000
2020-11-04 09:32:41.380,4.841,700
2020-11-04 09:32:41.770,4.841,900
2020-11-04 09:32:42.180,4.842,4700
2020-11-04 09:32:42.660,4.842,9300
2020-11-04 09:32:42.860,4.843,1200
2020-11-04 09:32:42.860,4.843,100
2020-11-04 09:32:42.860,4.843,300
2020-11-04 09:32:42.860,4.844,6000
2020-11-04 09:32:42.860,4.842,2700
2020-11-04 09:32:45.660,4.843,500
2020-11-04 09:32:45.690,4.843,19500
2020-11-04 09:32:45.690,4.843,10000
2020-11-04 09:32:45.690,4.842,65000
2020-11-04 09:32:47.310,4.844,10000
2020-11-04 09:32:47.880,4.842,21000
2020-11-04 09:32:49.430,4.843,5000
2020-11-04 09:32:51.080,4.843,2000
2020-11-04 09:32:51.080,4.844,6000
2020-11-04 09:32:51.390,4.842,2000
2020-11-04 09:32:51.750,4.844,1000
2020-11-04 09:32:52.590,4.842,700
2020-11-04 09:32:52.970,4.842,5200
2020-11-04 09:32:52.970,4.842,1900
2020-11-04 09:32:52.970,4.842,1000
2020-11-04 09:32:52.970,4.842,100
2020-11-04 09:32:54.840,4.842,11800
2020-11-04 09:32:54.840,4.842,2000
2020-11-04 09:32:56.490,4.843,700
2020-11-04 09:32:56.870,4.843,2300
2020-11-04 09:32:56.870,4.843,4900
2020-11-04 09:32:56.870,4.843,3700
2020-11-04 09:32:56.870,4.844,71800
2020-11-04 09:32:56.870,4.844,10000
2020-11-04 09:32:56.870,4.844,10000
2020-11-04 09:32:56.870,4.844,100
2020-11-04 09:32:56.870,4.844,200
2020-11-04 09:32:56.870,4.844,100
2020-11-04 09:32:56.870,4.844,50000
2020-11-04 09:32:56.870,4.844,500
2020-11-04 09:32:56.870,4.844,500
2020-11-04 09:32:56.870,4.844,200
2020-11-04 09:32:56.870,4.844,100
2020-11-04 09:32:56.870,4.844,200
2020-11-04 09:32:56.870,4.844,100
2020-11-04 09:32:56.870,4.844,20000
2020-11-04 09:32:56.870,4.844,5100
2020-11-04 09:32:56.870,4.844,100
2020-11-04 09:32:56.870,4.844,37600
2020-11-04 09:32:56.870,4.844,100
2020-11-04 09:32:56.870,4.844,2000
2020-11-04 09:32:56.870,4.844,1000
2020-11-04 09:32:56.870,4.845,81600
2020-11-04 09:32:58.170,4.842,5000
2020-11-04 09:32:58.600,4.843,100
2020-11-04 09:33:00.700,4.843,5000
2020-11-04 09:33:01.090,4.843,2300
2020-11-04 09:33:01.360,4.844,15000
2020-11-04 09:33:01.360,4.845,68400
2020-11-04 09:33:01.360,4.845,20000
2020-11-04 09:33:01.360,4.845,100
2020-11-04 09:33:01.360,4.845,10000
2020-11-04 09:33:01.360,4.845,10200
2020-11-04 09:33:01.360,4.845,48700
2020-11-04 09:33:01.360,4.845,1500
2020-11-04 09:33:01.360,4.845,3000
2020-11-04 09:33:01.360,4.845,20000
2020-11-04 09:33:01.360,4.845,500
2020-11-04 09:33:01.360,4.845,2700
2020-11-04 09:33:01.360,4.845,20000
2020-11-04 09:33:01.360,4.845,3000
2020-11-04 09:33:01.360,4.845,500
2020-11-04 09:33:01.360,4.845,2000
2020-11-04 09:33:01.360,4.845,1000
2020-11-04 09:33:01.360,4.845,50000
2020-11-04 09:33:01.360,4.845,3000
2020-11-04 09:33:01.360,4.845,10000
2020-11-04 09:33:01.360,4.845,100
2020-11-04 09:33:01.360,4.846,800
2020-11-04 09:33:01.360,4.846,500
2020-11-04 09:33:01.360,4.846,10000
2020-11-04 09:33:01.360,4.846,1200
2020-11-04 09:33:02.230,4.843,5000
2020-11-04 09:33:02.600,4.844,1500
2020-11-04 09:33:04.730,4.844,5400
2020-11-04 09:33:07.720,4.843,15000
2020-11-04 09:33:07.970,4.843,500
2020-11-04 09:33:08.460,4.844,9800
2020-11-04 09:33:09.710,4.843,1300
2020-11-04 09:33:10.620,4.843,500
2020-11-04 09:33:10.750,4.844,1000
2020-11-04 09:33:11.790,4.843,10000
2020-11-04 09:33:13.090,4.843,10300
2020-11-04 09:33:13.090,4.843,700
2020-11-04 09:33:13.090,4.843,3000
2020-11-04 09:33:13.090,4.843,6000
2020-11-04 09:33:13.090,4.843,6500
2020-11-04 09:33:13.090,4.843,200
2020-11-04 09:33:13.090,4.843,4000
2020-11-04 09:33:13.090,4.843,3000
2020-11-04 09:33:13.090,4.843,5000
2020-11-04 09:33:13.090,4.843,2600
2020-11-04 09:33:13.270,4.843,1000
2020-11-04 09:33:13.330,4.843,114800
2020-11-04 09:33:13.850,4.842,1300
2020-11-04 09:33:14.290,4.843,2200
2020-11-04 09:33:15.140,4.843,5000
2020-11-04 09:33:15.390,4.842,3000
2020-11-04 09:33:15.390,4.842,5400
2020-11-04 09:33:15.390,4.842,400
2020-11-04 09:33:15.390,4.842,800
2020-11-04 09:33:15.390,4.842,100
2020-11-04 09:33:15.390,4.842,200
2020-11-04 09:33:15.390,4.842,10000
2020-11-04 09:33:15.390,4.842,20400
2020-11-04 09:33:15.390,4.842,400
2020-11-04 09:33:15.510,4.842,25000
2020-11-04 09:33:15.540,4.843,100
2020-11-04 09:33:15.820,4.842,74600
2020-11-04 09:33:15.910,4.842,16400
2020-11-04 09:33:15.940,4.842,5000
2020-11-04 09:33:16.340,4.842,500
2020-11-04 09:33:16.670,4.842,26200
2020-11-04 09:33:18.840,4.841,12500
2020-11-04 09:33:18.840,4.841,8000
2020-11-04 09:33:18.840,4.841,100
2020-11-04 09:33:18.840,4.841,3000
2020-11-04 09:33:18.840,4.841,500
2020-11-04 09:33:18.840,4.841,10000
2020-11-04 09:33:18.840,4.841,100
2020-11-04 09:33:18.840,4.841,55000
2020-11-04 09:33:18.840,4.841,1300
2020-11-04 09:33:18.840,4.841,100
2020-11-04 09:33:18.840,4.841,500
2020-11-04 09:33:19.580,4.841,13600
2020-11-04 09:33:20.970,4.842,1000
2020-11-04 09:33:20.970,4.842,19000
2020-11-04 09:33:20.970,4.843,21000
2020-11-04 09:33:21.790,4.842,5000
2020-11-04 09:33:22.060,4.842,1000
2020-11-04 09:33:22.060,4.843,100
2020-11-04 09:33:23.720,4.841,2000
2020-11-04 09:33:24.220,4.842,10000
2020-11-04 09:33:24.220,4.843,2900
2020-11-04 09:33:24.220,4.843,5000
2020-11-04 09:33:24.220,4.844,100
2020-11-04 09:33:24.220,4.844,5000
2020-11-04 09:33:24.220,4.844,20600
2020-11-04 09:33:24.220,4.844,41700
2020-11-04 09:33:24.220,4.845,5000
2020-11-04 09:33:24.220,4.845,3000
2020-11-04 09:33:24.220,4.845,97100
2020-11-04 09:33:24.450,4.845,4000
2020-11-04 09:33:25.780,4.844,300
2020-11-04 09:33:27.380,4.844,300
2020-11-04 09:33:27.380,4.843,700
2020-11-04 09:33:27.380,4.842,4000
2020-11-04 09:33:27.870,4.843,400
2020-11-04 09:33:27.980,4.846,10000
2020-11-04 09:33:28.070,4.843,2100
2020-11-04 09:33:28.290,4.843,500
2020-11-04 09:33:28.620,4.843,1000
2020-11-04 09:33:30.770,4.845,2500
2020-11-04 09:33:30.770,4.845,2500
2020-11-04 09:33:31.550,4.844,300
2020-11-04 09:33:31.670,4.844,1200
2020-11-04 09:33:31.670,4.843,1000
2020-11-04 09:33:31.670,4.843,1800
2020-11-04 09:33:31.670,4.843,1000
2020-11-04 09:33:32.500,4.843,2000
2020-11-04 09:33:32.500,4.843,2000
2020-11-04 09:33:34.090,4.844,100
2020-11-04 09:33:35.400,4.843,1600
2020-11-04 09:33:35.400,4.842,1000
2020-11-04 09:33:35.400,4.842,5000
2020-11-04 09:33:36.770,4.843,500
2020-11-04 09:33:37.630,4.844,2000
2020-11-04 09:33:38.050,4.844,400
2020-11-04 09:33:38.310,4.844,20000
2020-11-04 09:33:39.590,4.843,8000
2020-11-04 09:33:39.710,4.844,3400
2020-11-04 09:33:40.500,4.843,10000
2020-11-04 09:33:40.920,4.844,4100
2020-11-04 09:33:40.920,4.844,3900
2020-11-04 09:33:40.990,4.844,800
2020-11-04 09:33:41.240,4.843,1500
2020-11-04 09:33:41.240,4.842,18100
2020-11-04 09:33:41.270,4.844,5300
2020-11-04 09:33:41.270,4.844,10000
2020-11-04 09:33:41.270,4.844,8300
2020-11-04 09:33:41.270,4.844,7400
2020-11-04 09:33:41.270,4.844,11000
2020-11-04 09:33:41.270,4.844,500
2020-11-04 09:33:41.270,4.844,1100
2020-11-04 09:33:41.270,4.844,20000
2020-11-04 09:33:41.270,4.845,47500
2020-11-04 09:33:41.270,4.845,5000
2020-11-04 09:33:41.270,4.845,10000
2020-11-04 09:33:41.270,4.845,200
2020-11-04 09:33:41.270,4.845,15800
2020-11-04 09:33:41.270,4.845,7900
2020-11-04 09:33:42.030,4.843,300
2020-11-04 09:33:42.250,4.843,5000
2020-11-04 09:33:42.750,4.843,200
2020-11-04 09:33:42.870,4.843,500
2020-11-04 09:33:43.290,4.844,200
2020-11-04 09:33:43.290,4.845,3600
2020-11-04 09:33:43.290,4.845,5000
2020-11-04 09:33:43.290,4.845,100
2020-11-04 09:33:43.290,4.846,18800
2020-11-04 09:33:43.290,4.846,1500
2020-11-04 09:33:43.290,4.846,20000
2020-11-04 09:33:43.290,4.846,50000
2020-11-04 09:33:43.290,4.846,1000
2020-11-04 09:33:43.290,4.846,2300
2020-11-04 09:33:43.290,4.846,5000
2020-11-04 09:33:43.290,4.846,7300
2020-11-04 09:33:44.290,4.844,1000
2020-11-04 09:33:44.840,4.844,19500
2020-11-04 09:33:44.840,4.844,13200
2020-11-04 09:33:45.170,4.844,2100
2020-11-04 09:33:45.620,4.845,5000
2020-11-04 09:33:45.620,4.845,5000
2020-11-04 09:33:46.930,4.844,100
2020-11-04 09:33:47.060,4.844,10000
2020-11-04 09:33:47.850,4.845,29900
2020-11-04 09:33:47.850,4.845,200000
2020-11-04 09:33:49.790,4.845,19800
2020-11-04 09:33:52.330,4.845,10000
2020-11-04 09:33:53.390,4.845,2000
2020-11-04 09:33:53.790,4.845,77600
2020-11-04 09:33:54.830,4.845,16000
2020-11-04 09:33:54.980,4.845,1100
2020-11-04 09:33:55.370,4.846,20000
2020-11-04 09:33:55.960,4.846,29800
2020-11-04 09:33:55.960,4.846,2000
2020-11-04 09:33:55.960,4.846,3100
2020-11-04 09:33:55.960,4.846,100
2020-11-04 09:33:55.960,4.846,10000
2020-11-04 09:33:55.960,4.846,500
2020-11-04 09:33:55.960,4.847,6000
2020-11-04 09:33:55.960,4.847,5000
2020-11-04 09:33:55.960,4.847,2500
2020-11-04 09:33:55.960,4.847,5000
2020-11-04 09:33:55.960,4.847,1500
2020-11-04 09:33:55.960,4.847,2100
2020-11-04 09:33:55.960,4.847,7000
2020-11-04 09:33:55.960,4.847,56000
2020-11-04 09:33:55.960,4.847,8000
2020-11-04 09:33:55.960,4.847,1100
2020-11-04 09:33:55.960,4.847,1000
2020-11-04 09:33:55.960,4.847,100
2020-11-04 09:33:55.960,4.847,3000
2020-11-04 09:33:55.960,4.847,5000
2020-11-04 09:33:55.960,4.848,1300
2020-11-04 09:33:57.250,4.845,5000
2020-11-04 09:33:58.110,4.846,3000
2020-11-04 09:33:58.110,4.848,3700
2020-11-04 09:33:58.110,4.848,9000
2020-11-04 09:33:58.110,4.848,2900
2020-11-04 09:33:59.180,4.846,18700
2020-11-04 09:33:59.270,4.846,165000
2020-11-04 09:34:00.000,4.848,7100
2020-11-04 09:34:00.000,4.848,10000
2020-11-04 09:34:00.000,4.848,3900
2020-11-04 09:34:00.000,4.848,5000
2020-11-04 09:34:00.000,4.848,10000
2020-11-04 09:34:00.000,4.848,41900
2020-11-04 09:34:00.000,4.848,10000
2020-11-04 09:34:00.000,4.848,25000
2020-11-04 09:34:00.000,4.848,1400
2020-11-04 09:34:00.000,4.848,100
2020-11-04 09:34:00.000,4.848,3000
2020-11-04 09:34:00.000,4.848,400
2020-11-04 09:34:00.000,4.849,400
2020-11-04 09:34:00.000,4.849,700
2020-11-04 09:34:00.000,4.849,20000
2020-11-04 09:34:00.000,4.849,11200
2020-11-04 09:34:01.420,4.848,1000
2020-11-04 09:34:02.680,4.848,5000
2020-11-04 09:34:02.860,4.848,44000
2020-11-04 09:34:03.650,4.847,1000
2020-11-04 09:34:05.020,4.848,200
2020-11-04 09:34:05.330,4.849,5000
2020-11-04 09:34:05.600,4.848,2000
2020-11-04 09:34:06.570,4.848,500
2020-11-04 09:34:06.710,4.848,4300
2020-11-04 09:34:06.710,4.848,25700
2020-11-04 09:34:06.910,4.848,15000
2020-11-04 09:34:08.110,4.847,5000
2020-11-04 09:34:08.690,4.848,100
2020-11-04 09:34:09.730,4.848,700
2020-11-04 09:34:09.810,4.847,500
2020-11-04 09:34:10.290,4.848,1000
2020-11-04 09:34:10.370,4.848,500
2020-11-04 09:34:10.830,4.848,500
2020-11-04 09:34:10.830,4.848,3000
2020-11-04 09:34:10.830,4.848,100
2020-11-04 09:34:10.830,4.848,5000
2020-11-04 09:34:11.740,4.848,3200
2020-11-04 09:34:11.830,4.849,3800
2020-11-04 09:34:11.830,4.849,45000
2020-11-04 09:34:11.830,4.849,2700
2020-11-04 09:34:11.830,4.849,2000
2020-11-04 09:34:11.830,4.849,21200
2020-11-04 09:34:11.830,4.849,30000
2020-11-04 09:34:11.830,4.849,5000
2020-11-04 09:34:11.830,4.849,100
2020-11-04 09:34:11.830,4.849,5000
2020-11-04 09:34:12.350,4.848,15000
2020-11-04 09:34:12.680,4.849,7500
2020-11-04 09:34:12.840,4.848,500
2020-11-04 09:34:13.030,4.849,12500
2020-11-04 09:34:13.030,4.849,10000
2020-11-04 09:34:13.030,4.849,200
2020-11-04 09:34:13.030,4.849,2300
2020-11-04 09:34:13.030,4.849,69600
2020-11-04 09:34:13.030,4.849,500
2020-11-04 09:34:15.450,4.85,500
2020-11-04 09:34:15.450,4.85,100
2020-11-04 09:34:15.450,4.85,100
2020-11-04 09:34:15.450,4.85,2500
2020-11-04 09:34:15.450,4.85,1000
2020-11-04 09:34:15.450,4.85,100
2020-11-04 09:34:15.450,4.85,10000
2020-11-04 09:34:15.450,4.85,6500
2020-11-04 09:34:15.450,4.85,1600
2020-11-04 09:34:15.450,4.85,3000
2020-11-04 09:34:15.450,4.85,100
2020-11-04 09:34:15.450,4.85,200
2020-11-04 09:34:15.450,4.85,300
2020-11-04 09:34:15.450,4.85,15000
2020-11-04 09:34:15.450,4.85,10000
2020-11-04 09:34:15.450,4.85,900
2020-11-04 09:34:15.450,4.85,5000
2020-11-04 09:34:15.450,4.85,35500
2020-11-04 09:34:15.450,4.85,200
2020-11-04 09:34:15.450,4.85,3000
2020-11-04 09:34:15.450,4.85,300
2020-11-04 09:34:15.450,4.85,500
2020-11-04 09:34:15.450,4.85,3000
2020-11-04 09:34:15.450,4.85,600
2020-11-04 09:34:16.610,4.849,1500
2020-11-04 09:34:17.210,4.849,1000
2020-11-04 09:34:17.210,4.849,1000
2020-11-04 09:34:17.210,4.849,1000
2020-11-04 09:34:18.940,4.849,4000
2020-11-04 09:34:19.150,4.849,100
2020-11-04 09:34:19.330,4.85,2100
2020-11-04 09:34:19.900,4.849,5900
2020-11-04 09:34:19.930,4.849,500
2020-11-04 09:34:20.400,4.85,500
2020-11-04 09:34:20.930,4.849,25000
2020-11-04 09:34:21.420,4.85,400
2020-11-04 09:34:21.420,4.85,5400
2020-11-04 09:34:21.420,4.85,300
2020-11-04 09:34:21.420,4.85,3900
2020-11-04 09:34:21.910,4.85,1100
2020-11-04 09:34:21.910,4.85,500
2020-11-04 09:34:21.910,4.85,600
2020-11-04 09:34:21.910,4.85,1000
2020-11-04 09:34:21.910,4.85,1800
2020-11-04 09:34:22.420,4.849,500
2020-11-04 09:34:22.890,4.849,10000
2020-11-04 09:34:23.040,4.85,100
2020-11-04 09:34:23.040,4.85,100
2020-11-04 09:34:23.040,4.85,300
2020-11-04 09:34:23.040,4.85,300
2020-11-04 09:34:23.040,4.85,700
2020-11-04 09:34:23.040,4.85,1000
2020-11-04 09:34:23.040,4.85,2500
2020-11-04 09:34:23.070,4.85,100
2020-11-04 09:34:23.260,4.85,4500
2020-11-04 09:34:23.760,4.849,200
2020-11-04 09:34:26.160,4.85,2900
2020-11-04 09:34:26.160,4.85,3000
2020-11-04 09:34:26.160,4.85,1000
2020-11-04 09:34:26.160,4.85,1800
2020-11-04 09:34:26.160,4.85,2000
2020-11-04 09:34:26.160,4.85,2200
2020-11-04 09:34:26.500,4.851,2500
2020-11-04 09:34:26.500,4.851,2500
2020-11-04 09:34:27.300,4.85,200
2020-11-04 09:34:27.740,4.85,1400
2020-11-04 09:34:27.920,4.851,3000
2020-11-04 09:34:28.980,4.85,1100
2020-11-04 09:34:29.420,4.85,69400
2020-11-04 09:34:29.420,4.85,24400
2020-11-04 09:34:29.420,4.85,5000
2020-11-04 09:34:29.650,4.849,10000
2020-11-04 09:34:29.650,4.849,11000
2020-11-04 09:34:29.650,4.849,200
2020-11-04 09:34:29.650,4.849,700
2020-11-04 09:34:29.650,4.849,1400
2020-11-04 09:34:29.650,4.849,3000
2020-11-04 09:34:30.680,4.849,10000
2020-11-04 09:34:31.160,4.848,700
2020-11-04 09:34:31.160,4.848,4200
2020-11-04 09:34:31.160,4.848,100
2020-11-04 09:34:31.520,4.849,20000
2020-11-04 09:34:32.840,4.85,10000
2020-11-04 09:34:33.470,4.85,400
2020-11-04 09:34:35.020,4.85,1000
2020-11-04 09:34:36.310,4.849,100
2020-11-04 09:34:36.800,4.848,300
2020-11-04 09:34:36.800,4.848,200
2020-11-04 09:34:38.450,4.848,100
2020-11-04 09:34:38.450,4.848,200
2020-11-04 09:34:38.450,4.849,2400
2020-11-04 09:34:38.450,4.85,197300
2020-11-04 09:34:38.530,4.85,10000
2020-11-04 09:34:39.050,4.85,6200
2020-11-04 09:34:41.020,4.848,2000
2020-11-04 09:34:41.440,4.848,3000
2020-11-04 09:34:41.440,4.848,3000
2020-11-04 09:34:41.640,4.85,75100
2020-11-04 09:34:41.640,4.85,19800
2020-11-04 09:34:41.640,4.85,85100
2020-11-04 09:34:42.150,4.849,1000
2020-11-04 09:34:42.360,4.849,2100
2020-11-04 09:34:44.430,4.848,8500
2020-11-04 09:34:44.540,4.848,1000
2020-11-04 09:34:44.940,4.849,3000
2020-11-04 09:34:45.130,4.848,3200
2020-11-04 09:34:45.880,4.848,15800
2020-11-04 09:34:45.880,4.848,200
2020-11-04 09:34:46.070,4.848,400
2020-11-04 09:34:46.310,4.848,200
2020-11-04 09:34:46.310,4.848,1200
2020-11-04 09:34:47.270,4.848,100
2020-11-04 09:34:47.270,4.848,15000
2020-11-04 09:34:47.860,4.847,300
2020-11-04 09:34:48.190,4.847,1700
2020-11-04 09:34:48.190,4.848,3300
2020-11-04 09:34:48.790,4.848,500
2020-11-04 09:34:50.610,4.848,2000
2020-11-04 09:34:50.890,4.848,1400
2020-11-04 09:34:51.140,4.848,2000
2020-11-04 09:34:51.480,4.848,7000
2020-11-04 09:34:51.630,4.848,20400
2020-11-04 09:34:52.970,4.848,500
2020-11-04 09:34:53.780,4.848,400
2020-11-04 09:34:54.620,4.848,500
2020-11-04 09:34:55.710,4.848,1000
2020-11-04 09:34:56.290,4.847,1000
2020-11-04 09:34:56.620,4.846,200
2020-11-04 09:34:56.620,4.846,20000
2020-11-04 09:34:56.620,4.846,10500
2020-11-04 09:34:56.620,4.846,300
2020-11-04 09:34:56.620,4.846,1200
2020-11-04 09:34:56.620,4.846,200
2020-11-04 09:34:56.620,4.846,4200
2020-11-04 09:34:56.620,4.846,200
2020-11-04 09:34:57.610,4.846,100
2020-11-04 09:34:57.970,4.846,2800
2020-11-04 09:34:58.370,4.846,200
2020-11-04 09:34:58.590,4.846,500
2020-11-04 09:34:58.620,4.846,8400
2020-11-04 09:34:58.890,4.846,1200
2020-11-04 09:34:58.890,4.846,2500
2020-11-04 09:34:59.260,4.847,2000
2020-11-04 09:34:59.810,4.846,1600
2020-11-04 09:34:59.810,4.846,400
2020-11-04 09:35:00.360,4.846,4000
2020-11-04 09:35:00.420,4.846,1300
2020-11-04 09:35:00.420,4.847,3700
2020-11-04 09:35:01.170,4.847,600
2020-11-04 09:35:01.640,4.847,500
2020-11-04 09:35:02.980,4.846,100
2020-11-04 09:35:03.960,4.846,400
2020-11-04 09:35:03.960,4.847,4700
2020-11-04 09:35:04.390,4.846,100
2020-11-04 09:35:04.780,4.846,2900
2020-11-04 09:35:04.990,4.846,500
2020-11-04 09:35:05.920,4.847,6100
2020-11-04 09:35:05.980,4.847,91400
2020-11-04 09:35:05.980,4.847,800
2020-11-04 09:35:05.980,4.847,3200
2020-11-04 09:35:05.980,4.847,5000
2020-11-04 09:35:05.980,4.847,1200
2020-11-04 09:35:05.980,4.847,2000
2020-11-04 09:35:05.980,4.847,500
2020-11-04 09:35:05.980,4.847,50000
2020-11-04 09:35:06.150,4.847,500
2020-11-04 09:35:06.210,4.848,100
2020-11-04 09:35:06.640,4.847,1100
2020-11-04 09:35:07.220,4.848,100
2020-11-04 09:35:07.470,4.848,200
2020-11-04 09:35:07.530,4.848,500
2020-11-04 09:35:07.950,4.846,1000
2020-11-04 09:35:07.950,4.846,4000
2020-11-04 09:35:08.520,4.848,1900
2020-11-04 09:35:08.760,4.846,100
2020-11-04 09:35:08.780,4.848,4700
2020-11-04 09:35:11.050,4.846,900
2020-11-04 09:35:11.900,4.846,24300
2020-11-04 09:35:12.700,4.846,5000
2020-11-04 09:35:13.240,4.846,32700
2020-11-04 09:35:15.070,4.847,100
2020-11-04 09:35:15.070,4.847,500
2020-11-04 09:35:15.230,4.847,400
2020-11-04 09:35:16.210,4.847,8200
2020-11-04 09:35:16.210,4.847,5800
2020-11-04 09:35:16.380,4.847,4200
2020-11-04 09:35:16.380,4.846,800
2020-11-04 09:35:16.420,4.846,1200
2020-11-04 09:35:16.420,4.846,3800
2020-11-04 09:35:17.330,4.846,1900
2020-11-04 09:35:19.560,4.846,500
2020-11-04 09:35:19.710,4.846,7300
2020-11-04 09:35:19.710,4.846,3800
2020-11-04 09:35:19.990,4.847,600
2020-11-04 09:35:20.500,4.846,6000
2020-11-04 09:35:20.650,4.848,3000
2020-11-04 09:35:20.720,4.846,2000
2020-11-04 09:35:21.210,4.848,19100
2020-11-04 09:35:21.210,4.848,16400
2020-11-04 09:35:22.360,4.847,2000
2020-11-04 09:35:23.740,4.848,2900
2020-11-04 09:35:24.260,4.847,3100
2020-11-04 09:35:24.260,4.847,200
2020-11-04 09:35:24.260,4.846,1700
2020-11-04 09:35:24.520,4.846,3300
2020-11-04 09:35:24.520,4.848,100
2020-11-04 09:35:25.420,4.847,1500
2020-11-04 09:35:25.690,4.848,1000
2020-11-04 09:35:26.400,4.847,1000
2020-11-04 09:35:26.660,4.847,500
2020-11-04 09:35:27.180,4.848,2000
2020-11-04 09:35:27.580,4.847,3000
2020-11-04 09:35:27.580,4.847,500
2020-11-04 09:35:28.280,4.847,500
2020-11-04 09:35:28.950,4.847,200
2020-11-04 09:35:34.730,4.846,600
2020-11-04 09:35:34.850,4.847,87100
2020-11-04 09:35:34.850,4.847,512900
2020-11-04 09:35:35.310,4.847,287100
2020-11-04 09:35:35.310,4.847,8900
2020-11-04 09:35:35.410,4.847,3100
2020-11-04 09:35:35.410,4.847,11500
2020-11-04 09:35:35.410,4.847,11700
2020-11-04 09:35:35.410,4.847,100
2020-11-04 09:35:35.530,4.847,100
2020-11-04 09:35:35.740,4.847,10000
2020-11-04 09:35:35.860,4.848,300
2020-11-04 09:35:36.440,4.847,23500
2020-11-04 09:35:36.860,4.847,2900
2020-11-04 09:35:37.310,4.847,4200
2020-11-04 09:35:38.520,4.847,400
2020-11-04 09:35:38.520,4.847,600
2020-11-04 09:35:38.810,4.848,21300
2020-11-04 09:35:38.810,4.848,100
2020-11-04 09:35:38.810,4.848,500
2020-11-04 09:35:38.810,4.848,5000
2020-11-04 09:35:38.810,4.848,200
2020-11-04 09:35:38.810,4.848,2000
2020-11-04 09:35:39.400,4.848,8000
2020-11-04 09:35:39.400,4.848,13200
2020-11-04 09:35:39.400,4.848,2000
2020-11-04 09:35:39.400,4.848,100
2020-11-04 09:35:39.400,4.848,5000
2020-11-04 09:35:39.400,4.848,100
2020-11-04 09:35:39.400,4.848,900
2020-11-04 09:35:39.400,4.848,5000
2020-11-04 09:35:39.400,4.848,2000
2020-11-04 09:35:39.400,4.848,5000
2020-11-04 09:35:39.400,4.848,500
2020-11-04 09:35:39.400,4.848,1500
2020-11-04 09:35:39.400,4.848,5000
2020-11-04 09:35:39.400,4.848,4000
2020-11-04 09:35:39.400,4.848,20000
2020-11-04 09:35:40.180,4.848,10000
2020-11-04 09:35:41.270,4.848,20000
2020-11-04 09:35:41.440,4.848,3000
2020-11-04 09:35:42.380,4.847,2000
2020-11-04 09:35:43.690,4.848,5700
2020-11-04 09:35:45.550,4.847,200
2020-11-04 09:35:45.550,4.847,400
2020-11-04 09:35:45.550,4.847,400
2020-11-04 09:35:46.410,4.848,12100
2020-11-04 09:35:46.410,4.848,400
2020-11-04 09:35:46.410,4.849,7000
2020-11-04 09:35:46.410,4.849,10000
2020-11-04 09:35:46.410,4.849,5000
2020-11-04 09:35:46.410,4.849,6000
2020-11-04 09:35:46.410,4.849,19900
2020-11-04 09:35:49.190,4.847,2000
2020-11-04 09:35:49.190,4.847,100
2020-11-04 09:35:49.190,4.847,900
2020-11-04 09:35:50.680,4.848,100
2020-11-04 09:35:50.680,4.848,3500
2020-11-04 09:35:50.680,4.848,5000
2020-11-04 09:35:51.960,4.848,1400
2020-11-04 09:35:51.960,4.847,100
2020-11-04 09:35:55.150,4.847,18700
2020-11-04 09:35:55.150,4.847,2900
2020-11-04 09:35:55.150,4.847,13400
2020-11-04 09:35:55.590,4.847,1000
2020-11-04 09:35:55.870,4.847,15600
2020-11-04 09:35:57.030,4.847,100
2020-11-04 09:35:57.490,4.847,1000
2020-11-04 09:35:58.260,4.847,2000
2020-11-04 09:35:58.740,4.847,50000
2020-11-04 09:36:00.500,4.846,2000
2020-11-04 09:36:01.470,4.847,300
2020-11-04 09:36:01.660,4.847,200
2020-11-04 09:36:02.730,4.846,400
2020-11-04 09:36:02.730,4.846,1000
2020-11-04 09:36:02.730,4.846,100
2020-11-04 09:36:02.730,4.846,1000
2020-11-04 09:36:02.730,4.846,14800
2020-11-04 09:36:04.280,4.847,3000
2020-11-04 09:36:05.000,4.846,10200
2020-11-04 09:36:05.000,4.846,1000
2020-11-04 09:36:05.380,4.846,8800
2020-11-04 09:36:05.770,4.847,2000
2020-11-04 09:36:05.770,4.847,3000
2020-11-04 09:36:06.130,4.847,20100
2020-11-04 09:36:06.130,4.847,1000
2020-11-04 09:36:06.130,4.847,300
2020-11-04 09:36:06.130,4.847,100
2020-11-04 09:36:06.130,4.847,12900
2020-11-04 09:36:07.270,4.846,2000
2020-11-04 09:36:07.480,4.846,2000
2020-11-04 09:36:07.560,4.847,11200
2020-11-04 09:36:07.950,4.846,30000
2020-11-04 09:36:08.160,4.847,37300
2020-11-04 09:36:08.160,4.847,500
2020-11-04 09:36:08.160,4.847,5000
2020-11-04 09:36:08.160,4.847,14400
2020-11-04 09:36:08.160,4.847,34700
2020-11-04 09:36:09.640,4.847,10000
2020-11-04 09:36:10.000,4.847,4200
2020-11-04 09:36:10.150,4.848,11000
2020-11-04 09:36:10.150,4.848,2400
2020-11-04 09:36:10.150,4.848,500
2020-11-04 09:36:10.150,4.848,9900
2020-11-04 09:36:10.150,4.848,72100
2020-11-04 09:36:10.150,4.848,300
2020-11-04 09:36:10.150,4.848,2000
2020-11-04 09:36:10.150,4.848,10300
2020-11-04 09:36:10.420,4.849,5000
2020-11-04 09:36:10.760,4.848,5000
2020-11-04 09:36:11.590,4.849,25100
2020-11-04 09:36:11.590,4.849,10800
2020-11-04 09:36:11.590,4.849,600
2020-11-04 09:36:11.590,4.849,63900
2020-11-04 09:36:12.530,4.848,15600
2020-11-04 09:36:15.560,4.849,1000
2020-11-04 09:36:15.780,4.849,52900
2020-11-04 09:36:15.780,4.849,56400
2020-11-04 09:36:15.780,4.849,1000
2020-11-04 09:36:16.520,4.85,100
2020-11-04 09:36:16.520,4.85,3200
2020-11-04 09:36:17.160,4.85,14900
2020-11-04 09:36:17.160,4.85,2000
2020-11-04 09:36:17.160,4.85,20000
2020-11-04 09:36:17.160,4.85,1100
2020-11-04 09:36:17.160,4.85,1000
2020-11-04 09:36:17.160,4.85,200
2020-11-04 09:36:17.160,4.85,10000
2020-11-04 09:36:17.160,4.85,1000
2020-11-04 09:36:17.160,4.85,5000
2020-11-04 09:36:17.160,4.85,500
2020-11-04 09:36:17.160,4.85,3400
2020-11-04 09:36:17.160,4.85,2000
2020-11-04 09:36:17.160,4.85,31300
2020-11-04 09:36:17.160,4.85,100
2020-11-04 09:36:17.160,4.85,9000
2020-11-04 09:36:17.160,4.85,10000
2020-11-04 09:36:17.160,4.85,1000
2020-11-04 09:36:17.160,4.85,500
2020-11-04 09:36:17.160,4.85,1100
2020-11-04 09:36:17.160,4.85,2000
2020-11-04 09:36:17.160,4.85,900
2020-11-04 09:36:17.160,4.85,5000
2020-11-04 09:36:17.160,4.85,5000
2020-11-04 09:36:17.160,4.85,2700
2020-11-04 09:36:17.160,4.85,600
2020-11-04 09:36:17.160,4.85,1800
2020-11-04 09:36:17.160,4.85,400
2020-11-04 09:36:17.160,4.85,1000
2020-11-04 09:36:17.160,4.85,1000
2020-11-04 09:36:17.160,4.85,1000
2020-11-04 09:36:17.160,4.85,10000
2020-11-04 09:36:17.160,4.85,10000
2020-11-04 09:36:18.400,4.85,500
2020-11-04 09:36:18.910,4.85,7500
2020-11-04 09:36:19.380,4.851,4800
2020-11-04 09:36:19.380,4.851,8000
2020-11-04 09:36:19.380,4.851,1200
2020-11-04 09:36:19.380,4.851,4000
2020-11-04 09:36:19.380,4.851,5000
2020-11-04 09:36:19.380,4.851,20000
2020-11-04 09:36:19.380,4.851,3000
2020-11-04 09:36:19.380,4.851,1000
2020-11-04 09:36:19.380,4.851,10000
2020-11-04 09:36:19.380,4.851,33800
2020-11-04 09:36:19.380,4.851,200
2020-11-04 09:36:19.380,4.851,500
2020-11-04 09:36:19.380,4.851,100
2020-11-04 09:36:19.380,4.851,60000
2020-11-04 09:36:19.380,4.851,2000
2020-11-04 09:36:19.600,4.851,46700
2020-11-04 09:36:19.600,4.85,192300
2020-11-04 09:36:19.690,4.852,700
2020-11-04 09:36:19.690,4.852,600
2020-11-04 09:36:19.690,4.852,2200
2020-11-04 09:36:19.690,4.852,300
2020-11-04 09:36:19.690,4.852,5000
2020-11-04 09:36:19.690,4.852,5000
2020-11-04 09:36:19.690,4.852,7300
2020-11-04 09:36:19.690,4.852,23100
2020-11-04 09:36:21.430,4.851,100
2020-11-04 09:36:21.430,4.85,2000
2020-11-04 09:36:21.430,4.85,2900
2020-11-04 09:36:22.210,4.85,35200
2020-11-04 09:36:23.240,4.85,500
2020-11-04 09:36:23.340,4.85,400
2020-11-04 09:36:23.470,4.85,5000
2020-11-04 09:36:23.660,4.85,2500
2020-11-04 09:36:25.390,4.852,26900
2020-11-04 09:36:25.390,4.852,73100
2020-11-04 09:36:26.170,4.85,2500
2020-11-04 09:36:26.170,4.85,500
2020-11-04 09:36:26.230,4.85,1600
2020-11-04 09:36:26.330,4.852,3900
2020-11-04 09:36:26.840,4.852,114800
2020-11-04 09:36:27.420,4.851,500
2020-11-04 09:36:28.760,4.851,49300
2020-11-04 09:36:30.700,4.851,500
2020-11-04 09:36:30.970,4.851,500
2020-11-04 09:36:30.970,4.851,100
2020-11-04 09:36:30.970,4.851,4000
2020-11-04 09:36:30.970,4.852,5400
2020-11-04 09:36:32.000,4.852,500
2020-11-04 09:36:32.320,4.85,6800
2020-11-04 09:36:32.320,4.85,1100
2020-11-04 09:36:32.320,4.849,12100
2020-11-04 09:36:34.130,4.851,2600
2020-11-04 09:36:35.810,4.85,2000
2020-11-04 09:36:35.810,4.85,2000
2020-11-04 09:36:35.810,4.851,4400
2020-11-04 09:36:35.810,4.852,4300
2020-11-04 09:36:36.490,4.85,200
2020-11-04 09:36:36.820,4.85,100
2020-11-04 09:36:40.500,4.849,43800
2020-11-04 09:36:41.310,4.85,1200
2020-11-04 09:36:42.540,4.85,2000
2020-11-04 09:36:43.550,4.85,500
2020-11-04 09:36:44.790,4.849,500
2020-11-04 09:36:44.980,4.849,200
2020-11-04 09:36:46.510,4.849,3400
2020-11-04 09:36:46.510,4.849,400
2020-11-04 09:36:46.510,4.849,1900
2020-11-04 09:36:47.020,4.85,3000
2020-11-04 09:36:48.130,4.85,3300
2020-11-04 09:36:49.790,4.85,700
2020-11-04 09:36:49.790,4.85,3500
2020-11-04 09:36:49.910,4.85,100
2020-11-04 09:36:50.000,4.85,100
2020-11-04 09:36:50.190,4.85,300
2020-11-04 09:36:50.190,4.85,700
2020-11-04 09:36:50.750,4.85,200
2020-11-04 09:36:51.800,4.85,10000
2020-11-04 09:36:51.930,4.849,8100
2020-11-04 09:36:51.930,4.849,2000
2020-11-04 09:36:51.930,4.849,100000
2020-11-04 09:36:51.930,4.849,125700
2020-11-04 09:36:52.100,4.85,400
2020-11-04 09:36:52.220,4.85,200
2020-11-04 09:36:55.440,4.85,100
2020-11-04 09:36:55.470,4.849,200
2020-11-04 09:36:56.150,4.85,28400
2020-11-04 09:36:57.030,4.85,3000
2020-11-04 09:36:57.150,4.85,4700
2020-11-04 09:36:57.150,4.85,300
2020-11-04 09:36:58.220,4.85,400
2020-11-04 09:37:00.000,4.85,200
2020-11-04 09:37:00.000,4.85,1100
2020-11-04 09:37:00.000,4.85,27000
2020-11-04 09:37:00.000,4.85,6000
2020-11-04 09:37:00.000,4.85,30000
2020-11-04 09:37:00.000,4.85,300
2020-11-04 09:37:00.000,4.85,5000
2020-11-04 09:37:00.000,4.85,1100
2020-11-04 09:37:00.000,4.85,1000
2020-11-04 09:37:00.000,4.85,500
2020-11-04 09:37:00.000,4.85,800
2020-11-04 09:37:00.000,4.85,19900
2020-11-04 09:37:01.710,4.851,300
2020-11-04 09:37:01.710,4.851,100
2020-11-04 09:37:01.710,4.851,10000
2020-11-04 09:37:01.710,4.851,500
2020-11-04 09:37:01.710,4.851,1000
2020-11-04 09:37:02.330,4.85,12100
2020-11-04 09:37:03.200,4.85,1000
2020-11-04 09:37:03.380,4.851,59900
2020-11-04 09:37:05.350,4.851,3000
2020-11-04 09:37:05.810,4.851,1000
2020-11-04 09:37:05.840,4.852,1000
2020-11-04 09:37:06.460,4.851,100
2020-11-04 09:37:07.160,4.851,65800
2020-11-04 09:37:07.790,4.851,5000
2020-11-04 09:37:08.370,4.852,300
2020-11-04 09:37:08.730,4.851,10000
2020-11-04 09:37:08.790,4.851,5000
2020-11-04 09:37:10.100,4.852,6900
2020-11-04 09:37:12.970,4.851,500
2020-11-04 09:37:13.670,4.851,1800
2020-11-04 09:37:14.280,4.851,1100
2020-11-04 09:37:14.720,4.852,1600
2020-11-04 09:37:14.720,4.852,500
2020-11-04 09:37:14.720,4.852,5000
2020-11-04 09:37:14.720,4.852,10000
2020-11-04 09:37:14.720,4.852,50000
2020-11-04 09:37:14.720,4.852,5000
2020-11-04 09:37:14.720,4.852,100
2020-11-04 09:37:14.720,4.852,5000
2020-11-04 09:37:14.720,4.852,3200
2020-11-04 09:37:14.720,4.852,3000
2020-11-04 09:37:14.720,4.852,1100
2020-11-04 09:37:14.720,4.852,15500
2020-11-04 09:37:15.200,4.852,2000
2020-11-04 09:37:18.220,4.852,2500
2020-11-04 09:37:18.220,4.852,1000
2020-11-04 09:37:18.220,4.852,7500
2020-11-04 09:37:19.260,4.851,300
2020-11-04 09:37:19.290,4.851,30000
2020-11-04 09:37:20.260,4.852,1100
2020-11-04 09:37:22.080,4.851,300
2020-11-04 09:37:22.920,4.851,200
2020-11-04 09:37:22.920,4.851,800
2020-11-04 09:37:23.580,4.851,200
2020-11-04 09:37:24.710,4.85,2000
2020-11-04 09:37:25.310,4.851,800
2020-11-04 09:37:25.310,4.851,2600
2020-11-04 09:37:26.920,4.851,300
2020-11-04 09:37:27.160,4.851,500
2020-11-04 09:37:27.800,4.851,5000
2020-11-04 09:37:28.490,4.851,10300
2020-11-04 09:37:29.570,4.851,4500
2020-11-04 09:37:29.910,4.851,200
2020-11-04 09:37:30.230,4.851,700
2020-11-04 09:37:30.570,4.851,2000
2020-11-04 09:37:32.650,4.851,9800
2020-11-04 09:37:32.860,4.85,100
2020-11-04 09:37:33.390,4.851,500
2020-11-04 09:37:33.390,4.851,3000
2020-11-04 09:37:33.390,4.851,500
2020-11-04 09:37:33.390,4.851,4000
2020-11-04 09:37:33.390,4.851,1000
2020-11-04 09:37:33.390,4.851,1900
2020-11-04 09:37:34.480,4.85,19500
2020-11-04 09:37:35.500,4.851,300
2020-11-04 09:37:35.730,4.85,93500
2020-11-04 09:37:37.770,4.85,10000
2020-11-04 09:37:38.200,4.851,2800
2020-11-04 09:37:38.200,4.851,100
2020-11-04 09:37:38.200,4.851,10000
2020-11-04 09:37:38.200,4.851,11100
2020-11-04 09:37:38.320,4.851,100
2020-11-04 09:37:39.240,4.85,44000
2020-11-04 09:37:39.300,4.851,5000
2020-11-04 09:37:39.850,4.85,1000
2020-11-04 09:37:41.440,4.85,10000
2020-11-04 09:37:42.550,4.851,2000
2020-11-04 09:37:42.590,4.85,1000
2020-11-04 09:37:43.240,4.851,200
2020-11-04 09:37:44.440,4.851,500
2020-11-04 09:37:44.540,4.85,12900
2020-11-04 09:37:44.540,4.85,2100
2020-11-04 09:37:44.760,4.85,197900
2020-11-04 09:37:44.760,4.85,200
2020-11-04 09:37:44.760,4.85,2000
2020-11-04 09:37:44.760,4.85,200
2020-11-04 09:37:44.760,4.85,10000
2020-11-04 09:37:44.760,4.85,1000
2020-11-04 09:37:44.760,4.85,300
2020-11-04 09:37:44.760,4.85,5000
2020-11-04 09:37:44.760,4.85,2000
2020-11-04 09:37:44.760,4.85,2000
2020-11-04 09:37:44.760,4.85,300
2020-11-04 09:37:44.760,4.85,500
2020-11-04 09:37:44.760,4.85,100
2020-11-04 09:37:44.760,4.85,1800
2020-11-04 09:37:44.760,4.85,500
2020-11-04 09:37:44.760,4.85,2000
2020-11-04 09:37:44.760,4.85,10000
2020-11-04 09:37:44.760,4.85,600
2020-11-04 09:37:45.350,4.85,6000
2020-11-04 09:37:48.080,4.85,4200
2020-11-04 09:37:49.640,4.85,300
2020-11-04 09:37:50.780,4.85,2000
2020-11-04 09:37:52.100,4.849,100
2020-11-04 09:37:52.100,4.849,500
2020-11-04 09:37:52.100,4.848,1000
2020-11-04 09:37:52.100,4.848,18000
2020-11-04 09:37:52.300,4.85,200
2020-11-04 09:37:52.940,4.849,100
2020-11-04 09:37:52.940,4.85,300
2020-11-04 09:37:52.940,4.85,200
2020-11-04 09:37:53.310,4.85,500
2020-11-04 09:37:53.600,4.85,700
2020-11-04 09:37:54.200,4.85,2000
2020-11-04 09:37:54.260,4.85,200
2020-11-04 09:37:55.730,4.85,200
2020-11-04 09:37:57.380,4.849,500
2020-11-04 09:37:57.720,4.849,70200
2020-11-04 09:37:57.720,4.85,29700
2020-11-04 09:37:58.150,4.848,5000
2020-11-04 09:37:58.430,4.848,2000
2020-11-04 09:37:58.520,4.85,1300
2020-11-04 09:38:00.130,4.849,100
2020-11-04 09:38:00.350,4.849,100
2020-11-04 09:38:00.500,4.849,800
2020-11-04 09:38:01.570,4.848,5000
2020-11-04 09:38:02.370,4.848,10000
2020-11-04 09:38:02.700,4.848,1200
2020-11-04 09:38:03.180,4.848,1300
2020-11-04 09:38:03.920,4.848,400
2020-11-04 09:38:04.250,4.848,7100
2020-11-04 09:38:04.250,4.848,50000
2020-11-04 09:38:04.250,4.848,20300
2020-11-04 09:38:04.320,4.848,400
2020-11-04 09:38:04.740,4.849,9000
2020-11-04 09:38:04.740,4.849,6000
2020-11-04 09:38:05.330,4.848,700
2020-11-04 09:38:05.540,4.849,3000
2020-11-04 09:38:05.540,4.849,1100
2020-11-04 09:38:05.540,4.849,3000
2020-11-04 09:38:05.540,4.849,1200
2020-11-04 09:38:08.700,4.849,10000
2020-11-04 09:38:10.260,4.849,38800
2020-11-04 09:38:10.260,4.849,1200
2020-11-04 09:38:10.260,4.849,10000
2020-11-04 09:38:10.260,4.849,100
2020-11-04 09:38:10.260,4.849,3000
2020-11-04 09:38:10.260,4.85,9200
2020-11-04 09:38:10.260,4.85,2000
2020-11-04 09:38:10.260,4.85,20000
2020-11-04 09:38:10.260,4.85,22100
2020-11-04 09:38:10.260,4.85,1000
2020-11-04 09:38:10.260,4.85,3000
2020-11-04 09:38:10.260,4.85,5000
2020-11-04 09:38:10.260,4.85,100
2020-11-04 09:38:10.260,4.85,500
2020-11-04 09:38:10.260,4.85,1200
2020-11-04 09:38:10.260,4.85,10100
2020-11-04 09:38:10.260,4.85,22700
2020-11-04 09:38:11.030,4.849,3000
2020-11-04 09:38:11.240,4.848,4400
2020-11-04 09:38:11.790,4.848,3000
2020-11-04 09:38:11.950,4.849,100
2020-11-04 09:38:12.500,4.848,5000
2020-11-04 09:38:12.650,4.849,3600
2020-11-04 09:38:13.720,4.849,500
2020-11-04 09:38:14.260,4.848,200
2020-11-04 09:38:15.190,4.849,100
2020-11-04 09:38:15.680,4.848,4200
2020-11-04 09:38:16.630,4.849,500
2020-11-04 09:38:16.900,4.849,1800
2020-11-04 09:38:16.990,4.848,11800
2020-11-04 09:38:16.990,4.848,11200
2020-11-04 09:38:21.490,4.848,10000
2020-11-04 09:38:22.090,4.848,600
2020-11-04 09:38:22.480,4.848,17400
2020-11-04 09:38:22.810,4.848,2100
2020-11-04 09:38:23.290,4.849,100
2020-11-04 09:38:25.090,4.848,8700
2020-11-04 09:38:25.090,4.848,1300
2020-11-04 09:38:27.400,4.848,400
2020-11-04 09:38:27.960,4.849,500
2020-11-04 09:38:28.130,4.848,2500
2020-11-04 09:38:29.890,4.848,20800
2020-11-04 09:38:29.890,4.848,2600
2020-11-04 09:38:29.890,4.848,100
2020-11-04 09:38:29.890,4.848,300
2020-11-04 09:38:30.440,4.848,100
2020-11-04 09:38:32.420,4.848,10300
2020-11-04 09:38:32.850,4.848,300
2020-11-04 09:38:34.420,4.847,2000
2020-11-04 09:38:35.060,4.847,1000
2020-11-04 09:38:35.810,4.848,2000
2020-11-04 09:38:36.240,4.847,1300
2020-11-04 09:38:38.150,4.847,1000
2020-11-04 09:38:38.600,4.847,500
2020-11-04 09:38:39.110,4.847,1000
2020-11-04 09:38:39.140,4.848,100
2020-11-04 09:38:39.620,4.847,1000
2020-11-04 09:38:40.000,4.848,20000
2020-11-04 09:38:40.180,4.848,1000
2020-11-04 09:38:40.440,4.847,3000
2020-11-04 09:38:41.540,4.847,1400
2020-11-04 09:38:41.540,4.847,100
2020-11-04 09:38:41.540,4.847,500
2020-11-04 09:38:42.110,4.847,10000
2020-11-04 09:38:42.140,4.848,1900
2020-11-04 09:38:42.980,4.847,16800
2020-11-04 09:38:43.240,4.847,127700
2020-11-04 09:38:43.240,4.847,100
2020-11-04 09:38:43.240,4.847,500
2020-11-04 09:38:43.240,4.847,20000
2020-11-04 09:38:43.360,4.847,100
2020-11-04 09:38:44.790,4.846,500
2020-11-04 09:38:44.790,4.846,1000
2020-11-04 09:38:44.790,4.846,300
2020-11-04 09:38:44.790,4.846,500
2020-11-04 09:38:44.790,4.846,500
2020-11-04 09:38:44.790,4.846,1000
2020-11-04 09:38:44.790,4.846,111100
2020-11-04 09:38:45.520,4.846,100
2020-11-04 09:38:45.520,4.846,100
2020-11-04 09:38:45.790,4.846,500
2020-11-04 09:38:46.990,4.845,11000
2020-11-04 09:38:46.990,4.845,2000
2020-11-04 09:38:46.990,4.845,600
2020-11-04 09:38:46.990,4.845,100
2020-11-04 09:38:46.990,4.845,60000
2020-11-04 09:38:46.990,4.844,59000
2020-11-04 09:38:46.990,4.844,1000
2020-11-04 09:38:46.990,4.844,400
2020-11-04 09:38:46.990,4.844,200
2020-11-04 09:38:46.990,4.844,500
2020-11-04 09:38:46.990,4.843,1000
2020-11-04 09:38:46.990,4.843,1000
2020-11-04 09:38:46.990,4.843,100
2020-11-04 09:38:46.990,4.842,200
2020-11-04 09:38:46.990,4.842,10000
2020-11-04 09:38:46.990,4.842,200
2020-11-04 09:38:46.990,4.842,20000
2020-11-04 09:38:46.990,4.842,100
2020-11-04 09:38:46.990,4.842,500
2020-11-04 09:38:46.990,4.842,3000
2020-11-04 09:38:46.990,4.842,124600
2020-11-04 09:38:47.800,4.844,1200
2020-11-04 09:38:48.440,4.844,2000
2020-11-04 09:38:48.800,4.845,100
2020-11-04 09:38:50.800,4.845,27300
2020-11-04 09:38:51.140,4.844,4000
2020-11-04 09:38:52.080,4.843,3200
2020-11-04 09:38:53.000,4.843,100
2020-11-04 09:38:53.730,4.845,1000
2020-11-04 09:38:56.730,4.843,1000
2020-11-04 09:38:57.480,4.845,50000
2020-11-04 09:38:59.350,4.843,23200
2020-11-04 09:39:01.670,4.843,48000
2020-11-04 09:39:04.930,4.844,4000
2020-11-04 09:39:06.120,4.844,19200
2020-11-04 09:39:06.590,4.844,200
2020-11-04 09:39:06.980,4.844,300
2020-11-04 09:39:07.360,4.844,300
2020-11-04 09:39:07.950,4.843,100
2020-11-04 09:39:08.070,4.844,36000
2020-11-04 09:39:08.070,4.844,600
2020-11-04 09:39:08.070,4.844,5200
2020-11-04 09:39:08.520,4.844,22600
2020-11-04 09:39:09.620,4.845,500
2020-11-04 09:39:10.110,4.844,10000
2020-11-04 09:39:11.430,4.844,100
2020-11-04 09:39:12.790,4.844,100
2020-11-04 09:39:12.850,4.844,7800
2020-11-04 09:39:14.440,4.844,10600
2020-11-04 09:39:15.360,4.844,6400
2020-11-04 09:39:15.450,4.845,6000
2020-11-04 09:39:16.550,4.844,500
2020-11-04 09:39:16.900,4.844,39500
2020-11-04 09:39:16.900,4.844,2500
2020-11-04 09:39:16.900,4.844,100
2020-11-04 09:39:16.930,4.844,10000
2020-11-04 09:39:18.000,4.844,300
2020-11-04 09:39:19.300,4.843,500
2020-11-04 09:39:19.700,4.844,500
2020-11-04 09:39:20.860,4.844,102000
2020-11-04 09:39:22.260,4.844,3000
2020-11-04 09:39:22.560,4.843,100
2020-11-04 09:39:22.560,4.843,100
2020-11-04 09:39:22.560,4.843,30000
2020-11-04 09:39:22.560,4.843,54400
2020-11-04 09:39:24.030,4.843,600
2020-11-04 09:39:24.380,4.842,500
2020-11-04 09:39:24.380,4.842,45700
2020-11-04 09:39:24.900,4.842,4300
2020-11-04 09:39:24.900,4.842,5000
2020-11-04 09:39:24.900,4.842,290700
2020-11-04 09:39:25.080,4.843,800
2020-11-04 09:39:25.080,4.843,1200
2020-11-04 09:39:25.110,4.842,5000
2020-11-04 09:39:26.560,4.842,100000
2020-11-04 09:39:27.150,4.843,3000
2020-11-04 09:39:30.020,4.843,400
2020-11-04 09:39:30.770,4.842,3000
2020-11-04 09:39:31.490,4.841,200
2020-11-04 09:39:31.490,4.841,500
2020-11-04 09:39:31.490,4.841,500
2020-11-04 09:39:31.490,4.841,1500
2020-11-04 09:39:31.490,4.841,7300
2020-11-04 09:39:31.670,4.841,26500
2020-11-04 09:39:31.670,4.841,3500
2020-11-04 09:39:32.180,4.841,2000
2020-11-04 09:39:32.850,4.842,10000
2020-11-04 09:39:34.410,4.841,4500
2020-11-04 09:39:34.410,4.841,100
2020-11-04 09:39:34.410,4.841,400
2020-11-04 09:39:37.330,4.841,1800
2020-11-04 09:39:39.460,4.841,1000
2020-11-04 09:39:39.660,4.841,5000
2020-11-04 09:39:40.150,4.841,4000
2020-11-04 09:39:40.390,4.841,1400
2020-11-04 09:39:42.820,4.841,200
2020-11-04 09:39:43.230,4.841,5000
2020-11-04 09:39:43.770,4.84,1900
2020-11-04 09:39:44.750,4.84,500
2020-11-04 09:39:45.490,4.841,100
2020-11-04 09:39:46.100,4.841,1000
2020-11-04 09:39:46.810,4.84,7600
2020-11-04 09:39:46.810,4.84,400
2020-11-04 09:39:46.810,4.84,500
2020-11-04 09:39:46.810,4.84,5000
2020-11-04 09:39:46.810,4.84,5100
2020-11-04 09:39:46.810,4.84,100
2020-11-04 09:39:46.810,4.84,1300
2020-11-04 09:39:47.110,4.84,3700
2020-11-04 09:39:47.110,4.84,100
2020-11-04 09:39:47.110,4.84,6500
2020-11-04 09:39:47.110,4.84,100
2020-11-04 09:39:47.110,4.84,15000
2020-11-04 09:39:47.110,4.84,100
2020-11-04 09:39:47.110,4.84,3000
2020-11-04 09:39:47.110,4.84,200
2020-11-04 09:39:47.110,4.84,3000
2020-11-04 09:39:47.110,4.84,1000
2020-11-04 09:39:47.110,4.84,100
2020-11-04 09:39:47.110,4.84,500
2020-11-04 09:39:47.110,4.84,500
2020-11-04 09:39:47.110,4.84,5600
2020-11-04 09:39:47.110,4.84,15600
2020-11-04 09:39:47.380,4.84,500
2020-11-04 09:39:48.840,4.84,5300
2020-11-04 09:39:49.810,4.84,13200
2020-11-04 09:39:50.970,4.84,5000
2020-11-04 09:39:52.380,4.841,100
2020-11-04 09:39:53.120,4.84,2100
2020-11-04 09:39:53.210,4.84,21000
2020-11-04 09:39:53.580,4.84,23200
2020-11-04 09:39:53.790,4.84,10500
2020-11-04 09:39:54.980,4.84,5400
2020-11-04 09:39:55.160,4.84,2000
2020-11-04 09:39:55.220,4.84,60000
2020-11-04 09:39:55.680,4.84,2000
2020-11-04 09:39:56.290,4.84,30000
2020-11-04 09:39:56.650,4.84,23500
2020-11-04 09:39:56.750,4.84,156600
2020-11-04 09:39:56.750,4.84,1000
2020-11-04 09:39:56.750,4.84,300
2020-11-04 09:39:56.750,4.84,200
2020-11-04 09:39:56.750,4.84,100
2020-11-04 09:39:56.750,4.84,1000
2020-11-04 09:39:56.750,4.84,2000
2020-11-04 09:39:56.750,4.84,100
2020-11-04 09:39:56.750,4.84,2000
2020-11-04 09:39:56.960,4.839,100
2020-11-04 09:39:56.960,4.839,2000
2020-11-04 09:39:56.960,4.839,500
2020-11-04 09:39:56.960,4.839,500
2020-11-04 09:39:56.960,4.839,5000
2020-11-04 09:39:56.960,4.839,11900
2020-11-04 09:39:58.250,4.84,2000
2020-11-04 09:39:58.250,4.841,100
2020-11-04 09:39:58.730,4.84,500
2020-11-04 09:40:03.270,4.839,10000
2020-11-04 09:40:03.430,4.839,28100
2020-11-04 09:40:03.430,4.839,4000
2020-11-04 09:40:04.870,4.838,100
2020-11-04 09:40:04.870,4.838,600
2020-11-04 09:40:04.870,4.838,3000
2020-11-04 09:40:04.870,4.838,500
2020-11-04 09:40:04.870,4.838,30000
2020-11-04 09:40:04.870,4.838,5000
2020-11-04 09:40:04.870,4.838,500
2020-11-04 09:40:04.870,4.838,500
2020-11-04 09:40:04.870,4.838,2500
2020-11-04 09:40:04.870,4.838,55000
2020-11-04 09:40:04.870,4.838,500
2020-11-04 09:40:04.870,4.838,200
2020-11-04 09:40:05.980,4.837,1200
2020-11-04 09:40:06.240,4.837,300
2020-11-04 09:40:06.240,4.837,1100
2020-11-04 09:40:06.240,4.837,3000
2020-11-04 09:40:06.240,4.837,600
2020-11-04 09:40:08.900,4.838,1800
2020-11-04 09:40:09.360,4.837,400
2020-11-04 09:40:09.360,4.837,4600
2020-11-04 09:40:09.390,4.838,100
2020-11-04 09:40:09.930,4.837,400
2020-11-04 09:40:09.930,4.837,500
2020-11-04 09:40:09.930,4.837,200
2020-11-04 09:40:09.930,4.837,500
2020-11-04 09:40:09.930,4.837,10000
2020-11-04 09:40:09.930,4.837,100
2020-11-04 09:40:09.930,4.837,4900
2020-11-04 09:40:10.330,4.837,1100
2020-11-04 09:40:10.540,4.836,200
2020-11-04 09:40:10.740,4.837,2000
2020-11-04 09:40:10.970,4.836,49800
2020-11-04 09:40:10.970,4.836,100
2020-11-04 09:40:10.970,4.836,100
2020-11-04 09:40:10.970,4.836,2000
2020-11-04 09:40:10.970,4.836,200
2020-11-04 09:40:10.970,4.836,500
2020-11-04 09:40:10.970,4.836,1000
2020-11-04 09:40:10.970,4.836,7300
2020-11-04 09:40:10.970,4.836,10000
2020-11-04 09:40:10.970,4.836,3000
2020-11-04 09:40:10.970,4.836,10000
2020-11-04 09:40:11.250,4.836,1000
2020-11-04 09:40:11.250,4.836,5000
2020-11-04 09:40:11.310,4.836,1000
2020-11-04 09:40:11.310,4.836,1000
2020-11-04 09:40:11.470,4.836,500
2020-11-04 09:40:11.470,4.835,200
2020-11-04 09:40:11.740,4.836,5000
2020-11-04 09:40:12.090,4.837,4700
2020-11-04 09:40:12.090,4.837,1500
2020-11-04 09:40:12.090,4.837,8800
2020-11-04 09:40:13.070,4.836,6000
2020-11-04 09:40:13.550,4.835,13100
2020-11-04 09:40:14.860,4.836,30000
2020-11-04 09:40:14.860,4.835,86900
2020-11-04 09:40:14.860,4.835,2000
2020-11-04 09:40:14.860,4.835,100
2020-11-04 09:40:14.860,4.835,500
2020-11-04 09:40:14.860,4.835,1000
2020-11-04 09:40:14.860,4.835,3000
2020-11-04 09:40:14.860,4.835,500
2020-11-04 09:40:14.860,4.835,1000
2020-11-04 09:40:14.860,4.835,5000
2020-11-04 09:40:14.890,4.836,200
2020-11-04 09:40:15.590,4.835,100
2020-11-04 09:40:15.590,4.835,5000
2020-11-04 09:40:15.590,4.835,900
2020-11-04 09:40:16.810,4.836,200
2020-11-04 09:40:17.130,4.835,100
2020-11-04 09:40:18.160,4.835,100
2020-11-04 09:40:18.160,4.835,1900
2020-11-04 09:40:18.330,4.835,9100
2020-11-04 09:40:18.330,4.835,800
2020-11-04 09:40:19.210,4.836,600
2020-11-04 09:40:19.210,4.836,3900
2020-11-04 09:40:19.480,4.835,1000
2020-11-04 09:40:19.480,4.835,1000
2020-11-04 09:40:19.800,4.835,2500
2020-11-04 09:40:20.230,4.835,26100
2020-11-04 09:40:21.090,4.836,400
2020-11-04 09:40:21.540,4.835,5000
2020-11-04 09:40:21.660,4.836,600
2020-11-04 09:40:21.660,4.836,23600
2020-11-04 09:40:21.660,4.837,5000
2020-11-04 09:40:21.660,4.837,10800
2020-11-04 09:40:21.690,4.835,2000
2020-11-04 09:40:21.780,4.835,500
2020-11-04 09:40:21.870,4.835,11100
2020-11-04 09:40:21.870,4.835,1900
2020-11-04 09:40:21.870,4.835,500
2020-11-04 09:40:21.870,4.834,7300
2020-11-04 09:40:21.870,4.834,2600
2020-11-04 09:40:21.870,4.834,5400
2020-11-04 09:40:21.870,4.834,500
2020-11-04 09:40:21.870,4.834,21700
2020-11-04 09:40:22.050,4.834,11100
2020-11-04 09:40:22.640,4.835,5700
2020-11-04 09:40:22.930,4.835,200
2020-11-04 09:40:23.540,4.835,40000
2020-11-04 09:40:23.600,4.835,3000
2020-11-04 09:40:25.900,4.835,5100
2020-11-04 09:40:26.750,4.835,146000
2020-11-04 09:40:26.750,4.835,5000
2020-11-04 09:40:26.750,4.835,2000
2020-11-04 09:40:26.750,4.835,147100
2020-11-04 09:40:26.870,4.835,53600
2020-11-04 09:40:26.930,4.835,299300
2020-11-04 09:40:26.930,4.835,5000
2020-11-04 09:40:26.930,4.835,1400
2020-11-04 09:40:26.930,4.835,1000
2020-11-04 09:40:26.930,4.835,100
2020-11-04 09:40:26.930,4.835,5200
2020-11-04 09:40:26.930,4.835,2500
2020-11-04 09:40:26.990,4.835,40000
2020-11-04 09:40:28.620,4.835,500
2020-11-04 09:40:29.350,4.834,7100
2020-11-04 09:40:29.450,4.835,100
2020-11-04 09:40:29.800,4.835,100
2020-11-04 09:40:30.120,4.835,100
2020-11-04 09:40:30.160,4.835,1900
2020-11-04 09:40:30.920,4.835,4000
2020-11-04 09:40:31.100,4.836,1000
2020-11-04 09:40:31.350,4.836,20700
2020-11-04 09:40:31.350,4.836,11100
2020-11-04 09:40:31.350,4.836,400
2020-11-04 09:40:31.350,4.837,4000
2020-11-04 09:40:31.350,4.837,200
2020-11-04 09:40:31.350,4.837,40000
2020-11-04 09:40:31.350,4.837,5500
2020-11-04 09:40:31.940,4.835,1200
2020-11-04 09:40:32.160,4.837,200
2020-11-04 09:40:35.480,4.836,1200
2020-11-04 09:40:35.480,4.835,2800
2020-11-04 09:40:35.480,4.835,200
2020-11-04 09:40:35.480,4.835,200
2020-11-04 09:40:35.480,4.835,5500
2020-11-04 09:40:35.480,4.835,100
2020-11-04 09:40:35.480,4.835,5000
2020-11-04 09:40:35.480,4.835,100
2020-11-04 09:40:35.480,4.835,400
2020-11-04 09:40:35.480,4.835,600
2020-11-04 09:40:35.480,4.835,500
2020-11-04 09:40:35.480,4.835,1000
2020-11-04 09:40:35.480,4.835,11400
2020-11-04 09:40:36.060,4.836,4300
2020-11-04 09:40:36.060,4.837,34100
2020-11-04 09:40:36.420,4.837,2000
2020-11-04 09:40:37.730,4.837,4400
2020-11-04 09:40:38.780,4.838,6000
2020-11-04 09:40:40.880,4.837,10000
2020-11-04 09:40:42.390,4.837,11200
2020-11-04 09:40:42.710,4.837,5000
2020-11-04 09:40:43.430,4.837,12200
2020-11-04 09:40:43.590,4.838,22100
2020-11-04 09:40:43.590,4.838,7200
2020-11-04 09:40:43.590,4.838,100000
2020-11-04 09:40:43.590,4.838,300000
2020-11-04 09:40:43.650,4.838,300000
2020-11-04 09:40:44.020,4.838,170700
2020-11-04 09:40:44.020,4.837,129300
2020-11-04 09:40:45.600,4.838,1000
2020-11-04 09:40:45.940,4.837,4700
2020-11-04 09:40:46.630,4.837,40000
2020-11-04 09:40:47.470,4.837,2500
2020-11-04 09:40:47.740,4.838,10000
2020-11-04 09:40:48.570,4.838,100
2020-11-04 09:40:49.610,4.838,600
2020-11-04 09:40:49.610,4.837,1400
2020-11-04 09:40:50.610,4.837,30000
2020-11-04 09:40:50.670,4.837,900
2020-11-04 09:40:53.460,4.839,2000
2020-11-04 09:40:53.670,4.839,500
2020-11-04 09:40:53.670,4.839,1000
2020-11-04 09:40:55.520,4.839,1000
2020-11-04 09:40:55.710,4.839,5000
2020-11-04 09:40:55.800,4.839,1700
2020-11-04 09:40:56.610,4.839,2000
2020-11-04 09:40:56.610,4.838,300
2020-11-04 09:40:57.580,4.84,3000
2020-11-04 09:40:57.580,4.84,30000
2020-11-04 09:40:57.580,4.84,4000
2020-11-04 09:40:57.580,4.84,1000
2020-11-04 09:40:57.580,4.84,200
2020-11-04 09:40:57.580,4.84,100
2020-11-04 09:40:57.580,4.84,2000
2020-11-04 09:40:57.580,4.84,57000
2020-11-04 09:40:57.580,4.84,2000
2020-11-04 09:40:57.580,4.84,200
2020-11-04 09:40:57.580,4.84,8000
2020-11-04 09:40:57.580,4.84,4000
2020-11-04 09:40:57.580,4.84,100000
2020-11-04 09:40:57.950,4.84,315000
2020-11-04 09:40:58.910,4.84,81500
2020-11-04 09:41:01.360,4.839,100
2020-11-04 09:41:01.360,4.839,2800
2020-11-04 09:41:02.000,4.839,100
2020-11-04 09:41:02.560,4.839,500
2020-11-04 09:41:03.680,4.839,10100
2020-11-04 09:41:03.680,4.839,9900
2020-11-04 09:41:04.040,4.839,1500
2020-11-04 09:41:06.170,4.84,1000
2020-11-04 09:41:07.620,4.841,400
2020-11-04 09:41:07.620,4.841,4100
2020-11-04 09:41:07.620,4.841,5000
2020-11-04 09:41:07.620,4.841,700
2020-11-04 09:41:08.250,4.841,2500
2020-11-04 09:41:08.250,4.841,2700
2020-11-04 09:41:08.250,4.841,900
2020-11-04 09:41:08.250,4.841,5000
2020-11-04 09:41:08.250,4.841,59000
2020-11-04 09:41:08.250,4.841,300000
2020-11-04 09:41:11.790,4.841,300000
2020-11-04 09:41:11.850,4.841,29900
2020-11-04 09:41:11.850,4.84,6900
2020-11-04 09:41:11.850,4.84,3000
2020-11-04 09:41:11.850,4.839,10100
2020-11-04 09:41:12.160,4.839,300000
2020-11-04 09:41:13.570,4.84,100
2020-11-04 09:41:13.600,4.839,1200
2020-11-04 09:41:14.270,4.84,20000
2020-11-04 09:41:14.840,4.839,200
2020-11-04 09:41:14.860,4.839,302200
2020-11-04 09:41:14.860,4.839,114800
2020-11-04 09:41:15.010,4.839,11000
2020-11-04 09:41:15.620,4.84,300
2020-11-04 09:41:16.630,4.84,5000
2020-11-04 09:41:16.690,4.84,1000
2020-11-04 09:41:16.780,4.84,700
2020-11-04 09:41:17.600,4.84,10400
2020-11-04 09:41:18.430,4.84,500
2020-11-04 09:41:19.790,4.84,5000
2020-11-04 09:41:20.210,4.84,600
2020-11-04 09:41:22.050,4.84,500
2020-11-04 09:41:22.290,4.84,100
2020-11-04 09:41:22.650,4.84,2600
2020-11-04 09:41:23.670,4.84,6200
2020-11-04 09:41:23.730,4.84,4500
2020-11-04 09:41:23.910,4.839,1200
2020-11-04 09:41:24.060,4.84,1000
2020-11-04 09:41:24.060,4.84,3900
2020-11-04 09:41:25.380,4.84,1000
2020-11-04 09:41:25.490,4.84,1400
2020-11-04 09:41:25.750,4.839,5000
2020-11-04 09:41:26.260,4.839,2000
2020-11-04 09:41:28.330,4.84,10000
2020-11-04 09:41:28.420,4.839,5000
2020-11-04 09:41:28.510,4.84,103500
2020-11-04 09:41:28.510,4.84,100100
2020-11-04 09:41:28.510,4.84,5300
2020-11-04 09:41:28.950,4.84,7100
2020-11-04 09:41:29.100,4.841,20000
2020-11-04 09:41:29.100,4.841,1400
2020-11-04 09:41:29.100,4.841,500
2020-11-04 09:41:29.100,4.841,5000
2020-11-04 09:41:29.100,4.841,45400
2020-11-04 09:41:30.290,4.84,900
2020-11-04 09:41:30.840,4.84,1000
2020-11-04 09:41:31.300,4.84,20000
2020-11-04 09:41:31.540,4.84,162100
2020-11-04 09:41:31.540,4.84,137900
2020-11-04 09:41:31.600,4.84,100000
2020-11-04 09:41:31.600,4.84,300000
2020-11-04 09:41:31.650,4.84,10000
2020-11-04 09:41:31.930,4.84,300000
2020-11-04 09:41:32.470,4.841,2000
2020-11-04 09:41:32.470,4.841,3000
2020-11-04 09:41:32.470,4.841,10000
2020-11-04 09:41:32.470,4.842,2000
2020-11-04 09:41:32.470,4.842,5000
2020-11-04 09:41:32.470,4.842,100000
2020-11-04 09:41:32.470,4.842,4700
2020-11-04 09:41:32.500,4.84,10000
2020-11-04 09:41:33.110,4.84,42100
2020-11-04 09:41:33.320,4.84,100
2020-11-04 09:41:33.320,4.84,100
2020-11-04 09:41:33.320,4.84,100
2020-11-04 09:41:33.320,4.84,100
2020-11-04 09:41:33.320,4.84,100
2020-11-04 09:41:33.320,4.84,100
2020-11-04 09:41:33.320,4.84,100
2020-11-04 09:41:33.320,4.84,100
2020-11-04 09:41:33.320,4.84,100
2020-11-04 09:41:33.320,4.84,100
2020-11-04 09:41:33.390,4.84,100
2020-11-04 09:41:33.390,4.84,100
2020-11-04 09:41:33.390,4.84,100
2020-11-04 09:41:33.390,4.84,100
2020-11-04 09:41:33.390,4.84,100
2020-11-04 09:41:33.390,4.84,100
2020-11-04 09:41:33.390,4.84,100
2020-11-04 09:41:33.390,4.84,100
2020-11-04 09:41:33.390,4.84,100
2020-11-04 09:41:33.390,4.84,100
2020-11-04 09:41:33.390,4.84,100
2020-11-04 09:41:33.390,4.84,100
2020-11-04 09:41:33.390,4.84,100
2020-11-04 09:41:33.390,4.84,100
2020-11-04 09:41:33.390,4.84,100
2020-11-04 09:41:33.390,4.84,100
2020-11-04 09:41:33.390,4.84,100
2020-11-04 09:41:33.390,4.84,100
2020-11-04 09:41:33.510,4.84,1200
2020-11-04 09:41:33.510,4.84,100
2020-11-04 09:41:33.510,4.84,100
2020-11-04 09:41:33.630,4.84,11000
2020-11-04 09:41:33.780,4.839,1000
2020-11-04 09:41:33.780,4.839,2100
2020-11-04 09:41:33.780,4.839,700
2020-11-04 09:41:34.050,4.84,200
2020-11-04 09:41:35.220,4.84,100
2020-11-04 09:41:35.220,4.84,100
2020-11-04 09:41:35.220,4.84,100
2020-11-04 09:41:35.220,4.84,100
2020-11-04 09:41:35.220,4.84,100
2020-11-04 09:41:35.220,4.84,100
2020-11-04 09:41:35.220,4.84,100
2020-11-04 09:41:35.220,4.84,100
2020-11-04 09:41:35.220,4.84,100
2020-11-04 09:41:35.220,4.84,100
2020-11-04 09:41:35.220,4.84,100
2020-11-04 09:41:35.220,4.84,100
2020-11-04 09:41:35.220,4.84,100
2020-11-04 09:41:35.220,4.84,100
2020-11-04 09:41:35.220,4.84,100
2020-11-04 09:41:35.220,4.84,100
2020-11-04 09:41:35.320,4.84,100
2020-11-04 09:41:35.320,4.84,100
2020-11-04 09:41:35.320,4.84,100
2020-11-04 09:41:35.320,4.84,100
2020-11-04 09:41:35.320,4.84,100
2020-11-04 09:41:35.320,4.84,100
2020-11-04 09:41:35.320,4.84,100
2020-11-04 09:41:35.320,4.84,100
2020-11-04 09:41:35.320,4.84,100
2020-11-04 09:41:35.320,4.84,100
2020-11-04 09:41:35.320,4.84,100
2020-11-04 09:41:35.320,4.84,100
2020-11-04 09:41:35.320,4.84,100
2020-11-04 09:41:35.320,4.84,100
2020-11-04 09:41:38.830,4.84,100
2020-11-04 09:41:41.430,4.84,1400
2020-11-04 09:41:41.430,4.84,5000
2020-11-04 09:41:41.840,4.839,1000
2020-11-04 09:41:41.960,4.839,300
2020-11-04 09:41:41.960,4.839,200
2020-11-04 09:41:41.960,4.839,1000
2020-11-04 09:41:41.960,4.839,8700
2020-11-04 09:41:42.040,4.839,1300
2020-11-04 09:41:42.040,4.839,5000
2020-11-04 09:41:42.770,4.839,5000
2020-11-04 09:41:43.000,4.839,28700
2020-11-04 09:41:43.000,4.839,100
2020-11-04 09:41:43.000,4.839,1200
2020-11-04 09:41:43.000,4.839,3900
2020-11-04 09:41:43.000,4.839,5200
2020-11-04 09:41:43.120,4.84,100
2020-11-04 09:41:43.120,4.84,100
2020-11-04 09:41:43.120,4.84,100
2020-11-04 09:41:43.120,4.84,100
2020-11-04 09:41:43.120,4.84,100
2020-11-04 09:41:43.120,4.84,100
2020-11-04 09:41:43.120,4.84,100
2020-11-04 09:41:43.120,4.84,100
2020-11-04 09:41:43.120,4.84,100
2020-11-04 09:41:43.120,4.84,100
2020-11-04 09:41:43.120,4.84,100
2020-11-04 09:41:43.120,4.84,100
2020-11-04 09:41:43.180,4.84,100
2020-11-04 09:41:43.180,4.84,100
2020-11-04 09:41:43.180,4.84,100
2020-11-04 09:41:43.180,4.84,100
2020-11-04 09:41:43.180,4.84,100
2020-11-04 09:41:43.180,4.84,100
2020-11-04 09:41:43.180,4.84,100
2020-11-04 09:41:43.180,4.84,100
2020-11-04 09:41:43.210,4.84,100
2020-11-04 09:41:43.210,4.84,100
2020-11-04 09:41:43.210,4.84,100
2020-11-04 09:41:43.210,4.84,100
2020-11-04 09:41:43.210,4.84,100
2020-11-04 09:41:43.210,4.84,100
2020-11-04 09:41:43.210,4.84,100
2020-11-04 09:41:43.210,4.84,100
2020-11-04 09:41:43.210,4.84,100
2020-11-04 09:41:43.310,4.84,100
2020-11-04 09:41:43.510,4.84,4100
2020-11-04 09:41:43.510,4.84,100
2020-11-04 09:41:43.510,4.84,800
2020-11-04 09:41:44.290,4.84,200
2020-11-04 09:41:44.290,4.84,800
2020-11-04 09:41:44.930,4.84,1700
2020-11-04 09:41:44.930,4.84,11000
2020-11-04 09:41:44.930,4.84,49500
2020-11-04 09:41:44.930,4.841,10400
2020-11-04 09:41:44.930,4.841,1200
2020-11-04 09:41:44.930,4.841,1000
2020-11-04 09:41:44.930,4.841,11500
2020-11-04 09:41:44.930,4.841,60000
2020-11-04 09:41:44.930,4.842,3000
2020-11-04 09:41:44.930,4.842,500
2020-11-04 09:41:44.990,4.842,60000
2020-11-04 09:41:45.050,4.842,5000
2020-11-04 09:41:45.200,4.842,100000
2020-11-04 09:41:46.150,4.842,10000
2020-11-04 09:41:46.650,4.842,100000
2020-11-04 09:41:46.870,4.842,100000
2020-11-04 09:41:46.940,4.842,95400
2020-11-04 09:41:47.290,4.842,500
2020-11-04 09:41:47.830,4.842,200
2020-11-04 09:41:48.410,4.842,500
2020-11-04 09:41:49.890,4.842,2000
2020-11-04 09:41:51.030,4.842,17700
2020-11-04 09:41:51.930,4.842,258900
2020-11-04 09:41:53.440,4.841,100
2020-11-04 09:41:53.440,4.84,10000
2020-11-04 09:41:53.440,4.84,60000
2020-11-04 09:41:53.440,4.84,200
2020-11-04 09:41:53.440,4.84,200
2020-11-04 09:41:53.440,4.84,23800
2020-11-04 09:41:54.030,4.842,11000
2020-11-04 09:41:58.330,4.84,2200
2020-11-04 09:41:58.720,4.841,100
2020-11-04 09:41:58.720,4.841,6100
2020-11-04 09:41:58.720,4.842,30100
2020-11-04 09:41:58.720,4.842,2500
2020-11-04 09:41:58.720,4.842,200
2020-11-04 09:41:58.720,4.842,33300
2020-11-04 09:42:00.470,4.841,5000
2020-11-04 09:42:02.320,4.84,100
2020-11-04 09:42:04.890,4.841,500
2020-11-04 09:42:04.890,4.84,700
2020-11-04 09:42:04.890,4.84,800
2020-11-04 09:42:04.990,4.842,100
2020-11-04 09:42:07.660,4.842,1100
2020-11-04 09:42:08.520,4.84,10000
2020-11-04 09:42:09.430,4.842,21400
2020-11-04 09:42:09.430,4.842,28600
2020-11-04 09:42:09.490,4.842,600
2020-11-04 09:42:10.880,4.84,2400
2020-11-04 09:42:10.880,4.84,2600
2020-11-04 09:42:11.110,4.84,500
2020-11-04 09:42:11.930,4.841,2000
2020-11-04 09:42:12.960,4.841,200
2020-11-04 09:42:12.960,4.841,1100
2020-11-04 09:42:13.590,4.84,700
2020-11-04 09:42:14.530,4.841,26700
2020-11-04 09:42:14.530,4.841,1800
2020-11-04 09:42:15.040,4.841,2200
2020-11-04 09:42:15.490,4.842,800
2020-11-04 09:42:15.490,4.842,400
2020-11-04 09:42:16.520,4.841,19300
2020-11-04 09:42:16.520,4.84,200
2020-11-04 09:42:16.520,4.84,500
2020-11-04 09:42:18.230,4.841,20000
2020-11-04 09:42:18.470,4.841,7600
2020-11-04 09:42:18.650,4.841,3000
2020-11-04 09:42:19.960,4.841,111000
2020-11-04 09:42:20.020,4.841,10000
2020-11-04 09:42:26.310,4.841,11100
2020-11-04 09:42:26.340,4.841,4500
2020-11-04 09:42:26.400,4.841,4900
2020-11-04 09:42:26.870,4.842,1600
2020-11-04 09:42:26.870,4.842,6200
2020-11-04 09:42:28.720,4.842,1600
2020-11-04 09:42:28.990,4.842,13000
2020-11-04 09:42:29.350,4.842,100
2020-11-04 09:42:29.440,4.842,2000
2020-11-04 09:42:33.540,4.842,200
2020-11-04 09:42:34.000,4.843,10000
2020-11-04 09:42:35.290,4.843,5000
2020-11-04 09:42:35.860,4.842,10000
2020-11-04 09:42:38.390,4.842,100
2020-11-04 09:42:38.540,4.842,200
2020-11-04 09:42:38.540,4.842,400
2020-11-04 09:42:38.540,4.842,100
2020-11-04 09:42:38.540,4.842,1000
2020-11-04 09:42:38.540,4.842,300
2020-11-04 09:42:38.540,4.84,8100
2020-11-04 09:42:38.540,4.84,200
2020-11-04 09:42:38.540,4.84,100
2020-11-04 09:42:38.540,4.84,20000
2020-11-04 09:42:38.540,4.84,4400
2020-11-04 09:42:38.540,4.84,65200
2020-11-04 09:42:39.010,4.84,100000
2020-11-04 09:42:40.130,4.843,600
2020-11-04 09:42:40.130,4.843,9400
2020-11-04 09:42:44.010,4.842,5000
2020-11-04 09:42:44.820,4.84,1200
2020-11-04 09:42:44.860,4.842,200
2020-11-04 09:42:45.160,4.842,3800
2020-11-04 09:42:45.220,4.84,500
2020-11-04 09:42:45.560,4.841,300
2020-11-04 09:42:46.340,4.841,100
2020-11-04 09:42:50.260,4.84,5000
2020-11-04 09:42:50.960,4.842,100
2020-11-04 09:42:53.220,4.841,5000
2020-11-04 09:42:53.600,4.84,2800
2020-11-04 09:42:54.420,4.84,400
2020-11-04 09:42:54.610,4.841,200
2020-11-04 09:42:55.040,4.84,700
2020-11-04 09:42:55.040,4.84,100
2020-11-04 09:42:55.040,4.84,4200
2020-11-04 09:42:55.170,4.841,300
2020-11-04 09:42:57.200,4.84,200
2020-11-04 09:42:57.560,4.84,15000
2020-11-04 09:42:58.310,4.841,600
2020-11-04 09:42:59.380,4.841,4000
2020-11-04 09:42:59.720,4.841,900
2020-11-04 09:42:59.720,4.841,2100
2020-11-04 09:42:59.870,4.84,30600
2020-11-04 09:42:59.870,4.84,500
2020-11-04 09:42:59.870,4.84,200
2020-11-04 09:42:59.870,4.84,11900
2020-11-04 09:43:01.240,4.841,400
2020-11-04 09:43:01.300,4.841,100
2020-11-04 09:43:01.560,4.841,4200
2020-11-04 09:43:01.560,4.841,5800
2020-11-04 09:43:01.650,4.841,100
2020-11-04 09:43:02.160,4.841,100
2020-11-04 09:43:02.160,4.841,400
2020-11-04 09:43:02.590,4.841,100
2020-11-04 09:43:03.100,4.841,200
2020-11-04 09:43:03.460,4.841,200
2020-11-04 09:43:04.150,4.84,30000
2020-11-04 09:43:04.550,4.84,4000
2020-11-04 09:43:04.970,4.84,300
2020-11-04 09:43:05.690,4.841,600
2020-11-04 09:43:06.470,4.84,1100
2020-11-04 09:43:07.540,4.84,2000
2020-11-04 09:43:08.180,4.841,200
2020-11-04 09:43:08.520,4.84,100
2020-11-04 09:43:11.250,4.841,500
2020-11-04 09:43:13.160,4.84,20000
2020-11-04 09:43:13.310,4.841,1800
2020-11-04 09:43:13.310,4.841,900
2020-11-04 09:43:13.310,4.841,100
2020-11-04 09:43:13.310,4.841,2000
2020-11-04 09:43:13.310,4.841,10200
2020-11-04 09:43:13.730,4.84,13000
2020-11-04 09:43:14.220,4.84,10000
2020-11-04 09:43:14.420,4.841,9800
2020-11-04 09:43:14.420,4.841,200
2020-11-04 09:43:15.170,4.841,7400
2020-11-04 09:43:15.170,4.841,2600
2020-11-04 09:43:17.590,4.841,1500
2020-11-04 09:43:18.510,4.84,1000
2020-11-04 09:43:19.370,4.84,1000
2020-11-04 09:43:19.490,4.841,100
2020-11-04 09:43:21.260,4.841,200
2020-11-04 09:43:21.260,4.841,4800
2020-11-04 09:43:21.480,4.84,5000
2020-11-04 09:43:21.850,4.841,28000
2020-11-04 09:43:21.850,4.841,200
2020-11-04 09:43:21.850,4.841,10000
2020-11-04 09:43:21.850,4.841,3000
2020-11-04 09:43:21.850,4.841,100
2020-11-04 09:43:21.850,4.841,100
2020-11-04 09:43:21.850,4.841,100
2020-11-04 09:43:23.210,4.841,1000
2020-11-04 09:43:26.350,4.84,2000
2020-11-04 09:43:26.740,4.842,5000
2020-11-04 09:43:27.370,4.841,100
2020-11-04 09:43:27.370,4.84,100
2020-11-04 09:43:27.830,4.841,2100
2020-11-04 09:43:27.950,4.841,2600
2020-11-04 09:43:28.400,4.841,5000
2020-11-04 09:43:31.020,4.841,2000
2020-11-04 09:43:31.090,4.842,100
2020-11-04 09:43:32.040,4.841,15000
2020-11-04 09:43:32.380,4.841,10300
2020-11-04 09:43:33.890,4.842,2800
2020-11-04 09:43:33.890,4.842,20000
2020-11-04 09:43:33.890,4.842,1600
2020-11-04 09:43:33.890,4.842,900
2020-11-04 09:43:33.890,4.842,1000
2020-11-04 09:43:33.890,4.842,5000
2020-11-04 09:43:33.890,4.842,1100
2020-11-04 09:43:33.890,4.842,5000
2020-11-04 09:43:34.160,4.842,1700
2020-11-04 09:43:37.760,4.843,1000
2020-11-04 09:43:39.380,4.842,900
2020-11-04 09:43:39.380,4.842,1100
2020-11-04 09:43:39.380,4.841,600
2020-11-04 09:43:39.380,4.841,200
2020-11-04 09:43:39.380,4.841,1000
2020-11-04 09:43:39.380,4.841,1200
2020-11-04 09:43:39.500,4.841,900
2020-11-04 09:43:39.500,4.841,200
2020-11-04 09:43:39.500,4.841,1100
2020-11-04 09:43:39.500,4.841,600
2020-11-04 09:43:39.500,4.841,61900
2020-11-04 09:43:41.460,4.841,4000
2020-11-04 09:43:44.440,4.841,100
2020-11-04 09:43:44.610,4.842,200
2020-11-04 09:43:45.840,4.842,1000
2020-11-04 09:43:46.210,4.842,20200
2020-11-04 09:43:46.390,4.842,5000
2020-11-04 09:43:46.390,4.841,3000
2020-11-04 09:43:46.420,4.842,10500
2020-11-04 09:43:46.590,4.842,60100
2020-11-04 09:43:46.590,4.842,5000
2020-11-04 09:43:46.590,4.842,2000
2020-11-04 09:43:46.590,4.842,11000
2020-11-04 09:43:47.690,4.843,200
2020-11-04 09:43:51.850,4.843,1000
2020-11-04 09:43:52.110,4.842,500
2020-11-04 09:43:52.140,4.842,7100
2020-11-04 09:43:55.920,4.843,200
2020-11-04 09:43:57.190,4.842,200
2020-11-04 09:43:58.360,4.842,2700
2020-11-04 09:43:58.530,4.842,600
