Datetime,Price,Volume
2020-09-24 09:25:00.090,3.305,1400
2020-09-24 09:25:00.090,3.305,100
2020-09-24 09:25:00.090,3.305,2900
2020-09-24 09:25:00.090,3.305,25600
2020-09-24 09:25:00.090,3.305,7300
2020-09-24 09:25:00.090,3.305,100
2020-09-24 09:25:00.090,3.305,1000
2020-09-24 09:25:00.090,3.305,1000
2020-09-24 09:25:00.090,3.305,100
2020-09-24 09:25:00.090,3.305,1600
2020-09-24 09:25:00.090,3.305,4000
2020-09-24 09:25:00.090,3.305,8400
2020-09-24 09:25:00.090,3.305,200
2020-09-24 09:25:00.090,3.305,1000
2020-09-24 09:25:00.090,3.305,400
2020-09-24 09:25:00.090,3.305,600
2020-09-24 09:25:00.090,3.305,100
2020-09-24 09:25:00.090,3.305,1000
2020-09-24 09:25:00.090,3.305,3000
2020-09-24 09:25:00.090,3.305,10300
2020-09-24 09:25:00.090,3.305,9800
2020-09-24 09:25:00.090,3.305,15000
2020-09-24 09:25:00.090,3.305,9900
2020-09-24 09:25:00.090,3.305,100
2020-09-24 09:25:00.090,3.305,1000
2020-09-24 09:25:00.090,3.305,1500
2020-09-24 09:25:00.090,3.305,200
2020-09-24 09:25:00.090,3.305,7400
2020-09-24 09:25:00.090,3.305,1200
2020-09-24 09:25:00.090,3.305,100
2020-09-24 09:25:00.090,3.305,1600
2020-09-24 09:25:00.090,3.305,1000
2020-09-24 09:25:00.090,3.305,200
2020-09-24 09:25:00.090,3.305,1000
2020-09-24 09:25:00.090,3.305,200
2020-09-24 09:25:00.090,3.305,1000
2020-09-24 09:25:00.090,3.305,200
2020-09-24 09:25:00.090,3.305,200
2020-09-24 09:25:00.090,3.305,1000
2020-09-24 09:25:00.090,3.305,100
2020-09-24 09:25:00.090,3.305,200
2020-09-24 09:25:00.090,3.305,10000
2020-09-24 09:25:00.090,3.305,1000
2020-09-24 09:25:00.090,3.305,5000
2020-09-24 09:25:00.090,3.305,2000
2020-09-24 09:25:00.090,3.305,200
2020-09-24 09:25:00.090,3.305,100
2020-09-24 09:25:00.090,3.305,1000
2020-09-24 09:25:00.090,3.305,1000
2020-09-24 09:25:00.090,3.305,4000
2020-09-24 09:25:00.090,3.305,2500
2020-09-24 09:25:00.090,3.305,15000
2020-09-24 09:25:00.090,3.305,200
2020-09-24 09:25:00.090,3.305,1000
2020-09-24 09:25:00.090,3.305,100
2020-09-24 09:25:00.090,3.305,800
2020-09-24 09:25:00.090,3.305,5900
2020-09-24 09:25:00.090,3.305,1000
2020-09-24 09:25:00.090,3.305,200
2020-09-24 09:25:00.090,3.305,200
2020-09-24 09:25:00.090,3.305,1000
2020-09-24 09:25:00.090,3.305,9700
2020-09-24 09:25:00.090,3.305,300
2020-09-24 09:25:00.090,3.305,100
2020-09-24 09:25:00.090,3.305,600
2020-09-24 09:25:00.090,3.305,300
2020-09-24 09:25:00.090,3.305,5000
2020-09-24 09:25:00.090,3.305,4700
2020-09-24 09:25:00.090,3.305,40100
2020-09-24 09:25:00.090,3.305,200
2020-09-24 09:25:00.090,3.305,100
2020-09-24 09:25:00.090,3.305,1000
2020-09-24 09:25:00.090,3.305,7000
2020-09-24 09:25:00.090,3.305,1600
2020-09-24 09:25:00.090,3.305,1400
2020-09-24 09:25:00.090,3.305,16900
2020-09-24 09:25:00.090,3.305,13100
2020-09-24 09:25:00.090,3.305,100
2020-09-24 09:25:00.090,3.305,100
2020-09-24 09:25:00.090,3.305,200
2020-09-24 09:25:00.090,3.305,200
2020-09-24 09:25:00.090,3.305,4000
2020-09-24 09:25:00.090,3.305,6000
2020-09-24 09:25:00.090,3.305,100
2020-09-24 09:25:00.090,3.305,1000
2020-09-24 09:25:00.090,3.305,7900
2020-09-24 09:25:00.090,3.305,3700
2020-09-24 09:25:00.090,3.305,3300
2020-09-24 09:25:00.090,3.305,4600
2020-09-24 09:25:00.090,3.305,500
2020-09-24 09:25:00.090,3.305,5000
2020-09-24 09:25:00.090,3.305,500
2020-09-24 09:25:00.090,3.305,9000
2020-09-24 09:25:00.090,3.305,1000
2020-09-24 09:25:00.090,3.305,200
2020-09-24 09:25:00.090,3.305,100
2020-09-24 09:25:00.090,3.305,1000
2020-09-24 09:25:00.090,3.305,100
2020-09-24 09:25:00.090,3.305,10000
2020-09-24 09:25:00.090,3.305,2500
2020-09-24 09:25:00.090,3.305,200
2020-09-24 09:25:00.090,3.305,5000
2020-09-24 09:25:00.090,3.305,5000
2020-09-24 09:25:00.090,3.305,10000
2020-09-24 09:25:00.090,3.305,200
2020-09-24 09:25:00.090,3.305,200
2020-09-24 09:25:00.090,3.305,100
2020-09-24 09:25:00.090,3.305,1000
2020-09-24 09:25:00.090,3.305,4000
2020-09-24 09:25:00.090,3.305,700
2020-09-24 09:25:00.090,3.305,3700
2020-09-24 09:25:00.090,3.305,6300
2020-09-24 09:25:00.090,3.305,4600
2020-09-24 09:25:00.090,3.305,10000
2020-09-24 09:25:00.090,3.305,200
2020-09-24 09:25:00.090,3.305,100
2020-09-24 09:25:00.090,3.305,1000
2020-09-24 09:25:00.090,3.305,100
2020-09-24 09:25:00.090,3.305,300
2020-09-24 09:25:00.090,3.305,10000
2020-09-24 09:25:00.090,3.305,200
2020-09-24 09:25:00.090,3.305,100
2020-09-24 09:25:00.090,3.305,1000
2020-09-24 09:25:00.090,3.305,100
2020-09-24 09:25:00.090,3.305,5000
2020-09-24 09:25:00.090,3.305,4800
2020-09-24 09:25:00.090,3.305,10000
2020-09-24 09:25:00.090,3.305,3500
2020-09-24 09:25:00.090,3.305,3000
2020-09-24 09:25:00.090,3.305,3500
2020-09-24 09:25:00.090,3.305,200
2020-09-24 09:25:00.090,3.305,10000
2020-09-24 09:25:00.090,3.305,100
2020-09-24 09:25:00.090,3.305,1200
2020-09-24 09:25:00.090,3.305,800
2020-09-24 09:25:00.090,3.305,1000
2020-09-24 09:25:00.090,3.305,200
2020-09-24 09:25:00.090,3.305,1800
2020-09-24 09:25:00.090,3.305,500
2020-09-24 09:25:00.090,3.305,1000
2020-09-24 09:25:00.090,3.305,1000
2020-09-24 09:25:00.090,3.305,6000
2020-09-24 09:25:00.090,3.305,11000
2020-09-24 09:25:00.090,3.305,10000
2020-09-24 09:25:00.090,3.305,10000
2020-09-24 09:25:00.090,3.305,7500
2020-09-24 09:25:00.090,3.305,5000
2020-09-24 09:25:00.090,3.305,2000
2020-09-24 09:25:00.090,3.305,200
2020-09-24 09:25:00.090,3.305,1000
2020-09-24 09:25:00.090,3.305,200
2020-09-24 09:25:00.090,3.305,100
2020-09-24 09:25:00.090,3.305,1000
2020-09-24 09:25:00.090,3.305,200
2020-09-24 09:25:00.090,3.305,1000
2020-09-24 09:25:00.090,3.305,500
2020-09-24 09:25:00.090,3.305,5000
2020-09-24 09:25:00.090,3.305,10000
2020-09-24 09:25:00.090,3.305,100
2020-09-24 09:25:00.090,3.305,100
2020-09-24 09:25:00.090,3.305,1000
2020-09-24 09:25:00.090,3.305,2500
2020-09-24 09:25:00.090,3.305,200
2020-09-24 09:25:00.090,3.305,5000
2020-09-24 09:25:00.090,3.305,1000
2020-09-24 09:25:00.090,3.305,2000
2020-09-24 09:25:00.090,3.305,10000
2020-09-24 09:25:00.090,3.305,10000
2020-09-24 09:25:00.090,3.305,200
2020-09-24 09:25:00.090,3.305,400
2020-09-24 09:25:00.090,3.305,3000
2020-09-24 09:25:00.090,3.305,2500
2020-09-24 09:25:00.090,3.305,7000
2020-09-24 09:25:00.090,3.305,3000
2020-09-24 09:25:00.090,3.305,400
2020-09-24 09:25:00.090,3.305,200
2020-09-24 09:25:00.090,3.305,100
2020-09-24 09:25:00.090,3.305,1000
2020-09-24 09:25:00.090,3.305,10000
2020-09-24 09:25:00.090,3.305,1000
2020-09-24 09:25:00.090,3.305,7300
2020-09-24 09:25:00.090,3.305,2700
2020-09-24 09:25:00.090,3.305,2000
2020-09-24 09:25:00.090,3.305,300
2020-09-24 09:25:00.090,3.305,1000
2020-09-24 09:25:00.090,3.305,200
2020-09-24 09:25:00.090,3.305,3800
2020-09-24 09:25:00.090,3.305,2000
2020-09-24 09:25:00.090,3.305,5000
2020-09-24 09:25:00.090,3.305,200
2020-09-24 09:25:00.090,3.305,200
2020-09-24 09:25:00.090,3.305,2600
2020-09-24 09:25:00.090,3.305,1000
2020-09-24 09:25:00.090,3.305,5000
2020-09-24 09:25:00.090,3.305,5100
2020-09-24 09:25:00.090,3.305,700
2020-09-24 09:25:00.090,3.305,10000
2020-09-24 09:25:00.090,3.305,4200
2020-09-24 09:25:00.090,3.305,20200
2020-09-24 09:25:00.090,3.305,9800
2020-09-24 09:25:00.090,3.305,600
2020-09-24 09:25:00.090,3.305,6000
2020-09-24 09:25:00.090,3.305,200
2020-09-24 09:25:00.090,3.305,300
2020-09-24 09:25:00.090,3.305,1000
2020-09-24 09:25:00.090,3.305,10000
2020-09-24 09:25:00.090,3.305,1000
2020-09-24 09:25:00.090,3.305,100
2020-09-24 09:25:00.090,3.305,200
2020-09-24 09:25:00.090,3.305,6000
2020-09-24 09:25:00.090,3.305,5100
2020-09-24 09:25:00.090,3.305,300
2020-09-24 09:25:00.090,3.305,200
2020-09-24 09:25:00.090,3.305,10000
2020-09-24 09:25:00.090,3.305,300
2020-09-24 09:25:00.090,3.305,9900
2020-09-24 09:25:00.090,3.305,100
2020-09-24 09:25:00.090,3.305,1000
2020-09-24 09:25:00.090,3.305,800
2020-09-24 09:25:00.090,3.305,400
2020-09-24 09:25:00.090,3.305,2700
2020-09-24 09:25:00.090,3.305,7300
2020-09-24 09:25:00.090,3.305,1300
2020-09-24 09:25:00.090,3.305,1400
2020-09-24 09:25:00.090,3.305,600
2020-09-24 09:25:00.090,3.305,3200
2020-09-24 09:30:00.210,3.306,5200
2020-09-24 09:30:00.210,3.306,100
2020-09-24 09:30:00.210,3.306,4700
2020-09-24 09:30:00.210,3.305,10000
2020-09-24 09:30:00.210,3.306,2000
2020-09-24 09:30:00.280,3.305,4200
2020-09-24 09:30:00.280,3.305,5300
2020-09-24 09:30:00.280,3.305,5500
2020-09-24 09:30:00.280,3.306,1500
2020-09-24 09:30:00.320,3.306,7900
2020-09-24 09:30:00.320,3.305,4500
2020-09-24 09:30:00.320,3.305,1000
2020-09-24 09:30:00.320,3.305,10000
2020-09-24 09:30:00.320,3.305,200
2020-09-24 09:30:00.320,3.305,200
2020-09-24 09:30:00.320,3.305,5100
2020-09-24 09:30:00.320,3.305,10000
2020-09-24 09:30:00.360,3.306,3800
2020-09-24 09:30:00.360,3.306,6200
2020-09-24 09:30:00.360,3.305,400
2020-09-24 09:30:00.360,3.306,100
2020-09-24 09:30:00.360,3.306,100
2020-09-24 09:30:00.360,3.306,2000
2020-09-24 09:30:00.460,3.306,93800
2020-09-24 09:30:00.460,3.306,5000
2020-09-24 09:30:00.500,3.306,15900
2020-09-24 09:30:00.580,3.306,6600
2020-09-24 09:30:00.620,3.306,800
2020-09-24 09:30:00.660,3.306,7600
2020-09-24 09:30:00.660,3.306,16600
2020-09-24 09:30:00.660,3.306,3300
2020-09-24 09:30:00.660,3.306,100
2020-09-24 09:30:00.660,3.306,3000
2020-09-24 09:30:00.660,3.306,10000
2020-09-24 09:30:00.660,3.306,100
2020-09-24 09:30:00.660,3.306,20000
2020-09-24 09:30:00.660,3.305,14500
2020-09-24 09:30:00.660,3.305,800
2020-09-24 09:30:00.660,3.305,900
2020-09-24 09:30:00.660,3.305,1000
2020-09-24 09:30:00.660,3.305,100
2020-09-24 09:30:00.660,3.305,500
2020-09-24 09:30:00.660,3.305,500
2020-09-24 09:30:00.660,3.305,100000
2020-09-24 09:30:00.660,3.305,13200
2020-09-24 09:30:00.660,3.305,5000
2020-09-24 09:30:00.660,3.305,15500
2020-09-24 09:30:00.660,3.305,1200
2020-09-24 09:30:00.660,3.305,10000
2020-09-24 09:30:00.660,3.305,10000
2020-09-24 09:30:00.660,3.305,10000
2020-09-24 09:30:00.660,3.305,100
2020-09-24 09:30:00.660,3.305,10000
2020-09-24 09:30:00.660,3.305,10000
2020-09-24 09:30:00.660,3.305,5000
2020-09-24 09:30:00.660,3.305,10000
2020-09-24 09:30:00.660,3.305,1100
2020-09-24 09:30:00.660,3.305,200
2020-09-24 09:30:00.660,3.305,100
2020-09-24 09:30:00.660,3.305,500
2020-09-24 09:30:00.660,3.305,200
2020-09-24 09:30:00.660,3.305,100
2020-09-24 09:30:00.660,3.305,4000
2020-09-24 09:30:00.660,3.304,200
2020-09-24 09:30:00.660,3.304,200
2020-09-24 09:30:00.660,3.304,3000
2020-09-24 09:30:00.660,3.304,1000
2020-09-24 09:30:00.660,3.304,15400
2020-09-24 09:30:00.660,3.304,1000
2020-09-24 09:30:00.660,3.304,600
2020-09-24 09:30:00.660,3.304,10000
2020-09-24 09:30:00.660,3.304,5000
2020-09-24 09:30:00.660,3.304,20000
2020-09-24 09:30:00.660,3.304,5000
2020-09-24 09:30:00.660,3.304,20000
2020-09-24 09:30:00.710,3.304,80000
2020-09-24 09:30:00.710,3.304,5000
2020-09-24 09:30:00.750,3.304,2000
2020-09-24 09:30:00.750,3.304,500
2020-09-24 09:30:00.790,3.304,100
2020-09-24 09:30:00.790,3.304,500
2020-09-24 09:30:00.790,3.304,10000
2020-09-24 09:30:00.830,3.303,7000
2020-09-24 09:30:00.830,3.304,3000
2020-09-24 09:30:00.870,3.304,50000
2020-09-24 09:30:00.870,3.304,800
2020-09-24 09:30:00.870,3.304,5100
2020-09-24 09:30:00.950,3.304,10000
2020-09-24 09:30:00.950,3.304,5000
2020-09-24 09:30:00.950,3.304,10000
2020-09-24 09:30:01.000,3.304,200
2020-09-24 09:30:01.040,3.304,500
2020-09-24 09:30:01.100,3.304,200
2020-09-24 09:30:01.100,3.304,5000
2020-09-24 09:30:01.100,3.304,5000
2020-09-24 09:30:01.100,3.304,900
2020-09-24 09:30:01.160,3.304,200
2020-09-24 09:30:01.160,3.304,300
2020-09-24 09:30:01.160,3.304,400
2020-09-24 09:30:01.260,3.303,3000
2020-09-24 09:30:01.260,3.303,3400
2020-09-24 09:30:01.260,3.303,200
2020-09-24 09:30:01.260,3.303,100
2020-09-24 09:30:01.260,3.303,1000
2020-09-24 09:30:01.260,3.303,2000
2020-09-24 09:30:01.260,3.303,4300
2020-09-24 09:30:01.300,3.304,1000
2020-09-24 09:30:01.370,3.304,10000
2020-09-24 09:30:01.420,3.304,10000
2020-09-24 09:30:01.520,3.304,10000
2020-09-24 09:30:01.550,3.304,500
2020-09-24 09:30:01.550,3.304,10000
2020-09-24 09:30:01.550,3.304,1000
2020-09-24 09:30:01.600,3.304,100
2020-09-24 09:30:01.640,3.304,3000
2020-09-24 09:30:01.640,3.304,10000
2020-09-24 09:30:01.680,3.304,2000
2020-09-24 09:30:01.680,3.304,400
2020-09-24 09:30:01.680,3.304,200
2020-09-24 09:30:01.680,3.304,5100
2020-09-24 09:30:01.720,3.303,700
2020-09-24 09:30:01.720,3.303,1300
2020-09-24 09:30:01.720,3.304,5000
2020-09-24 09:30:01.720,3.303,1200
2020-09-24 09:30:01.720,3.303,2000
2020-09-24 09:30:01.720,3.303,800
2020-09-24 09:30:01.720,3.304,1000
2020-09-24 09:30:01.760,3.304,500
2020-09-24 09:30:01.800,3.304,200
2020-09-24 09:30:01.800,3.304,100
2020-09-24 09:30:01.800,3.304,2600
2020-09-24 09:30:01.890,3.304,3800
2020-09-24 09:30:01.890,3.304,10000
2020-09-24 09:30:01.930,3.303,4200
2020-09-24 09:30:01.930,3.303,15000
2020-09-24 09:30:01.930,3.303,6000
2020-09-24 09:30:01.930,3.303,7000
2020-09-24 09:30:01.930,3.303,6600
2020-09-24 09:30:01.930,3.303,600
2020-09-24 09:30:01.930,3.303,60600
2020-09-24 09:30:01.930,3.304,400
2020-09-24 09:30:01.970,3.304,15000
2020-09-24 09:30:01.970,3.304,300
2020-09-24 09:30:02.010,3.304,10000
2020-09-24 09:30:02.010,3.304,100
2020-09-24 09:30:02.010,3.304,1500
2020-09-24 09:30:02.010,3.304,38000
2020-09-24 09:30:02.010,3.304,3600
2020-09-24 09:30:02.010,3.305,15000
2020-09-24 09:30:02.010,3.305,100
2020-09-24 09:30:02.010,3.305,100000
2020-09-24 09:30:02.010,3.305,5000
2020-09-24 09:30:02.010,3.305,3600
2020-09-24 09:30:02.010,3.305,14700
2020-09-24 09:30:02.010,3.305,31800
2020-09-24 09:30:02.010,3.305,800
2020-09-24 09:30:02.240,3.306,300
2020-09-24 09:30:02.240,3.306,4000
2020-09-24 09:30:02.240,3.305,4700
2020-09-24 09:30:02.240,3.307,300
2020-09-24 09:30:02.320,3.306,200
2020-09-24 09:30:02.320,3.306,19800
2020-09-24 09:30:02.320,3.306,10000
2020-09-24 09:30:02.320,3.306,1100
2020-09-24 09:30:02.320,3.306,19100
2020-09-24 09:30:02.320,3.306,6900
2020-09-24 09:30:02.390,3.307,2000
2020-09-24 09:30:02.390,3.307,17700
2020-09-24 09:30:02.390,3.308,10000
2020-09-24 09:30:02.390,3.308,1400
2020-09-24 09:30:02.390,3.309,20000
2020-09-24 09:30:02.390,3.309,63200
2020-09-24 09:30:02.390,3.309,15600
2020-09-24 09:30:02.390,3.309,10000
2020-09-24 09:30:02.800,3.309,2600
2020-09-24 09:30:02.830,3.309,5000
2020-09-24 09:30:03.140,3.309,4100
2020-09-24 09:30:03.210,3.309,3000
2020-09-24 09:30:03.210,3.309,4600
2020-09-24 09:30:03.430,3.309,4800
2020-09-24 09:30:03.430,3.309,10000
2020-09-24 09:30:03.430,3.309,100
2020-09-24 09:30:03.500,3.309,10000
2020-09-24 09:30:03.630,3.309,14900
2020-09-24 09:30:03.720,3.309,10000
2020-09-24 09:30:03.800,3.309,10000
2020-09-24 09:30:04.000,3.309,3400
2020-09-24 09:30:04.160,3.309,79600
2020-09-24 09:30:04.160,3.309,100
2020-09-24 09:30:04.160,3.307,220300
2020-09-24 09:30:04.210,3.307,100
2020-09-24 09:30:04.430,3.31,100
2020-09-24 09:30:04.430,3.31,19800
2020-09-24 09:30:04.430,3.31,100
2020-09-24 09:30:04.620,3.307,3000
2020-09-24 09:30:04.740,3.307,10000
2020-09-24 09:30:04.740,3.307,10000
2020-09-24 09:30:04.810,3.31,19700
2020-09-24 09:30:04.810,3.31,12900
2020-09-24 09:30:04.810,3.31,4600
2020-09-24 09:30:04.810,3.31,1000
2020-09-24 09:30:04.810,3.31,10000
2020-09-24 09:30:04.810,3.31,100
2020-09-24 09:30:04.810,3.31,4000
2020-09-24 09:30:04.850,3.31,3500
2020-09-24 09:30:04.880,3.31,7200
2020-09-24 09:30:04.880,3.307,102800
2020-09-24 09:30:05.100,3.31,500
2020-09-24 09:30:05.370,3.31,29500
2020-09-24 09:30:05.450,3.307,243200
2020-09-24 09:30:05.560,3.307,60000
2020-09-24 09:30:05.560,3.31,100
2020-09-24 09:30:05.620,3.307,300
2020-09-24 09:30:05.650,3.307,10000
2020-09-24 09:30:05.650,3.307,240300
2020-09-24 09:30:05.650,3.307,20000
2020-09-24 09:30:05.650,3.307,39700
2020-09-24 09:30:05.770,3.307,500
2020-09-24 09:30:05.810,3.307,100000
2020-09-24 09:30:05.850,3.307,39600
2020-09-24 09:30:05.990,3.307,200
2020-09-24 09:30:06.030,3.307,100000
2020-09-24 09:30:06.100,3.307,20000
2020-09-24 09:30:06.100,3.307,7000
2020-09-24 09:30:06.100,3.307,3000
2020-09-24 09:30:06.320,3.307,4000
2020-09-24 09:30:06.320,3.306,100
2020-09-24 09:30:06.320,3.306,10000
2020-09-24 09:30:06.320,3.306,3000
2020-09-24 09:30:06.320,3.306,3000
2020-09-24 09:30:06.480,3.306,31800
2020-09-24 09:30:06.480,3.306,28600
2020-09-24 09:30:06.480,3.306,96000
2020-09-24 09:30:06.510,3.31,300
2020-09-24 09:30:06.560,3.306,3000
2020-09-24 09:30:06.640,3.306,1900
2020-09-24 09:30:06.680,3.31,100
2020-09-24 09:30:06.680,3.31,200
2020-09-24 09:30:06.890,3.306,100
2020-09-24 09:30:06.970,3.31,3900
2020-09-24 09:30:06.970,3.306,95400
2020-09-24 09:30:07.050,3.306,100
2020-09-24 09:30:07.120,3.306,10000
2020-09-24 09:30:07.280,3.306,1900
2020-09-24 09:30:07.690,3.306,1000
2020-09-24 09:30:07.780,3.306,1000
2020-09-24 09:30:07.930,3.307,300
2020-09-24 09:30:07.930,3.307,300
2020-09-24 09:30:08.680,3.306,10000
2020-09-24 09:30:09.040,3.306,1500
2020-09-24 09:30:09.040,3.306,2000
2020-09-24 09:30:09.040,3.306,200
2020-09-24 09:30:09.040,3.306,3000
2020-09-24 09:30:09.040,3.306,1000
2020-09-24 09:30:09.040,3.306,1000
2020-09-24 09:30:09.040,3.306,3000
2020-09-24 09:30:09.040,3.306,100
2020-09-24 09:30:09.040,3.306,1500
2020-09-24 09:30:09.040,3.306,1700
2020-09-24 09:30:09.350,3.306,3300
2020-09-24 09:30:09.350,3.306,10000
2020-09-24 09:30:09.350,3.306,19000
2020-09-24 09:30:09.350,3.306,5000
2020-09-24 09:30:09.350,3.306,1000
2020-09-24 09:30:09.350,3.306,1500
2020-09-24 09:30:09.350,3.306,10000
2020-09-24 09:30:09.350,3.306,20000
2020-09-24 09:30:09.350,3.306,2000
2020-09-24 09:30:09.350,3.306,20000
2020-09-24 09:30:09.350,3.306,3000
2020-09-24 09:30:09.350,3.306,200
2020-09-24 09:30:09.350,3.306,100
2020-09-24 09:30:09.350,3.306,3000
2020-09-24 09:30:09.350,3.306,10000
2020-09-24 09:30:09.350,3.306,5000
2020-09-24 09:30:09.350,3.306,10000
2020-09-24 09:30:09.350,3.306,300
2020-09-24 09:30:09.350,3.306,5000
2020-09-24 09:30:09.350,3.306,15100
2020-09-24 09:30:09.350,3.306,30000
2020-09-24 09:30:09.350,3.306,100
2020-09-24 09:30:09.350,3.306,1000
2020-09-24 09:30:09.350,3.306,200
2020-09-24 09:30:09.350,3.306,50000
2020-09-24 09:30:09.350,3.306,100
2020-09-24 09:30:09.350,3.306,21100
2020-09-24 09:30:09.350,3.306,200
2020-09-24 09:30:09.350,3.306,29600
2020-09-24 09:30:09.350,3.306,10000
2020-09-24 09:30:09.350,3.306,5000
2020-09-24 09:30:09.350,3.306,100
2020-09-24 09:30:09.350,3.306,6000
2020-09-24 09:30:09.350,3.306,1000
2020-09-24 09:30:09.350,3.306,2100
2020-09-24 09:30:11.090,3.307,100
2020-09-24 09:30:11.090,3.307,100
2020-09-24 09:30:11.090,3.307,100
2020-09-24 09:30:11.090,3.307,100
2020-09-24 09:30:11.720,3.306,1900
2020-09-24 09:30:11.720,3.306,5000
2020-09-24 09:30:11.720,3.306,5000
2020-09-24 09:30:11.720,3.306,10000
2020-09-24 09:30:11.720,3.306,300
2020-09-24 09:30:11.720,3.306,7500
2020-09-24 09:30:12.160,3.307,5000
2020-09-24 09:30:12.350,3.307,2000
2020-09-24 09:30:14.390,3.307,10000
2020-09-24 09:30:14.630,3.306,42500
2020-09-24 09:30:14.630,3.306,100
2020-09-24 09:30:14.630,3.306,10000
2020-09-24 09:30:14.630,3.306,200
2020-09-24 09:30:14.630,3.306,900
2020-09-24 09:30:14.630,3.306,600
2020-09-24 09:30:14.630,3.306,1500
2020-09-24 09:30:14.630,3.306,3000
2020-09-24 09:30:14.630,3.306,800
2020-09-24 09:30:14.630,3.306,200
2020-09-24 09:30:14.630,3.306,500
2020-09-24 09:30:14.630,3.306,3000
2020-09-24 09:30:14.630,3.306,2500
2020-09-24 09:30:14.630,3.306,10100
2020-09-24 09:30:14.630,3.305,82700
2020-09-24 09:30:14.630,3.305,2000
2020-09-24 09:30:14.630,3.305,100
2020-09-24 09:30:14.630,3.305,1000
2020-09-24 09:30:14.630,3.305,3300
2020-09-24 09:30:14.630,3.305,3000
2020-09-24 09:30:14.630,3.305,3000
2020-09-24 09:30:14.630,3.305,5000
2020-09-24 09:30:14.630,3.305,10000
2020-09-24 09:30:14.630,3.305,1000
2020-09-24 09:30:14.630,3.305,20000
2020-09-24 09:30:14.630,3.305,5000
2020-09-24 09:30:14.630,3.305,5100
2020-09-24 09:30:14.630,3.305,1000
2020-09-24 09:30:14.630,3.305,45500
2020-09-24 09:30:15.250,3.305,3000
2020-09-24 09:30:15.640,3.305,11500
2020-09-24 09:30:15.640,3.305,20000
2020-09-24 09:30:15.640,3.305,1000
2020-09-24 09:30:15.640,3.305,7500
2020-09-24 09:30:15.640,3.305,400
2020-09-24 09:30:15.640,3.305,10000
2020-09-24 09:30:15.640,3.305,3000
2020-09-24 09:30:15.640,3.305,3000
2020-09-24 09:30:15.640,3.305,300
2020-09-24 09:30:15.640,3.305,3000
2020-09-24 09:30:15.640,3.305,2000
2020-09-24 09:30:15.640,3.305,2500
2020-09-24 09:30:15.640,3.305,3000
2020-09-24 09:30:15.640,3.305,900
2020-09-24 09:30:15.640,3.305,600
2020-09-24 09:30:15.640,3.305,3000
2020-09-24 09:30:15.640,3.305,3000
2020-09-24 09:30:15.640,3.305,10000
2020-09-24 09:30:15.640,3.305,1000
2020-09-24 09:30:15.640,3.305,2000
2020-09-24 09:30:15.640,3.305,1000
2020-09-24 09:30:15.640,3.305,10000
2020-09-24 09:30:15.640,3.305,20000
2020-09-24 09:30:15.640,3.305,10000
2020-09-24 09:30:15.640,3.305,100000
2020-09-24 09:30:15.640,3.305,15200
2020-09-24 09:30:15.640,3.305,1000
2020-09-24 09:30:15.640,3.305,100
2020-09-24 09:30:15.640,3.305,22000
2020-09-24 09:30:15.640,3.305,2000
2020-09-24 09:30:15.860,3.305,100
2020-09-24 09:30:16.430,3.305,5000
2020-09-24 09:30:16.540,3.305,400
2020-09-24 09:30:16.850,3.304,2000
2020-09-24 09:30:16.850,3.304,100
2020-09-24 09:30:16.850,3.304,6000
2020-09-24 09:30:16.850,3.304,15000
2020-09-24 09:30:16.850,3.304,5000
2020-09-24 09:30:16.850,3.304,3100
2020-09-24 09:30:16.850,3.304,100
2020-09-24 09:30:16.850,3.304,5000
2020-09-24 09:30:16.850,3.304,10000
2020-09-24 09:30:16.850,3.304,4000
2020-09-24 09:30:16.850,3.304,10000
2020-09-24 09:30:16.850,3.304,10000
2020-09-24 09:30:16.850,3.304,6800
2020-09-24 09:30:16.850,3.304,5000
2020-09-24 09:30:16.850,3.304,1800
2020-09-24 09:30:16.850,3.304,10000
2020-09-24 09:30:16.850,3.304,5000
2020-09-24 09:30:16.850,3.304,2000
2020-09-24 09:30:16.850,3.304,700
2020-09-24 09:30:16.850,3.304,300
2020-09-24 09:30:16.850,3.304,20000
2020-09-24 09:30:16.850,3.304,3000
2020-09-24 09:30:16.850,3.304,2000
2020-09-24 09:30:16.850,3.304,100
2020-09-24 09:30:16.850,3.304,2000
2020-09-24 09:30:16.850,3.304,300
2020-09-24 09:30:16.850,3.304,3100
2020-09-24 09:30:16.850,3.304,200
2020-09-24 09:30:16.850,3.304,1000
2020-09-24 09:30:16.850,3.304,100000
2020-09-24 09:30:16.850,3.303,66400
2020-09-24 09:30:17.010,3.303,200000
2020-09-24 09:30:17.110,3.305,25500
2020-09-24 09:30:17.110,3.305,61000
2020-09-24 09:30:17.110,3.305,10000
2020-09-24 09:30:17.440,3.306,5400
2020-09-24 09:30:17.440,3.306,3000
2020-09-24 09:30:17.440,3.305,24200
2020-09-24 09:30:18.450,3.307,200
2020-09-24 09:30:18.700,3.307,900
2020-09-24 09:30:19.070,3.306,100
2020-09-24 09:30:19.070,3.306,10000
2020-09-24 09:30:19.070,3.305,68500
2020-09-24 09:30:19.300,3.305,10000
2020-09-24 09:30:19.560,3.305,500
2020-09-24 09:30:19.860,3.305,3000
2020-09-24 09:30:20.230,3.305,10100
2020-09-24 09:30:21.470,3.305,5900
2020-09-24 09:30:21.470,3.305,4100
2020-09-24 09:30:21.470,3.305,300
2020-09-24 09:30:21.870,3.307,1600
2020-09-24 09:30:23.530,3.307,400
2020-09-24 09:30:24.330,3.307,100
2020-09-24 09:30:24.980,3.307,18100
2020-09-24 09:30:26.470,3.306,10000
2020-09-24 09:30:27.390,3.306,100
2020-09-24 09:30:27.840,3.306,6900
2020-09-24 09:30:29.440,3.308,5000
2020-09-24 09:30:30.160,3.307,1000
2020-09-24 09:30:30.350,3.307,29500
2020-09-24 09:30:30.350,3.306,3500
2020-09-24 09:30:30.450,3.306,10000
2020-09-24 09:30:31.390,3.306,6500
2020-09-24 09:30:31.390,3.306,3000
2020-09-24 09:30:31.390,3.306,500
2020-09-24 09:30:31.480,3.306,1500
2020-09-24 09:30:31.480,3.306,3000
2020-09-24 09:30:31.610,3.306,7500
2020-09-24 09:30:31.610,3.308,5000
2020-09-24 09:30:31.980,3.306,31900
2020-09-24 09:30:32.950,3.307,500
2020-09-24 09:30:32.950,3.306,1000
2020-09-24 09:30:32.950,3.305,8500
2020-09-24 09:30:33.140,3.305,81200
2020-09-24 09:30:33.140,3.305,5000
2020-09-24 09:30:33.140,3.305,10000
2020-09-24 09:30:33.140,3.305,1000
2020-09-24 09:30:33.140,3.305,5000
2020-09-24 09:30:33.140,3.305,143000
2020-09-24 09:30:33.390,3.305,10000
2020-09-24 09:30:33.500,3.305,147000
2020-09-24 09:30:33.500,3.305,50000
2020-09-24 09:30:33.500,3.305,5000
2020-09-24 09:30:33.500,3.305,30000
2020-09-24 09:30:33.500,3.305,5000
2020-09-24 09:30:33.500,3.305,2000
2020-09-24 09:30:33.500,3.305,200
2020-09-24 09:30:33.500,3.305,7000
2020-09-24 09:30:33.500,3.305,100
2020-09-24 09:30:33.500,3.305,3000
2020-09-24 09:30:33.500,3.305,10000
2020-09-24 09:30:33.770,3.305,12600
2020-09-24 09:30:34.080,3.305,28100
2020-09-24 09:30:34.080,3.305,10000
2020-09-24 09:30:34.360,3.308,12600
2020-09-24 09:30:34.650,3.308,12600
2020-09-24 09:30:34.810,3.305,500
2020-09-24 09:30:34.810,3.305,5500
2020-09-24 09:30:34.970,3.308,12600
2020-09-24 09:30:35.850,3.306,2200
2020-09-24 09:30:36.640,3.306,800
2020-09-24 09:30:36.680,3.306,2000
2020-09-24 09:30:37.040,3.306,12300
2020-09-24 09:30:38.930,3.307,5000
2020-09-24 09:30:38.960,3.307,10000
2020-09-24 09:30:41.120,3.307,200
2020-09-24 09:30:42.690,3.307,4000
2020-09-24 09:30:42.720,3.307,5800
2020-09-24 09:30:42.720,3.307,10000
2020-09-24 09:30:42.720,3.307,10000
2020-09-24 09:30:42.720,3.307,1600
2020-09-24 09:30:42.720,3.307,10800
2020-09-24 09:30:42.720,3.307,200
2020-09-24 09:30:42.720,3.307,10000
2020-09-24 09:30:42.720,3.307,6300
2020-09-24 09:30:42.910,3.307,3700
2020-09-24 09:30:43.190,3.308,1500
2020-09-24 09:30:44.020,3.307,1300
2020-09-24 09:30:44.020,3.307,200
2020-09-24 09:30:45.440,3.307,1800
2020-09-24 09:30:45.440,3.307,1700
2020-09-24 09:30:46.260,3.306,10000
2020-09-24 09:30:46.320,3.307,1400
2020-09-24 09:30:46.320,3.307,3000
2020-09-24 09:30:46.320,3.308,5600
2020-09-24 09:30:46.730,3.306,10000
2020-09-24 09:30:47.320,3.308,10000
2020-09-24 09:30:47.520,3.308,10000
2020-09-24 09:30:47.640,3.307,10000
2020-09-24 09:30:47.640,3.306,700
2020-09-24 09:30:47.640,3.306,1000
2020-09-24 09:30:47.640,3.306,12200
2020-09-24 09:30:47.640,3.306,5000
2020-09-24 09:30:47.640,3.306,5000
2020-09-24 09:30:47.640,3.306,100000
2020-09-24 09:30:47.640,3.306,100
2020-09-24 09:30:47.640,3.306,19600
2020-09-24 09:30:47.640,3.306,700
2020-09-24 09:30:47.640,3.306,10000
2020-09-24 09:30:47.640,3.306,1500
2020-09-24 09:30:47.640,3.306,28000
2020-09-24 09:30:47.640,3.306,61000
2020-09-24 09:30:47.640,3.305,44500
2020-09-24 09:30:47.640,3.305,500
2020-09-24 09:30:47.640,3.305,200
2020-09-24 09:30:50.250,3.308,1000
2020-09-24 09:30:50.320,3.307,4000
2020-09-24 09:30:50.320,3.307,400
2020-09-24 09:30:50.320,3.307,4500
2020-09-24 09:30:50.860,3.307,10000
2020-09-24 09:30:51.830,3.307,3000
2020-09-24 09:30:52.080,3.307,1600
2020-09-24 09:30:52.300,3.307,1900
2020-09-24 09:30:52.420,3.306,5000
2020-09-24 09:30:52.420,3.306,5000
2020-09-24 09:30:52.660,3.306,5000
2020-09-24 09:30:52.660,3.306,5000
2020-09-24 09:30:53.390,3.306,1800
2020-09-24 09:30:54.690,3.307,10000
2020-09-24 09:30:55.110,3.307,300
2020-09-24 09:30:55.140,3.307,9100
2020-09-24 09:30:55.300,3.307,6000
2020-09-24 09:30:56.620,3.307,5000
2020-09-24 09:30:57.950,3.306,3200
2020-09-24 09:30:57.950,3.306,28700
2020-09-24 09:30:57.950,3.307,3000
2020-09-24 09:30:58.200,3.307,18800
2020-09-24 09:30:58.260,3.307,1500
2020-09-24 09:30:58.610,3.307,5000
2020-09-24 09:30:59.040,3.307,5000
2020-09-24 09:31:00.510,3.307,100
2020-09-24 09:31:00.630,3.307,2000
2020-09-24 09:31:01.090,3.307,7400
2020-09-24 09:31:01.140,3.306,1100
2020-09-24 09:31:01.290,3.306,10000
2020-09-24 09:31:01.290,3.306,1000
2020-09-24 09:31:01.290,3.306,2300
2020-09-24 09:31:01.290,3.306,1000
2020-09-24 09:31:01.290,3.306,9300
2020-09-24 09:31:01.690,3.307,800
2020-09-24 09:31:01.940,3.307,3000
2020-09-24 09:31:02.880,3.307,197600
2020-09-24 09:31:02.880,3.307,50000
2020-09-24 09:31:02.880,3.307,10000
2020-09-24 09:31:02.880,3.307,3000
2020-09-24 09:31:02.880,3.307,30000
2020-09-24 09:31:03.280,3.307,209400
2020-09-24 09:31:03.280,3.306,10700
2020-09-24 09:31:03.280,3.306,2000
2020-09-24 09:31:03.280,3.306,2500
2020-09-24 09:31:03.280,3.306,200
2020-09-24 09:31:03.280,3.306,1000
2020-09-24 09:31:03.280,3.306,600
2020-09-24 09:31:03.280,3.306,500
2020-09-24 09:31:03.280,3.306,20000
2020-09-24 09:31:03.280,3.306,10000
2020-09-24 09:31:03.280,3.306,700
2020-09-24 09:31:03.280,3.306,3000
2020-09-24 09:31:03.280,3.306,8000
2020-09-24 09:31:03.280,3.305,800
2020-09-24 09:31:03.280,3.305,1000
2020-09-24 09:31:03.280,3.305,5000
2020-09-24 09:31:03.280,3.305,500
2020-09-24 09:31:03.280,3.305,200
2020-09-24 09:31:03.280,3.305,5000
2020-09-24 09:31:03.280,3.305,5000
2020-09-24 09:31:03.280,3.305,800
2020-09-24 09:31:03.280,3.305,2000
2020-09-24 09:31:03.280,3.305,1000
2020-09-24 09:31:03.280,3.305,5000
2020-09-24 09:31:03.280,3.305,200
2020-09-24 09:31:03.280,3.305,4000
2020-09-24 09:31:03.280,3.305,900
2020-09-24 09:31:03.590,3.307,5000
2020-09-24 09:31:04.090,3.306,15000
2020-09-24 09:31:04.430,3.306,100
2020-09-24 09:31:04.960,3.305,800
2020-09-24 09:31:05.170,3.306,1000
2020-09-24 09:31:05.250,3.306,1600
2020-09-24 09:31:05.880,3.306,10000
2020-09-24 09:31:05.920,3.306,1000
2020-09-24 09:31:06.620,3.305,800
2020-09-24 09:31:06.620,3.305,6900
2020-09-24 09:31:06.620,3.305,2000
2020-09-24 09:31:06.620,3.305,5000
2020-09-24 09:31:06.620,3.305,5000
2020-09-24 09:31:06.620,3.305,10000
2020-09-24 09:31:06.620,3.305,20000
2020-09-24 09:31:06.620,3.305,3000
2020-09-24 09:31:06.620,3.305,30000
2020-09-24 09:31:06.620,3.305,5000
2020-09-24 09:31:06.620,3.305,2000
2020-09-24 09:31:06.620,3.305,200
2020-09-24 09:31:06.620,3.305,5100
2020-09-24 09:31:06.620,3.305,100
2020-09-24 09:31:06.620,3.305,4900
2020-09-24 09:31:06.670,3.306,500
2020-09-24 09:31:06.670,3.306,5000
2020-09-24 09:31:06.890,3.306,200
2020-09-24 09:31:06.910,3.306,3000
2020-09-24 09:31:06.980,3.306,2600
2020-09-24 09:31:07.130,3.306,300
2020-09-24 09:31:07.590,3.306,10000
2020-09-24 09:31:08.360,3.305,32100
2020-09-24 09:31:08.360,3.305,10000
2020-09-24 09:31:08.360,3.305,5000
2020-09-24 09:31:08.360,3.305,2000
2020-09-24 09:31:08.360,3.305,200
2020-09-24 09:31:08.360,3.305,1000
2020-09-24 09:31:08.680,3.305,3100
2020-09-24 09:31:09.090,3.305,300
2020-09-24 09:31:09.320,3.305,1000
2020-09-24 09:31:09.380,3.305,10000
2020-09-24 09:31:09.490,3.305,2100
2020-09-24 09:31:09.710,3.305,22800
2020-09-24 09:31:09.800,3.305,11900
2020-09-24 09:31:09.870,3.305,1000
2020-09-24 09:31:10.240,3.305,5100
2020-09-24 09:31:10.270,3.305,700
2020-09-24 09:31:10.340,3.305,10000
2020-09-24 09:31:10.370,3.305,1000
2020-09-24 09:31:10.790,3.305,12100
2020-09-24 09:31:10.920,3.305,4600
2020-09-24 09:31:11.150,3.305,100
2020-09-24 09:31:11.210,3.305,10000
2020-09-24 09:31:11.920,3.305,30500
2020-09-24 09:31:13.160,3.305,4000
2020-09-24 09:31:13.320,3.305,7700
2020-09-24 09:31:13.410,3.305,1500
2020-09-24 09:31:13.440,3.305,600
2020-09-24 09:31:14.060,3.305,500
2020-09-24 09:31:14.260,3.305,1000
2020-09-24 09:31:14.320,3.305,20000
2020-09-24 09:31:14.670,3.305,1000
2020-09-24 09:31:15.240,3.305,10000
2020-09-24 09:31:16.030,3.305,2000
2020-09-24 09:31:16.060,3.305,8000
2020-09-24 09:31:16.390,3.305,5000
2020-09-24 09:31:17.490,3.305,1000
2020-09-24 09:31:17.760,3.305,3000
2020-09-24 09:31:18.050,3.305,5100
2020-09-24 09:31:18.300,3.305,5900
2020-09-24 09:31:19.020,3.305,10600
2020-09-24 09:31:20.670,3.305,100
2020-09-24 09:31:21.070,3.305,2000
2020-09-24 09:31:21.320,3.305,10000
2020-09-24 09:31:21.800,3.305,3000
2020-09-24 09:31:21.800,3.305,2000
2020-09-24 09:31:22.810,3.305,5000
2020-09-24 09:31:23.210,3.305,900
2020-09-24 09:31:23.370,3.305,3000
2020-09-24 09:31:23.890,3.304,10000
2020-09-24 09:31:23.890,3.304,200
2020-09-24 09:31:23.890,3.304,500
2020-09-24 09:31:23.890,3.304,5000
2020-09-24 09:31:23.890,3.304,9300
2020-09-24 09:31:23.920,3.305,10500
2020-09-24 09:31:23.920,3.305,220000
2020-09-24 09:31:24.380,3.305,300
2020-09-24 09:31:26.160,3.305,200
2020-09-24 09:31:26.950,3.305,50000
2020-09-24 09:31:26.990,3.305,10000
2020-09-24 09:31:28.520,3.306,2000
2020-09-24 09:31:28.790,3.306,42700
2020-09-24 09:31:28.790,3.306,20000
2020-09-24 09:31:28.790,3.306,6100
2020-09-24 09:31:28.790,3.306,10000
2020-09-24 09:31:28.790,3.306,50000
2020-09-24 09:31:30.100,3.306,49700
2020-09-24 09:31:30.150,3.306,300000
2020-09-24 09:31:30.440,3.306,20000
2020-09-24 09:31:30.590,3.306,10000
2020-09-24 09:31:30.780,3.306,10000
2020-09-24 09:31:31.780,3.306,41800
2020-09-24 09:31:31.910,3.306,10000
2020-09-24 09:31:32.740,3.307,3700
2020-09-24 09:31:34.410,3.306,20200
2020-09-24 09:31:34.590,3.306,10000
2020-09-24 09:31:35.860,3.306,3000
2020-09-24 09:31:36.580,3.307,6300
2020-09-24 09:31:36.580,3.307,3700
2020-09-24 09:31:37.900,3.306,200
2020-09-24 09:31:37.990,3.307,6000
2020-09-24 09:31:38.840,3.307,300
2020-09-24 09:31:38.840,3.307,2700
2020-09-24 09:31:40.230,3.307,300
2020-09-24 09:31:40.230,3.307,3000
2020-09-24 09:31:40.230,3.308,26700
2020-09-24 09:31:40.540,3.308,10000
2020-09-24 09:31:41.060,3.306,2700
2020-09-24 09:31:41.420,3.307,5100
2020-09-24 09:31:42.390,3.307,1200
2020-09-24 09:31:42.620,3.307,3700
2020-09-24 09:31:50.930,3.307,2300
2020-09-24 09:31:50.930,3.307,2000
2020-09-24 09:31:50.930,3.307,16200
2020-09-24 09:31:50.930,3.307,274100
2020-09-24 09:31:51.130,3.308,187400
2020-09-24 09:31:51.130,3.308,200
2020-09-24 09:31:51.130,3.308,30000
2020-09-24 09:31:51.130,3.308,10200
2020-09-24 09:31:51.130,3.308,10000
2020-09-24 09:31:51.400,3.308,371200
2020-09-24 09:31:51.400,3.308,2000
2020-09-24 09:31:51.780,3.307,5300
2020-09-24 09:31:51.900,3.308,3000
2020-09-24 09:31:51.990,3.307,5000
2020-09-24 09:31:52.290,3.308,100
2020-09-24 09:31:53.060,3.308,200
2020-09-24 09:31:53.550,3.308,800
2020-09-24 09:31:53.550,3.307,7500
2020-09-24 09:31:56.020,3.309,10000
2020-09-24 09:31:56.020,3.309,2400
2020-09-24 09:31:56.020,3.309,100000
2020-09-24 09:31:56.020,3.309,15000
2020-09-24 09:31:56.020,3.309,372600
2020-09-24 09:31:56.140,3.308,2400
2020-09-24 09:31:57.140,3.308,7600
2020-09-24 09:31:57.140,3.307,200
2020-09-24 09:31:57.520,3.308,9000
2020-09-24 09:32:00.680,3.31,100
2020-09-24 09:32:02.420,3.309,100
2020-09-24 09:32:02.420,3.308,100
2020-09-24 09:32:02.420,3.308,9800
2020-09-24 09:32:02.640,3.309,300
2020-09-24 09:32:02.640,3.308,90200
2020-09-24 09:32:02.640,3.308,10000
2020-09-24 09:32:02.640,3.308,5000
2020-09-24 09:32:02.640,3.308,5000
2020-09-24 09:32:02.640,3.308,6000
2020-09-24 09:32:02.880,3.308,20000
2020-09-24 09:32:03.290,3.308,10000
2020-09-24 09:32:03.290,3.308,800
2020-09-24 09:32:03.850,3.308,2700
2020-09-24 09:32:03.850,3.31,73500
2020-09-24 09:32:04.310,3.308,3600
2020-09-24 09:32:06.660,3.309,50000
2020-09-24 09:32:07.080,3.309,5000
2020-09-24 09:32:07.870,3.309,100
2020-09-24 09:32:08.980,3.308,6400
2020-09-24 09:32:08.980,3.308,1300
2020-09-24 09:32:09.190,3.308,500
2020-09-24 09:32:09.250,3.308,100
2020-09-24 09:32:09.780,3.309,300000
2020-09-24 09:32:10.320,3.309,38000
2020-09-24 09:32:10.320,3.309,13700
2020-09-24 09:32:10.320,3.309,15800
2020-09-24 09:32:10.350,3.309,35000
2020-09-24 09:32:10.380,3.309,12900
2020-09-24 09:32:10.380,3.309,6300
2020-09-24 09:32:13.040,3.309,600
2020-09-24 09:32:13.670,3.309,2400
2020-09-24 09:32:13.670,3.309,100
2020-09-24 09:32:13.670,3.308,700
2020-09-24 09:32:14.320,3.308,400
2020-09-24 09:32:14.320,3.308,500
2020-09-24 09:32:14.320,3.308,100
2020-09-24 09:32:14.320,3.308,100
2020-09-24 09:32:14.320,3.308,5400
2020-09-24 09:32:15.180,3.31,100
2020-09-24 09:32:15.510,3.309,3000
2020-09-24 09:32:15.720,3.309,100
2020-09-24 09:32:16.670,3.309,2000
2020-09-24 09:32:16.860,3.309,4900
2020-09-24 09:32:16.860,3.309,10000
2020-09-24 09:32:17.080,3.309,46300
2020-09-24 09:32:17.680,3.309,400
2020-09-24 09:32:18.090,3.309,3300
2020-09-24 09:32:19.510,3.309,300
2020-09-24 09:32:21.080,3.31,100
2020-09-24 09:32:22.080,3.31,500
2020-09-24 09:32:23.620,3.309,1800
2020-09-24 09:32:23.620,3.309,2600
2020-09-24 09:32:23.620,3.309,20000
2020-09-24 09:32:23.620,3.309,500
2020-09-24 09:32:23.620,3.309,700
2020-09-24 09:32:23.620,3.309,10000
2020-09-24 09:32:23.620,3.308,2600
2020-09-24 09:32:23.620,3.308,6000
2020-09-24 09:32:23.620,3.308,4000
2020-09-24 09:32:23.620,3.308,500
2020-09-24 09:32:23.620,3.308,1300
2020-09-24 09:32:23.620,3.308,10000
2020-09-24 09:32:23.620,3.308,900
2020-09-24 09:32:24.700,3.309,200
2020-09-24 09:32:25.640,3.309,1000
2020-09-24 09:32:26.560,3.309,1200
2020-09-24 09:32:27.970,3.309,2000
2020-09-24 09:32:30.780,3.309,100
2020-09-24 09:32:30.930,3.309,2200
2020-09-24 09:32:30.930,3.309,30000
2020-09-24 09:32:30.930,3.309,44100
2020-09-24 09:32:30.930,3.309,3000
2020-09-24 09:32:30.930,3.31,20700
2020-09-24 09:32:31.660,3.309,3100
2020-09-24 09:32:31.920,3.309,5700
2020-09-24 09:32:32.880,3.309,6200
2020-09-24 09:32:32.880,3.309,500
2020-09-24 09:32:33.270,3.31,200
2020-09-24 09:32:33.740,3.31,4800
2020-09-24 09:32:33.740,3.31,5200
2020-09-24 09:32:34.210,3.31,4100
2020-09-24 09:32:34.830,3.309,1400
2020-09-24 09:32:35.170,3.309,10000
2020-09-24 09:32:36.070,3.31,5000
2020-09-24 09:32:36.760,3.31,1500
2020-09-24 09:32:37.810,3.309,1900
2020-09-24 09:32:37.810,3.309,5000
2020-09-24 09:32:37.810,3.309,4800
2020-09-24 09:32:38.180,3.31,200
2020-09-24 09:32:38.410,3.31,1000
2020-09-24 09:32:38.430,3.309,8200
2020-09-24 09:32:38.430,3.309,5000
2020-09-24 09:32:38.430,3.309,400
2020-09-24 09:32:40.130,3.31,1000
2020-09-24 09:32:41.060,3.31,500
2020-09-24 09:32:43.070,3.31,1200
2020-09-24 09:32:43.070,3.31,1000
2020-09-24 09:32:43.070,3.31,243300
2020-09-24 09:32:43.070,3.31,10000
2020-09-24 09:32:43.070,3.31,10000
2020-09-24 09:32:43.070,3.31,1000
2020-09-24 09:32:43.070,3.31,33500
2020-09-24 09:32:43.460,3.309,200
2020-09-24 09:32:45.960,3.31,30000
2020-09-24 09:32:46.260,3.31,27100
2020-09-24 09:32:46.260,3.31,400
2020-09-24 09:32:46.550,3.311,10000
2020-09-24 09:32:46.550,3.311,1000
2020-09-24 09:32:46.550,3.311,200
2020-09-24 09:32:47.250,3.311,10000
2020-09-24 09:32:48.960,3.31,1500
2020-09-24 09:32:53.190,3.31,3000
2020-09-24 09:32:53.190,3.31,2000
2020-09-24 09:32:53.230,3.312,100
2020-09-24 09:32:53.230,3.312,10000
2020-09-24 09:32:53.230,3.312,100
2020-09-24 09:32:53.230,3.312,200
2020-09-24 09:32:53.230,3.312,65500
2020-09-24 09:32:53.230,3.312,14100
2020-09-24 09:32:53.430,3.312,2000
2020-09-24 09:32:54.350,3.312,300
2020-09-24 09:32:54.730,3.312,300
2020-09-24 09:32:56.870,3.311,600
2020-09-24 09:32:57.250,3.311,100
2020-09-24 09:32:58.750,3.311,100
2020-09-24 09:32:59.350,3.311,2400
2020-09-24 09:33:00.150,3.312,13300
2020-09-24 09:33:00.150,3.312,6700
2020-09-24 09:33:01.350,3.311,5000
2020-09-24 09:33:01.870,3.312,4000
2020-09-24 09:33:02.330,3.311,12600
2020-09-24 09:33:02.430,3.311,1000
2020-09-24 09:33:02.920,3.31,200
2020-09-24 09:33:04.110,3.311,5000
2020-09-24 09:33:05.460,3.31,800
2020-09-24 09:33:05.460,3.31,5000
2020-09-24 09:33:05.460,3.31,41200
2020-09-24 09:33:08.160,3.31,2100
2020-09-24 09:33:10.410,3.311,100
2020-09-24 09:33:10.450,3.311,2000
2020-09-24 09:33:10.890,3.311,1000
2020-09-24 09:33:12.460,3.311,1900
2020-09-24 09:33:12.460,3.311,7700
2020-09-24 09:33:12.490,3.311,200
2020-09-24 09:33:12.850,3.31,7900
2020-09-24 09:33:12.850,3.31,2100
2020-09-24 09:33:13.100,3.311,1000
2020-09-24 09:33:13.420,3.311,500
2020-09-24 09:33:13.760,3.311,65200
2020-09-24 09:33:13.820,3.31,700
2020-09-24 09:33:13.960,3.311,800
2020-09-24 09:33:14.480,3.31,4700
2020-09-24 09:33:14.480,3.31,2000
2020-09-24 09:33:14.480,3.31,300
2020-09-24 09:33:14.480,3.31,2000
2020-09-24 09:33:14.850,3.311,79600
2020-09-24 09:33:16.630,3.311,113700
2020-09-24 09:33:16.630,3.311,1300
2020-09-24 09:33:16.630,3.312,49300
2020-09-24 09:33:16.630,3.312,100
2020-09-24 09:33:16.630,3.312,13000
2020-09-24 09:33:16.630,3.312,22600
2020-09-24 09:33:17.070,3.31,1400
2020-09-24 09:33:17.070,3.31,100
2020-09-24 09:33:17.070,3.31,100
2020-09-24 09:33:17.070,3.31,600
2020-09-24 09:33:17.500,3.311,20000
2020-09-24 09:33:19.000,3.311,10000
2020-09-24 09:33:19.210,3.312,1000
2020-09-24 09:33:19.360,3.311,5000
2020-09-24 09:33:19.360,3.31,4400
2020-09-24 09:33:19.360,3.31,200
2020-09-24 09:33:19.360,3.31,400
2020-09-24 09:33:20.330,3.31,300
2020-09-24 09:33:20.830,3.312,500
2020-09-24 09:33:21.250,3.311,2000
2020-09-24 09:33:21.250,3.31,700
2020-09-24 09:33:23.200,3.31,900
2020-09-24 09:33:27.630,3.31,30200
2020-09-24 09:33:27.730,3.31,4300
2020-09-24 09:33:27.730,3.31,100
2020-09-24 09:33:27.730,3.31,4000
2020-09-24 09:33:27.730,3.31,100
2020-09-24 09:33:27.730,3.31,1500
2020-09-24 09:33:31.800,3.311,10000
2020-09-24 09:33:31.800,3.311,11200
2020-09-24 09:33:31.800,3.311,10000
2020-09-24 09:33:31.800,3.311,2700
2020-09-24 09:33:31.800,3.311,10000
2020-09-24 09:33:31.800,3.311,12100
2020-09-24 09:33:31.800,3.311,1500
2020-09-24 09:33:31.890,3.311,21000
2020-09-24 09:33:31.890,3.31,500
2020-09-24 09:33:31.890,3.31,1500
2020-09-24 09:33:31.890,3.31,1000
2020-09-24 09:33:31.890,3.31,10000
2020-09-24 09:33:31.890,3.31,1000
2020-09-24 09:33:31.890,3.31,200
2020-09-24 09:33:31.890,3.31,5700
2020-09-24 09:33:31.890,3.31,5000
2020-09-24 09:33:31.890,3.31,3000
2020-09-24 09:33:31.890,3.31,3600
2020-09-24 09:33:31.890,3.31,500
2020-09-24 09:33:31.890,3.31,9700
2020-09-24 09:33:31.890,3.31,5000
2020-09-24 09:33:31.890,3.31,3100
2020-09-24 09:33:32.080,3.31,229200
2020-09-24 09:33:33.090,3.312,4500
2020-09-24 09:33:34.000,3.311,10000
2020-09-24 09:33:35.740,3.311,7500
2020-09-24 09:33:36.050,3.312,3800
2020-09-24 09:33:39.010,3.312,100
2020-09-24 09:33:41.780,3.311,400
2020-09-24 09:33:41.780,3.311,3600
2020-09-24 09:33:43.350,3.311,3000
2020-09-24 09:33:45.500,3.312,600
2020-09-24 09:33:47.440,3.312,100
2020-09-24 09:33:47.630,3.312,3400
2020-09-24 09:33:47.630,3.312,1500
2020-09-24 09:33:47.630,3.312,3100
2020-09-24 09:33:49.090,3.312,3000
2020-09-24 09:33:49.090,3.312,200
2020-09-24 09:33:49.090,3.312,500
2020-09-24 09:33:49.090,3.312,6300
2020-09-24 09:33:49.390,3.311,1500
2020-09-24 09:33:49.650,3.311,8000
2020-09-24 09:33:50.840,3.312,3700
2020-09-24 09:33:50.840,3.312,3500
2020-09-24 09:33:51.880,3.312,4100
2020-09-24 09:33:52.550,3.312,1000
2020-09-24 09:33:54.710,3.312,2200
2020-09-24 09:33:57.200,3.311,5500
2020-09-24 09:33:58.640,3.312,3200
2020-09-24 09:33:59.610,3.312,5000
2020-09-24 09:34:00.010,3.312,40000
2020-09-24 09:34:00.400,3.312,1000
2020-09-24 09:34:00.400,3.312,600
2020-09-24 09:34:00.800,3.312,10900
2020-09-24 09:34:00.800,3.312,28900
2020-09-24 09:34:00.800,3.312,20000
2020-09-24 09:34:00.800,3.312,84600
2020-09-24 09:34:01.260,3.312,100
2020-09-24 09:34:01.550,3.312,21100
2020-09-24 09:34:02.130,3.312,24500
2020-09-24 09:34:02.320,3.312,59700
2020-09-24 09:34:02.320,3.312,4000
2020-09-24 09:34:02.320,3.312,400
2020-09-24 09:34:02.320,3.312,100
2020-09-24 09:34:03.760,3.312,600
2020-09-24 09:34:05.060,3.312,3000
2020-09-24 09:34:05.400,3.313,10000
2020-09-24 09:34:05.400,3.313,200
2020-09-24 09:34:05.400,3.313,100000
2020-09-24 09:34:05.400,3.313,5000
2020-09-24 09:34:05.400,3.313,8500
2020-09-24 09:34:05.640,3.313,172800
2020-09-24 09:34:06.990,3.313,3500
2020-09-24 09:34:06.990,3.313,2400
2020-09-24 09:34:07.930,3.313,3400
2020-09-24 09:34:08.590,3.313,100000
2020-09-24 09:34:09.280,3.313,1500
2020-09-24 09:34:10.350,3.313,100000
2020-09-24 09:34:11.540,3.313,200
2020-09-24 09:34:11.850,3.313,500
2020-09-24 09:34:12.360,3.313,1000
2020-09-24 09:34:13.120,3.314,900
2020-09-24 09:34:13.470,3.313,10300
2020-09-24 09:34:13.470,3.313,2000
2020-09-24 09:34:13.470,3.312,3400
2020-09-24 09:34:15.720,3.314,100
2020-09-24 09:34:15.750,3.314,9000
2020-09-24 09:34:15.750,3.314,1000
2020-09-24 09:34:15.780,3.314,2000
2020-09-24 09:34:16.460,3.313,8300
2020-09-24 09:34:16.780,3.313,200
2020-09-24 09:34:17.190,3.313,19000
2020-09-24 09:34:17.940,3.313,5000
2020-09-24 09:34:19.110,3.313,5000
2020-09-24 09:34:19.430,3.313,7000
2020-09-24 09:34:20.360,3.313,1000
2020-09-24 09:34:20.640,3.313,3000
2020-09-24 09:34:21.020,3.313,3000
2020-09-24 09:34:21.340,3.313,3000
2020-09-24 09:34:22.210,3.312,5000
2020-09-24 09:34:22.210,3.312,1400
2020-09-24 09:34:22.210,3.312,3000
2020-09-24 09:34:22.210,3.312,33000
2020-09-24 09:34:22.210,3.312,10000
2020-09-24 09:34:22.210,3.312,600
2020-09-24 09:34:22.210,3.312,10000
2020-09-24 09:34:22.210,3.312,300
2020-09-24 09:34:22.210,3.312,200
2020-09-24 09:34:22.460,3.312,1400
2020-09-24 09:34:22.950,3.312,10000
2020-09-24 09:34:23.140,3.312,25100
2020-09-24 09:34:23.140,3.313,4900
2020-09-24 09:34:23.170,3.313,600
2020-09-24 09:34:23.170,3.313,9400
2020-09-24 09:34:23.570,3.313,1500
2020-09-24 09:34:24.230,3.312,1000
2020-09-24 09:34:24.450,3.311,1800
2020-09-24 09:34:24.680,3.312,1000
2020-09-24 09:34:24.770,3.312,3000
2020-09-24 09:34:25.450,3.312,2000
2020-09-24 09:34:25.600,3.312,3000
2020-09-24 09:34:26.130,3.312,3000
2020-09-24 09:34:26.650,3.312,20000
2020-09-24 09:34:27.520,3.312,10000
2020-09-24 09:34:28.450,3.312,1000
2020-09-24 09:34:28.690,3.312,10000
2020-09-24 09:34:29.080,3.312,700
2020-09-24 09:34:29.610,3.312,600
2020-09-24 09:34:30.770,3.311,1000
2020-09-24 09:34:30.770,3.311,3700
2020-09-24 09:34:30.770,3.311,18900
2020-09-24 09:34:31.590,3.312,3000
2020-09-24 09:34:32.540,3.312,400
2020-09-24 09:34:33.130,3.312,3000
2020-09-24 09:34:33.420,3.312,300
2020-09-24 09:34:33.420,3.312,1000
2020-09-24 09:34:34.360,3.312,200
2020-09-24 09:34:34.480,3.312,10800
2020-09-24 09:34:34.480,3.312,51000
2020-09-24 09:34:34.480,3.312,1000
2020-09-24 09:34:37.830,3.313,1400
2020-09-24 09:34:40.570,3.312,10000
2020-09-24 09:34:41.710,3.313,28000
2020-09-24 09:34:45.230,3.313,2000
2020-09-24 09:34:45.230,3.313,1500
2020-09-24 09:34:45.230,3.313,600
2020-09-24 09:34:45.230,3.313,1000
2020-09-24 09:34:45.230,3.313,900
2020-09-24 09:34:45.290,3.313,1100
2020-09-24 09:34:45.290,3.313,1500
2020-09-24 09:34:45.290,3.313,3000
2020-09-24 09:34:46.750,3.313,12200
2020-09-24 09:34:46.750,3.313,5000
2020-09-24 09:34:49.150,3.313,1500
2020-09-24 09:34:49.930,3.313,5000
2020-09-24 09:34:50.360,3.314,7000
2020-09-24 09:34:50.360,3.314,100
2020-09-24 09:34:50.360,3.314,5000
2020-09-24 09:34:50.360,3.314,1000
2020-09-24 09:34:50.360,3.314,100
2020-09-24 09:34:50.360,3.314,6800
2020-09-24 09:34:50.440,3.313,10000
2020-09-24 09:34:50.680,3.313,10000
2020-09-24 09:34:51.610,3.313,7900
2020-09-24 09:34:52.180,3.313,10000
2020-09-24 09:34:53.550,3.314,13200
2020-09-24 09:34:53.550,3.314,57100
2020-09-24 09:34:53.550,3.314,8900
2020-09-24 09:34:55.790,3.313,10000
2020-09-24 09:34:56.280,3.313,13000
2020-09-24 09:34:57.780,3.314,100
2020-09-24 09:34:57.960,3.314,5000
2020-09-24 09:34:58.260,3.313,3200
2020-09-24 09:35:00.290,3.314,100
2020-09-24 09:35:02.040,3.313,10000
2020-09-24 09:35:02.070,3.314,1500
2020-09-24 09:35:02.070,3.314,2000
2020-09-24 09:35:02.070,3.314,1500
2020-09-24 09:35:02.750,3.313,10000
2020-09-24 09:35:03.290,3.314,3300
2020-09-24 09:35:03.600,3.313,10000
2020-09-24 09:35:04.660,3.313,3000
2020-09-24 09:35:04.750,3.314,500
2020-09-24 09:35:05.160,3.313,10000
2020-09-24 09:35:05.220,3.313,77300
2020-09-24 09:35:05.220,3.313,100
2020-09-24 09:35:05.220,3.313,10000
2020-09-24 09:35:05.220,3.313,5000
2020-09-24 09:35:05.220,3.313,8100
2020-09-24 09:35:05.220,3.313,100
2020-09-24 09:35:05.220,3.313,1000
2020-09-24 09:35:05.220,3.313,1000
2020-09-24 09:35:05.220,3.313,8000
2020-09-24 09:35:05.220,3.313,5000
2020-09-24 09:35:05.220,3.313,2000
2020-09-24 09:35:05.950,3.313,200
2020-09-24 09:35:06.190,3.313,2000
2020-09-24 09:35:06.870,3.313,1000
2020-09-24 09:35:06.930,3.313,12000
2020-09-24 09:35:07.900,3.313,300
2020-09-24 09:35:07.930,3.313,2100
2020-09-24 09:35:07.990,3.313,1000
2020-09-24 09:35:08.150,3.313,10000
2020-09-24 09:35:08.270,3.313,20000
2020-09-24 09:35:10.560,3.313,64900
2020-09-24 09:35:10.560,3.313,300
2020-09-24 09:35:10.560,3.313,10800
2020-09-24 09:35:10.560,3.313,4500
2020-09-24 09:35:10.560,3.313,10000
2020-09-24 09:35:10.560,3.313,8400
2020-09-24 09:35:10.560,3.313,91100
2020-09-24 09:35:11.290,3.313,11100
2020-09-24 09:35:11.290,3.313,138900
2020-09-24 09:35:11.720,3.313,200
2020-09-24 09:35:13.150,3.313,300
2020-09-24 09:35:13.480,3.313,100
2020-09-24 09:35:14.010,3.312,10100
2020-09-24 09:35:14.010,3.312,3000
2020-09-24 09:35:14.010,3.312,2500
2020-09-24 09:35:14.130,3.313,3000
2020-09-24 09:35:14.430,3.312,500
2020-09-24 09:35:14.430,3.312,2500
2020-09-24 09:35:14.460,3.313,1000
2020-09-24 09:35:14.490,3.313,1500
2020-09-24 09:35:14.830,3.313,600
2020-09-24 09:35:14.950,3.313,19200
2020-09-24 09:35:16.120,3.312,400
2020-09-24 09:35:16.120,3.312,900
2020-09-24 09:35:18.950,3.312,100
2020-09-24 09:35:18.950,3.312,800
2020-09-24 09:35:19.760,3.312,6000
2020-09-24 09:35:20.620,3.312,8200
2020-09-24 09:35:20.620,3.312,3800
2020-09-24 09:35:20.680,3.312,3800
2020-09-24 09:35:20.680,3.312,2000
2020-09-24 09:35:20.680,3.312,4200
2020-09-24 09:35:20.740,3.313,1000
2020-09-24 09:35:20.830,3.312,4900
2020-09-24 09:35:20.830,3.312,5100
2020-09-24 09:35:21.240,3.313,100
2020-09-24 09:35:23.110,3.312,4200
2020-09-24 09:35:23.710,3.313,5000
2020-09-24 09:35:23.710,3.312,10000
2020-09-24 09:35:23.870,3.313,2000
2020-09-24 09:35:26.480,3.313,1900
2020-09-24 09:35:26.480,3.313,100
2020-09-24 09:35:26.480,3.313,3000
2020-09-24 09:35:26.480,3.313,1000
2020-09-24 09:35:27.210,3.312,10700
2020-09-24 09:35:27.210,3.312,1000
2020-09-24 09:35:27.210,3.312,200
2020-09-24 09:35:27.210,3.312,100
2020-09-24 09:35:27.270,3.312,800
2020-09-24 09:35:27.270,3.313,200
2020-09-24 09:35:29.880,3.313,100
2020-09-24 09:35:29.970,3.312,15000
2020-09-24 09:35:29.970,3.312,100
2020-09-24 09:35:29.970,3.312,100
2020-09-24 09:35:29.970,3.311,100
2020-09-24 09:35:29.970,3.311,300
2020-09-24 09:35:29.970,3.311,200
2020-09-24 09:35:29.970,3.311,7300
2020-09-24 09:35:29.970,3.311,2800
2020-09-24 09:35:29.970,3.311,3000
2020-09-24 09:35:29.970,3.311,5000
2020-09-24 09:35:29.970,3.311,2400
2020-09-24 09:35:29.970,3.311,13000
2020-09-24 09:35:31.310,3.312,300
2020-09-24 09:35:31.680,3.312,1700
2020-09-24 09:35:31.680,3.313,3300
2020-09-24 09:35:32.920,3.312,400
2020-09-24 09:35:32.920,3.312,10000
2020-09-24 09:35:32.920,3.312,1000
2020-09-24 09:35:33.050,3.313,600
2020-09-24 09:35:33.510,3.312,600
2020-09-24 09:35:33.510,3.311,87000
2020-09-24 09:35:33.510,3.311,5000
2020-09-24 09:35:33.690,3.311,300
2020-09-24 09:35:34.270,3.311,1200
2020-09-24 09:35:34.390,3.31,1000
2020-09-24 09:35:34.390,3.31,1400
2020-09-24 09:35:34.390,3.31,5000
2020-09-24 09:35:34.390,3.31,5000
2020-09-24 09:35:34.390,3.31,5000
2020-09-24 09:35:34.390,3.31,900
2020-09-24 09:35:34.390,3.31,2000
2020-09-24 09:35:34.390,3.31,15100
2020-09-24 09:35:34.390,3.31,500
2020-09-24 09:35:34.390,3.31,100
2020-09-24 09:35:34.390,3.31,500
2020-09-24 09:35:34.390,3.31,5000
2020-09-24 09:35:34.390,3.31,200
2020-09-24 09:35:34.390,3.31,3000
2020-09-24 09:35:34.390,3.31,200
2020-09-24 09:35:34.390,3.31,255100
2020-09-24 09:35:35.100,3.311,200
2020-09-24 09:35:37.430,3.311,3200
2020-09-24 09:35:38.980,3.311,100
2020-09-24 09:35:39.780,3.31,280000
2020-09-24 09:35:39.780,3.31,2800
2020-09-24 09:35:39.780,3.31,1100
2020-09-24 09:35:41.030,3.31,1000
2020-09-24 09:35:45.390,3.31,15100
2020-09-24 09:35:45.390,3.31,200
2020-09-24 09:35:45.390,3.311,14700
2020-09-24 09:35:45.480,3.309,1400
2020-09-24 09:35:45.480,3.309,5000
2020-09-24 09:35:45.480,3.309,8000
2020-09-24 09:35:45.480,3.309,100
2020-09-24 09:35:45.480,3.309,2000
2020-09-24 09:35:45.480,3.309,1000
2020-09-24 09:35:45.480,3.309,100
2020-09-24 09:35:45.480,3.309,10000
2020-09-24 09:35:45.480,3.309,2500
2020-09-24 09:35:45.480,3.309,1000
2020-09-24 09:35:45.480,3.309,8000
2020-09-24 09:35:47.640,3.31,100
2020-09-24 09:35:47.890,3.31,3000
2020-09-24 09:35:49.320,3.31,1000
2020-09-24 09:35:49.820,3.31,1000
2020-09-24 09:35:49.980,3.31,500
2020-09-24 09:35:50.040,3.309,22000
2020-09-24 09:35:50.040,3.309,100
2020-09-24 09:35:50.040,3.309,5000
2020-09-24 09:35:50.040,3.309,10600
2020-09-24 09:35:50.040,3.309,1000
2020-09-24 09:35:50.040,3.309,3200
2020-09-24 09:35:50.040,3.309,400
2020-09-24 09:35:50.040,3.309,5000
2020-09-24 09:35:50.040,3.309,2000
2020-09-24 09:35:50.040,3.309,300
2020-09-24 09:35:50.040,3.309,10000
2020-09-24 09:35:50.040,3.309,1000
2020-09-24 09:35:50.040,3.309,1500
2020-09-24 09:35:50.040,3.309,100
2020-09-24 09:35:51.380,3.309,100
2020-09-24 09:35:51.880,3.309,10000
2020-09-24 09:35:52.410,3.309,400
2020-09-24 09:35:56.000,3.309,1000
2020-09-24 09:35:56.280,3.308,1000
2020-09-24 09:35:56.280,3.308,200
2020-09-24 09:35:56.780,3.309,100
2020-09-24 09:35:58.270,3.309,200
2020-09-24 09:35:58.420,3.308,800
2020-09-24 09:35:58.420,3.308,1200
2020-09-24 09:35:59.230,3.308,200
2020-09-24 09:36:01.050,3.309,300000
2020-09-24 09:36:01.590,3.308,300
2020-09-24 09:36:02.690,3.308,700
2020-09-24 09:36:05.320,3.309,9900
2020-09-24 09:36:07.840,3.309,200
2020-09-24 09:36:09.320,3.308,600
2020-09-24 09:36:09.320,3.308,1200
2020-09-24 09:36:09.440,3.309,1000
2020-09-24 09:36:12.540,3.309,600
2020-09-24 09:36:12.570,3.309,200
2020-09-24 09:36:12.800,3.309,3000
2020-09-24 09:36:14.000,3.309,21200
2020-09-24 09:36:14.920,3.308,900
2020-09-24 09:36:14.920,3.308,2300
2020-09-24 09:36:14.920,3.308,100
2020-09-24 09:36:14.920,3.308,1000
2020-09-24 09:36:14.920,3.308,100
2020-09-24 09:36:14.920,3.308,1400
2020-09-24 09:36:14.920,3.308,5000
2020-09-24 09:36:14.920,3.308,2000
2020-09-24 09:36:14.920,3.308,3000
2020-09-24 09:36:14.920,3.308,100
2020-09-24 09:36:14.920,3.308,8600
2020-09-24 09:36:14.920,3.308,200
2020-09-24 09:36:14.920,3.308,5000
2020-09-24 09:36:14.920,3.308,10000
2020-09-24 09:36:14.920,3.308,600
2020-09-24 09:36:14.920,3.308,200
2020-09-24 09:36:14.920,3.308,10000
2020-09-24 09:36:14.920,3.308,500
2020-09-24 09:36:14.920,3.308,100000
2020-09-24 09:36:14.920,3.308,6000
2020-09-24 09:36:14.920,3.308,2000
2020-09-24 09:36:14.920,3.308,1000
2020-09-24 09:36:14.920,3.308,100
2020-09-24 09:36:14.920,3.308,5000
2020-09-24 09:36:14.920,3.308,1000
2020-09-24 09:36:14.920,3.308,1000
2020-09-24 09:36:14.920,3.308,20000
2020-09-24 09:36:14.920,3.308,2000
2020-09-24 09:36:14.920,3.308,10000
2020-09-24 09:36:14.920,3.308,100
2020-09-24 09:36:14.920,3.308,62200
2020-09-24 09:36:14.920,3.308,6000
2020-09-24 09:36:14.920,3.308,35800
2020-09-24 09:36:14.920,3.308,1000
2020-09-24 09:36:14.920,3.308,1000
2020-09-24 09:36:16.720,3.308,100
2020-09-24 09:36:17.280,3.308,200
2020-09-24 09:36:17.410,3.307,200
2020-09-24 09:36:17.410,3.307,3000
2020-09-24 09:36:17.410,3.307,5000
2020-09-24 09:36:17.410,3.307,3000
2020-09-24 09:36:17.410,3.307,5000
2020-09-24 09:36:17.410,3.307,100
2020-09-24 09:36:17.410,3.307,200
2020-09-24 09:36:17.440,3.308,5000
2020-09-24 09:36:19.310,3.308,4000
2020-09-24 09:36:19.370,3.307,3700
2020-09-24 09:36:20.150,3.308,300
2020-09-24 09:36:21.980,3.307,6000
2020-09-24 09:36:24.250,3.307,100
2020-09-24 09:36:24.250,3.307,2000
2020-09-24 09:36:24.250,3.307,17900
2020-09-24 09:36:24.650,3.307,2100
2020-09-24 09:36:24.650,3.307,4000
2020-09-24 09:36:24.650,3.307,3000
2020-09-24 09:36:24.650,3.307,3000
2020-09-24 09:36:24.650,3.307,10000
2020-09-24 09:36:24.650,3.307,7900
2020-09-24 09:36:24.740,3.308,3000
2020-09-24 09:36:24.740,3.308,100000
2020-09-24 09:36:26.310,3.308,18000
2020-09-24 09:36:26.310,3.308,5000
2020-09-24 09:36:26.310,3.308,10000
2020-09-24 09:36:26.310,3.307,67000
2020-09-24 09:36:31.110,3.308,600
2020-09-24 09:36:31.170,3.308,400
2020-09-24 09:36:31.170,3.308,100
2020-09-24 09:36:31.170,3.308,400
2020-09-24 09:36:31.170,3.307,11300
2020-09-24 09:36:31.500,3.307,2000
2020-09-24 09:36:33.820,3.307,5000
2020-09-24 09:36:33.820,3.308,5100
2020-09-24 09:36:34.070,3.308,34700
2020-09-24 09:36:34.580,3.309,89900
2020-09-24 09:36:34.580,3.309,2000
2020-09-24 09:36:34.580,3.309,1000
2020-09-24 09:36:34.580,3.309,18000
2020-09-24 09:36:35.140,3.31,3100
2020-09-24 09:36:35.140,3.31,5000
2020-09-24 09:36:35.140,3.31,25400
2020-09-24 09:36:35.140,3.31,34900
2020-09-24 09:36:35.540,3.309,1500
2020-09-24 09:36:38.510,3.309,5000
2020-09-24 09:36:38.920,3.31,6000
2020-09-24 09:36:40.580,3.309,100
2020-09-24 09:36:42.310,3.309,400
2020-09-24 09:36:46.490,3.309,20000
2020-09-24 09:36:47.880,3.309,8200
2020-09-24 09:36:49.640,3.31,100
2020-09-24 09:36:51.350,3.31,4900
2020-09-24 09:36:51.350,3.31,5100
2020-09-24 09:36:51.640,3.31,2000
2020-09-24 09:36:53.370,3.31,5500
2020-09-24 09:36:55.700,3.309,1000
2020-09-24 09:36:55.810,3.309,24800
2020-09-24 09:36:56.230,3.31,5100
2020-09-24 09:36:57.500,3.309,10300
2020-09-24 09:37:00.670,3.31,30000
2020-09-24 09:37:01.180,3.31,100
2020-09-24 09:37:01.640,3.309,1000
2020-09-24 09:37:02.370,3.309,5000
2020-09-24 09:37:02.790,3.31,1000
2020-09-24 09:37:02.970,3.31,2000
2020-09-24 09:37:04.920,3.31,1200
2020-09-24 09:37:05.210,3.31,20600
2020-09-24 09:37:05.210,3.31,26700
2020-09-24 09:37:05.640,3.31,300
2020-09-24 09:37:05.640,3.31,1200
2020-09-24 09:37:05.760,3.31,600
2020-09-24 09:37:06.240,3.31,800
2020-09-24 09:37:06.640,3.31,5000
2020-09-24 09:37:07.470,3.309,9000
2020-09-24 09:37:08.990,3.309,1000
2020-09-24 09:37:09.020,3.31,6000
2020-09-24 09:37:10.300,3.31,1500
2020-09-24 09:37:10.790,3.31,200
2020-09-24 09:37:11.050,3.309,17700
2020-09-24 09:37:14.710,3.309,100
2020-09-24 09:37:16.650,3.309,11200
2020-09-24 09:37:17.520,3.31,6000
2020-09-24 09:37:18.050,3.31,1000
2020-09-24 09:37:22.790,3.31,27700
2020-09-24 09:37:22.790,3.31,100000
2020-09-24 09:37:22.790,3.31,60000
2020-09-24 09:37:22.790,3.31,10000
2020-09-24 09:37:22.790,3.31,25600
2020-09-24 09:37:23.880,3.31,18700
2020-09-24 09:37:27.510,3.31,2200
2020-09-24 09:37:33.480,3.311,5000
2020-09-24 09:37:40.780,3.31,5000
2020-09-24 09:37:43.110,3.31,50800
2020-09-24 09:37:43.110,3.31,2000
2020-09-24 09:37:43.110,3.31,13200
2020-09-24 09:37:43.230,3.311,10000
2020-09-24 09:37:43.500,3.31,4700
2020-09-24 09:37:43.500,3.31,300
2020-09-24 09:37:43.500,3.31,3000
2020-09-24 09:37:43.500,3.31,2000
2020-09-24 09:37:43.500,3.31,10000
2020-09-24 09:37:43.500,3.31,11400
2020-09-24 09:37:43.500,3.31,300
2020-09-24 09:37:43.500,3.31,6000
2020-09-24 09:37:43.500,3.31,3000
2020-09-24 09:37:43.500,3.31,6000
2020-09-24 09:37:43.500,3.31,2000
2020-09-24 09:37:43.500,3.31,3000
2020-09-24 09:37:43.500,3.31,1000
2020-09-24 09:37:43.500,3.31,100000
2020-09-24 09:37:43.500,3.31,10000
2020-09-24 09:37:43.500,3.31,3000
2020-09-24 09:37:43.500,3.31,1500
2020-09-24 09:37:43.500,3.31,22700
2020-09-24 09:37:43.970,3.31,27300
2020-09-24 09:37:45.890,3.31,1000
2020-09-24 09:37:46.310,3.31,1500
2020-09-24 09:37:46.880,3.31,1500
2020-09-24 09:37:47.530,3.31,2000
2020-09-24 09:37:48.370,3.31,34100
2020-09-24 09:37:48.510,3.31,200
2020-09-24 09:37:48.720,3.309,72800
2020-09-24 09:37:48.720,3.309,400
2020-09-24 09:37:48.720,3.309,300
2020-09-24 09:37:48.720,3.309,2500
2020-09-24 09:37:48.720,3.309,10000
2020-09-24 09:37:48.720,3.309,10000
2020-09-24 09:37:48.720,3.309,10000
2020-09-24 09:37:48.720,3.309,3000
2020-09-24 09:37:48.720,3.309,1000
2020-09-24 09:37:48.720,3.309,5000
2020-09-24 09:37:48.720,3.309,500
2020-09-24 09:37:48.720,3.309,100
2020-09-24 09:37:48.720,3.309,300
2020-09-24 09:37:48.720,3.309,1500
2020-09-24 09:37:48.720,3.309,7500
2020-09-24 09:37:49.940,3.309,2500
2020-09-24 09:37:49.940,3.309,100000
2020-09-24 09:37:49.940,3.309,1700
2020-09-24 09:37:49.940,3.309,100
2020-09-24 09:37:52.090,3.309,2500
2020-09-24 09:37:53.300,3.309,10000
2020-09-24 09:37:53.700,3.309,20000
2020-09-24 09:37:54.900,3.309,10000
2020-09-24 09:37:55.570,3.309,100
2020-09-24 09:37:56.200,3.309,200
2020-09-24 09:37:58.820,3.309,500
2020-09-24 09:37:59.420,3.309,12000
2020-09-24 09:37:59.800,3.309,2800
2020-09-24 09:38:00.660,3.309,2900
2020-09-24 09:38:01.420,3.308,900
2020-09-24 09:38:01.420,3.308,100
2020-09-24 09:38:05.030,3.309,200
2020-09-24 09:38:05.740,3.308,8100
2020-09-24 09:38:06.380,3.309,100
2020-09-24 09:38:06.480,3.309,10000
2020-09-24 09:38:06.600,3.309,100
2020-09-24 09:38:06.730,3.309,200
2020-09-24 09:38:06.830,3.308,24200
2020-09-24 09:38:07.160,3.309,2000
2020-09-24 09:38:07.830,3.309,2000
2020-09-24 09:38:08.380,3.308,1300
2020-09-24 09:38:08.690,3.308,6700
2020-09-24 09:38:08.880,3.308,7800
2020-09-24 09:38:08.980,3.308,34800
2020-09-24 09:38:08.980,3.308,2000
2020-09-24 09:38:09.010,3.308,500
2020-09-24 09:38:09.010,3.308,10000
2020-09-24 09:38:09.010,3.308,5000
2020-09-24 09:38:09.010,3.308,100
2020-09-24 09:38:09.010,3.308,1200
2020-09-24 09:38:09.010,3.308,5000
2020-09-24 09:38:09.010,3.308,1800
2020-09-24 09:38:09.010,3.308,2000
2020-09-24 09:38:09.010,3.308,1000
2020-09-24 09:38:09.010,3.308,100
2020-09-24 09:38:09.010,3.308,10000
2020-09-24 09:38:09.010,3.308,200
2020-09-24 09:38:09.010,3.308,41200
2020-09-24 09:38:09.010,3.308,5000
2020-09-24 09:38:09.010,3.308,2000
2020-09-24 09:38:09.010,3.308,41200
2020-09-24 09:38:09.010,3.308,2200
2020-09-24 09:38:09.010,3.308,500
2020-09-24 09:38:09.010,3.308,5000
2020-09-24 09:38:09.010,3.308,5000
2020-09-24 09:38:09.010,3.308,200
2020-09-24 09:38:09.010,3.308,5000
2020-09-24 09:38:09.010,3.308,3000
2020-09-24 09:38:09.010,3.308,300
2020-09-24 09:38:09.010,3.308,5000
2020-09-24 09:38:09.010,3.308,100
2020-09-24 09:38:09.010,3.308,100
2020-09-24 09:38:09.010,3.308,1000
2020-09-24 09:38:09.010,3.308,6000
2020-09-24 09:38:09.010,3.307,8700
2020-09-24 09:38:09.010,3.307,10000
2020-09-24 09:38:09.010,3.307,1800
2020-09-24 09:38:09.010,3.307,200
2020-09-24 09:38:09.010,3.307,10000
2020-09-24 09:38:09.010,3.307,100
2020-09-24 09:38:09.010,3.307,1700
2020-09-24 09:38:09.010,3.307,1500
2020-09-24 09:38:09.010,3.307,20000
2020-09-24 09:38:09.010,3.307,10000
2020-09-24 09:38:09.010,3.307,500
2020-09-24 09:38:09.010,3.307,5000
2020-09-24 09:38:09.010,3.307,35900
2020-09-24 09:38:09.010,3.307,1000
2020-09-24 09:38:09.010,3.307,300
2020-09-24 09:38:09.010,3.307,1200
2020-09-24 09:38:09.010,3.307,6200
2020-09-24 09:38:09.010,3.307,500
2020-09-24 09:38:09.010,3.307,18200
2020-09-24 09:38:09.010,3.307,5000
2020-09-24 09:38:09.010,3.307,500
2020-09-24 09:38:09.010,3.307,2000
2020-09-24 09:38:11.350,3.308,100
2020-09-24 09:38:11.500,3.308,100
2020-09-24 09:38:12.140,3.307,2000
2020-09-24 09:38:12.140,3.307,10000
2020-09-24 09:38:12.140,3.307,2400
2020-09-24 09:38:12.350,3.307,600
2020-09-24 09:38:13.690,3.307,1000
2020-09-24 09:38:14.370,3.307,12800
2020-09-24 09:38:16.760,3.308,900
2020-09-24 09:38:18.930,3.307,900
2020-09-24 09:38:20.160,3.307,5000
2020-09-24 09:38:20.250,3.308,5400
2020-09-24 09:38:22.160,3.307,1500
2020-09-24 09:38:22.510,3.308,5000
2020-09-24 09:38:23.480,3.307,1000
2020-09-24 09:38:24.310,3.307,1600
2020-09-24 09:38:24.310,3.307,900
2020-09-24 09:38:24.650,3.308,1000
2020-09-24 09:38:24.850,3.307,4100
2020-09-24 09:38:24.850,3.307,100
2020-09-24 09:38:24.850,3.307,500
2020-09-24 09:38:24.850,3.307,300
2020-09-24 09:38:26.550,3.308,2000
2020-09-24 09:38:27.270,3.307,8600
2020-09-24 09:38:27.660,3.308,700
2020-09-24 09:38:27.660,3.308,1000
2020-09-24 09:38:27.660,3.308,3200
2020-09-24 09:38:27.800,3.308,100
2020-09-24 09:38:27.800,3.307,1400
2020-09-24 09:38:29.710,3.308,10000
2020-09-24 09:38:31.320,3.308,300
2020-09-24 09:38:34.510,3.308,900
2020-09-24 09:38:34.510,3.308,200
2020-09-24 09:38:34.510,3.308,1000
2020-09-24 09:38:34.510,3.307,3900
2020-09-24 09:38:37.830,3.308,300
2020-09-24 09:38:37.830,3.309,10000
2020-09-24 09:38:37.830,3.309,200
2020-09-24 09:38:39.380,3.309,100
2020-09-24 09:38:41.190,3.309,100
2020-09-24 09:38:41.190,3.309,5000
2020-09-24 09:38:41.890,3.309,300
2020-09-24 09:38:42.810,3.309,16600
2020-09-24 09:38:42.810,3.308,1000
2020-09-24 09:38:42.810,3.308,10000
2020-09-24 09:38:42.810,3.307,2400
2020-09-24 09:38:45.060,3.309,1000
2020-09-24 09:38:46.240,3.309,9000
2020-09-24 09:38:47.700,3.309,1200
2020-09-24 09:38:48.110,3.309,7900
2020-09-24 09:38:48.110,3.31,5000
2020-09-24 09:38:48.110,3.31,900
2020-09-24 09:38:48.110,3.31,10000
2020-09-24 09:38:48.110,3.31,100
2020-09-24 09:38:52.880,3.309,3000
2020-09-24 09:38:52.880,3.309,7500
2020-09-24 09:38:53.150,3.309,600
2020-09-24 09:38:53.230,3.309,10000
2020-09-24 09:38:53.830,3.309,500
2020-09-24 09:38:55.800,3.308,200
2020-09-24 09:38:55.800,3.308,100
2020-09-24 09:38:55.800,3.308,4700
2020-09-24 09:38:57.110,3.308,400
2020-09-24 09:38:57.330,3.309,5500
2020-09-24 09:38:57.330,3.31,2000
2020-09-24 09:39:01.720,3.309,1500
2020-09-24 09:39:02.030,3.308,4900
2020-09-24 09:39:02.030,3.308,10000
2020-09-24 09:39:02.030,3.308,200
2020-09-24 09:39:03.800,3.309,3000
2020-09-24 09:39:06.080,3.309,3000
2020-09-24 09:39:07.730,3.309,3800
2020-09-24 09:39:10.920,3.308,5000
2020-09-24 09:39:11.110,3.309,4000
2020-09-24 09:39:12.720,3.309,700
2020-09-24 09:39:13.670,3.309,4000
2020-09-24 09:39:14.200,3.309,100
2020-09-24 09:39:14.650,3.309,5000
2020-09-24 09:39:14.680,3.309,10000
2020-09-24 09:39:15.000,3.308,300
2020-09-24 09:39:15.360,3.309,16900
2020-09-24 09:39:16.620,3.308,4500
2020-09-24 09:39:16.620,3.308,10000
2020-09-24 09:39:16.620,3.308,200
2020-09-24 09:39:16.620,3.308,5000
2020-09-24 09:39:16.620,3.308,2800
2020-09-24 09:39:17.590,3.308,200
2020-09-24 09:39:18.060,3.308,7000
2020-09-24 09:39:18.060,3.308,5000
2020-09-24 09:39:18.060,3.308,7100
2020-09-24 09:39:18.060,3.308,100
2020-09-24 09:39:18.060,3.308,1000
2020-09-24 09:39:18.060,3.308,10000
2020-09-24 09:39:18.060,3.308,1000
2020-09-24 09:39:18.060,3.308,1500
2020-09-24 09:39:18.060,3.308,900
2020-09-24 09:39:18.060,3.308,1500
2020-09-24 09:39:18.060,3.308,1000
2020-09-24 09:39:19.200,3.308,4900
2020-09-24 09:39:19.860,3.308,1000
2020-09-24 09:39:22.280,3.308,800
2020-09-24 09:39:22.520,3.308,121100
2020-09-24 09:39:22.750,3.308,2000
2020-09-24 09:39:23.070,3.308,103500
2020-09-24 09:39:24.420,3.308,223200
2020-09-24 09:39:24.760,3.308,300100
2020-09-24 09:39:25.030,3.308,5000
2020-09-24 09:39:27.060,3.308,2000
2020-09-24 09:39:27.360,3.308,16600
2020-09-24 09:39:29.500,3.308,183700
2020-09-24 09:39:29.500,3.308,1000
2020-09-24 09:39:29.610,3.308,2400
2020-09-24 09:39:37.920,3.309,100
2020-09-24 09:39:42.180,3.309,900
2020-09-24 09:39:42.180,3.309,600
2020-09-24 09:39:42.180,3.309,500
2020-09-24 09:39:42.180,3.309,200
2020-09-24 09:39:42.180,3.309,7900
2020-09-24 09:39:42.180,3.308,54200
2020-09-24 09:39:43.420,3.309,1000
2020-09-24 09:39:43.900,3.31,12500
2020-09-24 09:39:44.580,3.309,4000
2020-09-24 09:39:44.580,3.308,8200
2020-09-24 09:39:46.000,3.308,800
2020-09-24 09:39:47.580,3.31,10000
2020-09-24 09:39:47.980,3.31,300
2020-09-24 09:39:50.790,3.31,400
2020-09-24 09:39:51.030,3.309,10000
2020-09-24 09:39:51.030,3.309,1000
2020-09-24 09:39:51.030,3.309,1000
2020-09-24 09:39:51.110,3.309,1000
2020-09-24 09:39:52.940,3.309,5000
2020-09-24 09:39:54.280,3.309,45500
2020-09-24 09:39:54.750,3.309,1500
2020-09-24 09:39:55.510,3.309,5000
2020-09-24 09:39:55.790,3.308,49700
2020-09-24 09:39:55.790,3.308,1000
2020-09-24 09:39:55.790,3.308,100
2020-09-24 09:39:55.790,3.308,3000
2020-09-24 09:39:55.790,3.308,5700
2020-09-24 09:39:55.790,3.308,100
2020-09-24 09:39:55.790,3.308,10000
2020-09-24 09:39:55.790,3.308,4400
2020-09-24 09:39:55.790,3.308,300
2020-09-24 09:39:55.790,3.308,3000
2020-09-24 09:39:55.790,3.308,8600
2020-09-24 09:39:55.790,3.308,100
2020-09-24 09:39:56.220,3.309,1500
2020-09-24 09:39:56.440,3.309,5000
2020-09-24 09:39:57.130,3.308,200
2020-09-24 09:39:57.530,3.307,500
2020-09-24 09:39:57.530,3.307,700
2020-09-24 09:39:57.530,3.307,1500
2020-09-24 09:39:57.530,3.307,7000
2020-09-24 09:39:57.530,3.307,100
2020-09-24 09:39:57.530,3.307,7600
2020-09-24 09:39:58.390,3.308,100
2020-09-24 09:39:58.770,3.308,1900
2020-09-24 09:39:58.770,3.308,500
2020-09-24 09:39:58.770,3.307,2400
2020-09-24 09:39:58.770,3.307,3000
2020-09-24 09:39:58.770,3.307,100
2020-09-24 09:39:58.770,3.307,5000
2020-09-24 09:39:58.770,3.307,2000
2020-09-24 09:39:58.770,3.307,100
2020-09-24 09:39:58.770,3.307,15100
2020-09-24 09:39:58.770,3.307,3000
2020-09-24 09:39:58.770,3.307,45000
2020-09-24 09:39:58.770,3.307,1100
2020-09-24 09:39:58.770,3.307,100
2020-09-24 09:39:58.770,3.307,3000
2020-09-24 09:39:58.770,3.307,5000
2020-09-24 09:39:58.770,3.307,2000
2020-09-24 09:39:58.770,3.307,100
2020-09-24 09:39:58.770,3.307,3000
2020-09-24 09:39:58.770,3.307,3000
2020-09-24 09:39:58.770,3.307,10000
2020-09-24 09:39:58.770,3.307,1000
2020-09-24 09:39:58.770,3.307,100
2020-09-24 09:39:58.770,3.307,200
2020-09-24 09:39:58.770,3.307,3000
2020-09-24 09:39:58.770,3.307,4800
2020-09-24 09:39:59.580,3.307,4700
2020-09-24 09:39:59.580,3.307,500
2020-09-24 09:39:59.580,3.307,1000
2020-09-24 09:39:59.580,3.307,2000
2020-09-24 09:40:00.780,3.308,500
2020-09-24 09:40:01.050,3.306,1800
2020-09-24 09:40:02.700,3.307,5000
2020-09-24 09:40:03.840,3.307,500
2020-09-24 09:40:04.730,3.307,1100
2020-09-24 09:40:06.880,3.308,100
2020-09-24 09:40:07.310,3.308,1000
2020-09-24 09:40:09.730,3.307,300
2020-09-24 09:40:09.730,3.307,1700
2020-09-24 09:40:10.000,3.307,7400
2020-09-24 09:40:10.000,3.307,1700
2020-09-24 09:40:10.240,3.308,600
2020-09-24 09:40:10.740,3.308,300
2020-09-24 09:40:11.250,3.307,13300
2020-09-24 09:40:11.250,3.307,10000
2020-09-24 09:40:11.250,3.307,20000
2020-09-24 09:40:12.940,3.306,3300
2020-09-24 09:40:12.940,3.306,3000
2020-09-24 09:40:12.940,3.306,1000
2020-09-24 09:40:12.940,3.306,100
2020-09-24 09:40:12.940,3.306,3000
2020-09-24 09:40:12.940,3.306,5700
2020-09-24 09:40:12.940,3.306,3000
2020-09-24 09:40:12.940,3.306,300
2020-09-24 09:40:12.940,3.306,5000
2020-09-24 09:40:12.940,3.306,400
2020-09-24 09:40:12.940,3.306,3000
2020-09-24 09:40:12.940,3.306,30000
2020-09-24 09:40:12.940,3.306,1000
2020-09-24 09:40:12.940,3.306,400
2020-09-24 09:40:12.940,3.306,100
2020-09-24 09:40:12.940,3.306,1000
2020-09-24 09:40:12.940,3.306,1000
2020-09-24 09:40:12.940,3.306,7600
2020-09-24 09:40:12.940,3.306,10000
2020-09-24 09:40:12.940,3.306,50000
2020-09-24 09:40:12.940,3.306,10000
2020-09-24 09:40:12.940,3.306,500
2020-09-24 09:40:12.940,3.306,10000
2020-09-24 09:40:12.940,3.306,5500
2020-09-24 09:40:12.940,3.306,2000
2020-09-24 09:40:12.940,3.306,5000
2020-09-24 09:40:12.940,3.306,1000
2020-09-24 09:40:12.940,3.306,3000
2020-09-24 09:40:12.940,3.306,10000
2020-09-24 09:40:12.940,3.306,100000
2020-09-24 09:40:12.940,3.306,800
2020-09-24 09:40:12.940,3.306,700
2020-09-24 09:40:12.940,3.306,1500
2020-09-24 09:40:12.940,3.306,300
2020-09-24 09:40:12.940,3.306,300
2020-09-24 09:40:12.940,3.306,400
2020-09-24 09:40:12.940,3.306,100
2020-09-24 09:40:12.940,3.306,3600
2020-09-24 09:40:12.940,3.306,3100
2020-09-24 09:40:12.940,3.306,200
2020-09-24 09:40:12.940,3.306,100
2020-09-24 09:40:12.940,3.306,8000
2020-09-24 09:40:12.940,3.306,15000
2020-09-24 09:40:12.940,3.306,90000
2020-09-24 09:40:13.150,3.307,3000
2020-09-24 09:40:13.270,3.306,61100
2020-09-24 09:40:13.770,3.306,292000
2020-09-24 09:40:13.890,3.306,40000
2020-09-24 09:40:14.110,3.307,11000
2020-09-24 09:40:14.410,3.306,16900
2020-09-24 09:40:14.410,3.306,3100
2020-09-24 09:40:14.410,3.306,6900
2020-09-24 09:40:14.410,3.306,20000
2020-09-24 09:40:14.410,3.306,800
2020-09-24 09:40:14.410,3.306,100
2020-09-24 09:40:14.410,3.306,100
2020-09-24 09:40:14.410,3.306,1000
2020-09-24 09:40:14.410,3.306,14000
2020-09-24 09:40:14.450,3.306,900
2020-09-24 09:40:14.630,3.307,10000
2020-09-24 09:40:14.630,3.306,35100
2020-09-24 09:40:14.630,3.306,5300
2020-09-24 09:40:14.630,3.306,100
2020-09-24 09:40:14.630,3.306,4000
2020-09-24 09:40:14.850,3.306,500
2020-09-24 09:40:14.850,3.306,5500
2020-09-24 09:40:15.210,3.305,500
2020-09-24 09:40:15.210,3.305,10000
2020-09-24 09:40:15.210,3.305,3000
2020-09-24 09:40:15.210,3.305,2000
2020-09-24 09:40:15.210,3.305,3000
2020-09-24 09:40:15.210,3.305,5000
2020-09-24 09:40:15.210,3.305,800
2020-09-24 09:40:15.210,3.305,700
2020-09-24 09:40:15.210,3.305,300
2020-09-24 09:40:15.210,3.305,1000
2020-09-24 09:40:15.210,3.305,1000
2020-09-24 09:40:15.210,3.305,1000
2020-09-24 09:40:15.210,3.305,5000
2020-09-24 09:40:15.210,3.305,1000
2020-09-24 09:40:15.210,3.305,11600
2020-09-24 09:40:15.210,3.305,1000
2020-09-24 09:40:15.210,3.305,900
2020-09-24 09:40:15.210,3.305,1000
2020-09-24 09:40:15.210,3.305,100000
2020-09-24 09:40:15.210,3.305,5000
2020-09-24 09:40:15.210,3.305,40000
2020-09-24 09:40:15.210,3.305,200
2020-09-24 09:40:15.210,3.305,2000
2020-09-24 09:40:15.210,3.305,200
2020-09-24 09:40:15.210,3.305,10000
2020-09-24 09:40:15.210,3.305,100
2020-09-24 09:40:15.210,3.305,1000
2020-09-24 09:40:15.210,3.305,200
2020-09-24 09:40:15.210,3.305,500
2020-09-24 09:40:15.210,3.305,500
2020-09-24 09:40:15.210,3.305,3000
2020-09-24 09:40:15.210,3.305,2000
2020-09-24 09:40:15.210,3.305,2000
2020-09-24 09:40:15.210,3.305,10000
2020-09-24 09:40:15.210,3.305,2000
2020-09-24 09:40:15.210,3.305,1300
2020-09-24 09:40:15.210,3.305,12000
2020-09-24 09:40:15.210,3.305,500
2020-09-24 09:40:15.210,3.305,100
2020-09-24 09:40:15.210,3.305,30000
2020-09-24 09:40:15.210,3.305,10000
2020-09-24 09:40:15.210,3.305,7800
2020-09-24 09:40:15.210,3.305,10800
2020-09-24 09:40:15.750,3.306,2000
2020-09-24 09:40:15.980,3.305,5000
2020-09-24 09:40:16.760,3.306,300
2020-09-24 09:40:18.110,3.306,1000
2020-09-24 09:40:19.180,3.306,100
2020-09-24 09:40:20.220,3.306,1000
2020-09-24 09:40:21.280,3.306,600
2020-09-24 09:40:21.530,3.305,19100
2020-09-24 09:40:21.530,3.305,500
2020-09-24 09:40:21.530,3.305,10000
2020-09-24 09:40:21.530,3.305,400
2020-09-24 09:40:21.530,3.305,200
2020-09-24 09:40:21.530,3.305,100
2020-09-24 09:40:21.530,3.305,2000
2020-09-24 09:40:21.530,3.305,3000
2020-09-24 09:40:21.530,3.305,10000
2020-09-24 09:40:21.530,3.305,19000
2020-09-24 09:40:21.800,3.306,200
2020-09-24 09:40:22.710,3.306,10000
2020-09-24 09:40:22.770,3.305,1000
2020-09-24 09:40:22.770,3.305,600
2020-09-24 09:40:22.770,3.305,5000
2020-09-24 09:40:22.770,3.305,400
2020-09-24 09:40:22.770,3.305,10000
2020-09-24 09:40:22.770,3.305,2000
2020-09-24 09:40:22.770,3.305,300
2020-09-24 09:40:22.770,3.305,700
2020-09-24 09:40:23.250,3.305,9300
2020-09-24 09:40:23.250,3.305,2000
2020-09-24 09:40:23.250,3.305,100
2020-09-24 09:40:23.250,3.305,100
2020-09-24 09:40:23.250,3.305,100
2020-09-24 09:40:23.250,3.305,200
2020-09-24 09:40:23.250,3.305,10000
2020-09-24 09:40:23.250,3.305,5000
2020-09-24 09:40:23.250,3.305,1500
2020-09-24 09:40:23.250,3.305,1500
2020-09-24 09:40:23.250,3.305,9000
2020-09-24 09:40:23.250,3.305,5000
2020-09-24 09:40:23.250,3.305,500
2020-09-24 09:40:23.750,3.304,300
2020-09-24 09:40:23.750,3.304,100
2020-09-24 09:40:23.750,3.304,1000
2020-09-24 09:40:23.750,3.304,500
2020-09-24 09:40:23.750,3.304,10000
2020-09-24 09:40:23.750,3.304,1900
2020-09-24 09:40:24.160,3.304,18100
2020-09-24 09:40:24.160,3.304,41900
2020-09-24 09:40:25.410,3.305,1500
2020-09-24 09:40:25.790,3.305,5000
2020-09-24 09:40:26.480,3.304,2300
2020-09-24 09:40:26.480,3.304,1100
2020-09-24 09:40:26.480,3.304,2000
2020-09-24 09:40:26.480,3.304,10000
2020-09-24 09:40:26.480,3.304,1000
2020-09-24 09:40:26.480,3.304,200
2020-09-24 09:40:26.480,3.304,33400
2020-09-24 09:40:26.700,3.304,300
2020-09-24 09:40:26.790,3.305,100
2020-09-24 09:40:27.360,3.305,10000
2020-09-24 09:40:27.360,3.305,3700
2020-09-24 09:40:28.110,3.305,100
2020-09-24 09:40:28.780,3.304,5500
2020-09-24 09:40:29.070,3.304,5000
2020-09-24 09:40:29.820,3.305,1300
2020-09-24 09:40:30.370,3.305,10000
2020-09-24 09:40:30.610,3.304,125800
2020-09-24 09:40:30.610,3.304,5000
2020-09-24 09:40:30.610,3.304,5000
2020-09-24 09:40:30.610,3.304,5100
2020-09-24 09:40:30.610,3.304,200
2020-09-24 09:40:30.610,3.304,800
2020-09-24 09:40:30.610,3.304,5000
2020-09-24 09:40:30.610,3.304,500
2020-09-24 09:40:30.610,3.304,10000
2020-09-24 09:40:30.610,3.304,6000
2020-09-24 09:40:30.610,3.304,15000
2020-09-24 09:40:30.610,3.304,500
2020-09-24 09:40:30.610,3.304,700
2020-09-24 09:40:30.610,3.304,10000
2020-09-24 09:40:30.610,3.304,20000
2020-09-24 09:40:30.610,3.304,300
2020-09-24 09:40:30.610,3.304,500
2020-09-24 09:40:30.610,3.304,5000
2020-09-24 09:40:30.610,3.304,700
2020-09-24 09:40:30.610,3.304,10000
2020-09-24 09:40:30.610,3.304,10000
2020-09-24 09:40:30.610,3.304,500
2020-09-24 09:40:30.610,3.304,50000
2020-09-24 09:40:30.610,3.304,8400
2020-09-24 09:40:30.710,3.305,3000
2020-09-24 09:40:30.890,3.305,10000
2020-09-24 09:40:32.150,3.305,2100
2020-09-24 09:40:32.680,3.304,1600
2020-09-24 09:40:32.680,3.304,1600
2020-09-24 09:40:32.680,3.304,3600
2020-09-24 09:40:32.680,3.304,100
2020-09-24 09:40:32.680,3.304,400
2020-09-24 09:40:32.680,3.304,2000
2020-09-24 09:40:32.680,3.304,600
2020-09-24 09:40:32.680,3.304,16000
2020-09-24 09:40:32.680,3.304,100
2020-09-24 09:40:32.680,3.304,5000
2020-09-24 09:40:32.680,3.304,20000
2020-09-24 09:40:32.680,3.304,100
2020-09-24 09:40:32.680,3.303,12900
2020-09-24 09:40:32.680,3.303,48000
2020-09-24 09:40:32.910,3.305,100
2020-09-24 09:40:33.560,3.304,11000
2020-09-24 09:40:33.590,3.304,300
2020-09-24 09:40:33.770,3.303,6900
2020-09-24 09:40:34.100,3.304,100
2020-09-24 09:40:34.160,3.304,10000
2020-09-24 09:40:35.330,3.304,300
2020-09-24 09:40:35.870,3.304,3000
2020-09-24 09:40:37.120,3.304,20000
2020-09-24 09:40:37.120,3.304,5100
2020-09-24 09:40:37.510,3.304,500
2020-09-24 09:40:38.010,3.304,8000
2020-09-24 09:40:39.420,3.303,2000
2020-09-24 09:40:40.630,3.304,5000
2020-09-24 09:40:40.800,3.304,1000
2020-09-24 09:40:40.800,3.303,8100
2020-09-24 09:40:41.020,3.304,10000
2020-09-24 09:40:43.370,3.303,1600
2020-09-24 09:40:43.630,3.304,2400
2020-09-24 09:40:43.740,3.304,500
2020-09-24 09:40:43.890,3.304,50000
2020-09-24 09:40:44.040,3.303,400
2020-09-24 09:40:44.100,3.304,1000
2020-09-24 09:40:44.130,3.303,1000
2020-09-24 09:40:44.770,3.304,1500
2020-09-24 09:40:45.440,3.303,10000
2020-09-24 09:40:45.850,3.304,1100
2020-09-24 09:40:45.880,3.303,82100
2020-09-24 09:40:45.880,3.303,17900
2020-09-24 09:40:45.970,3.303,16800
2020-09-24 09:40:46.560,3.304,1000
2020-09-24 09:40:47.240,3.304,5500
2020-09-24 09:40:47.620,3.304,2000
2020-09-24 09:40:47.690,3.304,1600
2020-09-24 09:40:48.680,3.303,3000
2020-09-24 09:40:49.050,3.304,100
2020-09-24 09:40:49.660,3.304,3000
2020-09-24 09:40:49.850,3.303,40000
2020-09-24 09:40:49.870,3.303,20000
2020-09-24 09:40:50.200,3.304,500
2020-09-24 09:40:50.750,3.304,50000
2020-09-24 09:40:51.060,3.304,1000
2020-09-24 09:40:51.060,3.304,10000
2020-09-24 09:40:51.850,3.304,2900
2020-09-24 09:40:52.460,3.303,2300
2020-09-24 09:40:52.460,3.303,10000
2020-09-24 09:40:52.460,3.303,5000
2020-09-24 09:40:52.460,3.303,1000
2020-09-24 09:40:52.460,3.303,300
2020-09-24 09:40:52.460,3.303,1000
2020-09-24 09:40:52.460,3.303,1000
2020-09-24 09:40:52.460,3.303,5000
2020-09-24 09:40:52.460,3.303,1000
2020-09-24 09:40:52.460,3.303,100
2020-09-24 09:40:52.460,3.303,5000
2020-09-24 09:40:52.460,3.303,1500
2020-09-24 09:40:52.460,3.303,6800
2020-09-24 09:40:53.900,3.303,3200
2020-09-24 09:40:53.900,3.303,16800
2020-09-24 09:40:54.290,3.303,2400
2020-09-24 09:40:54.660,3.303,800
2020-09-24 09:40:54.660,3.303,5000
2020-09-24 09:40:54.660,3.303,4000
2020-09-24 09:40:54.660,3.303,20000
2020-09-24 09:40:54.660,3.303,10000
2020-09-24 09:40:54.660,3.303,6200
2020-09-24 09:40:55.100,3.303,1800
2020-09-24 09:40:55.100,3.303,200
2020-09-24 09:40:55.760,3.303,3000
2020-09-24 09:40:55.850,3.303,40000
2020-09-24 09:40:56.000,3.303,256800
2020-09-24 09:40:56.000,3.303,1000
2020-09-24 09:40:56.000,3.303,9500
2020-09-24 09:40:56.000,3.303,32700
2020-09-24 09:40:56.170,3.303,1500
2020-09-24 09:40:56.590,3.303,15800
2020-09-24 09:40:56.590,3.303,5000
2020-09-24 09:40:56.590,3.303,30000
2020-09-24 09:40:56.590,3.303,6800
2020-09-24 09:40:56.610,3.304,2600
2020-09-24 09:40:56.610,3.304,1000
2020-09-24 09:40:57.080,3.303,3200
2020-09-24 09:40:57.080,3.303,1800
2020-09-24 09:40:57.670,3.303,5200
2020-09-24 09:40:57.670,3.304,400
2020-09-24 09:40:57.700,3.303,8000
2020-09-24 09:40:57.700,3.303,3300
2020-09-24 09:40:57.700,3.303,2000
2020-09-24 09:40:57.700,3.303,1000
2020-09-24 09:40:57.700,3.303,100
2020-09-24 09:40:57.700,3.303,25600
2020-09-24 09:40:58.620,3.303,24400
2020-09-24 09:40:58.620,3.303,5000
2020-09-24 09:40:58.680,3.304,3800
2020-09-24 09:40:58.850,3.304,5500
2020-09-24 09:41:01.610,3.303,20000
2020-09-24 09:41:01.770,3.304,100
2020-09-24 09:41:01.840,3.303,5000
2020-09-24 09:41:01.840,3.303,500
2020-09-24 09:41:01.840,3.303,9400
2020-09-24 09:41:01.900,3.304,4000
2020-09-24 09:41:01.960,3.303,600
2020-09-24 09:41:01.960,3.303,500
2020-09-24 09:41:01.960,3.303,5000
2020-09-24 09:41:01.960,3.303,1900
2020-09-24 09:41:02.560,3.304,600
2020-09-24 09:41:03.370,3.303,6300
2020-09-24 09:41:04.570,3.303,100
2020-09-24 09:41:04.800,3.304,300
2020-09-24 09:41:05.170,3.304,28800
2020-09-24 09:41:05.950,3.304,300
2020-09-24 09:41:07.820,3.304,200
2020-09-24 09:41:07.850,3.304,500
2020-09-24 09:41:08.040,3.303,1700
2020-09-24 09:41:08.040,3.303,300
2020-09-24 09:41:08.820,3.304,42300
2020-09-24 09:41:09.320,3.304,500
2020-09-24 09:41:11.240,3.304,67300
2020-09-24 09:41:11.240,3.304,3100
2020-09-24 09:41:11.240,3.304,10000
2020-09-24 09:41:11.240,3.304,208000
2020-09-24 09:41:12.110,3.304,500
2020-09-24 09:41:12.660,3.304,1000
2020-09-24 09:41:13.190,3.304,200
2020-09-24 09:41:15.180,3.303,3200
2020-09-24 09:41:15.310,3.303,1500
2020-09-24 09:41:15.310,3.303,1500
2020-09-24 09:41:15.920,3.303,4000
2020-09-24 09:41:16.530,3.304,10000
2020-09-24 09:41:17.000,3.303,14500
2020-09-24 09:41:17.000,3.303,10000
2020-09-24 09:41:17.000,3.303,1000
2020-09-24 09:41:17.000,3.303,500
2020-09-24 09:41:17.000,3.303,1000
2020-09-24 09:41:17.000,3.303,40000
2020-09-24 09:41:19.230,3.303,700
2020-09-24 09:41:19.290,3.303,9300
2020-09-24 09:41:19.290,3.303,2000
2020-09-24 09:41:19.290,3.303,700
2020-09-24 09:41:20.370,3.303,1000
2020-09-24 09:41:20.370,3.304,10000
2020-09-24 09:41:21.670,3.304,10000
2020-09-24 09:41:22.580,3.303,9500
2020-09-24 09:41:22.760,3.304,10000
2020-09-24 09:41:23.290,3.304,5000
2020-09-24 09:41:23.920,3.304,500
2020-09-24 09:41:24.290,3.303,2100
2020-09-24 09:41:27.230,3.304,5000
2020-09-24 09:41:27.930,3.304,20000
2020-09-24 09:41:29.400,3.304,50000
2020-09-24 09:41:29.860,3.304,1500
2020-09-24 09:41:30.550,3.303,200
2020-09-24 09:41:31.290,3.304,300
2020-09-24 09:41:31.730,3.304,1500
2020-09-24 09:41:31.840,3.304,30000
2020-09-24 09:41:33.470,3.303,6500
2020-09-24 09:41:33.470,3.303,1000
2020-09-24 09:41:33.470,3.303,10000
2020-09-24 09:41:33.470,3.303,1000
2020-09-24 09:41:33.470,3.303,1000
2020-09-24 09:41:33.470,3.303,1600
2020-09-24 09:41:33.930,3.303,1500
2020-09-24 09:41:33.930,3.303,3500
2020-09-24 09:41:34.650,3.303,16500
2020-09-24 09:41:34.650,3.303,8000
2020-09-24 09:41:34.650,3.303,10000
2020-09-24 09:41:34.650,3.303,50000
2020-09-24 09:41:34.650,3.303,200
2020-09-24 09:41:34.650,3.303,98600
2020-09-24 09:41:35.960,3.303,1400
2020-09-24 09:41:35.960,3.303,8600
2020-09-24 09:41:36.720,3.304,20000
2020-09-24 09:41:37.320,3.304,300
2020-09-24 09:41:38.060,3.303,6000
2020-09-24 09:41:38.330,3.303,1000
2020-09-24 09:41:38.480,3.303,14400
2020-09-24 09:41:38.480,3.303,5000
2020-09-24 09:41:38.480,3.303,10000
2020-09-24 09:41:38.480,3.303,30000
2020-09-24 09:41:38.480,3.303,5000
2020-09-24 09:41:38.480,3.303,1500
2020-09-24 09:41:38.480,3.303,2700
2020-09-24 09:41:38.480,3.303,5000
2020-09-24 09:41:38.480,3.303,2000
2020-09-24 09:41:38.480,3.303,1000
2020-09-24 09:41:38.480,3.303,6100
2020-09-24 09:41:38.480,3.303,5000
2020-09-24 09:41:38.480,3.303,10000
2020-09-24 09:41:38.480,3.303,800
2020-09-24 09:41:38.480,3.303,300
2020-09-24 09:41:38.480,3.303,500
2020-09-24 09:41:38.480,3.303,300
2020-09-24 09:41:38.480,3.303,5000
2020-09-24 09:41:38.480,3.303,500
2020-09-24 09:41:38.480,3.303,5000
2020-09-24 09:41:38.480,3.303,700
2020-09-24 09:41:38.480,3.303,3000
2020-09-24 09:41:38.480,3.303,10000
2020-09-24 09:41:38.480,3.303,100
2020-09-24 09:41:38.480,3.303,4000
2020-09-24 09:41:38.480,3.303,1000
2020-09-24 09:41:38.480,3.303,50000
2020-09-24 09:41:38.480,3.303,6000
2020-09-24 09:41:38.480,3.303,1000
2020-09-24 09:41:38.480,3.303,400
2020-09-24 09:41:38.480,3.303,20000
2020-09-24 09:41:38.480,3.303,8000
2020-09-24 09:41:38.480,3.303,100
2020-09-24 09:41:38.480,3.303,100
2020-09-24 09:41:38.480,3.303,400
2020-09-24 09:41:38.480,3.303,30000
2020-09-24 09:41:38.480,3.303,2000
2020-09-24 09:41:38.480,3.303,200
2020-09-24 09:41:38.480,3.303,3000
2020-09-24 09:41:38.480,3.303,1000
2020-09-24 09:41:38.480,3.303,10000
2020-09-24 09:41:38.480,3.303,2800
2020-09-24 09:41:38.480,3.303,1000
2020-09-24 09:41:38.480,3.303,500
2020-09-24 09:41:38.480,3.303,5000
2020-09-24 09:41:38.480,3.303,4000
2020-09-24 09:41:38.480,3.303,1000
2020-09-24 09:41:38.480,3.303,100
2020-09-24 09:41:38.480,3.303,100
2020-09-24 09:41:38.480,3.303,1000
2020-09-24 09:41:38.480,3.303,10000
2020-09-24 09:41:38.480,3.303,1000
2020-09-24 09:41:38.480,3.303,1000
2020-09-24 09:41:38.480,3.303,5900
2020-09-24 09:41:38.480,3.303,2000
2020-09-24 09:41:38.480,3.303,100
2020-09-24 09:41:38.480,3.303,200
2020-09-24 09:41:38.480,3.303,300
2020-09-24 09:41:38.480,3.303,2000
2020-09-24 09:41:38.480,3.303,147200
2020-09-24 09:41:38.480,3.303,200
2020-09-24 09:41:38.480,3.303,30000
2020-09-24 09:41:38.480,3.303,5000
2020-09-24 09:41:38.480,3.303,6000
2020-09-24 09:41:38.480,3.303,10000
2020-09-24 09:41:38.480,3.303,68000
2020-09-24 09:41:38.480,3.303,800
2020-09-24 09:41:38.480,3.303,5000
2020-09-24 09:41:38.480,3.303,3000
2020-09-24 09:41:38.480,3.303,2000
2020-09-24 09:41:38.480,3.303,600
2020-09-24 09:41:38.480,3.303,50000
2020-09-24 09:41:38.480,3.303,200
2020-09-24 09:41:39.280,3.303,200
2020-09-24 09:41:40.140,3.303,2000
2020-09-24 09:41:40.170,3.303,500
2020-09-24 09:41:40.910,3.303,30000
2020-09-24 09:41:41.350,3.303,700
2020-09-24 09:41:42.020,3.303,5000
2020-09-24 09:41:42.190,3.303,6000
2020-09-24 09:41:42.630,3.303,300000
2020-09-24 09:41:43.850,3.303,10000
2020-09-24 09:41:44.120,3.303,700
2020-09-24 09:41:44.970,3.303,5000
2020-09-24 09:41:45.030,3.303,12800
2020-09-24 09:41:45.030,3.303,26700
2020-09-24 09:41:45.060,3.303,500
2020-09-24 09:41:45.640,3.303,800
2020-09-24 09:41:45.860,3.303,2000
2020-09-24 09:41:45.860,3.303,2000
2020-09-24 09:41:45.860,3.303,700
2020-09-24 09:41:45.860,3.303,5300
2020-09-24 09:41:45.890,3.303,400
2020-09-24 09:41:46.030,3.302,200
2020-09-24 09:41:46.030,3.302,3000
2020-09-24 09:41:46.030,3.302,5100
2020-09-24 09:41:46.030,3.302,200
2020-09-24 09:41:46.030,3.302,500
2020-09-24 09:41:46.030,3.302,100
2020-09-24 09:41:46.030,3.302,100
2020-09-24 09:41:46.030,3.302,100
2020-09-24 09:41:46.030,3.302,700
2020-09-24 09:41:46.330,3.303,500
2020-09-24 09:41:47.100,3.303,100
2020-09-24 09:41:47.100,3.303,1800
2020-09-24 09:41:48.180,3.304,7000
2020-09-24 09:41:49.160,3.303,500
2020-09-24 09:41:49.280,3.303,300
2020-09-24 09:41:49.280,3.304,6000
2020-09-24 09:41:51.560,3.303,2300
2020-09-24 09:41:51.560,3.303,200
2020-09-24 09:41:51.560,3.303,6400
2020-09-24 09:41:51.560,3.303,15000
2020-09-24 09:41:51.560,3.303,600
2020-09-24 09:41:51.560,3.303,5000
2020-09-24 09:41:51.560,3.303,1000
2020-09-24 09:41:51.560,3.302,9300
2020-09-24 09:41:51.560,3.302,10200
2020-09-24 09:41:51.940,3.304,3000
2020-09-24 09:41:52.420,3.303,5000
2020-09-24 09:41:52.420,3.303,5000
2020-09-24 09:41:53.280,3.303,59700
2020-09-24 09:41:54.260,3.303,5000
2020-09-24 09:41:54.320,3.303,1000
2020-09-24 09:41:54.600,3.303,1000
2020-09-24 09:41:54.990,3.303,31300
2020-09-24 09:41:55.200,3.303,2200
2020-09-24 09:41:57.370,3.304,1000
2020-09-24 09:41:58.080,3.303,300
2020-09-24 09:41:58.560,3.304,10000
2020-09-24 09:41:59.810,3.304,87400
2020-09-24 09:42:00.750,3.303,5000
2020-09-24 09:42:00.750,3.303,500
2020-09-24 09:42:00.750,3.303,2000
2020-09-24 09:42:00.750,3.303,17500
2020-09-24 09:42:01.090,3.304,6000
2020-09-24 09:42:02.800,3.304,20000
2020-09-24 09:42:03.300,3.304,1000
2020-09-24 09:42:03.600,3.304,900
2020-09-24 09:42:06.710,3.304,300
2020-09-24 09:42:06.770,3.304,1000
2020-09-24 09:42:07.510,3.304,200
2020-09-24 09:42:09.790,3.304,10000
2020-09-24 09:42:11.450,3.304,5000
2020-09-24 09:42:11.810,3.303,2500
2020-09-24 09:42:11.810,3.303,2500
2020-09-24 09:42:11.910,3.303,500
2020-09-24 09:42:11.910,3.303,100
2020-09-24 09:42:11.910,3.303,5000
2020-09-24 09:42:11.910,3.303,10000
2020-09-24 09:42:11.910,3.303,3200
2020-09-24 09:42:11.910,3.303,10000
2020-09-24 09:42:11.910,3.303,5000
2020-09-24 09:42:11.910,3.303,1000
2020-09-24 09:42:11.910,3.303,3800
2020-09-24 09:42:11.910,3.303,30000
2020-09-24 09:42:11.910,3.303,5000
2020-09-24 09:42:11.910,3.303,10000
2020-09-24 09:42:11.910,3.303,5000
2020-09-24 09:42:11.910,3.303,500
2020-09-24 09:42:11.910,3.303,100
2020-09-24 09:42:11.910,3.303,1000
2020-09-24 09:42:11.910,3.303,5000
2020-09-24 09:42:12.150,3.303,53900
2020-09-24 09:42:12.150,3.303,15000
2020-09-24 09:42:12.150,3.303,1000
2020-09-24 09:42:12.920,3.304,2500
2020-09-24 09:42:13.640,3.304,500
2020-09-24 09:42:14.660,3.304,200
2020-09-24 09:42:15.060,3.304,200
2020-09-24 09:42:18.120,3.304,500
2020-09-24 09:42:18.880,3.304,15000
2020-09-24 09:42:19.700,3.304,10000
2020-09-24 09:42:21.230,3.304,2000
2020-09-24 09:42:23.250,3.304,3000
2020-09-24 09:42:23.680,3.304,30000
2020-09-24 09:42:25.750,3.303,5900
2020-09-24 09:42:26.020,3.304,500
2020-09-24 09:42:26.290,3.304,5000
2020-09-24 09:42:26.780,3.303,40000
2020-09-24 09:42:28.980,3.304,200
2020-09-24 09:42:29.510,3.304,3900
2020-09-24 09:42:29.830,3.303,40000
2020-09-24 09:42:30.370,3.303,200
2020-09-24 09:42:31.290,3.304,100
2020-09-24 09:42:32.130,3.304,10200
2020-09-24 09:42:32.400,3.303,40000
2020-09-24 09:42:32.430,3.304,373600
2020-09-24 09:42:32.430,3.304,4400
2020-09-24 09:42:32.430,3.304,2500
2020-09-24 09:42:32.430,3.304,2400
2020-09-24 09:42:32.430,3.304,9000
2020-09-24 09:42:32.430,3.304,60000
2020-09-24 09:42:32.430,3.304,48100
2020-09-24 09:42:33.870,3.304,300
2020-09-24 09:42:34.160,3.303,100
2020-09-24 09:42:34.970,3.303,303900
2020-09-24 09:42:34.970,3.303,10000
2020-09-24 09:42:34.970,3.303,2500
2020-09-24 09:42:34.970,3.303,1000
2020-09-24 09:42:34.970,3.303,10000
2020-09-24 09:42:34.970,3.303,10000
2020-09-24 09:42:34.970,3.303,400
2020-09-24 09:42:34.970,3.303,10000
2020-09-24 09:42:34.970,3.303,5100
2020-09-24 09:42:35.570,3.304,11600
2020-09-24 09:42:35.570,3.304,28900
2020-09-24 09:42:35.890,3.304,4000
2020-09-24 09:42:38.410,3.303,24900
2020-09-24 09:42:38.410,3.303,1500
2020-09-24 09:42:38.410,3.303,1000
2020-09-24 09:42:38.410,3.303,4000
2020-09-24 09:42:38.410,3.303,3000
2020-09-24 09:42:38.410,3.303,3000
2020-09-24 09:42:38.410,3.303,2600
2020-09-24 09:42:38.440,3.304,7100
2020-09-24 09:42:38.440,3.304,2900
2020-09-24 09:42:38.600,3.304,500
2020-09-24 09:42:38.950,3.304,1000
2020-09-24 09:42:41.060,3.303,400
2020-09-24 09:42:41.060,3.303,300
2020-09-24 09:42:41.060,3.303,2800
2020-09-24 09:42:41.120,3.303,7200
2020-09-24 09:42:41.120,3.303,2800
2020-09-24 09:42:42.470,3.304,24500
2020-09-24 09:42:42.470,3.304,2100
2020-09-24 09:42:42.470,3.304,20000
2020-09-24 09:42:42.470,3.304,300000
2020-09-24 09:42:42.470,3.304,60000
2020-09-24 09:42:42.470,3.304,93400
2020-09-24 09:42:43.800,3.304,10000
2020-09-24 09:42:44.160,3.304,10000
2020-09-24 09:42:45.500,3.303,500
2020-09-24 09:42:47.780,3.303,9600
2020-09-24 09:42:48.290,3.303,4000
2020-09-24 09:42:49.760,3.304,500
2020-09-24 09:42:49.760,3.304,9500
2020-09-24 09:42:49.790,3.304,2200
2020-09-24 09:42:50.380,3.304,5000
2020-09-24 09:42:51.360,3.304,100
2020-09-24 09:42:52.390,3.304,300
2020-09-24 09:42:52.860,3.304,2000
2020-09-24 09:42:53.420,3.304,500
2020-09-24 09:42:53.550,3.304,500
2020-09-24 09:42:53.800,3.303,300
2020-09-24 09:42:54.570,3.303,22800
2020-09-24 09:42:54.570,3.303,6000
2020-09-24 09:42:54.570,3.303,2000
2020-09-24 09:42:54.570,3.303,5000
2020-09-24 09:42:54.570,3.303,10000
2020-09-24 09:42:54.570,3.303,1500
2020-09-24 09:42:54.570,3.303,8000
2020-09-24 09:42:54.570,3.303,2000
2020-09-24 09:42:54.570,3.303,1000
2020-09-24 09:42:54.570,3.303,100
2020-09-24 09:42:54.570,3.303,4100
2020-09-24 09:42:54.570,3.303,12900
2020-09-24 09:42:54.570,3.303,6300
2020-09-24 09:42:54.570,3.303,15900
2020-09-24 09:42:54.570,3.303,13800
2020-09-24 09:42:54.570,3.303,38100
2020-09-24 09:42:54.570,3.303,35100
2020-09-24 09:42:54.570,3.303,20000
2020-09-24 09:42:54.570,3.303,100
2020-09-24 09:42:54.570,3.303,500
2020-09-24 09:42:54.570,3.303,3000
2020-09-24 09:42:54.570,3.303,5000
2020-09-24 09:42:54.570,3.303,600
2020-09-24 09:42:54.570,3.303,10000
2020-09-24 09:42:54.570,3.303,15000
2020-09-24 09:42:54.570,3.303,6000
2020-09-24 09:42:54.570,3.303,4000
2020-09-24 09:42:54.570,3.303,1000
2020-09-24 09:42:54.570,3.303,1000
2020-09-24 09:42:54.570,3.303,3000
2020-09-24 09:42:54.570,3.303,10000
2020-09-24 09:42:55.920,3.303,100
2020-09-24 09:42:55.950,3.303,2000
2020-09-24 09:42:56.370,3.303,100
2020-09-24 09:42:56.500,3.303,600
2020-09-24 09:42:57.200,3.303,2500
2020-09-24 09:42:57.830,3.303,400
2020-09-24 09:42:58.510,3.303,2000
2020-09-24 09:42:58.780,3.303,189900
2020-09-24 09:42:59.270,3.303,300
2020-09-24 09:42:59.940,3.303,97000
2020-09-24 09:43:00.120,3.303,1000
2020-09-24 09:43:00.490,3.303,12200
2020-09-24 09:43:02.040,3.303,10000
2020-09-24 09:43:02.400,3.303,10000
2020-09-24 09:43:02.480,3.303,5000
2020-09-24 09:43:05.210,3.303,1000
2020-09-24 09:43:05.530,3.303,2000
2020-09-24 09:43:05.710,3.303,100
2020-09-24 09:43:07.060,3.303,2000
2020-09-24 09:43:07.300,3.303,3000
2020-09-24 09:43:11.440,3.303,1000
2020-09-24 09:43:11.930,3.303,10000
2020-09-24 09:43:12.080,3.302,300
2020-09-24 09:43:12.080,3.302,2500
2020-09-24 09:43:12.080,3.302,100
2020-09-24 09:43:12.780,3.302,6000
2020-09-24 09:43:15.220,3.303,1000
2020-09-24 09:43:15.950,3.303,300
2020-09-24 09:43:16.190,3.303,5000
2020-09-24 09:43:16.190,3.302,300
2020-09-24 09:43:16.190,3.303,900
2020-09-24 09:43:16.240,3.303,10000
2020-09-24 09:43:16.640,3.303,500
2020-09-24 09:43:16.640,3.303,4000
2020-09-24 09:43:16.920,3.303,47300
2020-09-24 09:43:17.550,3.303,20000
2020-09-24 09:43:18.370,3.303,5000
2020-09-24 09:43:20.020,3.303,3500
2020-09-24 09:43:20.490,3.303,100
2020-09-24 09:43:21.070,3.303,1000
2020-09-24 09:43:21.400,3.303,10000
2020-09-24 09:43:21.740,3.302,4600
2020-09-24 09:43:21.960,3.302,500
2020-09-24 09:43:22.200,3.303,27300
2020-09-24 09:43:22.580,3.302,2100
2020-09-24 09:43:23.190,3.302,16600
2020-09-24 09:43:23.370,3.303,100
2020-09-24 09:43:25.410,3.302,19800
2020-09-24 09:43:25.410,3.302,200
2020-09-24 09:43:25.500,3.302,1200
2020-09-24 09:43:26.540,3.303,200
2020-09-24 09:43:27.000,3.303,900
2020-09-24 09:43:27.090,3.303,3000
2020-09-24 09:43:27.210,3.303,200
2020-09-24 09:43:28.100,3.303,200
2020-09-24 09:43:28.450,3.303,500
2020-09-24 09:43:28.600,3.303,10000
2020-09-24 09:43:28.650,3.302,600
2020-09-24 09:43:28.650,3.302,10000
2020-09-24 09:43:28.650,3.302,10000
2020-09-24 09:43:28.650,3.302,500
2020-09-24 09:43:28.650,3.302,2400
2020-09-24 09:43:29.190,3.303,10000
2020-09-24 09:43:29.430,3.302,2600
2020-09-24 09:43:29.430,3.302,2000
2020-09-24 09:43:30.350,3.303,1500
2020-09-24 09:43:30.470,3.303,10000
2020-09-24 09:43:31.380,3.303,100
2020-09-24 09:43:31.560,3.302,1900
2020-09-24 09:43:31.590,3.302,6400
2020-09-24 09:43:32.310,3.303,1000
2020-09-24 09:43:32.740,3.302,2600
2020-09-24 09:43:33.760,3.303,3000
2020-09-24 09:43:34.410,3.302,17100
2020-09-24 09:43:34.410,3.302,2900
2020-09-24 09:43:34.850,3.303,78500
2020-09-24 09:43:35.130,3.303,300
2020-09-24 09:43:35.430,3.303,10000
2020-09-24 09:43:35.430,3.302,2100
2020-09-24 09:43:35.430,3.302,200
2020-09-24 09:43:35.430,3.302,10000
2020-09-24 09:43:35.430,3.302,3300
2020-09-24 09:43:35.430,3.302,1000
2020-09-24 09:43:35.430,3.302,10000
2020-09-24 09:43:35.430,3.302,3100
2020-09-24 09:43:35.430,3.302,5800
2020-09-24 09:43:35.430,3.302,100
2020-09-24 09:43:35.430,3.302,2000
2020-09-24 09:43:35.430,3.302,2400
2020-09-24 09:43:36.090,3.302,1000
2020-09-24 09:43:36.310,3.303,14000
2020-09-24 09:43:36.400,3.302,1600
2020-09-24 09:43:36.400,3.302,1000
2020-09-24 09:43:36.400,3.302,3000
2020-09-24 09:43:36.400,3.302,5000
2020-09-24 09:43:36.400,3.302,1000
2020-09-24 09:43:36.400,3.302,100
2020-09-24 09:43:36.400,3.302,1500
2020-09-24 09:43:36.400,3.302,200
2020-09-24 09:43:36.400,3.302,200
2020-09-24 09:43:36.400,3.302,1000
2020-09-24 09:43:36.400,3.302,5400
2020-09-24 09:43:36.430,3.302,10100
2020-09-24 09:43:36.430,3.302,200
2020-09-24 09:43:36.430,3.302,5000
2020-09-24 09:43:36.430,3.302,5000
2020-09-24 09:43:36.430,3.302,200
2020-09-24 09:43:36.430,3.302,1000
2020-09-24 09:43:36.430,3.302,18500
2020-09-24 09:43:36.880,3.302,20000
2020-09-24 09:43:37.270,3.302,109100
2020-09-24 09:43:37.820,3.302,10000
2020-09-24 09:43:38.420,3.303,200
2020-09-24 09:43:38.420,3.302,20000
2020-09-24 09:43:38.420,3.302,40000
2020-09-24 09:43:38.570,3.303,2500
2020-09-24 09:43:38.570,3.302,38400
2020-09-24 09:43:38.570,3.302,3000
2020-09-24 09:43:38.570,3.302,1500
2020-09-24 09:43:38.570,3.302,200
2020-09-24 09:43:38.570,3.302,100
2020-09-24 09:43:38.570,3.302,5000
2020-09-24 09:43:38.570,3.302,5000
2020-09-24 09:43:38.570,3.302,300
2020-09-24 09:43:38.570,3.302,3200
2020-09-24 09:43:38.570,3.302,10000
2020-09-24 09:43:38.570,3.302,10000
2020-09-24 09:43:38.570,3.302,1000
2020-09-24 09:43:38.570,3.302,20000
2020-09-24 09:43:38.570,3.302,30000
2020-09-24 09:43:38.570,3.302,3000
2020-09-24 09:43:38.570,3.302,2000
2020-09-24 09:43:38.570,3.302,20000
2020-09-24 09:43:38.570,3.302,1000
2020-09-24 09:43:38.570,3.302,2000
2020-09-24 09:43:38.570,3.302,1000
2020-09-24 09:43:38.570,3.302,5000
2020-09-24 09:43:38.570,3.302,10000
2020-09-24 09:43:38.570,3.302,100
2020-09-24 09:43:38.570,3.302,1800
2020-09-24 09:43:38.570,3.302,9800
2020-09-24 09:43:39.420,3.302,10200
2020-09-24 09:43:39.420,3.302,2000
2020-09-24 09:43:39.420,3.302,400
2020-09-24 09:43:39.420,3.302,3000
2020-09-24 09:43:39.420,3.302,600
2020-09-24 09:43:39.420,3.302,2000
2020-09-24 09:43:39.420,3.302,100
2020-09-24 09:43:39.420,3.302,500
2020-09-24 09:43:39.420,3.302,1000
2020-09-24 09:43:39.420,3.302,200
2020-09-24 09:43:39.440,3.302,9800
2020-09-24 09:43:39.440,3.302,5000
2020-09-24 09:43:39.440,3.302,2000
2020-09-24 09:43:39.440,3.302,10000
2020-09-24 09:43:39.440,3.302,2000
2020-09-24 09:43:39.440,3.302,1400
2020-09-24 09:43:39.440,3.302,5000
2020-09-24 09:43:39.440,3.302,3000
2020-09-24 09:43:39.440,3.302,100
2020-09-24 09:43:39.440,3.302,1000
2020-09-24 09:43:39.440,3.302,700
2020-09-24 09:43:40.000,3.302,9300
2020-09-24 09:43:40.000,3.302,500
2020-09-24 09:43:40.000,3.302,10000
2020-09-24 09:43:40.000,3.302,1100
2020-09-24 09:43:40.000,3.302,5000
2020-09-24 09:43:40.000,3.302,3000
2020-09-24 09:43:40.000,3.302,10000
2020-09-24 09:43:40.000,3.302,3000
2020-09-24 09:43:40.000,3.302,10000
2020-09-24 09:43:40.000,3.302,3100
2020-09-24 09:43:40.000,3.302,1500
2020-09-24 09:43:40.000,3.302,600
2020-09-24 09:43:40.000,3.302,1000
2020-09-24 09:43:40.000,3.302,3000
2020-09-24 09:43:40.000,3.302,3000
2020-09-24 09:43:40.000,3.302,6000
2020-09-24 09:43:40.000,3.302,600
2020-09-24 09:43:40.000,3.302,10000
2020-09-24 09:43:40.000,3.302,200
2020-09-24 09:43:40.000,3.302,64400
2020-09-24 09:43:40.000,3.302,2000
2020-09-24 09:43:40.000,3.302,1000
2020-09-24 09:43:40.000,3.302,2000
2020-09-24 09:43:40.000,3.302,300
2020-09-24 09:43:40.000,3.302,1000
2020-09-24 09:43:40.000,3.302,100
2020-09-24 09:43:40.000,3.302,300
2020-09-24 09:43:40.000,3.302,200
2020-09-24 09:43:40.000,3.302,100000
2020-09-24 09:43:40.000,3.302,8400
2020-09-24 09:43:40.000,3.302,100
2020-09-24 09:43:40.000,3.302,100
2020-09-24 09:43:40.000,3.301,39200
2020-09-24 09:43:40.340,3.303,1000
2020-09-24 09:43:40.460,3.302,900
2020-09-24 09:43:40.690,3.302,3000
2020-09-24 09:43:41.090,3.301,30000
2020-09-24 09:43:41.150,3.302,100
2020-09-24 09:43:41.440,3.302,2000
2020-09-24 09:43:41.500,3.301,40000
2020-09-24 09:43:42.010,3.301,20000
2020-09-24 09:43:42.410,3.301,20000
2020-09-24 09:43:42.410,3.301,40000
2020-09-24 09:43:43.080,3.302,1000
2020-09-24 09:43:43.470,3.302,10000
2020-09-24 09:43:43.470,3.302,10000
2020-09-24 09:43:43.560,3.302,2000
2020-09-24 09:43:44.330,3.302,99200
2020-09-24 09:43:45.360,3.302,100
2020-09-24 09:43:45.660,3.302,300
2020-09-24 09:43:47.640,3.302,100
2020-09-24 09:43:47.640,3.302,1000
2020-09-24 09:43:47.870,3.302,100
2020-09-24 09:43:47.990,3.302,1000
2020-09-24 09:43:48.440,3.302,800
2020-09-24 09:43:48.440,3.302,4200
2020-09-24 09:43:52.110,3.302,2000
2020-09-24 09:43:52.410,3.302,3000
2020-09-24 09:43:52.780,3.302,300
2020-09-24 09:43:52.810,3.302,11000
2020-09-24 09:43:53.570,3.302,2000
2020-09-24 09:43:54.180,3.302,1000
2020-09-24 09:43:54.970,3.302,5000
2020-09-24 09:43:55.290,3.302,58300
2020-09-24 09:43:55.290,3.302,30000
2020-09-24 09:43:55.290,3.302,3000
2020-09-24 09:43:55.550,3.302,2000
2020-09-24 09:43:56.330,3.302,29100
2020-09-24 09:43:57.320,3.301,1000
2020-09-24 09:43:57.450,3.302,100
2020-09-24 09:43:57.840,3.302,7300
2020-09-24 09:43:57.960,3.302,100
2020-09-24 09:43:59.430,3.302,10000
2020-09-24 09:44:01.820,3.302,10000
2020-09-24 09:44:01.850,3.302,2000
2020-09-24 09:44:02.400,3.302,10000
2020-09-24 09:44:03.420,3.301,9800
