Datetime,Price,Volume
2020-09-24 09:25:00.660,4.685,2000
2020-09-24 09:25:00.660,4.685,200
2020-09-24 09:25:00.660,4.685,5800
2020-09-24 09:25:00.660,4.685,300
2020-09-24 09:25:00.660,4.685,15000
2020-09-24 09:25:00.660,4.685,10000
2020-09-24 09:25:00.660,4.685,500
2020-09-24 09:25:00.660,4.685,400
2020-09-24 09:25:00.660,4.685,100
2020-09-24 09:25:00.660,4.685,10000
2020-09-24 09:25:00.660,4.685,14700
2020-09-24 09:25:00.660,4.685,6000
2020-09-24 09:25:00.660,4.685,4300
2020-09-24 09:25:00.660,4.685,800
2020-09-24 09:25:00.660,4.685,5000
2020-09-24 09:25:00.660,4.685,600
2020-09-24 09:25:00.660,4.685,200
2020-09-24 09:25:00.660,4.685,100
2020-09-24 09:25:00.660,4.685,100
2020-09-24 09:25:00.660,4.685,100
2020-09-24 09:25:00.660,4.685,200
2020-09-24 09:25:00.660,4.685,500
2020-09-24 09:25:00.660,4.685,200
2020-09-24 09:25:00.660,4.685,100
2020-09-24 09:25:00.660,4.685,200
2020-09-24 09:25:00.660,4.685,200
2020-09-24 09:25:00.660,4.685,100
2020-09-24 09:25:00.660,4.685,200
2020-09-24 09:25:00.660,4.685,100
2020-09-24 09:25:00.660,4.685,200
2020-09-24 09:25:00.660,4.685,2200
2020-09-24 09:25:00.660,4.685,100
2020-09-24 09:25:00.660,4.685,100
2020-09-24 09:25:00.660,4.685,400
2020-09-24 09:25:00.660,4.685,200
2020-09-24 09:25:00.660,4.685,100
2020-09-24 09:25:00.660,4.685,100
2020-09-24 09:25:00.660,4.685,100
2020-09-24 09:25:00.660,4.685,100
2020-09-24 09:25:00.660,4.685,100
2020-09-24 09:25:00.660,4.685,100
2020-09-24 09:25:00.660,4.685,200
2020-09-24 09:25:00.660,4.685,200
2020-09-24 09:25:00.660,4.685,500
2020-09-24 09:25:00.660,4.685,100
2020-09-24 09:25:00.660,4.685,1100
2020-09-24 09:25:00.660,4.685,100
2020-09-24 09:25:00.660,4.685,100
2020-09-24 09:25:00.660,4.685,100
2020-09-24 09:25:00.660,4.685,100
2020-09-24 09:25:00.660,4.685,200
2020-09-24 09:25:00.660,4.685,100
2020-09-24 09:25:00.660,4.685,800
2020-09-24 09:25:00.660,4.685,300
2020-09-24 09:25:00.660,4.685,200
2020-09-24 09:25:00.660,4.685,200
2020-09-24 09:25:00.660,4.685,100
2020-09-24 09:25:00.660,4.685,100
2020-09-24 09:25:00.660,4.685,100
2020-09-24 09:25:00.660,4.685,100
2020-09-24 09:25:00.660,4.685,100
2020-09-24 09:25:00.660,4.685,100
2020-09-24 09:25:00.660,4.685,100
2020-09-24 09:25:00.660,4.685,100
2020-09-24 09:25:00.660,4.685,200
2020-09-24 09:25:00.660,4.685,100
2020-09-24 09:25:00.660,4.685,500
2020-09-24 09:25:00.660,4.685,6600
2020-09-24 09:25:00.660,4.685,100
2020-09-24 09:25:00.660,4.685,8300
2020-09-24 09:25:00.660,4.685,30000
2020-09-24 09:25:00.660,4.685,3600
2020-09-24 09:25:00.660,4.685,800
2020-09-24 09:25:00.660,4.685,5600
2020-09-24 09:25:00.660,4.685,100
2020-09-24 09:25:00.660,4.685,200
2020-09-24 09:25:00.660,4.685,600
2020-09-24 09:25:00.660,4.685,200
2020-09-24 09:25:00.660,4.685,100
2020-09-24 09:25:00.660,4.685,100
2020-09-24 09:25:00.660,4.685,200
2020-09-24 09:25:00.660,4.685,1000
2020-09-24 09:25:00.660,4.685,100
2020-09-24 09:25:00.660,4.685,100
2020-09-24 09:25:00.660,4.685,15000
2020-09-24 09:25:00.660,4.685,15000
2020-09-24 09:25:00.660,4.685,2500
2020-09-24 09:25:00.660,4.685,2500
2020-09-24 09:25:00.660,4.685,200
2020-09-24 09:25:00.660,4.685,100
2020-09-24 09:25:00.660,4.685,100
2020-09-24 09:25:00.660,4.685,600
2020-09-24 09:25:00.660,4.685,200
2020-09-24 09:25:00.660,4.685,100
2020-09-24 09:25:00.660,4.685,1000
2020-09-24 09:25:00.660,4.685,100
2020-09-24 09:25:00.660,4.685,2500
2020-09-24 09:25:00.660,4.685,700
2020-09-24 09:25:00.660,4.685,100
2020-09-24 09:25:00.660,4.685,100
2020-09-24 09:25:00.660,4.685,200
2020-09-24 09:25:00.660,4.685,1000
2020-09-24 09:25:00.660,4.685,3000
2020-09-24 09:25:00.660,4.685,8900
2020-09-24 09:25:00.660,4.685,100
2020-09-24 09:25:00.660,4.685,800
2020-09-24 09:25:00.660,4.685,2000
2020-09-24 09:25:00.660,4.685,1000
2020-09-24 09:25:00.660,4.685,3000
2020-09-24 09:25:00.660,4.685,100
2020-09-24 09:25:00.660,4.685,5800
2020-09-24 09:25:00.660,4.685,6000
2020-09-24 09:25:00.660,4.685,500
2020-09-24 09:25:00.660,4.685,2500
2020-09-24 09:25:00.660,4.685,2500
2020-09-24 09:25:00.660,4.685,2000
2020-09-24 09:25:00.660,4.685,1000
2020-09-24 09:25:00.660,4.685,200
2020-09-24 09:25:00.660,4.685,10000
2020-09-24 09:25:00.660,4.685,300
2020-09-24 09:25:00.660,4.685,500
2020-09-24 09:25:00.660,4.685,2500
2020-09-24 09:25:00.660,4.685,100
2020-09-24 09:25:00.660,4.685,100
2020-09-24 09:25:00.660,4.685,2000
2020-09-24 09:25:00.660,4.685,100
2020-09-24 09:25:00.660,4.685,300
2020-09-24 09:25:00.660,4.685,100
2020-09-24 09:25:00.660,4.685,100
2020-09-24 09:25:00.660,4.685,700
2020-09-24 09:25:00.660,4.685,2300
2020-09-24 09:25:00.660,4.685,200
2020-09-24 09:25:00.660,4.685,5500
2020-09-24 09:25:00.660,4.685,4500
2020-09-24 09:25:00.660,4.685,100
2020-09-24 09:25:00.660,4.685,11400
2020-09-24 09:25:00.660,4.685,1600
2020-09-24 09:25:00.660,4.685,15000
2020-09-24 09:25:00.660,4.685,10000
2020-09-24 09:25:00.660,4.685,12000
2020-09-24 09:25:00.660,4.685,2500
2020-09-24 09:25:00.660,4.685,5000
2020-09-24 09:25:00.660,4.685,15000
2020-09-24 09:25:00.660,4.685,100
2020-09-24 09:25:00.660,4.685,100
2020-09-24 09:25:00.660,4.685,300
2020-09-24 09:25:00.660,4.685,1100
2020-09-24 09:25:00.660,4.685,500
2020-09-24 09:25:00.660,4.685,200
2020-09-24 09:25:00.660,4.685,10000
2020-09-24 09:25:00.660,4.685,1000
2020-09-24 09:25:00.660,4.685,200
2020-09-24 09:25:00.660,4.685,300
2020-09-24 09:25:00.660,4.685,3000
2020-09-24 09:25:00.660,4.685,1500
2020-09-24 09:25:00.660,4.685,2500
2020-09-24 09:25:00.660,4.685,2100
2020-09-24 09:25:00.660,4.685,600
2020-09-24 09:25:00.660,4.685,5000
2020-09-24 09:25:00.660,4.685,700
2020-09-24 09:25:00.660,4.685,3700
2020-09-24 09:25:00.660,4.685,5000
2020-09-24 09:25:00.660,4.685,1300
2020-09-24 09:25:00.660,4.685,100
2020-09-24 09:25:00.660,4.685,200
2020-09-24 09:25:00.660,4.685,5300
2020-09-24 09:25:00.660,4.685,2000
2020-09-24 09:25:00.660,4.685,1000
2020-09-24 09:25:00.660,4.685,39400
2020-09-24 09:25:00.660,4.685,10600
2020-09-24 09:25:00.660,4.685,5000
2020-09-24 09:25:00.660,4.685,4400
2020-09-24 09:25:00.660,4.685,2000
2020-09-24 09:25:00.660,4.685,700
2020-09-24 09:25:00.660,4.685,5000
2020-09-24 09:25:00.660,4.685,10000
2020-09-24 09:25:00.660,4.685,1000
2020-09-24 09:25:00.660,4.685,15200
2020-09-24 09:25:00.660,4.685,800
2020-09-24 09:25:00.660,4.685,500
2020-09-24 09:25:00.660,4.685,100
2020-09-24 09:25:00.660,4.685,2500
2020-09-24 09:25:00.660,4.685,200
2020-09-24 09:25:00.660,4.685,100
2020-09-24 09:25:00.660,4.685,200
2020-09-24 09:25:00.660,4.685,200
2020-09-24 09:25:00.660,4.685,200
2020-09-24 09:25:00.660,4.685,5000
2020-09-24 09:25:00.660,4.685,2300
2020-09-24 09:25:00.660,4.685,200
2020-09-24 09:25:00.660,4.685,200
2020-09-24 09:25:00.660,4.685,6000
2020-09-24 09:25:00.660,4.685,11100
2020-09-24 09:25:00.660,4.685,20000
2020-09-24 09:25:00.660,4.685,12700
2020-09-24 09:25:00.660,4.685,47300
2020-09-24 09:25:00.660,4.685,10000
2020-09-24 09:25:00.660,4.685,25000
2020-09-24 09:25:00.660,4.685,10500
2020-09-24 09:25:00.660,4.685,3600
2020-09-24 09:25:00.660,4.685,100
2020-09-24 09:25:00.660,4.685,3500
2020-09-24 09:25:00.660,4.685,11900
2020-09-24 09:25:00.660,4.685,3100
2020-09-24 09:25:00.660,4.685,100
2020-09-24 09:25:00.660,4.685,200
2020-09-24 09:25:00.660,4.685,3000
2020-09-24 09:25:00.660,4.685,100
2020-09-24 09:25:00.660,4.685,200
2020-09-24 09:25:00.660,4.685,100
2020-09-24 09:25:00.660,4.685,100
2020-09-24 09:25:00.660,4.685,1000
2020-09-24 09:25:00.660,4.685,1100
2020-09-24 09:25:00.660,4.685,200
2020-09-24 09:25:00.660,4.685,200
2020-09-24 09:25:00.660,4.685,5000
2020-09-24 09:25:00.660,4.685,2000
2020-09-24 09:25:00.660,4.685,3000
2020-09-24 09:25:00.660,4.685,100
2020-09-24 09:25:00.660,4.685,100
2020-09-24 09:25:00.660,4.685,200
2020-09-24 09:25:00.660,4.685,100
2020-09-24 09:25:00.660,4.685,100
2020-09-24 09:25:00.660,4.685,9900
2020-09-24 09:25:00.660,4.685,20100
2020-09-24 09:25:00.660,4.685,8700
2020-09-24 09:25:00.660,4.685,600
2020-09-24 09:25:00.660,4.685,5000
2020-09-24 09:25:00.660,4.685,15700
2020-09-24 09:25:00.660,4.685,1000
2020-09-24 09:25:00.660,4.685,200
2020-09-24 09:25:00.660,4.685,200
2020-09-24 09:25:00.660,4.685,2000
2020-09-24 09:25:00.660,4.685,300
2020-09-24 09:25:00.660,4.685,700
2020-09-24 09:25:00.660,4.685,6000
2020-09-24 09:25:00.660,4.685,100
2020-09-24 09:25:00.660,4.685,8900
2020-09-24 09:25:00.660,4.685,500
2020-09-24 09:25:00.660,4.685,3000
2020-09-24 09:25:00.660,4.685,400
2020-09-24 09:25:00.660,4.685,10700
2020-09-24 09:25:00.660,4.685,5000
2020-09-24 09:25:00.660,4.685,3000
2020-09-24 09:25:00.660,4.685,3000
2020-09-24 09:25:00.660,4.685,2400
2020-09-24 09:25:00.660,4.685,100
2020-09-24 09:25:00.660,4.685,100
2020-09-24 09:25:00.660,4.685,5000
2020-09-24 09:25:00.660,4.685,3600
2020-09-24 09:25:00.660,4.685,5800
2020-09-24 09:25:00.660,4.685,2000
2020-09-24 09:25:00.660,4.685,6000
2020-09-24 09:25:00.660,4.685,500
2020-09-24 09:25:00.660,4.685,600
2020-09-24 09:25:00.660,4.685,400
2020-09-24 09:25:00.660,4.685,500
2020-09-24 09:25:00.660,4.685,100
2020-09-24 09:25:00.660,4.685,100
2020-09-24 09:25:00.660,4.685,3000
2020-09-24 09:25:00.660,4.685,100
2020-09-24 09:25:00.660,4.685,200
2020-09-24 09:25:00.660,4.685,2000
2020-09-24 09:25:00.660,4.685,1000
2020-09-24 09:25:00.660,4.685,300
2020-09-24 09:25:00.660,4.685,2500
2020-09-24 09:25:00.660,4.685,14800
2020-09-24 09:25:00.660,4.685,100
2020-09-24 09:25:00.660,4.685,300
2020-09-24 09:25:00.660,4.685,4000
2020-09-24 09:25:00.660,4.685,700
2020-09-24 09:25:00.660,4.685,300
2020-09-24 09:25:00.660,4.685,5000
2020-09-24 09:25:00.660,4.685,2000
2020-09-24 09:25:00.660,4.685,3600
2020-09-24 09:25:00.660,4.685,1000
2020-09-24 09:25:00.660,4.685,2100
2020-09-24 09:25:00.660,4.685,1800
2020-09-24 09:25:00.660,4.685,20000
2020-09-24 09:25:00.660,4.685,20000
2020-09-24 09:25:00.660,4.685,10000
2020-09-24 09:25:00.660,4.685,100
2020-09-24 09:25:00.660,4.685,1000
2020-09-24 09:25:00.660,4.685,4000
2020-09-24 09:25:00.660,4.685,10000
2020-09-24 09:25:00.660,4.685,5000
2020-09-24 09:25:00.660,4.685,25000
2020-09-24 09:25:00.660,4.685,100
2020-09-24 09:25:00.660,4.685,2000
2020-09-24 09:25:00.660,4.685,100
2020-09-24 09:25:00.660,4.685,1000
2020-09-24 09:25:00.660,4.685,5000
2020-09-24 09:25:00.660,4.685,64000
2020-09-24 09:25:00.660,4.685,4200
2020-09-24 09:25:00.660,4.685,14541
2020-09-24 09:25:00.660,4.685,5600
2020-09-24 09:25:00.660,4.685,6000
2020-09-24 09:25:00.660,4.685,126759
2020-09-24 09:25:00.660,4.685,24441
2020-09-24 09:25:00.660,4.685,559
2020-09-24 09:25:00.660,4.685,21641
2020-09-24 09:25:00.660,4.685,18359
2020-09-24 09:25:00.660,4.685,7541
2020-09-24 09:25:00.660,4.685,7459
2020-09-24 09:25:00.660,4.685,100
2020-09-24 09:25:00.660,4.685,3000
2020-09-24 09:25:00.660,4.685,1100
2020-09-24 09:25:00.660,4.685,10000
2020-09-24 09:25:00.660,4.685,10000
2020-09-24 09:25:00.660,4.685,5000
2020-09-24 09:25:00.660,4.685,3341
2020-09-24 09:25:00.660,4.685,800
2020-09-24 09:25:00.660,4.685,859
2020-09-24 09:25:00.660,4.685,5000
2020-09-24 09:25:00.660,4.685,5141
2020-09-24 09:25:00.660,4.685,600
2020-09-24 09:25:00.660,4.685,1300
2020-09-24 09:25:00.660,4.685,16459
2020-09-24 09:25:00.660,4.685,1000
2020-09-24 09:25:00.660,4.685,5000
2020-09-24 09:25:00.660,4.685,8000
2020-09-24 09:25:00.660,4.685,5000
2020-09-24 09:25:00.660,4.685,200
2020-09-24 09:25:00.660,4.685,14341
2020-09-24 09:25:00.660,4.685,100
2020-09-24 09:25:00.660,4.685,5000
2020-09-24 09:25:00.660,4.685,4000
2020-09-24 09:25:00.660,4.685,66559
2020-09-24 09:25:00.660,4.685,10000
2020-09-24 09:25:00.660,4.685,800
2020-09-24 09:25:00.660,4.685,5000
2020-09-24 09:25:00.660,4.685,10000
2020-09-24 09:25:00.660,4.685,500
2020-09-24 09:25:00.660,4.685,4000
2020-09-24 09:25:00.660,4.685,300
2020-09-24 09:25:00.660,4.685,7000
2020-09-24 09:25:00.660,4.685,11300
2020-09-24 09:25:00.660,4.685,11400
2020-09-24 09:25:00.660,4.685,300
2020-09-24 09:25:00.660,4.685,400
2020-09-24 09:25:00.660,4.685,200
2020-09-24 09:25:00.660,4.685,5000
2020-09-24 09:25:00.660,4.685,30000
2020-09-24 09:25:00.660,4.685,200
2020-09-24 09:25:00.660,4.685,5000
2020-09-24 09:25:00.660,4.685,100
2020-09-24 09:25:00.660,4.685,10000
2020-09-24 09:25:00.660,4.685,1000
2020-09-24 09:25:00.660,4.685,5000
2020-09-24 09:25:00.660,4.685,2000
2020-09-24 09:25:00.660,4.685,5000
2020-09-24 09:25:00.660,4.685,31400
2020-09-24 09:25:00.660,4.685,1000
2020-09-24 09:25:00.660,4.685,2000
2020-09-24 09:25:00.660,4.685,10000
2020-09-24 09:25:00.660,4.685,20000
2020-09-24 09:25:00.660,4.685,100
2020-09-24 09:25:00.660,4.685,4000
2020-09-24 09:25:00.660,4.685,300
2020-09-24 09:25:00.660,4.685,100
2020-09-24 09:25:00.660,4.685,20000
2020-09-24 09:25:00.660,4.685,2500
2020-09-24 09:25:00.660,4.685,3000
2020-09-24 09:25:00.660,4.685,200
2020-09-24 09:25:00.660,4.685,3000
2020-09-24 09:25:00.660,4.685,10000
2020-09-24 09:25:00.660,4.685,5000
2020-09-24 09:25:00.660,4.685,2500
2020-09-24 09:25:00.660,4.685,25800
2020-09-24 09:25:00.660,4.685,200
2020-09-24 09:25:00.660,4.685,24441
2020-09-24 09:25:00.660,4.685,161859
2020-09-24 09:25:00.660,4.685,500
2020-09-24 09:25:00.660,4.685,184841
2020-09-24 09:25:00.660,4.685,116300
2020-09-24 09:25:00.660,4.685,36600
2020-09-24 09:25:00.660,4.685,1100
2020-09-24 09:25:00.660,4.685,52500
2020-09-24 09:25:00.660,4.685,85400
2020-09-24 09:25:00.660,4.685,500
2020-09-24 09:25:00.660,4.685,5000
2020-09-24 09:25:00.660,4.685,3400
2020-09-24 09:25:00.660,4.685,2500
2020-09-24 09:25:00.660,4.685,1000
2020-09-24 09:25:00.660,4.685,3000
2020-09-24 09:25:00.660,4.685,3000
2020-09-24 09:25:00.660,4.685,20000
2020-09-24 09:30:00.190,4.686,4300
2020-09-24 09:30:00.190,4.687,700
2020-09-24 09:30:00.220,4.685,7500
2020-09-24 09:30:00.300,4.687,100
2020-09-24 09:30:00.350,4.687,2200
2020-09-24 09:30:00.520,4.687,5800
2020-09-24 09:30:00.630,4.686,4400
2020-09-24 09:30:00.850,4.686,1200
2020-09-24 09:30:00.850,4.686,4000
2020-09-24 09:30:00.850,4.686,90400
2020-09-24 09:30:00.850,4.686,28600
2020-09-24 09:30:00.850,4.686,39700
2020-09-24 09:30:00.850,4.687,10000
2020-09-24 09:30:00.960,4.687,20000
2020-09-24 09:30:00.960,4.686,2000
2020-09-24 09:30:00.960,4.686,68100
2020-09-24 09:30:00.960,4.686,25000
2020-09-24 09:30:00.960,4.686,500
2020-09-24 09:30:00.960,4.686,1000
2020-09-24 09:30:00.960,4.686,300
2020-09-24 09:30:00.960,4.686,1400
2020-09-24 09:30:00.960,4.686,10800
2020-09-24 09:30:00.960,4.686,2300
2020-09-24 09:30:00.960,4.686,200
2020-09-24 09:30:00.960,4.686,6700
2020-09-24 09:30:00.960,4.686,5000
2020-09-24 09:30:00.960,4.686,2000
2020-09-24 09:30:00.960,4.686,5000
2020-09-24 09:30:00.960,4.686,200
2020-09-24 09:30:00.960,4.686,100
2020-09-24 09:30:00.960,4.686,1000
2020-09-24 09:30:00.960,4.686,10000
2020-09-24 09:30:00.960,4.686,2500
2020-09-24 09:30:00.960,4.686,1000
2020-09-24 09:30:00.960,4.686,1000
2020-09-24 09:30:00.960,4.686,2500
2020-09-24 09:30:00.960,4.686,1000
2020-09-24 09:30:00.960,4.685,330859
2020-09-24 09:30:00.960,4.685,2200
2020-09-24 09:30:00.960,4.685,5000
2020-09-24 09:30:00.960,4.685,1000
2020-09-24 09:30:00.960,4.685,500
2020-09-24 09:30:00.960,4.685,1000
2020-09-24 09:30:00.960,4.685,2000
2020-09-24 09:30:00.960,4.685,500
2020-09-24 09:30:00.960,4.685,29341
2020-09-24 09:30:00.960,4.687,2000
2020-09-24 09:30:00.960,4.687,6000
2020-09-24 09:30:01.070,4.686,9700
2020-09-24 09:30:01.070,4.686,300
2020-09-24 09:30:01.070,4.687,2000
2020-09-24 09:30:01.180,4.686,400
2020-09-24 09:30:01.180,4.686,8300
2020-09-24 09:30:01.180,4.686,2500
2020-09-24 09:30:01.180,4.686,2000
2020-09-24 09:30:01.180,4.686,5000
2020-09-24 09:30:01.180,4.686,1200
2020-09-24 09:30:01.180,4.687,1000
2020-09-24 09:30:01.180,4.686,10000
2020-09-24 09:30:01.290,4.687,5000
2020-09-24 09:30:01.290,4.687,1100
2020-09-24 09:30:01.400,4.687,500
2020-09-24 09:30:01.400,4.687,10700
2020-09-24 09:30:01.400,4.686,5000
2020-09-24 09:30:01.400,4.687,2800
2020-09-24 09:30:01.510,4.687,10000
2020-09-24 09:30:01.510,4.687,2000
2020-09-24 09:30:01.510,4.687,37400
2020-09-24 09:30:01.620,4.687,10000
2020-09-24 09:30:01.740,4.688,1000
2020-09-24 09:30:01.740,4.688,2000
2020-09-24 09:30:01.740,4.687,2200
2020-09-24 09:30:01.740,4.687,35300
2020-09-24 09:30:01.740,4.687,35000
2020-09-24 09:30:01.740,4.687,60500
2020-09-24 09:30:01.850,4.687,100
2020-09-24 09:30:01.850,4.687,11900
2020-09-24 09:30:01.850,4.688,2200
2020-09-24 09:30:01.990,4.688,1000
2020-09-24 09:30:02.110,4.688,2500
2020-09-24 09:30:02.110,4.687,500
2020-09-24 09:30:02.220,4.687,200
2020-09-24 09:30:02.350,4.687,2800
2020-09-24 09:30:02.350,4.687,7200
2020-09-24 09:30:02.350,4.687,8200
2020-09-24 09:30:02.350,4.687,5000
2020-09-24 09:30:02.350,4.687,5000
2020-09-24 09:30:02.350,4.687,500
2020-09-24 09:30:02.350,4.687,2000
2020-09-24 09:30:02.350,4.687,10700
2020-09-24 09:30:02.350,4.686,28700
2020-09-24 09:30:02.350,4.686,6000
2020-09-24 09:30:02.350,4.686,17400
2020-09-24 09:30:02.350,4.686,2600
2020-09-24 09:30:02.470,4.686,5000
2020-09-24 09:30:02.470,4.686,1000
2020-09-24 09:30:02.470,4.686,1000
2020-09-24 09:30:02.580,4.686,2500
2020-09-24 09:30:02.720,4.686,22000
2020-09-24 09:30:02.720,4.686,5000
2020-09-24 09:30:02.840,4.687,3000
2020-09-24 09:30:03.080,4.687,200
2020-09-24 09:30:03.310,4.687,1800
2020-09-24 09:30:03.310,4.686,29800
2020-09-24 09:30:03.310,4.688,20000
2020-09-24 09:30:03.310,4.686,21600
2020-09-24 09:30:03.430,4.688,2000
2020-09-24 09:30:03.730,4.687,3000
2020-09-24 09:30:03.730,4.687,800
2020-09-24 09:30:03.850,4.687,2100
2020-09-24 09:30:03.850,4.688,300
2020-09-24 09:30:03.850,4.688,1700
2020-09-24 09:30:03.850,4.687,500
2020-09-24 09:30:03.960,4.688,40000
2020-09-24 09:30:03.960,4.687,500
2020-09-24 09:30:04.090,4.687,2200
2020-09-24 09:30:04.090,4.687,2200
2020-09-24 09:30:04.090,4.687,3700
2020-09-24 09:30:04.200,4.687,500
2020-09-24 09:30:04.270,4.687,16500
2020-09-24 09:30:04.270,4.687,17100
2020-09-24 09:30:04.270,4.687,8100
2020-09-24 09:30:04.270,4.686,25600
2020-09-24 09:30:04.270,4.686,2000
2020-09-24 09:30:04.270,4.686,20000
2020-09-24 09:30:04.270,4.686,20700
2020-09-24 09:30:04.270,4.686,2000
2020-09-24 09:30:04.270,4.686,6800
2020-09-24 09:30:04.390,4.686,6000
2020-09-24 09:30:04.390,4.686,5000
2020-09-24 09:30:04.510,4.688,8300
2020-09-24 09:30:04.510,4.688,1700
2020-09-24 09:30:04.720,4.688,100
2020-09-24 09:30:04.720,4.688,4000
2020-09-24 09:30:04.720,4.687,1000
2020-09-24 09:30:04.840,4.688,200
2020-09-24 09:30:04.840,4.687,1000
2020-09-24 09:30:05.010,4.688,500
2020-09-24 09:30:05.010,4.687,100
2020-09-24 09:30:05.010,4.687,2200
2020-09-24 09:30:05.010,4.687,15700
2020-09-24 09:30:05.010,4.687,7000
2020-09-24 09:30:05.010,4.687,1300
2020-09-24 09:30:05.120,4.688,500
2020-09-24 09:30:05.120,4.688,500
2020-09-24 09:30:05.120,4.687,8700
2020-09-24 09:30:05.120,4.686,1300
2020-09-24 09:30:05.120,4.686,2600
2020-09-24 09:30:05.120,4.688,2100
2020-09-24 09:30:05.120,4.688,200
2020-09-24 09:30:05.200,4.687,600
2020-09-24 09:30:05.300,4.687,1400
2020-09-24 09:30:05.300,4.686,3600
2020-09-24 09:30:05.300,4.688,12700
2020-09-24 09:30:05.300,4.689,23900
2020-09-24 09:30:05.300,4.69,10500
2020-09-24 09:30:05.350,4.686,37700
2020-09-24 09:30:05.510,4.688,600
2020-09-24 09:30:05.510,4.688,12900
2020-09-24 09:30:05.510,4.688,100
2020-09-24 09:30:05.610,4.688,1000
2020-09-24 09:30:05.750,4.687,100
2020-09-24 09:30:05.750,4.686,2900
2020-09-24 09:30:05.780,4.688,100
2020-09-24 09:30:05.810,4.688,22900
2020-09-24 09:30:05.940,4.686,2800
2020-09-24 09:30:06.320,4.687,400
2020-09-24 09:30:06.960,4.687,600
2020-09-24 09:30:06.960,4.686,32400
2020-09-24 09:30:06.990,4.686,10600
2020-09-24 09:30:07.120,4.688,1000
2020-09-24 09:30:07.670,4.686,9000
2020-09-24 09:30:07.730,4.688,500
2020-09-24 09:30:08.970,4.687,1000
2020-09-24 09:30:11.090,4.688,2100
2020-09-24 09:30:11.200,4.688,100
2020-09-24 09:30:11.200,4.688,100
2020-09-24 09:30:11.200,4.688,100
2020-09-24 09:30:11.600,4.688,600
2020-09-24 09:30:11.810,4.687,2000
2020-09-24 09:30:11.810,4.687,5000
2020-09-24 09:30:11.810,4.687,500
2020-09-24 09:30:11.810,4.687,2500
2020-09-24 09:30:12.590,4.687,8500
2020-09-24 09:30:12.730,4.687,1200
2020-09-24 09:30:12.730,4.688,5800
2020-09-24 09:30:13.240,4.688,7800
2020-09-24 09:30:13.950,4.686,2000
2020-09-24 09:30:14.010,4.686,138400
2020-09-24 09:30:14.100,4.687,5000
2020-09-24 09:30:14.210,4.687,500
2020-09-24 09:30:14.210,4.686,281700
2020-09-24 09:30:14.210,4.686,18300
2020-09-24 09:30:14.480,4.687,4500
2020-09-24 09:30:14.600,4.687,4200
2020-09-24 09:30:14.720,4.687,18500
2020-09-24 09:30:14.800,4.687,12800
2020-09-24 09:30:15.530,4.687,10000
2020-09-24 09:30:15.570,4.686,2000
2020-09-24 09:30:15.720,4.686,151400
2020-09-24 09:30:15.720,4.686,48600
2020-09-24 09:30:15.750,4.686,305500
2020-09-24 09:30:15.750,4.686,500
2020-09-24 09:30:15.750,4.686,4000
2020-09-24 09:30:15.750,4.686,5000
2020-09-24 09:30:15.840,4.687,100
2020-09-24 09:30:16.130,4.686,100
2020-09-24 09:30:16.250,4.687,5000
2020-09-24 09:30:16.270,4.686,4900
2020-09-24 09:30:16.270,4.686,25600
2020-09-24 09:30:16.270,4.686,2700
2020-09-24 09:30:16.270,4.686,100
2020-09-24 09:30:16.270,4.686,500
2020-09-24 09:30:16.270,4.686,1000
2020-09-24 09:30:16.270,4.686,10600
2020-09-24 09:30:16.270,4.686,200
2020-09-24 09:30:16.270,4.686,10000
2020-09-24 09:30:16.270,4.686,25000
2020-09-24 09:30:16.270,4.686,3000
2020-09-24 09:30:16.270,4.686,10000
2020-09-24 09:30:16.270,4.686,10000
2020-09-24 09:30:16.270,4.686,1800
2020-09-24 09:30:16.270,4.686,1000
2020-09-24 09:30:16.270,4.686,4600
2020-09-24 09:30:16.270,4.686,5000
2020-09-24 09:30:16.270,4.686,1700
2020-09-24 09:30:16.270,4.686,100
2020-09-24 09:30:16.270,4.686,1000
2020-09-24 09:30:16.270,4.686,10000
2020-09-24 09:30:16.270,4.686,500
2020-09-24 09:30:16.270,4.686,10000
2020-09-24 09:30:16.270,4.686,15900
2020-09-24 09:30:16.270,4.686,900
2020-09-24 09:30:16.270,4.686,5000
2020-09-24 09:30:16.270,4.686,5000
2020-09-24 09:30:16.270,4.686,5000
2020-09-24 09:30:16.270,4.686,500
2020-09-24 09:30:16.270,4.686,200
2020-09-24 09:30:16.270,4.686,1000
2020-09-24 09:30:16.270,4.686,1000
2020-09-24 09:30:16.270,4.686,4000
2020-09-24 09:30:16.270,4.686,200
2020-09-24 09:30:16.270,4.686,4600
2020-09-24 09:30:16.270,4.686,10000
2020-09-24 09:30:16.270,4.686,2000
2020-09-24 09:30:16.270,4.686,5000
2020-09-24 09:30:16.270,4.686,100
2020-09-24 09:30:16.270,4.686,100
2020-09-24 09:30:16.270,4.686,10000
2020-09-24 09:30:16.270,4.686,2000
2020-09-24 09:30:16.270,4.686,10000
2020-09-24 09:30:16.270,4.686,9800
2020-09-24 09:30:16.390,4.687,1000
2020-09-24 09:30:16.450,4.687,15000
2020-09-24 09:30:16.480,4.687,10000
2020-09-24 09:30:16.740,4.687,10000
2020-09-24 09:30:17.450,4.687,4000
2020-09-24 09:30:17.800,4.687,254900
2020-09-24 09:30:17.800,4.687,25100
2020-09-24 09:30:18.020,4.687,100
2020-09-24 09:30:18.400,4.687,200
2020-09-24 09:30:18.650,4.687,1000
2020-09-24 09:30:18.710,4.687,100
2020-09-24 09:30:18.800,4.686,200
2020-09-24 09:30:18.800,4.686,3200
2020-09-24 09:30:18.800,4.686,8000
2020-09-24 09:30:18.800,4.686,300
2020-09-24 09:30:18.800,4.686,2000
2020-09-24 09:30:18.800,4.686,1000
2020-09-24 09:30:18.800,4.686,65800
2020-09-24 09:30:18.800,4.686,25000
2020-09-24 09:30:18.800,4.686,7300
2020-09-24 09:30:18.800,4.686,1200
2020-09-24 09:30:18.800,4.686,15000
2020-09-24 09:30:18.800,4.686,1000
2020-09-24 09:30:18.800,4.686,100
2020-09-24 09:30:18.800,4.686,3000
2020-09-24 09:30:18.800,4.686,10000
2020-09-24 09:30:18.800,4.686,300
2020-09-24 09:30:18.800,4.686,100
2020-09-24 09:30:18.800,4.686,4000
2020-09-24 09:30:18.800,4.686,2100
2020-09-24 09:30:18.800,4.686,2000
2020-09-24 09:30:18.800,4.686,500
2020-09-24 09:30:18.800,4.686,100
2020-09-24 09:30:18.800,4.686,100
2020-09-24 09:30:18.800,4.686,1100
2020-09-24 09:30:18.800,4.686,100
2020-09-24 09:30:18.800,4.686,1000
2020-09-24 09:30:18.800,4.686,4300
2020-09-24 09:30:18.800,4.686,10000
2020-09-24 09:30:18.800,4.686,5000
2020-09-24 09:30:18.800,4.686,1100
2020-09-24 09:30:18.800,4.686,100
2020-09-24 09:30:18.800,4.686,100
2020-09-24 09:30:18.800,4.686,500
2020-09-24 09:30:18.800,4.686,2000
2020-09-24 09:30:18.800,4.686,10000
2020-09-24 09:30:18.800,4.686,500
2020-09-24 09:30:18.800,4.686,2000
2020-09-24 09:30:18.800,4.686,20000
2020-09-24 09:30:18.800,4.686,200
2020-09-24 09:30:18.800,4.686,1000
2020-09-24 09:30:18.800,4.686,2000
2020-09-24 09:30:18.800,4.686,10000
2020-09-24 09:30:18.800,4.686,2000
2020-09-24 09:30:18.800,4.686,1300
2020-09-24 09:30:18.800,4.686,1500
2020-09-24 09:30:18.800,4.686,2100
2020-09-24 09:30:18.800,4.686,2000
2020-09-24 09:30:18.800,4.686,3000
2020-09-24 09:30:18.800,4.686,300
2020-09-24 09:30:18.800,4.686,1100
2020-09-24 09:30:18.800,4.686,100
2020-09-24 09:30:18.800,4.686,5000
2020-09-24 09:30:18.800,4.686,3000
2020-09-24 09:30:18.800,4.686,6500
2020-09-24 09:30:18.800,4.686,48800
2020-09-24 09:30:19.130,4.687,200
2020-09-24 09:30:19.720,4.687,1000
2020-09-24 09:30:20.660,4.686,1200
2020-09-24 09:30:20.660,4.686,2000
2020-09-24 09:30:20.660,4.686,100
2020-09-24 09:30:20.660,4.686,4300
2020-09-24 09:30:20.660,4.686,100
2020-09-24 09:30:20.660,4.686,800
2020-09-24 09:30:20.660,4.686,400
2020-09-24 09:30:20.660,4.686,1000
2020-09-24 09:30:20.660,4.686,1000
2020-09-24 09:30:20.660,4.686,400
2020-09-24 09:30:20.660,4.686,2800
2020-09-24 09:30:20.660,4.686,10000
2020-09-24 09:30:20.660,4.686,5000
2020-09-24 09:30:20.660,4.686,5000
2020-09-24 09:30:20.660,4.686,5900
2020-09-24 09:30:20.770,4.686,4100
2020-09-24 09:30:20.770,4.686,500
2020-09-24 09:30:20.770,4.686,2000
2020-09-24 09:30:20.770,4.686,3400
2020-09-24 09:30:20.800,4.687,10000
2020-09-24 09:30:20.800,4.687,40000
2020-09-24 09:30:20.860,4.687,500
2020-09-24 09:30:21.010,4.687,100
2020-09-24 09:30:21.030,4.687,33000
2020-09-24 09:30:21.400,4.687,31000
2020-09-24 09:30:21.850,4.687,1500
2020-09-24 09:30:22.020,4.687,2000
2020-09-24 09:30:22.350,4.686,2600
2020-09-24 09:30:22.440,4.687,1900
2020-09-24 09:30:22.440,4.687,3000
2020-09-24 09:30:22.440,4.688,1100
2020-09-24 09:30:22.880,4.686,2000
2020-09-24 09:30:23.120,4.686,22000
2020-09-24 09:30:23.120,4.686,100
2020-09-24 09:30:23.120,4.686,1400
2020-09-24 09:30:23.120,4.686,58200
2020-09-24 09:30:23.280,4.688,1800
2020-09-24 09:30:23.280,4.688,2600
2020-09-24 09:30:23.280,4.688,10600
2020-09-24 09:30:23.680,4.687,10000
2020-09-24 09:30:23.890,4.687,5000
2020-09-24 09:30:23.980,4.687,3000
2020-09-24 09:30:24.320,4.687,300
2020-09-24 09:30:24.380,4.687,10000
2020-09-24 09:30:24.650,4.686,2000
2020-09-24 09:30:24.710,4.687,500
2020-09-24 09:30:25.290,4.687,100
2020-09-24 09:30:25.440,4.687,21100
2020-09-24 09:30:25.440,4.688,39400
2020-09-24 09:30:25.700,4.688,2200
2020-09-24 09:30:25.700,4.688,7000
2020-09-24 09:30:25.810,4.688,3000
2020-09-24 09:30:26.160,4.688,47300
2020-09-24 09:30:26.760,4.687,200
2020-09-24 09:30:26.760,4.686,3800
2020-09-24 09:30:26.760,4.686,5000
2020-09-24 09:30:27.080,4.687,1000
2020-09-24 09:30:27.540,4.687,700
2020-09-24 09:30:27.950,4.687,3300
2020-09-24 09:30:27.950,4.686,1700
2020-09-24 09:30:29.440,4.689,2500
2020-09-24 09:30:29.470,4.688,100
2020-09-24 09:30:29.470,4.688,20000
2020-09-24 09:30:29.800,4.688,15000
2020-09-24 09:30:29.910,4.688,10800
2020-09-24 09:30:30.570,4.687,1000
2020-09-24 09:30:30.570,4.687,100
2020-09-24 09:30:30.570,4.687,10000
2020-09-24 09:30:30.800,4.687,3000
2020-09-24 09:30:31.220,4.687,200
2020-09-24 09:30:31.550,4.687,200
2020-09-24 09:30:31.610,4.686,43300
2020-09-24 09:30:31.610,4.686,2500
2020-09-24 09:30:31.610,4.686,2000
2020-09-24 09:30:31.610,4.686,500
2020-09-24 09:30:31.610,4.686,12600
2020-09-24 09:30:31.610,4.686,2000
2020-09-24 09:30:31.610,4.686,1500
2020-09-24 09:30:31.610,4.686,10000
2020-09-24 09:30:31.610,4.686,5000
2020-09-24 09:30:31.610,4.686,8000
2020-09-24 09:30:31.610,4.686,5000
2020-09-24 09:30:31.610,4.686,1000
2020-09-24 09:30:31.610,4.686,20000
2020-09-24 09:30:31.610,4.686,1000
2020-09-24 09:30:31.610,4.686,20000
2020-09-24 09:30:31.610,4.686,4700
2020-09-24 09:30:31.610,4.686,1000
2020-09-24 09:30:31.610,4.686,1000
2020-09-24 09:30:31.610,4.686,2000
2020-09-24 09:30:31.610,4.686,400
2020-09-24 09:30:31.840,4.686,700
2020-09-24 09:30:32.930,4.686,8600
2020-09-24 09:30:33.210,4.686,2200
2020-09-24 09:30:33.310,4.686,5000
2020-09-24 09:30:33.710,4.686,500
2020-09-24 09:30:34.060,4.686,1000
2020-09-24 09:30:34.120,4.686,5000
2020-09-24 09:30:34.750,4.686,800
2020-09-24 09:30:35.090,4.686,10300
2020-09-24 09:30:35.200,4.686,2500
2020-09-24 09:30:35.490,4.686,5000
2020-09-24 09:30:35.540,4.686,600
2020-09-24 09:30:35.630,4.685,300000
2020-09-24 09:30:35.770,4.687,6000
2020-09-24 09:30:36.840,4.687,300
2020-09-24 09:30:37.860,4.687,500
2020-09-24 09:30:38.230,4.687,3200
2020-09-24 09:30:38.230,4.687,7600
2020-09-24 09:30:38.570,4.686,100
2020-09-24 09:30:38.570,4.686,10000
2020-09-24 09:30:38.570,4.686,2000
2020-09-24 09:30:38.570,4.686,1000
2020-09-24 09:30:38.570,4.686,2200
2020-09-24 09:30:38.760,4.686,1800
2020-09-24 09:30:38.940,4.685,600
2020-09-24 09:30:39.420,4.686,5000
2020-09-24 09:30:39.460,4.686,10000
2020-09-24 09:30:40.350,4.686,1000
2020-09-24 09:30:40.410,4.686,2000
2020-09-24 09:30:40.750,4.686,2300
2020-09-24 09:30:40.770,4.685,200
2020-09-24 09:30:41.160,4.686,500
2020-09-24 09:30:41.750,4.686,2100
2020-09-24 09:30:41.750,4.686,1000
2020-09-24 09:30:41.810,4.686,3500
2020-09-24 09:30:42.100,4.686,20500
2020-09-24 09:30:42.190,4.685,12700
2020-09-24 09:30:43.190,4.686,2000
2020-09-24 09:30:43.220,4.686,5400
2020-09-24 09:30:43.550,4.686,5000
2020-09-24 09:30:46.000,4.686,200
2020-09-24 09:30:46.220,4.686,5000
2020-09-24 09:30:46.280,4.686,6300
2020-09-24 09:30:46.280,4.685,78759
2020-09-24 09:30:46.280,4.685,4000
2020-09-24 09:30:46.280,4.685,200
2020-09-24 09:30:46.280,4.685,300
2020-09-24 09:30:46.280,4.685,1000
2020-09-24 09:30:46.280,4.685,2500
2020-09-24 09:30:46.280,4.685,95741
2020-09-24 09:30:46.300,4.686,11100
2020-09-24 09:30:46.300,4.687,24700
2020-09-24 09:30:46.300,4.687,3600
2020-09-24 09:30:46.300,4.687,2000
2020-09-24 09:30:46.300,4.687,10000
2020-09-24 09:30:46.300,4.688,3700
2020-09-24 09:30:46.300,4.688,2500
2020-09-24 09:30:46.300,4.688,10000
2020-09-24 09:30:46.300,4.688,300
2020-09-24 09:30:46.300,4.689,7600
2020-09-24 09:30:46.300,4.689,24500
2020-09-24 09:30:47.720,4.686,2800
2020-09-24 09:30:49.660,4.687,100
2020-09-24 09:30:50.590,4.686,2000
2020-09-24 09:30:50.740,4.687,5800
2020-09-24 09:30:50.740,4.687,20000
2020-09-24 09:30:50.740,4.688,19200
2020-09-24 09:30:51.330,4.687,600
2020-09-24 09:30:52.320,4.687,2900
2020-09-24 09:30:52.320,4.686,11200
2020-09-24 09:30:52.320,4.686,3000
2020-09-24 09:30:52.320,4.686,1000
2020-09-24 09:30:52.320,4.686,1000
2020-09-24 09:30:52.320,4.686,20000
2020-09-24 09:30:52.320,4.686,3700
2020-09-24 09:30:52.320,4.686,3800
2020-09-24 09:30:52.320,4.686,100
2020-09-24 09:30:52.320,4.686,100
2020-09-24 09:30:52.320,4.686,100
2020-09-24 09:30:52.320,4.686,2000
2020-09-24 09:30:52.320,4.686,100
2020-09-24 09:30:52.320,4.686,3000
2020-09-24 09:30:52.320,4.685,28000
2020-09-24 09:30:52.480,4.686,1800
2020-09-24 09:30:53.030,4.686,300
2020-09-24 09:30:53.030,4.686,10000
2020-09-24 09:30:53.290,4.686,100
2020-09-24 09:30:53.480,4.686,10000
2020-09-24 09:30:54.040,4.686,1300
2020-09-24 09:30:55.200,4.686,500
2020-09-24 09:30:55.910,4.686,500
2020-09-24 09:30:55.940,4.686,1000
2020-09-24 09:30:56.220,4.686,25000
2020-09-24 09:30:57.020,4.685,900
2020-09-24 09:30:57.140,4.685,39500
2020-09-24 09:30:57.600,4.685,40100
2020-09-24 09:30:57.880,4.686,4000
2020-09-24 09:30:58.220,4.685,30000
2020-09-24 09:30:58.390,4.686,20000
2020-09-24 09:30:59.440,4.685,186759
2020-09-24 09:30:59.440,4.685,2000
2020-09-24 09:30:59.440,4.685,500
2020-09-24 09:30:59.440,4.685,100
2020-09-24 09:30:59.440,4.685,10000
2020-09-24 09:30:59.440,4.685,641
2020-09-24 09:30:59.500,4.686,100
2020-09-24 09:30:59.600,4.685,259
2020-09-24 09:30:59.600,4.685,19741
2020-09-24 09:30:59.920,4.686,33000
2020-09-24 09:31:00.170,4.686,300
2020-09-24 09:31:00.510,4.686,129300
2020-09-24 09:31:00.790,4.686,1000
2020-09-24 09:31:01.100,4.685,259
2020-09-24 09:31:01.100,4.685,1000
2020-09-24 09:31:01.100,4.685,500
2020-09-24 09:31:01.100,4.685,1000
2020-09-24 09:31:01.100,4.685,10000
2020-09-24 09:31:01.100,4.685,10000
2020-09-24 09:31:01.100,4.685,400
2020-09-24 09:31:01.100,4.685,300
2020-09-24 09:31:01.100,4.685,20000
2020-09-24 09:31:01.100,4.685,10700
2020-09-24 09:31:01.100,4.685,1000
2020-09-24 09:31:01.100,4.685,2000
2020-09-24 09:31:01.100,4.685,1000
2020-09-24 09:31:01.100,4.685,2200
2020-09-24 09:31:01.100,4.685,1000
2020-09-24 09:31:01.100,4.685,200
2020-09-24 09:31:01.100,4.685,100
2020-09-24 09:31:01.100,4.685,200
2020-09-24 09:31:01.100,4.685,400
2020-09-24 09:31:01.100,4.685,100
2020-09-24 09:31:01.100,4.685,200
2020-09-24 09:31:01.100,4.685,100
2020-09-24 09:31:01.100,4.685,10000
2020-09-24 09:31:01.100,4.685,500
2020-09-24 09:31:01.100,4.685,100000
2020-09-24 09:31:01.100,4.685,100
2020-09-24 09:31:01.100,4.685,10000
2020-09-24 09:31:01.100,4.685,2000
2020-09-24 09:31:01.100,4.685,10000
2020-09-24 09:31:01.100,4.685,1000
2020-09-24 09:31:01.100,4.685,200
2020-09-24 09:31:01.100,4.685,3000
2020-09-24 09:31:01.100,4.685,1000
2020-09-24 09:31:01.100,4.685,500
2020-09-24 09:31:01.100,4.685,1000
2020-09-24 09:31:01.100,4.685,400
2020-09-24 09:31:01.100,4.685,500
2020-09-24 09:31:01.100,4.685,200
2020-09-24 09:31:01.100,4.685,200
2020-09-24 09:31:01.100,4.685,500
2020-09-24 09:31:01.100,4.685,500
2020-09-24 09:31:01.100,4.685,2000
2020-09-24 09:31:01.100,4.685,700
2020-09-24 09:31:01.100,4.685,500
2020-09-24 09:31:01.100,4.685,100
2020-09-24 09:31:01.100,4.685,200
2020-09-24 09:31:01.100,4.685,13341
2020-09-24 09:31:01.100,4.686,200
2020-09-24 09:31:01.270,4.686,10000
2020-09-24 09:31:01.420,4.686,10000
2020-09-24 09:31:01.480,4.686,100
2020-09-24 09:31:01.680,4.686,10600
2020-09-24 09:31:02.100,4.685,1000
2020-09-24 09:31:02.370,4.686,10000
2020-09-24 09:31:02.620,4.686,4000
2020-09-24 09:31:03.440,4.686,2000
2020-09-24 09:31:03.570,4.686,2500
2020-09-24 09:31:03.570,4.686,4000
2020-09-24 09:31:04.180,4.686,5000
2020-09-24 09:31:04.210,4.686,3000
2020-09-24 09:31:04.790,4.686,2200
2020-09-24 09:31:04.790,4.686,600
2020-09-24 09:31:04.790,4.686,2200
2020-09-24 09:31:04.790,4.685,200
2020-09-24 09:31:05.000,4.685,100
2020-09-24 09:31:05.060,4.685,359
2020-09-24 09:31:05.060,4.685,500
2020-09-24 09:31:05.060,4.685,4300
2020-09-24 09:31:05.060,4.685,10000
2020-09-24 09:31:05.060,4.685,17100
2020-09-24 09:31:05.060,4.685,100
2020-09-24 09:31:05.060,4.685,10000
2020-09-24 09:31:05.060,4.685,5000
2020-09-24 09:31:05.060,4.685,1000
2020-09-24 09:31:05.060,4.685,3000
2020-09-24 09:31:05.060,4.685,2500
2020-09-24 09:31:05.060,4.685,3000
2020-09-24 09:31:05.060,4.685,5000
2020-09-24 09:31:05.060,4.685,2000
2020-09-24 09:31:05.060,4.685,3000
2020-09-24 09:31:05.060,4.685,2000
2020-09-24 09:31:05.060,4.685,200
2020-09-24 09:31:05.060,4.685,2000
2020-09-24 09:31:05.060,4.685,100
2020-09-24 09:31:05.060,4.685,100
2020-09-24 09:31:05.060,4.685,200
2020-09-24 09:31:05.060,4.685,7000
2020-09-24 09:31:05.060,4.685,100
2020-09-24 09:31:05.060,4.685,1900
2020-09-24 09:31:05.060,4.685,1000
2020-09-24 09:31:05.060,4.685,2500
2020-09-24 09:31:05.060,4.685,600
2020-09-24 09:31:05.060,4.685,1600
2020-09-24 09:31:05.060,4.685,1000
2020-09-24 09:31:05.060,4.685,300
2020-09-24 09:31:05.060,4.685,5000
2020-09-24 09:31:05.060,4.685,1200
2020-09-24 09:31:05.060,4.685,5000
2020-09-24 09:31:05.060,4.685,500
2020-09-24 09:31:05.060,4.685,100
2020-09-24 09:31:05.060,4.685,1700
2020-09-24 09:31:05.060,4.685,5000
2020-09-24 09:31:05.060,4.685,1000
2020-09-24 09:31:05.060,4.685,5000
2020-09-24 09:31:05.060,4.685,50000
2020-09-24 09:31:05.060,4.685,10000
2020-09-24 09:31:05.060,4.685,5000
2020-09-24 09:31:05.060,4.685,100
2020-09-24 09:31:05.060,4.685,100
2020-09-24 09:31:05.060,4.685,1000
2020-09-24 09:31:05.060,4.685,500
2020-09-24 09:31:05.060,4.685,5500
2020-09-24 09:31:05.060,4.685,3000
2020-09-24 09:31:05.060,4.685,2500
2020-09-24 09:31:05.060,4.685,100
2020-09-24 09:31:05.060,4.685,2800
2020-09-24 09:31:05.060,4.685,5000
2020-09-24 09:31:05.060,4.685,1000
2020-09-24 09:31:05.060,4.685,10000
2020-09-24 09:31:05.060,4.685,2000
2020-09-24 09:31:05.260,4.685,20000
2020-09-24 09:31:05.390,4.685,1000
2020-09-24 09:31:05.390,4.685,200
2020-09-24 09:31:06.050,4.685,100
2020-09-24 09:31:06.190,4.685,400
2020-09-24 09:31:06.790,4.684,1000
2020-09-24 09:31:06.790,4.684,100
2020-09-24 09:31:06.790,4.684,100
2020-09-24 09:31:06.790,4.684,300
2020-09-24 09:31:06.790,4.684,1000
2020-09-24 09:31:06.790,4.684,700
2020-09-24 09:31:06.790,4.684,3000
2020-09-24 09:31:06.790,4.684,1300
2020-09-24 09:31:06.790,4.684,500
2020-09-24 09:31:06.790,4.684,100
2020-09-24 09:31:06.790,4.684,4000
2020-09-24 09:31:06.790,4.684,1000
2020-09-24 09:31:06.790,4.684,2000
2020-09-24 09:31:06.790,4.684,36800
2020-09-24 09:31:06.790,4.684,1000
2020-09-24 09:31:06.790,4.684,2000
2020-09-24 09:31:06.790,4.684,2000
2020-09-24 09:31:06.790,4.684,1200
2020-09-24 09:31:06.790,4.684,1100
2020-09-24 09:31:06.790,4.684,1900
2020-09-24 09:31:06.790,4.684,3000
2020-09-24 09:31:06.790,4.684,2000
2020-09-24 09:31:06.790,4.684,4500
2020-09-24 09:31:06.790,4.683,15000
2020-09-24 09:31:06.790,4.683,5000
2020-09-24 09:31:06.790,4.683,2000
2020-09-24 09:31:06.790,4.683,2000
2020-09-24 09:31:06.790,4.683,2000
2020-09-24 09:31:06.790,4.683,1000
2020-09-24 09:31:06.790,4.683,900
2020-09-24 09:31:06.790,4.683,500
2020-09-24 09:31:06.790,4.683,4000
2020-09-24 09:31:06.790,4.683,1500
2020-09-24 09:31:06.790,4.683,100
2020-09-24 09:31:06.790,4.683,1000
2020-09-24 09:31:06.790,4.683,1000
2020-09-24 09:31:06.790,4.683,1000
2020-09-24 09:31:06.790,4.683,3000
2020-09-24 09:31:06.790,4.683,1000
2020-09-24 09:31:06.790,4.683,1700
2020-09-24 09:31:06.930,4.685,13000
2020-09-24 09:31:07.040,4.685,1800
2020-09-24 09:31:07.070,4.685,100
2020-09-24 09:31:07.130,4.685,2000
2020-09-24 09:31:07.660,4.685,100
2020-09-24 09:31:07.810,4.685,100
2020-09-24 09:31:07.870,4.685,100
2020-09-24 09:31:07.980,4.685,10000
2020-09-24 09:31:08.070,4.685,1200
2020-09-24 09:31:08.240,4.685,2000
2020-09-24 09:31:08.440,4.685,5000
2020-09-24 09:31:08.520,4.685,2500
2020-09-24 09:31:08.580,4.685,19600
2020-09-24 09:31:08.820,4.685,10241
2020-09-24 09:31:08.820,4.685,2259
2020-09-24 09:31:09.640,4.683,300
2020-09-24 09:31:09.640,4.683,1700
2020-09-24 09:31:09.640,4.683,1100
2020-09-24 09:31:10.370,4.685,500
2020-09-24 09:31:10.420,4.685,1000
2020-09-24 09:31:10.570,4.685,5600
2020-09-24 09:31:11.020,4.685,100
2020-09-24 09:31:11.020,4.685,200
2020-09-24 09:31:11.810,4.685,3000
2020-09-24 09:31:12.150,4.684,200
2020-09-24 09:31:12.150,4.684,5700
2020-09-24 09:31:12.370,4.685,5000
2020-09-24 09:31:12.400,4.685,2400
2020-09-24 09:31:12.620,4.685,1100
2020-09-24 09:31:13.250,4.685,100
2020-09-24 09:31:13.970,4.685,8900
2020-09-24 09:31:14.210,4.685,500
2020-09-24 09:31:14.640,4.685,20000
2020-09-24 09:31:14.750,4.684,100
2020-09-24 09:31:15.270,4.685,1000
2020-09-24 09:31:16.050,4.685,1000
2020-09-24 09:31:16.260,4.685,20000
2020-09-24 09:31:16.350,4.685,5000
2020-09-24 09:31:16.540,4.685,10300
2020-09-24 09:31:18.120,4.685,30000
2020-09-24 09:31:18.170,4.685,5000
2020-09-24 09:31:18.670,4.685,1000
2020-09-24 09:31:19.030,4.684,500
2020-09-24 09:31:19.310,4.685,2600
2020-09-24 09:31:19.340,4.685,100
2020-09-24 09:31:19.430,4.685,10000
2020-09-24 09:31:19.710,4.685,46841
2020-09-24 09:31:19.710,4.685,1000
2020-09-24 09:31:20.760,4.686,3200
2020-09-24 09:31:20.930,4.686,8500
2020-09-24 09:31:24.260,4.687,1000
2020-09-24 09:31:24.260,4.688,49000
2020-09-24 09:31:27.770,4.687,300
2020-09-24 09:31:29.140,4.688,500
2020-09-24 09:31:29.510,4.687,200
2020-09-24 09:31:29.510,4.687,100
2020-09-24 09:31:29.510,4.686,1000
2020-09-24 09:31:30.110,4.688,9200
2020-09-24 09:31:32.050,4.687,400
2020-09-24 09:31:32.050,4.687,600
2020-09-24 09:31:32.070,4.687,600
2020-09-24 09:31:32.460,4.688,5000
2020-09-24 09:31:32.790,4.688,200
2020-09-24 09:31:33.770,4.687,18700
2020-09-24 09:31:33.770,4.687,5100
2020-09-24 09:31:33.770,4.687,200
2020-09-24 09:31:34.130,4.687,100
2020-09-24 09:31:34.410,4.687,5900
2020-09-24 09:31:34.410,4.688,6900
2020-09-24 09:31:34.710,4.688,500
2020-09-24 09:31:35.310,4.688,1000
2020-09-24 09:31:36.170,4.688,2000
2020-09-24 09:31:36.780,4.687,3000
2020-09-24 09:31:36.810,4.687,1000
2020-09-24 09:31:37.470,4.687,100
2020-09-24 09:31:37.550,4.687,100
2020-09-24 09:31:38.310,4.686,1000
2020-09-24 09:31:39.410,4.687,200
2020-09-24 09:31:39.670,4.687,500
2020-09-24 09:31:39.720,4.686,500
2020-09-24 09:31:39.800,4.686,800
2020-09-24 09:31:39.800,4.686,10000
2020-09-24 09:31:39.800,4.686,10600
2020-09-24 09:31:39.800,4.686,1000
2020-09-24 09:31:39.800,4.686,4000
2020-09-24 09:31:39.800,4.686,3000
2020-09-24 09:31:39.800,4.686,2000
2020-09-24 09:31:39.800,4.686,400
2020-09-24 09:31:39.800,4.686,100
2020-09-24 09:31:39.800,4.686,500
2020-09-24 09:31:39.800,4.686,43200
2020-09-24 09:31:39.800,4.686,8300
2020-09-24 09:31:40.560,4.687,1400
2020-09-24 09:31:40.560,4.687,5000
2020-09-24 09:31:40.560,4.687,2900
2020-09-24 09:31:40.560,4.687,2000
2020-09-24 09:31:42.470,4.687,8700
2020-09-24 09:31:42.470,4.687,1000
2020-09-24 09:31:42.470,4.686,1700
2020-09-24 09:31:42.470,4.686,2000
2020-09-24 09:31:42.470,4.686,4900
2020-09-24 09:31:44.200,4.688,1000
2020-09-24 09:31:44.260,4.688,4000
2020-09-24 09:31:44.340,4.687,1000
2020-09-24 09:31:44.450,4.688,1000
2020-09-24 09:31:44.610,4.688,6500
2020-09-24 09:31:45.610,4.688,1000
2020-09-24 09:31:45.830,4.688,10000
2020-09-24 09:31:46.720,4.688,5000
2020-09-24 09:31:47.500,4.687,4000
2020-09-24 09:31:47.500,4.687,1000
2020-09-24 09:31:48.650,4.687,2000
2020-09-24 09:31:48.650,4.687,2000
2020-09-24 09:31:48.650,4.687,600
2020-09-24 09:31:48.650,4.687,2000
2020-09-24 09:31:48.650,4.687,100
2020-09-24 09:31:48.650,4.687,600
2020-09-24 09:31:49.250,4.688,100
2020-09-24 09:31:50.110,4.687,1300
2020-09-24 09:31:50.340,4.687,400
2020-09-24 09:31:50.490,4.688,3000
2020-09-24 09:31:50.490,4.687,47700
2020-09-24 09:31:50.490,4.687,8200
2020-09-24 09:31:50.490,4.687,300
2020-09-24 09:31:50.490,4.687,6300
2020-09-24 09:31:51.310,4.688,800
2020-09-24 09:31:51.310,4.688,700
2020-09-24 09:31:52.500,4.687,100
2020-09-24 09:31:52.590,4.688,1000
2020-09-24 09:31:53.920,4.688,100
2020-09-24 09:31:54.130,4.688,300
2020-09-24 09:31:54.130,4.688,500
2020-09-24 09:31:54.360,4.688,1000
2020-09-24 09:31:54.830,4.688,1000
2020-09-24 09:31:54.920,4.688,500
2020-09-24 09:31:55.040,4.688,1000
2020-09-24 09:31:55.730,4.688,20000
2020-09-24 09:31:56.410,4.687,8600
2020-09-24 09:31:56.410,4.687,5000
2020-09-24 09:31:56.410,4.687,10000
2020-09-24 09:31:56.410,4.687,5000
2020-09-24 09:31:56.410,4.687,1000
2020-09-24 09:31:56.410,4.687,1000
2020-09-24 09:31:56.410,4.687,5000
2020-09-24 09:31:56.410,4.687,2000
2020-09-24 09:31:56.410,4.687,6400
2020-09-24 09:31:56.530,4.687,2000
2020-09-24 09:31:56.650,4.687,4000
2020-09-24 09:31:56.650,4.688,4000
2020-09-24 09:31:56.890,4.688,800
2020-09-24 09:31:56.950,4.688,100
2020-09-24 09:31:57.280,4.687,2200
2020-09-24 09:31:57.450,4.687,6800
2020-09-24 09:31:57.450,4.688,3200
2020-09-24 09:31:58.250,4.688,3000
2020-09-24 09:31:58.500,4.688,3000
2020-09-24 09:31:58.590,4.688,1000
2020-09-24 09:31:59.120,4.687,10000
2020-09-24 09:32:00.230,4.687,12900
2020-09-24 09:32:00.770,4.688,200
2020-09-24 09:32:00.830,4.687,10000
2020-09-24 09:32:00.990,4.687,15000
2020-09-24 09:32:01.140,4.687,200
2020-09-24 09:32:01.200,4.688,5000
2020-09-24 09:32:01.770,4.688,5000
2020-09-24 09:32:01.800,4.688,200
2020-09-24 09:32:01.980,4.688,6400
2020-09-24 09:32:02.760,4.688,1000
2020-09-24 09:32:02.870,4.687,5600
2020-09-24 09:32:02.870,4.687,3000
2020-09-24 09:32:02.870,4.687,1200
2020-09-24 09:32:02.870,4.687,8700
2020-09-24 09:32:03.090,4.687,1000
2020-09-24 09:32:03.360,4.688,2000
2020-09-24 09:32:04.230,4.688,500
2020-09-24 09:32:04.230,4.688,5000
2020-09-24 09:32:04.230,4.688,1000
2020-09-24 09:32:04.430,4.688,2000
2020-09-24 09:32:05.370,4.688,200
2020-09-24 09:32:05.590,4.688,2000
2020-09-24 09:32:05.740,4.688,5000
2020-09-24 09:32:05.830,4.688,1000
2020-09-24 09:32:06.140,4.688,200
2020-09-24 09:32:06.220,4.688,3000
2020-09-24 09:32:06.460,4.688,5000
2020-09-24 09:32:06.850,4.687,3500
2020-09-24 09:32:06.930,4.688,500
2020-09-24 09:32:07.220,4.688,2000
2020-09-24 09:32:07.220,4.688,15000
2020-09-24 09:32:07.310,4.687,5000
2020-09-24 09:32:07.390,4.688,500
2020-09-24 09:32:07.640,4.688,400
2020-09-24 09:32:08.730,4.688,10000
2020-09-24 09:32:08.810,4.687,7800
2020-09-24 09:32:09.490,4.688,20000
2020-09-24 09:32:09.520,4.688,2500
2020-09-24 09:32:10.100,4.688,3000
2020-09-24 09:32:10.200,4.688,200
2020-09-24 09:32:10.540,4.688,100
2020-09-24 09:32:11.810,4.687,200
2020-09-24 09:32:11.920,4.688,500
2020-09-24 09:32:12.110,4.687,11100
2020-09-24 09:32:12.570,4.688,2600
2020-09-24 09:32:13.280,4.688,3000
2020-09-24 09:32:13.820,4.688,10000
2020-09-24 09:32:13.910,4.688,300
2020-09-24 09:32:14.120,4.688,2000
2020-09-24 09:32:15.060,4.688,10000
2020-09-24 09:32:16.190,4.688,300000
2020-09-24 09:32:16.290,4.688,500
2020-09-24 09:32:16.290,4.688,100
2020-09-24 09:32:16.820,4.688,500
2020-09-24 09:32:16.840,4.688,5000
2020-09-24 09:32:17.010,4.688,2000
2020-09-24 09:32:17.250,4.688,100
2020-09-24 09:32:17.580,4.688,62400
2020-09-24 09:32:17.940,4.688,100
2020-09-24 09:32:18.260,4.688,254100
2020-09-24 09:32:18.260,4.688,10000
2020-09-24 09:32:18.260,4.688,50900
2020-09-24 09:32:18.330,4.688,19400
2020-09-24 09:32:18.330,4.688,14100
2020-09-24 09:32:20.670,4.689,3000
2020-09-24 09:32:22.980,4.69,32500
2020-09-24 09:32:22.980,4.69,20100
2020-09-24 09:32:22.980,4.69,6000
2020-09-24 09:32:22.980,4.69,4900
2020-09-24 09:32:23.230,4.689,700
2020-09-24 09:32:23.250,4.689,2800
2020-09-24 09:32:23.810,4.689,2800
2020-09-24 09:32:24.320,4.689,2800
2020-09-24 09:32:25.980,4.689,19200
2020-09-24 09:32:25.980,4.689,11000
2020-09-24 09:32:26.840,4.689,5000
2020-09-24 09:32:28.660,4.689,100
2020-09-24 09:32:28.980,4.688,500
2020-09-24 09:32:28.980,4.688,9300
2020-09-24 09:32:28.980,4.688,2000
2020-09-24 09:32:28.980,4.688,100
2020-09-24 09:32:28.980,4.688,10000
2020-09-24 09:32:28.980,4.688,3000
2020-09-24 09:32:28.980,4.688,5000
2020-09-24 09:32:28.980,4.688,20000
2020-09-24 09:32:28.980,4.688,700
2020-09-24 09:32:28.980,4.688,2000
2020-09-24 09:32:28.980,4.688,500
2020-09-24 09:32:29.060,4.688,9300
2020-09-24 09:32:29.060,4.688,600
2020-09-24 09:32:29.060,4.688,1000
2020-09-24 09:32:29.060,4.688,400
2020-09-24 09:32:29.060,4.688,5000
2020-09-24 09:32:29.060,4.688,10000
2020-09-24 09:32:29.060,4.688,800
2020-09-24 09:32:29.060,4.688,400
2020-09-24 09:32:29.060,4.688,5000
2020-09-24 09:32:29.060,4.688,200
2020-09-24 09:32:29.060,4.688,400
2020-09-24 09:32:29.060,4.688,300
2020-09-24 09:32:29.940,4.689,2000
2020-09-24 09:32:29.940,4.688,1800
2020-09-24 09:32:29.940,4.688,500
2020-09-24 09:32:29.940,4.688,300
2020-09-24 09:32:29.940,4.688,2000
2020-09-24 09:32:29.970,4.689,1000
2020-09-24 09:32:30.170,4.689,1000
2020-09-24 09:32:30.440,4.689,5000
2020-09-24 09:32:31.000,4.689,1400
2020-09-24 09:32:31.000,4.689,600
2020-09-24 09:32:31.180,4.689,3000
2020-09-24 09:32:31.210,4.689,1500
2020-09-24 09:32:31.210,4.689,500
2020-09-24 09:32:31.280,4.689,500
2020-09-24 09:32:31.650,4.688,300
2020-09-24 09:32:31.650,4.688,100
2020-09-24 09:32:31.710,4.688,5000
2020-09-24 09:32:32.200,4.688,500
2020-09-24 09:32:32.610,4.688,100
2020-09-24 09:32:32.610,4.689,1900
2020-09-24 09:32:33.040,4.689,17100
2020-09-24 09:32:33.040,4.689,2900
2020-09-24 09:32:33.880,4.689,3000
2020-09-24 09:32:34.890,4.689,4300
2020-09-24 09:32:35.590,4.689,2200
2020-09-24 09:32:36.060,4.69,1100
2020-09-24 09:32:36.060,4.69,5000
2020-09-24 09:32:36.060,4.69,3900
2020-09-24 09:32:36.700,4.689,200
2020-09-24 09:32:37.200,4.689,2800
2020-09-24 09:32:37.910,4.689,100
2020-09-24 09:32:38.380,4.689,2000
2020-09-24 09:32:40.610,4.689,500
2020-09-24 09:32:40.930,4.689,500
2020-09-24 09:32:41.650,4.688,1600
2020-09-24 09:32:41.650,4.688,2000
2020-09-24 09:32:41.650,4.688,100
2020-09-24 09:32:41.650,4.688,2000
2020-09-24 09:32:41.650,4.688,10000
2020-09-24 09:32:41.650,4.688,1000
2020-09-24 09:32:41.650,4.688,1500
2020-09-24 09:32:41.650,4.688,2000
2020-09-24 09:32:41.650,4.688,1000
2020-09-24 09:32:41.650,4.688,100
2020-09-24 09:32:41.650,4.688,400
2020-09-24 09:32:41.650,4.688,100
2020-09-24 09:32:41.650,4.688,10000
2020-09-24 09:32:41.650,4.688,100
2020-09-24 09:32:41.650,4.688,1000
2020-09-24 09:32:41.650,4.688,5000
2020-09-24 09:32:41.650,4.688,1000
2020-09-24 09:32:41.650,4.688,200
2020-09-24 09:32:41.710,4.688,3000
2020-09-24 09:32:42.030,4.688,100
2020-09-24 09:32:42.090,4.688,2000
2020-09-24 09:32:42.260,4.688,10000
2020-09-24 09:32:42.810,4.688,100
2020-09-24 09:32:43.680,4.688,1000
2020-09-24 09:32:43.790,4.688,10000
2020-09-24 09:32:44.220,4.688,100
2020-09-24 09:32:44.940,4.688,200
2020-09-24 09:32:45.120,4.688,5000
2020-09-24 09:32:45.280,4.688,4500
2020-09-24 09:32:46.310,4.688,300000
2020-09-24 09:32:46.560,4.688,48700
2020-09-24 09:32:46.560,4.688,4500
2020-09-24 09:32:46.780,4.688,3000
2020-09-24 09:32:46.780,4.688,1700
2020-09-24 09:32:46.780,4.689,5800
2020-09-24 09:32:46.780,4.689,15300
2020-09-24 09:32:46.810,4.689,300
2020-09-24 09:32:47.120,4.689,4400
2020-09-24 09:32:47.120,4.689,5000
2020-09-24 09:32:47.120,4.689,10000
2020-09-24 09:32:47.640,4.689,500
2020-09-24 09:32:47.920,4.69,7000
2020-09-24 09:32:48.290,4.69,2000
2020-09-24 09:32:48.640,4.69,1000
2020-09-24 09:32:49.350,4.69,16100
2020-09-24 09:32:49.350,4.69,100
2020-09-24 09:32:49.350,4.69,20000
2020-09-24 09:32:49.350,4.69,18900
2020-09-24 09:32:49.350,4.69,1000
2020-09-24 09:32:49.350,4.69,18400
2020-09-24 09:32:49.350,4.69,225500
2020-09-24 09:32:51.950,4.69,1000
2020-09-24 09:32:52.820,4.69,9500
2020-09-24 09:32:53.870,4.69,5000
2020-09-24 09:32:54.320,4.69,5000
2020-09-24 09:32:55.230,4.69,2500
2020-09-24 09:32:56.590,4.689,1200
2020-09-24 09:32:56.590,4.689,8800
2020-09-24 09:32:57.630,4.69,1000
2020-09-24 09:32:58.400,4.689,3000
2020-09-24 09:32:59.110,4.69,300
2020-09-24 09:32:59.390,4.69,200
2020-09-24 09:32:59.680,4.69,300
2020-09-24 09:32:59.820,4.69,21200
2020-09-24 09:33:00.180,4.69,20000
2020-09-24 09:33:00.320,4.69,500
2020-09-24 09:33:01.510,4.69,1000
2020-09-24 09:33:02.140,4.689,17900
2020-09-24 09:33:02.140,4.689,10000
2020-09-24 09:33:02.140,4.689,300
2020-09-24 09:33:02.140,4.689,2000
2020-09-24 09:33:02.140,4.689,2000
2020-09-24 09:33:02.140,4.689,10000
2020-09-24 09:33:02.140,4.689,100
2020-09-24 09:33:02.140,4.689,100
2020-09-24 09:33:02.140,4.689,1000
2020-09-24 09:33:02.140,4.689,30000
2020-09-24 09:33:02.140,4.689,2000
2020-09-24 09:33:02.140,4.689,2000
2020-09-24 09:33:02.140,4.689,1500
2020-09-24 09:33:03.890,4.69,500
2020-09-24 09:33:04.850,4.69,2000
2020-09-24 09:33:04.910,4.689,1300
2020-09-24 09:33:04.910,4.689,3000
2020-09-24 09:33:04.910,4.689,1000
2020-09-24 09:33:04.910,4.689,2900
2020-09-24 09:33:04.940,4.69,5000
2020-09-24 09:33:05.290,4.689,2100
2020-09-24 09:33:05.290,4.689,1000
2020-09-24 09:33:07.690,4.689,2200
2020-09-24 09:33:07.690,4.689,7800
2020-09-24 09:33:07.750,4.689,200
2020-09-24 09:33:08.190,4.688,100
2020-09-24 09:33:08.850,4.689,15000
2020-09-24 09:33:12.020,4.688,5000
2020-09-24 09:33:12.070,4.689,5000
2020-09-24 09:33:12.330,4.689,2000
2020-09-24 09:33:12.490,4.689,9200
2020-09-24 09:33:12.700,4.689,500
2020-09-24 09:33:14.160,4.689,5000
2020-09-24 09:33:14.280,4.688,700
2020-09-24 09:33:14.650,4.689,3300
2020-09-24 09:33:14.650,4.689,200
2020-09-24 09:33:14.910,4.689,5000
2020-09-24 09:33:15.660,4.688,3600
2020-09-24 09:33:15.660,4.688,4300
2020-09-24 09:33:15.660,4.688,2700
2020-09-24 09:33:15.660,4.688,1000
2020-09-24 09:33:15.660,4.688,800
2020-09-24 09:33:16.850,4.689,500
2020-09-24 09:33:16.960,4.689,3200
2020-09-24 09:33:16.960,4.689,3400
2020-09-24 09:33:16.960,4.689,130000
2020-09-24 09:33:16.960,4.689,5300
2020-09-24 09:33:17.100,4.69,18000
2020-09-24 09:33:17.160,4.69,7300
2020-09-24 09:33:19.590,4.689,100
2020-09-24 09:33:19.720,4.689,8000
2020-09-24 09:33:19.720,4.689,7000
2020-09-24 09:33:19.810,4.689,1500
2020-09-24 09:33:20.980,4.689,9000
2020-09-24 09:33:21.410,4.69,3700
2020-09-24 09:33:23.050,4.69,2400
2020-09-24 09:33:26.370,4.69,19000
2020-09-24 09:33:27.260,4.69,1000
2020-09-24 09:33:28.030,4.69,100
2020-09-24 09:33:28.550,4.69,1000
2020-09-24 09:33:29.200,4.689,2500
2020-09-24 09:33:29.200,4.689,10000
2020-09-24 09:33:29.200,4.689,20000
2020-09-24 09:33:29.200,4.689,200
2020-09-24 09:33:29.200,4.689,3000
2020-09-24 09:33:29.200,4.689,10000
2020-09-24 09:33:29.200,4.689,10000
2020-09-24 09:33:29.200,4.689,700
2020-09-24 09:33:29.200,4.689,800
2020-09-24 09:33:29.200,4.689,17000
2020-09-24 09:33:29.200,4.689,100
2020-09-24 09:33:29.200,4.689,300
2020-09-24 09:33:29.200,4.689,4300
2020-09-24 09:33:30.130,4.69,200
2020-09-24 09:33:30.590,4.69,600
2020-09-24 09:33:31.610,4.69,5000
2020-09-24 09:33:31.840,4.69,300
2020-09-24 09:33:32.950,4.69,200
2020-09-24 09:33:33.040,4.69,1000
2020-09-24 09:33:33.270,4.69,2000
2020-09-24 09:33:33.420,4.69,1000
2020-09-24 09:33:34.390,4.69,5000
2020-09-24 09:33:34.830,4.69,300
2020-09-24 09:33:35.200,4.69,400
2020-09-24 09:33:35.790,4.69,100
2020-09-24 09:33:35.940,4.69,11100
2020-09-24 09:33:36.430,4.69,200
2020-09-24 09:33:36.430,4.69,10000
2020-09-24 09:33:36.710,4.69,500
2020-09-24 09:33:36.740,4.69,3800
2020-09-24 09:33:37.360,4.69,300
2020-09-24 09:33:37.440,4.69,100
2020-09-24 09:33:37.860,4.689,15700
2020-09-24 09:33:37.860,4.689,5000
2020-09-24 09:33:37.860,4.689,13100
2020-09-24 09:33:37.860,4.689,10000
2020-09-24 09:33:37.860,4.689,2000
2020-09-24 09:33:37.860,4.689,100
2020-09-24 09:33:37.860,4.689,3000
2020-09-24 09:33:37.860,4.689,1000
2020-09-24 09:33:37.860,4.689,500
2020-09-24 09:33:37.860,4.689,500
2020-09-24 09:33:37.860,4.689,3300
2020-09-24 09:33:38.310,4.689,300
2020-09-24 09:33:38.510,4.689,500
2020-09-24 09:33:38.570,4.689,1000
2020-09-24 09:33:38.860,4.689,44000
2020-09-24 09:33:38.860,4.69,32500
2020-09-24 09:33:39.000,4.69,72400
2020-09-24 09:33:39.000,4.69,227600
2020-09-24 09:33:39.450,4.69,22400
2020-09-24 09:33:39.450,4.69,250000
2020-09-24 09:33:39.450,4.69,10000
2020-09-24 09:33:39.450,4.69,6700
2020-09-24 09:33:39.450,4.69,10000
2020-09-24 09:33:39.700,4.69,5700
2020-09-24 09:33:39.700,4.69,41300
2020-09-24 09:33:39.820,4.69,18700
2020-09-24 09:33:39.820,4.69,500
2020-09-24 09:33:39.820,4.69,500
2020-09-24 09:33:39.820,4.69,23000
2020-09-24 09:33:39.820,4.69,3000
2020-09-24 09:33:40.880,4.69,13300
2020-09-24 09:33:40.880,4.69,5000
2020-09-24 09:33:43.500,4.69,2400
2020-09-24 09:33:43.950,4.69,1800
2020-09-24 09:33:44.430,4.691,400
2020-09-24 09:33:44.430,4.691,600
2020-09-24 09:33:44.430,4.691,19000
2020-09-24 09:33:45.680,4.691,100
2020-09-24 09:33:47.450,4.691,2000
2020-09-24 09:33:48.990,4.69,10000
2020-09-24 09:33:48.990,4.691,2500
2020-09-24 09:33:48.990,4.691,100
2020-09-24 09:33:49.020,4.691,1000
2020-09-24 09:33:49.130,4.691,6000
2020-09-24 09:33:49.410,4.691,2900
2020-09-24 09:33:49.470,4.691,10600
2020-09-24 09:33:49.690,4.69,200
2020-09-24 09:33:49.880,4.691,8300
2020-09-24 09:33:50.330,4.691,100
2020-09-24 09:33:51.720,4.691,500
2020-09-24 09:33:52.150,4.69,100
2020-09-24 09:33:52.820,4.691,500
2020-09-24 09:33:53.430,4.691,2000
2020-09-24 09:33:53.650,4.691,1000
2020-09-24 09:33:54.530,4.691,1000
2020-09-24 09:33:54.810,4.691,5100
2020-09-24 09:33:54.940,4.691,500
2020-09-24 09:33:56.340,4.691,1000
2020-09-24 09:33:59.220,4.691,2500
2020-09-24 09:33:59.910,4.691,6000
2020-09-24 09:34:00.160,4.69,4500
2020-09-24 09:34:01.400,4.691,5000
2020-09-24 09:34:01.830,4.691,10400
2020-09-24 09:34:02.180,4.691,10000
2020-09-24 09:34:02.290,4.691,1900
2020-09-24 09:34:02.290,4.691,100
2020-09-24 09:34:02.380,4.691,19900
2020-09-24 09:34:02.380,4.692,19900
2020-09-24 09:34:08.600,4.692,800
2020-09-24 09:34:10.800,4.692,7400
2020-09-24 09:34:10.800,4.692,1900
2020-09-24 09:34:10.800,4.692,2000
2020-09-24 09:34:10.800,4.693,1800
2020-09-24 09:34:10.800,4.693,1000
2020-09-24 09:34:10.800,4.693,500
2020-09-24 09:34:10.800,4.693,2800
2020-09-24 09:34:10.800,4.691,500
2020-09-24 09:34:10.800,4.691,2000
2020-09-24 09:34:10.800,4.691,3200
2020-09-24 09:34:10.800,4.691,500
2020-09-24 09:34:10.800,4.691,900
2020-09-24 09:34:10.800,4.691,400
2020-09-24 09:34:10.800,4.691,4000
2020-09-24 09:34:10.800,4.691,9800
2020-09-24 09:34:12.050,4.692,100
2020-09-24 09:34:12.860,4.694,100
2020-09-24 09:34:12.860,4.694,400
2020-09-24 09:34:12.860,4.694,13900
2020-09-24 09:34:12.860,4.694,10000
2020-09-24 09:34:12.860,4.694,4500
2020-09-24 09:34:12.860,4.694,13700
2020-09-24 09:34:12.950,4.692,300
2020-09-24 09:34:16.340,4.692,100
2020-09-24 09:34:16.370,4.693,9100
2020-09-24 09:34:16.370,4.694,900
2020-09-24 09:34:17.040,4.694,12500
2020-09-24 09:34:18.270,4.692,500
2020-09-24 09:34:18.270,4.692,100
2020-09-24 09:34:18.270,4.692,6400
2020-09-24 09:34:18.270,4.692,500
2020-09-24 09:34:18.270,4.692,500
2020-09-24 09:34:18.270,4.692,1000
2020-09-24 09:34:19.360,4.692,1000
2020-09-24 09:34:19.360,4.692,8000
2020-09-24 09:34:19.620,4.692,1000
2020-09-24 09:34:20.500,4.692,1500
2020-09-24 09:34:21.560,4.694,10000
2020-09-24 09:34:21.560,4.694,20000
2020-09-24 09:34:21.560,4.694,20000
2020-09-24 09:34:22.180,4.694,4800
2020-09-24 09:34:22.580,4.693,5000
2020-09-24 09:34:22.580,4.694,10000
2020-09-24 09:34:24.690,4.694,4000
2020-09-24 09:34:24.880,4.693,10000
2020-09-24 09:34:25.860,4.693,185000
2020-09-24 09:34:25.860,4.693,1000
2020-09-24 09:34:25.860,4.692,8500
2020-09-24 09:34:25.860,4.692,500
2020-09-24 09:34:25.860,4.692,10000
2020-09-24 09:34:25.860,4.692,10000
2020-09-24 09:34:25.860,4.691,10200
2020-09-24 09:34:25.860,4.691,10000
2020-09-24 09:34:25.860,4.691,100
2020-09-24 09:34:25.860,4.691,1000
2020-09-24 09:34:25.860,4.691,700
2020-09-24 09:34:25.860,4.691,10000
2020-09-24 09:34:25.860,4.691,5000
2020-09-24 09:34:25.860,4.691,100
2020-09-24 09:34:25.860,4.691,4000
2020-09-24 09:34:25.860,4.691,200
2020-09-24 09:34:25.860,4.691,5000
2020-09-24 09:34:25.860,4.691,100
2020-09-24 09:34:25.860,4.691,4700
2020-09-24 09:34:26.260,4.691,800
2020-09-24 09:34:26.660,4.692,100
2020-09-24 09:34:26.710,4.692,500
2020-09-24 09:34:26.860,4.692,700
2020-09-24 09:34:26.910,4.691,1000
2020-09-24 09:34:28.710,4.691,3500
2020-09-24 09:34:28.710,4.691,100
2020-09-24 09:34:28.710,4.691,100
2020-09-24 09:34:28.710,4.691,1600
2020-09-24 09:34:28.710,4.691,1500
2020-09-24 09:34:28.710,4.691,20900
2020-09-24 09:34:32.270,4.692,300
2020-09-24 09:34:33.280,4.691,17500
2020-09-24 09:34:33.830,4.692,2100
2020-09-24 09:34:33.830,4.693,8000
2020-09-24 09:34:33.830,4.693,39900
2020-09-24 09:34:34.260,4.693,100
2020-09-24 09:34:34.440,4.691,5000
2020-09-24 09:34:35.050,4.692,100
2020-09-24 09:34:35.050,4.691,13300
2020-09-24 09:34:35.380,4.691,500
2020-09-24 09:34:38.710,4.692,500
2020-09-24 09:34:38.710,4.692,400
2020-09-24 09:34:38.800,4.692,21000
2020-09-24 09:34:38.800,4.692,1000
2020-09-24 09:34:38.800,4.692,500
2020-09-24 09:34:38.800,4.691,26000
2020-09-24 09:34:38.860,4.693,600
2020-09-24 09:34:39.140,4.693,2000
2020-09-24 09:34:39.920,4.692,3000
2020-09-24 09:34:39.920,4.692,2000
2020-09-24 09:34:40.450,4.692,5000
2020-09-24 09:34:42.340,4.692,20000
2020-09-24 09:34:42.640,4.693,800
2020-09-24 09:34:43.510,4.692,22400
2020-09-24 09:34:43.560,4.693,2900
2020-09-24 09:34:47.670,4.693,3700
2020-09-24 09:34:47.670,4.693,1000
2020-09-24 09:34:47.670,4.693,5000
2020-09-24 09:34:47.670,4.694,10000
2020-09-24 09:34:47.670,4.695,19800
2020-09-24 09:34:50.740,4.694,100
2020-09-24 09:34:50.740,4.695,5100
2020-09-24 09:34:52.150,4.693,400
2020-09-24 09:34:52.150,4.693,3600
2020-09-24 09:34:54.860,4.694,1000
2020-09-24 09:34:54.860,4.695,1000
2020-09-24 09:34:56.930,4.694,9100
2020-09-24 09:34:56.930,4.695,900
2020-09-24 09:34:56.930,4.695,10000
2020-09-24 09:34:56.930,4.695,19100
2020-09-24 09:34:56.930,4.695,100
2020-09-24 09:34:56.930,4.695,10800
2020-09-24 09:34:57.420,4.695,700
2020-09-24 09:34:58.030,4.693,100
2020-09-24 09:34:58.420,4.695,2400
2020-09-24 09:34:58.420,4.695,20000
2020-09-24 09:34:58.420,4.695,2500
2020-09-24 09:34:58.420,4.695,1000
2020-09-24 09:34:58.420,4.695,10000
2020-09-24 09:34:58.420,4.695,10000
2020-09-24 09:35:00.080,4.695,5000
2020-09-24 09:35:01.170,4.695,119600
2020-09-24 09:35:01.430,4.695,20000
2020-09-24 09:35:01.680,4.695,300000
2020-09-24 09:35:02.140,4.695,57400
2020-09-24 09:35:02.510,4.695,100
2020-09-24 09:35:02.630,4.696,800
2020-09-24 09:35:02.630,4.696,400
2020-09-24 09:35:03.000,4.695,51000
2020-09-24 09:35:03.020,4.696,200
2020-09-24 09:35:03.600,4.696,500
2020-09-24 09:35:03.650,4.695,300000
2020-09-24 09:35:04.100,4.695,25000
2020-09-24 09:35:04.240,4.695,76000
2020-09-24 09:35:04.240,4.695,100
2020-09-24 09:35:04.240,4.695,500
2020-09-24 09:35:04.240,4.695,5000
2020-09-24 09:35:04.600,4.694,50000
2020-09-24 09:35:04.600,4.694,500
2020-09-24 09:35:05.140,4.694,100
2020-09-24 09:35:05.460,4.694,3000
2020-09-24 09:35:06.190,4.694,300
2020-09-24 09:35:06.630,4.694,9600
2020-09-24 09:35:07.420,4.693,500
2020-09-24 09:35:07.420,4.693,1000
2020-09-24 09:35:07.420,4.693,1000
2020-09-24 09:35:07.420,4.693,1000
2020-09-24 09:35:07.420,4.693,1000
2020-09-24 09:35:07.420,4.693,400
2020-09-24 09:35:07.420,4.693,200
2020-09-24 09:35:08.810,4.694,400
2020-09-24 09:35:08.810,4.693,900
2020-09-24 09:35:10.290,4.693,1900
2020-09-24 09:35:10.290,4.693,3000
2020-09-24 09:35:10.290,4.693,100
2020-09-24 09:35:10.290,4.693,20000
2020-09-24 09:35:10.290,4.693,100
2020-09-24 09:35:10.410,4.693,4900
2020-09-24 09:35:10.920,4.693,100
2020-09-24 09:35:11.650,4.693,1000
2020-09-24 09:35:11.790,4.693,6000
2020-09-24 09:35:12.140,4.693,1100
2020-09-24 09:35:13.050,4.693,1800
2020-09-24 09:35:13.050,4.693,8200
2020-09-24 09:35:13.540,4.693,2000
2020-09-24 09:35:14.340,4.693,100
2020-09-24 09:35:15.550,4.693,600
2020-09-24 09:35:15.790,4.693,1000
2020-09-24 09:35:16.500,4.693,2000
2020-09-24 09:35:16.650,4.693,2100
2020-09-24 09:35:17.600,4.693,10000
2020-09-24 09:35:17.740,4.693,1000
2020-09-24 09:35:18.000,4.692,2000
2020-09-24 09:35:18.000,4.692,100
2020-09-24 09:35:18.000,4.692,1100
2020-09-24 09:35:18.000,4.692,10000
2020-09-24 09:35:18.000,4.692,800
2020-09-24 09:35:18.000,4.692,500
2020-09-24 09:35:18.000,4.691,500
2020-09-24 09:35:19.130,4.693,10000
2020-09-24 09:35:19.330,4.693,5000
2020-09-24 09:35:19.970,4.693,5000
2020-09-24 09:35:20.360,4.693,100
2020-09-24 09:35:20.600,4.693,12700
2020-09-24 09:35:21.370,4.693,100000
2020-09-24 09:35:21.800,4.693,5000
2020-09-24 09:35:22.610,4.693,300
2020-09-24 09:35:23.030,4.693,5000
2020-09-24 09:35:23.170,4.692,100
2020-09-24 09:35:23.460,4.692,400
2020-09-24 09:35:23.460,4.693,4600
2020-09-24 09:35:24.340,4.693,9500
2020-09-24 09:35:24.960,4.693,50000
2020-09-24 09:35:27.070,4.692,1000
2020-09-24 09:35:27.290,4.692,10000
2020-09-24 09:35:27.410,4.692,3000
2020-09-24 09:35:27.890,4.692,600
2020-09-24 09:35:28.060,4.692,500
2020-09-24 09:35:29.000,4.692,100
2020-09-24 09:35:29.430,4.692,4800
2020-09-24 09:35:29.430,4.692,100000
2020-09-24 09:35:29.430,4.692,30000
2020-09-24 09:35:29.430,4.693,365200
2020-09-24 09:35:30.010,4.692,500
2020-09-24 09:35:30.010,4.691,42400
2020-09-24 09:35:30.010,4.691,1000
2020-09-24 09:35:30.010,4.691,6600
2020-09-24 09:35:30.120,4.692,1000
2020-09-24 09:35:32.540,4.692,5000
2020-09-24 09:35:32.800,4.692,400
2020-09-24 09:35:34.970,4.691,3400
2020-09-24 09:35:34.970,4.691,600
2020-09-24 09:35:35.290,4.692,600
2020-09-24 09:35:36.730,4.692,2000
2020-09-24 09:35:36.880,4.692,900
2020-09-24 09:35:36.910,4.692,9600
2020-09-24 09:35:36.910,4.692,200
2020-09-24 09:35:36.910,4.692,200
2020-09-24 09:35:37.330,4.692,2000
2020-09-24 09:35:38.200,4.691,1500
2020-09-24 09:35:38.200,4.691,100
2020-09-24 09:35:38.200,4.691,10000
2020-09-24 09:35:38.200,4.691,1000
2020-09-24 09:35:38.200,4.691,3000
2020-09-24 09:35:38.200,4.691,5000
2020-09-24 09:35:38.200,4.691,5000
2020-09-24 09:35:38.200,4.691,4000
2020-09-24 09:35:38.200,4.691,5800
2020-09-24 09:35:38.200,4.691,200
2020-09-24 09:35:38.200,4.691,6800
2020-09-24 09:35:38.200,4.691,100
2020-09-24 09:35:38.200,4.691,5000
2020-09-24 09:35:38.230,4.691,2500
2020-09-24 09:35:38.230,4.692,500
2020-09-24 09:35:39.180,4.691,100
2020-09-24 09:35:39.560,4.691,200
2020-09-24 09:35:42.740,4.69,100
2020-09-24 09:35:42.740,4.69,1200
2020-09-24 09:35:42.740,4.69,3000
2020-09-24 09:35:42.740,4.69,2000
2020-09-24 09:35:42.740,4.69,10000
2020-09-24 09:35:42.740,4.69,5000
2020-09-24 09:35:42.740,4.69,400
2020-09-24 09:35:42.740,4.69,5000
2020-09-24 09:35:42.740,4.69,100
2020-09-24 09:35:42.740,4.69,2000
2020-09-24 09:35:42.740,4.69,1200
2020-09-24 09:35:42.880,4.691,1200
2020-09-24 09:35:43.160,4.691,20000
2020-09-24 09:35:43.590,4.69,8800
2020-09-24 09:35:43.590,4.69,10000
2020-09-24 09:35:43.590,4.69,5000
2020-09-24 09:35:43.590,4.69,1000
2020-09-24 09:35:43.590,4.69,1000
2020-09-24 09:35:43.590,4.69,2100
2020-09-24 09:35:43.590,4.69,5000
2020-09-24 09:35:43.590,4.69,20000
2020-09-24 09:35:43.590,4.69,500
2020-09-24 09:35:43.590,4.69,1000
2020-09-24 09:35:43.590,4.69,200
2020-09-24 09:35:43.590,4.69,2000
2020-09-24 09:35:43.590,4.69,5000
2020-09-24 09:35:43.590,4.69,30000
2020-09-24 09:35:43.590,4.69,1000
2020-09-24 09:35:43.590,4.69,500
2020-09-24 09:35:43.590,4.69,3000
2020-09-24 09:35:43.590,4.69,300
2020-09-24 09:35:43.590,4.69,2000
2020-09-24 09:35:43.590,4.69,200
2020-09-24 09:35:43.590,4.69,2400
2020-09-24 09:35:43.590,4.69,200
2020-09-24 09:35:43.590,4.69,1000
2020-09-24 09:35:43.590,4.69,3500
2020-09-24 09:35:43.590,4.69,100
2020-09-24 09:35:43.590,4.69,1000
2020-09-24 09:35:43.590,4.69,6100
2020-09-24 09:35:43.590,4.69,700
2020-09-24 09:35:43.590,4.69,2000
2020-09-24 09:35:44.050,4.69,100
2020-09-24 09:35:45.070,4.69,400
2020-09-24 09:35:48.240,4.69,2000
2020-09-24 09:35:49.780,4.69,100
2020-09-24 09:35:50.020,4.69,300
2020-09-24 09:35:51.380,4.689,100
2020-09-24 09:35:51.380,4.689,200
2020-09-24 09:35:51.380,4.689,100
2020-09-24 09:35:51.380,4.689,100
2020-09-24 09:35:51.380,4.689,4000
2020-09-24 09:35:51.380,4.689,2000
2020-09-24 09:35:51.380,4.689,1000
2020-09-24 09:35:51.380,4.689,4700
2020-09-24 09:35:51.790,4.689,2000
2020-09-24 09:35:51.790,4.689,200
2020-09-24 09:35:53.020,4.688,4200
2020-09-24 09:35:53.020,4.688,3700
2020-09-24 09:35:53.630,4.689,200
2020-09-24 09:35:54.420,4.689,100
2020-09-24 09:35:54.480,4.689,3000
2020-09-24 09:35:57.150,4.689,300
2020-09-24 09:35:57.910,4.688,5900
2020-09-24 09:35:57.910,4.688,2600
2020-09-24 09:35:57.910,4.688,5000
2020-09-24 09:35:57.910,4.688,2200
2020-09-24 09:35:57.910,4.688,1000
2020-09-24 09:35:57.910,4.688,1000
2020-09-24 09:35:57.910,4.688,6600
2020-09-24 09:35:57.910,4.688,1000
2020-09-24 09:35:57.910,4.688,2000
2020-09-24 09:35:57.910,4.688,2000
2020-09-24 09:35:57.910,4.688,500
2020-09-24 09:35:57.910,4.688,200
2020-09-24 09:35:57.910,4.688,200
2020-09-24 09:35:57.910,4.688,200
2020-09-24 09:35:57.910,4.688,200
2020-09-24 09:35:57.910,4.688,200
2020-09-24 09:35:57.910,4.688,200
2020-09-24 09:35:57.910,4.688,200
2020-09-24 09:35:57.910,4.688,200
2020-09-24 09:35:57.910,4.688,200
2020-09-24 09:35:57.910,4.688,200
2020-09-24 09:35:57.910,4.688,1000
2020-09-24 09:35:57.910,4.688,200
2020-09-24 09:35:57.910,4.688,12000
2020-09-24 09:35:57.910,4.688,10000
2020-09-24 09:35:57.910,4.688,3000
2020-09-24 09:35:57.910,4.688,1000
2020-09-24 09:35:57.910,4.688,600
2020-09-24 09:35:57.910,4.688,3000
2020-09-24 09:35:57.910,4.688,1000
2020-09-24 09:35:57.910,4.688,5000
2020-09-24 09:35:57.910,4.688,300
2020-09-24 09:35:57.910,4.688,200
2020-09-24 09:35:57.910,4.688,500
2020-09-24 09:35:57.910,4.688,10000
2020-09-24 09:35:57.910,4.688,1200
2020-09-24 09:35:57.910,4.688,5000
2020-09-24 09:35:57.910,4.688,4200
2020-09-24 09:35:57.910,4.688,800
2020-09-24 09:35:57.910,4.688,30000
2020-09-24 09:35:57.910,4.688,10000
2020-09-24 09:35:57.910,4.688,300
2020-09-24 09:35:57.910,4.688,200
2020-09-24 09:35:57.910,4.688,1400
2020-09-24 09:35:57.910,4.688,100
2020-09-24 09:35:57.910,4.688,500
2020-09-24 09:35:57.910,4.688,1700
2020-09-24 09:35:57.910,4.688,6300
2020-09-24 09:35:57.910,4.688,20000
2020-09-24 09:35:57.910,4.688,1500
2020-09-24 09:35:57.910,4.688,1100
2020-09-24 09:35:57.910,4.688,5500
2020-09-24 09:35:57.910,4.688,10000
2020-09-24 09:35:57.910,4.688,500
2020-09-24 09:35:57.910,4.688,100
2020-09-24 09:35:57.910,4.688,5700
2020-09-24 09:35:57.910,4.688,100
2020-09-24 09:35:57.910,4.688,3000
2020-09-24 09:35:57.910,4.688,100
2020-09-24 09:35:57.910,4.688,2500
2020-09-24 09:35:57.910,4.688,300
2020-09-24 09:35:57.910,4.688,200
2020-09-24 09:35:57.910,4.688,10000
2020-09-24 09:35:57.910,4.688,2000
2020-09-24 09:35:57.910,4.688,100
2020-09-24 09:35:57.910,4.688,10000
2020-09-24 09:35:58.020,4.688,500
2020-09-24 09:35:59.760,4.688,10500
2020-09-24 09:35:59.760,4.688,3000
2020-09-24 09:35:59.990,4.688,100
2020-09-24 09:36:00.440,4.689,300
2020-09-24 09:36:01.450,4.689,100
2020-09-24 09:36:01.710,4.689,400
2020-09-24 09:36:01.740,4.689,1600
2020-09-24 09:36:01.740,4.689,15400
2020-09-24 09:36:03.350,4.688,30000
2020-09-24 09:36:04.830,4.688,1000
2020-09-24 09:36:04.830,4.688,2100
2020-09-24 09:36:04.830,4.688,2000
2020-09-24 09:36:05.590,4.688,1100
2020-09-24 09:36:06.310,4.688,100
2020-09-24 09:36:06.620,4.688,1000
2020-09-24 09:36:06.640,4.688,80000
2020-09-24 09:36:07.170,4.688,400
2020-09-24 09:36:07.760,4.688,20000
2020-09-24 09:36:08.180,4.688,700
2020-09-24 09:36:08.820,4.687,1000
2020-09-24 09:36:08.820,4.687,10000
2020-09-24 09:36:08.820,4.687,200
2020-09-24 09:36:08.820,4.687,1000
2020-09-24 09:36:08.820,4.687,10000
2020-09-24 09:36:08.820,4.687,1000
2020-09-24 09:36:08.820,4.687,500
2020-09-24 09:36:08.820,4.687,10000
2020-09-24 09:36:08.820,4.687,500
2020-09-24 09:36:08.820,4.687,5000
2020-09-24 09:36:08.820,4.687,3000
2020-09-24 09:36:08.820,4.687,200
2020-09-24 09:36:08.820,4.687,5000
2020-09-24 09:36:08.820,4.687,2000
2020-09-24 09:36:08.820,4.687,600
2020-09-24 09:36:10.710,4.687,10700
2020-09-24 09:36:10.710,4.687,100
2020-09-24 09:36:10.860,4.688,100
2020-09-24 09:36:11.700,4.687,1000
2020-09-24 09:36:11.700,4.687,200
2020-09-24 09:36:11.700,4.687,1100
2020-09-24 09:36:11.700,4.687,400
2020-09-24 09:36:11.700,4.687,1000
2020-09-24 09:36:11.700,4.687,1100
2020-09-24 09:36:11.760,4.687,100
2020-09-24 09:36:11.820,4.688,2400
2020-09-24 09:36:12.230,4.687,500
2020-09-24 09:36:12.230,4.687,600
2020-09-24 09:36:12.230,4.687,800
2020-09-24 09:36:12.230,4.687,2000
2020-09-24 09:36:12.230,4.687,2000
2020-09-24 09:36:12.230,4.687,3700
2020-09-24 09:36:12.230,4.687,10000
2020-09-24 09:36:12.230,4.687,800
2020-09-24 09:36:12.230,4.687,1000
2020-09-24 09:36:12.230,4.687,5000
2020-09-24 09:36:12.230,4.687,4600
2020-09-24 09:36:12.230,4.687,2000
2020-09-24 09:36:12.790,4.688,200
2020-09-24 09:36:12.840,4.687,30000
2020-09-24 09:36:12.940,4.687,30000
2020-09-24 09:36:13.130,4.687,139600
2020-09-24 09:36:13.130,4.687,800
2020-09-24 09:36:13.760,4.687,10000
2020-09-24 09:36:13.760,4.686,3600
2020-09-24 09:36:13.760,4.686,5000
2020-09-24 09:36:13.760,4.686,20000
2020-09-24 09:36:13.760,4.686,1700
2020-09-24 09:36:13.760,4.686,400
2020-09-24 09:36:13.760,4.686,5000
2020-09-24 09:36:13.760,4.686,300
2020-09-24 09:36:13.760,4.686,2800
2020-09-24 09:36:13.760,4.686,10000
2020-09-24 09:36:13.760,4.686,10000
2020-09-24 09:36:13.760,4.686,100
2020-09-24 09:36:13.760,4.686,8000
2020-09-24 09:36:13.760,4.686,1000
2020-09-24 09:36:13.760,4.686,2000
2020-09-24 09:36:13.760,4.686,300
2020-09-24 09:36:13.760,4.686,20000
2020-09-24 09:36:13.760,4.686,10000
2020-09-24 09:36:13.760,4.686,1000
2020-09-24 09:36:13.760,4.686,5000
2020-09-24 09:36:13.760,4.686,100
2020-09-24 09:36:13.760,4.686,1100
2020-09-24 09:36:13.760,4.686,1000
2020-09-24 09:36:13.760,4.686,700
2020-09-24 09:36:13.760,4.686,100
2020-09-24 09:36:13.760,4.686,1900
2020-09-24 09:36:13.760,4.686,500
2020-09-24 09:36:13.760,4.686,200
2020-09-24 09:36:13.760,4.686,3000
2020-09-24 09:36:13.760,4.686,5600
2020-09-24 09:36:13.760,4.686,500
2020-09-24 09:36:13.760,4.686,600
2020-09-24 09:36:13.860,4.686,200
2020-09-24 09:36:14.860,4.686,2500
2020-09-24 09:36:14.890,4.686,5000
2020-09-24 09:36:14.920,4.686,500
2020-09-24 09:36:15.630,4.685,100
2020-09-24 09:36:15.630,4.685,1000
2020-09-24 09:36:15.630,4.685,15000
2020-09-24 09:36:15.630,4.685,2000
2020-09-24 09:36:15.630,4.685,2100
2020-09-24 09:36:15.630,4.685,20000
2020-09-24 09:36:15.630,4.685,1300
2020-09-24 09:36:15.630,4.685,24600
2020-09-24 09:36:15.630,4.685,500
2020-09-24 09:36:15.630,4.685,5000
2020-09-24 09:36:15.630,4.685,50000
2020-09-24 09:36:15.630,4.685,100
2020-09-24 09:36:15.630,4.685,5000
2020-09-24 09:36:15.630,4.685,500
2020-09-24 09:36:15.630,4.685,500
2020-09-24 09:36:15.630,4.685,5000
2020-09-24 09:36:15.630,4.685,200
2020-09-24 09:36:15.630,4.685,100
2020-09-24 09:36:15.630,4.685,5000
2020-09-24 09:36:15.630,4.685,10000
2020-09-24 09:36:15.630,4.685,1000
2020-09-24 09:36:15.630,4.685,1000
2020-09-24 09:36:15.630,4.685,800
2020-09-24 09:36:15.630,4.685,200
2020-09-24 09:36:15.630,4.685,3000
2020-09-24 09:36:15.630,4.685,100
2020-09-24 09:36:15.630,4.685,500
2020-09-24 09:36:15.630,4.685,3000
2020-09-24 09:36:15.630,4.685,5000
2020-09-24 09:36:15.630,4.685,500
2020-09-24 09:36:15.630,4.685,100
2020-09-24 09:36:15.630,4.685,1000
2020-09-24 09:36:15.630,4.685,10100
2020-09-24 09:36:15.630,4.685,2000
2020-09-24 09:36:15.630,4.685,2000
2020-09-24 09:36:15.630,4.685,1000
2020-09-24 09:36:15.630,4.685,500
2020-09-24 09:36:15.630,4.685,5000
2020-09-24 09:36:15.630,4.685,600
2020-09-24 09:36:15.630,4.685,500
2020-09-24 09:36:15.630,4.685,200
2020-09-24 09:36:15.630,4.685,1000
2020-09-24 09:36:15.630,4.685,300
2020-09-24 09:36:15.630,4.685,500
2020-09-24 09:36:15.630,4.685,2500
2020-09-24 09:36:15.630,4.685,300
2020-09-24 09:36:15.630,4.685,3000
2020-09-24 09:36:15.630,4.685,200
2020-09-24 09:36:15.630,4.685,100
2020-09-24 09:36:15.630,4.685,400
2020-09-24 09:36:15.630,4.685,200
2020-09-24 09:36:15.630,4.685,2200
2020-09-24 09:36:15.630,4.685,800
2020-09-24 09:36:15.930,4.685,20900
2020-09-24 09:36:15.930,4.686,9100
2020-09-24 09:36:17.320,4.686,200
2020-09-24 09:36:18.740,4.686,42300
2020-09-24 09:36:21.440,4.685,2100
2020-09-24 09:36:21.440,4.684,200
2020-09-24 09:36:21.440,4.684,100
2020-09-24 09:36:21.440,4.684,500
2020-09-24 09:36:21.440,4.684,2100
2020-09-24 09:36:21.580,4.686,200
2020-09-24 09:36:23.080,4.686,1000
2020-09-24 09:36:23.230,4.686,500
2020-09-24 09:36:24.110,4.686,200
2020-09-24 09:36:25.120,4.686,5000
2020-09-24 09:36:25.340,4.686,700
2020-09-24 09:36:26.980,4.686,1400
2020-09-24 09:36:26.980,4.686,2500
2020-09-24 09:36:26.980,4.686,2200
2020-09-24 09:36:26.980,4.686,100
2020-09-24 09:36:26.980,4.685,3000
2020-09-24 09:36:26.980,4.685,200
2020-09-24 09:36:26.980,4.685,14200
2020-09-24 09:36:27.250,4.685,500
2020-09-24 09:36:27.280,4.685,500
2020-09-24 09:36:27.480,4.685,30500
2020-09-24 09:36:27.480,4.685,10000
2020-09-24 09:36:28.060,4.685,10000
2020-09-24 09:36:28.550,4.686,100
2020-09-24 09:36:28.550,4.686,800
2020-09-24 09:36:28.550,4.686,2500
2020-09-24 09:36:28.550,4.686,400
2020-09-24 09:36:28.580,4.685,80000
2020-09-24 09:36:28.580,4.685,400
2020-09-24 09:36:29.090,4.686,2000
2020-09-24 09:36:29.250,4.686,16100
2020-09-24 09:36:29.250,4.685,1500
2020-09-24 09:36:30.060,4.687,100
2020-09-24 09:36:31.070,4.687,4000
2020-09-24 09:36:31.420,4.686,10000
2020-09-24 09:36:32.110,4.686,600
2020-09-24 09:36:32.490,4.687,40900
2020-09-24 09:36:32.490,4.687,8300
2020-09-24 09:36:33.660,4.685,10000
2020-09-24 09:36:34.060,4.687,36700
2020-09-24 09:36:34.060,4.687,12000
2020-09-24 09:36:34.460,4.686,500
2020-09-24 09:36:34.460,4.685,4500
2020-09-24 09:36:35.040,4.687,33000
2020-09-24 09:36:35.040,4.687,45000
2020-09-24 09:36:35.040,4.687,45000
2020-09-24 09:36:35.040,4.687,1500
2020-09-24 09:36:35.040,4.687,5000
2020-09-24 09:36:35.040,4.687,400
2020-09-24 09:36:35.040,4.687,20000
2020-09-24 09:36:35.040,4.687,2500
2020-09-24 09:36:35.040,4.687,3000
2020-09-24 09:36:35.160,4.687,1000
2020-09-24 09:36:35.470,4.687,700
2020-09-24 09:36:36.000,4.687,3600
2020-09-24 09:36:37.580,4.687,100000
2020-09-24 09:36:38.280,4.687,4000
2020-09-24 09:36:42.180,4.687,14200
2020-09-24 09:36:44.010,4.687,21100
2020-09-24 09:36:44.600,4.687,500
2020-09-24 09:36:46.240,4.687,1000
2020-09-24 09:36:46.470,4.687,100
2020-09-24 09:36:47.080,4.687,5000
2020-09-24 09:36:47.180,4.687,2000
2020-09-24 09:36:47.410,4.687,200
2020-09-24 09:36:50.070,4.687,100
2020-09-24 09:36:50.070,4.687,2000
2020-09-24 09:36:50.620,4.687,600
2020-09-24 09:36:51.070,4.687,2000
2020-09-24 09:36:51.430,4.687,1900
2020-09-24 09:36:51.430,4.687,500
2020-09-24 09:36:51.450,4.687,2000
2020-09-24 09:36:51.830,4.687,600
2020-09-24 09:36:52.000,4.687,200
2020-09-24 09:36:52.150,4.687,11500
2020-09-24 09:36:52.370,4.687,1000
2020-09-24 09:36:53.190,4.687,2000
2020-09-24 09:36:53.250,4.687,5000
2020-09-24 09:36:56.750,4.686,2000
2020-09-24 09:36:56.750,4.686,5100
2020-09-24 09:36:56.750,4.686,500
2020-09-24 09:36:56.750,4.686,1000
2020-09-24 09:36:56.750,4.686,1400
2020-09-24 09:36:56.940,4.687,500
2020-09-24 09:36:57.080,4.687,500
2020-09-24 09:36:57.080,4.687,2500
2020-09-24 09:36:57.370,4.687,1000
2020-09-24 09:36:57.760,4.687,400
2020-09-24 09:36:58.990,4.686,1000
2020-09-24 09:36:59.050,4.687,2200
2020-09-24 09:36:59.530,4.687,2100
2020-09-24 09:36:59.690,4.687,4000
2020-09-24 09:36:59.810,4.687,200
2020-09-24 09:37:00.510,4.687,1000
2020-09-24 09:37:00.790,4.686,3600
2020-09-24 09:37:00.880,4.687,1000
2020-09-24 09:37:01.010,4.687,100
2020-09-24 09:37:01.210,4.687,50000
2020-09-24 09:37:02.020,4.687,1600
2020-09-24 09:37:03.620,4.687,14400
2020-09-24 09:37:03.850,4.687,1000
2020-09-24 09:37:04.490,4.686,17700
2020-09-24 09:37:05.310,4.687,300
2020-09-24 09:37:05.310,4.687,2000
2020-09-24 09:37:05.840,4.687,5000
2020-09-24 09:37:06.620,4.687,1000
2020-09-24 09:37:06.840,4.687,200
2020-09-24 09:37:06.840,4.687,100
2020-09-24 09:37:08.480,4.687,2000
2020-09-24 09:37:09.120,4.687,100
2020-09-24 09:37:09.120,4.687,3000
2020-09-24 09:37:09.540,4.687,1100
2020-09-24 09:37:09.570,4.687,9000
2020-09-24 09:37:10.360,4.687,200
2020-09-24 09:37:10.540,4.687,200
2020-09-24 09:37:10.680,4.687,200
2020-09-24 09:37:10.880,4.687,100
2020-09-24 09:37:10.940,4.687,6100
2020-09-24 09:37:11.020,4.687,3900
2020-09-24 09:37:11.130,4.688,200
2020-09-24 09:37:12.580,4.688,9800
2020-09-24 09:37:12.580,4.688,200
2020-09-24 09:37:16.830,4.688,100
2020-09-24 09:37:16.830,4.688,2200
2020-09-24 09:37:16.830,4.688,600
2020-09-24 09:37:19.200,4.688,9900
2020-09-24 09:37:19.200,4.688,1000
2020-09-24 09:37:19.200,4.688,20000
2020-09-24 09:37:19.200,4.688,3000
2020-09-24 09:37:23.370,4.689,1000
2020-09-24 09:37:24.000,4.688,10000
2020-09-24 09:37:24.700,4.688,6100
2020-09-24 09:37:24.700,4.688,3900
2020-09-24 09:37:24.970,4.688,100
2020-09-24 09:37:24.970,4.688,5000
2020-09-24 09:37:24.970,4.688,900
2020-09-24 09:37:25.480,4.689,30000
2020-09-24 09:37:26.460,4.689,1000
2020-09-24 09:37:27.300,4.689,1000
2020-09-24 09:37:27.680,4.689,5000
2020-09-24 09:37:28.130,4.688,900
2020-09-24 09:37:28.430,4.689,500
2020-09-24 09:37:29.660,4.689,5000
2020-09-24 09:37:30.460,4.689,1000
2020-09-24 09:37:30.520,4.689,1600
2020-09-24 09:37:32.030,4.689,2500
2020-09-24 09:37:32.110,4.689,100
2020-09-24 09:37:32.110,4.688,8200
2020-09-24 09:37:32.110,4.688,200
2020-09-24 09:37:32.110,4.688,1000
2020-09-24 09:37:32.110,4.688,10000
2020-09-24 09:37:32.110,4.688,1200
2020-09-24 09:37:32.110,4.688,500
2020-09-24 09:37:32.110,4.688,10000
2020-09-24 09:37:32.110,4.688,5900
2020-09-24 09:37:32.110,4.688,100
2020-09-24 09:37:32.110,4.688,5000
2020-09-24 09:37:32.110,4.688,3000
2020-09-24 09:37:32.110,4.688,2000
2020-09-24 09:37:32.110,4.688,1500
2020-09-24 09:37:32.110,4.688,50000
2020-09-24 09:37:32.400,4.688,3000
2020-09-24 09:37:33.140,4.688,2000
2020-09-24 09:37:33.280,4.688,200
2020-09-24 09:37:33.830,4.688,300
2020-09-24 09:37:33.960,4.688,3000
2020-09-24 09:37:34.200,4.688,5000
2020-09-24 09:37:34.660,4.689,4000
2020-09-24 09:37:35.140,4.689,9900
2020-09-24 09:37:35.140,4.689,100
2020-09-24 09:37:35.470,4.689,900
2020-09-24 09:37:35.470,4.689,100
2020-09-24 09:37:35.650,4.688,500
2020-09-24 09:37:35.650,4.687,5300
2020-09-24 09:37:35.650,4.687,1000
2020-09-24 09:37:35.650,4.687,1000
2020-09-24 09:37:35.650,4.687,4000
2020-09-24 09:37:35.650,4.687,3700
2020-09-24 09:37:35.650,4.687,100
2020-09-24 09:37:35.650,4.687,200
2020-09-24 09:37:35.650,4.687,50000
2020-09-24 09:37:35.650,4.687,18300
2020-09-24 09:37:35.650,4.687,2700
2020-09-24 09:37:35.650,4.687,10000
2020-09-24 09:37:35.650,4.687,400
2020-09-24 09:37:35.650,4.687,3000
2020-09-24 09:37:35.650,4.687,8000
2020-09-24 09:37:35.650,4.687,10000
2020-09-24 09:37:35.650,4.687,1000
2020-09-24 09:37:35.650,4.687,5000
2020-09-24 09:37:35.650,4.687,500
2020-09-24 09:37:36.310,4.687,500
2020-09-24 09:37:37.080,4.688,1900
2020-09-24 09:37:37.360,4.688,10000
2020-09-24 09:37:38.000,4.688,200
2020-09-24 09:37:38.140,4.688,300
2020-09-24 09:37:39.340,4.688,400
2020-09-24 09:37:39.480,4.688,5000
2020-09-24 09:37:40.050,4.688,200
2020-09-24 09:37:41.140,4.687,2000
2020-09-24 09:37:41.230,4.687,100
2020-09-24 09:37:41.610,4.687,100
2020-09-24 09:37:41.730,4.687,500
2020-09-24 09:37:41.950,4.687,10000
2020-09-24 09:37:42.120,4.687,400
2020-09-24 09:37:42.720,4.687,100
2020-09-24 09:37:43.290,4.687,1000
2020-09-24 09:37:43.470,4.687,400
2020-09-24 09:37:43.610,4.686,5000
2020-09-24 09:37:43.610,4.686,2200
2020-09-24 09:37:43.760,4.686,800
2020-09-24 09:37:43.760,4.686,200
2020-09-24 09:37:43.760,4.686,7400
2020-09-24 09:37:43.760,4.686,100
2020-09-24 09:37:43.760,4.686,500
2020-09-24 09:37:43.760,4.686,3000
2020-09-24 09:37:43.760,4.686,1600
2020-09-24 09:37:44.000,4.686,3400
2020-09-24 09:37:44.000,4.686,100
2020-09-24 09:37:44.000,4.686,42700
2020-09-24 09:37:44.000,4.686,400
2020-09-24 09:37:44.000,4.686,2000
2020-09-24 09:37:44.590,4.686,700
2020-09-24 09:37:44.590,4.686,8000
2020-09-24 09:37:44.590,4.686,2000
2020-09-24 09:37:44.590,4.686,400
2020-09-24 09:37:44.590,4.686,5400
2020-09-24 09:37:44.590,4.686,17000
2020-09-24 09:37:44.590,4.686,2000
2020-09-24 09:37:44.590,4.686,2000
2020-09-24 09:37:44.590,4.686,10000
2020-09-24 09:37:44.590,4.686,3000
2020-09-24 09:37:44.590,4.686,3500
2020-09-24 09:37:44.590,4.686,2000
2020-09-24 09:37:44.590,4.686,200
2020-09-24 09:37:44.590,4.686,3000
2020-09-24 09:37:44.590,4.686,400
2020-09-24 09:37:44.590,4.686,30000
2020-09-24 09:37:44.590,4.686,200
2020-09-24 09:37:44.590,4.686,3000
2020-09-24 09:37:44.590,4.686,10000
2020-09-24 09:37:44.590,4.686,20000
2020-09-24 09:37:44.590,4.686,2000
2020-09-24 09:37:44.590,4.686,3000
2020-09-24 09:37:44.590,4.686,2000
2020-09-24 09:37:44.590,4.686,100
2020-09-24 09:37:44.590,4.686,20000
2020-09-24 09:37:44.590,4.686,10000
2020-09-24 09:37:44.590,4.686,2000
2020-09-24 09:37:44.720,4.686,5000
2020-09-24 09:37:45.360,4.686,1000
2020-09-24 09:37:45.650,4.686,1400
2020-09-24 09:37:45.740,4.686,500
2020-09-24 09:37:45.740,4.686,100
2020-09-24 09:37:47.610,4.686,2500
2020-09-24 09:37:48.190,4.686,1500
2020-09-24 09:37:48.750,4.686,20000
2020-09-24 09:37:49.010,4.686,100
2020-09-24 09:37:49.200,4.685,2400
2020-09-24 09:37:49.200,4.685,1000
2020-09-24 09:37:49.200,4.685,2000
2020-09-24 09:37:49.200,4.685,2000
2020-09-24 09:37:49.200,4.685,2500
2020-09-24 09:37:49.200,4.685,5000
2020-09-24 09:37:49.200,4.685,5400
2020-09-24 09:37:49.200,4.685,5000
2020-09-24 09:37:49.200,4.685,2000
2020-09-24 09:37:49.200,4.685,121600
2020-09-24 09:37:49.200,4.685,100
2020-09-24 09:37:49.200,4.685,500
2020-09-24 09:37:49.200,4.685,4300
2020-09-24 09:37:49.200,4.685,50000
2020-09-24 09:37:49.200,4.685,200
2020-09-24 09:37:49.200,4.685,500
2020-09-24 09:37:49.200,4.685,3000
2020-09-24 09:37:49.200,4.685,1700
2020-09-24 09:37:49.200,4.685,200
2020-09-24 09:37:49.200,4.685,300
2020-09-24 09:37:49.200,4.685,3000
2020-09-24 09:37:49.200,4.685,2000
2020-09-24 09:37:49.200,4.685,100
2020-09-24 09:37:49.200,4.685,200
2020-09-24 09:37:49.200,4.685,8000
2020-09-24 09:37:49.200,4.685,400
2020-09-24 09:37:49.200,4.685,10000
2020-09-24 09:37:49.200,4.685,10500
2020-09-24 09:37:49.200,4.685,1000
2020-09-24 09:37:49.200,4.685,200
2020-09-24 09:37:49.200,4.685,3000
2020-09-24 09:37:49.200,4.685,1000
2020-09-24 09:37:49.200,4.685,1000
2020-09-24 09:37:49.200,4.685,40000
2020-09-24 09:37:49.200,4.685,200
2020-09-24 09:37:49.200,4.685,5000
2020-09-24 09:37:49.200,4.685,500
2020-09-24 09:37:49.200,4.685,300
2020-09-24 09:37:49.200,4.685,3900
2020-09-24 09:37:49.470,4.685,6100
2020-09-24 09:37:49.470,4.685,200
2020-09-24 09:37:49.470,4.685,300
2020-09-24 09:37:49.500,4.686,500
2020-09-24 09:37:49.650,4.685,5000
2020-09-24 09:37:49.650,4.685,295000
2020-09-24 09:37:49.740,4.685,30000
2020-09-24 09:37:49.770,4.685,50000
2020-09-24 09:37:50.320,4.686,1900
2020-09-24 09:37:50.430,4.685,100000
2020-09-24 09:37:50.560,4.686,100
2020-09-24 09:37:50.840,4.686,100
2020-09-24 09:37:50.840,4.686,3300
2020-09-24 09:37:50.840,4.686,4700
2020-09-24 09:37:52.010,4.686,5500
2020-09-24 09:37:52.440,4.686,500
2020-09-24 09:37:52.960,4.685,300000
2020-09-24 09:37:53.170,4.685,225000
2020-09-24 09:37:53.170,4.685,300
2020-09-24 09:37:53.650,4.684,900
2020-09-24 09:37:53.650,4.684,60900
2020-09-24 09:37:53.650,4.684,2000
2020-09-24 09:37:53.650,4.684,300
2020-09-24 09:37:53.650,4.684,1000
2020-09-24 09:37:53.650,4.684,1000
2020-09-24 09:37:53.650,4.684,30000
2020-09-24 09:37:53.650,4.684,5000
2020-09-24 09:37:53.650,4.684,800
2020-09-24 09:37:53.650,4.684,3000
2020-09-24 09:37:53.650,4.684,1000
2020-09-24 09:37:53.650,4.684,10000
2020-09-24 09:37:53.650,4.684,9100
2020-09-24 09:37:53.650,4.684,8300
2020-09-24 09:37:53.650,4.684,5000
2020-09-24 09:37:53.650,4.684,5000
2020-09-24 09:37:53.650,4.684,8000
2020-09-24 09:37:53.650,4.684,800
2020-09-24 09:37:53.650,4.684,25000
2020-09-24 09:37:53.650,4.684,5000
2020-09-24 09:37:53.650,4.684,9000
2020-09-24 09:37:53.650,4.684,300
2020-09-24 09:37:53.650,4.684,10000
2020-09-24 09:37:53.650,4.684,6000
2020-09-24 09:37:53.650,4.684,1000
2020-09-24 09:37:53.650,4.684,50000
2020-09-24 09:37:53.650,4.684,200
2020-09-24 09:37:53.650,4.684,2000
2020-09-24 09:37:53.650,4.683,1500
2020-09-24 09:37:53.650,4.683,100
2020-09-24 09:37:53.650,4.683,4000
2020-09-24 09:37:53.650,4.683,200
2020-09-24 09:37:53.650,4.683,500
2020-09-24 09:37:53.650,4.683,200
2020-09-24 09:37:53.650,4.683,100
2020-09-24 09:37:53.650,4.683,100
2020-09-24 09:37:53.650,4.683,5000
2020-09-24 09:37:53.650,4.683,2100
2020-09-24 09:37:53.650,4.683,700
2020-09-24 09:37:53.650,4.683,10000
2020-09-24 09:37:53.650,4.683,10000
2020-09-24 09:37:53.650,4.683,100
2020-09-24 09:37:53.650,4.683,4800
2020-09-24 09:37:54.400,4.685,500
2020-09-24 09:37:54.640,4.684,5000
2020-09-24 09:37:54.770,4.684,100
2020-09-24 09:37:55.570,4.684,100
2020-09-24 09:37:55.630,4.684,200
2020-09-24 09:37:56.070,4.684,200
2020-09-24 09:37:56.100,4.683,5200
2020-09-24 09:37:56.100,4.683,300
2020-09-24 09:37:56.100,4.683,10000
2020-09-24 09:37:56.100,4.683,300
2020-09-24 09:37:56.100,4.683,20000
2020-09-24 09:37:56.100,4.683,4000
2020-09-24 09:37:56.100,4.683,5000
2020-09-24 09:37:56.100,4.683,100
2020-09-24 09:37:56.100,4.683,2000
2020-09-24 09:37:56.100,4.683,2000
2020-09-24 09:37:56.100,4.683,1400
2020-09-24 09:37:56.100,4.683,10000
2020-09-24 09:37:56.100,4.683,13900
2020-09-24 09:37:56.760,4.685,100
2020-09-24 09:37:57.000,4.683,1100
2020-09-24 09:37:57.000,4.683,6900
2020-09-24 09:37:57.260,4.685,3000
2020-09-24 09:37:57.670,4.685,500
2020-09-24 09:37:57.670,4.685,12200
2020-09-24 09:37:57.720,4.685,18500
2020-09-24 09:37:57.720,4.685,600
2020-09-24 09:37:57.720,4.685,80900
2020-09-24 09:37:58.300,4.684,1000
2020-09-24 09:37:58.470,4.683,3100
2020-09-24 09:37:58.470,4.683,100
2020-09-24 09:37:58.470,4.683,800
2020-09-24 09:37:58.470,4.683,700
2020-09-24 09:37:58.470,4.683,1000
2020-09-24 09:37:58.470,4.683,2100
2020-09-24 09:37:58.470,4.683,300
2020-09-24 09:37:58.470,4.683,100
2020-09-24 09:37:58.470,4.683,2700
2020-09-24 09:37:58.470,4.683,2000
2020-09-24 09:37:58.470,4.683,300
2020-09-24 09:37:58.470,4.683,2000
2020-09-24 09:37:58.470,4.683,2200
2020-09-24 09:37:58.470,4.683,3000
2020-09-24 09:37:58.470,4.683,2000
2020-09-24 09:37:58.470,4.683,4900
2020-09-24 09:37:58.800,4.683,100
2020-09-24 09:37:58.800,4.683,200
2020-09-24 09:37:58.800,4.683,2000
2020-09-24 09:37:58.800,4.683,2000
2020-09-24 09:37:58.800,4.683,5000
2020-09-24 09:37:58.800,4.683,1000
2020-09-24 09:37:58.800,4.683,5000
2020-09-24 09:37:58.800,4.683,100
2020-09-24 09:37:58.800,4.683,5000
2020-09-24 09:37:58.800,4.683,5000
2020-09-24 09:37:58.800,4.683,100
2020-09-24 09:37:58.800,4.683,5000
2020-09-24 09:37:58.800,4.683,200
2020-09-24 09:37:58.800,4.683,300
2020-09-24 09:37:59.480,4.683,113300
2020-09-24 09:37:59.740,4.683,500
2020-09-24 09:37:59.920,4.683,1000
2020-09-24 09:38:00.030,4.683,200
2020-09-24 09:38:00.170,4.683,1000
2020-09-24 09:38:01.050,4.683,100000
2020-09-24 09:38:01.240,4.683,300
2020-09-24 09:38:01.240,4.683,600
2020-09-24 09:38:01.240,4.683,3000
2020-09-24 09:38:01.260,4.683,100
2020-09-24 09:38:01.400,4.683,2000
2020-09-24 09:38:01.430,4.683,400
2020-09-24 09:38:02.330,4.683,10000
2020-09-24 09:38:02.980,4.683,100
2020-09-24 09:38:03.410,4.682,3600
2020-09-24 09:38:03.410,4.682,100
2020-09-24 09:38:03.410,4.682,200
2020-09-24 09:38:03.410,4.682,6100
2020-09-24 09:38:03.790,4.683,50000
2020-09-24 09:38:03.790,4.683,111000
2020-09-24 09:38:03.880,4.683,500
2020-09-24 09:38:04.780,4.683,1000
2020-09-24 09:38:05.040,4.683,10000
2020-09-24 09:38:05.130,4.683,10000
2020-09-24 09:38:05.310,4.682,2800
2020-09-24 09:38:05.310,4.682,5300
2020-09-24 09:38:05.820,4.683,100
2020-09-24 09:38:05.940,4.683,300
2020-09-24 09:38:06.000,4.683,500
2020-09-24 09:38:06.750,4.683,5000
2020-09-24 09:38:07.200,4.682,3600
2020-09-24 09:38:07.710,4.682,10000
2020-09-24 09:38:08.220,4.683,500
2020-09-24 09:38:08.480,4.682,1100
2020-09-24 09:38:08.480,4.682,18500
2020-09-24 09:38:08.750,4.682,1500
2020-09-24 09:38:08.750,4.682,100
2020-09-24 09:38:08.750,4.682,7000
2020-09-24 09:38:08.750,4.682,2000
2020-09-24 09:38:08.750,4.682,500
2020-09-24 09:38:08.750,4.682,1000
2020-09-24 09:38:08.750,4.682,4000
2020-09-24 09:38:08.750,4.682,500
2020-09-24 09:38:08.750,4.682,10000
2020-09-24 09:38:08.750,4.682,122900
2020-09-24 09:38:08.750,4.682,20000
2020-09-24 09:38:08.750,4.682,700
2020-09-24 09:38:08.750,4.682,1000
2020-09-24 09:38:08.750,4.682,2000
2020-09-24 09:38:08.750,4.682,4000
2020-09-24 09:38:08.750,4.682,10000
2020-09-24 09:38:08.750,4.682,2600
2020-09-24 09:38:08.750,4.682,5000
2020-09-24 09:38:08.750,4.682,2000
2020-09-24 09:38:08.750,4.682,2600
2020-09-24 09:38:08.750,4.682,100
2020-09-24 09:38:08.750,4.682,500
2020-09-24 09:38:08.750,4.682,600
2020-09-24 09:38:08.750,4.682,10000
2020-09-24 09:38:08.750,4.682,200
2020-09-24 09:38:08.750,4.682,200
2020-09-24 09:38:08.750,4.682,6000
2020-09-24 09:38:08.750,4.682,200
2020-09-24 09:38:08.750,4.682,1000
2020-09-24 09:38:08.750,4.682,1000
2020-09-24 09:38:08.750,4.682,200
2020-09-24 09:38:08.750,4.682,300
2020-09-24 09:38:08.750,4.682,1000
2020-09-24 09:38:08.750,4.682,30000
2020-09-24 09:38:08.750,4.682,2800
2020-09-24 09:38:08.750,4.682,1000
2020-09-24 09:38:08.750,4.682,200
2020-09-24 09:38:08.750,4.682,15000
2020-09-24 09:38:08.750,4.682,9100
2020-09-24 09:38:08.750,4.682,2000
2020-09-24 09:38:08.750,4.682,100
2020-09-24 09:38:08.750,4.682,5000
2020-09-24 09:38:08.750,4.682,600
2020-09-24 09:38:08.750,4.682,200
2020-09-24 09:38:08.750,4.682,500
2020-09-24 09:38:08.750,4.682,3000
2020-09-24 09:38:08.750,4.682,1000
2020-09-24 09:38:08.880,4.682,100
2020-09-24 09:38:08.970,4.681,50000
2020-09-24 09:38:09.310,4.682,8700
2020-09-24 09:38:09.310,4.682,10400
2020-09-24 09:38:09.310,4.683,30900
2020-09-24 09:38:10.030,4.683,2400
2020-09-24 09:38:10.170,4.683,100
2020-09-24 09:38:10.560,4.683,300
2020-09-24 09:38:10.750,4.683,3400
2020-09-24 09:38:11.580,4.683,10000
2020-09-24 09:38:12.210,4.682,100
2020-09-24 09:38:12.210,4.682,1000
2020-09-24 09:38:12.210,4.682,300
2020-09-24 09:38:12.210,4.681,6300
2020-09-24 09:38:12.890,4.683,100
2020-09-24 09:38:14.060,4.683,400
2020-09-24 09:38:14.060,4.683,19600
2020-09-24 09:38:14.180,4.683,400
2020-09-24 09:38:14.180,4.683,600
2020-09-24 09:38:14.270,4.683,5400
2020-09-24 09:38:14.270,4.683,4600
2020-09-24 09:38:14.490,4.683,300
2020-09-24 09:38:14.700,4.681,200
2020-09-24 09:38:14.850,4.683,10000
2020-09-24 09:38:14.980,4.683,200
2020-09-24 09:38:15.150,4.683,100
2020-09-24 09:38:15.210,4.683,5500
2020-09-24 09:38:15.820,4.683,1000
2020-09-24 09:38:15.930,4.683,6400
2020-09-24 09:38:16.450,4.682,1500
2020-09-24 09:38:16.450,4.682,25500
2020-09-24 09:38:16.630,4.682,400
2020-09-24 09:38:19.590,4.682,2000
2020-09-24 09:38:20.330,4.683,1900
2020-09-24 09:38:20.330,4.683,2000
2020-09-24 09:38:20.330,4.683,1000
2020-09-24 09:38:20.330,4.683,35100
2020-09-24 09:38:20.470,4.683,100
2020-09-24 09:38:21.670,4.682,3000
2020-09-24 09:38:21.750,4.683,1000
2020-09-24 09:38:21.870,4.683,63800
2020-09-24 09:38:22.040,4.683,2000
2020-09-24 09:38:23.380,4.683,25300
2020-09-24 09:38:24.930,4.683,6000
2020-09-24 09:38:25.430,4.683,500
2020-09-24 09:38:27.100,4.683,2000
2020-09-24 09:38:28.400,4.684,26700
2020-09-24 09:38:28.850,4.685,16900
2020-09-24 09:38:29.160,4.684,8500
2020-09-24 09:38:29.240,4.685,400
2020-09-24 09:38:31.150,4.685,200
2020-09-24 09:38:31.350,4.684,500
2020-09-24 09:38:33.830,4.684,200
2020-09-24 09:38:33.830,4.684,100
2020-09-24 09:38:33.830,4.683,1700
2020-09-24 09:38:34.440,4.683,200
2020-09-24 09:38:36.410,4.683,100
2020-09-24 09:38:38.220,4.683,200
2020-09-24 09:38:38.480,4.683,100
2020-09-24 09:38:38.910,4.684,1000
2020-09-24 09:38:39.280,4.684,7000
2020-09-24 09:38:42.610,4.684,1000
2020-09-24 09:38:43.750,4.684,10700
2020-09-24 09:38:44.050,4.684,5300
2020-09-24 09:38:44.050,4.684,6400
2020-09-24 09:38:44.050,4.684,3000
2020-09-24 09:38:44.050,4.685,2500
2020-09-24 09:38:44.050,4.685,4000
2020-09-24 09:38:44.050,4.685,278800
2020-09-24 09:38:44.480,4.684,100
2020-09-24 09:38:44.480,4.683,100
2020-09-24 09:38:44.480,4.683,5000
2020-09-24 09:38:44.480,4.683,2400
2020-09-24 09:38:44.480,4.683,500
2020-09-24 09:38:44.480,4.683,1000
2020-09-24 09:38:44.480,4.683,25000
2020-09-24 09:38:44.480,4.683,3100
2020-09-24 09:38:44.480,4.683,200
2020-09-24 09:38:44.480,4.683,6900
2020-09-24 09:38:44.480,4.683,500
2020-09-24 09:38:44.480,4.683,2200
2020-09-24 09:38:44.480,4.683,400
2020-09-24 09:38:44.480,4.683,2600
2020-09-24 09:38:44.510,4.683,100
2020-09-24 09:38:45.280,4.685,4300
2020-09-24 09:38:48.810,4.685,20000
2020-09-24 09:38:48.810,4.685,300
2020-09-24 09:38:48.810,4.684,5000
2020-09-24 09:38:48.810,4.684,100
2020-09-24 09:38:48.810,4.684,10000
2020-09-24 09:38:48.810,4.684,5100
2020-09-24 09:38:48.810,4.684,2000
2020-09-24 09:38:48.810,4.684,500
2020-09-24 09:38:48.810,4.684,7000
2020-09-24 09:38:55.000,4.686,4000
2020-09-24 09:38:55.510,4.686,100
2020-09-24 09:38:55.670,4.684,18000
2020-09-24 09:38:55.670,4.684,500
2020-09-24 09:38:55.670,4.684,6800
2020-09-24 09:38:55.760,4.686,100
2020-09-24 09:38:56.590,4.686,100
2020-09-24 09:38:57.920,4.686,3000
2020-09-24 09:39:00.660,4.685,200
2020-09-24 09:39:00.660,4.685,5000
2020-09-24 09:39:00.660,4.685,2000
2020-09-24 09:39:01.310,4.684,3200
2020-09-24 09:39:01.310,4.684,1800
2020-09-24 09:39:01.310,4.685,10000
2020-09-24 09:39:01.600,4.684,8200
2020-09-24 09:39:01.600,4.684,200
2020-09-24 09:39:01.600,4.684,300
2020-09-24 09:39:01.600,4.684,1000
2020-09-24 09:39:01.600,4.684,5000
2020-09-24 09:39:01.600,4.684,4000
2020-09-24 09:39:01.600,4.684,1000
2020-09-24 09:39:01.600,4.684,10000
2020-09-24 09:39:01.600,4.684,500
2020-09-24 09:39:01.600,4.684,600
2020-09-24 09:39:01.600,4.684,5000
2020-09-24 09:39:01.600,4.684,42700
2020-09-24 09:39:01.600,4.684,1000
2020-09-24 09:39:01.600,4.684,30000
2020-09-24 09:39:01.600,4.684,3500
2020-09-24 09:39:01.600,4.684,5000
2020-09-24 09:39:01.600,4.684,7500
2020-09-24 09:39:01.600,4.684,1000
2020-09-24 09:39:01.600,4.684,300
2020-09-24 09:39:01.600,4.684,200
2020-09-24 09:39:01.600,4.684,1000
2020-09-24 09:39:01.600,4.684,79200
2020-09-24 09:39:02.610,4.684,92800
2020-09-24 09:39:02.610,4.684,15900
2020-09-24 09:39:02.660,4.684,4800
2020-09-24 09:39:03.510,4.685,100
2020-09-24 09:39:03.640,4.684,5200
2020-09-24 09:39:03.850,4.684,10000
2020-09-24 09:39:05.120,4.684,5000
2020-09-24 09:39:05.580,4.684,5000
2020-09-24 09:39:06.190,4.684,9100
2020-09-24 09:39:06.630,4.684,300
2020-09-24 09:39:06.970,4.684,3000
2020-09-24 09:39:07.190,4.684,100
2020-09-24 09:39:07.240,4.684,5000
2020-09-24 09:39:07.350,4.684,300
2020-09-24 09:39:07.960,4.684,100
2020-09-24 09:39:08.670,4.684,5000
2020-09-24 09:39:09.160,4.685,29900
2020-09-24 09:39:09.160,4.686,15800
2020-09-24 09:39:09.160,4.686,100
2020-09-24 09:39:09.160,4.686,2000
2020-09-24 09:39:09.160,4.686,23800
2020-09-24 09:39:09.160,4.686,7900
2020-09-24 09:39:11.860,4.686,2000
2020-09-24 09:39:11.860,4.686,3000
2020-09-24 09:39:11.920,4.684,1000
2020-09-24 09:39:11.920,4.684,500
2020-09-24 09:39:11.920,4.684,2000
2020-09-24 09:39:12.670,4.684,2000
2020-09-24 09:39:17.420,4.685,100
2020-09-24 09:39:17.840,4.685,200
2020-09-24 09:39:17.920,4.685,100
2020-09-24 09:39:18.570,4.685,1800
2020-09-24 09:39:18.900,4.686,300
2020-09-24 09:39:23.080,4.686,100
2020-09-24 09:39:23.080,4.685,100
2020-09-24 09:39:26.290,4.687,5000
2020-09-24 09:39:28.950,4.686,300
2020-09-24 09:39:29.840,4.686,200
2020-09-24 09:39:31.540,4.686,700
2020-09-24 09:39:32.310,4.685,4900
2020-09-24 09:39:32.310,4.685,2000
2020-09-24 09:39:32.310,4.685,100
2020-09-24 09:39:32.410,4.686,100
2020-09-24 09:39:32.410,4.686,1000
2020-09-24 09:39:32.410,4.687,600
2020-09-24 09:39:32.410,4.687,200
2020-09-24 09:39:32.410,4.687,100
2020-09-24 09:39:32.930,4.685,900
2020-09-24 09:39:32.930,4.685,25000
2020-09-24 09:39:32.930,4.685,100
2020-09-24 09:39:32.930,4.685,10000
2020-09-24 09:39:32.930,4.684,6000
2020-09-24 09:39:32.930,4.684,2000
2020-09-24 09:39:32.930,4.684,10000
2020-09-24 09:39:32.930,4.684,100
2020-09-24 09:39:32.930,4.684,100
2020-09-24 09:39:32.930,4.684,100
2020-09-24 09:39:32.930,4.684,100
2020-09-24 09:39:32.930,4.684,1000
2020-09-24 09:39:32.930,4.684,5000
2020-09-24 09:39:32.930,4.684,8000
2020-09-24 09:39:32.930,4.684,30000
2020-09-24 09:39:32.930,4.684,1600
2020-09-24 09:39:33.810,4.685,7000
2020-09-24 09:39:34.780,4.687,200
2020-09-24 09:39:35.810,4.687,5000
2020-09-24 09:39:36.810,4.686,1700
2020-09-24 09:39:37.170,4.686,11000
2020-09-24 09:39:38.490,4.686,800
2020-09-24 09:39:38.490,4.685,500
2020-09-24 09:39:38.490,4.685,1100
2020-09-24 09:39:38.860,4.687,1000
2020-09-24 09:39:39.630,4.687,100
2020-09-24 09:39:40.920,4.686,1100
2020-09-24 09:39:41.170,4.687,2000
2020-09-24 09:39:43.010,4.687,100
2020-09-24 09:39:44.170,4.686,1800
2020-09-24 09:39:45.060,4.686,2100
2020-09-24 09:39:45.060,4.686,100
2020-09-24 09:39:46.010,4.687,10000
2020-09-24 09:39:46.770,4.687,1500
2020-09-24 09:39:46.770,4.687,5000
2020-09-24 09:39:46.770,4.687,3500
2020-09-24 09:39:47.820,4.687,200
2020-09-24 09:39:48.670,4.687,100
2020-09-24 09:39:49.200,4.687,4200
2020-09-24 09:39:49.200,4.687,800
2020-09-24 09:39:52.320,4.687,100
2020-09-24 09:39:53.090,4.687,300
2020-09-24 09:39:53.920,4.687,1800
2020-09-24 09:39:53.920,4.687,2700
2020-09-24 09:39:55.300,4.686,500
2020-09-24 09:39:55.300,4.686,500
2020-09-24 09:39:55.300,4.686,400
2020-09-24 09:39:55.300,4.686,1200
2020-09-24 09:39:55.300,4.686,10000
2020-09-24 09:39:55.300,4.686,2000
2020-09-24 09:39:55.300,4.686,10000
2020-09-24 09:39:55.300,4.686,2000
2020-09-24 09:39:55.300,4.686,67200
2020-09-24 09:39:55.300,4.686,1000
2020-09-24 09:39:55.300,4.686,10000
2020-09-24 09:39:55.300,4.686,1000
2020-09-24 09:39:55.300,4.686,1000
2020-09-24 09:39:55.300,4.686,1000
2020-09-24 09:39:55.300,4.686,3000
2020-09-24 09:39:55.300,4.686,2000
2020-09-24 09:39:55.300,4.686,10000
2020-09-24 09:39:55.300,4.685,11800
2020-09-24 09:39:55.300,4.685,87100
2020-09-24 09:39:55.300,4.685,1000
2020-09-24 09:39:55.300,4.685,20000
2020-09-24 09:39:55.300,4.685,300
2020-09-24 09:39:55.300,4.685,1000
2020-09-24 09:39:55.300,4.685,7000
2020-09-24 09:39:55.300,4.685,10000
2020-09-24 09:39:55.300,4.685,10000
2020-09-24 09:39:55.300,4.685,10000
2020-09-24 09:39:55.300,4.685,1100
2020-09-24 09:39:55.300,4.685,300
2020-09-24 09:39:55.300,4.685,400
