Datetime,Price,Volume
2020-08-26 09:25:00.490,3.355,600
2020-08-26 09:25:00.490,3.355,400
2020-08-26 09:25:00.490,3.355,100
2020-08-26 09:25:00.490,3.355,1400
2020-08-26 09:25:00.490,3.355,1600
2020-08-26 09:25:00.490,3.355,5100
2020-08-26 09:25:00.490,3.355,5100
2020-08-26 09:25:00.490,3.355,10000
2020-08-26 09:25:00.490,3.355,3200
2020-08-26 09:25:00.490,3.355,3600
2020-08-26 09:25:00.490,3.355,200
2020-08-26 09:25:00.490,3.355,9100
2020-08-26 09:25:00.490,3.355,12100
2020-08-26 09:25:00.490,3.355,300
2020-08-26 09:25:00.490,3.355,100
2020-08-26 09:25:00.490,3.355,1000
2020-08-26 09:25:00.490,3.355,1600
2020-08-26 09:25:00.490,3.355,10000
2020-08-26 09:25:00.490,3.355,100
2020-08-26 09:25:00.490,3.355,100
2020-08-26 09:25:00.490,3.355,30500
2020-08-26 09:25:00.490,3.355,3200
2020-08-26 09:25:00.490,3.355,5100
2020-08-26 09:25:00.490,3.355,5100
2020-08-26 09:25:00.490,3.355,5100
2020-08-26 09:25:00.490,3.355,3000
2020-08-26 09:25:00.490,3.355,500
2020-08-26 09:25:00.490,3.355,100
2020-08-26 09:25:00.490,3.355,10000
2020-08-26 09:25:00.490,3.355,500
2020-08-26 09:25:00.490,3.355,400
2020-08-26 09:25:00.490,3.355,500
2020-08-26 09:25:00.490,3.355,15000
2020-08-26 09:25:00.490,3.355,2500
2020-08-26 09:25:00.490,3.355,500
2020-08-26 09:25:00.490,3.355,100
2020-08-26 09:25:00.490,3.355,100
2020-08-26 09:25:00.490,3.355,300
2020-08-26 09:25:00.490,3.355,300
2020-08-26 09:25:00.490,3.355,100
2020-08-26 09:25:00.490,3.355,500
2020-08-26 09:25:00.490,3.355,900
2020-08-26 09:25:00.490,3.355,100
2020-08-26 09:25:00.490,3.355,1500
2020-08-26 09:25:00.490,3.355,200
2020-08-26 09:25:00.490,3.355,2000
2020-08-26 09:25:00.490,3.355,3000
2020-08-26 09:25:00.490,3.355,1400
2020-08-26 09:25:00.490,3.355,31600
2020-08-26 09:25:00.490,3.355,1000
2020-08-26 09:25:00.490,3.355,200
2020-08-26 09:25:00.490,3.355,300
2020-08-26 09:25:00.490,3.355,100
2020-08-26 09:25:00.490,3.355,4800
2020-08-26 09:25:00.490,3.355,142100
2020-08-26 09:25:00.490,3.355,500
2020-08-26 09:25:00.490,3.355,200
2020-08-26 09:25:00.490,3.355,29200
2020-08-26 09:25:00.490,3.355,200
2020-08-26 09:25:00.490,3.355,65000
2020-08-26 09:25:00.490,3.355,134800
2020-08-26 09:25:00.490,3.355,30000
2020-08-26 09:25:00.490,3.355,1800
2020-08-26 09:25:00.490,3.355,1300
2020-08-26 09:25:00.490,3.355,10000
2020-08-26 09:25:00.490,3.355,3000
2020-08-26 09:25:00.490,3.355,19100
2020-08-26 09:25:00.490,3.355,900
2020-08-26 09:25:00.490,3.355,600
2020-08-26 09:25:00.490,3.355,1000
2020-08-26 09:25:00.490,3.355,200
2020-08-26 09:25:00.490,3.355,100
2020-08-26 09:25:00.490,3.355,18100
2020-08-26 09:25:00.490,3.355,10000
2020-08-26 09:25:00.490,3.355,54500
2020-08-26 09:25:00.490,3.355,5000
2020-08-26 09:25:00.490,3.355,3000
2020-08-26 09:25:00.490,3.355,49400
2020-08-26 09:25:00.490,3.355,100
2020-08-26 09:25:00.490,3.355,100
2020-08-26 09:25:00.490,3.355,200
2020-08-26 09:25:00.490,3.355,5000
2020-08-26 09:25:00.490,3.355,300
2020-08-26 09:25:00.490,3.355,5000
2020-08-26 09:25:00.490,3.355,2300
2020-08-26 09:25:00.490,3.355,200
2020-08-26 09:25:00.490,3.355,200
2020-08-26 09:25:00.490,3.355,2000
2020-08-26 09:25:00.490,3.355,5300
2020-08-26 09:25:00.490,3.355,3400
2020-08-26 09:25:00.490,3.355,41600
2020-08-26 09:25:00.490,3.355,5000
2020-08-26 09:25:00.490,3.355,5000
2020-08-26 09:25:00.490,3.355,100
2020-08-26 09:25:00.490,3.355,4900
2020-08-26 09:25:00.490,3.355,200
2020-08-26 09:30:00.070,3.355,2900
2020-08-26 09:30:00.070,3.354,100
2020-08-26 09:30:00.070,3.354,200
2020-08-26 09:30:00.070,3.354,700
2020-08-26 09:30:00.200,3.356,200
2020-08-26 09:30:00.200,3.356,100
2020-08-26 09:30:00.450,3.356,100
2020-08-26 09:30:00.750,3.356,100
2020-08-26 09:30:00.890,3.356,8200
2020-08-26 09:30:01.580,3.356,100
2020-08-26 09:30:01.850,3.356,119900
2020-08-26 09:30:01.850,3.356,5000
2020-08-26 09:30:01.850,3.356,7000
2020-08-26 09:30:01.850,3.355,5000
2020-08-26 09:30:01.850,3.355,33200
2020-08-26 09:30:01.850,3.355,1000
2020-08-26 09:30:01.850,3.355,3000
2020-08-26 09:30:01.850,3.355,25900
2020-08-26 09:30:01.990,3.355,2800
2020-08-26 09:30:02.170,3.355,1300
2020-08-26 09:30:02.170,3.355,23700
2020-08-26 09:30:02.170,3.355,500
2020-08-26 09:30:02.200,3.355,80000
2020-08-26 09:30:02.530,3.355,1200
2020-08-26 09:30:02.710,3.356,900
2020-08-26 09:30:02.710,3.357,200
2020-08-26 09:30:02.710,3.357,1000
2020-08-26 09:30:02.710,3.357,7300
2020-08-26 09:30:02.710,3.358,200
2020-08-26 09:30:02.710,3.358,10400
2020-08-26 09:30:02.710,3.355,1900
2020-08-26 09:30:03.310,3.355,700
2020-08-26 09:30:03.470,3.355,5000
2020-08-26 09:30:03.470,3.355,300
2020-08-26 09:30:03.570,3.355,1200
2020-08-26 09:30:03.730,3.356,1000
2020-08-26 09:30:03.850,3.356,20000
2020-08-26 09:30:03.890,3.356,10200
2020-08-26 09:30:03.920,3.356,400
2020-08-26 09:30:04.790,3.356,62800
2020-08-26 09:30:04.790,3.356,3000
2020-08-26 09:30:04.940,3.356,10000
2020-08-26 09:30:05.100,3.356,300
2020-08-26 09:30:05.130,3.356,1500
2020-08-26 09:30:05.130,3.356,300
2020-08-26 09:30:05.130,3.356,1500
2020-08-26 09:30:05.130,3.356,2000
2020-08-26 09:30:05.130,3.356,2000
2020-08-26 09:30:05.130,3.355,6700
2020-08-26 09:30:05.360,3.355,6000
2020-08-26 09:30:05.540,3.356,55000
2020-08-26 09:30:05.830,3.357,100
2020-08-26 09:30:05.830,3.358,8000
2020-08-26 09:30:05.830,3.358,1000
2020-08-26 09:30:06.130,3.358,10000
2020-08-26 09:30:06.430,3.358,9000
2020-08-26 09:30:06.580,3.358,14600
2020-08-26 09:30:06.720,3.358,10000
2020-08-26 09:30:06.850,3.358,200
2020-08-26 09:30:07.080,3.358,300
2020-08-26 09:30:07.080,3.358,400
2020-08-26 09:30:07.110,3.358,3000
2020-08-26 09:30:07.530,3.358,3000
2020-08-26 09:30:07.570,3.358,7000
2020-08-26 09:30:07.570,3.359,100
2020-08-26 09:30:07.570,3.359,200
2020-08-26 09:30:07.570,3.359,200
2020-08-26 09:30:07.570,3.359,2900
2020-08-26 09:30:07.690,3.357,5000
2020-08-26 09:30:08.530,3.358,200
2020-08-26 09:30:08.530,3.357,26700
2020-08-26 09:30:08.690,3.357,4900
2020-08-26 09:30:11.090,3.357,1000
2020-08-26 09:30:11.400,3.357,23400
2020-08-26 09:30:13.250,3.357,100
2020-08-26 09:30:13.800,3.358,90000
2020-08-26 09:30:13.800,3.359,9200
2020-08-26 09:30:13.800,3.359,37200
2020-08-26 09:30:13.800,3.359,30000
2020-08-26 09:30:13.800,3.359,20000
2020-08-26 09:30:13.800,3.359,500
2020-08-26 09:30:13.800,3.359,100
2020-08-26 09:30:13.800,3.359,1000
2020-08-26 09:30:14.430,3.357,3000
2020-08-26 09:30:14.430,3.357,2900
2020-08-26 09:30:18.530,3.356,100
2020-08-26 09:30:18.530,3.356,3000
2020-08-26 09:30:18.530,3.356,1500
2020-08-26 09:30:18.530,3.356,100
2020-08-26 09:30:18.530,3.355,1500
2020-08-26 09:30:18.530,3.355,10000
2020-08-26 09:30:18.530,3.355,14900
2020-08-26 09:30:18.530,3.355,600
2020-08-26 09:30:18.680,3.357,4000
2020-08-26 09:30:20.430,3.355,60700
2020-08-26 09:30:20.430,3.355,4200
2020-08-26 09:30:20.430,3.355,2000
2020-08-26 09:30:20.430,3.355,5000
2020-08-26 09:30:20.430,3.355,5000
2020-08-26 09:30:20.430,3.355,40000
2020-08-26 09:30:20.430,3.355,9000
2020-08-26 09:30:20.430,3.355,1000
2020-08-26 09:30:20.430,3.355,7600
2020-08-26 09:30:21.650,3.355,9500
2020-08-26 09:30:23.600,3.355,2000
2020-08-26 09:30:24.420,3.355,103300
2020-08-26 09:30:26.370,3.355,300
2020-08-26 09:30:28.460,3.354,176700
2020-08-26 09:30:28.610,3.354,15900
2020-08-26 09:30:32.170,3.354,41600
2020-08-26 09:30:32.990,3.355,300
2020-08-26 09:30:32.990,3.354,47700
2020-08-26 09:30:35.040,3.354,4800
2020-08-26 09:30:35.680,3.354,9700
2020-08-26 09:30:35.870,3.354,2900
2020-08-26 09:30:35.870,3.354,3000
2020-08-26 09:30:35.870,3.354,10000
2020-08-26 09:30:35.870,3.354,500
2020-08-26 09:30:35.870,3.354,3600
2020-08-26 09:30:36.320,3.354,300
2020-08-26 09:30:38.430,3.355,2500
2020-08-26 09:30:42.980,3.355,2700
2020-08-26 09:30:46.000,3.355,13300
2020-08-26 09:30:51.040,3.355,13300
2020-08-26 09:30:52.120,3.355,1700
2020-08-26 09:30:52.140,3.354,100
2020-08-26 09:30:52.140,3.354,5000
2020-08-26 09:30:52.140,3.354,6400
2020-08-26 09:30:52.140,3.354,500
2020-08-26 09:30:55.850,3.354,10000
2020-08-26 09:30:55.960,3.354,5900
2020-08-26 09:30:56.560,3.353,100
2020-08-26 09:30:59.390,3.354,1600
2020-08-26 09:30:59.540,3.354,6900
2020-08-26 09:30:59.720,3.354,13600
2020-08-26 09:30:59.720,3.354,10200
2020-08-26 09:30:59.720,3.354,26200
2020-08-26 09:31:05.290,3.353,5000
2020-08-26 09:31:05.290,3.353,5100
2020-08-26 09:31:05.290,3.353,5100
2020-08-26 09:31:05.290,3.353,100
2020-08-26 09:31:05.290,3.353,200
2020-08-26 09:31:05.290,3.353,100
2020-08-26 09:31:05.290,3.353,4800
2020-08-26 09:31:05.290,3.353,10000
2020-08-26 09:31:05.290,3.353,1000
2020-08-26 09:31:05.290,3.353,3100
2020-08-26 09:31:05.290,3.353,50000
2020-08-26 09:31:05.290,3.353,2400
2020-08-26 09:31:07.800,3.352,100
2020-08-26 09:31:07.800,3.352,10000
2020-08-26 09:31:07.800,3.352,200
2020-08-26 09:31:07.800,3.352,1500
2020-08-26 09:31:07.800,3.352,1100
2020-08-26 09:31:07.800,3.352,8000
2020-08-26 09:31:07.800,3.352,15000
2020-08-26 09:31:07.800,3.352,6000
2020-08-26 09:31:07.800,3.352,300
2020-08-26 09:31:07.800,3.352,168900
2020-08-26 09:31:09.450,3.352,1800
2020-08-26 09:31:09.640,3.352,30000
2020-08-26 09:31:09.640,3.352,30000
2020-08-26 09:31:09.640,3.352,20000
2020-08-26 09:31:09.640,3.352,30000
2020-08-26 09:31:09.980,3.352,19300
2020-08-26 09:31:09.980,3.352,10000
2020-08-26 09:31:09.980,3.352,1000
2020-08-26 09:31:09.980,3.352,100
2020-08-26 09:31:09.980,3.352,1000
2020-08-26 09:31:11.480,3.352,3000
2020-08-26 09:31:11.910,3.351,9600
2020-08-26 09:31:12.170,3.351,400
2020-08-26 09:31:12.170,3.351,10000
2020-08-26 09:31:12.170,3.351,100
2020-08-26 09:31:12.170,3.351,200
2020-08-26 09:31:12.170,3.351,8600
2020-08-26 09:31:12.370,3.352,1000
2020-08-26 09:31:14.400,3.351,21400
2020-08-26 09:31:14.400,3.351,100
2020-08-26 09:31:14.400,3.351,5000
2020-08-26 09:31:14.400,3.351,32700
2020-08-26 09:31:15.100,3.351,40000
2020-08-26 09:31:19.310,3.352,3000
2020-08-26 09:31:20.430,3.352,500
2020-08-26 09:31:22.340,3.35,2000
2020-08-26 09:31:22.340,3.35,8000
2020-08-26 09:31:22.340,3.35,100
2020-08-26 09:31:22.340,3.35,1000
2020-08-26 09:31:22.340,3.35,1000
2020-08-26 09:31:22.340,3.35,200
2020-08-26 09:31:22.340,3.35,10000
2020-08-26 09:31:22.340,3.35,2800
2020-08-26 09:31:22.340,3.35,300
2020-08-26 09:31:22.340,3.35,15000
2020-08-26 09:31:22.340,3.35,1000
2020-08-26 09:31:22.340,3.35,200800
2020-08-26 09:31:23.660,3.35,1600
2020-08-26 09:31:23.660,3.351,10000
2020-08-26 09:31:23.990,3.351,6000
2020-08-26 09:31:23.990,3.352,2100
2020-08-26 09:31:23.990,3.352,1100
2020-08-26 09:31:23.990,3.352,5000
2020-08-26 09:31:26.040,3.352,1900
2020-08-26 09:31:28.660,3.352,3900
2020-08-26 09:31:28.660,3.351,4000
2020-08-26 09:31:29.550,3.351,36000
2020-08-26 09:31:29.550,3.351,20000
2020-08-26 09:31:29.550,3.351,50800
2020-08-26 09:31:29.550,3.35,33200
2020-08-26 09:31:29.900,3.352,800
2020-08-26 09:31:29.960,3.352,800
2020-08-26 09:31:30.360,3.35,100
2020-08-26 09:31:30.510,3.351,4200
2020-08-26 09:31:33.100,3.351,15800
2020-08-26 09:31:33.100,3.35,64300
2020-08-26 09:31:33.100,3.35,9900
2020-08-26 09:31:34.830,3.352,2800
2020-08-26 09:31:34.830,3.352,300
2020-08-26 09:31:34.830,3.352,4600
2020-08-26 09:31:36.780,3.352,11700
2020-08-26 09:31:36.780,3.352,38000
2020-08-26 09:31:36.780,3.352,5300
2020-08-26 09:31:37.750,3.352,3500
2020-08-26 09:31:40.720,3.353,200
2020-08-26 09:31:41.280,3.353,1800
2020-08-26 09:31:41.280,3.353,298200
2020-08-26 09:31:42.430,3.353,1800
2020-08-26 09:31:42.430,3.353,10000
2020-08-26 09:31:44.360,3.352,500
2020-08-26 09:31:44.580,3.352,60000
2020-08-26 09:31:45.050,3.352,4000
2020-08-26 09:31:46.720,3.354,32800
2020-08-26 09:31:46.720,3.354,500
2020-08-26 09:31:46.720,3.354,2600
2020-08-26 09:31:46.720,3.354,22500
2020-08-26 09:31:47.370,3.354,31600
2020-08-26 09:31:47.370,3.353,1500
2020-08-26 09:31:47.370,3.353,500
2020-08-26 09:31:47.370,3.352,6700
2020-08-26 09:31:48.460,3.352,5000
2020-08-26 09:31:48.750,3.353,3000
2020-08-26 09:31:51.670,3.354,600
2020-08-26 09:31:53.020,3.353,100
2020-08-26 09:31:53.800,3.353,6900
2020-08-26 09:31:53.800,3.353,13100
2020-08-26 09:31:55.940,3.353,100
2020-08-26 09:32:01.240,3.353,2000
2020-08-26 09:32:01.270,3.353,5600
2020-08-26 09:32:01.270,3.353,500
2020-08-26 09:32:01.820,3.353,3900
2020-08-26 09:32:01.820,3.353,100
2020-08-26 09:32:01.930,3.353,11400
2020-08-26 09:32:03.480,3.353,400
2020-08-26 09:32:06.960,3.353,5800
2020-08-26 09:32:08.350,3.353,2400
2020-08-26 09:32:09.120,3.353,40000
2020-08-26 09:32:09.120,3.353,30000
2020-08-26 09:32:09.120,3.353,10000
2020-08-26 09:32:17.760,3.353,2000
2020-08-26 09:32:17.760,3.353,600
2020-08-26 09:32:19.030,3.354,1500
2020-08-26 09:32:20.800,3.354,10000
2020-08-26 09:32:21.090,3.354,100
2020-08-26 09:32:21.310,3.355,700
2020-08-26 09:32:22.260,3.354,2100
2020-08-26 09:32:22.850,3.354,1800
2020-08-26 09:32:22.850,3.353,3500
2020-08-26 09:32:22.850,3.353,11900
2020-08-26 09:32:23.700,3.355,1500
2020-08-26 09:32:28.030,3.354,500
2020-08-26 09:32:34.170,3.355,2800
2020-08-26 09:32:34.170,3.355,100
2020-08-26 09:32:34.170,3.355,11300
2020-08-26 09:32:35.760,3.354,4500
2020-08-26 09:32:35.760,3.354,2000
2020-08-26 09:32:35.760,3.354,1500
2020-08-26 09:32:35.760,3.354,900
2020-08-26 09:32:36.440,3.353,9900
2020-08-26 09:32:36.440,3.353,400
2020-08-26 09:32:36.440,3.353,10000
2020-08-26 09:32:36.440,3.353,400
2020-08-26 09:32:36.990,3.353,1000
2020-08-26 09:32:37.320,3.353,2500
2020-08-26 09:32:39.350,3.352,70000
2020-08-26 09:32:40.500,3.353,2000
2020-08-26 09:32:40.580,3.352,10000
2020-08-26 09:32:40.580,3.352,20000
2020-08-26 09:32:40.580,3.352,30000
2020-08-26 09:32:40.580,3.352,30000
2020-08-26 09:32:42.630,3.352,5300
2020-08-26 09:32:42.630,3.352,10000
2020-08-26 09:32:42.630,3.352,2000
2020-08-26 09:32:42.630,3.352,3000
2020-08-26 09:32:42.630,3.352,9700
2020-08-26 09:32:42.630,3.352,20000
2020-08-26 09:32:43.420,3.352,16800
2020-08-26 09:32:44.110,3.353,700
2020-08-26 09:32:45.370,3.352,3500
2020-08-26 09:32:45.370,3.352,2300
2020-08-26 09:32:48.470,3.353,3100
2020-08-26 09:32:48.470,3.353,2900
2020-08-26 09:32:49.780,3.352,700
2020-08-26 09:32:50.130,3.352,3000
2020-08-26 09:32:50.230,3.352,6300
2020-08-26 09:32:50.230,3.352,10000
2020-08-26 09:32:50.580,3.352,10000
2020-08-26 09:32:50.720,3.352,23700
2020-08-26 09:32:50.720,3.352,7000
2020-08-26 09:32:51.850,3.352,2000
2020-08-26 09:32:51.850,3.352,200
2020-08-26 09:32:56.090,3.351,7600
2020-08-26 09:32:56.090,3.351,1600
2020-08-26 09:32:56.090,3.351,400
2020-08-26 09:32:56.090,3.351,1000
2020-08-26 09:32:57.140,3.35,100
2020-08-26 09:32:57.140,3.35,2200
2020-08-26 09:32:57.140,3.35,6500
2020-08-26 09:32:57.140,3.35,1000
2020-08-26 09:32:57.140,3.35,500
2020-08-26 09:32:57.140,3.35,2000
2020-08-26 09:32:57.140,3.35,20000
2020-08-26 09:32:57.140,3.35,1000
2020-08-26 09:32:57.140,3.35,300
2020-08-26 09:32:57.140,3.35,1000
2020-08-26 09:32:57.140,3.35,900
2020-08-26 09:32:57.140,3.35,1000
2020-08-26 09:32:57.140,3.35,1000
2020-08-26 09:32:57.140,3.35,200
2020-08-26 09:32:57.140,3.35,35000
2020-08-26 09:32:57.140,3.35,900
2020-08-26 09:32:57.140,3.35,4100
2020-08-26 09:32:57.140,3.35,2000
2020-08-26 09:32:57.140,3.35,200
2020-08-26 09:32:57.140,3.35,100
2020-08-26 09:32:57.140,3.35,19900
2020-08-26 09:32:57.140,3.35,5000
2020-08-26 09:32:57.140,3.35,2000
2020-08-26 09:32:57.140,3.35,500
2020-08-26 09:32:57.140,3.35,2600
2020-08-26 09:32:57.300,3.351,300
2020-08-26 09:33:01.340,3.35,1500
2020-08-26 09:33:01.340,3.35,500
2020-08-26 09:33:02.370,3.35,3300
2020-08-26 09:33:06.460,3.349,8000
2020-08-26 09:33:06.460,3.349,100
2020-08-26 09:33:06.460,3.349,6100
2020-08-26 09:33:06.460,3.349,1000
2020-08-26 09:33:06.460,3.349,200
2020-08-26 09:33:06.460,3.349,6500
2020-08-26 09:33:06.460,3.349,5000
2020-08-26 09:33:06.460,3.349,2100
2020-08-26 09:33:06.460,3.349,2000
2020-08-26 09:33:06.710,3.35,3000
2020-08-26 09:33:07.110,3.349,30000
2020-08-26 09:33:07.630,3.348,200
2020-08-26 09:33:07.630,3.348,100
2020-08-26 09:33:07.630,3.348,1000
2020-08-26 09:33:07.630,3.348,200
2020-08-26 09:33:07.630,3.348,1400
2020-08-26 09:33:07.630,3.348,500
2020-08-26 09:33:07.630,3.348,10000
2020-08-26 09:33:07.630,3.348,6500
2020-08-26 09:33:07.630,3.348,500
2020-08-26 09:33:07.630,3.348,5000
2020-08-26 09:33:07.630,3.348,300
2020-08-26 09:33:07.630,3.348,100
2020-08-26 09:33:12.580,3.348,30000
2020-08-26 09:33:13.540,3.348,12200
2020-08-26 09:33:16.560,3.348,27800
2020-08-26 09:33:16.560,3.348,17200
2020-08-26 09:33:16.710,3.348,2800
2020-08-26 09:33:16.710,3.348,1300
2020-08-26 09:33:17.340,3.348,1500
2020-08-26 09:33:18.550,3.348,50000
2020-08-26 09:33:19.560,3.348,10000
2020-08-26 09:33:19.830,3.348,4000
2020-08-26 09:33:19.990,3.348,30000
2020-08-26 09:33:20.100,3.349,4000
2020-08-26 09:33:20.100,3.349,16000
2020-08-26 09:33:20.100,3.349,6000
2020-08-26 09:33:20.100,3.349,4000
2020-08-26 09:33:20.240,3.348,32400
2020-08-26 09:33:20.450,3.349,2000
2020-08-26 09:33:20.580,3.348,100
2020-08-26 09:33:20.950,3.348,8600
2020-08-26 09:33:21.000,3.349,9000
2020-08-26 09:33:21.950,3.35,2900
2020-08-26 09:33:21.950,3.35,6700
2020-08-26 09:33:22.200,3.35,30400
2020-08-26 09:33:22.200,3.35,20000
2020-08-26 09:33:22.200,3.35,63400
2020-08-26 09:33:22.200,3.349,21000
2020-08-26 09:33:22.200,3.349,40000
2020-08-26 09:33:22.200,3.349,20600
2020-08-26 09:33:23.070,3.351,3500
2020-08-26 09:33:23.070,3.351,1000
2020-08-26 09:33:23.070,3.351,600
2020-08-26 09:33:23.150,3.352,17100
2020-08-26 09:33:23.150,3.352,1900
2020-08-26 09:33:23.150,3.352,2000
2020-08-26 09:33:23.150,3.352,10000
2020-08-26 09:33:23.150,3.352,20000
2020-08-26 09:33:23.150,3.352,300
2020-08-26 09:33:24.940,3.352,1300
2020-08-26 09:33:25.490,3.352,20800
2020-08-26 09:33:27.880,3.352,25500
2020-08-26 09:33:28.040,3.352,21700
2020-08-26 09:33:29.160,3.352,40000
2020-08-26 09:33:29.160,3.352,30000
2020-08-26 09:33:29.160,3.352,10000
2020-08-26 09:33:29.580,3.352,1600
2020-08-26 09:33:29.770,3.354,5000
2020-08-26 09:33:29.770,3.355,2800
2020-08-26 09:33:29.770,3.352,7300
2020-08-26 09:33:30.550,3.352,1400
2020-08-26 09:33:31.700,3.352,30000
2020-08-26 09:33:31.700,3.352,30000
2020-08-26 09:33:31.700,3.352,10000
2020-08-26 09:33:33.960,3.352,19100
2020-08-26 09:33:33.960,3.352,500
2020-08-26 09:33:33.960,3.351,400
2020-08-26 09:33:35.090,3.351,20000
2020-08-26 09:33:37.030,3.351,2300
2020-08-26 09:33:37.530,3.351,1000
2020-08-26 09:33:37.530,3.351,2900
2020-08-26 09:33:39.780,3.352,2600
2020-08-26 09:33:39.780,3.352,100
2020-08-26 09:33:41.050,3.351,7100
2020-08-26 09:33:41.970,3.352,7300
2020-08-26 09:33:41.970,3.352,8900
2020-08-26 09:33:41.970,3.352,300
2020-08-26 09:33:41.970,3.352,5000
2020-08-26 09:33:41.970,3.353,66200
2020-08-26 09:33:41.970,3.354,41700
2020-08-26 09:33:42.910,3.352,10000
2020-08-26 09:33:42.910,3.351,9100
2020-08-26 09:33:45.660,3.353,200
2020-08-26 09:33:45.660,3.352,200
2020-08-26 09:33:45.800,3.351,30000
2020-08-26 09:33:45.850,3.352,20000
2020-08-26 09:33:47.020,3.352,9600
2020-08-26 09:33:47.680,3.353,8300
2020-08-26 09:33:48.540,3.351,20000
2020-08-26 09:33:48.890,3.351,1600
2020-08-26 09:33:50.070,3.351,10000
2020-08-26 09:33:50.230,3.353,100
2020-08-26 09:33:51.290,3.351,10000
2020-08-26 09:33:51.840,3.353,1000
2020-08-26 09:33:54.400,3.352,3000
2020-08-26 09:33:54.400,3.352,4300
2020-08-26 09:33:54.400,3.352,7500
2020-08-26 09:33:54.730,3.353,200
2020-08-26 09:33:55.180,3.353,2000
2020-08-26 09:33:56.330,3.353,10000
2020-08-26 09:33:57.040,3.353,3000
2020-08-26 09:33:59.650,3.352,15000
2020-08-26 09:34:01.000,3.353,50000
2020-08-26 09:34:01.000,3.352,5000
2020-08-26 09:34:01.000,3.352,4800
2020-08-26 09:34:01.430,3.354,3000
2020-08-26 09:34:01.480,3.354,9300
2020-08-26 09:34:01.580,3.355,200
2020-08-26 09:34:02.250,3.354,1000
2020-08-26 09:34:02.620,3.354,2400
2020-08-26 09:34:02.710,3.355,2200
2020-08-26 09:34:02.850,3.354,30000
2020-08-26 09:34:05.090,3.354,2500
2020-08-26 09:34:05.910,3.354,10000
2020-08-26 09:34:07.750,3.354,500
2020-08-26 09:34:08.760,3.354,100
2020-08-26 09:34:09.930,3.354,300
2020-08-26 09:34:10.560,3.354,100
2020-08-26 09:34:11.080,3.355,4700
2020-08-26 09:34:12.670,3.354,300
2020-08-26 09:34:12.670,3.354,1600
2020-08-26 09:34:12.670,3.354,100
2020-08-26 09:34:13.180,3.355,200
2020-08-26 09:34:17.010,3.354,10000
2020-08-26 09:34:17.660,3.354,2000
2020-08-26 09:34:18.100,3.354,12000
2020-08-26 09:34:18.780,3.354,6000
2020-08-26 09:34:18.780,3.354,10000
2020-08-26 09:34:24.520,3.353,100
2020-08-26 09:34:24.520,3.353,500
2020-08-26 09:34:24.520,3.353,2400
2020-08-26 09:34:26.410,3.355,2000
2020-08-26 09:34:29.500,3.354,5000
2020-08-26 09:34:29.850,3.353,200
2020-08-26 09:34:30.110,3.353,400
2020-08-26 09:34:30.130,3.353,100000
2020-08-26 09:34:30.130,3.353,20000
2020-08-26 09:34:32.860,3.353,15900
2020-08-26 09:34:32.860,3.353,6600
2020-08-26 09:34:35.090,3.354,2000
2020-08-26 09:34:35.730,3.354,3000
2020-08-26 09:34:35.730,3.354,26700
2020-08-26 09:34:36.200,3.354,22900
2020-08-26 09:34:36.200,3.354,1100
2020-08-26 09:34:39.870,3.354,33500
2020-08-26 09:34:40.390,3.353,8400
2020-08-26 09:34:40.390,3.353,3900
2020-08-26 09:34:41.620,3.354,900
2020-08-26 09:34:43.450,3.354,23500
2020-08-26 09:34:43.720,3.353,5000
2020-08-26 09:34:45.640,3.354,2100
2020-08-26 09:34:49.850,3.354,3000
2020-08-26 09:34:50.970,3.354,3600
2020-08-26 09:34:51.990,3.353,2500
2020-08-26 09:34:52.090,3.354,32300
2020-08-26 09:34:52.090,3.354,3000
2020-08-26 09:34:52.090,3.354,13200
2020-08-26 09:34:52.670,3.354,3300
2020-08-26 09:34:54.220,3.353,200
2020-08-26 09:34:54.600,3.353,40000
2020-08-26 09:34:54.600,3.353,30000
2020-08-26 09:34:54.600,3.353,10000
2020-08-26 09:34:56.040,3.354,14900
2020-08-26 09:34:57.330,3.354,181600
2020-08-26 09:34:57.330,3.354,4600
2020-08-26 09:34:57.330,3.354,14900
2020-08-26 09:34:57.330,3.354,33500
2020-08-26 09:35:02.340,3.354,33100
2020-08-26 09:35:03.040,3.354,2000
2020-08-26 09:35:03.090,3.354,28400
2020-08-26 09:35:03.090,3.354,1600
2020-08-26 09:35:03.090,3.354,20000
2020-08-26 09:35:03.610,3.354,5900
2020-08-26 09:35:05.100,3.354,6800
2020-08-26 09:35:05.220,3.354,5500
2020-08-26 09:35:06.500,3.353,100
2020-08-26 09:35:07.180,3.354,2300
2020-08-26 09:35:07.950,3.354,1300
2020-08-26 09:35:07.980,3.354,4000
2020-08-26 09:35:13.360,3.354,100
2020-08-26 09:35:13.410,3.354,4700
2020-08-26 09:35:13.500,3.354,9900
2020-08-26 09:35:13.500,3.354,1000
2020-08-26 09:35:13.500,3.354,22200
2020-08-26 09:35:13.630,3.354,17800
2020-08-26 09:35:13.630,3.354,28300
2020-08-26 09:35:14.550,3.355,7100
2020-08-26 09:35:14.550,3.355,1900
2020-08-26 09:35:16.600,3.354,30000
2020-08-26 09:35:16.600,3.354,20000
2020-08-26 09:35:16.600,3.354,60000
2020-08-26 09:35:16.600,3.354,20000
2020-08-26 09:35:16.600,3.354,30000
2020-08-26 09:35:17.010,3.354,70000
2020-08-26 09:35:17.010,3.354,10000
2020-08-26 09:35:17.010,3.354,40000
2020-08-26 09:35:17.010,3.354,175300
2020-08-26 09:35:17.010,3.354,150700
2020-08-26 09:35:17.630,3.355,1200
2020-08-26 09:35:17.630,3.355,900
2020-08-26 09:35:17.630,3.355,1000
2020-08-26 09:35:17.630,3.355,12700
2020-08-26 09:35:18.570,3.354,3000
2020-08-26 09:35:20.770,3.354,9700
2020-08-26 09:35:21.690,3.355,17600
2020-08-26 09:35:21.690,3.355,100
2020-08-26 09:35:21.690,3.355,7000
2020-08-26 09:35:21.690,3.355,148800
2020-08-26 09:35:21.690,3.355,500
2020-08-26 09:35:21.690,3.355,106700
2020-08-26 09:35:21.690,3.355,19300
2020-08-26 09:35:22.520,3.354,4100
2020-08-26 09:35:22.910,3.354,5000
2020-08-26 09:35:23.600,3.354,30000
2020-08-26 09:35:23.630,3.354,40000
2020-08-26 09:35:25.100,3.354,8200
2020-08-26 09:35:25.100,3.354,41800
2020-08-26 09:35:25.170,3.355,10000
2020-08-26 09:35:25.340,3.355,3000
2020-08-26 09:35:25.660,3.354,10000
2020-08-26 09:35:26.080,3.355,17700
2020-08-26 09:35:26.080,3.355,10000
2020-08-26 09:35:26.080,3.355,4000
2020-08-26 09:35:26.080,3.355,2000
2020-08-26 09:35:26.740,3.355,2600
2020-08-26 09:35:27.110,3.354,40000
2020-08-26 09:35:28.130,3.354,10000
2020-08-26 09:35:30.420,3.355,2400
2020-08-26 09:35:32.870,3.355,10000
2020-08-26 09:35:33.720,3.355,4000
2020-08-26 09:35:34.940,3.355,3600
2020-08-26 09:35:34.940,3.354,1400
2020-08-26 09:35:35.500,3.354,3500
2020-08-26 09:35:35.500,3.354,1000
2020-08-26 09:35:35.500,3.354,10000
2020-08-26 09:35:35.500,3.354,14500
2020-08-26 09:35:35.530,3.355,18900
2020-08-26 09:35:35.860,3.355,20000
2020-08-26 09:35:35.860,3.355,30000
2020-08-26 09:35:35.860,3.355,30000
2020-08-26 09:35:35.860,3.355,20000
2020-08-26 09:35:35.860,3.355,30000
2020-08-26 09:35:35.860,3.355,20000
2020-08-26 09:35:37.170,3.355,20000
2020-08-26 09:35:38.880,3.355,24100
2020-08-26 09:35:38.880,3.355,25900
2020-08-26 09:35:38.880,3.355,24100
2020-08-26 09:35:38.880,3.355,5900
2020-08-26 09:35:38.880,3.355,20000
2020-08-26 09:35:38.880,3.355,14100
2020-08-26 09:35:38.880,3.355,15900
2020-08-26 09:35:38.880,3.355,4100
2020-08-26 09:35:38.880,3.355,25900
2020-08-26 09:35:38.880,3.355,30000
2020-08-26 09:35:38.880,3.355,30000
2020-08-26 09:35:38.880,3.355,30000
2020-08-26 09:35:38.880,3.355,30000
2020-08-26 09:35:38.880,3.355,30000
2020-08-26 09:35:38.880,3.355,30000
2020-08-26 09:35:38.880,3.355,100000
2020-08-26 09:35:38.880,3.355,20000
2020-08-26 09:35:38.880,3.355,30000
2020-08-26 09:35:39.140,3.355,2000
2020-08-26 09:35:40.850,3.355,200
2020-08-26 09:35:40.900,3.355,100
2020-08-26 09:35:41.470,3.356,3000
2020-08-26 09:35:41.470,3.356,3100
2020-08-26 09:35:41.470,3.356,49600
2020-08-26 09:35:41.470,3.356,50000
2020-08-26 09:35:41.470,3.356,1000
2020-08-26 09:35:41.850,3.356,50000
2020-08-26 09:35:41.850,3.356,20000
2020-08-26 09:35:41.850,3.356,40000
2020-08-26 09:35:43.220,3.357,6000
2020-08-26 09:35:43.220,3.357,2000
2020-08-26 09:35:43.220,3.357,1000
2020-08-26 09:35:43.220,3.357,1000
2020-08-26 09:35:43.220,3.357,16600
2020-08-26 09:35:43.520,3.357,100
2020-08-26 09:35:44.630,3.357,3300
2020-08-26 09:35:44.630,3.356,26700
2020-08-26 09:35:44.630,3.356,10000
2020-08-26 09:35:44.820,3.356,46600
2020-08-26 09:35:44.820,3.356,13400
2020-08-26 09:35:44.820,3.356,40000
2020-08-26 09:35:44.820,3.356,60000
2020-08-26 09:35:44.870,3.356,40000
2020-08-26 09:35:44.870,3.356,100000
2020-08-26 09:35:44.870,3.356,60000
2020-08-26 09:35:45.410,3.356,3600
2020-08-26 09:35:45.410,3.355,31400
2020-08-26 09:35:49.460,3.356,400
2020-08-26 09:35:50.970,3.356,5000
2020-08-26 09:35:51.080,3.356,700
2020-08-26 09:35:54.860,3.356,400
2020-08-26 09:35:55.240,3.355,2000
2020-08-26 09:35:59.490,3.356,700
2020-08-26 09:36:00.960,3.356,1800
2020-08-26 09:36:00.960,3.356,26000
2020-08-26 09:36:01.150,3.356,24000
2020-08-26 09:36:01.150,3.356,1000
2020-08-26 09:36:01.150,3.356,40000
2020-08-26 09:36:02.330,3.357,2500
2020-08-26 09:36:02.330,3.358,10000
2020-08-26 09:36:02.330,3.358,6500
2020-08-26 09:36:02.330,3.358,500
2020-08-26 09:36:02.330,3.358,500
2020-08-26 09:36:02.330,3.358,1000
2020-08-26 09:36:02.330,3.358,50000
2020-08-26 09:36:02.330,3.358,30000
2020-08-26 09:36:02.330,3.358,40000
2020-08-26 09:36:02.330,3.358,10000
2020-08-26 09:36:02.330,3.358,63800
2020-08-26 09:36:02.330,3.358,85200
2020-08-26 09:36:03.010,3.356,95000
2020-08-26 09:36:03.360,3.356,300
2020-08-26 09:36:03.660,3.356,100
2020-08-26 09:36:04.840,3.357,85300
2020-08-26 09:36:09.700,3.357,500
2020-08-26 09:36:11.820,3.358,3000
2020-08-26 09:36:11.820,3.358,5900
2020-08-26 09:36:13.320,3.357,100
2020-08-26 09:36:15.250,3.358,9600
2020-08-26 09:36:15.360,3.357,18000
2020-08-26 09:36:15.480,3.358,1100
2020-08-26 09:36:15.480,3.358,900
2020-08-26 09:36:15.480,3.358,2000
2020-08-26 09:36:16.710,3.358,800
2020-08-26 09:36:17.050,3.357,500
2020-08-26 09:36:17.930,3.358,10000
2020-08-26 09:36:20.710,3.358,300
2020-08-26 09:36:20.740,3.358,6000
2020-08-26 09:36:20.740,3.358,4000
2020-08-26 09:36:21.010,3.358,6000
2020-08-26 09:36:21.100,3.358,5900
2020-08-26 09:36:22.400,3.358,13500
2020-08-26 09:36:23.300,3.358,1000
2020-08-26 09:36:23.840,3.358,10000
2020-08-26 09:36:25.100,3.358,20000
2020-08-26 09:36:26.510,3.359,20000
2020-08-26 09:36:26.510,3.359,6500
2020-08-26 09:36:26.510,3.359,10000
2020-08-26 09:36:26.510,3.359,5000
2020-08-26 09:36:26.510,3.359,1000
2020-08-26 09:36:26.510,3.359,20000
2020-08-26 09:36:26.510,3.359,10000
2020-08-26 09:36:26.510,3.359,10000
2020-08-26 09:36:26.510,3.359,3000
2020-08-26 09:36:26.510,3.359,100
2020-08-26 09:36:26.510,3.359,6900
2020-08-26 09:36:26.940,3.359,30000
2020-08-26 09:36:26.940,3.359,30000
2020-08-26 09:36:26.940,3.359,30000
2020-08-26 09:36:26.940,3.359,30000
2020-08-26 09:36:26.940,3.359,30000
2020-08-26 09:36:26.940,3.359,10000
2020-08-26 09:36:29.910,3.359,47500
2020-08-26 09:36:29.910,3.359,10000
2020-08-26 09:36:29.910,3.359,40000
2020-08-26 09:36:29.910,3.359,2500
2020-08-26 09:36:29.910,3.359,30000
2020-08-26 09:36:29.910,3.359,17500
2020-08-26 09:36:29.910,3.359,82500
2020-08-26 09:36:29.910,3.359,30000
2020-08-26 09:36:29.910,3.359,100000
2020-08-26 09:36:30.500,3.36,200
2020-08-26 09:36:30.500,3.36,10000
2020-08-26 09:36:30.500,3.36,400
2020-08-26 09:36:30.500,3.36,1700
2020-08-26 09:36:30.500,3.36,100
2020-08-26 09:36:30.500,3.36,300
2020-08-26 09:36:30.500,3.36,400
2020-08-26 09:36:30.500,3.36,300
2020-08-26 09:36:30.500,3.36,9600
2020-08-26 09:36:30.500,3.36,3000
2020-08-26 09:36:30.500,3.36,100
2020-08-26 09:36:30.500,3.36,1700
2020-08-26 09:36:30.500,3.36,100
2020-08-26 09:36:30.500,3.36,200
2020-08-26 09:36:30.500,3.36,2600
2020-08-26 09:36:30.500,3.36,2000
2020-08-26 09:36:30.500,3.36,100
2020-08-26 09:36:30.500,3.36,1000
2020-08-26 09:36:30.500,3.36,1000
2020-08-26 09:36:30.500,3.36,15000
2020-08-26 09:36:30.500,3.36,1800
2020-08-26 09:36:30.500,3.36,2000
2020-08-26 09:36:30.500,3.36,2000
2020-08-26 09:36:30.500,3.36,6500
2020-08-26 09:36:30.500,3.36,6000
2020-08-26 09:36:30.500,3.36,1700
2020-08-26 09:36:30.500,3.36,1100
2020-08-26 09:36:30.500,3.36,100
2020-08-26 09:36:30.500,3.36,29000
2020-08-26 09:36:31.460,3.36,5000
2020-08-26 09:36:32.890,3.359,30000
2020-08-26 09:36:32.890,3.359,30000
2020-08-26 09:36:32.890,3.359,27500
2020-08-26 09:36:32.890,3.359,2500
2020-08-26 09:36:32.890,3.359,27500
2020-08-26 09:36:32.890,3.359,2500
2020-08-26 09:36:33.110,3.359,7500
2020-08-26 09:36:33.110,3.359,2500
2020-08-26 09:36:35.850,3.359,20000
2020-08-26 09:36:35.850,3.359,20000
2020-08-26 09:36:35.850,3.359,30000
2020-08-26 09:36:35.850,3.359,30000
2020-08-26 09:36:35.850,3.359,30000
2020-08-26 09:36:35.850,3.359,30000
2020-08-26 09:36:35.850,3.359,30000
2020-08-26 09:36:35.850,3.359,30000
2020-08-26 09:36:35.850,3.359,100000
2020-08-26 09:36:35.850,3.359,30000
2020-08-26 09:36:35.850,3.359,30000
2020-08-26 09:36:35.850,3.359,20000
2020-08-26 09:36:38.560,3.36,16000
2020-08-26 09:36:38.560,3.36,40000
2020-08-26 09:36:38.560,3.36,30000
2020-08-26 09:36:38.560,3.36,400
2020-08-26 09:36:38.560,3.36,200
2020-08-26 09:36:38.560,3.361,1000
2020-08-26 09:36:38.560,3.361,200
2020-08-26 09:36:38.560,3.361,6000
2020-08-26 09:36:38.560,3.361,400
2020-08-26 09:36:38.560,3.361,100
2020-08-26 09:36:38.560,3.361,200
2020-08-26 09:36:38.560,3.361,6500
2020-08-26 09:36:38.560,3.361,500
2020-08-26 09:36:38.560,3.361,1900
2020-08-26 09:36:38.560,3.361,3100
2020-08-26 09:36:38.560,3.361,3100
2020-08-26 09:36:38.560,3.361,3100
2020-08-26 09:36:38.560,3.361,100
2020-08-26 09:36:38.560,3.361,1000
2020-08-26 09:36:38.560,3.361,1000
2020-08-26 09:36:38.560,3.361,5000
2020-08-26 09:36:38.560,3.361,4000
2020-08-26 09:36:38.560,3.361,1000
2020-08-26 09:36:38.560,3.361,10000
2020-08-26 09:36:38.560,3.361,75200
2020-08-26 09:36:38.940,3.361,8000
2020-08-26 09:36:41.780,3.36,400
2020-08-26 09:36:41.780,3.36,100
2020-08-26 09:36:41.810,3.36,500
2020-08-26 09:36:41.810,3.36,400
2020-08-26 09:36:41.810,3.36,29100
2020-08-26 09:36:41.810,3.36,10000
2020-08-26 09:36:41.940,3.361,65600
2020-08-26 09:36:41.940,3.361,30000
2020-08-26 09:36:41.940,3.361,40000
2020-08-26 09:36:41.940,3.361,30000
2020-08-26 09:36:42.650,3.361,30000
2020-08-26 09:36:44.790,3.361,30000
2020-08-26 09:36:44.840,3.361,50000
2020-08-26 09:36:46.270,3.362,1000
2020-08-26 09:36:46.270,3.362,6000
2020-08-26 09:36:46.270,3.362,200
2020-08-26 09:36:46.270,3.362,2800
2020-08-26 09:36:47.860,3.361,10000
2020-08-26 09:36:48.400,3.361,100
2020-08-26 09:36:50.160,3.361,2900
2020-08-26 09:36:50.360,3.361,500
2020-08-26 09:36:51.010,3.361,10900
2020-08-26 09:36:51.010,3.36,2200
2020-08-26 09:36:51.560,3.36,8900
2020-08-26 09:36:53.710,3.361,3000
2020-08-26 09:36:53.930,3.361,17000
2020-08-26 09:36:54.670,3.362,4000
2020-08-26 09:36:55.800,3.362,3200
2020-08-26 09:36:55.800,3.362,100
2020-08-26 09:36:55.800,3.362,22200
2020-08-26 09:36:55.800,3.362,6500
2020-08-26 09:36:55.800,3.362,1400
2020-08-26 09:36:55.800,3.362,200
2020-08-26 09:36:55.800,3.362,500
2020-08-26 09:36:55.800,3.362,5800
2020-08-26 09:36:56.340,3.362,4200
2020-08-26 09:36:56.340,3.362,1800
2020-08-26 09:36:56.530,3.361,30000
2020-08-26 09:36:56.530,3.361,30000
2020-08-26 09:36:56.670,3.362,2000
2020-08-26 09:36:57.160,3.361,6000
2020-08-26 09:36:59.020,3.361,200
2020-08-26 09:36:59.340,3.361,43100
2020-08-26 09:37:00.620,3.361,5000
2020-08-26 09:37:00.840,3.361,15000
2020-08-26 09:37:01.130,3.362,8600
2020-08-26 09:37:01.130,3.362,8200
2020-08-26 09:37:01.800,3.362,5000
2020-08-26 09:37:02.290,3.361,20000
2020-08-26 09:37:02.500,3.361,500
2020-08-26 09:37:02.550,3.361,18300
2020-08-26 09:37:02.550,3.361,11700
2020-08-26 09:37:02.550,3.361,20000
2020-08-26 09:37:03.280,3.362,1500
2020-08-26 09:37:03.580,3.361,5000
2020-08-26 09:37:04.600,3.361,40000
2020-08-26 09:37:05.570,3.361,30000
2020-08-26 09:37:05.570,3.361,10000
2020-08-26 09:37:05.570,3.361,50000
2020-08-26 09:37:05.570,3.361,100000
2020-08-26 09:37:05.600,3.361,5000
2020-08-26 09:37:06.500,3.361,30000
2020-08-26 09:37:08.410,3.362,3000
2020-08-26 09:37:08.540,3.361,18000
2020-08-26 09:37:08.540,3.361,3000
2020-08-26 09:37:08.540,3.361,9000
2020-08-26 09:37:09.880,3.362,1000
2020-08-26 09:37:10.790,3.361,9500
2020-08-26 09:37:10.790,3.361,30500
2020-08-26 09:37:11.580,3.361,20000
2020-08-26 09:37:11.580,3.361,80000
2020-08-26 09:37:11.580,3.361,10000
2020-08-26 09:37:11.610,3.361,100000
2020-08-26 09:37:11.610,3.361,30000
2020-08-26 09:37:11.640,3.361,29500
2020-08-26 09:37:11.640,3.361,500
2020-08-26 09:37:11.800,3.362,600
2020-08-26 09:37:11.850,3.362,1500
2020-08-26 09:37:12.040,3.362,15200
2020-08-26 09:37:13.820,3.361,9400
2020-08-26 09:37:13.820,3.361,18300
2020-08-26 09:37:13.820,3.36,60000
2020-08-26 09:37:13.820,3.36,212300
2020-08-26 09:37:14.110,3.361,10600
2020-08-26 09:37:14.550,3.36,30000
2020-08-26 09:37:14.550,3.36,30000
2020-08-26 09:37:14.550,3.36,20000
2020-08-26 09:37:14.550,3.36,7700
2020-08-26 09:37:14.550,3.36,300
2020-08-26 09:37:14.550,3.36,2000
2020-08-26 09:37:14.550,3.36,100000
2020-08-26 09:37:14.550,3.36,30000
2020-08-26 09:37:14.550,3.36,10000
2020-08-26 09:37:14.550,3.36,30000
2020-08-26 09:37:14.550,3.36,30000
2020-08-26 09:37:14.550,3.36,30000
2020-08-26 09:37:14.550,3.36,30000
2020-08-26 09:37:14.550,3.36,38000
2020-08-26 09:37:14.830,3.36,5000
2020-08-26 09:37:16.550,3.36,700
2020-08-26 09:37:18.100,3.36,5000
2020-08-26 09:37:18.350,3.36,2000
2020-08-26 09:37:19.100,3.36,3000
2020-08-26 09:37:19.160,3.36,6300
2020-08-26 09:37:19.160,3.361,23700
2020-08-26 09:37:20.520,3.36,20000
2020-08-26 09:37:20.520,3.36,30000
2020-08-26 09:37:20.520,3.36,10000
2020-08-26 09:37:20.520,3.36,30000
2020-08-26 09:37:20.520,3.36,30000
2020-08-26 09:37:20.520,3.36,30000
2020-08-26 09:37:20.520,3.36,30000
2020-08-26 09:37:21.040,3.36,105300
2020-08-26 09:37:23.100,3.362,300
2020-08-26 09:37:23.100,3.36,10000
2020-08-26 09:37:23.180,3.36,600
2020-08-26 09:37:23.560,3.36,4100
2020-08-26 09:37:23.560,3.36,5900
2020-08-26 09:37:23.560,3.36,15100
2020-08-26 09:37:23.560,3.36,4900
2020-08-26 09:37:24.520,3.36,6900
2020-08-26 09:37:24.520,3.36,700
2020-08-26 09:37:25.230,3.362,6000
2020-08-26 09:37:26.160,3.362,1000
2020-08-26 09:37:26.610,3.36,300
2020-08-26 09:37:26.610,3.36,1000
2020-08-26 09:37:26.610,3.36,3000
2020-08-26 09:37:26.610,3.36,5700
2020-08-26 09:37:29.180,3.361,100
2020-08-26 09:37:29.540,3.361,9900
2020-08-26 09:37:29.560,3.36,1500
2020-08-26 09:37:29.560,3.36,26900
2020-08-26 09:37:29.560,3.36,1600
2020-08-26 09:37:29.560,3.36,30000
2020-08-26 09:37:29.560,3.36,30000
2020-08-26 09:37:29.560,3.36,20000
2020-08-26 09:37:29.560,3.36,10000
2020-08-26 09:37:29.560,3.36,30000
2020-08-26 09:37:29.800,3.362,400
2020-08-26 09:37:31.730,3.362,1000
2020-08-26 09:37:31.780,3.361,500
2020-08-26 09:37:32.110,3.362,5000
2020-08-26 09:37:32.550,3.361,100
2020-08-26 09:37:32.550,3.36,19900
2020-08-26 09:37:34.280,3.362,300
2020-08-26 09:37:34.280,3.362,3700
2020-08-26 09:37:35.290,3.361,100
2020-08-26 09:37:35.550,3.361,20000
2020-08-26 09:37:35.550,3.361,30000
2020-08-26 09:37:35.550,3.361,30000
2020-08-26 09:37:35.570,3.361,30000
2020-08-26 09:37:35.570,3.361,30000
2020-08-26 09:37:35.570,3.361,30000
2020-08-26 09:37:35.570,3.361,10000
2020-08-26 09:37:35.570,3.361,30000
2020-08-26 09:37:35.570,3.361,20000
2020-08-26 09:37:38.550,3.361,69900
2020-08-26 09:37:38.550,3.361,10100
2020-08-26 09:37:38.550,3.361,30000
2020-08-26 09:37:38.550,3.361,20000
2020-08-26 09:37:38.550,3.361,10000
2020-08-26 09:37:38.550,3.361,30000
2020-08-26 09:37:38.550,3.361,30000
2020-08-26 09:37:38.640,3.361,10000
2020-08-26 09:37:38.640,3.361,40000
2020-08-26 09:37:38.640,3.361,30000
2020-08-26 09:37:38.640,3.361,10000
2020-08-26 09:37:38.640,3.361,10000
2020-08-26 09:37:38.640,3.361,30000
2020-08-26 09:37:38.640,3.361,20000
2020-08-26 09:37:41.170,3.362,3800
2020-08-26 09:37:41.550,3.361,600
2020-08-26 09:37:41.610,3.361,30000
2020-08-26 09:37:41.610,3.361,30000
2020-08-26 09:37:41.610,3.361,30000
2020-08-26 09:37:41.610,3.361,30000
2020-08-26 09:37:41.610,3.361,30000
2020-08-26 09:37:42.430,3.362,28700
2020-08-26 09:37:42.430,3.362,40000
2020-08-26 09:37:42.430,3.362,30000
2020-08-26 09:37:42.430,3.362,8000
2020-08-26 09:37:42.430,3.362,22600
2020-08-26 09:37:42.430,3.362,10000
2020-08-26 09:37:42.430,3.362,1200
2020-08-26 09:37:42.430,3.362,500
2020-08-26 09:37:42.430,3.362,20000
2020-08-26 09:37:42.430,3.362,5000
2020-08-26 09:37:42.430,3.362,100
2020-08-26 09:37:42.430,3.362,5300
2020-08-26 09:37:42.430,3.362,3000
2020-08-26 09:37:42.430,3.362,33600
2020-08-26 09:37:42.430,3.362,500
2020-08-26 09:37:42.430,3.362,2800
2020-08-26 09:37:42.430,3.362,50000
2020-08-26 09:37:42.430,3.362,1400
2020-08-26 09:37:42.430,3.362,37300
2020-08-26 09:37:43.160,3.362,101500
2020-08-26 09:37:43.160,3.362,15000
2020-08-26 09:37:43.160,3.362,700
2020-08-26 09:37:43.410,3.362,9800
2020-08-26 09:37:43.430,3.362,100
2020-08-26 09:37:43.990,3.362,25000
2020-08-26 09:37:44.560,3.362,30000
2020-08-26 09:37:44.560,3.362,20000
2020-08-26 09:37:44.560,3.362,30000
2020-08-26 09:37:44.560,3.362,30000
2020-08-26 09:37:45.410,3.362,1000
2020-08-26 09:37:47.190,3.362,1000
2020-08-26 09:37:47.620,3.362,10000
2020-08-26 09:37:47.620,3.362,20000
2020-08-26 09:37:48.500,3.362,1000
2020-08-26 09:37:48.900,3.362,4900
2020-08-26 09:37:48.900,3.362,11000
2020-08-26 09:37:48.900,3.362,300
2020-08-26 09:37:50.580,3.361,30000
2020-08-26 09:37:50.580,3.361,10000
2020-08-26 09:37:51.490,3.362,1700
2020-08-26 09:37:51.850,3.362,5000
2020-08-26 09:37:52.650,3.361,200
2020-08-26 09:37:52.990,3.362,100
2020-08-26 09:37:53.090,3.361,60000
2020-08-26 09:37:53.530,3.361,30000
2020-08-26 09:37:53.530,3.361,19200
2020-08-26 09:37:53.530,3.361,10800
2020-08-26 09:37:53.530,3.361,30000
2020-08-26 09:37:53.530,3.361,30000
2020-08-26 09:37:53.530,3.361,30000
2020-08-26 09:37:53.530,3.361,30000
2020-08-26 09:37:53.530,3.361,30000
2020-08-26 09:37:53.530,3.361,30000
2020-08-26 09:37:53.530,3.361,30000
2020-08-26 09:37:53.530,3.361,30000
2020-08-26 09:37:53.530,3.361,30000
2020-08-26 09:37:53.530,3.361,30000
2020-08-26 09:37:55.330,3.362,200
2020-08-26 09:37:55.550,3.362,82100
2020-08-26 09:37:55.550,3.362,30000
2020-08-26 09:37:55.550,3.362,40000
2020-08-26 09:37:55.550,3.362,8000
2020-08-26 09:37:55.550,3.362,500
2020-08-26 09:37:56.500,3.362,30000
2020-08-26 09:37:56.550,3.362,40000
2020-08-26 09:37:56.550,3.362,30000
2020-08-26 09:37:56.550,3.362,10000
2020-08-26 09:37:56.550,3.362,10000
2020-08-26 09:37:56.550,3.362,10000
2020-08-26 09:37:59.570,3.362,9400
2020-08-26 09:37:59.570,3.362,20600
2020-08-26 09:37:59.570,3.362,3100
2020-08-26 09:37:59.570,3.362,700
2020-08-26 09:38:00.050,3.362,3000
2020-08-26 09:38:01.270,3.362,600
2020-08-26 09:38:02.290,3.362,200
2020-08-26 09:38:02.290,3.361,700
2020-08-26 09:38:02.510,3.361,30000
2020-08-26 09:38:02.510,3.361,30000
2020-08-26 09:38:02.510,3.361,30000
2020-08-26 09:38:02.510,3.361,30000
2020-08-26 09:38:02.510,3.361,30000
2020-08-26 09:38:02.510,3.361,30000
2020-08-26 09:38:02.510,3.361,30000
2020-08-26 09:38:02.510,3.361,20000
2020-08-26 09:38:03.220,3.361,10000
2020-08-26 09:38:03.650,3.362,12400
2020-08-26 09:38:03.650,3.362,7600
2020-08-26 09:38:04.260,3.361,50000
2020-08-26 09:38:05.520,3.361,9400
2020-08-26 09:38:05.520,3.361,500
2020-08-26 09:38:05.520,3.361,20100
2020-08-26 09:38:05.520,3.361,30000
2020-08-26 09:38:05.520,3.361,10000
2020-08-26 09:38:06.140,3.361,40000
2020-08-26 09:38:07.080,3.361,1000
2020-08-26 09:38:07.350,3.362,6500
2020-08-26 09:38:08.550,3.361,100000
2020-08-26 09:38:08.550,3.361,30000
2020-08-26 09:38:08.550,3.361,100000
2020-08-26 09:38:11.300,3.361,5000
2020-08-26 09:38:11.550,3.361,30000
2020-08-26 09:38:11.550,3.361,20000
2020-08-26 09:38:13.030,3.362,35900
2020-08-26 09:38:13.030,3.362,40000
2020-08-26 09:38:13.030,3.362,20000
2020-08-26 09:38:13.030,3.362,30000
2020-08-26 09:38:13.030,3.362,24100
2020-08-26 09:38:13.030,3.361,200
2020-08-26 09:38:13.350,3.362,7400
2020-08-26 09:38:13.700,3.361,10000
2020-08-26 09:38:14.600,3.361,3800
2020-08-26 09:38:14.600,3.361,3800
2020-08-26 09:38:14.600,3.361,100
2020-08-26 09:38:14.600,3.36,1000
2020-08-26 09:38:14.600,3.36,1600
2020-08-26 09:38:14.600,3.36,2500
2020-08-26 09:38:14.600,3.36,17200
2020-08-26 09:38:15.360,3.361,5000
2020-08-26 09:38:16.790,3.361,4000
2020-08-26 09:38:17.070,3.361,3000
2020-08-26 09:38:17.630,3.361,40000
2020-08-26 09:38:17.630,3.361,30000
2020-08-26 09:38:17.630,3.361,100000
2020-08-26 09:38:17.630,3.361,60000
2020-08-26 09:38:18.460,3.361,58000
2020-08-26 09:38:19.910,3.361,2000
2020-08-26 09:38:19.910,3.361,1000
2020-08-26 09:38:20.470,3.362,10000
2020-08-26 09:38:20.530,3.361,80000
2020-08-26 09:38:20.530,3.361,100000
2020-08-26 09:38:20.530,3.361,50000
2020-08-26 09:38:22.190,3.362,400
2020-08-26 09:38:22.840,3.361,700
2020-08-26 09:38:23.250,3.361,9200
2020-08-26 09:38:23.550,3.361,30000
2020-08-26 09:38:23.550,3.361,10000
2020-08-26 09:38:26.600,3.361,17200
2020-08-26 09:38:26.600,3.361,12800
2020-08-26 09:38:26.600,3.361,30000
2020-08-26 09:38:26.600,3.361,10000
2020-08-26 09:38:26.600,3.361,20000
2020-08-26 09:38:26.600,3.361,30000
2020-08-26 09:38:26.600,3.361,30000
2020-08-26 09:38:26.600,3.361,30000
2020-08-26 09:38:26.600,3.361,30000
2020-08-26 09:38:26.600,3.361,20000
2020-08-26 09:38:26.600,3.361,20000
2020-08-26 09:38:26.620,3.361,11500
2020-08-26 09:38:26.710,3.361,40000
2020-08-26 09:38:27.280,3.361,15700
2020-08-26 09:38:28.650,3.362,18100
2020-08-26 09:38:28.650,3.362,5000
2020-08-26 09:38:28.650,3.362,30000
2020-08-26 09:38:28.650,3.362,10000
2020-08-26 09:38:28.650,3.362,2000
2020-08-26 09:38:28.650,3.362,5400
2020-08-26 09:38:28.650,3.362,1700
2020-08-26 09:38:28.650,3.362,200
2020-08-26 09:38:28.650,3.362,50000
2020-08-26 09:38:28.650,3.362,5700
2020-08-26 09:38:28.650,3.362,20000
2020-08-26 09:38:28.650,3.362,10000
2020-08-26 09:38:28.650,3.362,30000
2020-08-26 09:38:28.650,3.362,10000
2020-08-26 09:38:28.650,3.362,14300
2020-08-26 09:38:29.450,3.362,20000
2020-08-26 09:38:29.560,3.362,20000
2020-08-26 09:38:29.560,3.362,47600
2020-08-26 09:38:29.980,3.361,35400
2020-08-26 09:38:30.470,3.362,2400
2020-08-26 09:38:30.570,3.362,3000
2020-08-26 09:38:31.350,3.362,3000
2020-08-26 09:38:31.450,3.362,10000
2020-08-26 09:38:32.200,3.363,1000
2020-08-26 09:38:32.200,3.363,200
2020-08-26 09:38:32.200,3.363,6500
2020-08-26 09:38:32.200,3.363,600
2020-08-26 09:38:32.200,3.363,100
2020-08-26 09:38:32.200,3.363,1500
2020-08-26 09:38:32.200,3.363,10000
2020-08-26 09:38:32.200,3.363,196200
2020-08-26 09:38:32.200,3.363,5000
2020-08-26 09:38:32.200,3.363,30000
2020-08-26 09:38:32.200,3.363,5000
2020-08-26 09:38:32.200,3.363,10000
2020-08-26 09:38:32.200,3.363,1000
2020-08-26 09:38:32.200,3.363,32900
2020-08-26 09:38:32.440,3.363,7100
2020-08-26 09:38:32.440,3.363,10000
2020-08-26 09:38:32.440,3.363,20000
2020-08-26 09:38:32.440,3.363,50000
2020-08-26 09:38:32.440,3.363,70000
2020-08-26 09:38:32.440,3.363,5000
2020-08-26 09:38:32.440,3.363,1000
2020-08-26 09:38:32.440,3.363,10200
2020-08-26 09:38:32.440,3.363,1000
2020-08-26 09:38:32.440,3.363,1000
2020-08-26 09:38:32.440,3.363,5000
2020-08-26 09:38:32.440,3.363,5300
2020-08-26 09:38:33.080,3.363,3500
2020-08-26 09:38:34.540,3.363,700
2020-08-26 09:38:35.830,3.363,20000
2020-08-26 09:38:36.950,3.363,900
2020-08-26 09:38:37.380,3.363,1700
2020-08-26 09:38:37.910,3.363,87600
2020-08-26 09:38:37.910,3.362,12400
2020-08-26 09:38:38.590,3.362,10000
2020-08-26 09:38:38.590,3.362,30000
2020-08-26 09:38:38.590,3.362,10000
2020-08-26 09:38:38.590,3.362,30000
2020-08-26 09:38:38.590,3.362,10000
2020-08-26 09:38:38.590,3.362,30000
2020-08-26 09:38:38.590,3.362,30000
2020-08-26 09:38:38.590,3.362,30000
2020-08-26 09:38:38.590,3.362,30000
2020-08-26 09:38:38.590,3.362,20000
2020-08-26 09:38:38.590,3.362,30000
2020-08-26 09:38:38.590,3.362,9200
2020-08-26 09:38:38.590,3.362,20800
2020-08-26 09:38:38.590,3.362,30000
2020-08-26 09:38:38.590,3.362,20000
2020-08-26 09:38:38.590,3.362,10000
2020-08-26 09:38:38.620,3.362,30000
2020-08-26 09:38:38.620,3.362,30000
2020-08-26 09:38:38.620,3.362,60000
2020-08-26 09:38:38.620,3.362,98900
2020-08-26 09:38:38.620,3.362,1100
2020-08-26 09:38:38.620,3.362,30000
2020-08-26 09:38:38.650,3.364,200
2020-08-26 09:38:38.650,3.364,500
2020-08-26 09:38:40.870,3.363,100
2020-08-26 09:38:41.560,3.362,80000
2020-08-26 09:38:41.560,3.362,30000
2020-08-26 09:38:41.560,3.362,10000
2020-08-26 09:38:41.560,3.362,30000
2020-08-26 09:38:41.560,3.362,20000
2020-08-26 09:38:44.480,3.362,700
2020-08-26 09:38:44.610,3.362,48200
2020-08-26 09:38:44.610,3.362,1800
2020-08-26 09:38:46.500,3.362,1300
2020-08-26 09:38:46.990,3.363,49900
2020-08-26 09:38:46.990,3.363,500
2020-08-26 09:38:47.620,3.363,30000
2020-08-26 09:38:49.140,3.364,3600
2020-08-26 09:38:49.220,3.364,700
2020-08-26 09:38:49.430,3.363,500
2020-08-26 09:38:50.330,3.363,3000
2020-08-26 09:38:50.540,3.363,6100
2020-08-26 09:38:50.540,3.363,13900
2020-08-26 09:38:51.540,3.364,3400
2020-08-26 09:38:52.950,3.364,1800
2020-08-26 09:38:52.950,3.364,1000
2020-08-26 09:38:52.950,3.364,200
2020-08-26 09:38:53.520,3.363,3800
2020-08-26 09:38:53.520,3.363,100
2020-08-26 09:38:53.520,3.363,16100
2020-08-26 09:38:53.520,3.363,6500
2020-08-26 09:38:53.520,3.363,23500
2020-08-26 09:38:53.520,3.363,30000
2020-08-26 09:38:53.520,3.363,10000
2020-08-26 09:38:54.400,3.364,5800
2020-08-26 09:38:54.400,3.364,200
2020-08-26 09:38:54.400,3.364,1000
2020-08-26 09:38:54.400,3.364,5000
2020-08-26 09:38:54.400,3.364,6500
2020-08-26 09:38:54.400,3.364,3000
2020-08-26 09:38:54.400,3.364,600
2020-08-26 09:38:54.400,3.364,5000
2020-08-26 09:38:54.400,3.364,5000
2020-08-26 09:38:54.400,3.364,7000
2020-08-26 09:38:54.400,3.364,50000
2020-08-26 09:38:54.400,3.364,10000
2020-08-26 09:38:54.400,3.364,3700
2020-08-26 09:38:54.400,3.364,3100
2020-08-26 09:38:54.400,3.364,12500
2020-08-26 09:38:54.400,3.364,100
2020-08-26 09:38:54.400,3.364,1000
2020-08-26 09:38:54.400,3.364,6000
2020-08-26 09:38:54.400,3.364,300
2020-08-26 09:38:54.400,3.364,500
2020-08-26 09:38:54.400,3.364,2000
2020-08-26 09:38:54.400,3.364,1000
2020-08-26 09:38:54.400,3.364,1000
2020-08-26 09:38:54.400,3.364,50000
2020-08-26 09:38:54.400,3.364,20000
2020-08-26 09:38:54.400,3.364,100
2020-08-26 09:38:54.400,3.364,30000
2020-08-26 09:38:54.400,3.364,5000
2020-08-26 09:38:54.400,3.364,5400
2020-08-26 09:38:54.500,3.364,10000
2020-08-26 09:38:54.630,3.364,3000
2020-08-26 09:38:55.060,3.364,30000
2020-08-26 09:38:55.120,3.364,100
2020-08-26 09:38:55.580,3.364,16100
2020-08-26 09:38:55.580,3.364,2600
2020-08-26 09:38:56.510,3.363,26500
2020-08-26 09:38:56.510,3.363,23500
2020-08-26 09:38:56.510,3.363,50000
2020-08-26 09:38:56.510,3.363,70000
2020-08-26 09:38:56.510,3.363,30000
2020-08-26 09:38:56.510,3.363,10000
2020-08-26 09:38:56.510,3.363,10000
2020-08-26 09:38:56.510,3.363,40000
2020-08-26 09:38:57.040,3.363,30000
2020-08-26 09:38:58.220,3.363,2000
2020-08-26 09:38:59.500,3.363,10000
2020-08-26 09:38:59.500,3.363,10000
2020-08-26 09:39:00.360,3.363,14500
2020-08-26 09:39:02.560,3.362,30000
2020-08-26 09:39:02.560,3.362,20000
2020-08-26 09:39:02.930,3.363,1300
2020-08-26 09:39:03.560,3.363,2000
2020-08-26 09:39:04.760,3.363,8500
2020-08-26 09:39:04.760,3.363,2300
2020-08-26 09:39:05.030,3.363,32700
2020-08-26 09:39:05.030,3.363,100
2020-08-26 09:39:05.030,3.363,5000
2020-08-26 09:39:05.030,3.364,5200
2020-08-26 09:39:05.030,3.364,6000
2020-08-26 09:39:05.030,3.364,1000
2020-08-26 09:39:05.570,3.362,20000
2020-08-26 09:39:05.760,3.364,300
2020-08-26 09:39:06.200,3.364,19700
2020-08-26 09:39:06.200,3.364,400
2020-08-26 09:39:07.170,3.364,3000
2020-08-26 09:39:09.500,3.364,1600
2020-08-26 09:39:09.500,3.363,2500
2020-08-26 09:39:10.930,3.363,5900
2020-08-26 09:39:10.930,3.363,5000
2020-08-26 09:39:11.620,3.363,30000
2020-08-26 09:39:11.620,3.363,30000
2020-08-26 09:39:11.620,3.363,30000
2020-08-26 09:39:11.620,3.363,20000
2020-08-26 09:39:11.620,3.363,30000
2020-08-26 09:39:11.620,3.363,30000
2020-08-26 09:39:11.620,3.363,30000
2020-08-26 09:39:11.620,3.363,30000
2020-08-26 09:39:13.820,3.364,7400
2020-08-26 09:39:14.530,3.363,10000
2020-08-26 09:39:14.530,3.363,10000
2020-08-26 09:39:14.530,3.363,10000
2020-08-26 09:39:14.530,3.363,10000
2020-08-26 09:39:17.660,3.363,19100
2020-08-26 09:39:17.660,3.363,900
2020-08-26 09:39:19.250,3.364,1000
2020-08-26 09:39:19.250,3.363,1000
2020-08-26 09:39:20.650,3.363,1000
2020-08-26 09:39:20.650,3.363,14900
2020-08-26 09:39:20.650,3.363,4100
2020-08-26 09:39:20.810,3.364,10300
2020-08-26 09:39:23.290,3.364,10000
2020-08-26 09:39:24.620,3.364,300
2020-08-26 09:39:26.780,3.363,5900
2020-08-26 09:39:26.780,3.363,2100
2020-08-26 09:39:27.820,3.363,6000
2020-08-26 09:39:29.570,3.362,30000
2020-08-26 09:39:30.010,3.363,700
2020-08-26 09:39:32.260,3.363,1000
2020-08-26 09:39:32.540,3.362,30000
2020-08-26 09:39:32.540,3.362,10000
2020-08-26 09:39:32.540,3.362,30000
2020-08-26 09:39:32.540,3.362,30000
2020-08-26 09:39:32.540,3.362,30000
2020-08-26 09:39:32.540,3.362,30000
2020-08-26 09:39:35.580,3.362,40000
2020-08-26 09:39:37.680,3.362,1000
2020-08-26 09:39:38.280,3.363,300
2020-08-26 09:39:38.650,3.362,9000
2020-08-26 09:39:38.650,3.362,30000
2020-08-26 09:39:38.650,3.362,1000
2020-08-26 09:39:39.250,3.363,20000
2020-08-26 09:39:39.360,3.363,15000
2020-08-26 09:39:39.420,3.363,200
2020-08-26 09:39:40.860,3.362,2000
2020-08-26 09:39:41.400,3.362,500
2020-08-26 09:39:41.530,3.362,100
2020-08-26 09:39:42.240,3.362,8900
2020-08-26 09:39:42.770,3.362,1100
2020-08-26 09:39:43.070,3.362,13800
2020-08-26 09:39:44.380,3.362,800
2020-08-26 09:39:44.600,3.361,10000
2020-08-26 09:39:44.600,3.361,20000
2020-08-26 09:39:44.600,3.361,30000
2020-08-26 09:39:47.600,3.361,10000
2020-08-26 09:39:47.910,3.362,15400
2020-08-26 09:39:47.910,3.362,1000
2020-08-26 09:39:47.910,3.362,17000
2020-08-26 09:39:48.800,3.363,248800
2020-08-26 09:39:48.800,3.363,1000
2020-08-26 09:39:48.800,3.363,3600
2020-08-26 09:39:48.800,3.363,2300
2020-08-26 09:39:48.800,3.363,30000
2020-08-26 09:39:49.300,3.363,5900
2020-08-26 09:39:49.380,3.363,8400
2020-08-26 09:39:50.540,3.362,20000
2020-08-26 09:39:52.610,3.362,1500
2020-08-26 09:39:53.540,3.362,15100
2020-08-26 09:39:53.540,3.362,3000
2020-08-26 09:39:53.540,3.362,20500
2020-08-26 09:39:53.540,3.362,41400
2020-08-26 09:39:53.540,3.362,60000
2020-08-26 09:39:53.540,3.362,60000
2020-08-26 09:39:53.540,3.362,30000
2020-08-26 09:39:53.600,3.362,40000
2020-08-26 09:39:56.190,3.362,100
2020-08-26 09:39:56.590,3.362,50000
2020-08-26 09:39:57.000,3.362,1500
2020-08-26 09:39:57.170,3.362,1300
2020-08-26 09:39:58.280,3.363,4400
2020-08-26 09:39:59.660,3.363,5600
2020-08-26 09:40:01.940,3.363,4400
2020-08-26 09:40:01.940,3.363,5100
2020-08-26 09:40:01.940,3.363,5000
2020-08-26 09:40:01.940,3.363,13100
2020-08-26 09:40:01.940,3.364,271000
2020-08-26 09:40:01.940,3.364,1400
2020-08-26 09:40:02.130,3.363,300
2020-08-26 09:40:02.570,3.363,80000
2020-08-26 09:40:02.570,3.363,30000
2020-08-26 09:40:02.570,3.363,80000
2020-08-26 09:40:04.580,3.364,8600
2020-08-26 09:40:04.580,3.364,3600
2020-08-26 09:40:04.580,3.364,1000
2020-08-26 09:40:04.580,3.364,96800
2020-08-26 09:40:04.860,3.363,1000
2020-08-26 09:40:04.910,3.363,2000
2020-08-26 09:40:05.480,3.363,37000
2020-08-26 09:40:05.480,3.363,150000
2020-08-26 09:40:05.560,3.363,1000
2020-08-26 09:40:06.030,3.363,112000
2020-08-26 09:40:06.030,3.363,30000
2020-08-26 09:40:06.030,3.363,30000
2020-08-26 09:40:06.050,3.363,3000
2020-08-26 09:40:06.170,3.363,5600
2020-08-26 09:40:06.510,3.364,300000
2020-08-26 09:40:06.870,3.364,30000
2020-08-26 09:40:07.470,3.364,73200
2020-08-26 09:40:07.470,3.364,500
2020-08-26 09:40:07.470,3.364,10000
2020-08-26 09:40:08.560,3.364,10000
2020-08-26 09:40:08.560,3.364,30000
2020-08-26 09:40:08.560,3.364,80000
2020-08-26 09:40:08.560,3.364,10000
2020-08-26 09:40:08.560,3.364,30000
2020-08-26 09:40:08.560,3.364,10000
2020-08-26 09:40:09.630,3.364,1000
2020-08-26 09:40:10.520,3.364,20000
2020-08-26 09:40:11.550,3.364,25300
2020-08-26 09:40:11.550,3.364,4700
2020-08-26 09:40:11.600,3.364,10000
2020-08-26 09:40:11.600,3.364,20000
2020-08-26 09:40:12.550,3.365,100
2020-08-26 09:40:12.550,3.365,1000
2020-08-26 09:40:12.550,3.365,200
2020-08-26 09:40:12.550,3.365,1000
2020-08-26 09:40:12.550,3.365,400
2020-08-26 09:40:12.550,3.365,6500
2020-08-26 09:40:12.550,3.365,100
2020-08-26 09:40:12.550,3.365,500
2020-08-26 09:40:12.550,3.365,8700
2020-08-26 09:40:12.550,3.365,2000
2020-08-26 09:40:12.550,3.365,10000
2020-08-26 09:40:12.550,3.365,2000
2020-08-26 09:40:12.550,3.365,10000
2020-08-26 09:40:12.550,3.365,20000
2020-08-26 09:40:12.550,3.365,20000
2020-08-26 09:40:12.550,3.365,100
2020-08-26 09:40:12.550,3.365,100
2020-08-26 09:40:12.550,3.365,9000
2020-08-26 09:40:12.550,3.365,5000
2020-08-26 09:40:12.550,3.365,1000
2020-08-26 09:40:12.550,3.365,2000
2020-08-26 09:40:12.550,3.365,1000
2020-08-26 09:40:12.550,3.365,30000
2020-08-26 09:40:12.550,3.365,1000
2020-08-26 09:40:12.550,3.365,12500
2020-08-26 09:40:12.550,3.365,1000
2020-08-26 09:40:12.550,3.365,2500
2020-08-26 09:40:12.550,3.365,3300
2020-08-26 09:40:12.550,3.365,1500
2020-08-26 09:40:12.550,3.365,3000
2020-08-26 09:40:12.550,3.365,1000
2020-08-26 09:40:12.550,3.365,500
2020-08-26 09:40:12.550,3.365,200
2020-08-26 09:40:12.550,3.365,10000
2020-08-26 09:40:12.550,3.365,5000
2020-08-26 09:40:12.550,3.365,500
2020-08-26 09:40:12.550,3.365,10000
2020-08-26 09:40:12.550,3.365,7100
2020-08-26 09:40:12.550,3.365,110200
2020-08-26 09:40:12.550,3.365,244700
2020-08-26 09:40:12.910,3.365,145100
2020-08-26 09:40:14.650,3.365,30000
2020-08-26 09:40:14.650,3.365,10000
2020-08-26 09:40:14.650,3.365,10000
2020-08-26 09:40:14.650,3.365,10000
2020-08-26 09:40:14.650,3.365,40000
2020-08-26 09:40:14.650,3.365,2600
2020-08-26 09:40:14.880,3.366,7400
2020-08-26 09:40:15.700,3.365,52300
2020-08-26 09:40:15.700,3.365,247700
2020-08-26 09:40:17.550,3.365,30000
2020-08-26 09:40:17.640,3.365,2000
2020-08-26 09:40:17.640,3.365,20000
2020-08-26 09:40:17.840,3.365,200
2020-08-26 09:40:18.670,3.365,100
2020-08-26 09:40:19.750,3.365,20000
2020-08-26 09:40:20.740,3.366,3600
2020-08-26 09:40:20.740,3.366,100
2020-08-26 09:40:20.740,3.366,1000
2020-08-26 09:40:20.740,3.366,6000
2020-08-26 09:40:20.740,3.366,200
2020-08-26 09:40:20.740,3.366,10000
2020-08-26 09:40:20.740,3.366,6500
2020-08-26 09:40:20.740,3.366,20000
2020-08-26 09:40:20.740,3.366,100
2020-08-26 09:40:20.740,3.366,3100
2020-08-26 09:40:20.740,3.366,300
2020-08-26 09:40:20.740,3.366,3100
2020-08-26 09:40:20.740,3.366,3100
2020-08-26 09:40:20.740,3.366,3100
2020-08-26 09:40:20.740,3.366,10000
2020-08-26 09:40:20.740,3.366,10000
2020-08-26 09:40:20.740,3.366,9800
2020-08-26 09:40:22.540,3.365,2800
2020-08-26 09:40:22.540,3.365,297200
2020-08-26 09:40:23.330,3.366,2000
2020-08-26 09:40:23.560,3.365,2800
2020-08-26 09:40:23.560,3.365,7200
2020-08-26 09:40:23.560,3.365,30000
2020-08-26 09:40:23.560,3.365,10000
2020-08-26 09:40:23.560,3.365,10000
2020-08-26 09:40:23.860,3.365,3000
2020-08-26 09:40:26.400,3.366,19200
2020-08-26 09:40:26.400,3.366,10000
2020-08-26 09:40:26.400,3.366,55500
2020-08-26 09:40:26.400,3.366,55500
2020-08-26 09:40:26.400,3.366,2500
2020-08-26 09:40:26.400,3.366,50000
2020-08-26 09:40:26.400,3.366,100
2020-08-26 09:40:26.400,3.366,100
2020-08-26 09:40:26.400,3.366,1000
2020-08-26 09:40:26.400,3.366,50000
2020-08-26 09:40:26.400,3.366,1600
2020-08-26 09:40:26.400,3.366,1000
2020-08-26 09:40:26.400,3.366,10100
2020-08-26 09:40:26.400,3.366,1000
2020-08-26 09:40:26.400,3.366,2000
2020-08-26 09:40:26.400,3.366,33600
2020-08-26 09:40:26.400,3.366,6800
2020-08-26 09:40:26.750,3.366,3200
2020-08-26 09:40:26.750,3.366,200
2020-08-26 09:40:26.750,3.366,39000
2020-08-26 09:40:27.910,3.366,261000
2020-08-26 09:40:27.910,3.366,39000
2020-08-26 09:40:29.630,3.366,500
2020-08-26 09:40:31.580,3.366,20500
2020-08-26 09:40:31.580,3.366,10000
2020-08-26 09:40:32.600,3.366,9500
2020-08-26 09:40:32.600,3.366,20500
2020-08-26 09:40:32.600,3.366,29500
2020-08-26 09:40:32.600,3.366,500
2020-08-26 09:40:32.600,3.366,30000
2020-08-26 09:40:32.600,3.366,30000
2020-08-26 09:40:32.600,3.366,30000
2020-08-26 09:40:32.600,3.366,30000
2020-08-26 09:40:32.600,3.366,30000
2020-08-26 09:40:32.600,3.366,30000
2020-08-26 09:40:32.600,3.366,30000
2020-08-26 09:40:32.600,3.366,30000
2020-08-26 09:40:32.600,3.366,30000
2020-08-26 09:40:32.600,3.366,20000
2020-08-26 09:40:32.600,3.366,9500
2020-08-26 09:40:32.600,3.366,500
2020-08-26 09:40:32.880,3.366,139500
2020-08-26 09:40:32.880,3.366,300000
2020-08-26 09:40:32.980,3.366,400
2020-08-26 09:40:33.260,3.366,3000
2020-08-26 09:40:33.610,3.365,200
2020-08-26 09:40:33.660,3.366,57100
2020-08-26 09:40:33.660,3.367,100
2020-08-26 09:40:33.660,3.367,1000
2020-08-26 09:40:33.660,3.367,200
2020-08-26 09:40:33.660,3.367,7000
2020-08-26 09:40:33.660,3.367,10000
2020-08-26 09:40:33.660,3.367,6500
2020-08-26 09:40:33.660,3.367,1500
2020-08-26 09:40:33.660,3.367,2000
2020-08-26 09:40:33.660,3.367,5000
2020-08-26 09:40:33.660,3.367,3000
2020-08-26 09:40:33.660,3.367,5000
2020-08-26 09:40:33.660,3.367,5500
2020-08-26 09:40:33.900,3.367,1000
2020-08-26 09:40:34.730,3.367,100000
2020-08-26 09:40:35.550,3.367,10000
2020-08-26 09:40:35.550,3.367,50000
2020-08-26 09:40:35.550,3.367,30000
2020-08-26 09:40:35.550,3.367,5100
2020-08-26 09:40:35.550,3.367,14900
2020-08-26 09:40:35.550,3.367,60000
2020-08-26 09:40:35.550,3.367,10000
2020-08-26 09:40:35.550,3.367,10000
2020-08-26 09:40:35.550,3.367,100000
2020-08-26 09:40:35.550,3.367,20000
2020-08-26 09:40:35.700,3.367,30000
2020-08-26 09:40:36.400,3.367,1000
2020-08-26 09:40:38.570,3.367,10000
2020-08-26 09:40:38.570,3.367,30000
2020-08-26 09:40:38.570,3.367,14100
2020-08-26 09:40:38.570,3.367,4000
2020-08-26 09:40:38.570,3.367,600
2020-08-26 09:40:38.570,3.367,11300
2020-08-26 09:40:38.570,3.367,30000
2020-08-26 09:40:38.570,3.367,30000
2020-08-26 09:40:38.570,3.367,10000
2020-08-26 09:40:38.570,3.367,30000
2020-08-26 09:40:38.570,3.367,10000
2020-08-26 09:40:39.250,3.367,1000
2020-08-26 09:40:43.070,3.368,200
2020-08-26 09:40:43.070,3.368,100
2020-08-26 09:40:43.070,3.368,1000
2020-08-26 09:40:43.070,3.368,6000
2020-08-26 09:40:43.070,3.368,200
2020-08-26 09:40:43.070,3.368,400
2020-08-26 09:40:43.070,3.368,200
2020-08-26 09:40:43.070,3.368,4600
2020-08-26 09:40:45.030,3.366,40000
2020-08-26 09:40:45.030,3.366,9000
2020-08-26 09:40:45.330,3.367,1000
2020-08-26 09:40:45.330,3.368,1000
2020-08-26 09:40:45.440,3.368,400
2020-08-26 09:40:47.340,3.367,2000
2020-08-26 09:40:47.340,3.367,100
2020-08-26 09:40:48.700,3.368,500
2020-08-26 09:40:48.700,3.368,2000
2020-08-26 09:40:48.700,3.368,17500
2020-08-26 09:40:49.350,3.367,300000
2020-08-26 09:40:50.520,3.367,100
2020-08-26 09:40:50.520,3.367,29900
2020-08-26 09:40:50.520,3.367,20000
2020-08-26 09:40:50.520,3.367,10000
2020-08-26 09:40:50.520,3.367,30000
2020-08-26 09:40:51.230,3.367,900
2020-08-26 09:40:52.770,3.367,7400
2020-08-26 09:40:52.950,3.367,10000
2020-08-26 09:40:53.200,3.367,20000
2020-08-26 09:40:53.590,3.367,30000
2020-08-26 09:40:53.590,3.367,30000
2020-08-26 09:40:53.590,3.367,30000
2020-08-26 09:40:53.590,3.367,30000
2020-08-26 09:40:53.590,3.367,10000
2020-08-26 09:40:53.590,3.367,30000
2020-08-26 09:40:53.720,3.368,10000
2020-08-26 09:40:55.660,3.368,700
2020-08-26 09:40:55.780,3.368,15000
2020-08-26 09:40:55.780,3.367,700
2020-08-26 09:40:57.640,3.367,30000
2020-08-26 09:40:57.640,3.367,30000
2020-08-26 09:40:57.640,3.367,30000
2020-08-26 09:40:58.020,3.368,6800
2020-08-26 09:40:58.020,3.368,3200
2020-08-26 09:40:59.260,3.368,4500
2020-08-26 09:40:59.260,3.368,7500
2020-08-26 09:40:59.340,3.367,1100
2020-08-26 09:40:59.560,3.367,30000
2020-08-26 09:40:59.560,3.367,30000
2020-08-26 09:41:02.200,3.368,2500
2020-08-26 09:41:02.200,3.368,1000
2020-08-26 09:41:02.200,3.368,10000
2020-08-26 09:41:02.200,3.368,700
2020-08-26 09:41:02.200,3.368,1000
2020-08-26 09:41:02.200,3.368,12600
2020-08-26 09:41:02.200,3.368,5000
2020-08-26 09:41:02.200,3.368,3200
2020-08-26 09:41:02.200,3.368,1000
2020-08-26 09:41:02.200,3.368,1000
2020-08-26 09:41:02.200,3.368,5000
2020-08-26 09:41:02.200,3.368,42100
2020-08-26 09:41:02.530,3.367,30000
2020-08-26 09:41:02.560,3.367,10000
2020-08-26 09:41:02.610,3.367,10000
2020-08-26 09:41:02.770,3.368,3300
2020-08-26 09:41:03.740,3.367,100
2020-08-26 09:41:03.870,3.368,3000
2020-08-26 09:41:04.130,3.368,10000
2020-08-26 09:41:04.470,3.368,3000
2020-08-26 09:41:05.600,3.367,40000
2020-08-26 09:41:05.600,3.367,40000
2020-08-26 09:41:05.600,3.367,10000
2020-08-26 09:41:07.260,3.367,500
2020-08-26 09:41:07.720,3.368,2900
2020-08-26 09:41:07.770,3.367,10000
2020-08-26 09:41:08.650,3.367,9400
2020-08-26 09:41:08.650,3.367,2000
2020-08-26 09:41:08.650,3.367,1000
2020-08-26 09:41:08.650,3.367,4100
2020-08-26 09:41:08.650,3.367,400
2020-08-26 09:41:09.480,3.367,3000
2020-08-26 09:41:09.860,3.367,10000
2020-08-26 09:41:10.420,3.367,1000
2020-08-26 09:41:10.590,3.366,11700
2020-08-26 09:41:10.920,3.367,5400
2020-08-26 09:41:11.610,3.366,10000
2020-08-26 09:41:11.750,3.367,1000
2020-08-26 09:41:11.880,3.367,10000
2020-08-26 09:41:11.910,3.367,1700
2020-08-26 09:41:12.020,3.367,3000
2020-08-26 09:41:13.630,3.367,32500
2020-08-26 09:41:14.610,3.366,8300
2020-08-26 09:41:14.610,3.366,700
2020-08-26 09:41:14.610,3.366,4600
2020-08-26 09:41:14.610,3.366,1000
2020-08-26 09:41:14.610,3.366,18100
2020-08-26 09:41:14.610,3.366,7300
2020-08-26 09:41:14.610,3.366,10000
2020-08-26 09:41:14.670,3.367,7500
2020-08-26 09:41:15.030,3.367,200
2020-08-26 09:41:15.100,3.367,7400
2020-08-26 09:41:15.140,3.366,5000
2020-08-26 09:41:15.220,3.367,2500
2020-08-26 09:41:15.480,3.366,700
2020-08-26 09:41:15.800,3.367,3000
2020-08-26 09:41:16.260,3.366,7000
2020-08-26 09:41:16.260,3.366,2000
2020-08-26 09:41:16.260,3.365,1000
2020-08-26 09:41:24.540,3.365,5900
2020-08-26 09:41:24.540,3.365,24100
2020-08-26 09:41:24.540,3.365,30000
2020-08-26 09:41:24.540,3.365,30000
2020-08-26 09:41:24.540,3.365,30000
2020-08-26 09:41:24.540,3.365,10000
2020-08-26 09:41:24.540,3.365,30000
2020-08-26 09:41:24.540,3.365,30000
2020-08-26 09:41:24.540,3.365,10000
2020-08-26 09:41:24.540,3.365,30000
2020-08-26 09:41:24.540,3.365,10000
2020-08-26 09:41:24.740,3.366,1500
2020-08-26 09:41:24.740,3.366,1000
2020-08-26 09:41:24.740,3.366,3000
2020-08-26 09:41:24.740,3.366,4500
2020-08-26 09:41:26.300,3.365,14000
2020-08-26 09:41:27.150,3.366,15700
2020-08-26 09:41:27.520,3.365,10000
2020-08-26 09:41:29.040,3.365,400
2020-08-26 09:41:30.180,3.365,10000
2020-08-26 09:41:31.030,3.365,1000
2020-08-26 09:41:32.250,3.366,500
2020-08-26 09:41:32.980,3.365,4600
2020-08-26 09:41:32.980,3.365,400
2020-08-26 09:41:33.170,3.365,600
2020-08-26 09:41:33.310,3.365,5000
2020-08-26 09:41:36.900,3.365,14400
2020-08-26 09:41:36.900,3.365,10000
2020-08-26 09:41:36.900,3.365,10000
2020-08-26 09:41:36.900,3.365,600
2020-08-26 09:41:36.900,3.365,6200
2020-08-26 09:41:37.040,3.365,5000
2020-08-26 09:41:37.680,3.365,100
2020-08-26 09:41:40.310,3.364,500
2020-08-26 09:41:43.360,3.365,3600
2020-08-26 09:41:43.970,3.365,6000
2020-08-26 09:41:44.850,3.365,80000
2020-08-26 09:41:44.850,3.365,30000
2020-08-26 09:41:44.850,3.365,30000
2020-08-26 09:41:44.850,3.365,20000
2020-08-26 09:41:44.850,3.365,10000
2020-08-26 09:41:44.850,3.365,30000
2020-08-26 09:41:44.880,3.365,30000
2020-08-26 09:41:44.880,3.365,30000
2020-08-26 09:41:44.880,3.365,10000
2020-08-26 09:41:44.880,3.365,20400
2020-08-26 09:41:44.880,3.365,9600
2020-08-26 09:41:44.880,3.365,20000
2020-08-26 09:41:44.880,3.365,30000
2020-08-26 09:41:44.880,3.365,10000
2020-08-26 09:41:44.880,3.365,10000
2020-08-26 09:41:44.880,3.365,20000
2020-08-26 09:41:47.110,3.365,1000
2020-08-26 09:41:47.870,3.365,10000
2020-08-26 09:41:47.870,3.365,2000
2020-08-26 09:41:48.980,3.364,100
2020-08-26 09:41:49.760,3.365,1000
2020-08-26 09:41:50.470,3.365,17000
2020-08-26 09:41:50.470,3.365,10000
2020-08-26 09:41:50.470,3.365,10000
2020-08-26 09:41:50.470,3.365,30000
2020-08-26 09:41:50.470,3.365,30000
2020-08-26 09:41:50.470,3.365,24100
2020-08-26 09:41:50.630,3.364,200
2020-08-26 09:41:50.630,3.364,29800
2020-08-26 09:41:50.630,3.364,10000
2020-08-26 09:41:51.860,3.365,800
2020-08-26 09:41:53.910,3.365,5100
2020-08-26 09:41:53.910,3.365,100
2020-08-26 09:41:53.910,3.365,500
2020-08-26 09:41:53.910,3.365,2000
2020-08-26 09:41:56.530,3.365,10000
2020-08-26 09:41:56.960,3.366,9300
2020-08-26 09:41:56.960,3.366,100
2020-08-26 09:41:56.960,3.366,600
2020-08-26 09:41:57.330,3.365,11900
2020-08-26 09:41:57.330,3.365,100
2020-08-26 09:42:00.390,3.364,5000
2020-08-26 09:42:00.800,3.364,1100
2020-08-26 09:42:00.800,3.363,500
2020-08-26 09:42:02.970,3.364,1000
2020-08-26 09:42:02.970,3.365,3000
2020-08-26 09:42:02.970,3.365,1000
2020-08-26 09:42:03.110,3.365,2000
2020-08-26 09:42:03.190,3.363,2100
2020-08-26 09:42:03.970,3.365,13800
2020-08-26 09:42:06.110,3.363,30000
2020-08-26 09:42:06.110,3.363,30000
2020-08-26 09:42:06.110,3.363,30000
2020-08-26 09:42:07.990,3.363,26800
2020-08-26 09:42:07.990,3.363,3000
2020-08-26 09:42:07.990,3.363,300
2020-08-26 09:42:07.990,3.363,1000
2020-08-26 09:42:07.990,3.363,33600
2020-08-26 09:42:07.990,3.363,3700
2020-08-26 09:42:07.990,3.363,5000
2020-08-26 09:42:10.610,3.363,3000
2020-08-26 09:42:12.190,3.363,100
2020-08-26 09:42:17.190,3.362,500
2020-08-26 09:42:17.190,3.362,400
2020-08-26 09:42:17.190,3.362,100
2020-08-26 09:42:17.190,3.362,1000
2020-08-26 09:42:17.600,3.363,300
2020-08-26 09:42:18.200,3.363,100
2020-08-26 09:42:19.200,3.363,2600
2020-08-26 09:42:19.200,3.363,10500
2020-08-26 09:42:19.700,3.363,10000
2020-08-26 09:42:19.700,3.364,300000
2020-08-26 09:42:19.890,3.364,50000
2020-08-26 09:42:19.890,3.364,10000
2020-08-26 09:42:20.590,3.364,30000
2020-08-26 09:42:20.590,3.364,30000
2020-08-26 09:42:20.590,3.364,30000
2020-08-26 09:42:20.590,3.364,10000
2020-08-26 09:42:20.590,3.364,30000
2020-08-26 09:42:20.590,3.364,30000
2020-08-26 09:42:20.590,3.364,30000
2020-08-26 09:42:21.350,3.364,3200
2020-08-26 09:42:22.030,3.364,10000
2020-08-26 09:42:23.610,3.364,20000
2020-08-26 09:42:24.860,3.364,16800
2020-08-26 09:42:24.860,3.363,50700
2020-08-26 09:42:26.140,3.364,200
2020-08-26 09:42:26.640,3.364,30000
2020-08-26 09:42:26.640,3.364,30000
2020-08-26 09:42:26.640,3.364,10000
2020-08-26 09:42:27.420,3.365,3000
2020-08-26 09:42:28.240,3.364,100
2020-08-26 09:42:29.550,3.365,10000
2020-08-26 09:42:29.660,3.364,10000
2020-08-26 09:42:29.970,3.364,6200
2020-08-26 09:42:30.400,3.364,2900
2020-08-26 09:42:30.590,3.364,600
2020-08-26 09:42:30.590,3.364,300
2020-08-26 09:42:30.650,3.364,1100
2020-08-26 09:42:31.460,3.364,3000
2020-08-26 09:42:32.150,3.364,300
2020-08-26 09:42:32.150,3.363,19700
2020-08-26 09:42:32.780,3.365,1900
2020-08-26 09:42:36.190,3.363,2600
2020-08-26 09:42:38.150,3.364,10000
2020-08-26 09:42:38.420,3.363,3700
2020-08-26 09:42:39.660,3.364,5000
2020-08-26 09:42:39.660,3.364,3400
2020-08-26 09:42:39.660,3.364,200
2020-08-26 09:42:40.220,3.364,4800
2020-08-26 09:42:40.220,3.364,200
2020-08-26 09:42:42.560,3.364,3300
2020-08-26 09:42:43.120,3.364,2800
2020-08-26 09:42:44.100,3.364,300
2020-08-26 09:42:44.710,3.364,2000
2020-08-26 09:42:44.900,3.364,100
2020-08-26 09:42:45.210,3.364,1500
2020-08-26 09:42:45.700,3.363,6400
2020-08-26 09:42:47.600,3.363,5000
2020-08-26 09:42:47.600,3.363,5000
2020-08-26 09:42:47.920,3.363,5000
2020-08-26 09:42:47.920,3.363,100
2020-08-26 09:42:47.920,3.363,5000
2020-08-26 09:42:47.920,3.363,2000
2020-08-26 09:42:47.920,3.363,400
2020-08-26 09:42:56.210,3.363,100
2020-08-26 09:42:57.270,3.363,210900
2020-08-26 09:42:57.270,3.363,1000
2020-08-26 09:42:57.270,3.363,5000
2020-08-26 09:42:57.550,3.363,41700
2020-08-26 09:42:58.190,3.363,200
2020-08-26 09:42:59.350,3.364,200
2020-08-26 09:42:59.990,3.362,2500
2020-08-26 09:43:00.800,3.363,100
2020-08-26 09:43:01.140,3.363,500
2020-08-26 09:43:04.300,3.363,10000
2020-08-26 09:43:04.350,3.363,19400
2020-08-26 09:43:04.350,3.363,22700
2020-08-26 09:43:04.350,3.363,900
2020-08-26 09:43:04.350,3.363,30000
2020-08-26 09:43:04.350,3.363,3000
2020-08-26 09:43:04.350,3.363,2500
2020-08-26 09:43:04.900,3.363,200
2020-08-26 09:43:05.570,3.363,5000
2020-08-26 09:43:05.620,3.363,30000
2020-08-26 09:43:05.620,3.363,10000
2020-08-26 09:43:06.340,3.363,100
2020-08-26 09:43:07.570,3.363,1600
2020-08-26 09:43:08.570,3.363,20000
2020-08-26 09:43:08.650,3.363,38700
2020-08-26 09:43:08.650,3.363,11300
2020-08-26 09:43:08.960,3.363,220000
2020-08-26 09:43:09.140,3.363,3000
2020-08-26 09:43:11.570,3.363,30000
2020-08-26 09:43:11.620,3.363,10000
2020-08-26 09:43:12.290,3.363,8900
2020-08-26 09:43:13.380,3.363,200
2020-08-26 09:43:14.590,3.363,20000
2020-08-26 09:43:17.550,3.363,35000
2020-08-26 09:43:17.550,3.363,10000
2020-08-26 09:43:18.840,3.363,7500
2020-08-26 09:43:20.040,3.364,900
2020-08-26 09:43:20.040,3.364,100
2020-08-26 09:43:20.070,3.364,600
2020-08-26 09:43:20.650,3.363,100
2020-08-26 09:43:21.950,3.363,9000
2020-08-26 09:43:22.230,3.363,1000
2020-08-26 09:43:24.680,3.364,1100
2020-08-26 09:43:25.390,3.363,100
2020-08-26 09:43:27.390,3.363,200
2020-08-26 09:43:28.070,3.363,1000
2020-08-26 09:43:29.580,3.363,2000
2020-08-26 09:43:30.050,3.363,1800
2020-08-26 09:43:30.620,3.363,8000
2020-08-26 09:43:31.430,3.363,7200
2020-08-26 09:43:31.600,3.363,3000
2020-08-26 09:43:31.680,3.364,5200
2020-08-26 09:43:31.680,3.364,11500
2020-08-26 09:43:31.680,3.364,5000
2020-08-26 09:43:31.680,3.364,3000
2020-08-26 09:43:31.680,3.364,8900
2020-08-26 09:43:31.680,3.364,800
2020-08-26 09:43:31.680,3.364,5600
2020-08-26 09:43:32.100,3.364,4400
2020-08-26 09:43:32.100,3.364,10000
2020-08-26 09:43:32.100,3.364,1800
2020-08-26 09:43:32.100,3.364,100
2020-08-26 09:43:32.100,3.364,3900
2020-08-26 09:43:32.100,3.364,4100
2020-08-26 09:43:32.100,3.364,20000
2020-08-26 09:43:32.100,3.364,300
2020-08-26 09:43:32.590,3.364,30000
2020-08-26 09:43:32.590,3.364,30000
2020-08-26 09:43:32.590,3.364,30000
2020-08-26 09:43:32.590,3.364,10000
2020-08-26 09:43:34.190,3.364,4500
2020-08-26 09:43:35.960,3.365,268300
2020-08-26 09:43:35.960,3.365,2500
2020-08-26 09:43:35.960,3.365,29200
2020-08-26 09:43:36.970,3.365,800
2020-08-26 09:43:36.970,3.365,2000
2020-08-26 09:43:36.970,3.365,53600
2020-08-26 09:43:36.970,3.365,50000
2020-08-26 09:43:36.970,3.365,100
2020-08-26 09:43:36.970,3.365,2400
2020-08-26 09:43:36.970,3.365,1000
2020-08-26 09:43:36.970,3.365,2000
2020-08-26 09:43:36.970,3.365,70000
2020-08-26 09:43:36.970,3.365,1000
2020-08-26 09:43:36.970,3.365,21000
2020-08-26 09:43:36.970,3.365,10000
2020-08-26 09:43:36.970,3.365,4100
2020-08-26 09:43:36.970,3.365,2700
2020-08-26 09:43:36.970,3.365,3000
2020-08-26 09:43:36.970,3.365,2000
2020-08-26 09:43:37.770,3.366,49400
2020-08-26 09:43:37.770,3.366,5000
2020-08-26 09:43:37.770,3.366,1000
2020-08-26 09:43:37.770,3.366,1500
2020-08-26 09:43:37.770,3.366,100
2020-08-26 09:43:37.770,3.366,200
2020-08-26 09:43:37.770,3.366,100
2020-08-26 09:43:37.770,3.366,5000
2020-08-26 09:43:37.770,3.366,1000
2020-08-26 09:43:37.770,3.366,17100
2020-08-26 09:43:37.770,3.366,1000
2020-08-26 09:43:37.770,3.366,20000
2020-08-26 09:43:37.770,3.366,2000
2020-08-26 09:43:37.770,3.366,33600
2020-08-26 09:43:37.770,3.366,4000
2020-08-26 09:43:37.770,3.366,5000
2020-08-26 09:43:37.770,3.366,10000
2020-08-26 09:43:37.770,3.366,10100
2020-08-26 09:43:37.770,3.366,100
2020-08-26 09:43:37.770,3.366,1000
2020-08-26 09:43:37.770,3.366,2000
2020-08-26 09:43:37.770,3.366,200
2020-08-26 09:43:37.770,3.366,1000
2020-08-26 09:43:38.350,3.366,5000
2020-08-26 09:43:38.600,3.366,30000
2020-08-26 09:43:38.600,3.366,30000
2020-08-26 09:43:38.600,3.366,30000
2020-08-26 09:43:38.720,3.366,7500
2020-08-26 09:43:38.740,3.366,1000
2020-08-26 09:43:39.570,3.366,1000
2020-08-26 09:43:41.610,3.366,10000
2020-08-26 09:43:42.000,3.366,4200
2020-08-26 09:43:45.930,3.366,700
2020-08-26 09:43:46.750,3.366,100
2020-08-26 09:43:47.560,3.367,500
2020-08-26 09:43:47.560,3.367,2000
2020-08-26 09:43:47.560,3.367,5000
2020-08-26 09:43:47.560,3.367,30000
2020-08-26 09:43:47.560,3.367,1000
2020-08-26 09:43:47.560,3.367,5000
2020-08-26 09:43:47.560,3.367,5000
2020-08-26 09:43:47.560,3.367,25800
2020-08-26 09:43:49.000,3.366,3000
2020-08-26 09:43:49.390,3.366,4000
2020-08-26 09:43:51.450,3.366,1300
2020-08-26 09:43:52.340,3.366,300
2020-08-26 09:43:52.520,3.366,200
2020-08-26 09:43:52.520,3.367,194200
2020-08-26 09:43:52.770,3.367,39700
2020-08-26 09:43:53.050,3.365,2200
2020-08-26 09:43:53.500,3.365,30000
2020-08-26 09:43:53.660,3.367,2000
2020-08-26 09:43:59.100,3.364,20900
2020-08-26 09:43:59.100,3.364,200
2020-08-26 09:43:59.100,3.364,300
2020-08-26 09:43:59.100,3.364,2000
2020-08-26 09:43:59.100,3.364,2900
2020-08-26 09:43:59.100,3.364,600
2020-08-26 09:43:59.100,3.364,3100
2020-08-26 09:43:59.130,3.364,30000
2020-08-26 09:43:59.130,3.364,16900
2020-08-26 09:43:59.130,3.364,5000
2020-08-26 09:43:59.360,3.364,8100
2020-08-26 09:44:01.800,3.365,200
2020-08-26 09:44:02.280,3.366,1000
2020-08-26 09:44:02.620,3.365,30000
2020-08-26 09:44:02.810,3.365,11700
2020-08-26 09:44:02.810,3.365,5000
2020-08-26 09:44:04.590,3.364,600
2020-08-26 09:44:05.580,3.364,30000
2020-08-26 09:44:05.580,3.364,30000
2020-08-26 09:44:05.580,3.364,30000
2020-08-26 09:44:05.580,3.364,20000
2020-08-26 09:44:05.580,3.364,30000
2020-08-26 09:44:05.580,3.364,30000
2020-08-26 09:44:05.580,3.364,30000
2020-08-26 09:44:07.620,3.365,400
2020-08-26 09:44:10.660,3.365,300
2020-08-26 09:44:10.840,3.365,5300
2020-08-26 09:44:10.840,3.365,300
2020-08-26 09:44:10.840,3.366,59700
2020-08-26 09:44:12.670,3.365,100
2020-08-26 09:44:12.670,3.366,900
2020-08-26 09:44:17.160,3.364,4300
2020-08-26 09:44:17.160,3.364,900
2020-08-26 09:44:18.680,3.364,20000
2020-08-26 09:44:21.160,3.364,300
2020-08-26 09:44:21.900,3.363,1000
2020-08-26 09:44:22.840,3.364,1000
2020-08-26 09:44:23.110,3.363,30000
2020-08-26 09:44:23.110,3.363,10000
2020-08-26 09:44:23.820,3.363,1700
2020-08-26 09:44:26.630,3.363,30000
2020-08-26 09:44:26.630,3.363,30000
2020-08-26 09:44:26.630,3.363,20000
2020-08-26 09:44:27.690,3.363,100000
2020-08-26 09:44:27.690,3.363,30000
2020-08-26 09:44:28.390,3.363,158000
2020-08-26 09:44:28.390,3.363,700
2020-08-26 09:44:28.390,3.363,33600
2020-08-26 09:44:28.390,3.363,400
2020-08-26 09:44:28.390,3.363,3000
2020-08-26 09:44:29.670,3.362,7500
2020-08-26 09:44:29.670,3.362,10200
2020-08-26 09:44:29.670,3.362,500
2020-08-26 09:44:29.670,3.362,11800
2020-08-26 09:44:30.400,3.362,10000
2020-08-26 09:44:33.130,3.362,8200
2020-08-26 09:44:33.130,3.362,1000
2020-08-26 09:44:33.130,3.362,800
2020-08-26 09:44:34.410,3.362,3000
2020-08-26 09:44:34.440,3.362,4000
2020-08-26 09:44:38.170,3.362,400
2020-08-26 09:44:41.250,3.362,1800
2020-08-26 09:44:41.250,3.362,200
2020-08-26 09:44:41.250,3.362,30000
2020-08-26 09:44:41.250,3.362,1200
2020-08-26 09:44:41.660,3.361,1000
2020-08-26 09:44:41.660,3.361,1000
2020-08-26 09:44:41.660,3.361,3000
2020-08-26 09:44:43.100,3.362,171000
2020-08-26 09:44:45.170,3.362,10000
2020-08-26 09:44:46.090,3.362,1600
2020-08-26 09:44:46.980,3.362,30000
2020-08-26 09:44:47.680,3.362,10000
2020-08-26 09:44:48.660,3.362,10000
2020-08-26 09:44:48.920,3.363,54300
2020-08-26 09:44:48.920,3.363,20000
2020-08-26 09:44:48.920,3.363,3000
2020-08-26 09:44:48.920,3.363,10000
2020-08-26 09:44:48.920,3.363,8800
2020-08-26 09:44:48.920,3.363,31500
2020-08-26 09:44:48.920,3.363,2500
2020-08-26 09:44:48.920,3.363,1600
2020-08-26 09:44:48.920,3.363,600
2020-08-26 09:44:50.570,3.363,20000
2020-08-26 09:44:50.570,3.363,30000
2020-08-26 09:44:50.570,3.363,30000
2020-08-26 09:44:50.570,3.363,30000
2020-08-26 09:44:50.570,3.363,30000
2020-08-26 09:44:50.570,3.363,27800
2020-08-26 09:44:50.570,3.363,2200
2020-08-26 09:44:50.570,3.363,20000
2020-08-26 09:44:50.570,3.363,30000
2020-08-26 09:44:50.570,3.363,30000
2020-08-26 09:44:50.570,3.363,17800
2020-08-26 09:44:50.570,3.363,12200
2020-08-26 09:44:50.570,3.363,20000
2020-08-26 09:44:50.570,3.363,30000
2020-08-26 09:44:50.570,3.363,30000
2020-08-26 09:44:50.590,3.363,30000
2020-08-26 09:44:50.590,3.363,30000
2020-08-26 09:44:50.590,3.363,30000
2020-08-26 09:44:53.210,3.362,300
2020-08-26 09:44:53.690,3.363,1000
2020-08-26 09:44:55.200,3.362,2000
2020-08-26 09:44:55.680,3.362,30000
2020-08-26 09:44:55.680,3.362,30000
2020-08-26 09:44:55.680,3.362,5100
2020-08-26 09:44:55.680,3.362,24900
2020-08-26 09:44:55.680,3.362,25100
2020-08-26 09:44:55.680,3.362,4900
2020-08-26 09:44:55.680,3.362,30000
2020-08-26 09:44:55.680,3.362,15100
2020-08-26 09:44:55.680,3.362,14900
2020-08-26 09:44:55.680,3.362,30000
2020-08-26 09:44:55.680,3.362,5100
2020-08-26 09:44:57.750,3.362,24900
2020-08-26 09:44:57.750,3.362,25100
2020-08-26 09:44:57.750,3.362,4900
2020-08-26 09:44:57.750,3.362,30000
2020-08-26 09:44:57.750,3.362,15100
2020-08-26 09:45:02.590,3.362,14900
2020-08-26 09:45:02.590,3.362,2500
2020-08-26 09:45:02.590,3.362,2200
2020-08-26 09:45:02.590,3.362,30000
2020-08-26 09:45:02.590,3.362,12000
2020-08-26 09:45:02.590,3.362,300
2020-08-26 09:45:03.080,3.363,1500
2020-08-26 09:45:03.080,3.364,48500
2020-08-26 09:45:06.510,3.362,2200
2020-08-26 09:45:06.580,3.362,4000
2020-08-26 09:45:06.860,3.362,100
2020-08-26 09:45:06.880,3.362,4800
2020-08-26 09:45:08.420,3.363,300
2020-08-26 09:45:08.420,3.363,200
2020-08-26 09:45:11.280,3.363,2000
2020-08-26 09:45:13.550,3.363,800
2020-08-26 09:45:13.990,3.364,300
2020-08-26 09:45:17.700,3.364,155300
2020-08-26 09:45:17.700,3.364,10500
2020-08-26 09:45:17.700,3.364,5500
2020-08-26 09:45:17.700,3.364,10000
2020-08-26 09:45:17.700,3.364,6000
2020-08-26 09:45:18.680,3.365,700
2020-08-26 09:45:18.680,3.365,49300
2020-08-26 09:45:19.110,3.365,50000
2020-08-26 09:45:20.360,3.364,1000
2020-08-26 09:45:20.390,3.364,1000
2020-08-26 09:45:22.690,3.365,23900
2020-08-26 09:45:22.690,3.365,2100
2020-08-26 09:45:22.690,3.365,16000
2020-08-26 09:45:22.690,3.365,8000
2020-08-26 09:45:23.390,3.365,4000
2020-08-26 09:45:23.960,3.364,1000
2020-08-26 09:45:25.810,3.365,30000
2020-08-26 09:45:25.810,3.365,10000
2020-08-26 09:45:26.120,3.365,200
2020-08-26 09:45:26.600,3.365,10000
2020-08-26 09:45:28.120,3.365,5000
2020-08-26 09:45:28.120,3.365,30000
2020-08-26 09:45:28.120,3.365,10000
2020-08-26 09:45:29.620,3.365,2400
2020-08-26 09:45:31.240,3.366,19200
2020-08-26 09:45:31.240,3.366,5000
2020-08-26 09:45:31.240,3.366,300
2020-08-26 09:45:31.240,3.366,3000
2020-08-26 09:45:31.240,3.366,30000
2020-08-26 09:45:31.240,3.366,4000
2020-08-26 09:45:31.240,3.366,1000
2020-08-26 09:45:31.240,3.366,27500
2020-08-26 09:45:31.950,3.366,6100
2020-08-26 09:45:31.950,3.366,35000
2020-08-26 09:45:31.950,3.366,6400
2020-08-26 09:45:31.950,3.366,50000
2020-08-26 09:45:33.000,3.366,10000
2020-08-26 09:45:33.000,3.366,30000
2020-08-26 09:45:33.000,3.366,10000
2020-08-26 09:45:33.000,3.366,30000
2020-08-26 09:45:33.660,3.366,300
2020-08-26 09:45:35.220,3.365,100
2020-08-26 09:45:35.680,3.365,100
2020-08-26 09:45:35.990,3.365,30000
2020-08-26 09:45:36.440,3.366,78200
2020-08-26 09:45:38.110,3.367,27000
2020-08-26 09:45:38.530,3.366,11800
2020-08-26 09:45:39.280,3.366,9000
2020-08-26 09:45:39.680,3.365,1600
2020-08-26 09:45:40.730,3.365,30000
2020-08-26 09:45:40.730,3.365,10000
2020-08-26 09:45:41.580,3.366,200
2020-08-26 09:45:42.040,3.365,15800
2020-08-26 09:45:42.040,3.365,4200
2020-08-26 09:45:42.270,3.365,300
2020-08-26 09:45:42.410,3.365,2000
2020-08-26 09:45:44.950,3.365,4500
2020-08-26 09:45:44.950,3.365,2000
2020-08-26 09:45:44.950,3.365,23500
2020-08-26 09:45:44.950,3.365,10000
2020-08-26 09:45:47.990,3.365,6000
2020-08-26 09:45:47.990,3.365,4000
2020-08-26 09:45:50.280,3.366,1200
2020-08-26 09:45:50.640,3.365,12500
2020-08-26 09:45:50.640,3.365,17500
2020-08-26 09:45:50.640,3.365,30000
2020-08-26 09:45:50.640,3.365,30000
2020-08-26 09:45:50.640,3.365,10000
2020-08-26 09:45:52.190,3.366,1000
2020-08-26 09:45:53.010,3.366,5300
2020-08-26 09:45:53.010,3.366,2000
2020-08-26 09:45:53.010,3.366,2200
2020-08-26 09:45:53.480,3.366,100
2020-08-26 09:45:53.480,3.366,6000
2020-08-26 09:45:53.630,3.366,10000
2020-08-26 09:45:53.630,3.366,30000
2020-08-26 09:45:53.630,3.366,30000
2020-08-26 09:45:54.900,3.366,100
2020-08-26 09:45:56.700,3.366,10000
2020-08-26 09:45:57.110,3.366,4300
2020-08-26 09:45:57.300,3.365,1500
2020-08-26 09:45:58.570,3.365,600
2020-08-26 09:45:59.720,3.365,20000
2020-08-26 09:45:59.720,3.365,10400
2020-08-26 09:46:09.410,3.365,300
2020-08-26 09:46:10.110,3.363,1000
2020-08-26 09:46:10.110,3.363,30000
2020-08-26 09:46:10.520,3.365,7700
2020-08-26 09:46:10.520,3.365,2300
2020-08-26 09:46:10.600,3.365,700
2020-08-26 09:46:10.600,3.365,500
2020-08-26 09:46:10.600,3.365,1700
2020-08-26 09:46:14.900,3.365,1900
2020-08-26 09:46:14.900,3.365,1700
2020-08-26 09:46:14.900,3.365,17200
2020-08-26 09:46:14.900,3.366,700
2020-08-26 09:46:14.900,3.366,10000
2020-08-26 09:46:14.900,3.366,3300
2020-08-26 09:46:14.900,3.366,5000
2020-08-26 09:46:14.900,3.366,3000
2020-08-26 09:46:14.900,3.366,7200
2020-08-26 09:46:18.540,3.365,3900
2020-08-26 09:46:19.530,3.365,6900
2020-08-26 09:46:19.530,3.365,100
2020-08-26 09:46:19.530,3.364,3200
2020-08-26 09:46:19.530,3.364,4800
2020-08-26 09:46:21.490,3.364,10000
2020-08-26 09:46:21.490,3.364,10000
2020-08-26 09:46:21.620,3.365,300
2020-08-26 09:46:21.620,3.366,200
2020-08-26 09:46:26.780,3.364,5000
2020-08-26 09:46:29.040,3.364,500
2020-08-26 09:46:30.100,3.364,400
2020-08-26 09:46:35.140,3.363,3600
2020-08-26 09:46:35.140,3.363,1600
2020-08-26 09:46:35.140,3.363,300
2020-08-26 09:46:35.140,3.363,24500
2020-08-26 09:46:36.170,3.363,30000
2020-08-26 09:46:36.230,3.363,5500
2020-08-26 09:46:36.230,3.363,14500
2020-08-26 09:46:38.860,3.363,10000
2020-08-26 09:46:39.410,3.364,100
2020-08-26 09:46:43.830,3.364,1500
2020-08-26 09:46:43.830,3.364,100
2020-08-26 09:46:43.830,3.364,8400
2020-08-26 09:46:44.360,3.363,6900
2020-08-26 09:46:44.360,3.363,5000
2020-08-26 09:46:46.850,3.363,7300
2020-08-26 09:46:47.150,3.363,500
2020-08-26 09:46:51.600,3.363,300
2020-08-26 09:46:51.600,3.363,2100
2020-08-26 09:46:53.350,3.362,900
2020-08-26 09:46:55.280,3.363,1000
2020-08-26 09:46:55.560,3.362,10000
2020-08-26 09:46:55.830,3.363,400
2020-08-26 09:46:56.900,3.362,1000
2020-08-26 09:46:59.320,3.362,10000
2020-08-26 09:46:59.550,3.363,500
2020-08-26 09:47:02.290,3.363,296000
2020-08-26 09:47:02.290,3.363,4000
2020-08-26 09:47:07.500,3.362,1000
2020-08-26 09:47:07.700,3.363,200
2020-08-26 09:47:07.860,3.363,40000
2020-08-26 09:47:07.910,3.362,3000
2020-08-26 09:47:07.970,3.363,55500
2020-08-26 09:47:07.970,3.363,500
2020-08-26 09:47:07.970,3.363,1000
2020-08-26 09:47:07.970,3.363,7000
2020-08-26 09:47:08.150,3.364,50000
2020-08-26 09:47:08.410,3.364,181600
2020-08-26 09:47:08.410,3.364,1000
2020-08-26 09:47:08.410,3.364,300
2020-08-26 09:47:08.410,3.364,14500
2020-08-26 09:47:08.490,3.364,5000
2020-08-26 09:47:08.850,3.364,2400
2020-08-26 09:47:09.500,3.364,30000
2020-08-26 09:47:09.500,3.364,30000
2020-08-26 09:47:09.500,3.364,10000
2020-08-26 09:47:10.630,3.364,10100
2020-08-26 09:47:12.380,3.364,10000
2020-08-26 09:47:13.860,3.364,5100
2020-08-26 09:47:13.860,3.364,1000
2020-08-26 09:47:14.630,3.363,5200
2020-08-26 09:47:18.010,3.364,5000
2020-08-26 09:47:21.740,3.363,31500
2020-08-26 09:47:23.130,3.364,7300
2020-08-26 09:47:27.640,3.363,200
2020-08-26 09:47:28.620,3.364,20000
2020-08-26 09:47:28.820,3.364,800
2020-08-26 09:47:29.770,3.363,300
2020-08-26 09:47:35.190,3.363,5400
2020-08-26 09:47:39.720,3.364,100
2020-08-26 09:47:40.450,3.363,300
2020-08-26 09:47:40.600,3.363,2900
2020-08-26 09:47:41.700,3.363,100000
2020-08-26 09:47:41.700,3.363,60000
2020-08-26 09:47:43.080,3.364,25100
2020-08-26 09:47:43.080,3.364,9000
2020-08-26 09:47:43.080,3.364,5900
2020-08-26 09:47:43.860,3.363,300
2020-08-26 09:47:45.620,3.363,9900
2020-08-26 09:47:45.620,3.363,8600
2020-08-26 09:47:45.620,3.363,1100
2020-08-26 09:47:45.620,3.363,10400
2020-08-26 09:47:45.620,3.363,20000
2020-08-26 09:47:47.560,3.363,2000
2020-08-26 09:47:48.320,3.363,3700
2020-08-26 09:47:48.920,3.363,400
2020-08-26 09:47:55.860,3.362,200
2020-08-26 09:47:56.740,3.363,5900
2020-08-26 09:47:56.740,3.363,1200
2020-08-26 09:47:56.740,3.363,2900
2020-08-26 09:48:00.340,3.363,7100
2020-08-26 09:48:00.340,3.363,4000
2020-08-26 09:48:01.950,3.363,1700
2020-08-26 09:48:03.890,3.363,4000
2020-08-26 09:48:04.160,3.363,5400
2020-08-26 09:48:04.240,3.363,200
2020-08-26 09:48:09.240,3.363,900
2020-08-26 09:48:11.110,3.364,5800
2020-08-26 09:48:11.110,3.364,10000
2020-08-26 09:48:11.110,3.364,3000
2020-08-26 09:48:11.110,3.364,1000
2020-08-26 09:48:11.110,3.364,20000
2020-08-26 09:48:11.110,3.364,20000
2020-08-26 09:48:11.110,3.364,10000
2020-08-26 09:48:11.110,3.364,100
2020-08-26 09:48:12.460,3.364,40000
2020-08-26 09:48:13.430,3.364,10000
2020-08-26 09:48:13.800,3.364,1000
2020-08-26 09:48:14.670,3.364,10700
2020-08-26 09:48:14.670,3.364,400
2020-08-26 09:48:14.670,3.364,10000
2020-08-26 09:48:15.430,3.363,10000
2020-08-26 09:48:15.430,3.363,30000
2020-08-26 09:48:15.430,3.363,30000
2020-08-26 09:48:15.430,3.363,10000
2020-08-26 09:48:15.430,3.363,30000
2020-08-26 09:48:15.430,3.363,20000
2020-08-26 09:48:15.430,3.363,30000
2020-08-26 09:48:17.710,3.363,10000
2020-08-26 09:48:18.660,3.363,500
2020-08-26 09:48:18.820,3.363,8800
2020-08-26 09:48:21.770,3.363,400
2020-08-26 09:48:23.300,3.363,7500
2020-08-26 09:48:26.230,3.363,10000
2020-08-26 09:48:27.310,3.363,1700
2020-08-26 09:48:27.810,3.364,1500
2020-08-26 09:48:31.190,3.363,30000
2020-08-26 09:48:31.190,3.363,10000
2020-08-26 09:48:33.200,3.363,30000
2020-08-26 09:48:33.200,3.363,7800
2020-08-26 09:48:33.200,3.363,100
2020-08-26 09:48:33.200,3.363,900
2020-08-26 09:48:33.200,3.363,21200
2020-08-26 09:48:33.200,3.363,20000
2020-08-26 09:48:33.200,3.363,30000
2020-08-26 09:48:35.320,3.364,5000
2020-08-26 09:48:35.560,3.364,6000
2020-08-26 09:48:35.650,3.363,12000
2020-08-26 09:48:37.240,3.364,9800
2020-08-26 09:48:38.160,3.364,5700
2020-08-26 09:48:38.160,3.364,1000
2020-08-26 09:48:38.160,3.364,1500
2020-08-26 09:48:38.660,3.364,15000
2020-08-26 09:48:38.890,3.364,2500
2020-08-26 09:48:38.980,3.364,30000
2020-08-26 09:48:38.980,3.364,30000
2020-08-26 09:48:38.980,3.364,20000
2020-08-26 09:48:38.980,3.364,30000
2020-08-26 09:48:38.980,3.364,30000
2020-08-26 09:48:38.980,3.364,30000
2020-08-26 09:48:38.980,3.364,30000
2020-08-26 09:48:38.980,3.364,20000
2020-08-26 09:48:39.040,3.364,1000
2020-08-26 09:48:44.620,3.365,5000
2020-08-26 09:48:44.620,3.365,5500
2020-08-26 09:48:44.620,3.365,4000
2020-08-26 09:48:44.620,3.365,10000
2020-08-26 09:48:44.620,3.365,10000
2020-08-26 09:48:44.620,3.365,300
2020-08-26 09:48:44.620,3.365,1000
2020-08-26 09:48:44.620,3.365,100
2020-08-26 09:48:44.620,3.365,5000
2020-08-26 09:48:44.620,3.365,10000
2020-08-26 09:48:44.620,3.365,500
2020-08-26 09:48:44.620,3.365,1600
2020-08-26 09:48:44.940,3.365,20000
2020-08-26 09:48:44.940,3.365,30000
2020-08-26 09:48:44.940,3.365,30000
2020-08-26 09:48:44.940,3.365,10000
2020-08-26 09:48:44.940,3.365,30000
2020-08-26 09:48:44.940,3.365,30000
2020-08-26 09:48:44.940,3.365,10000
2020-08-26 09:48:44.940,3.365,30000
2020-08-26 09:48:45.530,3.365,2000
2020-08-26 09:48:46.760,3.365,40000
2020-08-26 09:48:47.950,3.366,33600
2020-08-26 09:48:47.950,3.366,2000
2020-08-26 09:48:47.950,3.366,10000
2020-08-26 09:48:47.950,3.366,2700
2020-08-26 09:48:47.950,3.366,1000
2020-08-26 09:48:47.950,3.366,1200
2020-08-26 09:48:47.950,3.366,400
2020-08-26 09:48:47.950,3.366,200
2020-08-26 09:48:47.950,3.366,10000
2020-08-26 09:48:47.950,3.366,6000
2020-08-26 09:48:47.950,3.366,1000
2020-08-26 09:48:47.950,3.366,2000
2020-08-26 09:48:47.950,3.366,2400
2020-08-26 09:48:47.950,3.366,6400
2020-08-26 09:48:47.950,3.366,1000
2020-08-26 09:48:47.950,3.366,1100
2020-08-26 09:48:47.950,3.366,2000
2020-08-26 09:48:47.950,3.366,10000
2020-08-26 09:48:48.570,3.366,33400
2020-08-26 09:48:48.570,3.365,2000
2020-08-26 09:48:50.670,3.366,400
2020-08-26 09:48:50.930,3.366,100000
2020-08-26 09:48:50.930,3.366,20000
2020-08-26 09:48:50.930,3.366,50000
2020-08-26 09:48:50.930,3.366,40000
2020-08-26 09:48:51.510,3.366,10000
2020-08-26 09:48:51.960,3.366,1000
2020-08-26 09:48:53.690,3.366,30000
2020-08-26 09:48:53.690,3.366,10000
2020-08-26 09:48:53.690,3.366,10000
2020-08-26 09:48:53.690,3.366,30000
2020-08-26 09:48:53.690,3.366,30000
2020-08-26 09:48:53.690,3.366,10000
2020-08-26 09:48:53.690,3.366,30000
2020-08-26 09:48:53.690,3.366,30000
2020-08-26 09:48:53.690,3.366,30000
2020-08-26 09:48:54.110,3.367,300000
2020-08-26 09:48:54.400,3.367,9000
2020-08-26 09:48:55.870,3.367,100
2020-08-26 09:48:56.130,3.367,2200
2020-08-26 09:48:56.130,3.367,3000
2020-08-26 09:48:56.130,3.367,10000
2020-08-26 09:48:56.130,3.367,100
2020-08-26 09:48:56.130,3.367,10000
2020-08-26 09:48:56.130,3.367,100
2020-08-26 09:48:56.130,3.367,1000
2020-08-26 09:48:56.130,3.367,20000
2020-08-26 09:48:56.130,3.367,300
2020-08-26 09:48:56.130,3.367,100
2020-08-26 09:48:56.130,3.367,20000
2020-08-26 09:48:56.130,3.367,1000
2020-08-26 09:48:56.130,3.367,1200
2020-08-26 09:48:56.130,3.367,20000
2020-08-26 09:48:56.130,3.367,1000
2020-08-26 09:48:56.130,3.367,1000
2020-08-26 09:48:56.130,3.367,100
2020-08-26 09:48:56.130,3.367,6300
2020-08-26 09:48:56.130,3.367,700
2020-08-26 09:48:56.130,3.367,5000
2020-08-26 09:48:56.130,3.367,500
2020-08-26 09:48:56.130,3.367,1000
2020-08-26 09:48:56.130,3.367,20000
2020-08-26 09:48:56.130,3.367,8900
2020-08-26 09:48:56.130,3.367,2000
2020-08-26 09:48:56.130,3.367,5000
2020-08-26 09:48:56.130,3.367,1000
2020-08-26 09:48:56.130,3.367,1400
2020-08-26 09:48:56.130,3.367,157200
2020-08-26 09:48:56.150,3.366,5000
2020-08-26 09:48:56.570,3.366,30000
2020-08-26 09:48:56.570,3.366,30000
2020-08-26 09:48:56.570,3.366,24000
2020-08-26 09:48:56.570,3.366,6000
2020-08-26 09:48:56.570,3.366,30000
2020-08-26 09:48:56.570,3.366,30000
2020-08-26 09:48:56.570,3.366,30000
2020-08-26 09:48:56.570,3.366,20000
2020-08-26 09:48:56.570,3.366,10000
2020-08-26 09:48:56.750,3.366,6500
2020-08-26 09:48:57.690,3.366,40000
2020-08-26 09:48:57.690,3.366,100000
2020-08-26 09:48:59.230,3.366,500
2020-08-26 09:48:59.560,3.367,200
2020-08-26 09:48:59.650,3.366,10000
2020-08-26 09:49:01.010,3.366,3000
2020-08-26 09:49:02.440,3.367,100
2020-08-26 09:49:02.560,3.366,9000
2020-08-26 09:49:02.560,3.366,1000
2020-08-26 09:49:02.560,3.366,20000
2020-08-26 09:49:02.560,3.366,20000
2020-08-26 09:49:02.560,3.366,10000
2020-08-26 09:49:02.560,3.366,20000
2020-08-26 09:49:04.180,3.366,500
2020-08-26 09:49:06.570,3.366,1000
2020-08-26 09:49:06.850,3.366,1000
2020-08-26 09:49:08.090,3.367,100
2020-08-26 09:49:08.660,3.366,3500
2020-08-26 09:49:08.660,3.366,1000
2020-08-26 09:49:08.660,3.366,25500
2020-08-26 09:49:08.660,3.366,10000
2020-08-26 09:49:11.550,3.366,100
2020-08-26 09:49:12.240,3.366,34600
2020-08-26 09:49:12.920,3.366,3200
2020-08-26 09:49:13.080,3.366,30000
2020-08-26 09:49:14.140,3.366,25400
2020-08-26 09:49:14.650,3.366,100000
2020-08-26 09:49:14.650,3.366,30000
2020-08-26 09:49:14.650,3.366,30000
2020-08-26 09:49:14.650,3.366,30000
2020-08-26 09:49:15.370,3.367,500
2020-08-26 09:49:17.540,3.366,30000
2020-08-26 09:49:17.540,3.366,30000
2020-08-26 09:49:20.590,3.366,20000
2020-08-26 09:49:21.760,3.367,15000
2020-08-26 09:49:23.040,3.366,200
2020-08-26 09:49:23.610,3.366,4400
2020-08-26 09:49:23.610,3.366,1000
2020-08-26 09:49:23.610,3.366,500
2020-08-26 09:49:23.610,3.366,4100
2020-08-26 09:49:24.510,3.367,100
2020-08-26 09:49:25.630,3.366,5000
2020-08-26 09:49:26.600,3.366,900
2020-08-26 09:49:26.600,3.366,9100
2020-08-26 09:49:26.600,3.366,10000
2020-08-26 09:49:27.730,3.367,10000
2020-08-26 09:49:29.160,3.366,10000
2020-08-26 09:49:29.600,3.365,2000
2020-08-26 09:49:29.600,3.365,28000
2020-08-26 09:49:29.600,3.365,30000
2020-08-26 09:49:29.600,3.365,30000
2020-08-26 09:49:29.600,3.365,30000
2020-08-26 09:49:29.600,3.365,30000
2020-08-26 09:49:29.600,3.365,30000
2020-08-26 09:49:29.600,3.365,30000
2020-08-26 09:49:29.600,3.365,20000
2020-08-26 09:49:29.600,3.365,10000
2020-08-26 09:49:32.150,3.366,5000
2020-08-26 09:49:32.650,3.365,20000
2020-08-26 09:49:32.650,3.365,30000
2020-08-26 09:49:32.650,3.365,10000
2020-08-26 09:49:32.650,3.365,4400
2020-08-26 09:49:32.650,3.365,25600
2020-08-26 09:49:35.610,3.365,900
2020-08-26 09:49:35.610,3.365,19100
2020-08-26 09:49:36.390,3.366,10000
2020-08-26 09:49:37.310,3.366,400
2020-08-26 09:49:37.440,3.366,200
2020-08-26 09:49:37.840,3.366,900
2020-08-26 09:49:37.840,3.366,1800
2020-08-26 09:49:38.790,3.366,900
2020-08-26 09:49:38.790,3.366,12800
2020-08-26 09:49:39.800,3.366,100
2020-08-26 09:49:40.180,3.367,100
2020-08-26 09:49:40.180,3.367,100
2020-08-26 09:49:40.180,3.367,100
2020-08-26 09:49:40.280,3.367,100
2020-08-26 09:49:40.280,3.367,100
2020-08-26 09:49:40.280,3.367,100
2020-08-26 09:49:40.280,3.367,100
2020-08-26 09:49:40.280,3.367,100
2020-08-26 09:49:40.280,3.367,100
2020-08-26 09:49:40.280,3.366,2900
2020-08-26 09:49:40.280,3.365,27100
2020-08-26 09:49:40.280,3.365,30000
2020-08-26 09:49:40.280,3.367,100
2020-08-26 09:49:40.280,3.367,100
2020-08-26 09:49:40.330,3.367,100
2020-08-26 09:49:40.390,3.367,100
2020-08-26 09:49:40.390,3.367,100
2020-08-26 09:49:40.450,3.367,100
2020-08-26 09:49:40.450,3.367,100
2020-08-26 09:49:40.450,3.367,100
2020-08-26 09:49:40.450,3.367,100
2020-08-26 09:49:40.450,3.367,100
2020-08-26 09:49:40.500,3.367,100
2020-08-26 09:49:40.500,3.367,100
2020-08-26 09:49:40.500,3.367,100
2020-08-26 09:49:40.530,3.367,100
2020-08-26 09:49:40.530,3.367,100
2020-08-26 09:49:40.530,3.367,100
2020-08-26 09:49:40.530,3.367,100
2020-08-26 09:49:40.530,3.367,100
2020-08-26 09:49:40.530,3.367,100
2020-08-26 09:49:40.580,3.367,100
2020-08-26 09:49:40.580,3.367,100
2020-08-26 09:49:40.580,3.367,100
2020-08-26 09:49:40.580,3.367,100
2020-08-26 09:49:40.580,3.367,100
2020-08-26 09:49:40.670,3.367,100
2020-08-26 09:49:40.670,3.367,100
2020-08-26 09:49:40.670,3.367,100
2020-08-26 09:49:40.670,3.367,100
2020-08-26 09:49:40.670,3.367,100
2020-08-26 09:49:40.670,3.367,100
2020-08-26 09:49:40.670,3.367,100
2020-08-26 09:49:40.670,3.367,100
2020-08-26 09:49:40.690,3.367,100
2020-08-26 09:49:40.690,3.367,100
2020-08-26 09:49:40.690,3.367,100
2020-08-26 09:49:40.690,3.367,100
2020-08-26 09:49:40.770,3.367,100
2020-08-26 09:49:40.770,3.367,100
2020-08-26 09:49:40.770,3.367,100
2020-08-26 09:49:40.770,3.367,100
2020-08-26 09:49:40.770,3.367,100
2020-08-26 09:49:40.770,3.367,100
2020-08-26 09:49:40.790,3.367,100
2020-08-26 09:49:40.790,3.367,100
2020-08-26 09:49:40.790,3.367,100
2020-08-26 09:49:40.790,3.367,100
2020-08-26 09:49:40.790,3.367,100
2020-08-26 09:49:40.850,3.367,100
2020-08-26 09:49:40.850,3.367,100
2020-08-26 09:49:40.850,3.367,100
2020-08-26 09:49:40.850,3.367,100
2020-08-26 09:49:40.850,3.367,100
2020-08-26 09:49:40.850,3.367,100
2020-08-26 09:49:40.880,3.367,100
2020-08-26 09:49:40.880,3.367,100
2020-08-26 09:49:40.880,3.367,100
2020-08-26 09:49:40.880,3.367,100
2020-08-26 09:49:40.930,3.367,100
2020-08-26 09:49:40.930,3.367,100
2020-08-26 09:49:40.930,3.367,100
2020-08-26 09:49:40.930,3.367,100
2020-08-26 09:49:40.930,3.367,100
2020-08-26 09:49:40.930,3.367,100
2020-08-26 09:49:40.930,3.367,100
2020-08-26 09:49:41.040,3.367,100
2020-08-26 09:49:41.040,3.367,100
2020-08-26 09:49:41.040,3.367,100
2020-08-26 09:49:41.100,3.367,100
2020-08-26 09:49:41.100,3.367,100
2020-08-26 09:49:41.100,3.367,100
2020-08-26 09:49:41.180,3.367,100
2020-08-26 09:49:41.180,3.367,100
2020-08-26 09:49:41.180,3.367,100
2020-08-26 09:49:41.180,3.367,100
2020-08-26 09:49:41.180,3.367,100
2020-08-26 09:49:41.180,3.367,100
2020-08-26 09:49:41.180,3.367,100
2020-08-26 09:49:41.180,3.367,100
2020-08-26 09:49:41.180,3.367,100
2020-08-26 09:49:41.180,3.367,100
2020-08-26 09:49:41.180,3.367,100
2020-08-26 09:49:41.180,3.367,100
2020-08-26 09:49:41.200,3.367,100
2020-08-26 09:49:41.230,3.367,100
2020-08-26 09:49:41.230,3.367,100
2020-08-26 09:49:41.230,3.367,100
2020-08-26 09:49:41.230,3.367,100
2020-08-26 09:49:41.250,3.367,100
2020-08-26 09:49:41.280,3.367,100
2020-08-26 09:49:41.280,3.367,100
2020-08-26 09:49:41.280,3.367,100
2020-08-26 09:49:41.700,3.366,3000
2020-08-26 09:49:41.700,3.366,4000
2020-08-26 09:49:42.030,3.366,100
2020-08-26 09:49:42.500,3.366,3000
2020-08-26 09:49:48.490,3.366,200
2020-08-26 09:49:48.490,3.366,9800
2020-08-26 09:49:51.460,3.367,10000
2020-08-26 09:49:51.520,3.366,100
2020-08-26 09:49:51.520,3.366,400
2020-08-26 09:49:51.520,3.366,100
2020-08-26 09:49:51.520,3.366,7300
2020-08-26 09:49:51.520,3.366,2200
2020-08-26 09:49:51.520,3.366,10000
2020-08-26 09:49:51.520,3.366,28000
2020-08-26 09:49:51.520,3.366,2000
2020-08-26 09:49:51.520,3.366,20000
2020-08-26 09:49:53.370,3.366,17300
2020-08-26 09:49:54.160,3.366,30000
2020-08-26 09:49:54.160,3.366,10000
2020-08-26 09:49:56.810,3.366,100
2020-08-26 09:49:56.810,3.366,6000
2020-08-26 09:49:56.950,3.366,300
2020-08-26 09:49:57.160,3.366,10000
2020-08-26 09:49:57.440,3.366,200
2020-08-26 09:49:57.610,3.367,68200
2020-08-26 09:49:59.080,3.366,3000
2020-08-26 09:50:00.550,3.367,13200
2020-08-26 09:50:01.510,3.366,30000
2020-08-26 09:50:01.700,3.367,25700
2020-08-26 09:50:01.700,3.367,10000
2020-08-26 09:50:01.700,3.367,10000
2020-08-26 09:50:01.700,3.367,10000
2020-08-26 09:50:01.700,3.367,1000
2020-08-26 09:50:01.700,3.367,500
2020-08-26 09:50:01.700,3.367,10000
2020-08-26 09:50:01.700,3.367,5200
2020-08-26 09:50:01.700,3.367,20000
2020-08-26 09:50:01.700,3.367,500
2020-08-26 09:50:01.700,3.367,1500
2020-08-26 09:50:01.700,3.367,1000
2020-08-26 09:50:01.700,3.367,3000
2020-08-26 09:50:01.700,3.367,2800
2020-08-26 09:50:01.700,3.367,10000
2020-08-26 09:50:01.700,3.367,10000
2020-08-26 09:50:01.700,3.367,50000
2020-08-26 09:50:03.160,3.367,28800
2020-08-26 09:50:03.160,3.367,1200
2020-08-26 09:50:03.160,3.367,30000
2020-08-26 09:50:03.160,3.367,10000
2020-08-26 09:50:03.160,3.367,30000
2020-08-26 09:50:03.160,3.367,30000
2020-08-26 09:50:03.160,3.367,30000
2020-08-26 09:50:05.920,3.367,200
2020-08-26 09:50:06.050,3.368,1000
2020-08-26 09:50:06.050,3.368,600
2020-08-26 09:50:06.050,3.368,3000
2020-08-26 09:50:06.050,3.368,60000
2020-08-26 09:50:06.050,3.368,100
2020-08-26 09:50:06.050,3.368,5000
2020-08-26 09:50:06.050,3.368,75000
2020-08-26 09:50:06.050,3.368,455300
2020-08-26 09:50:06.700,3.368,144700
2020-08-26 09:50:06.700,3.368,10000
2020-08-26 09:50:06.700,3.368,2000
2020-08-26 09:50:06.700,3.368,200
2020-08-26 09:50:06.700,3.368,300
2020-08-26 09:50:06.700,3.368,3000
2020-08-26 09:50:06.700,3.368,10000
2020-08-26 09:50:06.700,3.368,900
2020-08-26 09:50:07.000,3.368,1900
2020-08-26 09:50:07.000,3.368,1000
2020-08-26 09:50:07.000,3.368,20000
2020-08-26 09:50:07.000,3.368,10000
2020-08-26 09:50:07.000,3.368,10000
2020-08-26 09:50:07.000,3.368,2000
2020-08-26 09:50:07.000,3.368,5000
