Datetime,Price,Volume
2020-08-26 09:25:00.350,4.819,10000
2020-08-26 09:25:00.350,4.819,15000
2020-08-26 09:25:00.350,4.819,500
2020-08-26 09:25:00.350,4.819,3000
2020-08-26 09:25:00.350,4.819,600
2020-08-26 09:25:00.350,4.819,17900
2020-08-26 09:25:00.350,4.819,1400
2020-08-26 09:25:00.350,4.819,1400
2020-08-26 09:25:00.350,4.819,9900
2020-08-26 09:25:00.350,4.819,1500
2020-08-26 09:25:00.350,4.819,500
2020-08-26 09:25:00.350,4.819,1000
2020-08-26 09:25:00.350,4.819,19400
2020-08-26 09:25:00.350,4.819,400
2020-08-26 09:25:00.350,4.819,400
2020-08-26 09:25:00.350,4.819,2300
2020-08-26 09:25:00.350,4.819,15700
2020-08-26 09:25:00.350,4.819,8000
2020-08-26 09:25:00.350,4.819,100
2020-08-26 09:25:00.350,4.819,36000
2020-08-26 09:25:00.350,4.819,38000
2020-08-26 09:25:00.350,4.819,800
2020-08-26 09:25:00.350,4.819,1200
2020-08-26 09:25:00.350,4.819,26000
2020-08-26 09:25:00.350,4.819,5000
2020-08-26 09:25:00.350,4.819,4700
2020-08-26 09:25:00.350,4.819,100
2020-08-26 09:25:00.350,4.819,200
2020-08-26 09:25:00.350,4.819,100
2020-08-26 09:25:00.350,4.819,600
2020-08-26 09:25:00.350,4.819,100
2020-08-26 09:25:00.350,4.819,100
2020-08-26 09:25:00.350,4.819,100
2020-08-26 09:25:00.350,4.819,100
2020-08-26 09:25:00.350,4.819,100
2020-08-26 09:25:00.350,4.819,200
2020-08-26 09:25:00.350,4.819,400
2020-08-26 09:25:00.350,4.819,39100
2020-08-26 09:25:00.350,4.819,300
2020-08-26 09:25:00.350,4.819,100
2020-08-26 09:25:00.350,4.819,1000
2020-08-26 09:25:00.350,4.819,100
2020-08-26 09:25:00.350,4.819,400
2020-08-26 09:25:00.350,4.819,2000
2020-08-26 09:25:00.350,4.819,100
2020-08-26 09:25:00.350,4.819,100
2020-08-26 09:25:00.350,4.819,500
2020-08-26 09:25:00.350,4.819,300
2020-08-26 09:25:00.350,4.819,200
2020-08-26 09:25:00.350,4.819,100
2020-08-26 09:25:00.350,4.819,100
2020-08-26 09:25:00.350,4.819,4200
2020-08-26 09:25:00.350,4.819,100
2020-08-26 09:25:00.350,4.819,100
2020-08-26 09:25:00.350,4.819,100
2020-08-26 09:25:00.350,4.819,1500
2020-08-26 09:25:00.350,4.819,100
2020-08-26 09:25:00.350,4.819,300
2020-08-26 09:25:00.350,4.819,2000
2020-08-26 09:25:00.350,4.819,200
2020-08-26 09:25:00.350,4.819,200
2020-08-26 09:25:00.350,4.819,100
2020-08-26 09:25:00.350,4.819,100
2020-08-26 09:25:00.350,4.819,100
2020-08-26 09:25:00.350,4.819,100
2020-08-26 09:25:00.350,4.819,100
2020-08-26 09:25:00.350,4.819,100
2020-08-26 09:25:00.350,4.819,100
2020-08-26 09:25:00.350,4.819,300
2020-08-26 09:25:00.350,4.819,100
2020-08-26 09:25:00.350,4.819,800
2020-08-26 09:25:00.350,4.819,100
2020-08-26 09:25:00.350,4.819,100
2020-08-26 09:25:00.350,4.819,400
2020-08-26 09:25:00.350,4.819,100
2020-08-26 09:25:00.350,4.819,6700
2020-08-26 09:25:00.350,4.819,100
2020-08-26 09:25:00.350,4.819,100
2020-08-26 09:25:00.350,4.819,200
2020-08-26 09:25:00.350,4.819,100
2020-08-26 09:25:00.350,4.819,200
2020-08-26 09:25:00.350,4.819,100
2020-08-26 09:25:00.350,4.819,200
2020-08-26 09:25:00.350,4.819,100
2020-08-26 09:25:00.350,4.819,1200
2020-08-26 09:25:00.350,4.819,500
2020-08-26 09:25:00.350,4.819,100
2020-08-26 09:25:00.350,4.819,100
2020-08-26 09:25:00.350,4.819,3000
2020-08-26 09:25:00.350,4.819,500
2020-08-26 09:25:00.350,4.819,69100
2020-08-26 09:25:00.350,4.819,6000
2020-08-26 09:25:00.350,4.819,4500
2020-08-26 09:25:00.350,4.819,34100
2020-08-26 09:25:00.350,4.819,35900
2020-08-26 09:25:00.350,4.819,8500
2020-08-26 09:25:00.350,4.819,4100
2020-08-26 09:25:00.350,4.819,2000
2020-08-26 09:25:00.350,4.819,10000
2020-08-26 09:25:00.350,4.819,46500
2020-08-26 09:25:00.350,4.819,2000
2020-08-26 09:25:00.350,4.819,2900
2020-08-26 09:25:00.350,4.819,5400
2020-08-26 09:25:00.350,4.819,5400
2020-08-26 09:25:00.350,4.819,110000
2020-08-26 09:25:00.350,4.819,2600
2020-08-26 09:25:00.350,4.819,2000
2020-08-26 09:25:00.350,4.819,21200
2020-08-26 09:25:00.350,4.819,5000
2020-08-26 09:25:00.350,4.819,7600
2020-08-26 09:25:00.350,4.819,3000
2020-08-26 09:25:00.350,4.819,15000
2020-08-26 09:25:00.350,4.819,100
2020-08-26 09:25:00.350,4.819,5300
2020-08-26 09:25:00.350,4.819,5900
2020-08-26 09:25:00.350,4.819,200
2020-08-26 09:25:00.350,4.819,5000
2020-08-26 09:25:00.350,4.819,500
2020-08-26 09:25:00.350,4.819,100
2020-08-26 09:25:00.350,4.819,2000
2020-08-26 09:25:00.350,4.819,600
2020-08-26 09:25:00.350,4.819,200
2020-08-26 09:25:00.350,4.819,500
2020-08-26 09:25:00.350,4.819,100
2020-08-26 09:25:00.350,4.819,20000
2020-08-26 09:25:00.350,4.819,100000
2020-08-26 09:25:00.350,4.819,600
2020-08-26 09:25:00.350,4.819,3200
2020-08-26 09:25:00.350,4.819,2000
2020-08-26 09:30:00.030,4.819,1700
2020-08-26 09:30:00.500,4.82,300
2020-08-26 09:30:00.610,4.82,200
2020-08-26 09:30:00.720,4.82,200
2020-08-26 09:30:00.950,4.82,100
2020-08-26 09:30:00.950,4.819,17900
2020-08-26 09:30:00.950,4.822,500
2020-08-26 09:30:00.950,4.822,2500
2020-08-26 09:30:01.070,4.819,200
2020-08-26 09:30:01.330,4.82,2100
2020-08-26 09:30:01.680,4.82,400
2020-08-26 09:30:01.680,4.82,300
2020-08-26 09:30:01.680,4.82,2000
2020-08-26 09:30:01.680,4.82,3000
2020-08-26 09:30:01.910,4.82,1900
2020-08-26 09:30:01.910,4.82,400
2020-08-26 09:30:02.030,4.821,100
2020-08-26 09:30:02.030,4.822,2700
2020-08-26 09:30:02.030,4.822,600
2020-08-26 09:30:02.030,4.822,200
2020-08-26 09:30:02.030,4.822,100
2020-08-26 09:30:02.030,4.822,100
2020-08-26 09:30:02.030,4.822,100
2020-08-26 09:30:02.030,4.822,2000
2020-08-26 09:30:02.030,4.822,100
2020-08-26 09:30:02.030,4.822,2300
2020-08-26 09:30:02.030,4.82,1000
2020-08-26 09:30:02.140,4.82,3100
2020-08-26 09:30:02.140,4.82,5000
2020-08-26 09:30:02.250,4.821,5000
2020-08-26 09:30:02.250,4.82,5000
2020-08-26 09:30:02.360,4.82,3000
2020-08-26 09:30:02.360,4.82,5000
2020-08-26 09:30:02.360,4.82,400
2020-08-26 09:30:02.470,4.821,10000
2020-08-26 09:30:02.470,4.82,2500
2020-08-26 09:30:02.600,4.82,17000
2020-08-26 09:30:02.600,4.82,3000
2020-08-26 09:30:02.710,4.819,20000
2020-08-26 09:30:02.940,4.819,500
2020-08-26 09:30:02.940,4.819,3000
2020-08-26 09:30:02.940,4.82,7500
2020-08-26 09:30:02.940,4.821,1900
2020-08-26 09:30:03.110,4.819,500
2020-08-26 09:30:03.110,4.82,4000
2020-08-26 09:30:03.330,4.821,2000
2020-08-26 09:30:03.450,4.82,500
2020-08-26 09:30:03.450,4.82,500
2020-08-26 09:30:03.580,4.82,5000
2020-08-26 09:30:03.870,4.82,1000
2020-08-26 09:30:03.870,4.82,900
2020-08-26 09:30:03.970,4.82,500
2020-08-26 09:30:03.970,4.82,9400
2020-08-26 09:30:03.970,4.82,400
2020-08-26 09:30:03.970,4.82,200
2020-08-26 09:30:04.200,4.82,3600
2020-08-26 09:30:04.200,4.82,1000
2020-08-26 09:30:04.400,4.82,200
2020-08-26 09:30:04.500,4.82,500
2020-08-26 09:30:04.650,4.82,100
2020-08-26 09:30:04.700,4.82,53400
2020-08-26 09:30:04.700,4.82,100
2020-08-26 09:30:04.750,4.82,600
2020-08-26 09:30:04.850,4.821,1400
2020-08-26 09:30:04.850,4.821,1000
2020-08-26 09:30:04.850,4.821,300
2020-08-26 09:30:04.850,4.821,7400
2020-08-26 09:30:05.030,4.82,10000
2020-08-26 09:30:05.080,4.82,500
2020-08-26 09:30:05.230,4.82,6000
2020-08-26 09:30:05.340,4.82,600
2020-08-26 09:30:05.340,4.82,2100
2020-08-26 09:30:05.370,4.82,100
2020-08-26 09:30:05.440,4.82,21000
2020-08-26 09:30:05.440,4.82,100
2020-08-26 09:30:05.440,4.82,400
2020-08-26 09:30:05.440,4.82,10000
2020-08-26 09:30:05.440,4.82,100
2020-08-26 09:30:05.440,4.82,100
2020-08-26 09:30:05.440,4.82,20000
2020-08-26 09:30:05.520,4.82,500
2020-08-26 09:30:05.730,4.82,700
2020-08-26 09:30:05.730,4.82,600
2020-08-26 09:30:05.880,4.82,800
2020-08-26 09:30:06.010,4.82,200
2020-08-26 09:30:06.150,4.821,2600
2020-08-26 09:30:06.150,4.821,1000
2020-08-26 09:30:06.150,4.822,8100
2020-08-26 09:30:06.150,4.822,1000
2020-08-26 09:30:06.150,4.822,100
2020-08-26 09:30:06.150,4.822,4000
2020-08-26 09:30:06.150,4.822,15000
2020-08-26 09:30:06.150,4.822,5700
2020-08-26 09:30:06.150,4.822,300
2020-08-26 09:30:06.150,4.822,2000
2020-08-26 09:30:06.150,4.822,20000
2020-08-26 09:30:06.150,4.822,500
2020-08-26 09:30:07.000,4.822,1200
2020-08-26 09:30:07.600,4.821,100
2020-08-26 09:30:07.680,4.823,300
2020-08-26 09:30:07.680,4.823,200
2020-08-26 09:30:07.680,4.823,2100
2020-08-26 09:30:07.680,4.823,200
2020-08-26 09:30:07.680,4.823,500
2020-08-26 09:30:07.680,4.823,100
2020-08-26 09:30:07.680,4.823,100
2020-08-26 09:30:07.680,4.823,2700
2020-08-26 09:30:07.910,4.821,13000
2020-08-26 09:30:08.840,4.822,285400
2020-08-26 09:30:12.960,4.822,8000
2020-08-26 09:30:12.960,4.821,6000
2020-08-26 09:30:13.020,4.823,4200
2020-08-26 09:30:13.020,4.823,400
2020-08-26 09:30:13.020,4.823,2500
2020-08-26 09:30:13.020,4.823,200
2020-08-26 09:30:13.020,4.823,700
2020-08-26 09:30:13.020,4.823,100
2020-08-26 09:30:13.020,4.823,100
2020-08-26 09:30:13.020,4.823,200
2020-08-26 09:30:13.020,4.823,500
2020-08-26 09:30:13.020,4.823,100
2020-08-26 09:30:13.020,4.823,300
2020-08-26 09:30:13.020,4.823,700
2020-08-26 09:30:13.850,4.823,200
2020-08-26 09:30:14.540,4.823,1200
2020-08-26 09:30:15.710,4.822,200
2020-08-26 09:30:16.050,4.823,1700
2020-08-26 09:30:16.050,4.823,3500
2020-08-26 09:30:16.050,4.823,200
2020-08-26 09:30:16.050,4.823,6200
2020-08-26 09:30:16.050,4.823,56500
2020-08-26 09:30:16.050,4.823,6000
2020-08-26 09:30:16.050,4.823,15000
2020-08-26 09:30:16.050,4.823,3000
2020-08-26 09:30:16.050,4.823,10300
2020-08-26 09:30:16.050,4.823,200
2020-08-26 09:30:16.050,4.823,1900
2020-08-26 09:30:16.050,4.824,82500
2020-08-26 09:30:19.210,4.823,500
2020-08-26 09:30:19.210,4.823,19500
2020-08-26 09:30:19.240,4.823,100
2020-08-26 09:30:19.490,4.822,1000
2020-08-26 09:30:19.520,4.822,6000
2020-08-26 09:30:20.660,4.821,9400
2020-08-26 09:30:20.970,4.821,46100
2020-08-26 09:30:20.970,4.821,100
2020-08-26 09:30:20.970,4.821,7000
2020-08-26 09:30:22.730,4.821,400
2020-08-26 09:30:24.460,4.821,30000
2020-08-26 09:30:25.290,4.821,200
2020-08-26 09:30:26.010,4.82,500
2020-08-26 09:30:26.010,4.82,100
2020-08-26 09:30:26.010,4.82,200
2020-08-26 09:30:26.010,4.82,500
2020-08-26 09:30:26.630,4.821,200
2020-08-26 09:30:27.050,4.821,1600
2020-08-26 09:30:27.050,4.822,1000
2020-08-26 09:30:27.050,4.822,2200
2020-08-26 09:30:27.110,4.82,9500
2020-08-26 09:30:27.110,4.82,500
2020-08-26 09:30:27.110,4.82,32300
2020-08-26 09:30:27.390,4.82,1000
2020-08-26 09:30:28.790,4.82,2000
2020-08-26 09:30:29.580,4.82,64700
2020-08-26 09:30:29.580,4.82,32000
2020-08-26 09:30:30.620,4.82,9500
2020-08-26 09:30:30.620,4.819,100
2020-08-26 09:30:30.620,4.819,200
2020-08-26 09:30:30.620,4.819,100
2020-08-26 09:30:30.620,4.819,3000
2020-08-26 09:30:30.620,4.819,3000
2020-08-26 09:30:30.620,4.819,1800
2020-08-26 09:30:30.620,4.819,100
2020-08-26 09:30:30.620,4.819,40000
2020-08-26 09:30:30.620,4.819,100
2020-08-26 09:30:30.620,4.819,400
2020-08-26 09:30:33.480,4.819,700
2020-08-26 09:30:34.050,4.819,21000
2020-08-26 09:30:35.180,4.819,200
2020-08-26 09:30:35.600,4.821,4000
2020-08-26 09:30:36.380,4.82,100
2020-08-26 09:30:37.910,4.819,100
2020-08-26 09:30:39.170,4.819,900
2020-08-26 09:30:39.170,4.82,3900
2020-08-26 09:30:40.380,4.819,1300
2020-08-26 09:30:41.590,4.819,500
2020-08-26 09:30:42.100,4.819,4900
2020-08-26 09:30:42.580,4.819,2500
2020-08-26 09:30:44.160,4.82,200
2020-08-26 09:30:48.720,4.82,200
2020-08-26 09:30:48.930,4.82,2000
2020-08-26 09:30:49.620,4.819,50000
2020-08-26 09:30:49.990,4.82,5000
2020-08-26 09:30:50.930,4.82,800
2020-08-26 09:30:52.970,4.819,12700
2020-08-26 09:30:53.030,4.819,1700
2020-08-26 09:30:53.410,4.819,5000
2020-08-26 09:30:55.570,4.82,17800
2020-08-26 09:30:55.570,4.82,5000
2020-08-26 09:30:55.570,4.82,2200
2020-08-26 09:30:56.650,4.819,10200
2020-08-26 09:30:56.840,4.819,3000
2020-08-26 09:30:56.950,4.82,5000
2020-08-26 09:30:57.410,4.82,3000
2020-08-26 09:30:58.600,4.819,3000
2020-08-26 09:30:58.780,4.819,25200
2020-08-26 09:30:58.780,4.819,5000
2020-08-26 09:30:58.780,4.819,800
2020-08-26 09:31:02.580,4.819,100
2020-08-26 09:31:02.580,4.819,900
2020-08-26 09:31:02.700,4.819,2600
2020-08-26 09:31:02.700,4.819,500
2020-08-26 09:31:06.420,4.818,100
2020-08-26 09:31:06.420,4.818,1000
2020-08-26 09:31:06.420,4.818,100
2020-08-26 09:31:06.420,4.818,7500
2020-08-26 09:31:06.420,4.818,1800
2020-08-26 09:31:06.420,4.818,500
2020-08-26 09:31:07.040,4.817,100
2020-08-26 09:31:07.040,4.817,7900
2020-08-26 09:31:07.040,4.817,10000
2020-08-26 09:31:07.040,4.817,10600
2020-08-26 09:31:07.040,4.817,20000
2020-08-26 09:31:07.040,4.817,1000
2020-08-26 09:31:07.040,4.817,100000
2020-08-26 09:31:07.040,4.817,1800
2020-08-26 09:31:07.040,4.817,100
2020-08-26 09:31:07.040,4.817,28000
2020-08-26 09:31:09.550,4.816,100
2020-08-26 09:31:09.550,4.816,1500
2020-08-26 09:31:09.550,4.816,200
2020-08-26 09:31:09.550,4.816,2800
2020-08-26 09:31:09.550,4.816,40000
2020-08-26 09:31:09.550,4.816,1000
2020-08-26 09:31:09.550,4.816,14400
2020-08-26 09:31:09.830,4.816,2300
2020-08-26 09:31:11.360,4.817,100
2020-08-26 09:31:11.400,4.817,10300
2020-08-26 09:31:11.530,4.816,17400
2020-08-26 09:31:12.050,4.817,100
2020-08-26 09:31:12.080,4.817,100
2020-08-26 09:31:15.470,4.816,1800
2020-08-26 09:31:18.360,4.815,100
2020-08-26 09:31:18.360,4.815,100
2020-08-26 09:31:18.360,4.815,1900
2020-08-26 09:31:18.360,4.815,100
2020-08-26 09:31:18.360,4.815,100
2020-08-26 09:31:18.360,4.815,3100
2020-08-26 09:31:18.360,4.815,2300
2020-08-26 09:31:18.490,4.815,9400
2020-08-26 09:31:20.300,4.816,2900
2020-08-26 09:31:20.300,4.816,5000
2020-08-26 09:31:20.300,4.816,3500
2020-08-26 09:31:20.300,4.816,1000
2020-08-26 09:31:20.300,4.817,47600
2020-08-26 09:31:21.240,4.815,32300
2020-08-26 09:31:21.240,4.814,7700
2020-08-26 09:31:21.350,4.814,30000
2020-08-26 09:31:22.150,4.815,1300
2020-08-26 09:31:22.480,4.815,400
2020-08-26 09:31:23.310,4.815,6000
2020-08-26 09:31:23.340,4.816,2000
2020-08-26 09:31:23.400,4.815,100
2020-08-26 09:31:23.530,4.815,2800
2020-08-26 09:31:24.820,4.816,1000
2020-08-26 09:31:26.660,4.816,2000
2020-08-26 09:31:26.660,4.816,10000
2020-08-26 09:31:26.660,4.816,16500
2020-08-26 09:31:26.660,4.816,3000
2020-08-26 09:31:28.280,4.816,1000
2020-08-26 09:31:28.280,4.816,1800
2020-08-26 09:31:28.710,4.816,1600
2020-08-26 09:31:29.650,4.816,1700
2020-08-26 09:31:29.650,4.816,98300
2020-08-26 09:31:30.070,4.817,2000
2020-08-26 09:31:31.300,4.818,100
2020-08-26 09:31:31.740,4.817,500
2020-08-26 09:31:33.870,4.818,100
2020-08-26 09:31:34.960,4.818,1000
2020-08-26 09:31:34.960,4.817,2100
2020-08-26 09:31:35.280,4.819,1800
2020-08-26 09:31:35.280,4.819,900
2020-08-26 09:31:35.280,4.819,3500
2020-08-26 09:31:35.280,4.819,200
2020-08-26 09:31:35.280,4.819,50000
2020-08-26 09:31:35.280,4.819,500
2020-08-26 09:31:36.500,4.817,100
2020-08-26 09:31:38.390,4.819,8700
2020-08-26 09:31:38.450,4.82,9800
2020-08-26 09:31:38.450,4.82,1000
2020-08-26 09:31:38.450,4.82,200
2020-08-26 09:31:38.450,4.82,2000
2020-08-26 09:31:38.550,4.82,300
2020-08-26 09:31:40.240,4.821,11700
2020-08-26 09:31:40.240,4.821,500
2020-08-26 09:31:40.240,4.821,4300
2020-08-26 09:31:40.400,4.821,15700
2020-08-26 09:31:40.400,4.821,50000
2020-08-26 09:31:40.400,4.821,1200
2020-08-26 09:31:40.640,4.823,100
2020-08-26 09:31:40.700,4.823,100
2020-08-26 09:31:40.700,4.823,100
2020-08-26 09:31:40.700,4.823,100
2020-08-26 09:31:40.700,4.823,100
2020-08-26 09:31:40.700,4.823,100
2020-08-26 09:31:40.700,4.823,100
2020-08-26 09:31:40.700,4.823,100
2020-08-26 09:31:40.700,4.823,100
2020-08-26 09:31:40.700,4.823,100
2020-08-26 09:31:40.700,4.823,100
2020-08-26 09:31:40.700,4.823,100
2020-08-26 09:31:40.700,4.823,100
2020-08-26 09:31:40.730,4.823,100
2020-08-26 09:31:40.730,4.823,100
2020-08-26 09:31:40.730,4.823,100
2020-08-26 09:31:40.730,4.823,100
2020-08-26 09:31:40.730,4.823,100
2020-08-26 09:31:40.730,4.823,100
2020-08-26 09:31:40.730,4.823,100
2020-08-26 09:31:40.800,4.823,100
2020-08-26 09:31:40.800,4.823,100
2020-08-26 09:31:40.800,4.823,100
2020-08-26 09:31:40.800,4.823,100
2020-08-26 09:31:40.800,4.823,100
2020-08-26 09:31:40.860,4.823,100
2020-08-26 09:31:40.890,4.823,100
2020-08-26 09:31:40.890,4.823,100
2020-08-26 09:31:40.950,4.823,100
2020-08-26 09:31:41.010,4.823,100
2020-08-26 09:31:41.010,4.823,100
2020-08-26 09:31:41.010,4.823,100
2020-08-26 09:31:41.010,4.823,100
2020-08-26 09:31:41.010,4.823,100
2020-08-26 09:31:41.010,4.823,100
2020-08-26 09:31:41.010,4.823,100
2020-08-26 09:31:41.040,4.823,100
2020-08-26 09:31:41.040,4.823,100
2020-08-26 09:31:41.040,4.823,100
2020-08-26 09:31:41.040,4.823,100
2020-08-26 09:31:41.040,4.823,100
2020-08-26 09:31:41.040,4.823,100
2020-08-26 09:31:41.040,4.823,100
2020-08-26 09:31:41.100,4.823,100
2020-08-26 09:31:41.100,4.823,100
2020-08-26 09:31:41.100,4.823,100
2020-08-26 09:31:41.100,4.823,100
2020-08-26 09:31:41.100,4.823,100
2020-08-26 09:31:41.100,4.823,100
2020-08-26 09:31:41.100,4.823,100
2020-08-26 09:31:41.140,4.823,100
2020-08-26 09:31:41.140,4.823,100
2020-08-26 09:31:41.140,4.823,100
2020-08-26 09:31:41.140,4.823,100
2020-08-26 09:31:41.140,4.823,100
2020-08-26 09:31:41.200,4.823,100
2020-08-26 09:31:41.200,4.823,100
2020-08-26 09:31:41.200,4.823,100
2020-08-26 09:31:41.200,4.823,100
2020-08-26 09:31:41.200,4.823,100
2020-08-26 09:31:41.200,4.823,100
2020-08-26 09:31:41.200,4.823,100
2020-08-26 09:31:41.240,4.823,100
2020-08-26 09:31:41.240,4.823,100
2020-08-26 09:31:41.240,4.823,100
2020-08-26 09:31:41.240,4.823,100
2020-08-26 09:31:41.240,4.823,100
2020-08-26 09:31:41.240,4.823,100
2020-08-26 09:31:41.240,4.823,100
2020-08-26 09:31:41.300,4.823,100
2020-08-26 09:31:41.300,4.823,100
2020-08-26 09:31:41.300,4.823,100
2020-08-26 09:31:41.300,4.823,100
2020-08-26 09:31:41.300,4.823,100
2020-08-26 09:31:41.300,4.823,100
2020-08-26 09:31:41.360,4.823,100
2020-08-26 09:31:41.360,4.823,100
2020-08-26 09:31:41.360,4.823,100
2020-08-26 09:31:41.360,4.823,100
2020-08-26 09:31:41.360,4.823,100
2020-08-26 09:31:41.360,4.823,100
2020-08-26 09:31:41.360,4.823,100
2020-08-26 09:31:41.360,4.821,20000
2020-08-26 09:31:41.390,4.823,100
2020-08-26 09:31:41.390,4.823,100
2020-08-26 09:31:41.390,4.823,100
2020-08-26 09:31:41.390,4.823,100
2020-08-26 09:31:41.390,4.823,100
2020-08-26 09:31:41.390,4.823,100
2020-08-26 09:31:41.480,4.823,100
2020-08-26 09:31:41.480,4.823,100
2020-08-26 09:31:41.480,4.823,100
2020-08-26 09:31:41.480,4.823,100
2020-08-26 09:31:41.510,4.823,100
2020-08-26 09:31:41.510,4.823,100
2020-08-26 09:31:41.510,4.823,100
2020-08-26 09:31:41.510,4.823,100
2020-08-26 09:31:41.510,4.823,100
2020-08-26 09:31:41.540,4.823,100
2020-08-26 09:31:41.540,4.823,100
2020-08-26 09:31:41.540,4.823,100
2020-08-26 09:31:41.720,4.823,100
2020-08-26 09:31:41.720,4.823,100
2020-08-26 09:31:41.720,4.823,100
2020-08-26 09:31:41.720,4.823,100
2020-08-26 09:31:41.760,4.823,100
2020-08-26 09:31:41.760,4.823,100
2020-08-26 09:31:41.760,4.823,100
2020-08-26 09:31:41.760,4.823,100
2020-08-26 09:31:41.760,4.823,100
2020-08-26 09:31:41.760,4.823,100
2020-08-26 09:31:41.760,4.823,100
2020-08-26 09:31:41.760,4.823,100
2020-08-26 09:31:41.760,4.823,100
2020-08-26 09:31:41.790,4.823,100
2020-08-26 09:31:41.790,4.823,100
2020-08-26 09:31:41.790,4.823,100
2020-08-26 09:31:41.790,4.823,100
2020-08-26 09:31:41.790,4.823,100
2020-08-26 09:31:41.790,4.823,100
2020-08-26 09:31:41.790,4.823,100
2020-08-26 09:31:41.790,4.823,100
2020-08-26 09:31:41.860,4.823,100
2020-08-26 09:31:41.860,4.823,100
2020-08-26 09:31:41.860,4.823,100
2020-08-26 09:31:41.860,4.823,100
2020-08-26 09:31:41.860,4.823,100
2020-08-26 09:31:41.860,4.823,100
2020-08-26 09:31:41.940,4.823,100
2020-08-26 09:31:42.000,4.823,100
2020-08-26 09:31:42.000,4.823,100
2020-08-26 09:31:42.000,4.823,100
2020-08-26 09:31:42.000,4.823,100
2020-08-26 09:31:42.000,4.823,100
2020-08-26 09:31:42.000,4.823,100
2020-08-26 09:31:42.000,4.823,100
2020-08-26 09:31:42.000,4.823,100
2020-08-26 09:31:42.000,4.823,100
2020-08-26 09:31:42.000,4.823,100
2020-08-26 09:31:42.060,4.823,100
2020-08-26 09:31:42.060,4.823,100
2020-08-26 09:31:42.060,4.823,100
2020-08-26 09:31:42.060,4.823,100
2020-08-26 09:31:42.060,4.823,100
2020-08-26 09:31:42.150,4.823,100
2020-08-26 09:31:42.150,4.823,100
2020-08-26 09:31:42.150,4.823,100
2020-08-26 09:31:42.150,4.823,100
2020-08-26 09:31:42.150,4.823,100
2020-08-26 09:31:42.150,4.823,100
2020-08-26 09:31:42.150,4.823,100
2020-08-26 09:31:42.150,4.823,100
2020-08-26 09:31:42.150,4.823,100
2020-08-26 09:31:42.150,4.823,100
2020-08-26 09:31:42.150,4.823,100
2020-08-26 09:31:42.220,4.823,100
2020-08-26 09:31:42.220,4.823,100
2020-08-26 09:31:42.220,4.823,100
2020-08-26 09:31:42.220,4.823,100
2020-08-26 09:31:42.220,4.823,100
2020-08-26 09:31:42.220,4.823,100
2020-08-26 09:31:42.220,4.823,100
2020-08-26 09:31:42.220,4.823,100
2020-08-26 09:31:42.220,4.823,100
2020-08-26 09:31:42.350,4.823,100
2020-08-26 09:31:42.350,4.823,100
2020-08-26 09:31:42.350,4.823,100
2020-08-26 09:31:42.350,4.823,100
2020-08-26 09:31:42.350,4.823,100
2020-08-26 09:31:42.350,4.823,100
2020-08-26 09:31:42.350,4.823,100
2020-08-26 09:31:42.350,4.823,100
2020-08-26 09:31:42.350,4.823,100
2020-08-26 09:31:42.350,4.823,100
2020-08-26 09:31:42.350,4.823,100
2020-08-26 09:31:42.350,4.823,100
2020-08-26 09:31:42.350,4.823,100
2020-08-26 09:31:42.350,4.823,100
2020-08-26 09:31:42.350,4.823,100
2020-08-26 09:31:42.350,4.823,100
2020-08-26 09:31:42.350,4.823,100
2020-08-26 09:31:42.350,4.823,100
2020-08-26 09:31:42.350,4.823,100
2020-08-26 09:31:42.460,4.823,100
2020-08-26 09:31:42.460,4.823,100
2020-08-26 09:31:42.460,4.823,100
2020-08-26 09:31:42.460,4.823,100
2020-08-26 09:31:42.460,4.823,100
2020-08-26 09:31:42.460,4.823,100
2020-08-26 09:31:42.460,4.823,100
2020-08-26 09:31:42.460,4.823,100
2020-08-26 09:31:42.490,4.823,100
2020-08-26 09:31:42.490,4.823,100
2020-08-26 09:31:42.490,4.823,100
2020-08-26 09:31:42.490,4.823,100
2020-08-26 09:31:42.490,4.823,100
2020-08-26 09:31:42.550,4.823,100
2020-08-26 09:31:42.550,4.823,100
2020-08-26 09:31:42.550,4.823,100
2020-08-26 09:31:42.640,4.823,100
2020-08-26 09:31:42.640,4.823,100
2020-08-26 09:31:42.980,4.821,500
2020-08-26 09:31:42.980,4.821,100
2020-08-26 09:31:42.980,4.82,12400
2020-08-26 09:31:43.360,4.821,3500
2020-08-26 09:31:43.700,4.823,100
2020-08-26 09:31:43.700,4.823,100
2020-08-26 09:31:43.700,4.823,100
2020-08-26 09:31:43.700,4.823,100
2020-08-26 09:31:43.700,4.823,100
2020-08-26 09:31:43.700,4.823,100
2020-08-26 09:31:43.700,4.823,100
2020-08-26 09:31:43.700,4.823,100
2020-08-26 09:31:43.700,4.823,100
2020-08-26 09:31:43.700,4.823,100
2020-08-26 09:31:43.700,4.823,100
2020-08-26 09:31:43.700,4.823,100
2020-08-26 09:31:43.770,4.823,100
2020-08-26 09:31:43.770,4.823,100
2020-08-26 09:31:43.770,4.823,100
2020-08-26 09:31:43.770,4.823,100
2020-08-26 09:31:43.770,4.823,100
2020-08-26 09:31:43.770,4.823,100
2020-08-26 09:31:43.770,4.823,100
2020-08-26 09:31:43.770,4.823,100
2020-08-26 09:31:43.770,4.823,100
2020-08-26 09:31:43.830,4.823,100
2020-08-26 09:31:43.830,4.823,100
2020-08-26 09:31:43.830,4.823,100
2020-08-26 09:31:43.830,4.823,100
2020-08-26 09:31:43.830,4.823,100
2020-08-26 09:31:43.830,4.823,100
2020-08-26 09:31:43.830,4.823,100
2020-08-26 09:31:43.940,4.823,100
2020-08-26 09:31:43.940,4.823,100
2020-08-26 09:31:43.940,4.823,100
2020-08-26 09:31:43.940,4.823,100
2020-08-26 09:31:43.940,4.823,100
2020-08-26 09:31:43.940,4.823,100
2020-08-26 09:31:43.970,4.823,100
2020-08-26 09:31:43.970,4.823,100
2020-08-26 09:31:43.970,4.823,100
2020-08-26 09:31:43.970,4.823,100
2020-08-26 09:31:43.970,4.823,100
2020-08-26 09:31:43.970,4.823,100
2020-08-26 09:31:43.970,4.823,100
2020-08-26 09:31:43.970,4.823,100
2020-08-26 09:31:43.970,4.823,100
2020-08-26 09:31:44.030,4.823,100
2020-08-26 09:31:44.030,4.823,100
2020-08-26 09:31:44.030,4.823,100
2020-08-26 09:31:44.030,4.823,100
2020-08-26 09:31:44.030,4.823,100
2020-08-26 09:31:44.060,4.823,100
2020-08-26 09:31:44.120,4.821,100
2020-08-26 09:31:44.120,4.821,100
2020-08-26 09:31:44.120,4.821,100
2020-08-26 09:31:44.120,4.821,100
2020-08-26 09:31:44.120,4.821,100
2020-08-26 09:31:44.260,4.821,100
2020-08-26 09:31:44.260,4.821,100
2020-08-26 09:31:44.260,4.821,100
2020-08-26 09:31:44.320,4.821,100
2020-08-26 09:31:44.320,4.821,100
2020-08-26 09:31:44.320,4.821,100
2020-08-26 09:31:44.320,4.821,100
2020-08-26 09:31:44.320,4.821,100
2020-08-26 09:31:44.380,4.821,100
2020-08-26 09:31:44.380,4.821,100
2020-08-26 09:31:44.380,4.821,100
2020-08-26 09:31:44.380,4.821,100
2020-08-26 09:31:44.380,4.821,100
2020-08-26 09:31:44.410,4.821,100
2020-08-26 09:31:44.410,4.821,100
2020-08-26 09:31:44.410,4.821,100
2020-08-26 09:31:44.410,4.821,100
2020-08-26 09:31:44.410,4.821,100
2020-08-26 09:31:44.410,4.821,100
2020-08-26 09:31:44.480,4.821,100
2020-08-26 09:31:44.480,4.821,100
2020-08-26 09:31:44.480,4.821,100
2020-08-26 09:31:44.480,4.821,100
2020-08-26 09:31:44.480,4.821,100
2020-08-26 09:31:44.480,4.821,100
2020-08-26 09:31:44.480,4.821,100
2020-08-26 09:31:44.480,4.821,100
2020-08-26 09:31:44.540,4.821,100
2020-08-26 09:31:44.540,4.821,100
2020-08-26 09:31:44.540,4.821,100
2020-08-26 09:31:44.540,4.821,100
2020-08-26 09:31:44.540,4.821,100
2020-08-26 09:31:44.540,4.821,100
2020-08-26 09:31:44.600,4.821,100
2020-08-26 09:31:44.600,4.821,100
2020-08-26 09:31:44.600,4.821,100
2020-08-26 09:31:44.600,4.821,100
2020-08-26 09:31:44.600,4.821,100
2020-08-26 09:31:44.600,4.821,100
2020-08-26 09:31:44.600,4.821,100
2020-08-26 09:31:44.630,4.821,100
2020-08-26 09:31:44.630,4.821,100
2020-08-26 09:31:44.630,4.821,100
2020-08-26 09:31:44.630,4.821,100
2020-08-26 09:31:44.630,4.821,100
2020-08-26 09:31:44.660,4.821,100
2020-08-26 09:31:44.720,4.821,100
2020-08-26 09:31:44.720,4.821,100
2020-08-26 09:31:44.720,4.821,100
2020-08-26 09:31:44.720,4.821,100
2020-08-26 09:31:44.760,4.821,100
2020-08-26 09:31:44.760,4.821,100
2020-08-26 09:31:44.760,4.821,100
2020-08-26 09:31:44.760,4.821,100
2020-08-26 09:31:44.760,4.821,100
2020-08-26 09:31:44.760,4.821,100
2020-08-26 09:31:44.760,4.821,100
2020-08-26 09:31:44.760,4.821,100
2020-08-26 09:31:44.760,4.821,100
2020-08-26 09:31:44.760,4.821,100
2020-08-26 09:31:44.760,4.821,100
2020-08-26 09:31:44.760,4.821,100
2020-08-26 09:31:44.820,4.821,100
2020-08-26 09:31:44.820,4.821,100
2020-08-26 09:31:44.820,4.821,100
2020-08-26 09:31:44.820,4.821,100
2020-08-26 09:31:44.820,4.821,100
2020-08-26 09:31:44.820,4.821,100
2020-08-26 09:31:44.820,4.821,100
2020-08-26 09:31:44.880,4.821,100
2020-08-26 09:31:44.880,4.821,100
2020-08-26 09:31:44.880,4.821,100
2020-08-26 09:31:44.880,4.821,100
2020-08-26 09:31:44.880,4.821,100
2020-08-26 09:31:44.970,4.821,100
2020-08-26 09:31:44.970,4.821,100
2020-08-26 09:31:44.970,4.821,100
2020-08-26 09:31:44.970,4.821,100
2020-08-26 09:31:44.970,4.821,100
2020-08-26 09:31:44.970,4.821,100
2020-08-26 09:31:45.030,4.821,100
2020-08-26 09:31:45.030,4.821,100
2020-08-26 09:31:45.030,4.821,100
2020-08-26 09:31:45.030,4.821,100
2020-08-26 09:31:45.030,4.821,100
2020-08-26 09:31:45.030,4.821,100
2020-08-26 09:31:45.030,4.821,100
2020-08-26 09:31:45.030,4.821,100
2020-08-26 09:31:45.030,4.821,100
2020-08-26 09:31:45.030,4.821,100
2020-08-26 09:31:45.030,4.821,100
2020-08-26 09:31:45.030,4.821,100
2020-08-26 09:31:45.090,4.821,100
2020-08-26 09:31:45.090,4.821,100
2020-08-26 09:31:45.210,4.821,100
2020-08-26 09:31:45.210,4.821,100
2020-08-26 09:31:45.210,4.821,100
2020-08-26 09:31:45.210,4.821,100
2020-08-26 09:31:45.210,4.821,100
2020-08-26 09:31:45.250,4.821,100
2020-08-26 09:31:45.250,4.821,100
2020-08-26 09:31:45.280,4.821,100
2020-08-26 09:31:45.280,4.821,100
2020-08-26 09:31:45.280,4.821,100
2020-08-26 09:31:45.280,4.821,100
2020-08-26 09:31:45.340,4.821,100
2020-08-26 09:31:45.340,4.821,100
2020-08-26 09:31:45.340,4.821,100
2020-08-26 09:31:45.340,4.821,100
2020-08-26 09:31:45.340,4.821,100
2020-08-26 09:31:45.370,4.821,100
2020-08-26 09:31:45.370,4.821,100
2020-08-26 09:31:45.370,4.821,100
2020-08-26 09:31:45.400,4.821,100
2020-08-26 09:31:45.400,4.821,100
2020-08-26 09:31:45.430,4.821,100
2020-08-26 09:31:45.430,4.821,100
2020-08-26 09:31:45.430,4.821,100
2020-08-26 09:31:45.430,4.821,100
2020-08-26 09:31:45.430,4.821,100
2020-08-26 09:31:45.430,4.821,100
2020-08-26 09:31:45.430,4.821,100
2020-08-26 09:31:45.500,4.821,100
2020-08-26 09:31:45.500,4.821,100
2020-08-26 09:31:45.500,4.821,100
2020-08-26 09:31:45.500,4.821,100
2020-08-26 09:31:45.500,4.821,100
2020-08-26 09:31:45.500,4.821,100
2020-08-26 09:31:45.500,4.821,100
2020-08-26 09:31:45.500,4.821,100
2020-08-26 09:31:45.530,4.821,100
2020-08-26 09:31:45.530,4.821,100
2020-08-26 09:31:45.530,4.821,100
2020-08-26 09:31:45.530,4.821,100
2020-08-26 09:31:45.530,4.821,100
2020-08-26 09:31:45.530,4.821,100
2020-08-26 09:31:45.530,4.821,100
2020-08-26 09:31:45.590,4.821,100
2020-08-26 09:31:45.590,4.821,100
2020-08-26 09:31:45.590,4.821,100
2020-08-26 09:31:45.590,4.821,100
2020-08-26 09:31:45.590,4.821,100
2020-08-26 09:31:45.620,4.821,100
2020-08-26 09:31:45.620,4.821,100
2020-08-26 09:31:45.620,4.821,100
2020-08-26 09:31:45.620,4.821,100
2020-08-26 09:31:45.810,4.821,24900
2020-08-26 09:31:45.810,4.821,100
2020-08-26 09:31:48.160,4.823,1600
2020-08-26 09:31:48.160,4.823,168400
2020-08-26 09:31:48.460,4.822,194000
2020-08-26 09:31:48.610,4.822,30000
2020-08-26 09:31:48.670,4.822,30000
2020-08-26 09:31:48.700,4.822,31500
2020-08-26 09:31:48.820,4.822,10000
2020-08-26 09:31:49.010,4.822,4500
2020-08-26 09:31:49.070,4.821,40000
2020-08-26 09:31:49.100,4.822,1000
2020-08-26 09:31:50.600,4.821,10000
2020-08-26 09:31:50.600,4.82,1500
2020-08-26 09:31:50.760,4.82,100
2020-08-26 09:31:54.310,4.819,200
2020-08-26 09:31:55.080,4.82,40000
2020-08-26 09:31:55.110,4.82,22400
2020-08-26 09:31:55.110,4.82,17600
2020-08-26 09:31:55.400,4.82,400
2020-08-26 09:31:55.760,4.82,8900
2020-08-26 09:31:55.790,4.82,18000
2020-08-26 09:31:55.790,4.82,1100
2020-08-26 09:31:56.750,4.821,5000
2020-08-26 09:31:58.160,4.821,300
2020-08-26 09:31:59.320,4.821,2400
2020-08-26 09:32:00.080,4.821,10900
2020-08-26 09:32:00.630,4.821,1400
2020-08-26 09:32:00.630,4.821,8600
2020-08-26 09:32:01.950,4.821,31400
2020-08-26 09:32:01.950,4.82,24400
2020-08-26 09:32:02.430,4.822,10000
2020-08-26 09:32:02.430,4.822,10000
2020-08-26 09:32:02.430,4.822,10000
2020-08-26 09:32:02.430,4.822,10000
2020-08-26 09:32:02.430,4.822,9000
2020-08-26 09:32:03.320,4.821,100
2020-08-26 09:32:05.450,4.821,5000
2020-08-26 09:32:05.680,4.821,300
2020-08-26 09:32:06.780,4.821,2000
2020-08-26 09:32:08.390,4.822,400
2020-08-26 09:32:08.390,4.823,1100
2020-08-26 09:32:10.800,4.822,1000
2020-08-26 09:32:11.980,4.822,200
2020-08-26 09:32:12.370,4.822,3000
2020-08-26 09:32:13.770,4.822,600
2020-08-26 09:32:14.080,4.822,5200
2020-08-26 09:32:14.080,4.821,800
2020-08-26 09:32:14.200,4.821,1100
2020-08-26 09:32:15.190,4.823,3900
2020-08-26 09:32:15.190,4.823,100
2020-08-26 09:32:15.190,4.823,5000
2020-08-26 09:32:15.190,4.823,3500
2020-08-26 09:32:15.190,4.823,2000
2020-08-26 09:32:15.190,4.823,400
2020-08-26 09:32:15.190,4.823,1600
2020-08-26 09:32:15.190,4.823,100
2020-08-26 09:32:16.500,4.821,6000
2020-08-26 09:32:16.920,4.821,100
2020-08-26 09:32:17.100,4.821,100
2020-08-26 09:32:17.940,4.823,10000
2020-08-26 09:32:18.740,4.822,200
2020-08-26 09:32:18.740,4.821,200
2020-08-26 09:32:18.940,4.821,1200
2020-08-26 09:32:19.610,4.822,400
2020-08-26 09:32:20.410,4.823,300
2020-08-26 09:32:20.410,4.823,4500
2020-08-26 09:32:20.410,4.823,5000
2020-08-26 09:32:20.410,4.823,20700
2020-08-26 09:32:20.410,4.823,500
2020-08-26 09:32:20.410,4.823,5000
2020-08-26 09:32:20.410,4.824,5500
2020-08-26 09:32:21.400,4.823,500
2020-08-26 09:32:21.400,4.823,400
2020-08-26 09:32:21.400,4.822,4100
2020-08-26 09:32:22.270,4.824,4500
2020-08-26 09:32:23.090,4.823,25300
2020-08-26 09:32:23.120,4.823,500
2020-08-26 09:32:23.870,4.823,4200
2020-08-26 09:32:23.870,4.823,1000
2020-08-26 09:32:25.030,4.823,100
2020-08-26 09:32:26.540,4.823,300
2020-08-26 09:32:26.720,4.823,100
2020-08-26 09:32:26.910,4.822,300
2020-08-26 09:32:27.630,4.823,600
2020-08-26 09:32:27.630,4.823,4600
2020-08-26 09:32:28.060,4.822,1200
2020-08-26 09:32:28.180,4.823,4400
2020-08-26 09:32:28.180,4.823,5200
2020-08-26 09:32:29.210,4.823,4800
2020-08-26 09:32:29.210,4.823,27000
2020-08-26 09:32:31.070,4.824,100
2020-08-26 09:32:32.220,4.824,15000
2020-08-26 09:32:32.610,4.822,4000
2020-08-26 09:32:32.610,4.822,2000
2020-08-26 09:32:32.610,4.822,200
2020-08-26 09:32:35.480,4.822,1000
2020-08-26 09:32:38.510,4.822,2500
2020-08-26 09:32:39.410,4.822,300
2020-08-26 09:32:39.410,4.822,300
2020-08-26 09:32:41.310,4.822,200
2020-08-26 09:32:41.370,4.821,6000
2020-08-26 09:32:41.370,4.821,1000
2020-08-26 09:32:41.370,4.821,400
2020-08-26 09:32:41.370,4.821,1500
2020-08-26 09:32:41.370,4.821,300
2020-08-26 09:32:41.370,4.821,2000
2020-08-26 09:32:41.370,4.821,7800
2020-08-26 09:32:42.140,4.821,1000
2020-08-26 09:32:42.580,4.821,5000
2020-08-26 09:32:42.680,4.82,26800
2020-08-26 09:32:42.680,4.82,5000
2020-08-26 09:32:42.680,4.82,1000
2020-08-26 09:32:42.680,4.82,7200
2020-08-26 09:32:42.950,4.821,21500
2020-08-26 09:32:44.000,4.821,5000
2020-08-26 09:32:44.890,4.82,2800
2020-08-26 09:32:44.890,4.82,7200
2020-08-26 09:32:45.270,4.821,5000
2020-08-26 09:32:45.700,4.82,100
2020-08-26 09:32:45.830,4.821,500
2020-08-26 09:32:47.230,4.821,400
2020-08-26 09:32:48.390,4.82,2700
2020-08-26 09:32:48.390,4.82,2700
2020-08-26 09:32:48.390,4.82,1000
2020-08-26 09:32:48.620,4.819,30000
2020-08-26 09:32:49.800,4.82,100
2020-08-26 09:32:50.200,4.82,1500
2020-08-26 09:32:50.200,4.821,51900
2020-08-26 09:32:50.480,4.82,100
2020-08-26 09:32:51.230,4.82,1000
2020-08-26 09:32:51.850,4.82,6300
2020-08-26 09:32:52.030,4.819,10000
2020-08-26 09:32:52.510,4.82,100
2020-08-26 09:32:53.530,4.82,100
2020-08-26 09:32:55.560,4.819,4600
2020-08-26 09:33:00.480,4.818,200
2020-08-26 09:33:00.480,4.818,200
2020-08-26 09:33:00.480,4.818,1700
2020-08-26 09:33:00.480,4.818,100
2020-08-26 09:33:01.600,4.817,2000
2020-08-26 09:33:01.600,4.817,19600
2020-08-26 09:33:01.600,4.817,4800
2020-08-26 09:33:03.080,4.816,5000
2020-08-26 09:33:03.080,4.816,5000
2020-08-26 09:33:03.980,4.816,10500
2020-08-26 09:33:03.980,4.816,600
2020-08-26 09:33:03.980,4.816,100
2020-08-26 09:33:06.000,4.815,19400
2020-08-26 09:33:06.000,4.815,200
2020-08-26 09:33:06.000,4.815,200
2020-08-26 09:33:06.000,4.815,200
2020-08-26 09:33:06.000,4.815,500
2020-08-26 09:33:06.000,4.815,500
2020-08-26 09:33:06.000,4.815,1000
2020-08-26 09:33:06.000,4.815,33500
2020-08-26 09:33:06.650,4.815,1000
2020-08-26 09:33:08.220,4.814,900
2020-08-26 09:33:08.220,4.814,600
2020-08-26 09:33:08.220,4.814,5400
2020-08-26 09:33:08.960,4.814,34600
2020-08-26 09:33:08.960,4.814,200
2020-08-26 09:33:08.960,4.814,100
2020-08-26 09:33:09.090,4.813,500
2020-08-26 09:33:09.090,4.813,19500
2020-08-26 09:33:09.670,4.814,3300
2020-08-26 09:33:10.750,4.814,2000
2020-08-26 09:33:11.290,4.813,500
2020-08-26 09:33:11.290,4.813,5000
2020-08-26 09:33:11.290,4.813,500
2020-08-26 09:33:11.290,4.813,1000
2020-08-26 09:33:11.290,4.813,300
2020-08-26 09:33:11.290,4.812,1000
2020-08-26 09:33:11.290,4.812,1000
2020-08-26 09:33:11.290,4.812,900
2020-08-26 09:33:11.290,4.811,5000
2020-08-26 09:33:11.290,4.811,1200
2020-08-26 09:33:11.290,4.811,1500
2020-08-26 09:33:11.290,4.811,2000
2020-08-26 09:33:11.830,4.814,100
2020-08-26 09:33:13.700,4.814,1000
2020-08-26 09:33:13.770,4.812,5000
2020-08-26 09:33:14.050,4.812,15000
2020-08-26 09:33:14.050,4.814,85000
2020-08-26 09:33:14.500,4.814,900
2020-08-26 09:33:16.850,4.812,60000
2020-08-26 09:33:17.290,4.812,300
2020-08-26 09:33:17.650,4.811,300
2020-08-26 09:33:17.740,4.812,4700
2020-08-26 09:33:19.210,4.812,1100
2020-08-26 09:33:20.520,4.813,6000
2020-08-26 09:33:21.030,4.814,5000
2020-08-26 09:33:21.030,4.814,14000
2020-08-26 09:33:21.030,4.814,1100
2020-08-26 09:33:21.030,4.814,2400
2020-08-26 09:33:21.030,4.815,50000
2020-08-26 09:33:21.030,4.816,14200
2020-08-26 09:33:21.030,4.816,6000
2020-08-26 09:33:21.030,4.816,50000
2020-08-26 09:33:21.030,4.817,1000
2020-08-26 09:33:21.030,4.817,6400
2020-08-26 09:33:21.600,4.815,100
2020-08-26 09:33:22.480,4.815,400
2020-08-26 09:33:22.510,4.815,3900
2020-08-26 09:33:23.030,4.815,14500
2020-08-26 09:33:23.090,4.817,20000
2020-08-26 09:33:23.090,4.817,20000
2020-08-26 09:33:23.160,4.817,3600
2020-08-26 09:33:23.160,4.817,14600
2020-08-26 09:33:23.670,4.817,1200
2020-08-26 09:33:24.100,4.817,1400
2020-08-26 09:33:24.100,4.818,2300
2020-08-26 09:33:24.100,4.818,8600
2020-08-26 09:33:24.200,4.816,6700
2020-08-26 09:33:25.310,4.817,30000
2020-08-26 09:33:25.570,4.817,200000
2020-08-26 09:33:25.630,4.818,1400
2020-08-26 09:33:29.470,4.817,12000
2020-08-26 09:33:31.580,4.818,700
2020-08-26 09:33:31.580,4.819,400
2020-08-26 09:33:32.770,4.817,100
2020-08-26 09:33:34.780,4.817,4900
2020-08-26 09:33:39.500,4.815,15300
2020-08-26 09:33:39.770,4.818,100
2020-08-26 09:33:41.470,4.816,700
2020-08-26 09:33:42.940,4.816,100
2020-08-26 09:33:43.330,4.816,4200
2020-08-26 09:33:43.570,4.817,1000
2020-08-26 09:33:43.570,4.817,1000
2020-08-26 09:33:43.570,4.818,8000
2020-08-26 09:33:44.930,4.816,1000
2020-08-26 09:33:45.030,4.816,9800
2020-08-26 09:33:45.290,4.816,200
2020-08-26 09:33:46.280,4.817,4000
2020-08-26 09:33:46.280,4.818,1000
2020-08-26 09:33:47.190,4.816,100
2020-08-26 09:33:47.870,4.816,10000
2020-08-26 09:33:50.520,4.816,100
2020-08-26 09:33:50.520,4.815,300
2020-08-26 09:33:50.520,4.815,18000
2020-08-26 09:33:50.520,4.815,23600
2020-08-26 09:33:52.030,4.816,1000
2020-08-26 09:33:53.280,4.816,5000
2020-08-26 09:33:53.720,4.817,10000
2020-08-26 09:33:53.720,4.818,2400
2020-08-26 09:33:53.720,4.818,14400
2020-08-26 09:33:57.230,4.818,800
2020-08-26 09:33:59.940,4.816,2000
2020-08-26 09:34:00.000,4.816,1000
2020-08-26 09:34:00.220,4.818,84800
2020-08-26 09:34:00.220,4.818,42000
2020-08-26 09:34:00.220,4.818,26300
2020-08-26 09:34:00.220,4.818,42000
2020-08-26 09:34:00.220,4.818,10000
2020-08-26 09:34:00.220,4.818,4000
2020-08-26 09:34:00.220,4.818,3400
2020-08-26 09:34:00.430,4.818,1500
2020-08-26 09:34:00.550,4.819,2100
2020-08-26 09:34:00.550,4.819,2900
2020-08-26 09:34:03.430,4.819,19800
2020-08-26 09:34:03.430,4.819,10000
2020-08-26 09:34:03.430,4.819,100000
2020-08-26 09:34:03.430,4.819,1000
2020-08-26 09:34:03.890,4.819,50000
2020-08-26 09:34:04.220,4.819,1000
2020-08-26 09:34:04.990,4.819,500
2020-08-26 09:34:05.360,4.82,14400
2020-08-26 09:34:05.360,4.82,5600
2020-08-26 09:34:05.760,4.819,1500
2020-08-26 09:34:06.040,4.819,13000
2020-08-26 09:34:08.970,4.82,4400
2020-08-26 09:34:08.970,4.82,100000
2020-08-26 09:34:08.970,4.82,500
2020-08-26 09:34:08.970,4.82,2500
2020-08-26 09:34:08.970,4.82,1300
2020-08-26 09:34:08.970,4.82,1000
2020-08-26 09:34:08.970,4.82,19700
2020-08-26 09:34:08.970,4.821,10300
2020-08-26 09:34:08.970,4.821,800
2020-08-26 09:34:08.970,4.822,2500
2020-08-26 09:34:08.970,4.822,100
2020-08-26 09:34:08.970,4.822,2000
2020-08-26 09:34:08.970,4.822,100
2020-08-26 09:34:08.970,4.822,4300
2020-08-26 09:34:08.970,4.822,136500
2020-08-26 09:34:14.770,4.82,1000
2020-08-26 09:34:17.650,4.822,63500
2020-08-26 09:34:17.650,4.822,200
2020-08-26 09:34:17.650,4.822,10000
2020-08-26 09:34:17.710,4.822,14600
2020-08-26 09:34:17.710,4.82,9200
2020-08-26 09:34:17.710,4.82,16800
2020-08-26 09:34:17.710,4.82,1400
2020-08-26 09:34:17.750,4.82,900
2020-08-26 09:34:17.750,4.82,4100
2020-08-26 09:34:19.250,4.82,500
2020-08-26 09:34:21.460,4.82,100
2020-08-26 09:34:22.140,4.82,4800
2020-08-26 09:34:23.610,4.821,700
2020-08-26 09:34:23.610,4.822,5300
2020-08-26 09:34:23.610,4.822,100
2020-08-26 09:34:24.220,4.822,1200
2020-08-26 09:34:27.720,4.82,200
2020-08-26 09:34:31.430,4.821,1000
2020-08-26 09:34:31.430,4.82,9500
2020-08-26 09:34:34.040,4.82,5800
2020-08-26 09:34:34.040,4.82,4200
2020-08-26 09:34:34.360,4.821,300
2020-08-26 09:34:34.730,4.82,3000
2020-08-26 09:34:35.140,4.821,1000
2020-08-26 09:34:37.090,4.821,4600
2020-08-26 09:34:37.830,4.821,1500
2020-08-26 09:34:38.160,4.82,2800
2020-08-26 09:34:38.160,4.82,300
2020-08-26 09:34:38.160,4.82,100
2020-08-26 09:34:38.160,4.82,100
2020-08-26 09:34:39.920,4.82,100
2020-08-26 09:34:41.510,4.82,22000
2020-08-26 09:34:41.510,4.82,5700
2020-08-26 09:34:41.510,4.821,2600
2020-08-26 09:34:41.510,4.821,26900
2020-08-26 09:34:41.510,4.821,10000
2020-08-26 09:34:41.510,4.822,13000
2020-08-26 09:34:42.830,4.821,100
2020-08-26 09:34:43.330,4.82,3000
2020-08-26 09:34:43.330,4.819,8400
2020-08-26 09:34:43.330,4.819,5000
2020-08-26 09:34:44.380,4.819,3600
2020-08-26 09:34:44.380,4.821,500
2020-08-26 09:34:44.380,4.822,45900
2020-08-26 09:34:45.200,4.821,500
2020-08-26 09:34:47.070,4.819,3100
2020-08-26 09:34:48.650,4.819,1100
2020-08-26 09:34:49.060,4.819,3500
2020-08-26 09:34:49.060,4.819,200
2020-08-26 09:34:49.060,4.822,13100
2020-08-26 09:34:59.310,4.821,800
2020-08-26 09:35:00.740,4.821,100
2020-08-26 09:35:00.800,4.819,200
2020-08-26 09:35:00.800,4.819,100
2020-08-26 09:35:00.800,4.819,700
2020-08-26 09:35:04.970,4.82,500
2020-08-26 09:35:05.800,4.82,200
2020-08-26 09:35:06.050,4.82,300
2020-08-26 09:35:06.050,4.819,1700
2020-08-26 09:35:06.050,4.819,1000
2020-08-26 09:35:06.050,4.819,1200
2020-08-26 09:35:06.050,4.819,5800
2020-08-26 09:35:06.380,4.819,500
2020-08-26 09:35:06.520,4.82,200
2020-08-26 09:35:07.420,4.82,800
2020-08-26 09:35:07.420,4.82,3800
2020-08-26 09:35:08.020,4.82,200
2020-08-26 09:35:08.020,4.821,11800
2020-08-26 09:35:08.020,4.821,15800
2020-08-26 09:35:08.020,4.821,6000
2020-08-26 09:35:08.020,4.821,1100
2020-08-26 09:35:08.020,4.822,115200
2020-08-26 09:35:09.910,4.819,1500
2020-08-26 09:35:09.910,4.819,5000
2020-08-26 09:35:09.910,4.819,500
2020-08-26 09:35:09.910,4.819,3000
2020-08-26 09:35:11.750,4.82,2000
2020-08-26 09:35:14.150,4.82,5000
2020-08-26 09:35:14.670,4.821,500
2020-08-26 09:35:14.670,4.821,6300
2020-08-26 09:35:14.670,4.821,2000
2020-08-26 09:35:15.020,4.822,200
2020-08-26 09:35:15.020,4.822,400
2020-08-26 09:35:15.020,4.822,2000
2020-08-26 09:35:15.020,4.822,100
2020-08-26 09:35:15.020,4.822,10000
2020-08-26 09:35:15.020,4.822,1000
2020-08-26 09:35:15.020,4.822,500
2020-08-26 09:35:15.020,4.822,6000
2020-08-26 09:35:15.020,4.822,4000
2020-08-26 09:35:15.020,4.822,200
2020-08-26 09:35:15.020,4.822,900
2020-08-26 09:35:15.020,4.822,50000
2020-08-26 09:35:15.020,4.822,2500
2020-08-26 09:35:15.020,4.822,6000
2020-08-26 09:35:15.020,4.823,400
2020-08-26 09:35:15.020,4.823,400
2020-08-26 09:35:15.020,4.823,20000
2020-08-26 09:35:15.020,4.823,5000
2020-08-26 09:35:15.020,4.823,10000
2020-08-26 09:35:15.020,4.823,10000
2020-08-26 09:35:15.020,4.823,400
2020-08-26 09:35:15.020,4.823,2200
2020-08-26 09:35:15.020,4.823,3000
2020-08-26 09:35:15.020,4.823,200
2020-08-26 09:35:15.020,4.824,14700
2020-08-26 09:35:17.770,4.821,13900
2020-08-26 09:35:18.780,4.824,20000
2020-08-26 09:35:19.970,4.821,1900
2020-08-26 09:35:20.810,4.821,2000
2020-08-26 09:35:26.790,4.823,1000
2020-08-26 09:35:26.790,4.824,500
2020-08-26 09:35:27.220,4.822,2600
2020-08-26 09:35:30.060,4.822,2400
2020-08-26 09:35:30.060,4.822,2000
2020-08-26 09:35:30.060,4.822,2200
2020-08-26 09:35:30.430,4.822,3400
2020-08-26 09:35:30.430,4.823,200
2020-08-26 09:35:30.430,4.823,3500
2020-08-26 09:35:30.430,4.824,11100
2020-08-26 09:35:30.430,4.824,4000
2020-08-26 09:35:30.430,4.824,500
2020-08-26 09:35:30.430,4.824,20000
2020-08-26 09:35:30.430,4.824,23700
2020-08-26 09:35:30.430,4.824,5000
2020-08-26 09:35:30.430,4.824,7900
2020-08-26 09:35:30.430,4.824,300
2020-08-26 09:35:30.430,4.824,39300
2020-08-26 09:35:30.430,4.824,6300
2020-08-26 09:35:30.430,4.824,2400
2020-08-26 09:35:30.430,4.824,4300
2020-08-26 09:35:30.430,4.824,18200
2020-08-26 09:35:31.150,4.824,500
2020-08-26 09:35:31.390,4.824,1300
2020-08-26 09:35:31.390,4.824,700
2020-08-26 09:35:31.390,4.824,500
2020-08-26 09:35:31.390,4.824,7500
2020-08-26 09:35:38.510,4.821,100
2020-08-26 09:35:38.510,4.821,300
2020-08-26 09:35:39.410,4.822,10000
2020-08-26 09:35:39.410,4.822,200
2020-08-26 09:35:39.410,4.822,100
2020-08-26 09:35:40.410,4.823,400
2020-08-26 09:35:40.410,4.824,19600
2020-08-26 09:35:41.420,4.822,600
2020-08-26 09:35:41.420,4.821,100
2020-08-26 09:35:41.420,4.821,4300
2020-08-26 09:35:42.030,4.824,30000
2020-08-26 09:35:42.690,4.823,3500
2020-08-26 09:35:43.560,4.824,32900
2020-08-26 09:35:43.560,4.824,5000
2020-08-26 09:35:43.560,4.824,500
2020-08-26 09:35:43.560,4.824,1000
2020-08-26 09:35:43.560,4.824,4900
2020-08-26 09:35:43.560,4.824,10000
2020-08-26 09:35:43.560,4.824,300
2020-08-26 09:35:43.560,4.824,5000
2020-08-26 09:35:43.560,4.824,200
2020-08-26 09:35:43.560,4.824,20200
2020-08-26 09:35:45.800,4.824,6900
2020-08-26 09:35:47.140,4.823,3000
2020-08-26 09:35:47.170,4.823,9300
2020-08-26 09:35:47.170,4.823,100
2020-08-26 09:35:49.440,4.823,1200
2020-08-26 09:35:49.440,4.823,3600
2020-08-26 09:35:50.430,4.823,6400
2020-08-26 09:35:50.430,4.824,22900
2020-08-26 09:35:50.430,4.824,1000
2020-08-26 09:35:50.430,4.824,4000
2020-08-26 09:35:50.430,4.825,300
2020-08-26 09:35:50.430,4.825,600
2020-08-26 09:35:50.430,4.825,2500
2020-08-26 09:35:50.430,4.825,50000
2020-08-26 09:35:50.430,4.825,62400
2020-08-26 09:35:52.460,4.823,200
2020-08-26 09:35:52.460,4.824,2800
2020-08-26 09:35:52.640,4.824,700
2020-08-26 09:35:52.640,4.824,600
2020-08-26 09:35:55.350,4.824,200
2020-08-26 09:35:55.930,4.825,1100
2020-08-26 09:35:56.500,4.824,200
2020-08-26 09:35:57.620,4.824,2500
2020-08-26 09:35:57.830,4.825,100
2020-08-26 09:35:58.650,4.825,500
2020-08-26 09:35:59.190,4.825,1000
2020-08-26 09:36:00.930,4.824,800
2020-08-26 09:36:00.930,4.824,2700
2020-08-26 09:36:01.130,4.825,25000
2020-08-26 09:36:01.470,4.825,69900
2020-08-26 09:36:01.470,4.825,100
2020-08-26 09:36:01.470,4.825,200
2020-08-26 09:36:01.470,4.825,500
2020-08-26 09:36:01.470,4.825,100
2020-08-26 09:36:01.470,4.825,300
2020-08-26 09:36:01.470,4.825,5000
2020-08-26 09:36:01.470,4.825,10000
2020-08-26 09:36:01.470,4.825,5000
2020-08-26 09:36:01.470,4.825,1900
2020-08-26 09:36:01.470,4.825,2000
2020-08-26 09:36:01.470,4.825,200
2020-08-26 09:36:01.470,4.825,700
2020-08-26 09:36:01.470,4.825,2500
2020-08-26 09:36:01.470,4.825,10000
2020-08-26 09:36:01.470,4.825,1000
2020-08-26 09:36:01.470,4.825,10000
2020-08-26 09:36:01.470,4.826,3000
2020-08-26 09:36:01.470,4.826,1000
2020-08-26 09:36:01.470,4.826,10400
2020-08-26 09:36:01.470,4.826,16300
2020-08-26 09:36:03.200,4.825,20000
2020-08-26 09:36:03.570,4.826,50000
2020-08-26 09:36:04.080,4.827,400
2020-08-26 09:36:04.080,4.827,4100
2020-08-26 09:36:04.080,4.827,100
2020-08-26 09:36:04.080,4.827,15400
2020-08-26 09:36:04.680,4.827,4600
2020-08-26 09:36:04.680,4.827,100
2020-08-26 09:36:04.680,4.827,25300
2020-08-26 09:36:04.740,4.827,100000
2020-08-26 09:36:04.740,4.827,20000
2020-08-26 09:36:05.190,4.827,10000
2020-08-26 09:36:05.370,4.826,500
2020-08-26 09:36:05.850,4.827,44700
2020-08-26 09:36:05.850,4.827,4100
2020-08-26 09:36:05.940,4.827,400
2020-08-26 09:36:05.960,4.828,100
2020-08-26 09:36:05.960,4.828,600
2020-08-26 09:36:05.960,4.828,17700
2020-08-26 09:36:07.270,4.827,1200
2020-08-26 09:36:08.320,4.828,1000
2020-08-26 09:36:10.190,4.827,200
2020-08-26 09:36:11.040,4.827,3500
2020-08-26 09:36:12.150,4.827,100
2020-08-26 09:36:12.510,4.828,200
2020-08-26 09:36:12.630,4.828,1500
2020-08-26 09:36:12.630,4.828,25000
2020-08-26 09:36:12.630,4.828,10000
2020-08-26 09:36:12.630,4.828,25000
2020-08-26 09:36:12.630,4.828,500
2020-08-26 09:36:12.630,4.828,200
2020-08-26 09:36:12.630,4.828,15000
2020-08-26 09:36:12.630,4.828,2000
2020-08-26 09:36:12.630,4.828,800
2020-08-26 09:36:13.210,4.828,16800
2020-08-26 09:36:13.700,4.828,10000
2020-08-26 09:36:14.180,4.828,1900
2020-08-26 09:36:14.180,4.828,13800
2020-08-26 09:36:14.180,4.828,19500
2020-08-26 09:36:15.490,4.828,1000
2020-08-26 09:36:15.640,4.827,20000
2020-08-26 09:36:16.210,4.827,10000
2020-08-26 09:36:18.020,4.828,37900
2020-08-26 09:36:18.080,4.828,27800
2020-08-26 09:36:18.250,4.828,5000
2020-08-26 09:36:18.950,4.828,17200
2020-08-26 09:36:20.060,4.828,10000
2020-08-26 09:36:20.190,4.827,300
2020-08-26 09:36:21.730,4.827,300
2020-08-26 09:36:22.060,4.827,500
2020-08-26 09:36:22.730,4.828,14800
2020-08-26 09:36:22.730,4.828,5400
2020-08-26 09:36:22.730,4.828,19800
2020-08-26 09:36:22.950,4.827,1000
2020-08-26 09:36:22.990,4.828,20000
2020-08-26 09:36:23.280,4.828,2200
2020-08-26 09:36:23.450,4.828,8000
2020-08-26 09:36:23.660,4.828,500
2020-08-26 09:36:24.120,4.829,5900
2020-08-26 09:36:24.120,4.829,300
2020-08-26 09:36:24.120,4.829,100
2020-08-26 09:36:24.120,4.829,100
2020-08-26 09:36:24.120,4.829,3600
2020-08-26 09:36:25.100,4.828,600
2020-08-26 09:36:26.210,4.828,500
2020-08-26 09:36:26.270,4.828,5900
2020-08-26 09:36:26.400,4.828,1000
2020-08-26 09:36:26.670,4.828,3000
2020-08-26 09:36:28.070,4.829,9900
2020-08-26 09:36:28.070,4.829,4700
2020-08-26 09:36:28.070,4.829,5000
2020-08-26 09:36:28.070,4.829,7000
2020-08-26 09:36:28.070,4.829,3400
2020-08-26 09:36:28.770,4.829,6600
2020-08-26 09:36:28.770,4.829,400
2020-08-26 09:36:28.770,4.829,3000
2020-08-26 09:36:28.830,4.829,500
2020-08-26 09:36:28.830,4.829,500
2020-08-26 09:36:28.830,4.829,500
2020-08-26 09:36:28.830,4.829,200
2020-08-26 09:36:28.830,4.829,2000
2020-08-26 09:36:28.890,4.829,100
2020-08-26 09:36:28.980,4.829,6000
2020-08-26 09:36:30.220,4.829,1000
2020-08-26 09:36:31.480,4.83,100
2020-08-26 09:36:31.480,4.83,500
2020-08-26 09:36:31.480,4.83,1700
2020-08-26 09:36:31.480,4.83,3000
2020-08-26 09:36:31.480,4.83,400
2020-08-26 09:36:31.480,4.83,1000
2020-08-26 09:36:31.480,4.83,15000
2020-08-26 09:36:31.480,4.83,200
2020-08-26 09:36:31.480,4.83,500
2020-08-26 09:36:31.480,4.83,100
2020-08-26 09:36:31.480,4.83,10000
2020-08-26 09:36:31.480,4.83,2000
2020-08-26 09:36:31.480,4.83,10000
2020-08-26 09:36:31.480,4.83,200
2020-08-26 09:36:31.480,4.83,300
2020-08-26 09:36:31.480,4.83,200
2020-08-26 09:36:31.480,4.83,500
2020-08-26 09:36:31.480,4.83,1000
2020-08-26 09:36:31.480,4.83,50000
2020-08-26 09:36:31.480,4.83,200
2020-08-26 09:36:31.480,4.83,6800
2020-08-26 09:36:31.480,4.831,1000
2020-08-26 09:36:31.480,4.831,600
2020-08-26 09:36:31.480,4.831,100
2020-08-26 09:36:31.480,4.831,1900
2020-08-26 09:36:31.480,4.831,200
2020-08-26 09:36:31.480,4.831,42600
2020-08-26 09:36:32.370,4.83,50000
2020-08-26 09:36:35.570,4.831,5000
2020-08-26 09:36:36.310,4.83,200
2020-08-26 09:36:37.340,4.831,62400
2020-08-26 09:36:37.430,4.831,1000
2020-08-26 09:36:37.450,4.831,100
2020-08-26 09:36:38.100,4.831,1000
2020-08-26 09:36:39.010,4.831,10000
2020-08-26 09:36:39.130,4.832,700
2020-08-26 09:36:39.130,4.832,500
2020-08-26 09:36:39.130,4.832,100
2020-08-26 09:36:39.130,4.832,2300
2020-08-26 09:36:39.130,4.832,700
2020-08-26 09:36:39.530,4.831,100
2020-08-26 09:36:41.140,4.831,42000
2020-08-26 09:36:41.540,4.831,100
2020-08-26 09:36:41.670,4.832,4300
2020-08-26 09:36:41.670,4.832,100
2020-08-26 09:36:41.670,4.832,5000
2020-08-26 09:36:42.170,4.832,5000
2020-08-26 09:36:43.190,4.833,200
2020-08-26 09:36:43.190,4.832,1000
2020-08-26 09:36:44.010,4.832,100
2020-08-26 09:36:45.820,4.832,5000
2020-08-26 09:36:45.960,4.833,1800
2020-08-26 09:36:45.960,4.833,3000
2020-08-26 09:36:45.960,4.833,200
2020-08-26 09:36:45.960,4.833,300
2020-08-26 09:36:45.960,4.833,200
2020-08-26 09:36:45.960,4.833,2000
2020-08-26 09:36:45.960,4.833,5200
2020-08-26 09:36:45.960,4.833,50000
2020-08-26 09:36:45.960,4.833,200
2020-08-26 09:36:45.960,4.834,1500
2020-08-26 09:36:45.960,4.834,300
2020-08-26 09:36:45.960,4.834,500
2020-08-26 09:36:45.960,4.834,600
2020-08-26 09:36:45.960,4.834,1000
2020-08-26 09:36:45.960,4.834,60000
2020-08-26 09:36:45.960,4.834,4700
2020-08-26 09:36:45.960,4.835,100
2020-08-26 09:36:45.960,4.835,200
2020-08-26 09:36:45.960,4.835,1000
2020-08-26 09:36:45.960,4.835,200
2020-08-26 09:36:45.960,4.835,2000
2020-08-26 09:36:45.960,4.835,15100
2020-08-26 09:36:47.210,4.832,5000
2020-08-26 09:36:47.240,4.832,1000
2020-08-26 09:36:47.690,4.833,2400
2020-08-26 09:36:48.770,4.833,4000
2020-08-26 09:36:49.010,4.833,1500
2020-08-26 09:36:49.680,4.832,7000
2020-08-26 09:36:49.990,4.832,1000
2020-08-26 09:36:51.670,4.833,200
2020-08-26 09:36:51.670,4.832,300
2020-08-26 09:36:52.240,4.833,100
2020-08-26 09:36:52.470,4.833,4900
2020-08-26 09:36:52.470,4.832,100
2020-08-26 09:36:53.890,4.833,2400
2020-08-26 09:36:53.890,4.832,2600
2020-08-26 09:36:54.690,4.834,200
2020-08-26 09:36:54.690,4.835,16500
2020-08-26 09:36:55.510,4.833,1000
2020-08-26 09:36:55.700,4.833,10000
2020-08-26 09:36:55.760,4.833,1000
2020-08-26 09:36:56.450,4.833,8000
2020-08-26 09:36:57.530,4.832,6300
2020-08-26 09:36:57.530,4.832,700
2020-08-26 09:36:59.180,4.832,600
2020-08-26 09:36:59.180,4.832,10000
2020-08-26 09:36:59.180,4.832,9400
2020-08-26 09:36:59.330,4.832,500
2020-08-26 09:37:00.370,4.833,600
2020-08-26 09:37:00.430,4.832,100
2020-08-26 09:37:00.770,4.832,5000
2020-08-26 09:37:01.250,4.833,600
2020-08-26 09:37:01.640,4.833,500
2020-08-26 09:37:02.490,4.833,300
2020-08-26 09:37:02.490,4.833,4100
2020-08-26 09:37:05.870,4.832,1000
2020-08-26 09:37:06.240,4.832,200
2020-08-26 09:37:06.320,4.832,200
2020-08-26 09:37:06.380,4.832,100
2020-08-26 09:37:06.640,4.832,200
2020-08-26 09:37:06.790,4.833,5900
2020-08-26 09:37:06.790,4.833,400
2020-08-26 09:37:06.790,4.833,7300
2020-08-26 09:37:07.540,4.832,2000
2020-08-26 09:37:07.570,4.832,41300
2020-08-26 09:37:07.570,4.832,5000
2020-08-26 09:37:07.570,4.832,2300
2020-08-26 09:37:10.170,4.832,4200
2020-08-26 09:37:10.610,4.832,100
2020-08-26 09:37:11.260,4.832,17500
2020-08-26 09:37:11.810,4.831,3000
2020-08-26 09:37:12.170,4.831,4600
2020-08-26 09:37:12.660,4.832,3000
2020-08-26 09:37:16.630,4.831,500
2020-08-26 09:37:16.750,4.831,22100
2020-08-26 09:37:16.870,4.832,1000
2020-08-26 09:37:18.510,4.831,1000
2020-08-26 09:37:18.700,4.832,16800
2020-08-26 09:37:19.000,4.831,300
2020-08-26 09:37:19.000,4.831,700
2020-08-26 09:37:19.540,4.831,300
2020-08-26 09:37:19.540,4.831,100
2020-08-26 09:37:19.540,4.831,100
2020-08-26 09:37:19.540,4.831,500
2020-08-26 09:37:19.690,4.832,74700
2020-08-26 09:37:19.690,4.832,3000
2020-08-26 09:37:19.690,4.832,50000
2020-08-26 09:37:19.690,4.832,1000
2020-08-26 09:37:19.690,4.832,1000
2020-08-26 09:37:19.690,4.832,1000
2020-08-26 09:37:19.690,4.832,1000
2020-08-26 09:37:19.690,4.832,200
2020-08-26 09:37:19.690,4.832,2000
2020-08-26 09:37:19.690,4.832,300
2020-08-26 09:37:20.040,4.832,200
2020-08-26 09:37:20.170,4.832,20000
2020-08-26 09:37:20.480,4.832,20000
2020-08-26 09:37:20.710,4.832,100
2020-08-26 09:37:20.860,4.832,200
2020-08-26 09:37:20.920,4.832,33300
2020-08-26 09:37:21.540,4.832,400
2020-08-26 09:37:21.820,4.832,40000
2020-08-26 09:37:21.920,4.832,2000
2020-08-26 09:37:23.060,4.832,14600
2020-08-26 09:37:23.540,4.832,40000
2020-08-26 09:37:23.670,4.832,100
2020-08-26 09:37:25.560,4.832,5300
2020-08-26 09:37:25.630,4.832,5500
2020-08-26 09:37:25.860,4.833,10000
2020-08-26 09:37:26.220,4.833,200
2020-08-26 09:37:27.720,4.833,4500
2020-08-26 09:37:27.720,4.833,1000
2020-08-26 09:37:27.720,4.833,3000
2020-08-26 09:37:27.720,4.833,1500
2020-08-26 09:37:29.000,4.833,31800
2020-08-26 09:37:29.000,4.833,8200
2020-08-26 09:37:29.220,4.832,1000
2020-08-26 09:37:29.460,4.833,1800
2020-08-26 09:37:29.460,4.833,100
2020-08-26 09:37:29.460,4.833,11600
2020-08-26 09:37:29.830,4.832,5000
2020-08-26 09:37:30.090,4.833,2000
2020-08-26 09:37:31.870,4.832,10000
2020-08-26 09:37:32.120,4.832,10000
2020-08-26 09:37:32.380,4.833,6400
2020-08-26 09:37:32.380,4.833,1000
2020-08-26 09:37:32.380,4.833,100
2020-08-26 09:37:32.380,4.833,200
2020-08-26 09:37:32.380,4.833,5000
2020-08-26 09:37:32.380,4.833,500
2020-08-26 09:37:32.380,4.833,1300
2020-08-26 09:37:32.380,4.833,2200
2020-08-26 09:37:32.640,4.833,5300
2020-08-26 09:37:33.210,4.832,4000
2020-08-26 09:37:34.150,4.833,14700
2020-08-26 09:37:34.150,4.833,200
2020-08-26 09:37:34.150,4.833,4800
2020-08-26 09:37:34.150,4.833,120000
2020-08-26 09:37:34.770,4.833,20000
2020-08-26 09:37:34.940,4.833,3000
2020-08-26 09:37:34.970,4.833,300
2020-08-26 09:37:36.820,4.833,600
2020-08-26 09:37:38.170,4.834,1000
2020-08-26 09:37:38.170,4.834,2200
2020-08-26 09:37:38.170,4.834,1000
2020-08-26 09:37:38.170,4.834,3000
2020-08-26 09:37:38.170,4.834,200
2020-08-26 09:37:38.170,4.834,1400
2020-08-26 09:37:38.170,4.834,2400
2020-08-26 09:37:38.170,4.834,300
2020-08-26 09:37:38.170,4.834,500
2020-08-26 09:37:38.170,4.834,80000
2020-08-26 09:37:38.170,4.834,51400
2020-08-26 09:37:38.170,4.834,4000
2020-08-26 09:37:38.170,4.834,9200
2020-08-26 09:37:38.170,4.834,20000
2020-08-26 09:37:38.170,4.835,5100
2020-08-26 09:37:38.170,4.835,200
2020-08-26 09:37:38.170,4.835,8300
2020-08-26 09:37:38.170,4.835,6400
2020-08-26 09:37:38.350,4.835,2400
2020-08-26 09:37:38.510,4.834,6500
2020-08-26 09:37:39.120,4.834,1500
2020-08-26 09:37:40.550,4.834,100
2020-08-26 09:37:40.550,4.833,200
2020-08-26 09:37:40.550,4.833,200
2020-08-26 09:37:40.550,4.833,3000
2020-08-26 09:37:41.440,4.832,48500
2020-08-26 09:37:43.230,4.833,600
2020-08-26 09:37:43.780,4.833,200
2020-08-26 09:37:43.840,4.833,55700
2020-08-26 09:37:43.840,4.833,20000
2020-08-26 09:37:43.840,4.833,3000
2020-08-26 09:37:43.840,4.833,2000
2020-08-26 09:37:43.840,4.833,10000
2020-08-26 09:37:43.840,4.834,300
2020-08-26 09:37:43.840,4.835,1200
2020-08-26 09:37:43.840,4.835,100
2020-08-26 09:37:43.840,4.835,2000
2020-08-26 09:37:43.840,4.835,2500
2020-08-26 09:37:43.840,4.835,10000
2020-08-26 09:37:43.840,4.835,300
2020-08-26 09:37:43.840,4.835,200
2020-08-26 09:37:43.840,4.835,3400
2020-08-26 09:37:44.850,4.834,25700
2020-08-26 09:37:44.850,4.833,74300
2020-08-26 09:37:45.690,4.834,18500
2020-08-26 09:37:45.690,4.834,10000
2020-08-26 09:37:46.480,4.834,100
2020-08-26 09:37:46.920,4.834,6000
2020-08-26 09:37:47.070,4.834,5400
2020-08-26 09:37:47.170,4.833,4600
2020-08-26 09:37:47.170,4.835,4600
2020-08-26 09:37:47.170,4.835,100
2020-08-26 09:37:47.170,4.835,125700
2020-08-26 09:37:47.420,4.834,300
2020-08-26 09:37:47.420,4.835,16400
2020-08-26 09:37:47.540,4.835,2200
2020-08-26 09:37:47.720,4.832,80800
2020-08-26 09:37:47.720,4.832,200
2020-08-26 09:37:47.720,4.832,100
2020-08-26 09:37:47.720,4.832,1000
2020-08-26 09:37:47.720,4.832,44300
2020-08-26 09:37:47.720,4.832,2000
2020-08-26 09:37:48.580,4.832,5000
2020-08-26 09:37:48.910,4.832,211000
2020-08-26 09:37:48.910,4.832,1000
2020-08-26 09:37:49.670,4.833,10000
2020-08-26 09:37:49.730,4.833,2000
2020-08-26 09:37:52.340,4.831,600
2020-08-26 09:37:52.860,4.832,3000
2020-08-26 09:37:52.860,4.833,60000
2020-08-26 09:37:52.860,4.834,20000
2020-08-26 09:37:52.860,4.834,100
2020-08-26 09:37:52.860,4.834,4900
2020-08-26 09:37:52.860,4.834,62100
2020-08-26 09:37:53.170,4.832,400
2020-08-26 09:37:54.900,4.832,4600
2020-08-26 09:37:54.900,4.834,6400
2020-08-26 09:37:56.150,4.834,400
2020-08-26 09:37:56.270,4.831,400
2020-08-26 09:37:56.360,4.832,2000
2020-08-26 09:37:57.160,4.832,5000
2020-08-26 09:38:00.080,4.831,38100
2020-08-26 09:38:01.980,4.832,1000
2020-08-26 09:38:02.250,4.832,2000
2020-08-26 09:38:03.040,4.832,2500
2020-08-26 09:38:04.800,4.832,28000
2020-08-26 09:38:06.550,4.831,2000
2020-08-26 09:38:06.810,4.831,8900
2020-08-26 09:38:06.810,4.831,1000
2020-08-26 09:38:09.450,4.831,1100
2020-08-26 09:38:10.190,4.831,2000
2020-08-26 09:38:13.050,4.831,100000
2020-08-26 09:38:13.080,4.831,20000
2020-08-26 09:38:13.390,4.831,31900
2020-08-26 09:38:13.390,4.831,600
2020-08-26 09:38:13.390,4.831,15000
2020-08-26 09:38:14.550,4.83,1000
2020-08-26 09:38:14.550,4.83,500
2020-08-26 09:38:14.550,4.83,500
2020-08-26 09:38:14.740,4.83,5000
2020-08-26 09:38:17.730,4.83,4200
2020-08-26 09:38:17.730,4.83,200
2020-08-26 09:38:17.730,4.83,600
2020-08-26 09:38:18.630,4.83,300
2020-08-26 09:38:19.340,4.83,300
2020-08-26 09:38:19.660,4.831,3000
2020-08-26 09:38:21.740,4.83,100
2020-08-26 09:38:22.100,4.83,1300
2020-08-26 09:38:22.440,4.83,500
2020-08-26 09:38:22.440,4.83,4000
2020-08-26 09:38:22.440,4.831,7000
2020-08-26 09:38:22.440,4.831,200
2020-08-26 09:38:23.430,4.832,6300
2020-08-26 09:38:23.430,4.832,9000
2020-08-26 09:38:23.430,4.832,3000
2020-08-26 09:38:23.430,4.832,100
2020-08-26 09:38:23.430,4.832,14600
2020-08-26 09:38:23.520,4.832,1000
2020-08-26 09:38:23.730,4.832,3000
2020-08-26 09:38:24.100,4.832,200
2020-08-26 09:38:24.890,4.832,1000
2020-08-26 09:38:25.220,4.832,1500
2020-08-26 09:38:25.540,4.832,53300
2020-08-26 09:38:25.630,4.831,4300
2020-08-26 09:38:25.630,4.829,2000
2020-08-26 09:38:25.630,4.829,3700
2020-08-26 09:38:29.060,4.832,40000
2020-08-26 09:38:29.710,4.832,6700
2020-08-26 09:38:29.710,4.832,3400
2020-08-26 09:38:31.610,4.832,3400
2020-08-26 09:38:31.610,4.832,96600
2020-08-26 09:38:31.700,4.833,100
2020-08-26 09:38:31.700,4.833,8400
2020-08-26 09:38:31.700,4.833,8200
2020-08-26 09:38:31.700,4.833,300
2020-08-26 09:38:31.700,4.833,300
2020-08-26 09:38:31.700,4.833,19600
2020-08-26 09:38:31.700,4.833,200
2020-08-26 09:38:31.700,4.833,10000
2020-08-26 09:38:31.700,4.833,100
2020-08-26 09:38:31.700,4.833,2800
2020-08-26 09:38:31.940,4.833,4500
2020-08-26 09:38:32.300,4.832,6800
2020-08-26 09:38:32.780,4.832,2900
2020-08-26 09:38:34.250,4.832,2600
2020-08-26 09:38:34.690,4.833,1900
2020-08-26 09:38:34.690,4.833,1000
2020-08-26 09:38:34.690,4.833,10000
2020-08-26 09:38:34.690,4.833,1000
2020-08-26 09:38:34.780,4.833,5000
2020-08-26 09:38:35.540,4.833,10000
2020-08-26 09:38:35.600,4.833,4000
2020-08-26 09:38:37.210,4.833,100
2020-08-26 09:38:37.210,4.833,900
2020-08-26 09:38:38.160,4.833,2000
2020-08-26 09:38:39.250,4.833,500
2020-08-26 09:38:39.430,4.833,2600
2020-08-26 09:38:39.750,4.833,100
2020-08-26 09:38:41.650,4.833,3900
2020-08-26 09:38:41.650,4.833,500
2020-08-26 09:38:41.650,4.833,6000
2020-08-26 09:38:42.450,4.834,216900
2020-08-26 09:38:42.450,4.834,5000
2020-08-26 09:38:42.450,4.834,500
2020-08-26 09:38:42.450,4.834,2000
2020-08-26 09:38:42.450,4.834,1900
2020-08-26 09:38:42.450,4.834,5000
2020-08-26 09:38:42.450,4.834,50000
2020-08-26 09:38:42.450,4.834,100
2020-08-26 09:38:43.730,4.834,700
2020-08-26 09:38:44.110,4.834,3400
2020-08-26 09:38:44.200,4.835,155700
2020-08-26 09:38:44.200,4.835,22100
2020-08-26 09:38:44.200,4.835,500
2020-08-26 09:38:44.200,4.835,200
2020-08-26 09:38:44.200,4.835,5000
2020-08-26 09:38:44.200,4.835,5000
2020-08-26 09:38:44.200,4.835,2000
2020-08-26 09:38:44.200,4.835,200
2020-08-26 09:38:44.200,4.835,2000
2020-08-26 09:38:44.200,4.835,1000
2020-08-26 09:38:44.200,4.835,100
2020-08-26 09:38:44.200,4.835,5000
2020-08-26 09:38:44.200,4.835,3000
2020-08-26 09:38:44.200,4.835,10000
2020-08-26 09:38:44.200,4.835,10000
2020-08-26 09:38:44.200,4.835,5000
2020-08-26 09:38:44.200,4.835,5000
2020-08-26 09:38:44.200,4.835,100
2020-08-26 09:38:44.200,4.835,3000
2020-08-26 09:38:44.200,4.835,200
2020-08-26 09:38:44.200,4.835,4000
2020-08-26 09:38:44.200,4.835,100
2020-08-26 09:38:44.200,4.835,2000
2020-08-26 09:38:44.200,4.835,300
2020-08-26 09:38:44.200,4.835,100
2020-08-26 09:38:44.200,4.835,2500
2020-08-26 09:38:44.200,4.836,33100
2020-08-26 09:38:44.200,4.836,1000
2020-08-26 09:38:44.200,4.836,21800
2020-08-26 09:38:44.630,4.836,16800
2020-08-26 09:38:44.630,4.836,500
2020-08-26 09:38:44.630,4.836,1000
2020-08-26 09:38:44.630,4.836,200
2020-08-26 09:38:44.630,4.836,100
2020-08-26 09:38:44.630,4.836,1400
2020-08-26 09:38:47.120,4.836,8800
2020-08-26 09:38:47.120,4.836,11200
2020-08-26 09:38:49.050,4.835,100
2020-08-26 09:38:50.080,4.835,100
2020-08-26 09:38:50.380,4.834,500
2020-08-26 09:38:50.620,4.835,39900
2020-08-26 09:38:50.620,4.836,8800
2020-08-26 09:38:50.620,4.836,300
2020-08-26 09:38:50.620,4.836,10000
2020-08-26 09:38:50.620,4.836,400
2020-08-26 09:38:50.620,4.836,100
2020-08-26 09:38:52.760,4.836,100
2020-08-26 09:38:52.760,4.836,200
2020-08-26 09:38:52.910,4.836,2000
2020-08-26 09:38:53.160,4.836,200
2020-08-26 09:38:55.600,4.834,800
2020-08-26 09:38:58.390,4.834,5000
2020-08-26 09:38:58.390,4.834,500
2020-08-26 09:38:58.390,4.834,20000
2020-08-26 09:38:58.390,4.833,4500
2020-08-26 09:39:02.190,4.834,300
2020-08-26 09:39:02.190,4.834,500
2020-08-26 09:39:02.190,4.835,100
2020-08-26 09:39:02.190,4.836,500
2020-08-26 09:39:02.190,4.836,3600
2020-08-26 09:39:02.890,4.833,100
2020-08-26 09:39:03.230,4.834,9000
2020-08-26 09:39:03.230,4.836,1400
2020-08-26 09:39:03.230,4.836,5000
2020-08-26 09:39:03.230,4.836,300
2020-08-26 09:39:05.340,4.836,30000
2020-08-26 09:39:05.780,4.836,10000
2020-08-26 09:39:05.780,4.836,1100
2020-08-26 09:39:06.100,4.836,100
2020-08-26 09:39:06.100,4.835,1000
2020-08-26 09:39:06.860,4.835,300
2020-08-26 09:39:08.570,4.835,100
2020-08-26 09:39:09.530,4.835,20000
2020-08-26 09:39:09.870,4.836,4000
2020-08-26 09:39:09.870,4.836,800
2020-08-26 09:39:09.870,4.836,15000
2020-08-26 09:39:10.130,4.836,200
2020-08-26 09:39:10.130,4.835,800
2020-08-26 09:39:10.350,4.835,3100
2020-08-26 09:39:12.680,4.836,8400
2020-08-26 09:39:12.680,4.836,1000
2020-08-26 09:39:12.680,4.837,600
2020-08-26 09:39:13.600,4.835,1000
2020-08-26 09:39:14.340,4.835,100
2020-08-26 09:39:16.590,4.836,2000
2020-08-26 09:39:16.590,4.836,100
2020-08-26 09:39:16.590,4.836,500
2020-08-26 09:39:16.590,4.836,2400
2020-08-26 09:39:18.470,4.836,19800
2020-08-26 09:39:18.470,4.836,200
2020-08-26 09:39:18.910,4.836,100
2020-08-26 09:39:19.370,4.835,7000
2020-08-26 09:39:20.980,4.835,500
2020-08-26 09:39:21.240,4.835,6100
2020-08-26 09:39:21.240,4.835,5000
2020-08-26 09:39:21.240,4.835,500
2020-08-26 09:39:21.240,4.835,5000
2020-08-26 09:39:21.240,4.835,500
2020-08-26 09:39:21.240,4.835,2000
2020-08-26 09:39:22.070,4.835,900
2020-08-26 09:39:22.070,4.835,100
2020-08-26 09:39:22.070,4.836,1000
2020-08-26 09:39:22.850,4.834,100
2020-08-26 09:39:22.850,4.834,100
2020-08-26 09:39:24.060,4.835,2000
2020-08-26 09:39:24.060,4.835,3800
2020-08-26 09:39:24.230,4.835,500
2020-08-26 09:39:24.520,4.835,1200
2020-08-26 09:39:24.980,4.834,400
2020-08-26 09:39:24.980,4.834,1600
2020-08-26 09:39:26.390,4.834,400
2020-08-26 09:39:26.390,4.833,32600
2020-08-26 09:39:27.590,4.834,200
2020-08-26 09:39:28.860,4.834,2000
2020-08-26 09:39:29.770,4.834,5000
2020-08-26 09:39:31.530,4.834,2000
2020-08-26 09:39:33.780,4.833,4500
2020-08-26 09:39:33.780,4.834,300
2020-08-26 09:39:34.020,4.833,3600
2020-08-26 09:39:34.080,4.834,100
2020-08-26 09:39:34.660,4.834,700
2020-08-26 09:39:36.200,4.833,50000
2020-08-26 09:39:37.400,4.834,2500
2020-08-26 09:39:37.910,4.834,2100
2020-08-26 09:39:37.910,4.834,1000
2020-08-26 09:39:38.870,4.833,48700
2020-08-26 09:39:38.870,4.833,1000
2020-08-26 09:39:38.870,4.832,300
2020-08-26 09:39:39.280,4.833,100
2020-08-26 09:39:40.020,4.833,100
2020-08-26 09:39:43.280,4.833,1000
2020-08-26 09:39:45.360,4.833,19500
2020-08-26 09:39:45.840,4.832,1700
2020-08-26 09:39:45.840,4.832,1200
2020-08-26 09:39:45.840,4.832,40500
2020-08-26 09:39:45.840,4.832,40000
2020-08-26 09:39:45.840,4.832,2000
2020-08-26 09:39:45.920,4.832,1000
2020-08-26 09:39:47.740,4.831,3800
2020-08-26 09:39:47.740,4.83,96200
2020-08-26 09:39:49.420,4.832,300
2020-08-26 09:39:50.570,4.832,20700
2020-08-26 09:39:50.600,4.832,21000
2020-08-26 09:39:51.350,4.832,2000
2020-08-26 09:39:52.410,4.832,300
2020-08-26 09:39:52.770,4.832,36300
2020-08-26 09:39:55.230,4.831,300
2020-08-26 09:39:55.230,4.83,100
2020-08-26 09:39:55.350,4.831,200
2020-08-26 09:39:55.350,4.831,800
2020-08-26 09:39:55.380,4.831,1000
2020-08-26 09:39:55.990,4.831,2400
2020-08-26 09:39:55.990,4.831,500
2020-08-26 09:39:55.990,4.831,2100
2020-08-26 09:39:57.240,4.83,20000
2020-08-26 09:39:57.500,4.831,12200
2020-08-26 09:39:57.500,4.831,4000
2020-08-26 09:39:57.860,4.832,35100
2020-08-26 09:39:58.130,4.832,496900
2020-08-26 09:39:58.130,4.832,10000
2020-08-26 09:39:58.130,4.832,300
2020-08-26 09:39:58.480,4.832,8600
2020-08-26 09:39:59.010,4.831,400
2020-08-26 09:39:59.410,4.83,3000
2020-08-26 09:40:01.800,4.832,1000
2020-08-26 09:40:01.800,4.831,2000
2020-08-26 09:40:01.800,4.83,7000
2020-08-26 09:40:01.830,4.83,200
2020-08-26 09:40:02.660,4.833,5000
2020-08-26 09:40:02.660,4.833,10000
2020-08-26 09:40:04.590,4.831,100
2020-08-26 09:40:04.930,4.831,4100
2020-08-26 09:40:05.020,4.831,1400
2020-08-26 09:40:06.560,4.833,30000
2020-08-26 09:40:06.950,4.831,9200
2020-08-26 09:40:07.790,4.833,5300
2020-08-26 09:40:07.790,4.833,5800
2020-08-26 09:40:07.790,4.833,1200
2020-08-26 09:40:07.790,4.833,17700
2020-08-26 09:40:08.040,4.833,2300
2020-08-26 09:40:08.040,4.833,2000
2020-08-26 09:40:08.040,4.833,3500
2020-08-26 09:40:08.080,4.833,400
2020-08-26 09:40:08.310,4.833,2200
2020-08-26 09:40:08.530,4.833,6000
2020-08-26 09:40:11.340,4.834,3700
2020-08-26 09:40:11.590,4.834,1300
2020-08-26 09:40:11.590,4.834,1000
2020-08-26 09:40:11.590,4.834,75400
2020-08-26 09:40:11.590,4.834,500
2020-08-26 09:40:11.590,4.834,1800
2020-08-26 09:40:11.650,4.834,200
2020-08-26 09:40:11.650,4.834,19100
2020-08-26 09:40:12.720,4.833,2000
2020-08-26 09:40:14.010,4.833,1000
2020-08-26 09:40:14.280,4.833,10000
2020-08-26 09:40:14.320,4.833,2000
2020-08-26 09:40:14.660,4.833,800
2020-08-26 09:40:14.870,4.833,800
2020-08-26 09:40:14.870,4.833,1400
2020-08-26 09:40:14.870,4.833,50000
2020-08-26 09:40:14.870,4.833,52500
2020-08-26 09:40:21.580,4.833,500
2020-08-26 09:40:21.580,4.833,400
2020-08-26 09:40:23.090,4.834,900
2020-08-26 09:40:23.090,4.834,300
2020-08-26 09:40:23.090,4.834,2400
2020-08-26 09:40:23.090,4.834,9700
2020-08-26 09:40:23.090,4.834,6700
2020-08-26 09:40:23.390,4.834,2700
2020-08-26 09:40:23.710,4.834,30000
2020-08-26 09:40:23.910,4.833,100
2020-08-26 09:40:23.910,4.833,3900
2020-08-26 09:40:24.090,4.833,16100
2020-08-26 09:40:24.090,4.833,2000
2020-08-26 09:40:24.090,4.833,1900
2020-08-26 09:40:24.210,4.833,5000
2020-08-26 09:40:25.580,4.834,2100
2020-08-26 09:40:25.640,4.834,8500
2020-08-26 09:40:25.970,4.834,1500
2020-08-26 09:40:25.970,4.834,1000
2020-08-26 09:40:25.970,4.833,2200
2020-08-26 09:40:29.600,4.835,300
2020-08-26 09:40:29.600,4.835,5200
2020-08-26 09:40:29.600,4.835,5000
2020-08-26 09:40:29.600,4.835,1000
2020-08-26 09:40:29.600,4.835,5200
2020-08-26 09:40:29.600,4.835,3300
2020-08-26 09:40:29.600,4.835,1700
2020-08-26 09:40:29.600,4.835,18300
2020-08-26 09:40:29.840,4.833,2000
2020-08-26 09:40:29.890,4.833,30000
2020-08-26 09:40:29.950,4.835,1700
2020-08-26 09:40:29.950,4.835,4000
2020-08-26 09:40:29.950,4.835,4100
2020-08-26 09:40:29.950,4.835,5000
2020-08-26 09:40:29.950,4.835,5000
2020-08-26 09:40:29.950,4.835,3600
2020-08-26 09:40:30.250,4.833,1300
2020-08-26 09:40:30.280,4.834,100
2020-08-26 09:40:30.280,4.834,1000
2020-08-26 09:40:30.280,4.833,3900
2020-08-26 09:40:31.080,4.834,2000
2020-08-26 09:40:31.080,4.835,6400
2020-08-26 09:40:31.080,4.835,100
2020-08-26 09:40:31.080,4.835,1000
2020-08-26 09:40:34.790,4.835,30500
2020-08-26 09:40:34.790,4.835,10000
2020-08-26 09:40:36.190,4.835,800
2020-08-26 09:40:36.300,4.836,1000
2020-08-26 09:40:36.300,4.836,13800
2020-08-26 09:40:36.300,4.836,1000
2020-08-26 09:40:36.300,4.836,10000
2020-08-26 09:40:36.300,4.836,900
2020-08-26 09:40:36.300,4.836,15000
2020-08-26 09:40:36.300,4.836,1000
2020-08-26 09:40:36.300,4.836,7800
2020-08-26 09:40:37.080,4.835,2200
2020-08-26 09:40:40.920,4.835,100
2020-08-26 09:40:41.460,4.835,2500
2020-08-26 09:40:42.170,4.835,200
2020-08-26 09:40:42.470,4.834,200
2020-08-26 09:40:42.870,4.834,500
2020-08-26 09:40:43.500,4.835,300
2020-08-26 09:40:44.090,4.835,30000
2020-08-26 09:40:44.380,4.834,300
2020-08-26 09:40:44.380,4.834,1700
2020-08-26 09:40:44.570,4.835,500
2020-08-26 09:40:44.660,4.835,10000
2020-08-26 09:40:47.120,4.835,1200
2020-08-26 09:40:47.120,4.836,2200
2020-08-26 09:40:47.120,4.836,4000
2020-08-26 09:40:47.120,4.836,300
2020-08-26 09:40:47.120,4.836,2500
2020-08-26 09:40:47.120,4.836,10000
2020-08-26 09:40:47.120,4.836,4000
2020-08-26 09:40:47.120,4.836,100
2020-08-26 09:40:47.120,4.836,400
2020-08-26 09:40:47.120,4.836,500
2020-08-26 09:40:47.120,4.836,5000
2020-08-26 09:40:47.120,4.836,3000
2020-08-26 09:40:47.120,4.836,200
2020-08-26 09:40:47.120,4.837,4400
2020-08-26 09:40:47.120,4.837,12000
2020-08-26 09:40:47.120,4.837,6200
2020-08-26 09:40:47.120,4.837,600
2020-08-26 09:40:47.120,4.837,5000
2020-08-26 09:40:47.120,4.837,5000
2020-08-26 09:40:47.120,4.837,300
2020-08-26 09:40:47.120,4.837,100
2020-08-26 09:40:47.120,4.837,3000
2020-08-26 09:40:47.120,4.837,4700
2020-08-26 09:40:47.120,4.837,1000
2020-08-26 09:40:47.120,4.837,20000
2020-08-26 09:40:47.120,4.837,300
2020-08-26 09:40:47.120,4.837,100
2020-08-26 09:40:47.120,4.837,200000
2020-08-26 09:40:47.120,4.837,3800
2020-08-26 09:40:49.030,4.836,5000
2020-08-26 09:40:49.090,4.836,5000
2020-08-26 09:40:49.300,4.836,1000
2020-08-26 09:40:54.500,4.836,500
2020-08-26 09:40:56.280,4.837,500
2020-08-26 09:40:56.350,4.837,500
2020-08-26 09:40:56.350,4.837,9500
2020-08-26 09:40:57.020,4.837,400
2020-08-26 09:40:57.080,4.837,100
2020-08-26 09:40:57.080,4.837,900
2020-08-26 09:40:57.630,4.837,20000
2020-08-26 09:40:58.210,4.837,23800
2020-08-26 09:40:58.510,4.837,300
2020-08-26 09:40:59.700,4.837,5000
2020-08-26 09:40:59.700,4.837,2400
2020-08-26 09:40:59.700,4.837,300
2020-08-26 09:40:59.700,4.837,500
2020-08-26 09:41:00.900,4.837,2800
2020-08-26 09:41:01.530,4.837,2600
2020-08-26 09:41:01.530,4.837,100
2020-08-26 09:41:01.530,4.836,27300
2020-08-26 09:41:02.500,4.837,5000
2020-08-26 09:41:02.500,4.836,11200
2020-08-26 09:41:02.500,4.836,200
2020-08-26 09:41:02.500,4.835,3600
2020-08-26 09:41:02.790,4.837,1200
2020-08-26 09:41:02.790,4.838,1900
2020-08-26 09:41:02.790,4.838,100
2020-08-26 09:41:02.790,4.838,2000
2020-08-26 09:41:02.790,4.838,4400
2020-08-26 09:41:02.790,4.838,400
2020-08-26 09:41:02.790,4.838,3000
2020-08-26 09:41:04.350,4.837,100
2020-08-26 09:41:04.350,4.837,1000
2020-08-26 09:41:04.350,4.837,2200
2020-08-26 09:41:04.680,4.837,500
2020-08-26 09:41:05.090,4.835,15400
2020-08-26 09:41:05.090,4.835,100
2020-08-26 09:41:05.090,4.835,17500
2020-08-26 09:41:05.420,4.835,1100
2020-08-26 09:41:05.790,4.836,8800
2020-08-26 09:41:05.930,4.836,300
2020-08-26 09:41:06.150,4.837,1500
2020-08-26 09:41:06.150,4.837,500
2020-08-26 09:41:07.660,4.837,500
2020-08-26 09:41:07.660,4.837,4500
2020-08-26 09:41:08.050,4.837,5000
2020-08-26 09:41:08.110,4.836,400
2020-08-26 09:41:08.470,4.837,1000
2020-08-26 09:41:08.470,4.837,41100
2020-08-26 09:41:08.740,4.836,30700
2020-08-26 09:41:09.370,4.836,19800
2020-08-26 09:41:10.350,4.835,31400
2020-08-26 09:41:10.350,4.835,10000
2020-08-26 09:41:10.350,4.834,10000
2020-08-26 09:41:11.040,4.836,3000
2020-08-26 09:41:11.590,4.836,100
2020-08-26 09:41:13.200,4.834,20000
2020-08-26 09:41:14.080,4.834,500
2020-08-26 09:41:15.270,4.834,200
2020-08-26 09:41:16.440,4.833,5000
2020-08-26 09:41:16.440,4.833,200
2020-08-26 09:41:16.830,4.833,1000
2020-08-26 09:41:17.660,4.833,50000
2020-08-26 09:41:18.640,4.833,4300
2020-08-26 09:41:19.480,4.833,6400
2020-08-26 09:41:19.990,4.833,4900
2020-08-26 09:41:20.200,4.833,100
2020-08-26 09:41:20.350,4.833,500
2020-08-26 09:41:23.020,4.833,10000
2020-08-26 09:41:23.270,4.83,9800
2020-08-26 09:41:27.950,4.831,100
2020-08-26 09:41:30.620,4.833,2400
2020-08-26 09:41:30.620,4.83,2600
2020-08-26 09:41:32.480,4.83,500
2020-08-26 09:41:32.570,4.83,10000
2020-08-26 09:41:34.940,4.834,500
2020-08-26 09:41:34.940,4.834,100
2020-08-26 09:41:34.940,4.834,400
2020-08-26 09:41:35.000,4.83,600
2020-08-26 09:41:35.000,4.83,300
2020-08-26 09:41:35.000,4.83,500
2020-08-26 09:41:35.000,4.83,1000
2020-08-26 09:41:35.000,4.83,500
2020-08-26 09:41:35.000,4.83,5000
2020-08-26 09:41:35.000,4.83,2100
2020-08-26 09:41:37.730,4.833,1000
2020-08-26 09:41:37.730,4.834,100
2020-08-26 09:41:37.730,4.835,5800
2020-08-26 09:41:37.730,4.835,9900
2020-08-26 09:41:37.940,4.835,100
2020-08-26 09:41:39.140,4.831,100
2020-08-26 09:41:39.710,4.831,2500
2020-08-26 09:41:40.750,4.831,1000
2020-08-26 09:41:41.710,4.833,1900
2020-08-26 09:41:44.810,4.833,100
2020-08-26 09:41:46.980,4.833,7000
2020-08-26 09:41:46.980,4.834,15000
2020-08-26 09:41:46.980,4.835,78000
2020-08-26 09:41:48.760,4.832,500
2020-08-26 09:41:49.360,4.832,2500
2020-08-26 09:41:49.360,4.831,500
2020-08-26 09:41:51.940,4.831,1100
2020-08-26 09:41:52.180,4.833,100
2020-08-26 09:41:54.530,4.832,400
2020-08-26 09:41:54.900,4.832,100
2020-08-26 09:41:55.260,4.831,30000
2020-08-26 09:41:57.580,4.832,100
2020-08-26 09:42:04.650,4.832,4400
2020-08-26 09:42:04.650,4.832,100
2020-08-26 09:42:04.650,4.833,900
2020-08-26 09:42:04.650,4.833,800
2020-08-26 09:42:04.650,4.833,100
2020-08-26 09:42:04.650,4.833,2000
2020-08-26 09:42:04.650,4.833,12200
2020-08-26 09:42:06.110,4.831,1000
2020-08-26 09:42:07.280,4.833,9000
2020-08-26 09:42:10.430,4.832,500
2020-08-26 09:42:11.310,4.832,7000
2020-08-26 09:42:13.090,4.831,167900
2020-08-26 09:42:13.090,4.831,22000
2020-08-26 09:42:13.090,4.831,110100
2020-08-26 09:42:14.050,4.831,19900
2020-08-26 09:42:14.050,4.831,600
2020-08-26 09:42:14.490,4.831,40000
2020-08-26 09:42:14.970,4.831,8600
2020-08-26 09:42:15.710,4.831,16800
2020-08-26 09:42:19.620,4.83,4900
2020-08-26 09:42:19.620,4.83,1000
2020-08-26 09:42:19.620,4.83,4100
2020-08-26 09:42:19.810,4.831,5200
2020-08-26 09:42:20.940,4.83,10000
2020-08-26 09:42:22.060,4.831,8900
2020-08-26 09:42:22.060,4.831,4200
2020-08-26 09:42:22.360,4.83,600
2020-08-26 09:42:24.780,4.83,2000
2020-08-26 09:42:25.450,4.831,1100
2020-08-26 09:42:25.450,4.831,2000
2020-08-26 09:42:26.120,4.831,1100
2020-08-26 09:42:26.120,4.831,100
2020-08-26 09:42:26.120,4.83,3300
2020-08-26 09:42:26.120,4.83,500
2020-08-26 09:42:28.370,4.832,100
2020-08-26 09:42:28.370,4.83,600
2020-08-26 09:42:28.370,4.83,600
2020-08-26 09:42:29.030,4.83,200
2020-08-26 09:42:29.060,4.83,100
2020-08-26 09:42:30.490,4.83,200
2020-08-26 09:42:31.320,4.83,300
2020-08-26 09:42:33.850,4.831,1000
2020-08-26 09:42:33.850,4.83,3600
2020-08-26 09:42:33.850,4.83,10000
2020-08-26 09:42:33.850,4.83,1000
2020-08-26 09:42:33.850,4.83,1700
2020-08-26 09:42:33.850,4.83,600
2020-08-26 09:42:33.850,4.83,2400
2020-08-26 09:42:33.850,4.83,400
2020-08-26 09:42:33.850,4.83,19300
2020-08-26 09:42:34.410,4.83,700
2020-08-26 09:42:34.410,4.83,3000
2020-08-26 09:42:35.400,4.83,400
2020-08-26 09:42:36.210,4.83,1500
2020-08-26 09:42:36.680,4.83,500
2020-08-26 09:42:38.770,4.83,6000
2020-08-26 09:42:39.020,4.832,10000
2020-08-26 09:42:41.430,4.833,1600
2020-08-26 09:42:44.960,4.833,19400
2020-08-26 09:42:44.960,4.833,100
2020-08-26 09:42:44.960,4.833,65800
2020-08-26 09:42:44.960,4.833,17500
2020-08-26 09:42:44.960,4.833,100
2020-08-26 09:42:44.960,4.833,4000
2020-08-26 09:42:44.990,4.833,8000
2020-08-26 09:42:45.170,4.833,5800
2020-08-26 09:42:46.980,4.833,10000
2020-08-26 09:42:47.250,4.833,5000
2020-08-26 09:42:48.110,4.833,2100
2020-08-26 09:42:48.260,4.833,3000
2020-08-26 09:42:49.820,4.833,120000
2020-08-26 09:42:50.250,4.833,1000
2020-08-26 09:42:51.470,4.833,1000
2020-08-26 09:42:52.600,4.833,32600
2020-08-26 09:42:53.100,4.833,1500
2020-08-26 09:42:54.150,4.833,3700
2020-08-26 09:42:54.620,4.833,10000
2020-08-26 09:42:55.610,4.833,80000
2020-08-26 09:42:55.960,4.833,7500
2020-08-26 09:42:56.320,4.833,291800
2020-08-26 09:42:56.460,4.833,5200
2020-08-26 09:42:57.500,4.833,33000
2020-08-26 09:42:57.970,4.833,5000
2020-08-26 09:42:59.100,4.833,42000
2020-08-26 09:42:59.190,4.833,4000
2020-08-26 09:42:59.890,4.833,10000
2020-08-26 09:42:59.890,4.833,22200
2020-08-26 09:43:01.070,4.833,188700
2020-08-26 09:43:01.070,4.833,200
2020-08-26 09:43:01.220,4.833,100
2020-08-26 09:43:04.830,4.832,500
2020-08-26 09:43:04.990,4.832,500
2020-08-26 09:43:05.110,4.832,1000
2020-08-26 09:43:07.050,4.83,100
2020-08-26 09:43:07.050,4.83,1000
2020-08-26 09:43:08.020,4.83,100
2020-08-26 09:43:10.350,4.829,100
2020-08-26 09:43:11.440,4.83,5000
2020-08-26 09:43:12.990,4.83,100
2020-08-26 09:43:13.990,4.83,100
2020-08-26 09:43:14.880,4.83,100
2020-08-26 09:43:15.010,4.83,200
2020-08-26 09:43:15.010,4.83,1800
2020-08-26 09:43:18.260,4.829,22800
2020-08-26 09:43:18.260,4.829,400
2020-08-26 09:43:18.260,4.829,10000
2020-08-26 09:43:18.260,4.829,6800
2020-08-26 09:43:18.380,4.829,2000
2020-08-26 09:43:18.410,4.829,900
2020-08-26 09:43:18.440,4.83,200
2020-08-26 09:43:18.440,4.83,1100
2020-08-26 09:43:18.930,4.83,200
2020-08-26 09:43:20.330,4.829,300
2020-08-26 09:43:20.330,4.829,1000
2020-08-26 09:43:20.330,4.829,1000
2020-08-26 09:43:20.330,4.829,1000
2020-08-26 09:43:21.610,4.829,1000
2020-08-26 09:43:24.710,4.829,2000
2020-08-26 09:43:24.900,4.829,100
2020-08-26 09:43:25.650,4.829,500
2020-08-26 09:43:27.670,4.83,1700
2020-08-26 09:43:27.670,4.83,4300
2020-08-26 09:43:27.670,4.83,4200
2020-08-26 09:43:27.670,4.83,1000
2020-08-26 09:43:27.670,4.83,4900
2020-08-26 09:43:27.670,4.831,100
2020-08-26 09:43:27.670,4.831,16800
2020-08-26 09:43:28.800,4.83,3200
2020-08-26 09:43:29.680,4.83,5000
2020-08-26 09:43:30.400,4.83,5000
2020-08-26 09:43:32.830,4.83,5000
2020-08-26 09:43:35.040,4.832,3000
2020-08-26 09:43:35.040,4.832,500
2020-08-26 09:43:35.040,4.832,200
2020-08-26 09:43:35.040,4.832,4100
2020-08-26 09:43:35.040,4.832,22200
2020-08-26 09:43:35.730,4.832,7800
2020-08-26 09:43:35.730,4.832,12000
2020-08-26 09:43:35.950,4.832,200
2020-08-26 09:43:35.950,4.831,24200
2020-08-26 09:43:36.410,4.831,200
2020-08-26 09:43:36.780,4.831,2000
2020-08-26 09:43:36.860,4.832,3500
2020-08-26 09:43:37.040,4.832,26500
2020-08-26 09:43:37.040,4.831,7700
2020-08-26 09:43:37.630,4.832,10000
2020-08-26 09:43:38.050,4.833,80000
2020-08-26 09:43:38.350,4.833,20000
2020-08-26 09:43:38.410,4.832,2200
2020-08-26 09:43:38.410,4.832,300
2020-08-26 09:43:38.850,4.833,7000
2020-08-26 09:43:38.850,4.833,100
2020-08-26 09:43:38.850,4.833,100
2020-08-26 09:43:38.850,4.833,7300
2020-08-26 09:43:39.380,4.832,15000
2020-08-26 09:43:39.440,4.833,2700
2020-08-26 09:43:39.440,4.833,3000
2020-08-26 09:43:39.440,4.833,300
2020-08-26 09:43:39.440,4.833,9600
2020-08-26 09:43:39.440,4.833,600
2020-08-26 09:43:39.440,4.833,3000
2020-08-26 09:43:39.440,4.833,2000
2020-08-26 09:43:39.440,4.833,3000
2020-08-26 09:43:41.450,4.833,500
2020-08-26 09:43:41.690,4.833,200
2020-08-26 09:43:42.090,4.833,2000
2020-08-26 09:43:42.720,4.833,3700
2020-08-26 09:43:43.520,4.833,2100
2020-08-26 09:43:44.210,4.833,7000
2020-08-26 09:43:44.590,4.832,200
2020-08-26 09:43:45.890,4.834,50000
2020-08-26 09:43:45.890,4.834,40000
2020-08-26 09:43:45.890,4.835,2000
2020-08-26 09:43:45.890,4.835,19700
2020-08-26 09:43:45.890,4.835,10000
2020-08-26 09:43:45.890,4.835,1000
2020-08-26 09:43:45.890,4.835,5000
2020-08-26 09:43:45.890,4.835,300
2020-08-26 09:43:45.890,4.835,100
2020-08-26 09:43:45.890,4.835,100
2020-08-26 09:43:45.890,4.835,500
2020-08-26 09:43:45.890,4.835,100
2020-08-26 09:43:45.890,4.835,1200
2020-08-26 09:43:46.000,4.833,100
2020-08-26 09:43:46.000,4.832,100
2020-08-26 09:43:48.470,4.832,1000
2020-08-26 09:43:50.110,4.833,1800
2020-08-26 09:43:50.110,4.835,8800
2020-08-26 09:43:50.110,4.835,4000
2020-08-26 09:43:50.110,4.835,4100
2020-08-26 09:43:50.110,4.835,1000
2020-08-26 09:43:50.110,4.835,5200
2020-08-26 09:43:50.110,4.835,900
2020-08-26 09:43:50.110,4.835,400
2020-08-26 09:43:50.110,4.835,500
2020-08-26 09:43:50.110,4.835,1000
2020-08-26 09:43:50.110,4.835,2100
2020-08-26 09:43:50.110,4.835,15000
2020-08-26 09:43:50.110,4.835,2500
2020-08-26 09:43:50.110,4.835,2700
2020-08-26 09:43:51.100,4.832,4200
2020-08-26 09:43:52.010,4.832,200
2020-08-26 09:43:52.620,4.833,1000
2020-08-26 09:43:52.820,4.833,2000
2020-08-26 09:43:53.480,4.833,10000
2020-08-26 09:43:56.720,4.832,1000
2020-08-26 09:43:56.720,4.832,14200
2020-08-26 09:43:56.720,4.832,800
2020-08-26 09:43:59.600,4.835,300
2020-08-26 09:44:01.320,4.833,100
2020-08-26 09:44:09.210,4.832,200
2020-08-26 09:44:09.210,4.832,1000
2020-08-26 09:44:09.210,4.831,4600
2020-08-26 09:44:09.210,4.83,100
2020-08-26 09:44:09.210,4.83,100
2020-08-26 09:44:09.210,4.83,200
2020-08-26 09:44:09.210,4.83,14900
2020-08-26 09:44:12.810,4.832,600
2020-08-26 09:44:14.310,4.832,200
2020-08-26 09:44:20.080,4.83,1000
2020-08-26 09:44:20.080,4.83,9000
2020-08-26 09:44:20.350,4.832,200
2020-08-26 09:44:20.350,4.832,2000
2020-08-26 09:44:20.350,4.832,2300
2020-08-26 09:44:20.350,4.832,1000
2020-08-26 09:44:20.350,4.832,300
2020-08-26 09:44:20.350,4.832,100
2020-08-26 09:44:20.350,4.832,800
2020-08-26 09:44:20.350,4.832,100
2020-08-26 09:44:20.350,4.833,900
2020-08-26 09:44:20.350,4.833,100
2020-08-26 09:44:20.350,4.833,1000
2020-08-26 09:44:20.350,4.833,10000
2020-08-26 09:44:20.350,4.833,100
2020-08-26 09:44:20.350,4.833,11100
2020-08-26 09:44:21.670,4.832,10000
2020-08-26 09:44:21.670,4.833,30000
2020-08-26 09:44:21.670,4.834,11800
2020-08-26 09:44:23.840,4.831,100
2020-08-26 09:44:23.840,4.83,1000
2020-08-26 09:44:29.100,4.83,10000
2020-08-26 09:44:29.520,4.83,2100
2020-08-26 09:44:29.520,4.83,400
2020-08-26 09:44:29.520,4.83,1000
2020-08-26 09:44:29.520,4.83,10000
2020-08-26 09:44:29.520,4.829,200
2020-08-26 09:44:29.520,4.829,700
2020-08-26 09:44:29.520,4.829,1000
2020-08-26 09:44:29.520,4.829,2500
2020-08-26 09:44:29.520,4.829,500
2020-08-26 09:44:29.830,4.829,500
2020-08-26 09:44:30.300,4.829,1100
2020-08-26 09:44:31.310,4.83,200
2020-08-26 09:44:33.350,4.83,9800
2020-08-26 09:44:33.350,4.83,500
2020-08-26 09:44:36.210,4.83,1500
2020-08-26 09:44:39.160,4.83,200
2020-08-26 09:44:40.070,4.828,200
2020-08-26 09:44:40.070,4.828,5000
2020-08-26 09:44:40.070,4.828,100
2020-08-26 09:44:40.070,4.828,300
2020-08-26 09:44:40.070,4.828,500
2020-08-26 09:44:40.070,4.828,16000
2020-08-26 09:44:40.070,4.828,4900
2020-08-26 09:44:40.070,4.828,700
2020-08-26 09:44:40.070,4.828,200
2020-08-26 09:44:40.070,4.828,10000
2020-08-26 09:44:40.070,4.828,200
2020-08-26 09:44:40.070,4.828,200
2020-08-26 09:44:40.070,4.828,6400
2020-08-26 09:44:41.120,4.828,40000
2020-08-26 09:44:41.810,4.828,200
2020-08-26 09:44:41.900,4.828,5000
2020-08-26 09:44:44.090,4.828,10000
2020-08-26 09:44:44.530,4.827,2000
2020-08-26 09:44:44.530,4.827,2900
2020-08-26 09:44:45.130,4.828,100
2020-08-26 09:44:45.130,4.828,300
2020-08-26 09:44:45.490,4.827,7800
2020-08-26 09:44:45.490,4.827,2000
2020-08-26 09:44:45.490,4.827,1900
2020-08-26 09:44:45.490,4.827,500
2020-08-26 09:44:45.490,4.827,1000
2020-08-26 09:44:45.490,4.827,200
2020-08-26 09:44:45.490,4.826,1100
2020-08-26 09:44:45.810,4.826,1900
2020-08-26 09:44:45.810,4.826,11100
2020-08-26 09:44:45.990,4.828,200
2020-08-26 09:44:46.950,4.827,25000
2020-08-26 09:44:47.700,4.826,2000
2020-08-26 09:44:47.820,4.828,2500
2020-08-26 09:44:47.820,4.828,4200
2020-08-26 09:44:47.820,4.828,600
2020-08-26 09:44:48.330,4.828,1200
2020-08-26 09:44:49.420,4.829,3000
2020-08-26 09:44:50.990,4.829,2300
2020-08-26 09:44:52.680,4.829,600
2020-08-26 09:44:56.170,4.829,34100
2020-08-26 09:44:57.060,4.829,10000
2020-08-26 09:45:00.030,4.827,4200
2020-08-26 09:45:00.500,4.828,800
2020-08-26 09:45:00.500,4.827,25500
2020-08-26 09:45:03.230,4.827,200
2020-08-26 09:45:05.300,4.827,1000
2020-08-26 09:45:11.880,4.829,1500
2020-08-26 09:45:13.560,4.829,5000
2020-08-26 09:45:13.560,4.829,25000
2020-08-26 09:45:13.620,4.829,5000
2020-08-26 09:45:13.620,4.829,300
2020-08-26 09:45:13.620,4.829,700
2020-08-26 09:45:15.320,4.829,1200
2020-08-26 09:45:16.550,4.83,1000
2020-08-26 09:45:16.550,4.83,20000
2020-08-26 09:45:16.550,4.83,2500
2020-08-26 09:45:16.550,4.83,26500
2020-08-26 09:45:16.570,4.829,2800
2020-08-26 09:45:16.570,4.829,200
2020-08-26 09:45:16.570,4.827,7000
2020-08-26 09:45:17.060,4.829,100
2020-08-26 09:45:18.280,4.828,102900
2020-08-26 09:45:18.610,4.829,100
2020-08-26 09:45:18.850,4.83,23500
2020-08-26 09:45:19.660,4.828,2200
2020-08-26 09:45:19.720,4.829,500
2020-08-26 09:45:19.720,4.83,3000
2020-08-26 09:45:19.720,4.831,300
2020-08-26 09:45:19.720,4.831,10000
2020-08-26 09:45:19.720,4.831,1200
2020-08-26 09:45:19.720,4.832,20000
2020-08-26 09:45:19.720,4.832,2000
2020-08-26 09:45:19.720,4.832,4000
2020-08-26 09:45:19.720,4.832,4200
2020-08-26 09:45:20.650,4.829,200
2020-08-26 09:45:20.870,4.829,4000
2020-08-26 09:45:21.600,4.83,21000
2020-08-26 09:45:21.600,4.83,5900
2020-08-26 09:45:22.200,4.83,2900
2020-08-26 09:45:22.780,4.831,4100
2020-08-26 09:45:23.930,4.831,2500
2020-08-26 09:45:24.690,4.831,14400
2020-08-26 09:45:24.690,4.83,50000
2020-08-26 09:45:24.690,4.829,30000
2020-08-26 09:45:24.690,4.829,8400
2020-08-26 09:45:30.280,4.831,100
2020-08-26 09:45:30.340,4.829,1200
2020-08-26 09:45:31.600,4.831,1000
2020-08-26 09:45:36.960,4.829,109200
2020-08-26 09:45:38.380,4.831,100
2020-08-26 09:45:39.870,4.831,100
2020-08-26 09:45:41.830,4.83,4000
2020-08-26 09:45:45.300,4.83,36000
2020-08-26 09:45:45.300,4.83,6000
2020-08-26 09:45:45.460,4.83,4000
2020-08-26 09:45:45.460,4.829,46000
2020-08-26 09:45:46.280,4.829,100
2020-08-26 09:45:49.160,4.829,1000
2020-08-26 09:45:50.650,4.83,600
2020-08-26 09:45:50.650,4.83,8700
2020-08-26 09:45:50.680,4.83,2000
2020-08-26 09:45:51.250,4.83,200
2020-08-26 09:45:53.110,4.83,500
2020-08-26 09:45:53.110,4.831,1700
2020-08-26 09:45:53.110,4.831,1000
2020-08-26 09:45:53.110,4.831,7300
2020-08-26 09:45:57.120,4.83,38000
2020-08-26 09:45:57.120,4.83,7000
2020-08-26 09:46:00.070,4.831,700
2020-08-26 09:46:00.070,4.831,1000
2020-08-26 09:46:00.070,4.831,100
2020-08-26 09:46:00.070,4.831,1000
2020-08-26 09:46:00.070,4.831,300
2020-08-26 09:46:00.070,4.831,14800
2020-08-26 09:46:00.070,4.831,2100
2020-08-26 09:46:00.400,4.831,6800
2020-08-26 09:46:01.880,4.83,11000
2020-08-26 09:46:02.230,4.83,3000
2020-08-26 09:46:03.320,4.83,1000
2020-08-26 09:46:07.290,4.83,6000
2020-08-26 09:46:07.520,4.83,1000
2020-08-26 09:46:08.080,4.83,200
2020-08-26 09:46:08.200,4.83,1000
2020-08-26 09:46:08.300,4.829,4900
2020-08-26 09:46:08.300,4.829,3500
2020-08-26 09:46:08.300,4.829,200
2020-08-26 09:46:08.300,4.829,100
2020-08-26 09:46:08.300,4.829,100
2020-08-26 09:46:08.300,4.829,2100
2020-08-26 09:46:08.300,4.829,100
2020-08-26 09:46:08.300,4.829,200
2020-08-26 09:46:08.300,4.829,10000
2020-08-26 09:46:08.300,4.829,200
2020-08-26 09:46:12.770,4.83,100
2020-08-26 09:46:13.920,4.83,200
2020-08-26 09:46:18.550,4.828,200
2020-08-26 09:46:19.540,4.828,4000
2020-08-26 09:46:19.540,4.828,5000
2020-08-26 09:46:19.540,4.828,10000
2020-08-26 09:46:19.540,4.828,200
2020-08-26 09:46:22.070,4.828,800
2020-08-26 09:46:22.070,4.83,200
2020-08-26 09:46:23.020,4.828,10000
2020-08-26 09:46:23.490,4.828,5000
2020-08-26 09:46:27.500,4.828,100
2020-08-26 09:46:27.870,4.828,500
2020-08-26 09:46:32.400,4.828,4400
2020-08-26 09:46:32.570,4.828,5600
2020-08-26 09:46:32.570,4.827,32200
2020-08-26 09:46:35.750,4.828,1600
2020-08-26 09:46:35.990,4.828,3400
2020-08-26 09:46:36.280,4.828,1200
2020-08-26 09:46:36.910,4.828,2300
2020-08-26 09:46:38.540,4.828,9200
2020-08-26 09:46:38.640,4.828,1500
2020-08-26 09:46:38.850,4.828,1400
2020-08-26 09:46:40.530,4.83,1000
2020-08-26 09:46:41.910,4.828,1000
2020-08-26 09:46:41.910,4.828,400
2020-08-26 09:46:41.910,4.828,200
2020-08-26 09:46:47.970,4.828,2000
2020-08-26 09:46:51.720,4.828,200
2020-08-26 09:46:53.590,4.828,4800
2020-08-26 09:46:53.590,4.828,5200
2020-08-26 09:46:55.880,4.828,1000
2020-08-26 09:46:57.830,4.828,100
2020-08-26 09:47:01.960,4.827,200
2020-08-26 09:47:01.960,4.827,1400
2020-08-26 09:47:01.960,4.827,5000
2020-08-26 09:47:01.960,4.827,8400
2020-08-26 09:47:01.960,4.827,1400
2020-08-26 09:47:01.960,4.827,200
2020-08-26 09:47:01.960,4.827,6000
2020-08-26 09:47:01.960,4.827,100
2020-08-26 09:47:01.960,4.827,79300
2020-08-26 09:47:02.620,4.827,21000
2020-08-26 09:47:04.150,4.828,300
2020-08-26 09:47:05.080,4.828,4600
2020-08-26 09:47:05.080,4.828,1300
2020-08-26 09:47:05.080,4.828,1000
2020-08-26 09:47:05.080,4.828,1000
2020-08-26 09:47:05.080,4.828,2100
2020-08-26 09:47:05.140,4.828,20000
2020-08-26 09:47:05.970,4.828,8100
2020-08-26 09:47:06.330,4.828,200
2020-08-26 09:47:06.420,4.828,7600
2020-08-26 09:47:06.420,4.828,2000
2020-08-26 09:47:06.420,4.828,2000
2020-08-26 09:47:06.420,4.828,200
2020-08-26 09:47:06.420,4.827,1000
2020-08-26 09:47:06.990,4.827,3000
2020-08-26 09:47:08.180,4.829,5000
2020-08-26 09:47:10.010,4.828,3000
2020-08-26 09:47:10.260,4.828,2000
2020-08-26 09:47:11.640,4.83,1400
2020-08-26 09:47:11.640,4.83,2000
2020-08-26 09:47:11.640,4.83,900
2020-08-26 09:47:11.640,4.83,1500
2020-08-26 09:47:11.640,4.83,300
2020-08-26 09:47:11.640,4.83,10000
2020-08-26 09:47:11.640,4.83,5300
2020-08-26 09:47:11.640,4.83,18600
2020-08-26 09:47:14.090,4.83,10000
2020-08-26 09:47:14.140,4.828,3000
2020-08-26 09:47:18.080,4.828,4000
2020-08-26 09:47:19.510,4.83,1400
2020-08-26 09:47:19.510,4.83,1000
2020-08-26 09:47:19.510,4.83,2000
2020-08-26 09:47:19.510,4.83,300
2020-08-26 09:47:19.510,4.83,100
2020-08-26 09:47:22.020,4.83,46900
2020-08-26 09:47:22.850,4.83,500
2020-08-26 09:47:23.120,4.83,2000
2020-08-26 09:47:23.750,4.83,30000
2020-08-26 09:47:23.810,4.83,20000
2020-08-26 09:47:26.480,4.83,10000
2020-08-26 09:47:28.970,4.83,3000
2020-08-26 09:47:29.230,4.831,1100
2020-08-26 09:47:29.230,4.831,900
2020-08-26 09:47:30.430,4.83,10000
2020-08-26 09:47:33.390,4.831,3600
2020-08-26 09:47:33.590,4.83,3000
2020-08-26 09:47:33.890,4.83,2200
2020-08-26 09:47:35.290,4.83,3000
2020-08-26 09:47:35.550,4.831,400
2020-08-26 09:47:36.820,4.831,200
2020-08-26 09:47:37.740,4.83,4900
2020-08-26 09:47:39.790,4.831,4000
2020-08-26 09:47:41.490,4.831,200
2020-08-26 09:47:47.720,4.831,700
2020-08-26 09:47:47.720,4.831,200
2020-08-26 09:47:47.720,4.831,700
2020-08-26 09:47:47.720,4.831,6000
2020-08-26 09:47:47.720,4.831,100
2020-08-26 09:47:47.720,4.831,600
2020-08-26 09:47:47.720,4.831,400
2020-08-26 09:47:47.720,4.831,1300
2020-08-26 09:47:49.320,4.831,1700
2020-08-26 09:47:49.320,4.831,200
2020-08-26 09:47:49.320,4.831,100
2020-08-26 09:47:49.320,4.831,800
2020-08-26 09:47:49.320,4.832,19200
2020-08-26 09:47:49.350,4.83,7000
2020-08-26 09:47:50.530,4.831,100
2020-08-26 09:47:51.740,4.83,100
2020-08-26 09:47:52.670,4.831,200
2020-08-26 09:47:53.290,4.831,6100
2020-08-26 09:47:53.290,4.831,1300
2020-08-26 09:47:53.290,4.83,2600
2020-08-26 09:47:55.480,4.831,1900
2020-08-26 09:47:56.070,4.831,2700
2020-08-26 09:47:57.100,4.831,1400
2020-08-26 09:47:57.480,4.831,4000
2020-08-26 09:47:57.620,4.831,2000
2020-08-26 09:47:58.200,4.831,5400
2020-08-26 09:47:58.650,4.831,500
2020-08-26 09:47:59.980,4.83,2000
2020-08-26 09:48:00.040,4.831,5000
2020-08-26 09:48:01.580,4.831,3100
2020-08-26 09:48:01.670,4.831,200
2020-08-26 09:48:01.730,4.832,300
2020-08-26 09:48:03.620,4.832,400
2020-08-26 09:48:04.470,4.832,100
2020-08-26 09:48:07.590,4.831,700
2020-08-26 09:48:09.050,4.831,10000
2020-08-26 09:48:10.860,4.831,2300
2020-08-26 09:48:11.280,4.831,1000
2020-08-26 09:48:12.370,4.831,200
2020-08-26 09:48:12.670,4.832,1000
2020-08-26 09:48:12.780,4.832,2100
2020-08-26 09:48:13.470,4.832,20000
2020-08-26 09:48:14.310,4.832,2700
2020-08-26 09:48:14.310,4.832,200
2020-08-26 09:48:14.310,4.832,10000
2020-08-26 09:48:14.310,4.832,100
2020-08-26 09:48:14.310,4.832,100
2020-08-26 09:48:14.310,4.832,5000
2020-08-26 09:48:14.310,4.832,5600
2020-08-26 09:48:14.310,4.832,5000
2020-08-26 09:48:14.310,4.832,120000
2020-08-26 09:48:14.310,4.832,1200
2020-08-26 09:48:14.310,4.832,100
2020-08-26 09:48:17.630,4.831,1200
2020-08-26 09:48:21.580,4.831,5000
2020-08-26 09:48:23.550,4.832,1500
2020-08-26 09:48:23.550,4.832,400
2020-08-26 09:48:23.550,4.832,3800
2020-08-26 09:48:23.550,4.833,1000
2020-08-26 09:48:23.550,4.833,10100
2020-08-26 09:48:23.550,4.833,18600
2020-08-26 09:48:23.550,4.833,200
2020-08-26 09:48:23.550,4.833,2000
2020-08-26 09:48:23.550,4.833,200
2020-08-26 09:48:24.830,4.832,1000
2020-08-26 09:48:24.970,4.832,5000
2020-08-26 09:48:26.000,4.832,500
2020-08-26 09:48:26.500,4.831,1200
2020-08-26 09:48:27.360,4.832,100
2020-08-26 09:48:27.390,4.832,200
2020-08-26 09:48:27.420,4.831,14900
2020-08-26 09:48:28.820,4.832,200
2020-08-26 09:48:31.710,4.831,6100
2020-08-26 09:48:35.570,4.831,3000
2020-08-26 09:48:35.630,4.831,100
2020-08-26 09:48:36.690,4.831,7100
2020-08-26 09:48:36.690,4.831,4600
2020-08-26 09:48:36.750,4.832,20000
2020-08-26 09:48:36.860,4.831,100
2020-08-26 09:48:36.860,4.831,1000
2020-08-26 09:48:36.860,4.831,200
2020-08-26 09:48:36.860,4.831,100
2020-08-26 09:48:37.150,4.831,10000
2020-08-26 09:48:37.240,4.831,12000
2020-08-26 09:48:38.580,4.832,100
2020-08-26 09:48:38.720,4.832,500
2020-08-26 09:48:38.720,4.832,3000
2020-08-26 09:48:38.720,4.832,100
2020-08-26 09:48:38.860,4.832,100
2020-08-26 09:48:39.290,4.831,200
2020-08-26 09:48:40.640,4.832,5000
2020-08-26 09:48:41.510,4.831,15000
2020-08-26 09:48:41.720,4.832,1900
2020-08-26 09:48:41.720,4.832,300
2020-08-26 09:48:42.080,4.833,9800
2020-08-26 09:48:42.080,4.833,5000
2020-08-26 09:48:44.520,4.833,1000
2020-08-26 09:48:45.700,4.833,17100
2020-08-26 09:48:47.470,4.834,3000
2020-08-26 09:48:47.470,4.834,200
2020-08-26 09:48:47.470,4.834,400
2020-08-26 09:48:47.470,4.834,400
2020-08-26 09:48:47.470,4.834,400
2020-08-26 09:48:47.470,4.834,100
2020-08-26 09:48:47.470,4.834,400
2020-08-26 09:48:47.470,4.834,5000
2020-08-26 09:48:47.470,4.834,1000
2020-08-26 09:48:47.790,4.835,17000
2020-08-26 09:48:47.790,4.835,15400
2020-08-26 09:48:47.790,4.835,100
2020-08-26 09:48:47.790,4.835,2000
2020-08-26 09:48:47.790,4.835,10000
2020-08-26 09:48:47.790,4.835,300
2020-08-26 09:48:47.790,4.835,2000
2020-08-26 09:48:47.790,4.835,100
2020-08-26 09:48:47.790,4.835,1000
2020-08-26 09:48:47.790,4.835,5000
2020-08-26 09:48:47.790,4.835,10000
2020-08-26 09:48:47.790,4.835,5000
2020-08-26 09:48:47.790,4.835,6800
2020-08-26 09:48:47.790,4.835,5000
2020-08-26 09:48:47.790,4.835,1000
2020-08-26 09:48:47.790,4.835,100
2020-08-26 09:48:47.790,4.835,1000
2020-08-26 09:48:47.790,4.835,5000
2020-08-26 09:48:47.790,4.835,1900
2020-08-26 09:48:47.790,4.835,4900
2020-08-26 09:48:47.790,4.835,1000
2020-08-26 09:48:47.790,4.835,200
2020-08-26 09:48:47.790,4.835,30000
2020-08-26 09:48:47.790,4.835,24000
2020-08-26 09:48:47.790,4.835,5000
2020-08-26 09:48:48.060,4.836,50000
2020-08-26 09:48:48.060,4.836,1000
2020-08-26 09:48:48.060,4.836,2100
2020-08-26 09:48:48.060,4.836,5000
2020-08-26 09:48:48.060,4.836,300
2020-08-26 09:48:48.060,4.836,10000
2020-08-26 09:48:48.060,4.836,500
2020-08-26 09:48:48.060,4.836,5000
2020-08-26 09:48:48.060,4.836,100
2020-08-26 09:48:48.060,4.836,100
2020-08-26 09:48:48.060,4.836,200
2020-08-26 09:48:48.060,4.836,9700
2020-08-26 09:48:48.060,4.836,32000
2020-08-26 09:48:48.060,4.836,100
2020-08-26 09:48:48.060,4.836,1000
2020-08-26 09:48:48.060,4.836,100
2020-08-26 09:48:50.440,4.835,1000
2020-08-26 09:48:50.440,4.835,41000
2020-08-26 09:48:50.440,4.836,2000
2020-08-26 09:48:51.720,4.837,200
2020-08-26 09:48:51.720,4.837,1000
2020-08-26 09:48:51.720,4.837,6000
2020-08-26 09:48:51.720,4.837,2100
2020-08-26 09:48:51.720,4.837,1100
2020-08-26 09:48:51.720,4.837,2000
2020-08-26 09:48:51.720,4.837,600
2020-08-26 09:48:51.720,4.837,44100
2020-08-26 09:48:51.720,4.837,35100
2020-08-26 09:48:51.720,4.837,20000
2020-08-26 09:48:53.210,4.836,12800
2020-08-26 09:48:54.700,4.836,400
2020-08-26 09:48:55.760,4.836,100
2020-08-26 09:48:57.500,4.838,12000
2020-08-26 09:48:59.220,4.837,100
2020-08-26 09:49:04.030,4.838,10000
2020-08-26 09:49:04.030,4.838,500
2020-08-26 09:49:04.030,4.838,9500
2020-08-26 09:49:04.440,4.836,500
2020-08-26 09:49:04.440,4.836,500
2020-08-26 09:49:04.650,4.838,500
2020-08-26 09:49:04.860,4.836,49500
2020-08-26 09:49:04.860,4.836,500
2020-08-26 09:49:05.070,4.838,36600
2020-08-26 09:49:05.070,4.838,100
2020-08-26 09:49:05.070,4.838,100
2020-08-26 09:49:05.070,4.838,2000
2020-08-26 09:49:05.070,4.838,6300
2020-08-26 09:49:05.070,4.838,700
2020-08-26 09:49:05.070,4.838,40000
2020-08-26 09:49:05.070,4.838,300
2020-08-26 09:49:05.070,4.838,1000
2020-08-26 09:49:05.070,4.838,5000
2020-08-26 09:49:05.070,4.838,100
2020-08-26 09:49:05.070,4.838,7800
2020-08-26 09:49:05.100,4.838,2200
2020-08-26 09:49:05.100,4.838,3000
2020-08-26 09:49:05.100,4.838,500
2020-08-26 09:49:05.100,4.838,4000
2020-08-26 09:49:05.100,4.838,8600
2020-08-26 09:49:05.100,4.838,1700
2020-08-26 09:49:06.140,4.838,4300
2020-08-26 09:49:06.140,4.838,10000
2020-08-26 09:49:06.140,4.838,5000
2020-08-26 09:49:06.140,4.838,2000
2020-08-26 09:49:06.140,4.838,5800
2020-08-26 09:49:06.140,4.838,1400
2020-08-26 09:49:06.140,4.838,5000
2020-08-26 09:49:06.140,4.838,2200
2020-08-26 09:49:06.140,4.838,4300
2020-08-26 09:49:07.200,4.838,500
2020-08-26 09:49:07.930,4.836,20000
2020-08-26 09:49:08.880,4.837,100
2020-08-26 09:49:08.880,4.838,35200
2020-08-26 09:49:08.880,4.838,30000
2020-08-26 09:49:08.880,4.838,31800
2020-08-26 09:49:08.880,4.838,1700
2020-08-26 09:49:08.880,4.838,1200
2020-08-26 09:49:08.880,4.838,1000
2020-08-26 09:49:08.880,4.838,100
2020-08-26 09:49:08.880,4.839,300
2020-08-26 09:49:08.880,4.839,10000
2020-08-26 09:49:08.880,4.839,3000
2020-08-26 09:49:08.880,4.839,5000
2020-08-26 09:49:08.880,4.839,4300
2020-08-26 09:49:08.880,4.839,300
2020-08-26 09:49:08.880,4.839,5000
2020-08-26 09:49:08.880,4.839,1000
