Datetime,Price,Volume
2020-08-24 09:25:00.010,3.349,500
2020-08-24 09:25:00.010,3.349,1500
2020-08-24 09:25:00.010,3.349,500
2020-08-24 09:25:00.010,3.349,4400
2020-08-24 09:25:00.010,3.349,500
2020-08-24 09:25:00.010,3.349,2900
2020-08-24 09:25:00.010,3.349,12200
2020-08-24 09:25:00.010,3.349,8300
2020-08-24 09:25:00.010,3.349,1000
2020-08-24 09:25:00.010,3.349,100
2020-08-24 09:25:00.010,3.349,100
2020-08-24 09:25:00.010,3.349,3300
2020-08-24 09:25:00.010,3.349,11200
2020-08-24 09:25:00.010,3.349,100
2020-08-24 09:25:00.010,3.349,3000
2020-08-24 09:25:00.010,3.349,700
2020-08-24 09:25:00.010,3.349,49300
2020-08-24 09:25:00.010,3.349,14900
2020-08-24 09:25:00.010,3.349,24200
2020-08-24 09:25:00.010,3.349,300
2020-08-24 09:25:00.010,3.349,27000
2020-08-24 09:25:00.010,3.349,10000
2020-08-24 09:25:00.010,3.349,10000
2020-08-24 09:25:00.010,3.349,100
2020-08-24 09:25:00.010,3.349,100
2020-08-24 09:25:00.010,3.349,5000
2020-08-24 09:25:00.010,3.349,1000
2020-08-24 09:25:00.010,3.349,22300
2020-08-24 09:25:00.010,3.349,66700
2020-08-24 09:25:00.010,3.349,73300
2020-08-24 09:25:00.010,3.349,18500
2020-08-24 09:25:00.010,3.349,10200
2020-08-24 09:25:00.010,3.349,300
2020-08-24 09:25:00.010,3.349,4000
2020-08-24 09:25:00.010,3.349,7900
2020-08-24 09:25:00.010,3.349,26400
2020-08-24 09:25:00.010,3.349,500
2020-08-24 09:25:00.010,3.349,500
2020-08-24 09:25:00.010,3.349,3000
2020-08-24 09:25:00.010,3.349,20000
2020-08-24 09:25:00.010,3.349,100
2020-08-24 09:25:00.010,3.349,100
2020-08-24 09:25:00.010,3.349,1500
2020-08-24 09:25:00.010,3.349,1800
2020-08-24 09:25:00.010,3.349,600
2020-08-24 09:25:00.010,3.349,500
2020-08-24 09:25:00.010,3.349,200
2020-08-24 09:25:00.010,3.349,100
2020-08-24 09:25:00.010,3.349,1200
2020-08-24 09:25:00.010,3.349,10600
2020-08-24 09:25:00.010,3.349,500
2020-08-24 09:25:00.010,3.349,1300
2020-08-24 09:25:00.010,3.349,400
2020-08-24 09:25:00.010,3.349,2800
2020-08-24 09:25:00.010,3.349,1000
2020-08-24 09:25:00.010,3.349,17300
2020-08-24 09:25:00.010,3.349,8000
2020-08-24 09:25:00.010,3.349,98500
2020-08-24 09:25:00.010,3.349,200
2020-08-24 09:25:00.010,3.349,100
2020-08-24 09:25:00.010,3.349,100
2020-08-24 09:25:00.010,3.349,3000
2020-08-24 09:25:00.010,3.349,300
2020-08-24 09:25:00.010,3.349,2000
2020-08-24 09:25:00.010,3.349,2900
2020-08-24 09:25:00.010,3.349,200
2020-08-24 09:25:00.010,3.349,3000
2020-08-24 09:25:00.010,3.349,100
2020-08-24 09:25:00.010,3.349,142000
2020-08-24 09:25:00.010,3.349,2000
2020-08-24 09:25:00.010,3.349,16500
2020-08-24 09:25:00.010,3.349,3500
2020-08-24 09:25:00.010,3.349,100
2020-08-24 09:25:00.010,3.349,2700
2020-08-24 09:25:00.010,3.349,200
2020-08-24 09:25:00.010,3.349,100
2020-08-24 09:25:00.010,3.349,1200
2020-08-24 09:25:00.010,3.349,100
2020-08-24 09:25:00.010,3.349,12100
2020-08-24 09:25:00.010,3.349,200
2020-08-24 09:25:00.010,3.349,300
2020-08-24 09:25:00.010,3.349,100
2020-08-24 09:25:00.010,3.349,100
2020-08-24 09:25:00.010,3.349,100
2020-08-24 09:25:00.010,3.349,100
2020-08-24 09:25:00.010,3.349,9100
2020-08-24 09:25:00.010,3.349,20000
2020-08-24 09:25:00.010,3.349,5000
2020-08-24 09:25:00.010,3.349,2800
2020-08-24 09:25:00.010,3.349,7600
2020-08-24 09:25:00.010,3.349,8600
2020-08-24 09:25:00.010,3.349,300
2020-08-24 09:25:00.010,3.349,700
2020-08-24 09:25:00.010,3.349,1100
2020-08-24 09:25:00.010,3.349,2500
2020-08-24 09:25:00.010,3.349,400
2020-08-24 09:25:00.010,3.349,6000
2020-08-24 09:25:00.010,3.349,23600
2020-08-24 09:25:00.010,3.349,11100
2020-08-24 09:25:00.010,3.349,5000
2020-08-24 09:25:00.010,3.349,10000
2020-08-24 09:25:00.010,3.349,8400
2020-08-24 09:25:00.010,3.349,700
2020-08-24 09:25:00.010,3.349,32800
2020-08-24 09:25:00.010,3.349,5000
2020-08-24 09:25:00.010,3.349,7700
2020-08-24 09:25:00.010,3.349,1000
2020-08-24 09:25:00.010,3.349,5000
2020-08-24 09:25:00.010,3.349,1000
2020-08-24 09:25:00.010,3.349,100
2020-08-24 09:25:00.010,3.349,300
2020-08-24 09:25:00.010,3.349,10000
2020-08-24 09:25:00.010,3.349,300
2020-08-24 09:25:00.010,3.349,10000
2020-08-24 09:25:00.010,3.349,1000
2020-08-24 09:25:00.010,3.349,5000
2020-08-24 09:25:00.010,3.349,4000
2020-08-24 09:25:00.010,3.349,2300
2020-08-24 09:25:00.010,3.349,11000
2020-08-24 09:25:00.010,3.349,100
2020-08-24 09:25:00.010,3.349,6000
2020-08-24 09:25:00.010,3.349,300
2020-08-24 09:25:00.010,3.349,200
2020-08-24 09:25:00.010,3.349,10000
2020-08-24 09:25:00.010,3.349,500
2020-08-24 09:25:00.010,3.349,200
2020-08-24 09:25:00.010,3.349,1000
2020-08-24 09:25:00.010,3.349,6400
2020-08-24 09:25:00.010,3.349,9700
2020-08-24 09:25:00.010,3.349,500
2020-08-24 09:25:00.010,3.349,8000
2020-08-24 09:25:00.010,3.349,600
2020-08-24 09:25:00.010,3.349,5000
2020-08-24 09:25:00.010,3.349,1200
2020-08-24 09:25:00.010,3.349,1000
2020-08-24 09:25:00.010,3.349,5000
2020-08-24 09:25:00.010,3.349,500
2020-08-24 09:25:00.010,3.349,8000
2020-08-24 09:25:00.010,3.349,2700
2020-08-24 09:25:00.010,3.349,7800
2020-08-24 09:25:00.010,3.349,4100
2020-08-24 09:25:00.010,3.349,1000
2020-08-24 09:25:00.010,3.349,5000
2020-08-24 09:25:00.010,3.349,3800
2020-08-24 09:25:00.010,3.349,10000
2020-08-24 09:25:00.010,3.349,6000
2020-08-24 09:25:00.010,3.349,600
2020-08-24 09:25:00.010,3.349,1000
2020-08-24 09:25:00.010,3.349,1000
2020-08-24 09:25:00.010,3.349,1000
2020-08-24 09:25:00.010,3.349,1500
2020-08-24 09:25:00.010,3.349,300
2020-08-24 09:25:00.010,3.349,14700
2020-08-24 09:25:00.010,3.349,20300
2020-08-24 09:25:00.010,3.349,500
2020-08-24 09:25:00.010,3.349,5000
2020-08-24 09:25:00.010,3.349,11400
2020-08-24 09:25:00.010,3.349,5000
2020-08-24 09:25:00.010,3.349,500
2020-08-24 09:25:00.010,3.349,100
2020-08-24 09:25:00.010,3.349,1000
2020-08-24 09:25:00.010,3.349,6000
2020-08-24 09:25:00.010,3.349,10000
2020-08-24 09:25:00.010,3.349,200
2020-08-24 09:25:00.010,3.349,5000
2020-08-24 09:25:00.010,3.349,500
2020-08-24 09:25:00.010,3.349,500
2020-08-24 09:25:00.010,3.349,4000
2020-08-24 09:25:00.010,3.349,100
2020-08-24 09:25:00.010,3.349,1000
2020-08-24 09:25:00.010,3.349,11000
2020-08-24 09:25:00.010,3.349,100
2020-08-24 09:25:00.010,3.349,100
2020-08-24 09:25:00.010,3.349,5000
2020-08-24 09:25:00.010,3.349,75000
2020-08-24 09:25:00.010,3.349,100
2020-08-24 09:25:00.010,3.349,1000
2020-08-24 09:25:00.010,3.349,300
2020-08-24 09:25:00.010,3.349,6000
2020-08-24 09:25:00.010,3.349,7000
2020-08-24 09:25:00.010,3.349,500
2020-08-24 09:25:00.010,3.349,5000
2020-08-24 09:25:00.010,3.349,2500
2020-08-24 09:25:00.010,3.349,1500
2020-08-24 09:25:00.010,3.349,100
2020-08-24 09:25:00.010,3.349,1000
2020-08-24 09:25:00.010,3.349,300
2020-08-24 09:25:00.010,3.349,500
2020-08-24 09:25:00.010,3.349,200
2020-08-24 09:25:00.010,3.349,5000
2020-08-24 09:25:00.010,3.349,10000
2020-08-24 09:25:00.010,3.349,10000
2020-08-24 09:25:00.010,3.349,4000
2020-08-24 09:25:00.010,3.349,4000
2020-08-24 09:25:00.010,3.349,73700
2020-08-24 09:25:00.010,3.349,1000
2020-08-24 09:25:00.010,3.349,3800
2020-08-24 09:25:00.010,3.349,1000
2020-08-24 09:25:00.010,3.349,100
2020-08-24 09:25:00.010,3.349,1000
2020-08-24 09:25:00.010,3.349,20000
2020-08-24 09:25:00.010,3.349,6000
2020-08-24 09:25:00.010,3.349,200
2020-08-24 09:25:00.010,3.349,5000
2020-08-24 09:25:00.010,3.349,9000
2020-08-24 09:25:00.010,3.349,100
2020-08-24 09:25:00.010,3.349,5000
2020-08-24 09:25:00.010,3.349,500
2020-08-24 09:25:00.010,3.349,100
2020-08-24 09:25:00.010,3.349,1000
2020-08-24 09:25:00.010,3.349,200
2020-08-24 09:25:00.010,3.349,100
2020-08-24 09:25:00.010,3.349,5400
2020-08-24 09:30:00.030,3.345,2000
2020-08-24 09:30:00.030,3.345,30000
2020-08-24 09:30:00.030,3.345,13700
2020-08-24 09:30:00.030,3.345,18700
2020-08-24 09:30:00.190,3.349,4600
2020-08-24 09:30:00.190,3.349,1000
2020-08-24 09:30:00.190,3.349,5000
2020-08-24 09:30:00.190,3.349,3100
2020-08-24 09:30:00.190,3.349,48000
2020-08-24 09:30:00.190,3.349,1500
2020-08-24 09:30:00.190,3.349,15100
2020-08-24 09:30:00.190,3.349,8000
2020-08-24 09:30:00.260,3.35,3000
2020-08-24 09:30:00.260,3.35,100
2020-08-24 09:30:00.260,3.35,600
2020-08-24 09:30:00.260,3.35,20000
2020-08-24 09:30:00.260,3.35,1000
2020-08-24 09:30:00.260,3.35,1900
2020-08-24 09:30:00.260,3.35,2000
2020-08-24 09:30:00.260,3.35,2300
2020-08-24 09:30:00.260,3.35,11000
2020-08-24 09:30:00.260,3.35,100
2020-08-24 09:30:00.260,3.35,300
2020-08-24 09:30:00.260,3.35,6000
2020-08-24 09:30:00.260,3.35,2000
2020-08-24 09:30:00.260,3.35,1000
2020-08-24 09:30:00.260,3.35,1500
2020-08-24 09:30:00.260,3.35,10000
2020-08-24 09:30:00.260,3.35,5000
2020-08-24 09:30:00.260,3.35,10000
2020-08-24 09:30:00.260,3.35,2000
2020-08-24 09:30:00.260,3.35,10000
2020-08-24 09:30:00.260,3.35,300
2020-08-24 09:30:00.260,3.351,600
2020-08-24 09:30:00.260,3.351,1000
2020-08-24 09:30:00.260,3.351,200
2020-08-24 09:30:00.260,3.351,500
2020-08-24 09:30:00.260,3.351,2500
2020-08-24 09:30:00.260,3.351,500
2020-08-24 09:30:00.260,3.351,5000
2020-08-24 09:30:00.260,3.351,4100
2020-08-24 09:30:00.260,3.352,1000
2020-08-24 09:30:00.260,3.352,6000
2020-08-24 09:30:00.260,3.352,4000
2020-08-24 09:30:00.260,3.352,200
2020-08-24 09:30:00.260,3.352,5000
2020-08-24 09:30:00.260,3.352,100
2020-08-24 09:30:00.260,3.352,1000
2020-08-24 09:30:00.260,3.352,5800
2020-08-24 09:30:00.260,3.353,1800
2020-08-24 09:30:00.260,3.353,10000
2020-08-24 09:30:00.260,3.353,200
2020-08-24 09:30:00.260,3.353,100
2020-08-24 09:30:00.260,3.353,5000
2020-08-24 09:30:00.260,3.353,1000
2020-08-24 09:30:00.260,3.353,200
2020-08-24 09:30:00.260,3.353,3000
2020-08-24 09:30:00.260,3.353,6000
2020-08-24 09:30:00.260,3.353,5000
2020-08-24 09:30:00.260,3.353,24000
2020-08-24 09:30:00.260,3.353,1500
2020-08-24 09:30:00.260,3.353,5800
2020-08-24 09:30:00.260,3.354,500
2020-08-24 09:30:00.260,3.354,100
2020-08-24 09:30:00.260,3.354,1000
2020-08-24 09:30:00.260,3.354,300
2020-08-24 09:30:00.260,3.354,6000
2020-08-24 09:30:00.260,3.354,10000
2020-08-24 09:30:00.260,3.354,500
2020-08-24 09:30:00.260,3.354,200
2020-08-24 09:30:00.260,3.354,5000
2020-08-24 09:30:00.260,3.355,100
2020-08-24 09:30:00.260,3.355,1000
2020-08-24 09:30:00.260,3.355,1500
2020-08-24 09:30:00.260,3.355,200
2020-08-24 09:30:00.260,3.355,100
2020-08-24 09:30:00.260,3.355,1200
2020-08-24 09:30:00.260,3.355,10000
2020-08-24 09:30:00.260,3.355,5000
2020-08-24 09:30:00.260,3.355,9000
2020-08-24 09:30:00.260,3.355,24000
2020-08-24 09:30:00.260,3.355,1500
2020-08-24 09:30:00.260,3.355,4000
2020-08-24 09:30:00.260,3.355,200
2020-08-24 09:30:00.260,3.356,100
2020-08-24 09:30:00.260,3.356,1000
2020-08-24 09:30:00.260,3.356,300
2020-08-24 09:30:00.260,3.356,20000
2020-08-24 09:30:00.260,3.356,58000
2020-08-24 09:30:00.260,3.356,2000
2020-08-24 09:30:00.260,3.356,11000
2020-08-24 09:30:00.260,3.356,6000
2020-08-24 09:30:00.260,3.356,500
2020-08-24 09:30:00.260,3.356,200
2020-08-24 09:30:00.260,3.356,5000
2020-08-24 09:30:00.260,3.356,24000
2020-08-24 09:30:00.260,3.356,10000
2020-08-24 09:30:00.260,3.357,100
2020-08-24 09:30:00.260,3.357,1000
2020-08-24 09:30:00.260,3.357,3000
2020-08-24 09:30:00.260,3.357,300
2020-08-24 09:30:00.260,3.357,100
2020-08-24 09:30:00.260,3.357,5000
2020-08-24 09:30:00.260,3.357,10000
2020-08-24 09:30:00.260,3.357,24000
2020-08-24 09:30:00.260,3.358,1000
2020-08-24 09:30:00.260,3.358,10000
2020-08-24 09:30:00.260,3.358,100
2020-08-24 09:30:00.260,3.358,1000
2020-08-24 09:30:00.260,3.358,3000
2020-08-24 09:30:00.260,3.358,6000
2020-08-24 09:30:00.260,3.358,100
2020-08-24 09:30:00.260,3.358,500
2020-08-24 09:30:00.260,3.358,5000
2020-08-24 09:30:00.260,3.358,5300
2020-08-24 09:30:00.260,3.359,1500
2020-08-24 09:30:00.260,3.359,10000
2020-08-24 09:30:00.260,3.359,5000
2020-08-24 09:30:00.260,3.359,500
2020-08-24 09:30:00.260,3.359,1000
2020-08-24 09:30:00.260,3.359,3000
2020-08-24 09:30:00.260,3.359,30900
2020-08-24 09:30:00.260,3.359,200
2020-08-24 09:30:00.260,3.359,100
2020-08-24 09:30:00.260,3.359,10000
2020-08-24 09:30:00.260,3.359,1500
2020-08-24 09:30:00.260,3.359,1000
2020-08-24 09:30:00.260,3.359,5000
2020-08-24 09:30:00.260,3.359,3500
2020-08-24 09:30:00.260,3.359,1000
2020-08-24 09:30:00.260,3.359,2500
2020-08-24 09:30:00.260,3.36,10000
2020-08-24 09:30:00.260,3.36,2000
2020-08-24 09:30:00.260,3.36,10000
2020-08-24 09:30:00.260,3.36,1000
2020-08-24 09:30:00.260,3.36,4000
2020-08-24 09:30:00.260,3.36,400
2020-08-24 09:30:00.260,3.36,2300
2020-08-24 09:30:00.260,3.36,1000
2020-08-24 09:30:00.260,3.36,1500
2020-08-24 09:30:00.260,3.36,100
2020-08-24 09:30:00.260,3.36,6000
2020-08-24 09:30:00.260,3.36,10000
2020-08-24 09:30:00.260,3.36,200
2020-08-24 09:30:00.260,3.36,10000
2020-08-24 09:30:00.260,3.36,2000
2020-08-24 09:30:00.260,3.36,3500
2020-08-24 09:30:00.260,3.36,5000
2020-08-24 09:30:00.260,3.36,3000
2020-08-24 09:30:00.260,3.36,3500
2020-08-24 09:30:00.260,3.36,2000
2020-08-24 09:30:00.260,3.36,10000
2020-08-24 09:30:00.260,3.36,200
2020-08-24 09:30:00.260,3.361,600
2020-08-24 09:30:00.260,3.361,1000
2020-08-24 09:30:00.260,3.361,1400
2020-08-24 09:30:00.260,3.361,300
2020-08-24 09:30:00.260,3.361,3000
2020-08-24 09:30:00.260,3.361,500
2020-08-24 09:30:00.260,3.361,500
2020-08-24 09:30:00.260,3.361,200
2020-08-24 09:30:00.260,3.362,1000
2020-08-24 09:30:00.260,3.362,300
2020-08-24 09:30:00.260,3.362,6000
2020-08-24 09:30:00.260,3.362,3000
2020-08-24 09:30:00.260,3.362,600
2020-08-24 09:30:00.260,3.363,5000
2020-08-24 09:30:00.260,3.363,5000
2020-08-24 09:30:00.260,3.363,1000
2020-08-24 09:30:00.260,3.363,1000
2020-08-24 09:30:00.260,3.363,200
2020-08-24 09:30:00.260,3.363,2000
2020-08-24 09:30:00.260,3.363,9000
2020-08-24 09:30:00.260,3.363,23500
2020-08-24 09:30:00.290,3.363,50000
2020-08-24 09:30:00.290,3.363,10000
2020-08-24 09:30:00.330,3.363,200
2020-08-24 09:30:00.330,3.363,100
2020-08-24 09:30:00.330,3.363,20000
2020-08-24 09:30:00.380,3.363,15000
2020-08-24 09:30:00.380,3.363,3500
2020-08-24 09:30:00.380,3.363,4000
2020-08-24 09:30:00.510,3.363,200
2020-08-24 09:30:00.560,3.363,1000
2020-08-24 09:30:00.650,3.363,100
2020-08-24 09:30:00.650,3.363,100
2020-08-24 09:30:00.650,3.363,5000
2020-08-24 09:30:00.650,3.363,100
2020-08-24 09:30:00.650,3.363,100
2020-08-24 09:30:00.690,3.35,1000
2020-08-24 09:30:00.690,3.35,500
2020-08-24 09:30:00.740,3.35,700
2020-08-24 09:30:00.780,3.352,200
2020-08-24 09:30:00.880,3.352,100
2020-08-24 09:30:00.940,3.355,400
2020-08-24 09:30:00.940,3.355,600
2020-08-24 09:30:00.940,3.352,2000
2020-08-24 09:30:00.940,3.352,200
2020-08-24 09:30:01.030,3.352,10000
2020-08-24 09:30:01.030,3.352,10000
2020-08-24 09:30:01.030,3.352,500
2020-08-24 09:30:01.030,3.352,300
2020-08-24 09:30:01.030,3.353,100
2020-08-24 09:30:01.030,3.353,5000
2020-08-24 09:30:01.030,3.353,10000
2020-08-24 09:30:01.120,3.353,5000
2020-08-24 09:30:01.120,3.353,3000
2020-08-24 09:30:01.260,3.353,20000
2020-08-24 09:30:01.350,3.353,30000
2020-08-24 09:30:01.380,3.353,100
2020-08-24 09:30:01.430,3.353,200
2020-08-24 09:30:01.430,3.353,21500
2020-08-24 09:30:01.480,3.353,246900
2020-08-24 09:30:01.480,3.353,2500
2020-08-24 09:30:01.480,3.353,32300
2020-08-24 09:30:01.480,3.353,6000
2020-08-24 09:30:01.530,3.353,61500
2020-08-24 09:30:01.530,3.353,10000
2020-08-24 09:30:01.610,3.353,200
2020-08-24 09:30:01.660,3.353,21500
2020-08-24 09:30:01.660,3.353,100
2020-08-24 09:30:01.660,3.353,100
2020-08-24 09:30:01.730,3.354,3100
2020-08-24 09:30:01.730,3.356,6900
2020-08-24 09:30:01.730,3.353,5000
2020-08-24 09:30:01.730,3.353,1500
2020-08-24 09:30:01.730,3.353,1000
2020-08-24 09:30:01.730,3.353,4200
2020-08-24 09:30:01.820,3.353,5000
2020-08-24 09:30:01.920,3.353,1000
2020-08-24 09:30:01.920,3.353,10000
2020-08-24 09:30:01.920,3.354,20600
2020-08-24 09:30:01.920,3.354,1000
2020-08-24 09:30:02.010,3.354,6000
2020-08-24 09:30:02.100,3.354,100
2020-08-24 09:30:02.100,3.354,2700
2020-08-24 09:30:02.100,3.354,2000
2020-08-24 09:30:02.140,3.354,18700
2020-08-24 09:30:02.200,3.354,500
2020-08-24 09:30:02.300,3.354,20000
2020-08-24 09:30:02.330,3.354,10000
2020-08-24 09:30:02.330,3.354,20000
2020-08-24 09:30:02.370,3.354,20000
2020-08-24 09:30:02.810,3.354,5000
2020-08-24 09:30:02.810,3.354,10000
2020-08-24 09:30:02.950,3.354,2000
2020-08-24 09:30:02.950,3.354,2600
2020-08-24 09:30:02.950,3.354,2400
2020-08-24 09:30:02.950,3.354,2600
2020-08-24 09:30:03.070,3.354,400
2020-08-24 09:30:03.070,3.354,1000
2020-08-24 09:30:03.150,3.355,6800
2020-08-24 09:30:03.150,3.355,10000
2020-08-24 09:30:03.150,3.355,10000
2020-08-24 09:30:03.150,3.355,500
2020-08-24 09:30:03.240,3.355,1500
2020-08-24 09:30:03.280,3.355,25500
2020-08-24 09:30:03.460,3.355,5000
2020-08-24 09:30:03.510,3.356,3100
2020-08-24 09:30:03.510,3.356,2300
2020-08-24 09:30:03.510,3.356,10000
2020-08-24 09:30:03.510,3.356,20000
2020-08-24 09:30:03.510,3.356,1000
2020-08-24 09:30:03.510,3.357,6000
2020-08-24 09:30:03.510,3.357,257600
2020-08-24 09:30:03.510,3.355,242400
2020-08-24 09:30:03.510,3.355,10000
2020-08-24 09:30:03.510,3.355,11000
2020-08-24 09:30:03.540,3.358,1000
2020-08-24 09:30:03.540,3.358,2000
2020-08-24 09:30:03.540,3.358,100
2020-08-24 09:30:03.540,3.358,2700
2020-08-24 09:30:03.540,3.358,2000
2020-08-24 09:30:03.540,3.358,1000
2020-08-24 09:30:03.540,3.359,4700
2020-08-24 09:30:03.590,3.355,600
2020-08-24 09:30:03.590,3.355,58600
2020-08-24 09:30:03.630,3.355,10700
2020-08-24 09:30:03.750,3.359,200
2020-08-24 09:30:03.780,3.359,15000
2020-08-24 09:30:03.780,3.356,100
2020-08-24 09:30:03.900,3.356,3600
2020-08-24 09:30:03.920,3.356,2200
2020-08-24 09:30:04.020,3.357,2000
2020-08-24 09:30:04.250,3.357,3200
2020-08-24 09:30:04.250,3.357,400
2020-08-24 09:30:04.250,3.357,20000
2020-08-24 09:30:04.380,3.357,2000
2020-08-24 09:30:04.380,3.357,1000
2020-08-24 09:30:04.430,3.357,3100
2020-08-24 09:30:04.430,3.357,100
2020-08-24 09:30:04.430,3.357,10000
2020-08-24 09:30:04.430,3.357,200
2020-08-24 09:30:04.430,3.357,10000
2020-08-24 09:30:04.510,3.357,50400
2020-08-24 09:30:04.510,3.356,294100
2020-08-24 09:30:04.510,3.355,55500
2020-08-24 09:30:04.680,3.356,1000
2020-08-24 09:30:04.680,3.356,3100
2020-08-24 09:30:04.810,3.356,5000
2020-08-24 09:30:04.810,3.356,300
2020-08-24 09:30:04.850,3.356,3000
2020-08-24 09:30:05.010,3.356,3100
2020-08-24 09:30:05.050,3.356,100
2020-08-24 09:30:05.120,3.356,1400
2020-08-24 09:30:05.260,3.356,3100
2020-08-24 09:30:05.340,3.356,20000
2020-08-24 09:30:05.340,3.356,400
2020-08-24 09:30:05.610,3.356,500
2020-08-24 09:30:05.640,3.356,2500
2020-08-24 09:30:05.640,3.356,100
2020-08-24 09:30:05.790,3.356,20600
2020-08-24 09:30:05.790,3.356,50000
2020-08-24 09:30:05.850,3.356,20000
2020-08-24 09:30:05.890,3.357,500
2020-08-24 09:30:05.890,3.358,2500
2020-08-24 09:30:05.940,3.356,1200
2020-08-24 09:30:05.940,3.356,30000
2020-08-24 09:30:06.040,3.356,2100
2020-08-24 09:30:06.110,3.356,1800
2020-08-24 09:30:06.300,3.358,1500
2020-08-24 09:30:06.300,3.358,100
2020-08-24 09:30:06.380,3.359,5000
2020-08-24 09:30:06.380,3.358,800
2020-08-24 09:30:06.410,3.358,5000
2020-08-24 09:30:06.450,3.358,100
2020-08-24 09:30:06.760,3.358,3000
2020-08-24 09:30:06.850,3.359,11600
2020-08-24 09:30:06.850,3.358,49600
2020-08-24 09:30:06.850,3.356,25400
2020-08-24 09:30:06.850,3.356,100000
2020-08-24 09:30:06.890,3.356,300
2020-08-24 09:30:06.890,3.356,100000
2020-08-24 09:30:06.920,3.356,10000
2020-08-24 09:30:06.960,3.357,8000
2020-08-24 09:30:07.000,3.356,2100
2020-08-24 09:30:07.110,3.356,2000
2020-08-24 09:30:07.250,3.356,300
2020-08-24 09:30:07.330,3.356,1000
2020-08-24 09:30:07.480,3.356,16300
2020-08-24 09:30:07.510,3.356,10000
2020-08-24 09:30:07.540,3.356,3000
2020-08-24 09:30:07.690,3.356,1000
2020-08-24 09:30:07.690,3.356,12000
2020-08-24 09:30:07.880,3.356,100000
2020-08-24 09:30:07.880,3.356,100000
2020-08-24 09:30:07.880,3.356,12500
2020-08-24 09:30:07.880,3.356,10000
2020-08-24 09:30:07.940,3.356,10200
2020-08-24 09:30:07.940,3.356,37900
2020-08-24 09:30:07.940,3.356,15000
2020-08-24 09:30:08.020,3.356,5000
2020-08-24 09:30:08.290,3.357,600
2020-08-24 09:30:08.370,3.356,20000
2020-08-24 09:30:08.400,3.356,2000
2020-08-24 09:30:08.440,3.357,1600
2020-08-24 09:30:08.560,3.356,2900
2020-08-24 09:30:08.600,3.356,28600
2020-08-24 09:30:08.740,3.356,400
2020-08-24 09:30:08.770,3.356,1000
2020-08-24 09:30:08.910,3.356,20000
2020-08-24 09:30:08.990,3.357,30000
2020-08-24 09:30:09.120,3.356,12000
2020-08-24 09:30:09.460,3.357,4400
2020-08-24 09:30:09.920,3.357,55400
2020-08-24 09:30:09.920,3.357,44600
2020-08-24 09:30:10.480,3.356,69800
2020-08-24 09:30:11.600,3.357,55400
2020-08-24 09:30:11.600,3.357,102800
2020-08-24 09:30:11.600,3.357,100
2020-08-24 09:30:11.920,3.358,3000
2020-08-24 09:30:12.300,3.356,4500
2020-08-24 09:30:12.470,3.355,3000
2020-08-24 09:30:12.470,3.354,15000
2020-08-24 09:30:12.470,3.353,32000
2020-08-24 09:30:12.620,3.353,5000
2020-08-24 09:30:13.040,3.353,13000
2020-08-24 09:30:13.040,3.353,8900
2020-08-24 09:30:13.040,3.353,1500
2020-08-24 09:30:13.040,3.352,23500
2020-08-24 09:30:13.070,3.352,700
2020-08-24 09:30:13.380,3.352,15300
2020-08-24 09:30:13.740,3.352,1200
2020-08-24 09:30:14.000,3.352,30000
2020-08-24 09:30:14.090,3.353,2000
2020-08-24 09:30:14.150,3.353,20000
2020-08-24 09:30:14.460,3.353,600
2020-08-24 09:30:14.900,3.355,35000
2020-08-24 09:30:15.050,3.352,500
2020-08-24 09:30:15.110,3.352,300
2020-08-24 09:30:15.210,3.356,15500
2020-08-24 09:30:15.210,3.356,24500
2020-08-24 09:30:15.210,3.356,25500
2020-08-24 09:30:15.210,3.356,10000
2020-08-24 09:30:15.210,3.356,4500
2020-08-24 09:30:15.350,3.356,1500
2020-08-24 09:30:15.350,3.356,1700
2020-08-24 09:30:15.350,3.356,20000
2020-08-24 09:30:15.350,3.357,3600
2020-08-24 09:30:15.350,3.358,400
2020-08-24 09:30:15.380,3.358,12800
2020-08-24 09:30:15.460,3.357,40000
2020-08-24 09:30:15.460,3.357,30000
2020-08-24 09:30:15.490,3.357,30000
2020-08-24 09:30:15.710,3.355,500
2020-08-24 09:30:15.710,3.356,300
2020-08-24 09:30:15.710,3.357,39200
2020-08-24 09:30:15.850,3.355,10000
2020-08-24 09:30:16.310,3.354,2300
2020-08-24 09:30:16.310,3.356,20000
2020-08-24 09:30:16.310,3.356,7700
2020-08-24 09:30:16.310,3.352,800
2020-08-24 09:30:17.250,3.355,100
2020-08-24 09:30:17.630,3.355,2800
2020-08-24 09:30:17.790,3.356,92300
2020-08-24 09:30:17.790,3.356,4000
2020-08-24 09:30:17.790,3.356,300
2020-08-24 09:30:17.790,3.356,1000
2020-08-24 09:30:18.040,3.356,400
2020-08-24 09:30:18.190,3.356,1200
2020-08-24 09:30:18.540,3.356,10000
2020-08-24 09:30:18.990,3.356,1400
2020-08-24 09:30:19.020,3.356,2900
2020-08-24 09:30:19.020,3.356,100
2020-08-24 09:30:19.160,3.356,100
2020-08-24 09:30:19.160,3.356,100
2020-08-24 09:30:19.360,3.356,9900
2020-08-24 09:30:19.480,3.356,10000
2020-08-24 09:30:19.480,3.356,4900
2020-08-24 09:30:19.580,3.356,3000
2020-08-24 09:30:19.700,3.357,40000
2020-08-24 09:30:20.080,3.356,10000
2020-08-24 09:30:20.160,3.355,20000
2020-08-24 09:30:20.310,3.356,40000
2020-08-24 09:30:20.310,3.357,15400
2020-08-24 09:30:20.450,3.356,1300
2020-08-24 09:30:20.880,3.355,2900
2020-08-24 09:30:21.400,3.356,20000
2020-08-24 09:30:22.270,3.356,2000
2020-08-24 09:30:22.440,3.357,500
2020-08-24 09:30:22.530,3.356,10000
2020-08-24 09:30:22.570,3.356,10000
2020-08-24 09:30:23.020,3.356,10000
2020-08-24 09:30:23.060,3.356,900
2020-08-24 09:30:23.160,3.356,10000
2020-08-24 09:30:23.530,3.356,200
2020-08-24 09:30:23.530,3.356,6000
2020-08-24 09:30:23.760,3.356,100
2020-08-24 09:30:23.760,3.356,100
2020-08-24 09:30:24.060,3.357,500
2020-08-24 09:30:24.060,3.357,158400
2020-08-24 09:30:24.090,3.356,400
2020-08-24 09:30:24.270,3.356,3300
2020-08-24 09:30:24.430,3.356,500
2020-08-24 09:30:24.780,3.356,14400
2020-08-24 09:30:25.370,3.356,200
2020-08-24 09:30:25.570,3.357,233200
2020-08-24 09:30:25.570,3.357,1000
2020-08-24 09:30:25.570,3.357,1000
2020-08-24 09:30:25.570,3.357,5900
2020-08-24 09:30:25.850,3.357,58900
2020-08-24 09:30:25.850,3.357,1100
2020-08-24 09:30:25.920,3.357,30000
2020-08-24 09:30:26.590,3.356,11900
2020-08-24 09:30:26.590,3.356,3100
2020-08-24 09:30:26.670,3.356,100000
2020-08-24 09:30:27.090,3.358,4500
2020-08-24 09:30:27.090,3.358,5000
2020-08-24 09:30:27.090,3.358,30000
2020-08-24 09:30:27.090,3.358,227200
2020-08-24 09:30:27.090,3.358,100
2020-08-24 09:30:27.090,3.358,5000
2020-08-24 09:30:27.260,3.358,6000
2020-08-24 09:30:27.350,3.358,3000
2020-08-24 09:30:27.350,3.358,1200
2020-08-24 09:30:27.560,3.358,15000
2020-08-24 09:30:28.140,3.358,1000
2020-08-24 09:30:28.380,3.358,2000
2020-08-24 09:30:28.380,3.357,13400
2020-08-24 09:30:28.980,3.357,300
2020-08-24 09:30:28.980,3.357,1700
2020-08-24 09:30:28.980,3.355,1600
2020-08-24 09:30:29.210,3.358,15000
2020-08-24 09:30:29.210,3.359,23500
2020-08-24 09:30:29.210,3.359,10000
2020-08-24 09:30:29.210,3.359,30000
2020-08-24 09:30:29.210,3.359,8800
2020-08-24 09:30:29.210,3.359,5100
2020-08-24 09:30:29.210,3.359,7600
2020-08-24 09:30:29.210,3.359,20000
2020-08-24 09:30:29.210,3.359,2000
2020-08-24 09:30:29.210,3.359,2200
2020-08-24 09:30:29.210,3.359,10000
2020-08-24 09:30:29.210,3.359,98300
2020-08-24 09:30:29.210,3.359,20000
2020-08-24 09:30:29.210,3.359,3000
2020-08-24 09:30:29.290,3.357,700
2020-08-24 09:30:29.430,3.357,7000
2020-08-24 09:30:29.450,3.357,700
2020-08-24 09:30:29.990,3.357,500
2020-08-24 09:30:29.990,3.357,18100
2020-08-24 09:30:30.240,3.357,41800
2020-08-24 09:30:30.680,3.357,2000
2020-08-24 09:30:31.240,3.358,1000
2020-08-24 09:30:31.240,3.358,1000
2020-08-24 09:30:31.240,3.358,20000
2020-08-24 09:30:31.240,3.359,30000
2020-08-24 09:30:31.240,3.359,500
2020-08-24 09:30:31.240,3.359,13100
2020-08-24 09:30:31.240,3.359,1500
2020-08-24 09:30:31.240,3.359,7000
2020-08-24 09:30:31.240,3.36,3900
2020-08-24 09:30:31.240,3.36,10000
2020-08-24 09:30:31.240,3.36,1000
2020-08-24 09:30:31.240,3.36,500
2020-08-24 09:30:31.240,3.36,20000
2020-08-24 09:30:31.240,3.36,1600
2020-08-24 09:30:31.240,3.36,100
2020-08-24 09:30:31.240,3.36,2700
2020-08-24 09:30:31.240,3.36,500
2020-08-24 09:30:31.240,3.36,1000
2020-08-24 09:30:31.240,3.36,100000
2020-08-24 09:30:31.240,3.36,84600
2020-08-24 09:30:31.910,3.358,5000
2020-08-24 09:30:32.590,3.358,700
2020-08-24 09:30:32.640,3.358,100
2020-08-24 09:30:32.850,3.358,500
2020-08-24 09:30:32.930,3.358,20000
2020-08-24 09:30:33.010,3.358,7000
2020-08-24 09:30:33.040,3.358,5000
2020-08-24 09:30:33.450,3.359,6000
2020-08-24 09:30:34.020,3.359,1000
2020-08-24 09:30:34.050,3.359,9900
2020-08-24 09:30:34.090,3.359,6000
2020-08-24 09:30:34.270,3.36,900
2020-08-24 09:30:34.730,3.359,5000
2020-08-24 09:30:35.180,3.359,4000
2020-08-24 09:30:36.090,3.359,100
2020-08-24 09:30:36.210,3.359,8000
2020-08-24 09:30:36.710,3.359,100
2020-08-24 09:30:36.920,3.359,200
2020-08-24 09:30:36.990,3.36,1000
2020-08-24 09:30:37.130,3.359,100
2020-08-24 09:30:37.130,3.359,4900
2020-08-24 09:30:37.340,3.359,2000
2020-08-24 09:30:38.530,3.359,10000
2020-08-24 09:30:38.530,3.359,2100
2020-08-24 09:30:38.530,3.359,100
2020-08-24 09:30:38.530,3.358,100
2020-08-24 09:30:39.090,3.358,1000
2020-08-24 09:30:39.110,3.358,1500
2020-08-24 09:30:39.740,3.358,1000
2020-08-24 09:30:40.460,3.359,100
2020-08-24 09:30:40.460,3.359,2600
2020-08-24 09:30:40.460,3.36,13500
2020-08-24 09:30:40.460,3.36,100
2020-08-24 09:30:40.460,3.36,200
2020-08-24 09:30:40.460,3.36,3000
2020-08-24 09:30:40.460,3.36,180500
2020-08-24 09:30:40.640,3.358,5000
2020-08-24 09:30:41.390,3.359,100
2020-08-24 09:30:41.390,3.36,119500
2020-08-24 09:30:41.390,3.36,300
2020-08-24 09:30:41.390,3.36,5000
2020-08-24 09:30:41.390,3.36,5000
2020-08-24 09:30:41.390,3.36,300
2020-08-24 09:30:41.390,3.36,20000
2020-08-24 09:30:41.900,3.36,3000
2020-08-24 09:30:42.070,3.36,200
2020-08-24 09:30:42.070,3.36,300
2020-08-24 09:30:42.680,3.36,5000
2020-08-24 09:30:42.870,3.36,25400
2020-08-24 09:30:43.330,3.36,400
2020-08-24 09:30:43.660,3.36,120400
2020-08-24 09:30:43.740,3.361,5000
2020-08-24 09:30:43.740,3.361,35000
2020-08-24 09:30:43.940,3.36,70000
2020-08-24 09:30:43.940,3.36,30000
2020-08-24 09:30:44.080,3.36,5000
2020-08-24 09:30:44.950,3.36,20000
2020-08-24 09:30:45.360,3.36,4200
2020-08-24 09:30:45.920,3.36,10000
2020-08-24 09:30:45.920,3.36,17100
2020-08-24 09:30:45.960,3.36,600
2020-08-24 09:30:46.360,3.36,5000
2020-08-24 09:30:46.380,3.36,2000
2020-08-24 09:30:46.470,3.36,10000
2020-08-24 09:30:46.880,3.36,1000
2020-08-24 09:30:47.080,3.36,8000
2020-08-24 09:30:47.880,3.36,3000
2020-08-24 09:30:48.660,3.36,3000
2020-08-24 09:30:49.200,3.361,65000
2020-08-24 09:30:49.200,3.361,100
2020-08-24 09:30:49.200,3.361,100
2020-08-24 09:30:49.200,3.361,6500
2020-08-24 09:30:49.200,3.361,20000
2020-08-24 09:30:49.340,3.361,10600
2020-08-24 09:30:49.660,3.361,2000
2020-08-24 09:30:49.950,3.361,300
2020-08-24 09:30:50.500,3.361,37600
2020-08-24 09:30:51.350,3.361,15000
2020-08-24 09:30:51.350,3.361,3500
2020-08-24 09:30:51.410,3.361,139300
2020-08-24 09:30:51.410,3.361,10000
2020-08-24 09:30:51.560,3.36,16100
2020-08-24 09:30:51.560,3.36,3900
2020-08-24 09:30:51.990,3.361,10000
2020-08-24 09:30:52.550,3.36,11700
2020-08-24 09:30:52.670,3.361,400
2020-08-24 09:30:53.180,3.36,84700
2020-08-24 09:30:53.180,3.36,5000
2020-08-24 09:30:53.180,3.36,31700
2020-08-24 09:30:53.180,3.36,29700
2020-08-24 09:30:53.690,3.36,40000
2020-08-24 09:30:54.540,3.36,60000
2020-08-24 09:30:54.540,3.36,40000
2020-08-24 09:30:55.560,3.359,1500
2020-08-24 09:30:55.560,3.359,2800
2020-08-24 09:30:56.610,3.36,12900
2020-08-24 09:30:56.610,3.36,3000
2020-08-24 09:30:56.610,3.36,8600
2020-08-24 09:30:56.610,3.36,2000
2020-08-24 09:30:56.610,3.36,10000
2020-08-24 09:30:56.610,3.36,2000
2020-08-24 09:30:56.610,3.36,2400
2020-08-24 09:30:56.610,3.36,10000
2020-08-24 09:30:56.830,3.36,1000
2020-08-24 09:30:57.090,3.361,2100
2020-08-24 09:30:57.460,3.361,300
2020-08-24 09:30:58.400,3.36,2500
2020-08-24 09:30:58.780,3.36,100
2020-08-24 09:30:59.330,3.358,100
2020-08-24 09:30:59.430,3.36,5100
2020-08-24 09:30:59.730,3.359,100
2020-08-24 09:30:59.900,3.359,5200
2020-08-24 09:30:59.900,3.36,10000
2020-08-24 09:30:59.900,3.36,6800
2020-08-24 09:30:59.900,3.36,200
2020-08-24 09:30:59.900,3.361,7800
2020-08-24 09:31:00.250,3.359,200
2020-08-24 09:31:00.250,3.36,100
2020-08-24 09:31:00.250,3.361,5500
2020-08-24 09:31:00.250,3.358,2200
2020-08-24 09:31:00.250,3.358,10000
2020-08-24 09:31:01.450,3.357,300
2020-08-24 09:31:01.450,3.357,700
2020-08-24 09:31:01.470,3.357,9600
2020-08-24 09:31:01.520,3.357,1000
2020-08-24 09:31:01.520,3.358,19000
2020-08-24 09:31:01.780,3.356,43300
2020-08-24 09:31:02.380,3.357,2200
2020-08-24 09:31:02.380,3.358,147900
2020-08-24 09:31:02.590,3.356,35000
2020-08-24 09:31:02.730,3.356,110000
2020-08-24 09:31:02.790,3.358,1000
2020-08-24 09:31:03.020,3.356,1700
2020-08-24 09:31:03.300,3.356,17600
2020-08-24 09:31:04.490,3.357,40000
2020-08-24 09:31:04.880,3.356,2600
2020-08-24 09:31:05.210,3.357,200
2020-08-24 09:31:05.210,3.358,11300
2020-08-24 09:31:05.210,3.358,4000
2020-08-24 09:31:05.350,3.358,200
2020-08-24 09:31:05.530,3.356,6300
2020-08-24 09:31:06.020,3.355,300
2020-08-24 09:31:06.740,3.355,600
2020-08-24 09:31:07.060,3.355,58800
2020-08-24 09:31:07.060,3.355,40000
2020-08-24 09:31:07.060,3.355,15000
2020-08-24 09:31:08.000,3.356,200
2020-08-24 09:31:09.240,3.355,300
2020-08-24 09:31:10.020,3.355,1000
2020-08-24 09:31:10.200,3.353,600
2020-08-24 09:31:11.870,3.355,5000
2020-08-24 09:31:12.080,3.353,500
2020-08-24 09:31:12.150,3.353,200
2020-08-24 09:31:13.580,3.353,22200
2020-08-24 09:31:15.790,3.353,100
2020-08-24 09:31:16.040,3.353,2500
2020-08-24 09:31:16.130,3.355,60000
2020-08-24 09:31:16.180,3.355,12500
2020-08-24 09:31:16.240,3.353,1000
2020-08-24 09:31:16.290,3.353,6000
2020-08-24 09:31:17.870,3.355,200
2020-08-24 09:31:17.870,3.353,27000
2020-08-24 09:31:18.020,3.353,400
2020-08-24 09:31:18.340,3.353,3200
2020-08-24 09:31:18.500,3.353,2200
2020-08-24 09:31:18.560,3.353,3600
2020-08-24 09:31:18.700,3.353,3200
2020-08-24 09:31:20.470,3.355,1500
2020-08-24 09:31:20.750,3.353,15000
2020-08-24 09:31:21.530,3.353,3000
2020-08-24 09:31:22.030,3.353,12000
2020-08-24 09:31:22.030,3.353,38000
2020-08-24 09:31:23.160,3.353,30000
2020-08-24 09:31:24.000,3.353,400
2020-08-24 09:31:24.110,3.353,800
2020-08-24 09:31:24.200,3.353,20000
2020-08-24 09:31:24.300,3.353,5000
2020-08-24 09:31:24.690,3.353,205800
2020-08-24 09:31:24.690,3.353,300000
2020-08-24 09:31:24.690,3.353,1700
2020-08-24 09:31:24.690,3.353,100
2020-08-24 09:31:25.430,3.352,3000
2020-08-24 09:31:25.700,3.353,2000
2020-08-24 09:31:25.840,3.353,3000
2020-08-24 09:31:26.970,3.353,100000
2020-08-24 09:31:26.970,3.353,10000
2020-08-24 09:31:26.970,3.353,90000
2020-08-24 09:31:26.970,3.353,100000
2020-08-24 09:31:26.970,3.353,87400
2020-08-24 09:31:26.970,3.353,2600
2020-08-24 09:31:27.220,3.352,10000
2020-08-24 09:31:27.690,3.353,1000
2020-08-24 09:31:28.980,3.352,20000
2020-08-24 09:31:28.980,3.352,1000
2020-08-24 09:31:28.980,3.352,40000
2020-08-24 09:31:28.980,3.352,1000
2020-08-24 09:31:29.370,3.351,21900
2020-08-24 09:31:29.370,3.351,3000
2020-08-24 09:31:29.370,3.351,600
2020-08-24 09:31:29.370,3.351,1200
2020-08-24 09:31:29.370,3.351,1000
2020-08-24 09:31:29.370,3.351,200
2020-08-24 09:31:29.370,3.351,10000
2020-08-24 09:31:29.370,3.351,500
2020-08-24 09:31:29.370,3.351,6100
2020-08-24 09:31:29.370,3.351,1000
2020-08-24 09:31:29.370,3.351,5000
2020-08-24 09:31:29.370,3.351,5000
2020-08-24 09:31:29.370,3.351,40000
2020-08-24 09:31:29.370,3.351,40000
2020-08-24 09:31:29.370,3.351,40000
2020-08-24 09:31:29.370,3.35,10000
2020-08-24 09:31:29.370,3.35,1500
2020-08-24 09:31:29.370,3.35,30000
2020-08-24 09:31:29.370,3.35,47400
2020-08-24 09:31:29.370,3.35,35600
2020-08-24 09:31:29.540,3.352,200
2020-08-24 09:31:29.920,3.352,70000
2020-08-24 09:31:30.040,3.35,400
2020-08-24 09:31:32.260,3.352,300
2020-08-24 09:31:32.350,3.352,9500
2020-08-24 09:31:32.910,3.352,300
2020-08-24 09:31:32.940,3.352,10000
2020-08-24 09:31:33.080,3.352,5500
2020-08-24 09:31:33.900,3.351,1600
2020-08-24 09:31:34.300,3.351,1000
2020-08-24 09:31:34.300,3.351,8500
2020-08-24 09:31:34.930,3.351,20000
2020-08-24 09:31:35.470,3.352,4200
2020-08-24 09:31:35.470,3.352,2000
2020-08-24 09:31:35.470,3.352,29700
2020-08-24 09:31:35.500,3.352,3700
2020-08-24 09:31:36.000,3.352,3300
2020-08-24 09:31:36.000,3.352,5300
2020-08-24 09:31:36.000,3.352,71400
2020-08-24 09:31:36.060,3.351,500
2020-08-24 09:31:36.510,3.351,400
2020-08-24 09:31:37.880,3.351,2000
2020-08-24 09:31:37.960,3.351,200
2020-08-24 09:31:39.250,3.352,300
2020-08-24 09:31:39.450,3.352,1100
2020-08-24 09:31:39.530,3.351,100
2020-08-24 09:31:39.600,3.352,100000
2020-08-24 09:31:39.600,3.352,10000
2020-08-24 09:31:39.900,3.351,7700
2020-08-24 09:31:39.900,3.351,2000
2020-08-24 09:31:40.110,3.351,10000
2020-08-24 09:31:40.190,3.351,88000
2020-08-24 09:31:41.990,3.351,100000
2020-08-24 09:31:41.990,3.351,10000
2020-08-24 09:31:41.990,3.351,50000
2020-08-24 09:31:41.990,3.351,70000
2020-08-24 09:31:41.990,3.351,10000
2020-08-24 09:31:41.990,3.351,100000
2020-08-24 09:31:41.990,3.351,100000
2020-08-24 09:31:41.990,3.351,10000
2020-08-24 09:31:41.990,3.351,50000
2020-08-24 09:31:41.990,3.35,400
2020-08-24 09:31:42.960,3.35,100
2020-08-24 09:31:43.020,3.351,50000
2020-08-24 09:31:44.980,3.35,6600
2020-08-24 09:31:44.980,3.35,100
2020-08-24 09:31:44.980,3.35,300
2020-08-24 09:31:44.980,3.35,43000
2020-08-24 09:31:45.030,3.351,79200
2020-08-24 09:31:45.030,3.351,400
2020-08-24 09:31:45.030,3.351,20400
2020-08-24 09:31:45.030,3.351,100000
2020-08-24 09:31:45.030,3.351,100000
2020-08-24 09:31:46.050,3.35,7500
2020-08-24 09:31:46.700,3.35,2500
2020-08-24 09:31:46.750,3.35,15900
2020-08-24 09:31:47.070,3.351,1000
2020-08-24 09:31:47.710,3.35,13000
2020-08-24 09:31:47.980,3.351,58600
2020-08-24 09:31:47.980,3.351,10000
2020-08-24 09:31:47.980,3.351,11000
2020-08-24 09:31:47.980,3.351,1000
2020-08-24 09:31:47.980,3.351,15000
2020-08-24 09:31:47.980,3.351,4400
2020-08-24 09:31:47.980,3.351,20000
2020-08-24 09:31:47.980,3.35,20000
2020-08-24 09:31:48.010,3.35,400
2020-08-24 09:31:48.530,3.35,20000
2020-08-24 09:31:48.770,3.35,2100
2020-08-24 09:31:49.840,3.35,3500
2020-08-24 09:31:50.240,3.35,9400
2020-08-24 09:31:51.410,3.35,1000
2020-08-24 09:31:52.310,3.35,11100
2020-08-24 09:31:52.680,3.351,2000
2020-08-24 09:31:52.710,3.35,20000
2020-08-24 09:31:53.560,3.351,100000
2020-08-24 09:31:53.560,3.351,60000
2020-08-24 09:31:54.010,3.35,400
2020-08-24 09:31:54.370,3.351,20000
2020-08-24 09:31:54.580,3.351,20100
2020-08-24 09:31:54.580,3.351,300
2020-08-24 09:31:54.580,3.351,7600
2020-08-24 09:31:54.580,3.351,72000
2020-08-24 09:31:54.580,3.351,10000
2020-08-24 09:31:54.580,3.351,48000
2020-08-24 09:31:54.580,3.351,10000
2020-08-24 09:31:54.580,3.351,600
2020-08-24 09:31:54.580,3.351,1400
2020-08-24 09:31:54.580,3.351,100000
2020-08-24 09:31:55.080,3.351,10000
2020-08-24 09:31:55.080,3.351,30000
2020-08-24 09:31:55.080,3.351,30000
2020-08-24 09:31:55.080,3.351,20000
2020-08-24 09:31:55.130,3.35,3000
2020-08-24 09:31:55.470,3.35,5000
2020-08-24 09:31:55.740,3.35,5600
2020-08-24 09:31:55.930,3.35,20000
2020-08-24 09:31:56.680,3.351,500
2020-08-24 09:31:57.040,3.351,2500
2020-08-24 09:31:57.040,3.351,2000
2020-08-24 09:31:57.040,3.351,25500
2020-08-24 09:31:57.350,3.35,3000
2020-08-24 09:31:57.590,3.35,10000
2020-08-24 09:31:57.880,3.351,4500
2020-08-24 09:31:57.880,3.351,500
2020-08-24 09:31:58.050,3.35,18500
2020-08-24 09:31:58.300,3.35,15100
2020-08-24 09:31:58.300,3.35,9900
2020-08-24 09:31:58.440,3.35,3000
2020-08-24 09:31:58.520,3.35,3500
2020-08-24 09:31:59.040,3.35,10000
2020-08-24 09:31:59.730,3.35,1000
2020-08-24 09:31:59.870,3.35,8800
2020-08-24 09:31:59.870,3.35,6800
2020-08-24 09:31:59.870,3.35,1000
2020-08-24 09:31:59.870,3.35,15000
2020-08-24 09:31:59.870,3.35,34000
2020-08-24 09:31:59.870,3.35,25000
2020-08-24 09:31:59.870,3.35,34400
2020-08-24 09:31:59.870,3.35,25000
2020-08-24 09:32:00.040,3.351,9500
2020-08-24 09:32:00.040,3.351,700
2020-08-24 09:32:00.040,3.351,89800
2020-08-24 09:32:00.040,3.351,50000
2020-08-24 09:32:00.040,3.351,100000
2020-08-24 09:32:00.040,3.35,500
2020-08-24 09:32:00.700,3.351,15000
2020-08-24 09:32:00.820,3.35,11800
2020-08-24 09:32:00.820,3.35,8200
2020-08-24 09:32:01.200,3.35,9300
2020-08-24 09:32:01.200,3.35,2000
2020-08-24 09:32:01.200,3.35,1000
2020-08-24 09:32:01.200,3.35,2000
2020-08-24 09:32:01.200,3.35,1000
2020-08-24 09:32:01.200,3.35,5000
2020-08-24 09:32:01.200,3.35,1300
2020-08-24 09:32:01.200,3.35,40000
2020-08-24 09:32:01.200,3.35,300000
2020-08-24 09:32:01.200,3.35,40000
2020-08-24 09:32:01.200,3.35,10000
2020-08-24 09:32:02.920,3.35,60000
2020-08-24 09:32:03.550,3.35,5700
2020-08-24 09:32:05.930,3.35,80000
2020-08-24 09:32:05.930,3.35,3500
2020-08-24 09:32:05.930,3.35,15000
2020-08-24 09:32:05.930,3.35,61500
2020-08-24 09:32:06.040,3.349,400
2020-08-24 09:32:06.400,3.349,1600
2020-08-24 09:32:06.400,3.349,5000
2020-08-24 09:32:06.400,3.349,100
2020-08-24 09:32:06.400,3.349,20000
2020-08-24 09:32:06.400,3.349,3000
2020-08-24 09:32:06.400,3.349,600
2020-08-24 09:32:06.400,3.349,1800
2020-08-24 09:32:06.690,3.349,8200
2020-08-24 09:32:06.690,3.349,1200
2020-08-24 09:32:06.690,3.349,6000
2020-08-24 09:32:06.690,3.349,400
2020-08-24 09:32:06.690,3.349,10000
2020-08-24 09:32:06.690,3.349,1700
2020-08-24 09:32:06.690,3.349,2700
2020-08-24 09:32:06.690,3.349,10000
2020-08-24 09:32:06.690,3.349,200
2020-08-24 09:32:06.690,3.349,7500
2020-08-24 09:32:06.690,3.349,2000
2020-08-24 09:32:06.690,3.349,3800
2020-08-24 09:32:06.690,3.349,1000
2020-08-24 09:32:06.690,3.349,900
2020-08-24 09:32:06.690,3.349,1300
2020-08-24 09:32:06.690,3.349,18000
2020-08-24 09:32:06.690,3.349,2700
2020-08-24 09:32:06.690,3.349,5000
2020-08-24 09:32:06.690,3.349,6200
2020-08-24 09:32:06.690,3.349,5000
2020-08-24 09:32:06.690,3.349,300
2020-08-24 09:32:06.690,3.349,3000
2020-08-24 09:32:06.690,3.349,1000
2020-08-24 09:32:06.690,3.349,5000
2020-08-24 09:32:06.690,3.349,100
2020-08-24 09:32:06.690,3.349,700
2020-08-24 09:32:06.690,3.349,22000
2020-08-24 09:32:06.690,3.349,30000
2020-08-24 09:32:06.690,3.349,5000
2020-08-24 09:32:06.690,3.349,1500
2020-08-24 09:32:06.690,3.349,1000
2020-08-24 09:32:06.690,3.349,3400
2020-08-24 09:32:06.690,3.349,600
2020-08-24 09:32:06.690,3.349,200
2020-08-24 09:32:06.690,3.349,600
2020-08-24 09:32:06.690,3.349,500
2020-08-24 09:32:06.690,3.349,400
2020-08-24 09:32:06.690,3.349,5000
2020-08-24 09:32:06.690,3.349,100
2020-08-24 09:32:06.690,3.349,10000
2020-08-24 09:32:06.690,3.349,10000
2020-08-24 09:32:06.690,3.349,100
2020-08-24 09:32:06.690,3.349,1100
2020-08-24 09:32:06.690,3.349,20000
2020-08-24 09:32:06.690,3.349,2100
2020-08-24 09:32:06.690,3.349,6100
2020-08-24 09:32:06.690,3.349,1000
2020-08-24 09:32:06.690,3.349,5000
2020-08-24 09:32:06.690,3.349,100
2020-08-24 09:32:07.580,3.348,50000
2020-08-24 09:32:07.580,3.348,300
2020-08-24 09:32:07.580,3.348,500
2020-08-24 09:32:07.580,3.348,1000
2020-08-24 09:32:07.580,3.348,5000
2020-08-24 09:32:07.580,3.348,3200
2020-08-24 09:32:12.140,3.348,250000
2020-08-24 09:32:12.270,3.347,400
2020-08-24 09:32:12.690,3.347,600
2020-08-24 09:32:12.690,3.347,1000
2020-08-24 09:32:13.320,3.347,5100
2020-08-24 09:32:13.320,3.347,20000
2020-08-24 09:32:13.320,3.347,5000
2020-08-24 09:32:13.320,3.347,500
2020-08-24 09:32:13.320,3.347,100
2020-08-24 09:32:13.320,3.347,10000
2020-08-24 09:32:13.320,3.347,10000
2020-08-24 09:32:14.370,3.346,9300
2020-08-24 09:32:14.370,3.346,700
2020-08-24 09:32:14.770,3.346,900
2020-08-24 09:32:14.770,3.346,3000
2020-08-24 09:32:14.770,3.346,3900
2020-08-24 09:32:14.770,3.346,1000
2020-08-24 09:32:14.770,3.346,10000
2020-08-24 09:32:14.770,3.346,100
2020-08-24 09:32:14.770,3.346,5000
2020-08-24 09:32:14.770,3.346,10000
2020-08-24 09:32:14.770,3.346,40000
2020-08-24 09:32:14.770,3.346,40000
2020-08-24 09:32:15.320,3.346,40000
2020-08-24 09:32:15.380,3.346,60000
2020-08-24 09:32:15.380,3.346,40000
2020-08-24 09:32:15.520,3.346,40000
2020-08-24 09:32:18.060,3.345,500
2020-08-24 09:32:18.060,3.346,1000
2020-08-24 09:32:20.680,3.345,9600
2020-08-24 09:32:20.680,3.345,5000
2020-08-24 09:32:20.680,3.345,5000
2020-08-24 09:32:20.680,3.345,10000
2020-08-24 09:32:20.680,3.345,500
2020-08-24 09:32:20.680,3.345,500
2020-08-24 09:32:20.680,3.345,1500
2020-08-24 09:32:20.680,3.345,5000
2020-08-24 09:32:20.680,3.345,100
2020-08-24 09:32:20.680,3.345,5000
2020-08-24 09:32:20.680,3.345,10000
2020-08-24 09:32:20.680,3.345,1000
2020-08-24 09:32:20.680,3.345,6100
2020-08-24 09:32:20.680,3.345,100
2020-08-24 09:32:20.680,3.345,5000
2020-08-24 09:32:20.680,3.345,5600
2020-08-24 09:32:20.760,3.346,5100
2020-08-24 09:32:20.760,3.346,2500
2020-08-24 09:32:21.330,3.346,6300
2020-08-24 09:32:21.330,3.346,3700
2020-08-24 09:32:21.680,3.347,249300
2020-08-24 09:32:21.680,3.347,50700
2020-08-24 09:32:21.680,3.346,2000
2020-08-24 09:32:21.800,3.346,4300
2020-08-24 09:32:21.800,3.346,15700
2020-08-24 09:32:22.470,3.346,300
2020-08-24 09:32:23.110,3.347,249400
2020-08-24 09:32:23.110,3.347,3000
2020-08-24 09:32:23.110,3.347,47600
2020-08-24 09:32:23.370,3.346,5500
2020-08-24 09:32:23.370,3.346,8100
2020-08-24 09:32:23.600,3.346,500
2020-08-24 09:32:23.640,3.346,1400
2020-08-24 09:32:23.640,3.346,10600
2020-08-24 09:32:24.190,3.346,400
2020-08-24 09:32:25.250,3.346,9300
2020-08-24 09:32:25.310,3.346,19700
2020-08-24 09:32:25.310,3.346,1200
2020-08-24 09:32:25.310,3.346,7000
2020-08-24 09:32:25.370,3.346,89300
2020-08-24 09:32:25.790,3.346,22400
2020-08-24 09:32:26.620,3.346,20000
2020-08-24 09:32:27.170,3.346,1100
2020-08-24 09:32:27.340,3.347,500
2020-08-24 09:32:27.340,3.347,2000
2020-08-24 09:32:27.340,3.347,2000
2020-08-24 09:32:27.340,3.347,100
2020-08-24 09:32:27.340,3.347,5400
2020-08-24 09:32:27.790,3.346,89700
2020-08-24 09:32:27.960,3.346,40000
2020-08-24 09:32:29.110,3.347,2600
2020-08-24 09:32:29.220,3.347,100000
2020-08-24 09:32:29.270,3.348,50000
2020-08-24 09:32:29.270,3.348,2000
2020-08-24 09:32:29.270,3.348,30000
2020-08-24 09:32:29.270,3.348,1200
2020-08-24 09:32:29.270,3.348,3000
2020-08-24 09:32:29.270,3.349,5000
2020-08-24 09:32:29.270,3.349,208800
2020-08-24 09:32:29.510,3.347,6200
2020-08-24 09:32:29.590,3.347,800
2020-08-24 09:32:30.010,3.347,400
2020-08-24 09:32:30.100,3.347,7000
2020-08-24 09:32:30.330,3.349,30000
2020-08-24 09:32:30.330,3.349,1200
2020-08-24 09:32:30.330,3.349,8000
2020-08-24 09:32:30.330,3.349,20800
2020-08-24 09:32:30.330,3.349,20000
2020-08-24 09:32:30.330,3.349,30000
2020-08-24 09:32:31.230,3.347,2100
2020-08-24 09:32:31.230,3.347,180900
2020-08-24 09:32:31.230,3.347,3000
2020-08-24 09:32:31.230,3.347,10000
2020-08-24 09:32:31.230,3.347,2500
2020-08-24 09:32:31.780,3.348,18000
2020-08-24 09:32:32.230,3.348,500
2020-08-24 09:32:33.340,3.349,29200
2020-08-24 09:32:33.370,3.349,1200
2020-08-24 09:32:33.790,3.349,1000
2020-08-24 09:32:33.820,3.349,15000
2020-08-24 09:32:34.770,3.349,8000
2020-08-24 09:32:34.890,3.349,10000
2020-08-24 09:32:35.050,3.349,2000
2020-08-24 09:32:35.050,3.348,5000
2020-08-24 09:32:35.050,3.348,15900
2020-08-24 09:32:35.050,3.348,7100
2020-08-24 09:32:36.030,3.348,400
2020-08-24 09:32:36.410,3.35,2000
2020-08-24 09:32:36.410,3.35,8800
2020-08-24 09:32:36.410,3.35,1000
2020-08-24 09:32:36.410,3.35,2900
2020-08-24 09:32:36.410,3.35,2600
2020-08-24 09:32:36.410,3.35,12700
2020-08-24 09:32:36.760,3.348,2000
2020-08-24 09:32:37.080,3.348,6000
2020-08-24 09:32:38.950,3.35,800
2020-08-24 09:32:39.240,3.348,16600
2020-08-24 09:32:39.380,3.348,7900
2020-08-24 09:32:39.380,3.348,12100
2020-08-24 09:32:39.380,3.35,4600
2020-08-24 09:32:39.380,3.35,2000
2020-08-24 09:32:39.380,3.35,10000
2020-08-24 09:32:39.380,3.35,100
2020-08-24 09:32:39.380,3.35,83300
2020-08-24 09:32:39.380,3.35,50000
2020-08-24 09:32:39.380,3.35,100000
2020-08-24 09:32:39.670,3.347,7500
2020-08-24 09:32:39.670,3.347,300
2020-08-24 09:32:39.670,3.347,2200
2020-08-24 09:32:40.310,3.347,6000
2020-08-24 09:32:41.060,3.35,3200
2020-08-24 09:32:41.110,3.349,1000
2020-08-24 09:32:42.120,3.349,700
2020-08-24 09:32:42.380,3.35,63500
2020-08-24 09:32:42.380,3.35,16500
2020-08-24 09:32:42.380,3.35,100000
2020-08-24 09:32:42.380,3.35,100000
2020-08-24 09:32:42.380,3.35,10000
2020-08-24 09:32:43.370,3.349,11000
2020-08-24 09:32:43.920,3.349,6700
2020-08-24 09:32:43.920,3.349,280600
2020-08-24 09:32:43.920,3.349,19400
2020-08-24 09:32:44.130,3.349,6300
2020-08-24 09:32:44.930,3.349,7900
2020-08-24 09:32:45.420,3.35,30000
2020-08-24 09:32:45.420,3.35,30000
2020-08-24 09:32:45.900,3.349,100
2020-08-24 09:32:46.230,3.35,10200
2020-08-24 09:32:46.560,3.35,3400
2020-08-24 09:32:46.560,3.35,3000
2020-08-24 09:32:46.560,3.351,5000
2020-08-24 09:32:46.560,3.351,10000
2020-08-24 09:32:46.560,3.351,278600
2020-08-24 09:32:46.970,3.35,800
2020-08-24 09:32:47.000,3.35,2000
2020-08-24 09:32:47.270,3.35,100
2020-08-24 09:32:47.560,3.35,7100
2020-08-24 09:32:47.750,3.35,500
2020-08-24 09:32:48.400,3.35,60000
2020-08-24 09:32:48.400,3.35,10000
2020-08-24 09:32:48.400,3.35,40000
2020-08-24 09:32:48.400,3.35,100000
2020-08-24 09:32:48.400,3.35,40000
2020-08-24 09:32:48.400,3.35,40000
2020-08-24 09:32:48.400,3.35,100000
2020-08-24 09:32:48.400,3.35,20000
2020-08-24 09:32:48.400,3.35,80000
2020-08-24 09:32:48.520,3.35,102400
2020-08-24 09:32:48.520,3.35,20000
2020-08-24 09:32:48.520,3.35,4100
2020-08-24 09:32:48.520,3.351,21400
2020-08-24 09:32:48.520,3.351,1500
2020-08-24 09:32:48.520,3.352,7100
2020-08-24 09:32:48.520,3.352,10000
2020-08-24 09:32:48.520,3.352,3000
2020-08-24 09:32:48.520,3.352,1600
2020-08-24 09:32:48.520,3.352,300
2020-08-24 09:32:48.520,3.352,128600
2020-08-24 09:32:49.340,3.349,200
2020-08-24 09:32:50.710,3.35,200
2020-08-24 09:32:51.120,3.35,1000
2020-08-24 09:32:51.390,3.352,100000
2020-08-24 09:32:51.390,3.352,100000
2020-08-24 09:32:51.390,3.352,40000
2020-08-24 09:32:53.140,3.35,100
2020-08-24 09:32:53.140,3.35,4400
2020-08-24 09:32:54.410,3.351,30000
2020-08-24 09:32:54.410,3.351,30000
2020-08-24 09:32:54.410,3.351,30000
2020-08-24 09:32:54.410,3.351,30000
2020-08-24 09:32:54.410,3.351,30000
2020-08-24 09:32:54.410,3.351,30000
2020-08-24 09:32:54.410,3.351,30000
2020-08-24 09:32:54.410,3.351,30000
2020-08-24 09:32:54.410,3.351,30000
2020-08-24 09:32:54.410,3.351,30000
2020-08-24 09:32:54.410,3.351,30000
2020-08-24 09:32:54.410,3.351,30000
2020-08-24 09:32:54.410,3.351,30000
2020-08-24 09:32:54.410,3.351,30000
2020-08-24 09:32:54.410,3.351,30000
2020-08-24 09:32:54.410,3.351,30000
2020-08-24 09:32:54.410,3.351,10000
2020-08-24 09:32:54.410,3.351,20000
2020-08-24 09:32:54.410,3.351,30000
2020-08-24 09:32:54.410,3.351,30000
2020-08-24 09:32:54.410,3.351,30000
2020-08-24 09:32:54.410,3.351,30000
2020-08-24 09:32:54.410,3.351,30000
2020-08-24 09:32:54.410,3.351,30000
2020-08-24 09:32:54.410,3.351,20000
2020-08-24 09:32:54.430,3.351,30000
2020-08-24 09:32:54.430,3.351,20000
2020-08-24 09:32:54.430,3.351,30000
2020-08-24 09:32:54.430,3.351,10000
2020-08-24 09:32:54.430,3.351,30000
2020-08-24 09:32:54.430,3.351,30000
2020-08-24 09:32:54.430,3.351,30000
2020-08-24 09:32:54.430,3.351,30000
2020-08-24 09:32:54.430,3.351,30000
2020-08-24 09:32:54.430,3.351,10000
2020-08-24 09:32:56.490,3.35,144800
2020-08-24 09:32:56.490,3.35,2400
2020-08-24 09:32:56.780,3.35,10000
2020-08-24 09:32:57.370,3.35,100000
2020-08-24 09:32:57.370,3.35,10000
2020-08-24 09:32:57.610,3.35,1500
2020-08-24 09:32:57.880,3.35,1000
2020-08-24 09:32:59.740,3.35,30300
2020-08-24 09:32:59.740,3.35,200
2020-08-24 09:32:59.740,3.35,10000
2020-08-24 09:32:59.740,3.35,17600
2020-08-24 09:32:59.740,3.35,20000
2020-08-24 09:33:00.080,3.351,10000
2020-08-24 09:33:00.120,3.35,3000
2020-08-24 09:33:00.350,3.35,2000
2020-08-24 09:33:00.350,3.351,38000
2020-08-24 09:33:00.350,3.351,100000
2020-08-24 09:33:00.350,3.351,60000
2020-08-24 09:33:00.350,3.351,32000
2020-08-24 09:33:00.350,3.351,68000
2020-08-24 09:33:00.350,3.351,20000
2020-08-24 09:33:00.350,3.351,100000
2020-08-24 09:33:00.630,3.35,100
2020-08-24 09:33:02.280,3.349,3000
2020-08-24 09:33:02.590,3.35,1100
2020-08-24 09:33:02.590,3.35,100
2020-08-24 09:33:02.590,3.35,18000
2020-08-24 09:33:02.590,3.35,3000
2020-08-24 09:33:02.590,3.35,3200
2020-08-24 09:33:02.590,3.351,93500
2020-08-24 09:33:03.060,3.351,20600
2020-08-24 09:33:03.060,3.351,3000
2020-08-24 09:33:03.060,3.351,76400
2020-08-24 09:33:03.120,3.351,30000
2020-08-24 09:33:03.120,3.351,100000
2020-08-24 09:33:03.120,3.351,30000
2020-08-24 09:33:03.240,3.35,2000
2020-08-24 09:33:03.420,3.349,100
2020-08-24 09:33:04.580,3.35,1000
2020-08-24 09:33:05.140,3.35,300
2020-08-24 09:33:06.120,3.35,6700
2020-08-24 09:33:06.120,3.35,400
2020-08-24 09:33:06.120,3.35,2900
2020-08-24 09:33:06.770,3.35,200
2020-08-24 09:33:06.950,3.349,3000
2020-08-24 09:33:06.980,3.349,2200
2020-08-24 09:33:07.010,3.349,10000
2020-08-24 09:33:07.380,3.35,7400
2020-08-24 09:33:07.380,3.35,900
2020-08-24 09:33:07.660,3.349,1100
2020-08-24 09:33:07.660,3.349,5900
2020-08-24 09:33:07.980,3.349,100
2020-08-24 09:33:08.220,3.349,50000
2020-08-24 09:33:08.510,3.349,2100
2020-08-24 09:33:08.660,3.349,6800
2020-08-24 09:33:09.090,3.349,10000
2020-08-24 09:33:09.930,3.349,13200
2020-08-24 09:33:09.930,3.349,74400
2020-08-24 09:33:11.400,3.349,2300
2020-08-24 09:33:11.400,3.349,5000
2020-08-24 09:33:11.630,3.35,4700
2020-08-24 09:33:11.630,3.35,20000
2020-08-24 09:33:11.630,3.35,12100
2020-08-24 09:33:11.630,3.35,10000
2020-08-24 09:33:12.070,3.35,2600
2020-08-24 09:33:12.940,3.349,20000
2020-08-24 09:33:13.510,3.349,800
2020-08-24 09:33:13.760,3.349,300
2020-08-24 09:33:14.060,3.35,10000
2020-08-24 09:33:15.100,3.35,100000
2020-08-24 09:33:15.100,3.35,40000
2020-08-24 09:33:15.100,3.35,40000
2020-08-24 09:33:15.100,3.35,100000
2020-08-24 09:33:15.230,3.349,11600
2020-08-24 09:33:15.230,3.349,61200
2020-08-24 09:33:15.830,3.35,2900
2020-08-24 09:33:16.180,3.35,2000
2020-08-24 09:33:16.890,3.349,40000
2020-08-24 09:33:17.270,3.35,7300
2020-08-24 09:33:17.270,3.35,55700
2020-08-24 09:33:18.020,3.349,400
2020-08-24 09:33:18.080,3.35,4300
2020-08-24 09:33:18.080,3.35,5700
2020-08-24 09:33:18.720,3.349,5000
2020-08-24 09:33:19.480,3.35,1400
2020-08-24 09:33:21.050,3.35,1400
2020-08-24 09:33:21.050,3.35,78600
2020-08-24 09:33:21.100,3.35,40000
2020-08-24 09:33:21.100,3.35,80000
2020-08-24 09:33:21.100,3.35,40000
2020-08-24 09:33:21.720,3.35,5000
2020-08-24 09:33:23.340,3.349,1000
2020-08-24 09:33:23.650,3.35,200
2020-08-24 09:33:24.020,3.349,500
2020-08-24 09:33:24.110,3.35,50000
2020-08-24 09:33:26.010,3.35,6200
2020-08-24 09:33:26.010,3.35,1900
2020-08-24 09:33:26.010,3.35,2000
2020-08-24 09:33:26.010,3.35,10000
2020-08-24 09:33:26.080,3.35,179900
2020-08-24 09:33:26.080,3.349,105100
2020-08-24 09:33:26.350,3.349,300
2020-08-24 09:33:28.670,3.35,300
2020-08-24 09:33:28.820,3.35,1400
2020-08-24 09:33:28.820,3.35,600
2020-08-24 09:33:29.750,3.35,1200
2020-08-24 09:33:30.000,3.35,7000
2020-08-24 09:33:30.000,3.35,400
2020-08-24 09:33:30.000,3.35,3200
2020-08-24 09:33:30.000,3.35,1000
2020-08-24 09:33:30.180,3.349,600
2020-08-24 09:33:30.550,3.349,300
2020-08-24 09:33:30.790,3.349,1200
2020-08-24 09:33:31.180,3.35,900
2020-08-24 09:33:31.700,3.35,3000
2020-08-24 09:33:32.040,3.349,10000
2020-08-24 09:33:32.180,3.349,300
2020-08-24 09:33:33.060,3.35,100000
2020-08-24 09:33:33.060,3.35,80000
2020-08-24 09:33:33.060,3.35,60000
2020-08-24 09:33:33.060,3.35,40000
2020-08-24 09:33:33.120,3.349,5100
2020-08-24 09:33:34.070,3.35,11900
2020-08-24 09:33:34.070,3.35,16100
2020-08-24 09:33:34.190,3.349,16800
2020-08-24 09:33:34.190,3.349,100000
2020-08-24 09:33:34.190,3.349,2000
2020-08-24 09:33:34.190,3.349,24300
2020-08-24 09:33:34.190,3.349,2000
2020-08-24 09:33:34.190,3.349,100
2020-08-24 09:33:35.170,3.347,1800
2020-08-24 09:33:35.170,3.347,4200
2020-08-24 09:33:35.900,3.349,500
2020-08-24 09:33:36.980,3.348,400
2020-08-24 09:33:36.980,3.349,9600
2020-08-24 09:33:37.900,3.349,14900
2020-08-24 09:33:38.980,3.348,11500
2020-08-24 09:33:40.580,3.348,3700
2020-08-24 09:33:41.090,3.349,10000
2020-08-24 09:33:42.030,3.348,400
2020-08-24 09:33:42.170,3.348,84400
2020-08-24 09:33:42.360,3.348,20000
2020-08-24 09:33:42.430,3.348,3000
2020-08-24 09:33:44.050,3.348,40000
2020-08-24 09:33:44.550,3.347,600
2020-08-24 09:33:44.730,3.348,10000
2020-08-24 09:33:45.110,3.348,80000
2020-08-24 09:33:45.110,3.348,100000
2020-08-24 09:33:45.110,3.348,20000
2020-08-24 09:33:45.110,3.348,2600
2020-08-24 09:33:45.110,3.348,37400
2020-08-24 09:33:45.110,3.348,26500
2020-08-24 09:33:45.110,3.348,53500
2020-08-24 09:33:45.110,3.348,100000
2020-08-24 09:33:45.220,3.348,20000
2020-08-24 09:33:45.480,3.348,1300
2020-08-24 09:33:46.230,3.347,200
2020-08-24 09:33:46.230,3.347,1000
2020-08-24 09:33:46.230,3.347,500
2020-08-24 09:33:46.230,3.347,6000
2020-08-24 09:33:46.230,3.347,40000
2020-08-24 09:33:47.020,3.347,28000
2020-08-24 09:33:47.250,3.346,1000
2020-08-24 09:33:48.050,3.346,500
2020-08-24 09:33:48.110,3.347,10000
2020-08-24 09:33:48.110,3.347,50000
2020-08-24 09:33:48.110,3.347,100000
2020-08-24 09:33:48.110,3.347,20000
2020-08-24 09:33:48.110,3.347,70000
2020-08-24 09:33:48.110,3.347,50000
2020-08-24 09:33:48.110,3.347,80000
2020-08-24 09:33:48.110,3.347,100000
2020-08-24 09:33:48.110,3.347,70000
2020-08-24 09:33:48.110,3.347,100000
2020-08-24 09:33:49.030,3.347,174300
2020-08-24 09:33:49.030,3.347,400
2020-08-24 09:33:49.030,3.347,300
2020-08-24 09:33:49.800,3.347,5000
2020-08-24 09:33:49.980,3.348,3000
2020-08-24 09:33:49.980,3.348,2000
2020-08-24 09:33:49.980,3.349,1000
2020-08-24 09:33:50.110,3.349,118800
2020-08-24 09:33:50.110,3.349,400
2020-08-24 09:33:50.110,3.349,5200
2020-08-24 09:33:50.110,3.349,30000
2020-08-24 09:33:50.110,3.349,2500
2020-08-24 09:33:50.110,3.349,10000
2020-08-24 09:33:50.110,3.349,20000
2020-08-24 09:33:50.110,3.35,3900
2020-08-24 09:33:50.110,3.35,500
2020-08-24 09:33:50.110,3.35,5000
2020-08-24 09:33:50.110,3.35,3700
2020-08-24 09:33:50.110,3.35,100000
2020-08-24 09:33:50.410,3.35,96700
2020-08-24 09:33:50.410,3.35,50000
2020-08-24 09:33:50.410,3.35,153300
2020-08-24 09:33:53.440,3.349,3100
2020-08-24 09:33:53.440,3.347,20300
2020-08-24 09:33:53.660,3.35,3000
2020-08-24 09:33:53.660,3.35,7000
2020-08-24 09:33:53.830,3.348,5000
2020-08-24 09:33:54.000,3.348,400
2020-08-24 09:33:54.420,3.348,2800
2020-08-24 09:33:54.760,3.348,1700
2020-08-24 09:33:55.120,3.35,3000
2020-08-24 09:33:55.120,3.35,3100
2020-08-24 09:33:55.120,3.35,2000
2020-08-24 09:33:55.120,3.35,5000
2020-08-24 09:33:55.120,3.35,5000
2020-08-24 09:33:55.120,3.35,30000
2020-08-24 09:33:55.120,3.35,31900
2020-08-24 09:33:56.240,3.348,90100
2020-08-24 09:33:56.240,3.348,52400
2020-08-24 09:34:00.110,3.348,400
2020-08-24 09:34:01.450,3.349,11500
2020-08-24 09:34:01.450,3.35,88200
2020-08-24 09:34:02.040,3.35,100000
2020-08-24 09:34:02.040,3.35,100000
2020-08-24 09:34:02.040,3.35,11800
2020-08-24 09:34:02.040,3.35,48200
2020-08-24 09:34:02.040,3.35,100000
2020-08-24 09:34:02.040,3.35,80000
2020-08-24 09:34:02.040,3.35,40000
2020-08-24 09:34:03.080,3.35,30000
2020-08-24 09:34:04.020,3.349,500
2020-08-24 09:34:04.090,3.35,1900
2020-08-24 09:34:04.090,3.35,10000
2020-08-24 09:34:04.090,3.35,2500
2020-08-24 09:34:04.090,3.35,2000
2020-08-24 09:34:04.090,3.351,300
2020-08-24 09:34:04.090,3.351,200
2020-08-24 09:34:04.090,3.351,100
2020-08-24 09:34:04.090,3.351,283000
2020-08-24 09:34:04.220,3.351,17000
2020-08-24 09:34:04.220,3.352,300
2020-08-24 09:34:04.220,3.352,21600
2020-08-24 09:34:04.220,3.352,2000
2020-08-24 09:34:04.220,3.352,259100
2020-08-24 09:34:05.160,3.349,39500
2020-08-24 09:34:05.160,3.349,37600
2020-08-24 09:34:05.580,3.35,1000
2020-08-24 09:34:05.950,3.35,20000
2020-08-24 09:34:06.070,3.35,500
2020-08-24 09:34:06.580,3.352,100
2020-08-24 09:34:06.580,3.352,2200
2020-08-24 09:34:06.580,3.352,37700
2020-08-24 09:34:06.670,3.351,5000
2020-08-24 09:34:06.720,3.351,700
2020-08-24 09:34:07.490,3.351,5000
2020-08-24 09:34:08.490,3.351,1000
2020-08-24 09:34:08.870,3.351,5000
2020-08-24 09:34:08.960,3.351,10000
2020-08-24 09:34:09.100,3.352,100000
2020-08-24 09:34:09.100,3.352,20000
2020-08-24 09:34:09.210,3.351,600
2020-08-24 09:34:10.350,3.351,2000
2020-08-24 09:34:12.010,3.351,400
2020-08-24 09:34:13.080,3.351,2000
2020-08-24 09:34:13.500,3.352,2500
2020-08-24 09:34:13.500,3.351,17500
2020-08-24 09:34:13.630,3.353,11400
2020-08-24 09:34:13.630,3.353,4000
2020-08-24 09:34:13.630,3.353,1900
2020-08-24 09:34:13.630,3.353,3000
2020-08-24 09:34:13.630,3.353,2000
2020-08-24 09:34:13.630,3.353,3000
2020-08-24 09:34:13.630,3.353,5000
2020-08-24 09:34:13.630,3.353,3100
2020-08-24 09:34:13.630,3.353,100
2020-08-24 09:34:13.630,3.353,46500
2020-08-24 09:34:13.680,3.351,1000
2020-08-24 09:34:14.290,3.351,500
2020-08-24 09:34:14.500,3.351,15000
2020-08-24 09:34:14.680,3.351,11700
2020-08-24 09:34:14.680,3.351,9600
2020-08-24 09:34:15.100,3.353,100000
2020-08-24 09:34:15.100,3.353,20000
2020-08-24 09:34:15.550,3.351,15000
2020-08-24 09:34:15.580,3.351,2000
2020-08-24 09:34:15.810,3.351,100
2020-08-24 09:34:16.110,3.353,10000
2020-08-24 09:34:16.300,3.351,10000
2020-08-24 09:34:17.630,3.352,500
2020-08-24 09:34:17.990,3.352,400
2020-08-24 09:34:18.960,3.351,4100
2020-08-24 09:34:18.960,3.351,100
2020-08-24 09:34:18.960,3.353,500
2020-08-24 09:34:18.960,3.353,1000
2020-08-24 09:34:20.010,3.353,4800
2020-08-24 09:34:20.180,3.352,3000
2020-08-24 09:34:20.180,3.352,7000
2020-08-24 09:34:20.980,3.352,1400
2020-08-24 09:34:20.980,3.351,600
2020-08-24 09:34:21.090,3.351,600
2020-08-24 09:34:21.120,3.353,80000
2020-08-24 09:34:21.120,3.353,20000
2020-08-24 09:34:21.120,3.353,10000
2020-08-24 09:34:21.120,3.353,90000
2020-08-24 09:34:21.120,3.353,30000
2020-08-24 09:34:21.490,3.353,5000
2020-08-24 09:34:23.750,3.353,60200
2020-08-24 09:34:23.950,3.354,1000
2020-08-24 09:34:25.090,3.354,3500
2020-08-24 09:34:25.090,3.354,8700
2020-08-24 09:34:25.090,3.354,1000
2020-08-24 09:34:25.090,3.354,10000
2020-08-24 09:34:25.090,3.354,16800
2020-08-24 09:34:25.090,3.354,90000
2020-08-24 09:34:26.010,3.352,7900
2020-08-24 09:34:26.600,3.353,1000
2020-08-24 09:34:26.600,3.354,9000
2020-08-24 09:34:26.600,3.354,30000
2020-08-24 09:34:26.600,3.354,30000
2020-08-24 09:34:26.660,3.354,10000
2020-08-24 09:34:26.680,3.354,300
2020-08-24 09:34:27.180,3.353,1900
2020-08-24 09:34:27.400,3.355,219500
2020-08-24 09:34:27.400,3.355,300
2020-08-24 09:34:27.400,3.355,1500
2020-08-24 09:34:27.400,3.355,1000
2020-08-24 09:34:27.400,3.355,200
2020-08-24 09:34:27.400,3.355,1600
2020-08-24 09:34:27.400,3.355,10000
2020-08-24 09:34:27.400,3.355,4000
2020-08-24 09:34:27.400,3.355,10000
2020-08-24 09:34:27.400,3.355,5000
2020-08-24 09:34:27.400,3.355,10000
2020-08-24 09:34:27.400,3.355,5500
2020-08-24 09:34:27.400,3.355,50000
2020-08-24 09:34:27.400,3.355,100
2020-08-24 09:34:27.400,3.355,1400
2020-08-24 09:34:27.400,3.355,100
2020-08-24 09:34:27.400,3.355,200
2020-08-24 09:34:27.400,3.355,3000
2020-08-24 09:34:27.400,3.355,8000
2020-08-24 09:34:27.400,3.355,268600
2020-08-24 09:34:27.930,3.354,137400
2020-08-24 09:34:27.930,3.353,76100
2020-08-24 09:34:29.810,3.353,4600
2020-08-24 09:34:29.960,3.353,6000
2020-08-24 09:34:30.440,3.353,100
2020-08-24 09:34:35.100,3.354,5600
2020-08-24 09:34:35.100,3.354,14400
2020-08-24 09:34:35.100,3.354,100000
2020-08-24 09:34:35.100,3.354,100000
2020-08-24 09:34:35.100,3.354,85600
2020-08-24 09:34:35.100,3.354,14400
2020-08-24 09:34:35.100,3.354,30000
2020-08-24 09:34:35.100,3.354,100000
2020-08-24 09:34:35.100,3.354,100000
2020-08-24 09:34:35.100,3.354,100000
2020-08-24 09:34:35.100,3.354,70000
2020-08-24 09:34:35.100,3.354,100000
2020-08-24 09:34:36.130,3.354,80000
2020-08-24 09:34:36.130,3.354,100000
2020-08-24 09:34:38.480,3.353,1200
2020-08-24 09:34:38.480,3.353,100
2020-08-24 09:34:38.480,3.352,100
2020-08-24 09:34:38.870,3.352,1000
2020-08-24 09:34:39.100,3.354,20000
2020-08-24 09:34:39.100,3.354,20000
2020-08-24 09:34:39.100,3.354,10000
2020-08-24 09:34:39.600,3.352,1000
2020-08-24 09:34:39.880,3.353,2500
2020-08-24 09:34:40.030,3.353,57500
2020-08-24 09:34:40.470,3.354,5600
2020-08-24 09:34:40.470,3.354,300
2020-08-24 09:34:40.470,3.354,9600
2020-08-24 09:34:40.520,3.353,9300
2020-08-24 09:34:41.170,3.354,400
2020-08-24 09:34:41.170,3.354,57300
2020-08-24 09:34:41.510,3.353,1600
2020-08-24 09:34:41.510,3.353,100
2020-08-24 09:34:41.510,3.354,26700
2020-08-24 09:34:41.510,3.354,104800
2020-08-24 09:34:41.540,3.352,5500
2020-08-24 09:34:42.040,3.354,100000
2020-08-24 09:34:42.040,3.354,100000
2020-08-24 09:34:42.040,3.354,70000
2020-08-24 09:34:42.040,3.353,1500
2020-08-24 09:34:42.040,3.352,200
2020-08-24 09:34:44.040,3.354,500
2020-08-24 09:34:44.040,3.353,200
2020-08-24 09:34:45.070,3.354,60000
2020-08-24 09:34:45.690,3.353,1600
2020-08-24 09:34:46.100,3.353,200
2020-08-24 09:34:46.450,3.353,30000
2020-08-24 09:34:47.950,3.354,14700
2020-08-24 09:34:47.950,3.354,3000
2020-08-24 09:34:47.950,3.354,4000
2020-08-24 09:34:48.040,3.354,100
2020-08-24 09:34:48.900,3.354,1800
2020-08-24 09:34:49.180,3.355,1200
2020-08-24 09:34:49.180,3.355,100
2020-08-24 09:34:49.180,3.355,6000
2020-08-24 09:34:49.180,3.355,190000
2020-08-24 09:34:49.180,3.355,3000
2020-08-24 09:34:49.180,3.355,100
2020-08-24 09:34:49.180,3.356,9600
2020-08-24 09:34:49.400,3.354,300
2020-08-24 09:34:49.540,3.354,7900
2020-08-24 09:34:49.540,3.354,400
2020-08-24 09:34:49.540,3.353,10000
2020-08-24 09:34:49.540,3.353,7000
2020-08-24 09:34:49.540,3.352,32300
2020-08-24 09:34:49.540,3.352,40000
2020-08-24 09:34:49.540,3.352,15000
2020-08-24 09:34:49.540,3.352,100900
2020-08-24 09:34:50.040,3.352,100
2020-08-24 09:34:52.050,3.353,200
2020-08-24 09:34:53.980,3.352,200
2020-08-24 09:34:57.810,3.354,500
2020-08-24 09:34:57.810,3.354,500
2020-08-24 09:35:00.070,3.355,3000
2020-08-24 09:35:00.070,3.355,1500
2020-08-24 09:35:00.070,3.355,1200
2020-08-24 09:35:00.070,3.355,74300
2020-08-24 09:35:00.070,3.355,40000
2020-08-24 09:35:00.070,3.355,60000
2020-08-24 09:35:00.070,3.355,10000
2020-08-24 09:35:00.070,3.355,20000
2020-08-24 09:35:00.070,3.355,100000
2020-08-24 09:35:00.070,3.355,30000
2020-08-24 09:35:00.160,3.354,300
2020-08-24 09:35:03.060,3.355,90000
2020-08-24 09:35:06.940,3.354,300
2020-08-24 09:35:06.940,3.354,1000
2020-08-24 09:35:08.400,3.354,6000
2020-08-24 09:35:09.060,3.353,40000
2020-08-24 09:35:09.060,3.352,40000
2020-08-24 09:35:09.060,3.352,204500
2020-08-24 09:35:09.060,3.354,10000
2020-08-24 09:35:11.490,3.354,1000
2020-08-24 09:35:11.490,3.354,2000
2020-08-24 09:35:11.490,3.354,100
2020-08-24 09:35:11.490,3.354,1200
2020-08-24 09:35:13.050,3.353,40000
2020-08-24 09:35:13.050,3.353,20600
2020-08-24 09:35:13.110,3.354,100
2020-08-24 09:35:13.700,3.353,65700
2020-08-24 09:35:17.130,3.354,2000
2020-08-24 09:35:17.160,3.354,1000
2020-08-24 09:35:17.160,3.354,1500
2020-08-24 09:35:17.160,3.354,200
2020-08-24 09:35:17.160,3.354,100
2020-08-24 09:35:18.200,3.354,5000
2020-08-24 09:35:19.450,3.354,600
2020-08-24 09:35:19.650,3.355,10000
2020-08-24 09:35:19.650,3.355,10000
2020-08-24 09:35:19.650,3.355,5700
2020-08-24 09:35:19.650,3.355,4000
2020-08-24 09:35:19.650,3.355,1000
2020-08-24 09:35:19.650,3.355,3000
2020-08-24 09:35:19.650,3.355,5000
2020-08-24 09:35:19.650,3.355,10000
2020-08-24 09:35:19.650,3.355,10000
2020-08-24 09:35:19.650,3.355,2000
2020-08-24 09:35:19.650,3.355,40000
2020-08-24 09:35:19.650,3.355,19300
2020-08-24 09:35:19.650,3.355,10700
2020-08-24 09:35:19.650,3.355,89300
2020-08-24 09:35:19.650,3.355,20000
2020-08-24 09:35:19.720,3.354,20000
2020-08-24 09:35:21.070,3.355,82000
2020-08-24 09:35:21.070,3.355,10000
2020-08-24 09:35:21.070,3.355,8000
2020-08-24 09:35:21.070,3.355,2000
2020-08-24 09:35:21.070,3.355,1000
2020-08-24 09:35:21.070,3.355,2000
2020-08-24 09:35:21.070,3.355,30000
2020-08-24 09:35:21.070,3.355,45000
2020-08-24 09:35:21.070,3.355,10000
2020-08-24 09:35:21.070,3.355,100000
2020-08-24 09:35:21.070,3.355,40000
2020-08-24 09:35:21.070,3.355,10000
2020-08-24 09:35:21.270,3.354,7500
2020-08-24 09:35:21.730,3.354,100
2020-08-24 09:35:21.730,3.354,8000
2020-08-24 09:35:22.400,3.355,95000
2020-08-24 09:35:22.400,3.355,5000
2020-08-24 09:35:23.690,3.356,10400
2020-08-24 09:35:23.690,3.356,300
2020-08-24 09:35:23.690,3.356,25500
2020-08-24 09:35:23.690,3.356,6000
2020-08-24 09:35:23.690,3.356,5000
2020-08-24 09:35:23.690,3.356,9400
2020-08-24 09:35:23.690,3.356,3000
2020-08-24 09:35:23.690,3.356,500
2020-08-24 09:35:23.690,3.356,100
2020-08-24 09:35:23.690,3.356,3000
2020-08-24 09:35:23.690,3.356,20000
2020-08-24 09:35:23.690,3.356,100
2020-08-24 09:35:23.690,3.356,50000
2020-08-24 09:35:23.690,3.356,500
2020-08-24 09:35:24.460,3.357,200
2020-08-24 09:35:24.460,3.357,1000
2020-08-24 09:35:24.460,3.357,7500
2020-08-24 09:35:24.460,3.357,15000
2020-08-24 09:35:24.460,3.357,5000
2020-08-24 09:35:24.460,3.357,100
2020-08-24 09:35:24.460,3.357,2000
2020-08-24 09:35:24.460,3.357,10000
2020-08-24 09:35:24.460,3.357,5000
2020-08-24 09:35:24.460,3.357,3000
2020-08-24 09:35:24.460,3.357,1000
2020-08-24 09:35:24.460,3.357,10000
2020-08-24 09:35:24.460,3.357,40000
2020-08-24 09:35:24.460,3.357,3000
2020-08-24 09:35:24.460,3.357,10000
2020-08-24 09:35:24.460,3.357,187200
2020-08-24 09:35:25.630,3.356,77600
2020-08-24 09:35:26.120,3.357,80000
2020-08-24 09:35:26.700,3.356,3000
2020-08-24 09:35:26.910,3.357,300000
2020-08-24 09:35:27.080,3.357,40000
2020-08-24 09:35:27.080,3.357,80000
2020-08-24 09:35:27.080,3.357,80000
2020-08-24 09:35:27.270,3.356,5200
2020-08-24 09:35:27.510,3.357,50000
2020-08-24 09:35:28.020,3.356,100
2020-08-24 09:35:29.340,3.356,100
2020-08-24 09:35:32.080,3.356,30000
2020-08-24 09:35:32.260,3.356,284500
2020-08-24 09:35:32.310,3.356,3400
2020-08-24 09:35:33.750,3.357,5000
2020-08-24 09:35:33.750,3.357,100
2020-08-24 09:35:33.750,3.358,1000
2020-08-24 09:35:33.750,3.358,300
2020-08-24 09:35:33.750,3.358,1000
2020-08-24 09:35:33.750,3.358,500
2020-08-24 09:35:33.750,3.358,10000
2020-08-24 09:35:33.750,3.358,1000
2020-08-24 09:35:33.750,3.358,10000
2020-08-24 09:35:33.750,3.358,1100
2020-08-24 09:35:33.810,3.356,30000
2020-08-24 09:35:34.420,3.356,100
2020-08-24 09:35:36.890,3.356,600
2020-08-24 09:35:37.960,3.356,23800
2020-08-24 09:35:38.630,3.356,600
2020-08-24 09:35:38.890,3.357,3300
2020-08-24 09:35:39.010,3.356,5000
2020-08-24 09:35:40.080,3.356,200
2020-08-24 09:35:40.740,3.356,2000
2020-08-24 09:35:41.140,3.356,4300
2020-08-24 09:35:41.140,3.357,2200
2020-08-24 09:35:41.290,3.356,5000
2020-08-24 09:35:41.290,3.357,500
2020-08-24 09:35:41.290,3.357,12200
2020-08-24 09:35:44.940,3.355,1600
2020-08-24 09:35:45.860,3.356,900
2020-08-24 09:35:46.330,3.356,100
2020-08-24 09:35:47.070,3.355,5000
2020-08-24 09:35:47.190,3.355,3400
2020-08-24 09:35:47.190,3.355,23800
2020-08-24 09:35:52.400,3.355,9300
2020-08-24 09:35:52.590,3.354,15000
2020-08-24 09:35:53.140,3.355,1500
2020-08-24 09:35:54.320,3.354,193800
2020-08-24 09:35:54.320,3.354,3800
2020-08-24 09:35:54.320,3.354,2100
2020-08-24 09:35:54.320,3.354,1400
2020-08-24 09:35:54.320,3.354,3000
2020-08-24 09:35:54.320,3.354,20000
2020-08-24 09:35:54.320,3.354,60400
2020-08-24 09:35:54.470,3.354,36800
2020-08-24 09:35:55.190,3.354,10000
2020-08-24 09:35:57.040,3.355,2000
2020-08-24 09:35:57.100,3.355,5000
2020-08-24 09:35:58.210,3.354,10000
2020-08-24 09:36:00.960,3.353,2000
2020-08-24 09:36:03.120,3.353,100
2020-08-24 09:36:03.120,3.353,100
2020-08-24 09:36:03.540,3.354,10900
2020-08-24 09:36:03.540,3.354,100
2020-08-24 09:36:03.540,3.354,19000
2020-08-24 09:36:03.540,3.354,11000
2020-08-24 09:36:03.540,3.354,2000
2020-08-24 09:36:03.540,3.354,7000
2020-08-24 09:36:03.540,3.354,10000
2020-08-24 09:36:05.340,3.353,4000
2020-08-24 09:36:05.880,3.354,700
2020-08-24 09:36:06.340,3.353,2400
2020-08-24 09:36:06.690,3.354,5700
2020-08-24 09:36:07.790,3.353,800
2020-08-24 09:36:09.260,3.352,200
2020-08-24 09:36:09.260,3.352,4000
2020-08-24 09:36:09.260,3.352,100
2020-08-24 09:36:09.260,3.352,1400
2020-08-24 09:36:09.260,3.351,180500
2020-08-24 09:36:09.260,3.351,13800
2020-08-24 09:36:10.440,3.353,900
2020-08-24 09:36:11.260,3.353,300
2020-08-24 09:36:11.260,3.353,2200
2020-08-24 09:36:12.930,3.353,100
2020-08-24 09:36:13.160,3.351,100
2020-08-24 09:36:14.290,3.351,16100
2020-08-24 09:36:14.290,3.351,200
2020-08-24 09:36:14.290,3.351,1400
2020-08-24 09:36:14.290,3.351,2300
2020-08-24 09:36:14.960,3.353,18000
2020-08-24 09:36:16.020,3.352,4800
2020-08-24 09:36:16.840,3.352,2400
2020-08-24 09:36:17.280,3.352,13900
2020-08-24 09:36:17.500,3.352,142300
2020-08-24 09:36:17.840,3.352,33600
2020-08-24 09:36:17.950,3.352,5500
2020-08-24 09:36:18.520,3.352,20000
2020-08-24 09:36:19.060,3.353,31100
2020-08-24 09:36:19.060,3.353,5000
2020-08-24 09:36:19.060,3.353,13000
2020-08-24 09:36:19.060,3.353,10000
2020-08-24 09:36:19.120,3.353,500
2020-08-24 09:36:19.360,3.353,5000
2020-08-24 09:36:21.620,3.353,100
2020-08-24 09:36:21.620,3.351,1900
2020-08-24 09:36:22.060,3.351,800
2020-08-24 09:36:22.060,3.351,1200
2020-08-24 09:36:22.920,3.352,9300
2020-08-24 09:36:23.970,3.352,4900
2020-08-24 09:36:24.410,3.352,25300
2020-08-24 09:36:24.820,3.352,90400
2020-08-24 09:36:25.070,3.352,100
2020-08-24 09:36:25.450,3.353,200
2020-08-24 09:36:25.510,3.354,500
2020-08-24 09:36:25.710,3.353,1000
2020-08-24 09:36:26.080,3.353,2400
2020-08-24 09:36:26.250,3.353,1500
2020-08-24 09:36:27.220,3.352,1000
2020-08-24 09:36:28.360,3.353,900
2020-08-24 09:36:28.360,3.353,500
2020-08-24 09:36:28.750,3.353,100
2020-08-24 09:36:28.910,3.353,6000
2020-08-24 09:36:29.110,3.353,9900
2020-08-24 09:36:29.300,3.353,300
2020-08-24 09:36:29.450,3.352,11200
2020-08-24 09:36:30.090,3.354,14100
2020-08-24 09:36:30.090,3.354,3000
2020-08-24 09:36:30.090,3.354,22900
2020-08-24 09:36:30.090,3.354,7100
2020-08-24 09:36:30.090,3.354,8000
2020-08-24 09:36:30.090,3.354,10000
2020-08-24 09:36:30.090,3.354,4900
2020-08-24 09:36:30.090,3.354,100
2020-08-24 09:36:30.090,3.354,9900
2020-08-24 09:36:30.090,3.353,10000
2020-08-24 09:36:30.230,3.353,3000
2020-08-24 09:36:30.750,3.353,7000
2020-08-24 09:36:31.090,3.354,6100
2020-08-24 09:36:31.090,3.354,10000
2020-08-24 09:36:31.090,3.354,30000
2020-08-24 09:36:31.090,3.354,6700
2020-08-24 09:36:31.090,3.354,700
2020-08-24 09:36:31.090,3.354,4500
2020-08-24 09:36:31.090,3.354,500
2020-08-24 09:36:31.090,3.354,1500
2020-08-24 09:36:31.090,3.354,14100
2020-08-24 09:36:31.090,3.354,2200
2020-08-24 09:36:31.520,3.354,5000
2020-08-24 09:36:32.710,3.355,53600
2020-08-24 09:36:32.860,3.354,1000
2020-08-24 09:36:33.130,3.355,201400
2020-08-24 09:36:33.130,3.355,6000
2020-08-24 09:36:33.130,3.355,55200
2020-08-24 09:36:33.130,3.355,10000
2020-08-24 09:36:33.130,3.355,1200
2020-08-24 09:36:33.130,3.355,20000
2020-08-24 09:36:33.130,3.355,7100
2020-08-24 09:36:33.130,3.355,10000
2020-08-24 09:36:33.130,3.355,1000
2020-08-24 09:36:33.130,3.355,5000
2020-08-24 09:36:33.130,3.355,1500
2020-08-24 09:36:33.130,3.355,5000
2020-08-24 09:36:33.130,3.355,3000
2020-08-24 09:36:33.130,3.356,273600
2020-08-24 09:36:33.130,3.354,1000
2020-08-24 09:36:33.130,3.353,9000
2020-08-24 09:36:33.740,3.354,200
2020-08-24 09:36:33.950,3.355,42000
2020-08-24 09:36:35.520,3.356,25400
2020-08-24 09:36:35.520,3.356,83400
2020-08-24 09:36:35.520,3.356,200
2020-08-24 09:36:35.520,3.356,6600
2020-08-24 09:36:35.520,3.356,10800
2020-08-24 09:36:35.520,3.356,473600
2020-08-24 09:36:36.010,3.355,2300
2020-08-24 09:36:36.590,3.355,1300
2020-08-24 09:36:37.620,3.353,600
2020-08-24 09:36:37.760,3.355,30000
2020-08-24 09:36:37.850,3.355,1000
2020-08-24 09:36:38.380,3.355,18000
2020-08-24 09:36:38.940,3.355,300
2020-08-24 09:36:39.080,3.355,700
2020-08-24 09:36:39.110,3.355,29300
2020-08-24 09:36:39.110,3.355,30000
2020-08-24 09:36:39.110,3.355,30000
2020-08-24 09:36:39.110,3.355,20000
2020-08-24 09:36:39.110,3.355,30000
2020-08-24 09:36:39.110,3.355,30000
2020-08-24 09:36:39.110,3.355,30000
2020-08-24 09:36:39.110,3.355,18700
2020-08-24 09:36:40.590,3.354,4000
2020-08-24 09:36:40.760,3.355,11300
2020-08-24 09:36:40.760,3.355,700
2020-08-24 09:36:40.760,3.355,4800
2020-08-24 09:36:41.880,3.355,1200
2020-08-24 09:36:42.500,3.355,3000
2020-08-24 09:36:43.260,3.355,15000
2020-08-24 09:36:43.760,3.355,16800
2020-08-24 09:36:43.760,3.355,2000
2020-08-24 09:36:44.210,3.355,100
2020-08-24 09:36:44.760,3.355,100
2020-08-24 09:36:45.190,3.355,10000
2020-08-24 09:36:45.540,3.355,6000
2020-08-24 09:36:45.690,3.355,4500
2020-08-24 09:36:45.830,3.355,3000
2020-08-24 09:36:47.120,3.355,28000
2020-08-24 09:36:47.170,3.355,6800
2020-08-24 09:36:47.260,3.356,700
2020-08-24 09:36:47.690,3.355,1000
2020-08-24 09:36:48.170,3.355,6000
2020-08-24 09:36:48.970,3.355,2600
2020-08-24 09:36:49.880,3.356,100
2020-08-24 09:36:50.180,3.355,100
2020-08-24 09:36:50.200,3.355,142600
2020-08-24 09:36:50.260,3.356,14200
2020-08-24 09:36:50.260,3.356,15800
2020-08-24 09:36:51.200,3.356,3000
2020-08-24 09:36:51.530,3.356,30000
2020-08-24 09:36:52.990,3.355,900
2020-08-24 09:36:53.330,3.355,3000
2020-08-24 09:36:53.870,3.355,900
2020-08-24 09:36:54.600,3.356,30000
2020-08-24 09:36:55.800,3.355,10000
2020-08-24 09:36:55.830,3.355,3000
2020-08-24 09:36:56.150,3.355,1000
2020-08-24 09:36:57.320,3.355,2000
2020-08-24 09:36:57.530,3.356,30000
2020-08-24 09:36:59.500,3.356,82400
2020-08-24 09:36:59.500,3.356,60000
2020-08-24 09:36:59.500,3.356,100
2020-08-24 09:36:59.500,3.356,200
2020-08-24 09:36:59.500,3.356,2000
2020-08-24 09:36:59.500,3.356,800
2020-08-24 09:36:59.500,3.356,16000
2020-08-24 09:36:59.500,3.356,10000
2020-08-24 09:36:59.500,3.356,400
2020-08-24 09:36:59.500,3.356,1000
2020-08-24 09:36:59.690,3.356,4000
2020-08-24 09:36:59.810,3.356,4300
2020-08-24 09:37:00.340,3.356,1000
2020-08-24 09:37:00.640,3.356,10000
2020-08-24 09:37:00.720,3.356,60000
2020-08-24 09:37:00.870,3.357,3000
2020-08-24 09:37:00.870,3.357,27400
2020-08-24 09:37:00.950,3.356,5000
2020-08-24 09:37:01.080,3.356,1300
2020-08-24 09:37:01.380,3.355,800
2020-08-24 09:37:01.380,3.355,10000
2020-08-24 09:37:01.380,3.355,6900
2020-08-24 09:37:04.350,3.355,100
2020-08-24 09:37:04.890,3.355,500
2020-08-24 09:37:05.160,3.355,60100
2020-08-24 09:37:05.160,3.355,37000
2020-08-24 09:37:05.160,3.355,10000
2020-08-24 09:37:05.160,3.355,10000
2020-08-24 09:37:05.160,3.355,1000
2020-08-24 09:37:05.160,3.356,28700
2020-08-24 09:37:05.160,3.356,10000
2020-08-24 09:37:05.160,3.356,30000
2020-08-24 09:37:05.160,3.356,20000
2020-08-24 09:37:05.160,3.356,100000
2020-08-24 09:37:06.190,3.355,400
2020-08-24 09:37:07.780,3.353,7500
2020-08-24 09:37:07.830,3.353,20000
2020-08-24 09:37:10.100,3.353,600
2020-08-24 09:37:11.110,3.353,63700
2020-08-24 09:37:11.110,3.352,47700
2020-08-24 09:37:11.110,3.352,31000
2020-08-24 09:37:14.080,3.353,50000
2020-08-24 09:37:14.080,3.353,4400
2020-08-24 09:37:14.770,3.353,50000
2020-08-24 09:37:14.770,3.353,50000
2020-08-24 09:37:14.920,3.353,145600
2020-08-24 09:37:18.700,3.353,1000
2020-08-24 09:37:19.270,3.352,1600
2020-08-24 09:37:20.370,3.351,1500
2020-08-24 09:37:20.540,3.351,2300
2020-08-24 09:37:20.540,3.351,400
2020-08-24 09:37:20.540,3.351,300
2020-08-24 09:37:20.540,3.351,500
2020-08-24 09:37:22.110,3.351,3000
2020-08-24 09:37:24.140,3.351,60000
2020-08-24 09:37:24.590,3.35,200
2020-08-24 09:37:24.590,3.35,300
2020-08-24 09:37:24.720,3.351,11100
2020-08-24 09:37:24.720,3.351,10000
2020-08-24 09:37:24.720,3.351,7600
2020-08-24 09:37:25.890,3.351,3700
2020-08-24 09:37:26.770,3.352,2000
2020-08-24 09:37:29.710,3.351,200
2020-08-24 09:37:31.210,3.351,16100
2020-08-24 09:37:31.210,3.351,200
2020-08-24 09:37:31.210,3.351,1700
2020-08-24 09:37:31.210,3.35,9700
2020-08-24 09:37:31.210,3.35,1000
2020-08-24 09:37:31.210,3.35,11000
2020-08-24 09:37:31.210,3.35,1000
2020-08-24 09:37:31.210,3.35,1000
2020-08-24 09:37:31.210,3.35,1000
2020-08-24 09:37:31.210,3.35,25500
2020-08-24 09:37:31.210,3.35,200
2020-08-24 09:37:31.210,3.35,10000
2020-08-24 09:37:31.210,3.35,3000
2020-08-24 09:37:32.700,3.35,500
2020-08-24 09:37:34.060,3.35,30000
2020-08-24 09:37:34.060,3.35,20000
2020-08-24 09:37:34.610,3.35,10600
2020-08-24 09:37:34.610,3.35,10000
2020-08-24 09:37:34.610,3.35,30000
2020-08-24 09:37:36.210,3.349,2900
2020-08-24 09:37:36.370,3.349,9700
2020-08-24 09:37:40.820,3.349,2000
2020-08-24 09:37:41.240,3.349,4000
2020-08-24 09:37:41.480,3.349,500
2020-08-24 09:37:42.160,3.349,50000
2020-08-24 09:37:43.960,3.349,10000
2020-08-24 09:37:44.720,3.349,15000
2020-08-24 09:37:44.830,3.349,5000
2020-08-24 09:37:44.830,3.348,600
2020-08-24 09:37:44.830,3.348,400
2020-08-24 09:37:44.830,3.348,1000
2020-08-24 09:37:44.830,3.348,3000
2020-08-24 09:37:45.590,3.349,1800
2020-08-24 09:37:48.450,3.348,500
2020-08-24 09:37:48.450,3.348,1000
2020-08-24 09:37:48.450,3.348,100
2020-08-24 09:37:50.880,3.348,800
2020-08-24 09:37:53.200,3.348,100
2020-08-24 09:37:53.750,3.347,300
2020-08-24 09:37:53.750,3.347,10000
2020-08-24 09:37:53.750,3.347,6100
2020-08-24 09:37:53.750,3.347,200
2020-08-24 09:37:54.120,3.347,4800
2020-08-24 09:37:54.120,3.347,4000
2020-08-24 09:37:54.120,3.347,1200
2020-08-24 09:37:55.320,3.347,28800
2020-08-24 09:37:55.320,3.346,8500
2020-08-24 09:37:55.320,3.346,3000
2020-08-24 09:37:55.320,3.346,10000
2020-08-24 09:37:55.320,3.346,100
2020-08-24 09:37:55.320,3.346,500
2020-08-24 09:37:55.320,3.346,10600
2020-08-24 09:37:56.850,3.346,2000
2020-08-24 09:37:59.640,3.346,3000
2020-08-24 09:38:01.070,3.346,6200
2020-08-24 09:38:01.070,3.346,10000
2020-08-24 09:38:01.070,3.346,5000
2020-08-24 09:38:01.070,3.346,100
2020-08-24 09:38:01.070,3.346,8700
2020-08-24 09:38:01.070,3.346,70000
2020-08-24 09:38:01.070,3.346,30000
2020-08-24 09:38:01.070,3.346,10000
2020-08-24 09:38:02.210,3.346,1000
2020-08-24 09:38:02.330,3.346,5000
2020-08-24 09:38:02.760,3.346,200
2020-08-24 09:38:02.890,3.346,10800
2020-08-24 09:38:04.120,3.347,20000
2020-08-24 09:38:04.120,3.347,300
2020-08-24 09:38:04.120,3.347,40000
2020-08-24 09:38:04.120,3.347,900
2020-08-24 09:38:04.120,3.347,2500
2020-08-24 09:38:04.120,3.347,1600
2020-08-24 09:38:04.120,3.347,18500
2020-08-24 09:38:04.120,3.347,16200
2020-08-24 09:38:04.230,3.347,200
2020-08-24 09:38:05.350,3.346,4500
2020-08-24 09:38:05.540,3.346,5000
2020-08-24 09:38:06.510,3.346,1800
2020-08-24 09:38:06.790,3.346,500
2020-08-24 09:38:08.060,3.346,11900
2020-08-24 09:38:08.350,3.346,3000
2020-08-24 09:38:08.660,3.346,300
2020-08-24 09:38:08.720,3.346,900
2020-08-24 09:38:10.070,3.347,7500
2020-08-24 09:38:10.070,3.347,1000
2020-08-24 09:38:10.070,3.347,1500
2020-08-24 09:38:10.160,3.346,200
2020-08-24 09:38:10.720,3.346,60600
2020-08-24 09:38:11.120,3.346,300
2020-08-24 09:38:12.210,3.346,75300
2020-08-24 09:38:12.210,3.346,200
2020-08-24 09:38:12.210,3.346,500
2020-08-24 09:38:12.210,3.346,500
2020-08-24 09:38:12.210,3.346,100
2020-08-24 09:38:12.210,3.345,5000
2020-08-24 09:38:12.210,3.345,1000
2020-08-24 09:38:12.210,3.345,3000
2020-08-24 09:38:12.210,3.345,100
2020-08-24 09:38:12.210,3.345,6100
2020-08-24 09:38:12.210,3.345,10000
2020-08-24 09:38:12.210,3.345,40700
2020-08-24 09:38:12.570,3.347,1500
2020-08-24 09:38:12.570,3.347,2900
2020-08-24 09:38:12.570,3.347,5600
2020-08-24 09:38:12.840,3.347,8000
2020-08-24 09:38:13.740,3.346,30500
2020-08-24 09:38:13.800,3.346,1500
2020-08-24 09:38:14.420,3.347,6400
2020-08-24 09:38:14.420,3.347,1000
2020-08-24 09:38:14.660,3.347,1000
2020-08-24 09:38:14.680,3.348,7500
2020-08-24 09:38:14.680,3.348,5000
2020-08-24 09:38:14.680,3.348,6000
2020-08-24 09:38:14.680,3.348,10000
2020-08-24 09:38:14.680,3.348,20000
2020-08-24 09:38:14.680,3.348,5000
2020-08-24 09:38:14.680,3.348,2000
2020-08-24 09:38:15.570,3.349,298200
2020-08-24 09:38:15.570,3.349,1800
2020-08-24 09:38:15.650,3.349,1200
2020-08-24 09:38:15.650,3.349,50000
2020-08-24 09:38:15.650,3.349,6000
2020-08-24 09:38:15.650,3.349,300
2020-08-24 09:38:15.650,3.349,100
2020-08-24 09:38:16.590,3.349,77200
2020-08-24 09:38:18.770,3.349,17600
2020-08-24 09:38:19.570,3.349,10000
2020-08-24 09:38:19.900,3.349,137600
2020-08-24 09:38:19.900,3.349,12400
2020-08-24 09:38:21.710,3.349,600
2020-08-24 09:38:22.160,3.349,300
2020-08-24 09:38:22.320,3.349,600
2020-08-24 09:38:22.350,3.349,10000
2020-08-24 09:38:23.900,3.349,76100
2020-08-24 09:38:23.900,3.349,23900
2020-08-24 09:38:24.990,3.349,6100
2020-08-24 09:38:24.990,3.349,3900
2020-08-24 09:38:25.310,3.349,6100
2020-08-24 09:38:25.310,3.349,12800
2020-08-24 09:38:25.490,3.349,100
2020-08-24 09:38:25.820,3.349,4000
2020-08-24 09:38:28.340,3.35,1000
2020-08-24 09:38:28.340,3.35,2000
2020-08-24 09:38:28.850,3.349,100
2020-08-24 09:38:28.850,3.349,59900
2020-08-24 09:38:28.850,3.35,1000
2020-08-24 09:38:28.850,3.35,11400
2020-08-24 09:38:28.850,3.35,10000
2020-08-24 09:38:28.850,3.35,1400
2020-08-24 09:38:28.850,3.35,69600
2020-08-24 09:38:28.930,3.348,4300
2020-08-24 09:38:28.930,3.348,25700
2020-08-24 09:38:29.230,3.35,1000
2020-08-24 09:38:29.850,3.348,4000
2020-08-24 09:38:30.000,3.348,5000
2020-08-24 09:38:30.550,3.348,16900
2020-08-24 09:38:31.390,3.348,30000
2020-08-24 09:38:32.760,3.348,200000
2020-08-24 09:38:33.080,3.348,200
2020-08-24 09:38:33.130,3.348,18200
2020-08-24 09:38:33.620,3.347,3000
2020-08-24 09:38:33.620,3.347,100
2020-08-24 09:38:33.620,3.347,6900
2020-08-24 09:38:33.670,3.347,3000
2020-08-24 09:38:35.220,3.346,1600
2020-08-24 09:38:35.220,3.346,200
2020-08-24 09:38:38.000,3.345,67000
2020-08-24 09:38:38.620,3.346,70000
2020-08-24 09:38:38.620,3.346,30000
2020-08-24 09:38:38.620,3.346,10000
2020-08-24 09:38:38.620,3.346,30000
2020-08-24 09:38:39.030,3.346,700
2020-08-24 09:38:39.140,3.345,1200
2020-08-24 09:38:39.590,3.346,80000
2020-08-24 09:38:39.590,3.346,77500
2020-08-24 09:38:39.590,3.346,22500
2020-08-24 09:38:39.590,3.346,100000
2020-08-24 09:38:39.590,3.346,20000
2020-08-24 09:38:39.590,3.346,70000
2020-08-24 09:38:39.810,3.346,200
2020-08-24 09:38:39.870,3.346,2000
2020-08-24 09:38:41.990,3.345,400
2020-08-24 09:38:42.950,3.346,6000
2020-08-24 09:38:43.730,3.345,3000
2020-08-24 09:38:43.970,3.346,18200
2020-08-24 09:38:44.100,3.345,500
2020-08-24 09:38:45.900,3.345,12800
2020-08-24 09:38:46.610,3.345,130000
2020-08-24 09:38:46.840,3.346,20000
2020-08-24 09:38:46.840,3.346,100
2020-08-24 09:38:47.240,3.345,800
2020-08-24 09:38:47.290,3.345,10000
2020-08-24 09:38:47.600,3.345,33600
2020-08-24 09:38:47.600,3.345,1500
2020-08-24 09:38:47.600,3.345,5000
2020-08-24 09:38:47.600,3.345,10000
2020-08-24 09:38:47.600,3.345,14800
2020-08-24 09:38:47.600,3.345,100
2020-08-24 09:38:47.600,3.345,37500
2020-08-24 09:38:49.060,3.345,1500
2020-08-24 09:38:49.060,3.345,10000
2020-08-24 09:38:49.210,3.345,1000
2020-08-24 09:38:49.560,3.345,10000
2020-08-24 09:38:49.690,3.344,1000
2020-08-24 09:38:49.690,3.344,300
2020-08-24 09:38:49.690,3.344,500
2020-08-24 09:38:49.690,3.344,100
2020-08-24 09:38:49.690,3.344,10000
2020-08-24 09:38:49.690,3.344,5000
2020-08-24 09:38:49.690,3.344,100
2020-08-24 09:38:49.690,3.344,1500
2020-08-24 09:38:49.690,3.344,900
2020-08-24 09:38:49.690,3.344,5000
2020-08-24 09:38:49.690,3.344,600
2020-08-24 09:38:49.690,3.344,15000
2020-08-24 09:38:49.690,3.344,30000
2020-08-24 09:38:49.690,3.344,20000
2020-08-24 09:38:49.690,3.344,30000
2020-08-24 09:38:50.260,3.344,205000
2020-08-24 09:38:50.260,3.344,1000
2020-08-24 09:38:50.260,3.344,300
2020-08-24 09:38:51.320,3.343,2000
2020-08-24 09:38:51.320,3.343,10000
2020-08-24 09:38:51.320,3.343,5000
2020-08-24 09:38:51.320,3.343,1000
2020-08-24 09:38:51.320,3.343,1000
2020-08-24 09:38:51.320,3.343,6100
2020-08-24 09:38:51.320,3.343,100
2020-08-24 09:38:51.320,3.343,3000
2020-08-24 09:38:51.320,3.343,100
2020-08-24 09:38:51.320,3.343,5000
2020-08-24 09:38:51.320,3.343,100
2020-08-24 09:38:51.320,3.343,700
2020-08-24 09:38:51.320,3.343,10000
2020-08-24 09:38:52.680,3.343,1000
2020-08-24 09:38:52.710,3.343,5000
2020-08-24 09:38:53.240,3.342,3000
2020-08-24 09:38:53.240,3.342,100
2020-08-24 09:38:53.240,3.342,1500
2020-08-24 09:38:53.240,3.342,1000
2020-08-24 09:38:53.240,3.342,100
2020-08-24 09:38:53.240,3.342,3000
2020-08-24 09:38:53.240,3.342,500
2020-08-24 09:38:53.240,3.342,5000
2020-08-24 09:38:53.240,3.342,100000
2020-08-24 09:38:53.430,3.342,5900
2020-08-24 09:38:55.250,3.342,5000
2020-08-24 09:38:55.390,3.341,142500
2020-08-24 09:38:55.730,3.341,40000
2020-08-24 09:38:55.730,3.341,30000
2020-08-24 09:38:55.730,3.341,30000
2020-08-24 09:38:55.730,3.341,10000
2020-08-24 09:38:55.730,3.341,30000
2020-08-24 09:38:55.730,3.341,30000
2020-08-24 09:38:55.730,3.341,30000
2020-08-24 09:38:55.730,3.341,30000
2020-08-24 09:38:55.730,3.341,20000
2020-08-24 09:38:55.730,3.341,30000
2020-08-24 09:38:55.730,3.341,30000
2020-08-24 09:38:55.730,3.341,30000
2020-08-24 09:38:55.730,3.341,30000
2020-08-24 09:38:55.730,3.341,30000
2020-08-24 09:38:55.730,3.341,30000
2020-08-24 09:38:55.730,3.341,30000
2020-08-24 09:38:55.730,3.341,40000
2020-08-24 09:38:55.730,3.341,10000
2020-08-24 09:38:55.730,3.341,10000
2020-08-24 09:38:55.730,3.341,30000
2020-08-24 09:38:56.310,3.341,107500
2020-08-24 09:38:56.310,3.341,5000
2020-08-24 09:38:56.310,3.341,5000
2020-08-24 09:38:56.310,3.341,100
2020-08-24 09:38:56.310,3.341,1000
2020-08-24 09:38:56.310,3.341,300
2020-08-24 09:38:56.310,3.341,500
2020-08-24 09:38:56.310,3.341,6100
2020-08-24 09:38:56.310,3.341,100
2020-08-24 09:38:56.310,3.341,10000
2020-08-24 09:38:56.310,3.341,5000
2020-08-24 09:38:56.310,3.341,200
2020-08-24 09:38:56.310,3.341,10000
2020-08-24 09:38:56.310,3.341,5000
2020-08-24 09:38:56.310,3.341,5000
2020-08-24 09:38:56.340,3.341,45900
2020-08-24 09:38:56.680,3.34,3000
2020-08-24 09:38:56.680,3.34,1000
2020-08-24 09:38:56.680,3.34,1000
2020-08-24 09:38:56.680,3.34,5000
2020-08-24 09:38:56.680,3.34,14900
2020-08-24 09:38:56.680,3.34,10000
2020-08-24 09:38:56.680,3.34,100
2020-08-24 09:38:56.680,3.34,2000
2020-08-24 09:38:56.680,3.34,5500
2020-08-24 09:38:56.680,3.34,50000
2020-08-24 09:38:56.680,3.34,1000
2020-08-24 09:38:56.680,3.34,200
2020-08-24 09:38:56.680,3.34,10000
2020-08-24 09:38:56.680,3.34,15000
2020-08-24 09:38:56.680,3.34,100
2020-08-24 09:38:56.680,3.34,2000
2020-08-24 09:38:56.680,3.34,2000
2020-08-24 09:38:56.680,3.34,5000
2020-08-24 09:38:56.680,3.34,772200
2020-08-24 09:38:57.120,3.341,10000
2020-08-24 09:38:57.310,3.34,127800
2020-08-24 09:38:57.310,3.34,93000
2020-08-24 09:38:57.310,3.339,100
2020-08-24 09:38:57.310,3.339,600
2020-08-24 09:38:57.310,3.339,300
2020-08-24 09:38:57.310,3.339,100
2020-08-24 09:38:57.310,3.339,1000
2020-08-24 09:38:57.310,3.339,500
2020-08-24 09:38:57.310,3.339,6100
2020-08-24 09:38:57.310,3.339,5100
2020-08-24 09:38:57.310,3.339,5000
2020-08-24 09:38:57.310,3.339,5000
2020-08-24 09:38:57.450,3.339,100
2020-08-24 09:38:57.770,3.339,55300
2020-08-24 09:38:57.770,3.34,300000
2020-08-24 09:38:57.770,3.34,300000
2020-08-24 09:38:57.770,3.34,10000
2020-08-24 09:38:57.770,3.34,50000
2020-08-24 09:38:57.770,3.34,50000
2020-08-24 09:38:57.770,3.34,134700
2020-08-24 09:38:59.070,3.339,100
2020-08-24 09:38:59.370,3.339,1500
2020-08-24 09:38:59.950,3.339,14900
2020-08-24 09:39:00.610,3.339,400
2020-08-24 09:39:00.750,3.339,57800
2020-08-24 09:39:01.320,3.34,1500
2020-08-24 09:39:01.380,3.338,3000
2020-08-24 09:39:04.180,3.339,800
2020-08-24 09:39:04.180,3.338,2700
2020-08-24 09:39:05.690,3.339,600
2020-08-24 09:39:06.560,3.34,30000
2020-08-24 09:39:06.560,3.34,30000
2020-08-24 09:39:06.560,3.34,100000
2020-08-24 09:39:06.560,3.34,3800
2020-08-24 09:39:06.980,3.341,83300
2020-08-24 09:39:06.980,3.341,100
2020-08-24 09:39:06.980,3.341,10000
2020-08-24 09:39:06.980,3.341,500
2020-08-24 09:39:06.980,3.341,105500
2020-08-24 09:39:09.220,3.34,3000
2020-08-24 09:39:09.570,3.34,9900
2020-08-24 09:39:09.770,3.341,17000
2020-08-24 09:39:09.770,3.341,3000
2020-08-24 09:39:09.910,3.341,1400
2020-08-24 09:39:09.940,3.341,2900
2020-08-24 09:39:10.140,3.34,4000
2020-08-24 09:39:10.140,3.341,1000
2020-08-24 09:39:10.200,3.34,3000
2020-08-24 09:39:10.280,3.341,20000
2020-08-24 09:39:10.500,3.34,400
2020-08-24 09:39:11.200,3.341,5700
2020-08-24 09:39:11.200,3.341,30000
2020-08-24 09:39:12.430,3.34,2100
2020-08-24 09:39:12.570,3.34,3800
2020-08-24 09:39:12.570,3.34,10000
2020-08-24 09:39:12.570,3.34,30000
2020-08-24 09:39:12.570,3.34,30000
2020-08-24 09:39:12.570,3.34,30000
2020-08-24 09:39:12.570,3.34,30000
2020-08-24 09:39:12.570,3.34,10000
2020-08-24 09:39:12.570,3.34,10000
2020-08-24 09:39:12.570,3.34,30000
2020-08-24 09:39:12.570,3.34,30000
2020-08-24 09:39:12.570,3.34,30000
2020-08-24 09:39:12.570,3.34,30000
2020-08-24 09:39:12.570,3.34,26200
2020-08-24 09:39:13.960,3.341,7000
2020-08-24 09:39:13.990,3.341,11000
2020-08-24 09:39:14.210,3.341,2000
2020-08-24 09:39:14.820,3.341,7200
2020-08-24 09:39:15.630,3.341,1000
2020-08-24 09:39:15.930,3.341,11800
2020-08-24 09:39:15.930,3.341,28200
2020-08-24 09:39:15.930,3.34,3800
2020-08-24 09:39:15.930,3.34,30000
2020-08-24 09:39:15.930,3.34,30000
2020-08-24 09:39:15.930,3.34,33100
2020-08-24 09:39:16.250,3.34,15000
2020-08-24 09:39:19.100,3.342,2800
2020-08-24 09:39:19.100,3.342,93000
2020-08-24 09:39:19.100,3.342,500
2020-08-24 09:39:21.600,3.343,1800
2020-08-24 09:39:21.600,3.344,50100
2020-08-24 09:39:22.930,3.343,164300
2020-08-24 09:39:23.360,3.342,10000
2020-08-24 09:39:23.750,3.342,200
2020-08-24 09:39:26.640,3.342,6200
2020-08-24 09:39:28.640,3.342,142500
2020-08-24 09:39:29.460,3.342,20000
2020-08-24 09:39:29.680,3.342,3000
2020-08-24 09:39:30.270,3.342,20000
2020-08-24 09:39:31.360,3.342,700
2020-08-24 09:39:31.640,3.342,300100
2020-08-24 09:39:31.900,3.342,300100
2020-08-24 09:39:32.000,3.342,900
2020-08-24 09:39:32.270,3.341,1000
2020-08-24 09:39:32.270,3.341,300
2020-08-24 09:39:32.270,3.341,3000
2020-08-24 09:39:32.270,3.341,5700
2020-08-24 09:39:32.780,3.342,2000
2020-08-24 09:39:33.580,3.342,30000
2020-08-24 09:39:33.580,3.342,40000
2020-08-24 09:39:33.580,3.342,30000
2020-08-24 09:39:33.580,3.342,10000
2020-08-24 09:39:33.580,3.342,30000
2020-08-24 09:39:33.580,3.342,30000
2020-08-24 09:39:33.580,3.342,10000
2020-08-24 09:39:33.580,3.342,20000
2020-08-24 09:39:33.580,3.342,40000
2020-08-24 09:39:33.580,3.342,20000
2020-08-24 09:39:35.180,3.341,500
2020-08-24 09:39:36.500,3.342,20000
2020-08-24 09:39:36.580,3.342,17100
2020-08-24 09:39:36.580,3.342,12900
2020-08-24 09:39:37.080,3.342,1000
2020-08-24 09:39:37.450,3.342,600
2020-08-24 09:39:38.300,3.342,15500
2020-08-24 09:39:38.460,3.342,5400
2020-08-24 09:39:38.660,3.342,1400
2020-08-24 09:39:38.990,3.342,3200
2020-08-24 09:39:39.040,3.342,5000
2020-08-24 09:39:39.430,3.342,30000
2020-08-24 09:39:39.570,3.343,20000
2020-08-24 09:39:39.570,3.343,80000
2020-08-24 09:39:39.570,3.343,100000
2020-08-24 09:39:39.570,3.343,10000
2020-08-24 09:39:39.570,3.343,100000
2020-08-24 09:39:39.570,3.343,10000
2020-08-24 09:39:39.570,3.343,40000
2020-08-24 09:39:39.570,3.343,100000
2020-08-24 09:39:39.570,3.343,40000
2020-08-24 09:39:39.600,3.342,1800
2020-08-24 09:39:39.600,3.342,20000
2020-08-24 09:39:39.600,3.342,16300
2020-08-24 09:39:39.600,3.342,111900
2020-08-24 09:39:39.650,3.342,300
2020-08-24 09:39:40.180,3.344,43700
2020-08-24 09:39:40.180,3.344,256300
2020-08-24 09:39:41.020,3.343,2000
2020-08-24 09:39:41.900,3.344,2000
2020-08-24 09:39:45.450,3.343,6200
2020-08-24 09:39:48.850,3.343,500
2020-08-24 09:39:49.180,3.344,1000
2020-08-24 09:39:50.270,3.343,1300
2020-08-24 09:39:50.270,3.343,300
2020-08-24 09:39:50.720,3.342,42300
2020-08-24 09:39:50.720,3.342,1000
2020-08-24 09:39:50.720,3.342,5000
2020-08-24 09:39:50.720,3.342,3000
2020-08-24 09:39:50.720,3.341,91200
2020-08-24 09:39:52.760,3.343,10000
2020-08-24 09:39:52.760,3.343,60000
2020-08-24 09:39:52.760,3.343,20000
2020-08-24 09:39:54.000,3.342,8900
2020-08-24 09:39:54.000,3.342,300
2020-08-24 09:39:54.000,3.342,30000
2020-08-24 09:39:54.000,3.342,20800
2020-08-24 09:39:54.860,3.343,2000
2020-08-24 09:39:55.070,3.343,10000
2020-08-24 09:39:55.070,3.343,27100
2020-08-24 09:39:55.070,3.343,300
2020-08-24 09:39:55.070,3.343,22600
2020-08-24 09:39:55.070,3.343,20000
2020-08-24 09:39:55.070,3.343,18000
2020-08-24 09:39:55.070,3.343,10000
2020-08-24 09:39:55.070,3.343,32000
2020-08-24 09:39:55.930,3.343,5000
2020-08-24 09:39:56.680,3.343,10000
2020-08-24 09:39:58.100,3.343,10000
2020-08-24 09:39:59.150,3.342,3300
2020-08-24 09:39:59.180,3.343,400
2020-08-24 09:39:59.850,3.343,800
2020-08-24 09:40:00.870,3.342,3800
2020-08-24 09:40:02.380,3.342,300
2020-08-24 09:40:04.540,3.342,600
2020-08-24 09:40:05.000,3.343,1000
2020-08-24 09:40:05.280,3.343,10800
2020-08-24 09:40:05.280,3.343,289200
2020-08-24 09:40:05.280,3.343,10800
2020-08-24 09:40:05.280,3.344,40800
2020-08-24 09:40:05.280,3.344,1200
2020-08-24 09:40:05.280,3.344,10000
2020-08-24 09:40:05.280,3.344,2000
2020-08-24 09:40:05.280,3.344,200
2020-08-24 09:40:05.280,3.344,30100
2020-08-24 09:40:05.280,3.344,50000
2020-08-24 09:40:05.280,3.344,3000
2020-08-24 09:40:05.280,3.344,3800
2020-08-24 09:40:05.280,3.344,60000
2020-08-24 09:40:05.280,3.345,2000
2020-08-24 09:40:05.280,3.345,14900
2020-08-24 09:40:05.280,3.345,3100
2020-08-24 09:40:05.280,3.345,68100
2020-08-24 09:40:06.050,3.342,700
2020-08-24 09:40:07.690,3.342,200
2020-08-24 09:40:08.790,3.342,35000
2020-08-24 09:40:09.470,3.343,5000
2020-08-24 09:40:09.470,3.342,3000
2020-08-24 09:40:10.290,3.342,500
2020-08-24 09:40:10.290,3.342,200
2020-08-24 09:40:10.290,3.342,800
2020-08-24 09:40:10.440,3.343,18000
2020-08-24 09:40:10.930,3.342,3700
2020-08-24 09:40:12.050,3.342,3000
2020-08-24 09:40:12.600,3.344,3900
2020-08-24 09:40:12.730,3.344,10000
2020-08-24 09:40:13.450,3.343,1500
2020-08-24 09:40:13.810,3.342,200
2020-08-24 09:40:14.570,3.344,6100
2020-08-24 09:40:15.760,3.345,30000
2020-08-24 09:40:15.760,3.345,30000
2020-08-24 09:40:15.760,3.345,20000
2020-08-24 09:40:15.760,3.345,30000
2020-08-24 09:40:15.760,3.345,30000
2020-08-24 09:40:15.990,3.345,300000
2020-08-24 09:40:16.110,3.345,10000
2020-08-24 09:40:16.110,3.345,56200
2020-08-24 09:40:16.110,3.345,5500
2020-08-24 09:40:16.110,3.345,200
2020-08-24 09:40:17.800,3.345,28100
2020-08-24 09:40:17.800,3.345,6900
2020-08-24 09:40:18.060,3.346,39900
2020-08-24 09:40:18.490,3.346,1100
2020-08-24 09:40:18.490,3.346,9500
2020-08-24 09:40:18.490,3.346,9400
2020-08-24 09:40:18.490,3.346,10000
2020-08-24 09:40:18.490,3.347,7000
2020-08-24 09:40:20.610,3.347,142800
2020-08-24 09:40:20.610,3.347,100
2020-08-24 09:40:21.890,3.348,6000
2020-08-24 09:40:21.890,3.348,6100
2020-08-24 09:40:21.890,3.348,5000
2020-08-24 09:40:21.890,3.348,300
2020-08-24 09:40:21.890,3.348,182600
2020-08-24 09:40:22.090,3.348,30000
2020-08-24 09:40:22.090,3.348,10000
2020-08-24 09:40:22.090,3.348,30000
2020-08-24 09:40:22.090,3.348,30000
2020-08-24 09:40:22.140,3.347,300
2020-08-24 09:40:22.610,3.348,80000
2020-08-24 09:40:23.450,3.348,300000
2020-08-24 09:40:25.570,3.348,1000
2020-08-24 09:40:25.570,3.348,7400
2020-08-24 09:40:27.000,3.348,13400
2020-08-24 09:40:27.000,3.348,69700
2020-08-24 09:40:29.380,3.348,2000
2020-08-24 09:40:29.540,3.348,1000
2020-08-24 09:40:31.860,3.348,6000
2020-08-24 09:40:32.550,3.348,50000
2020-08-24 09:40:32.760,3.349,200
2020-08-24 09:40:32.760,3.349,121400
2020-08-24 09:40:32.760,3.349,5900
2020-08-24 09:40:32.760,3.349,5000
2020-08-24 09:40:32.760,3.349,5000
2020-08-24 09:40:32.760,3.349,5000
2020-08-24 09:40:32.760,3.349,3800
2020-08-24 09:40:32.760,3.349,5000
2020-08-24 09:40:32.760,3.349,10000
2020-08-24 09:40:32.760,3.349,5000
2020-08-24 09:40:33.230,3.35,4500
2020-08-24 09:40:33.230,3.35,300
2020-08-24 09:40:33.230,3.35,10000
2020-08-24 09:40:33.230,3.35,5200
2020-08-24 09:40:33.350,3.349,5000
2020-08-24 09:40:33.520,3.349,25000
2020-08-24 09:40:33.520,3.349,10000
2020-08-24 09:40:33.520,3.348,25600
2020-08-24 09:40:35.120,3.35,9800
2020-08-24 09:40:35.120,3.35,6000
2020-08-24 09:40:35.120,3.35,14200
2020-08-24 09:40:35.150,3.35,30000
2020-08-24 09:40:36.340,3.348,5000
2020-08-24 09:40:36.960,3.349,100
2020-08-24 09:40:37.520,3.349,600
2020-08-24 09:40:37.520,3.348,900
2020-08-24 09:40:37.610,3.348,4000
2020-08-24 09:40:38.110,3.348,2000
2020-08-24 09:40:38.720,3.348,10000
2020-08-24 09:40:40.630,3.349,100
2020-08-24 09:40:40.630,3.349,100
2020-08-24 09:40:41.070,3.349,5000
2020-08-24 09:40:41.530,3.349,22600
2020-08-24 09:40:41.530,3.349,6100
2020-08-24 09:40:41.530,3.348,110400
2020-08-24 09:40:41.530,3.348,2700
2020-08-24 09:40:41.530,3.348,10000
2020-08-24 09:40:41.530,3.348,10000
2020-08-24 09:40:41.530,3.347,52000
2020-08-24 09:40:42.500,3.35,2600
2020-08-24 09:40:44.520,3.35,1100
2020-08-24 09:40:45.480,3.349,1700
2020-08-24 09:40:47.090,3.349,30000
2020-08-24 09:40:47.090,3.349,30000
2020-08-24 09:40:47.090,3.349,20000
2020-08-24 09:40:47.580,3.349,80000
2020-08-24 09:40:48.730,3.349,30000
2020-08-24 09:40:48.730,3.349,30000
2020-08-24 09:40:48.730,3.349,30000
2020-08-24 09:40:48.730,3.349,20000
2020-08-24 09:40:48.730,3.349,10000
2020-08-24 09:40:48.730,3.349,18300
2020-08-24 09:40:48.730,3.349,11700
2020-08-24 09:40:48.730,3.349,10000
2020-08-24 09:40:48.730,3.349,30000
2020-08-24 09:40:48.730,3.349,10000
2020-08-24 09:40:48.730,3.349,30000
2020-08-24 09:40:48.730,3.349,30000
2020-08-24 09:40:48.730,3.349,30000
2020-08-24 09:40:48.730,3.349,30000
2020-08-24 09:40:48.730,3.349,30000
2020-08-24 09:40:51.040,3.349,2900
2020-08-24 09:40:51.040,3.349,3000
2020-08-24 09:40:51.410,3.349,27000
2020-08-24 09:40:51.690,3.35,12500
2020-08-24 09:40:51.690,3.35,500
2020-08-24 09:40:52.320,3.349,1000
2020-08-24 09:40:52.660,3.349,5000
2020-08-24 09:40:52.660,3.35,200
2020-08-24 09:40:52.660,3.35,2000
2020-08-24 09:40:52.660,3.35,200
2020-08-24 09:40:52.660,3.35,100
2020-08-24 09:40:52.660,3.35,5000
2020-08-24 09:40:52.660,3.35,1000
2020-08-24 09:40:52.660,3.35,2000
2020-08-24 09:40:52.660,3.35,100
2020-08-24 09:40:53.110,3.35,10000
2020-08-24 09:40:53.160,3.35,300
2020-08-24 09:40:53.960,3.35,9100
2020-08-24 09:40:53.960,3.35,900
2020-08-24 09:40:54.300,3.35,9100
2020-08-24 09:40:54.300,3.35,900
2020-08-24 09:40:55.040,3.351,10000
2020-08-24 09:40:55.040,3.351,10000
2020-08-24 09:40:55.040,3.351,500
2020-08-24 09:40:55.040,3.351,100
2020-08-24 09:40:55.040,3.351,50000
2020-08-24 09:40:55.040,3.351,10000
2020-08-24 09:40:55.040,3.351,100
2020-08-24 09:40:55.040,3.351,5000
2020-08-24 09:40:55.130,3.352,2000
2020-08-24 09:40:55.130,3.352,1000
2020-08-24 09:40:55.130,3.352,297000
2020-08-24 09:40:55.710,3.351,4000
2020-08-24 09:40:58.170,3.351,6700
2020-08-24 09:40:58.280,3.352,3000
2020-08-24 09:40:58.280,3.352,10000
2020-08-24 09:40:58.280,3.352,1000
2020-08-24 09:40:58.280,3.352,100
2020-08-24 09:40:58.280,3.352,6000
2020-08-24 09:40:58.280,3.352,100
2020-08-24 09:40:58.280,3.352,58000
2020-08-24 09:40:58.280,3.352,5000
2020-08-24 09:40:58.280,3.352,10000
2020-08-24 09:40:58.280,3.352,50000
2020-08-24 09:40:58.280,3.352,40000
2020-08-24 09:40:58.280,3.352,184600
