Datetime,Price,Volume
2020-08-24 09:25:00.280,4.805,300
2020-08-24 09:25:00.280,4.805,2500
2020-08-24 09:25:00.280,4.805,7200
2020-08-24 09:25:00.280,4.805,300
2020-08-24 09:25:00.280,4.805,2500
2020-08-24 09:25:00.280,4.805,5000
2020-08-24 09:25:00.280,4.805,3600
2020-08-24 09:25:00.280,4.805,9700
2020-08-24 09:25:00.280,4.805,1900
2020-08-24 09:25:00.280,4.805,3400
2020-08-24 09:25:00.280,4.805,6600
2020-08-24 09:25:00.280,4.805,1800
2020-08-24 09:25:00.280,4.805,200
2020-08-24 09:25:00.280,4.805,5900
2020-08-24 09:25:00.280,4.805,1100
2020-08-24 09:25:00.280,4.805,3000
2020-08-24 09:25:00.280,4.805,1000
2020-08-24 09:25:00.280,4.805,5000
2020-08-24 09:25:00.280,4.805,3000
2020-08-24 09:25:00.280,4.805,1000
2020-08-24 09:25:00.280,4.805,2100
2020-08-24 09:25:00.280,4.805,7900
2020-08-24 09:25:00.280,4.805,400
2020-08-24 09:25:00.280,4.805,1700
2020-08-24 09:25:00.280,4.805,100
2020-08-24 09:25:00.280,4.805,2700
2020-08-24 09:25:00.280,4.805,16600
2020-08-24 09:25:00.280,4.805,100
2020-08-24 09:25:00.280,4.805,400
2020-08-24 09:25:00.280,4.805,600
2020-08-24 09:25:00.280,4.805,200
2020-08-24 09:25:00.280,4.805,200
2020-08-24 09:25:00.280,4.805,11000
2020-08-24 09:25:00.280,4.805,100
2020-08-24 09:25:00.280,4.805,300
2020-08-24 09:25:00.280,4.805,200
2020-08-24 09:25:00.280,4.805,100
2020-08-24 09:25:00.280,4.805,1000
2020-08-24 09:25:00.280,4.805,3500
2020-08-24 09:25:00.280,4.805,2600
2020-08-24 09:25:00.280,4.805,500
2020-08-24 09:25:00.280,4.805,3000
2020-08-24 09:25:00.280,4.805,500
2020-08-24 09:25:00.280,4.805,100
2020-08-24 09:25:00.280,4.805,200
2020-08-24 09:25:00.280,4.805,3600
2020-08-24 09:25:00.280,4.805,1400
2020-08-24 09:25:00.280,4.805,200
2020-08-24 09:25:00.280,4.805,500
2020-08-24 09:25:00.280,4.805,100
2020-08-24 09:25:00.280,4.805,300
2020-08-24 09:25:00.280,4.805,1100
2020-08-24 09:25:00.280,4.805,500
2020-08-24 09:25:00.280,4.805,400
2020-08-24 09:25:00.280,4.805,500
2020-08-24 09:25:00.280,4.805,2000
2020-08-24 09:25:00.280,4.805,200
2020-08-24 09:25:00.280,4.805,100
2020-08-24 09:25:00.280,4.805,1100
2020-08-24 09:25:00.280,4.805,100
2020-08-24 09:25:00.280,4.805,400
2020-08-24 09:25:00.280,4.805,500
2020-08-24 09:25:00.280,4.805,100
2020-08-24 09:25:00.280,4.805,100
2020-08-24 09:25:00.280,4.805,2300
2020-08-24 09:25:00.280,4.805,1600
2020-08-24 09:25:00.280,4.805,1500
2020-08-24 09:25:00.280,4.805,3300
2020-08-24 09:25:00.280,4.805,100
2020-08-24 09:25:00.280,4.805,13300
2020-08-24 09:25:00.280,4.805,40500
2020-08-24 09:25:00.280,4.805,14300
2020-08-24 09:25:00.280,4.805,49700
2020-08-24 09:25:00.280,4.805,1300
2020-08-24 09:25:00.280,4.805,1000
2020-08-24 09:25:00.280,4.805,100
2020-08-24 09:25:00.280,4.805,27900
2020-08-24 09:25:00.280,4.805,10000
2020-08-24 09:25:00.280,4.805,27100
2020-08-24 09:25:00.280,4.805,1200
2020-08-24 09:25:00.280,4.805,62500
2020-08-24 09:25:00.280,4.805,2000
2020-08-24 09:25:00.280,4.805,19300
2020-08-24 09:25:00.280,4.805,100
2020-08-24 09:25:00.280,4.805,600
2020-08-24 09:25:00.280,4.805,1000
2020-08-24 09:25:00.280,4.805,100
2020-08-24 09:25:00.280,4.805,100
2020-08-24 09:25:00.280,4.805,2000
2020-08-24 09:25:00.280,4.805,600
2020-08-24 09:25:00.280,4.805,500
2020-08-24 09:25:00.280,4.805,5300
2020-08-24 09:25:00.280,4.805,3000
2020-08-24 09:25:00.280,4.805,3000
2020-08-24 09:25:00.280,4.805,100
2020-08-24 09:25:00.280,4.805,59500
2020-08-24 09:25:00.280,4.805,15000
2020-08-24 09:25:00.280,4.805,3700
2020-08-24 09:25:00.280,4.805,16300
2020-08-24 09:25:00.280,4.805,10000
2020-08-24 09:25:00.280,4.805,1000
2020-08-24 09:25:00.280,4.805,600
2020-08-24 09:25:00.280,4.805,22100
2020-08-24 09:25:00.280,4.805,21200
2020-08-24 09:25:00.280,4.805,1800
2020-08-24 09:25:00.280,4.805,200
2020-08-24 09:25:00.280,4.805,2000
2020-08-24 09:25:00.280,4.805,12000
2020-08-24 09:25:00.280,4.805,2000
2020-08-24 09:25:00.280,4.805,200
2020-08-24 09:25:00.280,4.805,2700
2020-08-24 09:25:00.280,4.805,2500
2020-08-24 09:25:00.280,4.805,100
2020-08-24 09:25:00.280,4.805,40000
2020-08-24 09:25:00.280,4.805,2000
2020-08-24 09:25:00.280,4.805,3500
2020-08-24 09:25:00.280,4.805,16800
2020-08-24 09:25:00.280,4.805,600
2020-08-24 09:25:00.280,4.805,200
2020-08-24 09:25:00.280,4.805,400
2020-08-24 09:25:00.280,4.805,200
2020-08-24 09:25:00.280,4.805,9800
2020-08-24 09:25:00.280,4.805,1000
2020-08-24 09:25:00.280,4.805,3500
2020-08-24 09:25:00.280,4.805,1000
2020-08-24 09:25:00.280,4.805,1000
2020-08-24 09:25:00.280,4.805,2000
2020-08-24 09:25:00.280,4.805,300
2020-08-24 09:25:00.280,4.805,13000
2020-08-24 09:25:00.280,4.805,44000
2020-08-24 09:25:00.280,4.805,4000
2020-08-24 09:25:00.280,4.805,27300
2020-08-24 09:25:00.280,4.805,2500
2020-08-24 09:25:00.280,4.805,9200
2020-08-24 09:25:00.280,4.805,100
2020-08-24 09:25:00.280,4.805,5000
2020-08-24 09:25:00.280,4.805,600
2020-08-24 09:25:00.280,4.805,100
2020-08-24 09:25:00.280,4.805,200
2020-08-24 09:25:00.280,4.805,200
2020-08-24 09:25:00.280,4.805,3500
2020-08-24 09:25:00.280,4.805,4000
2020-08-24 09:25:00.280,4.805,5000
2020-08-24 09:25:00.280,4.805,2000
2020-08-24 09:25:00.280,4.805,180800
2020-08-24 09:25:00.280,4.805,11000
2020-08-24 09:25:00.280,4.805,4900
2020-08-24 09:25:00.280,4.805,2500
2020-08-24 09:25:00.280,4.805,300
2020-08-24 09:25:00.280,4.805,100
2020-08-24 09:25:00.280,4.805,5000
2020-08-24 09:25:00.280,4.805,40000
2020-08-24 09:25:00.280,4.805,2500
2020-08-24 09:25:00.280,4.805,3700
2020-08-24 09:25:00.280,4.805,2000
2020-08-24 09:25:00.280,4.805,1000
2020-08-24 09:25:00.280,4.805,2000
2020-08-24 09:25:00.280,4.805,10000
2020-08-24 09:25:00.280,4.805,4300
2020-08-24 09:25:00.280,4.805,1000
2020-08-24 09:25:00.280,4.805,4000
2020-08-24 09:25:00.280,4.805,6000
2020-08-24 09:25:00.280,4.805,4000
2020-08-24 09:25:00.280,4.805,3000
2020-08-24 09:25:00.280,4.805,3000
2020-08-24 09:25:00.280,4.805,3000
2020-08-24 09:25:00.280,4.805,1000
2020-08-24 09:25:00.280,4.805,3000
2020-08-24 09:25:00.280,4.805,10000
2020-08-24 09:25:00.280,4.805,1000
2020-08-24 09:25:00.280,4.805,1000
2020-08-24 09:25:00.280,4.805,3000
2020-08-24 09:25:00.280,4.805,400
2020-08-24 09:25:00.280,4.805,1000
2020-08-24 09:25:00.280,4.805,10000
2020-08-24 09:25:00.280,4.805,400
2020-08-24 09:25:00.280,4.805,1500
2020-08-24 09:25:00.280,4.805,2800
2020-08-24 09:25:00.280,4.805,100
2020-08-24 09:25:00.280,4.805,100
2020-08-24 09:25:00.280,4.805,100
2020-08-24 09:25:00.280,4.805,100
2020-08-24 09:25:00.280,4.805,2000
2020-08-24 09:25:00.280,4.805,5500
2020-08-24 09:25:00.280,4.805,1000
2020-08-24 09:25:00.280,4.805,4000
2020-08-24 09:25:00.280,4.805,3200
2020-08-24 09:25:00.280,4.805,1500
2020-08-24 09:25:00.280,4.805,5500
2020-08-24 09:25:00.280,4.805,2000
2020-08-24 09:25:00.280,4.805,300
2020-08-24 09:25:00.280,4.805,33500
2020-08-24 09:25:00.280,4.805,6500
2020-08-24 09:25:00.280,4.805,100
2020-08-24 09:25:00.280,4.805,100
2020-08-24 09:25:00.280,4.805,600
2020-08-24 09:25:00.280,4.805,15000
2020-08-24 09:25:00.280,4.805,32700
2020-08-24 09:25:00.280,4.805,5200
2020-08-24 09:25:00.280,4.805,2100
2020-08-24 09:25:00.280,4.805,1500
2020-08-24 09:25:00.280,4.805,400
2020-08-24 09:25:00.280,4.805,2000
2020-08-24 09:25:00.280,4.805,300
2020-08-24 09:25:00.280,4.805,3000
2020-08-24 09:25:00.280,4.805,12900
2020-08-24 09:25:00.280,4.805,10000
2020-08-24 09:25:00.280,4.805,53800
2020-08-24 09:25:00.280,4.805,15900
2020-08-24 09:25:00.280,4.805,1000
2020-08-24 09:25:00.280,4.805,10000
2020-08-24 09:25:00.280,4.805,19300
2020-08-24 09:25:00.280,4.805,10000
2020-08-24 09:25:00.280,4.805,10000
2020-08-24 09:25:00.280,4.805,7400
2020-08-24 09:25:00.280,4.805,1000
2020-08-24 09:25:00.280,4.805,10000
2020-08-24 09:25:00.280,4.805,5000
2020-08-24 09:25:00.280,4.805,15000
2020-08-24 09:25:00.280,4.805,2000
2020-08-24 09:25:00.280,4.805,300
2020-08-24 09:25:00.280,4.805,300
2020-08-24 09:25:00.280,4.805,2500
2020-08-24 09:25:00.280,4.805,200
2020-08-24 09:25:00.280,4.805,2000
2020-08-24 09:25:00.280,4.805,20100
2020-08-24 09:25:00.280,4.805,500
2020-08-24 09:25:00.280,4.805,100
2020-08-24 09:25:00.280,4.805,19900
2020-08-24 09:25:00.280,4.805,5000
2020-08-24 09:25:00.280,4.805,400
2020-08-24 09:25:00.280,4.805,2000
2020-08-24 09:25:00.280,4.805,700
2020-08-24 09:25:00.280,4.805,5000
2020-08-24 09:25:00.280,4.805,7300
2020-08-24 09:25:00.280,4.805,10000
2020-08-24 09:25:00.280,4.805,277000
2020-08-24 09:25:00.280,4.805,100
2020-08-24 09:25:00.280,4.805,100
2020-08-24 09:25:00.280,4.805,5000
2020-08-24 09:25:00.280,4.805,4000
2020-08-24 09:25:00.280,4.805,3000
2020-08-24 09:25:00.280,4.805,100
2020-08-24 09:25:00.280,4.805,8200
2020-08-24 09:25:00.280,4.805,200
2020-08-24 09:25:00.280,4.805,5000
2020-08-24 09:25:00.280,4.805,7500
2020-08-24 09:25:00.280,4.805,1900
2020-08-24 09:25:00.280,4.805,20000
2020-08-24 09:25:00.280,4.805,5000
2020-08-24 09:25:00.280,4.805,5000
2020-08-24 09:25:00.280,4.805,30000
2020-08-24 09:25:00.280,4.805,50800
2020-08-24 09:25:00.280,4.805,3100
2020-08-24 09:25:00.280,4.805,200
2020-08-24 09:25:00.280,4.805,4000
2020-08-24 09:25:00.280,4.805,2500
2020-08-24 09:25:00.280,4.805,5000
2020-08-24 09:25:00.280,4.805,600
2020-08-24 09:25:00.280,4.805,5000
2020-08-24 09:25:00.280,4.805,100
2020-08-24 09:25:00.280,4.805,2000
2020-08-24 09:25:00.280,4.805,200
2020-08-24 09:25:00.280,4.805,6000
2020-08-24 09:25:00.280,4.805,2500
2020-08-24 09:25:00.280,4.805,100
2020-08-24 09:25:00.280,4.805,10000
2020-08-24 09:25:00.280,4.805,100
2020-08-24 09:25:00.280,4.805,700
2020-08-24 09:25:00.280,4.805,430000
2020-08-24 09:30:00.170,4.805,200
2020-08-24 09:30:00.250,4.805,4800
2020-08-24 09:30:00.250,4.804,5000
2020-08-24 09:30:00.250,4.804,900
2020-08-24 09:30:00.360,4.804,17300
2020-08-24 09:30:00.430,4.806,200
2020-08-24 09:30:00.500,4.805,100
2020-08-24 09:30:00.590,4.806,9800
2020-08-24 09:30:00.590,4.806,10000
2020-08-24 09:30:00.590,4.806,5000
2020-08-24 09:30:00.590,4.806,5000
2020-08-24 09:30:00.590,4.806,10000
2020-08-24 09:30:00.590,4.806,2100
2020-08-24 09:30:00.590,4.805,1100
2020-08-24 09:30:00.710,4.805,600
2020-08-24 09:30:00.710,4.806,100
2020-08-24 09:30:00.820,4.806,600
2020-08-24 09:30:00.820,4.806,400
2020-08-24 09:30:00.820,4.806,6200
2020-08-24 09:30:00.820,4.806,2000
2020-08-24 09:30:00.820,4.805,2200
2020-08-24 09:30:00.820,4.805,2000
2020-08-24 09:30:00.820,4.805,7600
2020-08-24 09:30:00.820,4.807,700
2020-08-24 09:30:00.820,4.805,5000
2020-08-24 09:30:01.040,4.806,600
2020-08-24 09:30:01.040,4.806,4200
2020-08-24 09:30:01.040,4.806,5200
2020-08-24 09:30:01.040,4.806,100
2020-08-24 09:30:01.040,4.806,2000
2020-08-24 09:30:01.160,4.806,100
2020-08-24 09:30:01.160,4.806,2000
2020-08-24 09:30:01.160,4.806,3000
2020-08-24 09:30:01.270,4.806,10000
2020-08-24 09:30:01.270,4.806,5000
2020-08-24 09:30:01.270,4.806,1300
2020-08-24 09:30:01.380,4.806,6900
2020-08-24 09:30:01.510,4.807,500
2020-08-24 09:30:01.510,4.806,15000
2020-08-24 09:30:01.740,4.806,1800
2020-08-24 09:30:01.740,4.806,100
2020-08-24 09:30:01.740,4.806,1100
2020-08-24 09:30:01.740,4.807,2800
2020-08-24 09:30:01.740,4.807,11000
2020-08-24 09:30:01.740,4.807,600
2020-08-24 09:30:01.740,4.807,100
2020-08-24 09:30:01.740,4.807,20000
2020-08-24 09:30:01.740,4.807,4000
2020-08-24 09:30:01.740,4.807,7000
2020-08-24 09:30:01.740,4.807,300
2020-08-24 09:30:01.740,4.808,1000
2020-08-24 09:30:01.740,4.808,200
2020-08-24 09:30:01.740,4.808,1000
2020-08-24 09:30:01.740,4.808,100
2020-08-24 09:30:01.740,4.808,3500
2020-08-24 09:30:01.740,4.808,10000
2020-08-24 09:30:01.740,4.808,100
2020-08-24 09:30:01.740,4.808,5000
2020-08-24 09:30:01.740,4.808,1000
2020-08-24 09:30:01.740,4.808,3000
2020-08-24 09:30:01.850,4.809,3000
2020-08-24 09:30:01.850,4.809,1200
2020-08-24 09:30:01.850,4.809,800
2020-08-24 09:30:01.850,4.809,5200
2020-08-24 09:30:01.850,4.809,1000
2020-08-24 09:30:01.850,4.809,5000
2020-08-24 09:30:01.850,4.809,3800
2020-08-24 09:30:01.850,4.808,200
2020-08-24 09:30:01.850,4.808,600
2020-08-24 09:30:01.970,4.809,100
2020-08-24 09:30:01.970,4.808,2000
2020-08-24 09:30:01.970,4.808,7000
2020-08-24 09:30:01.970,4.808,7000
2020-08-24 09:30:01.970,4.809,500
2020-08-24 09:30:01.970,4.809,5000
2020-08-24 09:30:02.080,4.808,15000
2020-08-24 09:30:02.200,4.809,5000
2020-08-24 09:30:02.200,4.808,100
2020-08-24 09:30:02.200,4.809,1100
2020-08-24 09:30:02.200,4.808,300
2020-08-24 09:30:02.320,4.808,3000
2020-08-24 09:30:02.320,4.808,10000
2020-08-24 09:30:02.430,4.808,400
2020-08-24 09:30:02.430,4.809,500
2020-08-24 09:30:02.550,4.809,4200
2020-08-24 09:30:02.550,4.809,800
2020-08-24 09:30:02.550,4.808,8000
2020-08-24 09:30:02.550,4.808,5000
2020-08-24 09:30:02.550,4.808,200
2020-08-24 09:30:02.670,4.808,1000
2020-08-24 09:30:02.960,4.808,4000
2020-08-24 09:30:03.000,4.808,500
2020-08-24 09:30:03.000,4.808,700
2020-08-24 09:30:03.110,4.809,54900
2020-08-24 09:30:03.110,4.809,31900
2020-08-24 09:30:03.110,4.809,10000
2020-08-24 09:30:03.110,4.809,2000
2020-08-24 09:30:03.110,4.809,7000
2020-08-24 09:30:03.110,4.809,5000
2020-08-24 09:30:03.110,4.809,5000
2020-08-24 09:30:03.110,4.809,5000
2020-08-24 09:30:03.220,4.809,400
2020-08-24 09:30:03.220,4.809,10000
2020-08-24 09:30:03.350,4.809,200
2020-08-24 09:30:03.350,4.809,30000
2020-08-24 09:30:03.350,4.809,24900
2020-08-24 09:30:03.520,4.809,1000
2020-08-24 09:30:03.520,4.809,5700
2020-08-24 09:30:03.630,4.809,5000
2020-08-24 09:30:03.630,4.809,10000
2020-08-24 09:30:03.630,4.81,500
2020-08-24 09:30:03.630,4.81,2000
2020-08-24 09:30:03.630,4.81,3900
2020-08-24 09:30:03.630,4.809,100
2020-08-24 09:30:03.750,4.809,100
2020-08-24 09:30:03.860,4.809,200
2020-08-24 09:30:03.860,4.809,1000
2020-08-24 09:30:03.860,4.809,1000
2020-08-24 09:30:03.860,4.809,32200
2020-08-24 09:30:03.970,4.81,300
2020-08-24 09:30:03.980,4.809,300
2020-08-24 09:30:03.980,4.809,57100
2020-08-24 09:30:03.980,4.809,42900
2020-08-24 09:30:04.090,4.809,1000
2020-08-24 09:30:04.210,4.809,500
2020-08-24 09:30:04.210,4.809,1300
2020-08-24 09:30:04.210,4.809,10000
2020-08-24 09:30:04.290,4.809,30000
2020-08-24 09:30:04.290,4.809,200
2020-08-24 09:30:04.410,4.809,2500
2020-08-24 09:30:04.410,4.809,500
2020-08-24 09:30:04.580,4.809,10400
2020-08-24 09:30:04.630,4.809,30000
2020-08-24 09:30:04.670,4.809,2100
2020-08-24 09:30:04.710,4.81,1100
2020-08-24 09:30:04.710,4.81,100
2020-08-24 09:30:04.710,4.81,6000
2020-08-24 09:30:04.710,4.81,3000
2020-08-24 09:30:04.710,4.81,100
2020-08-24 09:30:04.710,4.81,600
2020-08-24 09:30:04.830,4.809,1500
2020-08-24 09:30:04.830,4.81,12200
2020-08-24 09:30:04.830,4.81,7800
2020-08-24 09:30:04.830,4.809,70200
2020-08-24 09:30:04.940,4.809,15000
2020-08-24 09:30:05.160,4.81,2200
2020-08-24 09:30:05.160,4.81,600
2020-08-24 09:30:05.160,4.81,100
2020-08-24 09:30:05.160,4.81,7400
2020-08-24 09:30:05.160,4.81,100
2020-08-24 09:30:05.160,4.81,200
2020-08-24 09:30:05.160,4.81,9800
2020-08-24 09:30:05.280,4.809,20000
2020-08-24 09:30:05.320,4.809,100
2020-08-24 09:30:05.320,4.809,6000
2020-08-24 09:30:05.350,4.81,20000
2020-08-24 09:30:05.390,4.809,10000
2020-08-24 09:30:05.540,4.809,4000
2020-08-24 09:30:05.540,4.809,1000
2020-08-24 09:30:05.540,4.808,14900
2020-08-24 09:30:05.540,4.808,7300
2020-08-24 09:30:05.540,4.808,200
2020-08-24 09:30:05.690,4.81,20000
2020-08-24 09:30:05.690,4.81,6800
2020-08-24 09:30:05.910,4.808,3000
2020-08-24 09:30:06.000,4.81,20000
2020-08-24 09:30:06.000,4.808,400
2020-08-24 09:30:06.240,4.808,10000
2020-08-24 09:30:06.240,4.808,10000
2020-08-24 09:30:06.280,4.808,300
2020-08-24 09:30:06.320,4.809,10000
2020-08-24 09:30:06.320,4.81,10000
2020-08-24 09:30:06.390,4.808,5000
2020-08-24 09:30:06.430,4.808,100
2020-08-24 09:30:06.430,4.808,500
2020-08-24 09:30:06.500,4.808,500
2020-08-24 09:30:06.500,4.807,200
2020-08-24 09:30:06.730,4.807,125000
2020-08-24 09:30:06.730,4.807,600
2020-08-24 09:30:06.880,4.807,3000
2020-08-24 09:30:06.880,4.81,800
2020-08-24 09:30:07.320,4.807,400
2020-08-24 09:30:07.430,4.808,700
2020-08-24 09:30:07.430,4.809,500
2020-08-24 09:30:07.430,4.81,29500
2020-08-24 09:30:07.430,4.81,30000
2020-08-24 09:30:07.460,4.809,2900
2020-08-24 09:30:07.640,4.809,500
2020-08-24 09:30:07.670,4.809,5000
2020-08-24 09:30:07.710,4.809,21600
2020-08-24 09:30:07.710,4.808,3300
2020-08-24 09:30:07.710,4.808,25100
2020-08-24 09:30:07.740,4.808,5000
2020-08-24 09:30:07.770,4.81,800
2020-08-24 09:30:07.920,4.808,9900
2020-08-24 09:30:07.920,4.807,1000
2020-08-24 09:30:07.920,4.807,100
2020-08-24 09:30:08.090,4.807,2900
2020-08-24 09:30:08.090,4.807,7100
2020-08-24 09:30:08.130,4.808,100
2020-08-24 09:30:08.210,4.807,2900
2020-08-24 09:30:08.210,4.807,17100
2020-08-24 09:30:08.210,4.807,17100
2020-08-24 09:30:08.210,4.807,10000
2020-08-24 09:30:08.210,4.807,2900
2020-08-24 09:30:08.250,4.808,2900
2020-08-24 09:30:08.250,4.808,500
2020-08-24 09:30:08.250,4.809,1000
2020-08-24 09:30:08.330,4.809,200
2020-08-24 09:30:08.450,4.809,400
2020-08-24 09:30:08.480,4.809,2000
2020-08-24 09:30:08.550,4.809,400
2020-08-24 09:30:08.620,4.809,500
2020-08-24 09:30:08.620,4.809,600
2020-08-24 09:30:08.680,4.809,300
2020-08-24 09:30:08.680,4.81,30000
2020-08-24 09:30:08.720,4.809,10000
2020-08-24 09:30:08.750,4.809,1200
2020-08-24 09:30:08.750,4.809,300
2020-08-24 09:30:08.810,4.809,5000
2020-08-24 09:30:08.810,4.809,100
2020-08-24 09:30:08.810,4.809,1000
2020-08-24 09:30:08.880,4.809,300
2020-08-24 09:30:09.400,4.81,30000
2020-08-24 09:30:09.500,4.81,20000
2020-08-24 09:30:10.310,4.809,6000
2020-08-24 09:30:10.400,4.81,30000
2020-08-24 09:30:10.440,4.809,500
2020-08-24 09:30:10.830,4.809,3000
2020-08-24 09:30:11.610,4.809,1300
2020-08-24 09:30:11.800,4.809,200
2020-08-24 09:30:12.170,4.809,2300
2020-08-24 09:30:12.170,4.809,30000
2020-08-24 09:30:12.170,4.808,700
2020-08-24 09:30:12.240,4.808,2500
2020-08-24 09:30:12.310,4.808,5000
2020-08-24 09:30:12.380,4.808,11800
2020-08-24 09:30:12.380,4.808,30000
2020-08-24 09:30:12.380,4.808,41700
2020-08-24 09:30:12.380,4.807,6000
2020-08-24 09:30:12.380,4.807,500
2020-08-24 09:30:12.380,4.807,2000
2020-08-24 09:30:12.380,4.806,47500
2020-08-24 09:30:12.380,4.806,10000
2020-08-24 09:30:12.380,4.806,1300
2020-08-24 09:30:12.380,4.806,2700
2020-08-24 09:30:12.380,4.806,9100
2020-08-24 09:30:12.380,4.806,100
2020-08-24 09:30:12.380,4.806,7000
2020-08-24 09:30:12.380,4.806,2000
2020-08-24 09:30:12.380,4.806,5000
2020-08-24 09:30:12.380,4.806,8000
2020-08-24 09:30:12.380,4.806,10000
2020-08-24 09:30:12.380,4.806,5200
2020-08-24 09:30:12.380,4.806,20000
2020-08-24 09:30:12.380,4.806,2000
2020-08-24 09:30:12.380,4.806,42000
2020-08-24 09:30:12.380,4.806,200
2020-08-24 09:30:12.380,4.806,100
2020-08-24 09:30:12.380,4.806,80000
2020-08-24 09:30:12.380,4.806,100
2020-08-24 09:30:12.380,4.806,20000
2020-08-24 09:30:12.380,4.806,300
2020-08-24 09:30:12.380,4.806,400
2020-08-24 09:30:12.380,4.806,100
2020-08-24 09:30:12.380,4.806,4000
2020-08-24 09:30:12.380,4.806,8000
2020-08-24 09:30:12.380,4.806,1500
2020-08-24 09:30:12.380,4.806,50000
2020-08-24 09:30:12.380,4.806,5000
2020-08-24 09:30:12.380,4.806,22300
2020-08-24 09:30:12.380,4.806,1500
2020-08-24 09:30:12.380,4.806,22400
2020-08-24 09:30:12.380,4.806,2000
2020-08-24 09:30:12.380,4.806,200
2020-08-24 09:30:12.380,4.806,100
2020-08-24 09:30:12.380,4.806,200
2020-08-24 09:30:12.380,4.806,200
2020-08-24 09:30:12.380,4.806,1000
2020-08-24 09:30:12.380,4.806,27200
2020-08-24 09:30:12.380,4.806,300
2020-08-24 09:30:12.380,4.806,200
2020-08-24 09:30:12.380,4.806,500
2020-08-24 09:30:12.380,4.806,100
2020-08-24 09:30:12.380,4.806,300
2020-08-24 09:30:12.380,4.806,2000
2020-08-24 09:30:12.380,4.806,500
2020-08-24 09:30:12.380,4.806,600
2020-08-24 09:30:12.380,4.806,1000
2020-08-24 09:30:12.380,4.806,3000
2020-08-24 09:30:12.380,4.806,100
2020-08-24 09:30:12.380,4.806,3400
2020-08-24 09:30:12.380,4.806,4200
2020-08-24 09:30:12.380,4.806,5000
2020-08-24 09:30:12.380,4.806,56800
2020-08-24 09:30:12.380,4.806,2100
2020-08-24 09:30:12.380,4.806,4000
2020-08-24 09:30:12.380,4.806,3100
2020-08-24 09:30:12.380,4.806,2000
2020-08-24 09:30:12.380,4.805,1000
2020-08-24 09:30:12.380,4.805,10000
2020-08-24 09:30:12.380,4.805,1000
2020-08-24 09:30:12.380,4.805,1000
2020-08-24 09:30:12.380,4.805,100
2020-08-24 09:30:12.380,4.805,100
2020-08-24 09:30:12.380,4.805,87700
2020-08-24 09:30:12.380,4.805,10000
2020-08-24 09:30:12.380,4.805,100
2020-08-24 09:30:12.380,4.805,500
2020-08-24 09:30:12.380,4.805,1000
2020-08-24 09:30:12.380,4.805,1200
2020-08-24 09:30:12.380,4.805,1600
2020-08-24 09:30:12.380,4.805,800
2020-08-24 09:30:12.380,4.805,2000
2020-08-24 09:30:12.380,4.805,500
2020-08-24 09:30:12.380,4.805,2000
2020-08-24 09:30:12.380,4.805,10000
2020-08-24 09:30:12.380,4.805,5000
2020-08-24 09:30:12.380,4.805,1200
2020-08-24 09:30:12.380,4.805,100
2020-08-24 09:30:12.380,4.805,50000
2020-08-24 09:30:12.380,4.805,500
2020-08-24 09:30:12.380,4.805,200
2020-08-24 09:30:12.380,4.805,100
2020-08-24 09:30:12.380,4.805,100
2020-08-24 09:30:12.380,4.805,30000
2020-08-24 09:30:12.380,4.805,2000
2020-08-24 09:30:12.380,4.805,200
2020-08-24 09:30:12.380,4.805,6300
2020-08-24 09:30:12.380,4.805,1000
2020-08-24 09:30:12.380,4.805,5000
2020-08-24 09:30:12.380,4.805,200
2020-08-24 09:30:12.380,4.805,200
2020-08-24 09:30:12.380,4.805,67400
2020-08-24 09:30:12.550,4.805,1000
2020-08-24 09:30:12.650,4.81,2000
2020-08-24 09:30:12.810,4.81,34000
2020-08-24 09:30:13.020,4.806,5000
2020-08-24 09:30:13.090,4.808,900
2020-08-24 09:30:13.120,4.81,280000
2020-08-24 09:30:13.150,4.81,200
2020-08-24 09:30:13.210,4.808,100
2020-08-24 09:30:13.210,4.806,19900
2020-08-24 09:30:13.930,4.809,4000
2020-08-24 09:30:14.120,4.808,3000
2020-08-24 09:30:14.860,4.809,11000
2020-08-24 09:30:14.860,4.809,900
2020-08-24 09:30:14.860,4.809,10000
2020-08-24 09:30:14.860,4.81,8100
2020-08-24 09:30:14.950,4.809,3000
2020-08-24 09:30:15.020,4.81,100
2020-08-24 09:30:15.220,4.809,5000
2020-08-24 09:30:15.380,4.809,300
2020-08-24 09:30:15.380,4.809,500
2020-08-24 09:30:15.470,4.81,30000
2020-08-24 09:30:15.570,4.81,100
2020-08-24 09:30:15.570,4.809,300
2020-08-24 09:30:15.670,4.809,16900
2020-08-24 09:30:15.670,4.809,18400
2020-08-24 09:30:16.080,4.808,500
2020-08-24 09:30:16.220,4.808,5000
2020-08-24 09:30:17.080,4.809,500
2020-08-24 09:30:17.080,4.808,51500
2020-08-24 09:30:17.080,4.808,21800
2020-08-24 09:30:17.080,4.808,30000
2020-08-24 09:30:17.080,4.807,5000
2020-08-24 09:30:17.080,4.807,30000
2020-08-24 09:30:17.080,4.807,30000
2020-08-24 09:30:17.080,4.806,18200
2020-08-24 09:30:17.080,4.806,69400
2020-08-24 09:30:17.080,4.806,100000
2020-08-24 09:30:17.270,4.806,6000
2020-08-24 09:30:17.270,4.808,200
2020-08-24 09:30:17.270,4.809,2300
2020-08-24 09:30:17.910,4.808,600
2020-08-24 09:30:17.910,4.809,7700
2020-08-24 09:30:17.910,4.809,10000
2020-08-24 09:30:17.910,4.809,11700
2020-08-24 09:30:18.760,4.809,18300
2020-08-24 09:30:19.040,4.809,100
2020-08-24 09:30:19.500,4.809,5000
2020-08-24 09:30:19.590,4.809,6600
2020-08-24 09:30:19.590,4.808,13400
2020-08-24 09:30:19.700,4.808,4000
2020-08-24 09:30:20.400,4.808,1800
2020-08-24 09:30:20.400,4.809,1000
2020-08-24 09:30:20.400,4.81,27100
2020-08-24 09:30:20.800,4.809,20100
2020-08-24 09:30:20.830,4.809,2000
2020-08-24 09:30:20.830,4.809,100
2020-08-24 09:30:21.160,4.809,5400
2020-08-24 09:30:21.670,4.809,2400
2020-08-24 09:30:21.670,4.809,100
2020-08-24 09:30:22.500,4.808,5200
2020-08-24 09:30:22.560,4.809,41500
2020-08-24 09:30:23.400,4.81,30000
2020-08-24 09:30:23.400,4.809,3000
2020-08-24 09:30:23.530,4.809,12000
2020-08-24 09:30:24.670,4.809,1300
2020-08-24 09:30:25.280,4.81,30000
2020-08-24 09:30:26.250,4.81,30000
2020-08-24 09:30:26.920,4.809,1000
2020-08-24 09:30:27.080,4.81,156900
2020-08-24 09:30:27.230,4.809,100
2020-08-24 09:30:27.390,4.81,30000
2020-08-24 09:30:27.430,4.809,300
2020-08-24 09:30:27.430,4.809,300
2020-08-24 09:30:27.430,4.809,300
2020-08-24 09:30:27.430,4.809,200
2020-08-24 09:30:27.430,4.809,800
2020-08-24 09:30:27.660,4.81,5000
2020-08-24 09:30:28.160,4.81,30000
2020-08-24 09:30:28.230,4.81,10000
2020-08-24 09:30:28.340,4.81,30000
2020-08-24 09:30:28.340,4.81,8800
2020-08-24 09:30:28.340,4.81,2900
2020-08-24 09:30:28.340,4.81,1000
2020-08-24 09:30:28.340,4.81,5000
2020-08-24 09:30:28.340,4.81,10000
2020-08-24 09:30:28.340,4.81,100
2020-08-24 09:30:28.340,4.81,2200
2020-08-24 09:30:28.570,4.81,315000
2020-08-24 09:30:28.780,4.81,10000
2020-08-24 09:30:29.160,4.81,10000
2020-08-24 09:30:29.380,4.81,30000
2020-08-24 09:30:29.380,4.81,30000
2020-08-24 09:30:29.380,4.81,29200
2020-08-24 09:30:29.410,4.809,5000
2020-08-24 09:30:29.440,4.81,40000
2020-08-24 09:30:29.570,4.81,33600
2020-08-24 09:30:29.570,4.81,10000
2020-08-24 09:30:29.570,4.81,6400
2020-08-24 09:30:29.670,4.81,10000
2020-08-24 09:30:29.720,4.81,30000
2020-08-24 09:30:29.990,4.809,200
2020-08-24 09:30:29.990,4.809,800
2020-08-24 09:30:30.240,4.809,1200
2020-08-24 09:30:30.240,4.809,3400
2020-08-24 09:30:30.350,4.81,30000
2020-08-24 09:30:30.350,4.81,17200
2020-08-24 09:30:30.510,4.81,10000
2020-08-24 09:30:30.580,4.81,10000
2020-08-24 09:30:31.150,4.81,10000
2020-08-24 09:30:31.460,4.809,100
2020-08-24 09:30:31.460,4.809,2900
2020-08-24 09:30:31.610,4.81,10000
2020-08-24 09:30:31.700,4.81,26600
2020-08-24 09:30:31.730,4.81,10000
2020-08-24 09:30:31.920,4.81,800
2020-08-24 09:30:32.240,4.81,10000
2020-08-24 09:30:32.240,4.81,300000
2020-08-24 09:30:32.240,4.809,3900
2020-08-24 09:30:32.270,4.81,19000
2020-08-24 09:30:32.270,4.81,1000
2020-08-24 09:30:32.270,4.81,300
2020-08-24 09:30:32.270,4.81,19700
2020-08-24 09:30:32.270,4.81,30300
2020-08-24 09:30:32.270,4.81,2000
2020-08-24 09:30:32.270,4.81,7700
2020-08-24 09:30:32.300,4.809,500
2020-08-24 09:30:32.790,4.81,40000
2020-08-24 09:30:32.790,4.81,14400
2020-08-24 09:30:32.790,4.81,8000
2020-08-24 09:30:32.790,4.81,11200
2020-08-24 09:30:32.790,4.81,5000
2020-08-24 09:30:32.790,4.81,2000
2020-08-24 09:30:32.790,4.81,200
2020-08-24 09:30:32.790,4.81,15000
2020-08-24 09:30:32.790,4.81,2800
2020-08-24 09:30:32.790,4.81,1000
2020-08-24 09:30:32.790,4.81,4600
2020-08-24 09:30:32.790,4.81,10000
2020-08-24 09:30:32.790,4.81,7000
2020-08-24 09:30:32.790,4.81,500
2020-08-24 09:30:32.790,4.81,10000
2020-08-24 09:30:32.790,4.81,186300
2020-08-24 09:30:32.950,4.809,2000
2020-08-24 09:30:33.350,4.81,24000
2020-08-24 09:30:33.920,4.81,30000
2020-08-24 09:30:33.920,4.81,30000
2020-08-24 09:30:33.920,4.81,7200
2020-08-24 09:30:33.920,4.81,400
2020-08-24 09:30:33.920,4.81,1000
2020-08-24 09:30:33.920,4.81,20000
2020-08-24 09:30:33.920,4.81,200
2020-08-24 09:30:33.920,4.81,1200
2020-08-24 09:30:34.240,4.809,2000
2020-08-24 09:30:34.680,4.81,30000
2020-08-24 09:30:35.300,4.81,18200
2020-08-24 09:30:35.300,4.81,900
2020-08-24 09:30:35.300,4.81,1000
2020-08-24 09:30:35.300,4.81,6000
2020-08-24 09:30:35.300,4.81,2000
2020-08-24 09:30:35.300,4.81,5900
2020-08-24 09:30:35.300,4.81,200
2020-08-24 09:30:35.300,4.81,100
2020-08-24 09:30:35.300,4.81,9300
2020-08-24 09:30:35.480,4.81,700
2020-08-24 09:30:35.740,4.811,8900
2020-08-24 09:30:35.740,4.811,30000
2020-08-24 09:30:35.740,4.811,2000
2020-08-24 09:30:35.740,4.811,4000
2020-08-24 09:30:35.740,4.811,25000
2020-08-24 09:30:35.740,4.811,3000
2020-08-24 09:30:35.740,4.811,800
2020-08-24 09:30:35.740,4.811,100
2020-08-24 09:30:36.410,4.811,5000
2020-08-24 09:30:36.980,4.811,4000
2020-08-24 09:30:38.280,4.811,6000
2020-08-24 09:30:38.460,4.811,100
2020-08-24 09:30:38.840,4.812,5000
2020-08-24 09:30:38.840,4.812,21200
2020-08-24 09:30:38.840,4.812,4300
2020-08-24 09:30:38.840,4.812,10000
2020-08-24 09:30:38.840,4.812,300
2020-08-24 09:30:38.840,4.812,5000
2020-08-24 09:30:38.840,4.812,100
2020-08-24 09:30:38.840,4.812,900
2020-08-24 09:30:38.840,4.812,5000
2020-08-24 09:30:40.220,4.812,1000
2020-08-24 09:30:41.170,4.812,500
2020-08-24 09:30:41.260,4.813,2000
2020-08-24 09:30:41.260,4.813,10000
2020-08-24 09:30:41.260,4.813,600
2020-08-24 09:30:41.260,4.813,1000
2020-08-24 09:30:41.380,4.813,500
2020-08-24 09:30:41.410,4.813,2400
2020-08-24 09:30:41.510,4.813,2500
2020-08-24 09:30:42.070,4.812,35500
2020-08-24 09:30:42.180,4.812,2500
2020-08-24 09:30:42.820,4.813,500
2020-08-24 09:30:42.820,4.813,2000
2020-08-24 09:30:42.820,4.813,1000
2020-08-24 09:30:42.850,4.813,100
2020-08-24 09:30:42.850,4.813,1100
2020-08-24 09:30:42.970,4.812,600
2020-08-24 09:30:43.120,4.812,5000
2020-08-24 09:30:44.040,4.812,2000
2020-08-24 09:30:44.280,4.812,300
2020-08-24 09:30:46.580,4.813,2500
2020-08-24 09:30:47.000,4.814,1500
2020-08-24 09:30:47.000,4.814,5000
2020-08-24 09:30:47.000,4.814,3500
2020-08-24 09:30:47.000,4.814,20000
2020-08-24 09:30:47.000,4.814,200
2020-08-24 09:30:47.000,4.814,2000
2020-08-24 09:30:47.000,4.814,7000
2020-08-24 09:30:47.000,4.814,3000
2020-08-24 09:30:47.000,4.814,2000
2020-08-24 09:30:47.000,4.814,20000
2020-08-24 09:30:47.000,4.814,100
2020-08-24 09:30:47.000,4.815,3000
2020-08-24 09:30:47.000,4.815,5000
2020-08-24 09:30:47.000,4.815,1000
2020-08-24 09:30:47.000,4.815,200
2020-08-24 09:30:47.000,4.815,1300
2020-08-24 09:30:47.000,4.815,6000
2020-08-24 09:30:47.000,4.815,100
2020-08-24 09:30:47.000,4.815,2500
2020-08-24 09:30:47.000,4.815,500
2020-08-24 09:30:47.000,4.815,10000
2020-08-24 09:30:47.000,4.815,600
2020-08-24 09:30:47.000,4.815,2500
2020-08-24 09:30:47.000,4.815,1500
2020-08-24 09:30:47.000,4.815,100
2020-08-24 09:30:47.000,4.815,501400
2020-08-24 09:30:47.760,4.813,2000
2020-08-24 09:30:47.920,4.813,2000
2020-08-24 09:30:48.390,4.814,4000
2020-08-24 09:30:48.670,4.814,4000
2020-08-24 09:30:48.740,4.814,1700
2020-08-24 09:30:48.950,4.814,5000
2020-08-24 09:30:49.130,4.813,100
2020-08-24 09:30:50.550,4.814,2200
2020-08-24 09:30:50.550,4.815,144500
2020-08-24 09:30:50.890,4.815,3500
2020-08-24 09:30:51.790,4.813,800
2020-08-24 09:30:51.790,4.813,1100
2020-08-24 09:30:51.790,4.813,1500
2020-08-24 09:30:52.410,4.813,1700
2020-08-24 09:30:52.800,4.813,4600
2020-08-24 09:30:52.830,4.814,1400
2020-08-24 09:30:53.030,4.813,3800
2020-08-24 09:30:53.310,4.814,1000
2020-08-24 09:30:53.870,4.814,400
2020-08-24 09:30:53.960,4.814,6000
2020-08-24 09:30:53.990,4.813,10000
2020-08-24 09:30:54.540,4.814,30000
2020-08-24 09:30:54.920,4.813,1000
2020-08-24 09:30:55.960,4.813,9000
2020-08-24 09:30:56.120,4.814,2100
2020-08-24 09:30:56.400,4.813,20000
2020-08-24 09:30:56.500,4.813,16600
2020-08-24 09:30:56.570,4.813,31800
2020-08-24 09:30:56.570,4.813,8200
2020-08-24 09:30:56.570,4.813,40000
2020-08-24 09:30:56.840,4.814,9100
2020-08-24 09:30:56.840,4.814,100
2020-08-24 09:30:56.840,4.814,1000
2020-08-24 09:30:56.840,4.814,17800
2020-08-24 09:30:57.000,4.813,200
2020-08-24 09:30:57.030,4.813,51600
2020-08-24 09:30:57.030,4.813,100
2020-08-24 09:30:57.100,4.813,5000
2020-08-24 09:30:57.550,4.812,1000
2020-08-24 09:30:57.830,4.813,23500
2020-08-24 09:30:57.830,4.813,100
2020-08-24 09:30:57.830,4.814,9000
2020-08-24 09:30:58.420,4.812,7800
2020-08-24 09:30:59.330,4.813,100
2020-08-24 09:30:59.990,4.813,100
2020-08-24 09:31:00.020,4.812,2400
2020-08-24 09:31:00.060,4.812,171400
2020-08-24 09:31:00.060,4.812,19900
2020-08-24 09:31:00.060,4.812,5000
2020-08-24 09:31:00.060,4.812,20000
2020-08-24 09:31:00.060,4.812,3300
2020-08-24 09:31:00.060,4.812,10000
2020-08-24 09:31:00.180,4.812,1000
2020-08-24 09:31:01.980,4.813,2000
2020-08-24 09:31:02.260,4.813,2000
2020-08-24 09:31:02.930,4.812,10000
2020-08-24 09:31:03.190,4.811,20000
2020-08-24 09:31:03.500,4.811,10000
2020-08-24 09:31:03.930,4.811,5300
2020-08-24 09:31:04.620,4.811,100
2020-08-24 09:31:05.060,4.811,2300
2020-08-24 09:31:05.330,4.811,300
2020-08-24 09:31:05.980,4.81,3000
2020-08-24 09:31:05.980,4.81,2000
2020-08-24 09:31:05.980,4.81,1600
2020-08-24 09:31:06.080,4.81,300
2020-08-24 09:31:06.080,4.81,2500
2020-08-24 09:31:06.080,4.81,100
2020-08-24 09:31:06.080,4.81,500
2020-08-24 09:31:06.080,4.81,600
2020-08-24 09:31:06.080,4.81,30000
2020-08-24 09:31:06.080,4.81,1000
2020-08-24 09:31:06.080,4.81,3000
2020-08-24 09:31:06.080,4.81,5000
2020-08-24 09:31:06.450,4.81,100
2020-08-24 09:31:07.080,4.81,600
2020-08-24 09:31:07.240,4.81,1000
2020-08-24 09:31:07.300,4.81,2100
2020-08-24 09:31:07.920,4.809,5000
2020-08-24 09:31:07.920,4.809,16000
2020-08-24 09:31:08.100,4.809,24000
2020-08-24 09:31:08.290,4.81,300
2020-08-24 09:31:08.290,4.809,42500
2020-08-24 09:31:08.610,4.809,17500
2020-08-24 09:31:08.610,4.808,10000
2020-08-24 09:31:08.610,4.808,5000
2020-08-24 09:31:08.610,4.808,1000
2020-08-24 09:31:08.610,4.808,10000
2020-08-24 09:31:08.610,4.807,1200
2020-08-24 09:31:08.610,4.806,43900
2020-08-24 09:31:08.610,4.806,50000
2020-08-24 09:31:08.610,4.806,1200
2020-08-24 09:31:08.610,4.806,20000
2020-08-24 09:31:08.680,4.806,60000
2020-08-24 09:31:08.680,4.806,20500
2020-08-24 09:31:08.880,4.806,59800
2020-08-24 09:31:09.350,4.806,3000
2020-08-24 09:31:09.930,4.809,100
2020-08-24 09:31:10.210,4.806,1100
2020-08-24 09:31:10.210,4.806,500
2020-08-24 09:31:10.210,4.806,500
2020-08-24 09:31:10.280,4.809,1000
2020-08-24 09:31:11.670,4.806,25100
2020-08-24 09:31:11.670,4.806,20000
2020-08-24 09:31:11.670,4.805,31600
2020-08-24 09:31:11.670,4.805,46100
2020-08-24 09:31:11.670,4.805,1000
2020-08-24 09:31:11.670,4.805,50000
2020-08-24 09:31:11.670,4.805,49000
2020-08-24 09:31:11.670,4.805,10000
2020-08-24 09:31:11.670,4.805,5000
2020-08-24 09:31:11.670,4.805,2000
2020-08-24 09:31:11.670,4.805,50000
2020-08-24 09:31:11.670,4.805,3500
2020-08-24 09:31:11.670,4.805,1000
2020-08-24 09:31:11.670,4.805,5800
2020-08-24 09:31:12.090,4.805,300
2020-08-24 09:31:12.440,4.805,3900
2020-08-24 09:31:12.820,4.806,500
2020-08-24 09:31:12.880,4.806,2000
2020-08-24 09:31:12.880,4.804,500
2020-08-24 09:31:12.880,4.804,100
2020-08-24 09:31:12.880,4.803,200
2020-08-24 09:31:12.880,4.803,9700
2020-08-24 09:31:12.880,4.803,800
2020-08-24 09:31:13.710,4.805,14700
2020-08-24 09:31:13.920,4.805,200
2020-08-24 09:31:13.960,4.805,2200
2020-08-24 09:31:14.790,4.805,22900
2020-08-24 09:31:14.790,4.805,7100
2020-08-24 09:31:17.130,4.805,1700
2020-08-24 09:31:17.200,4.805,7000
2020-08-24 09:31:17.730,4.805,1000
2020-08-24 09:31:17.730,4.805,5000
2020-08-24 09:31:17.730,4.805,4000
2020-08-24 09:31:18.020,4.804,300
2020-08-24 09:31:18.550,4.805,200
2020-08-24 09:31:19.640,4.804,1300
2020-08-24 09:31:19.670,4.804,58400
2020-08-24 09:31:19.670,4.804,20000
2020-08-24 09:31:19.670,4.803,9500
2020-08-24 09:31:19.670,4.803,3000
2020-08-24 09:31:19.670,4.803,500
2020-08-24 09:31:19.670,4.803,3000
2020-08-24 09:31:19.670,4.803,5600
2020-08-24 09:31:20.560,4.804,1300
2020-08-24 09:31:21.970,4.805,100
2020-08-24 09:31:22.740,4.803,16600
2020-08-24 09:31:23.620,4.803,27800
2020-08-24 09:31:23.620,4.803,3800
2020-08-24 09:31:23.620,4.803,60000
2020-08-24 09:31:23.620,4.802,100
2020-08-24 09:31:23.620,4.802,2000
2020-08-24 09:31:23.620,4.802,4000
2020-08-24 09:31:23.620,4.802,200
2020-08-24 09:31:23.620,4.802,10000
2020-08-24 09:31:23.620,4.801,1000
2020-08-24 09:31:23.620,4.801,500
2020-08-24 09:31:23.620,4.801,1700
2020-08-24 09:31:23.620,4.801,3000
2020-08-24 09:31:23.620,4.801,5800
2020-08-24 09:31:23.620,4.801,3000
2020-08-24 09:31:23.620,4.801,800
2020-08-24 09:31:23.620,4.801,2000
2020-08-24 09:31:23.620,4.801,800
2020-08-24 09:31:23.620,4.801,400
2020-08-24 09:31:23.620,4.801,1000
2020-08-24 09:31:23.620,4.801,100
2020-08-24 09:31:23.620,4.801,100
2020-08-24 09:31:23.620,4.801,100
2020-08-24 09:31:23.620,4.801,10000
2020-08-24 09:31:23.620,4.801,100
2020-08-24 09:31:23.620,4.801,800
2020-08-24 09:31:23.620,4.801,600
2020-08-24 09:31:23.620,4.801,1000
2020-08-24 09:31:23.620,4.8,200
2020-08-24 09:31:23.620,4.8,200
2020-08-24 09:31:23.620,4.8,100
2020-08-24 09:31:23.620,4.8,3000
2020-08-24 09:31:23.620,4.8,200
2020-08-24 09:31:23.620,4.8,2000
2020-08-24 09:31:23.620,4.8,500
2020-08-24 09:31:23.620,4.8,5900
2020-08-24 09:31:23.620,4.8,100
2020-08-24 09:31:23.620,4.8,2500
2020-08-24 09:31:23.620,4.8,10400
2020-08-24 09:31:23.620,4.8,6000
2020-08-24 09:31:23.620,4.8,100
2020-08-24 09:31:23.620,4.8,3000
2020-08-24 09:31:23.620,4.8,600
2020-08-24 09:31:23.620,4.8,5000
2020-08-24 09:31:23.620,4.8,15000
2020-08-24 09:31:23.620,4.799,3000
2020-08-24 09:31:23.620,4.799,100
2020-08-24 09:31:23.620,4.799,2000
2020-08-24 09:31:23.620,4.799,1000
2020-08-24 09:31:23.620,4.798,100
2020-08-24 09:31:23.620,4.798,10000
2020-08-24 09:31:23.620,4.798,1000
2020-08-24 09:31:23.620,4.798,1000
2020-08-24 09:31:23.620,4.798,100
2020-08-24 09:31:23.620,4.798,100
2020-08-24 09:31:23.620,4.798,5000
2020-08-24 09:31:23.620,4.798,4000
2020-08-24 09:31:23.620,4.798,5000
2020-08-24 09:31:23.620,4.798,100
2020-08-24 09:31:23.620,4.798,200
2020-08-24 09:31:23.620,4.798,3000
2020-08-24 09:31:23.620,4.798,10000
2020-08-24 09:31:23.620,4.798,500
2020-08-24 09:31:23.620,4.798,100
2020-08-24 09:31:23.950,4.797,58300
2020-08-24 09:31:24.630,4.802,300
2020-08-24 09:31:24.800,4.802,5000
2020-08-24 09:31:25.500,4.804,2100
2020-08-24 09:31:25.500,4.804,1100
2020-08-24 09:31:25.500,4.804,1000
2020-08-24 09:31:25.500,4.805,700
2020-08-24 09:31:25.500,4.805,900
2020-08-24 09:31:25.500,4.805,1000
2020-08-24 09:31:25.500,4.805,500
2020-08-24 09:31:25.500,4.805,2700
2020-08-24 09:31:26.600,4.801,60000
2020-08-24 09:31:26.630,4.801,80000
2020-08-24 09:31:26.700,4.801,20000
2020-08-24 09:31:26.700,4.801,40000
2020-08-24 09:31:26.700,4.801,100000
2020-08-24 09:31:26.800,4.8,10600
2020-08-24 09:31:26.920,4.803,100
2020-08-24 09:31:26.920,4.803,19900
2020-08-24 09:31:27.110,4.803,1000
2020-08-24 09:31:27.570,4.803,1500
2020-08-24 09:31:28.860,4.801,900
2020-08-24 09:31:28.860,4.804,2000
2020-08-24 09:31:28.860,4.804,400
2020-08-24 09:31:28.860,4.804,1700
2020-08-24 09:31:29.420,4.804,1000
2020-08-24 09:31:29.420,4.805,1000
2020-08-24 09:31:29.470,4.8,700
2020-08-24 09:31:29.770,4.8,18700
2020-08-24 09:31:29.770,4.8,800
2020-08-24 09:31:30.000,4.803,30000
2020-08-24 09:31:30.000,4.803,30000
2020-08-24 09:31:30.030,4.8,300
2020-08-24 09:31:30.710,4.801,2500
2020-08-24 09:31:31.870,4.801,1000
2020-08-24 09:31:32.090,4.804,2200
2020-08-24 09:31:33.840,4.802,1000
2020-08-24 09:31:33.840,4.801,29000
2020-08-24 09:31:36.050,4.801,300
2020-08-24 09:31:36.080,4.801,30700
2020-08-24 09:31:36.080,4.801,500
2020-08-24 09:31:36.080,4.801,7000
2020-08-24 09:31:36.290,4.8,3100
2020-08-24 09:31:36.440,4.801,100
2020-08-24 09:31:36.680,4.801,150000
2020-08-24 09:31:36.910,4.8,100
2020-08-24 09:31:37.640,4.801,60000
2020-08-24 09:31:38.010,4.801,87300
2020-08-24 09:31:38.070,4.801,14900
2020-08-24 09:31:38.530,4.802,20000
2020-08-24 09:31:38.630,4.802,15800
2020-08-24 09:31:39.420,4.802,4000
2020-08-24 09:31:40.630,4.801,2000
2020-08-24 09:31:41.100,4.803,200
2020-08-24 09:31:41.100,4.804,7800
2020-08-24 09:31:41.100,4.804,3000
2020-08-24 09:31:41.100,4.805,1300
2020-08-24 09:31:41.100,4.805,6700
2020-08-24 09:31:41.830,4.804,6600
2020-08-24 09:31:43.010,4.804,6700
2020-08-24 09:31:43.930,4.805,1000
2020-08-24 09:31:44.480,4.804,2700
2020-08-24 09:31:44.550,4.805,13000
2020-08-24 09:31:44.550,4.805,1000
2020-08-24 09:31:44.550,4.805,1500
2020-08-24 09:31:44.550,4.805,4500
2020-08-24 09:31:44.990,4.804,3100
2020-08-24 09:31:45.150,4.804,900
2020-08-24 09:31:45.150,4.803,300
2020-08-24 09:31:46.440,4.803,700
2020-08-24 09:31:46.440,4.802,100
2020-08-24 09:31:46.470,4.802,1200
2020-08-24 09:31:46.530,4.803,5000
2020-08-24 09:31:47.210,4.803,100
2020-08-24 09:31:47.530,4.804,10000
2020-08-24 09:31:47.670,4.804,100
2020-08-24 09:31:48.120,4.803,100
2020-08-24 09:31:48.150,4.803,2000
2020-08-24 09:31:48.570,4.803,10000
2020-08-24 09:31:49.030,4.803,14600
2020-08-24 09:31:49.030,4.803,5400
2020-08-24 09:31:49.570,4.804,800
2020-08-24 09:31:49.810,4.8,6000
2020-08-24 09:31:49.810,4.8,23200
2020-08-24 09:31:49.880,4.8,5000
2020-08-24 09:31:50.270,4.803,1400
2020-08-24 09:31:50.610,4.803,80000
2020-08-24 09:31:50.610,4.803,70000
2020-08-24 09:31:50.610,4.803,100000
2020-08-24 09:31:50.970,4.802,2000
2020-08-24 09:31:50.970,4.802,800
2020-08-24 09:31:54.100,4.8,200
2020-08-24 09:31:54.410,4.8,31600
2020-08-24 09:31:54.410,4.8,30000
2020-08-24 09:31:54.410,4.8,38400
2020-08-24 09:31:54.870,4.801,1700
2020-08-24 09:31:57.210,4.802,1500
2020-08-24 09:31:57.610,4.802,1000
2020-08-24 09:31:58.600,4.802,3400
2020-08-24 09:31:58.600,4.802,600
2020-08-24 09:31:58.600,4.802,800
2020-08-24 09:31:58.600,4.802,2500
2020-08-24 09:31:59.260,4.803,63600
2020-08-24 09:31:59.260,4.803,200
2020-08-24 09:31:59.260,4.803,36200
2020-08-24 09:31:59.260,4.803,40000
2020-08-24 09:31:59.440,4.803,2200
2020-08-24 09:32:00.040,4.802,200
2020-08-24 09:32:01.570,4.803,600
2020-08-24 09:32:01.750,4.803,200
2020-08-24 09:32:02.000,4.802,9100
2020-08-24 09:32:02.250,4.802,3400
2020-08-24 09:32:02.400,4.798,200
2020-08-24 09:32:02.400,4.798,100
2020-08-24 09:32:02.400,4.798,4700
2020-08-24 09:32:02.490,4.799,3000
2020-08-24 09:32:02.490,4.8,5000
2020-08-24 09:32:03.060,4.802,4200
2020-08-24 09:32:03.060,4.803,200
2020-08-24 09:32:03.100,4.802,7800
2020-08-24 09:32:03.100,4.802,20000
2020-08-24 09:32:03.260,4.798,10000
2020-08-24 09:32:03.940,4.8,3000
2020-08-24 09:32:05.260,4.8,3900
2020-08-24 09:32:05.260,4.8,13800
2020-08-24 09:32:05.260,4.8,2300
2020-08-24 09:32:06.050,4.798,300
2020-08-24 09:32:06.360,4.8,3000
2020-08-24 09:32:07.910,4.799,120000
2020-08-24 09:32:07.910,4.799,100
2020-08-24 09:32:08.860,4.799,4700
2020-08-24 09:32:09.070,4.798,29700
2020-08-24 09:32:09.070,4.798,500
2020-08-24 09:32:09.140,4.798,1200
2020-08-24 09:32:09.880,4.797,10000
2020-08-24 09:32:09.880,4.797,10000
2020-08-24 09:32:09.880,4.797,8000
2020-08-24 09:32:10.840,4.798,5000
2020-08-24 09:32:11.000,4.798,100
2020-08-24 09:32:11.030,4.796,10000
2020-08-24 09:32:11.030,4.796,3900
2020-08-24 09:32:11.130,4.796,4000
2020-08-24 09:32:11.150,4.796,1000
2020-08-24 09:32:11.210,4.796,50000
2020-08-24 09:32:11.280,4.795,300
2020-08-24 09:32:11.280,4.795,300
2020-08-24 09:32:11.280,4.795,200
2020-08-24 09:32:11.280,4.795,500
2020-08-24 09:32:11.280,4.795,200
2020-08-24 09:32:11.280,4.795,200
2020-08-24 09:32:11.280,4.795,100
2020-08-24 09:32:11.280,4.795,400
2020-08-24 09:32:11.280,4.795,1000
2020-08-24 09:32:11.280,4.795,100
2020-08-24 09:32:11.280,4.795,100
2020-08-24 09:32:11.280,4.795,200
2020-08-24 09:32:11.280,4.795,300
2020-08-24 09:32:11.280,4.795,1000
2020-08-24 09:32:11.280,4.795,300
2020-08-24 09:32:11.280,4.794,12800
2020-08-24 09:32:11.280,4.794,2000
2020-08-24 09:32:11.280,4.794,600
2020-08-24 09:32:11.280,4.793,2400
2020-08-24 09:32:11.280,4.792,10000
2020-08-24 09:32:11.540,4.796,500
2020-08-24 09:32:12.980,4.793,1000
2020-08-24 09:32:13.510,4.793,200
2020-08-24 09:32:14.050,4.793,3000
2020-08-24 09:32:14.270,4.791,600
2020-08-24 09:32:14.270,4.791,3400
2020-08-24 09:32:14.690,4.793,5800
2020-08-24 09:32:14.690,4.794,300
2020-08-24 09:32:14.690,4.795,3900
2020-08-24 09:32:14.880,4.795,100
2020-08-24 09:32:15.900,4.791,600
2020-08-24 09:32:16.270,4.791,1000
2020-08-24 09:32:16.770,4.791,10000
2020-08-24 09:32:17.360,4.791,300
2020-08-24 09:32:17.750,4.791,3700
2020-08-24 09:32:17.750,4.791,500
2020-08-24 09:32:19.050,4.791,200
2020-08-24 09:32:19.170,4.791,2000
2020-08-24 09:32:19.680,4.791,4100
2020-08-24 09:32:20.070,4.79,5600
2020-08-24 09:32:20.070,4.79,2000
2020-08-24 09:32:20.070,4.79,100
2020-08-24 09:32:20.070,4.79,400
2020-08-24 09:32:20.070,4.79,1900
2020-08-24 09:32:20.220,4.793,20000
2020-08-24 09:32:20.250,4.793,50000
2020-08-24 09:32:21.110,4.791,2900
2020-08-24 09:32:21.110,4.793,600
2020-08-24 09:32:21.410,4.791,6900
2020-08-24 09:32:22.170,4.791,20200
2020-08-24 09:32:22.170,4.791,100
2020-08-24 09:32:22.170,4.79,1300
2020-08-24 09:32:22.170,4.79,1800
2020-08-24 09:32:22.170,4.79,3000
2020-08-24 09:32:22.170,4.79,3000
2020-08-24 09:32:22.170,4.79,600
2020-08-24 09:32:22.290,4.79,3100
2020-08-24 09:32:22.570,4.793,1000
2020-08-24 09:32:23.120,4.793,18400
2020-08-24 09:32:23.120,4.796,1000
2020-08-24 09:32:23.120,4.797,5600
2020-08-24 09:32:23.520,4.793,300
2020-08-24 09:32:24.150,4.793,600
2020-08-24 09:32:25.280,4.793,2000
2020-08-24 09:32:25.370,4.793,1800
2020-08-24 09:32:26.220,4.795,80000
2020-08-24 09:32:26.260,4.795,60000
2020-08-24 09:32:26.260,4.795,100000
2020-08-24 09:32:26.610,4.794,5000
2020-08-24 09:32:27.330,4.793,5300
2020-08-24 09:32:28.790,4.792,2000
2020-08-24 09:32:28.790,4.792,8300
2020-08-24 09:32:28.940,4.793,25000
2020-08-24 09:32:29.160,4.792,300
2020-08-24 09:32:29.220,4.793,10000
2020-08-24 09:32:29.270,4.793,11800
2020-08-24 09:32:29.270,4.793,500
2020-08-24 09:32:29.270,4.793,900
2020-08-24 09:32:29.570,4.795,200
2020-08-24 09:32:29.660,4.794,3000
2020-08-24 09:32:29.660,4.794,5000
2020-08-24 09:32:30.030,4.793,300
2020-08-24 09:32:30.380,4.794,30000
2020-08-24 09:32:30.480,4.793,3000
2020-08-24 09:32:30.510,4.794,200
2020-08-24 09:32:31.510,4.793,300
2020-08-24 09:32:31.850,4.794,1000
2020-08-24 09:32:31.880,4.794,500
2020-08-24 09:32:32.090,4.795,1000
2020-08-24 09:32:32.360,4.795,3000
2020-08-24 09:32:32.680,4.795,100
2020-08-24 09:32:33.080,4.795,500
2020-08-24 09:32:33.250,4.795,100
2020-08-24 09:32:33.720,4.795,100
2020-08-24 09:32:34.290,4.795,2200
2020-08-24 09:32:34.290,4.795,2000
2020-08-24 09:32:34.290,4.794,1300
2020-08-24 09:32:34.290,4.794,2000
2020-08-24 09:32:34.290,4.794,4000
2020-08-24 09:32:34.290,4.793,13200
2020-08-24 09:32:34.290,4.793,4300
2020-08-24 09:32:34.440,4.797,3500
2020-08-24 09:32:34.780,4.793,900
2020-08-24 09:32:35.700,4.794,10000
2020-08-24 09:32:36.080,4.794,300
2020-08-24 09:32:36.550,4.795,2000
2020-08-24 09:32:36.640,4.794,5000
2020-08-24 09:32:38.730,4.794,3000
2020-08-24 09:32:39.250,4.794,2000
2020-08-24 09:32:39.540,4.795,200
2020-08-24 09:32:39.540,4.795,1600
2020-08-24 09:32:39.540,4.797,4700
2020-08-24 09:32:41.090,4.797,3100
2020-08-24 09:32:41.090,4.795,6900
2020-08-24 09:32:41.210,4.798,4000
2020-08-24 09:32:41.210,4.798,100
2020-08-24 09:32:41.210,4.798,5000
2020-08-24 09:32:41.210,4.798,900
2020-08-24 09:32:41.460,4.797,2000
2020-08-24 09:32:41.460,4.795,8000
2020-08-24 09:32:41.550,4.795,1400
2020-08-24 09:32:42.020,4.796,300
2020-08-24 09:32:42.260,4.796,15000
2020-08-24 09:32:43.870,4.796,1000
2020-08-24 09:32:44.780,4.797,1100
2020-08-24 09:32:45.550,4.797,1700
2020-08-24 09:32:45.980,4.797,100
2020-08-24 09:32:46.000,4.797,5000
2020-08-24 09:32:46.830,4.797,2100
2020-08-24 09:32:47.240,4.798,2100
2020-08-24 09:32:47.470,4.797,400
2020-08-24 09:32:47.690,4.798,1000
2020-08-24 09:32:48.020,4.797,300
2020-08-24 09:32:49.180,4.798,2300
2020-08-24 09:32:49.180,4.798,4100
2020-08-24 09:32:49.180,4.799,500
2020-08-24 09:32:49.290,4.799,1200
2020-08-24 09:32:50.210,4.8,4700
2020-08-24 09:32:50.210,4.8,1700
2020-08-24 09:32:50.210,4.8,1000
2020-08-24 09:32:50.210,4.8,2600
2020-08-24 09:32:50.240,4.8,40000
2020-08-24 09:32:51.220,4.799,2700
2020-08-24 09:32:53.140,4.799,2000
2020-08-24 09:32:53.140,4.797,19300
2020-08-24 09:32:53.140,4.797,21200
2020-08-24 09:32:53.200,4.8,2300
2020-08-24 09:32:53.200,4.8,7700
2020-08-24 09:32:56.210,4.8,600
2020-08-24 09:32:56.210,4.8,400
2020-08-24 09:32:56.210,4.8,1200
2020-08-24 09:32:56.210,4.8,3000
2020-08-24 09:32:56.210,4.8,4800
2020-08-24 09:32:58.760,4.798,100
2020-08-24 09:32:59.170,4.8,200
2020-08-24 09:32:59.170,4.8,2000
2020-08-24 09:32:59.170,4.8,2000
2020-08-24 09:32:59.170,4.8,2200
2020-08-24 09:32:59.660,4.798,1400
2020-08-24 09:33:02.050,4.8,7400
2020-08-24 09:33:02.050,4.8,1000
2020-08-24 09:33:02.140,4.8,1600
2020-08-24 09:33:02.960,4.8,8400
2020-08-24 09:33:02.960,4.8,1000
2020-08-24 09:33:02.960,4.801,600
2020-08-24 09:33:04.140,4.8,2000
2020-08-24 09:33:04.140,4.8,200
2020-08-24 09:33:04.350,4.8,100
2020-08-24 09:33:04.500,4.799,16700
2020-08-24 09:33:05.210,4.798,300
2020-08-24 09:33:05.210,4.798,700
2020-08-24 09:33:05.210,4.798,1000
2020-08-24 09:33:05.210,4.798,4300
2020-08-24 09:33:05.510,4.798,5700
2020-08-24 09:33:05.510,4.798,500
2020-08-24 09:33:05.510,4.798,1600
2020-08-24 09:33:05.830,4.798,2800
2020-08-24 09:33:07.610,4.798,6900
2020-08-24 09:33:08.480,4.799,2000
2020-08-24 09:33:09.760,4.797,300
2020-08-24 09:33:09.760,4.796,14100
2020-08-24 09:33:09.760,4.796,5000
2020-08-24 09:33:09.760,4.795,258200
2020-08-24 09:33:09.970,4.795,900
2020-08-24 09:33:10.120,4.799,20000
2020-08-24 09:33:10.630,4.797,20000
2020-08-24 09:33:10.630,4.797,13000
2020-08-24 09:33:10.630,4.799,7000
2020-08-24 09:33:10.700,4.799,8600
2020-08-24 09:33:10.700,4.799,500
2020-08-24 09:33:10.700,4.799,1200
2020-08-24 09:33:11.990,4.799,2900
2020-08-24 09:33:12.300,4.799,26800
2020-08-24 09:33:12.300,4.799,19200
2020-08-24 09:33:12.430,4.799,10500
2020-08-24 09:33:12.460,4.799,2900
2020-08-24 09:33:12.490,4.8,20000
2020-08-24 09:33:12.490,4.8,17000
2020-08-24 09:33:12.550,4.799,3000
2020-08-24 09:33:12.970,4.799,100
2020-08-24 09:33:12.970,4.799,2900
2020-08-24 09:33:13.210,4.8,64800
2020-08-24 09:33:13.460,4.799,2900
2020-08-24 09:33:13.680,4.799,600
2020-08-24 09:33:13.910,4.8,100
2020-08-24 09:33:14.420,4.799,30000
2020-08-24 09:33:14.640,4.8,4700
2020-08-24 09:33:15.790,4.799,700
2020-08-24 09:33:16.470,4.8,100
2020-08-24 09:33:16.640,4.799,27200
2020-08-24 09:33:16.640,4.799,11000
2020-08-24 09:33:16.860,4.797,3700
2020-08-24 09:33:17.280,4.799,40000
2020-08-24 09:33:18.620,4.797,100
2020-08-24 09:33:19.190,4.799,1000
2020-08-24 09:33:20.120,4.799,500
2020-08-24 09:33:20.370,4.799,4000
2020-08-24 09:33:22.000,4.799,16300
2020-08-24 09:33:22.000,4.799,13700
2020-08-24 09:33:22.200,4.799,6700
2020-08-24 09:33:22.200,4.799,600
2020-08-24 09:33:22.200,4.799,100
2020-08-24 09:33:22.200,4.799,3000
2020-08-24 09:33:22.200,4.799,18900
2020-08-24 09:33:22.320,4.797,1600
2020-08-24 09:33:22.940,4.797,4600
2020-08-24 09:33:22.970,4.797,5400
2020-08-24 09:33:22.970,4.799,7800
2020-08-24 09:33:22.970,4.799,1500
2020-08-24 09:33:22.970,4.8,5300
2020-08-24 09:33:23.490,4.8,4400
2020-08-24 09:33:24.090,4.797,1200
2020-08-24 09:33:25.280,4.799,2000
2020-08-24 09:33:25.310,4.799,7900
2020-08-24 09:33:25.310,4.799,1000
2020-08-24 09:33:26.200,4.799,10000
2020-08-24 09:33:26.220,4.799,20000
2020-08-24 09:33:26.740,4.799,200
2020-08-24 09:33:27.600,4.799,100
2020-08-24 09:33:29.310,4.799,1000
2020-08-24 09:33:30.010,4.797,1100
2020-08-24 09:33:30.010,4.797,1300
2020-08-24 09:33:30.010,4.797,2600
2020-08-24 09:33:30.850,4.799,2500
2020-08-24 09:33:31.180,4.799,7300
2020-08-24 09:33:31.180,4.799,1500
2020-08-24 09:33:33.090,4.799,8900
2020-08-24 09:33:33.510,4.799,500
2020-08-24 09:33:34.510,4.799,27800
2020-08-24 09:33:34.510,4.799,3000
2020-08-24 09:33:34.510,4.799,600
2020-08-24 09:33:35.300,4.797,5000
2020-08-24 09:33:37.450,4.797,2400
2020-08-24 09:33:37.450,4.797,1000
2020-08-24 09:33:37.450,4.797,1600
2020-08-24 09:33:37.660,4.798,100
2020-08-24 09:33:37.990,4.798,100
2020-08-24 09:33:38.600,4.797,500
2020-08-24 09:33:38.600,4.797,2000
2020-08-24 09:33:38.600,4.797,30000
2020-08-24 09:33:38.600,4.797,5000
2020-08-24 09:33:38.730,4.797,10000
2020-08-24 09:33:38.950,4.797,1000
2020-08-24 09:33:40.940,4.796,5000
2020-08-24 09:33:40.940,4.796,400
2020-08-24 09:33:40.940,4.796,6000
2020-08-24 09:33:40.940,4.796,20000
2020-08-24 09:33:40.940,4.796,28600
2020-08-24 09:33:40.940,4.796,106800
2020-08-24 09:33:40.940,4.796,18800
2020-08-24 09:33:40.940,4.796,1400
2020-08-24 09:33:41.240,4.796,3500
2020-08-24 09:33:41.860,4.796,100
2020-08-24 09:33:42.010,4.796,30000
2020-08-24 09:33:42.010,4.796,30000
2020-08-24 09:33:42.010,4.795,2700
2020-08-24 09:33:43.040,4.796,100
2020-08-24 09:33:43.040,4.797,900
2020-08-24 09:33:43.190,4.797,1000
2020-08-24 09:33:45.020,4.796,1000
2020-08-24 09:33:45.020,4.796,1100
2020-08-24 09:33:45.050,4.796,1400
2020-08-24 09:33:45.530,4.795,30700
2020-08-24 09:33:45.590,4.796,3700
2020-08-24 09:33:46.510,4.795,35800
2020-08-24 09:33:47.200,4.796,30000
2020-08-24 09:33:47.830,4.795,400
2020-08-24 09:33:48.040,4.795,300
2020-08-24 09:33:48.970,4.795,123700
2020-08-24 09:33:49.180,4.796,1400
2020-08-24 09:33:49.180,4.796,10000
2020-08-24 09:33:49.180,4.796,200
2020-08-24 09:33:49.180,4.796,1500
2020-08-24 09:33:49.180,4.797,8100
2020-08-24 09:33:49.180,4.797,2000
2020-08-24 09:33:49.180,4.797,4600
2020-08-24 09:33:50.090,4.796,2500
2020-08-24 09:33:50.090,4.796,60000
2020-08-24 09:33:50.490,4.797,1000
2020-08-24 09:33:51.010,4.797,4400
2020-08-24 09:33:51.010,4.797,400
2020-08-24 09:33:51.010,4.797,40700
2020-08-24 09:33:51.010,4.797,1000
2020-08-24 09:33:51.010,4.797,10000
2020-08-24 09:33:51.220,4.797,100
2020-08-24 09:33:52.830,4.797,15000
2020-08-24 09:33:53.190,4.799,900
2020-08-24 09:33:53.190,4.799,9100
2020-08-24 09:33:53.490,4.797,8400
2020-08-24 09:33:53.490,4.796,37500
2020-08-24 09:33:53.490,4.796,100
2020-08-24 09:33:53.490,4.796,10000
2020-08-24 09:33:54.090,4.795,1200
2020-08-24 09:33:54.090,4.796,1800
2020-08-24 09:33:54.090,4.796,2000
2020-08-24 09:33:54.090,4.796,300
2020-08-24 09:33:54.090,4.798,75900
2020-08-24 09:33:54.090,4.798,100000
2020-08-24 09:33:54.090,4.798,50000
2020-08-24 09:33:54.090,4.798,10000
2020-08-24 09:33:54.090,4.798,64200
2020-08-24 09:33:54.090,4.798,35800
2020-08-24 09:33:54.090,4.798,80000
2020-08-24 09:33:54.090,4.798,100000
2020-08-24 09:33:54.090,4.798,84200
2020-08-24 09:33:54.090,4.798,15800
2020-08-24 09:33:54.090,4.798,93600
2020-08-24 09:33:54.090,4.799,6400
2020-08-24 09:33:54.090,4.799,10000
2020-08-24 09:33:54.090,4.799,100000
2020-08-24 09:33:55.190,4.796,3500
2020-08-24 09:33:55.940,4.799,1500
2020-08-24 09:33:56.220,4.799,100000
2020-08-24 09:33:56.220,4.799,60000
2020-08-24 09:33:56.220,4.799,90000
2020-08-24 09:33:56.220,4.799,80000
2020-08-24 09:33:56.220,4.799,80000
2020-08-24 09:33:58.050,4.796,31000
2020-08-24 09:33:58.200,4.796,3500
2020-08-24 09:33:58.450,4.796,2000
2020-08-24 09:33:58.450,4.796,8000
2020-08-24 09:33:58.480,4.796,800
2020-08-24 09:33:59.280,4.797,10000
2020-08-24 09:33:59.280,4.799,68000
2020-08-24 09:33:59.280,4.799,2000
2020-08-24 09:33:59.280,4.799,2300
2020-08-24 09:33:59.280,4.799,17700
2020-08-24 09:33:59.430,4.796,1000
2020-08-24 09:33:59.430,4.795,2000
2020-08-24 09:34:00.100,4.796,300
2020-08-24 09:34:00.350,4.796,1200
2020-08-24 09:34:01.980,4.799,100
2020-08-24 09:34:02.220,4.799,19400
2020-08-24 09:34:02.220,4.799,1500
2020-08-24 09:34:02.220,4.799,9100
2020-08-24 09:34:02.550,4.799,100
2020-08-24 09:34:04.490,4.799,10800
2020-08-24 09:34:05.190,4.8,100000
2020-08-24 09:34:05.220,4.8,100000
2020-08-24 09:34:05.220,4.8,100000
2020-08-24 09:34:05.220,4.8,100000
2020-08-24 09:34:05.220,4.8,100000
2020-08-24 09:34:05.220,4.8,8400
2020-08-24 09:34:05.220,4.8,100
2020-08-24 09:34:05.220,4.8,47800
2020-08-24 09:34:05.220,4.8,5000
2020-08-24 09:34:05.220,4.8,300
2020-08-24 09:34:05.220,4.8,1800
2020-08-24 09:34:05.220,4.8,100
2020-08-24 09:34:05.220,4.8,4000
2020-08-24 09:34:05.220,4.8,1000
2020-08-24 09:34:05.220,4.8,4000
2020-08-24 09:34:05.220,4.8,300
2020-08-24 09:34:05.220,4.8,1100
2020-08-24 09:34:05.220,4.8,400
2020-08-24 09:34:05.220,4.8,25700
2020-08-24 09:34:05.220,4.8,10000
2020-08-24 09:34:05.220,4.8,100000
2020-08-24 09:34:07.170,4.799,2000
2020-08-24 09:34:08.280,4.8,50000
2020-08-24 09:34:08.300,4.8,90000
2020-08-24 09:34:08.300,4.799,13200
2020-08-24 09:34:08.550,4.799,12000
2020-08-24 09:34:09.000,4.799,500
2020-08-24 09:34:11.130,4.799,800
2020-08-24 09:34:11.220,4.8,24300
2020-08-24 09:34:11.220,4.8,10000
2020-08-24 09:34:11.220,4.8,1700
2020-08-24 09:34:11.220,4.8,4000
2020-08-24 09:34:12.000,4.8,600
2020-08-24 09:34:12.650,4.8,2500
2020-08-24 09:34:13.420,4.8,2200
2020-08-24 09:34:13.820,4.8,700
2020-08-24 09:34:13.820,4.8,300
2020-08-24 09:34:14.600,4.8,200
2020-08-24 09:34:14.600,4.8,1100
2020-08-24 09:34:14.600,4.8,3700
2020-08-24 09:34:14.750,4.8,1000
2020-08-24 09:34:14.940,4.799,100
2020-08-24 09:34:15.700,4.8,300
2020-08-24 09:34:15.700,4.8,1700
2020-08-24 09:34:15.790,4.799,2200
2020-08-24 09:34:15.980,4.799,2700
2020-08-24 09:34:16.540,4.799,21700
2020-08-24 09:34:16.540,4.799,4000
2020-08-24 09:34:16.540,4.799,100
2020-08-24 09:34:16.540,4.799,22000
2020-08-24 09:34:17.200,4.799,300
2020-08-24 09:34:17.200,4.8,1000
2020-08-24 09:34:17.230,4.8,10000
2020-08-24 09:34:17.260,4.8,10000
2020-08-24 09:34:17.620,4.799,100
2020-08-24 09:34:18.450,4.799,400
2020-08-24 09:34:18.450,4.799,100
2020-08-24 09:34:18.450,4.8,10400
2020-08-24 09:34:18.450,4.801,1100
2020-08-24 09:34:19.120,4.799,2000
2020-08-24 09:34:19.760,4.8,2500
2020-08-24 09:34:19.820,4.8,5000
2020-08-24 09:34:20.010,4.8,10000
2020-08-24 09:34:21.610,4.8,13300
2020-08-24 09:34:21.640,4.8,14100
2020-08-24 09:34:21.640,4.8,2800
2020-08-24 09:34:21.640,4.8,1000
2020-08-24 09:34:21.640,4.799,400
2020-08-24 09:34:21.640,4.799,31700
2020-08-24 09:34:23.720,4.8,6500
2020-08-24 09:34:24.050,4.8,1200
2020-08-24 09:34:24.470,4.8,10000
2020-08-24 09:34:25.580,4.8,200
2020-08-24 09:34:25.850,4.8,3000
2020-08-24 09:34:27.200,4.801,300
2020-08-24 09:34:27.200,4.801,300
2020-08-24 09:34:27.200,4.801,200
2020-08-24 09:34:27.200,4.801,1000
2020-08-24 09:34:27.200,4.801,200
2020-08-24 09:34:27.200,4.801,100
2020-08-24 09:34:27.200,4.801,1100
2020-08-24 09:34:27.200,4.801,100
2020-08-24 09:34:27.370,4.801,12900
2020-08-24 09:34:27.370,4.8,9100
2020-08-24 09:34:27.370,4.8,30000
2020-08-24 09:34:27.370,4.8,48000
2020-08-24 09:34:27.950,4.8,18000
2020-08-24 09:34:28.250,4.8,1000
2020-08-24 09:34:29.210,4.802,200
2020-08-24 09:34:29.210,4.802,20000
2020-08-24 09:34:29.210,4.802,5000
2020-08-24 09:34:29.210,4.802,40000
2020-08-24 09:34:29.210,4.802,34800
2020-08-24 09:34:29.240,4.802,20000
2020-08-24 09:34:30.050,4.8,300
2020-08-24 09:34:30.260,4.8,2500
2020-08-24 09:34:30.590,4.801,4200
2020-08-24 09:34:30.990,4.801,800
2020-08-24 09:34:30.990,4.801,8100
2020-08-24 09:34:31.100,4.801,10000
2020-08-24 09:34:32.130,4.801,1000
2020-08-24 09:34:32.220,4.802,2600
2020-08-24 09:34:32.220,4.802,1200
2020-08-24 09:34:32.220,4.802,1000
2020-08-24 09:34:32.220,4.802,15200
2020-08-24 09:34:32.490,4.801,10000
2020-08-24 09:34:35.240,4.802,10000
2020-08-24 09:34:35.540,4.801,21200
2020-08-24 09:34:35.730,4.801,5000
2020-08-24 09:34:36.030,4.801,300
2020-08-24 09:34:36.900,4.801,25000
2020-08-24 09:34:38.240,4.802,1900
2020-08-24 09:34:38.240,4.802,2600
2020-08-24 09:34:38.240,4.802,15500
2020-08-24 09:34:38.240,4.802,14500
2020-08-24 09:34:38.240,4.802,5500
2020-08-24 09:34:38.240,4.802,30000
2020-08-24 09:34:38.520,4.801,15000
2020-08-24 09:34:39.340,4.802,1200
2020-08-24 09:34:39.650,4.801,4400
2020-08-24 09:34:39.650,4.801,100
2020-08-24 09:34:39.650,4.801,5500
2020-08-24 09:34:39.750,4.801,2300
2020-08-24 09:34:40.710,4.801,2300
2020-08-24 09:34:41.000,4.801,120000
2020-08-24 09:34:41.200,4.802,10000
2020-08-24 09:34:41.290,4.802,3300
2020-08-24 09:34:41.290,4.802,5000
2020-08-24 09:34:41.290,4.802,20000
2020-08-24 09:34:42.060,4.802,300
2020-08-24 09:34:42.880,4.802,2100
2020-08-24 09:34:44.050,4.802,200
2020-08-24 09:34:44.180,4.803,8000
2020-08-24 09:34:44.180,4.803,1900
2020-08-24 09:34:44.180,4.803,100
2020-08-24 09:34:45.660,4.802,100
2020-08-24 09:34:46.300,4.803,9900
2020-08-24 09:34:46.300,4.803,3200
2020-08-24 09:34:46.300,4.803,6900
2020-08-24 09:34:46.300,4.802,4400
2020-08-24 09:34:46.300,4.802,2700
2020-08-24 09:34:47.030,4.801,100
2020-08-24 09:34:47.210,4.802,10000
2020-08-24 09:34:47.520,4.802,7900
2020-08-24 09:34:47.520,4.803,3900
2020-08-24 09:34:48.030,4.801,100
2020-08-24 09:34:50.060,4.801,100
2020-08-24 09:34:50.900,4.802,100
2020-08-24 09:34:52.090,4.801,200
2020-08-24 09:34:52.860,4.802,300
2020-08-24 09:34:52.860,4.802,300
2020-08-24 09:34:52.950,4.801,40000
2020-08-24 09:34:52.950,4.801,200
2020-08-24 09:34:52.950,4.801,10700
2020-08-24 09:34:53.420,4.801,30000
2020-08-24 09:34:55.090,4.802,2000
2020-08-24 09:34:55.650,4.801,200
2020-08-24 09:34:56.240,4.802,3700
2020-08-24 09:34:56.240,4.802,2000
2020-08-24 09:34:56.240,4.802,200
2020-08-24 09:34:56.240,4.802,800
2020-08-24 09:34:56.240,4.802,700
2020-08-24 09:34:56.240,4.802,2600
2020-08-24 09:34:56.620,4.802,3200
2020-08-24 09:34:58.750,4.801,7000
2020-08-24 09:34:59.190,4.802,1200
2020-08-24 09:34:59.190,4.802,3300
2020-08-24 09:34:59.190,4.802,600
2020-08-24 09:34:59.190,4.802,4900
2020-08-24 09:34:59.880,4.802,100
2020-08-24 09:35:00.020,4.801,1200
2020-08-24 09:35:00.080,4.802,2000
2020-08-24 09:35:01.180,4.802,400
2020-08-24 09:35:02.260,4.802,8500
2020-08-24 09:35:02.260,4.802,1500
2020-08-24 09:35:03.860,4.802,13500
2020-08-24 09:35:04.070,4.802,6500
2020-08-24 09:35:04.070,4.801,18500
2020-08-24 09:35:04.240,4.801,25000
2020-08-24 09:35:04.240,4.801,7400
2020-08-24 09:35:04.240,4.801,4000
2020-08-24 09:35:04.240,4.801,2100
2020-08-24 09:35:04.240,4.801,6500
2020-08-24 09:35:05.210,4.803,9200
2020-08-24 09:35:05.210,4.803,20800
2020-08-24 09:35:05.210,4.803,29200
2020-08-24 09:35:05.210,4.803,10000
2020-08-24 09:35:05.210,4.803,800
2020-08-24 09:35:05.210,4.803,9200
2020-08-24 09:35:05.210,4.803,10000
2020-08-24 09:35:05.210,4.803,100
2020-08-24 09:35:05.210,4.803,50000
2020-08-24 09:35:05.210,4.803,30700
2020-08-24 09:35:05.210,4.803,100000
2020-08-24 09:35:05.270,4.803,10000
2020-08-24 09:35:05.270,4.803,100000
2020-08-24 09:35:05.270,4.803,80000
2020-08-24 09:35:05.270,4.803,100000
2020-08-24 09:35:05.270,4.803,100000
2020-08-24 09:35:05.270,4.803,60000
2020-08-24 09:35:05.270,4.803,20000
2020-08-24 09:35:05.270,4.803,90000
2020-08-24 09:35:05.270,4.803,40000
2020-08-24 09:35:05.330,4.803,600
2020-08-24 09:35:05.600,4.803,96200
2020-08-24 09:35:05.980,4.802,100
2020-08-24 09:35:07.100,4.802,600
2020-08-24 09:35:07.100,4.802,1300
2020-08-24 09:35:07.930,4.802,1700
2020-08-24 09:35:07.930,4.802,1000
2020-08-24 09:35:07.930,4.802,1200
2020-08-24 09:35:07.930,4.801,10000
2020-08-24 09:35:07.930,4.801,3700
2020-08-24 09:35:07.990,4.801,2400
2020-08-24 09:35:08.200,4.803,10000
2020-08-24 09:35:08.520,4.803,10000
2020-08-24 09:35:10.380,4.802,50000
2020-08-24 09:35:11.160,4.802,3000
2020-08-24 09:35:11.190,4.803,30000
2020-08-24 09:35:11.290,4.803,50000
2020-08-24 09:35:11.720,4.802,12000
2020-08-24 09:35:12.680,4.803,200
2020-08-24 09:35:12.860,4.803,2300
2020-08-24 09:35:12.860,4.803,20000
2020-08-24 09:35:12.860,4.803,100
2020-08-24 09:35:12.860,4.803,1100
2020-08-24 09:35:12.890,4.803,300
2020-08-24 09:35:14.100,4.803,700
2020-08-24 09:35:16.140,4.803,211700
2020-08-24 09:35:16.140,4.803,400
2020-08-24 09:35:16.140,4.803,30000
2020-08-24 09:35:16.140,4.803,10200
2020-08-24 09:35:16.140,4.802,44000
2020-08-24 09:35:16.320,4.804,9100
2020-08-24 09:35:16.320,4.804,71700
2020-08-24 09:35:17.460,4.802,33000
2020-08-24 09:35:17.760,4.803,800
2020-08-24 09:35:17.980,4.803,1300
2020-08-24 09:35:17.980,4.802,3700
2020-08-24 09:35:18.240,4.804,100
2020-08-24 09:35:19.650,4.802,1000
2020-08-24 09:35:20.030,4.804,9000
2020-08-24 09:35:20.030,4.804,1600
2020-08-24 09:35:20.030,4.804,2500
2020-08-24 09:35:20.030,4.804,1400
2020-08-24 09:35:20.030,4.804,33200
2020-08-24 09:35:20.030,4.804,12300
2020-08-24 09:35:20.180,4.804,10000
2020-08-24 09:35:20.780,4.803,100
2020-08-24 09:35:21.190,4.803,100
2020-08-24 09:35:21.190,4.803,5000
2020-08-24 09:35:21.190,4.804,1800
2020-08-24 09:35:22.220,4.803,700
2020-08-24 09:35:22.330,4.802,400
2020-08-24 09:35:22.730,4.803,9300
2020-08-24 09:35:22.730,4.803,700
2020-08-24 09:35:23.630,4.802,1000
2020-08-24 09:35:24.970,4.803,2500
2020-08-24 09:35:26.190,4.804,5900
2020-08-24 09:35:26.190,4.804,12000
2020-08-24 09:35:26.190,4.804,2100
2020-08-24 09:35:26.740,4.803,100
2020-08-24 09:35:27.010,4.803,99500
2020-08-24 09:35:27.660,4.803,10000
2020-08-24 09:35:28.090,4.803,1800
2020-08-24 09:35:28.090,4.803,2000
2020-08-24 09:35:28.090,4.803,100
2020-08-24 09:35:28.090,4.803,9500
2020-08-24 09:35:28.420,4.804,3100
2020-08-24 09:35:28.420,4.804,4800
2020-08-24 09:35:28.420,4.804,1000
2020-08-24 09:35:28.420,4.804,23900
2020-08-24 09:35:28.420,4.804,5000
2020-08-24 09:35:28.420,4.804,81700
2020-08-24 09:35:29.200,4.804,18300
2020-08-24 09:35:29.200,4.804,1700
2020-08-24 09:35:29.680,4.803,6000
2020-08-24 09:35:30.190,4.803,2800
2020-08-24 09:35:31.070,4.804,8800
2020-08-24 09:35:31.100,4.804,91200
2020-08-24 09:35:31.100,4.803,100000
2020-08-24 09:35:31.100,4.803,20800
2020-08-24 09:35:31.100,4.803,1900
2020-08-24 09:35:31.100,4.803,3200
2020-08-24 09:35:31.100,4.802,576400
2020-08-24 09:35:31.100,4.802,2100
2020-08-24 09:35:31.100,4.802,3000
2020-08-24 09:35:31.100,4.802,6000
2020-08-24 09:35:31.100,4.802,5000
2020-08-24 09:35:31.100,4.802,2000
2020-08-24 09:35:31.100,4.802,100
2020-08-24 09:35:31.100,4.802,40000
2020-08-24 09:35:31.100,4.802,30000
2020-08-24 09:35:31.100,4.802,40000
2020-08-24 09:35:31.100,4.802,78300
2020-08-24 09:35:33.450,4.803,300
2020-08-24 09:35:33.780,4.803,3000
2020-08-24 09:35:34.290,4.803,100
2020-08-24 09:35:34.350,4.804,200
2020-08-24 09:35:34.910,4.803,700
2020-08-24 09:35:34.910,4.802,9300
2020-08-24 09:35:36.280,4.804,800
2020-08-24 09:35:36.280,4.804,400
2020-08-24 09:35:36.280,4.804,3800
2020-08-24 09:35:37.240,4.804,6200
2020-08-24 09:35:37.240,4.804,4000
2020-08-24 09:35:37.240,4.804,700
2020-08-24 09:35:37.500,4.804,1000
2020-08-24 09:35:38.170,4.804,1800
2020-08-24 09:35:38.480,4.804,1000
2020-08-24 09:35:38.790,4.804,500
2020-08-24 09:35:38.850,4.804,2500
2020-08-24 09:35:38.850,4.804,100
2020-08-24 09:35:38.850,4.803,1500
2020-08-24 09:35:38.850,4.802,12400
2020-08-24 09:35:38.850,4.802,5000
2020-08-24 09:35:38.850,4.802,8000
2020-08-24 09:35:38.850,4.802,24700
2020-08-24 09:35:38.850,4.802,200
2020-08-24 09:35:38.850,4.802,1200
2020-08-24 09:35:39.050,4.801,3000
2020-08-24 09:35:39.730,4.802,100
2020-08-24 09:35:40.290,4.802,100
2020-08-24 09:35:41.190,4.802,400
2020-08-24 09:35:41.190,4.802,40000
2020-08-24 09:35:41.230,4.802,40000
2020-08-24 09:35:42.130,4.802,31800
2020-08-24 09:35:42.130,4.802,200
2020-08-24 09:35:42.130,4.802,25000
2020-08-24 09:35:42.190,4.802,43000
2020-08-24 09:35:42.190,4.801,18600
2020-08-24 09:35:42.190,4.8,400
2020-08-24 09:35:42.190,4.8,1000
2020-08-24 09:35:42.190,4.8,50000
2020-08-24 09:35:42.190,4.8,1000
2020-08-24 09:35:42.190,4.8,30000
2020-08-24 09:35:42.190,4.8,300
2020-08-24 09:35:42.190,4.8,1200
2020-08-24 09:35:42.190,4.8,50000
2020-08-24 09:35:42.190,4.8,600
2020-08-24 09:35:42.190,4.8,3900
2020-08-24 09:35:44.090,4.8,5000
2020-08-24 09:35:44.960,4.803,100
2020-08-24 09:35:44.960,4.803,3900
2020-08-24 09:35:45.740,4.803,100
2020-08-24 09:35:45.780,4.803,7900
2020-08-24 09:35:45.780,4.804,4000
2020-08-24 09:35:45.780,4.804,8100
2020-08-24 09:35:46.700,4.802,5000
2020-08-24 09:35:48.640,4.801,100
2020-08-24 09:35:48.640,4.801,200
2020-08-24 09:35:48.810,4.801,2500
2020-08-24 09:35:50.230,4.801,20000
2020-08-24 09:35:50.480,4.801,300
2020-08-24 09:35:51.730,4.8,300
2020-08-24 09:35:51.730,4.8,8000
2020-08-24 09:35:54.380,4.8,100
2020-08-24 09:35:54.380,4.8,9900
2020-08-24 09:35:55.620,4.8,14000
2020-08-24 09:35:55.620,4.801,7000
2020-08-24 09:35:55.620,4.801,200
2020-08-24 09:35:55.620,4.801,1100
2020-08-24 09:35:55.620,4.802,5300
2020-08-24 09:35:55.620,4.802,2000
2020-08-24 09:35:55.620,4.802,1300
2020-08-24 09:35:55.620,4.802,2000
2020-08-24 09:35:55.620,4.803,10000
2020-08-24 09:35:55.620,4.803,200
2020-08-24 09:35:55.620,4.803,6900
2020-08-24 09:35:56.210,4.801,40000
2020-08-24 09:35:56.270,4.801,80000
2020-08-24 09:35:57.140,4.799,100
2020-08-24 09:35:57.140,4.799,100
2020-08-24 09:35:57.140,4.799,200
2020-08-24 09:35:57.140,4.799,2000
2020-08-24 09:35:57.140,4.799,100
2020-08-24 09:35:57.360,4.801,1000
2020-08-24 09:35:59.190,4.8,10000
2020-08-24 09:35:59.660,4.8,300
2020-08-24 09:36:00.200,4.8,2200
2020-08-24 09:36:00.200,4.801,2800
2020-08-24 09:36:02.220,4.801,10000
2020-08-24 09:36:02.220,4.801,10000
2020-08-24 09:36:02.570,4.8,200
2020-08-24 09:36:03.170,4.8,900
2020-08-24 09:36:03.290,4.799,200
2020-08-24 09:36:03.290,4.799,100
2020-08-24 09:36:03.290,4.799,900
2020-08-24 09:36:03.740,4.799,100
2020-08-24 09:36:04.070,4.799,9000
2020-08-24 09:36:04.070,4.799,21000
2020-08-24 09:36:04.790,4.8,1300
2020-08-24 09:36:05.780,4.799,33000
2020-08-24 09:36:06.230,4.8,500
2020-08-24 09:36:06.530,4.8,100
2020-08-24 09:36:06.860,4.8,2000
2020-08-24 09:36:06.860,4.8,2800
2020-08-24 09:36:06.920,4.8,200
2020-08-24 09:36:08.470,4.8,800
2020-08-24 09:36:08.470,4.8,600
2020-08-24 09:36:09.130,4.8,1000
2020-08-24 09:36:09.210,4.799,2100
2020-08-24 09:36:09.990,4.799,43900
2020-08-24 09:36:09.990,4.799,1200
2020-08-24 09:36:10.520,4.799,1000
2020-08-24 09:36:11.970,4.798,10400
2020-08-24 09:36:11.970,4.798,4000
2020-08-24 09:36:11.970,4.798,1200
2020-08-24 09:36:11.970,4.798,38900
2020-08-24 09:36:12.370,4.798,500
2020-08-24 09:36:12.670,4.798,200
2020-08-24 09:36:14.110,4.798,3600
2020-08-24 09:36:14.110,4.799,66400
2020-08-24 09:36:15.650,4.798,1300
2020-08-24 09:36:17.980,4.797,300
2020-08-24 09:36:17.980,4.797,1500
2020-08-24 09:36:17.980,4.796,100
2020-08-24 09:36:17.980,4.796,3700
2020-08-24 09:36:17.980,4.796,1000
2020-08-24 09:36:17.980,4.796,200
2020-08-24 09:36:17.980,4.796,1200
2020-08-24 09:36:18.010,4.797,200
2020-08-24 09:36:19.560,4.796,800
2020-08-24 09:36:19.560,4.796,200
2020-08-24 09:36:21.160,4.797,5000
2020-08-24 09:36:21.210,4.797,3000
2020-08-24 09:36:21.780,4.798,2000
2020-08-24 09:36:22.050,4.798,700
2020-08-24 09:36:22.620,4.797,3000
2020-08-24 09:36:22.690,4.797,5000
2020-08-24 09:36:22.840,4.798,100
2020-08-24 09:36:23.200,4.798,5200
2020-08-24 09:36:23.200,4.798,1000
2020-08-24 09:36:23.200,4.798,2100
2020-08-24 09:36:23.200,4.798,11700
2020-08-24 09:36:23.920,4.798,5200
2020-08-24 09:36:24.200,4.798,400
2020-08-24 09:36:24.450,4.798,2700
2020-08-24 09:36:24.770,4.798,20000
2020-08-24 09:36:24.960,4.798,11500
2020-08-24 09:36:25.990,4.798,1100
2020-08-24 09:36:26.200,4.799,3600
2020-08-24 09:36:26.200,4.799,6400
2020-08-24 09:36:26.200,4.798,4700
2020-08-24 09:36:26.200,4.797,300
2020-08-24 09:36:26.200,4.799,13600
2020-08-24 09:36:26.200,4.799,4000
2020-08-24 09:36:26.200,4.799,32400
2020-08-24 09:36:26.200,4.799,96900
2020-08-24 09:36:26.200,4.799,3100
2020-08-24 09:36:28.950,4.799,40000
2020-08-24 09:36:29.970,4.798,700
2020-08-24 09:36:29.970,4.798,8700
2020-08-24 09:36:30.240,4.798,21300
2020-08-24 09:36:30.240,4.798,8700
2020-08-24 09:36:30.480,4.798,10000
2020-08-24 09:36:30.630,4.798,300
2020-08-24 09:36:30.780,4.799,4500
2020-08-24 09:36:30.780,4.799,1000
2020-08-24 09:36:30.780,4.799,2800
2020-08-24 09:36:31.120,4.8,1800
2020-08-24 09:36:31.490,4.799,5000
2020-08-24 09:36:31.670,4.799,600
2020-08-24 09:36:32.200,4.8,100000
2020-08-24 09:36:32.220,4.799,16100
2020-08-24 09:36:32.220,4.799,24600
2020-08-24 09:36:32.250,4.8,60000
2020-08-24 09:36:32.250,4.8,80000
2020-08-24 09:36:32.250,4.8,100000
2020-08-24 09:36:32.250,4.8,10000
2020-08-24 09:36:32.250,4.8,60000
2020-08-24 09:36:32.250,4.8,100000
2020-08-24 09:36:32.250,4.8,100000
2020-08-24 09:36:32.250,4.8,100000
2020-08-24 09:36:32.250,4.8,100000
2020-08-24 09:36:32.250,4.8,100000
2020-08-24 09:36:32.380,4.8,40000
2020-08-24 09:36:32.570,4.8,30000
2020-08-24 09:36:32.940,4.8,18200
2020-08-24 09:36:32.940,4.8,100000
2020-08-24 09:36:32.940,4.8,29000
2020-08-24 09:36:32.940,4.8,1000
2020-08-24 09:36:32.940,4.8,5000
2020-08-24 09:36:32.940,4.8,10000
2020-08-24 09:36:33.350,4.8,100
2020-08-24 09:36:35.030,4.8,3000
2020-08-24 09:36:35.630,4.801,6200
2020-08-24 09:36:35.630,4.801,12400
2020-08-24 09:36:35.630,4.801,60000
2020-08-24 09:36:35.630,4.801,10000
2020-08-24 09:36:35.900,4.801,5000
2020-08-24 09:36:36.030,4.801,30800
2020-08-24 09:36:36.850,4.802,100
2020-08-24 09:36:37.900,4.801,5200
2020-08-24 09:36:40.200,4.801,1100
2020-08-24 09:36:40.580,4.801,5000
2020-08-24 09:36:40.700,4.801,1300
2020-08-24 09:36:41.590,4.801,9700
2020-08-24 09:36:41.650,4.802,2900
2020-08-24 09:36:41.650,4.802,3100
2020-08-24 09:36:41.650,4.802,800
2020-08-24 09:36:41.650,4.802,400
2020-08-24 09:36:41.680,4.802,7100
2020-08-24 09:36:42.050,4.802,30000
2020-08-24 09:36:42.500,4.802,10000
2020-08-24 09:36:42.980,4.801,5000
2020-08-24 09:36:43.240,4.801,5900
2020-08-24 09:36:44.200,4.803,14100
2020-08-24 09:36:44.200,4.803,20000
2020-08-24 09:36:44.200,4.803,1600
2020-08-24 09:36:44.200,4.803,300
2020-08-24 09:36:44.200,4.803,2000
2020-08-24 09:36:44.200,4.803,10000
2020-08-24 09:36:44.200,4.803,5500
2020-08-24 09:36:44.200,4.803,6500
2020-08-24 09:36:44.300,4.803,3500
2020-08-24 09:36:44.300,4.803,4600
2020-08-24 09:36:44.300,4.804,1900
2020-08-24 09:36:44.390,4.802,40000
2020-08-24 09:36:44.390,4.801,160000
2020-08-24 09:36:46.840,4.803,3200
2020-08-24 09:36:46.920,4.803,42000
2020-08-24 09:36:47.870,4.803,200
2020-08-24 09:36:48.020,4.803,3300
2020-08-24 09:36:48.500,4.803,1000
2020-08-24 09:36:48.530,4.803,3300
2020-08-24 09:36:48.640,4.803,13100
2020-08-24 09:36:48.850,4.803,200
2020-08-24 09:36:48.850,4.803,500
2020-08-24 09:36:49.030,4.803,3300
2020-08-24 09:36:49.450,4.803,3300
2020-08-24 09:36:49.780,4.804,1800
2020-08-24 09:36:49.780,4.804,30000
2020-08-24 09:36:49.780,4.804,3300
2020-08-24 09:36:49.780,4.804,2000
2020-08-24 09:36:49.780,4.804,400
2020-08-24 09:36:49.900,4.803,3300
2020-08-24 09:36:50.100,4.803,1900
2020-08-24 09:36:50.100,4.803,100
2020-08-24 09:36:50.100,4.802,4100
2020-08-24 09:36:50.350,4.802,3300
2020-08-24 09:36:51.300,4.804,500
2020-08-24 09:36:51.860,4.802,5000
2020-08-24 09:36:51.890,4.802,10000
2020-08-24 09:36:52.400,4.802,20000
2020-08-24 09:36:53.210,4.803,30000
2020-08-24 09:36:53.310,4.803,100
2020-08-24 09:36:56.210,4.803,9900
2020-08-24 09:36:56.210,4.803,100
2020-08-24 09:36:56.610,4.802,100
2020-08-24 09:36:56.890,4.802,1500
2020-08-24 09:36:57.600,4.803,200
2020-08-24 09:36:57.660,4.802,1000
2020-08-24 09:36:59.190,4.803,9500
2020-08-24 09:36:59.190,4.803,500
2020-08-24 09:36:59.310,4.802,1800
2020-08-24 09:36:59.520,4.803,2000
2020-08-24 09:36:59.770,4.803,1000
2020-08-24 09:36:59.980,4.802,2000
2020-08-24 09:37:01.150,4.802,600
2020-08-24 09:37:01.570,4.803,1100
2020-08-24 09:37:02.170,4.802,50600
2020-08-24 09:37:02.170,4.802,10000
2020-08-24 09:37:02.170,4.802,600
2020-08-24 09:37:02.600,4.802,400
2020-08-24 09:37:05.350,4.802,106800
2020-08-24 09:37:05.570,4.801,2000
2020-08-24 09:37:05.570,4.8,3400
2020-08-24 09:37:05.570,4.8,500
2020-08-24 09:37:05.700,4.8,6100
2020-08-24 09:37:05.700,4.802,13900
2020-08-24 09:37:05.700,4.802,2700
2020-08-24 09:37:06.240,4.799,10000
2020-08-24 09:37:09.670,4.8,5000
2020-08-24 09:37:09.940,4.801,100
2020-08-24 09:37:11.680,4.8,700
2020-08-24 09:37:12.020,4.8,1000
2020-08-24 09:37:12.230,4.8,80000
2020-08-24 09:37:12.530,4.801,2500
2020-08-24 09:37:12.830,4.8,47400
2020-08-24 09:37:12.830,4.8,21300
2020-08-24 09:37:13.630,4.799,2000
2020-08-24 09:37:14.990,4.799,100
2020-08-24 09:37:15.810,4.799,57900
2020-08-24 09:37:15.810,4.799,1400
2020-08-24 09:37:15.810,4.799,5000
2020-08-24 09:37:15.810,4.799,100
2020-08-24 09:37:16.740,4.798,200
2020-08-24 09:37:16.740,4.798,300
2020-08-24 09:37:16.740,4.798,500
2020-08-24 09:37:19.480,4.799,1400
2020-08-24 09:37:20.190,4.798,100
2020-08-24 09:37:20.380,4.798,2900
2020-08-24 09:37:20.380,4.797,8100
2020-08-24 09:37:20.580,4.799,300
2020-08-24 09:37:20.960,4.797,1000
2020-08-24 09:37:21.650,4.797,79600
2020-08-24 09:37:21.650,4.797,100
2020-08-24 09:37:21.650,4.797,1100
2020-08-24 09:37:21.650,4.797,45900
2020-08-24 09:37:22.740,4.797,1000
2020-08-24 09:37:23.550,4.798,20000
2020-08-24 09:37:24.200,4.796,6000
2020-08-24 09:37:24.200,4.796,1000
2020-08-24 09:37:24.200,4.795,3000
2020-08-24 09:37:25.180,4.797,500
2020-08-24 09:37:25.180,4.797,1600
2020-08-24 09:37:25.340,4.796,10500
2020-08-24 09:37:25.820,4.797,10000
2020-08-24 09:37:26.090,4.797,34700
2020-08-24 09:37:26.180,4.797,2000
2020-08-24 09:37:26.180,4.797,100000
2020-08-24 09:37:26.180,4.797,80000
2020-08-24 09:37:26.250,4.797,100000
2020-08-24 09:37:26.250,4.797,20000
2020-08-24 09:37:26.250,4.797,10000
2020-08-24 09:37:26.250,4.797,94800
2020-08-24 09:37:26.250,4.797,600
2020-08-24 09:37:26.250,4.797,100
2020-08-24 09:37:26.250,4.797,4500
2020-08-24 09:37:29.210,4.797,26000
2020-08-24 09:37:29.210,4.797,15000
2020-08-24 09:37:29.210,4.797,25000
2020-08-24 09:37:29.210,4.797,4000
2020-08-24 09:37:29.540,4.795,6300
2020-08-24 09:37:30.550,4.796,11000
2020-08-24 09:37:30.550,4.797,4400
2020-08-24 09:37:32.190,4.797,100
2020-08-24 09:37:32.530,4.795,52100
2020-08-24 09:37:34.040,4.796,2100
2020-08-24 09:37:34.040,4.797,21500
2020-08-24 09:37:34.040,4.797,6400
2020-08-24 09:37:34.090,4.797,20000
2020-08-24 09:37:34.440,4.797,200
2020-08-24 09:37:34.670,4.797,100
2020-08-24 09:37:34.710,4.795,12000
2020-08-24 09:37:35.190,4.795,15000
2020-08-24 09:37:35.310,4.795,16500
2020-08-24 09:37:35.310,4.795,200
2020-08-24 09:37:35.310,4.795,1000
2020-08-24 09:37:35.310,4.795,1000
2020-08-24 09:37:35.310,4.795,3000
2020-08-24 09:37:35.310,4.795,2600
2020-08-24 09:37:35.600,4.795,2400
2020-08-24 09:37:35.600,4.795,5600
2020-08-24 09:37:35.770,4.795,6200
2020-08-24 09:37:35.770,4.795,2100
2020-08-24 09:37:36.250,4.795,100
2020-08-24 09:37:36.390,4.796,800
2020-08-24 09:37:36.810,4.795,30000
2020-08-24 09:37:37.280,4.795,20000
2020-08-24 09:37:37.550,4.795,20000
2020-08-24 09:37:37.720,4.795,1700
2020-08-24 09:37:38.150,4.795,8500
2020-08-24 09:37:38.560,4.795,5800
2020-08-24 09:37:38.560,4.795,10000
2020-08-24 09:37:38.560,4.794,900
2020-08-24 09:37:38.560,4.794,1000
2020-08-24 09:37:38.560,4.794,2300
2020-08-24 09:37:39.450,4.794,2700
2020-08-24 09:37:39.450,4.794,5800
2020-08-24 09:37:39.450,4.794,200
2020-08-24 09:37:39.450,4.794,200
2020-08-24 09:37:39.450,4.794,200
2020-08-24 09:37:39.450,4.794,10900
2020-08-24 09:37:39.750,4.795,1000
2020-08-24 09:37:40.430,4.795,800
2020-08-24 09:37:41.030,4.795,100
2020-08-24 09:37:41.360,4.794,20000
2020-08-24 09:37:41.450,4.794,15000
2020-08-24 09:37:41.450,4.794,5000
2020-08-24 09:37:42.770,4.794,400
2020-08-24 09:37:45.210,4.793,800
2020-08-24 09:37:45.210,4.793,100
2020-08-24 09:37:45.210,4.793,1000
2020-08-24 09:37:45.210,4.793,2000
2020-08-24 09:37:45.210,4.793,300
2020-08-24 09:37:45.210,4.793,800
2020-08-24 09:37:45.300,4.792,200
2020-08-24 09:37:45.300,4.792,4000
2020-08-24 09:37:45.300,4.792,5000
2020-08-24 09:37:45.300,4.792,200
2020-08-24 09:37:45.300,4.792,1000
2020-08-24 09:37:45.300,4.792,100
2020-08-24 09:37:46.630,4.793,10000
2020-08-24 09:37:46.690,4.793,10000
2020-08-24 09:37:47.350,4.793,1000
2020-08-24 09:37:48.620,4.792,400
2020-08-24 09:37:48.620,4.792,5000
2020-08-24 09:37:48.790,4.792,8000
2020-08-24 09:37:49.250,4.792,7000
2020-08-24 09:37:49.860,4.792,100
2020-08-24 09:37:50.320,4.792,500
2020-08-24 09:37:52.680,4.791,500
2020-08-24 09:37:52.680,4.791,5000
2020-08-24 09:37:52.680,4.791,500
2020-08-24 09:37:52.680,4.791,1000
2020-08-24 09:37:52.680,4.791,13000
2020-08-24 09:37:53.910,4.791,37000
2020-08-24 09:37:53.910,4.791,100
2020-08-24 09:37:53.910,4.791,200
2020-08-24 09:37:53.910,4.791,300
2020-08-24 09:37:53.910,4.79,15000
2020-08-24 09:37:53.910,4.79,300
2020-08-24 09:37:53.910,4.79,1000
2020-08-24 09:37:53.910,4.79,1000
2020-08-24 09:37:53.910,4.79,5000
2020-08-24 09:37:53.910,4.79,500
2020-08-24 09:37:53.910,4.79,1200
2020-08-24 09:37:53.910,4.79,1000
2020-08-24 09:37:53.910,4.79,500
2020-08-24 09:37:53.910,4.79,100
2020-08-24 09:37:53.910,4.79,100
2020-08-24 09:37:53.910,4.79,200
2020-08-24 09:37:53.910,4.79,200
2020-08-24 09:37:53.910,4.79,30000
2020-08-24 09:37:53.910,4.79,200
2020-08-24 09:37:53.910,4.79,1700
2020-08-24 09:37:53.910,4.79,400
2020-08-24 09:37:53.910,4.79,100
2020-08-24 09:37:53.910,4.79,100
2020-08-24 09:37:53.910,4.79,100
2020-08-24 09:37:53.910,4.79,3700
2020-08-24 09:37:54.460,4.792,800
2020-08-24 09:37:54.550,4.79,900
2020-08-24 09:37:54.550,4.79,100
2020-08-24 09:37:55.170,4.79,4200
2020-08-24 09:37:55.350,4.79,1000
2020-08-24 09:37:57.450,4.79,6000
2020-08-24 09:37:57.540,4.79,200
2020-08-24 09:37:58.490,4.789,100
2020-08-24 09:37:58.490,4.789,10000
2020-08-24 09:37:58.490,4.789,200
2020-08-24 09:37:58.980,4.79,200
2020-08-24 09:37:59.690,4.79,1000
2020-08-24 09:38:00.030,4.789,18200
2020-08-24 09:38:00.310,4.79,55900
2020-08-24 09:38:00.310,4.79,30000
2020-08-24 09:38:01.100,4.79,400
2020-08-24 09:38:01.310,4.79,200
2020-08-24 09:38:01.430,4.79,300
2020-08-24 09:38:01.530,4.789,5100
2020-08-24 09:38:02.860,4.789,2500
2020-08-24 09:38:04.690,4.789,2700
2020-08-24 09:38:04.690,4.789,200
2020-08-24 09:38:04.710,4.789,100
2020-08-24 09:38:04.710,4.789,400
2020-08-24 09:38:04.820,4.789,5000
2020-08-24 09:38:04.820,4.79,6000
2020-08-24 09:38:04.820,4.79,4200
2020-08-24 09:38:04.820,4.79,11400
2020-08-24 09:38:07.600,4.788,600
2020-08-24 09:38:07.600,4.788,4400
2020-08-24 09:38:07.600,4.788,600
2020-08-24 09:38:07.600,4.788,5000
2020-08-24 09:38:07.600,4.788,600
2020-08-24 09:38:07.600,4.788,200
2020-08-24 09:38:07.600,4.788,100
2020-08-24 09:38:07.600,4.788,100
2020-08-24 09:38:07.600,4.788,500
2020-08-24 09:38:07.600,4.788,1000
2020-08-24 09:38:08.570,4.788,2500
2020-08-24 09:38:08.570,4.789,1300
2020-08-24 09:38:08.570,4.789,100
2020-08-24 09:38:08.570,4.789,600
2020-08-24 09:38:08.570,4.789,2700
2020-08-24 09:38:08.570,4.789,46000
2020-08-24 09:38:08.570,4.789,14600
2020-08-24 09:38:08.570,4.789,3600
2020-08-24 09:38:09.350,4.789,2600
2020-08-24 09:38:09.440,4.79,100
2020-08-24 09:38:09.910,4.789,400
2020-08-24 09:38:10.520,4.79,100
2020-08-24 09:38:10.750,4.789,10000
2020-08-24 09:38:11.180,4.789,100
2020-08-24 09:38:11.330,4.789,15500
2020-08-24 09:38:11.330,4.789,5000
2020-08-24 09:38:11.330,4.788,20000
2020-08-24 09:38:12.060,4.787,2600
2020-08-24 09:38:12.810,4.788,4000
2020-08-24 09:38:12.930,4.788,500
2020-08-24 09:38:13.050,4.788,5000
2020-08-24 09:38:13.050,4.788,5000
2020-08-24 09:38:13.700,4.788,400
2020-08-24 09:38:13.860,4.788,10000
2020-08-24 09:38:14.180,4.788,4600
2020-08-24 09:38:14.420,4.788,20000
2020-08-24 09:38:14.510,4.789,1500
2020-08-24 09:38:14.860,4.79,8400
2020-08-24 09:38:14.860,4.79,2000
2020-08-24 09:38:14.860,4.79,3200
2020-08-24 09:38:14.860,4.79,2700
2020-08-24 09:38:15.080,4.79,4000
2020-08-24 09:38:15.410,4.791,500
2020-08-24 09:38:15.410,4.791,1500
2020-08-24 09:38:15.410,4.791,5000
2020-08-24 09:38:15.410,4.791,1400
2020-08-24 09:38:15.410,4.791,5000
2020-08-24 09:38:15.410,4.791,16600
2020-08-24 09:38:15.500,4.79,2000
2020-08-24 09:38:15.600,4.79,900
2020-08-24 09:38:16.880,4.791,20000
2020-08-24 09:38:16.900,4.791,50000
2020-08-24 09:38:16.900,4.791,28900
2020-08-24 09:38:16.900,4.791,400
2020-08-24 09:38:16.900,4.791,10700
2020-08-24 09:38:18.090,4.79,6800
2020-08-24 09:38:18.090,4.79,8200
2020-08-24 09:38:18.090,4.79,400
2020-08-24 09:38:18.090,4.789,1400
2020-08-24 09:38:18.600,4.789,10000
2020-08-24 09:38:18.970,4.789,3000
2020-08-24 09:38:20.360,4.79,6200
2020-08-24 09:38:21.320,4.79,1000
2020-08-24 09:38:21.400,4.791,9000
2020-08-24 09:38:21.460,4.791,10000
2020-08-24 09:38:21.590,4.791,5000
2020-08-24 09:38:24.640,4.792,100000
2020-08-24 09:38:24.640,4.792,100000
2020-08-24 09:38:25.130,4.792,1100
2020-08-24 09:38:25.130,4.792,18900
2020-08-24 09:38:25.540,4.791,9500
2020-08-24 09:38:25.640,4.791,500
2020-08-24 09:38:25.640,4.79,500
2020-08-24 09:38:25.880,4.792,2600
2020-08-24 09:38:25.880,4.792,10000
2020-08-24 09:38:25.880,4.792,30000
2020-08-24 09:38:26.850,4.791,100
2020-08-24 09:38:26.850,4.791,500
2020-08-24 09:38:27.710,4.791,2000
2020-08-24 09:38:28.070,4.791,7400
2020-08-24 09:38:28.070,4.791,1000
2020-08-24 09:38:28.710,4.791,1600
2020-08-24 09:38:28.710,4.792,8800
2020-08-24 09:38:28.940,4.792,10000
2020-08-24 09:38:29.030,4.792,1100
2020-08-24 09:38:29.180,4.792,78500
2020-08-24 09:38:30.560,4.791,200
2020-08-24 09:38:30.770,4.791,10000
2020-08-24 09:38:31.280,4.791,3000
2020-08-24 09:38:31.580,4.792,5000
2020-08-24 09:38:31.950,4.791,500
2020-08-24 09:38:32.160,4.792,200
2020-08-24 09:38:32.640,4.792,2700
2020-08-24 09:38:33.500,4.792,4000
2020-08-24 09:38:33.500,4.792,900
2020-08-24 09:38:33.560,4.792,2000
2020-08-24 09:38:34.050,4.791,10000
2020-08-24 09:38:34.100,4.791,10000
2020-08-24 09:38:34.410,4.792,105000
2020-08-24 09:38:34.570,4.791,10000
2020-08-24 09:38:34.650,4.792,100
2020-08-24 09:38:34.650,4.791,2300
2020-08-24 09:38:34.840,4.79,21300
2020-08-24 09:38:35.740,4.791,100
2020-08-24 09:38:36.060,4.791,600
2020-08-24 09:38:37.610,4.791,3000
2020-08-24 09:38:37.640,4.79,8900
2020-08-24 09:38:38.100,4.791,11300
2020-08-24 09:38:38.100,4.791,5000
2020-08-24 09:38:38.100,4.791,6000
2020-08-24 09:38:38.100,4.791,46000
2020-08-24 09:38:39.150,4.792,1000
2020-08-24 09:38:39.830,4.792,1400
2020-08-24 09:38:40.850,4.791,100
2020-08-24 09:38:41.110,4.791,1600
2020-08-24 09:38:41.110,4.791,8400
2020-08-24 09:38:41.260,4.791,1000
2020-08-24 09:38:41.750,4.791,30000
2020-08-24 09:38:43.300,4.791,600
2020-08-24 09:38:43.300,4.791,500
2020-08-24 09:38:43.300,4.791,1000
2020-08-24 09:38:43.300,4.791,100
2020-08-24 09:38:43.830,4.791,200
2020-08-24 09:38:45.040,4.791,1200
2020-08-24 09:38:45.040,4.791,500
2020-08-24 09:38:45.040,4.791,1000
2020-08-24 09:38:45.040,4.791,2300
2020-08-24 09:38:47.090,4.791,2700
2020-08-24 09:38:47.090,4.791,1300
2020-08-24 09:38:47.710,4.79,28100
2020-08-24 09:38:47.710,4.79,500
2020-08-24 09:38:47.710,4.79,500
2020-08-24 09:38:47.710,4.79,1000
2020-08-24 09:38:47.710,4.79,80000
2020-08-24 09:38:47.710,4.79,100
2020-08-24 09:38:47.710,4.79,1000
2020-08-24 09:38:47.710,4.79,50000
2020-08-24 09:38:47.710,4.79,46000
2020-08-24 09:38:47.830,4.79,200
2020-08-24 09:38:48.360,4.79,600
2020-08-24 09:38:49.100,4.79,25000
2020-08-24 09:38:49.760,4.79,1000
2020-08-24 09:38:50.470,4.789,200
2020-08-24 09:38:50.470,4.789,500
2020-08-24 09:38:50.470,4.789,200
2020-08-24 09:38:50.470,4.789,5000
2020-08-24 09:38:50.990,4.788,10000
2020-08-24 09:38:50.990,4.788,5100
2020-08-24 09:38:50.990,4.788,100
2020-08-24 09:38:50.990,4.788,200
2020-08-24 09:38:50.990,4.788,10000
2020-08-24 09:38:50.990,4.788,60000
2020-08-24 09:38:51.490,4.787,7400
2020-08-24 09:38:51.490,4.787,100
2020-08-24 09:38:51.490,4.787,1100
2020-08-24 09:38:51.490,4.787,46000
2020-08-24 09:38:52.580,4.787,13000
2020-08-24 09:38:53.090,4.786,4000
2020-08-24 09:38:53.090,4.786,4400
2020-08-24 09:38:53.090,4.786,300
2020-08-24 09:38:53.090,4.786,5000
2020-08-24 09:38:53.090,4.786,4600
2020-08-24 09:38:53.090,4.786,400
2020-08-24 09:38:53.090,4.786,10000
2020-08-24 09:38:53.090,4.786,1000
2020-08-24 09:38:53.090,4.786,500
2020-08-24 09:38:53.120,4.786,30000
2020-08-24 09:38:55.060,4.786,1000
2020-08-24 09:38:55.930,4.785,5300
2020-08-24 09:38:55.930,4.785,26600
2020-08-24 09:38:55.930,4.785,12300
2020-08-24 09:38:55.930,4.785,600
2020-08-24 09:38:55.930,4.785,3000
2020-08-24 09:38:55.930,4.785,1500
2020-08-24 09:38:55.930,4.785,3000
2020-08-24 09:38:55.930,4.785,2500
2020-08-24 09:38:55.930,4.785,3000
2020-08-24 09:38:55.930,4.785,3000
2020-08-24 09:38:55.930,4.785,100
2020-08-24 09:38:55.930,4.785,100
2020-08-24 09:38:56.050,4.785,8000
2020-08-24 09:38:56.990,4.784,1000
2020-08-24 09:38:56.990,4.784,500
2020-08-24 09:38:56.990,4.784,4000
2020-08-24 09:38:56.990,4.784,600
2020-08-24 09:38:57.720,4.784,300
2020-08-24 09:38:58.380,4.784,500
2020-08-24 09:38:58.780,4.784,50600
2020-08-24 09:38:59.760,4.784,200
2020-08-24 09:39:00.120,4.784,2500
2020-08-24 09:39:00.240,4.784,1000
2020-08-24 09:39:00.530,4.783,100
2020-08-24 09:39:00.530,4.783,5000
2020-08-24 09:39:00.530,4.783,200
2020-08-24 09:39:00.530,4.783,100
2020-08-24 09:39:00.530,4.783,200
2020-08-24 09:39:00.530,4.783,100
2020-08-24 09:39:00.530,4.783,1000
2020-08-24 09:39:00.530,4.783,500
2020-08-24 09:39:00.530,4.783,100
2020-08-24 09:39:00.530,4.783,100
2020-08-24 09:39:00.530,4.783,200
2020-08-24 09:39:00.530,4.783,500
2020-08-24 09:39:00.530,4.783,2300
2020-08-24 09:39:00.530,4.783,100
2020-08-24 09:39:00.530,4.783,100
2020-08-24 09:39:00.530,4.783,3500
2020-08-24 09:39:00.530,4.783,200
2020-08-24 09:39:00.530,4.783,100
2020-08-24 09:39:00.530,4.783,500
2020-08-24 09:39:00.530,4.783,100
2020-08-24 09:39:00.530,4.783,200
2020-08-24 09:39:00.530,4.783,1000
2020-08-24 09:39:00.530,4.783,100
2020-08-24 09:39:00.530,4.783,800
2020-08-24 09:39:00.530,4.783,100
2020-08-24 09:39:00.530,4.783,100
2020-08-24 09:39:00.530,4.783,100
2020-08-24 09:39:00.530,4.783,200
2020-08-24 09:39:00.530,4.783,100
2020-08-24 09:39:00.530,4.783,500
2020-08-24 09:39:00.530,4.783,500
2020-08-24 09:39:00.530,4.783,27300
2020-08-24 09:39:01.970,4.784,3700
2020-08-24 09:39:02.000,4.783,22700
2020-08-24 09:39:02.000,4.783,10000
2020-08-24 09:39:02.000,4.783,100
2020-08-24 09:39:02.000,4.783,100
2020-08-24 09:39:02.000,4.783,100
2020-08-24 09:39:02.000,4.783,100
2020-08-24 09:39:02.000,4.783,100
2020-08-24 09:39:02.000,4.783,100
2020-08-24 09:39:02.000,4.783,600
2020-08-24 09:39:02.000,4.783,700
2020-08-24 09:39:02.000,4.783,100
2020-08-24 09:39:02.000,4.783,100
2020-08-24 09:39:02.000,4.783,100
2020-08-24 09:39:02.000,4.783,100
2020-08-24 09:39:02.000,4.783,100
2020-08-24 09:39:02.000,4.783,300
2020-08-24 09:39:02.000,4.783,200
2020-08-24 09:39:02.000,4.783,100
2020-08-24 09:39:02.000,4.783,200
2020-08-24 09:39:02.000,4.783,200
2020-08-24 09:39:02.000,4.783,200
2020-08-24 09:39:02.000,4.783,100
2020-08-24 09:39:02.000,4.783,33600
2020-08-24 09:39:02.840,4.784,1000
2020-08-24 09:39:03.220,4.784,79800
2020-08-24 09:39:03.700,4.784,7000
2020-08-24 09:39:04.750,4.783,400
2020-08-24 09:39:04.950,4.783,6500
2020-08-24 09:39:04.950,4.783,200
2020-08-24 09:39:04.950,4.783,500
2020-08-24 09:39:04.950,4.783,300
2020-08-24 09:39:04.950,4.783,200
2020-08-24 09:39:04.950,4.783,200
2020-08-24 09:39:04.950,4.783,200
2020-08-24 09:39:04.950,4.783,200
2020-08-24 09:39:04.950,4.783,200
2020-08-24 09:39:04.950,4.783,100
2020-08-24 09:39:04.950,4.783,300
2020-08-24 09:39:04.950,4.783,500
2020-08-24 09:39:04.950,4.783,100
2020-08-24 09:39:04.950,4.783,100
2020-08-24 09:39:04.950,4.783,100
2020-08-24 09:39:04.950,4.783,300
2020-08-24 09:39:04.950,4.783,200
2020-08-24 09:39:04.950,4.783,1000
2020-08-24 09:39:04.950,4.783,8300
2020-08-24 09:39:04.950,4.783,500
2020-08-24 09:39:06.160,4.784,200
2020-08-24 09:39:06.600,4.783,1000
2020-08-24 09:39:06.600,4.783,4000
2020-08-24 09:39:07.300,4.783,1000
2020-08-24 09:39:07.300,4.783,4000
2020-08-24 09:39:07.300,4.783,20500
2020-08-24 09:39:07.300,4.783,100
2020-08-24 09:39:07.300,4.783,2000
2020-08-24 09:39:07.300,4.782,2000
2020-08-24 09:39:07.300,4.782,600
2020-08-24 09:39:07.300,4.782,100
2020-08-24 09:39:07.300,4.781,300
2020-08-24 09:39:07.300,4.781,1000
2020-08-24 09:39:07.300,4.781,100
2020-08-24 09:39:07.300,4.781,2500
2020-08-24 09:39:07.300,4.781,100
2020-08-24 09:39:07.300,4.781,2000
2020-08-24 09:39:07.300,4.781,5000
2020-08-24 09:39:07.300,4.781,10000
2020-08-24 09:39:07.300,4.781,1000
2020-08-24 09:39:07.720,4.781,80000
2020-08-24 09:39:07.870,4.781,67700
2020-08-24 09:39:07.870,4.781,12300
2020-08-24 09:39:07.870,4.781,187700
2020-08-24 09:39:07.900,4.781,200000
2020-08-24 09:39:09.130,4.783,100
2020-08-24 09:39:09.960,4.783,100
2020-08-24 09:39:11.260,4.783,800
2020-08-24 09:39:11.760,4.782,2000
2020-08-24 09:39:11.940,4.783,9000
2020-08-24 09:39:11.940,4.783,1000
2020-08-24 09:39:12.000,4.783,200
2020-08-24 09:39:12.800,4.783,9800
2020-08-24 09:39:12.800,4.783,1500
2020-08-24 09:39:12.800,4.783,46000
2020-08-24 09:39:12.800,4.783,12700
2020-08-24 09:39:13.860,4.783,40000
2020-08-24 09:39:13.990,4.783,60000
2020-08-24 09:39:15.760,4.783,100
2020-08-24 09:39:15.790,4.783,31200
2020-08-24 09:39:15.790,4.783,2000
2020-08-24 09:39:15.790,4.784,3100
2020-08-24 09:39:15.790,4.784,4000
2020-08-24 09:39:15.790,4.785,4500
2020-08-24 09:39:15.790,4.785,1000
2020-08-24 09:39:15.790,4.785,4200
2020-08-24 09:39:16.620,4.782,300
2020-08-24 09:39:16.620,4.782,4700
2020-08-24 09:39:16.620,4.782,4000
2020-08-24 09:39:16.740,4.783,5000
2020-08-24 09:39:16.850,4.783,100
2020-08-24 09:39:17.020,4.783,600
2020-08-24 09:39:18.020,4.783,1600
2020-08-24 09:39:18.410,4.783,3200
2020-08-24 09:39:18.410,4.783,1200
2020-08-24 09:39:18.440,4.783,30000
2020-08-24 09:39:18.680,4.783,32500
2020-08-24 09:39:18.680,4.784,46000
2020-08-24 09:39:18.680,4.785,1500
2020-08-24 09:39:19.860,4.785,30000
2020-08-24 09:39:19.860,4.785,30000
2020-08-24 09:39:20.910,4.783,5100
2020-08-24 09:39:20.910,4.783,1000
2020-08-24 09:39:20.910,4.783,2800
2020-08-24 09:39:20.910,4.783,1100
2020-08-24 09:39:21.620,4.783,3500
2020-08-24 09:39:21.620,4.783,600
2020-08-24 09:39:21.620,4.783,10000
2020-08-24 09:39:21.620,4.783,45900
2020-08-24 09:39:22.780,4.783,10000
2020-08-24 09:39:22.870,4.785,100000
2020-08-24 09:39:23.100,4.783,600
2020-08-24 09:39:23.730,4.783,20000
2020-08-24 09:39:23.760,4.785,34300
2020-08-24 09:39:23.760,4.785,300
2020-08-24 09:39:24.270,4.785,20800
2020-08-24 09:39:25.830,4.785,7000
2020-08-24 09:39:28.680,4.785,100
2020-08-24 09:39:32.610,4.785,20000
2020-08-24 09:39:32.670,4.787,3500
2020-08-24 09:39:34.110,4.788,3500
2020-08-24 09:39:34.200,4.788,400
2020-08-24 09:39:35.480,4.787,200
2020-08-24 09:39:35.750,4.787,1800
2020-08-24 09:39:35.980,4.787,500
2020-08-24 09:39:36.270,4.785,5000
2020-08-24 09:39:36.270,4.787,6800
2020-08-24 09:39:36.510,4.787,46000
2020-08-24 09:39:36.780,4.786,200
2020-08-24 09:39:37.410,4.785,1400
2020-08-24 09:39:37.750,4.786,100
2020-08-24 09:39:38.140,4.785,8200
2020-08-24 09:39:38.560,4.787,100000
2020-08-24 09:39:38.560,4.787,20000
2020-08-24 09:39:38.800,4.787,100
2020-08-24 09:39:38.800,4.787,100
2020-08-24 09:39:39.490,4.788,16100
2020-08-24 09:39:39.490,4.788,30500
2020-08-24 09:39:40.010,4.788,3000
2020-08-24 09:39:40.790,4.788,9700
2020-08-24 09:39:40.990,4.788,200
2020-08-24 09:39:41.490,4.787,99800
2020-08-24 09:39:41.490,4.787,20000
2020-08-24 09:39:41.490,4.787,6300
2020-08-24 09:39:41.490,4.787,100000
2020-08-24 09:39:41.490,4.787,400
2020-08-24 09:39:42.440,4.786,11900
2020-08-24 09:39:42.440,4.786,1000
2020-08-24 09:39:42.470,4.786,1000
2020-08-24 09:39:42.850,4.786,2000
2020-08-24 09:39:43.350,4.787,5000
2020-08-24 09:39:44.680,4.787,100
2020-08-24 09:39:45.130,4.787,100
2020-08-24 09:39:45.590,4.787,10000
2020-08-24 09:39:45.700,4.787,4800
2020-08-24 09:39:45.990,4.787,200
2020-08-24 09:39:46.170,4.787,500
2020-08-24 09:39:46.750,4.786,11900
2020-08-24 09:39:47.010,4.786,10000
2020-08-24 09:39:47.620,4.786,200
2020-08-24 09:39:47.620,4.787,9800
2020-08-24 09:39:49.690,4.786,1000
2020-08-24 09:39:49.690,4.785,15400
2020-08-24 09:39:49.690,4.785,200
2020-08-24 09:39:49.690,4.785,3400
2020-08-24 09:39:49.690,4.785,600
2020-08-24 09:39:49.690,4.785,800
2020-08-24 09:39:49.690,4.785,1000
2020-08-24 09:39:49.690,4.785,2100
2020-08-24 09:39:49.690,4.785,500
2020-08-24 09:39:49.690,4.785,500
2020-08-24 09:39:49.690,4.785,500
2020-08-24 09:39:49.690,4.785,1500
2020-08-24 09:39:51.420,4.785,1100
2020-08-24 09:39:52.410,4.785,1000
2020-08-24 09:39:52.440,4.785,10000
2020-08-24 09:39:53.040,4.785,400
2020-08-24 09:39:53.040,4.785,1000
2020-08-24 09:39:53.070,4.786,1000
2020-08-24 09:39:53.630,4.786,2000
2020-08-24 09:39:53.630,4.787,900
2020-08-24 09:39:54.350,4.787,100
2020-08-24 09:39:54.610,4.785,600
2020-08-24 09:39:55.240,4.785,11800
2020-08-24 09:39:58.850,4.787,1600
2020-08-24 09:39:59.000,4.787,10000
2020-08-24 09:39:59.370,4.786,200
2020-08-24 09:39:59.950,4.787,100
2020-08-24 09:40:01.510,4.786,1900
2020-08-24 09:40:01.510,4.785,5300
2020-08-24 09:40:01.510,4.785,500
2020-08-24 09:40:01.510,4.785,500
2020-08-24 09:40:01.510,4.785,5800
2020-08-24 09:40:02.360,4.787,4600
2020-08-24 09:40:03.910,4.786,10000
2020-08-24 09:40:05.530,4.786,10000
2020-08-24 09:40:08.190,4.787,500
2020-08-24 09:40:08.700,4.787,1000
2020-08-24 09:40:10.040,4.786,1000
2020-08-24 09:40:10.040,4.785,4000
2020-08-24 09:40:10.450,4.785,1000
2020-08-24 09:40:11.240,4.785,10000
2020-08-24 09:40:11.490,4.785,2700
2020-08-24 09:40:11.490,4.787,700
2020-08-24 09:40:11.550,4.787,500
2020-08-24 09:40:12.300,4.784,4000
2020-08-24 09:40:12.300,4.784,200
2020-08-24 09:40:12.300,4.784,9200
2020-08-24 09:40:12.300,4.784,2700
2020-08-24 09:40:12.300,4.784,10000
2020-08-24 09:40:12.300,4.784,10000
2020-08-24 09:40:12.300,4.784,500
2020-08-24 09:40:12.300,4.784,2500
2020-08-24 09:40:12.300,4.784,900
2020-08-24 09:40:12.600,4.786,46000
2020-08-24 09:40:12.600,4.787,3500
2020-08-24 09:40:13.910,4.787,500
2020-08-24 09:40:14.670,4.785,200
2020-08-24 09:40:14.780,4.785,2800
2020-08-24 09:40:15.020,4.787,42700
2020-08-24 09:40:15.020,4.787,100
2020-08-24 09:40:15.020,4.787,37200
2020-08-24 09:40:16.270,4.787,1000
2020-08-24 09:40:17.240,4.787,24300
2020-08-24 09:40:17.240,4.787,9000
2020-08-24 09:40:17.240,4.787,8900
2020-08-24 09:40:17.240,4.787,7800
2020-08-24 09:40:17.390,4.787,13000
2020-08-24 09:40:17.390,4.787,8000
2020-08-24 09:40:17.390,4.787,1500
2020-08-24 09:40:18.520,4.788,1000
2020-08-24 09:40:18.520,4.788,1000
2020-08-24 09:40:18.520,4.788,300
2020-08-24 09:40:18.760,4.788,4700
2020-08-24 09:40:20.250,4.789,200
2020-08-24 09:40:20.250,4.789,20000
2020-08-24 09:40:20.250,4.789,29800
2020-08-24 09:40:20.620,4.789,16200
2020-08-24 09:40:21.960,4.79,1100
2020-08-24 09:40:22.030,4.79,3800
2020-08-24 09:40:22.050,4.789,1000
2020-08-24 09:40:22.680,4.79,5100
2020-08-24 09:40:22.680,4.79,24900
2020-08-24 09:40:22.930,4.79,35100
2020-08-24 09:40:22.930,4.79,28000
2020-08-24 09:40:22.930,4.79,500
2020-08-24 09:40:22.930,4.79,100
2020-08-24 09:40:22.930,4.79,23100
2020-08-24 09:40:22.930,4.79,1000
2020-08-24 09:40:22.930,4.79,200
2020-08-24 09:40:22.930,4.79,60000
2020-08-24 09:40:23.010,4.791,25500
2020-08-24 09:40:23.350,4.791,7500
2020-08-24 09:40:23.350,4.791,400
2020-08-24 09:40:23.350,4.791,10200
2020-08-24 09:40:23.350,4.791,300
2020-08-24 09:40:23.350,4.791,100
2020-08-24 09:40:23.730,4.791,11500
2020-08-24 09:40:23.730,4.791,29900
2020-08-24 09:40:24.070,4.792,200
2020-08-24 09:40:24.070,4.792,100
2020-08-24 09:40:24.070,4.792,15000
2020-08-24 09:40:24.070,4.792,1700
2020-08-24 09:40:24.070,4.792,300
2020-08-24 09:40:25.470,4.792,2400
2020-08-24 09:40:25.530,4.792,5000
2020-08-24 09:40:26.260,4.793,40000
2020-08-24 09:40:26.990,4.792,100
2020-08-24 09:40:27.200,4.792,5700
2020-08-24 09:40:27.200,4.791,600
2020-08-24 09:40:27.200,4.791,30000
2020-08-24 09:40:27.200,4.791,12700
2020-08-24 09:40:29.920,4.793,5000
2020-08-24 09:40:32.800,4.793,6400
2020-08-24 09:40:32.800,4.793,100
2020-08-24 09:40:32.800,4.794,600
2020-08-24 09:40:32.800,4.794,100
2020-08-24 09:40:32.800,4.794,12800
2020-08-24 09:40:33.730,4.793,1100
2020-08-24 09:40:34.370,4.793,1000
2020-08-24 09:40:35.330,4.793,3100
2020-08-24 09:40:35.330,4.793,11900
2020-08-24 09:40:36.540,4.793,8000
2020-08-24 09:40:36.740,4.794,21000
2020-08-24 09:40:37.200,4.793,4000
2020-08-24 09:40:38.060,4.794,30000
2020-08-24 09:40:38.150,4.794,3800
2020-08-24 09:40:39.000,4.794,5000
2020-08-24 09:40:41.210,4.795,3100
2020-08-24 09:40:41.210,4.795,2200
2020-08-24 09:40:41.210,4.795,7400
2020-08-24 09:40:41.210,4.795,4000
2020-08-24 09:40:41.210,4.795,500
2020-08-24 09:40:41.210,4.795,2500
2020-08-24 09:40:41.210,4.795,10300
2020-08-24 09:40:42.180,4.794,100
2020-08-24 09:40:42.360,4.794,400
2020-08-24 09:40:43.710,4.794,2000
2020-08-24 09:40:44.240,4.795,9700
2020-08-24 09:40:44.240,4.795,200
2020-08-24 09:40:46.420,4.795,100000
2020-08-24 09:40:48.610,4.795,7500
2020-08-24 09:40:49.440,4.796,200
2020-08-24 09:40:49.440,4.796,500
2020-08-24 09:40:49.440,4.796,7800
2020-08-24 09:40:50.120,4.796,2200
2020-08-24 09:40:52.760,4.796,200
2020-08-24 09:40:53.100,4.797,2000
2020-08-24 09:40:53.100,4.797,200
2020-08-24 09:40:53.100,4.797,500
2020-08-24 09:40:53.830,4.798,100
2020-08-24 09:40:54.630,4.798,19900
2020-08-24 09:40:54.630,4.798,100
2020-08-24 09:40:54.630,4.798,500
2020-08-24 09:40:54.670,4.799,5000
2020-08-24 09:40:54.670,4.799,5000
2020-08-24 09:40:54.670,4.799,10000
2020-08-24 09:40:55.480,4.798,92200
2020-08-24 09:40:55.840,4.798,5300
2020-08-24 09:40:55.900,4.798,600
2020-08-24 09:40:56.340,4.8,100
2020-08-24 09:40:56.400,4.798,18100
2020-08-24 09:40:57.100,4.797,400
2020-08-24 09:41:00.010,4.799,900
2020-08-24 09:41:02.040,4.799,5000
2020-08-24 09:41:03.130,4.799,1100
2020-08-24 09:41:03.130,4.799,100
2020-08-24 09:41:03.130,4.799,15000
2020-08-24 09:41:04.040,4.799,100
2020-08-24 09:41:04.100,4.799,20000
2020-08-24 09:41:04.210,4.799,10700
2020-08-24 09:41:05.640,4.798,10000
2020-08-24 09:41:05.640,4.797,9600
2020-08-24 09:41:05.640,4.796,13400
2020-08-24 09:41:05.880,4.799,4300
2020-08-24 09:41:05.880,4.8,700
2020-08-24 09:41:06.190,4.797,1900
2020-08-24 09:41:06.190,4.799,3000
2020-08-24 09:41:06.190,4.8,1000
2020-08-24 09:41:06.190,4.8,200
2020-08-24 09:41:06.190,4.8,5000
2020-08-24 09:41:06.190,4.8,2000
2020-08-24 09:41:06.190,4.8,36900
2020-08-24 09:41:07.580,4.797,1000
2020-08-24 09:41:07.750,4.798,10000
2020-08-24 09:41:07.750,4.798,20000
