Datetime,Price,Volume
2020-09-01 09:25:00.380,3.385,500
2020-09-01 09:25:00.380,3.385,1500
2020-09-01 09:25:00.380,3.385,100
2020-09-01 09:25:00.380,3.385,1000
2020-09-01 09:25:00.380,3.385,900
2020-09-01 09:25:00.380,3.385,4700
2020-09-01 09:25:00.380,3.385,100
2020-09-01 09:25:00.380,3.385,1500
2020-09-01 09:25:00.380,3.385,6300
2020-09-01 09:25:00.380,3.385,9100
2020-09-01 09:25:00.380,3.385,10400
2020-09-01 09:25:00.380,3.385,12400
2020-09-01 09:25:00.380,3.385,39300
2020-09-01 09:25:00.380,3.385,8300
2020-09-01 09:25:00.380,3.385,1500
2020-09-01 09:25:00.380,3.385,900
2020-09-01 09:25:00.380,3.385,1600
2020-09-01 09:25:00.380,3.385,8200
2020-09-01 09:25:00.380,3.385,50000
2020-09-01 09:25:00.380,3.385,2400
2020-09-01 09:25:00.380,3.385,10000
2020-09-01 09:25:00.380,3.385,100
2020-09-01 09:25:00.380,3.385,100
2020-09-01 09:25:00.380,3.385,2900
2020-09-01 09:25:00.380,3.385,100
2020-09-01 09:25:00.380,3.385,100
2020-09-01 09:25:00.380,3.385,500
2020-09-01 09:25:00.380,3.385,3800
2020-09-01 09:25:00.380,3.385,1000
2020-09-01 09:25:00.380,3.385,15200
2020-09-01 09:25:00.380,3.385,1500
2020-09-01 09:25:00.380,3.385,100
2020-09-01 09:25:00.380,3.385,10000
2020-09-01 09:25:00.380,3.385,5900
2020-09-01 09:25:00.380,3.385,6300
2020-09-01 09:25:00.380,3.385,5000
2020-09-01 09:25:00.380,3.385,1000
2020-09-01 09:25:00.380,3.385,9000
2020-09-01 09:25:00.380,3.385,100
2020-09-01 09:25:00.380,3.385,300
2020-09-01 09:25:00.380,3.385,5000
2020-09-01 09:25:00.380,3.385,200
2020-09-01 09:25:00.380,3.385,3000
2020-09-01 09:25:00.380,3.385,6700
2020-09-01 09:25:00.380,3.385,100
2020-09-01 09:25:00.380,3.385,100
2020-09-01 09:25:00.380,3.385,400
2020-09-01 09:25:00.380,3.385,900
2020-09-01 09:25:00.380,3.385,1400
2020-09-01 09:25:00.380,3.385,3000
2020-09-01 09:25:00.380,3.385,23500
2020-09-01 09:25:00.380,3.385,900
2020-09-01 09:25:00.380,3.385,4000
2020-09-01 09:25:00.380,3.385,900
2020-09-01 09:25:00.380,3.385,500
2020-09-01 09:25:00.380,3.385,100
2020-09-01 09:25:00.380,3.385,500
2020-09-01 09:25:00.380,3.385,3000
2020-09-01 09:25:00.380,3.385,15500
2020-09-01 09:25:00.380,3.385,500
2020-09-01 09:25:00.380,3.385,200
2020-09-01 09:25:00.380,3.385,100
2020-09-01 09:25:00.380,3.385,11600
2020-09-01 09:25:00.380,3.385,400
2020-09-01 09:25:00.380,3.385,4500
2020-09-01 09:25:00.380,3.385,4000
2020-09-01 09:25:00.380,3.385,2000
2020-09-01 09:25:00.380,3.385,300
2020-09-01 09:25:00.380,3.385,100
2020-09-01 09:25:00.380,3.385,100
2020-09-01 09:25:00.380,3.385,300
2020-09-01 09:25:00.380,3.385,1000
2020-09-01 09:25:00.380,3.385,200
2020-09-01 09:25:00.380,3.385,1400
2020-09-01 09:25:00.380,3.385,200
2020-09-01 09:25:00.380,3.385,5000
2020-09-01 09:25:00.380,3.385,600
2020-09-01 09:25:00.380,3.385,5000
2020-09-01 09:25:00.380,3.385,100
2020-09-01 09:25:00.380,3.385,100
2020-09-01 09:25:00.380,3.385,1500
2020-09-01 09:25:00.380,3.385,100
2020-09-01 09:25:00.380,3.385,1800
2020-09-01 09:25:00.380,3.385,5000
2020-09-01 09:25:00.380,3.385,1500
2020-09-01 09:25:00.380,3.385,5000
2020-09-01 09:25:00.380,3.385,1000
2020-09-01 09:25:00.380,3.385,300
2020-09-01 09:25:00.380,3.385,1000
2020-09-01 09:25:00.380,3.385,900
2020-09-01 09:25:00.380,3.385,5000
2020-09-01 09:25:00.380,3.385,500
2020-09-01 09:25:00.380,3.385,3000
2020-09-01 09:25:00.380,3.385,100
2020-09-01 09:25:00.380,3.385,3000
2020-09-01 09:25:00.380,3.385,5000
2020-09-01 09:25:00.380,3.385,98100
2020-09-01 09:25:00.380,3.385,300
2020-09-01 09:25:00.380,3.385,40000
2020-09-01 09:25:00.380,3.385,500
2020-09-01 09:25:00.380,3.385,3000
2020-09-01 09:25:00.380,3.385,1300
2020-09-01 09:25:00.380,3.385,2000
2020-09-01 09:25:00.380,3.385,200
2020-09-01 09:25:00.380,3.385,300
2020-09-01 09:25:00.380,3.385,300
2020-09-01 09:25:00.380,3.385,7000
2020-09-01 09:25:00.380,3.385,200
2020-09-01 09:25:00.380,3.385,170000
2020-09-01 09:25:00.380,3.385,1800
2020-09-01 09:25:00.380,3.385,30500
2020-09-01 09:25:00.380,3.385,2000
2020-09-01 09:25:00.380,3.385,2900
2020-09-01 09:25:00.380,3.385,292800
2020-09-01 09:25:00.380,3.385,100
2020-09-01 09:25:00.380,3.385,2000
2020-09-01 09:25:00.380,3.385,10000
2020-09-01 09:25:00.380,3.385,200
2020-09-01 09:25:00.380,3.385,4200
2020-09-01 09:25:00.380,3.385,9800
2020-09-01 09:25:00.380,3.385,3000
2020-09-01 09:25:00.380,3.385,5000
2020-09-01 09:25:00.380,3.385,5000
2020-09-01 09:25:00.380,3.385,100
2020-09-01 09:25:00.380,3.385,1000
2020-09-01 09:25:00.380,3.385,4100
2020-09-01 09:25:00.380,3.385,5900
2020-09-01 09:25:00.380,3.385,200
2020-09-01 09:25:00.380,3.385,1000
2020-09-01 09:25:00.380,3.385,100
2020-09-01 09:25:00.380,3.385,300
2020-09-01 09:25:00.380,3.385,100
2020-09-01 09:25:00.380,3.385,5000
2020-09-01 09:25:00.380,3.385,20000
2020-09-01 09:25:00.380,3.385,100
2020-09-01 09:25:00.380,3.385,200
2020-09-01 09:25:00.380,3.385,2300
2020-09-01 09:25:00.380,3.385,300
2020-09-01 09:25:00.380,3.385,2000
2020-09-01 09:25:00.380,3.385,5000
2020-09-01 09:25:00.380,3.385,5000
2020-09-01 09:25:00.380,3.385,200
2020-09-01 09:25:00.380,3.385,500
2020-09-01 09:25:00.380,3.385,1000
2020-09-01 09:25:00.380,3.385,300
2020-09-01 09:25:00.380,3.385,35400
2020-09-01 09:25:00.380,3.385,28400
2020-09-01 09:25:00.380,3.385,50000
2020-09-01 09:25:00.380,3.385,690000
2020-09-01 09:25:00.380,3.385,196200
2020-09-01 09:25:00.380,3.385,100
2020-09-01 09:25:00.380,3.385,200
2020-09-01 09:25:00.380,3.385,200
2020-09-01 09:25:00.380,3.385,100
2020-09-01 09:25:00.380,3.385,1000
2020-09-01 09:25:00.380,3.385,3100
2020-09-01 09:25:00.380,3.385,1000
2020-09-01 09:25:00.380,3.385,200
2020-09-01 09:25:00.380,3.385,100
2020-09-01 09:25:00.380,3.385,1000
2020-09-01 09:25:00.380,3.385,6100
2020-09-01 09:25:00.380,3.385,20000
2020-09-01 09:25:00.380,3.385,1000
2020-09-01 09:25:00.380,3.385,100
2020-09-01 09:25:00.380,3.385,200
2020-09-01 09:25:00.380,3.385,2500
2020-09-01 09:25:00.380,3.385,200
2020-09-01 09:25:00.380,3.385,58000
2020-09-01 09:25:00.380,3.385,100
2020-09-01 09:25:00.380,3.385,1000
2020-09-01 09:25:00.380,3.385,500
2020-09-01 09:25:00.380,3.385,397100
2020-09-01 09:25:00.380,3.385,16000
2020-09-01 09:25:00.380,3.385,86900
2020-09-01 09:25:00.380,3.385,1100
2020-09-01 09:25:00.380,3.385,10000
2020-09-01 09:25:00.380,3.385,24300
2020-09-01 09:25:00.380,3.385,5000
2020-09-01 09:25:00.380,3.385,200
2020-09-01 09:25:00.380,3.385,10000
2020-09-01 09:25:00.380,3.385,200
2020-09-01 09:25:00.380,3.385,100
2020-09-01 09:25:00.380,3.385,1000
2020-09-01 09:25:00.380,3.385,1000
2020-09-01 09:25:00.380,3.385,6100
2020-09-01 09:25:00.380,3.385,100
2020-09-01 09:25:00.380,3.385,100
2020-09-01 09:25:00.380,3.385,100
2020-09-01 09:25:00.380,3.385,20000
2020-09-01 09:25:00.380,3.385,100
2020-09-01 09:25:00.380,3.385,20000
2020-09-01 09:25:00.380,3.385,7000
2020-09-01 09:25:00.380,3.385,100
2020-09-01 09:25:00.380,3.385,100
2020-09-01 09:25:00.380,3.385,3000
2020-09-01 09:30:00.370,3.384,14800
2020-09-01 09:30:00.370,3.384,12000
2020-09-01 09:30:00.370,3.384,400
2020-09-01 09:30:00.370,3.384,100
2020-09-01 09:30:00.370,3.384,200
2020-09-01 09:30:00.370,3.384,1000
2020-09-01 09:30:00.370,3.384,7000
2020-09-01 09:30:00.370,3.384,600
2020-09-01 09:30:00.370,3.383,10000
2020-09-01 09:30:00.370,3.383,2600
2020-09-01 09:30:00.520,3.384,400
2020-09-01 09:30:00.570,3.383,7400
2020-09-01 09:30:00.570,3.383,100
2020-09-01 09:30:00.570,3.383,200
2020-09-01 09:30:00.570,3.383,1000
2020-09-01 09:30:00.570,3.383,6100
2020-09-01 09:30:00.570,3.383,200
2020-09-01 09:30:00.570,3.383,7000
2020-09-01 09:30:00.570,3.383,8200
2020-09-01 09:30:00.610,3.383,1800
2020-09-01 09:30:00.610,3.383,4000
2020-09-01 09:30:00.610,3.383,4000
2020-09-01 09:30:00.610,3.383,1000
2020-09-01 09:30:00.610,3.383,2800
2020-09-01 09:30:00.610,3.383,500
2020-09-01 09:30:00.610,3.383,3000
2020-09-01 09:30:00.610,3.383,100
2020-09-01 09:30:00.610,3.383,100
2020-09-01 09:30:00.610,3.382,3000
2020-09-01 09:30:00.610,3.382,3000
2020-09-01 09:30:00.610,3.382,100
2020-09-01 09:30:00.610,3.382,200
2020-09-01 09:30:00.610,3.382,1000
2020-09-01 09:30:00.610,3.382,1000
2020-09-01 09:30:00.610,3.382,700
2020-09-01 09:30:00.610,3.382,900
2020-09-01 09:30:00.610,3.382,7000
2020-09-01 09:30:00.610,3.382,5500
2020-09-01 09:30:00.650,3.384,100
2020-09-01 09:30:00.790,3.384,29000
2020-09-01 09:30:00.790,3.384,1500
2020-09-01 09:30:00.790,3.384,2000
2020-09-01 09:30:00.870,3.384,10000
2020-09-01 09:30:00.970,3.384,200
2020-09-01 09:30:01.120,3.383,200
2020-09-01 09:30:01.120,3.382,34800
2020-09-01 09:30:01.210,3.383,200
2020-09-01 09:30:01.210,3.383,5000
2020-09-01 09:30:01.490,3.383,200
2020-09-01 09:30:01.540,3.382,10000
2020-09-01 09:30:01.680,3.382,8500
2020-09-01 09:30:01.680,3.383,3000
2020-09-01 09:30:01.680,3.383,100
2020-09-01 09:30:01.680,3.383,5000
2020-09-01 09:30:01.780,3.383,24000
2020-09-01 09:30:01.780,3.383,4600
2020-09-01 09:30:01.780,3.383,500
2020-09-01 09:30:01.780,3.384,30900
2020-09-01 09:30:01.910,3.384,100
2020-09-01 09:30:02.190,3.384,1000
2020-09-01 09:30:02.190,3.384,2000
2020-09-01 09:30:02.270,3.382,400
2020-09-01 09:30:02.270,3.382,500
2020-09-01 09:30:02.270,3.382,500
2020-09-01 09:30:02.330,3.382,1000
2020-09-01 09:30:02.450,3.382,300
2020-09-01 09:30:02.450,3.382,500
2020-09-01 09:30:02.530,3.382,3800
2020-09-01 09:30:02.530,3.384,1000
2020-09-01 09:30:02.530,3.383,6200
2020-09-01 09:30:02.530,3.383,10000
2020-09-01 09:30:02.640,3.383,10000
2020-09-01 09:30:02.750,3.383,1000
2020-09-01 09:30:02.790,3.383,5000
2020-09-01 09:30:02.790,3.383,1000
2020-09-01 09:30:02.790,3.383,1000
2020-09-01 09:30:02.860,3.381,1600
2020-09-01 09:30:02.860,3.381,100
2020-09-01 09:30:02.860,3.381,200
2020-09-01 09:30:02.860,3.381,1000
2020-09-01 09:30:02.860,3.381,7100
2020-09-01 09:30:03.070,3.382,70000
2020-09-01 09:30:03.110,3.383,7000
2020-09-01 09:30:03.190,3.383,3000
2020-09-01 09:30:03.270,3.383,2900
2020-09-01 09:30:03.310,3.382,6000
2020-09-01 09:30:03.310,3.382,20000
2020-09-01 09:30:03.350,3.383,10000
2020-09-01 09:30:03.460,3.382,50300
2020-09-01 09:30:03.500,3.383,300
2020-09-01 09:30:03.500,3.382,58700
2020-09-01 09:30:03.500,3.382,119900
2020-09-01 09:30:03.500,3.381,2900
2020-09-01 09:30:03.500,3.381,500
2020-09-01 09:30:03.500,3.381,6100
2020-09-01 09:30:03.500,3.381,100
2020-09-01 09:30:03.500,3.381,7000
2020-09-01 09:30:03.500,3.381,15000
2020-09-01 09:30:03.500,3.381,600
2020-09-01 09:30:03.500,3.381,500
2020-09-01 09:30:03.500,3.381,600
2020-09-01 09:30:03.500,3.381,1000
2020-09-01 09:30:03.500,3.381,10000
2020-09-01 09:30:03.500,3.381,5000
2020-09-01 09:30:03.500,3.381,1000
2020-09-01 09:30:03.500,3.381,5000
2020-09-01 09:30:03.500,3.381,3100
2020-09-01 09:30:03.500,3.381,2400
2020-09-01 09:30:03.500,3.381,30000
2020-09-01 09:30:03.500,3.381,1000
2020-09-01 09:30:03.500,3.381,3000
2020-09-01 09:30:03.500,3.381,10000
2020-09-01 09:30:03.500,3.381,100
2020-09-01 09:30:03.500,3.381,1100
2020-09-01 09:30:03.500,3.381,2000
2020-09-01 09:30:03.500,3.381,13400
2020-09-01 09:30:03.560,3.383,19500
2020-09-01 09:30:03.560,3.383,2500
2020-09-01 09:30:03.560,3.383,2000
2020-09-01 09:30:03.680,3.383,5000
2020-09-01 09:30:03.680,3.383,2000
2020-09-01 09:30:03.680,3.383,20000
2020-09-01 09:30:03.680,3.383,100
2020-09-01 09:30:03.810,3.383,400
2020-09-01 09:30:03.870,3.382,600
2020-09-01 09:30:03.940,3.382,5000
2020-09-01 09:30:03.990,3.382,2000
2020-09-01 09:30:04.080,3.382,42400
2020-09-01 09:30:04.080,3.383,11600
2020-09-01 09:30:04.080,3.383,10100
2020-09-01 09:30:04.080,3.383,9400
2020-09-01 09:30:04.380,3.383,2000
2020-09-01 09:30:04.580,3.383,3600
2020-09-01 09:30:04.580,3.383,6400
2020-09-01 09:30:04.580,3.383,3600
2020-09-01 09:30:04.580,3.383,1000
2020-09-01 09:30:04.660,3.383,500
2020-09-01 09:30:04.700,3.383,100
2020-09-01 09:30:04.920,3.383,3400
2020-09-01 09:30:04.920,3.383,1600
2020-09-01 09:30:04.920,3.383,10000
2020-09-01 09:30:04.920,3.383,400
2020-09-01 09:30:05.010,3.383,5000
2020-09-01 09:30:05.070,3.383,1000
2020-09-01 09:30:05.070,3.384,400
2020-09-01 09:30:05.070,3.384,17900
2020-09-01 09:30:05.260,3.384,100
2020-09-01 09:30:05.450,3.384,12000
2020-09-01 09:30:05.450,3.384,1000
2020-09-01 09:30:05.450,3.384,58400
2020-09-01 09:30:05.560,3.384,3300
2020-09-01 09:30:05.700,3.384,10000
2020-09-01 09:30:05.890,3.384,800
2020-09-01 09:30:06.320,3.384,500
2020-09-01 09:30:06.540,3.384,300
2020-09-01 09:30:06.580,3.383,5000
2020-09-01 09:30:06.800,3.383,600
2020-09-01 09:30:06.840,3.383,5000
2020-09-01 09:30:06.880,3.384,10000
2020-09-01 09:30:06.930,3.384,300
2020-09-01 09:30:06.930,3.383,39400
2020-09-01 09:30:06.930,3.383,10000
2020-09-01 09:30:06.930,3.382,10000
2020-09-01 09:30:06.930,3.382,1000
2020-09-01 09:30:06.930,3.381,66600
2020-09-01 09:30:06.930,3.381,100000
2020-09-01 09:30:06.930,3.381,3000
2020-09-01 09:30:06.930,3.381,2200
2020-09-01 09:30:07.080,3.382,500
2020-09-01 09:30:07.080,3.381,800
2020-09-01 09:30:07.080,3.381,1600
2020-09-01 09:30:07.120,3.384,100
2020-09-01 09:30:07.200,3.381,1500
2020-09-01 09:30:07.430,3.383,1300
2020-09-01 09:30:07.430,3.384,200
2020-09-01 09:30:07.510,3.384,15000
2020-09-01 09:30:07.620,3.384,2000
2020-09-01 09:30:08.020,3.383,500
2020-09-01 09:30:08.020,3.383,500
2020-09-01 09:30:08.020,3.382,100
2020-09-01 09:30:08.250,3.382,2900
2020-09-01 09:30:08.330,3.381,600
2020-09-01 09:30:08.620,3.381,6300
2020-09-01 09:30:08.620,3.381,300
2020-09-01 09:30:08.620,3.381,4000
2020-09-01 09:30:08.620,3.381,11800
2020-09-01 09:30:08.690,3.381,13200
2020-09-01 09:30:08.690,3.381,30000
2020-09-01 09:30:08.690,3.381,30000
2020-09-01 09:30:08.690,3.381,20000
2020-09-01 09:30:08.690,3.381,126900
2020-09-01 09:30:08.690,3.381,2000
2020-09-01 09:30:08.690,3.381,6200
2020-09-01 09:30:08.690,3.381,10000
2020-09-01 09:30:08.690,3.38,1000
2020-09-01 09:30:08.690,3.38,200
2020-09-01 09:30:08.690,3.38,4000
2020-09-01 09:30:08.690,3.38,10000
2020-09-01 09:30:08.690,3.38,400
2020-09-01 09:30:08.690,3.38,10000
2020-09-01 09:30:08.690,3.38,20000
2020-09-01 09:30:08.690,3.38,1000
2020-09-01 09:30:08.690,3.38,100
2020-09-01 09:30:08.690,3.38,200
2020-09-01 09:30:08.690,3.38,1000
2020-09-01 09:30:08.690,3.38,300
2020-09-01 09:30:08.690,3.38,100
2020-09-01 09:30:08.690,3.38,2000
2020-09-01 09:30:08.690,3.38,1000
2020-09-01 09:30:08.690,3.38,2000
2020-09-01 09:30:08.690,3.38,1100
2020-09-01 09:30:08.690,3.38,100
2020-09-01 09:30:08.690,3.38,100
2020-09-01 09:30:08.690,3.38,1000
2020-09-01 09:30:08.690,3.38,15300
2020-09-01 09:30:08.790,3.382,1800
2020-09-01 09:30:08.820,3.382,20000
2020-09-01 09:30:09.130,3.382,8600
2020-09-01 09:30:09.230,3.382,200
2020-09-01 09:30:09.310,3.382,100
2020-09-01 09:30:09.410,3.382,200
2020-09-01 09:30:09.480,3.382,100
2020-09-01 09:30:09.480,3.382,200
2020-09-01 09:30:09.480,3.382,200
2020-09-01 09:30:09.560,3.382,5900
2020-09-01 09:30:09.560,3.383,100
2020-09-01 09:30:09.690,3.383,10000
2020-09-01 09:30:09.730,3.381,1500
2020-09-01 09:30:09.770,3.383,1500
2020-09-01 09:30:09.970,3.383,1500
2020-09-01 09:30:10.280,3.382,400
2020-09-01 09:30:10.280,3.381,8500
2020-09-01 09:30:10.280,3.381,1500
2020-09-01 09:30:10.280,3.381,4600
2020-09-01 09:30:10.310,3.383,1000
2020-09-01 09:30:10.310,3.383,39000
2020-09-01 09:30:10.310,3.384,36200
2020-09-01 09:30:10.700,3.384,20000
2020-09-01 09:30:11.870,3.382,40000
2020-09-01 09:30:11.870,3.384,28600
2020-09-01 09:30:11.870,3.384,5000
2020-09-01 09:30:11.870,3.384,2000
2020-09-01 09:30:11.870,3.384,24400
2020-09-01 09:30:12.100,3.381,400
2020-09-01 09:30:12.100,3.381,100
2020-09-01 09:30:12.580,3.384,9000
2020-09-01 09:30:12.580,3.384,3000
2020-09-01 09:30:12.650,3.384,500
2020-09-01 09:30:13.690,3.384,1000
2020-09-01 09:30:13.690,3.384,89800
2020-09-01 09:30:14.020,3.383,500
2020-09-01 09:30:14.020,3.382,9900
2020-09-01 09:30:14.550,3.384,59100
2020-09-01 09:30:14.550,3.384,100000
2020-09-01 09:30:14.910,3.383,300
2020-09-01 09:30:15.000,3.382,185700
2020-09-01 09:30:16.390,3.383,225100
2020-09-01 09:30:16.480,3.384,300
2020-09-01 09:30:16.710,3.383,22000
2020-09-01 09:30:17.550,3.384,2000
2020-09-01 09:30:17.810,3.384,48800
2020-09-01 09:30:17.810,3.384,20000
2020-09-01 09:30:17.810,3.384,2900
2020-09-01 09:30:17.810,3.384,11800
2020-09-01 09:30:17.810,3.384,3000
2020-09-01 09:30:17.810,3.384,15300
2020-09-01 09:30:17.810,3.384,1000
2020-09-01 09:30:17.810,3.384,5200
2020-09-01 09:30:17.810,3.384,15100
2020-09-01 09:30:17.810,3.384,20000
2020-09-01 09:30:17.810,3.384,3900
2020-09-01 09:30:17.810,3.384,113500
2020-09-01 09:30:17.810,3.384,6000
2020-09-01 09:30:17.810,3.384,400
2020-09-01 09:30:17.810,3.384,2000
2020-09-01 09:30:17.810,3.384,300
2020-09-01 09:30:17.810,3.384,8000
2020-09-01 09:30:17.810,3.384,4700
2020-09-01 09:30:17.810,3.384,5000
2020-09-01 09:30:17.810,3.384,1000
2020-09-01 09:30:17.810,3.384,10000
2020-09-01 09:30:17.810,3.384,100
2020-09-01 09:30:17.810,3.384,2000
2020-09-01 09:30:18.200,3.382,2000
2020-09-01 09:30:18.300,3.382,4000
2020-09-01 09:30:18.300,3.382,4000
2020-09-01 09:30:18.500,3.384,8000
2020-09-01 09:30:19.840,3.385,100
2020-09-01 09:30:20.460,3.384,22000
2020-09-01 09:30:20.460,3.382,600
2020-09-01 09:30:20.460,3.382,200
2020-09-01 09:30:20.460,3.382,5000
2020-09-01 09:30:20.460,3.382,2000
2020-09-01 09:30:21.520,3.382,300000
2020-09-01 09:30:22.160,3.382,2700
2020-09-01 09:30:22.450,3.381,900
2020-09-01 09:30:22.450,3.381,200
2020-09-01 09:30:22.860,3.382,40000
2020-09-01 09:30:23.290,3.381,4800
2020-09-01 09:30:23.290,3.381,1000
2020-09-01 09:30:23.290,3.381,4200
2020-09-01 09:30:23.480,3.382,211200
2020-09-01 09:30:23.480,3.382,51000
2020-09-01 09:30:23.480,3.383,900
2020-09-01 09:30:23.480,3.384,300
2020-09-01 09:30:23.480,3.385,29900
2020-09-01 09:30:23.480,3.385,500
2020-09-01 09:30:23.480,3.385,500
2020-09-01 09:30:23.480,3.385,5700
2020-09-01 09:30:24.210,3.383,10000
2020-09-01 09:30:24.270,3.383,2900
2020-09-01 09:30:24.270,3.383,9300
2020-09-01 09:30:24.270,3.385,44600
2020-09-01 09:30:24.270,3.385,2300
2020-09-01 09:30:24.920,3.385,100000
2020-09-01 09:30:25.020,3.384,400
2020-09-01 09:30:25.800,3.384,6000
2020-09-01 09:30:28.400,3.385,100000
2020-09-01 09:30:28.400,3.385,88900
2020-09-01 09:30:28.440,3.384,23100
2020-09-01 09:30:28.440,3.384,400
2020-09-01 09:30:28.440,3.384,276500
2020-09-01 09:30:28.840,3.385,100
2020-09-01 09:30:29.030,3.384,5000
2020-09-01 09:30:29.460,3.384,18500
2020-09-01 09:30:29.960,3.384,59200
2020-09-01 09:30:30.120,3.384,1000
2020-09-01 09:30:30.900,3.383,500
2020-09-01 09:30:31.970,3.383,5500
2020-09-01 09:30:31.970,3.382,5000
2020-09-01 09:30:31.970,3.382,100
2020-09-01 09:30:31.970,3.382,1500
2020-09-01 09:30:31.970,3.382,3000
2020-09-01 09:30:31.970,3.382,2500
2020-09-01 09:30:33.080,3.384,5000
2020-09-01 09:30:35.340,3.384,13200
2020-09-01 09:30:35.490,3.383,10000
2020-09-01 09:30:38.960,3.383,1900
2020-09-01 09:30:40.320,3.383,100
2020-09-01 09:30:40.320,3.382,2500
2020-09-01 09:30:40.320,3.382,900
2020-09-01 09:30:40.320,3.382,100
2020-09-01 09:30:40.320,3.382,50000
2020-09-01 09:30:40.320,3.382,100000
2020-09-01 09:30:40.320,3.381,45800
2020-09-01 09:30:40.320,3.381,9100
2020-09-01 09:30:40.320,3.381,700
2020-09-01 09:30:40.320,3.381,10000
2020-09-01 09:30:40.320,3.381,4900
2020-09-01 09:30:40.320,3.381,10000
2020-09-01 09:30:40.320,3.381,1000
2020-09-01 09:30:40.320,3.381,30000
2020-09-01 09:30:40.320,3.381,900
2020-09-01 09:30:40.320,3.381,2000
2020-09-01 09:30:40.320,3.381,2000
2020-09-01 09:30:40.320,3.381,1500
2020-09-01 09:30:40.840,3.381,1000
2020-09-01 09:30:40.870,3.381,1000
2020-09-01 09:30:41.100,3.381,3100
2020-09-01 09:30:41.280,3.381,300
2020-09-01 09:30:41.460,3.381,23100
2020-09-01 09:30:41.460,3.383,1000
2020-09-01 09:30:41.460,3.383,25000
2020-09-01 09:30:41.460,3.383,5000
2020-09-01 09:30:41.460,3.384,5100
2020-09-01 09:30:41.910,3.384,2000
2020-09-01 09:30:42.750,3.382,400
2020-09-01 09:30:43.090,3.382,500
2020-09-01 09:30:44.080,3.382,2000
2020-09-01 09:30:44.140,3.382,1000
2020-09-01 09:30:44.140,3.382,4800
2020-09-01 09:30:44.140,3.382,200
2020-09-01 09:30:44.320,3.382,5000
2020-09-01 09:30:45.010,3.382,5000
2020-09-01 09:30:46.570,3.382,60000
2020-09-01 09:30:46.950,3.381,5000
2020-09-01 09:30:46.950,3.381,18300
2020-09-01 09:30:47.270,3.382,5200
2020-09-01 09:30:47.960,3.381,100
2020-09-01 09:30:47.960,3.38,4700
2020-09-01 09:30:47.960,3.38,3000
2020-09-01 09:30:47.960,3.38,20000
2020-09-01 09:30:47.960,3.38,100
2020-09-01 09:30:47.960,3.38,1000
2020-09-01 09:30:47.960,3.38,1100
2020-09-01 09:30:47.960,3.38,5900
2020-09-01 09:30:47.960,3.38,15000
2020-09-01 09:30:47.960,3.38,500
2020-09-01 09:30:47.960,3.38,5000
2020-09-01 09:30:47.960,3.38,3600
2020-09-01 09:30:49.580,3.382,24600
2020-09-01 09:30:50.500,3.382,45400
2020-09-01 09:30:50.500,3.381,4000
2020-09-01 09:30:50.500,3.381,59200
2020-09-01 09:30:50.500,3.381,3000
2020-09-01 09:30:50.500,3.381,30000
2020-09-01 09:30:50.500,3.381,1000
2020-09-01 09:30:50.500,3.381,14800
2020-09-01 09:30:51.340,3.381,300
2020-09-01 09:30:51.380,3.381,10000
2020-09-01 09:30:51.380,3.381,3000
2020-09-01 09:30:51.660,3.381,3000
2020-09-01 09:30:52.060,3.381,800
2020-09-01 09:30:52.180,3.381,21500
2020-09-01 09:30:52.180,3.381,36300
2020-09-01 09:30:52.430,3.381,2200
2020-09-01 09:30:52.430,3.381,100
2020-09-01 09:30:52.430,3.38,6400
2020-09-01 09:30:52.430,3.38,100
2020-09-01 09:30:52.430,3.38,1000
2020-09-01 09:30:52.430,3.38,3000
2020-09-01 09:30:52.430,3.38,200
2020-09-01 09:30:52.430,3.38,10000
2020-09-01 09:30:52.430,3.38,1000
2020-09-01 09:30:52.430,3.38,6000
2020-09-01 09:30:52.550,3.38,4000
2020-09-01 09:30:52.550,3.38,2300
2020-09-01 09:30:52.550,3.38,1000
2020-09-01 09:30:52.550,3.38,300
2020-09-01 09:30:52.550,3.38,20000
2020-09-01 09:30:52.550,3.38,1000
2020-09-01 09:30:52.550,3.38,1400
2020-09-01 09:30:53.970,3.381,9100
2020-09-01 09:30:53.970,3.38,6200
2020-09-01 09:30:53.970,3.38,17100
2020-09-01 09:30:53.970,3.38,500
2020-09-01 09:30:53.970,3.38,1500
2020-09-01 09:30:53.970,3.38,5000
2020-09-01 09:30:53.970,3.38,1000
2020-09-01 09:30:53.970,3.38,20000
2020-09-01 09:30:53.970,3.38,900
2020-09-01 09:30:53.970,3.38,3000
2020-09-01 09:30:53.970,3.38,1000
2020-09-01 09:30:53.970,3.38,1000
2020-09-01 09:30:53.970,3.38,1000
2020-09-01 09:30:53.970,3.38,1000
2020-09-01 09:30:53.970,3.38,10000
2020-09-01 09:30:53.970,3.38,5000
2020-09-01 09:30:53.970,3.38,2000
2020-09-01 09:30:53.970,3.38,120000
2020-09-01 09:30:53.970,3.38,9400
2020-09-01 09:30:55.070,3.38,30000
2020-09-01 09:30:56.190,3.382,1000
2020-09-01 09:30:56.760,3.382,5100
2020-09-01 09:30:57.090,3.382,700
2020-09-01 09:30:57.730,3.383,1300
2020-09-01 09:30:58.430,3.383,8700
2020-09-01 09:30:58.430,3.384,25000
2020-09-01 09:30:58.430,3.384,2000
2020-09-01 09:30:58.430,3.384,4000
2020-09-01 09:30:58.430,3.384,1000
2020-09-01 09:30:58.430,3.384,35891
2020-09-01 09:30:58.430,3.384,3000
2020-09-01 09:30:58.430,3.385,3000
2020-09-01 09:30:58.430,3.385,200
2020-09-01 09:30:58.430,3.385,9000
2020-09-01 09:30:58.430,3.385,3800
2020-09-01 09:30:58.430,3.385,300
2020-09-01 09:30:58.430,3.385,4109
2020-09-01 09:31:00.010,3.382,13200
2020-09-01 09:31:00.010,3.382,5000
2020-09-01 09:31:00.010,3.382,5000
2020-09-01 09:31:00.010,3.381,6800
2020-09-01 09:31:00.150,3.381,30000
2020-09-01 09:31:00.830,3.382,100
2020-09-01 09:31:00.920,3.383,200
2020-09-01 09:31:02.020,3.382,4900
2020-09-01 09:31:02.020,3.382,6900
2020-09-01 09:31:02.250,3.383,3100
2020-09-01 09:31:03.130,3.383,2900
2020-09-01 09:31:04.910,3.382,13900
2020-09-01 09:31:04.980,3.382,9200
2020-09-01 09:31:04.980,3.382,14100
2020-09-01 09:31:04.980,3.381,2000
2020-09-01 09:31:04.980,3.381,1500
2020-09-01 09:31:04.980,3.381,10000
2020-09-01 09:31:04.980,3.381,63200
2020-09-01 09:31:05.560,3.383,100
2020-09-01 09:31:05.840,3.383,100
2020-09-01 09:31:06.050,3.383,93600
2020-09-01 09:31:08.100,3.383,300
2020-09-01 09:31:08.230,3.384,25000
2020-09-01 09:31:08.230,3.385,48891
2020-09-01 09:31:08.230,3.385,26109
2020-09-01 09:31:09.180,3.384,1300
2020-09-01 09:31:09.630,3.383,2000
2020-09-01 09:31:10.040,3.383,1800
2020-09-01 09:31:10.370,3.385,3000
2020-09-01 09:31:10.970,3.383,5000
2020-09-01 09:31:11.370,3.383,10000
2020-09-01 09:31:12.400,3.383,125000
2020-09-01 09:31:12.850,3.383,500
2020-09-01 09:31:13.670,3.383,1000
2020-09-01 09:31:14.740,3.383,10800
2020-09-01 09:31:14.740,3.383,3000
2020-09-01 09:31:14.740,3.383,1200
2020-09-01 09:31:17.350,3.384,100
2020-09-01 09:31:18.900,3.383,1500
2020-09-01 09:31:19.460,3.383,100
2020-09-01 09:31:23.090,3.384,500
2020-09-01 09:31:23.330,3.384,100
2020-09-01 09:31:23.370,3.384,400
2020-09-01 09:31:24.310,3.384,500
2020-09-01 09:31:24.310,3.383,20800
2020-09-01 09:31:24.310,3.383,30000
2020-09-01 09:31:24.310,3.383,300
2020-09-01 09:31:24.310,3.383,30000
2020-09-01 09:31:24.310,3.383,20000
2020-09-01 09:31:24.310,3.383,800
2020-09-01 09:31:24.310,3.383,2000
2020-09-01 09:31:24.310,3.383,13200
2020-09-01 09:31:24.500,3.385,2000
2020-09-01 09:31:25.400,3.384,4000
2020-09-01 09:31:25.940,3.384,55200
2020-09-01 09:31:25.940,3.384,100
2020-09-01 09:31:25.940,3.384,40000
2020-09-01 09:31:25.940,3.384,4700
2020-09-01 09:31:28.730,3.384,300
2020-09-01 09:31:28.730,3.384,29700
2020-09-01 09:31:28.800,3.385,40000
2020-09-01 09:31:28.960,3.385,1500
2020-09-01 09:31:29.310,3.385,27391
2020-09-01 09:31:29.310,3.385,93600
2020-09-01 09:31:29.310,3.385,30000
2020-09-01 09:31:29.310,3.385,60009
2020-09-01 09:31:29.350,3.384,30000
2020-09-01 09:31:29.480,3.384,30000
2020-09-01 09:31:29.480,3.385,174991
2020-09-01 09:31:29.480,3.385,8300
2020-09-01 09:31:29.480,3.385,600
2020-09-01 09:31:31.140,3.385,1800
2020-09-01 09:31:31.400,3.386,3000
2020-09-01 09:31:31.400,3.386,30600
2020-09-01 09:31:31.400,3.386,6400
2020-09-01 09:31:31.600,3.385,3800
2020-09-01 09:31:32.610,3.385,3000
2020-09-01 09:31:35.250,3.386,600
2020-09-01 09:31:35.290,3.385,4000
2020-09-01 09:31:36.020,3.385,10000
2020-09-01 09:31:36.160,3.385,26000
2020-09-01 09:31:36.160,3.385,9000
2020-09-01 09:31:36.890,3.385,10000
2020-09-01 09:31:37.370,3.386,5000
2020-09-01 09:31:37.640,3.386,600
2020-09-01 09:31:40.590,3.386,9800
2020-09-01 09:31:40.590,3.386,200
2020-09-01 09:31:41.560,3.386,6000
2020-09-01 09:31:43.450,3.386,300
2020-09-01 09:31:43.830,3.386,5000
2020-09-01 09:31:43.930,3.386,1000
2020-09-01 09:31:43.960,3.386,7500
2020-09-01 09:31:43.960,3.386,23200
2020-09-01 09:31:44.030,3.386,1000
2020-09-01 09:31:44.480,3.385,100
2020-09-01 09:31:44.630,3.386,8000
2020-09-01 09:31:44.820,3.386,3000
2020-09-01 09:31:45.040,3.386,300
2020-09-01 09:31:45.790,3.385,1200
2020-09-01 09:31:46.490,3.386,5000
2020-09-01 09:31:46.650,3.386,12500
2020-09-01 09:31:46.650,3.386,12000
2020-09-01 09:31:46.650,3.386,14800
2020-09-01 09:31:46.650,3.386,10700
2020-09-01 09:31:46.800,3.386,3000
2020-09-01 09:31:46.800,3.386,7500
2020-09-01 09:31:46.930,3.385,4100
2020-09-01 09:31:46.930,3.385,20000
2020-09-01 09:31:46.930,3.385,20000
2020-09-01 09:31:46.930,3.385,3400
2020-09-01 09:31:46.930,3.385,10000
2020-09-01 09:31:46.930,3.384,40000
2020-09-01 09:31:46.930,3.384,2500
2020-09-01 09:31:48.570,3.385,1400
2020-09-01 09:31:48.780,3.386,2400
2020-09-01 09:31:48.910,3.386,12400
2020-09-01 09:31:48.910,3.386,17600
2020-09-01 09:31:48.940,3.386,30000
2020-09-01 09:31:50.680,3.386,200
2020-09-01 09:31:50.860,3.385,500
2020-09-01 09:31:51.010,3.386,2000
2020-09-01 09:31:51.430,3.386,27200
2020-09-01 09:31:51.430,3.386,12800
2020-09-01 09:31:51.830,3.386,2000
2020-09-01 09:31:53.730,3.386,1000
2020-09-01 09:31:56.920,3.386,100
2020-09-01 09:31:57.180,3.386,1500
2020-09-01 09:31:57.180,3.386,3500
2020-09-01 09:31:57.910,3.386,1000
2020-09-01 09:31:57.980,3.386,3000
2020-09-01 09:31:58.060,3.386,600
2020-09-01 09:31:58.640,3.386,21900
2020-09-01 09:31:58.640,3.386,10000
2020-09-01 09:31:58.640,3.386,8100
2020-09-01 09:31:59.040,3.386,1900
2020-09-01 09:31:59.040,3.386,10000
2020-09-01 09:31:59.040,3.386,300
2020-09-01 09:31:59.040,3.386,100
2020-09-01 09:31:59.040,3.386,5100
2020-09-01 09:31:59.040,3.386,4900
2020-09-01 09:31:59.130,3.385,500
2020-09-01 09:32:00.010,3.386,200
2020-09-01 09:32:00.010,3.386,200
2020-09-01 09:32:03.130,3.386,1000
2020-09-01 09:32:03.130,3.386,1700
2020-09-01 09:32:04.400,3.386,3300
2020-09-01 09:32:04.400,3.386,1000
2020-09-01 09:32:04.400,3.386,700
2020-09-01 09:32:04.400,3.386,600
2020-09-01 09:32:06.680,3.386,100
2020-09-01 09:32:07.610,3.386,300
2020-09-01 09:32:08.000,3.386,38300
2020-09-01 09:32:08.000,3.386,59100
2020-09-01 09:32:08.000,3.386,2000
2020-09-01 09:32:08.000,3.386,600
2020-09-01 09:32:08.250,3.386,1000
2020-09-01 09:32:09.490,3.387,23600
2020-09-01 09:32:11.610,3.386,900
2020-09-01 09:32:11.810,3.387,5000
2020-09-01 09:32:11.870,3.386,4500
2020-09-01 09:32:11.950,3.387,18800
2020-09-01 09:32:11.950,3.387,100
2020-09-01 09:32:11.950,3.388,5000
2020-09-01 09:32:11.950,3.388,6100
2020-09-01 09:32:13.040,3.387,1000
2020-09-01 09:32:13.270,3.387,400
2020-09-01 09:32:13.490,3.387,3000
2020-09-01 09:32:13.640,3.387,1600
2020-09-01 09:32:14.100,3.387,1000
2020-09-01 09:32:14.850,3.387,400
2020-09-01 09:32:14.850,3.387,2000
2020-09-01 09:32:16.190,3.387,100
2020-09-01 09:32:18.240,3.387,2000
2020-09-01 09:32:19.500,3.387,600
2020-09-01 09:32:20.020,3.387,1600
2020-09-01 09:32:20.540,3.386,100
2020-09-01 09:32:21.730,3.387,10000
2020-09-01 09:32:23.010,3.386,1000
2020-09-01 09:32:23.560,3.387,3000
2020-09-01 09:32:23.690,3.387,10000
2020-09-01 09:32:23.960,3.387,1000
2020-09-01 09:32:24.430,3.386,100
2020-09-01 09:32:24.590,3.387,500
2020-09-01 09:32:25.200,3.387,62600
2020-09-01 09:32:25.550,3.387,3000
2020-09-01 09:32:26.130,3.387,2000
2020-09-01 09:32:28.540,3.386,1800
2020-09-01 09:32:28.540,3.386,800
2020-09-01 09:32:28.540,3.386,200
2020-09-01 09:32:28.540,3.386,300
2020-09-01 09:32:28.540,3.386,5000
2020-09-01 09:32:28.540,3.386,5000
2020-09-01 09:32:28.540,3.386,500
2020-09-01 09:32:28.540,3.386,20000
2020-09-01 09:32:28.540,3.386,5400
2020-09-01 09:32:28.690,3.387,500
2020-09-01 09:32:28.910,3.386,14600
2020-09-01 09:32:28.910,3.386,600
2020-09-01 09:32:28.910,3.386,500
2020-09-01 09:32:28.910,3.386,5000
2020-09-01 09:32:28.910,3.386,20000
2020-09-01 09:32:28.910,3.386,50000
2020-09-01 09:32:28.910,3.386,300
2020-09-01 09:32:28.910,3.386,6000
2020-09-01 09:32:28.910,3.386,3000
2020-09-01 09:32:29.080,3.387,300
2020-09-01 09:32:29.200,3.386,2700
2020-09-01 09:32:29.200,3.386,2500
2020-09-01 09:32:29.200,3.386,5000
2020-09-01 09:32:29.200,3.386,20000
2020-09-01 09:32:29.200,3.386,2300
2020-09-01 09:32:29.730,3.387,6000
2020-09-01 09:32:30.990,3.387,30000
2020-09-01 09:32:31.500,3.387,2000
2020-09-01 09:32:31.940,3.387,100
2020-09-01 09:32:32.130,3.387,700
2020-09-01 09:32:32.370,3.387,10000
2020-09-01 09:32:33.640,3.386,2700
2020-09-01 09:32:33.640,3.386,5000
2020-09-01 09:32:33.640,3.386,1000
2020-09-01 09:32:33.640,3.386,300
2020-09-01 09:32:33.640,3.386,300
2020-09-01 09:32:33.640,3.386,10000
2020-09-01 09:32:33.640,3.386,1100
2020-09-01 09:32:33.640,3.386,1000
2020-09-01 09:32:33.730,3.386,13000
2020-09-01 09:32:35.140,3.386,5000
2020-09-01 09:32:35.170,3.386,1200
2020-09-01 09:32:35.380,3.386,2500
2020-09-01 09:32:35.810,3.386,1500
2020-09-01 09:32:36.650,3.386,1000
2020-09-01 09:32:36.810,3.386,3200
2020-09-01 09:32:36.810,3.386,4800
2020-09-01 09:32:36.810,3.386,100
2020-09-01 09:32:39.600,3.387,29000
2020-09-01 09:32:42.640,3.386,300
2020-09-01 09:32:44.860,3.386,3600
2020-09-01 09:32:44.860,3.386,3000
2020-09-01 09:32:44.860,3.386,3000
2020-09-01 09:32:44.860,3.386,400
2020-09-01 09:32:45.040,3.387,6000
2020-09-01 09:32:45.660,3.387,10000
2020-09-01 09:32:46.040,3.386,200
2020-09-01 09:32:46.240,3.387,3200
2020-09-01 09:32:46.900,3.387,2000
2020-09-01 09:32:46.960,3.387,200
2020-09-01 09:32:48.130,3.386,1400
2020-09-01 09:32:48.130,3.386,16400
2020-09-01 09:32:49.990,3.386,23600
2020-09-01 09:32:49.990,3.386,2000
2020-09-01 09:32:49.990,3.386,74400
2020-09-01 09:32:50.200,3.387,3000
2020-09-01 09:32:50.850,3.387,3000
2020-09-01 09:32:52.350,3.386,200
2020-09-01 09:32:52.650,3.387,5000
2020-09-01 09:32:52.680,3.387,10000
2020-09-01 09:32:52.680,3.387,3400
2020-09-01 09:32:52.780,3.387,1000
2020-09-01 09:32:54.200,3.387,10000
2020-09-01 09:32:54.200,3.387,100
2020-09-01 09:32:54.370,3.387,2000
2020-09-01 09:32:55.880,3.386,24000
2020-09-01 09:32:56.300,3.386,600
2020-09-01 09:32:56.530,3.387,1000
2020-09-01 09:32:57.000,3.387,40000
2020-09-01 09:32:58.190,3.387,22700
2020-09-01 09:32:58.190,3.387,8300
2020-09-01 09:32:58.190,3.387,10000
2020-09-01 09:32:58.190,3.387,2000
2020-09-01 09:32:58.190,3.387,1800
2020-09-01 09:32:58.190,3.387,1600
2020-09-01 09:32:58.190,3.387,300
2020-09-01 09:33:02.250,3.387,5000
2020-09-01 09:33:02.340,3.387,4600
2020-09-01 09:33:03.250,3.387,15300
2020-09-01 09:33:03.500,3.388,3900
2020-09-01 09:33:03.500,3.388,100
2020-09-01 09:33:03.500,3.388,11800
2020-09-01 09:33:03.790,3.387,10000
2020-09-01 09:33:04.010,3.387,2400
2020-09-01 09:33:04.010,3.387,1500
2020-09-01 09:33:04.010,3.387,500
2020-09-01 09:33:04.010,3.387,5000
2020-09-01 09:33:04.010,3.387,600
2020-09-01 09:33:04.010,3.387,10000
2020-09-01 09:33:05.890,3.388,1000
2020-09-01 09:33:07.250,3.387,7000
2020-09-01 09:33:07.730,3.387,1000
2020-09-01 09:33:09.850,3.388,1000
2020-09-01 09:33:10.990,3.387,20800
2020-09-01 09:33:10.990,3.387,20000
2020-09-01 09:33:10.990,3.387,7500
2020-09-01 09:33:10.990,3.387,5400
2020-09-01 09:33:10.990,3.387,30000
2020-09-01 09:33:10.990,3.387,11700
2020-09-01 09:33:10.990,3.387,1100
2020-09-01 09:33:10.990,3.387,3500
2020-09-01 09:33:11.430,3.388,2000
2020-09-01 09:33:11.450,3.388,20300
2020-09-01 09:33:11.450,3.388,700
2020-09-01 09:33:11.450,3.388,19000
2020-09-01 09:33:11.640,3.387,1300
2020-09-01 09:33:11.830,3.388,100
2020-09-01 09:33:11.920,3.388,46600
2020-09-01 09:33:11.920,3.388,175000
2020-09-01 09:33:11.920,3.388,300
2020-09-01 09:33:11.920,3.39,13100
2020-09-01 09:33:14.080,3.388,5900
2020-09-01 09:33:15.430,3.39,300
2020-09-01 09:33:15.630,3.388,200
2020-09-01 09:33:22.100,3.39,4600
2020-09-01 09:33:23.560,3.39,3300
2020-09-01 09:33:24.060,3.388,100
2020-09-01 09:33:27.430,3.389,5000
2020-09-01 09:33:27.430,3.388,8300
2020-09-01 09:33:27.790,3.39,5000
2020-09-01 09:33:27.910,3.39,300
2020-09-01 09:33:28.640,3.388,70600
2020-09-01 09:33:28.790,3.39,3000
2020-09-01 09:33:29.100,3.39,9000
2020-09-01 09:33:30.160,3.39,10000
2020-09-01 09:33:30.380,3.39,3000
2020-09-01 09:33:32.000,3.389,40000
2020-09-01 09:33:32.000,3.389,30000
2020-09-01 09:33:32.000,3.388,30000
2020-09-01 09:33:32.510,3.39,2000
2020-09-01 09:33:33.030,3.389,30000
2020-09-01 09:33:33.030,3.388,20000
2020-09-01 09:33:34.020,3.389,5000
2020-09-01 09:33:34.430,3.39,100
2020-09-01 09:33:34.970,3.39,5000
2020-09-01 09:33:35.160,3.39,1000
2020-09-01 09:33:35.390,3.39,1800
2020-09-01 09:33:35.600,3.389,14700
2020-09-01 09:33:35.970,3.389,400
2020-09-01 09:33:36.680,3.39,3000
2020-09-01 09:33:36.750,3.39,100
2020-09-01 09:33:38.890,3.39,2000
2020-09-01 09:33:40.130,3.39,300
2020-09-01 09:33:40.300,3.39,300
2020-09-01 09:33:40.670,3.39,10000
2020-09-01 09:33:41.710,3.39,5200
2020-09-01 09:33:42.180,3.39,21200
2020-09-01 09:33:42.210,3.389,5000
2020-09-01 09:33:42.210,3.389,23900
2020-09-01 09:33:42.710,3.39,2900
2020-09-01 09:33:42.750,3.39,1700
2020-09-01 09:33:44.170,3.389,100
2020-09-01 09:33:44.780,3.39,3100
2020-09-01 09:33:45.240,3.39,22700
2020-09-01 09:33:45.240,3.39,300
2020-09-01 09:33:45.890,3.39,700
2020-09-01 09:33:45.890,3.39,300
2020-09-01 09:33:46.950,3.39,1000
2020-09-01 09:33:47.110,3.39,5000
2020-09-01 09:33:47.240,3.39,8700
2020-09-01 09:33:47.240,3.39,2000
2020-09-01 09:33:47.240,3.39,10000
2020-09-01 09:33:47.240,3.39,1600
2020-09-01 09:33:47.630,3.39,2100
2020-09-01 09:33:48.530,3.39,3300
2020-09-01 09:33:48.530,3.39,1000
2020-09-01 09:33:48.530,3.39,100
2020-09-01 09:33:48.530,3.39,1200
2020-09-01 09:33:49.230,3.389,16000
2020-09-01 09:33:49.230,3.389,4000
2020-09-01 09:33:49.420,3.39,500
2020-09-01 09:33:49.420,3.39,300
2020-09-01 09:33:49.420,3.39,1200
2020-09-01 09:33:51.150,3.39,10000
2020-09-01 09:33:51.670,3.39,900
2020-09-01 09:33:51.670,3.39,8300
2020-09-01 09:33:51.670,3.39,5000
2020-09-01 09:33:51.670,3.39,400
2020-09-01 09:33:52.070,3.39,1100
2020-09-01 09:33:52.990,3.39,14300
2020-09-01 09:33:52.990,3.39,2900
2020-09-01 09:33:52.990,3.39,300
2020-09-01 09:33:52.990,3.389,26000
2020-09-01 09:33:52.990,3.389,10000
2020-09-01 09:33:52.990,3.389,46500
2020-09-01 09:33:53.590,3.389,900
2020-09-01 09:33:54.830,3.389,19200
2020-09-01 09:33:57.290,3.39,100
2020-09-01 09:33:57.290,3.39,500
2020-09-01 09:33:57.290,3.389,228400
2020-09-01 09:33:57.290,3.389,10000
2020-09-01 09:33:57.290,3.389,1000
2020-09-01 09:33:57.290,3.389,100
2020-09-01 09:33:57.290,3.389,30000
2020-09-01 09:33:57.290,3.389,5000
2020-09-01 09:33:57.290,3.388,23400
2020-09-01 09:34:00.000,3.39,2000
2020-09-01 09:34:00.000,3.39,10000
2020-09-01 09:34:00.000,3.39,1500
2020-09-01 09:34:00.000,3.39,10000
2020-09-01 09:34:00.000,3.39,1500
2020-09-01 09:34:00.690,3.39,1600
2020-09-01 09:34:01.090,3.39,5000
2020-09-01 09:34:02.480,3.39,2000
2020-09-01 09:34:02.870,3.39,500
2020-09-01 09:34:03.610,3.39,1000
2020-09-01 09:34:03.870,3.39,20000
2020-09-01 09:34:06.640,3.39,500
2020-09-01 09:34:06.730,3.39,20000
2020-09-01 09:34:06.870,3.39,5000
2020-09-01 09:34:08.470,3.39,100
2020-09-01 09:34:08.540,3.39,5000
2020-09-01 09:34:09.270,3.39,2000
2020-09-01 09:34:09.560,3.39,1000
2020-09-01 09:34:09.840,3.39,15000
2020-09-01 09:34:10.170,3.39,30000
2020-09-01 09:34:10.740,3.39,10000
2020-09-01 09:34:11.160,3.39,2000
2020-09-01 09:34:11.630,3.389,1100
2020-09-01 09:34:11.630,3.389,500
2020-09-01 09:34:11.630,3.389,2000
2020-09-01 09:34:11.630,3.389,1400
2020-09-01 09:34:13.960,3.389,3600
2020-09-01 09:34:13.960,3.389,1000
2020-09-01 09:34:13.960,3.389,300
2020-09-01 09:34:13.960,3.389,2000
2020-09-01 09:34:14.050,3.388,22400
2020-09-01 09:34:14.050,3.388,500
2020-09-01 09:34:14.050,3.388,3000
2020-09-01 09:34:14.050,3.388,2000
2020-09-01 09:34:14.050,3.388,300
2020-09-01 09:34:14.050,3.388,200
2020-09-01 09:34:14.050,3.388,1000
2020-09-01 09:34:14.050,3.388,3000
2020-09-01 09:34:14.050,3.388,4000
2020-09-01 09:34:14.050,3.388,5000
2020-09-01 09:34:14.050,3.388,200
2020-09-01 09:34:14.050,3.388,5000
2020-09-01 09:34:14.050,3.388,100
2020-09-01 09:34:14.050,3.388,6400
2020-09-01 09:34:14.050,3.388,46900
2020-09-01 09:34:14.990,3.389,3100
2020-09-01 09:34:14.990,3.39,1900
2020-09-01 09:34:15.590,3.39,100
2020-09-01 09:34:16.150,3.39,600
2020-09-01 09:34:16.720,3.39,700
2020-09-01 09:34:16.940,3.39,500
2020-09-01 09:34:17.680,3.39,800
2020-09-01 09:34:17.830,3.389,60000
2020-09-01 09:34:17.890,3.389,20600
2020-09-01 09:34:18.730,3.389,200
2020-09-01 09:34:18.760,3.389,5800
2020-09-01 09:34:18.910,3.389,1000
2020-09-01 09:34:19.180,3.389,3000
2020-09-01 09:34:19.440,3.39,2000
2020-09-01 09:34:19.890,3.389,30000
2020-09-01 09:34:20.970,3.388,500
2020-09-01 09:34:20.970,3.388,10000
2020-09-01 09:34:20.970,3.388,10000
2020-09-01 09:34:20.970,3.388,5000
2020-09-01 09:34:20.970,3.388,100
2020-09-01 09:34:20.970,3.388,5000
2020-09-01 09:34:20.970,3.388,100
2020-09-01 09:34:20.970,3.388,1500
2020-09-01 09:34:20.970,3.388,100
2020-09-01 09:34:22.430,3.388,5000
2020-09-01 09:34:22.820,3.387,300
2020-09-01 09:34:22.820,3.387,100
2020-09-01 09:34:22.820,3.387,700
2020-09-01 09:34:22.820,3.387,700
2020-09-01 09:34:22.820,3.387,1000
2020-09-01 09:34:22.820,3.387,2000
2020-09-01 09:34:22.820,3.387,11900
2020-09-01 09:34:22.820,3.387,13300
2020-09-01 09:34:22.920,3.388,10000
2020-09-01 09:34:23.270,3.388,300
2020-09-01 09:34:24.120,3.387,16900
2020-09-01 09:34:24.120,3.387,20000
2020-09-01 09:34:24.120,3.387,1000
2020-09-01 09:34:24.120,3.387,5000
2020-09-01 09:34:24.220,3.387,2400
2020-09-01 09:34:25.060,3.388,1000
2020-09-01 09:34:25.340,3.387,10000
2020-09-01 09:34:25.490,3.387,3300
2020-09-01 09:34:27.370,3.388,7400
2020-09-01 09:34:27.780,3.387,10000
2020-09-01 09:34:27.780,3.386,2000
2020-09-01 09:34:27.780,3.386,5000
2020-09-01 09:34:27.780,3.386,500
2020-09-01 09:34:27.780,3.386,400
2020-09-01 09:34:27.780,3.386,5500
2020-09-01 09:34:27.780,3.386,4000
2020-09-01 09:34:27.780,3.386,900
2020-09-01 09:34:27.780,3.386,2000
2020-09-01 09:34:27.780,3.386,700
2020-09-01 09:34:27.780,3.386,5000
2020-09-01 09:34:27.780,3.386,4000
2020-09-01 09:34:27.780,3.386,5000
2020-09-01 09:34:27.780,3.386,700
2020-09-01 09:34:27.780,3.386,2100
2020-09-01 09:34:27.780,3.386,40900
2020-09-01 09:34:28.430,3.388,400
2020-09-01 09:34:28.500,3.386,9700
2020-09-01 09:34:28.750,3.388,5000
2020-09-01 09:34:28.810,3.386,44400
2020-09-01 09:34:28.810,3.386,15600
2020-09-01 09:34:29.120,3.388,100
2020-09-01 09:34:29.380,3.388,4100
2020-09-01 09:34:30.290,3.387,5000
2020-09-01 09:34:30.290,3.386,61800
2020-09-01 09:34:31.710,3.386,30000
2020-09-01 09:34:31.830,3.388,200
2020-09-01 09:34:32.660,3.387,6600
2020-09-01 09:34:33.030,3.386,298500
2020-09-01 09:34:33.770,3.386,100
2020-09-01 09:34:34.090,3.386,94000
2020-09-01 09:34:34.090,3.386,3000
2020-09-01 09:34:34.090,3.386,5900
2020-09-01 09:34:34.090,3.386,1000
2020-09-01 09:34:34.090,3.385,9500
2020-09-01 09:34:34.090,3.385,2500
2020-09-01 09:34:34.090,3.385,10000
2020-09-01 09:34:34.090,3.385,20000
2020-09-01 09:34:34.090,3.385,2000
2020-09-01 09:34:34.090,3.385,200
2020-09-01 09:34:34.090,3.385,3000
2020-09-01 09:34:34.090,3.385,2000
2020-09-01 09:34:34.090,3.385,50000
2020-09-01 09:34:34.090,3.385,3800
2020-09-01 09:34:34.090,3.385,1800
2020-09-01 09:34:34.090,3.385,10000
2020-09-01 09:34:34.090,3.385,5000
2020-09-01 09:34:34.090,3.385,5000
2020-09-01 09:34:34.090,3.385,1000
2020-09-01 09:34:34.090,3.385,8200
2020-09-01 09:34:34.090,3.385,12000
2020-09-01 09:34:34.090,3.385,10000
2020-09-01 09:34:34.090,3.385,5000
2020-09-01 09:34:34.090,3.385,800
2020-09-01 09:34:34.090,3.385,5000
2020-09-01 09:34:34.090,3.385,400
2020-09-01 09:34:34.090,3.385,11300
2020-09-01 09:34:34.090,3.385,100
2020-09-01 09:34:34.090,3.385,16000
2020-09-01 09:34:34.520,3.387,20000
2020-09-01 09:34:35.110,3.385,6000
2020-09-01 09:34:35.110,3.385,30000
2020-09-01 09:34:35.110,3.385,1300
2020-09-01 09:34:35.110,3.385,1000
2020-09-01 09:34:35.110,3.385,2000
2020-09-01 09:34:35.110,3.385,500
2020-09-01 09:34:35.560,3.385,40000
2020-09-01 09:34:35.910,3.385,300
2020-09-01 09:34:36.000,3.385,18900
2020-09-01 09:34:36.130,3.386,100
2020-09-01 09:34:36.850,3.386,2900
2020-09-01 09:34:37.660,3.386,600
2020-09-01 09:34:37.690,3.386,300
2020-09-01 09:34:37.690,3.387,7300
2020-09-01 09:34:37.880,3.385,3000
2020-09-01 09:34:38.600,3.387,1200
2020-09-01 09:34:39.800,3.387,600
2020-09-01 09:34:40.610,3.386,1000
2020-09-01 09:34:43.090,3.385,100
2020-09-01 09:34:43.900,3.385,100
2020-09-01 09:34:48.980,3.387,100
2020-09-01 09:34:49.360,3.387,84200
2020-09-01 09:34:49.360,3.388,15800
2020-09-01 09:34:49.480,3.387,100
2020-09-01 09:34:49.480,3.386,2100
2020-09-01 09:34:49.710,3.386,1000
2020-09-01 09:34:50.110,3.386,4600
2020-09-01 09:34:50.300,3.386,5400
2020-09-01 09:34:50.620,3.386,10000
2020-09-01 09:34:50.970,3.386,24600
2020-09-01 09:34:50.970,3.386,100
2020-09-01 09:34:54.570,3.387,7000
2020-09-01 09:34:54.570,3.388,3000
2020-09-01 09:34:56.090,3.386,15300
2020-09-01 09:34:56.090,3.386,1800
2020-09-01 09:34:56.090,3.386,3000
2020-09-01 09:34:56.090,3.386,2800
2020-09-01 09:34:56.090,3.386,30500
2020-09-01 09:34:56.090,3.385,7900
2020-09-01 09:34:56.090,3.385,500
2020-09-01 09:34:56.090,3.385,38200
2020-09-01 09:34:57.740,3.387,96
2020-09-01 09:34:57.740,3.388,6904
2020-09-01 09:34:58.440,3.386,300
2020-09-01 09:34:59.030,3.388,400
2020-09-01 09:34:59.440,3.386,300
2020-09-01 09:35:00.980,3.386,1400
2020-09-01 09:35:00.980,3.386,3700
2020-09-01 09:35:00.980,3.386,100000
2020-09-01 09:35:00.980,3.386,7900
2020-09-01 09:35:01.990,3.386,2100
2020-09-01 09:35:01.990,3.385,600
2020-09-01 09:35:01.990,3.385,100
2020-09-01 09:35:01.990,3.385,6500
2020-09-01 09:35:01.990,3.385,100
2020-09-01 09:35:01.990,3.385,1000
2020-09-01 09:35:01.990,3.385,2000
2020-09-01 09:35:01.990,3.385,30000
2020-09-01 09:35:02.120,3.385,100
2020-09-01 09:35:02.680,3.385,23100
2020-09-01 09:35:02.920,3.385,100
2020-09-01 09:35:03.210,3.385,9000
2020-09-01 09:35:03.780,3.385,40000
2020-09-01 09:35:04.440,3.385,100
2020-09-01 09:35:04.530,3.384,18900
2020-09-01 09:35:04.750,3.385,10000
2020-09-01 09:35:04.960,3.384,13200
2020-09-01 09:35:05.540,3.385,10000
2020-09-01 09:35:05.830,3.385,2000
2020-09-01 09:35:06.070,3.385,53200
2020-09-01 09:35:06.070,3.385,10000
2020-09-01 09:35:08.220,3.385,7200
2020-09-01 09:35:09.180,3.386,40000
2020-09-01 09:35:09.310,3.385,1400
2020-09-01 09:35:09.570,3.386,100
2020-09-01 09:35:10.120,3.385,23300
2020-09-01 09:35:12.190,3.385,7000
2020-09-01 09:35:12.330,3.386,5000
2020-09-01 09:35:12.610,3.386,5300
2020-09-01 09:35:12.610,3.386,5900
2020-09-01 09:35:12.980,3.385,1000
2020-09-01 09:35:13.070,3.386,1900
2020-09-01 09:35:13.070,3.386,100
2020-09-01 09:35:13.130,3.386,17100
2020-09-01 09:35:13.130,3.386,20000
2020-09-01 09:35:13.130,3.386,2900
2020-09-01 09:35:13.460,3.386,4600
2020-09-01 09:35:13.460,3.386,100
2020-09-01 09:35:13.490,3.386,5000
2020-09-01 09:35:14.380,3.386,17600
2020-09-01 09:35:15.520,3.387,2000
2020-09-01 09:35:16.110,3.387,40000
2020-09-01 09:35:16.470,3.387,40000
2020-09-01 09:35:16.960,3.387,30000
2020-09-01 09:35:17.060,3.386,100000
2020-09-01 09:35:17.530,3.387,160200
2020-09-01 09:35:17.530,3.387,50000
2020-09-01 09:35:17.530,3.388,89800
2020-09-01 09:35:19.140,3.388,40000
2020-09-01 09:35:19.140,3.388,40000
2020-09-01 09:35:19.670,3.387,1200
2020-09-01 09:35:19.930,3.388,10900
2020-09-01 09:35:20.200,3.388,59100
2020-09-01 09:35:20.540,3.387,18800
2020-09-01 09:35:21.890,3.388,596
2020-09-01 09:35:21.890,3.388,10000
2020-09-01 09:35:21.890,3.388,8600
2020-09-01 09:35:21.890,3.388,20000
2020-09-01 09:35:21.890,3.388,804
2020-09-01 09:35:21.960,3.388,6196
2020-09-01 09:35:22.970,3.388,33804
2020-09-01 09:35:22.970,3.387,3196
2020-09-01 09:35:24.290,3.388,100
2020-09-01 09:35:25.540,3.388,25600
2020-09-01 09:35:28.280,3.388,4300
2020-09-01 09:35:28.280,3.388,40000
2020-09-01 09:35:28.280,3.388,60000
2020-09-01 09:35:28.280,3.388,21800
2020-09-01 09:35:28.280,3.387,6804
2020-09-01 09:35:28.280,3.387,13996
2020-09-01 09:35:30.340,3.388,200
2020-09-01 09:35:32.210,3.388,300
2020-09-01 09:35:34.860,3.389,6600
2020-09-01 09:35:34.860,3.389,5800
2020-09-01 09:35:34.860,3.389,300
2020-09-01 09:35:34.860,3.389,2000
2020-09-01 09:35:34.860,3.389,7000
2020-09-01 09:35:34.860,3.389,18300
2020-09-01 09:35:35.440,3.389,39700
2020-09-01 09:35:35.680,3.389,37000
2020-09-01 09:35:35.680,3.389,5000
2020-09-01 09:35:36.420,3.389,7000
2020-09-01 09:35:36.920,3.389,6000
2020-09-01 09:35:38.060,3.388,30000
2020-09-01 09:35:38.060,3.388,1000
2020-09-01 09:35:38.060,3.388,50000
2020-09-01 09:35:38.060,3.388,19000
2020-09-01 09:35:44.030,3.389,5800
2020-09-01 09:35:44.030,3.389,2000
2020-09-01 09:35:44.030,3.388,12200
2020-09-01 09:35:44.430,3.39,1300
2020-09-01 09:35:46.190,3.389,300
2020-09-01 09:35:47.220,3.389,100
2020-09-01 09:35:47.710,3.39,60000
2020-09-01 09:35:48.040,3.389,900
2020-09-01 09:35:48.230,3.388,500
2020-09-01 09:35:48.930,3.389,5900
2020-09-01 09:35:50.070,3.388,9800
2020-09-01 09:35:55.270,3.389,3200
2020-09-01 09:35:55.270,3.39,46800
2020-09-01 09:35:57.020,3.39,1000
2020-09-01 09:35:59.080,3.389,30000
2020-09-01 09:35:59.080,3.388,17500
2020-09-01 09:35:59.570,3.388,2700
2020-09-01 09:35:59.570,3.388,100
2020-09-01 09:36:01.870,3.388,200
2020-09-01 09:36:01.870,3.389,800
2020-09-01 09:36:02.560,3.389,2000
2020-09-01 09:36:03.260,3.389,100
2020-09-01 09:36:07.320,3.389,1000
2020-09-01 09:36:09.040,3.388,3000
2020-09-01 09:36:09.040,3.388,700
2020-09-01 09:36:09.040,3.388,6300
2020-09-01 09:36:10.710,3.389,400
2020-09-01 09:36:10.710,3.389,14300
2020-09-01 09:36:11.390,3.389,5000
2020-09-01 09:36:13.520,3.388,23700
2020-09-01 09:36:13.520,3.388,1000
2020-09-01 09:36:13.520,3.388,10000
2020-09-01 09:36:13.520,3.388,8000
2020-09-01 09:36:13.520,3.388,3000
2020-09-01 09:36:13.520,3.388,1000
2020-09-01 09:36:14.190,3.387,300
2020-09-01 09:36:14.190,3.387,600
2020-09-01 09:36:14.190,3.387,6400
2020-09-01 09:36:14.190,3.387,2000
2020-09-01 09:36:14.190,3.387,2800
2020-09-01 09:36:14.190,3.387,2000
2020-09-01 09:36:14.190,3.387,200
2020-09-01 09:36:14.190,3.387,30400
2020-09-01 09:36:14.190,3.387,1000
2020-09-01 09:36:14.190,3.387,1700
2020-09-01 09:36:14.190,3.386,17300
2020-09-01 09:36:14.190,3.386,7700
2020-09-01 09:36:14.190,3.386,100
2020-09-01 09:36:14.190,3.386,100
2020-09-01 09:36:14.190,3.386,800
2020-09-01 09:36:14.190,3.386,1500
2020-09-01 09:36:14.190,3.386,1100
2020-09-01 09:36:14.190,3.386,3000
2020-09-01 09:36:14.190,3.386,6400
2020-09-01 09:36:14.190,3.386,100
2020-09-01 09:36:14.190,3.386,2000
2020-09-01 09:36:14.190,3.386,10000
2020-09-01 09:36:14.190,3.386,1000
2020-09-01 09:36:14.190,3.386,1900
2020-09-01 09:36:14.190,3.386,1000
2020-09-01 09:36:14.190,3.385,30000
2020-09-01 09:36:14.190,3.385,3000
2020-09-01 09:36:14.190,3.385,1500
2020-09-01 09:36:14.190,3.385,10000
2020-09-01 09:36:14.190,3.385,100
2020-09-01 09:36:14.190,3.385,8500
2020-09-01 09:36:14.190,3.385,100
2020-09-01 09:36:14.190,3.385,8000
2020-09-01 09:36:14.190,3.385,7000
2020-09-01 09:36:14.190,3.385,10000
2020-09-01 09:36:14.190,3.385,10000
2020-09-01 09:36:14.190,3.385,30000
2020-09-01 09:36:14.190,3.385,500
2020-09-01 09:36:14.190,3.385,1000
2020-09-01 09:36:14.190,3.385,2000
2020-09-01 09:36:14.190,3.385,1000
2020-09-01 09:36:14.190,3.385,75900
2020-09-01 09:36:15.800,3.387,100
2020-09-01 09:36:15.890,3.387,100
2020-09-01 09:36:16.760,3.387,46700
2020-09-01 09:36:17.920,3.387,500
2020-09-01 09:36:17.920,3.387,4000
2020-09-01 09:36:18.510,3.387,10000
2020-09-01 09:36:20.110,3.385,11900
2020-09-01 09:36:20.110,3.385,40000
2020-09-01 09:36:20.110,3.385,30000
2020-09-01 09:36:20.110,3.385,18100
2020-09-01 09:36:20.620,3.387,5000
2020-09-01 09:36:21.740,3.385,19300
2020-09-01 09:36:22.400,3.385,500
2020-09-01 09:36:23.240,3.387,9500
2020-09-01 09:36:23.240,3.387,2200
2020-09-01 09:36:25.930,3.387,4000
2020-09-01 09:36:28.140,3.386,20000
2020-09-01 09:36:28.140,3.385,79900
2020-09-01 09:36:28.270,3.385,29000
2020-09-01 09:36:28.360,3.385,12400
2020-09-01 09:36:31.100,3.387,3800
2020-09-01 09:36:31.100,3.387,3600
2020-09-01 09:36:31.590,3.387,8000
2020-09-01 09:36:31.620,3.387,300
2020-09-01 09:36:33.260,3.386,4700
2020-09-01 09:36:33.260,3.385,140500
2020-09-01 09:36:33.260,3.385,1000
2020-09-01 09:36:33.260,3.385,40000
2020-09-01 09:36:33.260,3.385,60800
2020-09-01 09:36:34.460,3.385,14900
2020-09-01 09:36:39.660,3.386,1000
2020-09-01 09:36:39.660,3.385,300
2020-09-01 09:36:39.660,3.385,1000
2020-09-01 09:36:39.660,3.385,100
2020-09-01 09:36:39.660,3.385,6000
2020-09-01 09:36:39.660,3.385,100
2020-09-01 09:36:39.660,3.385,40000
2020-09-01 09:36:39.660,3.385,30000
2020-09-01 09:36:40.720,3.385,295000
2020-09-01 09:36:41.280,3.385,7000
2020-09-01 09:36:41.960,3.385,100
2020-09-01 09:36:42.340,3.384,5800
2020-09-01 09:36:42.560,3.385,4000
2020-09-01 09:36:42.690,3.385,40000
2020-09-01 09:36:42.780,3.385,30000
2020-09-01 09:36:43.020,3.385,1500
2020-09-01 09:36:43.180,3.385,3000
2020-09-01 09:36:43.360,3.385,40900
2020-09-01 09:36:43.360,3.385,100000
2020-09-01 09:36:49.170,3.385,300
2020-09-01 09:36:49.170,3.385,10000
2020-09-01 09:36:49.270,3.385,12800
2020-09-01 09:36:50.160,3.385,8000
2020-09-01 09:36:50.600,3.386,100
2020-09-01 09:36:51.080,3.386,1000
2020-09-01 09:36:52.180,3.386,20000
2020-09-01 09:36:54.590,3.386,100
2020-09-01 09:36:55.410,3.385,6100
2020-09-01 09:36:55.910,3.385,200
2020-09-01 09:36:56.040,3.386,10000
2020-09-01 09:36:56.880,3.385,29200
2020-09-01 09:36:56.950,3.385,800
2020-09-01 09:36:56.950,3.385,32900
2020-09-01 09:36:57.830,3.385,7100
2020-09-01 09:36:57.830,3.385,1000
2020-09-01 09:36:57.830,3.385,1000
2020-09-01 09:36:57.830,3.385,1000
2020-09-01 09:36:57.830,3.385,2000
2020-09-01 09:36:57.830,3.385,2000
2020-09-01 09:36:57.830,3.385,100
2020-09-01 09:36:57.830,3.385,100
2020-09-01 09:36:57.830,3.384,12100
2020-09-01 09:36:57.830,3.384,2000
2020-09-01 09:36:57.830,3.384,300
2020-09-01 09:36:57.830,3.384,1000
2020-09-01 09:36:57.830,3.384,300
2020-09-01 09:36:57.890,3.386,2000
2020-09-01 09:36:58.750,3.385,1000
2020-09-01 09:36:59.530,3.385,500
2020-09-01 09:36:59.530,3.386,10800
2020-09-01 09:36:59.530,3.386,300
2020-09-01 09:36:59.530,3.386,1000
2020-09-01 09:36:59.530,3.386,1800
2020-09-01 09:36:59.530,3.386,400
2020-09-01 09:36:59.530,3.386,1000
2020-09-01 09:36:59.530,3.386,2400
2020-09-01 09:37:01.030,3.386,500
2020-09-01 09:37:01.700,3.385,1000
2020-09-01 09:37:02.130,3.384,1700
2020-09-01 09:37:02.130,3.384,3000
2020-09-01 09:37:02.130,3.384,100
2020-09-01 09:37:02.130,3.384,1000
2020-09-01 09:37:02.130,3.384,5000
2020-09-01 09:37:02.130,3.384,200
2020-09-01 09:37:02.130,3.384,50300
2020-09-01 09:37:02.130,3.384,200
2020-09-01 09:37:02.130,3.384,10000
2020-09-01 09:37:02.130,3.384,100
2020-09-01 09:37:02.130,3.384,10000
2020-09-01 09:37:02.130,3.384,100
2020-09-01 09:37:02.130,3.384,6000
2020-09-01 09:37:02.670,3.384,100
2020-09-01 09:37:02.700,3.384,10000
2020-09-01 09:37:03.130,3.384,2200
2020-09-01 09:37:03.130,3.385,2800
2020-09-01 09:37:03.920,3.385,10000
2020-09-01 09:37:04.150,3.383,3000
2020-09-01 09:37:04.150,3.383,7000
2020-09-01 09:37:05.760,3.383,3600
2020-09-01 09:37:05.760,3.383,100
2020-09-01 09:37:05.760,3.383,1000
2020-09-01 09:37:05.760,3.383,600
2020-09-01 09:37:05.760,3.383,200
2020-09-01 09:37:05.760,3.383,1000
2020-09-01 09:37:05.760,3.383,3000
2020-09-01 09:37:05.760,3.383,300
2020-09-01 09:37:05.760,3.383,200
2020-09-01 09:37:05.760,3.383,2000
2020-09-01 09:37:05.760,3.383,1000
2020-09-01 09:37:05.760,3.383,5000
2020-09-01 09:37:05.760,3.383,2000
2020-09-01 09:37:05.760,3.383,1000
2020-09-01 09:37:05.760,3.383,400
2020-09-01 09:37:05.760,3.383,200
2020-09-01 09:37:05.760,3.383,10000
2020-09-01 09:37:05.760,3.383,1000
2020-09-01 09:37:05.760,3.383,1500
2020-09-01 09:37:05.760,3.383,7000
2020-09-01 09:37:05.760,3.383,3900
2020-09-01 09:37:05.970,3.385,500
2020-09-01 09:37:09.170,3.385,2000
2020-09-01 09:37:10.970,3.384,10000
2020-09-01 09:37:11.520,3.385,500
2020-09-01 09:37:12.480,3.385,500
2020-09-01 09:37:14.110,3.385,100
2020-09-01 09:37:14.200,3.385,11000
2020-09-01 09:37:15.060,3.385,100
2020-09-01 09:37:15.840,3.385,300
2020-09-01 09:37:16.050,3.383,1000
2020-09-01 09:37:16.050,3.383,2000
2020-09-01 09:37:16.050,3.383,17800
2020-09-01 09:37:16.050,3.383,10000
2020-09-01 09:37:16.050,3.383,9400
2020-09-01 09:37:16.210,3.383,27200
2020-09-01 09:37:17.770,3.383,3400
2020-09-01 09:37:17.770,3.383,300
2020-09-01 09:37:17.770,3.383,100
2020-09-01 09:37:17.770,3.383,1000
2020-09-01 09:37:17.770,3.383,5200
2020-09-01 09:37:18.080,3.383,4500
2020-09-01 09:37:20.990,3.385,100
2020-09-01 09:37:22.270,3.385,1000
2020-09-01 09:37:22.430,3.384,1500
2020-09-01 09:37:22.710,3.384,900
2020-09-01 09:37:23.100,3.384,100000
2020-09-01 09:37:24.350,3.384,100
2020-09-01 09:37:24.600,3.384,3200
2020-09-01 09:37:24.720,3.385,100
2020-09-01 09:37:24.750,3.385,11300
2020-09-01 09:37:24.750,3.385,200
2020-09-01 09:37:24.750,3.386,17100
2020-09-01 09:37:24.750,3.386,21000
2020-09-01 09:37:24.860,3.384,30000
2020-09-01 09:37:25.590,3.384,100
2020-09-01 09:37:26.850,3.384,20300
2020-09-01 09:37:26.850,3.384,43600
2020-09-01 09:37:27.630,3.384,4400
2020-09-01 09:37:28.080,3.385,6000
2020-09-01 09:37:28.080,3.383,53800
2020-09-01 09:37:28.080,3.383,100
2020-09-01 09:37:28.080,3.383,30000
2020-09-01 09:37:28.080,3.383,104900
2020-09-01 09:37:29.030,3.383,15000
2020-09-01 09:37:29.540,3.383,1000
2020-09-01 09:37:29.730,3.384,500
2020-09-01 09:37:30.070,3.383,300
2020-09-01 09:37:30.200,3.383,102400
2020-09-01 09:37:30.200,3.383,1000
2020-09-01 09:37:30.200,3.383,1000
2020-09-01 09:37:30.200,3.383,32900
2020-09-01 09:37:30.390,3.384,4500
2020-09-01 09:37:31.570,3.386,400000
2020-09-01 09:37:32.060,3.385,500
2020-09-01 09:37:32.060,3.385,1000
2020-09-01 09:37:33.640,3.383,15000
2020-09-01 09:37:33.640,3.384,200
2020-09-01 09:37:34.060,3.384,100
2020-09-01 09:37:35.010,3.384,700
2020-09-01 09:37:37.590,3.383,400
2020-09-01 09:37:39.400,3.384,400
2020-09-01 09:37:39.400,3.384,100
2020-09-01 09:37:39.400,3.385,500
2020-09-01 09:37:40.130,3.383,1000
2020-09-01 09:37:44.080,3.384,5000
2020-09-01 09:37:44.080,3.384,200
2020-09-01 09:37:44.140,3.383,10700
2020-09-01 09:37:44.140,3.383,100
2020-09-01 09:37:44.140,3.383,13100
2020-09-01 09:37:44.140,3.383,10000
2020-09-01 09:37:44.140,3.383,2000
2020-09-01 09:37:44.140,3.383,300
2020-09-01 09:37:44.140,3.383,1200
2020-09-01 09:37:44.140,3.383,1000
2020-09-01 09:37:44.140,3.383,10000
2020-09-01 09:37:44.140,3.383,25000
2020-09-01 09:37:44.140,3.383,26600
2020-09-01 09:37:47.660,3.383,30000
2020-09-01 09:37:47.930,3.383,8400
2020-09-01 09:37:49.420,3.384,300
2020-09-01 09:37:49.850,3.383,3000
2020-09-01 09:37:49.910,3.384,800
2020-09-01 09:37:49.910,3.384,4000
2020-09-01 09:37:49.910,3.384,5200
2020-09-01 09:37:50.180,3.384,4800
2020-09-01 09:37:51.120,3.384,6200
2020-09-01 09:37:53.910,3.383,3000
2020-09-01 09:37:54.170,3.383,13000
2020-09-01 09:37:54.290,3.383,59200
2020-09-01 09:37:54.980,3.384,5000
2020-09-01 09:37:56.370,3.384,100
2020-09-01 09:37:56.390,3.383,10000
2020-09-01 09:37:57.790,3.384,3000
2020-09-01 09:37:58.440,3.383,10000
2020-09-01 09:37:58.920,3.384,30000
2020-09-01 09:37:59.750,3.384,117700
2020-09-01 09:37:59.750,3.384,33400
2020-09-01 09:37:59.750,3.384,10000
2020-09-01 09:37:59.750,3.384,700
2020-09-01 09:37:59.750,3.384,8400
2020-09-01 09:37:59.750,3.384,19200
2020-09-01 09:37:59.750,3.384,3000
2020-09-01 09:38:00.150,3.384,5000
2020-09-01 09:38:01.540,3.385,500
2020-09-01 09:38:01.540,3.385,29500
2020-09-01 09:38:02.170,3.385,40000
2020-09-01 09:38:02.390,3.384,10000
2020-09-01 09:38:02.530,3.385,300000
2020-09-01 09:38:02.530,3.384,5000
2020-09-01 09:38:02.870,3.385,65300
2020-09-01 09:38:02.870,3.385,9700
2020-09-01 09:38:03.540,3.384,5000
2020-09-01 09:38:03.540,3.385,5500
2020-09-01 09:38:03.540,3.385,2000
2020-09-01 09:38:03.540,3.386,60000
2020-09-01 09:38:03.540,3.386,8400
2020-09-01 09:38:03.540,3.386,8700
2020-09-01 09:38:03.540,3.386,15400
2020-09-01 09:38:04.230,3.386,30000
2020-09-01 09:38:05.190,3.385,100000
2020-09-01 09:38:05.910,3.385,200000
2020-09-01 09:38:05.910,3.385,30000
2020-09-01 09:38:05.910,3.385,40000
2020-09-01 09:38:05.910,3.385,230000
2020-09-01 09:38:05.910,3.385,4700
2020-09-01 09:38:09.750,3.386,2700
2020-09-01 09:38:10.480,3.386,1000
2020-09-01 09:38:12.420,3.387,30000
2020-09-01 09:38:13.170,3.387,4400
2020-09-01 09:38:13.170,3.387,11900
2020-09-01 09:38:13.870,3.386,30000
2020-09-01 09:38:13.870,3.386,20000
2020-09-01 09:38:14.070,3.387,59100
2020-09-01 09:38:14.840,3.387,500
2020-09-01 09:38:15.500,3.387,30000
2020-09-01 09:38:18.370,3.387,1400
2020-09-01 09:38:18.370,3.387,28600
2020-09-01 09:38:18.580,3.386,3000
2020-09-01 09:38:19.380,3.386,12100
2020-09-01 09:38:19.950,3.386,4900
2020-09-01 09:38:19.950,3.386,25100
2020-09-01 09:38:20.840,3.386,10000
2020-09-01 09:38:21.330,3.386,3000
2020-09-01 09:38:21.540,3.387,30000
2020-09-01 09:38:23.080,3.387,93800
2020-09-01 09:38:23.080,3.387,10000
2020-09-01 09:38:23.080,3.387,1500
2020-09-01 09:38:23.080,3.387,10000
2020-09-01 09:38:23.210,3.387,2400
2020-09-01 09:38:23.400,3.388,30000
2020-09-01 09:38:23.520,3.387,30000
2020-09-01 09:38:24.090,3.388,131300
2020-09-01 09:38:24.430,3.388,30000
2020-09-01 09:38:24.500,3.388,108700
2020-09-01 09:38:24.500,3.388,10000
2020-09-01 09:38:24.500,3.388,300
2020-09-01 09:38:24.500,3.388,100
2020-09-01 09:38:24.500,3.388,25000
2020-09-01 09:38:26.110,3.388,8200
2020-09-01 09:38:26.110,3.387,10000
2020-09-01 09:38:26.110,3.387,40000
2020-09-01 09:38:26.110,3.387,40000
2020-09-01 09:38:26.110,3.387,1800
2020-09-01 09:38:27.530,3.388,29700
2020-09-01 09:38:27.790,3.388,300
2020-09-01 09:38:27.790,3.387,5000
2020-09-01 09:38:27.790,3.387,800
2020-09-01 09:38:27.790,3.386,3900
2020-09-01 09:38:27.870,3.386,3600
2020-09-01 09:38:27.870,3.386,40000
2020-09-01 09:38:27.870,3.386,2100
2020-09-01 09:38:31.230,3.388,300
2020-09-01 09:38:32.470,3.388,300
2020-09-01 09:38:32.870,3.388,1500
2020-09-01 09:38:33.390,3.388,900
2020-09-01 09:38:33.390,3.387,200
2020-09-01 09:38:33.390,3.387,500
2020-09-01 09:38:33.390,3.387,11500
2020-09-01 09:38:35.560,3.388,15000
2020-09-01 09:38:35.560,3.387,8500
2020-09-01 09:38:35.560,3.387,6000
2020-09-01 09:38:39.060,3.386,30000
2020-09-01 09:38:39.120,3.387,500
2020-09-01 09:38:41.250,3.387,1000
2020-09-01 09:38:41.350,3.387,1400
2020-09-01 09:38:41.570,3.387,500
2020-09-01 09:38:41.800,3.387,200000
2020-09-01 09:38:42.040,3.387,100000
2020-09-01 09:38:44.230,3.386,700
2020-09-01 09:38:44.230,3.386,3400
2020-09-01 09:38:46.660,3.387,100
2020-09-01 09:38:46.980,3.386,1300
2020-09-01 09:38:47.870,3.387,5000
2020-09-01 09:38:48.320,3.386,5300
2020-09-01 09:38:50.290,3.386,4700
2020-09-01 09:38:50.290,3.387,113800
2020-09-01 09:38:51.690,3.387,20000
2020-09-01 09:38:54.780,3.387,28200
2020-09-01 09:38:54.780,3.387,1800
2020-09-01 09:38:55.360,3.387,4400
2020-09-01 09:38:56.560,3.386,10000
2020-09-01 09:38:56.560,3.386,100
2020-09-01 09:38:56.560,3.386,19900
2020-09-01 09:38:57.880,3.386,1000
2020-09-01 09:38:58.760,3.386,19100
2020-09-01 09:38:58.760,3.386,500
2020-09-01 09:38:58.760,3.386,1000
2020-09-01 09:38:58.760,3.386,58800
2020-09-01 09:39:00.520,3.386,600
2020-09-01 09:39:00.520,3.386,100
2020-09-01 09:39:03.780,3.387,3800
2020-09-01 09:39:03.780,3.387,5200
2020-09-01 09:39:03.780,3.387,800
2020-09-01 09:39:03.780,3.387,1700
2020-09-01 09:39:03.780,3.387,200
2020-09-01 09:39:05.000,3.387,100
2020-09-01 09:39:05.900,3.389,5000
2020-09-01 09:39:05.900,3.389,5600
2020-09-01 09:39:05.900,3.389,20000
2020-09-01 09:39:05.900,3.389,2600
2020-09-01 09:39:05.900,3.389,10000
2020-09-01 09:39:05.900,3.389,2100
2020-09-01 09:39:05.900,3.389,93000
2020-09-01 09:39:08.160,3.387,40000
2020-09-01 09:39:08.160,3.387,60000
2020-09-01 09:39:09.190,3.387,10000
2020-09-01 09:39:09.600,3.39,38600
2020-09-01 09:39:09.600,3.39,2000
2020-09-01 09:39:09.600,3.39,100
2020-09-01 09:39:09.600,3.39,15000
2020-09-01 09:39:09.600,3.39,1000
2020-09-01 09:39:09.600,3.39,1000
2020-09-01 09:39:09.600,3.39,50000
2020-09-01 09:39:09.600,3.39,100
2020-09-01 09:39:09.600,3.39,7000
2020-09-01 09:39:09.600,3.39,700
2020-09-01 09:39:09.600,3.39,1400
2020-09-01 09:39:09.600,3.39,10000
2020-09-01 09:39:09.600,3.39,7000
2020-09-01 09:39:09.600,3.39,100
2020-09-01 09:39:09.600,3.39,200
2020-09-01 09:39:09.600,3.39,24000
2020-09-01 09:39:13.490,3.39,300
2020-09-01 09:39:14.780,3.39,30000
2020-09-01 09:39:17.320,3.389,2500
2020-09-01 09:39:17.320,3.389,18100
2020-09-01 09:39:19.540,3.389,5000
2020-09-01 09:39:20.440,3.39,4000
2020-09-01 09:39:21.360,3.39,200
2020-09-01 09:39:22.680,3.389,200
2020-09-01 09:39:23.060,3.389,20000
2020-09-01 09:39:24.890,3.39,3500
2020-09-01 09:39:25.540,3.389,8000
2020-09-01 09:39:26.410,3.389,2800
2020-09-01 09:39:27.330,3.39,65200
2020-09-01 09:39:27.330,3.39,3000
2020-09-01 09:39:27.330,3.39,31800
2020-09-01 09:39:28.600,3.389,200
2020-09-01 09:39:28.730,3.389,77000
2020-09-01 09:39:29.140,3.39,1000
2020-09-01 09:39:29.230,3.389,100000
2020-09-01 09:39:32.010,3.39,500
2020-09-01 09:39:32.250,3.389,15800
2020-09-01 09:39:32.600,3.39,60000
2020-09-01 09:39:32.850,3.389,700
2020-09-01 09:39:33.710,3.389,100
2020-09-01 09:39:33.710,3.39,100
2020-09-01 09:39:33.870,3.39,300
2020-09-01 09:39:35.750,3.389,1900
2020-09-01 09:39:37.930,3.39,100
2020-09-01 09:39:38.510,3.39,6200
2020-09-01 09:39:38.510,3.39,3400
2020-09-01 09:39:38.510,3.39,2900
2020-09-01 09:39:38.510,3.39,2000
2020-09-01 09:39:38.510,3.39,5000
2020-09-01 09:39:38.510,3.39,80500
2020-09-01 09:39:39.270,3.39,500
2020-09-01 09:39:41.270,3.389,2000
2020-09-01 09:39:41.870,3.39,19000
2020-09-01 09:39:44.090,3.39,4000
2020-09-01 09:39:44.090,3.39,13600
2020-09-01 09:39:46.220,3.39,200
2020-09-01 09:39:47.010,3.39,1000
2020-09-01 09:39:47.010,3.39,9000
2020-09-01 09:39:47.010,3.39,100
2020-09-01 09:39:47.010,3.389,19900
2020-09-01 09:39:48.050,3.389,1700
2020-09-01 09:39:48.390,3.39,500
2020-09-01 09:39:48.890,3.39,1000
2020-09-01 09:39:50.240,3.389,26600
2020-09-01 09:39:50.240,3.389,1000
2020-09-01 09:39:50.240,3.389,1000
2020-09-01 09:39:50.240,3.389,200
2020-09-01 09:39:50.240,3.389,12600
2020-09-01 09:39:51.700,3.39,500
2020-09-01 09:39:51.700,3.39,1000
2020-09-01 09:39:51.700,3.39,80400
2020-09-01 09:39:52.390,3.391,3100
2020-09-01 09:39:53.140,3.39,1000
2020-09-01 09:39:54.460,3.391,400
2020-09-01 09:39:54.460,3.391,3100
2020-09-01 09:39:54.460,3.391,3100
2020-09-01 09:39:54.460,3.391,3100
2020-09-01 09:39:54.460,3.391,300
2020-09-01 09:39:54.860,3.391,300
2020-09-01 09:39:55.280,3.391,6400
2020-09-01 09:39:55.280,3.391,200
2020-09-01 09:39:55.280,3.391,300
2020-09-01 09:39:55.280,3.391,100
2020-09-01 09:39:55.280,3.391,2000
2020-09-01 09:39:55.280,3.391,291000
2020-09-01 09:39:55.490,3.39,700
2020-09-01 09:39:55.990,3.391,40000
2020-09-01 09:39:57.180,3.39,5000
2020-09-01 09:39:57.330,3.391,2000
2020-09-01 09:39:57.330,3.392,300
2020-09-01 09:39:57.330,3.392,7700
2020-09-01 09:40:06.100,3.392,1300
2020-09-01 09:40:06.100,3.392,5000
2020-09-01 09:40:06.100,3.392,6000
2020-09-01 09:40:06.100,3.392,7700
2020-09-01 09:40:06.270,3.391,800
2020-09-01 09:40:06.270,3.391,400
2020-09-01 09:40:06.270,3.391,600
2020-09-01 09:40:07.270,3.392,5000
2020-09-01 09:40:10.480,3.391,14400
2020-09-01 09:40:10.480,3.391,400
2020-09-01 09:40:10.480,3.391,10000
2020-09-01 09:40:11.250,3.39,100000
2020-09-01 09:40:11.500,3.391,9100
2020-09-01 09:40:12.140,3.391,7000
2020-09-01 09:40:13.520,3.391,100
2020-09-01 09:40:17.530,3.39,3300
2020-09-01 09:40:20.730,3.39,50000
2020-09-01 09:40:21.700,3.39,1700
2020-09-01 09:40:21.860,3.391,10000
2020-09-01 09:40:21.860,3.391,93800
2020-09-01 09:40:22.930,3.391,30000
2020-09-01 09:40:24.750,3.39,3000
2020-09-01 09:40:26.530,3.39,200
2020-09-01 09:40:26.680,3.391,100
2020-09-01 09:40:26.770,3.391,2000
2020-09-01 09:40:28.620,3.39,16200
2020-09-01 09:40:28.620,3.39,600
2020-09-01 09:40:28.620,3.39,200
2020-09-01 09:40:28.620,3.39,40000
2020-09-01 09:40:28.620,3.39,14500
2020-09-01 09:40:29.030,3.391,70000
2020-09-01 09:40:31.270,3.391,10000
2020-09-01 09:40:32.320,3.39,100000
2020-09-01 09:40:35.140,3.391,18600
2020-09-01 09:40:35.450,3.391,2900
2020-09-01 09:40:35.920,3.391,21600
2020-09-01 09:40:35.920,3.391,1000
2020-09-01 09:40:35.920,3.391,1000
2020-09-01 09:40:35.920,3.391,11800
2020-09-01 09:40:35.920,3.391,54000
2020-09-01 09:40:35.920,3.391,500
2020-09-01 09:40:35.920,3.391,1400
2020-09-01 09:40:35.920,3.391,20000
2020-09-01 09:40:39.930,3.391,500
2020-09-01 09:40:40.980,3.391,1500
2020-09-01 09:40:40.980,3.391,5000
2020-09-01 09:40:40.980,3.391,8700
2020-09-01 09:40:40.980,3.391,1000
2020-09-01 09:40:40.980,3.391,800
2020-09-01 09:40:40.980,3.391,2900
2020-09-01 09:40:41.580,3.391,100
2020-09-01 09:40:43.930,3.391,200
2020-09-01 09:40:44.900,3.391,1000
2020-09-01 09:40:44.900,3.391,9000
2020-09-01 09:40:45.110,3.391,1000
2020-09-01 09:40:45.590,3.391,9000
2020-09-01 09:40:45.590,3.391,2000
2020-09-01 09:40:45.590,3.391,86600
2020-09-01 09:40:45.860,3.391,5000
2020-09-01 09:40:46.950,3.391,6000
2020-09-01 09:40:49.460,3.391,100
2020-09-01 09:40:49.460,3.392,7300
2020-09-01 09:40:49.460,3.392,7000
2020-09-01 09:40:49.460,3.392,1500
2020-09-01 09:40:49.460,3.392,100
2020-09-01 09:40:49.460,3.392,50000
2020-09-01 09:40:49.460,3.392,500
2020-09-01 09:40:49.460,3.392,2000
2020-09-01 09:40:49.460,3.392,30000
2020-09-01 09:40:50.080,3.393,3100
2020-09-01 09:40:50.080,3.393,3100
2020-09-01 09:40:50.080,3.393,3100
2020-09-01 09:40:50.080,3.393,500
2020-09-01 09:40:50.080,3.393,7000
2020-09-01 09:40:50.080,3.393,10000
2020-09-01 09:40:50.080,3.393,100
2020-09-01 09:40:50.080,3.393,6900
2020-09-01 09:40:50.080,3.393,1000
2020-09-01 09:40:50.080,3.393,3000
2020-09-01 09:40:50.080,3.393,12200
2020-09-01 09:40:50.800,3.392,4900
2020-09-01 09:40:51.070,3.392,1600
2020-09-01 09:40:51.470,3.393,300000
2020-09-01 09:40:53.100,3.392,7600
2020-09-01 09:40:53.100,3.392,6300
2020-09-01 09:40:53.260,3.392,33700
2020-09-01 09:40:53.260,3.392,30000
2020-09-01 09:40:53.260,3.391,25400
2020-09-01 09:40:53.260,3.391,10900
2020-09-01 09:40:54.000,3.391,1200
2020-09-01 09:40:54.990,3.391,500
2020-09-01 09:40:56.310,3.392,1000
2020-09-01 09:40:56.310,3.392,7000
2020-09-01 09:40:56.820,3.393,10000
2020-09-01 09:40:57.370,3.393,300
2020-09-01 09:40:58.490,3.393,1000
2020-09-01 09:41:01.580,3.394,2700
2020-09-01 09:41:01.580,3.394,500
2020-09-01 09:41:01.580,3.394,100
2020-09-01 09:41:01.580,3.394,1100
2020-09-01 09:41:01.580,3.394,900
2020-09-01 09:41:01.580,3.394,500
2020-09-01 09:41:01.580,3.394,1700
2020-09-01 09:41:01.580,3.394,2500
2020-09-01 09:41:02.360,3.393,2000
2020-09-01 09:41:03.940,3.394,1000
2020-09-01 09:41:05.960,3.394,30100
2020-09-01 09:41:05.960,3.394,100
2020-09-01 09:41:05.960,3.394,1000
2020-09-01 09:41:05.960,3.394,6000
2020-09-01 09:41:05.960,3.394,2800
2020-09-01 09:41:06.040,3.394,7200
2020-09-01 09:41:06.040,3.394,7000
2020-09-01 09:41:06.040,3.394,4900
2020-09-01 09:41:06.040,3.394,100
2020-09-01 09:41:06.040,3.394,5000
2020-09-01 09:41:06.040,3.394,50000
2020-09-01 09:41:06.040,3.394,100
2020-09-01 09:41:06.040,3.394,10000
2020-09-01 09:41:06.040,3.394,100
2020-09-01 09:41:06.040,3.394,300
2020-09-01 09:41:06.250,3.394,1500
2020-09-01 09:41:07.610,3.395,1700
2020-09-01 09:41:07.610,3.395,100
2020-09-01 09:41:07.610,3.395,100
2020-09-01 09:41:07.610,3.395,100
2020-09-01 09:41:07.610,3.395,3100
2020-09-01 09:41:07.610,3.395,500
2020-09-01 09:41:07.610,3.395,3100
2020-09-01 09:41:07.610,3.395,2900
2020-09-01 09:41:07.610,3.395,3100
2020-09-01 09:41:07.610,3.395,100
2020-09-01 09:41:07.610,3.395,3100
2020-09-01 09:41:07.610,3.395,7000
2020-09-01 09:41:07.610,3.395,5000
2020-09-01 09:41:07.610,3.395,100
2020-09-01 09:41:07.610,3.395,1000
2020-09-01 09:41:07.610,3.395,200
2020-09-01 09:41:07.610,3.395,39400
2020-09-01 09:41:07.610,3.395,3800
2020-09-01 09:41:07.610,3.395,100
2020-09-01 09:41:07.610,3.395,500
2020-09-01 09:41:07.610,3.395,100
2020-09-01 09:41:07.610,3.395,1300
2020-09-01 09:41:07.610,3.395,1000
2020-09-01 09:41:07.610,3.395,10000
2020-09-01 09:41:07.610,3.395,700
2020-09-01 09:41:07.610,3.395,200
2020-09-01 09:41:07.610,3.395,10000
2020-09-01 09:41:08.500,3.395,84900
2020-09-01 09:41:09.720,3.396,7000
2020-09-01 09:41:09.720,3.396,40000
2020-09-01 09:41:09.720,3.396,6000
2020-09-01 09:41:09.720,3.396,1000
2020-09-01 09:41:09.720,3.396,1000
2020-09-01 09:41:09.720,3.396,500
2020-09-01 09:41:09.720,3.396,100
2020-09-01 09:41:09.720,3.396,1000
2020-09-01 09:41:09.720,3.396,100
2020-09-01 09:41:09.720,3.396,50000
2020-09-01 09:41:09.720,3.396,93000
2020-09-01 09:41:11.120,3.395,2000
2020-09-01 09:41:12.000,3.396,4900
2020-09-01 09:41:12.740,3.397,7000
2020-09-01 09:41:12.740,3.397,2200
2020-09-01 09:41:13.220,3.395,20000
2020-09-01 09:41:14.310,3.396,2000
2020-09-01 09:41:14.310,3.395,81200
2020-09-01 09:41:15.090,3.395,1500
2020-09-01 09:41:15.220,3.397,100
2020-09-01 09:41:15.660,3.397,300
2020-09-01 09:41:16.610,3.397,500
2020-09-01 09:41:16.610,3.397,2500
2020-09-01 09:41:18.860,3.397,200
2020-09-01 09:41:18.860,3.397,400
2020-09-01 09:41:18.860,3.397,2500
2020-09-01 09:41:18.900,3.395,12100
2020-09-01 09:41:18.900,3.395,2000
2020-09-01 09:41:18.900,3.395,15900
2020-09-01 09:41:20.480,3.397,600
2020-09-01 09:41:20.480,3.397,1400
2020-09-01 09:41:20.510,3.395,3000
2020-09-01 09:41:20.550,3.395,100
2020-09-01 09:41:22.670,3.397,18600
2020-09-01 09:41:22.670,3.397,1000
2020-09-01 09:41:22.670,3.397,500
2020-09-01 09:41:22.670,3.397,100
2020-09-01 09:41:22.670,3.397,2000
2020-09-01 09:41:22.670,3.397,50000
2020-09-01 09:41:22.670,3.397,227800
2020-09-01 09:41:22.670,3.397,200
2020-09-01 09:41:23.300,3.397,5000
2020-09-01 09:41:24.420,3.397,300
2020-09-01 09:41:24.480,3.396,35000
2020-09-01 09:41:26.380,3.397,30000
2020-09-01 09:41:27.400,3.396,15000
2020-09-01 09:41:27.460,3.397,186700
2020-09-01 09:41:27.460,3.397,29700
2020-09-01 09:41:27.820,3.397,800
2020-09-01 09:41:28.390,3.397,12000
2020-09-01 09:41:28.570,3.397,9000
2020-09-01 09:41:29.240,3.397,61800
2020-09-01 09:41:29.240,3.397,1000
2020-09-01 09:41:29.240,3.397,112000
2020-09-01 09:41:30.290,3.397,125200
2020-09-01 09:41:30.290,3.398,7000
2020-09-01 09:41:30.290,3.398,6000
2020-09-01 09:41:30.290,3.398,1000
2020-09-01 09:41:30.290,3.398,100
2020-09-01 09:41:30.290,3.398,3600
2020-09-01 09:41:30.290,3.398,100
2020-09-01 09:41:30.290,3.398,3000
2020-09-01 09:41:30.290,3.398,2000
2020-09-01 09:41:31.580,3.397,1000
2020-09-01 09:41:33.000,3.397,2900
2020-09-01 09:41:33.000,3.397,5000
2020-09-01 09:41:33.000,3.396,10000
2020-09-01 09:41:33.000,3.396,2200
2020-09-01 09:41:33.440,3.396,1500
2020-09-01 09:41:33.760,3.395,2000
2020-09-01 09:41:34.780,3.396,2900
2020-09-01 09:41:35.210,3.395,500
2020-09-01 09:41:35.330,3.396,5500
2020-09-01 09:41:35.330,3.397,2400
2020-09-01 09:41:36.120,3.397,3000
2020-09-01 09:41:37.470,3.397,9100
2020-09-01 09:41:37.690,3.397,40900
2020-09-01 09:41:37.690,3.398,169100
2020-09-01 09:41:38.540,3.397,10000
2020-09-01 09:41:40.160,3.397,71000
2020-09-01 09:41:42.950,3.395,200
2020-09-01 09:41:43.810,3.397,100
2020-09-01 09:41:47.360,3.397,10000
2020-09-01 09:41:47.810,3.396,200
2020-09-01 09:41:48.450,3.396,400
2020-09-01 09:41:48.730,3.397,200
2020-09-01 09:41:49.340,3.397,30000
2020-09-01 09:41:50.000,3.397,4500
2020-09-01 09:41:51.340,3.396,400
2020-09-01 09:41:51.340,3.396,600
2020-09-01 09:41:51.340,3.396,600
2020-09-01 09:41:53.680,3.396,1400
2020-09-01 09:41:55.490,3.396,7000
2020-09-01 09:41:55.490,3.396,23000
2020-09-01 09:41:55.770,3.396,1200
2020-09-01 09:41:55.890,3.395,800
2020-09-01 09:41:55.890,3.395,2300
2020-09-01 09:41:55.890,3.395,800
2020-09-01 09:41:55.890,3.395,500
2020-09-01 09:41:55.890,3.395,10000
2020-09-01 09:41:55.890,3.394,30200
2020-09-01 09:41:57.160,3.396,3000
2020-09-01 09:41:57.280,3.396,50000
2020-09-01 09:41:59.500,3.396,10000
2020-09-01 09:41:59.500,3.396,10900
2020-09-01 09:41:59.500,3.396,8000
2020-09-01 09:41:59.500,3.396,14000
2020-09-01 09:41:59.560,3.396,20000
2020-09-01 09:42:01.140,3.397,174200
2020-09-01 09:42:01.140,3.397,50000
2020-09-01 09:42:01.140,3.397,10000
2020-09-01 09:42:01.140,3.397,65800
2020-09-01 09:42:01.200,3.396,3000
2020-09-01 09:42:02.280,3.396,5000
2020-09-01 09:42:02.430,3.396,1500
2020-09-01 09:42:03.510,3.396,31100
2020-09-01 09:42:05.640,3.396,20000
2020-09-01 09:42:05.930,3.396,30000
2020-09-01 09:42:07.250,3.396,76500
2020-09-01 09:42:07.250,3.396,100
2020-09-01 09:42:07.250,3.396,200000
2020-09-01 09:42:07.250,3.396,1000
2020-09-01 09:42:08.270,3.396,5000
2020-09-01 09:42:08.660,3.396,100
2020-09-01 09:42:09.190,3.396,1000
2020-09-01 09:42:10.500,3.396,1300
2020-09-01 09:42:11.500,3.396,30000
2020-09-01 09:42:13.220,3.396,700
2020-09-01 09:42:13.280,3.396,10000
2020-09-01 09:42:13.540,3.395,100
2020-09-01 09:42:14.610,3.395,1200
2020-09-01 09:42:15.560,3.396,700
2020-09-01 09:42:16.600,3.396,2000
2020-09-01 09:42:18.260,3.396,100
2020-09-01 09:42:19.870,3.396,8800
2020-09-01 09:42:20.210,3.396,2000
2020-09-01 09:42:20.600,3.396,5000
2020-09-01 09:42:21.880,3.396,2000
2020-09-01 09:42:21.880,3.395,3000
2020-09-01 09:42:22.030,3.396,153700
2020-09-01 09:42:22.030,3.396,1000
2020-09-01 09:42:22.030,3.396,200
2020-09-01 09:42:22.030,3.396,300
2020-09-01 09:42:22.030,3.396,500
2020-09-01 09:42:23.190,3.396,100
2020-09-01 09:42:23.600,3.396,1000
2020-09-01 09:42:23.980,3.396,5000
2020-09-01 09:42:24.590,3.396,2000
2020-09-01 09:42:24.870,3.397,7500
2020-09-01 09:42:24.870,3.397,4400
2020-09-01 09:42:26.530,3.396,1100
2020-09-01 09:42:31.640,3.397,600
2020-09-01 09:42:31.640,3.397,100
2020-09-01 09:42:31.640,3.397,300
2020-09-01 09:42:33.380,3.396,35100
2020-09-01 09:42:33.380,3.396,10000
2020-09-01 09:42:33.380,3.396,15000
2020-09-01 09:42:33.380,3.396,5700
2020-09-01 09:42:33.380,3.396,200
2020-09-01 09:42:33.600,3.395,5700
2020-09-01 09:42:33.600,3.395,8200
2020-09-01 09:42:33.880,3.396,2600
2020-09-01 09:42:34.220,3.396,200
2020-09-01 09:42:34.930,3.396,31400
2020-09-01 09:42:35.530,3.396,200
2020-09-01 09:42:35.620,3.396,300
2020-09-01 09:42:35.650,3.396,500
2020-09-01 09:42:35.860,3.396,100
2020-09-01 09:42:36.620,3.396,2000
2020-09-01 09:42:37.030,3.395,600
2020-09-01 09:42:38.630,3.396,200
2020-09-01 09:42:39.750,3.396,400
2020-09-01 09:42:39.750,3.396,300
2020-09-01 09:42:41.270,3.396,300
2020-09-01 09:42:42.620,3.396,400
2020-09-01 09:42:42.620,3.396,40
2020-09-01 09:42:42.620,3.396,3700
2020-09-01 09:42:42.620,3.396,100
2020-09-01 09:42:42.620,3.397,5760
2020-09-01 09:42:44.470,3.396,5000
2020-09-01 09:42:44.980,3.396,700
2020-09-01 09:42:45.110,3.396,2900
2020-09-01 09:42:45.600,3.396,600
2020-09-01 09:42:48.390,3.396,20000
2020-09-01 09:42:50.460,3.396,200
2020-09-01 09:42:51.910,3.396,9000
2020-09-01 09:42:52.090,3.396,5000
2020-09-01 09:42:52.360,3.395,3400
2020-09-01 09:42:52.360,3.395,200
2020-09-01 09:42:52.360,3.395,400
2020-09-01 09:42:52.980,3.396,56600
2020-09-01 09:42:52.980,3.396,243400
2020-09-01 09:42:52.980,3.396,10600
2020-09-01 09:42:52.980,3.396,289400
2020-09-01 09:42:53.070,3.396,5000
2020-09-01 09:42:53.170,3.396,1000
2020-09-01 09:42:53.940,3.396,50300
2020-09-01 09:42:54.520,3.395,100
2020-09-01 09:42:55.430,3.396,100
2020-09-01 09:42:55.900,3.396,154200
2020-09-01 09:42:55.900,3.396,145800
2020-09-01 09:42:56.380,3.396,154200
2020-09-01 09:42:56.380,3.396,10000
2020-09-01 09:42:57.040,3.397,3440
2020-09-01 09:42:57.040,3.397,5100
2020-09-01 09:42:57.040,3.397,27000
2020-09-01 09:42:57.040,3.397,6100
2020-09-01 09:42:57.040,3.397,6000
2020-09-01 09:42:57.040,3.397,5000
2020-09-01 09:42:57.040,3.397,247360
2020-09-01 09:43:00.360,3.396,5000
2020-09-01 09:43:02.170,3.396,12800
2020-09-01 09:43:03.530,3.396,71600
2020-09-01 09:43:05.110,3.397,1000
2020-09-01 09:43:05.110,3.397,2100
2020-09-01 09:43:05.350,3.397,300
2020-09-01 09:43:09.760,3.397,1100
2020-09-01 09:43:09.760,3.397,900
2020-09-01 09:43:09.850,3.396,200
2020-09-01 09:43:10.470,3.397,1000
2020-09-01 09:43:13.280,3.396,10000
2020-09-01 09:43:13.310,3.397,20700
2020-09-01 09:43:13.620,3.397,1000
2020-09-01 09:43:13.650,3.397,76400
2020-09-01 09:43:13.650,3.397,3200
2020-09-01 09:43:13.650,3.397,10000
2020-09-01 09:43:13.650,3.397,10000
2020-09-01 09:43:13.650,3.397,100000
2020-09-01 09:43:13.650,3.397,3000
2020-09-01 09:43:13.650,3.397,5000
2020-09-01 09:43:16.200,3.397,53240
2020-09-01 09:43:17.880,3.397,6000
2020-09-01 09:43:18.100,3.397,30000
2020-09-01 09:43:18.550,3.398,300
2020-09-01 09:43:18.550,3.398,9700
2020-09-01 09:43:19.160,3.397,3160
2020-09-01 09:43:21.940,3.396,2000
2020-09-01 09:43:22.310,3.397,1000
2020-09-01 09:43:22.530,3.397,1500
2020-09-01 09:43:22.710,3.397,15000
2020-09-01 09:43:22.770,3.397,10000
2020-09-01 09:43:25.370,3.397,1400
2020-09-01 09:43:29.140,3.396,900
2020-09-01 09:43:30.470,3.397,2000
2020-09-01 09:43:32.960,3.396,1000
2020-09-01 09:43:34.290,3.397,300
2020-09-01 09:43:34.940,3.396,5300
2020-09-01 09:43:35.050,3.397,210000
2020-09-01 09:43:35.080,3.397,3600
2020-09-01 09:43:37.230,3.396,7500
2020-09-01 09:43:37.260,3.397,2000
2020-09-01 09:43:38.350,3.397,3000
2020-09-01 09:43:42.020,3.397,300
2020-09-01 09:43:42.100,3.397,100
2020-09-01 09:43:42.580,3.397,6000
2020-09-01 09:43:43.040,3.397,1100
2020-09-01 09:43:43.680,3.397,20000
2020-09-01 09:43:44.000,3.397,3000
2020-09-01 09:43:47.310,3.397,400
2020-09-01 09:43:47.380,3.396,100
2020-09-01 09:43:47.980,3.397,300
2020-09-01 09:43:50.510,3.397,15840
2020-09-01 09:43:50.510,3.397,73300
2020-09-01 09:43:50.510,3.397,15000
2020-09-01 09:43:50.510,3.397,10000
2020-09-01 09:43:50.510,3.397,500
2020-09-01 09:43:50.510,3.397,28400
2020-09-01 09:43:50.510,3.397,27000
2020-09-01 09:43:50.510,3.397,1000
2020-09-01 09:43:50.510,3.397,78960
2020-09-01 09:43:50.920,3.396,11900
2020-09-01 09:43:51.990,3.396,7500
2020-09-01 09:43:51.990,3.396,1600
2020-09-01 09:43:51.990,3.396,121800
2020-09-01 09:43:53.890,3.396,1000
2020-09-01 09:43:54.220,3.396,3000
2020-09-01 09:43:54.630,3.397,30000
2020-09-01 09:43:55.050,3.396,20000
2020-09-01 09:43:55.140,3.397,44600
2020-09-01 09:43:55.290,3.397,4000
2020-09-01 09:43:56.080,3.397,200
2020-09-01 09:43:57.650,3.396,2000
2020-09-01 09:43:58.370,3.396,100
2020-09-01 09:44:01.030,3.396,10000
2020-09-01 09:44:02.480,3.397,1600
2020-09-01 09:44:02.750,3.397,20000
2020-09-01 09:44:04.850,3.396,200
2020-09-01 09:44:05.360,3.396,600
2020-09-01 09:44:05.420,3.396,5900
2020-09-01 09:44:07.260,3.396,5000
2020-09-01 09:44:07.660,3.397,5900
2020-09-01 09:44:09.120,3.396,10000
2020-09-01 09:44:09.560,3.397,1000
2020-09-01 09:44:12.000,3.396,40000
2020-09-01 09:44:12.780,3.397,300
2020-09-01 09:44:12.840,3.397,600
2020-09-01 09:44:13.470,3.396,100
2020-09-01 09:44:14.680,3.396,10000
2020-09-01 09:44:15.020,3.397,77840
2020-09-01 09:44:15.020,3.397,5000
2020-09-01 09:44:15.020,3.397,10000
2020-09-01 09:44:15.020,3.397,3000
2020-09-01 09:44:15.020,3.397,3000
2020-09-01 09:44:15.020,3.397,2500
2020-09-01 09:44:15.020,3.397,4600
2020-09-01 09:44:15.020,3.397,1000
2020-09-01 09:44:15.020,3.397,2000
2020-09-01 09:44:15.020,3.397,20000
2020-09-01 09:44:15.020,3.397,50000
2020-09-01 09:44:15.020,3.397,83600
2020-09-01 09:44:15.020,3.397,3800
2020-09-01 09:44:15.020,3.397,3100
2020-09-01 09:44:19.110,3.397,4900
2020-09-01 09:44:19.290,3.397,25660
2020-09-01 09:44:19.290,3.397,1700
2020-09-01 09:44:19.290,3.397,1300
2020-09-01 09:44:19.410,3.397,900
2020-09-01 09:44:23.380,3.396,500
2020-09-01 09:44:26.770,3.397,2100
2020-09-01 09:44:27.110,3.397,7000
2020-09-01 09:44:27.700,3.396,50000
2020-09-01 09:44:28.020,3.397,2800
2020-09-01 09:44:28.020,3.397,1900
2020-09-01 09:44:28.430,3.397,8100
2020-09-01 09:44:30.670,3.397,1000
2020-09-01 09:44:32.530,3.397,5000
2020-09-01 09:44:32.600,3.398,300
2020-09-01 09:44:32.600,3.398,5000
2020-09-01 09:44:32.600,3.398,14700
2020-09-01 09:44:39.570,3.398,1400
2020-09-01 09:44:40.330,3.398,700
2020-09-01 09:44:40.630,3.398,33200
2020-09-01 09:44:40.630,3.398,300
2020-09-01 09:44:40.630,3.398,16200
2020-09-01 09:44:41.430,3.398,100000
2020-09-01 09:44:41.490,3.398,300000
2020-09-01 09:44:43.300,3.397,300
2020-09-01 09:44:43.770,3.397,200
2020-09-01 09:44:43.900,3.398,1000
2020-09-01 09:44:45.770,3.397,285400
2020-09-01 09:44:45.770,3.397,14800
2020-09-01 09:44:46.600,3.398,23000
2020-09-01 09:44:48.600,3.398,100
2020-09-01 09:44:49.260,3.398,5000
2020-09-01 09:44:50.120,3.398,10000
2020-09-01 09:44:51.120,3.398,100
2020-09-01 09:44:51.310,3.397,5200
2020-09-01 09:44:51.310,3.397,1000
2020-09-01 09:44:51.310,3.397,200000
2020-09-01 09:44:51.310,3.397,200
2020-09-01 09:44:51.900,3.396,15000
2020-09-01 09:44:52.120,3.397,10000
2020-09-01 09:44:53.530,3.397,200
2020-09-01 09:44:54.590,3.397,5000
2020-09-01 09:44:56.900,3.397,600
2020-09-01 09:44:58.980,3.397,1000
2020-09-01 09:45:02.130,3.396,700
2020-09-01 09:45:04.290,3.397,9700
2020-09-01 09:45:06.560,3.396,4100
2020-09-01 09:45:06.560,3.396,1000
2020-09-01 09:45:06.560,3.396,500
2020-09-01 09:45:06.560,3.396,3000
2020-09-01 09:45:06.560,3.396,5000
2020-09-01 09:45:06.560,3.396,100
2020-09-01 09:45:06.560,3.396,300
2020-09-01 09:45:06.560,3.396,16000
2020-09-01 09:45:07.010,3.397,15400
2020-09-01 09:45:07.330,3.397,3000
2020-09-01 09:45:07.500,3.396,4000
2020-09-01 09:45:07.500,3.396,100
2020-09-01 09:45:07.500,3.396,100
2020-09-01 09:45:07.500,3.396,30000
2020-09-01 09:45:07.500,3.396,100
2020-09-01 09:45:07.500,3.396,5000
2020-09-01 09:45:07.500,3.396,2000
2020-09-01 09:45:07.500,3.396,21000
2020-09-01 09:45:07.500,3.396,25000
2020-09-01 09:45:07.500,3.396,30000
2020-09-01 09:45:07.500,3.396,40000
2020-09-01 09:45:07.500,3.396,50000
2020-09-01 09:45:07.500,3.396,92700
2020-09-01 09:45:08.980,3.397,4000
2020-09-01 09:45:12.080,3.397,44700
2020-09-01 09:45:12.080,3.397,2500
2020-09-01 09:45:12.080,3.397,252800
2020-09-01 09:45:12.110,3.397,21000
2020-09-01 09:45:12.570,3.397,300000
2020-09-01 09:45:12.600,3.397,30000
2020-09-01 09:45:12.980,3.396,10000
2020-09-01 09:45:13.150,3.397,3000
2020-09-01 09:45:13.600,3.397,300000
2020-09-01 09:45:14.050,3.397,1000
2020-09-01 09:45:14.380,3.396,300
2020-09-01 09:45:15.560,3.397,30000
2020-09-01 09:45:16.420,3.397,700
2020-09-01 09:45:17.490,3.397,15000
2020-09-01 09:45:19.030,3.397,15000
2020-09-01 09:45:23.290,3.397,2700
2020-09-01 09:45:23.540,3.397,300
2020-09-01 09:45:23.540,3.397,28500
2020-09-01 09:45:23.540,3.397,20000
2020-09-01 09:45:23.540,3.397,5800
2020-09-01 09:45:23.540,3.397,19000
2020-09-01 09:45:24.350,3.397,200
2020-09-01 09:45:25.520,3.397,800
2020-09-01 09:45:25.520,3.397,300
2020-09-01 09:45:25.520,3.397,500
2020-09-01 09:45:25.520,3.397,400
2020-09-01 09:45:25.810,3.397,100
2020-09-01 09:45:27.060,3.397,400
2020-09-01 09:45:28.430,3.397,100
2020-09-01 09:45:29.150,3.396,1500
2020-09-01 09:45:31.890,3.397,100
2020-09-01 09:45:32.880,3.397,8900
2020-09-01 09:45:32.880,3.397,32400
2020-09-01 09:45:32.880,3.397,958700
2020-09-01 09:45:33.340,3.396,8500
2020-09-01 09:45:33.340,3.396,73300
2020-09-01 09:45:33.340,3.396,20000
2020-09-01 09:45:33.340,3.396,20000
2020-09-01 09:45:33.340,3.396,10000
2020-09-01 09:45:33.340,3.396,20000
2020-09-01 09:45:34.610,3.396,10000
2020-09-01 09:45:35.240,3.396,6000
2020-09-01 09:45:35.720,3.396,16600
2020-09-01 09:45:35.780,3.396,2000
2020-09-01 09:45:38.320,3.395,4500
2020-09-01 09:45:38.320,3.395,1200
2020-09-01 09:45:38.690,3.396,10000
2020-09-01 09:45:38.730,3.395,1300
2020-09-01 09:45:38.730,3.395,5000
2020-09-01 09:45:38.730,3.395,3700
2020-09-01 09:45:39.430,3.396,600
2020-09-01 09:45:39.850,3.396,600
2020-09-01 09:45:40.060,3.395,300
2020-09-01 09:45:40.060,3.395,5000
2020-09-01 09:45:40.060,3.395,3300
2020-09-01 09:45:40.060,3.395,100400
2020-09-01 09:45:40.060,3.395,900
2020-09-01 09:45:40.060,3.395,3000
2020-09-01 09:45:40.060,3.395,3000
2020-09-01 09:45:40.060,3.395,2900
2020-09-01 09:45:40.060,3.395,5000
2020-09-01 09:45:40.060,3.395,10000
2020-09-01 09:45:40.060,3.395,500
2020-09-01 09:45:40.060,3.395,5800
2020-09-01 09:45:40.060,3.395,5000
2020-09-01 09:45:40.060,3.395,4000
2020-09-01 09:45:40.060,3.395,2900
2020-09-01 09:45:40.060,3.395,100
2020-09-01 09:45:40.060,3.395,5500
2020-09-01 09:45:40.060,3.395,5000
2020-09-01 09:45:40.060,3.395,8800
2020-09-01 09:45:40.060,3.395,1200
2020-09-01 09:45:40.060,3.395,1000
2020-09-01 09:45:40.060,3.395,5000
2020-09-01 09:45:40.060,3.395,600
2020-09-01 09:45:40.060,3.395,2800
2020-09-01 09:45:41.380,3.395,1000
2020-09-01 09:45:46.730,3.395,30000
2020-09-01 09:45:46.940,3.395,87000
2020-09-01 09:45:46.940,3.395,10000
2020-09-01 09:45:47.990,3.396,802400
2020-09-01 09:45:47.990,3.396,197600
2020-09-01 09:45:48.790,3.396,63740
2020-09-01 09:45:48.790,3.396,7100
2020-09-01 09:45:48.790,3.396,132160
2020-09-01 09:45:49.760,3.395,3000
2020-09-01 09:45:55.790,3.395,200
2020-09-01 09:45:55.860,3.395,100
2020-09-01 09:45:57.480,3.395,1000
2020-09-01 09:45:58.820,3.396,300
2020-09-01 09:45:58.820,3.396,700
2020-09-01 09:46:01.800,3.395,900
2020-09-01 09:46:01.800,3.395,10000
2020-09-01 09:46:01.800,3.395,600
2020-09-01 09:46:02.550,3.396,5500
2020-09-01 09:46:02.550,3.396,4000
2020-09-01 09:46:02.550,3.396,500
2020-09-01 09:46:02.550,3.397,41300
2020-09-01 09:46:02.550,3.397,948700
2020-09-01 09:46:07.060,3.396,200
2020-09-01 09:46:07.060,3.396,200000
2020-09-01 09:46:07.520,3.396,147500
2020-09-01 09:46:08.180,3.396,300
2020-09-01 09:46:13.380,3.397,51300
2020-09-01 09:46:13.380,3.397,200000
2020-09-01 09:46:13.380,3.397,4000
2020-09-01 09:46:13.380,3.397,300000
2020-09-01 09:46:13.380,3.397,300000
2020-09-01 09:46:13.380,3.397,144700
2020-09-01 09:46:13.880,3.396,3031
2020-09-01 09:46:14.970,3.396,20000
2020-09-01 09:46:16.490,3.396,1000
2020-09-01 09:46:16.630,3.396,2000
2020-09-01 09:46:23.740,3.396,37300
2020-09-01 09:46:23.740,3.396,20000
2020-09-01 09:46:24.140,3.397,300
2020-09-01 09:46:26.090,3.397,155000
2020-09-01 09:46:26.090,3.397,145000
2020-09-01 09:46:27.240,3.397,155000
2020-09-01 09:46:27.240,3.397,50000
2020-09-01 09:46:29.020,3.397,100
2020-09-01 09:46:32.980,3.398,31300
2020-09-01 09:46:34.650,3.398,1000
2020-09-01 09:46:38.290,3.398,12300
2020-09-01 09:46:38.290,3.398,7700
2020-09-01 09:46:38.650,3.397,8600
2020-09-01 09:46:39.600,3.398,192300
2020-09-01 09:46:39.600,3.398,200000
2020-09-01 09:46:39.600,3.398,20000
2020-09-01 09:46:39.600,3.398,100000
2020-09-01 09:46:39.600,3.398,300
2020-09-01 09:46:39.600,3.398,1200
2020-09-01 09:46:39.600,3.398,7800
2020-09-01 09:46:39.600,3.398,18400
2020-09-01 09:46:40.810,3.398,1500
2020-09-01 09:46:40.870,3.397,100
2020-09-01 09:46:43.240,3.398,500
2020-09-01 09:46:44.310,3.397,900
2020-09-01 09:46:45.880,3.398,479600
2020-09-01 09:46:45.880,3.398,1000
2020-09-01 09:46:45.880,3.398,2600
2020-09-01 09:46:45.880,3.398,1500
2020-09-01 09:46:45.880,3.398,5000
2020-09-01 09:46:45.880,3.398,4700
2020-09-01 09:46:45.880,3.399,10000
2020-09-01 09:46:45.880,3.399,1000
2020-09-01 09:46:45.880,3.399,7000
2020-09-01 09:46:45.880,3.399,1800
2020-09-01 09:46:45.880,3.399,5000
2020-09-01 09:46:45.880,3.399,2000
2020-09-01 09:46:45.880,3.399,5200
2020-09-01 09:46:45.880,3.399,4000
2020-09-01 09:46:45.880,3.399,1000
2020-09-01 09:46:45.880,3.399,200
2020-09-01 09:46:45.880,3.399,3000
2020-09-01 09:46:45.880,3.399,100
2020-09-01 09:46:45.880,3.399,3600
2020-09-01 09:46:45.880,3.399,1000
2020-09-01 09:46:45.880,3.399,50700
2020-09-01 09:46:46.250,3.397,10000
2020-09-01 09:46:52.500,3.398,600
2020-09-01 09:46:52.500,3.398,9400
2020-09-01 09:46:55.060,3.399,40000
2020-09-01 09:46:57.160,3.399,200
2020-09-01 09:46:58.710,3.399,300
2020-09-01 09:47:00.650,3.399,1100
2020-09-01 09:47:01.430,3.399,2000
2020-09-01 09:47:01.590,3.399,6800
2020-09-01 09:47:02.080,3.398,9300
2020-09-01 09:47:02.190,3.398,1500
2020-09-01 09:47:04.620,3.399,198900
2020-09-01 09:47:04.620,3.399,20000
2020-09-01 09:47:04.620,3.399,200
2020-09-01 09:47:04.620,3.399,41600
2020-09-01 09:47:04.620,3.4,100
2020-09-01 09:47:04.620,3.4,2000
2020-09-01 09:47:04.620,3.4,1000
2020-09-01 09:47:04.620,3.4,10000
2020-09-01 09:47:04.620,3.4,6000
2020-09-01 09:47:04.620,3.4,400
2020-09-01 09:47:04.620,3.4,500
2020-09-01 09:47:04.620,3.4,300
2020-09-01 09:47:04.620,3.4,7000
2020-09-01 09:47:04.620,3.4,5000
2020-09-01 09:47:04.620,3.4,5000
2020-09-01 09:47:04.620,3.4,8500
2020-09-01 09:47:04.620,3.4,8500
2020-09-01 09:47:04.620,3.4,8500
2020-09-01 09:47:04.620,3.4,8500
2020-09-01 09:47:04.620,3.4,5000
2020-09-01 09:47:04.620,3.4,500
2020-09-01 09:47:04.620,3.4,6400
2020-09-01 09:47:06.400,3.398,2000
2020-09-01 09:47:07.250,3.399,6000
2020-09-01 09:47:09.050,3.399,5000
2020-09-01 09:47:11.010,3.399,4000
2020-09-01 09:47:11.070,3.399,500
2020-09-01 09:47:11.480,3.399,10000
2020-09-01 09:47:14.080,3.398,10000
2020-09-01 09:47:14.080,3.398,10000
2020-09-01 09:47:14.080,3.398,1000
2020-09-01 09:47:16.010,3.398,4000
2020-09-01 09:47:18.500,3.398,10000
2020-09-01 09:47:18.840,3.398,31400
2020-09-01 09:47:24.020,3.398,100
2020-09-01 09:47:24.020,3.398,400
2020-09-01 09:47:24.160,3.398,100
2020-09-01 09:47:27.290,3.397,300
2020-09-01 09:47:27.290,3.397,400
2020-09-01 09:47:28.560,3.398,1500
2020-09-01 09:47:28.560,3.398,3500
2020-09-01 09:47:28.710,3.397,600
2020-09-01 09:47:28.710,3.397,9100
2020-09-01 09:47:29.340,3.397,7000
2020-09-01 09:47:29.490,3.398,500
2020-09-01 09:47:29.730,3.397,100
2020-09-01 09:47:32.760,3.398,3100
2020-09-01 09:47:33.790,3.397,300
2020-09-01 09:47:36.400,3.398,5000
2020-09-01 09:47:38.640,3.398,15000
2020-09-01 09:47:38.640,3.398,4000
2020-09-01 09:47:39.920,3.398,30000
2020-09-01 09:47:41.810,3.398,1000
2020-09-01 09:47:44.070,3.398,20000
2020-09-01 09:47:44.280,3.397,5000
2020-09-01 09:47:44.550,3.398,12500
2020-09-01 09:47:45.460,3.398,106000
2020-09-01 09:47:46.240,3.397,10000
2020-09-01 09:47:46.390,3.398,39700
2020-09-01 09:47:48.860,3.398,9400
2020-09-01 09:47:48.860,3.398,20000
2020-09-01 09:47:48.860,3.398,20600
2020-09-01 09:47:58.930,3.397,900
2020-09-01 09:47:59.710,3.397,200
2020-09-01 09:48:03.460,3.398,300000
2020-09-01 09:48:05.890,3.398,1000
2020-09-01 09:48:07.850,3.397,1100
2020-09-01 09:48:08.010,3.397,100
2020-09-01 09:48:08.470,3.397,5000
2020-09-01 09:48:09.160,3.398,100
2020-09-01 09:48:09.490,3.397,100
2020-09-01 09:48:13.840,3.398,300
2020-09-01 09:48:18.900,3.398,10000
2020-09-01 09:48:19.390,3.397,1400
2020-09-01 09:48:20.340,3.398,500
2020-09-01 09:48:21.000,3.397,500
2020-09-01 09:48:21.210,3.398,10000
2020-09-01 09:48:22.660,3.398,1000
2020-09-01 09:48:25.460,3.398,14000
2020-09-01 09:48:28.270,3.397,12000
2020-09-01 09:48:28.640,3.398,1000
2020-09-01 09:48:28.690,3.398,1000
2020-09-01 09:48:28.940,3.398,4000
2020-09-01 09:48:29.280,3.397,10000
2020-09-01 09:48:29.980,3.398,6800
2020-09-01 09:48:30.780,3.398,300
2020-09-01 09:48:31.020,3.397,9000
2020-09-01 09:48:32.540,3.398,800
2020-09-01 09:48:35.120,3.398,10000
2020-09-01 09:48:35.970,3.397,3900
2020-09-01 09:48:36.060,3.398,1000
2020-09-01 09:48:36.950,3.397,10000
2020-09-01 09:48:38.060,3.397,10000
2020-09-01 09:48:38.060,3.397,9000
2020-09-01 09:48:38.660,3.398,9000
2020-09-01 09:48:38.920,3.398,1500
2020-09-01 09:48:39.310,3.398,2000
2020-09-01 09:48:41.970,3.397,110000
2020-09-01 09:48:42.150,3.398,2000
2020-09-01 09:48:43.450,3.398,10000
2020-09-01 09:48:43.510,3.398,3300
2020-09-01 09:48:45.250,3.398,10000
2020-09-01 09:48:46.060,3.398,6000
2020-09-01 09:48:46.620,3.397,8500
2020-09-01 09:48:46.620,3.397,121400
2020-09-01 09:48:46.620,3.397,1000
2020-09-01 09:48:46.620,3.397,10000
2020-09-01 09:48:46.620,3.397,10000
2020-09-01 09:48:46.620,3.397,100
2020-09-01 09:48:46.620,3.397,2000
2020-09-01 09:48:46.620,3.397,300
2020-09-01 09:48:46.620,3.397,2100
2020-09-01 09:48:46.620,3.397,3000
2020-09-01 09:48:46.620,3.397,500
2020-09-01 09:48:46.620,3.397,1000
2020-09-01 09:48:46.620,3.397,18600
2020-09-01 09:48:46.770,3.397,400
2020-09-01 09:48:46.770,3.397,100
2020-09-01 09:48:46.770,3.397,100000
2020-09-01 09:48:46.770,3.397,1500
2020-09-01 09:48:46.770,3.397,100000
2020-09-01 09:48:46.770,3.397,20000
2020-09-01 09:48:46.770,3.397,1000
2020-09-01 09:48:47.980,3.397,10000
2020-09-01 09:48:48.380,3.397,5000
2020-09-01 09:48:50.930,3.396,200
2020-09-01 09:48:51.050,3.397,62100
2020-09-01 09:48:51.050,3.397,20000
2020-09-01 09:48:51.050,3.397,137000
2020-09-01 09:48:51.670,3.397,20000
2020-09-01 09:48:53.000,3.397,6000
2020-09-01 09:48:55.200,3.397,1000
2020-09-01 09:48:57.020,3.396,600
2020-09-01 09:48:57.020,3.396,100
2020-09-01 09:48:57.020,3.396,2500
2020-09-01 09:48:59.400,3.396,10000
2020-09-01 09:48:59.530,3.397,5000
2020-09-01 09:48:59.780,3.396,27500
2020-09-01 09:48:59.780,3.396,23600
2020-09-01 09:48:59.780,3.396,80900
2020-09-01 09:48:59.780,3.396,100
2020-09-01 09:49:00.590,3.396,100000
2020-09-01 09:49:00.740,3.395,100
2020-09-01 09:49:00.740,3.395,900
2020-09-01 09:49:01.490,3.396,8000
2020-09-01 09:49:03.660,3.396,40000
2020-09-01 09:49:03.820,3.396,1000
2020-09-01 09:49:04.920,3.396,6000
2020-09-01 09:49:06.230,3.395,19100
2020-09-01 09:49:06.230,3.395,2000
2020-09-01 09:49:06.230,3.395,100
2020-09-01 09:49:06.230,3.395,10000
2020-09-01 09:49:06.230,3.395,100
2020-09-01 09:49:06.230,3.395,1000
2020-09-01 09:49:06.230,3.395,10000
2020-09-01 09:49:06.230,3.395,7000
2020-09-01 09:49:06.230,3.395,10000
2020-09-01 09:49:06.230,3.395,2300
2020-09-01 09:49:06.630,3.396,12900
2020-09-01 09:49:06.630,3.396,100
2020-09-01 09:49:06.630,3.396,8000
2020-09-01 09:49:06.630,3.396,700
2020-09-01 09:49:06.630,3.396,10000
2020-09-01 09:49:09.820,3.397,5000
2020-09-01 09:49:10.240,3.396,500
2020-09-01 09:49:10.520,3.396,7800
2020-09-01 09:49:10.520,3.396,2200
2020-09-01 09:49:13.220,3.397,100
2020-09-01 09:49:14.980,3.396,800
2020-09-01 09:49:14.980,3.396,200
2020-09-01 09:49:15.480,3.397,500
2020-09-01 09:49:15.810,3.396,2000
2020-09-01 09:49:16.030,3.396,37800
2020-09-01 09:49:16.030,3.396,4000
2020-09-01 09:49:16.030,3.396,800
2020-09-01 09:49:21.550,3.396,100
2020-09-01 09:49:22.690,3.396,40000
2020-09-01 09:49:26.090,3.396,300000
2020-09-01 09:49:26.750,3.396,40000
2020-09-01 09:49:27.080,3.396,30000
2020-09-01 09:49:27.080,3.396,40000
2020-09-01 09:49:27.380,3.396,4000
2020-09-01 09:49:27.810,3.396,3300
2020-09-01 09:49:27.810,3.396,50000
2020-09-01 09:49:27.810,3.396,1500
2020-09-01 09:49:27.810,3.396,5000
2020-09-01 09:49:27.810,3.396,500
2020-09-01 09:49:27.810,3.396,2500
2020-09-01 09:49:27.810,3.396,3000
2020-09-01 09:49:27.810,3.396,127200
2020-09-01 09:49:30.000,3.396,500
2020-09-01 09:49:31.030,3.396,106600
2020-09-01 09:49:31.030,3.396,18800
2020-09-01 09:49:32.860,3.396,5000
2020-09-01 09:49:33.490,3.396,1400
2020-09-01 09:49:34.520,3.396,7700
2020-09-01 09:49:40.720,3.396,200
2020-09-01 09:49:43.710,3.397,2100
2020-09-01 09:49:43.710,3.397,400
2020-09-01 09:49:43.710,3.397,14700
2020-09-01 09:49:43.710,3.397,2900
2020-09-01 09:49:49.550,3.397,19900
2020-09-01 09:49:49.550,3.397,200
2020-09-01 09:49:49.550,3.397,7500
2020-09-01 09:49:51.990,3.397,4500
2020-09-01 09:49:51.990,3.397,20100
2020-09-01 09:49:51.990,3.397,100
2020-09-01 09:49:52.300,3.397,1000
2020-09-01 09:49:53.180,3.397,40000
2020-09-01 09:50:01.330,3.397,40000
2020-09-01 09:50:01.580,3.397,40000
2020-09-01 09:50:01.640,3.397,30000
2020-09-01 09:50:01.910,3.396,1400
2020-09-01 09:50:02.040,3.396,5500
2020-09-01 09:50:02.040,3.396,2600
2020-09-01 09:50:03.560,3.397,30000
2020-09-01 09:50:04.410,3.397,3400
2020-09-01 09:50:04.910,3.397,200
2020-09-01 09:50:05.160,3.398,40000
2020-09-01 09:50:06.280,3.398,2000
2020-09-01 09:50:10.890,3.398,31800
2020-09-01 09:50:10.890,3.398,8200
2020-09-01 09:50:11.690,3.398,1800
2020-09-01 09:50:11.690,3.398,1000
2020-09-01 09:50:11.690,3.398,10000
2020-09-01 09:50:11.690,3.398,40000
2020-09-01 09:50:11.690,3.398,6000
2020-09-01 09:50:11.690,3.398,3000
2020-09-01 09:50:11.690,3.398,238200
2020-09-01 09:50:11.970,3.398,30000
2020-09-01 09:50:12.370,3.398,5000
2020-09-01 09:50:12.530,3.398,226800
2020-09-01 09:50:12.530,3.398,3000
2020-09-01 09:50:12.530,3.398,8000
2020-09-01 09:50:12.530,3.398,4000
2020-09-01 09:50:14.380,3.398,5100
2020-09-01 09:50:15.600,3.399,1400
2020-09-01 09:50:15.600,3.399,10000
2020-09-01 09:50:15.600,3.399,2000
2020-09-01 09:50:15.600,3.399,21600
2020-09-01 09:50:15.600,3.399,3000
2020-09-01 09:50:15.600,3.399,8600
2020-09-01 09:50:15.600,3.399,25300
2020-09-01 09:50:15.600,3.399,10000
2020-09-01 09:50:15.600,3.399,9000
2020-09-01 09:50:15.600,3.399,14000
2020-09-01 09:50:15.600,3.399,195100
2020-09-01 09:50:16.730,3.399,254900
2020-09-01 09:50:16.730,3.399,41700
2020-09-01 09:50:16.730,3.399,1000
2020-09-01 09:50:17.800,3.399,2400
2020-09-01 09:50:17.800,3.398,42600
2020-09-01 09:50:18.920,3.399,2400
2020-09-01 09:50:18.920,3.398,7600
2020-09-01 09:50:23.350,3.4,400
2020-09-01 09:50:25.450,3.399,1500
2020-09-01 09:50:29.740,3.399,40000
2020-09-01 09:50:30.670,3.399,1000
2020-09-01 09:50:31.120,3.399,2900
2020-09-01 09:50:33.340,3.398,2900
2020-09-01 09:50:33.340,3.398,11700
2020-09-01 09:50:34.550,3.398,3500
2020-09-01 09:50:35.900,3.398,1000
2020-09-01 09:50:36.140,3.399,40000
2020-09-01 09:50:36.810,3.398,23800
2020-09-01 09:50:36.810,3.398,5500
2020-09-01 09:50:36.890,3.398,34500
2020-09-01 09:50:36.890,3.398,3700
2020-09-01 09:50:36.890,3.398,7800
2020-09-01 09:50:40.650,3.399,300
2020-09-01 09:50:41.300,3.399,2100
2020-09-01 09:50:41.610,3.398,2000
2020-09-01 09:50:45.060,3.399,5000
2020-09-01 09:50:45.770,3.398,3000
2020-09-01 09:50:46.220,3.399,100
2020-09-01 09:50:46.900,3.399,10700
2020-09-01 09:50:48.210,3.399,4000
2020-09-01 09:50:48.680,3.399,2000
2020-09-01 09:50:49.110,3.399,14400
2020-09-01 09:50:49.110,3.399,5600
2020-09-01 09:50:49.410,3.399,500
2020-09-01 09:50:54.820,3.398,2000
2020-09-01 09:50:54.820,3.398,10000
2020-09-01 09:50:54.820,3.398,20000
2020-09-01 09:50:54.820,3.398,100000
2020-09-01 09:50:54.820,3.398,1000
2020-09-01 09:50:54.820,3.398,100
2020-09-01 09:50:54.820,3.398,1000
2020-09-01 09:50:54.820,3.398,3800
2020-09-01 09:50:55.080,3.398,6100
2020-09-01 09:50:56.110,3.398,8000
2020-09-01 09:50:56.330,3.398,5000
2020-09-01 09:50:57.370,3.398,6100
2020-09-01 09:50:57.830,3.398,10000
2020-09-01 09:51:00.570,3.398,1500
2020-09-01 09:51:01.690,3.398,6200
2020-09-01 09:51:02.840,3.398,300
2020-09-01 09:51:11.590,3.398,4200
2020-09-01 09:51:11.890,3.397,5000
2020-09-01 09:51:12.360,3.398,5000
2020-09-01 09:51:16.740,3.397,5900
