Datetime,Price,Volume
2020-09-01 09:25:00.010,4.866,300
2020-09-01 09:25:00.010,4.866,900
2020-09-01 09:25:00.010,4.866,1100
2020-09-01 09:25:00.010,4.866,5200
2020-09-01 09:25:00.010,4.866,3700
2020-09-01 09:25:00.010,4.866,4600
2020-09-01 09:25:00.010,4.866,3400
2020-09-01 09:25:00.010,4.866,6600
2020-09-01 09:25:00.010,4.866,600
2020-09-01 09:25:00.010,4.866,9400
2020-09-01 09:25:00.010,4.866,2600
2020-09-01 09:25:00.010,4.866,800
2020-09-01 09:25:00.010,4.866,6600
2020-09-01 09:25:00.010,4.866,200
2020-09-01 09:25:00.010,4.866,5200
2020-09-01 09:25:00.010,4.866,100
2020-09-01 09:25:00.010,4.866,1800
2020-09-01 09:25:00.010,4.866,4000
2020-09-01 09:25:00.010,4.866,10000
2020-09-01 09:25:00.010,4.866,1200
2020-09-01 09:25:00.010,4.866,200
2020-09-01 09:25:00.010,4.866,200
2020-09-01 09:25:00.010,4.866,800
2020-09-01 09:25:00.010,4.866,13200
2020-09-01 09:25:00.010,4.866,46000
2020-09-01 09:25:00.010,4.866,20000
2020-09-01 09:25:00.010,4.866,10000
2020-09-01 09:25:00.010,4.866,2100
2020-09-01 09:25:00.010,4.866,1000
2020-09-01 09:25:00.010,4.866,100
2020-09-01 09:25:00.010,4.866,400
2020-09-01 09:25:00.010,4.866,200
2020-09-01 09:25:00.010,4.866,500
2020-09-01 09:25:00.010,4.866,200
2020-09-01 09:25:00.010,4.866,400
2020-09-01 09:25:00.010,4.866,100
2020-09-01 09:25:00.010,4.866,1400
2020-09-01 09:25:00.010,4.866,300
2020-09-01 09:25:00.010,4.866,300
2020-09-01 09:25:00.010,4.866,8000
2020-09-01 09:25:00.010,4.866,2000
2020-09-01 09:25:00.010,4.866,2000
2020-09-01 09:25:00.010,4.866,5000
2020-09-01 09:25:00.010,4.866,100
2020-09-01 09:25:00.010,4.866,900
2020-09-01 09:25:00.010,4.866,4200
2020-09-01 09:25:00.010,4.866,2300
2020-09-01 09:25:00.010,4.866,6000
2020-09-01 09:25:00.010,4.866,6600
2020-09-01 09:25:00.010,4.866,2000
2020-09-01 09:25:00.010,4.866,10000
2020-09-01 09:25:00.010,4.866,7500
2020-09-01 09:25:00.010,4.866,7700
2020-09-01 09:25:00.010,4.866,50000
2020-09-01 09:25:00.010,4.866,14200
2020-09-01 09:25:00.010,4.866,10000
2020-09-01 09:25:00.010,4.866,5800
2020-09-01 09:25:00.010,4.866,4200
2020-09-01 09:25:00.010,4.866,23300
2020-09-01 09:25:00.010,4.866,10000
2020-09-01 09:25:00.010,4.866,7700
2020-09-01 09:25:00.010,4.866,5300
2020-09-01 09:25:00.010,4.866,5100
2020-09-01 09:25:00.010,4.866,20900
2020-09-01 09:25:00.010,4.866,1300
2020-09-01 09:25:00.010,4.866,800
2020-09-01 09:25:00.010,4.866,1000
2020-09-01 09:25:00.010,4.866,14600
2020-09-01 09:25:00.010,4.866,11200
2020-09-01 09:25:00.010,4.866,211000
2020-09-01 09:25:00.010,4.866,18000
2020-09-01 09:25:00.010,4.866,300
2020-09-01 09:25:00.010,4.866,100
2020-09-01 09:25:00.010,4.866,200
2020-09-01 09:25:00.010,4.866,1400
2020-09-01 09:25:00.010,4.866,500
2020-09-01 09:25:00.010,4.866,100
2020-09-01 09:25:00.010,4.866,100
2020-09-01 09:25:00.010,4.866,100
2020-09-01 09:25:00.010,4.866,200
2020-09-01 09:25:00.010,4.866,100
2020-09-01 09:25:00.010,4.866,100
2020-09-01 09:25:00.010,4.866,500
2020-09-01 09:25:00.010,4.866,100
2020-09-01 09:25:00.010,4.866,100
2020-09-01 09:25:00.010,4.866,2600
2020-09-01 09:25:00.010,4.866,23400
2020-09-01 09:25:00.010,4.866,3100
2020-09-01 09:25:00.010,4.866,5100
2020-09-01 09:25:00.010,4.866,8100
2020-09-01 09:25:00.010,4.866,800
2020-09-01 09:25:00.010,4.866,100
2020-09-01 09:25:00.010,4.866,500
2020-09-01 09:25:00.010,4.866,1000
2020-09-01 09:25:00.010,4.866,44400
2020-09-01 09:25:00.010,4.866,13500
2020-09-01 09:25:00.010,4.866,87500
2020-09-01 09:25:00.010,4.866,12500
2020-09-01 09:25:00.010,4.866,4000
2020-09-01 09:25:00.010,4.866,162700
2020-09-01 09:25:00.010,4.866,600
2020-09-01 09:25:00.010,4.866,100
2020-09-01 09:25:00.010,4.866,2500
2020-09-01 09:25:00.010,4.866,100
2020-09-01 09:25:00.010,4.866,300
2020-09-01 09:25:00.010,4.866,1100
2020-09-01 09:25:00.010,4.866,1000
2020-09-01 09:25:00.010,4.866,600
2020-09-01 09:25:00.010,4.866,10000
2020-09-01 09:25:00.010,4.866,900
2020-09-01 09:25:00.010,4.866,1000
2020-09-01 09:25:00.010,4.866,2000
2020-09-01 09:25:00.010,4.866,100
2020-09-01 09:25:00.010,4.866,3000
2020-09-01 09:25:00.010,4.866,10000
2020-09-01 09:25:00.010,4.866,100
2020-09-01 09:25:00.010,4.866,300
2020-09-01 09:25:00.010,4.866,200
2020-09-01 09:25:00.010,4.866,100
2020-09-01 09:25:00.010,4.866,5000
2020-09-01 09:25:00.010,4.866,10000
2020-09-01 09:25:00.010,4.866,37900
2020-09-01 09:25:00.010,4.866,300
2020-09-01 09:25:00.010,4.866,300
2020-09-01 09:25:00.010,4.866,100
2020-09-01 09:25:00.010,4.866,100
2020-09-01 09:25:00.010,4.866,100
2020-09-01 09:25:00.010,4.866,1000
2020-09-01 09:25:00.010,4.866,100
2020-09-01 09:25:00.010,4.866,500
2020-09-01 09:25:00.010,4.866,1000
2020-09-01 09:25:00.010,4.866,100
2020-09-01 09:25:00.010,4.866,200
2020-09-01 09:25:00.010,4.866,200
2020-09-01 09:25:00.010,4.866,100
2020-09-01 09:25:00.010,4.866,100
2020-09-01 09:25:00.010,4.866,400
2020-09-01 09:25:00.010,4.866,100
2020-09-01 09:25:00.010,4.866,1000
2020-09-01 09:25:00.010,4.866,100
2020-09-01 09:25:00.010,4.866,600
2020-09-01 09:25:00.010,4.866,5000
2020-09-01 09:25:00.010,4.866,100
2020-09-01 09:25:00.010,4.866,2000
2020-09-01 09:25:00.010,4.866,200
2020-09-01 09:25:00.010,4.866,100
2020-09-01 09:25:00.010,4.866,1100
2020-09-01 09:25:00.010,4.866,200
2020-09-01 09:25:00.010,4.866,100
2020-09-01 09:25:00.010,4.866,100
2020-09-01 09:25:00.010,4.866,100
2020-09-01 09:25:00.010,4.866,500
2020-09-01 09:25:00.010,4.866,600
2020-09-01 09:25:00.010,4.866,1000
2020-09-01 09:25:00.010,4.866,500
2020-09-01 09:25:00.010,4.866,1400
2020-09-01 09:25:00.010,4.866,100
2020-09-01 09:25:00.010,4.866,500
2020-09-01 09:25:00.010,4.866,100
2020-09-01 09:25:00.010,4.866,100
2020-09-01 09:25:00.010,4.866,3400
2020-09-01 09:25:00.010,4.866,100
2020-09-01 09:25:00.010,4.866,600
2020-09-01 09:25:00.010,4.866,1000
2020-09-01 09:25:00.010,4.866,100
2020-09-01 09:25:00.010,4.866,100
2020-09-01 09:25:00.010,4.866,100
2020-09-01 09:25:00.010,4.866,100
2020-09-01 09:25:00.010,4.866,100
2020-09-01 09:25:00.010,4.866,200
2020-09-01 09:25:00.010,4.866,5000
2020-09-01 09:25:00.010,4.866,500
2020-09-01 09:25:00.010,4.866,5000
2020-09-01 09:25:00.010,4.866,1000
2020-09-01 09:25:00.010,4.866,200
2020-09-01 09:25:00.010,4.866,1000
2020-09-01 09:25:00.010,4.866,1000
2020-09-01 09:25:00.010,4.866,100
2020-09-01 09:25:00.010,4.866,300
2020-09-01 09:25:00.010,4.866,500
2020-09-01 09:25:00.010,4.866,2000
2020-09-01 09:25:00.010,4.866,1000
2020-09-01 09:25:00.010,4.866,5100
2020-09-01 09:25:00.010,4.866,70000
2020-09-01 09:25:00.010,4.866,20000
2020-09-01 09:25:00.010,4.866,2000
2020-09-01 09:25:00.010,4.866,1000
2020-09-01 09:25:00.010,4.866,100
2020-09-01 09:25:00.010,4.866,200
2020-09-01 09:25:00.010,4.866,100
2020-09-01 09:25:00.010,4.866,14100
2020-09-01 09:25:00.010,4.866,1000
2020-09-01 09:25:00.010,4.866,100
2020-09-01 09:25:00.010,4.866,200
2020-09-01 09:25:00.010,4.866,100
2020-09-01 09:25:00.010,4.866,1800
2020-09-01 09:25:00.010,4.866,800
2020-09-01 09:25:00.010,4.866,7000
2020-09-01 09:25:00.010,4.866,7000
2020-09-01 09:25:00.010,4.866,100
2020-09-01 09:25:00.010,4.866,200
2020-09-01 09:25:00.010,4.866,300
2020-09-01 09:25:00.010,4.866,500
2020-09-01 09:25:00.010,4.866,100
2020-09-01 09:25:00.010,4.866,10000
2020-09-01 09:25:00.010,4.866,1000
2020-09-01 09:25:00.010,4.866,1200
2020-09-01 09:25:00.010,4.866,100
2020-09-01 09:25:00.010,4.866,100
2020-09-01 09:25:00.010,4.866,100
2020-09-01 09:25:00.010,4.866,100
2020-09-01 09:25:00.010,4.866,1000
2020-09-01 09:25:00.010,4.866,100
2020-09-01 09:25:00.010,4.866,5000
2020-09-01 09:25:00.010,4.866,8000
2020-09-01 09:25:00.010,4.866,200
2020-09-01 09:25:00.010,4.866,1000
2020-09-01 09:25:00.010,4.866,200
2020-09-01 09:25:00.010,4.866,100
2020-09-01 09:25:00.010,4.866,400
2020-09-01 09:25:00.010,4.866,1000
2020-09-01 09:25:00.010,4.866,100
2020-09-01 09:25:00.010,4.866,500
2020-09-01 09:25:00.010,4.866,1000
2020-09-01 09:25:00.010,4.866,100
2020-09-01 09:25:00.010,4.866,100
2020-09-01 09:25:00.010,4.866,100
2020-09-01 09:25:00.010,4.866,100
2020-09-01 09:25:00.010,4.866,100
2020-09-01 09:25:00.010,4.866,200
2020-09-01 09:25:00.010,4.866,200
2020-09-01 09:25:00.010,4.866,500
2020-09-01 09:25:00.010,4.866,100
2020-09-01 09:25:00.010,4.866,100
2020-09-01 09:25:00.010,4.866,400
2020-09-01 09:25:00.010,4.866,100
2020-09-01 09:25:00.010,4.866,100
2020-09-01 09:25:00.010,4.866,300
2020-09-01 09:25:00.010,4.866,3000
2020-09-01 09:25:00.010,4.866,100
2020-09-01 09:25:00.010,4.866,200
2020-09-01 09:25:00.010,4.866,300
2020-09-01 09:25:00.010,4.866,100
2020-09-01 09:25:00.010,4.866,200
2020-09-01 09:25:00.010,4.866,100
2020-09-01 09:25:00.010,4.866,300
2020-09-01 09:25:00.010,4.866,200
2020-09-01 09:25:00.010,4.866,100
2020-09-01 09:25:00.010,4.866,100
2020-09-01 09:25:00.010,4.866,100
2020-09-01 09:25:00.010,4.866,500
2020-09-01 09:25:00.010,4.866,200
2020-09-01 09:25:00.010,4.866,1000
2020-09-01 09:25:00.010,4.866,400
2020-09-01 09:25:00.010,4.866,8700
2020-09-01 09:25:00.010,4.866,2000
2020-09-01 09:25:00.010,4.866,500
2020-09-01 09:25:00.010,4.866,500
2020-09-01 09:25:00.010,4.866,800
2020-09-01 09:25:00.010,4.866,1000
2020-09-01 09:25:00.010,4.866,900
2020-09-01 09:25:00.010,4.866,2100
2020-09-01 09:25:00.010,4.866,900
2020-09-01 09:25:00.010,4.866,3100
2020-09-01 09:25:00.010,4.866,2000
2020-09-01 09:25:00.010,4.866,3000
2020-09-01 09:25:00.010,4.866,500
2020-09-01 09:25:00.010,4.866,200
2020-09-01 09:25:00.010,4.866,3000
2020-09-01 09:25:00.010,4.866,100
2020-09-01 09:25:00.010,4.866,200
2020-09-01 09:25:00.010,4.866,300
2020-09-01 09:25:00.010,4.866,200
2020-09-01 09:25:00.010,4.866,200
2020-09-01 09:25:00.010,4.866,200
2020-09-01 09:25:00.010,4.866,5000
2020-09-01 09:25:00.010,4.866,10000
2020-09-01 09:25:00.010,4.866,100
2020-09-01 09:25:00.010,4.866,5000
2020-09-01 09:25:00.010,4.866,5000
2020-09-01 09:25:00.010,4.866,6000
2020-09-01 09:25:00.010,4.866,100
2020-09-01 09:25:00.010,4.866,500
2020-09-01 09:25:00.010,4.866,2000
2020-09-01 09:25:00.010,4.866,400
2020-09-01 09:25:00.010,4.866,100
2020-09-01 09:25:00.010,4.866,100
2020-09-01 09:25:00.010,4.866,1000
2020-09-01 09:25:00.010,4.866,200
2020-09-01 09:25:00.010,4.866,1500
2020-09-01 09:25:00.010,4.866,1500
2020-09-01 09:25:00.010,4.866,200
2020-09-01 09:25:00.010,4.866,100
2020-09-01 09:25:00.010,4.866,100
2020-09-01 09:25:00.010,4.866,700
2020-09-01 09:25:00.010,4.866,15000
2020-09-01 09:25:00.010,4.866,100
2020-09-01 09:25:00.010,4.866,100
2020-09-01 09:25:00.010,4.866,600
2020-09-01 09:25:00.010,4.866,3100
2020-09-01 09:25:00.010,4.866,1000
2020-09-01 09:25:00.010,4.866,500
2020-09-01 09:25:00.010,4.866,500
2020-09-01 09:25:00.010,4.866,1000
2020-09-01 09:25:00.010,4.866,10000
2020-09-01 09:25:00.010,4.866,200
2020-09-01 09:25:00.010,4.866,7600
2020-09-01 09:25:00.010,4.866,2400
2020-09-01 09:25:00.010,4.866,1000
2020-09-01 09:25:00.010,4.866,2000
2020-09-01 09:25:00.010,4.866,300
2020-09-01 09:25:00.010,4.866,3000
2020-09-01 09:25:00.010,4.866,3000
2020-09-01 09:25:00.010,4.866,5000
2020-09-01 09:25:00.010,4.866,2400
2020-09-01 09:25:00.010,4.866,100
2020-09-01 09:25:00.010,4.866,300
2020-09-01 09:25:00.010,4.866,100
2020-09-01 09:25:00.010,4.866,200
2020-09-01 09:25:00.010,4.866,400
2020-09-01 09:25:00.010,4.866,100
2020-09-01 09:25:00.010,4.866,1900
2020-09-01 09:25:00.010,4.866,10000
2020-09-01 09:25:00.010,4.866,5000
2020-09-01 09:25:00.010,4.866,500
2020-09-01 09:25:00.010,4.866,2500
2020-09-01 09:25:00.010,4.866,2500
2020-09-01 09:25:00.010,4.866,5000
2020-09-01 09:30:00.070,4.865,200
2020-09-01 09:30:00.070,4.865,200
2020-09-01 09:30:00.070,4.865,100
2020-09-01 09:30:00.070,4.865,13000
2020-09-01 09:30:00.070,4.865,2500
2020-09-01 09:30:00.070,4.865,1000
2020-09-01 09:30:00.070,4.865,100
2020-09-01 09:30:00.070,4.865,2000
2020-09-01 09:30:00.100,4.865,200
2020-09-01 09:30:00.430,4.864,400
2020-09-01 09:30:00.430,4.865,700
2020-09-01 09:30:00.430,4.865,2900
2020-09-01 09:30:00.430,4.865,12100
2020-09-01 09:30:00.430,4.865,2900
2020-09-01 09:30:00.430,4.865,1100
2020-09-01 09:30:00.430,4.865,700
2020-09-01 09:30:00.430,4.865,400
2020-09-01 09:30:00.430,4.865,10100
2020-09-01 09:30:00.430,4.866,22600
2020-09-01 09:30:00.430,4.866,16600
2020-09-01 09:30:00.430,4.866,3000
2020-09-01 09:30:00.430,4.865,500
2020-09-01 09:30:00.530,4.864,200
2020-09-01 09:30:00.530,4.864,1000
2020-09-01 09:30:00.530,4.864,4900
2020-09-01 09:30:00.530,4.863,200
2020-09-01 09:30:00.530,4.862,3700
2020-09-01 09:30:00.530,4.862,1500
2020-09-01 09:30:00.530,4.865,200
2020-09-01 09:30:00.530,4.862,4800
2020-09-01 09:30:00.530,4.862,2000
2020-09-01 09:30:00.530,4.861,300
2020-09-01 09:30:00.530,4.861,300
2020-09-01 09:30:00.530,4.861,100
2020-09-01 09:30:00.530,4.861,600
2020-09-01 09:30:00.530,4.861,200
2020-09-01 09:30:00.530,4.86,3300
2020-09-01 09:30:00.530,4.86,8200
2020-09-01 09:30:00.530,4.86,2900
2020-09-01 09:30:00.530,4.865,500
2020-09-01 09:30:00.650,4.865,100
2020-09-01 09:30:00.650,4.865,100
2020-09-01 09:30:00.760,4.865,200
2020-09-01 09:30:00.760,4.865,100
2020-09-01 09:30:00.980,4.862,300
2020-09-01 09:30:00.980,4.861,2900
2020-09-01 09:30:00.980,4.861,1000
2020-09-01 09:30:00.980,4.86,6100
2020-09-01 09:30:00.980,4.86,1000
2020-09-01 09:30:00.980,4.86,1200
2020-09-01 09:30:00.980,4.86,9000
2020-09-01 09:30:00.980,4.86,3600
2020-09-01 09:30:00.980,4.86,100
2020-09-01 09:30:00.980,4.86,3000
2020-09-01 09:30:00.980,4.86,2100
2020-09-01 09:30:00.980,4.862,9500
2020-09-01 09:30:01.100,4.862,100
2020-09-01 09:30:01.100,4.86,1600
2020-09-01 09:30:01.100,4.862,200
2020-09-01 09:30:01.100,4.862,300
2020-09-01 09:30:01.100,4.862,1000
2020-09-01 09:30:01.210,4.862,20500
2020-09-01 09:30:01.210,4.864,100
2020-09-01 09:30:01.330,4.863,300
2020-09-01 09:30:01.330,4.863,5000
2020-09-01 09:30:01.330,4.863,100
2020-09-01 09:30:01.330,4.863,2000
2020-09-01 09:30:01.330,4.863,100
2020-09-01 09:30:01.330,4.863,200
2020-09-01 09:30:01.330,4.863,12300
2020-09-01 09:30:01.330,4.864,6500
2020-09-01 09:30:01.330,4.862,5000
2020-09-01 09:30:01.330,4.864,10000
2020-09-01 09:30:01.450,4.864,10000
2020-09-01 09:30:01.450,4.862,2200
2020-09-01 09:30:01.450,4.864,400
2020-09-01 09:30:01.450,4.864,20000
2020-09-01 09:30:01.560,4.864,82500
2020-09-01 09:30:01.560,4.864,20500
2020-09-01 09:30:01.560,4.864,100
2020-09-01 09:30:01.560,4.864,3000
2020-09-01 09:30:01.680,4.863,2600
2020-09-01 09:30:01.680,4.862,7400
2020-09-01 09:30:01.680,4.864,3000
2020-09-01 09:30:01.800,4.864,500
2020-09-01 09:30:01.800,4.864,2000
2020-09-01 09:30:01.910,4.863,700
2020-09-01 09:30:01.910,4.864,1000
2020-09-01 09:30:01.910,4.864,2000
2020-09-01 09:30:01.910,4.863,300
2020-09-01 09:30:01.910,4.863,3000
2020-09-01 09:30:01.910,4.862,14900
2020-09-01 09:30:01.910,4.862,2300
2020-09-01 09:30:02.030,4.863,100
2020-09-01 09:30:02.030,4.863,4900
2020-09-01 09:30:02.030,4.864,4700
2020-09-01 09:30:02.030,4.865,2300
2020-09-01 09:30:02.030,4.865,3100
2020-09-01 09:30:02.030,4.865,100
2020-09-01 09:30:02.030,4.862,700
2020-09-01 09:30:02.030,4.861,10000
2020-09-01 09:30:02.030,4.861,12000
2020-09-01 09:30:02.030,4.861,5000
2020-09-01 09:30:02.030,4.861,5000
2020-09-01 09:30:02.030,4.861,17000
2020-09-01 09:30:02.140,4.861,5200
2020-09-01 09:30:02.140,4.861,50000
2020-09-01 09:30:02.140,4.861,10000
2020-09-01 09:30:02.140,4.861,500
2020-09-01 09:30:02.140,4.861,10000
2020-09-01 09:30:02.370,4.861,100
2020-09-01 09:30:02.370,4.861,5000
2020-09-01 09:30:02.370,4.861,200
2020-09-01 09:30:02.370,4.861,100
2020-09-01 09:30:02.370,4.861,5000
2020-09-01 09:30:02.490,4.861,100
2020-09-01 09:30:02.490,4.861,5000
2020-09-01 09:30:02.490,4.861,20000
2020-09-01 09:30:02.490,4.861,200
2020-09-01 09:30:02.600,4.861,3000
2020-09-01 09:30:02.600,4.861,10000
2020-09-01 09:30:02.600,4.861,200
2020-09-01 09:30:02.600,4.861,500
2020-09-01 09:30:02.830,4.861,1000
2020-09-01 09:30:02.830,4.861,1800
2020-09-01 09:30:02.950,4.861,37300
2020-09-01 09:30:03.190,4.861,100
2020-09-01 09:30:03.190,4.861,100
2020-09-01 09:30:03.190,4.861,3000
2020-09-01 09:30:03.190,4.861,5000
2020-09-01 09:30:03.190,4.861,500
2020-09-01 09:30:03.190,4.861,288100
2020-09-01 09:30:03.190,4.862,1000
2020-09-01 09:30:03.190,4.863,1800
2020-09-01 09:30:03.190,4.863,1000
2020-09-01 09:30:03.310,4.864,2600
2020-09-01 09:30:03.310,4.864,4000
2020-09-01 09:30:03.310,4.864,10000
2020-09-01 09:30:03.310,4.865,400
2020-09-01 09:30:03.310,4.865,1600
2020-09-01 09:30:03.420,4.864,800
2020-09-01 09:30:03.540,4.863,8100
2020-09-01 09:30:03.540,4.862,100
2020-09-01 09:30:03.540,4.861,2100
2020-09-01 09:30:03.540,4.861,2100
2020-09-01 09:30:03.540,4.861,9000
2020-09-01 09:30:03.540,4.861,7600
2020-09-01 09:30:03.540,4.864,5000
2020-09-01 09:30:03.660,4.864,1200
2020-09-01 09:30:03.660,4.865,4800
2020-09-01 09:30:03.660,4.865,13100
2020-09-01 09:30:03.660,4.865,3000
2020-09-01 09:30:03.660,4.865,1000
2020-09-01 09:30:03.660,4.865,100
2020-09-01 09:30:03.660,4.865,16800
2020-09-01 09:30:03.810,4.865,3000
2020-09-01 09:30:03.810,4.865,300
2020-09-01 09:30:04.000,4.865,9900
2020-09-01 09:30:04.000,4.865,7800
2020-09-01 09:30:04.000,4.865,6600
2020-09-01 09:30:04.000,4.865,100
2020-09-01 09:30:04.000,4.865,300
2020-09-01 09:30:04.000,4.865,4000
2020-09-01 09:30:04.110,4.865,4600
2020-09-01 09:30:04.110,4.865,400
2020-09-01 09:30:04.240,4.862,1000
2020-09-01 09:30:04.240,4.861,1300
2020-09-01 09:30:04.350,4.865,4000
2020-09-01 09:30:04.350,4.865,1000
2020-09-01 09:30:04.350,4.865,3000
2020-09-01 09:30:04.350,4.865,200
2020-09-01 09:30:04.350,4.865,5000
2020-09-01 09:30:04.470,4.865,100
2020-09-01 09:30:04.470,4.865,100
2020-09-01 09:30:04.580,4.865,10000
2020-09-01 09:30:04.580,4.865,600
2020-09-01 09:30:04.680,4.865,200
2020-09-01 09:30:04.730,4.865,10000
2020-09-01 09:30:04.730,4.865,9400
2020-09-01 09:30:04.730,4.865,100
2020-09-01 09:30:04.730,4.865,27700
2020-09-01 09:30:04.730,4.865,10000
2020-09-01 09:30:04.730,4.865,4000
2020-09-01 09:30:04.830,4.863,1000
2020-09-01 09:30:04.830,4.863,3000
2020-09-01 09:30:04.830,4.863,2000
2020-09-01 09:30:04.830,4.862,3000
2020-09-01 09:30:04.970,4.862,300
2020-09-01 09:30:05.090,4.862,1000
2020-09-01 09:30:05.090,4.862,300
2020-09-01 09:30:05.170,4.862,100
2020-09-01 09:30:05.170,4.862,600
2020-09-01 09:30:05.260,4.862,1000
2020-09-01 09:30:05.260,4.862,2000
2020-09-01 09:30:05.380,4.862,500
2020-09-01 09:30:05.380,4.862,500
2020-09-01 09:30:05.380,4.862,600
2020-09-01 09:30:05.380,4.862,5000
2020-09-01 09:30:05.380,4.862,1400
2020-09-01 09:30:05.380,4.862,500
2020-09-01 09:30:05.420,4.862,500
2020-09-01 09:30:05.530,4.862,20000
2020-09-01 09:30:05.610,4.862,4200
2020-09-01 09:30:05.610,4.862,100
2020-09-01 09:30:05.750,4.862,22400
2020-09-01 09:30:06.010,4.862,1000
2020-09-01 09:30:06.040,4.862,30000
2020-09-01 09:30:06.110,4.861,1100
2020-09-01 09:30:06.110,4.861,10000
2020-09-01 09:30:06.110,4.861,300
2020-09-01 09:30:06.110,4.861,8600
2020-09-01 09:30:06.220,4.862,700
2020-09-01 09:30:06.280,4.862,10000
2020-09-01 09:30:06.370,4.862,5800
2020-09-01 09:30:06.490,4.862,1000
2020-09-01 09:30:06.600,4.862,3000
2020-09-01 09:30:06.720,4.862,10000
2020-09-01 09:30:06.720,4.862,2000
2020-09-01 09:30:06.800,4.862,100
2020-09-01 09:30:06.800,4.862,100
2020-09-01 09:30:06.880,4.862,50000
2020-09-01 09:30:06.920,4.862,700
2020-09-01 09:30:07.030,4.862,200
2020-09-01 09:30:07.280,4.862,110100
2020-09-01 09:30:07.320,4.862,1000
2020-09-01 09:30:07.420,4.862,1000
2020-09-01 09:30:07.550,4.862,400
2020-09-01 09:30:07.590,4.862,315000
2020-09-01 09:30:07.620,4.862,6100
2020-09-01 09:30:07.690,4.862,2000
2020-09-01 09:30:07.960,4.862,30000
2020-09-01 09:30:08.040,4.862,300
2020-09-01 09:30:08.250,4.862,17000
2020-09-01 09:30:08.510,4.862,200
2020-09-01 09:30:08.510,4.862,1000
2020-09-01 09:30:08.630,4.862,315000
2020-09-01 09:30:08.630,4.862,100
2020-09-01 09:30:08.630,4.862,800
2020-09-01 09:30:08.630,4.862,1000
2020-09-01 09:30:08.630,4.862,200
2020-09-01 09:30:08.650,4.862,1000
2020-09-01 09:30:08.750,4.862,300
2020-09-01 09:30:08.780,4.862,12900
2020-09-01 09:30:08.780,4.862,37100
2020-09-01 09:30:08.850,4.862,1000
2020-09-01 09:30:08.990,4.862,1500
2020-09-01 09:30:08.990,4.861,100
2020-09-01 09:30:08.990,4.861,31300
2020-09-01 09:30:08.990,4.861,5000
2020-09-01 09:30:08.990,4.861,9700
2020-09-01 09:30:09.090,4.862,200
2020-09-01 09:30:09.090,4.862,1000
2020-09-01 09:30:09.090,4.862,1000
2020-09-01 09:30:09.130,4.862,1000
2020-09-01 09:30:09.130,4.862,200
2020-09-01 09:30:09.130,4.862,100
2020-09-01 09:30:09.130,4.862,100
2020-09-01 09:30:09.230,4.862,700
2020-09-01 09:30:09.230,4.862,200
2020-09-01 09:30:09.260,4.862,8000
2020-09-01 09:30:09.260,4.862,400
2020-09-01 09:30:09.360,4.862,1000
2020-09-01 09:30:09.360,4.862,500
2020-09-01 09:30:09.530,4.862,200
2020-09-01 09:30:09.530,4.862,700
2020-09-01 09:30:09.530,4.862,1000
2020-09-01 09:30:09.750,4.862,1000
2020-09-01 09:30:09.840,4.862,400
2020-09-01 09:30:09.840,4.862,500
2020-09-01 09:30:09.870,4.862,30000
2020-09-01 09:30:10.040,4.862,500
2020-09-01 09:30:10.040,4.862,6900
2020-09-01 09:30:10.040,4.862,18700
2020-09-01 09:30:10.480,4.862,7000
2020-09-01 09:30:10.540,4.861,10000
2020-09-01 09:30:10.640,4.861,22600
2020-09-01 09:30:10.640,4.861,2400
2020-09-01 09:30:10.760,4.862,301700
2020-09-01 09:30:10.850,4.862,1000
2020-09-01 09:30:11.070,4.861,20300
2020-09-01 09:30:11.340,4.862,50000
2020-09-01 09:30:11.660,4.862,2000
2020-09-01 09:30:12.240,4.862,900
2020-09-01 09:30:12.660,4.862,5000
2020-09-01 09:30:13.160,4.862,300000
2020-09-01 09:30:13.390,4.862,100
2020-09-01 09:30:13.920,4.862,218400
2020-09-01 09:30:13.920,4.862,81600
2020-09-01 09:30:13.920,4.862,1000
2020-09-01 09:30:14.260,4.862,100
2020-09-01 09:30:15.000,4.862,1000
2020-09-01 09:30:15.000,4.862,61700
2020-09-01 09:30:15.100,4.862,92800
2020-09-01 09:30:15.100,4.862,30000
2020-09-01 09:30:15.100,4.862,1900
2020-09-01 09:30:15.940,4.863,5000
2020-09-01 09:30:16.570,4.862,100000
2020-09-01 09:30:17.150,4.862,1000
2020-09-01 09:30:17.260,4.863,500
2020-09-01 09:30:17.590,4.862,1000
2020-09-01 09:30:18.320,4.863,4500
2020-09-01 09:30:18.320,4.863,1000
2020-09-01 09:30:18.700,4.864,200
2020-09-01 09:30:19.460,4.863,10000
2020-09-01 09:30:19.740,4.864,8200
2020-09-01 09:30:20.150,4.864,46600
2020-09-01 09:30:21.220,4.864,46000
2020-09-01 09:30:21.780,4.865,700
2020-09-01 09:30:22.780,4.865,1000
2020-09-01 09:30:23.260,4.865,10000
2020-09-01 09:30:23.540,4.865,146200
2020-09-01 09:30:24.080,4.864,4400
2020-09-01 09:30:24.210,4.863,1200
2020-09-01 09:30:24.210,4.863,100
2020-09-01 09:30:24.630,4.863,2900
2020-09-01 09:30:24.630,4.864,6300
2020-09-01 09:30:25.030,4.862,200
2020-09-01 09:30:25.660,4.864,300
2020-09-01 09:30:25.800,4.863,3000
2020-09-01 09:30:25.800,4.862,2600
2020-09-01 09:30:25.920,4.864,6500
2020-09-01 09:30:26.460,4.864,100
2020-09-01 09:30:26.580,4.864,5100
2020-09-01 09:30:27.390,4.864,400
2020-09-01 09:30:27.490,4.864,30300
2020-09-01 09:30:27.490,4.864,14000
2020-09-01 09:30:27.490,4.865,400
2020-09-01 09:30:27.490,4.865,2200
2020-09-01 09:30:27.490,4.865,5700
2020-09-01 09:30:27.490,4.865,5000
2020-09-01 09:30:27.490,4.865,30000
2020-09-01 09:30:27.490,4.865,400
2020-09-01 09:30:27.490,4.865,1000
2020-09-01 09:30:27.490,4.865,5000
2020-09-01 09:30:27.490,4.865,5100
2020-09-01 09:30:27.490,4.865,200
2020-09-01 09:30:27.490,4.865,4100
2020-09-01 09:30:27.490,4.865,23000
2020-09-01 09:30:27.490,4.865,100
2020-09-01 09:30:27.490,4.865,22300
2020-09-01 09:30:27.490,4.865,30000
2020-09-01 09:30:27.490,4.865,2000
2020-09-01 09:30:27.490,4.865,3400
2020-09-01 09:30:27.490,4.865,600
2020-09-01 09:30:27.490,4.865,1000
2020-09-01 09:30:27.490,4.865,1000
2020-09-01 09:30:27.490,4.865,200
2020-09-01 09:30:27.490,4.865,300
2020-09-01 09:30:27.490,4.865,100
2020-09-01 09:30:27.490,4.865,1000
2020-09-01 09:30:27.490,4.865,2200
2020-09-01 09:30:27.490,4.865,26200
2020-09-01 09:30:27.490,4.865,10000
2020-09-01 09:30:27.490,4.865,500
2020-09-01 09:30:27.490,4.865,12800
2020-09-01 09:30:27.490,4.865,1200
2020-09-01 09:30:27.490,4.865,164100
2020-09-01 09:30:27.490,4.865,10000
2020-09-01 09:30:27.490,4.865,200
2020-09-01 09:30:27.490,4.865,700
2020-09-01 09:30:29.090,4.865,1900
2020-09-01 09:30:29.090,4.864,8100
2020-09-01 09:30:30.280,4.865,1000
2020-09-01 09:30:31.250,4.865,400
2020-09-01 09:30:32.300,4.865,1000
2020-09-01 09:30:32.920,4.866,100
2020-09-01 09:30:33.790,4.865,1100
2020-09-01 09:30:33.790,4.865,500
2020-09-01 09:30:33.790,4.865,2400
2020-09-01 09:30:35.480,4.866,100
2020-09-01 09:30:35.480,4.866,4000
2020-09-01 09:30:35.480,4.866,200
2020-09-01 09:30:35.480,4.866,10000
2020-09-01 09:30:35.480,4.866,5700
2020-09-01 09:30:35.650,4.865,1500
2020-09-01 09:30:35.650,4.865,4100
2020-09-01 09:30:35.650,4.865,34900
2020-09-01 09:30:35.650,4.865,1100
2020-09-01 09:30:35.990,4.865,3000
2020-09-01 09:30:36.120,4.865,700
2020-09-01 09:30:36.280,4.864,400
2020-09-01 09:30:36.280,4.864,100
2020-09-01 09:30:36.280,4.864,4200
2020-09-01 09:30:37.150,4.865,3500
2020-09-01 09:30:37.680,4.864,1000
2020-09-01 09:30:38.690,4.865,5400
2020-09-01 09:30:39.470,4.865,400
2020-09-01 09:30:39.690,4.865,3000
2020-09-01 09:30:39.900,4.865,200
2020-09-01 09:30:40.280,4.865,4400
2020-09-01 09:30:40.340,4.865,800
2020-09-01 09:30:40.600,4.865,300
2020-09-01 09:30:41.620,4.865,600
2020-09-01 09:30:41.690,4.865,4500
2020-09-01 09:30:42.780,4.865,8100
2020-09-01 09:30:42.780,4.864,14800
2020-09-01 09:30:42.780,4.864,200
2020-09-01 09:30:42.940,4.865,40000
2020-09-01 09:30:43.380,4.865,4400
2020-09-01 09:30:43.500,4.865,35000
2020-09-01 09:30:43.500,4.865,4000
2020-09-01 09:30:43.500,4.865,11000
2020-09-01 09:30:43.650,4.865,3800
2020-09-01 09:30:43.650,4.865,6200
2020-09-01 09:30:43.940,4.865,4000
2020-09-01 09:30:44.280,4.864,400
2020-09-01 09:30:44.540,4.865,4800
2020-09-01 09:30:44.540,4.865,17200
2020-09-01 09:30:44.570,4.864,2700
2020-09-01 09:30:44.640,4.865,1000
2020-09-01 09:30:44.950,4.865,4400
2020-09-01 09:30:46.970,4.864,1000
2020-09-01 09:30:46.970,4.864,700
2020-09-01 09:30:46.970,4.864,400
2020-09-01 09:30:47.150,4.864,600
2020-09-01 09:30:47.150,4.864,1000
2020-09-01 09:30:47.150,4.864,1400
2020-09-01 09:30:47.250,4.865,2000
2020-09-01 09:30:47.340,4.864,500
2020-09-01 09:30:47.340,4.864,300
2020-09-01 09:30:47.690,4.865,4000
2020-09-01 09:30:48.220,4.864,3700
2020-09-01 09:30:48.220,4.863,2000
2020-09-01 09:30:48.220,4.863,1800
2020-09-01 09:30:48.440,4.864,1600
2020-09-01 09:30:48.620,4.865,23200
2020-09-01 09:30:48.620,4.865,6300
2020-09-01 09:30:48.620,4.866,5900
2020-09-01 09:30:48.620,4.866,5000
2020-09-01 09:30:48.620,4.866,19600
2020-09-01 09:30:48.650,4.864,400
2020-09-01 09:30:48.650,4.864,20200
2020-09-01 09:30:49.140,4.864,49400
2020-09-01 09:30:50.320,4.865,7700
2020-09-01 09:30:51.100,4.865,40000
2020-09-01 09:30:52.150,4.865,200
2020-09-01 09:30:53.150,4.865,1000
2020-09-01 09:30:53.750,4.865,200
2020-09-01 09:30:54.430,4.865,81800
2020-09-01 09:30:54.750,4.865,14900
2020-09-01 09:30:54.750,4.865,10000
2020-09-01 09:30:54.750,4.865,5700
2020-09-01 09:30:54.750,4.865,10000
2020-09-01 09:30:54.750,4.865,2000
2020-09-01 09:30:54.750,4.865,30000
2020-09-01 09:30:54.750,4.865,3000
2020-09-01 09:30:54.780,4.865,13400
2020-09-01 09:30:55.280,4.865,1100
2020-09-01 09:30:56.490,4.865,7500
2020-09-01 09:30:56.880,4.865,5000
2020-09-01 09:30:56.940,4.865,100
2020-09-01 09:30:57.890,4.865,1000
2020-09-01 09:30:57.990,4.865,2100
2020-09-01 09:30:58.330,4.865,1400
2020-09-01 09:30:58.330,4.865,100
2020-09-01 09:31:00.210,4.865,1000
2020-09-01 09:31:00.680,4.865,20500
2020-09-01 09:31:00.740,4.865,100
2020-09-01 09:31:01.430,4.865,2000
2020-09-01 09:31:01.530,4.864,4000
2020-09-01 09:31:01.530,4.864,1000
2020-09-01 09:31:01.530,4.864,3000
2020-09-01 09:31:01.530,4.864,200
2020-09-01 09:31:01.530,4.864,11800
2020-09-01 09:31:01.590,4.865,1000
2020-09-01 09:31:02.120,4.865,126900
2020-09-01 09:31:02.120,4.865,1000
2020-09-01 09:31:02.620,4.865,100
2020-09-01 09:31:02.690,4.864,20800
2020-09-01 09:31:02.690,4.864,3000
2020-09-01 09:31:02.690,4.864,113000
2020-09-01 09:31:02.800,4.865,100
2020-09-01 09:31:03.010,4.864,20000
2020-09-01 09:31:03.010,4.865,300
2020-09-01 09:31:03.100,4.865,5000
2020-09-01 09:31:03.100,4.865,600
2020-09-01 09:31:03.520,4.865,100
2020-09-01 09:31:03.600,4.865,100
2020-09-01 09:31:03.630,4.865,2000
2020-09-01 09:31:03.720,4.865,4000
2020-09-01 09:31:03.910,4.864,4000
2020-09-01 09:31:04.030,4.865,400
2020-09-01 09:31:04.850,4.865,10000
2020-09-01 09:31:05.070,4.865,200
2020-09-01 09:31:05.700,4.864,4000
2020-09-01 09:31:06.020,4.865,10000
2020-09-01 09:31:06.180,4.865,300
2020-09-01 09:31:06.240,4.865,200
2020-09-01 09:31:06.530,4.865,2100
2020-09-01 09:31:07.430,4.865,3500
2020-09-01 09:31:08.230,4.865,400
2020-09-01 09:31:08.480,4.865,4100
2020-09-01 09:31:08.940,4.864,7300
2020-09-01 09:31:08.940,4.864,2200
2020-09-01 09:31:08.940,4.864,5000
2020-09-01 09:31:08.940,4.864,15000
2020-09-01 09:31:09.280,4.864,500
2020-09-01 09:31:09.280,4.864,500
2020-09-01 09:31:10.200,4.864,30000
2020-09-01 09:31:10.710,4.864,100
2020-09-01 09:31:10.770,4.864,2000
2020-09-01 09:31:11.660,4.864,8000
2020-09-01 09:31:12.480,4.864,100
2020-09-01 09:31:12.830,4.864,30000
2020-09-01 09:31:12.950,4.864,1200
2020-09-01 09:31:13.070,4.863,200
2020-09-01 09:31:13.070,4.863,2000
2020-09-01 09:31:13.070,4.863,800
2020-09-01 09:31:13.130,4.864,4900
2020-09-01 09:31:13.440,4.864,700
2020-09-01 09:31:13.440,4.864,500
2020-09-01 09:31:13.440,4.864,800
2020-09-01 09:31:14.840,4.864,2200
2020-09-01 09:31:14.840,4.864,10000
2020-09-01 09:31:14.840,4.864,1000
2020-09-01 09:31:14.840,4.864,2000
2020-09-01 09:31:14.840,4.864,3200
2020-09-01 09:31:14.840,4.864,1600
2020-09-01 09:31:16.240,4.863,1200
2020-09-01 09:31:16.240,4.863,3300
2020-09-01 09:31:16.240,4.863,2000
2020-09-01 09:31:16.240,4.863,500
2020-09-01 09:31:16.240,4.863,30000
2020-09-01 09:31:16.350,4.863,11700
2020-09-01 09:31:16.480,4.863,28400
2020-09-01 09:31:16.480,4.864,1600
2020-09-01 09:31:17.200,4.864,100
2020-09-01 09:31:17.850,4.864,3000
2020-09-01 09:31:17.980,4.864,1000
2020-09-01 09:31:18.040,4.863,2000
2020-09-01 09:31:18.040,4.862,13600
2020-09-01 09:31:18.440,4.864,100
2020-09-01 09:31:18.440,4.863,500
2020-09-01 09:31:18.690,4.864,4200
2020-09-01 09:31:18.910,4.864,18400
2020-09-01 09:31:18.910,4.864,11600
2020-09-01 09:31:19.240,4.863,1600
2020-09-01 09:31:20.630,4.864,1300
2020-09-01 09:31:20.630,4.864,5800
2020-09-01 09:31:20.630,4.864,10000
2020-09-01 09:31:20.630,4.865,12900
2020-09-01 09:31:21.380,4.864,94400
2020-09-01 09:31:21.590,4.864,2000
2020-09-01 09:31:21.810,4.864,403300
2020-09-01 09:31:21.840,4.865,33800
2020-09-01 09:31:21.840,4.865,56800
2020-09-01 09:31:21.840,4.865,2500
2020-09-01 09:31:21.840,4.865,2400
2020-09-01 09:31:21.840,4.865,700
2020-09-01 09:31:21.840,4.865,4000
2020-09-01 09:31:21.840,4.865,8900
2020-09-01 09:31:21.840,4.865,29900
2020-09-01 09:31:21.840,4.865,10500
2020-09-01 09:31:21.840,4.865,1000
2020-09-01 09:31:21.840,4.865,30000
2020-09-01 09:31:22.540,4.866,400
2020-09-01 09:31:22.540,4.866,29600
2020-09-01 09:31:23.230,4.864,4200
2020-09-01 09:31:24.940,4.866,23700
2020-09-01 09:31:24.940,4.866,6300
2020-09-01 09:31:25.190,4.865,30000
2020-09-01 09:31:25.190,4.864,1000
2020-09-01 09:31:25.190,4.864,100
2020-09-01 09:31:25.190,4.864,30000
2020-09-01 09:31:25.550,4.863,2000
2020-09-01 09:31:25.550,4.863,13000
2020-09-01 09:31:26.480,4.864,3000
2020-09-01 09:31:26.610,4.863,1400
2020-09-01 09:31:26.850,4.864,13000
2020-09-01 09:31:26.970,4.863,2100
2020-09-01 09:31:27.010,4.864,4100
2020-09-01 09:31:27.010,4.864,13700
2020-09-01 09:31:27.010,4.864,12200
2020-09-01 09:31:27.100,4.864,5100
2020-09-01 09:31:27.160,4.864,100
2020-09-01 09:31:27.290,4.864,2600
2020-09-01 09:31:27.380,4.866,30000
2020-09-01 09:31:27.700,4.864,1500
2020-09-01 09:31:27.700,4.864,500
2020-09-01 09:31:28.830,4.866,30000
2020-09-01 09:31:29.200,4.866,3000
2020-09-01 09:31:29.660,4.866,400
2020-09-01 09:31:29.730,4.865,4300
2020-09-01 09:31:29.820,4.866,24800
2020-09-01 09:31:29.820,4.866,35600
2020-09-01 09:31:29.820,4.866,2000
2020-09-01 09:31:29.820,4.866,6800
2020-09-01 09:31:29.820,4.866,17900
2020-09-01 09:31:29.820,4.866,36600
2020-09-01 09:31:29.820,4.866,300
2020-09-01 09:31:29.820,4.866,65000
2020-09-01 09:31:29.820,4.866,9200
2020-09-01 09:31:29.820,4.866,50000
2020-09-01 09:31:29.820,4.866,1000
2020-09-01 09:31:29.820,4.866,7400
2020-09-01 09:31:29.820,4.866,2000
2020-09-01 09:31:30.190,4.866,1000
2020-09-01 09:31:30.350,4.866,500
2020-09-01 09:31:30.410,4.868,15000
2020-09-01 09:31:30.410,4.868,2000
2020-09-01 09:31:30.410,4.868,13000
2020-09-01 09:31:30.440,4.868,37000
2020-09-01 09:31:30.440,4.868,21000
2020-09-01 09:31:30.440,4.868,40000
2020-09-01 09:31:30.440,4.869,1000
2020-09-01 09:31:30.440,4.869,197000
2020-09-01 09:31:30.720,4.867,13000
2020-09-01 09:31:31.430,4.869,30000
2020-09-01 09:31:31.820,4.869,34200
2020-09-01 09:31:32.210,4.866,14900
2020-09-01 09:31:33.030,4.866,200
2020-09-01 09:31:33.940,4.868,27600
2020-09-01 09:31:34.150,4.869,30000
2020-09-01 09:31:34.330,4.868,2400
2020-09-01 09:31:34.330,4.866,7600
2020-09-01 09:31:34.630,4.866,6000
2020-09-01 09:31:35.460,4.869,300
2020-09-01 09:31:35.460,4.869,3300
2020-09-01 09:31:35.460,4.87,3000
2020-09-01 09:31:35.460,4.87,16800
2020-09-01 09:31:35.460,4.87,500
2020-09-01 09:31:35.460,4.87,2000
2020-09-01 09:31:35.460,4.87,4100
2020-09-01 09:31:35.460,4.866,10000
2020-09-01 09:31:36.340,4.87,100
2020-09-01 09:31:36.920,4.868,1000
2020-09-01 09:31:37.830,4.868,29000
2020-09-01 09:31:37.830,4.867,17100
2020-09-01 09:31:38.440,4.87,500
2020-09-01 09:31:39.210,4.867,8600
2020-09-01 09:31:39.280,4.87,300
2020-09-01 09:31:39.280,4.87,3700
2020-09-01 09:31:39.460,4.87,2000
2020-09-01 09:31:40.020,4.87,100
2020-09-01 09:31:40.380,4.871,40000
2020-09-01 09:31:40.380,4.871,6600
2020-09-01 09:31:40.380,4.871,3000
2020-09-01 09:31:41.640,4.871,400
2020-09-01 09:31:41.640,4.871,300
2020-09-01 09:31:41.640,4.871,300
2020-09-01 09:31:42.970,4.871,100
2020-09-01 09:31:43.180,4.871,100
2020-09-01 09:31:43.180,4.87,1900
2020-09-01 09:31:43.640,4.872,400
2020-09-01 09:31:43.640,4.872,1700
2020-09-01 09:31:44.400,4.87,5000
2020-09-01 09:31:44.430,4.872,2600
2020-09-01 09:31:45.130,4.872,2600
2020-09-01 09:31:45.220,4.872,2000
2020-09-01 09:31:46.010,4.872,2200
2020-09-01 09:31:46.840,4.872,2200
2020-09-01 09:31:46.900,4.872,1600
2020-09-01 09:31:47.690,4.872,2300
2020-09-01 09:31:48.010,4.87,300
2020-09-01 09:31:48.080,4.872,2800
2020-09-01 09:31:48.080,4.872,5000
2020-09-01 09:31:48.080,4.872,5000
2020-09-01 09:31:48.080,4.873,10100
2020-09-01 09:31:48.080,4.873,100
2020-09-01 09:31:48.080,4.873,500
2020-09-01 09:31:48.080,4.874,4700
2020-09-01 09:31:48.080,4.874,1500
2020-09-01 09:31:48.080,4.874,3700
2020-09-01 09:31:48.080,4.874,500
2020-09-01 09:31:48.080,4.874,100
2020-09-01 09:31:48.080,4.874,500
2020-09-01 09:31:48.080,4.874,2100
2020-09-01 09:31:48.080,4.874,400
2020-09-01 09:31:48.080,4.874,600
2020-09-01 09:31:48.080,4.874,100
2020-09-01 09:31:48.080,4.874,100
2020-09-01 09:31:48.080,4.874,500
2020-09-01 09:31:48.080,4.874,200
2020-09-01 09:31:48.080,4.874,54000
2020-09-01 09:31:48.080,4.874,500
2020-09-01 09:31:48.080,4.874,6100
2020-09-01 09:31:49.060,4.873,2200
2020-09-01 09:31:49.060,4.873,1500
2020-09-01 09:31:49.060,4.872,10000
2020-09-01 09:31:49.300,4.871,1200
2020-09-01 09:31:49.600,4.87,100
2020-09-01 09:31:49.770,4.871,500
2020-09-01 09:31:49.930,4.871,1000
2020-09-01 09:31:50.010,4.871,2000
2020-09-01 09:31:50.390,4.871,5600
2020-09-01 09:31:50.870,4.871,1300
2020-09-01 09:31:50.900,4.871,1300
2020-09-01 09:31:50.900,4.871,1300
2020-09-01 09:31:51.000,4.871,700
2020-09-01 09:31:51.100,4.871,100
2020-09-01 09:31:51.680,4.871,5000
2020-09-01 09:31:52.050,4.871,1000
2020-09-01 09:31:52.430,4.871,2900
2020-09-01 09:31:52.430,4.871,2900
2020-09-01 09:31:52.430,4.871,2300
2020-09-01 09:31:52.770,4.871,4100
2020-09-01 09:31:53.100,4.871,100
2020-09-01 09:31:53.740,4.871,500
2020-09-01 09:31:54.080,4.874,3000
2020-09-01 09:31:54.110,4.871,1100
2020-09-01 09:31:54.110,4.874,1800
2020-09-01 09:31:54.110,4.874,2400
2020-09-01 09:31:54.390,4.871,400
2020-09-01 09:31:54.390,4.871,1000
2020-09-01 09:31:54.390,4.87,4600
2020-09-01 09:31:54.390,4.87,100
2020-09-01 09:31:54.390,4.87,2000
2020-09-01 09:31:54.390,4.87,1000
2020-09-01 09:31:54.390,4.87,1000
2020-09-01 09:31:54.390,4.869,100
2020-09-01 09:31:54.390,4.869,7200
2020-09-01 09:31:55.760,4.87,100
2020-09-01 09:31:55.760,4.872,4300
2020-09-01 09:31:56.390,4.87,1000
2020-09-01 09:31:56.390,4.87,18300
2020-09-01 09:31:57.500,4.872,500
2020-09-01 09:31:58.690,4.871,200
2020-09-01 09:31:59.050,4.871,3400
2020-09-01 09:31:59.110,4.871,3600
2020-09-01 09:31:59.450,4.872,6400
2020-09-01 09:32:00.620,4.873,1200
2020-09-01 09:32:01.570,4.872,20000
2020-09-01 09:32:02.480,4.872,3600
2020-09-01 09:32:02.480,4.871,3400
2020-09-01 09:32:03.350,4.873,18800
2020-09-01 09:32:03.350,4.873,400
2020-09-01 09:32:03.600,4.874,6700
2020-09-01 09:32:03.600,4.874,4000
2020-09-01 09:32:03.600,4.874,5000
2020-09-01 09:32:03.600,4.874,10000
2020-09-01 09:32:03.600,4.874,93400
2020-09-01 09:32:06.220,4.874,100
2020-09-01 09:32:06.700,4.875,200
2020-09-01 09:32:06.700,4.875,1000
2020-09-01 09:32:06.700,4.875,100
2020-09-01 09:32:06.700,4.875,100
2020-09-01 09:32:06.700,4.875,600
2020-09-01 09:32:07.860,4.874,180800
2020-09-01 09:32:07.860,4.874,18100
2020-09-01 09:32:07.860,4.874,1100
2020-09-01 09:32:08.390,4.875,1400
2020-09-01 09:32:08.960,4.874,400
2020-09-01 09:32:08.960,4.874,4000
2020-09-01 09:32:09.110,4.875,5000
2020-09-01 09:32:09.360,4.874,1000
2020-09-01 09:32:09.360,4.873,10000
2020-09-01 09:32:10.070,4.873,10000
2020-09-01 09:32:11.130,4.873,1700
2020-09-01 09:32:11.200,4.873,3300
2020-09-01 09:32:11.200,4.874,6300
2020-09-01 09:32:11.200,4.874,10400
2020-09-01 09:32:11.380,4.872,2000
2020-09-01 09:32:12.270,4.874,100
2020-09-01 09:32:12.800,4.874,39700
2020-09-01 09:32:12.800,4.874,25000
2020-09-01 09:32:12.800,4.874,2700
2020-09-01 09:32:13.100,4.875,1000
2020-09-01 09:32:14.500,4.874,500
2020-09-01 09:32:15.140,4.875,17000
2020-09-01 09:32:15.140,4.875,1900
2020-09-01 09:32:15.140,4.875,100
2020-09-01 09:32:15.140,4.875,100
2020-09-01 09:32:15.140,4.875,500
2020-09-01 09:32:15.140,4.875,3000
2020-09-01 09:32:15.140,4.875,1400
2020-09-01 09:32:15.230,4.875,13200
2020-09-01 09:32:16.210,4.874,1000
2020-09-01 09:32:16.600,4.874,6000
2020-09-01 09:32:16.900,4.875,2000
2020-09-01 09:32:18.130,4.874,1000
2020-09-01 09:32:18.460,4.874,100
2020-09-01 09:32:18.770,4.875,1500
2020-09-01 09:32:18.860,4.874,24000
2020-09-01 09:32:18.860,4.874,5000
2020-09-01 09:32:18.860,4.874,2000
2020-09-01 09:32:18.860,4.874,500
2020-09-01 09:32:18.860,4.874,200
2020-09-01 09:32:19.690,4.874,1000
2020-09-01 09:32:19.720,4.874,10000
2020-09-01 09:32:22.370,4.874,11700
2020-09-01 09:32:23.620,4.874,120200
2020-09-01 09:32:25.730,4.874,10000
2020-09-01 09:32:26.280,4.873,1000
2020-09-01 09:32:26.280,4.873,2000
2020-09-01 09:32:26.400,4.873,4000
2020-09-01 09:32:26.430,4.873,11000
2020-09-01 09:32:26.710,4.873,500
2020-09-01 09:32:26.990,4.873,100
2020-09-01 09:32:27.060,4.873,2400
2020-09-01 09:32:28.710,4.873,1000
2020-09-01 09:32:28.830,4.873,100
2020-09-01 09:32:31.280,4.873,2000
2020-09-01 09:32:32.320,4.873,5000
2020-09-01 09:32:32.350,4.873,2000
2020-09-01 09:32:32.440,4.873,400
2020-09-01 09:32:33.750,4.872,1000
2020-09-01 09:32:33.750,4.872,3500
2020-09-01 09:32:33.750,4.872,5000
2020-09-01 09:32:33.750,4.872,1100
2020-09-01 09:32:33.750,4.872,1000
2020-09-01 09:32:33.750,4.872,4900
2020-09-01 09:32:33.750,4.872,700
2020-09-01 09:32:33.750,4.872,17600
2020-09-01 09:32:33.750,4.872,10000
2020-09-01 09:32:33.750,4.872,300
2020-09-01 09:32:33.750,4.872,8400
2020-09-01 09:32:33.750,4.872,3000
2020-09-01 09:32:33.750,4.872,5000
2020-09-01 09:32:33.750,4.872,1200
2020-09-01 09:32:33.750,4.872,4000
2020-09-01 09:32:33.750,4.872,5000
2020-09-01 09:32:33.750,4.872,1000
2020-09-01 09:32:33.750,4.872,27300
2020-09-01 09:32:33.900,4.873,500
2020-09-01 09:32:34.760,4.873,2300
2020-09-01 09:32:35.480,4.873,5000
2020-09-01 09:32:35.580,4.872,8400
2020-09-01 09:32:35.750,4.873,76800
2020-09-01 09:32:36.090,4.873,2700
2020-09-01 09:32:36.510,4.872,1200
2020-09-01 09:32:36.570,4.873,2000
2020-09-01 09:32:39.100,4.872,3300
2020-09-01 09:32:40.010,4.873,1000
2020-09-01 09:32:40.740,4.873,1000
2020-09-01 09:32:41.990,4.873,400
2020-09-01 09:32:42.250,4.873,1300
2020-09-01 09:32:42.790,4.872,10000
2020-09-01 09:32:43.400,4.872,11500
2020-09-01 09:32:44.130,4.872,500
2020-09-01 09:32:44.280,4.872,5000
2020-09-01 09:32:45.800,4.873,2000
2020-09-01 09:32:47.500,4.873,2000
2020-09-01 09:32:48.330,4.873,800
2020-09-01 09:32:48.520,4.872,7000
2020-09-01 09:32:49.740,4.872,9000
2020-09-01 09:32:49.840,4.873,200
2020-09-01 09:32:51.050,4.872,3500
2020-09-01 09:32:51.120,4.873,10000
2020-09-01 09:32:51.220,4.873,100
2020-09-01 09:32:51.760,4.872,200
2020-09-01 09:32:52.960,4.872,39800
2020-09-01 09:32:52.960,4.872,1000
2020-09-01 09:32:52.960,4.872,2000
2020-09-01 09:32:52.960,4.872,10000
2020-09-01 09:32:52.960,4.872,1000
2020-09-01 09:32:52.960,4.872,5800
2020-09-01 09:32:52.960,4.872,300
2020-09-01 09:32:52.960,4.872,1000
2020-09-01 09:32:52.960,4.872,10000
2020-09-01 09:32:53.330,4.872,200
2020-09-01 09:32:53.960,4.872,3000
2020-09-01 09:32:53.990,4.872,500
2020-09-01 09:32:54.420,4.872,15000
2020-09-01 09:32:55.480,4.871,100
2020-09-01 09:32:55.480,4.871,400
2020-09-01 09:32:55.650,4.872,10000
2020-09-01 09:32:56.000,4.871,100
2020-09-01 09:32:56.000,4.871,16900
2020-09-01 09:32:56.130,4.872,200
2020-09-01 09:32:57.690,4.872,200
2020-09-01 09:32:57.690,4.872,100
2020-09-01 09:32:57.690,4.872,5000
2020-09-01 09:32:57.690,4.873,15200
2020-09-01 09:32:57.900,4.873,10000
2020-09-01 09:32:58.400,4.873,10000
2020-09-01 09:32:58.610,4.872,4200
2020-09-01 09:32:59.390,4.873,25200
2020-09-01 09:32:59.390,4.873,1500
2020-09-01 09:32:59.390,4.873,300
2020-09-01 09:32:59.390,4.873,3000
2020-09-01 09:32:59.430,4.872,2700
2020-09-01 09:32:59.550,4.873,900
2020-09-01 09:33:00.060,4.873,1100
2020-09-01 09:33:00.060,4.873,400
2020-09-01 09:33:00.060,4.873,500
2020-09-01 09:33:00.740,4.873,300
2020-09-01 09:33:01.430,4.873,800
2020-09-01 09:33:01.540,4.872,15600
2020-09-01 09:33:02.350,4.872,2200
2020-09-01 09:33:02.390,4.873,700
2020-09-01 09:33:03.150,4.873,100
2020-09-01 09:33:04.330,4.872,1800
2020-09-01 09:33:04.950,4.873,10000
2020-09-01 09:33:05.010,4.872,2300
2020-09-01 09:33:06.620,4.872,3300
2020-09-01 09:33:06.710,4.872,1300
2020-09-01 09:33:06.800,4.873,5000
2020-09-01 09:33:07.750,4.872,3100
2020-09-01 09:33:07.750,4.872,100
2020-09-01 09:33:07.750,4.872,100
2020-09-01 09:33:08.920,4.873,3000
2020-09-01 09:33:09.520,4.872,100
2020-09-01 09:33:09.520,4.872,2400
2020-09-01 09:33:09.520,4.872,13800
2020-09-01 09:33:09.880,4.872,500
2020-09-01 09:33:10.040,4.873,5000
2020-09-01 09:33:10.410,4.873,10300
2020-09-01 09:33:12.330,4.873,1000
2020-09-01 09:33:12.480,4.873,5600
2020-09-01 09:33:12.480,4.873,7400
2020-09-01 09:33:12.690,4.873,33500
2020-09-01 09:33:12.690,4.873,1000
2020-09-01 09:33:12.690,4.873,100
2020-09-01 09:33:16.140,4.873,600
2020-09-01 09:33:16.210,4.873,100
2020-09-01 09:33:18.540,4.873,20000
2020-09-01 09:33:19.340,4.873,2600
2020-09-01 09:33:20.530,4.874,200
2020-09-01 09:33:20.530,4.874,1800
2020-09-01 09:33:21.240,4.873,27000
2020-09-01 09:33:21.940,4.874,500
2020-09-01 09:33:22.420,4.874,500
2020-09-01 09:33:22.570,4.874,17200
2020-09-01 09:33:22.570,4.874,400
2020-09-01 09:33:22.570,4.874,300
2020-09-01 09:33:22.570,4.874,2000
2020-09-01 09:33:22.570,4.875,22200
2020-09-01 09:33:22.570,4.875,30000
2020-09-01 09:33:22.570,4.875,10100
2020-09-01 09:33:22.570,4.875,6500
2020-09-01 09:33:22.570,4.875,2500
2020-09-01 09:33:22.570,4.875,200
2020-09-01 09:33:22.570,4.875,3500
2020-09-01 09:33:22.570,4.875,5000
2020-09-01 09:33:22.570,4.875,2000
2020-09-01 09:33:22.630,4.875,1000
2020-09-01 09:33:24.610,4.875,1000
2020-09-01 09:33:24.760,4.875,300
2020-09-01 09:33:25.710,4.876,200
2020-09-01 09:33:25.810,4.875,100
2020-09-01 09:33:26.480,4.875,1100
2020-09-01 09:33:26.480,4.874,300
2020-09-01 09:33:28.530,4.875,5000
2020-09-01 09:33:28.530,4.876,10400
2020-09-01 09:33:30.010,4.875,1000
2020-09-01 09:33:30.010,4.876,5300
2020-09-01 09:33:30.010,4.876,200
2020-09-01 09:33:30.010,4.876,500
2020-09-01 09:33:30.010,4.876,8000
2020-09-01 09:33:32.050,4.875,400
2020-09-01 09:33:32.460,4.875,4600
2020-09-01 09:33:32.460,4.875,300
2020-09-01 09:33:32.460,4.875,3000
2020-09-01 09:33:32.560,4.876,100
2020-09-01 09:33:32.560,4.876,400
2020-09-01 09:33:32.560,4.876,900
2020-09-01 09:33:32.560,4.876,100
2020-09-01 09:33:32.560,4.876,600
2020-09-01 09:33:32.670,4.876,100
2020-09-01 09:33:32.670,4.876,100
2020-09-01 09:33:32.710,4.876,400
2020-09-01 09:33:32.710,4.876,500
2020-09-01 09:33:32.860,4.875,14100
2020-09-01 09:33:34.760,4.876,100
2020-09-01 09:33:36.810,4.875,8000
2020-09-01 09:33:37.050,4.875,4200
2020-09-01 09:33:37.750,4.876,4000
2020-09-01 09:33:38.070,4.875,500
2020-09-01 09:33:38.070,4.875,1500
2020-09-01 09:33:38.160,4.876,1600
2020-09-01 09:33:39.940,4.875,100
2020-09-01 09:33:41.160,4.876,100
2020-09-01 09:33:41.880,4.876,300
2020-09-01 09:33:42.690,4.876,300
2020-09-01 09:33:43.680,4.876,20000
2020-09-01 09:33:43.870,4.876,10000
2020-09-01 09:33:44.050,4.876,20000
2020-09-01 09:33:44.390,4.876,100
2020-09-01 09:33:44.420,4.876,20000
2020-09-01 09:33:44.480,4.876,1000
2020-09-01 09:33:44.700,4.876,11300
2020-09-01 09:33:44.700,4.876,200
2020-09-01 09:33:44.700,4.876,40700
2020-09-01 09:33:45.830,4.876,300
2020-09-01 09:33:46.430,4.877,10000
2020-09-01 09:33:46.430,4.877,10000
2020-09-01 09:33:46.800,4.877,3000
2020-09-01 09:33:46.800,4.877,700
2020-09-01 09:33:46.800,4.877,1500
2020-09-01 09:33:46.800,4.877,13400
2020-09-01 09:33:46.800,4.877,1400
2020-09-01 09:33:46.890,4.877,1600
2020-09-01 09:33:47.520,4.878,5200
2020-09-01 09:33:47.520,4.878,3400
2020-09-01 09:33:47.520,4.878,1000
2020-09-01 09:33:47.520,4.878,400
2020-09-01 09:33:47.520,4.877,100
2020-09-01 09:33:48.370,4.877,800
2020-09-01 09:33:48.460,4.878,600
2020-09-01 09:33:48.980,4.878,10000
2020-09-01 09:33:50.010,4.879,100
2020-09-01 09:33:50.010,4.879,2000
2020-09-01 09:33:50.010,4.879,3000
2020-09-01 09:33:50.010,4.879,2600
2020-09-01 09:33:50.010,4.879,800
2020-09-01 09:33:50.010,4.879,2000
2020-09-01 09:33:50.010,4.879,900
2020-09-01 09:33:50.010,4.879,8600
2020-09-01 09:33:50.370,4.879,20000
2020-09-01 09:33:51.210,4.878,9400
2020-09-01 09:33:51.210,4.878,20000
2020-09-01 09:33:51.210,4.878,20000
2020-09-01 09:33:51.210,4.877,600
2020-09-01 09:33:53.170,4.879,1000
2020-09-01 09:33:54.890,4.878,100
2020-09-01 09:33:55.490,4.879,10000
2020-09-01 09:33:56.370,4.879,1000
2020-09-01 09:33:56.460,4.879,100000
2020-09-01 09:33:56.590,4.879,300
2020-09-01 09:33:56.780,4.879,400
2020-09-01 09:33:56.920,4.879,4000
2020-09-01 09:33:57.630,4.878,3000
2020-09-01 09:33:57.700,4.878,6900
2020-09-01 09:33:58.180,4.877,1100
2020-09-01 09:33:58.410,4.878,500
2020-09-01 09:33:58.920,4.878,1000
2020-09-01 09:33:59.070,4.878,86500
2020-09-01 09:33:59.220,4.878,1000
2020-09-01 09:33:59.510,4.877,800
2020-09-01 09:33:59.780,4.878,4700
2020-09-01 09:34:00.210,4.877,16700
2020-09-01 09:34:00.210,4.877,500
2020-09-01 09:34:00.210,4.877,6000
2020-09-01 09:34:00.210,4.877,20000
2020-09-01 09:34:00.210,4.877,500
2020-09-01 09:34:00.210,4.877,400
2020-09-01 09:34:00.330,4.876,1000
2020-09-01 09:34:02.280,4.877,2700
2020-09-01 09:34:02.940,4.877,4000
2020-09-01 09:34:02.970,4.877,6800
2020-09-01 09:34:03.350,4.877,10000
2020-09-01 09:34:03.600,4.877,5000
2020-09-01 09:34:03.670,4.877,33700
2020-09-01 09:34:03.970,4.877,2000
2020-09-01 09:34:06.560,4.876,1100
2020-09-01 09:34:06.640,4.877,200
2020-09-01 09:34:07.130,4.876,17900
2020-09-01 09:34:07.130,4.876,182100
2020-09-01 09:34:07.460,4.876,140800
2020-09-01 09:34:07.460,4.876,20000
2020-09-01 09:34:07.460,4.876,300
2020-09-01 09:34:07.460,4.876,1000
2020-09-01 09:34:07.460,4.876,20000
2020-09-01 09:34:07.460,4.876,17900
2020-09-01 09:34:07.720,4.877,300
2020-09-01 09:34:07.810,4.877,40000
2020-09-01 09:34:08.440,4.876,6300
2020-09-01 09:34:08.950,4.877,500
2020-09-01 09:34:09.110,4.876,25800
2020-09-01 09:34:09.110,4.876,100
2020-09-01 09:34:09.110,4.876,2000
2020-09-01 09:34:09.110,4.876,3000
2020-09-01 09:34:09.110,4.876,500
2020-09-01 09:34:09.250,4.876,100
2020-09-01 09:34:09.670,4.876,3000
2020-09-01 09:34:10.300,4.876,400
2020-09-01 09:34:10.690,4.876,5000
2020-09-01 09:34:11.100,4.875,400
2020-09-01 09:34:11.100,4.875,500
2020-09-01 09:34:11.100,4.875,200
2020-09-01 09:34:11.100,4.875,100
2020-09-01 09:34:11.100,4.875,20000
2020-09-01 09:34:11.100,4.875,500
2020-09-01 09:34:11.100,4.875,300
2020-09-01 09:34:11.100,4.875,1600
2020-09-01 09:34:11.100,4.875,6700
2020-09-01 09:34:11.100,4.875,300
2020-09-01 09:34:11.100,4.875,1000
2020-09-01 09:34:11.100,4.874,7600
2020-09-01 09:34:11.100,4.874,10000
2020-09-01 09:34:11.100,4.874,200
2020-09-01 09:34:11.100,4.874,600
2020-09-01 09:34:11.420,4.876,50000
2020-09-01 09:34:11.690,4.876,5000
2020-09-01 09:34:12.730,4.876,2000
2020-09-01 09:34:13.430,4.876,500
2020-09-01 09:34:13.910,4.876,900
2020-09-01 09:34:14.560,4.875,700
2020-09-01 09:34:14.810,4.876,300
2020-09-01 09:34:14.930,4.876,500
2020-09-01 09:34:15.210,4.876,500
2020-09-01 09:34:15.270,4.876,1300
2020-09-01 09:34:15.270,4.876,1200
2020-09-01 09:34:15.330,4.876,1700
2020-09-01 09:34:16.180,4.876,1000
2020-09-01 09:34:16.680,4.876,500
2020-09-01 09:34:17.210,4.876,500
2020-09-01 09:34:17.270,4.876,77200
2020-09-01 09:34:17.710,4.875,8800
2020-09-01 09:34:17.710,4.874,400
2020-09-01 09:34:17.710,4.874,100
2020-09-01 09:34:17.710,4.874,200
2020-09-01 09:34:17.710,4.874,400
2020-09-01 09:34:17.710,4.874,59000
2020-09-01 09:34:18.160,4.874,14400
2020-09-01 09:34:18.370,4.876,500
2020-09-01 09:34:19.820,4.874,900
2020-09-01 09:34:20.450,4.875,100
2020-09-01 09:34:20.450,4.875,400
2020-09-01 09:34:20.790,4.875,500
2020-09-01 09:34:22.370,4.874,4800
2020-09-01 09:34:22.400,4.874,33000
2020-09-01 09:34:23.500,4.875,2000
2020-09-01 09:34:23.960,4.875,3000
2020-09-01 09:34:24.370,4.874,2000
2020-09-01 09:34:24.580,4.875,5100
2020-09-01 09:34:26.100,4.874,5000
2020-09-01 09:34:27.530,4.874,1200
2020-09-01 09:34:27.770,4.875,200
2020-09-01 09:34:27.840,4.875,200
2020-09-01 09:34:28.700,4.875,3600
2020-09-01 09:34:28.700,4.875,1400
2020-09-01 09:34:28.700,4.875,500
2020-09-01 09:34:28.700,4.875,8000
2020-09-01 09:34:28.810,4.874,79700
2020-09-01 09:34:28.810,4.874,5000
2020-09-01 09:34:28.810,4.874,10000
2020-09-01 09:34:28.810,4.874,400
2020-09-01 09:34:28.810,4.874,2100
2020-09-01 09:34:28.810,4.874,10000
2020-09-01 09:34:28.810,4.874,5000
2020-09-01 09:34:30.000,4.874,2000
2020-09-01 09:34:31.070,4.874,5000
2020-09-01 09:34:31.560,4.874,1000
2020-09-01 09:34:31.860,4.874,4100
2020-09-01 09:34:32.760,4.874,1100
2020-09-01 09:34:34.650,4.874,100
2020-09-01 09:34:35.290,4.874,1000
2020-09-01 09:34:35.870,4.873,300
2020-09-01 09:34:35.870,4.873,14800
2020-09-01 09:34:35.870,4.873,500
2020-09-01 09:34:35.870,4.873,2000
2020-09-01 09:34:35.870,4.873,200
2020-09-01 09:34:35.870,4.873,3000
2020-09-01 09:34:35.870,4.873,100
2020-09-01 09:34:35.870,4.873,1000
2020-09-01 09:34:35.870,4.873,2000
2020-09-01 09:34:35.870,4.873,10000
2020-09-01 09:34:35.870,4.873,5000
2020-09-01 09:34:35.870,4.873,200
2020-09-01 09:34:35.870,4.873,2000
2020-09-01 09:34:35.870,4.873,8200
2020-09-01 09:34:35.870,4.873,500
2020-09-01 09:34:35.870,4.873,100
2020-09-01 09:34:35.870,4.873,1000
2020-09-01 09:34:35.870,4.872,900
2020-09-01 09:34:36.100,4.873,20000
2020-09-01 09:34:36.790,4.874,300
2020-09-01 09:34:37.100,4.874,800
2020-09-01 09:34:37.320,4.874,800
2020-09-01 09:34:37.620,4.874,6200
2020-09-01 09:34:38.500,4.873,81100
2020-09-01 09:34:38.650,4.873,15400
2020-09-01 09:34:38.940,4.874,100
2020-09-01 09:34:39.400,4.874,2800
2020-09-01 09:34:39.520,4.873,220700
2020-09-01 09:34:40.040,4.874,137700
2020-09-01 09:34:40.130,4.874,24800
2020-09-01 09:34:40.130,4.874,3100
2020-09-01 09:34:40.130,4.874,21000
2020-09-01 09:34:40.130,4.874,2000
2020-09-01 09:34:40.130,4.874,57600
2020-09-01 09:34:40.130,4.874,2000
2020-09-01 09:34:40.490,4.875,100
2020-09-01 09:34:40.490,4.875,10000
2020-09-01 09:34:40.490,4.875,700
2020-09-01 09:34:40.490,4.875,22200
2020-09-01 09:34:40.940,4.874,500
2020-09-01 09:34:40.940,4.874,1000
2020-09-01 09:34:40.940,4.874,18500
2020-09-01 09:34:41.020,4.874,10000
2020-09-01 09:34:41.740,4.875,1100
2020-09-01 09:34:42.600,4.875,500
2020-09-01 09:34:43.320,4.874,38000
2020-09-01 09:34:44.520,4.874,133500
2020-09-01 09:34:44.520,4.874,500
2020-09-01 09:34:44.520,4.874,1600
2020-09-01 09:34:44.520,4.874,500
2020-09-01 09:34:44.520,4.874,600
2020-09-01 09:34:44.520,4.873,200
2020-09-01 09:34:44.520,4.873,10000
2020-09-01 09:34:44.520,4.872,1100
2020-09-01 09:34:44.520,4.872,1000
2020-09-01 09:34:44.520,4.872,10000
2020-09-01 09:34:44.520,4.872,10000
2020-09-01 09:34:44.520,4.872,2000
2020-09-01 09:34:44.520,4.872,1000
2020-09-01 09:34:44.520,4.872,900
2020-09-01 09:34:44.520,4.872,1000
2020-09-01 09:34:44.520,4.872,4000
2020-09-01 09:34:44.520,4.872,1000
2020-09-01 09:34:44.520,4.872,2500
2020-09-01 09:34:44.520,4.872,40000
2020-09-01 09:34:44.980,4.872,500
2020-09-01 09:34:45.180,4.872,1000
2020-09-01 09:34:45.900,4.872,377100
2020-09-01 09:34:46.380,4.874,500
2020-09-01 09:34:47.620,4.874,2100
2020-09-01 09:34:47.880,4.874,32700
2020-09-01 09:34:48.290,4.873,15000
2020-09-01 09:34:48.290,4.874,5200
2020-09-01 09:34:48.290,4.874,9800
2020-09-01 09:34:48.290,4.874,200
2020-09-01 09:34:48.550,4.874,800
2020-09-01 09:34:48.700,4.874,100
2020-09-01 09:34:48.760,4.874,27100
2020-09-01 09:34:49.640,4.875,10000
2020-09-01 09:34:50.420,4.874,12900
2020-09-01 09:34:50.570,4.873,3400
2020-09-01 09:34:51.030,4.873,2000
2020-09-01 09:34:51.150,4.873,200
2020-09-01 09:34:52.030,4.874,200
2020-09-01 09:34:52.080,4.874,3000
2020-09-01 09:34:52.440,4.874,8900
2020-09-01 09:34:52.440,4.874,10000
2020-09-01 09:34:52.440,4.874,21100
2020-09-01 09:34:53.450,4.873,1000
2020-09-01 09:34:53.570,4.873,200
2020-09-01 09:34:53.880,4.874,100
2020-09-01 09:34:53.880,4.874,1900
2020-09-01 09:34:54.480,4.874,100
2020-09-01 09:34:54.890,4.874,5000
2020-09-01 09:34:55.550,4.874,4200
2020-09-01 09:34:56.070,4.874,35800
2020-09-01 09:34:56.070,4.873,18200
2020-09-01 09:34:56.070,4.873,5000
2020-09-01 09:34:56.070,4.872,40000
2020-09-01 09:34:56.070,4.872,30000
2020-09-01 09:34:56.070,4.872,1000
2020-09-01 09:34:56.910,4.874,2000
2020-09-01 09:34:57.060,4.873,800
2020-09-01 09:34:57.300,4.874,200
2020-09-01 09:34:57.700,4.874,100
2020-09-01 09:34:57.700,4.874,1700
2020-09-01 09:34:58.100,4.874,2600
2020-09-01 09:34:58.100,4.874,300
2020-09-01 09:34:58.990,4.874,100
2020-09-01 09:34:58.990,4.874,1000
2020-09-01 09:34:58.990,4.873,3900
2020-09-01 09:35:01.090,4.874,4200
2020-09-01 09:35:01.090,4.874,700
2020-09-01 09:35:01.270,4.874,500
2020-09-01 09:35:01.270,4.874,100
2020-09-01 09:35:01.270,4.873,100
2020-09-01 09:35:01.270,4.873,9500
2020-09-01 09:35:02.800,4.874,2000
2020-09-01 09:35:04.470,4.874,200
2020-09-01 09:35:04.970,4.875,300
2020-09-01 09:35:05.380,4.874,47800
2020-09-01 09:35:05.380,4.874,100
2020-09-01 09:35:05.380,4.874,8000
2020-09-01 09:35:05.380,4.874,300
2020-09-01 09:35:05.380,4.874,100
2020-09-01 09:35:05.380,4.874,3000
2020-09-01 09:35:05.380,4.874,5000
2020-09-01 09:35:05.380,4.874,1500
2020-09-01 09:35:05.380,4.873,3400
2020-09-01 09:35:05.380,4.873,400
2020-09-01 09:35:05.380,4.873,10000
2020-09-01 09:35:05.380,4.873,1000
2020-09-01 09:35:06.390,4.872,100
2020-09-01 09:35:06.390,4.872,2000
2020-09-01 09:35:06.890,4.872,7900
2020-09-01 09:35:08.030,4.873,500
2020-09-01 09:35:08.260,4.873,300000
2020-09-01 09:35:08.660,4.873,100
2020-09-01 09:35:10.860,4.873,500
2020-09-01 09:35:10.930,4.872,41100
2020-09-01 09:35:10.990,4.872,5000
2020-09-01 09:35:13.970,4.872,17000
2020-09-01 09:35:14.300,4.873,22000
2020-09-01 09:35:15.290,4.873,196300
2020-09-01 09:35:15.290,4.873,200
2020-09-01 09:35:15.290,4.873,1000
2020-09-01 09:35:17.120,4.873,25000
2020-09-01 09:35:17.190,4.873,500
2020-09-01 09:35:17.220,4.873,4000
2020-09-01 09:35:17.830,4.873,9800
2020-09-01 09:35:17.950,4.874,1000
2020-09-01 09:35:17.950,4.874,15000
2020-09-01 09:35:17.950,4.874,19300
2020-09-01 09:35:17.950,4.874,100
2020-09-01 09:35:17.950,4.874,10000
2020-09-01 09:35:18.040,4.874,13200
2020-09-01 09:35:18.590,4.874,200
2020-09-01 09:35:19.330,4.874,30000
2020-09-01 09:35:20.020,4.874,180000
2020-09-01 09:35:20.290,4.874,11100
2020-09-01 09:35:20.480,4.875,5900
2020-09-01 09:35:20.480,4.875,2100
2020-09-01 09:35:20.940,4.874,4700
2020-09-01 09:35:22.460,4.875,7900
2020-09-01 09:35:22.460,4.875,11000
2020-09-01 09:35:22.460,4.875,21100
2020-09-01 09:35:22.820,4.875,8900
2020-09-01 09:35:22.820,4.875,200
2020-09-01 09:35:22.820,4.875,2000
2020-09-01 09:35:22.820,4.875,28900
2020-09-01 09:35:22.880,4.875,1100
2020-09-01 09:35:22.880,4.875,20000
2020-09-01 09:35:22.880,4.875,8900
2020-09-01 09:35:23.420,4.874,35300
2020-09-01 09:35:23.420,4.874,40000
2020-09-01 09:35:23.420,4.874,600000
2020-09-01 09:35:23.420,4.874,124700
2020-09-01 09:35:23.840,4.875,15200
2020-09-01 09:35:23.840,4.875,500
2020-09-01 09:35:23.840,4.875,4500
2020-09-01 09:35:23.840,4.875,1000
2020-09-01 09:35:23.840,4.875,900
2020-09-01 09:35:23.840,4.875,1600
2020-09-01 09:35:24.590,4.875,58700
2020-09-01 09:35:25.900,4.876,3400
2020-09-01 09:35:25.900,4.876,200
2020-09-01 09:35:25.900,4.876,50000
2020-09-01 09:35:25.900,4.876,200000
2020-09-01 09:35:25.900,4.876,200
2020-09-01 09:35:25.900,4.876,500
2020-09-01 09:35:27.980,4.876,300
2020-09-01 09:35:30.620,4.876,2000
2020-09-01 09:35:34.260,4.876,900
2020-09-01 09:35:35.570,4.876,3300
2020-09-01 09:35:35.830,4.876,39200
2020-09-01 09:35:35.830,4.876,2900
2020-09-01 09:35:35.830,4.876,60000
2020-09-01 09:35:35.830,4.876,7900
2020-09-01 09:35:35.920,4.877,500
2020-09-01 09:35:36.040,4.876,20000
2020-09-01 09:35:36.920,4.877,5000
2020-09-01 09:35:37.050,4.875,1000
2020-09-01 09:35:39.060,4.876,1000
2020-09-01 09:35:39.340,4.876,1000
2020-09-01 09:35:40.120,4.877,8800
2020-09-01 09:35:40.120,4.877,1200
2020-09-01 09:35:41.700,4.876,1100
2020-09-01 09:35:41.700,4.876,500
2020-09-01 09:35:42.100,4.876,300
2020-09-01 09:35:42.730,4.876,7300
2020-09-01 09:35:43.990,4.876,2600
2020-09-01 09:35:43.990,4.876,8000
2020-09-01 09:35:44.230,4.876,10500
2020-09-01 09:35:44.850,4.876,300
2020-09-01 09:35:45.350,4.876,900
2020-09-01 09:35:45.460,4.876,27000
2020-09-01 09:35:45.610,4.876,1000
2020-09-01 09:35:46.690,4.876,400
2020-09-01 09:35:47.970,4.876,2000
2020-09-01 09:35:48.380,4.876,10000
2020-09-01 09:35:48.550,4.876,1000
2020-09-01 09:35:48.610,4.876,20000
2020-09-01 09:35:48.900,4.875,1000
2020-09-01 09:35:48.900,4.875,100
2020-09-01 09:35:50.110,4.876,6000
2020-09-01 09:35:50.200,4.876,2000
2020-09-01 09:35:51.100,4.876,7000
2020-09-01 09:35:52.700,4.875,700
2020-09-01 09:35:52.970,4.876,3000
2020-09-01 09:35:53.090,4.876,2000
2020-09-01 09:35:53.120,4.876,500
2020-09-01 09:35:54.030,4.875,1200
2020-09-01 09:35:54.030,4.875,400
2020-09-01 09:35:54.030,4.875,20000
2020-09-01 09:35:54.030,4.875,300
2020-09-01 09:35:54.030,4.875,300
2020-09-01 09:35:54.030,4.875,2000
2020-09-01 09:35:54.030,4.875,5000
2020-09-01 09:35:54.570,4.875,200
2020-09-01 09:35:54.600,4.875,2000
2020-09-01 09:35:55.210,4.874,10000
2020-09-01 09:35:55.860,4.875,1300
2020-09-01 09:35:56.400,4.875,77300
2020-09-01 09:35:56.400,4.875,5000
2020-09-01 09:35:59.650,4.876,5000
2020-09-01 09:35:59.920,4.876,10000
2020-09-01 09:35:59.970,4.876,300
2020-09-01 09:36:00.090,4.876,10200
2020-09-01 09:36:00.850,4.876,4000
2020-09-01 09:36:00.910,4.876,500
2020-09-01 09:36:01.340,4.876,100
2020-09-01 09:36:01.820,4.876,600
2020-09-01 09:36:04.600,4.875,17700
2020-09-01 09:36:04.600,4.875,2000
2020-09-01 09:36:04.600,4.875,300
2020-09-01 09:36:04.600,4.875,200
2020-09-01 09:36:04.600,4.875,6900
2020-09-01 09:36:04.600,4.875,300
2020-09-01 09:36:05.050,4.875,500
2020-09-01 09:36:05.170,4.875,2500
2020-09-01 09:36:05.230,4.875,2000
2020-09-01 09:36:06.370,4.875,2500
2020-09-01 09:36:06.540,4.875,10200
2020-09-01 09:36:07.070,4.874,3000
2020-09-01 09:36:07.070,4.874,6500
2020-09-01 09:36:07.070,4.874,400
2020-09-01 09:36:07.070,4.874,100
2020-09-01 09:36:07.070,4.874,500
2020-09-01 09:36:07.070,4.874,500
2020-09-01 09:36:07.070,4.874,5000
2020-09-01 09:36:07.070,4.874,1100
2020-09-01 09:36:07.070,4.874,2000
2020-09-01 09:36:07.070,4.874,1000
2020-09-01 09:36:07.070,4.874,500
2020-09-01 09:36:07.070,4.874,20000
2020-09-01 09:36:07.070,4.874,100000
2020-09-01 09:36:07.910,4.874,40000
2020-09-01 09:36:08.620,4.874,1000
2020-09-01 09:36:08.690,4.874,900
2020-09-01 09:36:09.200,4.874,300
2020-09-01 09:36:09.630,4.874,1000
2020-09-01 09:36:10.250,4.874,16200
2020-09-01 09:36:10.250,4.874,33800
2020-09-01 09:36:11.030,4.873,1000
2020-09-01 09:36:11.030,4.873,5000
2020-09-01 09:36:11.030,4.873,100
2020-09-01 09:36:11.030,4.873,10000
2020-09-01 09:36:11.030,4.873,10000
2020-09-01 09:36:11.030,4.873,10000
2020-09-01 09:36:11.030,4.873,100
2020-09-01 09:36:11.030,4.873,8600
2020-09-01 09:36:11.030,4.873,9000
2020-09-01 09:36:11.030,4.873,500
2020-09-01 09:36:11.030,4.873,400
2020-09-01 09:36:11.030,4.873,2100
2020-09-01 09:36:11.030,4.873,8000
2020-09-01 09:36:11.030,4.873,25200
2020-09-01 09:36:11.120,4.874,400
2020-09-01 09:36:11.630,4.874,20000
2020-09-01 09:36:13.730,4.874,3800
2020-09-01 09:36:13.760,4.874,100
2020-09-01 09:36:13.940,4.874,2600
2020-09-01 09:36:15.950,4.874,1000
2020-09-01 09:36:16.990,4.873,1000
2020-09-01 09:36:17.690,4.873,23800
2020-09-01 09:36:17.690,4.873,1000
2020-09-01 09:36:17.690,4.872,34100
2020-09-01 09:36:17.910,4.873,1000
2020-09-01 09:36:19.140,4.873,5000
2020-09-01 09:36:19.450,4.873,2000
2020-09-01 09:36:19.950,4.873,300
2020-09-01 09:36:21.150,4.873,2700
2020-09-01 09:36:22.850,4.872,60000
2020-09-01 09:36:23.720,4.873,100
2020-09-01 09:36:24.740,4.873,400
2020-09-01 09:36:25.820,4.873,500
2020-09-01 09:36:28.560,4.873,100
2020-09-01 09:36:28.800,4.872,81000
2020-09-01 09:36:30.680,4.872,600
2020-09-01 09:36:30.720,4.872,9000
2020-09-01 09:36:30.900,4.872,52200
2020-09-01 09:36:30.900,4.872,50000
2020-09-01 09:36:30.900,4.872,100
2020-09-01 09:36:30.900,4.872,7700
2020-09-01 09:36:31.230,4.872,10000
2020-09-01 09:36:31.490,4.872,700
2020-09-01 09:36:32.680,4.873,4000
2020-09-01 09:36:32.950,4.873,3600
2020-09-01 09:36:33.210,4.873,1000
2020-09-01 09:36:33.460,4.872,900
2020-09-01 09:36:34.370,4.872,200
2020-09-01 09:36:34.740,4.873,1000
2020-09-01 09:36:35.140,4.873,9000
2020-09-01 09:36:36.300,4.872,200
2020-09-01 09:36:37.080,4.873,5000
2020-09-01 09:36:38.320,4.873,100
2020-09-01 09:36:38.990,4.873,500
2020-09-01 09:36:39.050,4.873,63700
2020-09-01 09:36:39.050,4.873,17100
2020-09-01 09:36:39.050,4.873,300
2020-09-01 09:36:39.050,4.873,100
2020-09-01 09:36:39.050,4.873,2000
2020-09-01 09:36:39.050,4.873,6300
2020-09-01 09:36:39.050,4.873,10600
2020-09-01 09:36:39.460,4.873,5000
2020-09-01 09:36:39.670,4.873,8800
2020-09-01 09:36:39.810,4.873,500
2020-09-01 09:36:43.490,4.873,10000
2020-09-01 09:36:43.830,4.873,500
2020-09-01 09:36:44.030,4.874,100
2020-09-01 09:36:44.310,4.874,48200
2020-09-01 09:36:44.310,4.874,1600
2020-09-01 09:36:44.310,4.874,29000
2020-09-01 09:36:44.310,4.874,1000
2020-09-01 09:36:44.700,4.875,100
2020-09-01 09:36:44.770,4.875,100
2020-09-01 09:36:44.770,4.875,100
2020-09-01 09:36:44.770,4.875,100
2020-09-01 09:36:44.980,4.875,100
2020-09-01 09:36:44.980,4.875,100
2020-09-01 09:36:44.980,4.875,100
2020-09-01 09:36:44.980,4.875,100
2020-09-01 09:36:44.980,4.875,100
2020-09-01 09:36:44.980,4.875,100
2020-09-01 09:36:44.980,4.875,100
2020-09-01 09:36:44.980,4.875,100
2020-09-01 09:36:44.980,4.875,100
2020-09-01 09:36:44.980,4.875,100
2020-09-01 09:36:44.980,4.875,100
2020-09-01 09:36:44.980,4.875,100
2020-09-01 09:36:44.980,4.875,100
2020-09-01 09:36:44.980,4.875,100
2020-09-01 09:36:45.040,4.875,100
2020-09-01 09:36:45.040,4.875,100
2020-09-01 09:36:45.040,4.875,100
2020-09-01 09:36:45.040,4.875,100
2020-09-01 09:36:45.040,4.875,100
2020-09-01 09:36:45.070,4.875,100
2020-09-01 09:36:45.070,4.875,100
2020-09-01 09:36:45.070,4.875,100
2020-09-01 09:36:45.070,4.875,100
2020-09-01 09:36:45.070,4.875,100
2020-09-01 09:36:45.280,4.875,100
2020-09-01 09:36:45.280,4.875,100
2020-09-01 09:36:45.280,4.875,100
2020-09-01 09:36:45.280,4.875,100
2020-09-01 09:36:45.280,4.875,100
2020-09-01 09:36:45.280,4.875,100
2020-09-01 09:36:45.280,4.875,100
2020-09-01 09:36:45.280,4.875,100
2020-09-01 09:36:45.340,4.875,100
2020-09-01 09:36:45.340,4.875,100
2020-09-01 09:36:45.340,4.875,100
2020-09-01 09:36:45.340,4.875,100
2020-09-01 09:36:45.340,4.875,100
2020-09-01 09:36:45.340,4.875,100
2020-09-01 09:36:45.340,4.875,100
2020-09-01 09:36:45.340,4.875,100
2020-09-01 09:36:45.340,4.875,100
2020-09-01 09:36:45.340,4.875,100
2020-09-01 09:36:45.340,4.875,100
2020-09-01 09:36:45.400,4.875,100
2020-09-01 09:36:45.400,4.875,100
2020-09-01 09:36:45.400,4.875,100
2020-09-01 09:36:45.430,4.875,100
2020-09-01 09:36:45.430,4.875,100
2020-09-01 09:36:45.430,4.875,100
2020-09-01 09:36:45.430,4.875,100
2020-09-01 09:36:45.430,4.875,100
2020-09-01 09:36:45.430,4.875,100
2020-09-01 09:36:45.460,4.875,100
2020-09-01 09:36:45.460,4.875,100
2020-09-01 09:36:45.460,4.875,100
2020-09-01 09:36:45.460,4.875,300000
2020-09-01 09:36:45.520,4.875,100
2020-09-01 09:36:45.520,4.875,100
2020-09-01 09:36:45.610,4.875,100
2020-09-01 09:36:45.610,4.875,100
2020-09-01 09:36:45.610,4.875,100
2020-09-01 09:36:45.610,4.875,100
2020-09-01 09:36:45.610,4.875,100
2020-09-01 09:36:45.610,4.875,100
2020-09-01 09:36:45.610,4.875,100
2020-09-01 09:36:45.660,4.875,100
2020-09-01 09:36:45.660,4.875,100
2020-09-01 09:36:45.660,4.875,100
2020-09-01 09:36:45.660,4.875,100
2020-09-01 09:36:45.660,4.875,100
2020-09-01 09:36:45.660,4.875,100
2020-09-01 09:36:45.720,4.875,100
2020-09-01 09:36:45.720,4.875,100
2020-09-01 09:36:45.720,4.875,100
2020-09-01 09:36:45.720,4.875,100
2020-09-01 09:36:45.720,4.875,100
2020-09-01 09:36:45.780,4.875,100
2020-09-01 09:36:45.780,4.875,100
2020-09-01 09:36:45.780,4.875,100
2020-09-01 09:36:47.570,4.875,100
2020-09-01 09:36:47.570,4.875,100
2020-09-01 09:36:47.570,4.875,100
2020-09-01 09:36:47.570,4.875,100
2020-09-01 09:36:47.570,4.875,100
2020-09-01 09:36:47.570,4.875,100
2020-09-01 09:36:47.570,4.875,100
2020-09-01 09:36:47.570,4.875,100
2020-09-01 09:36:47.660,4.875,100
2020-09-01 09:36:47.660,4.875,100
2020-09-01 09:36:47.660,4.875,100
2020-09-01 09:36:47.660,4.875,100
2020-09-01 09:36:47.690,4.875,100
2020-09-01 09:36:47.690,4.875,100
2020-09-01 09:36:47.690,4.875,100
2020-09-01 09:36:47.690,4.875,100
2020-09-01 09:36:47.690,4.875,100
2020-09-01 09:36:47.710,4.875,100
2020-09-01 09:36:47.760,4.875,100
2020-09-01 09:36:47.760,4.875,100
2020-09-01 09:36:47.760,4.875,100
2020-09-01 09:36:47.760,4.875,100
2020-09-01 09:36:47.760,4.875,100
2020-09-01 09:36:47.760,4.875,100
2020-09-01 09:36:47.760,4.875,100
2020-09-01 09:36:47.760,4.875,100
2020-09-01 09:36:47.830,4.875,100
2020-09-01 09:36:47.830,4.875,100
2020-09-01 09:36:47.830,4.875,100
2020-09-01 09:36:47.860,4.875,100
2020-09-01 09:36:47.860,4.875,100
2020-09-01 09:36:47.860,4.875,100
2020-09-01 09:36:47.860,4.875,100
2020-09-01 09:36:47.860,4.875,100
2020-09-01 09:36:47.860,4.875,100
2020-09-01 09:36:47.920,4.875,100
2020-09-01 09:36:47.920,4.875,100
2020-09-01 09:36:47.920,4.875,100
2020-09-01 09:36:47.950,4.875,100
2020-09-01 09:36:47.950,4.875,100
2020-09-01 09:36:47.950,4.875,100
2020-09-01 09:36:48.000,4.875,100
2020-09-01 09:36:48.000,4.875,100
2020-09-01 09:36:48.000,4.875,100
2020-09-01 09:36:48.000,4.875,100
2020-09-01 09:36:48.000,4.875,100
2020-09-01 09:36:48.000,4.875,100
2020-09-01 09:36:48.000,4.875,100
2020-09-01 09:36:48.000,4.875,100
2020-09-01 09:36:48.000,4.875,100
2020-09-01 09:36:48.000,4.875,100
2020-09-01 09:36:48.000,4.875,100
2020-09-01 09:36:48.000,4.875,100
2020-09-01 09:36:48.000,4.875,100
2020-09-01 09:36:48.060,4.875,100
2020-09-01 09:36:48.060,4.875,100
2020-09-01 09:36:48.060,4.875,100
2020-09-01 09:36:48.060,4.875,100
2020-09-01 09:36:48.060,4.875,100
2020-09-01 09:36:48.120,4.875,100
2020-09-01 09:36:48.120,4.875,100
2020-09-01 09:36:48.120,4.875,100
2020-09-01 09:36:48.120,4.875,100
2020-09-01 09:36:48.120,4.875,100
2020-09-01 09:36:48.120,4.875,100
2020-09-01 09:36:48.120,4.875,100
2020-09-01 09:36:48.120,4.875,100
2020-09-01 09:36:48.150,4.875,100
2020-09-01 09:36:48.150,4.875,100
2020-09-01 09:36:48.150,4.875,100
2020-09-01 09:36:48.150,4.875,100
2020-09-01 09:36:48.150,4.875,100
2020-09-01 09:36:48.150,4.875,100
2020-09-01 09:36:48.150,4.875,100
2020-09-01 09:36:48.210,4.875,100
2020-09-01 09:36:48.210,4.875,100
2020-09-01 09:36:48.240,4.875,100
2020-09-01 09:36:48.240,4.875,100
2020-09-01 09:36:48.240,4.875,100
2020-09-01 09:36:48.240,4.875,100
2020-09-01 09:36:48.240,4.875,100
2020-09-01 09:36:48.240,4.875,100
2020-09-01 09:36:48.240,4.875,100
2020-09-01 09:36:48.240,4.875,100
2020-09-01 09:36:48.240,4.875,100
2020-09-01 09:36:48.270,4.875,100
2020-09-01 09:36:48.270,4.875,100
2020-09-01 09:36:48.270,4.875,100
2020-09-01 09:36:48.270,4.875,100
2020-09-01 09:36:48.270,4.875,100
2020-09-01 09:36:48.270,4.875,100
2020-09-01 09:36:48.270,4.875,100
2020-09-01 09:36:48.270,4.875,100
2020-09-01 09:36:48.310,4.875,100
2020-09-01 09:36:48.310,4.875,100
2020-09-01 09:36:48.370,4.875,100
2020-09-01 09:36:48.370,4.875,100
2020-09-01 09:36:48.370,4.875,100
2020-09-01 09:36:48.370,4.875,100
2020-09-01 09:36:48.570,4.875,100
2020-09-01 09:36:48.570,4.875,100
2020-09-01 09:36:48.570,4.875,100
2020-09-01 09:36:48.570,4.875,100
2020-09-01 09:36:48.570,4.875,100
2020-09-01 09:36:48.570,4.875,100
2020-09-01 09:36:48.570,4.875,100
2020-09-01 09:36:48.570,4.875,100
2020-09-01 09:36:48.570,4.875,100
2020-09-01 09:36:48.600,4.875,100
2020-09-01 09:36:48.600,4.875,100
2020-09-01 09:36:48.600,4.875,100
2020-09-01 09:36:48.600,4.875,100
2020-09-01 09:36:48.600,4.875,100
2020-09-01 09:36:48.600,4.875,100
2020-09-01 09:36:48.600,4.875,100
2020-09-01 09:36:48.600,4.875,100
2020-09-01 09:36:48.660,4.875,100
2020-09-01 09:36:49.760,4.874,4400
2020-09-01 09:36:49.760,4.874,300
2020-09-01 09:36:50.360,4.875,100
2020-09-01 09:36:50.360,4.875,100
2020-09-01 09:36:50.360,4.875,100
2020-09-01 09:36:50.360,4.875,100
2020-09-01 09:36:50.360,4.875,100
2020-09-01 09:36:50.360,4.875,100
2020-09-01 09:36:50.390,4.875,100
2020-09-01 09:36:50.390,4.875,100
2020-09-01 09:36:50.390,4.875,100
2020-09-01 09:36:50.390,4.875,100
2020-09-01 09:36:50.390,4.875,100
2020-09-01 09:36:50.390,4.875,100
2020-09-01 09:36:50.450,4.875,100
2020-09-01 09:36:50.450,4.875,100
2020-09-01 09:36:50.450,4.875,100
2020-09-01 09:36:50.450,4.875,100
2020-09-01 09:36:50.450,4.875,100
2020-09-01 09:36:50.510,4.875,100
2020-09-01 09:36:50.510,4.875,100
2020-09-01 09:36:50.510,4.875,100
2020-09-01 09:36:50.510,4.875,100
2020-09-01 09:36:50.510,4.875,100
2020-09-01 09:36:50.510,4.875,100
2020-09-01 09:36:50.570,4.875,100
2020-09-01 09:36:50.570,4.875,100
2020-09-01 09:36:50.570,4.875,100
2020-09-01 09:36:50.570,4.875,100
2020-09-01 09:36:50.570,4.875,100
2020-09-01 09:36:50.630,4.875,100
2020-09-01 09:36:50.630,4.875,100
2020-09-01 09:36:50.630,4.875,100
2020-09-01 09:36:50.630,4.875,100
2020-09-01 09:36:50.630,4.875,100
2020-09-01 09:36:50.630,4.875,100
2020-09-01 09:36:50.630,4.875,100
2020-09-01 09:36:50.630,4.875,100
2020-09-01 09:36:50.630,4.875,100
2020-09-01 09:36:50.630,4.875,100
2020-09-01 09:36:50.630,4.875,100
2020-09-01 09:36:50.630,4.875,100
2020-09-01 09:36:50.630,4.875,100
2020-09-01 09:36:50.630,4.875,100
2020-09-01 09:36:50.630,4.875,100
2020-09-01 09:36:50.630,4.875,100
2020-09-01 09:36:50.630,4.875,100
2020-09-01 09:36:50.660,4.875,100
2020-09-01 09:36:50.660,4.875,100
2020-09-01 09:36:50.660,4.875,100
2020-09-01 09:36:50.660,4.875,100
2020-09-01 09:36:50.660,4.875,100
2020-09-01 09:36:50.660,4.875,100
2020-09-01 09:36:50.740,4.875,100
2020-09-01 09:36:50.740,4.875,100
2020-09-01 09:36:50.740,4.875,100
2020-09-01 09:36:50.740,4.875,100
2020-09-01 09:36:50.740,4.875,100
2020-09-01 09:36:50.740,4.875,100
2020-09-01 09:36:50.770,4.875,100
2020-09-01 09:36:50.770,4.875,100
2020-09-01 09:36:50.770,4.875,100
2020-09-01 09:36:50.770,4.875,100
2020-09-01 09:36:50.770,4.875,100
2020-09-01 09:36:50.770,4.875,100
2020-09-01 09:36:50.770,4.875,100
2020-09-01 09:36:50.800,4.875,100
2020-09-01 09:36:50.800,4.875,100
2020-09-01 09:36:50.800,4.875,100
2020-09-01 09:36:50.800,4.875,100
2020-09-01 09:36:50.870,4.874,100
2020-09-01 09:36:50.870,4.874,100
2020-09-01 09:36:50.930,4.874,100
2020-09-01 09:36:50.930,4.874,100
2020-09-01 09:36:50.930,4.874,100
2020-09-01 09:36:50.930,4.874,100
2020-09-01 09:36:50.930,4.874,100
2020-09-01 09:36:50.930,4.874,100
2020-09-01 09:36:50.960,4.874,100
2020-09-01 09:36:50.960,4.874,100
2020-09-01 09:36:50.960,4.874,100
2020-09-01 09:36:50.960,4.874,100
2020-09-01 09:36:50.960,4.874,100
2020-09-01 09:36:50.960,4.874,100
2020-09-01 09:36:50.960,4.874,100
2020-09-01 09:36:50.960,4.874,100
2020-09-01 09:36:50.960,4.874,100
2020-09-01 09:36:51.040,4.874,100
2020-09-01 09:36:51.040,4.874,100
2020-09-01 09:36:51.040,4.874,100
2020-09-01 09:36:51.040,4.874,100
2020-09-01 09:36:51.040,4.874,100
2020-09-01 09:36:51.040,4.874,100
2020-09-01 09:36:51.040,4.874,100
2020-09-01 09:36:51.040,4.874,100
2020-09-01 09:36:51.100,4.874,100
2020-09-01 09:36:51.100,4.874,100
2020-09-01 09:36:51.100,4.874,100
2020-09-01 09:36:51.100,4.874,100
2020-09-01 09:36:51.100,4.874,100
2020-09-01 09:36:51.100,4.874,100
2020-09-01 09:36:51.100,4.874,100
2020-09-01 09:36:51.410,4.874,100
2020-09-01 09:36:51.410,4.874,100
2020-09-01 09:36:51.430,4.874,100
2020-09-01 09:36:51.430,4.874,100
2020-09-01 09:36:51.430,4.874,100
2020-09-01 09:36:51.430,4.874,100
2020-09-01 09:36:51.430,4.874,100
2020-09-01 09:36:51.430,4.874,100
2020-09-01 09:36:51.430,4.874,100
2020-09-01 09:36:51.430,4.874,100
2020-09-01 09:36:51.460,4.874,100
2020-09-01 09:36:51.460,4.874,100
2020-09-01 09:36:51.460,4.874,100
2020-09-01 09:36:51.460,4.874,100
2020-09-01 09:36:51.460,4.874,100
2020-09-01 09:36:51.460,4.874,100
2020-09-01 09:36:51.460,4.874,100
2020-09-01 09:36:51.460,4.874,100
2020-09-01 09:36:51.460,4.875,100
2020-09-01 09:36:51.460,4.875,100
2020-09-01 09:36:51.550,4.875,100
2020-09-01 09:36:51.550,4.875,100
2020-09-01 09:36:51.550,4.875,100
2020-09-01 09:36:51.550,4.875,100
2020-09-01 09:36:51.550,4.875,100
2020-09-01 09:36:51.550,4.875,100
2020-09-01 09:36:51.550,4.875,100
2020-09-01 09:36:51.550,4.875,100
2020-09-01 09:36:51.580,4.875,100
2020-09-01 09:36:51.580,4.875,100
2020-09-01 09:36:51.580,4.875,100
2020-09-01 09:36:51.580,4.875,100
2020-09-01 09:36:51.650,4.875,100
2020-09-01 09:36:51.650,4.875,100
2020-09-01 09:36:51.650,4.875,100
2020-09-01 09:36:51.650,4.875,100
2020-09-01 09:36:51.650,4.875,100
2020-09-01 09:36:51.650,4.875,100
2020-09-01 09:36:51.650,4.875,100
2020-09-01 09:36:51.650,4.875,100
2020-09-01 09:36:51.690,4.875,100
2020-09-01 09:36:51.690,4.875,100
2020-09-01 09:36:51.690,4.875,100
2020-09-01 09:36:51.690,4.875,100
2020-09-01 09:36:51.690,4.875,100
2020-09-01 09:36:51.690,4.875,100
2020-09-01 09:36:51.720,4.875,100
2020-09-01 09:36:51.720,4.875,100
2020-09-01 09:36:51.720,4.875,100
2020-09-01 09:36:51.720,4.875,100
2020-09-01 09:36:51.720,4.875,100
2020-09-01 09:36:51.720,4.875,100
2020-09-01 09:36:51.720,4.875,100
2020-09-01 09:36:51.780,4.875,100
2020-09-01 09:36:51.780,4.875,100
2020-09-01 09:36:51.780,4.875,100
2020-09-01 09:36:51.780,4.875,100
2020-09-01 09:36:51.780,4.875,100
2020-09-01 09:36:51.780,4.875,100
2020-09-01 09:36:51.780,4.875,100
2020-09-01 09:36:51.810,4.875,100
2020-09-01 09:36:51.810,4.875,100
2020-09-01 09:36:51.810,4.875,100
2020-09-01 09:36:51.810,4.875,100
2020-09-01 09:36:51.810,4.875,100
2020-09-01 09:36:51.810,4.875,100
2020-09-01 09:36:51.870,4.875,100
2020-09-01 09:36:51.870,4.875,100
2020-09-01 09:36:51.870,4.875,100
2020-09-01 09:36:51.870,4.875,100
2020-09-01 09:36:51.960,4.875,100
2020-09-01 09:36:51.960,4.875,100
2020-09-01 09:36:51.960,4.875,100
2020-09-01 09:36:51.960,4.875,100
2020-09-01 09:36:51.960,4.875,100
2020-09-01 09:36:52.020,4.875,100
2020-09-01 09:36:52.020,4.875,100
2020-09-01 09:36:52.020,4.875,100
2020-09-01 09:36:52.020,4.875,100
2020-09-01 09:36:52.020,4.875,100
2020-09-01 09:36:52.020,4.875,100
2020-09-01 09:36:52.020,4.875,100
2020-09-01 09:36:52.020,4.875,100
2020-09-01 09:36:52.020,4.875,100
2020-09-01 09:36:52.020,4.875,100
2020-09-01 09:36:52.020,4.875,100
2020-09-01 09:36:52.080,4.875,100
2020-09-01 09:36:52.230,4.875,100
2020-09-01 09:36:52.230,4.875,100
2020-09-01 09:36:52.230,4.875,100
2020-09-01 09:36:52.230,4.875,100
2020-09-01 09:36:52.230,4.875,100
2020-09-01 09:36:52.230,4.875,100
2020-09-01 09:36:52.230,4.875,100
2020-09-01 09:36:52.230,4.875,100
2020-09-01 09:36:52.230,4.875,100
2020-09-01 09:36:52.230,4.875,100
2020-09-01 09:36:52.230,4.875,100
2020-09-01 09:36:52.230,4.875,100
2020-09-01 09:36:52.230,4.875,100
2020-09-01 09:36:54.060,4.874,100
2020-09-01 09:36:54.270,4.873,1200
2020-09-01 09:36:54.480,4.874,1000
2020-09-01 09:36:54.520,4.874,100
2020-09-01 09:36:54.720,4.874,10100
2020-09-01 09:36:55.220,4.874,2000
2020-09-01 09:36:55.580,4.875,10000
2020-09-01 09:36:55.580,4.874,7000
2020-09-01 09:36:56.140,4.874,6200
2020-09-01 09:36:56.690,4.874,16400
2020-09-01 09:36:56.750,4.874,1200
2020-09-01 09:36:58.100,4.875,400
2020-09-01 09:36:58.370,4.875,5000
2020-09-01 09:36:58.910,4.875,500
2020-09-01 09:36:59.780,4.874,36100
2020-09-01 09:36:59.780,4.874,6200
2020-09-01 09:37:00.320,4.874,600
2020-09-01 09:37:00.960,4.873,600
2020-09-01 09:37:01.120,4.873,14700
2020-09-01 09:37:01.120,4.873,200
2020-09-01 09:37:01.120,4.873,3000
2020-09-01 09:37:01.120,4.873,5000
2020-09-01 09:37:01.120,4.873,2000
2020-09-01 09:37:01.120,4.873,300
2020-09-01 09:37:01.120,4.872,10300
2020-09-01 09:37:01.120,4.872,2300
2020-09-01 09:37:01.120,4.872,5000
2020-09-01 09:37:01.120,4.872,5300
2020-09-01 09:37:01.120,4.872,200
2020-09-01 09:37:01.120,4.872,2000
2020-09-01 09:37:01.120,4.872,300
2020-09-01 09:37:01.120,4.872,1000
2020-09-01 09:37:01.120,4.872,200
2020-09-01 09:37:01.120,4.872,10000
2020-09-01 09:37:01.120,4.872,100
2020-09-01 09:37:01.120,4.872,1000
2020-09-01 09:37:01.120,4.872,100000
2020-09-01 09:37:01.120,4.872,15000
2020-09-01 09:37:01.120,4.872,30000
2020-09-01 09:37:01.230,4.872,3300
2020-09-01 09:37:01.230,4.872,100
2020-09-01 09:37:02.160,4.872,200
2020-09-01 09:37:02.480,4.872,200
2020-09-01 09:37:03.820,4.872,200
2020-09-01 09:37:05.660,4.872,5500
2020-09-01 09:37:06.300,4.871,1000
2020-09-01 09:37:06.300,4.871,3000
2020-09-01 09:37:06.300,4.871,50000
2020-09-01 09:37:06.300,4.871,10000
2020-09-01 09:37:06.300,4.871,200
2020-09-01 09:37:06.300,4.871,500
2020-09-01 09:37:06.300,4.871,5500
2020-09-01 09:37:06.300,4.871,8200
2020-09-01 09:37:06.300,4.871,100
2020-09-01 09:37:06.300,4.871,200
2020-09-01 09:37:06.300,4.871,100
2020-09-01 09:37:06.300,4.871,1000
2020-09-01 09:37:06.300,4.871,500
2020-09-01 09:37:06.300,4.871,1400
2020-09-01 09:37:06.300,4.871,100
2020-09-01 09:37:06.300,4.871,100
2020-09-01 09:37:06.300,4.87,5000
2020-09-01 09:37:06.300,4.87,5000
2020-09-01 09:37:06.300,4.87,10000
2020-09-01 09:37:06.300,4.87,500
2020-09-01 09:37:06.300,4.87,900
2020-09-01 09:37:06.300,4.87,3000
2020-09-01 09:37:06.300,4.87,10000
2020-09-01 09:37:06.300,4.87,5100
2020-09-01 09:37:06.300,4.87,100
2020-09-01 09:37:06.300,4.87,1000
2020-09-01 09:37:06.300,4.87,200
2020-09-01 09:37:06.300,4.87,8000
2020-09-01 09:37:06.300,4.87,1000
2020-09-01 09:37:06.300,4.87,200
2020-09-01 09:37:06.300,4.87,2000
2020-09-01 09:37:06.300,4.87,200
2020-09-01 09:37:06.300,4.87,2000
2020-09-01 09:37:06.300,4.87,500
2020-09-01 09:37:06.300,4.87,5000
2020-09-01 09:37:06.300,4.87,500
2020-09-01 09:37:06.300,4.87,100
2020-09-01 09:37:06.300,4.87,1000
2020-09-01 09:37:06.300,4.87,10000
2020-09-01 09:37:06.300,4.87,38500
2020-09-01 09:37:06.300,4.87,600
2020-09-01 09:37:06.300,4.87,5000
2020-09-01 09:37:06.300,4.87,4000
2020-09-01 09:37:06.300,4.87,98700
2020-09-01 09:37:06.400,4.872,7000
2020-09-01 09:37:07.050,4.872,1000
2020-09-01 09:37:08.200,4.872,500
2020-09-01 09:37:09.640,4.871,100
2020-09-01 09:37:09.640,4.872,3900
2020-09-01 09:37:09.900,4.872,900
2020-09-01 09:37:10.340,4.871,100
2020-09-01 09:37:10.430,4.871,10000
2020-09-01 09:37:10.850,4.87,10000
2020-09-01 09:37:11.280,4.871,300
2020-09-01 09:37:11.780,4.87,256300
2020-09-01 09:37:11.780,4.87,43700
2020-09-01 09:37:12.170,4.871,2100
2020-09-01 09:37:13.410,4.871,1300
2020-09-01 09:37:13.410,4.871,78500
2020-09-01 09:37:13.500,4.873,100
2020-09-01 09:37:13.860,4.871,20200
2020-09-01 09:37:13.860,4.871,49100
2020-09-01 09:37:14.630,4.873,900
2020-09-01 09:37:14.630,4.874,700
2020-09-01 09:37:14.920,4.871,1600
2020-09-01 09:37:15.530,4.872,100
2020-09-01 09:37:17.930,4.874,50000
2020-09-01 09:37:18.750,4.874,400
2020-09-01 09:37:19.440,4.873,200
2020-09-01 09:37:19.580,4.873,100
2020-09-01 09:37:20.120,4.872,9900
2020-09-01 09:37:20.120,4.872,10000
2020-09-01 09:37:20.120,4.871,100
2020-09-01 09:37:20.860,4.873,100
2020-09-01 09:37:20.860,4.874,2900
2020-09-01 09:37:20.860,4.871,14800
2020-09-01 09:37:24.090,4.872,200
2020-09-01 09:37:25.130,4.872,2800
2020-09-01 09:37:25.130,4.872,3200
2020-09-01 09:37:26.790,4.873,100
2020-09-01 09:37:26.900,4.872,6800
2020-09-01 09:37:27.130,4.871,10000
2020-09-01 09:37:31.220,4.872,5000
2020-09-01 09:37:31.910,4.872,7400
2020-09-01 09:37:31.910,4.872,1000
2020-09-01 09:37:31.910,4.872,3200
2020-09-01 09:37:31.910,4.872,1100
2020-09-01 09:37:31.910,4.872,148200
2020-09-01 09:37:31.970,4.872,20000
2020-09-01 09:37:33.460,4.872,90000
2020-09-01 09:37:33.670,4.872,30000
2020-09-01 09:37:37.530,4.872,61000
2020-09-01 09:37:37.770,4.872,10000
2020-09-01 09:37:37.800,4.873,200
2020-09-01 09:37:37.890,4.873,100
2020-09-01 09:37:37.920,4.872,100
2020-09-01 09:37:38.610,4.872,228000
2020-09-01 09:37:38.610,4.872,10000
2020-09-01 09:37:38.610,4.872,2500
2020-09-01 09:37:38.610,4.872,10000
2020-09-01 09:37:38.610,4.872,200
2020-09-01 09:37:38.610,4.872,14700
2020-09-01 09:37:38.610,4.871,34600
2020-09-01 09:37:39.530,4.871,3000
2020-09-01 09:37:40.540,4.873,4600
2020-09-01 09:37:40.540,4.873,1400
2020-09-01 09:37:42.160,4.873,100
2020-09-01 09:37:44.230,4.872,300
2020-09-01 09:37:44.420,4.872,7800
2020-09-01 09:37:44.790,4.871,1300
2020-09-01 09:37:45.080,4.872,1000
2020-09-01 09:37:48.250,4.871,85500
2020-09-01 09:37:48.250,4.871,2000
2020-09-01 09:37:48.250,4.871,1000
2020-09-01 09:37:48.250,4.871,3000
2020-09-01 09:37:48.250,4.871,5000
2020-09-01 09:37:48.250,4.871,2000
2020-09-01 09:37:48.250,4.871,7100
2020-09-01 09:37:48.250,4.87,6300
2020-09-01 09:37:48.250,4.87,200
2020-09-01 09:37:48.250,4.87,1000
2020-09-01 09:37:48.250,4.87,200
2020-09-01 09:37:48.250,4.87,400
2020-09-01 09:37:48.250,4.87,500
2020-09-01 09:37:48.250,4.87,2000
2020-09-01 09:37:48.250,4.87,1000
2020-09-01 09:37:48.250,4.87,300
2020-09-01 09:37:48.250,4.87,200
2020-09-01 09:37:48.250,4.87,10000
2020-09-01 09:37:48.250,4.87,3000
2020-09-01 09:37:48.250,4.87,15500
2020-09-01 09:37:48.250,4.87,8500
2020-09-01 09:37:48.250,4.87,100
2020-09-01 09:37:48.250,4.87,1300
2020-09-01 09:37:48.250,4.87,200
2020-09-01 09:37:48.250,4.87,5000
2020-09-01 09:37:48.250,4.87,200
2020-09-01 09:37:48.250,4.87,100
2020-09-01 09:37:48.250,4.87,4000
2020-09-01 09:37:48.250,4.87,2000
2020-09-01 09:37:48.250,4.87,232400
2020-09-01 09:37:49.160,4.872,100
2020-09-01 09:37:49.340,4.872,1500
2020-09-01 09:37:50.520,4.871,100
2020-09-01 09:37:50.630,4.87,4000
2020-09-01 09:37:51.340,4.871,100
2020-09-01 09:37:51.620,4.871,1500
2020-09-01 09:37:54.200,4.871,900
2020-09-01 09:37:56.800,4.871,87400
2020-09-01 09:37:56.800,4.871,6300
2020-09-01 09:37:56.800,4.871,2000
2020-09-01 09:37:56.800,4.871,400
2020-09-01 09:37:56.800,4.872,203900
2020-09-01 09:37:58.300,4.87,6100
2020-09-01 09:37:58.610,4.871,200
2020-09-01 09:37:58.860,4.871,2800
2020-09-01 09:37:59.270,4.871,10000
2020-09-01 09:37:59.700,4.872,150100
2020-09-01 09:37:59.940,4.872,206400
2020-09-01 09:37:59.940,4.872,5000
2020-09-01 09:37:59.940,4.872,5200
2020-09-01 09:38:00.800,4.872,3300
2020-09-01 09:38:01.780,4.873,1000
2020-09-01 09:38:01.780,4.873,3000
2020-09-01 09:38:01.780,4.874,30000
2020-09-01 09:38:01.780,4.874,20800
2020-09-01 09:38:01.780,4.874,1500
2020-09-01 09:38:01.780,4.874,1900
2020-09-01 09:38:01.780,4.874,300
2020-09-01 09:38:01.780,4.874,5000
2020-09-01 09:38:01.780,4.874,200
2020-09-01 09:38:01.780,4.874,60000
2020-09-01 09:38:01.780,4.875,176300
2020-09-01 09:38:01.880,4.872,1000
2020-09-01 09:38:02.560,4.872,12300
2020-09-01 09:38:03.750,4.875,150100
2020-09-01 09:38:04.370,4.873,5600
2020-09-01 09:38:04.570,4.873,5100
2020-09-01 09:38:04.890,4.873,15100
2020-09-01 09:38:06.990,4.874,300
2020-09-01 09:38:08.090,4.874,1000
2020-09-01 09:38:10.910,4.873,14200
2020-09-01 09:38:10.910,4.873,5800
2020-09-01 09:38:12.900,4.875,277700
2020-09-01 09:38:12.900,4.875,2500
2020-09-01 09:38:12.900,4.875,1000
2020-09-01 09:38:12.900,4.875,200
2020-09-01 09:38:12.900,4.876,1200
2020-09-01 09:38:12.900,4.876,2000
2020-09-01 09:38:12.900,4.876,200
2020-09-01 09:38:12.900,4.876,1000
2020-09-01 09:38:12.900,4.876,2000
2020-09-01 09:38:12.900,4.876,30000
2020-09-01 09:38:12.900,4.876,5000
2020-09-01 09:38:12.900,4.876,9000
2020-09-01 09:38:12.900,4.876,5400
2020-09-01 09:38:12.900,4.876,200
2020-09-01 09:38:12.900,4.876,60000
2020-09-01 09:38:13.950,4.875,7800
2020-09-01 09:38:13.980,4.875,7000
2020-09-01 09:38:15.240,4.875,1000
2020-09-01 09:38:15.240,4.875,3800
2020-09-01 09:38:15.240,4.874,5200
2020-09-01 09:38:15.300,4.874,4800
2020-09-01 09:38:16.130,4.874,3000
2020-09-01 09:38:19.720,4.876,6200
2020-09-01 09:38:19.770,4.876,900
2020-09-01 09:38:19.770,4.875,300
2020-09-01 09:38:19.770,4.875,1000
2020-09-01 09:38:19.770,4.875,1000
2020-09-01 09:38:19.770,4.875,200
2020-09-01 09:38:19.770,4.875,29800
2020-09-01 09:38:20.580,4.877,20200
2020-09-01 09:38:20.670,4.875,100
2020-09-01 09:38:20.900,4.877,100
2020-09-01 09:38:21.380,4.875,200
2020-09-01 09:38:21.410,4.875,600
2020-09-01 09:38:21.580,4.875,9300
2020-09-01 09:38:21.580,4.875,23100
2020-09-01 09:38:21.580,4.875,10000
2020-09-01 09:38:21.580,4.875,500
2020-09-01 09:38:21.580,4.875,10000
2020-09-01 09:38:21.580,4.874,27000
2020-09-01 09:38:21.580,4.874,100
2020-09-01 09:38:22.030,4.877,100
2020-09-01 09:38:22.060,4.876,400
2020-09-01 09:38:22.720,4.877,150100
2020-09-01 09:38:23.080,4.877,296000
2020-09-01 09:38:23.260,4.877,84500
2020-09-01 09:38:23.260,4.877,10000
2020-09-01 09:38:23.260,4.877,10000
2020-09-01 09:38:23.260,4.877,1000
2020-09-01 09:38:23.260,4.877,20000
2020-09-01 09:38:23.260,4.877,200
2020-09-01 09:38:23.260,4.877,100
2020-09-01 09:38:23.260,4.877,700
2020-09-01 09:38:23.540,4.877,2100
2020-09-01 09:38:24.080,4.878,200
2020-09-01 09:38:24.080,4.878,3400
2020-09-01 09:38:24.080,4.878,500
2020-09-01 09:38:24.080,4.878,42800
2020-09-01 09:38:24.650,4.877,5000
2020-09-01 09:38:25.490,4.878,11500
2020-09-01 09:38:25.490,4.878,100
2020-09-01 09:38:25.490,4.878,5400
2020-09-01 09:38:25.490,4.878,23000
2020-09-01 09:38:25.650,4.878,7000
2020-09-01 09:38:25.650,4.878,200
2020-09-01 09:38:25.650,4.878,500
2020-09-01 09:38:25.650,4.878,200
2020-09-01 09:38:26.240,4.877,200
2020-09-01 09:38:28.440,4.878,8500
2020-09-01 09:38:32.440,4.878,2000
2020-09-01 09:38:32.530,4.878,3100
2020-09-01 09:38:32.700,4.879,1000
2020-09-01 09:38:32.730,4.878,200
2020-09-01 09:38:34.100,4.878,6200
2020-09-01 09:38:34.100,4.877,300
2020-09-01 09:38:35.380,4.878,200
2020-09-01 09:38:36.900,4.879,3000
2020-09-01 09:38:38.990,4.879,1000
2020-09-01 09:38:39.220,4.878,500
2020-09-01 09:38:40.770,4.878,1300
2020-09-01 09:38:40.770,4.878,3700
2020-09-01 09:38:41.340,4.879,19800
2020-09-01 09:38:41.810,4.878,600
2020-09-01 09:38:42.670,4.878,700
2020-09-01 09:38:42.670,4.878,10000
2020-09-01 09:38:42.670,4.877,161900
2020-09-01 09:38:42.670,4.877,127400
2020-09-01 09:38:43.240,4.879,2000
2020-09-01 09:38:44.090,4.879,4200
2020-09-01 09:38:44.320,4.879,3000
2020-09-01 09:38:44.380,4.879,1000
2020-09-01 09:38:44.410,4.879,10600
2020-09-01 09:38:44.500,4.878,1000
2020-09-01 09:38:44.500,4.878,10000
2020-09-01 09:38:45.400,4.878,6300
2020-09-01 09:38:45.400,4.879,9100
2020-09-01 09:38:45.400,4.879,2000
2020-09-01 09:38:45.400,4.879,1400
2020-09-01 09:38:45.400,4.879,5000
2020-09-01 09:38:45.400,4.879,20000
2020-09-01 09:38:45.400,4.879,101400
2020-09-01 09:38:45.400,4.879,10000
2020-09-01 09:38:45.400,4.879,1000
2020-09-01 09:38:45.400,4.879,200
2020-09-01 09:38:45.400,4.879,16200
2020-09-01 09:38:46.090,4.879,200
2020-09-01 09:38:46.090,4.879,1300
2020-09-01 09:38:46.120,4.879,900
2020-09-01 09:38:46.420,4.877,1700
2020-09-01 09:38:46.910,4.878,2500
2020-09-01 09:38:46.910,4.879,6500
2020-09-01 09:38:48.220,4.878,100
2020-09-01 09:38:48.220,4.879,7700
2020-09-01 09:38:49.000,4.879,200
2020-09-01 09:38:49.060,4.879,2000
2020-09-01 09:38:49.090,4.878,2400
2020-09-01 09:38:49.800,4.878,4600
2020-09-01 09:38:50.080,4.878,2000
2020-09-01 09:38:52.600,4.878,3400
2020-09-01 09:38:52.600,4.878,16600
2020-09-01 09:38:53.220,4.878,1200
2020-09-01 09:38:54.520,4.878,2800
2020-09-01 09:38:55.870,4.878,900
2020-09-01 09:38:56.710,4.877,11200
2020-09-01 09:38:56.710,4.877,900
2020-09-01 09:38:56.710,4.877,1000
2020-09-01 09:38:56.710,4.877,3500
2020-09-01 09:38:56.710,4.877,5000
2020-09-01 09:38:56.710,4.877,100
2020-09-01 09:38:57.470,4.877,300000
2020-09-01 09:38:57.620,4.878,52800
2020-09-01 09:38:57.760,4.878,2000
2020-09-01 09:38:59.070,4.878,13700
2020-09-01 09:38:59.070,4.878,5900
2020-09-01 09:38:59.550,4.877,4100
2020-09-01 09:38:59.660,4.878,5000
2020-09-01 09:39:01.420,4.878,5000
2020-09-01 09:39:02.280,4.878,700
2020-09-01 09:39:02.280,4.878,1300
2020-09-01 09:39:02.310,4.878,4000
2020-09-01 09:39:02.480,4.878,4700
2020-09-01 09:39:02.480,4.878,800
2020-09-01 09:39:02.480,4.878,1000
2020-09-01 09:39:02.660,4.878,500
2020-09-01 09:39:02.840,4.879,1400
2020-09-01 09:39:03.660,4.878,300
2020-09-01 09:39:05.340,4.878,700
2020-09-01 09:39:05.340,4.878,1500
2020-09-01 09:39:06.690,4.878,2000
2020-09-01 09:39:07.250,4.877,900
2020-09-01 09:39:07.250,4.877,19100
2020-09-01 09:39:07.370,4.878,15000
2020-09-01 09:39:07.690,4.878,1500
2020-09-01 09:39:07.880,4.878,100
2020-09-01 09:39:08.190,4.878,5000
2020-09-01 09:39:09.950,4.877,1000
2020-09-01 09:39:10.180,4.878,2100
2020-09-01 09:39:10.180,4.878,6500
2020-09-01 09:39:10.420,4.878,63600
2020-09-01 09:39:11.000,4.878,1000
2020-09-01 09:39:11.820,4.877,21700
2020-09-01 09:39:11.950,4.877,2000
2020-09-01 09:39:12.970,4.878,500
2020-09-01 09:39:13.000,4.878,20000
2020-09-01 09:39:13.800,4.878,1800
2020-09-01 09:39:14.580,4.878,100
2020-09-01 09:39:14.610,4.878,100
2020-09-01 09:39:14.670,4.878,2500
2020-09-01 09:39:14.990,4.877,1000
2020-09-01 09:39:15.080,4.877,2500
2020-09-01 09:39:16.470,4.877,2000
2020-09-01 09:39:16.470,4.877,1500
2020-09-01 09:39:17.230,4.878,231000
2020-09-01 09:39:17.230,4.878,3200
2020-09-01 09:39:18.090,4.878,1000
2020-09-01 09:39:18.290,4.879,900
2020-09-01 09:39:18.860,4.878,1000
2020-09-01 09:39:19.340,4.878,200
2020-09-01 09:39:20.590,4.878,63600
2020-09-01 09:39:20.590,4.878,26400
2020-09-01 09:39:21.630,4.878,1000
2020-09-01 09:39:24.490,4.879,100
2020-09-01 09:39:24.870,4.878,1000
2020-09-01 09:39:26.600,4.878,71600
2020-09-01 09:39:26.600,4.878,18400
2020-09-01 09:39:27.890,4.879,2000
2020-09-01 09:39:28.470,4.878,200
2020-09-01 09:39:29.370,4.879,1300
2020-09-01 09:39:29.570,4.879,500
2020-09-01 09:39:29.570,4.878,200
2020-09-01 09:39:32.060,4.879,3000
2020-09-01 09:39:33.800,4.879,3000
2020-09-01 09:39:34.380,4.878,20000
2020-09-01 09:39:34.910,4.879,1000
2020-09-01 09:39:35.340,4.879,2000
2020-09-01 09:39:35.550,4.878,34200
2020-09-01 09:39:35.550,4.878,9100
2020-09-01 09:39:35.550,4.878,200
2020-09-01 09:39:35.550,4.878,1000
2020-09-01 09:39:35.550,4.878,200
2020-09-01 09:39:35.550,4.878,5000
2020-09-01 09:39:35.550,4.878,300
2020-09-01 09:39:36.630,4.879,100
2020-09-01 09:39:37.040,4.878,4700
2020-09-01 09:39:37.040,4.878,1000
2020-09-01 09:39:37.040,4.878,3000
2020-09-01 09:39:37.040,4.878,200
2020-09-01 09:39:37.040,4.878,2000
2020-09-01 09:39:37.040,4.878,3600
2020-09-01 09:39:37.220,4.879,300
2020-09-01 09:39:37.490,4.879,2000
2020-09-01 09:39:37.700,4.878,31700
2020-09-01 09:39:39.090,4.879,9000
2020-09-01 09:39:39.420,4.879,1000
2020-09-01 09:39:41.190,4.879,500
2020-09-01 09:39:41.580,4.879,3000
2020-09-01 09:39:42.170,4.878,9400
2020-09-01 09:39:42.310,4.879,300
2020-09-01 09:39:42.310,4.879,200
2020-09-01 09:39:42.310,4.879,9500
2020-09-01 09:39:42.650,4.879,5000
2020-09-01 09:39:44.480,4.878,1100
2020-09-01 09:39:47.840,4.878,1000
2020-09-01 09:39:49.010,4.879,900
2020-09-01 09:39:49.380,4.879,10000
2020-09-01 09:39:49.800,4.879,3000
2020-09-01 09:39:50.870,4.878,16700
2020-09-01 09:39:51.570,4.878,3000
2020-09-01 09:39:52.040,4.878,2200
2020-09-01 09:39:52.680,4.879,30000
2020-09-01 09:39:53.100,4.879,1000
2020-09-01 09:39:53.370,4.878,5000
2020-09-01 09:39:54.910,4.878,1000
2020-09-01 09:39:55.000,4.879,30600
2020-09-01 09:39:55.000,4.879,600
2020-09-01 09:39:55.000,4.879,1600
2020-09-01 09:39:55.000,4.879,3000
2020-09-01 09:39:55.000,4.879,300
2020-09-01 09:39:55.000,4.879,3900
2020-09-01 09:39:55.000,4.879,6100
2020-09-01 09:39:55.000,4.879,3500
2020-09-01 09:39:55.000,4.879,20000
2020-09-01 09:39:55.000,4.879,200
2020-09-01 09:39:55.000,4.879,100
2020-09-01 09:39:55.000,4.879,10000
2020-09-01 09:39:55.000,4.879,10000
2020-09-01 09:39:55.000,4.879,350000
2020-09-01 09:39:55.000,4.879,1900
2020-09-01 09:39:55.000,4.879,7500
2020-09-01 09:39:56.230,4.88,200
2020-09-01 09:39:56.230,4.88,500
2020-09-01 09:39:56.230,4.88,1000
2020-09-01 09:39:56.230,4.88,100
2020-09-01 09:39:56.230,4.88,55000
2020-09-01 09:39:56.230,4.88,100
2020-09-01 09:39:56.230,4.88,900
2020-09-01 09:39:56.230,4.88,242200
2020-09-01 09:39:58.800,4.879,800
2020-09-01 09:40:01.180,4.88,300
2020-09-01 09:40:01.390,4.88,2000
2020-09-01 09:40:02.260,4.879,100
2020-09-01 09:40:02.390,4.88,122100
2020-09-01 09:40:04.290,4.879,100
2020-09-01 09:40:05.420,4.88,30000
2020-09-01 09:40:07.110,4.88,300
2020-09-01 09:40:08.470,4.88,100
2020-09-01 09:40:09.560,4.879,294000
2020-09-01 09:40:09.560,4.879,2000
2020-09-01 09:40:09.560,4.879,2000
2020-09-01 09:40:09.560,4.879,200
2020-09-01 09:40:09.560,4.879,200
2020-09-01 09:40:09.560,4.878,1600
2020-09-01 09:40:09.970,4.879,200
2020-09-01 09:40:10.990,4.88,1500
2020-09-01 09:40:14.990,4.879,100
2020-09-01 09:40:15.500,4.878,200000
2020-09-01 09:40:16.300,4.879,10000
2020-09-01 09:40:16.670,4.879,20000
2020-09-01 09:40:18.110,4.878,5000
2020-09-01 09:40:19.290,4.879,5000
2020-09-01 09:40:19.460,4.879,2500
2020-09-01 09:40:19.660,4.878,18700
2020-09-01 09:40:19.660,4.878,10000
2020-09-01 09:40:19.660,4.878,1000
2020-09-01 09:40:19.660,4.878,400
2020-09-01 09:40:19.660,4.878,5000
2020-09-01 09:40:19.660,4.878,1000
2020-09-01 09:40:19.660,4.878,10000
2020-09-01 09:40:19.660,4.878,20000
2020-09-01 09:40:21.930,4.878,4000
2020-09-01 09:40:22.130,4.878,500
2020-09-01 09:40:22.610,4.878,2500
2020-09-01 09:40:23.110,4.878,300
2020-09-01 09:40:24.850,4.876,10000
2020-09-01 09:40:24.850,4.876,23500
2020-09-01 09:40:24.850,4.876,100
2020-09-01 09:40:24.850,4.876,500
2020-09-01 09:40:24.850,4.876,25000
2020-09-01 09:40:26.430,4.876,300
2020-09-01 09:40:26.660,4.876,500
2020-09-01 09:40:27.260,4.876,100
2020-09-01 09:40:28.790,4.875,10000
2020-09-01 09:40:28.850,4.875,1400
2020-09-01 09:40:30.630,4.876,90000
2020-09-01 09:40:30.630,4.876,3000
2020-09-01 09:40:30.630,4.877,300
2020-09-01 09:40:30.630,4.878,16600
2020-09-01 09:40:30.630,4.878,22000
2020-09-01 09:40:30.630,4.878,500
2020-09-01 09:40:30.630,4.879,17700
2020-09-01 09:40:30.720,4.875,100
2020-09-01 09:40:30.980,4.876,1000
2020-09-01 09:40:31.220,4.876,400
2020-09-01 09:40:33.410,4.877,3900
2020-09-01 09:40:35.220,4.879,150100
2020-09-01 09:40:36.080,4.878,200
2020-09-01 09:40:37.410,4.878,10000
2020-09-01 09:40:40.530,4.877,9500
2020-09-01 09:40:40.670,4.878,300
2020-09-01 09:40:40.820,4.879,90000
2020-09-01 09:40:40.820,4.879,14000
2020-09-01 09:40:40.820,4.879,500
2020-09-01 09:40:40.820,4.879,500
2020-09-01 09:40:40.820,4.879,10000
2020-09-01 09:40:40.820,4.88,8200
2020-09-01 09:40:40.820,4.88,6000
2020-09-01 09:40:40.820,4.88,15000
2020-09-01 09:40:40.820,4.88,200
2020-09-01 09:40:40.820,4.88,600
2020-09-01 09:40:40.820,4.88,5000
2020-09-01 09:40:40.820,4.88,1000
2020-09-01 09:40:40.820,4.88,500
2020-09-01 09:40:40.820,4.88,500
2020-09-01 09:40:40.820,4.88,54300
2020-09-01 09:40:40.820,4.88,5000
2020-09-01 09:40:40.820,4.88,100
2020-09-01 09:40:40.820,4.88,1000
2020-09-01 09:40:40.820,4.88,200
2020-09-01 09:40:40.820,4.88,200
2020-09-01 09:40:40.820,4.88,2600
2020-09-01 09:40:40.820,4.88,200
2020-09-01 09:40:40.820,4.88,200
2020-09-01 09:40:40.820,4.88,300
2020-09-01 09:40:40.820,4.88,600
2020-09-01 09:40:40.820,4.88,900
2020-09-01 09:40:40.820,4.88,1000
2020-09-01 09:40:40.820,4.88,3000
2020-09-01 09:40:40.820,4.88,200
2020-09-01 09:40:40.820,4.88,2000
2020-09-01 09:40:40.820,4.88,1000
2020-09-01 09:40:40.820,4.88,375200
2020-09-01 09:40:41.750,4.878,12100
2020-09-01 09:40:41.750,4.878,182400
2020-09-01 09:40:41.750,4.877,5500
2020-09-01 09:40:41.800,4.879,100
2020-09-01 09:40:42.160,4.879,1900
2020-09-01 09:40:42.160,4.879,50000
2020-09-01 09:40:42.160,4.88,248100
2020-09-01 09:40:43.910,4.879,100
2020-09-01 09:40:47.530,4.879,1900
2020-09-01 09:40:47.530,4.879,200
2020-09-01 09:40:47.530,4.879,200
2020-09-01 09:40:47.530,4.879,40000
2020-09-01 09:40:47.530,4.879,2000
2020-09-01 09:40:47.530,4.879,500
2020-09-01 09:40:47.530,4.878,10000
2020-09-01 09:40:47.530,4.878,59300
2020-09-01 09:40:48.120,4.879,800
2020-09-01 09:40:48.120,4.879,200
2020-09-01 09:40:48.470,4.879,2500
2020-09-01 09:40:48.700,4.88,150100
2020-09-01 09:40:49.030,4.88,42000
2020-09-01 09:40:49.030,4.88,5200
2020-09-01 09:40:49.030,4.88,2000
2020-09-01 09:40:49.030,4.88,5000
2020-09-01 09:40:49.030,4.88,1000
2020-09-01 09:40:49.030,4.88,10000
2020-09-01 09:40:49.030,4.88,5500
2020-09-01 09:40:49.030,4.88,200
2020-09-01 09:40:49.030,4.88,1000
2020-09-01 09:40:49.030,4.881,1000
2020-09-01 09:40:49.030,4.881,5000
2020-09-01 09:40:49.030,4.881,1000
2020-09-01 09:40:49.030,4.881,300
2020-09-01 09:40:49.030,4.881,200
2020-09-01 09:40:49.030,4.881,3000
2020-09-01 09:40:49.030,4.881,5000
2020-09-01 09:40:49.030,4.881,20000
2020-09-01 09:40:49.030,4.881,100000
2020-09-01 09:40:49.030,4.881,3000
2020-09-01 09:40:49.030,4.881,300
2020-09-01 09:40:49.030,4.881,100
2020-09-01 09:40:49.030,4.882,4000
2020-09-01 09:40:49.030,4.882,600
2020-09-01 09:40:49.030,4.882,200
2020-09-01 09:40:49.030,4.882,200
2020-09-01 09:40:49.030,4.882,3000
2020-09-01 09:40:49.030,4.882,5400
2020-09-01 09:40:49.030,4.882,1200
2020-09-01 09:40:49.030,4.882,300
2020-09-01 09:40:49.030,4.882,2000
2020-09-01 09:40:49.030,4.882,800
2020-09-01 09:40:49.030,4.882,5000
2020-09-01 09:40:49.030,4.882,500
2020-09-01 09:40:49.030,4.882,300
2020-09-01 09:40:49.030,4.882,1000
2020-09-01 09:40:49.030,4.883,5000
2020-09-01 09:40:49.030,4.883,600
2020-09-01 09:40:49.030,4.883,200
2020-09-01 09:40:49.030,4.883,54400
2020-09-01 09:40:49.440,4.879,700
2020-09-01 09:40:49.650,4.88,100
2020-09-01 09:40:49.890,4.88,100
2020-09-01 09:40:49.890,4.883,19900
2020-09-01 09:40:50.770,4.88,3500
2020-09-01 09:40:51.960,4.88,200
2020-09-01 09:40:53.260,4.88,100
2020-09-01 09:40:53.260,4.88,400
2020-09-01 09:40:53.840,4.88,100
2020-09-01 09:40:54.160,4.88,1400
2020-09-01 09:40:54.690,4.88,4100
2020-09-01 09:40:54.690,4.88,20000
2020-09-01 09:40:54.690,4.88,20000
2020-09-01 09:40:54.690,4.88,20000
2020-09-01 09:40:54.690,4.88,14800
2020-09-01 09:40:55.170,4.88,5200
2020-09-01 09:40:55.170,4.88,2300
2020-09-01 09:40:55.380,4.88,17700
2020-09-01 09:40:55.550,4.88,26800
2020-09-01 09:40:55.850,4.88,5500
2020-09-01 09:40:56.720,4.88,2500
2020-09-01 09:40:59.250,4.881,1000
2020-09-01 09:40:59.250,4.882,1000
2020-09-01 09:41:00.180,4.88,4200
2020-09-01 09:41:00.180,4.88,10200
2020-09-01 09:41:00.180,4.88,3900
2020-09-01 09:41:00.180,4.879,20500
2020-09-01 09:41:00.180,4.879,100
2020-09-01 09:41:00.180,4.879,1100
2020-09-01 09:41:00.180,4.879,35000
