Datetime,Price,Volume
2020-11-06 09:25:00.090,3.428,500
2020-11-06 09:25:00.090,3.428,6500
2020-11-06 09:25:00.090,3.428,6200
2020-11-06 09:25:00.090,3.428,12300
2020-11-06 09:25:00.090,3.428,20400
2020-11-06 09:25:00.090,3.428,700
2020-11-06 09:25:00.090,3.428,92500
2020-11-06 09:25:00.090,3.428,2200
2020-11-06 09:25:00.090,3.428,3800
2020-11-06 09:25:00.090,3.428,2200
2020-11-06 09:25:00.090,3.428,15000
2020-11-06 09:25:00.090,3.428,7800
2020-11-06 09:25:00.090,3.428,500
2020-11-06 09:25:00.090,3.428,10000
2020-11-06 09:25:00.090,3.428,1700
2020-11-06 09:25:00.090,3.428,9200
2020-11-06 09:25:00.090,3.428,6100
2020-11-06 09:25:00.090,3.428,9700
2020-11-06 09:25:00.090,3.428,1800
2020-11-06 09:25:00.090,3.428,7800
2020-11-06 09:25:00.090,3.428,176600
2020-11-06 09:25:00.090,3.428,1000
2020-11-06 09:25:00.090,3.428,50000
2020-11-06 09:25:00.090,3.428,2000
2020-11-06 09:25:00.090,3.428,2000
2020-11-06 09:25:00.090,3.428,10000
2020-11-06 09:25:00.090,3.428,3600
2020-11-06 09:25:00.090,3.428,24100
2020-11-06 09:25:00.090,3.428,20000
2020-11-06 09:25:00.090,3.428,5000
2020-11-06 09:25:00.090,3.428,2000
2020-11-06 09:25:00.090,3.428,900
2020-11-06 09:25:00.090,3.428,2800
2020-11-06 09:25:00.090,3.428,300000
2020-11-06 09:25:00.090,3.428,90000
2020-11-06 09:25:00.090,3.428,20000
2020-11-06 09:25:00.090,3.428,140000
2020-11-06 09:25:00.090,3.428,30000
2020-11-06 09:25:00.090,3.428,200
2020-11-06 09:25:00.090,3.428,3000
2020-11-06 09:25:00.090,3.428,152500
2020-11-06 09:25:00.090,3.428,3500
2020-11-06 09:25:00.090,3.428,12300
2020-11-06 09:25:00.090,3.428,30000
2020-11-06 09:25:00.090,3.428,14500
2020-11-06 09:25:00.090,3.428,10000
2020-11-06 09:25:00.090,3.428,1600
2020-11-06 09:25:00.090,3.428,300
2020-11-06 09:25:00.090,3.428,100
2020-11-06 09:25:00.090,3.428,100
2020-11-06 09:25:00.090,3.428,200
2020-11-06 09:25:00.090,3.428,100
2020-11-06 09:25:00.090,3.428,200
2020-11-06 09:25:00.090,3.428,2900
2020-11-06 09:25:00.090,3.428,600
2020-11-06 09:25:00.090,3.428,100
2020-11-06 09:25:00.090,3.428,100
2020-11-06 09:25:00.090,3.428,400
2020-11-06 09:25:00.090,3.428,5000
2020-11-06 09:25:00.090,3.428,5000
2020-11-06 09:25:00.090,3.428,700
2020-11-06 09:25:00.090,3.428,100
2020-11-06 09:25:00.090,3.428,3000
2020-11-06 09:25:00.090,3.428,1500
2020-11-06 09:25:00.090,3.428,8000
2020-11-06 09:25:00.090,3.428,2900
2020-11-06 09:25:00.090,3.428,6000
2020-11-06 09:25:00.090,3.428,32900
2020-11-06 09:25:00.090,3.428,7000
2020-11-06 09:25:00.090,3.428,7000
2020-11-06 09:25:00.090,3.428,500
2020-11-06 09:25:00.090,3.428,143400
2020-11-06 09:25:00.090,3.428,18900
2020-11-06 09:25:00.090,3.428,100
2020-11-06 09:25:00.090,3.428,135800
2020-11-06 09:25:00.090,3.428,100
2020-11-06 09:25:00.090,3.428,100
2020-11-06 09:25:00.090,3.428,2700
2020-11-06 09:25:00.090,3.428,600
2020-11-06 09:25:00.090,3.428,300
2020-11-06 09:25:00.090,3.428,900
2020-11-06 09:25:00.090,3.428,400
2020-11-06 09:25:00.090,3.428,300
2020-11-06 09:25:00.090,3.428,3500
2020-11-06 09:25:00.090,3.428,258800
2020-11-06 09:25:00.090,3.428,59100
2020-11-06 09:25:00.090,3.428,300
2020-11-06 09:25:00.090,3.428,600
2020-11-06 09:25:00.090,3.428,27900
2020-11-06 09:25:00.090,3.428,300
2020-11-06 09:25:00.090,3.428,108300
2020-11-06 09:25:00.090,3.428,2100
2020-11-06 09:25:00.090,3.428,900
2020-11-06 09:25:00.090,3.428,100
2020-11-06 09:25:00.090,3.428,2000
2020-11-06 09:25:00.090,3.428,72200
2020-11-06 09:25:00.090,3.428,28000
2020-11-06 09:25:00.090,3.428,2000
2020-11-06 09:25:00.090,3.428,400
2020-11-06 09:25:00.090,3.428,10600
2020-11-06 09:25:00.090,3.428,100
2020-11-06 09:25:00.090,3.428,200
2020-11-06 09:25:00.090,3.428,146200
2020-11-06 09:25:00.090,3.428,19500
2020-11-06 09:25:00.090,3.428,79400
2020-11-06 09:25:00.090,3.428,5000
2020-11-06 09:25:00.090,3.428,95300
2020-11-06 09:25:00.090,3.428,11000
2020-11-06 09:25:00.090,3.428,10000
2020-11-06 09:25:00.090,3.428,2000
2020-11-06 09:25:00.090,3.428,3700
2020-11-06 09:25:00.090,3.428,6000
2020-11-06 09:25:00.090,3.428,30000
2020-11-06 09:25:00.090,3.428,3200
2020-11-06 09:25:00.090,3.428,3000
2020-11-06 09:25:00.090,3.428,89600
2020-11-06 09:25:00.090,3.428,203500
2020-11-06 09:25:00.090,3.428,10000
2020-11-06 09:25:00.090,3.428,40000
2020-11-06 09:25:00.090,3.428,10000
2020-11-06 09:25:00.090,3.428,5000
2020-11-06 09:25:00.090,3.428,10000
2020-11-06 09:25:00.090,3.428,1300
2020-11-06 09:25:00.090,3.428,2800
2020-11-06 09:25:00.090,3.428,100
2020-11-06 09:25:00.090,3.428,5600
2020-11-06 09:25:00.090,3.428,100
2020-11-06 09:25:00.090,3.428,10000
2020-11-06 09:25:00.090,3.428,100
2020-11-06 09:25:00.090,3.428,3000
2020-11-06 09:25:00.090,3.428,1000
2020-11-06 09:25:00.090,3.428,200
2020-11-06 09:25:00.090,3.428,3000
2020-11-06 09:25:00.090,3.428,10000
2020-11-06 09:25:00.090,3.428,10000
2020-11-06 09:25:00.090,3.428,11000
2020-11-06 09:25:00.090,3.428,100
2020-11-06 09:25:00.090,3.428,100
2020-11-06 09:25:00.090,3.428,5000
2020-11-06 09:25:00.090,3.428,29800
2020-11-06 09:25:00.090,3.428,6800
2020-11-06 09:25:00.090,3.428,20000
2020-11-06 09:25:00.090,3.428,3000
2020-11-06 09:25:00.090,3.428,10000
2020-11-06 09:25:00.090,3.428,1000
2020-11-06 09:25:00.090,3.428,10000
2020-11-06 09:25:00.090,3.428,8000
2020-11-06 09:25:00.090,3.428,10000
2020-11-06 09:25:00.090,3.428,9900
2020-11-06 09:25:00.090,3.428,13800
2020-11-06 09:25:00.090,3.428,20000
2020-11-06 09:25:00.090,3.428,600
2020-11-06 09:25:00.090,3.428,1000
2020-11-06 09:25:00.090,3.428,19000
2020-11-06 09:25:00.090,3.428,1000
2020-11-06 09:25:00.090,3.428,3000
2020-11-06 09:25:00.090,3.428,10000
2020-11-06 09:25:00.090,3.428,10000
2020-11-06 09:25:00.090,3.428,3000
2020-11-06 09:25:00.090,3.428,5000
2020-11-06 09:25:00.090,3.428,10000
2020-11-06 09:25:00.090,3.428,100
2020-11-06 09:25:00.090,3.428,5000
2020-11-06 09:25:00.090,3.428,2500
2020-11-06 09:25:00.090,3.428,9300
2020-11-06 09:25:00.090,3.428,11000
2020-11-06 09:25:00.090,3.428,20000
2020-11-06 09:25:00.090,3.428,10000
2020-11-06 09:25:00.090,3.428,2000
2020-11-06 09:25:00.090,3.428,9300
2020-11-06 09:25:00.090,3.428,10000
2020-11-06 09:25:00.090,3.428,14500
2020-11-06 09:25:00.090,3.428,51900
2020-11-06 09:25:00.090,3.428,300000
2020-11-06 09:25:00.090,3.428,10000
2020-11-06 09:30:00.100,3.428,6000
2020-11-06 09:30:00.140,3.429,10000
2020-11-06 09:30:00.140,3.429,20000
2020-11-06 09:30:00.250,3.428,174300
2020-11-06 09:30:00.250,3.425,2000
2020-11-06 09:30:00.330,3.425,14500
2020-11-06 09:30:00.330,3.428,200
2020-11-06 09:30:00.330,3.425,3500
2020-11-06 09:30:00.330,3.425,6500
2020-11-06 09:30:00.410,3.425,44000
2020-11-06 09:30:00.410,3.425,300
2020-11-06 09:30:00.410,3.425,13200
2020-11-06 09:30:00.520,3.426,2700
2020-11-06 09:30:00.520,3.426,100
2020-11-06 09:30:00.520,3.426,200
2020-11-06 09:30:00.520,3.428,2300
2020-11-06 09:30:00.520,3.428,10000
2020-11-06 09:30:00.650,3.428,29200
2020-11-06 09:30:00.650,3.428,100
2020-11-06 09:30:00.650,3.428,26300
2020-11-06 09:30:00.650,3.428,1000
2020-11-06 09:30:00.650,3.426,200
2020-11-06 09:30:00.890,3.428,50000
2020-11-06 09:30:00.890,3.428,6600
2020-11-06 09:30:00.890,3.428,100
2020-11-06 09:30:00.890,3.428,3000
2020-11-06 09:30:00.890,3.428,20300
2020-11-06 09:30:00.890,3.428,9000
2020-11-06 09:30:01.000,3.426,1000
2020-11-06 09:30:01.000,3.426,44200
2020-11-06 09:30:01.000,3.426,10000
2020-11-06 09:30:01.120,3.426,2000
2020-11-06 09:30:01.250,3.426,10000
2020-11-06 09:30:01.250,3.426,100
2020-11-06 09:30:01.360,3.426,3700
2020-11-06 09:30:01.360,3.427,100
2020-11-06 09:30:01.360,3.427,5000
2020-11-06 09:30:01.360,3.428,11200
2020-11-06 09:30:01.360,3.425,10000
2020-11-06 09:30:01.360,3.428,5800
2020-11-06 09:30:01.360,3.425,30000
2020-11-06 09:30:01.360,3.428,11000
2020-11-06 09:30:01.360,3.428,1500
2020-11-06 09:30:01.490,3.428,3000
2020-11-06 09:30:01.610,3.428,5000
2020-11-06 09:30:01.730,3.428,600
2020-11-06 09:30:01.730,3.425,200
2020-11-06 09:30:01.730,3.428,15000
2020-11-06 09:30:01.730,3.428,5300
2020-11-06 09:30:01.730,3.428,2000
2020-11-06 09:30:01.840,3.426,900
2020-11-06 09:30:01.840,3.426,4800
2020-11-06 09:30:01.950,3.426,200
2020-11-06 09:30:01.950,3.426,10000
2020-11-06 09:30:02.080,3.426,5000
2020-11-06 09:30:02.080,3.425,5000
2020-11-06 09:30:02.190,3.426,5000
2020-11-06 09:30:02.190,3.426,5900
2020-11-06 09:30:02.190,3.426,1000
2020-11-06 09:30:02.310,3.426,500
2020-11-06 09:30:02.360,3.426,600
2020-11-06 09:30:02.360,3.426,200
2020-11-06 09:30:02.360,3.426,800
2020-11-06 09:30:02.460,3.426,2200
2020-11-06 09:30:02.460,3.426,1000
2020-11-06 09:30:02.460,3.426,8200
2020-11-06 09:30:02.460,3.426,1800
2020-11-06 09:30:02.590,3.426,1500
2020-11-06 09:30:02.700,3.426,13900
2020-11-06 09:30:02.700,3.426,6100
2020-11-06 09:30:02.700,3.426,8500
2020-11-06 09:30:02.700,3.427,1000
2020-11-06 09:30:02.820,3.428,1100
2020-11-06 09:30:02.930,3.428,1000
2020-11-06 09:30:02.930,3.428,1000
2020-11-06 09:30:03.050,3.428,500
2020-11-06 09:30:03.160,3.428,16800
2020-11-06 09:30:03.160,3.428,1000
2020-11-06 09:30:03.330,3.428,1800
2020-11-06 09:30:03.330,3.428,5000
2020-11-06 09:30:03.330,3.427,40000
2020-11-06 09:30:03.440,3.428,3000
2020-11-06 09:30:03.560,3.427,12800
2020-11-06 09:30:03.820,3.428,1000
2020-11-06 09:30:03.940,3.428,15000
2020-11-06 09:30:04.000,3.428,3300
2020-11-06 09:30:04.140,3.428,1000
2020-11-06 09:30:04.140,3.428,38200
2020-11-06 09:30:04.320,3.427,10000
2020-11-06 09:30:04.470,3.427,100
2020-11-06 09:30:04.470,3.427,7900
2020-11-06 09:30:04.580,3.427,2000
2020-11-06 09:30:04.620,3.427,1000
2020-11-06 09:30:04.690,3.427,400
2020-11-06 09:30:04.690,3.427,14500
2020-11-06 09:30:04.950,3.426,800
2020-11-06 09:30:04.950,3.427,200
2020-11-06 09:30:05.100,3.425,100
2020-11-06 09:30:05.260,3.427,900
2020-11-06 09:30:05.390,3.426,6900
2020-11-06 09:30:05.390,3.426,3100
2020-11-06 09:30:05.390,3.427,5700
2020-11-06 09:30:05.470,3.427,1000
2020-11-06 09:30:05.500,3.425,100
2020-11-06 09:30:05.500,3.425,100
2020-11-06 09:30:05.500,3.425,100
2020-11-06 09:30:05.500,3.425,100
2020-11-06 09:30:05.500,3.425,100
2020-11-06 09:30:05.500,3.425,100
2020-11-06 09:30:05.500,3.425,100
2020-11-06 09:30:05.500,3.425,100
2020-11-06 09:30:05.500,3.425,100
2020-11-06 09:30:05.500,3.425,100
2020-11-06 09:30:05.500,3.425,100
2020-11-06 09:30:05.500,3.425,100
2020-11-06 09:30:05.500,3.425,100
2020-11-06 09:30:05.500,3.425,100
2020-11-06 09:30:05.500,3.425,100
2020-11-06 09:30:05.500,3.425,100
2020-11-06 09:30:05.500,3.425,100
2020-11-06 09:30:05.500,3.425,100
2020-11-06 09:30:05.500,3.425,100
2020-11-06 09:30:05.500,3.425,100
2020-11-06 09:30:05.500,3.425,100
2020-11-06 09:30:05.500,3.425,100
2020-11-06 09:30:05.500,3.425,100
2020-11-06 09:30:05.500,3.425,100
2020-11-06 09:30:05.500,3.425,100
2020-11-06 09:30:05.500,3.425,100
2020-11-06 09:30:05.500,3.425,100
2020-11-06 09:30:05.500,3.425,100
2020-11-06 09:30:05.500,3.425,100
2020-11-06 09:30:05.500,3.425,100
2020-11-06 09:30:05.500,3.425,100
2020-11-06 09:30:05.500,3.425,100
2020-11-06 09:30:05.500,3.425,100
2020-11-06 09:30:05.500,3.425,100
2020-11-06 09:30:05.500,3.425,100
2020-11-06 09:30:05.500,3.425,100
2020-11-06 09:30:05.500,3.425,100
2020-11-06 09:30:05.500,3.425,100
2020-11-06 09:30:05.500,3.425,100
2020-11-06 09:30:05.500,3.425,100
2020-11-06 09:30:05.500,3.425,100
2020-11-06 09:30:05.500,3.425,100
2020-11-06 09:30:05.500,3.425,100
2020-11-06 09:30:05.500,3.425,100
2020-11-06 09:30:05.500,3.425,100
2020-11-06 09:30:05.500,3.425,100
2020-11-06 09:30:05.500,3.425,100
2020-11-06 09:30:05.500,3.425,100
2020-11-06 09:30:05.500,3.425,100
2020-11-06 09:30:05.500,3.425,100
2020-11-06 09:30:05.500,3.425,100
2020-11-06 09:30:05.500,3.425,100
2020-11-06 09:30:05.500,3.425,100
2020-11-06 09:30:05.500,3.425,100
2020-11-06 09:30:05.500,3.425,100
2020-11-06 09:30:05.500,3.425,100
2020-11-06 09:30:05.500,3.425,100
2020-11-06 09:30:05.500,3.425,100
2020-11-06 09:30:05.500,3.425,100
2020-11-06 09:30:05.500,3.425,100
2020-11-06 09:30:05.500,3.425,100
2020-11-06 09:30:05.500,3.425,100
2020-11-06 09:30:05.500,3.425,100
2020-11-06 09:30:05.500,3.425,100
2020-11-06 09:30:05.500,3.425,100
2020-11-06 09:30:05.500,3.425,100
2020-11-06 09:30:05.500,3.425,100
2020-11-06 09:30:05.500,3.425,100
2020-11-06 09:30:05.500,3.425,100
2020-11-06 09:30:05.500,3.425,100
2020-11-06 09:30:05.500,3.425,100
2020-11-06 09:30:05.500,3.425,100
2020-11-06 09:30:05.500,3.425,100
2020-11-06 09:30:05.500,3.425,100
2020-11-06 09:30:05.500,3.425,100
2020-11-06 09:30:05.500,3.425,100
2020-11-06 09:30:05.500,3.425,100
2020-11-06 09:30:05.500,3.425,100
2020-11-06 09:30:05.500,3.425,100
2020-11-06 09:30:05.500,3.425,100
2020-11-06 09:30:05.500,3.425,100
2020-11-06 09:30:05.500,3.425,100
2020-11-06 09:30:05.500,3.425,100
2020-11-06 09:30:05.500,3.425,100
2020-11-06 09:30:05.500,3.425,100
2020-11-06 09:30:05.500,3.425,100
2020-11-06 09:30:05.500,3.425,100
2020-11-06 09:30:05.500,3.425,100
2020-11-06 09:30:05.500,3.425,100
2020-11-06 09:30:05.500,3.425,100
2020-11-06 09:30:05.500,3.425,100
2020-11-06 09:30:05.500,3.425,100
2020-11-06 09:30:05.500,3.424,100
2020-11-06 09:30:05.500,3.423,100
2020-11-06 09:30:05.500,3.423,100
2020-11-06 09:30:05.500,3.423,100
2020-11-06 09:30:05.500,3.423,100
2020-11-06 09:30:05.500,3.423,100
2020-11-06 09:30:05.500,3.423,100
2020-11-06 09:30:05.500,3.423,100
2020-11-06 09:30:05.500,3.423,100
2020-11-06 09:30:05.500,3.423,100
2020-11-06 09:30:05.500,3.423,100
2020-11-06 09:30:05.500,3.423,100
2020-11-06 09:30:05.500,3.423,100
2020-11-06 09:30:05.500,3.423,100
2020-11-06 09:30:05.500,3.423,100
2020-11-06 09:30:05.500,3.423,100
2020-11-06 09:30:05.500,3.423,100
2020-11-06 09:30:05.500,3.423,100
2020-11-06 09:30:05.500,3.423,100
2020-11-06 09:30:05.500,3.423,100
2020-11-06 09:30:05.500,3.423,100
2020-11-06 09:30:05.500,3.423,100
2020-11-06 09:30:05.500,3.423,100
2020-11-06 09:30:05.500,3.423,100
2020-11-06 09:30:05.500,3.423,100
2020-11-06 09:30:05.500,3.423,100
2020-11-06 09:30:05.540,3.423,100
2020-11-06 09:30:05.540,3.423,100
2020-11-06 09:30:05.540,3.423,100
2020-11-06 09:30:05.540,3.423,100
2020-11-06 09:30:05.540,3.423,100
2020-11-06 09:30:05.540,3.423,100
2020-11-06 09:30:05.540,3.423,100
2020-11-06 09:30:05.540,3.423,100
2020-11-06 09:30:05.540,3.423,100
2020-11-06 09:30:05.540,3.423,100
2020-11-06 09:30:05.540,3.423,100
2020-11-06 09:30:05.540,3.423,100
2020-11-06 09:30:05.540,3.423,100
2020-11-06 09:30:05.540,3.423,100
2020-11-06 09:30:05.540,3.423,100
2020-11-06 09:30:05.540,3.423,100
2020-11-06 09:30:05.540,3.423,100
2020-11-06 09:30:05.540,3.423,100
2020-11-06 09:30:05.540,3.423,100
2020-11-06 09:30:05.540,3.423,100
2020-11-06 09:30:05.540,3.423,100
2020-11-06 09:30:05.540,3.423,100
2020-11-06 09:30:05.540,3.423,100
2020-11-06 09:30:05.540,3.423,100
2020-11-06 09:30:05.540,3.423,100
2020-11-06 09:30:05.540,3.423,100
2020-11-06 09:30:05.540,3.423,100
2020-11-06 09:30:05.540,3.423,100
2020-11-06 09:30:05.540,3.423,100
2020-11-06 09:30:05.540,3.423,100
2020-11-06 09:30:05.540,3.423,100
2020-11-06 09:30:05.540,3.423,100
2020-11-06 09:30:05.540,3.423,100
2020-11-06 09:30:05.540,3.423,100
2020-11-06 09:30:05.540,3.423,100
2020-11-06 09:30:05.540,3.423,100
2020-11-06 09:30:05.540,3.423,100
2020-11-06 09:30:05.540,3.423,100
2020-11-06 09:30:05.540,3.423,100
2020-11-06 09:30:05.540,3.423,100
2020-11-06 09:30:05.540,3.423,100
2020-11-06 09:30:05.540,3.423,100
2020-11-06 09:30:05.540,3.423,100
2020-11-06 09:30:05.540,3.423,100
2020-11-06 09:30:05.540,3.423,100
2020-11-06 09:30:05.540,3.423,100
2020-11-06 09:30:05.540,3.423,100
2020-11-06 09:30:05.540,3.423,100
2020-11-06 09:30:05.540,3.423,100
2020-11-06 09:30:05.540,3.423,100
2020-11-06 09:30:05.540,3.423,100
2020-11-06 09:30:05.540,3.423,100
2020-11-06 09:30:05.540,3.423,100
2020-11-06 09:30:05.540,3.423,100
2020-11-06 09:30:05.540,3.423,100
2020-11-06 09:30:05.540,3.423,100
2020-11-06 09:30:05.540,3.423,100
2020-11-06 09:30:05.540,3.423,100
2020-11-06 09:30:05.540,3.423,100
2020-11-06 09:30:05.540,3.423,100
2020-11-06 09:30:05.540,3.423,100
2020-11-06 09:30:05.540,3.423,100
2020-11-06 09:30:05.580,3.427,500
2020-11-06 09:30:05.620,3.427,3000
2020-11-06 09:30:05.650,3.428,100
2020-11-06 09:30:05.730,3.428,5000
2020-11-06 09:30:05.760,3.428,1000
2020-11-06 09:30:05.980,3.428,20000
2020-11-06 09:30:06.020,3.428,1000
2020-11-06 09:30:06.020,3.428,80000
2020-11-06 09:30:06.200,3.428,1000
2020-11-06 09:30:06.370,3.427,1400
2020-11-06 09:30:06.370,3.427,100000
2020-11-06 09:30:06.470,3.426,10400
2020-11-06 09:30:06.470,3.427,27600
2020-11-06 09:30:06.540,3.427,2000
2020-11-06 09:30:06.580,3.427,1100
2020-11-06 09:30:06.810,3.427,20000
2020-11-06 09:30:07.430,3.425,1500
2020-11-06 09:30:07.430,3.425,38500
2020-11-06 09:30:07.430,3.425,11500
2020-11-06 09:30:07.430,3.425,200
2020-11-06 09:30:07.790,3.423,500
2020-11-06 09:30:07.990,3.425,40000
2020-11-06 09:30:08.020,3.425,5000
2020-11-06 09:30:08.750,3.424,20300
2020-11-06 09:30:09.090,3.425,1600
2020-11-06 09:30:09.500,3.423,10000
2020-11-06 09:30:09.870,3.423,84500
2020-11-06 09:30:11.480,3.424,300000
2020-11-06 09:30:11.550,3.425,40000
2020-11-06 09:30:11.910,3.424,23200
2020-11-06 09:30:12.920,3.425,200
2020-11-06 09:30:13.240,3.423,3000
2020-11-06 09:30:13.240,3.422,4000
2020-11-06 09:30:13.240,3.422,3000
2020-11-06 09:30:14.630,3.422,22800
2020-11-06 09:30:14.630,3.423,203200
2020-11-06 09:30:14.920,3.424,600
2020-11-06 09:30:15.210,3.424,300000
2020-11-06 09:30:15.780,3.425,11200
2020-11-06 09:30:15.840,3.424,373400
2020-11-06 09:30:16.010,3.424,40000
2020-11-06 09:30:17.710,3.421,10000
2020-11-06 09:30:17.710,3.421,200
2020-11-06 09:30:17.710,3.421,10000
2020-11-06 09:30:17.710,3.421,9800
2020-11-06 09:30:18.040,3.423,14900
2020-11-06 09:30:18.040,3.424,17800
2020-11-06 09:30:18.250,3.423,100
2020-11-06 09:30:19.250,3.421,17700
2020-11-06 09:30:20.980,3.421,2300
2020-11-06 09:30:20.980,3.42,20000
2020-11-06 09:30:20.980,3.42,1000
2020-11-06 09:30:20.980,3.42,5000
2020-11-06 09:30:20.980,3.42,9400
2020-11-06 09:30:20.980,3.42,100000
2020-11-06 09:30:20.980,3.42,10000
2020-11-06 09:30:20.980,3.42,3000
2020-11-06 09:30:20.980,3.42,7000
2020-11-06 09:30:20.980,3.42,200
2020-11-06 09:30:20.980,3.42,10000
2020-11-06 09:30:20.980,3.42,2000
2020-11-06 09:30:20.980,3.42,3000
2020-11-06 09:30:20.980,3.42,100
2020-11-06 09:30:20.980,3.42,30000
2020-11-06 09:30:20.980,3.42,40000
2020-11-06 09:30:21.910,3.42,30000
2020-11-06 09:30:22.870,3.419,1700
2020-11-06 09:30:22.870,3.419,5000
2020-11-06 09:30:22.870,3.419,3300
2020-11-06 09:30:23.200,3.42,5000
2020-11-06 09:30:23.260,3.419,3500
2020-11-06 09:30:23.260,3.419,100
2020-11-06 09:30:23.260,3.419,1400
2020-11-06 09:30:23.440,3.42,200
2020-11-06 09:30:23.500,3.419,1200
2020-11-06 09:30:23.500,3.419,10000
2020-11-06 09:30:23.500,3.419,30000
2020-11-06 09:30:23.500,3.419,10000
2020-11-06 09:30:23.500,3.419,5000
2020-11-06 09:30:23.890,3.419,200
2020-11-06 09:30:24.100,3.419,40000
2020-11-06 09:30:24.100,3.419,30000
2020-11-06 09:30:24.380,3.419,168600
2020-11-06 09:30:24.410,3.42,3200
2020-11-06 09:30:25.550,3.421,14600
2020-11-06 09:30:25.790,3.42,5000
2020-11-06 09:30:26.530,3.42,10000
2020-11-06 09:30:27.270,3.42,8400
2020-11-06 09:30:27.270,3.42,9900
2020-11-06 09:30:27.460,3.42,20100
2020-11-06 09:30:27.460,3.419,10000
2020-11-06 09:30:27.460,3.419,14400
2020-11-06 09:30:28.200,3.42,100
2020-11-06 09:30:28.480,3.42,8600
2020-11-06 09:30:28.670,3.42,5000
2020-11-06 09:30:29.870,3.42,18200
2020-11-06 09:30:30.240,3.421,3500
2020-11-06 09:30:30.240,3.422,43400
2020-11-06 09:30:30.750,3.421,200
2020-11-06 09:30:31.100,3.421,2000
2020-11-06 09:30:31.560,3.421,7800
2020-11-06 09:30:31.560,3.42,8100
2020-11-06 09:30:31.560,3.42,1400
2020-11-06 09:30:31.840,3.42,8600
2020-11-06 09:30:31.840,3.42,300
2020-11-06 09:30:31.840,3.419,20000
2020-11-06 09:30:31.840,3.419,10000
2020-11-06 09:30:31.840,3.419,11100
2020-11-06 09:30:32.560,3.419,500
2020-11-06 09:30:32.710,3.419,6800
2020-11-06 09:30:33.450,3.419,300
2020-11-06 09:30:33.770,3.42,200
2020-11-06 09:30:33.890,3.42,9200
2020-11-06 09:30:34.370,3.42,3000
2020-11-06 09:30:35.290,3.42,600
2020-11-06 09:30:35.290,3.42,3400
2020-11-06 09:30:36.050,3.42,16600
2020-11-06 09:30:36.050,3.42,38400
2020-11-06 09:30:37.300,3.42,1500
2020-11-06 09:30:38.300,3.42,3500
2020-11-06 09:30:38.300,3.419,800
2020-11-06 09:30:38.820,3.419,40000
2020-11-06 09:30:39.110,3.42,3700
2020-11-06 09:30:39.110,3.421,200
2020-11-06 09:30:39.310,3.42,6300
2020-11-06 09:30:39.310,3.419,33800
2020-11-06 09:30:40.000,3.421,500
2020-11-06 09:30:40.280,3.42,10000
2020-11-06 09:30:40.680,3.419,300
2020-11-06 09:30:40.720,3.42,1000
2020-11-06 09:30:40.990,3.421,27300
2020-11-06 09:30:40.990,3.421,18600
2020-11-06 09:30:40.990,3.421,1300
2020-11-06 09:30:40.990,3.421,21900
2020-11-06 09:30:40.990,3.421,10000
2020-11-06 09:30:40.990,3.421,80000
2020-11-06 09:30:40.990,3.421,5000
2020-11-06 09:30:41.420,3.421,88300
2020-11-06 09:30:41.460,3.421,2000
2020-11-06 09:30:41.820,3.421,6000
2020-11-06 09:30:41.890,3.421,10000
2020-11-06 09:30:42.230,3.422,100
2020-11-06 09:30:42.840,3.421,50000
2020-11-06 09:30:43.100,3.421,279600
2020-11-06 09:30:43.100,3.42,20400
2020-11-06 09:30:43.750,3.421,3000
2020-11-06 09:30:45.000,3.42,7000
2020-11-06 09:30:45.470,3.42,62000
2020-11-06 09:30:45.960,3.421,500
2020-11-06 09:30:45.960,3.422,29500
2020-11-06 09:30:46.400,3.421,10200
2020-11-06 09:30:46.520,3.421,9800
2020-11-06 09:30:47.220,3.42,10000
2020-11-06 09:30:47.590,3.421,200
2020-11-06 09:30:47.870,3.421,3100
2020-11-06 09:30:48.090,3.421,6900
2020-11-06 09:30:48.090,3.422,2400
2020-11-06 09:30:49.220,3.421,1900
2020-11-06 09:30:50.230,3.421,5600
2020-11-06 09:30:50.230,3.422,3400
2020-11-06 09:30:52.620,3.422,500
2020-11-06 09:30:52.930,3.422,1000
2020-11-06 09:30:53.080,3.421,10000
2020-11-06 09:30:53.140,3.421,14000
2020-11-06 09:30:53.140,3.421,23400
2020-11-06 09:30:54.930,3.421,1300
2020-11-06 09:30:55.630,3.422,463100
2020-11-06 09:30:55.630,3.422,2000
2020-11-06 09:30:55.630,3.422,3300
2020-11-06 09:30:56.690,3.422,131600
2020-11-06 09:30:56.690,3.422,442100
2020-11-06 09:30:56.810,3.422,60000
2020-11-06 09:30:57.810,3.422,2000
2020-11-06 09:30:58.380,3.422,5000
2020-11-06 09:30:59.590,3.422,2000
2020-11-06 09:31:00.170,3.422,7000
2020-11-06 09:31:00.520,3.422,138900
2020-11-06 09:31:00.610,3.422,1000
2020-11-06 09:31:01.560,3.422,17200
2020-11-06 09:31:02.060,3.422,10000
2020-11-06 09:31:02.550,3.422,4000
2020-11-06 09:31:02.740,3.422,1200
2020-11-06 09:31:02.950,3.422,284900
2020-11-06 09:31:02.950,3.422,100
2020-11-06 09:31:02.950,3.422,14700
2020-11-06 09:31:03.530,3.423,400
2020-11-06 09:31:04.000,3.422,200
2020-11-06 09:31:04.220,3.422,500
2020-11-06 09:31:05.100,3.422,36600
2020-11-06 09:31:05.100,3.422,20000
2020-11-06 09:31:05.150,3.421,1300
2020-11-06 09:31:05.180,3.421,3900
2020-11-06 09:31:05.180,3.421,1100
2020-11-06 09:31:05.540,3.421,3200
2020-11-06 09:31:05.540,3.421,50000
2020-11-06 09:31:07.040,3.42,10000
2020-11-06 09:31:08.960,3.42,100
2020-11-06 09:31:10.610,3.421,246800
2020-11-06 09:31:12.200,3.421,4600
2020-11-06 09:31:14.020,3.421,48600
2020-11-06 09:31:14.020,3.421,11200
2020-11-06 09:31:14.020,3.421,240200
2020-11-06 09:31:14.700,3.422,517100
2020-11-06 09:31:14.700,3.422,382900
2020-11-06 09:31:14.920,3.422,112600
2020-11-06 09:31:14.920,3.422,2000
2020-11-06 09:31:14.920,3.422,3900
2020-11-06 09:31:14.920,3.422,700
2020-11-06 09:31:14.920,3.422,6000
2020-11-06 09:31:14.920,3.422,15000
2020-11-06 09:31:14.920,3.422,30000
2020-11-06 09:31:15.110,3.422,1500
2020-11-06 09:31:15.410,3.422,30000
2020-11-06 09:31:15.710,3.423,1500
2020-11-06 09:31:15.710,3.423,6000
2020-11-06 09:31:15.710,3.423,7800
2020-11-06 09:31:15.710,3.423,25000
2020-11-06 09:31:15.710,3.423,10000
2020-11-06 09:31:15.710,3.423,3000
2020-11-06 09:31:15.710,3.423,30000
2020-11-06 09:31:15.710,3.423,50000
2020-11-06 09:31:15.710,3.423,5200
2020-11-06 09:31:15.710,3.424,8800
2020-11-06 09:31:15.710,3.424,2000
2020-11-06 09:31:15.710,3.424,150000
2020-11-06 09:31:15.710,3.424,600000
2020-11-06 09:31:15.820,3.424,700
2020-11-06 09:31:15.820,3.422,2300
2020-11-06 09:31:17.130,3.422,2800
2020-11-06 09:31:18.910,3.423,10000
2020-11-06 09:31:19.640,3.423,700
2020-11-06 09:31:20.100,3.423,289300
2020-11-06 09:31:20.100,3.422,93200
2020-11-06 09:31:20.100,3.422,191300
2020-11-06 09:31:20.560,3.424,500
2020-11-06 09:31:22.860,3.422,5200
2020-11-06 09:31:23.740,3.422,103500
2020-11-06 09:31:23.900,3.421,1500
2020-11-06 09:31:23.900,3.421,4300
2020-11-06 09:31:24.560,3.422,2000
2020-11-06 09:31:25.290,3.422,194500
2020-11-06 09:31:26.490,3.422,100
2020-11-06 09:31:26.780,3.421,10000
2020-11-06 09:31:28.330,3.422,20000
2020-11-06 09:31:29.200,3.422,1100
2020-11-06 09:31:29.390,3.422,250000
2020-11-06 09:31:29.480,3.422,328900
2020-11-06 09:31:29.480,3.422,600000
2020-11-06 09:31:29.480,3.422,71100
2020-11-06 09:31:30.250,3.422,1500
2020-11-06 09:31:31.560,3.422,17300
2020-11-06 09:31:31.670,3.424,600
2020-11-06 09:31:32.710,3.422,1000
2020-11-06 09:31:32.740,3.422,100
2020-11-06 09:31:33.000,3.422,25000
2020-11-06 09:31:33.710,3.422,153000
2020-11-06 09:31:34.450,3.422,30000
2020-11-06 09:31:35.530,3.424,12200
2020-11-06 09:31:36.070,3.422,6000
2020-11-06 09:31:36.190,3.422,3000
2020-11-06 09:31:36.520,3.422,64600
2020-11-06 09:31:36.520,3.422,300100
2020-11-06 09:31:36.520,3.422,125300
2020-11-06 09:31:36.770,3.422,2000
2020-11-06 09:31:37.270,3.422,10000
2020-11-06 09:31:37.660,3.424,1000
2020-11-06 09:31:37.660,3.422,10000
2020-11-06 09:31:37.930,3.422,152700
2020-11-06 09:31:37.930,3.422,100000
2020-11-06 09:31:37.930,3.422,300100
2020-11-06 09:31:38.660,3.422,100
2020-11-06 09:31:39.500,3.422,1000
2020-11-06 09:31:40.180,3.422,19956
2020-11-06 09:31:40.180,3.422,300
2020-11-06 09:31:40.180,3.422,200
2020-11-06 09:31:40.180,3.422,2200
2020-11-06 09:31:40.370,3.423,200
2020-11-06 09:31:40.950,3.422,55900
2020-11-06 09:31:41.130,3.422,5000
2020-11-06 09:31:41.430,3.423,900
2020-11-06 09:31:41.430,3.423,3200
2020-11-06 09:31:41.430,3.423,10000
2020-11-06 09:31:41.430,3.423,10000
2020-11-06 09:31:41.430,3.424,1000
2020-11-06 09:31:41.430,3.424,14300
2020-11-06 09:31:41.570,3.422,3000
2020-11-06 09:31:42.120,3.422,213444
2020-11-06 09:31:42.120,3.422,300000
2020-11-06 09:31:42.120,3.422,300000
2020-11-06 09:31:42.120,3.422,186556
2020-11-06 09:31:43.010,3.422,71700
2020-11-06 09:31:43.260,3.422,41744
2020-11-06 09:31:43.260,3.422,56
2020-11-06 09:31:43.720,3.422,44
2020-11-06 09:31:43.720,3.422,1100
2020-11-06 09:31:43.870,3.421,2000
2020-11-06 09:31:46.310,3.422,5000
2020-11-06 09:31:47.230,3.422,3000
2020-11-06 09:31:48.730,3.422,3000
2020-11-06 09:31:49.110,3.422,2600
2020-11-06 09:31:50.890,3.422,1000
2020-11-06 09:31:51.240,3.421,30000
2020-11-06 09:31:51.390,3.421,244700
2020-11-06 09:31:51.980,3.421,5000
2020-11-06 09:31:52.380,3.421,500
2020-11-06 09:31:53.090,3.421,3500
2020-11-06 09:31:53.090,3.421,2500
2020-11-06 09:31:56.660,3.421,32500
2020-11-06 09:31:56.910,3.421,300
2020-11-06 09:31:57.470,3.422,3000
2020-11-06 09:31:57.830,3.421,1000
2020-11-06 09:31:58.560,3.421,138800
2020-11-06 09:31:59.130,3.421,12500
2020-11-06 09:31:59.510,3.422,300
2020-11-06 09:31:59.560,3.421,10000
2020-11-06 09:32:00.450,3.421,27900
2020-11-06 09:32:00.740,3.421,2000
2020-11-06 09:32:00.740,3.421,2000
2020-11-06 09:32:00.740,3.421,500
2020-11-06 09:32:00.740,3.421,200
2020-11-06 09:32:00.740,3.421,500
2020-11-06 09:32:01.560,3.42,5000
2020-11-06 09:32:01.560,3.42,12200
2020-11-06 09:32:02.200,3.421,1000
2020-11-06 09:32:03.170,3.421,500
2020-11-06 09:32:03.570,3.42,5100
2020-11-06 09:32:05.000,3.421,200
2020-11-06 09:32:05.750,3.421,1000
2020-11-06 09:32:06.110,3.42,2700
2020-11-06 09:32:06.110,3.42,400
2020-11-06 09:32:06.110,3.42,200
2020-11-06 09:32:06.110,3.42,46700
2020-11-06 09:32:06.110,3.421,2000
2020-11-06 09:32:07.560,3.42,2000
2020-11-06 09:32:07.710,3.421,5900
2020-11-06 09:32:07.710,3.421,30100
2020-11-06 09:32:07.710,3.421,4200
2020-11-06 09:32:07.710,3.421,2000
2020-11-06 09:32:07.710,3.421,3000
2020-11-06 09:32:07.710,3.421,3800
2020-11-06 09:32:08.760,3.421,7000
2020-11-06 09:32:08.910,3.421,200
2020-11-06 09:32:09.150,3.42,2700
2020-11-06 09:32:10.220,3.42,6000
2020-11-06 09:32:10.350,3.421,10000
2020-11-06 09:32:10.620,3.42,39800
2020-11-06 09:32:10.620,3.42,2000
2020-11-06 09:32:10.620,3.42,25700
2020-11-06 09:32:10.840,3.42,32500
2020-11-06 09:32:11.570,3.421,300
2020-11-06 09:32:13.020,3.42,200
2020-11-06 09:32:14.610,3.42,8800
2020-11-06 09:32:14.610,3.42,5000
2020-11-06 09:32:14.610,3.42,5100
2020-11-06 09:32:14.610,3.42,31100
2020-11-06 09:32:15.250,3.419,2400
2020-11-06 09:32:17.160,3.42,200
2020-11-06 09:32:17.320,3.42,8700
2020-11-06 09:32:18.210,3.419,4500
2020-11-06 09:32:18.450,3.419,3100
2020-11-06 09:32:18.450,3.419,300
2020-11-06 09:32:19.530,3.418,3000
2020-11-06 09:32:20.780,3.419,200
2020-11-06 09:32:21.560,3.418,10000
2020-11-06 09:32:22.220,3.418,87000
2020-11-06 09:32:22.220,3.418,2800
2020-11-06 09:32:22.220,3.418,1000
2020-11-06 09:32:22.220,3.418,400
2020-11-06 09:32:22.220,3.418,5000
2020-11-06 09:32:22.220,3.418,100
2020-11-06 09:32:22.220,3.418,100
2020-11-06 09:32:22.220,3.418,8100
2020-11-06 09:32:22.220,3.418,200
2020-11-06 09:32:22.220,3.418,3000
2020-11-06 09:32:22.220,3.418,100
2020-11-06 09:32:22.220,3.418,9000
2020-11-06 09:32:22.220,3.418,4000
2020-11-06 09:32:22.220,3.418,1200
2020-11-06 09:32:22.220,3.418,5000
2020-11-06 09:32:22.220,3.418,100
2020-11-06 09:32:22.220,3.418,400
2020-11-06 09:32:22.220,3.418,1000
2020-11-06 09:32:22.220,3.418,1000
2020-11-06 09:32:22.220,3.418,1000
2020-11-06 09:32:22.220,3.418,200
2020-11-06 09:32:22.220,3.418,200
2020-11-06 09:32:22.220,3.418,1500
2020-11-06 09:32:22.220,3.418,2400
2020-11-06 09:32:22.220,3.418,3000
2020-11-06 09:32:22.220,3.418,200
2020-11-06 09:32:22.220,3.418,100
2020-11-06 09:32:22.220,3.418,400
2020-11-06 09:32:22.220,3.418,100
2020-11-06 09:32:22.220,3.418,200
2020-11-06 09:32:22.220,3.418,14700
2020-11-06 09:32:22.220,3.418,99000
2020-11-06 09:32:22.220,3.418,200
2020-11-06 09:32:22.220,3.418,900
2020-11-06 09:32:22.220,3.418,2900
2020-11-06 09:32:22.220,3.418,20000
2020-11-06 09:32:22.220,3.418,100
2020-11-06 09:32:22.220,3.418,3000
2020-11-06 09:32:22.220,3.418,600
2020-11-06 09:32:22.220,3.418,1000
2020-11-06 09:32:22.220,3.418,3000
2020-11-06 09:32:22.220,3.418,200
2020-11-06 09:32:22.220,3.418,100
2020-11-06 09:32:22.220,3.418,100
2020-11-06 09:32:22.220,3.418,1000
2020-11-06 09:32:22.220,3.418,600
2020-11-06 09:32:22.220,3.418,6000
2020-11-06 09:32:22.220,3.418,400
2020-11-06 09:32:22.220,3.418,2300
2020-11-06 09:32:22.220,3.418,6000
2020-11-06 09:32:22.220,3.418,10000
2020-11-06 09:32:22.220,3.418,1200
2020-11-06 09:32:22.220,3.418,2000
2020-11-06 09:32:22.220,3.418,1300
2020-11-06 09:32:22.220,3.418,800
2020-11-06 09:32:22.220,3.418,2900
2020-11-06 09:32:22.220,3.418,29000
2020-11-06 09:32:22.220,3.418,2000
2020-11-06 09:32:22.220,3.418,1000
2020-11-06 09:32:22.220,3.418,7100
2020-11-06 09:32:23.060,3.418,7600
2020-11-06 09:32:23.060,3.418,2000
2020-11-06 09:32:23.060,3.418,100
2020-11-06 09:32:23.060,3.418,4000
2020-11-06 09:32:23.060,3.418,5000
2020-11-06 09:32:23.060,3.418,3000
2020-11-06 09:32:23.060,3.418,5000
2020-11-06 09:32:23.060,3.418,100
2020-11-06 09:32:23.060,3.418,500
2020-11-06 09:32:23.060,3.418,2000
2020-11-06 09:32:23.060,3.417,100
2020-11-06 09:32:23.060,3.417,500
2020-11-06 09:32:23.060,3.417,40000
2020-11-06 09:32:23.060,3.417,5000
2020-11-06 09:32:23.060,3.417,2000
2020-11-06 09:32:23.060,3.417,20000
2020-11-06 09:32:23.060,3.417,400
2020-11-06 09:32:24.810,3.417,200
2020-11-06 09:32:28.980,3.417,500
2020-11-06 09:32:29.600,3.417,100
2020-11-06 09:32:31.610,3.416,3000
2020-11-06 09:32:31.610,3.416,200
2020-11-06 09:32:31.610,3.416,2300
2020-11-06 09:32:31.610,3.416,1000
2020-11-06 09:32:31.610,3.416,10000
2020-11-06 09:32:31.610,3.416,700
2020-11-06 09:32:32.680,3.417,100
2020-11-06 09:32:32.940,3.416,9300
2020-11-06 09:32:32.940,3.416,10000
2020-11-06 09:32:32.940,3.416,700
2020-11-06 09:32:33.290,3.417,500
2020-11-06 09:32:33.760,3.417,100
2020-11-06 09:32:35.180,3.416,2800
2020-11-06 09:32:35.510,3.417,5000
2020-11-06 09:32:35.720,3.416,1500
2020-11-06 09:32:35.720,3.416,2500
2020-11-06 09:32:36.690,3.416,2500
2020-11-06 09:32:36.690,3.416,2000
2020-11-06 09:32:36.690,3.415,200
2020-11-06 09:32:36.690,3.415,200
2020-11-06 09:32:36.690,3.415,200
2020-11-06 09:32:36.690,3.415,1000
2020-11-06 09:32:36.690,3.415,6000
2020-11-06 09:32:37.910,3.416,10000
2020-11-06 09:32:37.910,3.416,11300
2020-11-06 09:32:38.670,3.415,14000
2020-11-06 09:32:38.670,3.415,10000
2020-11-06 09:32:38.670,3.415,100
2020-11-06 09:32:38.670,3.415,100
2020-11-06 09:32:38.670,3.415,5000
2020-11-06 09:32:38.670,3.415,100
2020-11-06 09:32:38.670,3.415,100
2020-11-06 09:32:39.080,3.415,17000
2020-11-06 09:32:39.560,3.414,200
2020-11-06 09:32:39.560,3.414,1200
2020-11-06 09:32:39.560,3.414,200
2020-11-06 09:32:39.560,3.414,100
2020-11-06 09:32:39.560,3.414,4700
2020-11-06 09:32:39.730,3.415,2700
2020-11-06 09:32:40.190,3.414,300
2020-11-06 09:32:40.190,3.414,4700
2020-11-06 09:32:41.420,3.415,279800
2020-11-06 09:32:41.420,3.415,200
2020-11-06 09:32:41.420,3.415,400
2020-11-06 09:32:42.960,3.415,5000
2020-11-06 09:32:42.960,3.415,4400
2020-11-06 09:32:44.920,3.416,3000
2020-11-06 09:32:45.400,3.415,5400
2020-11-06 09:32:45.430,3.415,100
2020-11-06 09:32:46.320,3.415,3600
2020-11-06 09:32:47.680,3.415,1100
2020-11-06 09:32:47.680,3.415,500
2020-11-06 09:32:47.680,3.415,3700
2020-11-06 09:32:47.850,3.415,5000
2020-11-06 09:32:48.340,3.415,1300
2020-11-06 09:32:48.340,3.415,500
2020-11-06 09:32:51.420,3.415,500
2020-11-06 09:32:51.760,3.414,195300
2020-11-06 09:32:51.760,3.414,10000
2020-11-06 09:32:51.760,3.414,10000
2020-11-06 09:32:52.380,3.414,504400
2020-11-06 09:32:52.650,3.414,280300
2020-11-06 09:32:52.650,3.415,19700
2020-11-06 09:32:52.650,3.415,279800
2020-11-06 09:32:52.650,3.415,7600
2020-11-06 09:32:52.650,3.415,1000
2020-11-06 09:32:52.650,3.415,500
2020-11-06 09:32:53.010,3.415,2300
2020-11-06 09:32:53.340,3.415,1500
2020-11-06 09:32:53.860,3.415,2000
2020-11-06 09:32:54.220,3.415,5300
2020-11-06 09:32:54.220,3.415,7200
2020-11-06 09:32:54.730,3.415,21900
2020-11-06 09:32:54.790,3.415,2000
2020-11-06 09:32:55.090,3.415,3000
2020-11-06 09:32:55.240,3.415,200
2020-11-06 09:32:55.700,3.415,6200
2020-11-06 09:32:55.730,3.415,1200
2020-11-06 09:32:55.790,3.415,55000
2020-11-06 09:32:56.570,3.415,139200
2020-11-06 09:32:56.850,3.415,100
2020-11-06 09:32:58.110,3.415,64000
2020-11-06 09:32:58.720,3.415,33500
2020-11-06 09:32:58.780,3.415,800
2020-11-06 09:32:58.980,3.415,200
2020-11-06 09:32:59.810,3.415,2900
2020-11-06 09:33:01.140,3.415,1600
2020-11-06 09:33:01.170,3.415,3300
2020-11-06 09:33:01.400,3.415,257700
2020-11-06 09:33:01.400,3.415,299700
2020-11-06 09:33:01.400,3.415,500
2020-11-06 09:33:01.400,3.414,112500
2020-11-06 09:33:01.550,3.414,17300
2020-11-06 09:33:02.340,3.415,2300
2020-11-06 09:33:02.840,3.415,7700
2020-11-06 09:33:03.170,3.415,4000
2020-11-06 09:33:04.210,3.415,6600
2020-11-06 09:33:04.210,3.415,13300
2020-11-06 09:33:04.210,3.415,10000
2020-11-06 09:33:05.040,3.416,8200
2020-11-06 09:33:05.040,3.416,2000
2020-11-06 09:33:05.040,3.416,5000
2020-11-06 09:33:05.040,3.416,200
2020-11-06 09:33:05.040,3.416,100
2020-11-06 09:33:05.040,3.416,400
2020-11-06 09:33:05.040,3.416,4100
2020-11-06 09:33:05.320,3.416,200
2020-11-06 09:33:05.370,3.415,100
2020-11-06 09:33:05.830,3.416,26200
2020-11-06 09:33:05.830,3.416,1000
2020-11-06 09:33:05.830,3.416,51900
2020-11-06 09:33:05.830,3.416,6500
2020-11-06 09:33:06.790,3.416,3000
2020-11-06 09:33:08.190,3.417,2000
2020-11-06 09:33:08.290,3.416,68000
2020-11-06 09:33:08.380,3.416,10000
2020-11-06 09:33:08.860,3.416,4600
2020-11-06 09:33:09.260,3.416,3000
2020-11-06 09:33:09.980,3.416,400
2020-11-06 09:33:10.870,3.416,44300
2020-11-06 09:33:10.870,3.416,11100
2020-11-06 09:33:10.870,3.416,3000
2020-11-06 09:33:10.870,3.416,5900
2020-11-06 09:33:11.350,3.416,2500
2020-11-06 09:33:11.740,3.416,3000
2020-11-06 09:33:13.280,3.416,1000
2020-11-06 09:33:13.380,3.416,3000
2020-11-06 09:33:13.480,3.416,1100
2020-11-06 09:33:13.550,3.417,15000
2020-11-06 09:33:14.010,3.416,200
2020-11-06 09:33:15.620,3.416,1100
2020-11-06 09:33:15.890,3.416,300
2020-11-06 09:33:15.890,3.416,500
2020-11-06 09:33:15.890,3.415,200
2020-11-06 09:33:15.890,3.415,1200
2020-11-06 09:33:16.780,3.414,55000
2020-11-06 09:33:18.150,3.415,600
2020-11-06 09:33:18.300,3.415,1100
2020-11-06 09:33:21.120,3.415,1000
2020-11-06 09:33:21.350,3.415,300
2020-11-06 09:33:21.350,3.414,8800
2020-11-06 09:33:21.960,3.415,500
2020-11-06 09:33:22.200,3.414,106400
2020-11-06 09:33:22.200,3.414,500
2020-11-06 09:33:22.200,3.414,1600
2020-11-06 09:33:22.200,3.414,500
2020-11-06 09:33:22.200,3.414,5000
2020-11-06 09:33:22.410,3.415,400
2020-11-06 09:33:24.010,3.415,100
2020-11-06 09:33:24.010,3.415,7000
2020-11-06 09:33:24.010,3.415,136300
2020-11-06 09:33:24.710,3.415,1100
2020-11-06 09:33:24.840,3.415,562600
2020-11-06 09:33:25.200,3.415,70100
2020-11-06 09:33:26.300,3.416,3000
2020-11-06 09:33:28.540,3.416,100
2020-11-06 09:33:28.540,3.416,900
2020-11-06 09:33:28.540,3.416,600
2020-11-06 09:33:28.970,3.415,100
2020-11-06 09:33:29.830,3.415,1500
2020-11-06 09:33:30.230,3.415,100
2020-11-06 09:33:30.450,3.416,1000
2020-11-06 09:33:31.460,3.415,3300
2020-11-06 09:33:31.620,3.415,17200
2020-11-06 09:33:32.510,3.416,5000
2020-11-06 09:33:33.400,3.415,8500
2020-11-06 09:33:33.970,3.416,33500
2020-11-06 09:33:34.370,3.415,269300
2020-11-06 09:33:34.370,3.415,82100
2020-11-06 09:33:35.550,3.415,218000
2020-11-06 09:33:35.550,3.415,800
2020-11-06 09:33:35.550,3.415,8000
2020-11-06 09:33:35.550,3.415,3000
2020-11-06 09:33:35.550,3.415,10000
2020-11-06 09:33:35.550,3.415,15000
2020-11-06 09:33:35.680,3.415,1700
2020-11-06 09:33:35.970,3.415,43500
2020-11-06 09:33:36.550,3.415,100
2020-11-06 09:33:37.570,3.416,300
2020-11-06 09:33:37.630,3.415,10400
2020-11-06 09:33:39.180,3.415,100
2020-11-06 09:33:39.460,3.415,36600
2020-11-06 09:33:39.650,3.415,300
2020-11-06 09:33:39.740,3.415,50000
2020-11-06 09:33:39.890,3.415,190500
2020-11-06 09:33:40.010,3.415,10000
2020-11-06 09:33:41.410,3.415,300000
2020-11-06 09:33:43.160,3.415,300000
2020-11-06 09:33:45.960,3.415,1000
2020-11-06 09:33:47.910,3.415,800
2020-11-06 09:33:48.720,3.415,300
2020-11-06 09:33:49.810,3.415,2000
2020-11-06 09:33:50.210,3.415,106300
2020-11-06 09:33:50.210,3.415,2200
2020-11-06 09:33:50.210,3.415,1300
2020-11-06 09:33:50.210,3.415,3000
2020-11-06 09:33:50.210,3.415,300
2020-11-06 09:33:50.210,3.415,4500
2020-11-06 09:33:50.210,3.415,1500
2020-11-06 09:33:50.210,3.415,170900
2020-11-06 09:33:50.360,3.415,300000
2020-11-06 09:33:50.420,3.415,329100
2020-11-06 09:33:50.420,3.415,500
2020-11-06 09:33:50.420,3.415,50000
2020-11-06 09:33:50.420,3.415,3000
2020-11-06 09:33:50.810,3.416,759600
2020-11-06 09:33:50.810,3.416,2000
2020-11-06 09:33:50.810,3.416,121200
2020-11-06 09:33:50.810,3.416,300
2020-11-06 09:33:50.810,3.416,16900
2020-11-06 09:33:52.690,3.415,2000
2020-11-06 09:33:52.780,3.416,5400
2020-11-06 09:33:53.140,3.415,5100
2020-11-06 09:33:53.400,3.415,4900
2020-11-06 09:33:53.610,3.415,3000
2020-11-06 09:33:54.140,3.416,5000
2020-11-06 09:33:54.200,3.416,35400
2020-11-06 09:33:54.200,3.416,27800
2020-11-06 09:33:54.730,3.416,50000
2020-11-06 09:33:54.880,3.416,200
2020-11-06 09:33:57.310,3.416,55100
2020-11-06 09:33:57.310,3.416,12600
2020-11-06 09:33:57.310,3.416,1500
2020-11-06 09:33:57.310,3.416,3000
2020-11-06 09:33:57.310,3.416,100
2020-11-06 09:33:57.310,3.416,15000
2020-11-06 09:33:57.310,3.416,1500
2020-11-06 09:33:57.430,3.416,12100
2020-11-06 09:33:59.070,3.416,2500
2020-11-06 09:34:00.940,3.416,6000
2020-11-06 09:34:01.030,3.416,190600
2020-11-06 09:34:01.030,3.416,220400
2020-11-06 09:34:01.030,3.416,79700
2020-11-06 09:34:01.030,3.416,300100
2020-11-06 09:34:01.030,3.416,1000
2020-11-06 09:34:01.090,3.416,100
2020-11-06 09:34:01.560,3.415,17200
2020-11-06 09:34:02.780,3.416,14700
2020-11-06 09:34:03.270,3.415,14600
2020-11-06 09:34:03.680,3.415,28000
2020-11-06 09:34:04.110,3.415,1000
2020-11-06 09:34:04.680,3.416,10000
2020-11-06 09:34:04.740,3.415,1000
2020-11-06 09:34:04.740,3.415,5000
2020-11-06 09:34:04.740,3.415,1000
2020-11-06 09:34:04.740,3.415,100
2020-11-06 09:34:04.740,3.415,400
2020-11-06 09:34:04.980,3.415,3600
2020-11-06 09:34:05.500,3.416,1200
2020-11-06 09:34:05.660,3.415,100
2020-11-06 09:34:06.320,3.415,9900
2020-11-06 09:34:06.320,3.415,1000
2020-11-06 09:34:06.320,3.415,1800
2020-11-06 09:34:07.960,3.415,1600
2020-11-06 09:34:07.960,3.415,100
2020-11-06 09:34:08.740,3.415,1500
2020-11-06 09:34:08.740,3.415,5500
2020-11-06 09:34:09.190,3.415,15100
2020-11-06 09:34:09.190,3.415,26900
2020-11-06 09:34:09.680,3.415,1000
2020-11-06 09:34:09.770,3.416,10000
2020-11-06 09:34:10.280,3.415,7000
2020-11-06 09:34:10.280,3.415,1000
2020-11-06 09:34:10.280,3.415,1600
2020-11-06 09:34:13.340,3.414,100
2020-11-06 09:34:14.490,3.414,4900
2020-11-06 09:34:14.490,3.414,1500
2020-11-06 09:34:14.490,3.414,5000
2020-11-06 09:34:14.490,3.414,14400
2020-11-06 09:34:14.490,3.414,15000
2020-11-06 09:34:14.490,3.414,20000
2020-11-06 09:34:14.490,3.414,15000
2020-11-06 09:34:14.490,3.414,3000
2020-11-06 09:34:14.490,3.414,1000
2020-11-06 09:34:14.490,3.414,500
2020-11-06 09:34:16.030,3.413,3000
2020-11-06 09:34:16.030,3.413,200
2020-11-06 09:34:16.030,3.413,3000
2020-11-06 09:34:16.030,3.413,2700
2020-11-06 09:34:16.030,3.413,300
2020-11-06 09:34:16.030,3.413,10000
2020-11-06 09:34:16.030,3.413,5800
2020-11-06 09:34:16.030,3.413,5000
2020-11-06 09:34:16.030,3.413,10000
2020-11-06 09:34:16.030,3.413,10000
2020-11-06 09:34:16.030,3.413,300
2020-11-06 09:34:16.030,3.413,50000
2020-11-06 09:34:16.650,3.413,13800
2020-11-06 09:34:16.740,3.413,100
2020-11-06 09:34:17.500,3.413,5900
2020-11-06 09:34:19.030,3.412,100
2020-11-06 09:34:19.030,3.412,200
2020-11-06 09:34:19.030,3.412,7900
2020-11-06 09:34:20.950,3.413,179900
2020-11-06 09:34:20.950,3.413,100
2020-11-06 09:34:23.380,3.413,29500
2020-11-06 09:34:24.190,3.413,1000
2020-11-06 09:34:25.710,3.413,2400
2020-11-06 09:34:25.710,3.414,5500
2020-11-06 09:34:25.710,3.415,20900
2020-11-06 09:34:25.710,3.415,100
2020-11-06 09:34:25.710,3.415,53500
2020-11-06 09:34:27.200,3.414,10000
2020-11-06 09:34:27.830,3.413,87200
2020-11-06 09:34:27.830,3.413,300000
2020-11-06 09:34:27.830,3.413,193800
2020-11-06 09:34:28.450,3.413,300
2020-11-06 09:34:28.750,3.413,5800
2020-11-06 09:34:30.340,3.413,400
2020-11-06 09:34:30.820,3.414,3000
2020-11-06 09:34:30.820,3.414,2000
2020-11-06 09:34:31.630,3.413,100
2020-11-06 09:34:31.630,3.413,500
2020-11-06 09:34:31.630,3.413,3100
2020-11-06 09:34:31.630,3.412,2100
2020-11-06 09:34:31.630,3.412,2900
2020-11-06 09:34:31.630,3.412,8600
2020-11-06 09:34:33.060,3.412,91400
2020-11-06 09:34:33.060,3.412,10000
2020-11-06 09:34:33.060,3.412,500
2020-11-06 09:34:33.060,3.412,2000
2020-11-06 09:34:34.070,3.412,6900
2020-11-06 09:34:34.400,3.412,2000
2020-11-06 09:34:35.400,3.412,10000
2020-11-06 09:34:35.400,3.412,12100
2020-11-06 09:34:38.600,3.412,1500
2020-11-06 09:34:38.600,3.412,13300
2020-11-06 09:34:39.170,3.413,1000
2020-11-06 09:34:40.030,3.411,100
2020-11-06 09:34:40.030,3.411,100
2020-11-06 09:34:40.030,3.411,200
2020-11-06 09:34:40.030,3.411,5500
2020-11-06 09:34:40.030,3.411,5300
2020-11-06 09:34:40.790,3.411,4700
2020-11-06 09:34:40.790,3.411,9400
2020-11-06 09:34:41.410,3.413,100
2020-11-06 09:34:42.200,3.412,10000
2020-11-06 09:34:42.200,3.412,4400
2020-11-06 09:34:43.280,3.411,400
2020-11-06 09:34:45.130,3.412,1000
2020-11-06 09:34:45.130,3.412,100
2020-11-06 09:34:45.730,3.412,100
2020-11-06 09:34:45.760,3.412,2000
2020-11-06 09:34:46.450,3.412,1500
2020-11-06 09:34:47.860,3.412,8500
2020-11-06 09:34:48.300,3.413,900
2020-11-06 09:34:48.300,3.413,1100
2020-11-06 09:34:49.880,3.412,300
2020-11-06 09:34:50.380,3.412,1400
2020-11-06 09:34:50.700,3.412,1500
2020-11-06 09:34:52.620,3.412,10000
2020-11-06 09:34:52.800,3.412,3000
2020-11-06 09:34:54.890,3.412,800
2020-11-06 09:34:55.470,3.412,9800
2020-11-06 09:34:55.470,3.412,40200
2020-11-06 09:34:55.560,3.412,11500
2020-11-06 09:34:56.160,3.412,300
2020-11-06 09:34:57.860,3.412,5000
2020-11-06 09:34:58.120,3.412,50000
2020-11-06 09:34:58.560,3.413,5000
2020-11-06 09:34:59.130,3.412,300
2020-11-06 09:34:59.410,3.412,500
2020-11-06 09:34:59.960,3.412,42200
2020-11-06 09:34:59.960,3.412,100
2020-11-06 09:34:59.960,3.412,100
2020-11-06 09:35:01.110,3.412,1000
2020-11-06 09:35:01.420,3.412,9000
2020-11-06 09:35:01.620,3.411,200
2020-11-06 09:35:01.620,3.411,4000
2020-11-06 09:35:01.620,3.411,2000
2020-11-06 09:35:01.620,3.411,1400
2020-11-06 09:35:01.620,3.411,4800
2020-11-06 09:35:01.620,3.411,3300
2020-11-06 09:35:01.620,3.411,1500
2020-11-06 09:35:02.020,3.412,18000
2020-11-06 09:35:02.720,3.412,5000
2020-11-06 09:35:03.030,3.412,3000
2020-11-06 09:35:04.360,3.411,1200
2020-11-06 09:35:04.360,3.411,1100
2020-11-06 09:35:04.360,3.411,6900
2020-11-06 09:35:04.360,3.411,1600
2020-11-06 09:35:04.360,3.411,10000
2020-11-06 09:35:04.360,3.411,50000
2020-11-06 09:35:04.360,3.411,10000
2020-11-06 09:35:04.360,3.411,1000
2020-11-06 09:35:04.360,3.411,60000
2020-11-06 09:35:04.360,3.411,5000
2020-11-06 09:35:04.360,3.411,1000
2020-11-06 09:35:04.360,3.411,10000
2020-11-06 09:35:04.360,3.411,2800
2020-11-06 09:35:04.360,3.411,10000
2020-11-06 09:35:04.360,3.411,500
2020-11-06 09:35:04.360,3.411,100000
2020-11-06 09:35:04.360,3.411,10000
2020-11-06 09:35:04.360,3.411,10000
2020-11-06 09:35:04.360,3.411,5000
2020-11-06 09:35:04.360,3.411,3900
2020-11-06 09:35:05.700,3.412,3000
2020-11-06 09:35:06.300,3.412,75200
2020-11-06 09:35:06.300,3.412,200
2020-11-06 09:35:06.300,3.412,109900
2020-11-06 09:35:06.300,3.412,114700
2020-11-06 09:35:06.370,3.411,7700
2020-11-06 09:35:06.460,3.411,1500
2020-11-06 09:35:06.790,3.411,2900
2020-11-06 09:35:07.690,3.412,200
2020-11-06 09:35:08.170,3.412,1800
2020-11-06 09:35:08.480,3.412,1100
2020-11-06 09:35:08.690,3.412,1000
2020-11-06 09:35:08.750,3.412,3000
2020-11-06 09:35:08.810,3.412,300
2020-11-06 09:35:08.840,3.412,700
2020-11-06 09:35:08.840,3.412,9300
2020-11-06 09:35:10.360,3.412,6900
2020-11-06 09:35:10.390,3.412,4700
2020-11-06 09:35:10.850,3.412,300
2020-11-06 09:35:10.850,3.412,500
2020-11-06 09:35:10.850,3.412,6500
2020-11-06 09:35:11.060,3.412,293500
2020-11-06 09:35:11.060,3.412,1000
2020-11-06 09:35:11.310,3.412,200
2020-11-06 09:35:12.040,3.411,2600
2020-11-06 09:35:13.030,3.411,15000
2020-11-06 09:35:13.600,3.411,100
2020-11-06 09:35:13.750,3.411,600
2020-11-06 09:35:13.780,3.411,15700
2020-11-06 09:35:13.780,3.411,500
2020-11-06 09:35:13.780,3.411,13800
2020-11-06 09:35:13.840,3.411,1100
2020-11-06 09:35:13.840,3.411,4900
2020-11-06 09:35:14.640,3.412,18200
2020-11-06 09:35:14.640,3.412,3000
2020-11-06 09:35:14.670,3.412,8800
2020-11-06 09:35:14.880,3.411,3000
2020-11-06 09:35:15.330,3.411,2100
2020-11-06 09:35:15.330,3.411,3800
2020-11-06 09:35:15.330,3.411,9100
2020-11-06 09:35:15.880,3.412,1200
2020-11-06 09:35:17.170,3.412,3800
2020-11-06 09:35:17.170,3.412,100
2020-11-06 09:35:17.170,3.412,3300
2020-11-06 09:35:18.220,3.411,900
2020-11-06 09:35:18.220,3.411,600
2020-11-06 09:35:18.600,3.412,2800
2020-11-06 09:35:18.600,3.412,300
2020-11-06 09:35:18.600,3.412,10000
2020-11-06 09:35:19.240,3.412,5700
2020-11-06 09:35:20.290,3.412,500
2020-11-06 09:35:21.420,3.412,1000
2020-11-06 09:35:22.800,3.412,17000
2020-11-06 09:35:22.830,3.412,14000
2020-11-06 09:35:24.720,3.413,1000
2020-11-06 09:35:24.810,3.413,500
2020-11-06 09:35:26.430,3.412,1500
2020-11-06 09:35:27.450,3.412,5000
2020-11-06 09:35:30.420,3.412,2900
2020-11-06 09:35:30.420,3.412,10000
2020-11-06 09:35:30.420,3.412,3000
2020-11-06 09:35:30.420,3.412,600
2020-11-06 09:35:30.420,3.412,2000
2020-11-06 09:35:30.420,3.412,1500
2020-11-06 09:35:30.420,3.412,2200
2020-11-06 09:35:30.660,3.412,2800
2020-11-06 09:35:30.660,3.412,800
2020-11-06 09:35:30.660,3.412,2000
2020-11-06 09:35:30.660,3.412,100000
2020-11-06 09:35:31.620,3.411,200
2020-11-06 09:35:31.620,3.411,3000
2020-11-06 09:35:31.620,3.411,14100
2020-11-06 09:35:31.860,3.412,194400
2020-11-06 09:35:32.480,3.413,200
2020-11-06 09:35:32.480,3.412,15000
2020-11-06 09:35:40.010,3.412,17800
2020-11-06 09:35:41.460,3.412,1000
2020-11-06 09:35:42.230,3.412,1400
2020-11-06 09:35:42.850,3.412,70400
2020-11-06 09:35:42.850,3.412,200
2020-11-06 09:35:42.850,3.412,229400
2020-11-06 09:35:43.990,3.412,50000
2020-11-06 09:35:44.090,3.412,20600
2020-11-06 09:35:44.090,3.412,300
2020-11-06 09:35:44.090,3.412,100
2020-11-06 09:35:44.090,3.412,10000
2020-11-06 09:35:44.090,3.412,3000
2020-11-06 09:35:44.090,3.412,3000
2020-11-06 09:35:44.090,3.412,15000
2020-11-06 09:35:44.090,3.412,10000
2020-11-06 09:35:44.090,3.412,10000
2020-11-06 09:35:44.090,3.412,500
2020-11-06 09:35:44.560,3.412,1000
2020-11-06 09:35:45.880,3.412,600
2020-11-06 09:35:47.500,3.412,1000
2020-11-06 09:35:47.850,3.412,5000
2020-11-06 09:35:47.850,3.412,20000
2020-11-06 09:35:52.410,3.412,5000
2020-11-06 09:35:52.470,3.411,5900
2020-11-06 09:35:52.470,3.411,5000
2020-11-06 09:35:52.470,3.411,1100
2020-11-06 09:35:53.420,3.412,100
2020-11-06 09:35:53.990,3.412,10300
2020-11-06 09:35:54.430,3.412,400
2020-11-06 09:35:54.890,3.412,2000
2020-11-06 09:35:56.620,3.412,62100
2020-11-06 09:35:56.620,3.412,30500
2020-11-06 09:35:56.620,3.412,300
2020-11-06 09:35:56.620,3.412,300
2020-11-06 09:35:56.620,3.412,2400
2020-11-06 09:35:56.620,3.412,53900
2020-11-06 09:35:56.620,3.412,600
2020-11-06 09:35:56.620,3.412,18200
2020-11-06 09:35:56.720,3.412,600
2020-11-06 09:35:57.000,3.412,500
2020-11-06 09:35:57.690,3.412,56100
2020-11-06 09:35:57.690,3.412,200
2020-11-06 09:35:57.690,3.412,28600
2020-11-06 09:35:57.690,3.412,10000
2020-11-06 09:35:57.690,3.412,700
2020-11-06 09:35:57.690,3.412,9700
2020-11-06 09:35:57.690,3.412,7800
2020-11-06 09:35:57.690,3.412,1000
2020-11-06 09:35:57.690,3.412,51300
2020-11-06 09:35:58.370,3.412,200
2020-11-06 09:35:58.590,3.412,2500
2020-11-06 09:35:58.710,3.412,80000
2020-11-06 09:36:00.290,3.412,2000
2020-11-06 09:36:00.470,3.412,3000
2020-11-06 09:36:01.370,3.413,300
2020-11-06 09:36:01.650,3.412,17200
2020-11-06 09:36:02.850,3.412,100
2020-11-06 09:36:02.880,3.412,29600
2020-11-06 09:36:02.880,3.412,2000
2020-11-06 09:36:03.080,3.412,200
2020-11-06 09:36:04.370,3.411,5000
2020-11-06 09:36:04.370,3.411,3000
2020-11-06 09:36:04.370,3.411,500
2020-11-06 09:36:04.370,3.411,60000
2020-11-06 09:36:04.370,3.411,1500
2020-11-06 09:36:04.370,3.411,10000
2020-11-06 09:36:04.370,3.411,500
2020-11-06 09:36:04.370,3.411,1000
2020-11-06 09:36:04.370,3.411,100
2020-11-06 09:36:04.370,3.411,300
2020-11-06 09:36:04.370,3.411,4000
2020-11-06 09:36:04.370,3.411,20000
2020-11-06 09:36:06.010,3.412,3000
2020-11-06 09:36:06.360,3.412,15000
2020-11-06 09:36:07.160,3.411,200
2020-11-06 09:36:07.940,3.412,3000
2020-11-06 09:36:08.020,3.412,300
2020-11-06 09:36:08.320,3.411,100
2020-11-06 09:36:08.990,3.411,500
2020-11-06 09:36:09.300,3.411,3000
2020-11-06 09:36:10.390,3.41,14600
2020-11-06 09:36:10.390,3.41,200
2020-11-06 09:36:10.390,3.41,10100
2020-11-06 09:36:10.390,3.41,1000
2020-11-06 09:36:10.390,3.41,2000
2020-11-06 09:36:10.390,3.41,3000
2020-11-06 09:36:10.390,3.41,1000
2020-11-06 09:36:10.390,3.41,1400
2020-11-06 09:36:10.390,3.41,3000
2020-11-06 09:36:10.390,3.41,100
2020-11-06 09:36:10.390,3.41,5000
2020-11-06 09:36:10.390,3.41,15000
2020-11-06 09:36:10.390,3.41,300000
2020-11-06 09:36:10.390,3.41,2900
2020-11-06 09:36:10.610,3.411,100
2020-11-06 09:36:10.850,3.411,200
2020-11-06 09:36:10.960,3.411,200
2020-11-06 09:36:11.100,3.41,7100
2020-11-06 09:36:11.100,3.41,20000
2020-11-06 09:36:11.100,3.41,20000
2020-11-06 09:36:11.100,3.41,5900
2020-11-06 09:36:11.100,3.41,10000
2020-11-06 09:36:11.100,3.41,127300
2020-11-06 09:36:11.100,3.41,14600
2020-11-06 09:36:11.100,3.41,1000
2020-11-06 09:36:11.100,3.41,500
2020-11-06 09:36:11.100,3.41,10000
2020-11-06 09:36:11.100,3.41,100
2020-11-06 09:36:11.100,3.41,3000
2020-11-06 09:36:11.100,3.41,10000
2020-11-06 09:36:11.100,3.41,9800
2020-11-06 09:36:11.100,3.41,50000
2020-11-06 09:36:11.100,3.41,1000
2020-11-06 09:36:11.100,3.41,8800
2020-11-06 09:36:11.100,3.41,14800
2020-11-06 09:36:11.100,3.41,10000
2020-11-06 09:36:11.100,3.41,3000
2020-11-06 09:36:11.100,3.41,10000
2020-11-06 09:36:11.100,3.41,1000
2020-11-06 09:36:11.100,3.41,200
2020-11-06 09:36:11.100,3.41,100
2020-11-06 09:36:11.100,3.41,1200
2020-11-06 09:36:11.100,3.41,5000
2020-11-06 09:36:11.100,3.41,3900
2020-11-06 09:36:11.100,3.41,5000
2020-11-06 09:36:11.310,3.41,15000
2020-11-06 09:36:11.650,3.409,200
2020-11-06 09:36:11.650,3.409,100
2020-11-06 09:36:11.650,3.409,10000
2020-11-06 09:36:11.650,3.409,1200
2020-11-06 09:36:11.650,3.409,1000
2020-11-06 09:36:11.650,3.409,15000
2020-11-06 09:36:11.650,3.409,8400
2020-11-06 09:36:11.650,3.409,30000
2020-11-06 09:36:13.050,3.409,10000
2020-11-06 09:36:14.160,3.409,7100
2020-11-06 09:36:14.160,3.409,8200
2020-11-06 09:36:14.250,3.409,15000
2020-11-06 09:36:14.380,3.409,5000
2020-11-06 09:36:14.590,3.409,1500
2020-11-06 09:36:14.880,3.409,10300
2020-11-06 09:36:15.270,3.409,2500
2020-11-06 09:36:15.910,3.409,800
2020-11-06 09:36:16.870,3.409,400
2020-11-06 09:36:17.730,3.409,173300
2020-11-06 09:36:17.880,3.41,200
2020-11-06 09:36:19.930,3.41,300000
2020-11-06 09:36:20.670,3.41,40000
2020-11-06 09:36:20.950,3.409,103900
2020-11-06 09:36:21.320,3.409,1000
2020-11-06 09:36:21.450,3.41,30000
2020-11-06 09:36:22.740,3.41,7500
2020-11-06 09:36:22.890,3.41,22500
2020-11-06 09:36:22.890,3.409,14900
2020-11-06 09:36:23.390,3.411,200
2020-11-06 09:36:23.390,3.411,4300
2020-11-06 09:36:23.660,3.41,300
2020-11-06 09:36:25.700,3.41,500
2020-11-06 09:36:26.830,3.41,5000
2020-11-06 09:36:28.160,3.41,10600
2020-11-06 09:36:31.070,3.411,40000
2020-11-06 09:36:31.710,3.41,17200
2020-11-06 09:36:32.640,3.41,3000
2020-11-06 09:36:32.640,3.41,3700
2020-11-06 09:36:32.640,3.41,3000
2020-11-06 09:36:32.640,3.41,3300
2020-11-06 09:36:33.330,3.41,1800
2020-11-06 09:36:34.800,3.411,25000
2020-11-06 09:36:34.800,3.411,7000
2020-11-06 09:36:34.800,3.411,8000
2020-11-06 09:36:34.970,3.41,24900
2020-11-06 09:36:34.970,3.41,4400
2020-11-06 09:36:35.030,3.411,10000
2020-11-06 09:36:35.030,3.41,3200
2020-11-06 09:36:35.030,3.41,8500
2020-11-06 09:36:36.250,3.411,6000
2020-11-06 09:36:36.250,3.411,1100
2020-11-06 09:36:36.250,3.411,2000
2020-11-06 09:36:36.250,3.412,1000
2020-11-06 09:36:36.250,3.412,500
2020-11-06 09:36:36.250,3.412,4100
2020-11-06 09:36:36.690,3.412,200
2020-11-06 09:36:38.230,3.411,16900
2020-11-06 09:36:42.130,3.411,1500
2020-11-06 09:36:42.190,3.411,5000
2020-11-06 09:36:44.540,3.412,1900
2020-11-06 09:36:44.540,3.412,400
2020-11-06 09:36:44.540,3.412,4300
2020-11-06 09:36:44.540,3.412,282000
2020-11-06 09:36:44.540,3.412,3000
2020-11-06 09:36:44.540,3.412,30000
2020-11-06 09:36:44.540,3.412,44600
2020-11-06 09:36:44.540,3.412,5000
2020-11-06 09:36:44.540,3.412,10100
2020-11-06 09:36:44.720,3.412,3100
2020-11-06 09:36:44.930,3.413,1000
2020-11-06 09:36:45.150,3.412,10000
2020-11-06 09:36:45.550,3.412,30500
2020-11-06 09:36:46.190,3.412,60000
2020-11-06 09:36:46.780,3.412,13900
2020-11-06 09:36:46.810,3.412,300
2020-11-06 09:36:48.050,3.412,900
2020-11-06 09:36:48.050,3.412,50000
2020-11-06 09:36:48.510,3.411,15000
2020-11-06 09:36:49.540,3.411,1600
2020-11-06 09:36:49.540,3.411,14700
2020-11-06 09:36:51.330,3.412,37100
2020-11-06 09:36:53.760,3.411,5300
2020-11-06 09:36:53.760,3.411,5800
2020-11-06 09:36:53.760,3.411,20000
2020-11-06 09:36:53.760,3.411,400
2020-11-06 09:36:53.760,3.411,8500
2020-11-06 09:36:55.250,3.411,1500
2020-11-06 09:36:55.250,3.411,3000
2020-11-06 09:36:55.250,3.411,24900
2020-11-06 09:36:59.780,3.411,1000
2020-11-06 09:36:59.780,3.411,2000
2020-11-06 09:36:59.780,3.411,1000
2020-11-06 09:37:00.170,3.411,4000
2020-11-06 09:37:00.170,3.411,100
2020-11-06 09:37:01.660,3.41,17300
2020-11-06 09:37:02.000,3.411,900
2020-11-06 09:37:02.000,3.412,1100
2020-11-06 09:37:04.450,3.411,1000
2020-11-06 09:37:07.230,3.41,2500
2020-11-06 09:37:07.510,3.411,500
2020-11-06 09:37:07.700,3.411,3000
2020-11-06 09:37:07.790,3.41,200
2020-11-06 09:37:08.590,3.411,1000
2020-11-06 09:37:09.350,3.411,3000
2020-11-06 09:37:09.970,3.411,500
2020-11-06 09:37:09.970,3.411,5000
2020-11-06 09:37:10.580,3.411,900
2020-11-06 09:37:11.480,3.412,4900
2020-11-06 09:37:15.310,3.411,600
2020-11-06 09:37:15.550,3.411,5900
2020-11-06 09:37:18.270,3.411,17100
2020-11-06 09:37:18.270,3.411,20000
2020-11-06 09:37:18.270,3.411,300
2020-11-06 09:37:18.540,3.411,200
2020-11-06 09:37:18.540,3.411,5700
2020-11-06 09:37:19.830,3.411,14300
2020-11-06 09:37:19.830,3.411,800
2020-11-06 09:37:19.830,3.41,7300
2020-11-06 09:37:19.830,3.41,1800
2020-11-06 09:37:20.020,3.412,3000
2020-11-06 09:37:21.750,3.411,2100
2020-11-06 09:37:22.870,3.411,1300
2020-11-06 09:37:23.490,3.411,20000
2020-11-06 09:37:23.790,3.411,1000
2020-11-06 09:37:25.660,3.411,1000
2020-11-06 09:37:26.110,3.411,400
2020-11-06 09:37:26.930,3.411,6000
2020-11-06 09:37:27.420,3.41,400
2020-11-06 09:37:28.600,3.411,300
2020-11-06 09:37:30.960,3.41,3000
2020-11-06 09:37:31.750,3.41,4800
2020-11-06 09:37:31.750,3.41,1000
2020-11-06 09:37:31.750,3.41,11400
2020-11-06 09:37:34.740,3.41,1300
2020-11-06 09:37:36.050,3.41,7300
2020-11-06 09:37:36.050,3.41,8800
2020-11-06 09:37:40.890,3.41,1000
2020-11-06 09:37:41.020,3.41,200
2020-11-06 09:37:41.020,3.41,1000
2020-11-06 09:37:41.020,3.41,10000
2020-11-06 09:37:41.020,3.41,29100
2020-11-06 09:37:41.020,3.41,9700
2020-11-06 09:37:41.700,3.411,17900
2020-11-06 09:37:41.700,3.411,25100
2020-11-06 09:37:41.700,3.411,200
2020-11-06 09:37:41.700,3.411,3000
2020-11-06 09:37:41.700,3.411,4300
2020-11-06 09:37:41.700,3.411,1000
2020-11-06 09:37:41.700,3.411,5000
2020-11-06 09:37:41.700,3.411,1500
2020-11-06 09:37:41.700,3.411,100000
2020-11-06 09:37:41.700,3.411,49500
2020-11-06 09:37:41.700,3.411,25100
2020-11-06 09:37:41.700,3.411,10000
2020-11-06 09:37:42.170,3.411,40500
2020-11-06 09:37:45.800,3.411,2000
2020-11-06 09:37:46.660,3.411,3000
2020-11-06 09:37:47.990,3.411,900
2020-11-06 09:37:48.470,3.411,5400
2020-11-06 09:37:48.720,3.412,20000
2020-11-06 09:37:49.140,3.411,5300
2020-11-06 09:37:49.140,3.411,800
2020-11-06 09:37:50.640,3.411,40000
2020-11-06 09:37:50.670,3.411,1500
2020-11-06 09:37:50.910,3.411,300
2020-11-06 09:37:51.150,3.411,2000
2020-11-06 09:37:51.650,3.411,5000
2020-11-06 09:37:55.010,3.412,100000
2020-11-06 09:37:55.040,3.411,2000
2020-11-06 09:37:55.240,3.411,26400
2020-11-06 09:37:55.800,3.411,500
2020-11-06 09:37:56.740,3.411,1100
2020-11-06 09:37:58.540,3.411,200
2020-11-06 09:37:59.100,3.411,30500
2020-11-06 09:38:00.110,3.411,3000
2020-11-06 09:38:01.810,3.411,116300
2020-11-06 09:38:01.840,3.411,17200
2020-11-06 09:38:03.890,3.412,1000
2020-11-06 09:38:05.050,3.412,1000
2020-11-06 09:38:05.050,3.412,2000
2020-11-06 09:38:05.500,3.411,1000
2020-11-06 09:38:06.090,3.412,50000
2020-11-06 09:38:06.930,3.411,11000
2020-11-06 09:38:07.090,3.412,300
2020-11-06 09:38:07.300,3.411,3300
2020-11-06 09:38:07.880,3.412,3000
2020-11-06 09:38:09.300,3.411,1200
2020-11-06 09:38:14.190,3.412,500
2020-11-06 09:38:14.900,3.412,200
2020-11-06 09:38:15.210,3.411,37500
2020-11-06 09:38:15.210,3.411,500
2020-11-06 09:38:15.210,3.411,5000
2020-11-06 09:38:15.210,3.411,17000
2020-11-06 09:38:15.590,3.411,3000
2020-11-06 09:38:15.590,3.411,500
2020-11-06 09:38:15.590,3.411,6000
2020-11-06 09:38:16.480,3.411,500
2020-11-06 09:38:17.800,3.411,3000
2020-11-06 09:38:17.830,3.41,300
2020-11-06 09:38:17.830,3.41,300
2020-11-06 09:38:17.830,3.41,5000
2020-11-06 09:38:17.830,3.41,5000
2020-11-06 09:38:17.830,3.41,3000
2020-11-06 09:38:17.830,3.41,2500
2020-11-06 09:38:17.830,3.41,3000
2020-11-06 09:38:17.830,3.41,247300
2020-11-06 09:38:17.830,3.411,6000
2020-11-06 09:38:19.030,3.411,2000
2020-11-06 09:38:19.360,3.41,41600
2020-11-06 09:38:20.630,3.411,1000
2020-11-06 09:38:20.790,3.41,5400
2020-11-06 09:38:21.190,3.411,3000
2020-11-06 09:38:22.970,3.41,100
2020-11-06 09:38:23.580,3.41,3000
2020-11-06 09:38:25.150,3.411,100
2020-11-06 09:38:25.200,3.41,2600
2020-11-06 09:38:25.200,3.41,2100
2020-11-06 09:38:25.330,3.411,10000
2020-11-06 09:38:26.420,3.411,5000
2020-11-06 09:38:28.930,3.411,1900
2020-11-06 09:38:29.110,3.41,900
2020-11-06 09:38:29.110,3.41,500
2020-11-06 09:38:29.430,3.41,300
2020-11-06 09:38:29.430,3.41,3000
2020-11-06 09:38:29.430,3.41,600
2020-11-06 09:38:29.430,3.41,1000
2020-11-06 09:38:29.430,3.41,1000
2020-11-06 09:38:29.430,3.41,5000
2020-11-06 09:38:29.430,3.41,500
2020-11-06 09:38:29.430,3.41,200
2020-11-06 09:38:29.430,3.41,1000
2020-11-06 09:38:29.430,3.41,1000
2020-11-06 09:38:29.430,3.41,1000
2020-11-06 09:38:29.430,3.41,500
2020-11-06 09:38:29.430,3.41,15100
2020-11-06 09:38:30.750,3.41,3000
2020-11-06 09:38:31.760,3.41,17300
2020-11-06 09:38:33.470,3.41,7400
2020-11-06 09:38:34.370,3.41,7100
2020-11-06 09:38:34.370,3.41,200
2020-11-06 09:38:34.370,3.41,100
2020-11-06 09:38:34.370,3.41,900
2020-11-06 09:38:34.490,3.41,100
2020-11-06 09:38:34.490,3.41,2900
2020-11-06 09:38:34.570,3.41,2100
2020-11-06 09:38:34.570,3.41,300
2020-11-06 09:38:34.570,3.41,1000
2020-11-06 09:38:34.570,3.41,10000
2020-11-06 09:38:34.570,3.41,100
2020-11-06 09:38:34.570,3.41,12400
2020-11-06 09:38:35.170,3.41,11200
2020-11-06 09:38:37.860,3.41,11500
2020-11-06 09:38:37.860,3.41,500
2020-11-06 09:38:37.860,3.41,1000
2020-11-06 09:38:39.390,3.41,1500
2020-11-06 09:38:39.390,3.41,2000
2020-11-06 09:38:39.390,3.41,500
2020-11-06 09:38:39.390,3.41,3000
2020-11-06 09:38:39.480,3.411,10000
2020-11-06 09:38:40.130,3.41,2000
2020-11-06 09:38:40.680,3.41,40000
2020-11-06 09:38:41.120,3.41,1000
2020-11-06 09:38:41.430,3.41,1000
2020-11-06 09:38:42.020,3.411,1000
2020-11-06 09:38:43.090,3.41,3000
2020-11-06 09:38:43.240,3.41,30000
2020-11-06 09:38:43.300,3.411,5000
2020-11-06 09:38:43.540,3.41,2200
2020-11-06 09:38:43.670,3.41,120800
2020-11-06 09:38:43.670,3.41,10000
2020-11-06 09:38:43.670,3.41,10000
2020-11-06 09:38:43.670,3.41,2000
2020-11-06 09:38:53.630,3.41,80000
2020-11-06 09:38:54.050,3.41,200
2020-11-06 09:38:54.850,3.409,300
2020-11-06 09:38:54.850,3.409,1300
2020-11-06 09:38:55.610,3.409,1700
2020-11-06 09:38:55.610,3.409,500
2020-11-06 09:38:55.610,3.409,1000
2020-11-06 09:38:55.610,3.409,500
2020-11-06 09:38:55.610,3.409,2300
2020-11-06 09:38:56.670,3.409,5000
2020-11-06 09:39:00.350,3.409,3000
2020-11-06 09:39:00.930,3.409,19700
2020-11-06 09:39:00.930,3.409,2000
2020-11-06 09:39:00.930,3.409,2500
2020-11-06 09:39:00.930,3.409,25000
2020-11-06 09:39:00.930,3.409,100
2020-11-06 09:39:00.930,3.409,10000
2020-11-06 09:39:00.930,3.409,1000
2020-11-06 09:39:00.930,3.409,20000
2020-11-06 09:39:00.930,3.409,1100
2020-11-06 09:39:00.930,3.409,33900
2020-11-06 09:39:00.930,3.409,10000
2020-11-06 09:39:00.930,3.409,3000
2020-11-06 09:39:00.930,3.409,10000
2020-11-06 09:39:00.930,3.409,6000
2020-11-06 09:39:00.930,3.409,300
2020-11-06 09:39:00.930,3.409,100
2020-11-06 09:39:00.930,3.409,100000
2020-11-06 09:39:00.930,3.409,5000
2020-11-06 09:39:00.930,3.409,5000
2020-11-06 09:39:00.930,3.409,45500
2020-11-06 09:39:01.050,3.409,54500
2020-11-06 09:39:01.750,3.408,200
2020-11-06 09:39:01.750,3.408,2000
2020-11-06 09:39:01.750,3.408,15000
2020-11-06 09:39:02.410,3.408,14000
2020-11-06 09:39:02.410,3.408,100
2020-11-06 09:39:02.410,3.408,1000
2020-11-06 09:39:03.770,3.408,5000
2020-11-06 09:39:03.920,3.408,22600
2020-11-06 09:39:08.250,3.408,5900
2020-11-06 09:39:08.840,3.408,3100
2020-11-06 09:39:08.840,3.408,200
2020-11-06 09:39:08.840,3.408,4000
2020-11-06 09:39:09.120,3.408,6000
2020-11-06 09:39:09.120,3.408,100
2020-11-06 09:39:09.120,3.408,10000
2020-11-06 09:39:09.120,3.408,500
2020-11-06 09:39:09.120,3.408,100
2020-11-06 09:39:09.120,3.408,20000
2020-11-06 09:39:09.120,3.408,200
2020-11-06 09:39:09.120,3.408,18000
2020-11-06 09:39:09.510,3.409,200
2020-11-06 09:39:10.320,3.408,4000
2020-11-06 09:39:11.820,3.409,34800
2020-11-06 09:39:11.820,3.409,265200
2020-11-06 09:39:12.210,3.408,10000
2020-11-06 09:39:12.630,3.408,34800
2020-11-06 09:39:12.690,3.408,100
2020-11-06 09:39:13.090,3.409,4000
2020-11-06 09:39:13.090,3.409,100000
2020-11-06 09:39:13.090,3.409,600
2020-11-06 09:39:13.090,3.409,200
2020-11-06 09:39:13.090,3.409,900
2020-11-06 09:39:13.090,3.409,5000
2020-11-06 09:39:13.150,3.409,2800
2020-11-06 09:39:13.310,3.409,7500
2020-11-06 09:39:14.980,3.409,500
2020-11-06 09:39:15.610,3.409,4500
2020-11-06 09:39:15.790,3.41,800
2020-11-06 09:39:15.960,3.41,200
2020-11-06 09:39:16.020,3.409,19700
2020-11-06 09:39:16.390,3.409,20000
2020-11-06 09:39:17.770,3.409,10000
2020-11-06 09:39:18.580,3.409,10000
2020-11-06 09:39:18.650,3.41,9000
2020-11-06 09:39:18.650,3.41,4400
2020-11-06 09:39:18.650,3.41,1800
2020-11-06 09:39:18.650,3.41,98700
2020-11-06 09:39:21.530,3.409,25000
2020-11-06 09:39:22.250,3.409,300
2020-11-06 09:39:22.750,3.41,2000
2020-11-06 09:39:22.950,3.409,5000
2020-11-06 09:39:23.190,3.41,3000
2020-11-06 09:39:24.590,3.41,300000
2020-11-06 09:39:24.630,3.41,183300
2020-11-06 09:39:24.630,3.41,1000
2020-11-06 09:39:24.630,3.41,3000
2020-11-06 09:39:24.630,3.41,1000
2020-11-06 09:39:24.630,3.41,5000
2020-11-06 09:39:24.630,3.41,20000
2020-11-06 09:39:24.630,3.41,8400
2020-11-06 09:39:24.630,3.41,5300
2020-11-06 09:39:24.630,3.41,3400
2020-11-06 09:39:25.140,3.41,30000
2020-11-06 09:39:25.670,3.41,1000
2020-11-06 09:39:25.670,3.41,100
2020-11-06 09:39:25.700,3.411,2100
2020-11-06 09:39:25.700,3.411,300
2020-11-06 09:39:25.700,3.411,3900
2020-11-06 09:39:25.700,3.411,2000
2020-11-06 09:39:25.700,3.411,10000
2020-11-06 09:39:25.700,3.411,4500
2020-11-06 09:39:25.700,3.411,60000
2020-11-06 09:39:25.700,3.411,6400
2020-11-06 09:39:25.700,3.411,2000
2020-11-06 09:39:25.700,3.411,200
2020-11-06 09:39:25.700,3.412,8600
2020-11-06 09:39:25.730,3.41,8500
2020-11-06 09:39:25.730,3.41,21500
2020-11-06 09:39:26.220,3.411,300000
2020-11-06 09:39:26.220,3.41,8500
2020-11-06 09:39:26.220,3.41,300100
2020-11-06 09:39:26.220,3.41,15000
2020-11-06 09:39:26.220,3.41,40000
2020-11-06 09:39:26.220,3.41,500
2020-11-06 09:39:26.220,3.41,110700
2020-11-06 09:39:28.020,3.411,4500
2020-11-06 09:39:28.230,3.411,10000
2020-11-06 09:39:30.170,3.411,1400
2020-11-06 09:39:30.230,3.411,3000
2020-11-06 09:39:30.460,3.411,10000
2020-11-06 09:39:31.290,3.411,100
2020-11-06 09:39:31.480,3.411,5000
2020-11-06 09:39:31.780,3.411,17300
2020-11-06 09:39:31.880,3.411,15400
2020-11-06 09:39:34.250,3.412,500
2020-11-06 09:39:35.670,3.411,5000
2020-11-06 09:39:36.470,3.411,200
2020-11-06 09:39:36.500,3.411,1000
2020-11-06 09:39:38.170,3.412,700
2020-11-06 09:39:40.610,3.412,10000
2020-11-06 09:39:41.020,3.411,200
2020-11-06 09:39:41.440,3.411,1500
2020-11-06 09:39:41.440,3.411,2600
2020-11-06 09:39:42.500,3.411,2000
2020-11-06 09:39:42.500,3.412,1000
2020-11-06 09:39:42.760,3.411,1000
2020-11-06 09:39:43.100,3.411,400
2020-11-06 09:39:43.100,3.41,9600
2020-11-06 09:39:43.160,3.412,300
2020-11-06 09:39:44.160,3.411,5000
2020-11-06 09:39:44.160,3.411,500
2020-11-06 09:39:44.520,3.412,3000
2020-11-06 09:39:45.810,3.411,4500
2020-11-06 09:39:45.810,3.411,30000
2020-11-06 09:39:45.810,3.411,300100
2020-11-06 09:39:45.810,3.41,35400
2020-11-06 09:39:47.890,3.41,12100
2020-11-06 09:39:49.540,3.412,1000
2020-11-06 09:39:51.720,3.411,500
2020-11-06 09:39:56.090,3.412,600
2020-11-06 09:39:56.390,3.411,21900
2020-11-06 09:39:57.060,3.411,5000
2020-11-06 09:39:57.680,3.412,15000
2020-11-06 09:40:00.430,3.412,100
2020-11-06 09:40:01.720,3.411,52600
2020-11-06 09:40:01.720,3.411,200
2020-11-06 09:40:01.720,3.411,222200
2020-11-06 09:40:01.880,3.411,17200
2020-11-06 09:40:02.260,3.411,29900
2020-11-06 09:40:02.710,3.411,400
2020-11-06 09:40:03.800,3.411,40000
2020-11-06 09:40:03.900,3.411,90900
2020-11-06 09:40:04.310,3.411,99400
2020-11-06 09:40:04.310,3.411,100
2020-11-06 09:40:04.310,3.411,5000
2020-11-06 09:40:04.310,3.411,13200
2020-11-06 09:40:04.310,3.411,4500
2020-11-06 09:40:04.310,3.411,3000
2020-11-06 09:40:04.310,3.411,5000
2020-11-06 09:40:05.570,3.411,30000
2020-11-06 09:40:06.540,3.41,13100
2020-11-06 09:40:06.810,3.41,13100
2020-11-06 09:40:07.200,3.41,13100
2020-11-06 09:40:07.510,3.41,13100
2020-11-06 09:40:08.660,3.411,140500
2020-11-06 09:40:11.550,3.411,3000
2020-11-06 09:40:12.130,3.411,5000
2020-11-06 09:40:12.420,3.411,2600
2020-11-06 09:40:12.420,3.411,6000
2020-11-06 09:40:13.840,3.411,10000
2020-11-06 09:40:13.930,3.411,132900
2020-11-06 09:40:13.930,3.411,13200
2020-11-06 09:40:13.930,3.411,10000
2020-11-06 09:40:13.930,3.411,3000
2020-11-06 09:40:14.170,3.41,2900
2020-11-06 09:40:15.770,3.411,200
2020-11-06 09:40:15.800,3.41,10000
2020-11-06 09:40:18.050,3.411,400
2020-11-06 09:40:18.830,3.411,140300
2020-11-06 09:40:18.830,3.411,200
2020-11-06 09:40:18.830,3.411,10000
2020-11-06 09:40:18.830,3.411,1000
2020-11-06 09:40:18.830,3.411,1200
2020-11-06 09:40:19.500,3.411,400
2020-11-06 09:40:20.200,3.411,10000
2020-11-06 09:40:20.800,3.412,28500
2020-11-06 09:40:20.800,3.412,5000
2020-11-06 09:40:20.800,3.412,15000
2020-11-06 09:40:20.800,3.412,1000
2020-11-06 09:40:20.800,3.412,4000
2020-11-06 09:40:20.800,3.412,3000
2020-11-06 09:40:20.800,3.412,30000
2020-11-06 09:40:20.800,3.412,4000
2020-11-06 09:40:20.800,3.412,1000
2020-11-06 09:40:20.800,3.412,30000
2020-11-06 09:40:20.800,3.412,13800
2020-11-06 09:40:20.800,3.412,12400
2020-11-06 09:40:20.800,3.412,4400
2020-11-06 09:40:20.800,3.412,300
2020-11-06 09:40:20.800,3.412,5000
2020-11-06 09:40:20.800,3.412,48300
2020-11-06 09:40:20.800,3.412,10000
2020-11-06 09:40:20.800,3.412,500
2020-11-06 09:40:20.800,3.412,400
2020-11-06 09:40:20.800,3.412,3000
2020-11-06 09:40:20.800,3.412,20000
2020-11-06 09:40:20.800,3.412,2000
2020-11-06 09:40:21.100,3.412,4900
2020-11-06 09:40:21.220,3.412,500
2020-11-06 09:40:21.690,3.412,22500
2020-11-06 09:40:22.200,3.412,5000
2020-11-06 09:40:24.100,3.412,25500
2020-11-06 09:40:24.100,3.412,274500
2020-11-06 09:40:25.410,3.412,2000
2020-11-06 09:40:26.220,3.413,3900
2020-11-06 09:40:26.400,3.412,9900
2020-11-06 09:40:27.370,3.412,3000
2020-11-06 09:40:27.910,3.413,4300
2020-11-06 09:40:27.910,3.413,1100
2020-11-06 09:40:27.910,3.413,1000
2020-11-06 09:40:27.910,3.413,132000
2020-11-06 09:40:27.910,3.413,10000
2020-11-06 09:40:27.910,3.413,500
2020-11-06 09:40:27.910,3.413,1000
2020-11-06 09:40:27.910,3.413,10000
2020-11-06 09:40:27.910,3.413,5000
2020-11-06 09:40:27.910,3.413,39700
2020-11-06 09:40:27.910,3.413,300
2020-11-06 09:40:27.910,3.413,16200
2020-11-06 09:40:27.910,3.413,3200
2020-11-06 09:40:27.910,3.413,100
2020-11-06 09:40:27.910,3.413,400
2020-11-06 09:40:27.910,3.413,3000
2020-11-06 09:40:27.910,3.413,10000
2020-11-06 09:40:27.910,3.413,200
2020-11-06 09:40:27.910,3.413,6000
2020-11-06 09:40:28.310,3.413,24100
2020-11-06 09:40:29.690,3.413,31900
2020-11-06 09:40:29.900,3.412,10000
2020-11-06 09:40:30.420,3.413,2400
2020-11-06 09:40:30.640,3.413,265700
2020-11-06 09:40:30.770,3.413,10200
2020-11-06 09:40:30.800,3.413,500
2020-11-06 09:40:31.320,3.413,1000
2020-11-06 09:40:31.560,3.413,71300
2020-11-06 09:40:31.870,3.413,17200
2020-11-06 09:40:33.980,3.414,600
2020-11-06 09:40:34.200,3.413,199800
2020-11-06 09:40:34.200,3.413,100200
2020-11-06 09:40:35.080,3.414,2000
2020-11-06 09:40:35.170,3.413,30000
2020-11-06 09:40:35.400,3.413,300
2020-11-06 09:40:39.020,3.413,100
2020-11-06 09:40:39.020,3.413,900
2020-11-06 09:40:42.740,3.413,10000
2020-11-06 09:40:43.070,3.413,2000
2020-11-06 09:40:44.450,3.413,200
2020-11-06 09:40:48.840,3.413,3000
2020-11-06 09:40:50.000,3.413,4800
2020-11-06 09:40:50.000,3.413,5200
2020-11-06 09:40:52.090,3.413,20000
2020-11-06 09:40:52.220,3.412,300
2020-11-06 09:40:52.220,3.412,2000
2020-11-06 09:40:52.220,3.412,9800
2020-11-06 09:40:52.310,3.413,1300
2020-11-06 09:40:55.050,3.411,136900
2020-11-06 09:40:55.050,3.411,1000
2020-11-06 09:40:55.050,3.411,200
2020-11-06 09:40:55.050,3.411,10000
2020-11-06 09:40:57.130,3.411,300000
2020-11-06 09:41:00.480,3.411,1000
2020-11-06 09:41:01.680,3.411,19000
2020-11-06 09:41:01.740,3.411,100
2020-11-06 09:41:01.740,3.41,17200
2020-11-06 09:41:06.650,3.411,3000
2020-11-06 09:41:08.020,3.411,10000
2020-11-06 09:41:10.220,3.411,10000
2020-11-06 09:41:10.400,3.41,5300
2020-11-06 09:41:12.350,3.41,10600
2020-11-06 09:41:12.990,3.41,5000
2020-11-06 09:41:13.240,3.41,279100
2020-11-06 09:41:13.240,3.41,500
2020-11-06 09:41:13.240,3.41,10000
2020-11-06 09:41:13.240,3.41,7500
2020-11-06 09:41:13.240,3.41,1400
2020-11-06 09:41:13.240,3.41,5000
2020-11-06 09:41:13.240,3.41,800
2020-11-06 09:41:13.240,3.41,53700
2020-11-06 09:41:13.240,3.41,2000
2020-11-06 09:41:13.240,3.41,200
2020-11-06 09:41:13.240,3.41,5000
2020-11-06 09:41:13.240,3.41,2000
2020-11-06 09:41:13.240,3.41,3000
2020-11-06 09:41:13.240,3.41,10000
2020-11-06 09:41:13.240,3.41,10100
2020-11-06 09:41:13.240,3.41,6000
2020-11-06 09:41:13.240,3.41,5000
2020-11-06 09:41:13.240,3.41,200
2020-11-06 09:41:13.240,3.41,1000
2020-11-06 09:41:13.240,3.41,3000
2020-11-06 09:41:13.240,3.41,8200
2020-11-06 09:41:13.240,3.409,700
2020-11-06 09:41:13.240,3.409,100
2020-11-06 09:41:13.240,3.409,2000
2020-11-06 09:41:13.240,3.409,100
2020-11-06 09:41:13.240,3.409,100000
2020-11-06 09:41:13.240,3.409,2000
2020-11-06 09:41:13.240,3.409,1000
2020-11-06 09:41:13.240,3.409,6000
2020-11-06 09:41:13.240,3.409,2500
2020-11-06 09:41:13.240,3.409,1800
2020-11-06 09:41:13.240,3.409,270100
2020-11-06 09:41:13.730,3.41,40000
2020-11-06 09:41:13.730,3.41,500
2020-11-06 09:41:16.650,3.41,300
2020-11-06 09:41:17.760,3.41,5000
2020-11-06 09:41:19.060,3.41,4200
2020-11-06 09:41:19.060,3.41,1900
2020-11-06 09:41:20.060,3.41,1600
2020-11-06 09:41:20.060,3.41,8100
2020-11-06 09:41:21.580,3.41,300
2020-11-06 09:41:22.290,3.409,20000
2020-11-06 09:41:23.740,3.41,1600
2020-11-06 09:41:23.740,3.41,100
2020-11-06 09:41:23.740,3.41,2000
2020-11-06 09:41:23.740,3.41,6800
2020-11-06 09:41:24.460,3.41,39500
2020-11-06 09:41:24.610,3.41,100
2020-11-06 09:41:25.270,3.409,600
2020-11-06 09:41:25.480,3.41,100
2020-11-06 09:41:26.120,3.41,50000
2020-11-06 09:41:27.520,3.41,700
2020-11-06 09:41:27.980,3.409,13200
2020-11-06 09:41:27.980,3.409,500
2020-11-06 09:41:29.080,3.409,300
2020-11-06 09:41:31.290,3.409,17400
2020-11-06 09:41:31.720,3.408,17200
2020-11-06 09:41:31.940,3.408,8600
2020-11-06 09:41:33.520,3.409,16300
2020-11-06 09:41:35.660,3.409,200
2020-11-06 09:41:36.530,3.408,7300
2020-11-06 09:41:36.530,3.408,2100
2020-11-06 09:41:37.110,3.409,800
2020-11-06 09:41:37.230,3.409,265000
2020-11-06 09:41:37.230,3.409,7800
2020-11-06 09:41:37.230,3.409,526200
2020-11-06 09:41:37.420,3.409,10000
2020-11-06 09:41:38.050,3.408,3000
2020-11-06 09:41:38.080,3.408,25000
2020-11-06 09:41:38.560,3.408,500
2020-11-06 09:41:39.040,3.408,1800
2020-11-06 09:41:39.350,3.409,145500
2020-11-06 09:41:39.830,3.408,7600
2020-11-06 09:41:39.830,3.408,5000
2020-11-06 09:41:39.830,3.408,10000
2020-11-06 09:41:39.830,3.408,1000
2020-11-06 09:41:39.830,3.408,10000
2020-11-06 09:41:39.830,3.408,6000
2020-11-06 09:41:39.830,3.408,1000
2020-11-06 09:41:39.830,3.408,5000
2020-11-06 09:41:39.830,3.408,7700
2020-11-06 09:41:39.830,3.408,10000
2020-11-06 09:41:39.830,3.408,3000
2020-11-06 09:41:39.830,3.408,1200
2020-11-06 09:41:39.830,3.408,3200
2020-11-06 09:41:39.830,3.408,100
2020-11-06 09:41:39.830,3.408,10000
2020-11-06 09:41:39.830,3.408,10000
2020-11-06 09:41:39.830,3.408,3600
2020-11-06 09:41:39.830,3.408,400
2020-11-06 09:41:39.830,3.408,100
2020-11-06 09:41:39.830,3.408,1000
2020-11-06 09:41:39.830,3.408,50000
2020-11-06 09:41:39.830,3.408,100
2020-11-06 09:41:39.830,3.408,200
2020-11-06 09:41:39.830,3.408,300
2020-11-06 09:41:40.370,3.408,30000
2020-11-06 09:41:42.610,3.407,200
2020-11-06 09:41:42.610,3.407,5900
2020-11-06 09:41:42.610,3.407,100
2020-11-06 09:41:42.610,3.407,5100
2020-11-06 09:41:43.200,3.408,1000
2020-11-06 09:41:43.230,3.408,15100
2020-11-06 09:41:43.270,3.407,4900
2020-11-06 09:41:43.270,3.407,2800
2020-11-06 09:41:43.270,3.407,1400
2020-11-06 09:41:43.270,3.407,200
2020-11-06 09:41:43.270,3.407,1000
2020-11-06 09:41:43.270,3.407,2500
2020-11-06 09:41:43.270,3.407,600
2020-11-06 09:41:43.270,3.407,30000
2020-11-06 09:41:43.270,3.407,700
2020-11-06 09:41:43.270,3.407,5900
2020-11-06 09:41:45.750,3.408,17500
2020-11-06 09:41:46.410,3.407,200
2020-11-06 09:41:47.790,3.408,4800
2020-11-06 09:41:47.790,3.408,600
2020-11-06 09:41:48.040,3.408,300
2020-11-06 09:41:48.780,3.408,45000
2020-11-06 09:41:49.160,3.408,1700
2020-11-06 09:41:49.430,3.409,16000
2020-11-06 09:41:49.460,3.409,284000
2020-11-06 09:41:49.460,3.409,1000
2020-11-06 09:41:49.460,3.409,200
2020-11-06 09:41:49.460,3.409,14800
2020-11-06 09:41:50.200,3.408,5000
2020-11-06 09:41:50.480,3.409,200
2020-11-06 09:41:51.270,3.408,5000
2020-11-06 09:41:51.740,3.409,12000
2020-11-06 09:41:54.670,3.409,2400
2020-11-06 09:41:55.530,3.408,1700
2020-11-06 09:41:55.580,3.408,4000
2020-11-06 09:41:55.580,3.409,600
2020-11-06 09:41:55.730,3.409,10000
2020-11-06 09:41:56.270,3.409,20000
2020-11-06 09:41:56.670,3.409,2000
2020-11-06 09:41:57.980,3.409,6700
2020-11-06 09:41:58.220,3.409,30000
2020-11-06 09:41:58.580,3.409,900
2020-11-06 09:41:58.930,3.409,10000
2020-11-06 09:41:59.860,3.409,10000
2020-11-06 09:42:01.870,3.409,9800
2020-11-06 09:42:01.870,3.409,3000
2020-11-06 09:42:01.870,3.409,4500
2020-11-06 09:42:05.050,3.409,500
2020-11-06 09:42:05.050,3.409,1000
2020-11-06 09:42:05.050,3.409,600
2020-11-06 09:42:05.050,3.409,1500
2020-11-06 09:42:05.050,3.409,5000
2020-11-06 09:42:05.050,3.409,11400
2020-11-06 09:42:05.080,3.41,10000
2020-11-06 09:42:05.080,3.41,200000
2020-11-06 09:42:05.080,3.41,90000
2020-11-06 09:42:06.960,3.41,28300
2020-11-06 09:42:07.220,3.41,7100
2020-11-06 09:42:07.590,3.409,7200
2020-11-06 09:42:07.960,3.41,40000
2020-11-06 09:42:07.960,3.411,1000
2020-11-06 09:42:07.960,3.411,35700
2020-11-06 09:42:08.080,3.411,14700
2020-11-06 09:42:08.590,3.411,100
2020-11-06 09:42:08.590,3.411,100
2020-11-06 09:42:08.590,3.412,2200
2020-11-06 09:42:08.590,3.412,24500
2020-11-06 09:42:08.590,3.412,100
2020-11-06 09:42:08.590,3.412,93000
2020-11-06 09:42:08.590,3.412,10000
2020-11-06 09:42:08.590,3.412,170200
2020-11-06 09:42:08.620,3.411,200
2020-11-06 09:42:10.630,3.411,14800
2020-11-06 09:42:10.980,3.411,1000
2020-11-06 09:42:12.850,3.411,10300
2020-11-06 09:42:12.880,3.411,4000
2020-11-06 09:42:16.170,3.411,3600
2020-11-06 09:42:16.650,3.411,1000
2020-11-06 09:42:18.340,3.411,1000
2020-11-06 09:42:19.310,3.411,2600
2020-11-06 09:42:20.110,3.412,3400
2020-11-06 09:42:20.140,3.412,3000
2020-11-06 09:42:20.440,3.411,17300
2020-11-06 09:42:20.440,3.412,50000
2020-11-06 09:42:20.880,3.411,20000
2020-11-06 09:42:22.070,3.412,3600
2020-11-06 09:42:22.070,3.412,1400
2020-11-06 09:42:23.320,3.411,900
2020-11-06 09:42:23.740,3.412,500
2020-11-06 09:42:25.150,3.411,2000
2020-11-06 09:42:25.240,3.411,6000
2020-11-06 09:42:26.710,3.411,20000
2020-11-06 09:42:27.050,3.412,200
2020-11-06 09:42:27.050,3.412,800
2020-11-06 09:42:29.180,3.412,200
2020-11-06 09:42:29.180,3.412,500
2020-11-06 09:42:29.180,3.412,9300
2020-11-06 09:42:29.940,3.412,4400
2020-11-06 09:42:31.780,3.411,17200
2020-11-06 09:42:32.250,3.412,3000
2020-11-06 09:42:33.090,3.411,500
2020-11-06 09:42:33.220,3.412,1500
2020-11-06 09:42:33.530,3.412,700
2020-11-06 09:42:35.780,3.411,10000
2020-11-06 09:42:38.230,3.412,1100
2020-11-06 09:42:38.230,3.412,15400
2020-11-06 09:42:38.230,3.412,5000
2020-11-06 09:42:41.580,3.412,1500
2020-11-06 09:42:43.610,3.412,15000
2020-11-06 09:42:43.870,3.412,500
2020-11-06 09:42:45.090,3.412,100
2020-11-06 09:42:45.090,3.412,100
2020-11-06 09:42:45.090,3.412,100
2020-11-06 09:42:45.090,3.412,100
2020-11-06 09:42:45.090,3.412,100
2020-11-06 09:42:45.090,3.412,100
2020-11-06 09:42:45.090,3.412,100
2020-11-06 09:42:45.120,3.412,100
2020-11-06 09:42:45.120,3.412,100
2020-11-06 09:42:45.120,3.412,100
2020-11-06 09:42:45.120,3.412,100
2020-11-06 09:42:45.180,3.412,100
2020-11-06 09:42:45.180,3.412,100
2020-11-06 09:42:45.180,3.412,100
2020-11-06 09:42:45.180,3.412,100
2020-11-06 09:42:45.180,3.412,100
2020-11-06 09:42:45.180,3.412,100
2020-11-06 09:42:45.180,3.412,100
2020-11-06 09:42:45.180,3.412,100
2020-11-06 09:42:45.240,3.412,100
2020-11-06 09:42:45.240,3.412,100
2020-11-06 09:42:45.240,3.412,100
2020-11-06 09:42:45.240,3.412,100
2020-11-06 09:42:45.240,3.412,100
2020-11-06 09:42:45.240,3.412,100
2020-11-06 09:42:45.240,3.412,100
2020-11-06 09:42:45.240,3.412,100
2020-11-06 09:42:45.240,3.412,100
2020-11-06 09:42:45.290,3.412,100
2020-11-06 09:42:45.290,3.412,100
2020-11-06 09:42:45.290,3.412,100
2020-11-06 09:42:45.290,3.412,100
2020-11-06 09:42:45.290,3.412,100
2020-11-06 09:42:45.290,3.412,100
2020-11-06 09:42:45.290,3.412,100
2020-11-06 09:42:45.290,3.412,100
2020-11-06 09:42:45.320,3.412,100
2020-11-06 09:42:45.320,3.412,100
2020-11-06 09:42:45.320,3.412,100
2020-11-06 09:42:45.320,3.412,100
2020-11-06 09:42:45.370,3.412,100
2020-11-06 09:42:45.370,3.412,100
2020-11-06 09:42:45.370,3.412,100
2020-11-06 09:42:45.370,3.412,100
2020-11-06 09:42:45.370,3.412,100
2020-11-06 09:42:45.370,3.412,100
2020-11-06 09:42:45.430,3.412,100
2020-11-06 09:42:45.430,3.412,100
2020-11-06 09:42:45.430,3.412,100
2020-11-06 09:42:45.480,3.412,100
2020-11-06 09:42:45.480,3.412,100
2020-11-06 09:42:45.540,3.412,100
2020-11-06 09:42:45.540,3.412,100
2020-11-06 09:42:45.540,3.412,100
2020-11-06 09:42:45.540,3.412,100
2020-11-06 09:42:45.540,3.412,100
2020-11-06 09:42:45.540,3.412,100
2020-11-06 09:42:45.540,3.412,100
2020-11-06 09:42:45.540,3.412,100
2020-11-06 09:42:45.540,3.412,100
2020-11-06 09:42:45.600,3.412,100
2020-11-06 09:42:45.600,3.412,100
2020-11-06 09:42:45.600,3.412,100
2020-11-06 09:42:45.600,3.412,100
2020-11-06 09:42:45.600,3.412,100
2020-11-06 09:42:45.600,3.412,100
2020-11-06 09:42:45.600,3.412,100
2020-11-06 09:42:45.600,3.412,100
2020-11-06 09:42:45.600,3.412,100
2020-11-06 09:42:45.600,3.412,100
2020-11-06 09:42:45.600,3.412,100
2020-11-06 09:42:45.600,3.412,100
2020-11-06 09:42:45.630,3.412,100
2020-11-06 09:42:45.630,3.412,100
2020-11-06 09:42:45.630,3.412,100
2020-11-06 09:42:45.630,3.412,100
2020-11-06 09:42:45.630,3.412,100
2020-11-06 09:42:45.630,3.412,100
2020-11-06 09:42:45.630,3.412,100
2020-11-06 09:42:45.630,3.412,100
2020-11-06 09:42:45.690,3.412,100
2020-11-06 09:42:45.690,3.412,100
2020-11-06 09:42:45.690,3.412,100
2020-11-06 09:42:45.690,3.412,100
2020-11-06 09:42:45.690,3.412,100
2020-11-06 09:42:45.690,3.412,100
2020-11-06 09:42:45.690,3.412,100
2020-11-06 09:42:45.750,3.412,100
2020-11-06 09:42:45.750,3.412,100
2020-11-06 09:42:45.750,3.412,100
2020-11-06 09:42:46.800,3.412,100
2020-11-06 09:42:46.800,3.412,800
2020-11-06 09:42:47.580,3.413,100
2020-11-06 09:42:48.540,3.412,200
2020-11-06 09:42:49.280,3.412,100
2020-11-06 09:42:49.280,3.412,100
2020-11-06 09:42:49.340,3.412,100
2020-11-06 09:42:49.340,3.412,100
2020-11-06 09:42:49.340,3.412,100
2020-11-06 09:42:49.340,3.412,100
2020-11-06 09:42:49.340,3.412,100
2020-11-06 09:42:49.340,3.412,100
2020-11-06 09:42:49.340,3.412,100
2020-11-06 09:42:49.340,3.412,100
2020-11-06 09:42:49.340,3.412,100
2020-11-06 09:42:49.400,3.412,100
2020-11-06 09:42:49.400,3.412,100
2020-11-06 09:42:49.400,3.412,100
2020-11-06 09:42:49.400,3.412,100
2020-11-06 09:42:49.400,3.412,100
2020-11-06 09:42:49.570,3.412,100
2020-11-06 09:42:49.570,3.412,100
2020-11-06 09:42:49.570,3.412,100
2020-11-06 09:42:49.570,3.412,100
2020-11-06 09:42:49.570,3.412,100
2020-11-06 09:42:49.570,3.412,100
2020-11-06 09:42:49.570,3.412,100
2020-11-06 09:42:49.570,3.412,100
2020-11-06 09:42:49.570,3.412,100
2020-11-06 09:42:49.570,3.412,100
2020-11-06 09:42:49.570,3.412,100
2020-11-06 09:42:49.570,3.412,100
2020-11-06 09:42:49.570,3.412,100
2020-11-06 09:42:49.570,3.412,100
2020-11-06 09:42:49.570,3.412,100
2020-11-06 09:42:49.570,3.412,100
2020-11-06 09:42:49.570,3.412,100
2020-11-06 09:42:49.630,3.412,100
2020-11-06 09:42:49.630,3.412,100
2020-11-06 09:42:49.630,3.412,100
2020-11-06 09:42:49.630,3.412,100
2020-11-06 09:42:49.630,3.412,100
2020-11-06 09:42:49.630,3.412,100
2020-11-06 09:42:49.690,3.412,100
2020-11-06 09:42:49.690,3.412,100
2020-11-06 09:42:49.690,3.412,100
2020-11-06 09:42:49.690,3.412,100
2020-11-06 09:42:49.690,3.412,100
2020-11-06 09:42:49.690,3.412,100
2020-11-06 09:42:49.690,3.412,100
2020-11-06 09:42:49.720,3.412,100
2020-11-06 09:42:49.720,3.412,100
2020-11-06 09:42:49.720,3.412,100
2020-11-06 09:42:49.720,3.412,100
2020-11-06 09:42:49.740,3.412,100
2020-11-06 09:42:49.740,3.412,100
2020-11-06 09:42:49.770,3.412,100
2020-11-06 09:42:50.140,3.412,100
2020-11-06 09:42:50.140,3.412,100
2020-11-06 09:42:50.140,3.412,100
2020-11-06 09:42:50.140,3.412,100
2020-11-06 09:42:50.140,3.412,100
2020-11-06 09:42:50.140,3.412,100
2020-11-06 09:42:50.140,3.412,100
2020-11-06 09:42:50.140,3.412,100
2020-11-06 09:42:50.140,3.412,100
2020-11-06 09:42:50.140,3.412,100
2020-11-06 09:42:50.140,3.412,100
2020-11-06 09:42:50.140,3.412,100
2020-11-06 09:42:50.140,3.412,100
2020-11-06 09:42:50.140,3.412,100
2020-11-06 09:42:50.140,3.412,100
2020-11-06 09:42:50.140,3.412,100
2020-11-06 09:42:50.140,3.412,100
2020-11-06 09:42:50.140,3.412,100
2020-11-06 09:42:50.140,3.412,100
2020-11-06 09:42:50.140,3.412,100
2020-11-06 09:42:50.140,3.412,100
2020-11-06 09:42:50.140,3.412,100
2020-11-06 09:42:50.140,3.412,100
2020-11-06 09:42:50.140,3.412,100
2020-11-06 09:42:50.140,3.412,100
2020-11-06 09:42:50.140,3.412,100
2020-11-06 09:42:50.140,3.412,100
2020-11-06 09:42:50.140,3.412,100
2020-11-06 09:42:50.140,3.412,100
2020-11-06 09:42:50.140,3.412,100
2020-11-06 09:42:50.140,3.412,100
2020-11-06 09:42:50.140,3.412,100
2020-11-06 09:42:50.140,3.412,100
2020-11-06 09:42:50.170,3.412,100
2020-11-06 09:42:50.170,3.412,100
2020-11-06 09:42:50.170,3.412,100
2020-11-06 09:42:50.170,3.412,100
2020-11-06 09:42:50.870,3.412,1000
2020-11-06 09:42:51.470,3.412,33300
2020-11-06 09:42:52.870,3.412,100
2020-11-06 09:42:52.900,3.413,3400
2020-11-06 09:42:52.900,3.413,296600
2020-11-06 09:42:52.900,3.412,100
2020-11-06 09:42:52.900,3.412,100
2020-11-06 09:42:52.900,3.412,100
2020-11-06 09:42:52.900,3.412,100
2020-11-06 09:42:52.900,3.412,100
2020-11-06 09:42:52.930,3.412,100
2020-11-06 09:42:52.990,3.412,100
2020-11-06 09:42:52.990,3.412,100
2020-11-06 09:42:52.990,3.412,100
2020-11-06 09:42:52.990,3.412,100
2020-11-06 09:42:52.990,3.412,100
2020-11-06 09:42:52.990,3.412,100
2020-11-06 09:42:52.990,3.412,100
2020-11-06 09:42:52.990,3.412,100
2020-11-06 09:42:52.990,3.412,100
2020-11-06 09:42:52.990,3.412,100
2020-11-06 09:42:53.080,3.412,100
2020-11-06 09:42:53.080,3.412,100
2020-11-06 09:42:53.080,3.412,100
2020-11-06 09:42:53.080,3.412,100
2020-11-06 09:42:53.130,3.412,100
2020-11-06 09:42:53.130,3.412,100
2020-11-06 09:42:53.130,3.412,100
2020-11-06 09:42:53.130,3.412,100
2020-11-06 09:42:53.130,3.412,100
2020-11-06 09:42:53.130,3.412,100
2020-11-06 09:42:53.130,3.412,100
2020-11-06 09:42:53.170,3.413,3400
2020-11-06 09:42:53.170,3.413,1000
2020-11-06 09:42:53.170,3.413,125300
2020-11-06 09:42:53.170,3.413,110300
2020-11-06 09:42:53.190,3.412,100
2020-11-06 09:42:53.190,3.412,100
2020-11-06 09:42:53.190,3.412,100
2020-11-06 09:42:53.190,3.412,100
2020-11-06 09:42:53.190,3.412,100
2020-11-06 09:42:53.190,3.412,100
2020-11-06 09:42:53.190,3.412,100
2020-11-06 09:42:53.230,3.412,100
2020-11-06 09:42:53.230,3.412,100
2020-11-06 09:42:53.230,3.412,100
2020-11-06 09:42:53.230,3.412,100
2020-11-06 09:42:53.230,3.412,100
2020-11-06 09:42:53.230,3.412,100
2020-11-06 09:42:53.250,3.413,500
2020-11-06 09:42:53.280,3.412,100
2020-11-06 09:42:53.280,3.412,100
2020-11-06 09:42:53.280,3.412,100
2020-11-06 09:42:53.280,3.412,100
2020-11-06 09:42:53.280,3.412,100
2020-11-06 09:42:53.280,3.412,100
2020-11-06 09:42:53.280,3.412,100
2020-11-06 09:42:53.280,3.412,100
2020-11-06 09:42:53.280,3.412,100
2020-11-06 09:42:53.370,3.412,100
2020-11-06 09:42:53.370,3.412,100
2020-11-06 09:42:53.370,3.412,100
2020-11-06 09:42:53.370,3.412,100
2020-11-06 09:42:53.370,3.412,100
2020-11-06 09:42:53.370,3.412,100
2020-11-06 09:42:53.370,3.412,100
2020-11-06 09:42:53.370,3.412,100
2020-11-06 09:42:53.420,3.412,100
2020-11-06 09:42:53.420,3.412,100
2020-11-06 09:42:53.420,3.412,100
2020-11-06 09:42:53.420,3.412,100
2020-11-06 09:42:53.450,3.412,100
2020-11-06 09:42:53.450,3.412,100
2020-11-06 09:42:53.450,3.412,100
2020-11-06 09:42:53.450,3.412,100
2020-11-06 09:42:53.450,3.412,100
2020-11-06 09:42:53.450,3.412,100
2020-11-06 09:42:53.480,3.412,100
2020-11-06 09:42:53.480,3.412,100
2020-11-06 09:42:53.480,3.412,100
2020-11-06 09:42:53.480,3.412,100
2020-11-06 09:42:53.480,3.412,100
2020-11-06 09:42:53.510,3.413,5300
2020-11-06 09:42:53.540,3.412,100
2020-11-06 09:42:53.540,3.412,100
2020-11-06 09:42:53.540,3.412,100
2020-11-06 09:42:53.540,3.412,100
2020-11-06 09:42:53.540,3.412,100
2020-11-06 09:42:53.590,3.413,33900
2020-11-06 09:42:53.590,3.413,3000
2020-11-06 09:42:53.590,3.413,300
2020-11-06 09:42:53.590,3.413,100
2020-11-06 09:42:53.590,3.413,100
2020-11-06 09:42:53.590,3.413,100
2020-11-06 09:42:53.590,3.413,100
2020-11-06 09:42:53.590,3.413,100
2020-11-06 09:42:53.590,3.413,100
2020-11-06 09:42:53.650,3.413,100
2020-11-06 09:42:53.650,3.413,100
2020-11-06 09:42:53.650,3.413,100
2020-11-06 09:42:53.650,3.413,100
2020-11-06 09:42:53.650,3.413,100
2020-11-06 09:42:53.650,3.413,100
2020-11-06 09:42:54.590,3.413,100
2020-11-06 09:42:54.590,3.413,100
2020-11-06 09:42:54.590,3.413,100
2020-11-06 09:42:54.590,3.413,100
2020-11-06 09:42:54.590,3.413,100
2020-11-06 09:42:54.680,3.413,100
2020-11-06 09:42:54.680,3.413,100
2020-11-06 09:42:54.680,3.413,100
2020-11-06 09:42:54.710,3.413,100
2020-11-06 09:42:54.710,3.413,100
2020-11-06 09:42:54.710,3.413,100
2020-11-06 09:42:54.710,3.413,100
2020-11-06 09:42:54.740,3.413,100
2020-11-06 09:42:54.740,3.413,100
2020-11-06 09:42:54.740,3.413,100
2020-11-06 09:42:54.740,3.413,100
2020-11-06 09:42:54.790,3.413,100
2020-11-06 09:42:54.790,3.413,100
2020-11-06 09:42:54.790,3.413,100
2020-11-06 09:42:54.790,3.413,100
2020-11-06 09:42:54.850,3.413,100
2020-11-06 09:42:54.850,3.413,100
2020-11-06 09:42:54.850,3.413,100
2020-11-06 09:42:54.850,3.413,100
2020-11-06 09:42:54.880,3.413,100
2020-11-06 09:42:54.880,3.413,100
2020-11-06 09:42:54.940,3.413,100
2020-11-06 09:42:54.940,3.413,100
2020-11-06 09:42:54.940,3.413,100
2020-11-06 09:42:54.940,3.413,100
2020-11-06 09:42:55.000,3.413,100
2020-11-06 09:42:55.000,3.413,100
2020-11-06 09:42:55.000,3.413,100
2020-11-06 09:42:55.000,3.413,100
2020-11-06 09:42:55.000,3.413,100
2020-11-06 09:42:55.060,3.413,100
2020-11-06 09:42:55.060,3.413,100
2020-11-06 09:42:55.090,3.413,100
2020-11-06 09:42:55.090,3.413,100
2020-11-06 09:42:55.090,3.413,100
2020-11-06 09:42:55.140,3.413,100
2020-11-06 09:42:55.140,3.413,100
2020-11-06 09:42:55.140,3.413,100
2020-11-06 09:42:55.140,3.413,100
2020-11-06 09:42:55.200,3.413,100
2020-11-06 09:42:55.200,3.413,100
2020-11-06 09:42:55.260,3.413,100
2020-11-06 09:42:55.260,3.413,100
2020-11-06 09:42:55.260,3.413,100
2020-11-06 09:42:55.290,3.413,100
2020-11-06 09:42:55.290,3.413,100
2020-11-06 09:42:55.290,3.413,100
2020-11-06 09:42:55.290,3.413,100
2020-11-06 09:42:55.340,3.413,100
2020-11-06 09:42:55.340,3.413,100
2020-11-06 09:42:55.340,3.413,100
2020-11-06 09:42:55.340,3.413,100
2020-11-06 09:42:55.410,3.413,100
2020-11-06 09:42:55.410,3.413,100
2020-11-06 09:42:55.440,3.413,100
2020-11-06 09:42:55.440,3.413,100
2020-11-06 09:42:55.440,3.413,100
2020-11-06 09:42:55.500,3.413,100
2020-11-06 09:42:55.500,3.413,100
2020-11-06 09:42:55.560,3.413,100
2020-11-06 09:42:55.560,3.413,100
2020-11-06 09:42:55.560,3.413,100
2020-11-06 09:42:55.560,3.413,100
2020-11-06 09:42:55.560,3.413,100
2020-11-06 09:42:55.620,3.413,100
2020-11-06 09:42:55.620,3.413,100
2020-11-06 09:42:55.620,3.413,100
2020-11-06 09:42:55.620,3.413,100
2020-11-06 09:42:55.660,3.413,100
2020-11-06 09:42:55.660,3.413,100
2020-11-06 09:42:55.660,3.413,100
2020-11-06 09:42:55.660,3.413,100
2020-11-06 09:42:55.660,3.413,100
2020-11-06 09:42:55.660,3.413,100
2020-11-06 09:42:55.690,3.413,100
2020-11-06 09:42:55.690,3.413,100
2020-11-06 09:42:55.690,3.413,100
2020-11-06 09:42:55.690,3.413,100
2020-11-06 09:42:55.690,3.413,100
2020-11-06 09:42:55.690,3.413,100
2020-11-06 09:42:55.690,3.413,100
2020-11-06 09:42:55.690,3.413,100
2020-11-06 09:42:55.690,3.413,100
2020-11-06 09:42:55.690,3.413,100
2020-11-06 09:42:55.720,3.413,100
2020-11-06 09:42:57.000,3.413,17700
2020-11-06 09:42:57.940,3.414,42100
2020-11-06 09:42:57.940,3.414,3600
2020-11-06 09:42:57.940,3.414,5000
2020-11-06 09:42:57.940,3.414,2000
2020-11-06 09:42:58.030,3.413,300
2020-11-06 09:42:58.840,3.414,10200
2020-11-06 09:42:59.070,3.414,1000
2020-11-06 09:43:01.940,3.413,17200
2020-11-06 09:43:04.040,3.414,100
2020-11-06 09:43:05.110,3.413,300
2020-11-06 09:43:06.240,3.413,300
2020-11-06 09:43:06.800,3.413,100000
2020-11-06 09:43:09.430,3.413,5000
2020-11-06 09:43:09.700,3.413,3000
2020-11-06 09:43:09.870,3.413,10600
2020-11-06 09:43:09.870,3.413,24000
2020-11-06 09:43:10.180,3.413,60000
2020-11-06 09:43:12.270,3.413,10000
2020-11-06 09:43:12.500,3.413,69600
2020-11-06 09:43:12.500,3.413,30000
2020-11-06 09:43:12.500,3.413,1000
2020-11-06 09:43:12.500,3.413,10000
2020-11-06 09:43:12.500,3.413,10000
2020-11-06 09:43:12.500,3.413,25400
2020-11-06 09:43:12.700,3.413,2000
2020-11-06 09:43:12.700,3.413,3000
2020-11-06 09:43:12.810,3.413,2000
2020-11-06 09:43:13.030,3.413,10000
2020-11-06 09:43:13.960,3.413,200
2020-11-06 09:43:15.070,3.412,247900
2020-11-06 09:43:15.070,3.412,200
2020-11-06 09:43:15.070,3.412,1000
2020-11-06 09:43:15.070,3.412,2000
2020-11-06 09:43:15.070,3.412,1500
2020-11-06 09:43:15.070,3.412,1000
2020-11-06 09:43:15.070,3.412,1000
2020-11-06 09:43:15.360,3.412,2200
2020-11-06 09:43:16.470,3.411,50000
2020-11-06 09:43:18.860,3.412,3900
2020-11-06 09:43:18.860,3.412,7100
2020-11-06 09:43:20.580,3.412,10000
2020-11-06 09:43:21.390,3.412,3200
2020-11-06 09:43:21.470,3.412,7300
2020-11-06 09:43:24.890,3.412,800
2020-11-06 09:43:24.890,3.412,100
2020-11-06 09:43:24.890,3.412,27800
2020-11-06 09:43:24.970,3.412,1000
2020-11-06 09:43:25.550,3.412,1200
2020-11-06 09:43:25.550,3.412,5000
2020-11-06 09:43:25.700,3.412,21000
2020-11-06 09:43:27.620,3.412,45000
2020-11-06 09:43:28.230,3.412,12000
2020-11-06 09:43:28.540,3.412,50000
2020-11-06 09:43:28.700,3.412,1000
2020-11-06 09:43:30.900,3.413,100
2020-11-06 09:43:30.900,3.413,6100
2020-11-06 09:43:30.900,3.413,3000
2020-11-06 09:43:30.900,3.413,3300
2020-11-06 09:43:30.900,3.413,11200
2020-11-06 09:43:31.870,3.412,17300
2020-11-06 09:43:33.240,3.413,300
2020-11-06 09:43:33.920,3.412,30000
2020-11-06 09:43:38.210,3.413,25200
2020-11-06 09:43:38.210,3.413,6000
2020-11-06 09:43:38.500,3.413,10000
2020-11-06 09:43:39.670,3.414,1700
2020-11-06 09:43:39.670,3.414,1000
2020-11-06 09:43:39.670,3.414,100
2020-11-06 09:43:39.670,3.414,3000
2020-11-06 09:43:39.670,3.414,200
2020-11-06 09:43:39.670,3.414,100
2020-11-06 09:43:39.670,3.414,15000
2020-11-06 09:43:39.670,3.414,278900
2020-11-06 09:43:39.970,3.413,10000
2020-11-06 09:43:41.420,3.413,500
2020-11-06 09:43:42.890,3.414,21100
2020-11-06 09:43:42.890,3.414,20000
2020-11-06 09:43:42.890,3.414,2800
2020-11-06 09:43:47.040,3.414,2000
2020-11-06 09:43:47.300,3.413,100
2020-11-06 09:43:48.850,3.413,20000
2020-11-06 09:43:50.040,3.413,10000
2020-11-06 09:43:52.310,3.414,5200
2020-11-06 09:43:52.310,3.414,2500
2020-11-06 09:43:52.310,3.414,200
2020-11-06 09:43:52.310,3.414,400
2020-11-06 09:43:52.310,3.414,9300
2020-11-06 09:43:52.630,3.413,100
2020-11-06 09:43:53.110,3.414,700
2020-11-06 09:43:53.110,3.414,3100
2020-11-06 09:43:53.110,3.414,21400
2020-11-06 09:43:53.110,3.414,1000
2020-11-06 09:43:53.110,3.414,10000
2020-11-06 09:43:53.110,3.414,6000
2020-11-06 09:43:55.340,3.414,3000
2020-11-06 09:43:55.650,3.414,83600
2020-11-06 09:43:58.180,3.414,2800
2020-11-06 09:44:00.500,3.415,4300
2020-11-06 09:44:01.270,3.414,2200
2020-11-06 09:44:01.270,3.413,2800
2020-11-06 09:44:01.960,3.414,10000
2020-11-06 09:44:01.960,3.413,7200
2020-11-06 09:44:04.330,3.414,5000
2020-11-06 09:44:05.150,3.414,2500
2020-11-06 09:44:05.610,3.414,17400
2020-11-06 09:44:06.880,3.415,5000
2020-11-06 09:44:06.970,3.415,4400
2020-11-06 09:44:07.330,3.414,500
2020-11-06 09:44:07.560,3.415,28300
2020-11-06 09:44:07.560,3.415,2800
2020-11-06 09:44:07.560,3.415,500
2020-11-06 09:44:07.560,3.415,3000
2020-11-06 09:44:07.560,3.415,1500
2020-11-06 09:44:07.560,3.415,5000
2020-11-06 09:44:07.560,3.415,100
2020-11-06 09:44:07.560,3.415,4500
2020-11-06 09:44:07.560,3.415,2500
2020-11-06 09:44:07.560,3.415,1800
2020-11-06 09:44:08.920,3.414,50000
2020-11-06 09:44:10.390,3.415,4800
2020-11-06 09:44:11.220,3.415,2000
2020-11-06 09:44:11.880,3.414,1000
2020-11-06 09:44:12.260,3.414,60000
2020-11-06 09:44:14.940,3.414,500
2020-11-06 09:44:15.150,3.415,6000
2020-11-06 09:44:15.150,3.415,900
2020-11-06 09:44:15.150,3.415,1000
2020-11-06 09:44:15.150,3.415,6200
2020-11-06 09:44:15.150,3.415,55800
2020-11-06 09:44:15.150,3.415,3000
2020-11-06 09:44:15.150,3.415,3000
2020-11-06 09:44:15.150,3.415,11900
2020-11-06 09:44:15.380,3.415,1000
2020-11-06 09:44:15.950,3.414,1100
2020-11-06 09:44:15.950,3.414,10000
2020-11-06 09:44:15.950,3.414,44000
2020-11-06 09:44:15.950,3.414,9700
2020-11-06 09:44:16.240,3.414,60000
2020-11-06 09:44:16.880,3.414,6000
2020-11-06 09:44:18.110,3.414,42600
2020-11-06 09:44:18.110,3.414,10000
2020-11-06 09:44:18.110,3.414,53400
2020-11-06 09:44:18.110,3.413,200000
2020-11-06 09:44:18.110,3.413,1000
2020-11-06 09:44:18.110,3.413,1900
2020-11-06 09:44:18.110,3.413,1000
2020-11-06 09:44:18.110,3.413,1000
2020-11-06 09:44:18.110,3.413,1000
2020-11-06 09:44:18.110,3.413,4000
2020-11-06 09:44:20.600,3.414,1000
2020-11-06 09:44:20.850,3.414,16600
2020-11-06 09:44:21.640,3.413,8000
2020-11-06 09:44:22.930,3.414,500
2020-11-06 09:44:24.440,3.414,18000
2020-11-06 09:44:25.130,3.414,16600
2020-11-06 09:44:27.350,3.414,2000
2020-11-06 09:44:28.990,3.414,100
2020-11-06 09:44:29.520,3.413,2000
2020-11-06 09:44:29.520,3.413,200
2020-11-06 09:44:29.520,3.413,20200
2020-11-06 09:44:30.930,3.413,100
2020-11-06 09:44:31.390,3.414,1000
2020-11-06 09:44:31.540,3.414,200
2020-11-06 09:44:31.870,3.413,17200
2020-11-06 09:44:32.260,3.413,12500
2020-11-06 09:44:32.260,3.413,16500
2020-11-06 09:44:32.370,3.413,2100
2020-11-06 09:44:32.520,3.413,10000
2020-11-06 09:44:33.770,3.413,300000
2020-11-06 09:44:35.750,3.414,2000
2020-11-06 09:44:37.180,3.413,2000
2020-11-06 09:44:37.180,3.413,4300
2020-11-06 09:44:37.180,3.413,6700
2020-11-06 09:44:37.220,3.414,100
2020-11-06 09:44:38.250,3.413,100
2020-11-06 09:44:40.830,3.414,10000
2020-11-06 09:44:40.990,3.413,3200
2020-11-06 09:44:40.990,3.413,1000
2020-11-06 09:44:40.990,3.413,30800
2020-11-06 09:44:40.990,3.413,87600
2020-11-06 09:44:41.570,3.414,9500
2020-11-06 09:44:42.790,3.414,1000
2020-11-06 09:44:43.250,3.413,300
2020-11-06 09:44:43.640,3.413,5000
2020-11-06 09:44:44.880,3.414,275400
2020-11-06 09:44:45.120,3.414,13000
2020-11-06 09:44:45.120,3.414,3100
2020-11-06 09:44:45.120,3.414,500
2020-11-06 09:44:45.210,3.414,1000
2020-11-06 09:44:47.190,3.414,5000
2020-11-06 09:44:47.640,3.415,14700
2020-11-06 09:44:47.640,3.415,14700
2020-11-06 09:44:47.640,3.415,50000
2020-11-06 09:44:47.640,3.415,10000
2020-11-06 09:44:47.640,3.415,400
2020-11-06 09:44:47.640,3.415,100
2020-11-06 09:44:47.640,3.415,500
2020-11-06 09:44:47.640,3.415,10000
2020-11-06 09:44:47.640,3.415,9200
2020-11-06 09:44:47.640,3.415,500
2020-11-06 09:44:47.640,3.415,20000
2020-11-06 09:44:47.640,3.415,4000
2020-11-06 09:44:47.640,3.415,1000
2020-11-06 09:44:47.640,3.415,3000
2020-11-06 09:44:47.640,3.415,10000
2020-11-06 09:44:47.640,3.415,8000
2020-11-06 09:44:47.640,3.415,5000
2020-11-06 09:44:47.640,3.415,30000
2020-11-06 09:44:47.640,3.415,30000
2020-11-06 09:44:47.640,3.415,34900
2020-11-06 09:44:48.910,3.416,15000
2020-11-06 09:44:48.910,3.416,3000
2020-11-06 09:44:48.910,3.416,2000
2020-11-06 09:44:48.910,3.416,5000
2020-11-06 09:44:48.910,3.416,1500
2020-11-06 09:44:48.910,3.416,200
2020-11-06 09:44:48.910,3.416,3000
2020-11-06 09:44:48.910,3.416,247700
2020-11-06 09:44:54.090,3.415,3000
2020-11-06 09:44:54.780,3.415,100
2020-11-06 09:44:55.510,3.416,1700
