Datetime,Price,Volume
2020-11-06 09:25:00.830,4.958,1300
2020-11-06 09:25:00.830,4.958,100
2020-11-06 09:25:00.830,4.958,300
2020-11-06 09:25:00.830,4.958,800
2020-11-06 09:25:00.830,4.958,100
2020-11-06 09:25:00.830,4.958,4000
2020-11-06 09:25:00.830,4.958,100
2020-11-06 09:25:00.830,4.958,19700
2020-11-06 09:25:00.830,4.958,10000
2020-11-06 09:25:00.830,4.958,15500
2020-11-06 09:25:00.830,4.958,17300
2020-11-06 09:25:00.830,4.958,24900
2020-11-06 09:25:00.830,4.958,17700
2020-11-06 09:25:00.830,4.958,25000
2020-11-06 09:25:00.830,4.958,500
2020-11-06 09:25:00.830,4.958,10000
2020-11-06 09:25:00.830,4.958,10000
2020-11-06 09:25:00.830,4.958,10000
2020-11-06 09:25:00.830,4.958,10000
2020-11-06 09:25:00.830,4.958,800
2020-11-06 09:25:00.830,4.958,10000
2020-11-06 09:25:00.830,4.958,200
2020-11-06 09:25:00.830,4.958,1000
2020-11-06 09:25:00.830,4.958,2000
2020-11-06 09:25:00.830,4.958,39000
2020-11-06 09:25:00.830,4.958,34700
2020-11-06 09:25:00.830,4.958,5100
2020-11-06 09:25:00.830,4.958,1100
2020-11-06 09:25:00.830,4.958,3600
2020-11-06 09:25:00.830,4.958,600
2020-11-06 09:25:00.830,4.958,16000
2020-11-06 09:25:00.830,4.958,5000
2020-11-06 09:25:00.830,4.958,10000
2020-11-06 09:25:00.830,4.958,7900
2020-11-06 09:25:00.830,4.958,10000
2020-11-06 09:25:00.830,4.958,33600
2020-11-06 09:25:00.830,4.958,5100
2020-11-06 09:25:00.830,4.958,5000
2020-11-06 09:25:00.830,4.958,10000
2020-11-06 09:25:00.830,4.958,2000
2020-11-06 09:25:00.830,4.958,6000
2020-11-06 09:25:00.830,4.958,300
2020-11-06 09:25:00.830,4.958,4000
2020-11-06 09:25:00.830,4.958,90000
2020-11-06 09:25:00.830,4.958,96100
2020-11-06 09:25:00.830,4.958,500
2020-11-06 09:25:00.830,4.958,2400
2020-11-06 09:25:00.830,4.958,15000
2020-11-06 09:25:00.830,4.958,3700
2020-11-06 09:25:00.830,4.958,5000
2020-11-06 09:25:00.830,4.958,5000
2020-11-06 09:25:00.830,4.958,60000
2020-11-06 09:25:00.830,4.958,5000
2020-11-06 09:25:00.830,4.958,50000
2020-11-06 09:25:00.830,4.958,57300
2020-11-06 09:25:00.830,4.958,1600
2020-11-06 09:25:00.830,4.958,15900
2020-11-06 09:25:00.830,4.958,4100
2020-11-06 09:25:00.830,4.958,300000
2020-11-06 09:25:00.830,4.958,211600
2020-11-06 09:25:00.830,4.958,88400
2020-11-06 09:25:00.830,4.958,129600
2020-11-06 09:25:00.830,4.958,10000
2020-11-06 09:25:00.830,4.958,11500
2020-11-06 09:25:00.830,4.958,2500
2020-11-06 09:25:00.830,4.958,300
2020-11-06 09:25:00.830,4.958,5200
2020-11-06 09:25:00.830,4.958,7000
2020-11-06 09:25:00.830,4.958,100
2020-11-06 09:25:00.830,4.958,3000
2020-11-06 09:25:00.830,4.958,500
2020-11-06 09:25:00.830,4.958,8500
2020-11-06 09:25:00.830,4.958,25000
2020-11-06 09:25:00.830,4.958,500
2020-11-06 09:25:00.830,4.958,100
2020-11-06 09:25:00.830,4.958,100
2020-11-06 09:25:00.830,4.958,1000
2020-11-06 09:25:00.830,4.958,2600
2020-11-06 09:25:00.830,4.958,75000
2020-11-06 09:25:00.830,4.958,100
2020-11-06 09:25:00.830,4.958,4700
2020-11-06 09:25:00.830,4.958,200
2020-11-06 09:25:00.830,4.958,200
2020-11-06 09:25:00.830,4.958,100
2020-11-06 09:25:00.830,4.958,3000
2020-11-06 09:25:00.830,4.958,4700
2020-11-06 09:25:00.830,4.958,5300
2020-11-06 09:25:00.830,4.958,100
2020-11-06 09:25:00.830,4.958,400
2020-11-06 09:25:00.830,4.958,900
2020-11-06 09:25:00.830,4.958,3200
2020-11-06 09:25:00.830,4.958,3100
2020-11-06 09:25:00.830,4.958,2000
2020-11-06 09:25:00.830,4.958,600
2020-11-06 09:25:00.830,4.958,200
2020-11-06 09:25:00.830,4.958,100
2020-11-06 09:25:00.830,4.958,200
2020-11-06 09:25:00.830,4.958,300
2020-11-06 09:25:00.830,4.958,7400
2020-11-06 09:25:00.830,4.958,100
2020-11-06 09:25:00.830,4.958,19400
2020-11-06 09:25:00.830,4.958,1800
2020-11-06 09:25:00.830,4.958,200
2020-11-06 09:25:00.830,4.958,300
2020-11-06 09:25:00.830,4.958,50000
2020-11-06 09:25:00.830,4.958,14300
2020-11-06 09:25:00.830,4.958,5700
2020-11-06 09:25:00.830,4.958,1000
2020-11-06 09:25:00.830,4.958,7200
2020-11-06 09:25:00.830,4.958,2800
2020-11-06 09:25:00.830,4.958,5000
2020-11-06 09:25:00.830,4.958,1000
2020-11-06 09:25:00.830,4.958,100
2020-11-06 09:25:00.830,4.958,2100
2020-11-06 09:25:00.830,4.958,10000
2020-11-06 09:25:00.830,4.958,1100
2020-11-06 09:25:00.830,4.958,400
2020-11-06 09:25:00.830,4.958,100
2020-11-06 09:25:00.830,4.958,200
2020-11-06 09:25:00.830,4.958,200
2020-11-06 09:25:00.830,4.958,1700
2020-11-06 09:25:00.830,4.958,6500
2020-11-06 09:25:00.830,4.958,3500
2020-11-06 09:25:00.830,4.958,100
2020-11-06 09:25:00.830,4.958,100
2020-11-06 09:25:00.830,4.958,300
2020-11-06 09:25:00.830,4.958,32900
2020-11-06 09:25:00.830,4.958,500
2020-11-06 09:25:00.830,4.958,1000
2020-11-06 09:25:00.830,4.958,500
2020-11-06 09:25:00.830,4.958,20000
2020-11-06 09:25:00.830,4.958,1200
2020-11-06 09:25:00.830,4.958,1100
2020-11-06 09:25:00.830,4.958,2100
2020-11-06 09:25:00.830,4.958,100
2020-11-06 09:25:00.830,4.958,100
2020-11-06 09:25:00.830,4.958,200
2020-11-06 09:25:00.830,4.958,4300
2020-11-06 09:25:00.830,4.958,300
2020-11-06 09:25:00.830,4.958,100
2020-11-06 09:25:00.830,4.958,100
2020-11-06 09:25:00.830,4.958,2000
2020-11-06 09:25:00.830,4.958,2500
2020-11-06 09:25:00.830,4.958,200
2020-11-06 09:25:00.830,4.958,3000
2020-11-06 09:25:00.830,4.958,600
2020-11-06 09:25:00.830,4.958,1000
2020-11-06 09:25:00.830,4.958,1900
2020-11-06 09:25:00.830,4.958,200
2020-11-06 09:25:00.830,4.958,59100
2020-11-06 09:25:00.830,4.958,2200
2020-11-06 09:25:00.830,4.958,1400
2020-11-06 09:25:00.830,4.958,23400
2020-11-06 09:25:00.830,4.958,200
2020-11-06 09:25:00.830,4.958,500
2020-11-06 09:25:00.830,4.958,25000
2020-11-06 09:25:00.830,4.958,2000
2020-11-06 09:25:00.830,4.958,40000
2020-11-06 09:25:00.830,4.958,10000
2020-11-06 09:25:00.830,4.958,200
2020-11-06 09:25:00.830,4.958,22000
2020-11-06 09:25:00.830,4.958,400
2020-11-06 09:25:00.830,4.958,2500
2020-11-06 09:25:00.830,4.958,57500
2020-11-06 09:25:00.830,4.958,11000
2020-11-06 09:25:00.830,4.958,7000
2020-11-06 09:25:00.830,4.958,10000
2020-11-06 09:25:00.830,4.958,48500
2020-11-06 09:25:00.830,4.958,41000
2020-11-06 09:25:00.830,4.958,4800
2020-11-06 09:25:00.830,4.958,200
2020-11-06 09:25:00.830,4.958,4600
2020-11-06 09:25:00.830,4.958,40000
2020-11-06 09:25:00.830,4.958,4800
2020-11-06 09:25:00.830,4.958,600
2020-11-06 09:25:00.830,4.958,2000
2020-11-06 09:25:00.830,4.958,600
2020-11-06 09:25:00.830,4.958,500
2020-11-06 09:25:00.830,4.958,3000
2020-11-06 09:25:00.830,4.958,1000
2020-11-06 09:25:00.830,4.958,100
2020-11-06 09:25:00.830,4.958,260700
2020-11-06 09:25:00.830,4.958,3000
2020-11-06 09:25:00.830,4.958,4000
2020-11-06 09:25:00.830,4.958,2500
2020-11-06 09:25:00.830,4.958,5000
2020-11-06 09:25:00.830,4.958,300
2020-11-06 09:25:00.830,4.958,5000
2020-11-06 09:25:00.830,4.958,300
2020-11-06 09:25:00.830,4.958,200
2020-11-06 09:25:00.830,4.958,4000
2020-11-06 09:25:00.830,4.958,5000
2020-11-06 09:25:00.830,4.958,800
2020-11-06 09:25:00.830,4.958,12000
2020-11-06 09:25:00.830,4.958,2000
2020-11-06 09:25:00.830,4.958,800
2020-11-06 09:25:00.830,4.958,15000
2020-11-06 09:25:00.830,4.958,2500
2020-11-06 09:25:00.830,4.958,700
2020-11-06 09:25:00.830,4.958,20000
2020-11-06 09:25:00.830,4.958,20000
2020-11-06 09:25:00.830,4.958,2200
2020-11-06 09:25:00.830,4.958,6100
2020-11-06 09:25:00.830,4.958,7500
2020-11-06 09:25:00.830,4.958,2300
2020-11-06 09:25:00.830,4.958,300
2020-11-06 09:25:00.830,4.958,300
2020-11-06 09:25:00.830,4.958,5000
2020-11-06 09:25:00.830,4.958,3000
2020-11-06 09:25:00.830,4.958,100
2020-11-06 09:25:00.830,4.958,700
2020-11-06 09:25:00.830,4.958,500
2020-11-06 09:25:00.830,4.958,10000
2020-11-06 09:25:00.830,4.958,100
2020-11-06 09:25:00.830,4.958,1000
2020-11-06 09:25:00.830,4.958,200
2020-11-06 09:25:00.830,4.958,100
2020-11-06 09:25:00.830,4.958,100
2020-11-06 09:25:00.830,4.958,5000
2020-11-06 09:25:00.830,4.958,2500
2020-11-06 09:25:00.830,4.958,3000
2020-11-06 09:25:00.830,4.958,200
2020-11-06 09:25:00.830,4.958,1000
2020-11-06 09:25:00.830,4.958,10000
2020-11-06 09:25:00.830,4.958,900
2020-11-06 09:25:00.830,4.958,100
2020-11-06 09:25:00.830,4.958,3500
2020-11-06 09:25:00.830,4.958,100
2020-11-06 09:25:00.830,4.958,200
2020-11-06 09:25:00.830,4.958,300
2020-11-06 09:25:00.830,4.958,2000
2020-11-06 09:25:00.830,4.958,3000
2020-11-06 09:25:00.830,4.958,500
2020-11-06 09:25:00.830,4.958,1000
2020-11-06 09:25:00.830,4.958,400
2020-11-06 09:25:00.830,4.958,100
2020-11-06 09:25:00.830,4.958,4000
2020-11-06 09:25:00.830,4.958,100
2020-11-06 09:25:00.830,4.958,17000
2020-11-06 09:25:00.830,4.958,5000
2020-11-06 09:25:00.830,4.958,700
2020-11-06 09:25:00.830,4.958,5000
2020-11-06 09:25:00.830,4.958,500
2020-11-06 09:25:00.830,4.958,5000
2020-11-06 09:25:00.830,4.958,300
2020-11-06 09:25:00.830,4.958,3800
2020-11-06 09:25:00.830,4.958,100
2020-11-06 09:25:00.830,4.958,11200
2020-11-06 09:25:00.830,4.958,5000
2020-11-06 09:25:00.830,4.958,1000
2020-11-06 09:30:00.270,4.959,1000
2020-11-06 09:30:00.270,4.959,1700
2020-11-06 09:30:00.310,4.958,10000
2020-11-06 09:30:00.310,4.959,3300
2020-11-06 09:30:00.310,4.959,100
2020-11-06 09:30:00.310,4.959,1000
2020-11-06 09:30:00.310,4.959,10000
2020-11-06 09:30:00.310,4.959,5000
2020-11-06 09:30:00.310,4.959,1100
2020-11-06 09:30:00.310,4.959,13800
2020-11-06 09:30:00.370,4.959,2700
2020-11-06 09:30:00.370,4.96,5000
2020-11-06 09:30:00.370,4.96,100
2020-11-06 09:30:00.460,4.959,1000
2020-11-06 09:30:00.460,4.959,2500
2020-11-06 09:30:00.460,4.959,1500
2020-11-06 09:30:00.460,4.959,10000
2020-11-06 09:30:00.460,4.959,1000
2020-11-06 09:30:00.460,4.959,100
2020-11-06 09:30:00.570,4.959,100
2020-11-06 09:30:00.570,4.959,2000
2020-11-06 09:30:00.570,4.959,3000
2020-11-06 09:30:00.570,4.96,1000
2020-11-06 09:30:00.570,4.959,1500
2020-11-06 09:30:00.690,4.959,2000
2020-11-06 09:30:00.690,4.96,17600
2020-11-06 09:30:00.690,4.959,200
2020-11-06 09:30:00.690,4.959,2000
2020-11-06 09:30:00.820,4.959,1000
2020-11-06 09:30:00.820,4.959,100
2020-11-06 09:30:01.050,4.96,18300
2020-11-06 09:30:01.050,4.96,1500
2020-11-06 09:30:01.050,4.96,1000
2020-11-06 09:30:01.050,4.96,100
2020-11-06 09:30:01.050,4.96,200
2020-11-06 09:30:01.050,4.96,3000
2020-11-06 09:30:01.050,4.96,1000
2020-11-06 09:30:01.050,4.96,2000
2020-11-06 09:30:01.050,4.96,2900
2020-11-06 09:30:01.050,4.959,3000
2020-11-06 09:30:01.050,4.959,20000
2020-11-06 09:30:01.190,4.959,1000
2020-11-06 09:30:01.190,4.959,3000
2020-11-06 09:30:01.300,4.96,100
2020-11-06 09:30:01.300,4.96,9900
2020-11-06 09:30:01.300,4.96,100
2020-11-06 09:30:01.300,4.96,300
2020-11-06 09:30:01.300,4.96,2000
2020-11-06 09:30:01.300,4.96,100
2020-11-06 09:30:01.300,4.96,1600
2020-11-06 09:30:01.300,4.96,900
2020-11-06 09:30:01.420,4.959,100
2020-11-06 09:30:01.420,4.959,1100
2020-11-06 09:30:01.540,4.959,6000
2020-11-06 09:30:01.540,4.959,2800
2020-11-06 09:30:01.540,4.959,2500
2020-11-06 09:30:01.540,4.959,100
2020-11-06 09:30:01.540,4.959,15000
2020-11-06 09:30:01.540,4.959,4800
2020-11-06 09:30:01.540,4.959,300
2020-11-06 09:30:01.540,4.959,13700
2020-11-06 09:30:01.540,4.959,200
2020-11-06 09:30:01.540,4.959,4500
2020-11-06 09:30:01.540,4.959,1000
2020-11-06 09:30:01.540,4.959,10000
2020-11-06 09:30:01.540,4.959,5500
2020-11-06 09:30:01.540,4.959,1000
2020-11-06 09:30:01.540,4.959,1000
2020-11-06 09:30:01.540,4.959,200
2020-11-06 09:30:01.540,4.959,2900
2020-11-06 09:30:01.540,4.96,1600
2020-11-06 09:30:01.540,4.96,400
2020-11-06 09:30:01.650,4.959,1100
2020-11-06 09:30:01.650,4.959,900
2020-11-06 09:30:01.770,4.96,1100
2020-11-06 09:30:01.770,4.96,1000
2020-11-06 09:30:01.890,4.959,800
2020-11-06 09:30:01.890,4.959,1000
2020-11-06 09:30:02.020,4.96,1000
2020-11-06 09:30:02.020,4.96,3000
2020-11-06 09:30:02.020,4.959,3300
2020-11-06 09:30:02.020,4.959,200
2020-11-06 09:30:02.020,4.959,2600
2020-11-06 09:30:02.020,4.959,3900
2020-11-06 09:30:02.020,4.959,2500
2020-11-06 09:30:02.270,4.959,1000
2020-11-06 09:30:02.270,4.96,3900
2020-11-06 09:30:02.400,4.959,200
2020-11-06 09:30:02.400,4.96,6200
2020-11-06 09:30:02.680,4.96,600
2020-11-06 09:30:02.730,4.959,200
2020-11-06 09:30:02.730,4.959,300
2020-11-06 09:30:02.730,4.959,2100
2020-11-06 09:30:02.730,4.959,200
2020-11-06 09:30:02.730,4.959,1200
2020-11-06 09:30:02.730,4.959,500
2020-11-06 09:30:02.730,4.959,400
2020-11-06 09:30:02.730,4.959,2000
2020-11-06 09:30:02.730,4.958,3300
2020-11-06 09:30:02.730,4.96,500
2020-11-06 09:30:02.730,4.96,4500
2020-11-06 09:30:02.920,4.959,1600
2020-11-06 09:30:02.920,4.959,200
2020-11-06 09:30:02.920,4.958,8200
2020-11-06 09:30:03.040,4.959,700
2020-11-06 09:30:03.040,4.959,4300
2020-11-06 09:30:03.040,4.959,1500
2020-11-06 09:30:03.040,4.958,5000
2020-11-06 09:30:03.040,4.96,5500
2020-11-06 09:30:03.040,4.96,1500
2020-11-06 09:30:03.040,4.96,100
2020-11-06 09:30:03.040,4.96,1000
2020-11-06 09:30:03.040,4.96,100
2020-11-06 09:30:03.040,4.96,1000
2020-11-06 09:30:03.040,4.96,700
2020-11-06 09:30:03.040,4.96,100
2020-11-06 09:30:03.040,4.959,1000
2020-11-06 09:30:03.040,4.958,4500
2020-11-06 09:30:03.040,4.96,1000
2020-11-06 09:30:03.040,4.96,400
2020-11-06 09:30:03.040,4.96,3400
2020-11-06 09:30:03.170,4.959,10100
2020-11-06 09:30:03.170,4.96,5400
2020-11-06 09:30:03.170,4.96,2500
2020-11-06 09:30:03.170,4.96,500
2020-11-06 09:30:03.170,4.96,20000
2020-11-06 09:30:03.170,4.96,200
2020-11-06 09:30:03.170,4.96,1500
2020-11-06 09:30:03.170,4.96,1500
2020-11-06 09:30:03.170,4.96,300
2020-11-06 09:30:03.170,4.959,3000
2020-11-06 09:30:03.170,4.958,3000
2020-11-06 09:30:03.170,4.959,800
2020-11-06 09:30:03.290,4.959,700
2020-11-06 09:30:03.290,4.959,1400
2020-11-06 09:30:03.290,4.959,3600
2020-11-06 09:30:03.290,4.959,1000
2020-11-06 09:30:03.290,4.959,5400
2020-11-06 09:30:03.290,4.958,34600
2020-11-06 09:30:03.410,4.959,1100
2020-11-06 09:30:03.410,4.958,42800
2020-11-06 09:30:03.520,4.958,500
2020-11-06 09:30:03.520,4.958,3000
2020-11-06 09:30:03.520,4.958,6300
2020-11-06 09:30:03.520,4.958,5000
2020-11-06 09:30:03.640,4.958,600
2020-11-06 09:30:03.640,4.958,5000
2020-11-06 09:30:03.640,4.958,2100
2020-11-06 09:30:03.640,4.959,8000
2020-11-06 09:30:03.760,4.958,5000
2020-11-06 09:30:03.760,4.959,900
2020-11-06 09:30:03.760,4.959,3000
2020-11-06 09:30:03.760,4.959,20000
2020-11-06 09:30:03.760,4.959,5000
2020-11-06 09:30:03.760,4.96,700
2020-11-06 09:30:03.760,4.96,4000
2020-11-06 09:30:03.760,4.959,1000
2020-11-06 09:30:03.760,4.958,1000
2020-11-06 09:30:03.980,4.96,1000
2020-11-06 09:30:04.030,4.959,3900
2020-11-06 09:30:04.030,4.96,1000
2020-11-06 09:30:04.030,4.96,5000
2020-11-06 09:30:04.030,4.96,300
2020-11-06 09:30:04.030,4.96,500
2020-11-06 09:30:04.030,4.96,800
2020-11-06 09:30:04.030,4.96,3000
2020-11-06 09:30:04.030,4.96,15000
2020-11-06 09:30:04.030,4.96,5000
2020-11-06 09:30:04.030,4.96,5000
2020-11-06 09:30:04.030,4.96,1000
2020-11-06 09:30:04.030,4.96,600
2020-11-06 09:30:04.030,4.96,5000
2020-11-06 09:30:04.030,4.96,500
2020-11-06 09:30:04.030,4.96,100
2020-11-06 09:30:04.030,4.96,700
2020-11-06 09:30:04.030,4.96,19900
2020-11-06 09:30:04.030,4.96,1000
2020-11-06 09:30:04.030,4.96,400
2020-11-06 09:30:04.030,4.96,2000
2020-11-06 09:30:04.030,4.961,100
2020-11-06 09:30:04.030,4.961,40900
2020-11-06 09:30:04.030,4.961,5000
2020-11-06 09:30:04.030,4.961,1000
2020-11-06 09:30:04.030,4.961,5000
2020-11-06 09:30:04.030,4.961,2200
2020-11-06 09:30:04.030,4.961,10000
2020-11-06 09:30:04.030,4.962,500
2020-11-06 09:30:04.030,4.962,100
2020-11-06 09:30:04.030,4.962,3000
2020-11-06 09:30:04.030,4.962,2200
2020-11-06 09:30:04.150,4.96,500
2020-11-06 09:30:04.220,4.961,2000
2020-11-06 09:30:04.220,4.961,400
2020-11-06 09:30:04.220,4.961,500
2020-11-06 09:30:04.220,4.96,4500
2020-11-06 09:30:04.220,4.96,8800
2020-11-06 09:30:04.220,4.96,25300
2020-11-06 09:30:04.220,4.959,10000
2020-11-06 09:30:04.330,4.959,500
2020-11-06 09:30:04.330,4.959,11900
2020-11-06 09:30:04.330,4.959,10000
2020-11-06 09:30:04.330,4.959,1100
2020-11-06 09:30:04.330,4.959,500
2020-11-06 09:30:04.330,4.959,10000
2020-11-06 09:30:04.330,4.959,500
2020-11-06 09:30:04.330,4.958,27100
2020-11-06 09:30:04.330,4.958,200
2020-11-06 09:30:04.330,4.958,600
2020-11-06 09:30:04.330,4.958,5000
2020-11-06 09:30:04.330,4.958,2000
2020-11-06 09:30:04.330,4.958,2000
2020-11-06 09:30:04.330,4.958,900
2020-11-06 09:30:04.330,4.958,1000
2020-11-06 09:30:04.330,4.958,400
2020-11-06 09:30:04.330,4.958,200
2020-11-06 09:30:04.330,4.958,3000
2020-11-06 09:30:04.330,4.958,100
2020-11-06 09:30:04.330,4.958,2000
2020-11-06 09:30:04.330,4.958,2000
2020-11-06 09:30:04.330,4.958,50000
2020-11-06 09:30:04.330,4.958,6000
2020-11-06 09:30:04.330,4.958,1000
2020-11-06 09:30:04.330,4.958,100
2020-11-06 09:30:04.330,4.958,1000
2020-11-06 09:30:04.330,4.958,2500
2020-11-06 09:30:04.330,4.958,6100
2020-11-06 09:30:04.330,4.958,100
2020-11-06 09:30:04.330,4.958,1000
2020-11-06 09:30:04.330,4.957,6000
2020-11-06 09:30:04.330,4.957,20000
2020-11-06 09:30:04.330,4.957,31300
2020-11-06 09:30:04.330,4.958,500
2020-11-06 09:30:04.450,4.957,100
2020-11-06 09:30:04.450,4.957,100
2020-11-06 09:30:04.450,4.957,100
2020-11-06 09:30:04.450,4.957,100
2020-11-06 09:30:04.450,4.957,100
2020-11-06 09:30:04.450,4.957,100
2020-11-06 09:30:04.450,4.957,100
2020-11-06 09:30:04.450,4.957,100
2020-11-06 09:30:04.450,4.957,100
2020-11-06 09:30:04.450,4.957,100
2020-11-06 09:30:04.450,4.957,100
2020-11-06 09:30:04.450,4.957,100
2020-11-06 09:30:04.450,4.957,100
2020-11-06 09:30:04.450,4.957,100
2020-11-06 09:30:04.450,4.957,100
2020-11-06 09:30:04.510,4.958,4500
2020-11-06 09:30:04.510,4.958,2000
2020-11-06 09:30:04.510,4.959,3500
2020-11-06 09:30:04.510,4.959,1500
2020-11-06 09:30:04.510,4.957,100
2020-11-06 09:30:04.510,4.957,100
2020-11-06 09:30:04.510,4.957,100
2020-11-06 09:30:04.510,4.957,100
2020-11-06 09:30:04.510,4.957,100
2020-11-06 09:30:04.510,4.957,100
2020-11-06 09:30:04.510,4.957,100
2020-11-06 09:30:04.510,4.957,100
2020-11-06 09:30:04.510,4.957,100
2020-11-06 09:30:04.510,4.957,100
2020-11-06 09:30:04.510,4.957,100
2020-11-06 09:30:04.510,4.957,100
2020-11-06 09:30:04.510,4.958,100
2020-11-06 09:30:04.510,4.958,100
2020-11-06 09:30:04.510,4.958,100
2020-11-06 09:30:04.510,4.958,100
2020-11-06 09:30:04.510,4.958,100
2020-11-06 09:30:04.510,4.958,100
2020-11-06 09:30:04.510,4.958,100
2020-11-06 09:30:04.510,4.958,100
2020-11-06 09:30:04.510,4.958,100
2020-11-06 09:30:04.510,4.958,100
2020-11-06 09:30:04.510,4.958,3000
2020-11-06 09:30:04.580,4.958,100
2020-11-06 09:30:04.580,4.958,100
2020-11-06 09:30:04.580,4.958,100
2020-11-06 09:30:04.580,4.958,100
2020-11-06 09:30:04.580,4.958,100
2020-11-06 09:30:04.580,4.958,100
2020-11-06 09:30:04.580,4.958,100
2020-11-06 09:30:04.580,4.958,100
2020-11-06 09:30:04.580,4.958,100
2020-11-06 09:30:04.580,4.958,100
2020-11-06 09:30:04.580,4.958,100
2020-11-06 09:30:04.580,4.958,100
2020-11-06 09:30:04.580,4.958,100
2020-11-06 09:30:04.580,4.958,100
2020-11-06 09:30:04.580,4.958,100
2020-11-06 09:30:04.580,4.958,100
2020-11-06 09:30:04.580,4.958,100
2020-11-06 09:30:04.580,4.958,100
2020-11-06 09:30:04.580,4.958,100
2020-11-06 09:30:04.580,4.958,100
2020-11-06 09:30:04.580,4.958,100
2020-11-06 09:30:04.580,4.958,100
2020-11-06 09:30:04.580,4.958,100
2020-11-06 09:30:04.580,4.958,100
2020-11-06 09:30:04.580,4.958,100
2020-11-06 09:30:04.580,4.958,100
2020-11-06 09:30:04.580,4.958,100
2020-11-06 09:30:04.580,4.958,100
2020-11-06 09:30:04.580,4.958,100
2020-11-06 09:30:04.580,4.958,100
2020-11-06 09:30:04.580,4.958,100
2020-11-06 09:30:04.580,4.958,100
2020-11-06 09:30:04.580,4.958,100
2020-11-06 09:30:04.580,4.958,100
2020-11-06 09:30:04.580,4.958,10000
2020-11-06 09:30:04.580,4.959,4200
2020-11-06 09:30:04.580,4.958,7400
2020-11-06 09:30:04.580,4.958,100
2020-11-06 09:30:04.580,4.958,100
2020-11-06 09:30:04.580,4.958,100
2020-11-06 09:30:04.580,4.958,100
2020-11-06 09:30:04.580,4.958,100
2020-11-06 09:30:04.580,4.958,100
2020-11-06 09:30:04.580,4.958,100
2020-11-06 09:30:04.580,4.958,100
2020-11-06 09:30:04.580,4.958,100
2020-11-06 09:30:04.580,4.958,100
2020-11-06 09:30:04.580,4.958,100
2020-11-06 09:30:04.580,4.958,100
2020-11-06 09:30:04.580,4.958,100
2020-11-06 09:30:04.580,4.958,100
2020-11-06 09:30:04.580,4.958,100
2020-11-06 09:30:04.580,4.958,100
2020-11-06 09:30:04.580,4.958,100
2020-11-06 09:30:04.580,4.958,100
2020-11-06 09:30:04.580,4.958,100
2020-11-06 09:30:04.580,4.958,100
2020-11-06 09:30:04.580,4.958,100
2020-11-06 09:30:04.580,4.958,100
2020-11-06 09:30:04.580,4.958,100
2020-11-06 09:30:04.580,4.958,100
2020-11-06 09:30:04.580,4.958,100
2020-11-06 09:30:04.580,4.958,100
2020-11-06 09:30:04.580,4.958,100
2020-11-06 09:30:04.580,4.958,100
2020-11-06 09:30:04.580,4.958,100
2020-11-06 09:30:04.580,4.958,100
2020-11-06 09:30:04.580,4.958,100
2020-11-06 09:30:04.580,4.958,100
2020-11-06 09:30:04.580,4.958,100
2020-11-06 09:30:04.580,4.958,100
2020-11-06 09:30:04.580,4.958,100
2020-11-06 09:30:04.580,4.958,100
2020-11-06 09:30:04.580,4.958,100
2020-11-06 09:30:04.580,4.958,100
2020-11-06 09:30:04.580,4.958,100
2020-11-06 09:30:04.580,4.958,100
2020-11-06 09:30:04.580,4.958,100
2020-11-06 09:30:04.580,4.958,100
2020-11-06 09:30:04.580,4.958,100
2020-11-06 09:30:04.580,4.958,100
2020-11-06 09:30:04.580,4.958,100
2020-11-06 09:30:04.580,4.958,100
2020-11-06 09:30:04.580,4.958,100
2020-11-06 09:30:04.580,4.958,100
2020-11-06 09:30:04.710,4.958,100
2020-11-06 09:30:04.710,4.958,100
2020-11-06 09:30:04.710,4.958,100
2020-11-06 09:30:04.710,4.958,100
2020-11-06 09:30:04.710,4.958,100
2020-11-06 09:30:04.710,4.958,100
2020-11-06 09:30:04.710,4.958,100
2020-11-06 09:30:04.710,4.958,100
2020-11-06 09:30:04.710,4.958,100
2020-11-06 09:30:04.710,4.958,100
2020-11-06 09:30:04.710,4.958,100
2020-11-06 09:30:04.710,4.958,100
2020-11-06 09:30:04.710,4.958,100
2020-11-06 09:30:04.710,4.958,100
2020-11-06 09:30:04.710,4.958,100
2020-11-06 09:30:04.710,4.958,100
2020-11-06 09:30:04.710,4.958,100
2020-11-06 09:30:04.710,4.958,100
2020-11-06 09:30:04.710,4.958,100
2020-11-06 09:30:04.710,4.958,100
2020-11-06 09:30:04.710,4.958,100
2020-11-06 09:30:04.710,4.958,100
2020-11-06 09:30:04.710,4.958,100
2020-11-06 09:30:04.710,4.958,100
2020-11-06 09:30:04.710,4.958,100
2020-11-06 09:30:04.710,4.958,100
2020-11-06 09:30:04.710,4.958,100
2020-11-06 09:30:04.710,4.958,100
2020-11-06 09:30:04.710,4.958,100
2020-11-06 09:30:04.710,4.958,100
2020-11-06 09:30:04.710,4.958,100
2020-11-06 09:30:04.710,4.958,100
2020-11-06 09:30:04.710,4.958,100
2020-11-06 09:30:04.710,4.958,100
2020-11-06 09:30:04.710,4.958,100
2020-11-06 09:30:04.710,4.958,100
2020-11-06 09:30:04.710,4.958,100
2020-11-06 09:30:04.710,4.958,100
2020-11-06 09:30:04.710,4.958,100
2020-11-06 09:30:04.710,4.958,100
2020-11-06 09:30:04.710,4.958,100
2020-11-06 09:30:04.710,4.958,100
2020-11-06 09:30:04.710,4.958,100
2020-11-06 09:30:04.710,4.958,100
2020-11-06 09:30:04.710,4.958,100
2020-11-06 09:30:04.710,4.958,100
2020-11-06 09:30:04.710,4.958,100
2020-11-06 09:30:04.710,4.958,100
2020-11-06 09:30:04.710,4.958,100
2020-11-06 09:30:04.710,4.958,100
2020-11-06 09:30:04.710,4.958,100
2020-11-06 09:30:04.830,4.958,100
2020-11-06 09:30:04.830,4.958,100
2020-11-06 09:30:04.830,4.958,100
2020-11-06 09:30:04.830,4.958,100
2020-11-06 09:30:04.830,4.958,100
2020-11-06 09:30:04.830,4.958,100
2020-11-06 09:30:04.830,4.958,100
2020-11-06 09:30:04.830,4.958,100
2020-11-06 09:30:04.830,4.958,100
2020-11-06 09:30:04.830,4.958,100
2020-11-06 09:30:04.830,4.958,100
2020-11-06 09:30:04.830,4.958,100
2020-11-06 09:30:04.830,4.958,100
2020-11-06 09:30:04.830,4.958,100
2020-11-06 09:30:04.830,4.958,100
2020-11-06 09:30:04.830,4.958,100
2020-11-06 09:30:04.830,4.958,100
2020-11-06 09:30:04.830,4.958,100
2020-11-06 09:30:04.830,4.958,100
2020-11-06 09:30:04.830,4.959,8700
2020-11-06 09:30:04.830,4.958,100
2020-11-06 09:30:04.830,4.958,100
2020-11-06 09:30:04.830,4.958,100
2020-11-06 09:30:04.830,4.958,100
2020-11-06 09:30:04.830,4.958,100
2020-11-06 09:30:04.830,4.958,100
2020-11-06 09:30:04.830,4.958,100
2020-11-06 09:30:04.830,4.958,100
2020-11-06 09:30:04.830,4.958,100
2020-11-06 09:30:04.830,4.958,100
2020-11-06 09:30:04.830,4.958,100
2020-11-06 09:30:04.830,4.958,10000
2020-11-06 09:30:04.830,4.958,20000
2020-11-06 09:30:04.830,4.958,1000
2020-11-06 09:30:04.830,4.958,700
2020-11-06 09:30:04.830,4.959,2300
2020-11-06 09:30:04.830,4.959,900
2020-11-06 09:30:04.830,4.959,900
2020-11-06 09:30:04.950,4.959,5900
2020-11-06 09:30:04.950,4.959,10800
2020-11-06 09:30:05.070,4.959,2400
2020-11-06 09:30:05.070,4.959,5000
2020-11-06 09:30:05.070,4.959,2500
2020-11-06 09:30:05.200,4.959,10100
2020-11-06 09:30:05.200,4.958,100
2020-11-06 09:30:05.200,4.958,4500
2020-11-06 09:30:05.200,4.959,2300
2020-11-06 09:30:05.200,4.958,10000
2020-11-06 09:30:05.310,4.959,8400
2020-11-06 09:30:05.310,4.959,400
2020-11-06 09:30:05.310,4.959,1000
2020-11-06 09:30:05.310,4.958,1800
2020-11-06 09:30:05.490,4.958,10000
2020-11-06 09:30:05.580,4.958,2700
2020-11-06 09:30:05.580,4.958,30000
2020-11-06 09:30:05.580,4.958,2100
2020-11-06 09:30:05.580,4.958,2400
2020-11-06 09:30:05.700,4.958,100
2020-11-06 09:30:05.700,4.959,3000
2020-11-06 09:30:05.700,4.959,100
2020-11-06 09:30:05.700,4.959,8000
2020-11-06 09:30:05.700,4.959,4000
2020-11-06 09:30:05.700,4.959,9900
2020-11-06 09:30:05.800,4.958,4500
2020-11-06 09:30:05.800,4.958,400
2020-11-06 09:30:05.800,4.958,4000
2020-11-06 09:30:05.970,4.959,1000
2020-11-06 09:30:05.970,4.959,62200
2020-11-06 09:30:05.970,4.959,2000
2020-11-06 09:30:05.970,4.959,6200
2020-11-06 09:30:05.970,4.958,500
2020-11-06 09:30:06.090,4.959,2300
2020-11-06 09:30:06.090,4.959,200
2020-11-06 09:30:06.260,4.958,5000
2020-11-06 09:30:06.260,4.958,500
2020-11-06 09:30:06.260,4.958,100
2020-11-06 09:30:06.260,4.959,1000
2020-11-06 09:30:06.380,4.959,15200
2020-11-06 09:30:06.380,4.959,5000
2020-11-06 09:30:06.380,4.959,1000
2020-11-06 09:30:06.380,4.959,400
2020-11-06 09:30:06.380,4.959,1000
2020-11-06 09:30:06.380,4.959,200
2020-11-06 09:30:06.380,4.959,5300
2020-11-06 09:30:06.380,4.96,10600
2020-11-06 09:30:06.380,4.96,1000
2020-11-06 09:30:06.380,4.96,1000
2020-11-06 09:30:06.380,4.96,4000
2020-11-06 09:30:06.380,4.96,600
2020-11-06 09:30:06.380,4.96,2000
2020-11-06 09:30:06.380,4.96,20000
2020-11-06 09:30:06.380,4.96,100
2020-11-06 09:30:06.380,4.96,2500
2020-11-06 09:30:06.380,4.96,500
2020-11-06 09:30:06.380,4.96,2000
2020-11-06 09:30:06.380,4.96,1000
2020-11-06 09:30:06.380,4.96,100
2020-11-06 09:30:06.380,4.96,2500
2020-11-06 09:30:06.380,4.96,400
2020-11-06 09:30:06.380,4.96,103600
2020-11-06 09:30:06.380,4.958,1800
2020-11-06 09:30:06.380,4.958,1800
2020-11-06 09:30:06.560,4.959,3000
2020-11-06 09:30:06.560,4.958,1200
2020-11-06 09:30:06.920,4.959,1000
2020-11-06 09:30:06.920,4.959,4000
2020-11-06 09:30:06.920,4.958,1500
2020-11-06 09:30:06.920,4.959,200
2020-11-06 09:30:07.020,4.959,1000
2020-11-06 09:30:07.020,4.958,100
2020-11-06 09:30:07.020,4.958,3400
2020-11-06 09:30:07.020,4.958,2000
2020-11-06 09:30:07.020,4.958,4400
2020-11-06 09:30:07.020,4.959,14800
2020-11-06 09:30:07.020,4.959,8400
2020-11-06 09:30:07.020,4.959,100
2020-11-06 09:30:07.020,4.959,300
2020-11-06 09:30:07.080,4.959,500
2020-11-06 09:30:07.290,4.959,200
2020-11-06 09:30:07.290,4.959,1000
2020-11-06 09:30:07.290,4.959,1000
2020-11-06 09:30:07.330,4.959,100
2020-11-06 09:30:07.330,4.959,600
2020-11-06 09:30:07.410,4.959,3500
2020-11-06 09:30:07.410,4.96,8000
2020-11-06 09:30:07.580,4.959,10700
2020-11-06 09:30:07.580,4.958,800
2020-11-06 09:30:07.640,4.958,400
2020-11-06 09:30:07.640,4.958,2300
2020-11-06 09:30:07.640,4.958,3100
2020-11-06 09:30:07.640,4.958,5000
2020-11-06 09:30:07.700,4.958,500
2020-11-06 09:30:07.760,4.958,300
2020-11-06 09:30:08.050,4.959,100
2020-11-06 09:30:08.050,4.959,299900
2020-11-06 09:30:08.210,4.959,6200
2020-11-06 09:30:08.910,4.958,1800
2020-11-06 09:30:09.570,4.959,1000
2020-11-06 09:30:10.040,4.958,58900
2020-11-06 09:30:10.070,4.958,1600
2020-11-06 09:30:10.340,4.958,73100
2020-11-06 09:30:10.340,4.958,100
2020-11-06 09:30:10.340,4.958,300
2020-11-06 09:30:10.340,4.958,126500
2020-11-06 09:30:10.380,4.958,5200
2020-11-06 09:30:10.560,4.958,7900
2020-11-06 09:30:10.560,4.958,300
2020-11-06 09:30:10.560,4.958,1800
2020-11-06 09:30:10.820,4.958,200
2020-11-06 09:30:11.010,4.959,1000
2020-11-06 09:30:11.420,4.958,500
2020-11-06 09:30:11.730,4.958,10800
2020-11-06 09:30:11.730,4.958,4000
2020-11-06 09:30:11.730,4.958,5600
2020-11-06 09:30:12.730,4.958,8500
2020-11-06 09:30:12.920,4.958,25900
2020-11-06 09:30:12.920,4.958,600
2020-11-06 09:30:12.920,4.958,200
2020-11-06 09:30:12.920,4.958,200
2020-11-06 09:30:12.920,4.958,2900
2020-11-06 09:30:12.920,4.958,300
2020-11-06 09:30:12.920,4.958,100
2020-11-06 09:30:12.920,4.958,200
2020-11-06 09:30:12.920,4.958,2000
2020-11-06 09:30:12.920,4.958,500
2020-11-06 09:30:12.920,4.958,500
2020-11-06 09:30:12.920,4.958,900
2020-11-06 09:30:12.920,4.958,500
2020-11-06 09:30:12.920,4.958,1000
2020-11-06 09:30:12.920,4.958,7500
2020-11-06 09:30:12.920,4.958,500
2020-11-06 09:30:12.920,4.958,2300
2020-11-06 09:30:12.920,4.958,300
2020-11-06 09:30:12.920,4.958,100
2020-11-06 09:30:12.920,4.958,1000
2020-11-06 09:30:12.920,4.958,500
2020-11-06 09:30:12.920,4.958,200
2020-11-06 09:30:12.920,4.958,1000
2020-11-06 09:30:13.180,4.958,1100
2020-11-06 09:30:13.710,4.958,7700
2020-11-06 09:30:14.070,4.958,15000
2020-11-06 09:30:14.250,4.958,200
2020-11-06 09:30:14.980,4.957,100
2020-11-06 09:30:14.980,4.957,100
2020-11-06 09:30:14.980,4.957,60000
2020-11-06 09:30:14.980,4.957,1000
2020-11-06 09:30:14.980,4.957,10000
2020-11-06 09:30:14.980,4.957,100
2020-11-06 09:30:15.690,4.956,10000
2020-11-06 09:30:15.690,4.956,4100
2020-11-06 09:30:15.690,4.956,800
2020-11-06 09:30:15.690,4.956,100
2020-11-06 09:30:15.690,4.956,100
2020-11-06 09:30:15.940,4.955,10000
2020-11-06 09:30:15.940,4.955,300
2020-11-06 09:30:16.000,4.955,6000
2020-11-06 09:30:16.640,4.954,2300
2020-11-06 09:30:16.700,4.953,5000
2020-11-06 09:30:16.700,4.953,1000
2020-11-06 09:30:16.700,4.953,1000
2020-11-06 09:30:16.700,4.953,3000
2020-11-06 09:30:16.700,4.953,100
2020-11-06 09:30:16.700,4.952,11100
2020-11-06 09:30:17.520,4.953,100
2020-11-06 09:30:17.520,4.954,2100
2020-11-06 09:30:18.710,4.954,10500
2020-11-06 09:30:19.280,4.954,4600
2020-11-06 09:30:20.330,4.954,500
2020-11-06 09:30:21.130,4.954,30000
2020-11-06 09:30:21.410,4.952,18000
2020-11-06 09:30:21.410,4.952,600
2020-11-06 09:30:21.410,4.952,201400
2020-11-06 09:30:21.800,4.952,16500
2020-11-06 09:30:21.800,4.952,5000
2020-11-06 09:30:21.800,4.952,100
2020-11-06 09:30:21.800,4.952,5000
2020-11-06 09:30:22.340,4.952,1200
2020-11-06 09:30:23.950,4.951,5000
2020-11-06 09:30:23.950,4.951,3100
2020-11-06 09:30:23.950,4.95,5000
2020-11-06 09:30:23.950,4.95,300
2020-11-06 09:30:23.950,4.95,6600
2020-11-06 09:30:25.470,4.95,3400
2020-11-06 09:30:25.470,4.95,9100
2020-11-06 09:30:26.160,4.95,10900
2020-11-06 09:30:26.160,4.95,100
2020-11-06 09:30:26.160,4.95,100
2020-11-06 09:30:26.160,4.95,400
2020-11-06 09:30:26.160,4.95,9000
2020-11-06 09:30:26.160,4.95,39000
2020-11-06 09:30:26.160,4.95,100000
2020-11-06 09:30:26.160,4.95,200
2020-11-06 09:30:26.160,4.95,1000
2020-11-06 09:30:26.160,4.95,1100
2020-11-06 09:30:26.880,4.95,1900
2020-11-06 09:30:26.880,4.95,200
2020-11-06 09:30:26.880,4.95,10000
2020-11-06 09:30:26.880,4.95,200
2020-11-06 09:30:26.880,4.95,5000
2020-11-06 09:30:26.880,4.95,2000
2020-11-06 09:30:26.880,4.95,2300
2020-11-06 09:30:26.880,4.95,500
2020-11-06 09:30:26.880,4.95,10000
2020-11-06 09:30:26.880,4.949,1800
2020-11-06 09:30:26.880,4.949,3000
2020-11-06 09:30:26.880,4.949,100
2020-11-06 09:30:26.880,4.949,100
2020-11-06 09:30:26.880,4.949,100
2020-11-06 09:30:26.880,4.949,100
2020-11-06 09:30:26.880,4.949,200
2020-11-06 09:30:26.880,4.949,2500
2020-11-06 09:30:26.970,4.951,5500
2020-11-06 09:30:26.970,4.951,3000
2020-11-06 09:30:27.130,4.952,2000
2020-11-06 09:30:27.130,4.952,12700
2020-11-06 09:30:27.470,4.951,5000
2020-11-06 09:30:27.470,4.951,133400
2020-11-06 09:30:27.470,4.951,25200
2020-11-06 09:30:27.470,4.949,2500
2020-11-06 09:30:27.470,4.949,100
2020-11-06 09:30:27.470,4.949,400
2020-11-06 09:30:27.470,4.949,400
2020-11-06 09:30:27.470,4.949,1500
2020-11-06 09:30:27.470,4.949,100
2020-11-06 09:30:27.470,4.949,200
2020-11-06 09:30:27.470,4.949,200
2020-11-06 09:30:27.470,4.949,500
2020-11-06 09:30:27.470,4.949,100
2020-11-06 09:30:27.470,4.949,3000
2020-11-06 09:30:27.470,4.949,200
2020-11-06 09:30:27.470,4.949,1000
2020-11-06 09:30:27.470,4.949,200
2020-11-06 09:30:27.470,4.949,100
2020-11-06 09:30:27.470,4.949,100
2020-11-06 09:30:27.470,4.949,200
2020-11-06 09:30:27.470,4.949,4000
2020-11-06 09:30:27.470,4.949,2000
2020-11-06 09:30:27.470,4.949,9000
2020-11-06 09:30:27.470,4.949,600
2020-11-06 09:30:27.470,4.949,200
2020-11-06 09:30:27.470,4.949,100
2020-11-06 09:30:27.470,4.949,200
2020-11-06 09:30:27.470,4.949,1000
2020-11-06 09:30:27.470,4.949,100
2020-11-06 09:30:27.470,4.949,300
2020-11-06 09:30:27.470,4.949,100
2020-11-06 09:30:27.470,4.949,200
2020-11-06 09:30:27.470,4.949,100
2020-11-06 09:30:27.470,4.949,100
2020-11-06 09:30:27.470,4.949,400
2020-11-06 09:30:27.470,4.949,800
2020-11-06 09:30:27.470,4.949,200
2020-11-06 09:30:27.470,4.949,200
2020-11-06 09:30:27.470,4.949,1000
2020-11-06 09:30:27.470,4.949,1000
2020-11-06 09:30:27.470,4.949,100
2020-11-06 09:30:27.470,4.949,1000
2020-11-06 09:30:27.470,4.949,100
2020-11-06 09:30:27.470,4.949,1000
2020-11-06 09:30:27.470,4.949,100
2020-11-06 09:30:27.470,4.949,100
2020-11-06 09:30:27.470,4.949,400
2020-11-06 09:30:27.470,4.949,400
2020-11-06 09:30:27.470,4.949,100
2020-11-06 09:30:27.470,4.949,200
2020-11-06 09:30:27.470,4.949,100
2020-11-06 09:30:27.470,4.949,200
2020-11-06 09:30:27.470,4.949,200
2020-11-06 09:30:27.470,4.949,100
2020-11-06 09:30:27.470,4.949,100
2020-11-06 09:30:27.470,4.949,200
2020-11-06 09:30:27.470,4.949,400
2020-11-06 09:30:27.470,4.949,200
2020-11-06 09:30:27.470,4.949,100
2020-11-06 09:30:27.470,4.949,200
2020-11-06 09:30:27.470,4.949,100
2020-11-06 09:30:27.470,4.949,2000
2020-11-06 09:30:27.470,4.949,400
2020-11-06 09:30:27.470,4.949,200
2020-11-06 09:30:27.470,4.949,100
2020-11-06 09:30:27.470,4.949,300
2020-11-06 09:30:27.470,4.949,1000
2020-11-06 09:30:27.470,4.949,100
2020-11-06 09:30:27.470,4.949,1000
2020-11-06 09:30:27.470,4.949,200
2020-11-06 09:30:27.470,4.949,200
2020-11-06 09:30:27.470,4.949,100
2020-11-06 09:30:27.470,4.949,200
2020-11-06 09:30:27.470,4.949,400
2020-11-06 09:30:27.470,4.949,300
2020-11-06 09:30:27.730,4.95,100
2020-11-06 09:30:28.350,4.95,4900
2020-11-06 09:30:28.610,4.95,12000
2020-11-06 09:30:28.800,4.95,47900
2020-11-06 09:30:29.010,4.949,100
2020-11-06 09:30:29.010,4.949,400
2020-11-06 09:30:29.010,4.949,200
2020-11-06 09:30:29.420,4.95,100
2020-11-06 09:30:29.720,4.95,2400
2020-11-06 09:30:29.720,4.95,16600
2020-11-06 09:30:30.000,4.951,100
2020-11-06 09:30:30.250,4.951,10000
2020-11-06 09:30:31.280,4.951,700
2020-11-06 09:30:31.280,4.951,56100
2020-11-06 09:30:31.440,4.949,100
2020-11-06 09:30:31.440,4.949,2200
2020-11-06 09:30:31.440,4.949,1000
2020-11-06 09:30:32.220,4.951,21700
2020-11-06 09:30:32.220,4.951,8300
2020-11-06 09:30:32.320,4.949,100
2020-11-06 09:30:33.070,4.95,20000
2020-11-06 09:30:33.100,4.95,1300
2020-11-06 09:30:33.660,4.95,100
2020-11-06 09:30:33.880,4.949,3700
2020-11-06 09:30:35.310,4.949,6000
2020-11-06 09:30:35.630,4.95,4000
2020-11-06 09:30:36.000,4.949,9200
2020-11-06 09:30:36.000,4.949,5000
2020-11-06 09:30:36.000,4.949,100
2020-11-06 09:30:36.000,4.949,300
2020-11-06 09:30:36.000,4.949,100
2020-11-06 09:30:36.000,4.949,100
2020-11-06 09:30:36.000,4.949,200
2020-11-06 09:30:36.000,4.949,100
2020-11-06 09:30:36.000,4.949,1000
2020-11-06 09:30:36.000,4.949,100
2020-11-06 09:30:36.000,4.949,100
2020-11-06 09:30:36.000,4.949,200
2020-11-06 09:30:36.000,4.949,3500
2020-11-06 09:30:36.170,4.949,4500
2020-11-06 09:30:36.170,4.949,100
2020-11-06 09:30:36.170,4.949,3000
2020-11-06 09:30:36.170,4.949,100
2020-11-06 09:30:36.170,4.949,200
2020-11-06 09:30:36.170,4.949,2000
2020-11-06 09:30:36.170,4.949,300
2020-11-06 09:30:36.170,4.949,5000
2020-11-06 09:30:36.170,4.949,2000
2020-11-06 09:30:36.170,4.949,200
2020-11-06 09:30:36.170,4.949,100
2020-11-06 09:30:36.170,4.949,200
2020-11-06 09:30:36.170,4.949,4000
2020-11-06 09:30:36.170,4.949,100
2020-11-06 09:30:36.170,4.949,606500
2020-11-06 09:30:36.170,4.949,10000
2020-11-06 09:30:36.170,4.949,100
2020-11-06 09:30:36.170,4.949,200
2020-11-06 09:30:36.170,4.949,100
2020-11-06 09:30:36.170,4.949,1000
2020-11-06 09:30:36.170,4.949,200
2020-11-06 09:30:36.170,4.949,100
2020-11-06 09:30:36.170,4.949,300
2020-11-06 09:30:36.170,4.949,12900
2020-11-06 09:30:36.170,4.949,300
2020-11-06 09:30:36.170,4.949,50000
2020-11-06 09:30:36.170,4.949,200
2020-11-06 09:30:36.170,4.949,10000
2020-11-06 09:30:36.170,4.949,2000
2020-11-06 09:30:36.170,4.949,200
2020-11-06 09:30:36.170,4.949,10000
2020-11-06 09:30:36.170,4.949,300
2020-11-06 09:30:36.170,4.949,100
2020-11-06 09:30:36.170,4.949,3000
2020-11-06 09:30:36.170,4.949,500
2020-11-06 09:30:36.170,4.949,400
2020-11-06 09:30:36.170,4.949,20700
2020-11-06 09:30:36.170,4.949,100
2020-11-06 09:30:36.170,4.949,20000
2020-11-06 09:30:36.170,4.949,3000
2020-11-06 09:30:36.170,4.949,2500
2020-11-06 09:30:36.170,4.949,10000
2020-11-06 09:30:36.710,4.949,40000
2020-11-06 09:30:38.480,4.949,5000
2020-11-06 09:30:38.480,4.949,4300
2020-11-06 09:30:38.480,4.949,200
2020-11-06 09:30:38.480,4.949,5500
2020-11-06 09:30:38.630,4.949,500
2020-11-06 09:30:40.480,4.949,100
2020-11-06 09:30:41.090,4.949,800
2020-11-06 09:30:41.310,4.949,200
2020-11-06 09:30:41.710,4.948,400
2020-11-06 09:30:41.710,4.948,100
2020-11-06 09:30:41.710,4.948,100
2020-11-06 09:30:41.710,4.948,300
2020-11-06 09:30:41.710,4.948,100
2020-11-06 09:30:41.710,4.948,100
2020-11-06 09:30:41.710,4.948,2100
2020-11-06 09:30:41.710,4.948,1300
2020-11-06 09:30:41.710,4.948,300
2020-11-06 09:30:41.710,4.948,200
2020-11-06 09:30:42.720,4.948,800
2020-11-06 09:30:42.720,4.948,100
2020-11-06 09:30:42.720,4.948,200
2020-11-06 09:30:42.720,4.948,500
2020-11-06 09:30:42.720,4.948,300
2020-11-06 09:30:42.720,4.948,200
2020-11-06 09:30:42.720,4.948,2900
2020-11-06 09:30:42.810,4.949,5600
2020-11-06 09:30:42.980,4.948,5000
2020-11-06 09:30:43.450,4.949,18200
2020-11-06 09:30:44.190,4.948,3000
2020-11-06 09:30:45.150,4.948,700
2020-11-06 09:30:45.260,4.949,6600
2020-11-06 09:30:45.470,4.949,100
2020-11-06 09:30:45.530,4.948,10000
2020-11-06 09:30:46.030,4.949,2000
2020-11-06 09:30:46.870,4.949,200
2020-11-06 09:30:46.940,4.948,100
2020-11-06 09:30:47.220,4.949,10000
2020-11-06 09:30:47.900,4.949,85200
2020-11-06 09:30:48.110,4.949,1000
2020-11-06 09:30:48.410,4.948,400
2020-11-06 09:30:48.410,4.949,100000
2020-11-06 09:30:48.860,4.948,7900
2020-11-06 09:30:48.860,4.948,100
2020-11-06 09:30:49.320,4.948,200
2020-11-06 09:30:49.320,4.948,200
2020-11-06 09:30:49.320,4.948,500
2020-11-06 09:30:49.320,4.948,100
2020-11-06 09:30:49.320,4.948,100
2020-11-06 09:30:49.320,4.948,300
2020-11-06 09:30:49.320,4.948,100
2020-11-06 09:30:49.320,4.948,1000
2020-11-06 09:30:49.320,4.948,20000
2020-11-06 09:30:49.320,4.948,200
2020-11-06 09:30:49.320,4.948,400
2020-11-06 09:30:49.320,4.948,200
2020-11-06 09:30:49.320,4.948,2000
2020-11-06 09:30:49.320,4.948,200
2020-11-06 09:30:49.320,4.948,100
2020-11-06 09:30:49.320,4.948,400
2020-11-06 09:30:49.320,4.948,100
2020-11-06 09:30:49.320,4.948,100
2020-11-06 09:30:49.320,4.948,100
2020-11-06 09:30:49.320,4.948,100
2020-11-06 09:30:49.320,4.948,100
2020-11-06 09:30:49.320,4.948,1800
2020-11-06 09:30:49.320,4.948,100
2020-11-06 09:30:49.320,4.948,200
2020-11-06 09:30:49.320,4.948,100
2020-11-06 09:30:49.320,4.948,100
2020-11-06 09:30:49.320,4.948,100
2020-11-06 09:30:49.320,4.948,600
2020-11-06 09:30:49.320,4.948,200
2020-11-06 09:30:49.320,4.948,1000
2020-11-06 09:30:49.320,4.948,200
2020-11-06 09:30:49.320,4.948,100
2020-11-06 09:30:49.320,4.948,1000
2020-11-06 09:30:49.320,4.948,100
2020-11-06 09:30:49.320,4.948,200
2020-11-06 09:30:49.320,4.948,500
2020-11-06 09:30:49.320,4.948,8100
2020-11-06 09:30:49.320,4.948,200
2020-11-06 09:30:49.320,4.948,1000
2020-11-06 09:30:49.320,4.948,100
2020-11-06 09:30:49.320,4.948,9700
2020-11-06 09:30:49.320,4.948,500
2020-11-06 09:30:49.320,4.948,100
2020-11-06 09:30:49.320,4.948,100
2020-11-06 09:30:49.320,4.948,100
2020-11-06 09:30:49.320,4.948,100
2020-11-06 09:30:49.320,4.948,100
2020-11-06 09:30:49.320,4.948,1400
2020-11-06 09:30:49.320,4.948,100
2020-11-06 09:30:49.320,4.948,500
2020-11-06 09:30:49.320,4.948,100
2020-11-06 09:30:49.320,4.948,100
2020-11-06 09:30:49.320,4.948,400
2020-11-06 09:30:49.320,4.948,100
2020-11-06 09:30:49.320,4.948,100
2020-11-06 09:30:49.320,4.948,5100
2020-11-06 09:30:49.320,4.948,100
2020-11-06 09:30:49.320,4.948,200
2020-11-06 09:30:49.320,4.948,200
2020-11-06 09:30:49.320,4.948,200
2020-11-06 09:30:49.320,4.948,100
2020-11-06 09:30:49.320,4.948,1000
2020-11-06 09:30:49.320,4.948,100
2020-11-06 09:30:49.320,4.948,900
2020-11-06 09:30:49.320,4.948,200
2020-11-06 09:30:49.320,4.948,200
2020-11-06 09:30:49.320,4.948,1300
2020-11-06 09:30:49.320,4.948,200
2020-11-06 09:30:49.320,4.948,1000
2020-11-06 09:30:49.320,4.948,100
2020-11-06 09:30:49.320,4.948,100
2020-11-06 09:30:49.320,4.948,10000
2020-11-06 09:30:49.320,4.948,100
2020-11-06 09:30:49.320,4.948,1000
2020-11-06 09:30:49.320,4.948,2200
2020-11-06 09:30:49.320,4.948,400
2020-11-06 09:30:49.320,4.948,100
2020-11-06 09:30:49.320,4.948,100
2020-11-06 09:30:49.320,4.948,800
2020-11-06 09:30:49.320,4.948,100
2020-11-06 09:30:49.320,4.948,100
2020-11-06 09:30:49.320,4.948,1500
2020-11-06 09:30:49.320,4.948,500
2020-11-06 09:30:49.320,4.948,100
2020-11-06 09:30:49.320,4.948,10000
2020-11-06 09:30:49.320,4.948,100
2020-11-06 09:30:49.320,4.948,10000
2020-11-06 09:30:49.320,4.948,5000
2020-11-06 09:30:49.320,4.948,500
2020-11-06 09:30:49.320,4.948,500
2020-11-06 09:30:49.320,4.948,40000
2020-11-06 09:30:49.530,4.948,300
2020-11-06 09:30:50.410,4.948,8100
2020-11-06 09:30:51.050,4.948,8100
2020-11-06 09:30:51.090,4.948,500
2020-11-06 09:30:52.460,4.947,1000
2020-11-06 09:30:52.460,4.947,100
2020-11-06 09:30:52.460,4.947,200
2020-11-06 09:30:52.460,4.947,3000
2020-11-06 09:30:52.460,4.947,3200
2020-11-06 09:30:53.840,4.948,1700
2020-11-06 09:30:54.140,4.947,10000
2020-11-06 09:30:54.340,4.948,181500
2020-11-06 09:30:54.340,4.948,100
2020-11-06 09:30:54.340,4.948,118400
2020-11-06 09:30:54.750,4.948,81600
2020-11-06 09:30:54.750,4.948,10000
2020-11-06 09:30:54.750,4.948,16400
2020-11-06 09:30:54.750,4.948,300
2020-11-06 09:30:54.750,4.948,5000
2020-11-06 09:30:54.750,4.948,4000
2020-11-06 09:30:54.900,4.948,1900
2020-11-06 09:30:55.000,4.948,1000
2020-11-06 09:30:55.840,4.949,8200
2020-11-06 09:30:56.210,4.949,100
2020-11-06 09:30:56.780,4.949,55700
2020-11-06 09:30:56.780,4.949,3000
2020-11-06 09:30:56.780,4.949,500
2020-11-06 09:30:56.780,4.949,4000
2020-11-06 09:30:56.780,4.949,500
2020-11-06 09:30:56.780,4.949,500
2020-11-06 09:30:56.780,4.949,800
2020-11-06 09:30:56.780,4.949,1000
2020-11-06 09:30:56.810,4.95,74600
2020-11-06 09:30:56.810,4.95,200
2020-11-06 09:30:56.810,4.95,6400
2020-11-06 09:30:56.810,4.95,81500
2020-11-06 09:30:56.810,4.95,5000
2020-11-06 09:30:56.810,4.95,100
2020-11-06 09:30:56.810,4.95,2300
2020-11-06 09:30:56.810,4.95,5000
2020-11-06 09:30:56.810,4.95,5000
2020-11-06 09:30:56.810,4.95,5000
2020-11-06 09:30:56.810,4.95,400
2020-11-06 09:30:57.380,4.95,1200
2020-11-06 09:30:57.610,4.95,1000
2020-11-06 09:30:57.640,4.95,10000
2020-11-06 09:30:57.640,4.95,10000
2020-11-06 09:30:57.880,4.949,20000
2020-11-06 09:30:57.980,4.951,3400
2020-11-06 09:30:57.980,4.951,5000
2020-11-06 09:30:57.980,4.951,1000
2020-11-06 09:30:57.980,4.951,1000
2020-11-06 09:30:57.980,4.952,2800
2020-11-06 09:30:57.980,4.952,10000
2020-11-06 09:30:57.980,4.952,400
2020-11-06 09:30:57.980,4.952,1900
2020-11-06 09:30:57.980,4.952,2000
2020-11-06 09:30:58.470,4.952,100
2020-11-06 09:30:59.010,4.952,1600
2020-11-06 09:30:59.510,4.952,100
2020-11-06 09:30:59.720,4.952,8400
2020-11-06 09:30:59.820,4.952,1700
2020-11-06 09:31:00.050,4.952,600
2020-11-06 09:31:01.680,4.952,100
2020-11-06 09:31:02.810,4.952,100
2020-11-06 09:31:02.970,4.952,100
2020-11-06 09:31:04.290,4.953,1100
2020-11-06 09:31:04.390,4.952,100
2020-11-06 09:31:04.550,4.952,800
2020-11-06 09:31:04.710,4.953,10000
2020-11-06 09:31:05.090,4.952,10000
2020-11-06 09:31:05.680,4.952,200
2020-11-06 09:31:05.910,4.952,88600
2020-11-06 09:31:06.530,4.949,4000
2020-11-06 09:31:07.630,4.952,100
2020-11-06 09:31:08.850,4.952,100
2020-11-06 09:31:09.270,4.952,10000
2020-11-06 09:31:09.360,4.952,5000
2020-11-06 09:31:10.030,4.952,200
2020-11-06 09:31:10.590,4.952,600
2020-11-06 09:31:10.740,4.949,1000
2020-11-06 09:31:12.090,4.949,1200
2020-11-06 09:31:12.090,4.949,8900
2020-11-06 09:31:12.090,4.951,1000
2020-11-06 09:31:12.120,4.951,100
2020-11-06 09:31:12.510,4.951,2100
2020-11-06 09:31:13.250,4.949,1100
2020-11-06 09:31:13.250,4.949,700
2020-11-06 09:31:13.250,4.949,500
2020-11-06 09:31:13.250,4.949,1000
2020-11-06 09:31:13.250,4.949,6800
2020-11-06 09:31:13.320,4.951,14600
2020-11-06 09:31:13.320,4.952,4200
2020-11-06 09:31:13.320,4.952,100
2020-11-06 09:31:13.320,4.952,31100
2020-11-06 09:31:14.160,4.951,100
2020-11-06 09:31:14.160,4.952,2600
2020-11-06 09:31:14.670,4.952,2800
2020-11-06 09:31:14.890,4.952,3500
2020-11-06 09:31:14.890,4.952,12000
2020-11-06 09:31:14.890,4.952,20000
2020-11-06 09:31:14.890,4.952,1200
2020-11-06 09:31:14.890,4.952,100
2020-11-06 09:31:14.890,4.952,400
2020-11-06 09:31:14.890,4.952,200
2020-11-06 09:31:14.890,4.952,300
2020-11-06 09:31:15.270,4.952,100
2020-11-06 09:31:15.330,4.952,2000
2020-11-06 09:31:15.380,4.952,100
2020-11-06 09:31:15.620,4.952,1200
2020-11-06 09:31:15.620,4.952,1900
2020-11-06 09:31:15.960,4.953,10400
2020-11-06 09:31:16.130,4.952,900
2020-11-06 09:31:16.130,4.952,3600
2020-11-06 09:31:16.420,4.952,500
2020-11-06 09:31:16.500,4.952,10000
2020-11-06 09:31:16.660,4.953,2700
2020-11-06 09:31:16.840,4.953,800
2020-11-06 09:31:16.840,4.953,9200
2020-11-06 09:31:17.140,4.953,2800
2020-11-06 09:31:17.230,4.952,300
2020-11-06 09:31:17.420,4.952,2000
2020-11-06 09:31:17.420,4.953,1600
2020-11-06 09:31:17.420,4.953,1100
2020-11-06 09:31:17.420,4.953,700
2020-11-06 09:31:17.700,4.952,300
2020-11-06 09:31:19.060,4.952,100
2020-11-06 09:31:19.310,4.952,700
2020-11-06 09:31:19.310,4.952,6000
2020-11-06 09:31:19.310,4.952,1200
2020-11-06 09:31:19.310,4.952,400
2020-11-06 09:31:20.040,4.952,300
2020-11-06 09:31:20.080,4.952,4600
2020-11-06 09:31:22.110,4.952,8200
2020-11-06 09:31:22.110,4.951,1600
2020-11-06 09:31:22.110,4.95,1000
2020-11-06 09:31:22.600,4.952,400
2020-11-06 09:31:24.150,4.952,400
2020-11-06 09:31:24.930,4.951,2000
2020-11-06 09:31:24.930,4.952,1100
2020-11-06 09:31:24.930,4.952,3000
2020-11-06 09:31:25.170,4.952,5000
2020-11-06 09:31:25.230,4.951,2000
2020-11-06 09:31:25.290,4.952,9700
2020-11-06 09:31:25.290,4.952,100
2020-11-06 09:31:25.290,4.952,13300
2020-11-06 09:31:25.690,4.952,100
2020-11-06 09:31:25.870,4.952,21000
2020-11-06 09:31:26.240,4.953,300
2020-11-06 09:31:26.240,4.953,5000
2020-11-06 09:31:26.240,4.953,3300
2020-11-06 09:31:26.240,4.953,73300
2020-11-06 09:31:26.240,4.953,78100
2020-11-06 09:31:26.240,4.953,10000
2020-11-06 09:31:26.240,4.954,26600
2020-11-06 09:31:26.360,4.952,1900
2020-11-06 09:31:26.360,4.952,400
2020-11-06 09:31:26.550,4.952,51600
2020-11-06 09:31:27.400,4.953,1000
2020-11-06 09:31:27.400,4.952,8300
2020-11-06 09:31:27.400,4.952,51000
2020-11-06 09:31:27.650,4.952,500
2020-11-06 09:31:27.680,4.952,1000
2020-11-06 09:31:27.750,4.952,6200
2020-11-06 09:31:27.820,4.952,2900
2020-11-06 09:31:28.440,4.952,10000
2020-11-06 09:31:29.600,4.952,4100
2020-11-06 09:31:30.380,4.953,2000
2020-11-06 09:31:30.380,4.952,6100
2020-11-06 09:31:30.410,4.952,5000
2020-11-06 09:31:30.570,4.952,500
2020-11-06 09:31:30.720,4.954,114700
2020-11-06 09:31:30.720,4.954,26300
2020-11-06 09:31:31.900,4.952,300
2020-11-06 09:31:32.670,4.954,39500
2020-11-06 09:31:32.920,4.952,100
2020-11-06 09:31:33.160,4.952,1000
2020-11-06 09:31:33.940,4.952,200
2020-11-06 09:31:34.280,4.952,2900
2020-11-06 09:31:34.280,4.952,8900
2020-11-06 09:31:34.970,4.953,500
2020-11-06 09:31:35.640,4.953,400
2020-11-06 09:31:35.640,4.953,400
2020-11-06 09:31:35.640,4.952,9200
2020-11-06 09:31:35.700,4.954,5600
2020-11-06 09:31:36.110,4.952,1000
2020-11-06 09:31:36.140,4.952,1200
2020-11-06 09:31:36.470,4.952,5000
2020-11-06 09:31:36.510,4.952,6000
2020-11-06 09:31:36.740,4.953,1000
2020-11-06 09:31:36.740,4.954,37300
2020-11-06 09:31:36.740,4.954,3000
2020-11-06 09:31:36.740,4.954,1300
2020-11-06 09:31:36.740,4.954,20000
2020-11-06 09:31:36.740,4.954,1200
2020-11-06 09:31:36.740,4.954,31200
2020-11-06 09:31:36.740,4.954,19700
2020-11-06 09:31:37.940,4.952,200
2020-11-06 09:31:38.060,4.952,1100
2020-11-06 09:31:38.900,4.952,100
2020-11-06 09:31:39.250,4.952,4100
2020-11-06 09:31:39.740,4.952,5000
2020-11-06 09:31:40.610,4.952,2000
2020-11-06 09:31:40.920,4.953,1500
2020-11-06 09:31:40.920,4.953,8500
2020-11-06 09:31:42.200,4.952,6200
2020-11-06 09:31:42.200,4.952,100
2020-11-06 09:31:42.200,4.952,2500
2020-11-06 09:31:42.200,4.952,1000
2020-11-06 09:31:42.510,4.952,2000
2020-11-06 09:31:42.510,4.952,400
2020-11-06 09:31:42.510,4.952,100
2020-11-06 09:31:43.940,4.951,1000
2020-11-06 09:31:43.940,4.951,9000
2020-11-06 09:31:45.210,4.951,1000
2020-11-06 09:31:45.210,4.951,7800
2020-11-06 09:31:45.280,4.952,600
2020-11-06 09:31:45.280,4.952,1500
2020-11-06 09:31:46.300,4.951,2200
2020-11-06 09:31:46.300,4.95,800
2020-11-06 09:31:46.540,4.952,6600
2020-11-06 09:31:47.650,4.951,200
2020-11-06 09:31:49.060,4.95,700
2020-11-06 09:31:49.060,4.95,2000
2020-11-06 09:31:49.060,4.95,3000
2020-11-06 09:31:49.060,4.95,200
2020-11-06 09:31:49.060,4.95,1600
2020-11-06 09:31:49.060,4.95,7500
2020-11-06 09:31:49.750,4.951,14800
2020-11-06 09:31:49.750,4.952,12100
2020-11-06 09:31:50.470,4.95,5000
2020-11-06 09:31:50.700,4.952,500
2020-11-06 09:31:51.640,4.951,2900
2020-11-06 09:31:51.640,4.951,5000
2020-11-06 09:31:51.640,4.952,5200
2020-11-06 09:31:52.300,4.951,1000
2020-11-06 09:31:52.300,4.952,4000
2020-11-06 09:31:53.790,4.952,100
2020-11-06 09:31:53.920,4.95,7500
2020-11-06 09:31:53.920,4.95,200
2020-11-06 09:31:54.400,4.952,10000
2020-11-06 09:31:56.540,4.95,1300
2020-11-06 09:31:56.540,4.95,700
2020-11-06 09:31:58.310,4.95,2000
2020-11-06 09:31:58.890,4.95,100
2020-11-06 09:32:00.060,4.95,200
2020-11-06 09:32:00.280,4.95,100
2020-11-06 09:32:00.470,4.95,5300
2020-11-06 09:32:00.710,4.95,500
2020-11-06 09:32:02.010,4.949,3200
2020-11-06 09:32:02.010,4.949,100
2020-11-06 09:32:02.010,4.949,100
2020-11-06 09:32:02.010,4.949,2000
2020-11-06 09:32:02.010,4.949,10000
2020-11-06 09:32:02.010,4.949,300
2020-11-06 09:32:02.190,4.949,2400
2020-11-06 09:32:02.520,4.949,100
2020-11-06 09:32:03.160,4.948,1000
2020-11-06 09:32:03.160,4.948,2600
2020-11-06 09:32:03.160,4.948,400
2020-11-06 09:32:03.160,4.948,100
2020-11-06 09:32:03.160,4.948,5000
2020-11-06 09:32:03.160,4.948,800
2020-11-06 09:32:03.160,4.948,1000
2020-11-06 09:32:03.160,4.948,100
2020-11-06 09:32:03.160,4.948,5000
2020-11-06 09:32:03.160,4.948,400
2020-11-06 09:32:03.160,4.948,50000
2020-11-06 09:32:03.160,4.948,1000
2020-11-06 09:32:03.160,4.948,5000
2020-11-06 09:32:03.160,4.948,2100
2020-11-06 09:32:03.440,4.948,8000
2020-11-06 09:32:03.610,4.948,1000
2020-11-06 09:32:03.970,4.948,5000
2020-11-06 09:32:04.190,4.948,1300
2020-11-06 09:32:04.220,4.947,1200
2020-11-06 09:32:04.280,4.948,10100
2020-11-06 09:32:04.760,4.948,100
2020-11-06 09:32:05.180,4.948,500
2020-11-06 09:32:05.550,4.948,500
2020-11-06 09:32:05.940,4.948,300
2020-11-06 09:32:07.010,4.947,5600
2020-11-06 09:32:07.010,4.947,3200
2020-11-06 09:32:07.840,4.947,1200
2020-11-06 09:32:07.840,4.948,100
2020-11-06 09:32:07.960,4.947,6300
2020-11-06 09:32:07.960,4.947,3700
2020-11-06 09:32:09.160,4.948,100
2020-11-06 09:32:09.940,4.947,4200
2020-11-06 09:32:09.940,4.947,6200
2020-11-06 09:32:10.770,4.948,800
2020-11-06 09:32:10.770,4.948,9200
2020-11-06 09:32:10.860,4.947,300
2020-11-06 09:32:10.890,4.948,800
2020-11-06 09:32:11.130,4.947,1200
2020-11-06 09:32:11.410,4.948,1800
2020-11-06 09:32:11.540,4.947,12300
2020-11-06 09:32:11.540,4.947,33800
2020-11-06 09:32:11.540,4.947,1000
2020-11-06 09:32:11.540,4.947,1000
2020-11-06 09:32:11.630,4.947,11900
2020-11-06 09:32:11.630,4.948,19500
2020-11-06 09:32:11.630,4.948,5300
2020-11-06 09:32:11.780,4.948,100
2020-11-06 09:32:11.940,4.948,33900
2020-11-06 09:32:12.010,4.948,5000
2020-11-06 09:32:12.350,4.948,54300
2020-11-06 09:32:12.570,4.947,800
2020-11-06 09:32:14.240,4.947,800
2020-11-06 09:32:14.240,4.947,2600
2020-11-06 09:32:14.610,4.946,100
2020-11-06 09:32:14.610,4.946,200
2020-11-06 09:32:14.610,4.946,300
2020-11-06 09:32:14.610,4.946,100
2020-11-06 09:32:14.610,4.946,1300
2020-11-06 09:32:15.520,4.946,8700
2020-11-06 09:32:15.520,4.946,20000
2020-11-06 09:32:15.520,4.946,10200
2020-11-06 09:32:15.520,4.946,200
2020-11-06 09:32:15.520,4.946,1000
2020-11-06 09:32:15.710,4.946,2000
2020-11-06 09:32:16.770,4.946,200
2020-11-06 09:32:17.050,4.946,6000
2020-11-06 09:32:17.500,4.946,1000
2020-11-06 09:32:17.500,4.946,1000
2020-11-06 09:32:17.660,4.945,100
2020-11-06 09:32:17.660,4.945,200
2020-11-06 09:32:17.660,4.945,100
2020-11-06 09:32:17.660,4.945,1000
2020-11-06 09:32:17.660,4.945,100
2020-11-06 09:32:17.660,4.945,4100
2020-11-06 09:32:17.660,4.945,1000
2020-11-06 09:32:17.660,4.945,3000
2020-11-06 09:32:17.660,4.945,5000
2020-11-06 09:32:17.660,4.945,300
2020-11-06 09:32:17.660,4.945,1000
2020-11-06 09:32:17.660,4.945,100
2020-11-06 09:32:18.140,4.946,6200
2020-11-06 09:32:18.460,4.946,1600
2020-11-06 09:32:18.740,4.946,50300
2020-11-06 09:32:20.220,4.945,9900
2020-11-06 09:32:20.460,4.945,1000
2020-11-06 09:32:20.580,4.945,1800
2020-11-06 09:32:20.800,4.945,259700
2020-11-06 09:32:20.800,4.946,19100
2020-11-06 09:32:20.800,4.946,1000
2020-11-06 09:32:20.800,4.946,6000
2020-11-06 09:32:20.800,4.946,283800
2020-11-06 09:32:21.850,4.945,200
2020-11-06 09:32:21.850,4.945,100
2020-11-06 09:32:21.850,4.946,300
2020-11-06 09:32:22.420,4.945,2500
2020-11-06 09:32:22.420,4.944,700
2020-11-06 09:32:22.420,4.944,3300
2020-11-06 09:32:22.670,4.945,400
2020-11-06 09:32:23.240,4.945,4300
2020-11-06 09:32:23.550,4.945,42800
2020-11-06 09:32:23.610,4.945,7200
2020-11-06 09:32:24.450,4.944,6700
2020-11-06 09:32:24.450,4.944,100
2020-11-06 09:32:24.450,4.944,600
2020-11-06 09:32:24.450,4.944,50000
2020-11-06 09:32:24.450,4.943,2000
2020-11-06 09:32:24.450,4.943,300
2020-11-06 09:32:24.450,4.943,2300
2020-11-06 09:32:24.450,4.943,50000
2020-11-06 09:32:24.450,4.943,188000
2020-11-06 09:32:24.740,4.945,900
2020-11-06 09:32:24.740,4.943,12000
2020-11-06 09:32:25.310,4.943,100
2020-11-06 09:32:25.770,4.942,300
2020-11-06 09:32:25.770,4.942,100
2020-11-06 09:32:25.770,4.942,500
2020-11-06 09:32:25.770,4.942,7000
2020-11-06 09:32:26.440,4.942,500
2020-11-06 09:32:26.560,4.941,7600
2020-11-06 09:32:26.560,4.941,100
2020-11-06 09:32:26.970,4.941,12300
2020-11-06 09:32:26.970,4.941,12800
2020-11-06 09:32:26.970,4.94,100
2020-11-06 09:32:26.970,4.94,500
2020-11-06 09:32:26.970,4.94,100
2020-11-06 09:32:26.970,4.94,900
2020-11-06 09:32:26.970,4.94,300
2020-11-06 09:32:26.970,4.94,1400
2020-11-06 09:32:26.970,4.94,100
2020-11-06 09:32:26.970,4.94,12000
2020-11-06 09:32:26.970,4.94,40000
2020-11-06 09:32:26.970,4.94,100
2020-11-06 09:32:26.970,4.94,4100
2020-11-06 09:32:26.970,4.94,200
2020-11-06 09:32:26.970,4.94,15000
2020-11-06 09:32:26.970,4.94,2000
2020-11-06 09:32:26.970,4.94,5000
2020-11-06 09:32:26.970,4.94,30000
2020-11-06 09:32:26.970,4.94,1100
2020-11-06 09:32:26.970,4.94,10000
2020-11-06 09:32:27.300,4.94,300
2020-11-06 09:32:28.070,4.941,2000
2020-11-06 09:32:28.350,4.939,700
2020-11-06 09:32:28.350,4.939,700
2020-11-06 09:32:28.350,4.938,2000
2020-11-06 09:32:28.350,4.938,2300
2020-11-06 09:32:28.350,4.938,600
2020-11-06 09:32:28.350,4.938,10000
2020-11-06 09:32:28.350,4.938,10000
2020-11-06 09:32:28.350,4.938,10000
2020-11-06 09:32:28.350,4.938,51100
2020-11-06 09:32:28.350,4.938,64300
2020-11-06 09:32:29.560,4.938,6000
2020-11-06 09:32:30.250,4.941,1000
2020-11-06 09:32:30.280,4.942,500
2020-11-06 09:32:30.280,4.942,500
2020-11-06 09:32:30.750,4.941,39000
2020-11-06 09:32:30.750,4.94,40000
2020-11-06 09:32:30.750,4.939,40000
2020-11-06 09:32:30.750,4.939,181000
2020-11-06 09:32:31.030,4.939,300
2020-11-06 09:32:31.150,4.942,300
2020-11-06 09:32:31.390,4.942,800
2020-11-06 09:32:31.750,4.94,200
2020-11-06 09:32:31.750,4.938,200
2020-11-06 09:32:32.620,4.939,500
2020-11-06 09:32:33.340,4.939,500
2020-11-06 09:32:33.630,4.939,2000
2020-11-06 09:32:33.630,4.939,1400
2020-11-06 09:32:33.630,4.942,2400
2020-11-06 09:32:33.630,4.942,34200
2020-11-06 09:32:33.730,4.941,40000
2020-11-06 09:32:34.140,4.94,500
2020-11-06 09:32:34.230,4.94,200
2020-11-06 09:32:34.500,4.94,39300
2020-11-06 09:32:34.500,4.94,10000
2020-11-06 09:32:34.500,4.939,700
2020-11-06 09:32:34.880,4.941,23200
2020-11-06 09:32:36.060,4.94,5000
2020-11-06 09:32:36.060,4.939,37600
2020-11-06 09:32:36.650,4.94,88000
2020-11-06 09:32:36.650,4.94,600
2020-11-06 09:32:36.690,4.94,600000
2020-11-06 09:32:38.050,4.94,4500
2020-11-06 09:32:39.290,4.94,4400
2020-11-06 09:32:39.320,4.94,2000
2020-11-06 09:32:39.470,4.941,300
2020-11-06 09:32:39.470,4.94,2700
2020-11-06 09:32:39.660,4.94,4800
2020-11-06 09:32:40.280,4.941,3000
2020-11-06 09:32:40.370,4.94,1200
2020-11-06 09:32:40.610,4.94,3000
2020-11-06 09:32:40.720,4.94,6200
2020-11-06 09:32:41.090,4.94,500
2020-11-06 09:32:41.280,4.94,200
2020-11-06 09:32:41.620,4.941,100
2020-11-06 09:32:41.950,4.94,5100
2020-11-06 09:32:41.950,4.94,3000
2020-11-06 09:32:42.440,4.941,400
2020-11-06 09:32:42.440,4.942,1600
2020-11-06 09:32:42.770,4.94,700
2020-11-06 09:32:43.360,4.94,5000
2020-11-06 09:32:43.580,4.94,7500
2020-11-06 09:32:44.150,4.94,7600
2020-11-06 09:32:44.150,4.94,3000
2020-11-06 09:32:44.150,4.94,400
2020-11-06 09:32:44.150,4.94,10000
2020-11-06 09:32:44.150,4.939,1700
2020-11-06 09:32:44.150,4.939,38600
2020-11-06 09:32:44.300,4.94,1400
2020-11-06 09:32:44.300,4.941,300
2020-11-06 09:32:44.300,4.942,78300
2020-11-06 09:32:44.580,4.939,8000
2020-11-06 09:32:44.700,4.941,10000
2020-11-06 09:32:45.010,4.941,2000
2020-11-06 09:32:45.130,4.939,400
2020-11-06 09:32:45.250,4.94,1900
2020-11-06 09:32:45.290,4.94,1000
2020-11-06 09:32:45.480,4.941,400
2020-11-06 09:32:46.060,4.941,200
2020-11-06 09:32:46.480,4.94,100
2020-11-06 09:32:46.770,4.94,2200
2020-11-06 09:32:46.830,4.941,64300
2020-11-06 09:32:46.890,4.94,1000
2020-11-06 09:32:47.340,4.94,4800
2020-11-06 09:32:47.340,4.939,15200
2020-11-06 09:32:47.470,4.939,3400
2020-11-06 09:32:48.320,4.94,1000
2020-11-06 09:32:48.660,4.94,600
2020-11-06 09:32:51.170,4.94,3000
2020-11-06 09:32:51.410,4.94,26600
2020-11-06 09:32:51.410,4.94,200
2020-11-06 09:32:51.410,4.94,700
2020-11-06 09:32:51.410,4.94,2200
2020-11-06 09:32:51.410,4.94,100
2020-11-06 09:32:51.410,4.94,100
2020-11-06 09:32:51.750,4.94,700
2020-11-06 09:32:51.870,4.94,25200
2020-11-06 09:32:52.090,4.941,500
2020-11-06 09:32:52.160,4.941,1800
2020-11-06 09:32:52.160,4.942,5200
2020-11-06 09:32:53.140,4.941,1000
2020-11-06 09:32:53.440,4.94,10000
2020-11-06 09:32:53.510,4.94,20700
2020-11-06 09:32:53.730,4.941,2000
2020-11-06 09:32:54.160,4.94,4500
2020-11-06 09:32:54.220,4.941,7200
2020-11-06 09:32:55.080,4.942,1000
2020-11-06 09:32:55.320,4.941,300
2020-11-06 09:32:55.630,4.941,200
2020-11-06 09:32:56.010,4.941,100
2020-11-06 09:32:56.230,4.941,11500
2020-11-06 09:32:56.230,4.94,288500
2020-11-06 09:32:56.810,4.942,30300
2020-11-06 09:32:56.810,4.942,1000
2020-11-06 09:32:56.810,4.942,2500
2020-11-06 09:32:56.810,4.942,100
2020-11-06 09:32:56.810,4.942,300
2020-11-06 09:32:56.810,4.942,5800
2020-11-06 09:32:57.480,4.942,200
2020-11-06 09:32:58.070,4.94,10000
2020-11-06 09:32:58.410,4.941,100
2020-11-06 09:32:58.770,4.941,900
2020-11-06 09:32:58.830,4.941,3700
2020-11-06 09:32:58.830,4.94,6500
2020-11-06 09:32:59.370,4.943,316000
2020-11-06 09:32:59.860,4.941,1500
2020-11-06 09:32:59.960,4.941,500
2020-11-06 09:32:59.960,4.942,100
2020-11-06 09:32:59.990,4.941,3200
2020-11-06 09:32:59.990,4.94,26800
2020-11-06 09:33:00.940,4.941,10000
2020-11-06 09:33:00.940,4.941,5000
2020-11-06 09:33:01.070,4.941,600
2020-11-06 09:33:01.660,4.941,60000
2020-11-06 09:33:02.510,4.94,500
2020-11-06 09:33:02.790,4.941,31800
2020-11-06 09:33:02.790,4.941,10000
2020-11-06 09:33:03.040,4.94,300
2020-11-06 09:33:03.190,4.941,2400
2020-11-06 09:33:04.020,4.94,100
2020-11-06 09:33:04.490,4.94,1000
2020-11-06 09:33:04.890,4.942,100
2020-11-06 09:33:05.380,4.941,1100
2020-11-06 09:33:05.820,4.941,500
2020-11-06 09:33:06.070,4.941,1000
2020-11-06 09:33:06.070,4.941,2500
2020-11-06 09:33:06.070,4.941,400
2020-11-06 09:33:06.070,4.94,10100
2020-11-06 09:33:06.300,4.941,10000
2020-11-06 09:33:06.300,4.94,3000
2020-11-06 09:33:06.700,4.94,200
2020-11-06 09:33:06.740,4.942,2000
2020-11-06 09:33:06.740,4.943,299300
2020-11-06 09:33:07.550,4.942,500
2020-11-06 09:33:08.100,4.942,2500
2020-11-06 09:33:08.100,4.94,2200
2020-11-06 09:33:08.290,4.941,500
2020-11-06 09:33:09.320,4.942,100
2020-11-06 09:33:09.320,4.942,200
2020-11-06 09:33:09.320,4.941,5200
2020-11-06 09:33:10.370,4.941,3000
2020-11-06 09:33:10.560,4.941,300
2020-11-06 09:33:11.610,4.942,5500
2020-11-06 09:33:11.610,4.942,3800
2020-11-06 09:33:11.610,4.941,291000
2020-11-06 09:33:11.610,4.941,5200
2020-11-06 09:33:12.580,4.941,20000
2020-11-06 09:33:12.730,4.941,274800
2020-11-06 09:33:12.730,4.941,500
2020-11-06 09:33:12.730,4.941,1000
2020-11-06 09:33:14.380,4.94,200
2020-11-06 09:33:14.470,4.94,500
2020-11-06 09:33:14.910,4.941,5000
2020-11-06 09:33:15.250,4.941,10000
2020-11-06 09:33:15.370,4.94,600
2020-11-06 09:33:15.680,4.94,116600
2020-11-06 09:33:15.680,4.94,4000
2020-11-06 09:33:15.680,4.94,100
2020-11-06 09:33:15.680,4.94,1000
2020-11-06 09:33:15.680,4.94,10000
2020-11-06 09:33:15.680,4.94,400
2020-11-06 09:33:15.680,4.94,100
2020-11-06 09:33:15.680,4.94,500
2020-11-06 09:33:15.680,4.94,50000
2020-11-06 09:33:15.680,4.94,200
2020-11-06 09:33:15.680,4.94,5000
2020-11-06 09:33:15.680,4.94,5000
2020-11-06 09:33:15.680,4.94,500
2020-11-06 09:33:15.680,4.94,1000
2020-11-06 09:33:15.680,4.94,19200
2020-11-06 09:33:15.680,4.94,10000
2020-11-06 09:33:15.680,4.94,400
2020-11-06 09:33:15.680,4.94,1000
2020-11-06 09:33:15.680,4.94,100
2020-11-06 09:33:15.680,4.94,3000
2020-11-06 09:33:15.680,4.94,50000
2020-11-06 09:33:15.680,4.94,200
2020-11-06 09:33:15.680,4.94,5000
2020-11-06 09:33:15.680,4.94,100
2020-11-06 09:33:15.800,4.94,3700
2020-11-06 09:33:15.800,4.94,10000
2020-11-06 09:33:16.020,4.94,5000
2020-11-06 09:33:16.140,4.94,100
2020-11-06 09:33:16.330,4.939,100
2020-11-06 09:33:16.330,4.939,1100
2020-11-06 09:33:17.350,4.939,1900
2020-11-06 09:33:17.350,4.939,5000
2020-11-06 09:33:18.040,4.939,10000
2020-11-06 09:33:18.420,4.939,1000
2020-11-06 09:33:20.550,4.939,6100
2020-11-06 09:33:20.700,4.939,276000
2020-11-06 09:33:21.460,4.939,1100
2020-11-06 09:33:21.630,4.94,3900
2020-11-06 09:33:21.720,4.94,9400
2020-11-06 09:33:21.720,4.94,2100
2020-11-06 09:33:21.720,4.94,500
2020-11-06 09:33:21.720,4.94,102800
2020-11-06 09:33:22.050,4.939,100
2020-11-06 09:33:22.050,4.939,1600
2020-11-06 09:33:22.390,4.939,500
2020-11-06 09:33:22.990,4.938,3900
2020-11-06 09:33:23.020,4.94,5000
2020-11-06 09:33:24.710,4.94,10000
2020-11-06 09:33:24.710,4.94,100
2020-11-06 09:33:24.710,4.94,289900
2020-11-06 09:33:24.820,4.94,1000
2020-11-06 09:33:25.060,4.94,9100
2020-11-06 09:33:25.060,4.94,100
2020-11-06 09:33:25.260,4.94,8700
2020-11-06 09:33:25.260,4.94,9200
2020-11-06 09:33:25.470,4.94,12100
2020-11-06 09:33:25.500,4.941,1000
2020-11-06 09:33:25.500,4.941,4100
2020-11-06 09:33:25.500,4.941,3200
2020-11-06 09:33:25.500,4.941,52500
2020-11-06 09:33:25.500,4.94,6400
2020-11-06 09:33:26.420,4.94,5000
2020-11-06 09:33:28.170,4.94,21800
2020-11-06 09:33:28.530,4.941,12600
2020-11-06 09:33:29.290,4.94,3000
2020-11-06 09:33:30.090,4.94,2000
2020-11-06 09:33:30.570,4.941,1000
2020-11-06 09:33:30.570,4.941,1500
2020-11-06 09:33:30.570,4.941,800
2020-11-06 09:33:30.570,4.941,4000
2020-11-06 09:33:30.570,4.941,1100
2020-11-06 09:33:31.210,4.94,100
2020-11-06 09:33:31.240,4.94,1600
2020-11-06 09:33:31.720,4.941,500
2020-11-06 09:33:32.300,4.941,800
2020-11-06 09:33:32.300,4.941,2600
2020-11-06 09:33:32.300,4.941,4900
2020-11-06 09:33:32.690,4.941,5000
2020-11-06 09:33:32.690,4.941,700
2020-11-06 09:33:32.910,4.941,4500
2020-11-06 09:33:33.090,4.941,6000
2020-11-06 09:33:33.580,4.941,100
2020-11-06 09:33:33.840,4.941,1000
2020-11-06 09:33:33.840,4.941,1000
2020-11-06 09:33:34.910,4.941,1800
2020-11-06 09:33:35.340,4.942,20000
2020-11-06 09:33:35.420,4.941,4800
2020-11-06 09:33:35.600,4.941,1000
2020-11-06 09:33:36.280,4.942,17100
2020-11-06 09:33:36.280,4.942,59500
2020-11-06 09:33:36.490,4.941,100
2020-11-06 09:33:36.550,4.941,2300
2020-11-06 09:33:36.610,4.941,1700
2020-11-06 09:33:36.640,4.941,2000
2020-11-06 09:33:37.120,4.941,100
2020-11-06 09:33:37.120,4.941,100
2020-11-06 09:33:37.120,4.94,200
2020-11-06 09:33:37.420,4.94,1100
2020-11-06 09:33:37.420,4.94,2200
2020-11-06 09:33:38.260,4.941,4800
2020-11-06 09:33:38.280,4.942,3000
2020-11-06 09:33:39.050,4.943,1600
2020-11-06 09:33:39.050,4.943,1500
2020-11-06 09:33:39.050,4.943,1900
2020-11-06 09:33:39.280,4.942,10200
2020-11-06 09:33:39.340,4.942,1500
2020-11-06 09:33:41.930,4.942,60600
2020-11-06 09:33:41.930,4.942,239400
2020-11-06 09:33:42.300,4.942,100
2020-11-06 09:33:42.580,4.942,4400
2020-11-06 09:33:42.770,4.942,69500
2020-11-06 09:33:42.770,4.942,9000
2020-11-06 09:33:42.770,4.942,2000
2020-11-06 09:33:43.900,4.941,1200
2020-11-06 09:33:44.020,4.942,300
2020-11-06 09:33:44.830,4.941,900
2020-11-06 09:33:45.120,4.941,800
2020-11-06 09:33:45.470,4.941,800
2020-11-06 09:33:48.980,4.942,4700
2020-11-06 09:33:48.980,4.942,3500
2020-11-06 09:33:48.980,4.942,100
2020-11-06 09:33:48.980,4.942,13200
2020-11-06 09:33:48.980,4.942,200
2020-11-06 09:33:48.980,4.942,8200
2020-11-06 09:33:48.980,4.942,100
2020-11-06 09:33:48.980,4.942,2500
2020-11-06 09:33:48.980,4.943,100
2020-11-06 09:33:48.980,4.943,1900
2020-11-06 09:33:49.790,4.942,500
2020-11-06 09:33:51.590,4.942,50100
2020-11-06 09:33:52.040,4.943,3100
2020-11-06 09:33:52.040,4.943,2000
2020-11-06 09:33:52.040,4.943,5400
2020-11-06 09:33:52.040,4.943,19500
2020-11-06 09:33:52.190,4.942,1200
2020-11-06 09:33:52.460,4.942,100
2020-11-06 09:33:54.850,4.943,100
2020-11-06 09:33:54.940,4.943,200
2020-11-06 09:33:55.050,4.943,500
2020-11-06 09:33:55.970,4.943,700
2020-11-06 09:33:56.120,4.943,9500
2020-11-06 09:33:56.120,4.943,10500
2020-11-06 09:33:56.210,4.943,4000
2020-11-06 09:33:57.140,4.943,1400
2020-11-06 09:33:57.660,4.943,400
2020-11-06 09:33:57.990,4.943,1200
2020-11-06 09:33:58.180,4.944,300
2020-11-06 09:33:58.180,4.944,1800
2020-11-06 09:33:58.580,4.943,300000
2020-11-06 09:34:00.300,4.943,600
2020-11-06 09:34:00.340,4.943,200
2020-11-06 09:34:00.460,4.943,700
2020-11-06 09:34:01.190,4.943,300000
2020-11-06 09:34:01.600,4.944,3000
2020-11-06 09:34:01.730,4.944,4200
2020-11-06 09:34:02.020,4.944,11500
2020-11-06 09:34:02.240,4.943,119000
2020-11-06 09:34:02.940,4.943,262000
2020-11-06 09:34:02.940,4.943,5000
2020-11-06 09:34:03.360,4.943,2000
2020-11-06 09:34:03.580,4.943,100
2020-11-06 09:34:03.770,4.942,32300
2020-11-06 09:34:03.770,4.942,19300
2020-11-06 09:34:03.770,4.942,100000
2020-11-06 09:34:03.770,4.942,4100
2020-11-06 09:34:03.770,4.942,200
2020-11-06 09:34:03.770,4.942,100
2020-11-06 09:34:03.770,4.942,1000
2020-11-06 09:34:06.310,4.941,1400
2020-11-06 09:34:06.310,4.941,2500
2020-11-06 09:34:06.310,4.941,10000
2020-11-06 09:34:06.310,4.941,200
2020-11-06 09:34:06.310,4.941,60200
2020-11-06 09:34:06.310,4.941,5400
2020-11-06 09:34:06.310,4.941,1000
2020-11-06 09:34:06.310,4.941,10000
2020-11-06 09:34:06.310,4.941,5000
2020-11-06 09:34:06.310,4.941,5000
2020-11-06 09:34:06.310,4.94,20200
2020-11-06 09:34:06.310,4.94,100
2020-11-06 09:34:06.310,4.94,100
2020-11-06 09:34:06.310,4.94,6300
2020-11-06 09:34:06.340,4.943,2000
2020-11-06 09:34:07.080,4.941,1000
2020-11-06 09:34:07.110,4.942,4000
2020-11-06 09:34:08.070,4.941,2000
2020-11-06 09:34:08.520,4.941,100
2020-11-06 09:34:09.580,4.941,100
2020-11-06 09:34:09.580,4.941,5000
2020-11-06 09:34:09.750,4.94,800
2020-11-06 09:34:09.900,4.941,7800
2020-11-06 09:34:09.900,4.941,8200
2020-11-06 09:34:10.260,4.941,1000
2020-11-06 09:34:10.970,4.941,100
2020-11-06 09:34:11.170,4.941,2000
2020-11-06 09:34:12.420,4.94,2900
2020-11-06 09:34:12.420,4.94,1000
2020-11-06 09:34:12.420,4.94,11100
2020-11-06 09:34:12.480,4.941,1800
2020-11-06 09:34:12.610,4.941,500
2020-11-06 09:34:12.640,4.94,9100
2020-11-06 09:34:12.640,4.94,300
2020-11-06 09:34:12.640,4.94,10000
2020-11-06 09:34:12.640,4.94,200
2020-11-06 09:34:12.640,4.94,10000
2020-11-06 09:34:12.640,4.94,100
2020-11-06 09:34:12.640,4.94,10000
2020-11-06 09:34:12.640,4.94,1400
2020-11-06 09:34:12.640,4.94,1700
2020-11-06 09:34:12.640,4.94,1000
2020-11-06 09:34:12.640,4.94,500
2020-11-06 09:34:12.640,4.94,3500
2020-11-06 09:34:14.070,4.939,1000
2020-11-06 09:34:14.070,4.939,100
2020-11-06 09:34:14.070,4.939,1000
2020-11-06 09:34:14.070,4.939,1000
2020-11-06 09:34:14.070,4.939,10000
2020-11-06 09:34:14.070,4.939,600
2020-11-06 09:34:14.070,4.939,200
2020-11-06 09:34:14.070,4.939,100
2020-11-06 09:34:14.310,4.939,400
2020-11-06 09:34:14.940,4.939,500
2020-11-06 09:34:15.300,4.938,1100
2020-11-06 09:34:15.300,4.938,700
2020-11-06 09:34:15.420,4.939,100
2020-11-06 09:34:15.670,4.938,1300
2020-11-06 09:34:15.670,4.938,1100
2020-11-06 09:34:15.670,4.938,500
2020-11-06 09:34:15.670,4.938,200
2020-11-06 09:34:15.670,4.938,100
2020-11-06 09:34:15.670,4.938,6400
2020-11-06 09:34:15.670,4.938,200
2020-11-06 09:34:15.670,4.938,1000
2020-11-06 09:34:15.670,4.938,22000
2020-11-06 09:34:15.670,4.938,50000
2020-11-06 09:34:15.670,4.938,2000
2020-11-06 09:34:15.670,4.938,3800
2020-11-06 09:34:15.670,4.938,5000
2020-11-06 09:34:15.670,4.938,4500
2020-11-06 09:34:15.670,4.938,3000
2020-11-06 09:34:15.670,4.938,300
2020-11-06 09:34:16.240,4.938,7600
2020-11-06 09:34:17.120,4.938,300
2020-11-06 09:34:17.550,4.938,5000
2020-11-06 09:34:18.060,4.938,500
2020-11-06 09:34:18.090,4.938,1000
2020-11-06 09:34:18.350,4.938,100
2020-11-06 09:34:18.500,4.938,2100
2020-11-06 09:34:18.660,4.937,500
2020-11-06 09:34:18.660,4.937,1000
2020-11-06 09:34:18.660,4.937,22000
2020-11-06 09:34:18.660,4.937,10000
2020-11-06 09:34:18.660,4.937,900
2020-11-06 09:34:18.660,4.937,500
2020-11-06 09:34:18.660,4.937,800
2020-11-06 09:34:18.660,4.937,5000
2020-11-06 09:34:18.660,4.937,2500
2020-11-06 09:34:18.660,4.937,1000
2020-11-06 09:34:18.660,4.937,3000
2020-11-06 09:34:19.270,4.937,600
2020-11-06 09:34:19.420,4.937,200
2020-11-06 09:34:19.690,4.937,60000
2020-11-06 09:34:19.780,4.937,40000
2020-11-06 09:34:20.730,4.937,13100
2020-11-06 09:34:20.730,4.937,89100
2020-11-06 09:34:20.730,4.937,1900
2020-11-06 09:34:20.850,4.938,3400
2020-11-06 09:34:21.270,4.937,1700
2020-11-06 09:34:21.730,4.937,10000
2020-11-06 09:34:22.710,4.938,40000
2020-11-06 09:34:22.710,4.937,3800
2020-11-06 09:34:23.200,4.938,10000
2020-11-06 09:34:23.480,4.938,20000
2020-11-06 09:34:23.810,4.938,200
2020-11-06 09:34:24.030,4.937,1000
2020-11-06 09:34:24.240,4.938,200000
2020-11-06 09:34:24.530,4.937,200
2020-11-06 09:34:24.760,4.937,300000
2020-11-06 09:34:25.270,4.937,5000
2020-11-06 09:34:25.270,4.937,100
2020-11-06 09:34:25.270,4.937,15700
2020-11-06 09:34:25.620,4.938,100
2020-11-06 09:34:25.680,4.937,600
2020-11-06 09:34:26.810,4.937,1400
2020-11-06 09:34:26.860,4.937,10000
2020-11-06 09:34:27.310,4.937,1000
2020-11-06 09:34:27.740,4.938,100
2020-11-06 09:34:27.800,4.937,11300
2020-11-06 09:34:27.800,4.937,4700
2020-11-06 09:34:27.800,4.937,100
2020-11-06 09:34:27.800,4.937,100
2020-11-06 09:34:27.800,4.937,1000
2020-11-06 09:34:27.800,4.936,2800
2020-11-06 09:34:27.940,4.936,5700
2020-11-06 09:34:28.030,4.937,500
2020-11-06 09:34:28.180,4.937,1000
2020-11-06 09:34:28.270,4.937,1200
2020-11-06 09:34:28.520,4.938,8400
2020-11-06 09:34:29.200,4.938,100
2020-11-06 09:34:29.380,4.937,7300
2020-11-06 09:34:29.380,4.937,100
2020-11-06 09:34:29.700,4.937,300
2020-11-06 09:34:29.790,4.938,8700
2020-11-06 09:34:29.790,4.938,1300
2020-11-06 09:34:31.220,4.937,200
2020-11-06 09:34:32.380,4.938,1500
2020-11-06 09:34:32.650,4.938,200
2020-11-06 09:34:32.650,4.938,800
2020-11-06 09:34:32.990,4.937,1000
2020-11-06 09:34:32.990,4.937,500
2020-11-06 09:34:32.990,4.937,8500
2020-11-06 09:34:33.240,4.937,10000
2020-11-06 09:34:33.480,4.937,10000
2020-11-06 09:34:33.780,4.937,1500
2020-11-06 09:34:33.780,4.936,1500
2020-11-06 09:34:33.780,4.936,700
2020-11-06 09:34:33.780,4.936,100
2020-11-06 09:34:33.780,4.936,6200
2020-11-06 09:34:34.240,4.936,1100
2020-11-06 09:34:34.820,4.937,3000
2020-11-06 09:34:34.820,4.936,7000
2020-11-06 09:34:34.900,4.936,5700
2020-11-06 09:34:34.900,4.936,100
2020-11-06 09:34:34.900,4.936,10000
2020-11-06 09:34:34.900,4.936,32800
2020-11-06 09:34:36.150,4.936,500
2020-11-06 09:34:37.460,4.937,200
2020-11-06 09:34:37.980,4.937,800
2020-11-06 09:34:38.100,4.936,200
2020-11-06 09:34:38.100,4.936,300
2020-11-06 09:34:38.100,4.936,200
2020-11-06 09:34:38.550,4.936,2000
2020-11-06 09:34:38.550,4.936,3000
2020-11-06 09:34:38.750,4.937,100
2020-11-06 09:34:39.330,4.936,500
2020-11-06 09:34:39.360,4.936,1000
2020-11-06 09:34:39.420,4.936,2500
2020-11-06 09:34:39.420,4.936,100
2020-11-06 09:34:39.560,4.936,100
2020-11-06 09:34:40.480,4.936,1600
2020-11-06 09:34:40.750,4.936,15700
2020-11-06 09:34:40.940,4.936,3000
2020-11-06 09:34:41.030,4.936,3000
2020-11-06 09:34:41.450,4.937,2800
2020-11-06 09:34:41.450,4.937,1600
2020-11-06 09:34:41.450,4.937,1800
2020-11-06 09:34:41.940,4.937,100
2020-11-06 09:34:42.500,4.936,2000
2020-11-06 09:34:42.520,4.937,500
2020-11-06 09:34:42.580,4.937,400
2020-11-06 09:34:42.700,4.936,1000
2020-11-06 09:34:42.920,4.936,800
2020-11-06 09:34:43.010,4.937,200
2020-11-06 09:34:43.160,4.936,3000
2020-11-06 09:34:43.300,4.937,2200
2020-11-06 09:34:43.300,4.937,2000
2020-11-06 09:34:43.300,4.937,300
2020-11-06 09:34:43.600,4.936,500
2020-11-06 09:34:43.630,4.937,500
2020-11-06 09:34:44.820,4.936,5900
2020-11-06 09:34:46.180,4.937,100
2020-11-06 09:34:46.860,4.936,20000
2020-11-06 09:34:46.970,4.936,2300
2020-11-06 09:34:48.220,4.936,20700
2020-11-06 09:34:48.280,4.936,500
2020-11-06 09:34:48.500,4.936,1000
2020-11-06 09:34:48.700,4.937,100
2020-11-06 09:34:48.770,4.936,10000
2020-11-06 09:34:50.120,4.937,4000
2020-11-06 09:34:50.180,4.936,2000
2020-11-06 09:34:50.760,4.936,8600
2020-11-06 09:34:50.760,4.936,10000
2020-11-06 09:34:50.760,4.936,2000
2020-11-06 09:34:50.760,4.936,1000
2020-11-06 09:34:50.760,4.936,1000
2020-11-06 09:34:50.760,4.936,300
2020-11-06 09:34:50.760,4.936,8000
2020-11-06 09:34:50.760,4.936,25000
2020-11-06 09:34:50.760,4.936,2000
2020-11-06 09:34:50.760,4.936,1500
2020-11-06 09:34:50.760,4.935,500
2020-11-06 09:34:50.760,4.935,3000
2020-11-06 09:34:50.760,4.935,2000
2020-11-06 09:34:50.760,4.935,3000
2020-11-06 09:34:50.940,4.937,200
2020-11-06 09:34:51.020,4.937,4800
2020-11-06 09:34:51.020,4.937,5000
2020-11-06 09:34:51.020,4.937,200
2020-11-06 09:34:52.200,4.936,500
2020-11-06 09:34:52.380,4.935,2000
2020-11-06 09:34:52.380,4.935,200
2020-11-06 09:34:52.380,4.935,3000
2020-11-06 09:34:52.380,4.935,1800
2020-11-06 09:34:52.680,4.936,300
2020-11-06 09:34:53.260,4.936,100
2020-11-06 09:34:53.810,4.936,200
2020-11-06 09:34:54.530,4.935,1200
2020-11-06 09:34:54.530,4.935,400
2020-11-06 09:34:54.530,4.935,300
2020-11-06 09:34:54.530,4.935,500
2020-11-06 09:34:54.530,4.935,500
2020-11-06 09:34:54.530,4.935,600
2020-11-06 09:34:54.530,4.935,1400
2020-11-06 09:34:54.970,4.935,1500
2020-11-06 09:34:55.010,4.936,200
2020-11-06 09:34:55.860,4.936,14700
2020-11-06 09:34:55.860,4.936,93100
2020-11-06 09:34:56.280,4.936,1000
2020-11-06 09:34:56.490,4.936,5000
2020-11-06 09:34:56.490,4.936,59400
2020-11-06 09:34:56.750,4.935,4000
2020-11-06 09:34:57.580,4.935,2000
2020-11-06 09:34:58.800,4.936,15000
2020-11-06 09:34:59.620,4.936,2400
2020-11-06 09:34:59.700,4.936,100000
2020-11-06 09:34:59.790,4.936,500
2020-11-06 09:35:00.100,4.936,500
2020-11-06 09:35:00.200,4.936,91100
2020-11-06 09:35:00.200,4.936,5900
2020-11-06 09:35:00.310,4.936,226100
2020-11-06 09:35:00.310,4.936,2400
2020-11-06 09:35:00.310,4.936,5000
2020-11-06 09:35:00.310,4.936,6000
2020-11-06 09:35:00.310,4.936,54400
2020-11-06 09:35:00.310,4.936,10000
2020-11-06 09:35:00.310,4.936,2900
2020-11-06 09:35:00.650,4.937,900
2020-11-06 09:35:01.290,4.936,5000
2020-11-06 09:35:01.890,4.936,100
2020-11-06 09:35:01.890,4.936,1000
2020-11-06 09:35:01.980,4.936,4800
2020-11-06 09:35:01.980,4.936,2000
2020-11-06 09:35:01.980,4.936,500
2020-11-06 09:35:01.980,4.935,600
2020-11-06 09:35:02.140,4.936,1000
2020-11-06 09:35:02.410,4.936,800
2020-11-06 09:35:02.410,4.935,500
2020-11-06 09:35:02.410,4.935,5000
2020-11-06 09:35:02.410,4.935,1000
2020-11-06 09:35:02.410,4.935,4000
2020-11-06 09:35:02.810,4.937,8900
2020-11-06 09:35:02.810,4.937,1100
2020-11-06 09:35:02.960,4.935,1000
2020-11-06 09:35:03.040,4.935,500
2020-11-06 09:35:03.750,4.936,400
2020-11-06 09:35:03.900,4.936,200
2020-11-06 09:35:04.080,4.936,1400
2020-11-06 09:35:04.080,4.936,8600
2020-11-06 09:35:04.820,4.936,1400
2020-11-06 09:35:05.810,4.936,15000
2020-11-06 09:35:05.960,4.936,5000
2020-11-06 09:35:06.080,4.935,5000
2020-11-06 09:35:06.140,4.935,2000
2020-11-06 09:35:06.690,4.935,100
2020-11-06 09:35:06.720,4.936,1500
2020-11-06 09:35:07.110,4.935,500
2020-11-06 09:35:07.170,4.936,3000
2020-11-06 09:35:07.450,4.935,1000
2020-11-06 09:35:07.540,4.936,700
2020-11-06 09:35:07.750,4.936,5800
2020-11-06 09:35:07.750,4.936,100
2020-11-06 09:35:07.900,4.937,100
2020-11-06 09:35:08.820,4.937,8400
2020-11-06 09:35:08.970,4.936,100
2020-11-06 09:35:09.220,4.937,400
2020-11-06 09:35:09.220,4.937,29600
2020-11-06 09:35:09.260,4.937,10100
2020-11-06 09:35:09.260,4.937,10400
2020-11-06 09:35:09.800,4.936,500
2020-11-06 09:35:10.720,4.936,1000
2020-11-06 09:35:11.090,4.936,3500
2020-11-06 09:35:11.490,4.936,500
2020-11-06 09:35:11.730,4.936,1000
2020-11-06 09:35:12.060,4.936,2400
2020-11-06 09:35:13.220,4.937,5000
2020-11-06 09:35:13.400,4.936,10000
2020-11-06 09:35:13.490,4.937,100
2020-11-06 09:35:13.980,4.936,600
2020-11-06 09:35:14.130,4.936,100
2020-11-06 09:35:14.410,4.937,100
2020-11-06 09:35:14.740,4.937,40000
2020-11-06 09:35:14.920,4.937,5000
2020-11-06 09:35:15.170,4.936,9100
2020-11-06 09:35:15.170,4.936,1800
2020-11-06 09:35:15.300,4.937,9800
2020-11-06 09:35:15.920,4.937,10000
2020-11-06 09:35:16.430,4.936,500
2020-11-06 09:35:16.640,4.936,3000
2020-11-06 09:35:16.640,4.936,500
2020-11-06 09:35:16.640,4.936,1500
2020-11-06 09:35:16.680,4.936,16400
2020-11-06 09:35:16.910,4.936,1200
2020-11-06 09:35:17.120,4.936,500
2020-11-06 09:35:18.190,4.936,400
2020-11-06 09:35:18.190,4.936,300
2020-11-06 09:35:18.190,4.936,3000
2020-11-06 09:35:18.190,4.936,500
2020-11-06 09:35:18.190,4.936,1000
2020-11-06 09:35:18.190,4.936,4700
2020-11-06 09:35:18.350,4.937,3500
2020-11-06 09:35:18.970,4.937,400
2020-11-06 09:35:19.030,4.937,5000
2020-11-06 09:35:20.110,4.936,100
2020-11-06 09:35:20.470,4.936,1500
2020-11-06 09:35:21.550,4.937,200
2020-11-06 09:35:21.970,4.937,20800
2020-11-06 09:35:21.970,4.937,2000
2020-11-06 09:35:21.970,4.937,1000
2020-11-06 09:35:21.970,4.937,1000
2020-11-06 09:35:21.970,4.937,1500
2020-11-06 09:35:21.970,4.937,7000
2020-11-06 09:35:21.970,4.937,4000
2020-11-06 09:35:21.970,4.938,170800
2020-11-06 09:35:21.970,4.938,50000
2020-11-06 09:35:21.970,4.938,100000
2020-11-06 09:35:21.970,4.938,9800
2020-11-06 09:35:21.970,4.939,1000
2020-11-06 09:35:21.970,4.939,6000
2020-11-06 09:35:21.970,4.939,60000
2020-11-06 09:35:21.970,4.939,10000
2020-11-06 09:35:21.970,4.94,100
2020-11-06 09:35:21.970,4.94,600
2020-11-06 09:35:21.970,4.94,7300
2020-11-06 09:35:21.970,4.94,11400
2020-11-06 09:35:21.970,4.94,600
2020-11-06 09:35:21.970,4.94,5000
2020-11-06 09:35:21.970,4.94,530100
2020-11-06 09:35:22.740,4.937,5000
2020-11-06 09:35:23.620,4.937,59200
2020-11-06 09:35:23.800,4.937,200
2020-11-06 09:35:23.930,4.937,4000
2020-11-06 09:35:24.550,4.937,300
2020-11-06 09:35:26.310,4.937,1000
2020-11-06 09:35:26.460,4.937,12800
2020-11-06 09:35:26.550,4.937,3000
2020-11-06 09:35:26.760,4.937,500
2020-11-06 09:35:26.920,4.937,10000
2020-11-06 09:35:27.510,4.939,10000
2020-11-06 09:35:29.100,4.939,100
2020-11-06 09:35:29.530,4.937,1000
2020-11-06 09:35:29.770,4.939,2800
2020-11-06 09:35:30.830,4.939,8400
2020-11-06 09:35:31.180,4.937,1600
2020-11-06 09:35:31.290,4.937,1300
2020-11-06 09:35:32.030,4.939,20000
2020-11-06 09:35:32.030,4.937,1000
2020-11-06 09:35:32.660,4.939,200
2020-11-06 09:35:34.050,4.939,1600
2020-11-06 09:35:35.460,4.939,300
2020-11-06 09:35:35.460,4.939,1600
2020-11-06 09:35:35.580,4.938,500
2020-11-06 09:35:35.580,4.937,3500
2020-11-06 09:35:36.330,4.937,600
2020-11-06 09:35:36.690,4.937,10000
2020-11-06 09:35:36.990,4.937,900
2020-11-06 09:35:37.190,4.939,600
2020-11-06 09:35:37.190,4.937,100
2020-11-06 09:35:37.290,4.937,100
2020-11-06 09:35:37.780,4.939,900
2020-11-06 09:35:38.350,4.939,100
2020-11-06 09:35:38.610,4.939,17900
2020-11-06 09:35:39.160,4.939,31100
2020-11-06 09:35:39.160,4.939,21900
2020-11-06 09:35:39.880,4.939,200
2020-11-06 09:35:41.990,4.939,6100
2020-11-06 09:35:43.020,4.939,19100
2020-11-06 09:35:43.380,4.939,100
2020-11-06 09:35:43.790,4.939,2600
2020-11-06 09:35:44.590,4.94,400
2020-11-06 09:35:44.880,4.939,50000
2020-11-06 09:35:44.880,4.939,700
2020-11-06 09:35:44.880,4.939,50000
2020-11-06 09:35:44.880,4.939,700
2020-11-06 09:35:44.880,4.939,700
2020-11-06 09:35:44.880,4.939,700
2020-11-06 09:35:44.880,4.939,1000
2020-11-06 09:35:44.880,4.939,1000
2020-11-06 09:35:44.880,4.939,20000
2020-11-06 09:35:44.880,4.939,200
2020-11-06 09:35:44.880,4.939,1000
2020-11-06 09:35:44.880,4.939,1000
2020-11-06 09:35:44.970,4.939,10100
2020-11-06 09:35:45.210,4.938,300
2020-11-06 09:35:45.250,4.938,500
2020-11-06 09:35:45.350,4.939,6200
2020-11-06 09:35:45.540,4.938,6200
2020-11-06 09:35:47.640,4.939,100
2020-11-06 09:35:48.290,4.938,3000
2020-11-06 09:35:48.290,4.938,2000
2020-11-06 09:35:48.290,4.938,3000
2020-11-06 09:35:48.880,4.939,100
2020-11-06 09:35:49.310,4.939,1000
2020-11-06 09:35:49.800,4.939,800
2020-11-06 09:35:50.540,4.939,28100
2020-11-06 09:35:52.070,4.939,5000
2020-11-06 09:35:52.370,4.938,2000
2020-11-06 09:35:52.370,4.938,8000
2020-11-06 09:35:52.550,4.939,100
2020-11-06 09:35:52.970,4.939,8400
2020-11-06 09:35:53.780,4.939,200
2020-11-06 09:35:54.320,4.938,3000
2020-11-06 09:35:54.780,4.939,2000
2020-11-06 09:35:55.950,4.939,1000
2020-11-06 09:35:56.220,4.939,8400
2020-11-06 09:35:56.250,4.939,2000
2020-11-06 09:35:56.770,4.938,600
2020-11-06 09:35:56.770,4.938,900
2020-11-06 09:35:56.770,4.938,1000
2020-11-06 09:35:56.770,4.938,9700
2020-11-06 09:35:57.070,4.939,3500
2020-11-06 09:35:57.440,4.939,1000
2020-11-06 09:35:57.750,4.939,100
2020-11-06 09:35:57.860,4.939,100
2020-11-06 09:35:58.020,4.938,100
2020-11-06 09:35:58.190,4.939,1000
2020-11-06 09:35:58.400,4.939,5000
2020-11-06 09:35:58.540,4.938,200
2020-11-06 09:35:58.540,4.938,200
2020-11-06 09:35:59.410,4.938,7900
2020-11-06 09:35:59.810,4.938,1000
2020-11-06 09:35:59.810,4.939,49800
2020-11-06 09:35:59.840,4.939,100
2020-11-06 09:36:00.150,4.939,1000
2020-11-06 09:36:00.300,4.938,1100
2020-11-06 09:36:00.300,4.938,900
2020-11-06 09:36:00.530,4.939,5000
2020-11-06 09:36:01.170,4.938,100
2020-11-06 09:36:01.470,4.938,1500
2020-11-06 09:36:01.500,4.938,100
2020-11-06 09:36:01.690,4.938,400
2020-11-06 09:36:01.690,4.938,1000
2020-11-06 09:36:01.690,4.938,500
2020-11-06 09:36:01.690,4.939,600
2020-11-06 09:36:01.790,4.939,100
2020-11-06 09:36:02.110,4.937,8100
2020-11-06 09:36:02.110,4.937,200
2020-11-06 09:36:02.110,4.937,1000
2020-11-06 09:36:02.110,4.937,4600
2020-11-06 09:36:02.110,4.937,10000
2020-11-06 09:36:02.110,4.937,3000
2020-11-06 09:36:02.110,4.937,200
2020-11-06 09:36:02.110,4.937,6100
2020-11-06 09:36:02.110,4.937,200
2020-11-06 09:36:02.110,4.937,800
2020-11-06 09:36:02.110,4.937,5000
2020-11-06 09:36:02.110,4.937,700
2020-11-06 09:36:02.110,4.937,500
2020-11-06 09:36:02.110,4.937,100
2020-11-06 09:36:02.110,4.937,1000
2020-11-06 09:36:02.110,4.937,500
2020-11-06 09:36:02.110,4.937,3000
2020-11-06 09:36:02.110,4.937,6000
2020-11-06 09:36:02.110,4.937,2000
2020-11-06 09:36:02.110,4.937,1000
2020-11-06 09:36:02.110,4.937,400
2020-11-06 09:36:02.110,4.937,20400
2020-11-06 09:36:03.520,4.938,300
2020-11-06 09:36:04.200,4.938,100
2020-11-06 09:36:05.210,4.938,3000
2020-11-06 09:36:05.940,4.938,100
2020-11-06 09:36:06.410,4.938,900
2020-11-06 09:36:06.930,4.937,11400
2020-11-06 09:36:08.090,4.938,5000
2020-11-06 09:36:08.550,4.937,4800
2020-11-06 09:36:08.760,4.937,17500
2020-11-06 09:36:08.760,4.937,10000
2020-11-06 09:36:08.760,4.937,500
2020-11-06 09:36:08.760,4.937,6000
2020-11-06 09:36:08.760,4.937,3000
2020-11-06 09:36:08.760,4.937,1000
2020-11-06 09:36:09.030,4.937,5000
2020-11-06 09:36:09.410,4.937,45000
2020-11-06 09:36:09.710,4.936,19700
2020-11-06 09:36:09.710,4.936,5000
2020-11-06 09:36:09.710,4.936,1000
2020-11-06 09:36:09.710,4.936,2000
2020-11-06 09:36:09.710,4.936,5000
2020-11-06 09:36:09.710,4.936,5000
2020-11-06 09:36:09.710,4.936,100
2020-11-06 09:36:09.710,4.936,2000
2020-11-06 09:36:09.710,4.936,200
2020-11-06 09:36:09.710,4.936,5000
2020-11-06 09:36:09.710,4.936,100
2020-11-06 09:36:09.710,4.936,100
2020-11-06 09:36:09.710,4.936,2300
2020-11-06 09:36:09.710,4.936,1600
2020-11-06 09:36:09.710,4.936,100
2020-11-06 09:36:09.710,4.936,5000
2020-11-06 09:36:09.870,4.936,38300
2020-11-06 09:36:10.470,4.936,1000
2020-11-06 09:36:11.450,4.936,3000
2020-11-06 09:36:11.470,4.936,10000
2020-11-06 09:36:11.690,4.936,2500
2020-11-06 09:36:11.750,4.936,900
2020-11-06 09:36:11.930,4.935,35900
2020-11-06 09:36:11.930,4.935,50000
2020-11-06 09:36:11.930,4.935,2000
2020-11-06 09:36:11.930,4.935,10000
2020-11-06 09:36:11.930,4.935,2000
2020-11-06 09:36:11.930,4.935,100
2020-11-06 09:36:11.930,4.935,30000
2020-11-06 09:36:11.930,4.935,10000
2020-11-06 09:36:11.930,4.935,3000
2020-11-06 09:36:11.930,4.935,100
2020-11-06 09:36:11.930,4.935,400
2020-11-06 09:36:11.930,4.935,100
2020-11-06 09:36:11.930,4.935,4000
2020-11-06 09:36:11.930,4.935,20000
2020-11-06 09:36:11.930,4.935,3000
2020-11-06 09:36:11.930,4.935,100
2020-11-06 09:36:11.930,4.935,100
2020-11-06 09:36:11.930,4.935,44100
2020-11-06 09:36:11.930,4.935,1400
2020-11-06 09:36:11.930,4.935,5000
2020-11-06 09:36:11.930,4.935,1000
2020-11-06 09:36:11.930,4.935,3000
2020-11-06 09:36:11.930,4.935,3000
2020-11-06 09:36:11.930,4.935,1000
2020-11-06 09:36:11.930,4.935,500
2020-11-06 09:36:11.930,4.935,1000
2020-11-06 09:36:11.930,4.935,10000
2020-11-06 09:36:11.930,4.935,500
2020-11-06 09:36:11.930,4.935,1000
2020-11-06 09:36:11.930,4.935,100
2020-11-06 09:36:11.930,4.935,7000
2020-11-06 09:36:12.250,4.934,100
2020-11-06 09:36:12.250,4.934,20000
2020-11-06 09:36:12.250,4.934,5100
2020-11-06 09:36:12.250,4.934,3000
2020-11-06 09:36:12.250,4.934,3000
2020-11-06 09:36:12.250,4.934,14000
2020-11-06 09:36:12.770,4.935,200
2020-11-06 09:36:13.290,4.935,18700
2020-11-06 09:36:13.790,4.934,8800
2020-11-06 09:36:13.970,4.934,27200
2020-11-06 09:36:13.970,4.934,1000
2020-11-06 09:36:13.970,4.934,10000
2020-11-06 09:36:13.970,4.934,5000
2020-11-06 09:36:13.970,4.934,1000
2020-11-06 09:36:13.970,4.934,500
2020-11-06 09:36:13.970,4.934,200
2020-11-06 09:36:13.970,4.934,1000
2020-11-06 09:36:13.970,4.934,5000
2020-11-06 09:36:13.970,4.934,60000
2020-11-06 09:36:13.970,4.934,500
2020-11-06 09:36:14.290,4.934,100
2020-11-06 09:36:14.380,4.934,1900
2020-11-06 09:36:15.140,4.933,100
2020-11-06 09:36:15.140,4.933,700
2020-11-06 09:36:15.140,4.933,2500
2020-11-06 09:36:15.140,4.933,800
2020-11-06 09:36:15.140,4.933,800
2020-11-06 09:36:15.140,4.933,3000
2020-11-06 09:36:15.140,4.933,400
2020-11-06 09:36:15.140,4.933,500
2020-11-06 09:36:15.140,4.933,3000
2020-11-06 09:36:15.140,4.933,19900
2020-11-06 09:36:15.720,4.934,100
2020-11-06 09:36:16.100,4.934,1000
2020-11-06 09:36:16.630,4.934,100
2020-11-06 09:36:16.820,4.934,20000
2020-11-06 09:36:17.440,4.933,100
2020-11-06 09:36:17.440,4.933,100
2020-11-06 09:36:17.500,4.934,1000
2020-11-06 09:36:17.500,4.934,1000
2020-11-06 09:36:17.650,4.933,100
2020-11-06 09:36:20.240,4.933,59800
2020-11-06 09:36:20.240,4.933,100
2020-11-06 09:36:20.240,4.933,200
2020-11-06 09:36:20.240,4.933,26700
2020-11-06 09:36:20.240,4.933,100
2020-11-06 09:36:20.240,4.933,500
2020-11-06 09:36:20.360,4.933,1000
2020-11-06 09:36:20.730,4.933,211600
2020-11-06 09:36:21.550,4.934,700
2020-11-06 09:36:22.120,4.935,9700
2020-11-06 09:36:22.120,4.934,100
2020-11-06 09:36:22.600,4.935,39200
2020-11-06 09:36:22.770,4.934,300
2020-11-06 09:36:22.890,4.934,400
2020-11-06 09:36:23.550,4.934,14800
2020-11-06 09:36:23.630,4.934,4200
2020-11-06 09:36:24.790,4.935,54600
2020-11-06 09:36:25.380,4.934,10000
2020-11-06 09:36:25.380,4.934,100
2020-11-06 09:36:25.380,4.934,100
2020-11-06 09:36:25.380,4.934,300
2020-11-06 09:36:25.380,4.934,5000
2020-11-06 09:36:25.380,4.934,200
2020-11-06 09:36:25.380,4.933,16500
2020-11-06 09:36:26.180,4.935,44700
2020-11-06 09:36:27.370,4.934,2100
2020-11-06 09:36:27.370,4.934,200
2020-11-06 09:36:27.430,4.934,5500
2020-11-06 09:36:27.740,4.935,23000
2020-11-06 09:36:27.740,4.935,128800
2020-11-06 09:36:27.740,4.935,20300
2020-11-06 09:36:27.740,4.935,2000
2020-11-06 09:36:28.750,4.935,55700
2020-11-06 09:36:29.020,4.935,78000
2020-11-06 09:36:29.570,4.935,4500
2020-11-06 09:36:30.180,4.934,200
2020-11-06 09:36:30.730,4.934,2200
2020-11-06 09:36:32.870,4.935,100
2020-11-06 09:36:32.870,4.936,49900
2020-11-06 09:36:33.300,4.936,5000
2020-11-06 09:36:33.460,4.935,1300
2020-11-06 09:36:33.640,4.936,5000
2020-11-06 09:36:34.790,4.935,1000
2020-11-06 09:36:34.970,4.936,100
2020-11-06 09:36:34.970,4.936,2200
2020-11-06 09:36:34.970,4.936,2300
2020-11-06 09:36:34.970,4.937,200
2020-11-06 09:36:34.970,4.937,1000
2020-11-06 09:36:35.000,4.935,100
2020-11-06 09:36:35.740,4.936,800
2020-11-06 09:36:36.140,4.936,4200
2020-11-06 09:36:36.140,4.935,20000
2020-11-06 09:36:36.210,4.935,77600
2020-11-06 09:36:36.210,4.935,30000
2020-11-06 09:36:36.210,4.935,123300
2020-11-06 09:36:36.210,4.935,69100
2020-11-06 09:36:36.960,4.935,600
2020-11-06 09:36:37.020,4.936,800
2020-11-06 09:36:37.600,4.936,500
2020-11-06 09:36:38.140,4.936,1700
2020-11-06 09:36:38.170,4.935,200
2020-11-06 09:36:38.170,4.935,1100
2020-11-06 09:36:38.230,4.935,100
2020-11-06 09:36:39.470,4.936,3300
2020-11-06 09:36:40.180,4.936,25800
2020-11-06 09:36:41.280,4.936,10900
2020-11-06 09:36:41.280,4.935,8800
2020-11-06 09:36:41.280,4.935,1000
2020-11-06 09:36:41.280,4.935,7000
2020-11-06 09:36:41.280,4.935,2900
2020-11-06 09:36:42.130,4.936,5000
2020-11-06 09:36:42.910,4.937,1200
2020-11-06 09:36:44.100,4.937,800
2020-11-06 09:36:44.100,4.936,100
2020-11-06 09:36:44.100,4.936,4100
2020-11-06 09:36:44.770,4.936,5600
2020-11-06 09:36:45.290,4.936,100
2020-11-06 09:36:45.850,4.936,300
2020-11-06 09:36:45.950,4.936,300
2020-11-06 09:36:46.080,4.936,400
2020-11-06 09:36:46.140,4.936,8200
2020-11-06 09:36:46.140,4.936,15200
2020-11-06 09:36:46.140,4.936,5600
2020-11-06 09:36:48.660,4.935,3100
2020-11-06 09:36:48.720,4.936,1100
2020-11-06 09:36:48.720,4.936,500
2020-11-06 09:36:49.290,4.936,1000
2020-11-06 09:36:50.130,4.936,2400
2020-11-06 09:36:50.130,4.935,3000
2020-11-06 09:36:50.130,4.935,1000
2020-11-06 09:36:50.130,4.935,700
2020-11-06 09:36:50.130,4.935,1400
2020-11-06 09:36:50.130,4.935,3000
2020-11-06 09:36:50.130,4.935,100
2020-11-06 09:36:50.130,4.935,500
2020-11-06 09:36:50.130,4.935,2000
2020-11-06 09:36:50.130,4.935,17800
2020-11-06 09:36:50.130,4.935,200
2020-11-06 09:36:50.130,4.935,200
2020-11-06 09:36:50.130,4.935,700
2020-11-06 09:36:51.510,4.935,4300
2020-11-06 09:36:51.510,4.935,600
2020-11-06 09:36:51.510,4.934,3000
2020-11-06 09:36:51.510,4.934,20000
2020-11-06 09:36:51.510,4.934,1100
2020-11-06 09:36:51.510,4.934,3000
2020-11-06 09:36:51.510,4.934,60000
2020-11-06 09:36:51.510,4.934,200
2020-11-06 09:36:51.510,4.934,100
2020-11-06 09:36:51.510,4.934,600
2020-11-06 09:36:51.510,4.934,7100
2020-11-06 09:36:51.510,4.936,200
2020-11-06 09:36:51.710,4.936,100
2020-11-06 09:36:51.710,4.937,8200
2020-11-06 09:36:51.710,4.938,1700
2020-11-06 09:36:52.110,4.936,200
2020-11-06 09:36:52.140,4.936,4800
2020-11-06 09:36:52.500,4.935,100
2020-11-06 09:36:52.500,4.938,9500
2020-11-06 09:36:52.500,4.938,400
2020-11-06 09:36:53.000,4.937,3000
2020-11-06 09:36:54.140,4.937,1000
2020-11-06 09:36:56.220,4.937,2900
2020-11-06 09:36:56.220,4.937,1000
2020-11-06 09:36:56.220,4.938,100
2020-11-06 09:36:56.220,4.938,200
2020-11-06 09:36:56.220,4.938,4200
2020-11-06 09:36:56.280,4.936,20200
2020-11-06 09:36:56.430,4.936,1900
2020-11-06 09:36:56.860,4.936,1000
2020-11-06 09:36:57.260,4.938,800
2020-11-06 09:36:57.260,4.938,1200
2020-11-06 09:36:57.470,4.936,2400
2020-11-06 09:36:57.900,4.936,300
2020-11-06 09:36:58.780,4.937,100
2020-11-06 09:36:59.200,4.937,100
2020-11-06 09:36:59.720,4.937,100
2020-11-06 09:36:59.720,4.936,1900
2020-11-06 09:37:00.990,4.936,12400
2020-11-06 09:37:01.550,4.936,300000
2020-11-06 09:37:02.800,4.936,400
2020-11-06 09:37:02.830,4.937,2000
2020-11-06 09:37:03.540,4.936,259500
2020-11-06 09:37:03.540,4.936,2200
2020-11-06 09:37:03.540,4.936,3000
2020-11-06 09:37:03.540,4.936,15000
2020-11-06 09:37:03.540,4.936,500
2020-11-06 09:37:03.540,4.936,400
2020-11-06 09:37:03.540,4.936,500
2020-11-06 09:37:03.540,4.936,18900
2020-11-06 09:37:03.860,4.937,10000
2020-11-06 09:37:04.580,4.936,8100
2020-11-06 09:37:04.580,4.936,4100
2020-11-06 09:37:04.580,4.936,3000
2020-11-06 09:37:05.240,4.935,64600
2020-11-06 09:37:05.240,4.936,1000
2020-11-06 09:37:05.420,4.936,100000
2020-11-06 09:37:05.650,4.936,700
2020-11-06 09:37:06.950,4.936,8700
2020-11-06 09:37:07.320,4.936,2000
2020-11-06 09:37:07.350,4.935,4000
2020-11-06 09:37:07.420,4.936,500
2020-11-06 09:37:07.740,4.935,32600
2020-11-06 09:37:08.200,4.936,10000
2020-11-06 09:37:10.140,4.936,3000
2020-11-06 09:37:10.550,4.936,1000
2020-11-06 09:37:10.670,4.936,1000
2020-11-06 09:37:10.820,4.936,3000
2020-11-06 09:37:12.240,4.936,18100
2020-11-06 09:37:12.300,4.936,46900
2020-11-06 09:37:12.610,4.935,8000
2020-11-06 09:37:12.770,4.936,100
2020-11-06 09:37:12.820,4.936,100
2020-11-06 09:37:12.920,4.935,200
2020-11-06 09:37:14.240,4.936,500
2020-11-06 09:37:14.270,4.936,5000
2020-11-06 09:37:14.360,4.936,20000
2020-11-06 09:37:14.420,4.936,500
2020-11-06 09:37:14.420,4.936,5000
2020-11-06 09:37:14.480,4.936,300
2020-11-06 09:37:15.040,4.936,10000
2020-11-06 09:37:15.110,4.936,100
2020-11-06 09:37:15.440,4.936,10000
2020-11-06 09:37:15.630,4.936,100
2020-11-06 09:37:16.030,4.936,5000
2020-11-06 09:37:16.310,4.936,5000
2020-11-06 09:37:16.930,4.936,2000
2020-11-06 09:37:16.960,4.936,100
2020-11-06 09:37:17.240,4.936,25100
2020-11-06 09:37:17.240,4.936,1200
2020-11-06 09:37:17.240,4.936,1000
2020-11-06 09:37:17.240,4.936,72700
2020-11-06 09:37:17.530,4.936,100
2020-11-06 09:37:17.620,4.935,3500
2020-11-06 09:37:17.730,4.936,300
2020-11-06 09:37:18.300,4.935,700
2020-11-06 09:37:18.750,4.936,100
2020-11-06 09:37:19.810,4.935,1100
2020-11-06 09:37:19.840,4.936,8400
2020-11-06 09:37:20.060,4.936,10000
2020-11-06 09:37:20.410,4.936,1100
2020-11-06 09:37:20.960,4.936,27300
2020-11-06 09:37:20.960,4.936,1500
2020-11-06 09:37:20.960,4.936,500
2020-11-06 09:37:20.960,4.936,3100
2020-11-06 09:37:23.120,4.935,10900
2020-11-06 09:37:23.120,4.936,18300
2020-11-06 09:37:23.120,4.936,21700
2020-11-06 09:37:23.200,4.936,2000
2020-11-06 09:37:23.610,4.936,800
2020-11-06 09:37:23.760,4.936,14600
2020-11-06 09:37:23.940,4.936,32300
2020-11-06 09:37:24.010,4.936,800
2020-11-06 09:37:24.350,4.936,100
2020-11-06 09:37:24.350,4.936,1000
2020-11-06 09:37:24.380,4.936,200
2020-11-06 09:37:24.920,4.936,4000
2020-11-06 09:37:24.920,4.936,10000
2020-11-06 09:37:25.740,4.936,4200
2020-11-06 09:37:25.860,4.936,11200
2020-11-06 09:37:25.860,4.936,28800
2020-11-06 09:37:26.170,4.936,1200
2020-11-06 09:37:26.170,4.936,800
2020-11-06 09:37:26.580,4.935,300
2020-11-06 09:37:26.860,4.936,1200
2020-11-06 09:37:26.860,4.936,2000
2020-11-06 09:37:26.860,4.936,800
2020-11-06 09:37:26.860,4.936,200
2020-11-06 09:37:27.330,4.936,1600
2020-11-06 09:37:27.330,4.936,500
2020-11-06 09:37:27.330,4.936,2100
2020-11-06 09:37:27.910,4.937,1000
2020-11-06 09:37:28.590,4.936,1200
2020-11-06 09:37:28.590,4.936,1400
2020-11-06 09:37:28.590,4.936,1400
2020-11-06 09:37:28.590,4.936,2000
2020-11-06 09:37:28.680,4.936,40000
2020-11-06 09:37:29.230,4.936,61200
2020-11-06 09:37:30.150,4.936,500
2020-11-06 09:37:31.400,4.936,2000
2020-11-06 09:37:32.870,4.937,200
2020-11-06 09:37:33.110,4.936,1000
2020-11-06 09:37:33.140,4.936,35100
2020-11-06 09:37:34.210,4.936,1600
2020-11-06 09:37:34.510,4.936,200
2020-11-06 09:37:35.040,4.937,100
2020-11-06 09:37:37.710,4.937,3600
2020-11-06 09:37:39.440,4.937,100
2020-11-06 09:37:41.320,4.936,1500
2020-11-06 09:37:41.800,4.937,6600
2020-11-06 09:37:41.800,4.937,200
2020-11-06 09:37:41.800,4.937,20000
2020-11-06 09:37:41.800,4.937,400
2020-11-06 09:37:43.790,4.937,5000
2020-11-06 09:37:43.820,4.938,8800
2020-11-06 09:37:43.820,4.938,8000
2020-11-06 09:37:43.820,4.938,300
2020-11-06 09:37:43.820,4.938,3100
2020-11-06 09:37:43.820,4.938,500
2020-11-06 09:37:43.820,4.938,300
2020-11-06 09:37:43.820,4.938,2000
2020-11-06 09:37:43.820,4.938,1100
2020-11-06 09:37:43.820,4.938,800
2020-11-06 09:37:43.820,4.938,5000
2020-11-06 09:37:43.820,4.938,1000
2020-11-06 09:37:43.820,4.938,5000
2020-11-06 09:37:43.820,4.938,2200
2020-11-06 09:37:44.920,4.938,500
2020-11-06 09:37:45.690,4.937,3300
2020-11-06 09:37:46.420,4.937,2500
2020-11-06 09:37:47.260,4.937,200
2020-11-06 09:37:47.720,4.937,400
2020-11-06 09:37:49.370,4.938,500
2020-11-06 09:37:51.080,4.939,4000
2020-11-06 09:37:51.140,4.938,500
2020-11-06 09:37:51.140,4.938,200
2020-11-06 09:37:51.140,4.938,600
2020-11-06 09:37:51.240,4.939,500
2020-11-06 09:37:51.770,4.938,400
2020-11-06 09:37:51.770,4.937,1800
2020-11-06 09:37:52.440,4.937,300
2020-11-06 09:37:52.890,4.939,100
2020-11-06 09:37:53.840,4.938,1400
2020-11-06 09:37:54.220,4.938,100
2020-11-06 09:37:55.380,4.937,900
2020-11-06 09:37:55.380,4.937,100
2020-11-06 09:37:55.380,4.937,300
2020-11-06 09:37:55.420,4.937,3700
2020-11-06 09:37:55.420,4.937,1000
2020-11-06 09:37:55.420,4.937,100
2020-11-06 09:37:55.420,4.937,5000
2020-11-06 09:37:55.420,4.937,100
2020-11-06 09:37:55.420,4.937,1000
2020-11-06 09:37:55.420,4.937,5700
2020-11-06 09:37:55.920,4.938,4500
2020-11-06 09:37:55.920,4.939,500
2020-11-06 09:37:56.080,4.937,5000
2020-11-06 09:37:56.110,4.937,500
2020-11-06 09:37:56.360,4.939,19100
2020-11-06 09:37:57.100,4.937,2000
2020-11-06 09:37:58.590,4.938,200
2020-11-06 09:37:59.050,4.938,5000
2020-11-06 09:37:59.290,4.938,1000
2020-11-06 09:37:59.500,4.937,10000
2020-11-06 09:37:59.500,4.937,4000
2020-11-06 09:37:59.500,4.937,7000
2020-11-06 09:37:59.500,4.937,500
2020-11-06 09:37:59.500,4.937,4100
2020-11-06 09:37:59.500,4.937,100
2020-11-06 09:37:59.500,4.937,2300
2020-11-06 09:37:59.500,4.937,400
2020-11-06 09:37:59.500,4.937,500
2020-11-06 09:38:00.100,4.936,2200
2020-11-06 09:38:01.120,4.936,1000
2020-11-06 09:38:01.460,4.937,10000
2020-11-06 09:38:01.660,4.937,1100
2020-11-06 09:38:01.660,4.938,3800
2020-11-06 09:38:01.660,4.938,100
2020-11-06 09:38:02.370,4.936,21200
2020-11-06 09:38:02.740,4.937,6000
2020-11-06 09:38:03.160,4.937,1800
2020-11-06 09:38:04.410,4.937,600
2020-11-06 09:38:04.410,4.937,400
2020-11-06 09:38:05.870,4.937,9200
2020-11-06 09:38:05.870,4.937,6800
2020-11-06 09:38:05.870,4.937,4000
2020-11-06 09:38:06.300,4.937,40000
2020-11-06 09:38:06.490,4.936,35000
2020-11-06 09:38:07.360,4.936,30400
2020-11-06 09:38:08.510,4.937,6800
2020-11-06 09:38:09.890,4.937,5000
2020-11-06 09:38:09.890,4.936,1800
2020-11-06 09:38:10.550,4.937,4200
2020-11-06 09:38:10.550,4.937,600
2020-11-06 09:38:10.640,4.937,5000
2020-11-06 09:38:11.000,4.936,1500
2020-11-06 09:38:11.110,4.937,1000
2020-11-06 09:38:11.370,4.937,3400
2020-11-06 09:38:11.370,4.937,1600
2020-11-06 09:38:11.880,4.936,100
