Datetime,Price,Volume
2020-11-02 09:25:00.840,3.333,500
2020-11-02 09:25:00.840,3.333,1000
2020-11-02 09:25:00.840,3.333,11500
2020-11-02 09:25:00.840,3.333,25000
2020-11-02 09:25:00.840,3.333,21400
2020-11-02 09:25:00.840,3.333,3600
2020-11-02 09:25:00.840,3.333,1000
2020-11-02 09:25:00.840,3.333,100
2020-11-02 09:25:00.840,3.333,5300
2020-11-02 09:25:00.840,3.333,2500
2020-11-02 09:25:00.840,3.333,100
2020-11-02 09:25:00.840,3.333,100
2020-11-02 09:25:00.840,3.333,300
2020-11-02 09:25:00.840,3.333,8800
2020-11-02 09:25:00.840,3.333,600
2020-11-02 09:25:00.840,3.333,200
2020-11-02 09:25:00.840,3.333,1900
2020-11-02 09:25:00.840,3.333,5900
2020-11-02 09:25:00.840,3.333,32600
2020-11-02 09:25:00.840,3.333,7400
2020-11-02 09:25:00.840,3.333,7000
2020-11-02 09:25:00.840,3.333,14000
2020-11-02 09:25:00.840,3.333,5000
2020-11-02 09:25:00.840,3.333,2000
2020-11-02 09:25:00.840,3.333,14600
2020-11-02 09:25:00.840,3.333,5400
2020-11-02 09:25:00.840,3.333,2600
2020-11-02 09:25:00.840,3.333,1200
2020-11-02 09:25:00.840,3.333,71600
2020-11-02 09:25:00.840,3.333,400
2020-11-02 09:25:00.840,3.333,100
2020-11-02 09:25:00.840,3.333,4600
2020-11-02 09:25:00.840,3.333,2000
2020-11-02 09:25:00.840,3.333,100
2020-11-02 09:25:00.840,3.333,8000
2020-11-02 09:25:00.840,3.333,27400
2020-11-02 09:25:00.840,3.333,60
2020-11-02 09:25:00.840,3.333,4600
2020-11-02 09:25:00.840,3.333,20
2020-11-02 09:25:00.840,3.333,4600
2020-11-02 09:25:00.840,3.333,200
2020-11-02 09:25:00.840,3.333,10000
2020-11-02 09:25:00.840,3.333,53120
2020-11-02 09:25:00.840,3.333,18900
2020-11-02 09:25:00.840,3.333,2000
2020-11-02 09:25:00.840,3.333,15980
2020-11-02 09:25:00.840,3.333,500
2020-11-02 09:25:00.840,3.333,1000
2020-11-02 09:25:00.840,3.333,4000
2020-11-02 09:25:00.840,3.333,10500
2020-11-02 09:25:00.840,3.333,30000
2020-11-02 09:25:00.840,3.333,700
2020-11-02 09:25:00.840,3.333,300
2020-11-02 09:25:00.840,3.333,100
2020-11-02 09:25:00.840,3.333,100
2020-11-02 09:25:00.840,3.333,2000
2020-11-02 09:25:00.840,3.333,500
2020-11-02 09:25:00.840,3.333,10000
2020-11-02 09:25:00.840,3.333,400
2020-11-02 09:25:00.840,3.333,100
2020-11-02 09:25:00.840,3.333,23820
2020-11-02 09:25:00.840,3.333,28880
2020-11-02 09:25:00.840,3.333,800
2020-11-02 09:25:00.840,3.333,1000
2020-11-02 09:25:00.840,3.333,1700
2020-11-02 09:25:00.840,3.333,100
2020-11-02 09:25:00.840,3.333,2000
2020-11-02 09:25:00.840,3.333,3600
2020-11-02 09:25:00.840,3.333,500
2020-11-02 09:25:00.840,3.333,61420
2020-11-02 09:25:00.840,3.333,1500
2020-11-02 09:25:00.840,3.333,100
2020-11-02 09:25:00.840,3.333,300
2020-11-02 09:25:00.840,3.333,26680
2020-11-02 09:25:00.840,3.333,100
2020-11-02 09:25:00.840,3.333,11800
2020-11-02 09:25:00.840,3.333,6900
2020-11-02 09:25:00.840,3.333,7300
2020-11-02 09:25:00.840,3.333,2900
2020-11-02 09:25:00.840,3.333,5000
2020-11-02 09:25:00.840,3.333,320
2020-11-02 09:25:00.840,3.333,5000
2020-11-02 09:25:00.840,3.333,61200
2020-11-02 09:25:00.840,3.333,13480
2020-11-02 09:25:00.840,3.333,6000
2020-11-02 09:25:00.840,3.333,520
2020-11-02 09:25:00.840,3.333,29480
2020-11-02 09:25:00.840,3.333,520
2020-11-02 09:25:00.840,3.333,29480
2020-11-02 09:25:00.840,3.333,19820
2020-11-02 09:25:00.840,3.333,74380
2020-11-02 09:25:00.840,3.333,15000
2020-11-02 09:25:00.840,3.333,100
2020-11-02 09:25:00.840,3.333,22400
2020-11-02 09:25:00.840,3.333,500
2020-11-02 09:25:00.840,3.333,800
2020-11-02 09:25:00.840,3.333,26900
2020-11-02 09:25:00.840,3.333,100
2020-11-02 09:25:00.840,3.333,3100
2020-11-02 09:25:00.840,3.333,16720
2020-11-02 09:30:00.070,3.332,1500
2020-11-02 09:30:00.180,3.332,3400
2020-11-02 09:30:00.180,3.332,100
2020-11-02 09:30:00.180,3.332,100
2020-11-02 09:30:00.290,3.333,3280
2020-11-02 09:30:00.290,3.333,300
2020-11-02 09:30:00.290,3.333,1500
2020-11-02 09:30:00.290,3.333,10000
2020-11-02 09:30:00.340,3.333,54300
2020-11-02 09:30:00.380,3.333,10000
2020-11-02 09:30:00.420,3.334,6500
2020-11-02 09:30:00.420,3.333,10500
2020-11-02 09:30:00.460,3.333,10000
2020-11-02 09:30:00.550,3.334,3500
2020-11-02 09:30:00.550,3.334,11000
2020-11-02 09:30:00.550,3.335,11000
2020-11-02 09:30:00.550,3.335,24500
2020-11-02 09:30:00.630,3.335,300
2020-11-02 09:30:00.730,3.333,1200
2020-11-02 09:30:00.860,3.333,14500
2020-11-02 09:30:00.900,3.334,1000
2020-11-02 09:30:00.940,3.333,3000
2020-11-02 09:30:00.940,3.333,300
2020-11-02 09:30:01.000,3.334,4300
2020-11-02 09:30:01.180,3.334,1000
2020-11-02 09:30:01.180,3.334,2000
2020-11-02 09:30:01.180,3.335,2400
2020-11-02 09:30:01.340,3.335,500
2020-11-02 09:30:01.390,3.335,2000
2020-11-02 09:30:01.440,3.333,15000
2020-11-02 09:30:01.480,3.335,30000
2020-11-02 09:30:01.530,3.333,1000
2020-11-02 09:30:01.580,3.333,12000
2020-11-02 09:30:01.580,3.335,300
2020-11-02 09:30:01.580,3.335,500
2020-11-02 09:30:01.580,3.335,3000
2020-11-02 09:30:01.620,3.333,3000
2020-11-02 09:30:01.710,3.335,18000
2020-11-02 09:30:01.710,3.335,3000
2020-11-02 09:30:01.810,3.333,150120
2020-11-02 09:30:01.810,3.333,1300
2020-11-02 09:30:01.810,3.333,14380
2020-11-02 09:30:01.860,3.333,600
2020-11-02 09:30:01.860,3.333,2300
2020-11-02 09:30:01.910,3.333,2000
2020-11-02 09:30:01.910,3.334,3000
2020-11-02 09:30:02.090,3.334,7000
2020-11-02 09:30:02.090,3.334,2500
2020-11-02 09:30:02.090,3.333,13400
2020-11-02 09:30:02.530,3.333,5000
2020-11-02 09:30:02.530,3.335,10000
2020-11-02 09:30:02.640,3.335,2000
2020-11-02 09:30:02.640,3.335,2000
2020-11-02 09:30:02.640,3.335,5000
2020-11-02 09:30:02.640,3.335,500
2020-11-02 09:30:02.640,3.335,5500
2020-11-02 09:30:02.690,3.335,2900
2020-11-02 09:30:02.690,3.335,600
2020-11-02 09:30:02.730,3.333,6000
2020-11-02 09:30:02.890,3.334,1000
2020-11-02 09:30:02.890,3.333,11000
2020-11-02 09:30:02.930,3.335,3400
2020-11-02 09:30:02.930,3.335,3000
2020-11-02 09:30:02.930,3.336,11000
2020-11-02 09:30:02.930,3.336,10000
2020-11-02 09:30:02.930,3.336,60000
2020-11-02 09:30:02.930,3.336,10100
2020-11-02 09:30:02.930,3.336,11000
2020-11-02 09:30:02.930,3.336,100
2020-11-02 09:30:02.930,3.336,1000
2020-11-02 09:30:02.930,3.336,300
2020-11-02 09:30:02.930,3.336,500
2020-11-02 09:30:02.930,3.336,2000
2020-11-02 09:30:02.930,3.337,8700
2020-11-02 09:30:02.930,3.333,27200
2020-11-02 09:30:02.980,3.333,1000
2020-11-02 09:30:03.150,3.336,100
2020-11-02 09:30:03.150,3.336,100
2020-11-02 09:30:03.150,3.336,9800
2020-11-02 09:30:03.150,3.334,1000
2020-11-02 09:30:03.150,3.333,59200
2020-11-02 09:30:03.260,3.333,4700
2020-11-02 09:30:03.260,3.333,4800
2020-11-02 09:30:03.260,3.333,200
2020-11-02 09:30:03.260,3.333,4000
2020-11-02 09:30:03.430,3.335,300
2020-11-02 09:30:03.430,3.333,14700
2020-11-02 09:30:03.580,3.335,9000
2020-11-02 09:30:03.760,3.334,10000
2020-11-02 09:30:03.960,3.335,4900
2020-11-02 09:30:04.110,3.334,1300
2020-11-02 09:30:04.300,3.334,100
2020-11-02 09:30:04.340,3.334,2500
2020-11-02 09:30:04.340,3.334,21200
2020-11-02 09:30:04.570,3.335,3000
2020-11-02 09:30:05.170,3.335,1000
2020-11-02 09:30:05.300,3.335,30000
2020-11-02 09:30:05.300,3.335,20300
2020-11-02 09:30:05.300,3.335,1000
2020-11-02 09:30:05.300,3.335,900
2020-11-02 09:30:05.450,3.337,1300
2020-11-02 09:30:05.450,3.337,7600
2020-11-02 09:30:05.450,3.337,3100
2020-11-02 09:30:05.800,3.337,6900
2020-11-02 09:30:05.800,3.337,11000
2020-11-02 09:30:05.800,3.337,5000
2020-11-02 09:30:05.800,3.337,100
2020-11-02 09:30:05.800,3.337,2000
2020-11-02 09:30:05.800,3.337,5000
2020-11-02 09:30:05.850,3.336,10000
2020-11-02 09:30:05.850,3.337,2400
2020-11-02 09:30:05.850,3.337,10000
2020-11-02 09:30:05.850,3.337,100
2020-11-02 09:30:05.850,3.337,7100
2020-11-02 09:30:05.850,3.337,3000
2020-11-02 09:30:05.970,3.337,3000
2020-11-02 09:30:06.190,3.338,45000
2020-11-02 09:30:06.450,3.338,15000
2020-11-02 09:30:06.450,3.338,11000
2020-11-02 09:30:06.450,3.338,300
2020-11-02 09:30:06.450,3.338,2000
2020-11-02 09:30:06.450,3.338,100
2020-11-02 09:30:06.450,3.338,1000
2020-11-02 09:30:06.450,3.338,600
2020-11-02 09:30:06.450,3.338,600
2020-11-02 09:30:06.450,3.338,10000
2020-11-02 09:30:06.450,3.338,19400
2020-11-02 09:30:06.560,3.338,600
2020-11-02 09:30:06.840,3.338,39400
2020-11-02 09:30:06.840,3.337,30000
2020-11-02 09:30:06.840,3.337,40000
2020-11-02 09:30:06.840,3.337,9100
2020-11-02 09:30:06.840,3.339,1000
2020-11-02 09:30:06.840,3.339,300
2020-11-02 09:30:06.840,3.339,200
2020-11-02 09:30:06.840,3.339,10000
2020-11-02 09:30:06.840,3.339,300
2020-11-02 09:30:06.840,3.339,11000
2020-11-02 09:30:06.840,3.339,700
2020-11-02 09:30:06.840,3.339,6500
2020-11-02 09:30:06.840,3.339,8500
2020-11-02 09:30:06.840,3.339,5000
2020-11-02 09:30:06.840,3.339,200
2020-11-02 09:30:06.840,3.339,2000
2020-11-02 09:30:06.840,3.339,5000
2020-11-02 09:30:06.840,3.339,100
2020-11-02 09:30:06.840,3.339,9200
2020-11-02 09:30:06.970,3.337,1600
2020-11-02 09:30:07.950,3.339,20000
2020-11-02 09:30:08.200,3.338,20000
2020-11-02 09:30:08.200,3.338,30000
2020-11-02 09:30:08.270,3.339,30000
2020-11-02 09:30:08.300,3.339,38700
2020-11-02 09:30:08.300,3.339,1200
2020-11-02 09:30:08.300,3.339,100
2020-11-02 09:30:08.430,3.339,900
2020-11-02 09:30:10.650,3.339,3000
2020-11-02 09:30:11.050,3.339,500
2020-11-02 09:30:11.050,3.339,300
2020-11-02 09:30:11.950,3.339,4900
2020-11-02 09:30:12.110,3.34,10000
2020-11-02 09:30:12.110,3.34,2000
2020-11-02 09:30:12.110,3.34,1900
2020-11-02 09:30:12.110,3.34,300
2020-11-02 09:30:12.110,3.34,11000
2020-11-02 09:30:12.110,3.34,15000
2020-11-02 09:30:12.110,3.34,500
2020-11-02 09:30:12.110,3.34,300
2020-11-02 09:30:12.110,3.34,1000
2020-11-02 09:30:12.110,3.34,2000
2020-11-02 09:30:12.110,3.34,700
2020-11-02 09:30:12.110,3.34,15200
2020-11-02 09:30:12.280,3.34,1000
2020-11-02 09:30:12.410,3.339,100
2020-11-02 09:30:12.600,3.34,63800
2020-11-02 09:30:12.600,3.34,1200
2020-11-02 09:30:12.600,3.34,10000
2020-11-02 09:30:12.600,3.34,5000
2020-11-02 09:30:12.600,3.34,1000
2020-11-02 09:30:12.600,3.341,3100
2020-11-02 09:30:12.600,3.341,11000
2020-11-02 09:30:12.600,3.341,150000
2020-11-02 09:30:12.600,3.341,2000
2020-11-02 09:30:12.600,3.341,36300
2020-11-02 09:30:12.600,3.341,100
2020-11-02 09:30:12.600,3.341,100
2020-11-02 09:30:12.600,3.341,1200
2020-11-02 09:30:14.470,3.341,1500
2020-11-02 09:30:14.510,3.342,900
2020-11-02 09:30:14.510,3.342,11000
2020-11-02 09:30:14.510,3.342,10000
2020-11-02 09:30:14.510,3.342,1000
2020-11-02 09:30:14.510,3.342,2000
2020-11-02 09:30:14.510,3.342,1200
2020-11-02 09:30:14.780,3.342,2100
2020-11-02 09:30:14.780,3.341,2900
2020-11-02 09:30:15.000,3.341,2000
2020-11-02 09:30:16.010,3.342,30000
2020-11-02 09:30:16.010,3.342,15000
2020-11-02 09:30:17.000,3.341,1000
2020-11-02 09:30:17.470,3.341,1500
2020-11-02 09:30:17.510,3.341,5000
2020-11-02 09:30:17.690,3.342,100
2020-11-02 09:30:17.990,3.342,2000
2020-11-02 09:30:19.080,3.342,400
2020-11-02 09:30:19.180,3.342,6600
2020-11-02 09:30:19.370,3.342,20900
2020-11-02 09:30:19.370,3.342,29100
2020-11-02 09:30:20.110,3.342,13200
2020-11-02 09:30:20.730,3.342,10100
2020-11-02 09:30:20.730,3.342,4000
2020-11-02 09:30:20.730,3.342,2100
2020-11-02 09:30:21.020,3.343,20000
2020-11-02 09:30:21.020,3.343,3100
2020-11-02 09:30:21.020,3.343,3100
2020-11-02 09:30:21.020,3.343,3100
2020-11-02 09:30:21.020,3.343,11000
2020-11-02 09:30:21.020,3.343,2000
2020-11-02 09:30:21.020,3.343,1200
2020-11-02 09:30:21.020,3.343,241500
2020-11-02 09:30:21.530,3.343,30000
2020-11-02 09:30:21.780,3.342,10000
2020-11-02 09:30:21.780,3.342,5000
2020-11-02 09:30:21.940,3.343,20000
2020-11-02 09:30:22.130,3.342,8000
2020-11-02 09:30:22.490,3.343,1300
2020-11-02 09:30:22.490,3.343,400
2020-11-02 09:30:23.090,3.343,12300
2020-11-02 09:30:23.150,3.342,17000
2020-11-02 09:30:23.150,3.342,3000
2020-11-02 09:30:23.150,3.342,500
2020-11-02 09:30:24.030,3.342,500
2020-11-02 09:30:24.030,3.343,2800
2020-11-02 09:30:24.210,3.342,2900
2020-11-02 09:30:24.410,3.343,12000
2020-11-02 09:30:24.670,3.342,1000
2020-11-02 09:30:24.830,3.342,1000
2020-11-02 09:30:25.100,3.342,3000
2020-11-02 09:30:25.550,3.342,18100
2020-11-02 09:30:25.550,3.342,5000
2020-11-02 09:30:25.550,3.342,30000
2020-11-02 09:30:26.160,3.342,30000
2020-11-02 09:30:26.160,3.342,30000
2020-11-02 09:30:26.460,3.342,20000
2020-11-02 09:30:26.590,3.342,10000
2020-11-02 09:30:26.910,3.342,3000
2020-11-02 09:30:26.910,3.341,400
2020-11-02 09:30:27.050,3.342,30000
2020-11-02 09:30:27.050,3.342,30000
2020-11-02 09:30:27.080,3.341,500
2020-11-02 09:30:27.470,3.341,400
2020-11-02 09:30:27.470,3.341,400
2020-11-02 09:30:27.530,3.342,1000
2020-11-02 09:30:27.790,3.342,10000
2020-11-02 09:30:28.080,3.342,30000
2020-11-02 09:30:28.080,3.342,4400
2020-11-02 09:30:28.690,3.342,48500
2020-11-02 09:30:28.690,3.342,20000
2020-11-02 09:30:28.690,3.342,900
2020-11-02 09:30:28.690,3.342,10600
2020-11-02 09:30:28.690,3.342,15000
2020-11-02 09:30:28.850,3.342,800
2020-11-02 09:30:28.940,3.343,3000
2020-11-02 09:30:29.300,3.343,5000
2020-11-02 09:30:29.600,3.343,1000
2020-11-02 09:30:30.550,3.343,700
2020-11-02 09:30:31.370,3.343,500
2020-11-02 09:30:31.630,3.344,1300
2020-11-02 09:30:31.850,3.343,2000
2020-11-02 09:30:31.910,3.343,6000
2020-11-02 09:30:31.940,3.343,6000
2020-11-02 09:30:31.940,3.343,200
2020-11-02 09:30:31.940,3.343,29600
2020-11-02 09:30:31.940,3.342,36300
2020-11-02 09:30:31.990,3.342,1100
2020-11-02 09:30:32.060,3.342,700
2020-11-02 09:30:32.190,3.342,9000
2020-11-02 09:30:32.600,3.343,1000
2020-11-02 09:30:32.920,3.343,39000
2020-11-02 09:30:32.920,3.343,11000
2020-11-02 09:30:33.120,3.343,29000
2020-11-02 09:30:33.120,3.343,35500
2020-11-02 09:30:33.120,3.343,20000
2020-11-02 09:30:33.120,3.343,22600
2020-11-02 09:30:33.120,3.344,8700
2020-11-02 09:30:33.120,3.344,11000
2020-11-02 09:30:33.120,3.344,10300
2020-11-02 09:30:33.470,3.344,25000
2020-11-02 09:30:33.700,3.343,600
2020-11-02 09:30:33.770,3.343,500
2020-11-02 09:30:33.890,3.343,10000
2020-11-02 09:30:34.110,3.344,6300
2020-11-02 09:30:34.140,3.344,2000
2020-11-02 09:30:34.200,3.344,3000
2020-11-02 09:30:34.450,3.343,5000
2020-11-02 09:30:34.480,3.343,9000
2020-11-02 09:30:34.520,3.344,3400
2020-11-02 09:30:34.520,3.344,6000
2020-11-02 09:30:34.520,3.344,10000
2020-11-02 09:30:34.520,3.344,1200
2020-11-02 09:30:34.520,3.344,2000
2020-11-02 09:30:34.520,3.344,7600
2020-11-02 09:30:34.520,3.344,15000
2020-11-02 09:30:34.620,3.344,3300
2020-11-02 09:30:34.620,3.344,1600
2020-11-02 09:30:34.710,3.344,7700
2020-11-02 09:30:35.200,3.344,242200
2020-11-02 09:30:35.340,3.343,500
2020-11-02 09:30:36.280,3.343,20000
2020-11-02 09:30:36.960,3.343,500
2020-11-02 09:30:38.100,3.344,1100
2020-11-02 09:30:38.320,3.344,200
2020-11-02 09:30:38.590,3.343,50000
2020-11-02 09:30:38.620,3.344,256500
2020-11-02 09:30:38.620,3.344,43500
2020-11-02 09:30:39.210,3.343,10000
2020-11-02 09:30:39.260,3.344,500
2020-11-02 09:30:40.280,3.344,9500
2020-11-02 09:30:40.480,3.344,2900
2020-11-02 09:30:40.610,3.343,10000
2020-11-02 09:30:40.670,3.343,1200
2020-11-02 09:30:40.730,3.344,300000
2020-11-02 09:30:40.920,3.344,1000
2020-11-02 09:30:41.430,3.344,10100
2020-11-02 09:30:41.520,3.344,2600
2020-11-02 09:30:42.090,3.344,209600
2020-11-02 09:30:42.090,3.344,200
2020-11-02 09:30:42.090,3.344,17000
2020-11-02 09:30:42.090,3.344,500
2020-11-02 09:30:42.090,3.344,15000
2020-11-02 09:30:42.090,3.344,2000
2020-11-02 09:30:42.090,3.344,2000
2020-11-02 09:30:42.090,3.344,100
2020-11-02 09:30:42.900,3.345,1500
2020-11-02 09:30:43.360,3.345,18500
2020-11-02 09:30:43.360,3.345,200
2020-11-02 09:30:43.360,3.345,1400
2020-11-02 09:30:43.360,3.345,3000
2020-11-02 09:30:43.360,3.345,3000
2020-11-02 09:30:43.360,3.345,7500
2020-11-02 09:30:43.360,3.345,11000
2020-11-02 09:30:43.360,3.345,100
2020-11-02 09:30:43.360,3.345,33600
2020-11-02 09:30:43.360,3.345,500
2020-11-02 09:30:43.360,3.345,5000
2020-11-02 09:30:43.360,3.345,800
2020-11-02 09:30:43.360,3.345,7000
2020-11-02 09:30:43.360,3.345,10000
2020-11-02 09:30:43.360,3.345,50000
2020-11-02 09:30:43.360,3.345,600
2020-11-02 09:30:43.360,3.345,600
2020-11-02 09:30:43.360,3.345,6000
2020-11-02 09:30:43.360,3.345,30000
2020-11-02 09:30:43.360,3.345,100
2020-11-02 09:30:43.360,3.345,8000
2020-11-02 09:30:43.360,3.345,10000
2020-11-02 09:30:43.880,3.345,1000
2020-11-02 09:30:44.180,3.345,800
2020-11-02 09:30:45.310,3.346,10000
2020-11-02 09:30:45.310,3.346,400
2020-11-02 09:30:45.310,3.346,43200
2020-11-02 09:30:45.590,3.345,7500
2020-11-02 09:30:45.860,3.345,4700
2020-11-02 09:30:46.250,3.345,5000
2020-11-02 09:30:46.280,3.345,50000
2020-11-02 09:30:46.380,3.345,100
2020-11-02 09:30:47.150,3.345,9000
2020-11-02 09:30:47.830,3.345,1000
2020-11-02 09:30:48.020,3.345,1500
2020-11-02 09:30:48.200,3.345,1000
2020-11-02 09:30:48.490,3.345,11500
2020-11-02 09:30:48.490,3.345,52800
2020-11-02 09:30:48.920,3.345,1800
2020-11-02 09:30:48.920,3.345,245400
2020-11-02 09:30:48.920,3.345,5000
2020-11-02 09:30:48.980,3.344,9500
2020-11-02 09:30:49.440,3.344,500
2020-11-02 09:30:49.440,3.344,11800
2020-11-02 09:30:51.040,3.345,7100
2020-11-02 09:30:51.110,3.345,1000
2020-11-02 09:30:52.190,3.344,1600
2020-11-02 09:30:52.840,3.345,8000
2020-11-02 09:30:52.840,3.345,300
2020-11-02 09:30:52.930,3.344,298400
2020-11-02 09:30:52.930,3.344,1600
2020-11-02 09:30:53.540,3.345,100
2020-11-02 09:30:53.610,3.344,300
2020-11-02 09:30:53.740,3.344,4500
2020-11-02 09:30:54.540,3.345,30000
2020-11-02 09:30:55.010,3.344,8600
2020-11-02 09:30:55.010,3.344,1000
2020-11-02 09:30:55.010,3.344,400
2020-11-02 09:30:55.160,3.344,3000
2020-11-02 09:30:55.190,3.345,24600
2020-11-02 09:30:55.380,3.344,12300
2020-11-02 09:30:55.380,3.344,3000
2020-11-02 09:30:55.380,3.343,5000
2020-11-02 09:30:55.440,3.344,400
2020-11-02 09:30:55.470,3.344,2600
2020-11-02 09:30:55.470,3.345,22400
2020-11-02 09:30:55.920,3.343,1000
2020-11-02 09:30:56.060,3.345,50000
2020-11-02 09:30:56.950,3.343,1000
2020-11-02 09:30:58.670,3.344,500
2020-11-02 09:30:59.060,3.344,4500
2020-11-02 09:30:59.060,3.344,5000
2020-11-02 09:30:59.060,3.344,300
2020-11-02 09:30:59.060,3.344,10000
2020-11-02 09:30:59.060,3.344,10000
2020-11-02 09:30:59.060,3.344,2000
2020-11-02 09:30:59.060,3.344,1000
2020-11-02 09:30:59.610,3.344,3000
2020-11-02 09:30:59.640,3.344,1000
2020-11-02 09:30:59.910,3.344,10000
2020-11-02 09:31:00.130,3.345,800
2020-11-02 09:31:00.180,3.344,1500
2020-11-02 09:31:00.310,3.345,3000
2020-11-02 09:31:00.340,3.344,3700
2020-11-02 09:31:00.370,3.344,248000
2020-11-02 09:31:00.680,3.344,100
2020-11-02 09:31:01.080,3.344,700
2020-11-02 09:31:01.080,3.344,300
2020-11-02 09:31:01.280,3.344,2900
2020-11-02 09:31:01.570,3.343,110000
2020-11-02 09:31:02.590,3.344,1300
2020-11-02 09:31:02.590,3.344,12000
2020-11-02 09:31:02.590,3.344,1000
2020-11-02 09:31:02.590,3.344,3500
2020-11-02 09:31:02.720,3.343,5000
2020-11-02 09:31:02.940,3.344,26500
2020-11-02 09:31:02.940,3.344,3400
2020-11-02 09:31:02.940,3.344,2600
2020-11-02 09:31:03.630,3.345,1500
2020-11-02 09:31:03.920,3.345,300000
2020-11-02 09:31:04.270,3.344,16900
2020-11-02 09:31:04.300,3.344,10000
2020-11-02 09:31:04.300,3.344,5000
2020-11-02 09:31:05.110,3.344,60000
2020-11-02 09:31:05.110,3.344,600
2020-11-02 09:31:05.820,3.344,6000
2020-11-02 09:31:05.980,3.344,4000
2020-11-02 09:31:05.980,3.344,1000
2020-11-02 09:31:06.110,3.344,39000
2020-11-02 09:31:06.110,3.344,40000
2020-11-02 09:31:06.110,3.344,5000
2020-11-02 09:31:06.110,3.344,40400
2020-11-02 09:31:06.240,3.345,175000
2020-11-02 09:31:06.240,3.345,25800
2020-11-02 09:31:06.240,3.345,2000
2020-11-02 09:31:06.240,3.345,2200
2020-11-02 09:31:06.340,3.344,15000
2020-11-02 09:31:06.620,3.344,1400
2020-11-02 09:31:06.740,3.345,297800
2020-11-02 09:31:06.740,3.345,2200
2020-11-02 09:31:06.800,3.344,15000
2020-11-02 09:31:06.960,3.344,300
2020-11-02 09:31:07.690,3.344,3000
2020-11-02 09:31:07.850,3.345,2800
2020-11-02 09:31:07.850,3.345,3500
2020-11-02 09:31:07.850,3.345,4800
2020-11-02 09:31:07.850,3.345,288900
2020-11-02 09:31:08.290,3.344,1000
2020-11-02 09:31:09.110,3.344,2000
2020-11-02 09:31:09.340,3.345,11100
2020-11-02 09:31:09.340,3.345,6000
2020-11-02 09:31:09.340,3.345,600
2020-11-02 09:31:09.340,3.345,300
2020-11-02 09:31:09.340,3.345,3100
2020-11-02 09:31:09.340,3.345,1000
2020-11-02 09:31:09.340,3.345,16200
2020-11-02 09:31:09.340,3.345,9200
2020-11-02 09:31:09.340,3.345,4000
2020-11-02 09:31:09.340,3.345,8800
2020-11-02 09:31:09.340,3.345,2500
2020-11-02 09:31:09.340,3.345,9000
2020-11-02 09:31:09.340,3.345,15000
2020-11-02 09:31:09.340,3.345,213200
2020-11-02 09:31:09.670,3.345,38100
2020-11-02 09:31:10.040,3.345,2000
2020-11-02 09:31:10.580,3.345,50000
2020-11-02 09:31:10.960,3.344,17000
2020-11-02 09:31:11.810,3.345,196700
2020-11-02 09:31:11.810,3.345,4200
2020-11-02 09:31:11.810,3.345,99100
2020-11-02 09:31:12.300,3.344,124400
2020-11-02 09:31:12.360,3.345,29600
2020-11-02 09:31:12.360,3.345,100
2020-11-02 09:31:12.900,3.345,300
2020-11-02 09:31:12.960,3.344,500
2020-11-02 09:31:13.020,3.344,9500
2020-11-02 09:31:14.160,3.344,200
2020-11-02 09:31:14.570,3.345,9700
2020-11-02 09:31:14.740,3.345,500
2020-11-02 09:31:14.800,3.345,2000
2020-11-02 09:31:15.010,3.345,50000
2020-11-02 09:31:15.010,3.345,500
2020-11-02 09:31:15.330,3.345,2300
2020-11-02 09:31:15.330,3.345,2500
2020-11-02 09:31:15.400,3.345,10000
2020-11-02 09:31:16.520,3.345,10000
2020-11-02 09:31:16.640,3.345,500
2020-11-02 09:31:16.710,3.346,16800
2020-11-02 09:31:16.710,3.346,110000
2020-11-02 09:31:16.710,3.346,11000
2020-11-02 09:31:16.710,3.346,5000
2020-11-02 09:31:16.710,3.346,5000
2020-11-02 09:31:16.710,3.346,2000
2020-11-02 09:31:16.710,3.346,500
2020-11-02 09:31:16.710,3.346,100
2020-11-02 09:31:16.710,3.346,3000
2020-11-02 09:31:16.710,3.346,10000
2020-11-02 09:31:16.710,3.346,10000
2020-11-02 09:31:16.710,3.346,500
2020-11-02 09:31:16.710,3.346,300
2020-11-02 09:31:16.710,3.346,1000
2020-11-02 09:31:16.710,3.346,10000
2020-11-02 09:31:16.710,3.346,2000
2020-11-02 09:31:16.710,3.346,2000
2020-11-02 09:31:16.710,3.346,2000
2020-11-02 09:31:16.710,3.346,73500
2020-11-02 09:31:16.710,3.346,1000
2020-11-02 09:31:16.710,3.346,500
2020-11-02 09:31:16.710,3.346,2000
2020-11-02 09:31:16.710,3.346,1000
2020-11-02 09:31:16.710,3.346,15000
2020-11-02 09:31:18.070,3.346,2300
2020-11-02 09:31:18.460,3.346,3500
2020-11-02 09:31:18.530,3.346,10000
2020-11-02 09:31:19.760,3.345,11700
2020-11-02 09:31:20.280,3.345,3000
2020-11-02 09:31:20.410,3.345,45600
2020-11-02 09:31:20.820,3.345,3000
2020-11-02 09:31:21.280,3.345,31100
2020-11-02 09:31:21.710,3.345,2600
2020-11-02 09:31:21.870,3.345,10000
2020-11-02 09:31:22.080,3.346,300
2020-11-02 09:31:22.680,3.345,600
2020-11-02 09:31:23.960,3.345,10000
2020-11-02 09:31:24.110,3.345,5000
2020-11-02 09:31:24.210,3.345,3000
2020-11-02 09:31:24.240,3.345,5500
2020-11-02 09:31:24.770,3.345,11100
2020-11-02 09:31:24.900,3.346,4100
2020-11-02 09:31:25.090,3.345,10000
2020-11-02 09:31:25.320,3.345,300
2020-11-02 09:31:25.510,3.345,5000
2020-11-02 09:31:25.570,3.345,54500
2020-11-02 09:31:25.570,3.345,6100
2020-11-02 09:31:25.570,3.345,500
2020-11-02 09:31:25.570,3.345,100
2020-11-02 09:31:25.570,3.345,10100
2020-11-02 09:31:25.570,3.345,3400
2020-11-02 09:31:25.570,3.345,10000
2020-11-02 09:31:26.180,3.345,10000
2020-11-02 09:31:26.480,3.345,15000
2020-11-02 09:31:26.710,3.345,400
2020-11-02 09:31:26.710,3.345,22400
2020-11-02 09:31:26.710,3.345,7100
2020-11-02 09:31:26.710,3.345,5000
2020-11-02 09:31:26.710,3.346,265500
2020-11-02 09:31:26.800,3.344,32700
2020-11-02 09:31:27.340,3.345,88500
2020-11-02 09:31:27.940,3.345,56800
2020-11-02 09:31:27.940,3.346,10000
2020-11-02 09:31:28.130,3.345,9900
2020-11-02 09:31:28.950,3.345,25700
2020-11-02 09:31:29.130,3.345,60000
2020-11-02 09:31:29.280,3.345,1500
2020-11-02 09:31:29.650,3.346,620100
2020-11-02 09:31:29.650,3.346,300000
2020-11-02 09:31:29.650,3.346,10000
2020-11-02 09:31:29.650,3.346,24300
2020-11-02 09:31:29.650,3.346,3000
2020-11-02 09:31:30.700,3.346,8000
2020-11-02 09:31:31.710,3.346,29600
2020-11-02 09:31:31.710,3.346,5000
2020-11-02 09:31:31.710,3.346,300000
2020-11-02 09:31:32.570,3.346,300
2020-11-02 09:31:32.910,3.345,29500
2020-11-02 09:31:32.970,3.345,28100
2020-11-02 09:31:32.970,3.345,37200
2020-11-02 09:31:33.630,3.345,5000
2020-11-02 09:31:34.880,3.345,15600
2020-11-02 09:31:34.970,3.345,900
2020-11-02 09:31:35.000,3.345,3000
2020-11-02 09:31:36.150,3.345,36900
2020-11-02 09:31:36.240,3.345,1400
2020-11-02 09:31:36.240,3.345,5000
2020-11-02 09:31:36.240,3.345,10000
2020-11-02 09:31:36.240,3.345,59500
2020-11-02 09:31:36.330,3.345,3000
2020-11-02 09:31:36.550,3.346,22200
2020-11-02 09:31:38.120,3.345,71100
2020-11-02 09:31:38.180,3.346,300000
2020-11-02 09:31:38.340,3.345,3000
2020-11-02 09:31:38.800,3.345,1500
2020-11-02 09:31:41.150,3.345,5000
2020-11-02 09:31:41.460,3.346,242900
2020-11-02 09:31:41.460,3.346,4600
2020-11-02 09:31:41.460,3.346,52500
2020-11-02 09:31:41.820,3.345,156900
2020-11-02 09:31:41.820,3.345,94100
2020-11-02 09:31:41.820,3.345,100
2020-11-02 09:31:41.820,3.345,40000
2020-11-02 09:31:41.820,3.345,5000
2020-11-02 09:31:41.820,3.345,1800
2020-11-02 09:31:41.820,3.345,9000
2020-11-02 09:31:41.920,3.345,10000
2020-11-02 09:31:41.950,3.345,90000
2020-11-02 09:31:42.250,3.345,200
2020-11-02 09:31:43.340,3.345,59800
2020-11-02 09:31:44.460,3.345,200
2020-11-02 09:31:44.710,3.345,141300
2020-11-02 09:31:44.740,3.345,300000
2020-11-02 09:31:44.990,3.345,91600
2020-11-02 09:31:44.990,3.345,100
2020-11-02 09:31:44.990,3.345,17700
2020-11-02 09:31:44.990,3.345,5000
2020-11-02 09:31:45.350,3.345,2000
2020-11-02 09:31:45.600,3.345,10000
2020-11-02 09:31:45.940,3.345,1000
2020-11-02 09:31:46.020,3.345,5000
2020-11-02 09:31:46.060,3.346,10000
2020-11-02 09:31:46.370,3.346,10000
2020-11-02 09:31:46.580,3.346,1600
2020-11-02 09:31:46.700,3.346,10000
2020-11-02 09:31:47.700,3.345,100
2020-11-02 09:31:47.860,3.345,15000
2020-11-02 09:31:48.320,3.345,29600
2020-11-02 09:31:48.560,3.345,20000
2020-11-02 09:31:48.830,3.345,1000
2020-11-02 09:31:48.880,3.345,38100
2020-11-02 09:31:49.750,3.345,1600
2020-11-02 09:31:50.100,3.345,300
2020-11-02 09:31:50.230,3.346,415900
2020-11-02 09:31:50.230,3.346,300
2020-11-02 09:31:50.230,3.346,73500
2020-11-02 09:31:50.230,3.346,4300
2020-11-02 09:31:50.230,3.346,3000
2020-11-02 09:31:50.230,3.346,1500
2020-11-02 09:31:50.230,3.346,10000
2020-11-02 09:31:50.230,3.346,7400
2020-11-02 09:31:50.230,3.346,600
2020-11-02 09:31:50.230,3.346,15400
2020-11-02 09:31:50.230,3.346,5000
2020-11-02 09:31:50.230,3.346,100
2020-11-02 09:31:50.230,3.346,10000
2020-11-02 09:31:50.230,3.346,2600
2020-11-02 09:31:50.290,3.346,5000
2020-11-02 09:31:50.420,3.346,2000
2020-11-02 09:31:50.960,3.346,1000
2020-11-02 09:31:51.020,3.346,2000
2020-11-02 09:31:51.790,3.346,5000
2020-11-02 09:31:52.220,3.346,430400
2020-11-02 09:31:52.220,3.346,569600
2020-11-02 09:31:52.630,3.346,2000
2020-11-02 09:31:53.480,3.346,10000
2020-11-02 09:31:54.760,3.346,17500
2020-11-02 09:31:55.100,3.346,5000
2020-11-02 09:31:55.570,3.346,390900
2020-11-02 09:31:55.570,3.346,509100
2020-11-02 09:31:56.110,3.346,485900
2020-11-02 09:31:56.110,3.346,414100
2020-11-02 09:31:57.510,3.347,2000
2020-11-02 09:31:57.880,3.346,10000
2020-11-02 09:31:58.910,3.346,301600
2020-11-02 09:31:58.980,3.346,1000
2020-11-02 09:31:59.040,3.346,2600
2020-11-02 09:31:59.740,3.346,1000
2020-11-02 09:31:59.770,3.346,22600
2020-11-02 09:32:00.150,3.346,5000
2020-11-02 09:32:00.540,3.346,237100
2020-11-02 09:32:00.540,3.346,20000
2020-11-02 09:32:00.540,3.346,1700
2020-11-02 09:32:00.540,3.346,500
2020-11-02 09:32:00.540,3.346,3000
2020-11-02 09:32:00.540,3.346,300
2020-11-02 09:32:00.540,3.346,4000
2020-11-02 09:32:00.540,3.346,1000
2020-11-02 09:32:00.700,3.346,2200
2020-11-02 09:32:01.480,3.345,15800
2020-11-02 09:32:01.780,3.345,15800
2020-11-02 09:32:03.080,3.346,6200
2020-11-02 09:32:03.360,3.345,200
2020-11-02 09:32:04.650,3.346,1000
2020-11-02 09:32:04.950,3.346,2000
2020-11-02 09:32:05.530,3.345,700
2020-11-02 09:32:05.670,3.346,4200
2020-11-02 09:32:07.030,3.346,300000
2020-11-02 09:32:07.150,3.345,29400
2020-11-02 09:32:07.150,3.345,5000
2020-11-02 09:32:07.150,3.345,100
2020-11-02 09:32:07.530,3.346,300000
2020-11-02 09:32:07.960,3.345,4000
2020-11-02 09:32:08.230,3.346,700
2020-11-02 09:32:08.750,3.346,2300
2020-11-02 09:32:08.810,3.345,1900
2020-11-02 09:32:09.280,3.345,4000
2020-11-02 09:32:09.280,3.345,1200
2020-11-02 09:32:09.280,3.345,3800
2020-11-02 09:32:09.280,3.345,400
2020-11-02 09:32:09.280,3.345,1500
2020-11-02 09:32:09.280,3.345,3500
2020-11-02 09:32:09.280,3.345,1000
2020-11-02 09:32:09.280,3.345,3000
2020-11-02 09:32:09.380,3.345,3500
2020-11-02 09:32:09.850,3.345,6500
2020-11-02 09:32:10.410,3.344,7000
2020-11-02 09:32:11.200,3.345,100
2020-11-02 09:32:11.330,3.344,22000
2020-11-02 09:32:11.960,3.345,2000
2020-11-02 09:32:12.570,3.345,300000
2020-11-02 09:32:12.600,3.345,100
2020-11-02 09:32:12.750,3.344,8600
2020-11-02 09:32:12.750,3.344,600
2020-11-02 09:32:12.750,3.344,5000
2020-11-02 09:32:12.750,3.344,3000
2020-11-02 09:32:12.750,3.344,13100
2020-11-02 09:32:12.750,3.344,3000
2020-11-02 09:32:12.750,3.344,600
2020-11-02 09:32:12.850,3.344,20000
2020-11-02 09:32:17.460,3.343,1000
2020-11-02 09:32:18.730,3.344,700
2020-11-02 09:32:18.940,3.343,1000
2020-11-02 09:32:18.940,3.343,2500
2020-11-02 09:32:19.470,3.343,2500
2020-11-02 09:32:19.470,3.343,10000
2020-11-02 09:32:19.470,3.343,3100
2020-11-02 09:32:19.470,3.342,157100
2020-11-02 09:32:19.470,3.342,11200
2020-11-02 09:32:19.470,3.342,5000
2020-11-02 09:32:19.470,3.342,20000
2020-11-02 09:32:19.470,3.342,59900
2020-11-02 09:32:19.470,3.342,40000
2020-11-02 09:32:19.470,3.342,40000
2020-11-02 09:32:19.710,3.342,30000
2020-11-02 09:32:20.180,3.342,100
2020-11-02 09:32:20.650,3.342,71100
2020-11-02 09:32:20.780,3.343,300000
2020-11-02 09:32:20.780,3.343,300000
2020-11-02 09:32:22.950,3.342,300
2020-11-02 09:32:23.410,3.343,300000
2020-11-02 09:32:24.040,3.343,3000
2020-11-02 09:32:24.040,3.343,3000
2020-11-02 09:32:24.040,3.343,4000
2020-11-02 09:32:24.200,3.342,29700
2020-11-02 09:32:24.200,3.342,300000
2020-11-02 09:32:24.200,3.342,40000
2020-11-02 09:32:24.200,3.342,40000
2020-11-02 09:32:24.200,3.342,300000
2020-11-02 09:32:24.200,3.342,190300
2020-11-02 09:32:24.390,3.343,16000
2020-11-02 09:32:24.390,3.343,15300
2020-11-02 09:32:24.390,3.343,268700
2020-11-02 09:32:25.090,3.342,20000
2020-11-02 09:32:25.370,3.343,300
2020-11-02 09:32:26.170,3.342,89700
2020-11-02 09:32:26.920,3.342,300000
2020-11-02 09:32:27.300,3.342,20000
2020-11-02 09:32:27.300,3.342,26200
2020-11-02 09:32:27.300,3.342,10000
2020-11-02 09:32:27.670,3.342,300000
2020-11-02 09:32:28.380,3.342,154100
2020-11-02 09:32:28.380,3.342,145900
2020-11-02 09:32:28.600,3.342,40000
2020-11-02 09:32:29.320,3.342,1600
2020-11-02 09:32:29.450,3.341,58000
2020-11-02 09:32:29.580,3.341,500
2020-11-02 09:32:30.200,3.342,1100
2020-11-02 09:32:30.450,3.342,500
2020-11-02 09:32:30.790,3.341,10000
2020-11-02 09:32:31.820,3.342,300000
2020-11-02 09:32:31.890,3.341,2000
2020-11-02 09:32:32.160,3.341,9400
2020-11-02 09:32:32.260,3.342,2200
2020-11-02 09:32:32.360,3.342,10000
2020-11-02 09:32:32.640,3.342,200
2020-11-02 09:32:33.020,3.341,220100
2020-11-02 09:32:33.020,3.341,30000
2020-11-02 09:32:33.020,3.341,10000
2020-11-02 09:32:33.270,3.341,10000
2020-11-02 09:32:33.690,3.341,30000
2020-11-02 09:32:34.250,3.34,200
2020-11-02 09:32:34.250,3.34,1000
2020-11-02 09:32:34.250,3.34,1800
2020-11-02 09:32:34.250,3.34,11000
2020-11-02 09:32:34.250,3.34,6000
2020-11-02 09:32:34.250,3.341,30000
2020-11-02 09:32:34.830,3.341,3200
2020-11-02 09:32:34.830,3.341,9000
2020-11-02 09:32:34.830,3.341,500
2020-11-02 09:32:34.830,3.341,8000
2020-11-02 09:32:34.830,3.341,113000
2020-11-02 09:32:34.830,3.341,2700
2020-11-02 09:32:34.830,3.342,163600
2020-11-02 09:32:35.050,3.34,29100
2020-11-02 09:32:35.050,3.34,200
2020-11-02 09:32:35.050,3.34,1000
2020-11-02 09:32:35.050,3.34,30000
2020-11-02 09:32:35.050,3.34,30000
2020-11-02 09:32:35.050,3.34,30000
2020-11-02 09:32:35.050,3.34,80300
2020-11-02 09:32:35.050,3.34,300000
2020-11-02 09:32:35.050,3.34,800
2020-11-02 09:32:35.050,3.34,100
2020-11-02 09:32:35.650,3.34,30000
2020-11-02 09:32:35.710,3.34,30000
2020-11-02 09:32:35.860,3.34,300000
2020-11-02 09:32:36.200,3.34,4100
2020-11-02 09:32:36.430,3.34,25900
2020-11-02 09:32:36.430,3.34,10000
2020-11-02 09:32:36.430,3.34,59900
2020-11-02 09:32:36.560,3.34,10000
2020-11-02 09:32:36.810,3.34,10000
2020-11-02 09:32:37.120,3.34,10000
2020-11-02 09:32:37.180,3.34,25400
2020-11-02 09:32:37.440,3.341,10000
2020-11-02 09:32:37.910,3.34,5000
2020-11-02 09:32:38.120,3.341,18700
2020-11-02 09:32:38.120,3.341,3000
2020-11-02 09:32:38.120,3.341,14400
2020-11-02 09:32:38.120,3.341,4000
2020-11-02 09:32:38.120,3.341,259900
2020-11-02 09:32:38.380,3.34,9600
2020-11-02 09:32:38.380,3.34,30000
2020-11-02 09:32:38.380,3.339,5700
2020-11-02 09:32:39.700,3.34,900
2020-11-02 09:32:40.330,3.341,9000
2020-11-02 09:32:40.330,3.341,10000
2020-11-02 09:32:40.330,3.341,900000
2020-11-02 09:32:40.330,3.341,20000
2020-11-02 09:32:40.330,3.341,900
2020-11-02 09:32:40.330,3.342,60100
2020-11-02 09:32:40.920,3.341,190100
2020-11-02 09:32:41.110,3.342,174800
2020-11-02 09:32:41.110,3.342,10000
2020-11-02 09:32:41.110,3.342,12000
2020-11-02 09:32:41.110,3.342,8000
2020-11-02 09:32:41.110,3.342,1900
2020-11-02 09:32:41.110,3.342,5900
2020-11-02 09:32:42.000,3.342,4000
2020-11-02 09:32:42.540,3.342,2600
2020-11-02 09:32:42.800,3.342,2000
2020-11-02 09:32:42.800,3.342,21000
2020-11-02 09:32:42.960,3.342,57800
2020-11-02 09:32:42.960,3.341,109900
2020-11-02 09:32:42.960,3.341,40000
2020-11-02 09:32:42.960,3.341,29100
2020-11-02 09:32:43.080,3.341,34400
2020-11-02 09:32:43.290,3.34,900
2020-11-02 09:32:43.420,3.34,2000
2020-11-02 09:32:43.450,3.341,1000
2020-11-02 09:32:43.480,3.34,300
2020-11-02 09:32:43.620,3.34,3000
2020-11-02 09:32:43.950,3.341,300000
2020-11-02 09:32:44.010,3.341,58800
2020-11-02 09:32:44.170,3.341,28000
2020-11-02 09:32:44.630,3.34,800
2020-11-02 09:32:45.000,3.341,3300
2020-11-02 09:32:45.000,3.342,1000
2020-11-02 09:32:45.000,3.343,1000
2020-11-02 09:32:45.000,3.343,13300
2020-11-02 09:32:45.000,3.343,20000
2020-11-02 09:32:45.000,3.343,20000
2020-11-02 09:32:45.000,3.343,2600
2020-11-02 09:32:45.560,3.343,9000
2020-11-02 09:32:46.290,3.343,500
2020-11-02 09:32:47.360,3.343,7900
2020-11-02 09:32:47.470,3.343,4200
2020-11-02 09:32:47.560,3.343,11400
2020-11-02 09:32:47.620,3.343,10000
2020-11-02 09:32:48.600,3.343,15000
2020-11-02 09:32:48.850,3.343,3200
2020-11-02 09:32:50.880,3.343,25000
2020-11-02 09:32:50.910,3.343,11500
2020-11-02 09:32:51.410,3.343,1500
2020-11-02 09:32:51.820,3.343,7000
2020-11-02 09:32:52.530,3.343,34000
2020-11-02 09:32:53.530,3.343,1000
2020-11-02 09:32:53.920,3.343,2000
2020-11-02 09:32:54.340,3.343,11200
2020-11-02 09:32:55.770,3.343,1000
2020-11-02 09:32:56.080,3.343,15000
2020-11-02 09:32:56.380,3.343,68400
2020-11-02 09:32:56.380,3.343,200
2020-11-02 09:32:56.380,3.343,3300
2020-11-02 09:32:56.380,3.343,1400
2020-11-02 09:32:56.380,3.342,300
2020-11-02 09:32:56.380,3.342,600
2020-11-02 09:32:56.380,3.342,32400
2020-11-02 09:32:58.330,3.342,7600
2020-11-02 09:32:58.330,3.342,2400
2020-11-02 09:32:59.070,3.342,500
2020-11-02 09:32:59.070,3.342,15800
2020-11-02 09:32:59.780,3.343,3000
2020-11-02 09:32:59.780,3.343,900
2020-11-02 09:32:59.780,3.343,200
2020-11-02 09:32:59.780,3.343,1500
2020-11-02 09:32:59.780,3.344,4700
2020-11-02 09:32:59.780,3.344,6600
2020-11-02 09:32:59.780,3.344,500
2020-11-02 09:32:59.780,3.344,34500
2020-11-02 09:32:59.780,3.344,10000
2020-11-02 09:32:59.780,3.344,10000
2020-11-02 09:32:59.780,3.344,1200
2020-11-02 09:32:59.780,3.344,300
2020-11-02 09:32:59.780,3.344,5000
2020-11-02 09:32:59.780,3.344,200
2020-11-02 09:33:00.030,3.344,10300
2020-11-02 09:33:00.210,3.344,1500
2020-11-02 09:33:00.960,3.344,1000
2020-11-02 09:33:01.080,3.344,1000
2020-11-02 09:33:01.330,3.344,160600
2020-11-02 09:33:01.420,3.344,2000
2020-11-02 09:33:02.590,3.344,40000
2020-11-02 09:33:02.810,3.344,5000
2020-11-02 09:33:03.270,3.343,100
2020-11-02 09:33:03.890,3.344,500
2020-11-02 09:33:06.780,3.343,900
2020-11-02 09:33:06.780,3.343,21700
2020-11-02 09:33:06.930,3.343,90900
2020-11-02 09:33:07.600,3.343,10000
2020-11-02 09:33:07.630,3.343,400
2020-11-02 09:33:08.730,3.344,9000
2020-11-02 09:33:08.730,3.344,1000
2020-11-02 09:33:11.750,3.344,100
2020-11-02 09:33:12.370,3.343,90000
2020-11-02 09:33:12.780,3.344,900
2020-11-02 09:33:12.780,3.344,1500
2020-11-02 09:33:12.990,3.343,100
2020-11-02 09:33:14.160,3.343,2700
2020-11-02 09:33:15.320,3.344,300
2020-11-02 09:33:15.320,3.344,200
2020-11-02 09:33:15.700,3.343,3100
2020-11-02 09:33:17.290,3.344,1000
2020-11-02 09:33:17.290,3.344,1300
2020-11-02 09:33:17.910,3.344,100
2020-11-02 09:33:18.040,3.343,6000
2020-11-02 09:33:18.350,3.344,1800
2020-11-02 09:33:18.560,3.343,1500
2020-11-02 09:33:18.600,3.344,1200
2020-11-02 09:33:18.600,3.344,4900
2020-11-02 09:33:18.600,3.344,400
2020-11-02 09:33:18.600,3.344,500
2020-11-02 09:33:18.600,3.344,17900
2020-11-02 09:33:18.920,3.343,9000
2020-11-02 09:33:19.580,3.343,3500
2020-11-02 09:33:19.680,3.344,3000
2020-11-02 09:33:21.090,3.343,1000
2020-11-02 09:33:22.130,3.343,5100
2020-11-02 09:33:22.430,3.343,100
2020-11-02 09:33:23.030,3.343,3000
2020-11-02 09:33:23.060,3.344,2100
2020-11-02 09:33:23.430,3.343,2200
2020-11-02 09:33:23.430,3.344,500
2020-11-02 09:33:24.300,3.344,9000
2020-11-02 09:33:24.430,3.343,700
2020-11-02 09:33:25.950,3.343,49000
2020-11-02 09:33:25.950,3.343,1000
2020-11-02 09:33:25.950,3.343,1600
2020-11-02 09:33:25.950,3.343,10000
2020-11-02 09:33:25.950,3.343,6500
2020-11-02 09:33:25.950,3.343,50000
2020-11-02 09:33:26.730,3.343,31900
2020-11-02 09:33:26.730,3.343,1000
2020-11-02 09:33:26.730,3.344,67500
2020-11-02 09:33:26.730,3.344,13000
2020-11-02 09:33:26.730,3.344,200
2020-11-02 09:33:26.730,3.344,4700
2020-11-02 09:33:26.730,3.344,16000
2020-11-02 09:33:26.730,3.344,3000
2020-11-02 09:33:26.730,3.344,6000
2020-11-02 09:33:26.730,3.344,300
2020-11-02 09:33:26.730,3.344,10000
2020-11-02 09:33:26.860,3.344,3300
2020-11-02 09:33:28.260,3.344,8000
2020-11-02 09:33:29.900,3.344,500
2020-11-02 09:33:30.050,3.344,500
2020-11-02 09:33:31.010,3.345,4000
2020-11-02 09:33:31.010,3.345,10000
2020-11-02 09:33:31.010,3.345,20000
2020-11-02 09:33:31.010,3.345,300
2020-11-02 09:33:31.010,3.345,10000
2020-11-02 09:33:31.010,3.345,30000
2020-11-02 09:33:31.010,3.345,9000
2020-11-02 09:33:31.010,3.345,216700
2020-11-02 09:33:31.070,3.344,1700
2020-11-02 09:33:31.530,3.345,283300
2020-11-02 09:33:31.530,3.345,5300
2020-11-02 09:33:31.530,3.345,11400
2020-11-02 09:33:32.050,3.344,20000
2020-11-02 09:33:32.440,3.344,6000
2020-11-02 09:33:33.010,3.344,2000
2020-11-02 09:33:34.430,3.344,2500
2020-11-02 09:33:36.290,3.344,10500
2020-11-02 09:33:36.500,3.344,6800
2020-11-02 09:33:36.840,3.344,5000
2020-11-02 09:33:37.350,3.344,15000
2020-11-02 09:33:37.450,3.344,5000
2020-11-02 09:33:38.880,3.344,3000
2020-11-02 09:33:39.690,3.345,1700
2020-11-02 09:33:39.690,3.345,1200
2020-11-02 09:33:39.690,3.345,5000
2020-11-02 09:33:39.690,3.345,1000
2020-11-02 09:33:39.690,3.345,6000
2020-11-02 09:33:39.690,3.345,3000
2020-11-02 09:33:39.690,3.345,100
2020-11-02 09:33:39.690,3.345,1000
2020-11-02 09:33:39.690,3.345,10000
2020-11-02 09:33:39.690,3.345,271000
2020-11-02 09:33:39.910,3.345,244900
2020-11-02 09:33:40.550,3.345,200
2020-11-02 09:33:40.580,3.345,1000
2020-11-02 09:33:40.610,3.344,1000
2020-11-02 09:33:40.770,3.344,5200
2020-11-02 09:33:41.620,3.344,50000
2020-11-02 09:33:42.230,3.345,337600
2020-11-02 09:33:42.750,3.344,10500
2020-11-02 09:33:42.930,3.345,1400
2020-11-02 09:33:43.030,3.344,22800
2020-11-02 09:33:43.030,3.344,300000
2020-11-02 09:33:43.030,3.344,2500
2020-11-02 09:33:43.030,3.344,300
2020-11-02 09:33:43.030,3.344,200
2020-11-02 09:33:43.030,3.344,200
2020-11-02 09:33:43.030,3.344,1900
2020-11-02 09:33:43.030,3.344,50000
2020-11-02 09:33:44.530,3.344,300000
2020-11-02 09:33:45.050,3.344,62100
2020-11-02 09:33:46.900,3.343,1600
2020-11-02 09:33:47.390,3.344,160000
2020-11-02 09:33:47.390,3.344,100
2020-11-02 09:33:47.390,3.345,43900
2020-11-02 09:33:47.390,3.345,2000
2020-11-02 09:33:47.390,3.345,2000
2020-11-02 09:33:48.680,3.345,100
2020-11-02 09:33:48.720,3.345,5000
2020-11-02 09:33:48.880,3.345,14300
2020-11-02 09:33:49.860,3.345,7600
2020-11-02 09:33:49.920,3.345,300
2020-11-02 09:33:50.410,3.345,64700
2020-11-02 09:33:50.410,3.345,10000
2020-11-02 09:33:51.480,3.344,3200
2020-11-02 09:33:51.730,3.344,10000
2020-11-02 09:33:52.060,3.344,14300
2020-11-02 09:33:52.320,3.344,14300
2020-11-02 09:33:53.850,3.344,3000
2020-11-02 09:33:53.850,3.344,100000
2020-11-02 09:33:53.850,3.344,200
2020-11-02 09:33:54.230,3.343,10000
2020-11-02 09:33:54.770,3.344,50000
2020-11-02 09:33:55.490,3.344,300
2020-11-02 09:33:55.960,3.344,20000
2020-11-02 09:33:56.300,3.344,1000
2020-11-02 09:33:56.680,3.344,125500
2020-11-02 09:33:56.680,3.344,1300
2020-11-02 09:33:56.680,3.345,173200
2020-11-02 09:33:57.500,3.344,2000
2020-11-02 09:33:59.380,3.343,200
2020-11-02 09:34:00.410,3.344,5000
2020-11-02 09:34:00.560,3.343,255300
2020-11-02 09:34:00.560,3.343,2000
2020-11-02 09:34:00.560,3.343,2000
2020-11-02 09:34:00.560,3.343,40700
2020-11-02 09:34:02.000,3.343,150000
2020-11-02 09:34:02.260,3.343,100
2020-11-02 09:34:02.380,3.343,2900
2020-11-02 09:34:04.450,3.343,50000
2020-11-02 09:34:05.080,3.342,1000
2020-11-02 09:34:05.080,3.342,4500
2020-11-02 09:34:05.080,3.342,10400
2020-11-02 09:34:05.080,3.342,3000
2020-11-02 09:34:05.080,3.342,1000
2020-11-02 09:34:05.080,3.342,300
2020-11-02 09:34:05.080,3.342,100000
2020-11-02 09:34:05.080,3.342,300
2020-11-02 09:34:05.190,3.342,4200
2020-11-02 09:34:05.320,3.342,300
2020-11-02 09:34:05.440,3.342,3000
2020-11-02 09:34:05.510,3.342,5200
2020-11-02 09:34:05.700,3.342,300000
2020-11-02 09:34:05.700,3.342,50000
2020-11-02 09:34:06.430,3.342,1400
2020-11-02 09:34:07.780,3.342,300000
2020-11-02 09:34:07.980,3.342,13700
2020-11-02 09:34:08.670,3.342,10000
2020-11-02 09:34:09.130,3.342,91700
2020-11-02 09:34:09.130,3.342,208300
2020-11-02 09:34:10.220,3.342,40000
2020-11-02 09:34:10.400,3.342,3000
2020-11-02 09:34:10.900,3.341,48700
2020-11-02 09:34:10.940,3.342,300
2020-11-02 09:34:11.370,3.341,13000
2020-11-02 09:34:12.830,3.341,5000
2020-11-02 09:34:13.860,3.342,1700
2020-11-02 09:34:13.860,3.342,2800
2020-11-02 09:34:13.860,3.342,12500
2020-11-02 09:34:13.860,3.342,1000
2020-11-02 09:34:16.810,3.342,10000
2020-11-02 09:34:16.950,3.342,1000
2020-11-02 09:34:18.870,3.342,119900
2020-11-02 09:34:19.710,3.343,97000
2020-11-02 09:34:19.710,3.343,203000
2020-11-02 09:34:20.440,3.342,7200
2020-11-02 09:34:20.470,3.342,3500
2020-11-02 09:34:20.920,3.342,1500
2020-11-02 09:34:21.300,3.342,50000
2020-11-02 09:34:21.480,3.343,10000
2020-11-02 09:34:21.480,3.343,1000
2020-11-02 09:34:21.480,3.343,46500
2020-11-02 09:34:21.520,3.343,253500
2020-11-02 09:34:21.520,3.343,3000
2020-11-02 09:34:21.520,3.343,700
2020-11-02 09:34:21.520,3.343,41000
2020-11-02 09:34:21.520,3.343,300
2020-11-02 09:34:22.250,3.343,1500
2020-11-02 09:34:22.250,3.343,48500
2020-11-02 09:34:23.150,3.343,40000
2020-11-02 09:34:23.260,3.344,30000
2020-11-02 09:34:23.260,3.344,21400
2020-11-02 09:34:23.260,3.344,15500
2020-11-02 09:34:23.260,3.344,233100
2020-11-02 09:34:25.530,3.343,4700
2020-11-02 09:34:25.590,3.343,12300
2020-11-02 09:34:28.210,3.343,2500
2020-11-02 09:34:30.490,3.343,2000
2020-11-02 09:34:30.710,3.343,6000
2020-11-02 09:34:31.170,3.343,26400
2020-11-02 09:34:31.390,3.343,1600
2020-11-02 09:34:32.450,3.343,3000
2020-11-02 09:34:32.570,3.344,10500
2020-11-02 09:34:32.570,3.344,10000
2020-11-02 09:34:32.570,3.344,2000
2020-11-02 09:34:32.570,3.344,73600
2020-11-02 09:34:32.570,3.345,22200
2020-11-02 09:34:33.540,3.343,100
2020-11-02 09:34:33.810,3.343,11600
2020-11-02 09:34:34.140,3.345,45300
2020-11-02 09:34:36.140,3.343,1000
2020-11-02 09:34:36.370,3.344,5000
2020-11-02 09:34:36.400,3.343,10000
2020-11-02 09:34:36.740,3.343,6000
2020-11-02 09:34:37.530,3.344,5000
2020-11-02 09:34:37.530,3.344,300
2020-11-02 09:34:37.530,3.344,67100
2020-11-02 09:34:37.950,3.344,10000
2020-11-02 09:34:39.160,3.344,10000
2020-11-02 09:34:40.030,3.344,10000
2020-11-02 09:34:40.150,3.344,1000
2020-11-02 09:34:40.950,3.344,6000
2020-11-02 09:34:40.980,3.345,315800
2020-11-02 09:34:41.200,3.344,900
2020-11-02 09:34:43.870,3.344,10000
2020-11-02 09:34:48.300,3.344,1100
2020-11-02 09:34:49.300,3.344,100
2020-11-02 09:34:50.030,3.344,12000
2020-11-02 09:34:51.170,3.344,2000
2020-11-02 09:34:51.280,3.345,2700
2020-11-02 09:34:51.520,3.345,2300
2020-11-02 09:34:51.520,3.345,2100
2020-11-02 09:34:51.520,3.345,600
2020-11-02 09:34:53.290,3.344,100000
2020-11-02 09:34:53.460,3.344,64500
2020-11-02 09:34:53.460,3.344,1600
2020-11-02 09:34:53.460,3.344,1800
2020-11-02 09:34:53.460,3.344,300
2020-11-02 09:34:53.460,3.344,1500
2020-11-02 09:34:53.460,3.343,300
2020-11-02 09:34:54.340,3.344,20000
2020-11-02 09:34:54.490,3.344,41000
2020-11-02 09:34:58.610,3.344,100
2020-11-02 09:35:01.950,3.344,200
2020-11-02 09:35:02.640,3.344,238700
2020-11-02 09:35:02.640,3.344,61300
2020-11-02 09:35:02.640,3.344,300000
2020-11-02 09:35:04.130,3.344,1000
2020-11-02 09:35:04.440,3.343,15500
2020-11-02 09:35:04.440,3.343,14500
2020-11-02 09:35:04.460,3.344,300000
2020-11-02 09:35:05.510,3.344,200000
2020-11-02 09:35:05.630,3.344,100
2020-11-02 09:35:06.880,3.344,37600
2020-11-02 09:35:06.880,3.344,1000
2020-11-02 09:35:07.100,3.345,16800
2020-11-02 09:35:07.100,3.345,1000
2020-11-02 09:35:07.100,3.345,10000
2020-11-02 09:35:07.100,3.345,2000
2020-11-02 09:35:07.100,3.345,100
2020-11-02 09:35:07.100,3.345,3500
2020-11-02 09:35:07.100,3.345,266600
2020-11-02 09:35:07.310,3.345,100
2020-11-02 09:35:09.000,3.344,10000
2020-11-02 09:35:09.120,3.345,2500
2020-11-02 09:35:09.120,3.345,40000
2020-11-02 09:35:09.120,3.345,7200
2020-11-02 09:35:09.120,3.345,300
2020-11-02 09:35:09.340,3.345,4700
2020-11-02 09:35:09.340,3.345,4900
2020-11-02 09:35:09.340,3.345,10000
2020-11-02 09:35:09.340,3.346,1000
2020-11-02 09:35:09.340,3.346,200
2020-11-02 09:35:09.340,3.346,5000
2020-11-02 09:35:09.340,3.346,1000
2020-11-02 09:35:09.340,3.346,1000
2020-11-02 09:35:09.340,3.346,3000
2020-11-02 09:35:09.340,3.346,3800
2020-11-02 09:35:09.340,3.346,3000
2020-11-02 09:35:09.340,3.346,16900
2020-11-02 09:35:09.340,3.346,5000
2020-11-02 09:35:09.340,3.346,1000
2020-11-02 09:35:09.340,3.346,2000
2020-11-02 09:35:09.340,3.346,2500
2020-11-02 09:35:09.340,3.346,60000
2020-11-02 09:35:09.340,3.346,1200
2020-11-02 09:35:09.340,3.346,5000
2020-11-02 09:35:09.340,3.346,11000
2020-11-02 09:35:09.340,3.346,10000
2020-11-02 09:35:09.340,3.346,2000
2020-11-02 09:35:09.340,3.346,5000
2020-11-02 09:35:09.340,3.346,10000
2020-11-02 09:35:09.340,3.346,10000
2020-11-02 09:35:09.340,3.346,30000
2020-11-02 09:35:09.340,3.346,10000
2020-11-02 09:35:09.340,3.346,100400
2020-11-02 09:35:09.940,3.345,241800
2020-11-02 09:35:09.940,3.345,30000
2020-11-02 09:35:09.940,3.345,40000
2020-11-02 09:35:10.080,3.345,200
2020-11-02 09:35:10.270,3.345,40000
2020-11-02 09:35:10.420,3.344,20000
2020-11-02 09:35:10.740,3.345,30000
2020-11-02 09:35:10.900,3.345,50000
2020-11-02 09:35:11.200,3.345,300000
2020-11-02 09:35:11.450,3.345,168000
2020-11-02 09:35:12.420,3.346,5000
2020-11-02 09:35:13.450,3.346,7800
2020-11-02 09:35:14.190,3.346,3400
2020-11-02 09:35:14.610,3.346,10000
2020-11-02 09:35:15.300,3.347,2900
2020-11-02 09:35:15.300,3.347,11000
2020-11-02 09:35:15.300,3.347,10000
2020-11-02 09:35:15.300,3.347,16400
2020-11-02 09:35:15.300,3.347,4500
2020-11-02 09:35:15.300,3.347,15000
2020-11-02 09:35:15.300,3.347,600
2020-11-02 09:35:15.300,3.347,71600
2020-11-02 09:35:16.040,3.346,31800
2020-11-02 09:35:16.190,3.346,10400
2020-11-02 09:35:17.430,3.347,12300
2020-11-02 09:35:17.430,3.347,3000
2020-11-02 09:35:17.430,3.347,15000
2020-11-02 09:35:17.430,3.347,300
2020-11-02 09:35:17.430,3.347,1000
2020-11-02 09:35:17.430,3.347,6000
2020-11-02 09:35:17.430,3.347,9500
2020-11-02 09:35:17.430,3.347,10000
2020-11-02 09:35:17.430,3.347,1500
2020-11-02 09:35:17.430,3.347,10000
2020-11-02 09:35:17.430,3.347,5700
2020-11-02 09:35:17.430,3.347,1200
2020-11-02 09:35:17.430,3.347,1000
2020-11-02 09:35:17.430,3.347,5000
2020-11-02 09:35:17.430,3.347,4300
2020-11-02 09:35:17.430,3.347,1000
2020-11-02 09:35:17.430,3.347,10000
2020-11-02 09:35:17.430,3.347,1100
2020-11-02 09:35:18.090,3.347,6000
2020-11-02 09:35:19.820,3.347,1100
2020-11-02 09:35:20.070,3.347,2400
2020-11-02 09:35:20.250,3.348,900
2020-11-02 09:35:21.340,3.348,2100
2020-11-02 09:35:21.340,3.348,500
2020-11-02 09:35:21.340,3.348,11000
2020-11-02 09:35:21.340,3.348,3000
2020-11-02 09:35:21.340,3.348,1000
2020-11-02 09:35:21.340,3.348,800
2020-11-02 09:35:21.340,3.348,200
2020-11-02 09:35:21.340,3.348,30000
2020-11-02 09:35:21.340,3.348,100
2020-11-02 09:35:21.340,3.348,700
2020-11-02 09:35:21.340,3.348,10000
2020-11-02 09:35:21.340,3.348,23300
2020-11-02 09:35:21.340,3.348,1000
2020-11-02 09:35:21.340,3.348,37000
2020-11-02 09:35:21.340,3.348,900
2020-11-02 09:35:21.340,3.348,100
2020-11-02 09:35:21.340,3.348,15000
2020-11-02 09:35:21.340,3.348,200
2020-11-02 09:35:21.340,3.348,14200
2020-11-02 09:35:21.340,3.348,12000
2020-11-02 09:35:21.340,3.348,2000
2020-11-02 09:35:21.340,3.348,5000
2020-11-02 09:35:21.340,3.348,2000
2020-11-02 09:35:21.340,3.348,5000
2020-11-02 09:35:21.340,3.348,15500
2020-11-02 09:35:21.640,3.348,14500
2020-11-02 09:35:21.640,3.348,10000
2020-11-02 09:35:21.640,3.348,1000
2020-11-02 09:35:21.640,3.348,3000
2020-11-02 09:35:21.640,3.349,300
2020-11-02 09:35:21.640,3.349,200
2020-11-02 09:35:21.640,3.349,18400
2020-11-02 09:35:21.640,3.349,100
2020-11-02 09:35:21.640,3.349,10000
2020-11-02 09:35:21.640,3.349,11000
2020-11-02 09:35:21.640,3.349,1000
2020-11-02 09:35:21.640,3.349,2500
2020-11-02 09:35:21.640,3.349,1000
2020-11-02 09:35:21.640,3.349,20000
2020-11-02 09:35:21.640,3.349,500
2020-11-02 09:35:21.640,3.349,5000
2020-11-02 09:35:21.640,3.349,5000
2020-11-02 09:35:21.640,3.349,1000
2020-11-02 09:35:21.640,3.349,6800
2020-11-02 09:35:21.640,3.349,97900
2020-11-02 09:35:21.640,3.349,10000
2020-11-02 09:35:21.640,3.349,10000
2020-11-02 09:35:21.640,3.349,300
2020-11-02 09:35:21.640,3.349,1000
2020-11-02 09:35:21.640,3.349,40000
2020-11-02 09:35:21.640,3.349,1000
2020-11-02 09:35:21.640,3.349,1000
2020-11-02 09:35:21.640,3.349,10000
2020-11-02 09:35:21.640,3.349,2000
2020-11-02 09:35:21.640,3.349,300
2020-11-02 09:35:21.640,3.349,1000
2020-11-02 09:35:21.640,3.349,4000
2020-11-02 09:35:23.440,3.349,10200
2020-11-02 09:35:23.820,3.348,5000
2020-11-02 09:35:23.820,3.348,5000
2020-11-02 09:35:23.860,3.348,3000
2020-11-02 09:35:23.920,3.348,4000
2020-11-02 09:35:24.110,3.348,10000
2020-11-02 09:35:24.580,3.348,20000
2020-11-02 09:35:27.630,3.348,9600
2020-11-02 09:35:28.670,3.349,2000
2020-11-02 09:35:29.800,3.349,200
2020-11-02 09:35:29.950,3.348,400
2020-11-02 09:35:30.220,3.348,248000
2020-11-02 09:35:30.220,3.348,900
2020-11-02 09:35:30.500,3.347,10000
2020-11-02 09:35:33.070,3.348,3100
2020-11-02 09:35:33.350,3.348,4000
2020-11-02 09:35:34.370,3.348,700
2020-11-02 09:35:34.430,3.348,43300
2020-11-02 09:35:34.430,3.348,500
2020-11-02 09:35:34.430,3.348,256200
2020-11-02 09:35:34.650,3.347,11700
2020-11-02 09:35:34.750,3.348,4300
2020-11-02 09:35:36.150,3.348,17900
2020-11-02 09:35:37.900,3.348,10000
2020-11-02 09:35:37.930,3.347,6400
2020-11-02 09:35:39.680,3.348,200
2020-11-02 09:35:40.780,3.348,1500
2020-11-02 09:35:41.730,3.348,9900
2020-11-02 09:35:41.730,3.348,100
2020-11-02 09:35:42.250,3.348,30000
2020-11-02 09:35:42.250,3.348,3200
2020-11-02 09:35:42.670,3.348,141900
2020-11-02 09:35:43.160,3.348,500
2020-11-02 09:35:44.690,3.347,50000
2020-11-02 09:35:44.820,3.347,2600
2020-11-02 09:35:44.820,3.348,1000
2020-11-02 09:35:45.860,3.348,68700
2020-11-02 09:35:46.300,3.348,300
2020-11-02 09:35:46.360,3.348,54300
2020-11-02 09:35:46.360,3.348,10000
2020-11-02 09:35:46.360,3.348,16200
2020-11-02 09:35:46.360,3.348,14600
2020-11-02 09:35:46.360,3.348,500
2020-11-02 09:35:46.360,3.348,166900
2020-11-02 09:35:46.360,3.348,30500
2020-11-02 09:35:46.360,3.348,200
2020-11-02 09:35:46.360,3.348,6800
2020-11-02 09:35:46.360,3.348,1300
2020-11-02 09:35:46.770,3.348,25900
2020-11-02 09:35:47.910,3.349,900
2020-11-02 09:35:48.150,3.348,4100
2020-11-02 09:35:48.150,3.348,2900
2020-11-02 09:35:48.470,3.348,2000
2020-11-02 09:35:49.140,3.348,1300
2020-11-02 09:35:49.890,3.348,3000
2020-11-02 09:35:51.390,3.348,20800
2020-11-02 09:35:51.390,3.348,22700
2020-11-02 09:35:51.710,3.348,7300
2020-11-02 09:35:51.710,3.348,2300
2020-11-02 09:35:51.770,3.348,4700
2020-11-02 09:35:51.770,3.348,2200
2020-11-02 09:35:51.770,3.348,70000
2020-11-02 09:35:51.770,3.348,78100
2020-11-02 09:35:51.770,3.348,145200
2020-11-02 09:35:51.800,3.348,854800
2020-11-02 09:35:51.950,3.348,45200
2020-11-02 09:35:51.950,3.348,254800
2020-11-02 09:35:52.140,3.348,10000
2020-11-02 09:35:52.470,3.348,5000
2020-11-02 09:35:52.590,3.348,5700
2020-11-02 09:35:52.740,3.347,600
2020-11-02 09:35:53.360,3.348,3000
2020-11-02 09:35:54.400,3.348,21500
2020-11-02 09:35:54.400,3.348,60000
2020-11-02 09:35:54.400,3.348,300000
2020-11-02 09:35:54.400,3.348,100
2020-11-02 09:35:54.400,3.348,618400
2020-11-02 09:35:55.500,3.348,1000
2020-11-02 09:35:55.850,3.348,10000
2020-11-02 09:35:58.360,3.348,270600
2020-11-02 09:35:58.360,3.348,229400
2020-11-02 09:36:00.080,3.347,1000
2020-11-02 09:36:00.220,3.348,10000
2020-11-02 09:36:00.970,3.348,200
2020-11-02 09:36:01.030,3.348,300
2020-11-02 09:36:01.090,3.348,16900
2020-11-02 09:36:01.150,3.348,100
2020-11-02 09:36:02.550,3.347,7500
2020-11-02 09:36:03.180,3.347,3000
2020-11-02 09:36:04.080,3.348,9000
2020-11-02 09:36:04.730,3.348,10000
2020-11-02 09:36:05.180,3.347,191400
2020-11-02 09:36:05.180,3.347,108600
2020-11-02 09:36:05.280,3.347,191400
2020-11-02 09:36:05.280,3.347,300
2020-11-02 09:36:05.280,3.347,2000
2020-11-02 09:36:05.280,3.347,17100
2020-11-02 09:36:05.280,3.347,9700
2020-11-02 09:36:05.280,3.347,79500
2020-11-02 09:36:05.630,3.347,2000
2020-11-02 09:36:06.430,3.347,900
2020-11-02 09:36:06.460,3.347,5000
2020-11-02 09:36:06.500,3.347,6000
2020-11-02 09:36:08.610,3.346,15000
2020-11-02 09:36:09.210,3.347,800
2020-11-02 09:36:10.490,3.347,200
2020-11-02 09:36:10.490,3.347,3000
2020-11-02 09:36:11.280,3.347,5000
2020-11-02 09:36:11.340,3.347,2000
2020-11-02 09:36:11.340,3.347,3000
2020-11-02 09:36:11.340,3.347,50000
2020-11-02 09:36:11.340,3.347,10000
2020-11-02 09:36:11.340,3.347,13000
2020-11-02 09:36:11.340,3.347,10000
2020-11-02 09:36:11.340,3.348,212000
2020-11-02 09:36:11.740,3.347,50000
2020-11-02 09:36:12.090,3.347,8600
2020-11-02 09:36:12.150,3.348,2900
2020-11-02 09:36:12.150,3.348,7100
2020-11-02 09:36:12.480,3.347,100
2020-11-02 09:36:12.790,3.347,50000
2020-11-02 09:36:13.040,3.347,5000
2020-11-02 09:36:13.130,3.348,200
2020-11-02 09:36:13.630,3.347,50000
2020-11-02 09:36:13.690,3.347,500
2020-11-02 09:36:14.510,3.347,2500
2020-11-02 09:36:15.280,3.347,10500
2020-11-02 09:36:15.910,3.347,10000
2020-11-02 09:36:16.920,3.347,5000
2020-11-02 09:36:17.530,3.347,8000
2020-11-02 09:36:18.730,3.347,99800
2020-11-02 09:36:18.730,3.347,200400
2020-11-02 09:36:19.520,3.347,99600
2020-11-02 09:36:19.520,3.347,500
2020-11-02 09:36:19.520,3.347,62600
2020-11-02 09:36:19.520,3.347,6900
2020-11-02 09:36:19.520,3.347,10000
2020-11-02 09:36:19.520,3.347,1200
2020-11-02 09:36:19.580,3.347,6000
2020-11-02 09:36:20.320,3.347,300
2020-11-02 09:36:22.110,3.347,50000
2020-11-02 09:36:22.490,3.346,15000
2020-11-02 09:36:22.790,3.347,63000
2020-11-02 09:36:22.790,3.347,500
2020-11-02 09:36:22.790,3.347,500
2020-11-02 09:36:22.790,3.347,2000
2020-11-02 09:36:22.790,3.347,200
2020-11-02 09:36:22.790,3.348,2700
2020-11-02 09:36:22.790,3.348,231100
2020-11-02 09:36:24.540,3.347,10000
2020-11-02 09:36:26.070,3.347,17400
2020-11-02 09:36:26.390,3.348,6300
2020-11-02 09:36:27.110,3.348,300
2020-11-02 09:36:27.710,3.347,12000
2020-11-02 09:36:27.710,3.348,50000
2020-11-02 09:36:28.430,3.348,12300
2020-11-02 09:36:28.430,3.348,4800
2020-11-02 09:36:28.510,3.347,51500
2020-11-02 09:36:28.610,3.347,2000
2020-11-02 09:36:30.010,3.348,300
2020-11-02 09:36:30.010,3.347,600
2020-11-02 09:36:30.530,3.348,12000
2020-11-02 09:36:30.850,3.348,2300
2020-11-02 09:36:32.330,3.347,50000
2020-11-02 09:36:32.920,3.348,2000
2020-11-02 09:36:33.280,3.347,10000
2020-11-02 09:36:33.460,3.347,100
2020-11-02 09:36:34.030,3.347,21400
2020-11-02 09:36:35.820,3.347,5000
2020-11-02 09:36:37.040,3.348,300
2020-11-02 09:36:37.130,3.348,20000
2020-11-02 09:36:37.760,3.347,2200
2020-11-02 09:36:38.120,3.347,162600
2020-11-02 09:36:38.120,3.347,1000
2020-11-02 09:36:38.120,3.347,30000
2020-11-02 09:36:38.120,3.347,10000
2020-11-02 09:36:38.120,3.347,1400
2020-11-02 09:36:38.260,3.347,1000
2020-11-02 09:36:38.380,3.347,500
2020-11-02 09:36:39.800,3.347,37200
2020-11-02 09:36:40.230,3.347,3000
2020-11-02 09:36:40.660,3.347,10000
2020-11-02 09:36:41.470,3.347,5100
2020-11-02 09:36:44.530,3.346,4000
2020-11-02 09:36:45.220,3.347,38200
2020-11-02 09:36:45.220,3.347,900
2020-11-02 09:36:45.220,3.347,260900
2020-11-02 09:36:47.150,3.347,10000
2020-11-02 09:36:48.060,3.347,29100
2020-11-02 09:36:48.060,3.347,100
2020-11-02 09:36:48.060,3.347,800
2020-11-02 09:36:49.140,3.347,1500
2020-11-02 09:36:49.700,3.347,8700
2020-11-02 09:36:49.700,3.347,5000
2020-11-02 09:36:49.700,3.347,286300
2020-11-02 09:36:51.650,3.346,2000
2020-11-02 09:36:53.940,3.346,8000
2020-11-02 09:36:55.900,3.346,10000
2020-11-02 09:36:56.790,3.347,10000
2020-11-02 09:36:57.330,3.347,17500
2020-11-02 09:36:57.690,3.347,10000
2020-11-02 09:36:57.840,3.347,10000
2020-11-02 09:37:01.410,3.347,1000
2020-11-02 09:37:02.840,3.346,11900
2020-11-02 09:37:02.990,3.346,44700
2020-11-02 09:37:04.280,3.346,7000
2020-11-02 09:37:04.560,3.346,10000
2020-11-02 09:37:05.020,3.347,299000
2020-11-02 09:37:05.020,3.347,1000
2020-11-02 09:37:05.810,3.347,600
2020-11-02 09:37:06.040,3.347,10000
2020-11-02 09:37:06.990,3.347,100
2020-11-02 09:37:08.520,3.346,20300
2020-11-02 09:37:08.790,3.347,300000
2020-11-02 09:37:09.730,3.347,100
2020-11-02 09:37:10.820,3.347,100000
2020-11-02 09:37:10.910,3.347,73700
2020-11-02 09:37:11.710,3.347,1000
2020-11-02 09:37:12.700,3.346,2600
2020-11-02 09:37:13.110,3.347,7800
2020-11-02 09:37:14.130,3.346,3000
2020-11-02 09:37:14.250,3.346,5000
2020-11-02 09:37:14.250,3.346,3000
2020-11-02 09:37:15.350,3.347,300000
2020-11-02 09:37:15.570,3.346,70100
2020-11-02 09:37:15.570,3.346,100
2020-11-02 09:37:15.570,3.346,1800
2020-11-02 09:37:15.570,3.346,30000
2020-11-02 09:37:15.570,3.346,50000
2020-11-02 09:37:15.570,3.346,40000
2020-11-02 09:37:15.570,3.346,50000
2020-11-02 09:37:15.570,3.346,28000
2020-11-02 09:37:16.160,3.347,100000
2020-11-02 09:37:16.230,3.347,2000
2020-11-02 09:37:16.520,3.346,4000
2020-11-02 09:37:17.450,3.346,1000
2020-11-02 09:37:17.700,3.346,5900
2020-11-02 09:37:18.650,3.347,3700
2020-11-02 09:37:18.650,3.347,5000
2020-11-02 09:37:18.650,3.347,1300
2020-11-02 09:37:20.740,3.346,1100
2020-11-02 09:37:20.740,3.346,300
2020-11-02 09:37:20.740,3.346,2100
2020-11-02 09:37:21.270,3.347,3700
2020-11-02 09:37:21.270,3.347,87200
2020-11-02 09:37:21.270,3.347,15000
2020-11-02 09:37:21.270,3.347,100
2020-11-02 09:37:21.270,3.347,200
2020-11-02 09:37:21.270,3.347,18300
2020-11-02 09:37:21.270,3.347,2000
2020-11-02 09:37:21.270,3.347,5000
2020-11-02 09:37:21.270,3.347,3000
2020-11-02 09:37:21.270,3.347,2000
2020-11-02 09:37:21.270,3.347,10000
2020-11-02 09:37:21.270,3.347,400
2020-11-02 09:37:21.270,3.347,6000
2020-11-02 09:37:21.270,3.347,36700
2020-11-02 09:37:21.270,3.347,9000
2020-11-02 09:37:21.270,3.347,100
2020-11-02 09:37:21.270,3.348,101300
2020-11-02 09:37:21.510,3.346,11000
2020-11-02 09:37:21.510,3.346,50000
2020-11-02 09:37:21.510,3.346,64800
2020-11-02 09:37:21.660,3.346,13000
2020-11-02 09:37:24.560,3.347,600
2020-11-02 09:37:24.910,3.347,200
2020-11-02 09:37:26.040,3.346,2400
2020-11-02 09:37:27.140,3.347,1200
2020-11-02 09:37:27.140,3.347,900
2020-11-02 09:37:27.140,3.347,117100
2020-11-02 09:37:27.410,3.347,2000
2020-11-02 09:37:27.500,3.346,5000
2020-11-02 09:37:29.550,3.346,7000
2020-11-02 09:37:31.220,3.347,1000
2020-11-02 09:37:31.340,3.346,7800
2020-11-02 09:37:31.340,3.346,600
2020-11-02 09:37:31.340,3.346,3900
2020-11-02 09:37:31.370,3.346,100
2020-11-02 09:37:32.580,3.346,6000
2020-11-02 09:37:32.580,3.346,5000
2020-11-02 09:37:32.580,3.346,4300
2020-11-02 09:37:32.880,3.346,25700
2020-11-02 09:37:32.880,3.346,40000
2020-11-02 09:37:32.880,3.346,40000
2020-11-02 09:37:32.880,3.346,1900
2020-11-02 09:37:32.880,3.346,5000
2020-11-02 09:37:32.880,3.346,5000
2020-11-02 09:37:32.880,3.346,50000
2020-11-02 09:37:32.880,3.346,2000
2020-11-02 09:37:32.880,3.346,1000
2020-11-02 09:37:34.050,3.346,28800
2020-11-02 09:37:36.140,3.346,100
2020-11-02 09:37:37.440,3.346,600
2020-11-02 09:37:38.180,3.346,300000
2020-11-02 09:37:38.620,3.346,400
2020-11-02 09:37:40.470,3.345,6000
2020-11-02 09:37:40.470,3.345,30000
2020-11-02 09:37:40.470,3.345,15500
2020-11-02 09:37:40.470,3.345,40000
2020-11-02 09:37:40.470,3.345,10000
2020-11-02 09:37:40.470,3.345,1000
2020-11-02 09:37:40.470,3.345,9000
2020-11-02 09:37:40.470,3.345,50000
2020-11-02 09:37:40.470,3.345,38500
2020-11-02 09:37:42.240,3.345,20000
2020-11-02 09:37:42.450,3.345,1000
2020-11-02 09:37:42.780,3.346,500
2020-11-02 09:37:43.760,3.346,200
2020-11-02 09:37:44.030,3.345,2000
2020-11-02 09:37:44.310,3.346,300000
2020-11-02 09:37:44.590,3.345,7000
2020-11-02 09:37:44.650,3.345,200
2020-11-02 09:37:44.900,3.345,100
2020-11-02 09:37:45.560,3.345,5000
2020-11-02 09:37:45.730,3.345,1400
2020-11-02 09:37:45.970,3.346,1000
2020-11-02 09:37:46.900,3.346,4100
2020-11-02 09:37:48.240,3.346,500
2020-11-02 09:37:48.690,3.346,93200
2020-11-02 09:37:48.690,3.346,206800
2020-11-02 09:37:48.690,3.346,300000
2020-11-02 09:37:49.500,3.345,23600
2020-11-02 09:37:49.500,3.345,11500
2020-11-02 09:37:49.500,3.345,40000
2020-11-02 09:37:49.500,3.345,50000
2020-11-02 09:37:49.500,3.345,50000
2020-11-02 09:37:49.500,3.345,300000
2020-11-02 09:37:49.500,3.345,40000
2020-11-02 09:37:49.530,3.345,30000
2020-11-02 09:37:49.710,3.345,400
2020-11-02 09:37:50.290,3.345,30000
2020-11-02 09:37:50.980,3.345,300000
2020-11-02 09:37:51.120,3.345,5000
2020-11-02 09:37:51.150,3.345,19500
2020-11-02 09:37:51.150,3.346,280500
2020-11-02 09:37:51.490,3.346,112700
2020-11-02 09:37:51.490,3.346,187300
2020-11-02 09:37:51.630,3.346,10000
2020-11-02 09:37:51.860,3.346,10000
2020-11-02 09:37:51.920,3.345,2000
2020-11-02 09:37:52.110,3.346,10000
2020-11-02 09:37:52.320,3.346,10000
2020-11-02 09:37:52.440,3.346,40000
2020-11-02 09:37:52.470,3.346,300000
2020-11-02 09:37:52.680,3.346,30000
2020-11-02 09:37:52.740,3.345,10000
2020-11-02 09:37:52.800,3.346,50000
2020-11-02 09:37:53.380,3.346,252700
2020-11-02 09:37:53.380,3.346,100
2020-11-02 09:37:53.380,3.346,47200
2020-11-02 09:37:53.730,3.345,500
2020-11-02 09:37:53.820,3.346,1100
2020-11-02 09:37:53.910,3.345,1000
2020-11-02 09:37:54.210,3.346,50000
2020-11-02 09:37:54.390,3.346,1000
2020-11-02 09:37:54.530,3.345,600
2020-11-02 09:37:54.530,3.345,4400
2020-11-02 09:37:54.700,3.345,4000
2020-11-02 09:37:55.690,3.346,300000
2020-11-02 09:37:56.000,3.345,10000
2020-11-02 09:37:56.480,3.346,300000
2020-11-02 09:37:56.890,3.345,200
2020-11-02 09:37:57.180,3.345,5200
2020-11-02 09:37:57.380,3.346,10000
2020-11-02 09:37:57.450,3.346,190700
2020-11-02 09:37:57.450,3.346,39200
2020-11-02 09:37:57.450,3.346,50000
2020-11-02 09:37:57.450,3.346,5000
2020-11-02 09:37:57.450,3.346,7700
2020-11-02 09:37:57.450,3.346,1500
2020-11-02 09:37:57.450,3.346,5900
2020-11-02 09:37:57.720,3.345,1500
2020-11-02 09:37:57.870,3.346,800
2020-11-02 09:37:58.050,3.345,2000
2020-11-02 09:37:58.470,3.345,100
2020-11-02 09:37:58.620,3.346,1600
2020-11-02 09:37:58.620,3.346,2000
2020-11-02 09:37:58.620,3.346,100
2020-11-02 09:37:59.010,3.346,800
2020-11-02 09:37:59.160,3.347,5000
2020-11-02 09:37:59.160,3.347,100
2020-11-02 09:37:59.160,3.347,5000
2020-11-02 09:37:59.160,3.347,11800
2020-11-02 09:37:59.160,3.347,3900
2020-11-02 09:37:59.160,3.347,20000
2020-11-02 09:37:59.160,3.347,1200
2020-11-02 09:37:59.160,3.347,500
2020-11-02 09:38:00.520,3.347,22200
2020-11-02 09:38:01.320,3.347,5000
2020-11-02 09:38:02.040,3.347,1000
2020-11-02 09:38:02.040,3.347,2700
2020-11-02 09:38:02.170,3.348,300
2020-11-02 09:38:02.520,3.347,221600
2020-11-02 09:38:02.520,3.347,78400
2020-11-02 09:38:03.280,3.348,8700
2020-11-02 09:38:03.280,3.348,6300
2020-11-02 09:38:03.280,3.348,2000
2020-11-02 09:38:03.280,3.348,3900
2020-11-02 09:38:03.280,3.348,10000
2020-11-02 09:38:03.280,3.348,100
2020-11-02 09:38:03.280,3.348,3000
2020-11-02 09:38:03.280,3.348,5000
2020-11-02 09:38:03.280,3.348,1000
2020-11-02 09:38:03.760,3.348,4000
2020-11-02 09:38:03.760,3.348,2000
2020-11-02 09:38:03.760,3.348,5300
2020-11-02 09:38:03.760,3.348,500
2020-11-02 09:38:03.760,3.348,500
2020-11-02 09:38:03.760,3.348,3000
2020-11-02 09:38:03.760,3.348,500
2020-11-02 09:38:03.760,3.348,1200
2020-11-02 09:38:03.760,3.348,2000
2020-11-02 09:38:03.760,3.348,5000
2020-11-02 09:38:03.760,3.348,1000
2020-11-02 09:38:03.760,3.348,1000
2020-11-02 09:38:04.080,3.348,3000
2020-11-02 09:38:04.540,3.348,1000
2020-11-02 09:38:04.540,3.348,4000
2020-11-02 09:38:05.390,3.349,7900
2020-11-02 09:38:05.390,3.349,700
2020-11-02 09:38:05.390,3.349,5000
2020-11-02 09:38:05.390,3.349,10000
2020-11-02 09:38:05.390,3.349,6000
2020-11-02 09:38:05.390,3.349,5000
2020-11-02 09:38:05.390,3.349,500
2020-11-02 09:38:05.390,3.349,10000
2020-11-02 09:38:05.390,3.349,50000
2020-11-02 09:38:05.390,3.349,200
2020-11-02 09:38:05.390,3.349,5000
2020-11-02 09:38:05.390,3.349,3000
2020-11-02 09:38:05.390,3.349,10000
2020-11-02 09:38:05.390,3.349,10000
2020-11-02 09:38:05.390,3.349,10000
2020-11-02 09:38:05.390,3.349,80000
2020-11-02 09:38:05.390,3.349,1900
2020-11-02 09:38:05.390,3.349,5000
2020-11-02 09:38:05.390,3.349,1500
2020-11-02 09:38:05.390,3.349,3000
2020-11-02 09:38:05.390,3.349,16900
2020-11-02 09:38:05.390,3.349,3000
2020-11-02 09:38:05.390,3.349,2000
2020-11-02 09:38:05.390,3.349,9300
2020-11-02 09:38:05.390,3.349,3000
2020-11-02 09:38:05.390,3.349,5000
2020-11-02 09:38:05.390,3.349,2000
2020-11-02 09:38:05.390,3.349,5000
2020-11-02 09:38:05.390,3.349,5000
2020-11-02 09:38:05.390,3.349,2500
2020-11-02 09:38:05.390,3.349,21600
2020-11-02 09:38:05.580,3.348,200
2020-11-02 09:38:05.810,3.348,1500
2020-11-02 09:38:05.990,3.348,24300
2020-11-02 09:38:05.990,3.348,25700
2020-11-02 09:38:07.360,3.348,1000
2020-11-02 09:38:07.450,3.348,3000
2020-11-02 09:38:09.550,3.349,128400
2020-11-02 09:38:09.550,3.349,5000
2020-11-02 09:38:09.550,3.349,3300
2020-11-02 09:38:09.550,3.349,5700
2020-11-02 09:38:09.550,3.349,1200
2020-11-02 09:38:09.550,3.349,1400
2020-11-02 09:38:09.550,3.349,5000
2020-11-02 09:38:09.550,3.349,1700
2020-11-02 09:38:09.550,3.349,69900
2020-11-02 09:38:11.460,3.348,300
2020-11-02 09:38:11.460,3.348,9700
2020-11-02 09:38:12.030,3.349,300000
2020-11-02 09:38:12.240,3.349,230100
2020-11-02 09:38:12.240,3.35,10000
2020-11-02 09:38:12.240,3.35,100
2020-11-02 09:38:12.240,3.35,2000
2020-11-02 09:38:12.240,3.35,1900
2020-11-02 09:38:12.240,3.35,100
2020-11-02 09:38:12.240,3.35,10000
2020-11-02 09:38:12.240,3.35,300
2020-11-02 09:38:12.240,3.35,500
2020-11-02 09:38:12.240,3.35,15400
2020-11-02 09:38:12.240,3.35,10000
2020-11-02 09:38:12.240,3.35,11000
2020-11-02 09:38:12.240,3.35,1000
2020-11-02 09:38:12.240,3.35,400
2020-11-02 09:38:12.240,3.35,7200
2020-11-02 09:38:13.460,3.348,400
2020-11-02 09:38:15.770,3.349,10000
2020-11-02 09:38:15.860,3.349,200
2020-11-02 09:38:16.830,3.349,7800
2020-11-02 09:38:16.830,3.349,2200
2020-11-02 09:38:16.830,3.349,1500
2020-11-02 09:38:17.030,3.35,1700
2020-11-02 09:38:17.030,3.35,2500
2020-11-02 09:38:17.030,3.35,5000
2020-11-02 09:38:17.030,3.35,800
2020-11-02 09:38:17.730,3.35,9200
2020-11-02 09:38:17.730,3.35,300
2020-11-02 09:38:17.730,3.35,10000
2020-11-02 09:38:17.730,3.35,400
2020-11-02 09:38:17.730,3.35,25800
2020-11-02 09:38:17.730,3.35,254300
2020-11-02 09:38:18.100,3.35,19200
2020-11-02 09:38:18.100,3.35,3400
2020-11-02 09:38:18.100,3.35,50000
2020-11-02 09:38:18.100,3.35,10000
2020-11-02 09:38:18.100,3.35,5000
2020-11-02 09:38:18.100,3.35,500
2020-11-02 09:38:18.100,3.35,15000
2020-11-02 09:38:18.100,3.35,3000
2020-11-02 09:38:18.100,3.35,1000
2020-11-02 09:38:18.100,3.35,10000
2020-11-02 09:38:18.100,3.35,10000
2020-11-02 09:38:18.100,3.35,200
2020-11-02 09:38:18.100,3.35,30000
2020-11-02 09:38:18.100,3.35,30000
2020-11-02 09:38:18.100,3.35,5000
2020-11-02 09:38:18.100,3.35,4500
2020-11-02 09:38:18.100,3.35,2000
2020-11-02 09:38:18.100,3.35,10000
2020-11-02 09:38:18.100,3.35,3000
2020-11-02 09:38:18.100,3.35,2000
2020-11-02 09:38:18.100,3.35,200
2020-11-02 09:38:18.100,3.35,200
2020-11-02 09:38:18.100,3.35,20000
2020-11-02 09:38:18.100,3.35,10000
2020-11-02 09:38:18.100,3.35,5000
2020-11-02 09:38:18.100,3.35,2400
2020-11-02 09:38:18.100,3.35,2000
2020-11-02 09:38:18.100,3.35,5000
2020-11-02 09:38:18.100,3.35,1000
2020-11-02 09:38:18.100,3.35,200
2020-11-02 09:38:18.100,3.35,26500
2020-11-02 09:38:18.100,3.35,5500
2020-11-02 09:38:18.100,3.35,700
2020-11-02 09:38:18.100,3.35,5400
2020-11-02 09:38:18.100,3.35,2100
2020-11-02 09:38:18.250,3.349,3500
2020-11-02 09:38:20.870,3.349,2000
2020-11-02 09:38:20.870,3.349,1400
2020-11-02 09:38:21.540,3.35,1400
2020-11-02 09:38:21.540,3.35,10000
2020-11-02 09:38:21.540,3.35,1000
2020-11-02 09:38:21.540,3.35,13100
2020-11-02 09:38:21.540,3.35,4900
2020-11-02 09:38:21.540,3.35,5000
2020-11-02 09:38:21.540,3.35,2000
2020-11-02 09:38:21.540,3.35,4100
2020-11-02 09:38:21.540,3.35,1000
2020-11-02 09:38:21.540,3.35,10000
2020-11-02 09:38:21.540,3.35,9900
2020-11-02 09:38:21.540,3.35,10200
2020-11-02 09:38:21.540,3.35,2400
2020-11-02 09:38:21.540,3.35,300
2020-11-02 09:38:21.540,3.35,10000
2020-11-02 09:38:21.540,3.35,28500
2020-11-02 09:38:21.540,3.35,10000
2020-11-02 09:38:21.540,3.35,2500
2020-11-02 09:38:21.540,3.35,4000
2020-11-02 09:38:21.540,3.35,10000
2020-11-02 09:38:21.540,3.35,11000
2020-11-02 09:38:21.540,3.35,100
2020-11-02 09:38:21.540,3.35,2000
2020-11-02 09:38:21.540,3.35,1200
2020-11-02 09:38:21.540,3.35,2000
2020-11-02 09:38:21.540,3.35,1000
2020-11-02 09:38:21.540,3.35,59600
2020-11-02 09:38:21.540,3.35,5000
2020-11-02 09:38:21.540,3.35,500
2020-11-02 09:38:21.540,3.35,5400
2020-11-02 09:38:21.540,3.35,500
2020-11-02 09:38:21.950,3.35,5000
2020-11-02 09:38:22.220,3.35,100
2020-11-02 09:38:22.320,3.35,200
2020-11-02 09:38:23.170,3.35,10000
2020-11-02 09:38:23.230,3.35,56100
2020-11-02 09:38:23.230,3.35,243900
2020-11-02 09:38:24.450,3.35,6000
2020-11-02 09:38:24.690,3.35,14000
2020-11-02 09:38:25.220,3.35,500
2020-11-02 09:38:25.490,3.35,9000
2020-11-02 09:38:25.880,3.35,626600
2020-11-02 09:38:25.880,3.35,50000
2020-11-02 09:38:25.880,3.35,40000
2020-11-02 09:38:25.880,3.35,50000
2020-11-02 09:38:25.880,3.35,3000
2020-11-02 09:38:25.880,3.35,50000
2020-11-02 09:38:25.880,3.35,3100
2020-11-02 09:38:26.200,3.35,50000
2020-11-02 09:38:26.630,3.35,2100
2020-11-02 09:38:26.700,3.35,125200
2020-11-02 09:38:26.700,3.35,174800
2020-11-02 09:38:28.140,3.35,3900
2020-11-02 09:38:28.270,3.35,5100
2020-11-02 09:38:28.270,3.35,9000
2020-11-02 09:38:28.270,3.35,1000
2020-11-02 09:38:28.720,3.351,5100
2020-11-02 09:38:28.720,3.351,3100
2020-11-02 09:38:28.720,3.351,3100
2020-11-02 09:38:28.720,3.351,3100
2020-11-02 09:38:28.720,3.351,100
2020-11-02 09:38:28.720,3.351,11000
2020-11-02 09:38:28.720,3.351,5000
2020-11-02 09:38:28.720,3.351,2500
2020-11-02 09:38:28.720,3.351,1200
2020-11-02 09:38:28.720,3.351,200
2020-11-02 09:38:28.720,3.351,1000
2020-11-02 09:38:28.720,3.351,264600
2020-11-02 09:38:28.810,3.35,300
2020-11-02 09:38:29.940,3.35,1000
2020-11-02 09:38:30.340,3.35,2400
2020-11-02 09:38:30.370,3.35,5800
2020-11-02 09:38:30.730,3.351,135400
2020-11-02 09:38:30.730,3.351,9500
2020-11-02 09:38:30.730,3.351,5000
2020-11-02 09:38:30.730,3.351,20000
2020-11-02 09:38:30.730,3.351,5000
2020-11-02 09:38:30.730,3.351,8000
2020-11-02 09:38:30.730,3.351,10000
2020-11-02 09:38:30.730,3.351,107100
2020-11-02 09:38:31.080,3.35,2100
2020-11-02 09:38:31.170,3.35,3500
2020-11-02 09:38:32.240,3.35,69800
2020-11-02 09:38:32.240,3.35,9400
2020-11-02 09:38:32.240,3.35,2400
2020-11-02 09:38:32.240,3.35,50000
2020-11-02 09:38:32.240,3.35,50000
2020-11-02 09:38:32.240,3.35,50000
2020-11-02 09:38:32.240,3.35,50000
2020-11-02 09:38:32.240,3.349,18400
2020-11-02 09:38:33.320,3.351,300000
2020-11-02 09:38:33.390,3.351,300000
2020-11-02 09:38:33.740,3.35,1000
2020-11-02 09:38:33.740,3.35,14000
2020-11-02 09:38:34.170,3.35,20000
2020-11-02 09:38:34.290,3.35,10000
2020-11-02 09:38:37.780,3.35,300
2020-11-02 09:38:39.430,3.35,10100
2020-11-02 09:38:39.490,3.35,259600
2020-11-02 09:38:39.490,3.35,40400
2020-11-02 09:38:39.690,3.35,12500
2020-11-02 09:38:39.970,3.35,1000
2020-11-02 09:38:40.300,3.349,2600
2020-11-02 09:38:40.360,3.35,46100
2020-11-02 09:38:40.360,3.35,100
2020-11-02 09:38:40.810,3.35,500
2020-11-02 09:38:41.360,3.35,28000
2020-11-02 09:38:41.690,3.35,10000
2020-11-02 09:38:42.590,3.351,192900
2020-11-02 09:38:42.590,3.351,107100
2020-11-02 09:38:42.780,3.35,10700
2020-11-02 09:38:43.910,3.35,7000
2020-11-02 09:38:44.520,3.351,300000
2020-11-02 09:38:45.690,3.35,2500
2020-11-02 09:38:46.540,3.35,195100
2020-11-02 09:38:46.540,3.35,1200
2020-11-02 09:38:46.540,3.35,50000
2020-11-02 09:38:46.540,3.35,50000
2020-11-02 09:38:46.540,3.35,3700
2020-11-02 09:38:46.600,3.35,10000
2020-11-02 09:38:47.040,3.351,10000
2020-11-02 09:38:47.420,3.35,15000
2020-11-02 09:38:47.580,3.35,20000
2020-11-02 09:38:47.880,3.35,700
2020-11-02 09:38:49.180,3.35,500
2020-11-02 09:38:49.180,3.35,5500
2020-11-02 09:38:49.780,3.35,6000
2020-11-02 09:38:50.170,3.35,500
2020-11-02 09:38:50.550,3.35,300
2020-11-02 09:38:50.920,3.35,1000
2020-11-02 09:38:51.240,3.35,100
2020-11-02 09:38:51.240,3.351,400
2020-11-02 09:38:53.250,3.35,300
2020-11-02 09:38:53.250,3.35,9700
2020-11-02 09:38:53.560,3.35,500
2020-11-02 09:38:53.780,3.35,400
2020-11-02 09:38:53.780,3.35,100
2020-11-02 09:38:54.820,3.35,1200
2020-11-02 09:38:55.160,3.349,9800
2020-11-02 09:38:55.190,3.35,10000
2020-11-02 09:38:55.250,3.35,6100
2020-11-02 09:38:56.290,3.35,100
2020-11-02 09:38:56.760,3.349,10700
2020-11-02 09:38:58.710,3.35,50000
2020-11-02 09:38:58.950,3.35,50000
2020-11-02 09:38:59.910,3.35,30000
2020-11-02 09:39:00.670,3.349,100
2020-11-02 09:39:00.820,3.35,9500
2020-11-02 09:39:00.820,3.35,300
2020-11-02 09:39:00.820,3.35,8000
2020-11-02 09:39:02.240,3.35,700
2020-11-02 09:39:02.240,3.35,14400
2020-11-02 09:39:02.360,3.35,45200
2020-11-02 09:39:02.360,3.35,100000
2020-11-02 09:39:02.360,3.35,1000
2020-11-02 09:39:04.910,3.35,1000
2020-11-02 09:39:05.410,3.351,300000
2020-11-02 09:39:05.710,3.35,5000
2020-11-02 09:39:06.880,3.35,1000
2020-11-02 09:39:07.030,3.35,100
2020-11-02 09:39:07.700,3.351,50000
2020-11-02 09:39:08.700,3.35,18500
2020-11-02 09:39:09.240,3.35,5000
2020-11-02 09:39:12.940,3.35,200
2020-11-02 09:39:14.230,3.35,10700
2020-11-02 09:39:14.880,3.351,100
2020-11-02 09:39:15.060,3.351,20000
2020-11-02 09:39:15.570,3.35,7000
2020-11-02 09:39:15.900,3.351,20000
2020-11-02 09:39:16.510,3.35,39600
2020-11-02 09:39:17.200,3.35,10000
2020-11-02 09:39:17.850,3.35,2500
2020-11-02 09:39:18.310,3.35,1200
2020-11-02 09:39:18.460,3.351,92400
2020-11-02 09:39:18.460,3.351,2000
2020-11-02 09:39:18.460,3.351,400
2020-11-02 09:39:18.460,3.351,19100
2020-11-02 09:39:18.460,3.351,10000
2020-11-02 09:39:18.460,3.351,16600
2020-11-02 09:39:18.460,3.351,8000
2020-11-02 09:39:18.460,3.351,1000
2020-11-02 09:39:18.460,3.351,10000
2020-11-02 09:39:18.460,3.351,5000
2020-11-02 09:39:18.460,3.351,2000
2020-11-02 09:39:18.460,3.351,10800
2020-11-02 09:39:18.460,3.351,5000
2020-11-02 09:39:18.460,3.351,400
2020-11-02 09:39:18.460,3.351,4200
2020-11-02 09:39:18.460,3.351,6000
2020-11-02 09:39:18.460,3.351,5000
2020-11-02 09:39:18.460,3.351,800
2020-11-02 09:39:18.460,3.351,5000
2020-11-02 09:39:18.460,3.351,6000
2020-11-02 09:39:19.580,3.35,30500
2020-11-02 09:39:19.820,3.35,300
2020-11-02 09:39:20.070,3.351,600
2020-11-02 09:39:20.280,3.35,21200
2020-11-02 09:39:20.280,3.35,689800
2020-11-02 09:39:20.280,3.35,600
2020-11-02 09:39:20.280,3.35,30000
2020-11-02 09:39:20.280,3.35,1500
2020-11-02 09:39:20.280,3.35,100
2020-11-02 09:39:20.280,3.35,5200
2020-11-02 09:39:20.280,3.35,16900
2020-11-02 09:39:20.280,3.35,500
2020-11-02 09:39:20.280,3.35,500
2020-11-02 09:39:20.280,3.35,3100
2020-11-02 09:39:20.280,3.35,130600
2020-11-02 09:39:21.050,3.351,2400
2020-11-02 09:39:21.050,3.351,3000
2020-11-02 09:39:21.050,3.351,4600
2020-11-02 09:39:21.200,3.35,100
2020-11-02 09:39:21.200,3.35,100000
2020-11-02 09:39:21.810,3.35,2000
2020-11-02 09:39:22.800,3.35,30000
2020-11-02 09:39:23.040,3.349,58400
2020-11-02 09:39:23.040,3.349,1000
2020-11-02 09:39:23.040,3.349,20000
2020-11-02 09:39:23.040,3.349,5000
2020-11-02 09:39:23.040,3.349,29700
2020-11-02 09:39:23.040,3.349,6100
2020-11-02 09:39:23.040,3.349,179800
2020-11-02 09:39:24.490,3.35,167900
2020-11-02 09:39:24.490,3.35,198000
2020-11-02 09:39:25.740,3.349,1000
2020-11-02 09:39:27.120,3.349,6000
2020-11-02 09:39:27.730,3.349,93000
2020-11-02 09:39:28.210,3.35,1700
2020-11-02 09:39:29.720,3.35,2000
2020-11-02 09:39:30.560,3.349,800
2020-11-02 09:39:30.980,3.349,1500
2020-11-02 09:39:31.100,3.35,600
2020-11-02 09:39:31.770,3.35,97300
2020-11-02 09:39:31.770,3.35,900
2020-11-02 09:39:31.770,3.35,7500
2020-11-02 09:39:31.770,3.35,200
2020-11-02 09:39:31.770,3.35,10000
2020-11-02 09:39:31.770,3.35,5000
2020-11-02 09:39:31.770,3.351,179100
2020-11-02 09:39:32.310,3.35,100000
2020-11-02 09:39:32.310,3.35,1300
2020-11-02 09:39:32.310,3.351,198700
2020-11-02 09:39:32.960,3.351,1000
2020-11-02 09:39:34.060,3.35,20000
2020-11-02 09:39:34.960,3.35,4700
2020-11-02 09:39:35.740,3.349,200
2020-11-02 09:39:36.120,3.349,1000
2020-11-02 09:39:37.320,3.349,4000
2020-11-02 09:39:37.980,3.35,300
2020-11-02 09:39:38.570,3.35,1200
2020-11-02 09:39:38.830,3.35,280000
2020-11-02 09:39:39.240,3.35,100
2020-11-02 09:39:39.540,3.35,10000
2020-11-02 09:39:40.150,3.349,2200
2020-11-02 09:39:40.780,3.349,197300
2020-11-02 09:39:40.780,3.349,300
2020-11-02 09:39:40.780,3.349,388900
2020-11-02 09:39:40.780,3.349,50000
2020-11-02 09:39:40.780,3.349,1000
2020-11-02 09:39:40.780,3.349,700
2020-11-02 09:39:40.780,3.349,261800
2020-11-02 09:39:40.890,3.35,4000
2020-11-02 09:39:41.940,3.35,600
2020-11-02 09:39:42.220,3.35,600
2020-11-02 09:39:42.430,3.35,7000
2020-11-02 09:39:43.330,3.35,2000
2020-11-02 09:39:43.430,3.349,1000
2020-11-02 09:39:43.970,3.349,5000
2020-11-02 09:39:44.530,3.35,500
2020-11-02 09:39:44.750,3.35,300000
2020-11-02 09:39:46.390,3.349,6600
2020-11-02 09:39:46.390,3.35,8900
2020-11-02 09:39:47.270,3.349,5000
2020-11-02 09:39:47.980,3.35,100
2020-11-02 09:39:47.980,3.35,1000
2020-11-02 09:39:47.980,3.35,10000
2020-11-02 09:39:47.980,3.35,5000
2020-11-02 09:39:47.980,3.35,1000
2020-11-02 09:39:47.980,3.35,89700
2020-11-02 09:39:47.980,3.35,151400
2020-11-02 09:39:47.980,3.35,5000
2020-11-02 09:39:47.980,3.35,10000
2020-11-02 09:39:47.980,3.35,2000
2020-11-02 09:39:47.980,3.35,10000
2020-11-02 09:39:47.980,3.35,15900
2020-11-02 09:39:47.980,3.35,12500
2020-11-02 09:39:47.980,3.35,11000
2020-11-02 09:39:47.980,3.35,8000
2020-11-02 09:39:47.980,3.35,20000
2020-11-02 09:39:48.790,3.349,300
2020-11-02 09:39:48.790,3.349,2700
2020-11-02 09:39:48.950,3.351,40000
2020-11-02 09:39:48.950,3.351,2000
2020-11-02 09:39:48.950,3.351,8000
2020-11-02 09:39:50.320,3.351,300000
2020-11-02 09:39:50.630,3.35,5000
2020-11-02 09:39:50.630,3.35,2100
2020-11-02 09:39:50.630,3.35,14100
2020-11-02 09:39:51.400,3.35,500
2020-11-02 09:39:51.430,3.35,10000
2020-11-02 09:39:51.790,3.35,5000
2020-11-02 09:39:52.240,3.35,82100
2020-11-02 09:39:52.530,3.35,20000
2020-11-02 09:39:52.530,3.35,128600
2020-11-02 09:39:52.800,3.35,37100
2020-11-02 09:39:53.340,3.35,2600
2020-11-02 09:39:53.340,3.35,27400
2020-11-02 09:39:53.340,3.35,40000
2020-11-02 09:39:53.730,3.35,232600
2020-11-02 09:39:56.100,3.35,2000
2020-11-02 09:39:56.300,3.35,3400
2020-11-02 09:39:57.950,3.349,47300
2020-11-02 09:39:57.950,3.349,10100
2020-11-02 09:39:57.950,3.349,2000
2020-11-02 09:39:57.950,3.349,600
2020-11-02 09:39:58.070,3.349,4000
2020-11-02 09:39:58.500,3.349,236000
2020-11-02 09:39:58.500,3.349,32000
2020-11-02 09:39:58.530,3.349,20000
2020-11-02 09:39:58.750,3.349,48000
2020-11-02 09:39:59.690,3.349,500
2020-11-02 09:40:00.990,3.349,20000
2020-11-02 09:40:01.170,3.349,30000
2020-11-02 09:40:01.170,3.349,70000
2020-11-02 09:40:01.190,3.349,9600
2020-11-02 09:40:02.680,3.35,10000
2020-11-02 09:40:02.710,3.35,52000
2020-11-02 09:40:02.710,3.35,10000
2020-11-02 09:40:02.710,3.35,100000
2020-11-02 09:40:02.710,3.35,500
2020-11-02 09:40:02.710,3.35,3000
2020-11-02 09:40:02.710,3.35,1500
2020-11-02 09:40:02.710,3.35,133000
2020-11-02 09:40:05.160,3.349,7000
2020-11-02 09:40:05.250,3.349,3000
2020-11-02 09:40:06.700,3.349,500
2020-11-02 09:40:07.130,3.349,200
2020-11-02 09:40:07.730,3.349,15300
2020-11-02 09:40:10.580,3.349,194400
2020-11-02 09:40:10.580,3.349,10000
2020-11-02 09:40:10.580,3.349,4000
2020-11-02 09:40:10.580,3.349,10000
2020-11-02 09:40:10.580,3.349,1000
2020-11-02 09:40:10.580,3.349,100
2020-11-02 09:40:10.650,3.349,50000
2020-11-02 09:40:12.260,3.349,1000
2020-11-02 09:40:12.410,3.349,1000
2020-11-02 09:40:13.450,3.349,4000
2020-11-02 09:40:15.250,3.348,8000
2020-11-02 09:40:16.110,3.349,29700
2020-11-02 09:40:16.250,3.349,272600
2020-11-02 09:40:16.990,3.348,6000
2020-11-02 09:40:17.020,3.348,5900
2020-11-02 09:40:17.020,3.348,3000
2020-11-02 09:40:17.020,3.348,1000
2020-11-02 09:40:17.020,3.348,800
2020-11-02 09:40:17.210,3.349,300
2020-11-02 09:40:17.480,3.348,200
2020-11-02 09:40:17.480,3.348,10900
2020-11-02 09:40:17.480,3.348,7100
2020-11-02 09:40:17.480,3.348,1000
2020-11-02 09:40:17.480,3.348,1000
2020-11-02 09:40:17.480,3.348,2000
2020-11-02 09:40:17.510,3.348,6000
2020-11-02 09:40:18.610,3.349,2200
2020-11-02 09:40:19.370,3.349,300000
2020-11-02 09:40:19.430,3.348,11100
2020-11-02 09:40:19.430,3.348,11100
2020-11-02 09:40:20.450,3.349,19700
2020-11-02 09:40:20.450,3.349,1700
2020-11-02 09:40:20.450,3.349,278600
2020-11-02 09:40:20.810,3.348,100
2020-11-02 09:40:20.930,3.348,5500
2020-11-02 09:40:20.960,3.348,5500
2020-11-02 09:40:21.920,3.348,10000
2020-11-02 09:40:22.070,3.348,10000
2020-11-02 09:40:22.130,3.348,30000
2020-11-02 09:40:22.130,3.348,60000
2020-11-02 09:40:22.220,3.349,15000
2020-11-02 09:40:22.430,3.348,2500
2020-11-02 09:40:22.520,3.348,3000
2020-11-02 09:40:22.580,3.348,5500
2020-11-02 09:40:22.580,3.348,5500
2020-11-02 09:40:22.710,3.348,2000
2020-11-02 09:40:22.880,3.349,700
2020-11-02 09:40:24.060,3.348,500
2020-11-02 09:40:24.120,3.348,2700
2020-11-02 09:40:24.120,3.348,2700
2020-11-02 09:40:25.420,3.348,54900
2020-11-02 09:40:25.720,3.348,2700
2020-11-02 09:40:25.790,3.348,2700
2020-11-02 09:40:26.540,3.348,50000
2020-11-02 09:40:26.540,3.348,40000
2020-11-02 09:40:27.280,3.348,700
2020-11-02 09:40:27.310,3.348,27100
2020-11-02 09:40:27.310,3.348,50000
2020-11-02 09:40:27.430,3.347,700
2020-11-02 09:40:27.640,3.348,15000
2020-11-02 09:40:27.860,3.347,100
2020-11-02 09:40:27.860,3.347,1000
2020-11-02 09:40:27.860,3.347,1000
2020-11-02 09:40:27.860,3.347,1900
2020-11-02 09:40:28.070,3.348,2000
2020-11-02 09:40:28.670,3.348,300000
2020-11-02 09:40:29.880,3.348,50000
2020-11-02 09:40:29.880,3.348,50000
2020-11-02 09:40:30.020,3.348,300000
2020-11-02 09:40:30.910,3.348,200
2020-11-02 09:40:31.450,3.347,38100
2020-11-02 09:40:31.450,3.347,300000
2020-11-02 09:40:31.450,3.347,59800
2020-11-02 09:40:31.450,3.347,50000
2020-11-02 09:40:31.940,3.347,319100
2020-11-02 09:40:32.350,3.348,200
2020-11-02 09:40:32.940,3.347,50000
2020-11-02 09:40:32.940,3.347,50000
2020-11-02 09:40:32.980,3.347,50000
2020-11-02 09:40:34.280,3.347,50000
2020-11-02 09:40:34.650,3.347,300000
2020-11-02 09:40:34.780,3.346,20000
2020-11-02 09:40:35.010,3.347,365800
2020-11-02 09:40:35.290,3.347,13300
2020-11-02 09:40:35.710,3.347,100
2020-11-02 09:40:36.740,3.348,1000
2020-11-02 09:40:37.030,3.347,5000
2020-11-02 09:40:37.470,3.347,4000
2020-11-02 09:40:38.050,3.347,20000
2020-11-02 09:40:38.230,3.347,104500
2020-11-02 09:40:38.940,3.348,1000
2020-11-02 09:40:40.120,3.347,40000
2020-11-02 09:40:40.210,3.347,1500
2020-11-02 09:40:40.310,3.348,10000
2020-11-02 09:40:40.310,3.347,2500
2020-11-02 09:40:40.760,3.348,600
2020-11-02 09:40:41.180,3.347,15400
2020-11-02 09:40:43.240,3.347,30100
2020-11-02 09:40:43.240,3.347,1000
2020-11-02 09:40:43.240,3.347,13500
2020-11-02 09:40:43.720,3.347,2000
2020-11-02 09:40:44.160,3.347,2000
2020-11-02 09:40:44.180,3.347,2300
2020-11-02 09:40:44.370,3.347,3000
2020-11-02 09:40:44.890,3.347,10000
2020-11-02 09:40:45.060,3.347,14500
2020-11-02 09:40:46.250,3.348,18400
2020-11-02 09:40:46.250,3.348,5000
2020-11-02 09:40:46.250,3.348,6600
2020-11-02 09:40:46.250,3.348,8400
2020-11-02 09:40:46.250,3.348,900
2020-11-02 09:40:46.250,3.348,3000
2020-11-02 09:40:46.250,3.348,1000
2020-11-02 09:40:46.250,3.348,20000
2020-11-02 09:40:46.250,3.348,1200
2020-11-02 09:40:46.250,3.348,10000
2020-11-02 09:40:46.250,3.348,9000
2020-11-02 09:40:46.250,3.348,20000
2020-11-02 09:40:46.250,3.348,500
2020-11-02 09:40:46.250,3.348,100
2020-11-02 09:40:47.560,3.348,500
2020-11-02 09:40:48.020,3.347,50000
2020-11-02 09:40:48.020,3.347,50000
2020-11-02 09:40:48.020,3.347,40700
2020-11-02 09:40:48.020,3.347,300000
2020-11-02 09:40:48.020,3.347,40000
2020-11-02 09:40:48.020,3.347,25500
2020-11-02 09:40:48.370,3.347,195400
2020-11-02 09:40:50.240,3.347,50000
2020-11-02 09:40:50.240,3.347,50000
2020-11-02 09:40:50.270,3.347,800
2020-11-02 09:40:50.870,3.347,50000
2020-11-02 09:40:50.870,3.347,47600
2020-11-02 09:40:50.870,3.348,7000
2020-11-02 09:40:50.870,3.348,293000
2020-11-02 09:40:51.290,3.347,200
2020-11-02 09:40:51.540,3.347,600
2020-11-02 09:40:54.490,3.347,30000
2020-11-02 09:40:54.820,3.347,14500
2020-11-02 09:40:55.450,3.347,900
2020-11-02 09:40:55.740,3.347,400
2020-11-02 09:40:55.740,3.347,300
2020-11-02 09:40:55.770,3.347,14100
2020-11-02 09:40:57.210,3.347,1000
2020-11-02 09:40:57.850,3.347,60000
2020-11-02 09:40:58.070,3.348,600
2020-11-02 09:40:58.140,3.347,500
2020-11-02 09:40:58.500,3.348,1300
2020-11-02 09:40:59.180,3.347,3300
2020-11-02 09:40:59.180,3.348,1700
2020-11-02 09:40:59.600,3.347,3000
2020-11-02 09:40:59.790,3.348,100
2020-11-02 09:40:59.850,3.348,500
2020-11-02 09:40:59.970,3.348,2000
2020-11-02 09:41:00.300,3.347,300
2020-11-02 09:41:01.140,3.347,10000
2020-11-02 09:41:01.340,3.348,600
2020-11-02 09:41:03.140,3.347,2000
2020-11-02 09:41:03.200,3.347,500
2020-11-02 09:41:04.670,3.348,200
2020-11-02 09:41:04.670,3.348,29600
2020-11-02 09:41:05.190,3.347,200
2020-11-02 09:41:05.310,3.347,3000
2020-11-02 09:41:05.310,3.347,107600
2020-11-02 09:41:05.310,3.347,5000
2020-11-02 09:41:05.310,3.347,300
2020-11-02 09:41:05.310,3.347,50000
2020-11-02 09:41:05.310,3.347,50000
2020-11-02 09:41:05.310,3.346,36500
2020-11-02 09:41:05.310,3.346,4200
2020-11-02 09:41:05.310,3.346,1000
2020-11-02 09:41:05.310,3.346,1300
2020-11-02 09:41:05.310,3.346,29600
2020-11-02 09:41:06.320,3.348,270400
2020-11-02 09:41:06.320,3.348,500
2020-11-02 09:41:06.320,3.348,36600
2020-11-02 09:41:06.320,3.348,5000
2020-11-02 09:41:06.320,3.348,1000
2020-11-02 09:41:06.320,3.348,300
2020-11-02 09:41:06.320,3.348,500
2020-11-02 09:41:06.320,3.348,585700
2020-11-02 09:41:06.320,3.347,3000
2020-11-02 09:41:07.500,3.346,5000
2020-11-02 09:41:07.570,3.347,200
2020-11-02 09:41:07.570,3.348,14800
2020-11-02 09:41:08.150,3.348,50000
2020-11-02 09:41:08.810,3.347,3800
2020-11-02 09:41:08.810,3.348,249500
2020-11-02 09:41:08.810,3.348,11000
2020-11-02 09:41:08.810,3.348,30000
2020-11-02 09:41:08.810,3.348,9500
2020-11-02 09:41:09.800,3.347,5000
2020-11-02 09:41:11.040,3.347,100
2020-11-02 09:41:11.230,3.347,500
2020-11-02 09:41:11.510,3.347,3000
2020-11-02 09:41:12.330,3.348,3000
2020-11-02 09:41:12.510,3.348,300000
2020-11-02 09:41:13.510,3.347,600
2020-11-02 09:41:14.150,3.348,600
2020-11-02 09:41:15.390,3.347,5000
2020-11-02 09:41:16.160,3.347,50000
2020-11-02 09:41:16.190,3.347,10000
2020-11-02 09:41:16.260,3.347,98000
2020-11-02 09:41:17.110,3.347,10000
2020-11-02 09:41:17.410,3.347,500
2020-11-02 09:41:17.980,3.347,50000
2020-11-02 09:41:18.910,3.347,500
2020-11-02 09:41:19.200,3.347,15500
2020-11-02 09:41:19.490,3.347,5900
2020-11-02 09:41:21.920,3.348,586900
2020-11-02 09:41:21.920,3.348,3400
2020-11-02 09:41:21.920,3.348,2000
2020-11-02 09:41:21.920,3.348,7500
2020-11-02 09:41:21.920,3.348,2600
2020-11-02 09:41:21.920,3.348,1000
2020-11-02 09:41:21.920,3.348,600
2020-11-02 09:41:21.920,3.348,3500
2020-11-02 09:41:21.920,3.348,12000
2020-11-02 09:41:21.920,3.348,15000
2020-11-02 09:41:21.920,3.348,265500
2020-11-02 09:41:22.050,3.347,400
2020-11-02 09:41:22.290,3.347,800
2020-11-02 09:41:23.560,3.347,2500
2020-11-02 09:41:23.880,3.347,30000
2020-11-02 09:41:25.190,3.347,6100
2020-11-02 09:41:26.930,3.347,1100
2020-11-02 09:41:27.630,3.347,500
2020-11-02 09:41:28.970,3.347,100
2020-11-02 09:41:29.680,3.347,100
2020-11-02 09:41:29.680,3.347,3000
2020-11-02 09:41:29.680,3.347,200
2020-11-02 09:41:29.680,3.347,600
2020-11-02 09:41:30.240,3.347,2100
2020-11-02 09:41:30.240,3.348,137900
2020-11-02 09:41:31.490,3.347,2500
2020-11-02 09:41:31.490,3.348,7500
2020-11-02 09:41:31.730,3.347,3000
2020-11-02 09:41:33.430,3.347,5000
2020-11-02 09:41:33.430,3.348,5000
2020-11-02 09:41:34.920,3.346,1800
2020-11-02 09:41:38.360,3.347,800
2020-11-02 09:41:38.720,3.347,200
2020-11-02 09:41:40.250,3.347,1000
2020-11-02 09:41:40.380,3.346,4000
2020-11-02 09:41:40.380,3.346,10000
2020-11-02 09:41:40.380,3.346,20000
2020-11-02 09:41:40.380,3.346,1000
2020-11-02 09:41:40.380,3.346,10000
2020-11-02 09:41:40.380,3.346,50000
2020-11-02 09:41:40.380,3.346,800
2020-11-02 09:41:40.380,3.346,50000
2020-11-02 09:41:40.380,3.346,56000
2020-11-02 09:41:40.380,3.345,83700
2020-11-02 09:41:41.300,3.346,5000
2020-11-02 09:41:41.380,3.346,20000
2020-11-02 09:41:43.790,3.346,300
2020-11-02 09:41:43.790,3.347,6000
2020-11-02 09:41:43.790,3.347,3700
2020-11-02 09:41:44.830,3.346,1000
2020-11-02 09:41:45.090,3.346,500
2020-11-02 09:41:47.720,3.346,200
2020-11-02 09:41:47.720,3.347,1000
2020-11-02 09:41:47.810,3.347,295300
2020-11-02 09:41:47.810,3.347,2000
2020-11-02 09:41:47.810,3.347,2700
2020-11-02 09:41:49.260,3.346,5000
2020-11-02 09:41:50.410,3.346,4000
2020-11-02 09:41:50.730,3.346,29800
2020-11-02 09:41:53.860,3.346,3300
2020-11-02 09:41:54.740,3.346,60000
2020-11-02 09:41:54.920,3.347,7300
2020-11-02 09:41:54.920,3.347,5000
2020-11-02 09:41:54.920,3.347,11000
2020-11-02 09:41:54.920,3.347,500
2020-11-02 09:41:56.500,3.347,48700
2020-11-02 09:41:56.830,3.347,3600
2020-11-02 09:41:57.230,3.347,300000
2020-11-02 09:41:57.580,3.347,23900
2020-11-02 09:41:57.580,3.347,100
2020-11-02 09:41:57.580,3.347,300
2020-11-02 09:41:57.580,3.346,45600
2020-11-02 09:42:01.080,3.347,500
2020-11-02 09:42:01.690,3.346,25000
2020-11-02 09:42:03.110,3.347,300
2020-11-02 09:42:05.950,3.346,500
2020-11-02 09:42:06.060,3.346,3700
2020-11-02 09:42:07.630,3.347,5900
2020-11-02 09:42:08.730,3.347,3800
2020-11-02 09:42:08.730,3.347,3800
2020-11-02 09:42:08.760,3.347,3000
2020-11-02 09:42:08.970,3.347,400
2020-11-02 09:42:09.380,3.348,600
2020-11-02 09:42:09.420,3.347,10000
2020-11-02 09:42:10.270,3.347,3500
2020-11-02 09:42:10.300,3.347,10000
2020-11-02 09:42:10.630,3.347,12900
2020-11-02 09:42:11.640,3.347,2600
2020-11-02 09:42:11.640,3.347,700
2020-11-02 09:42:11.640,3.346,6700
2020-11-02 09:42:13.620,3.347,1500
2020-11-02 09:42:14.440,3.347,10000
2020-11-02 09:42:15.320,3.346,1200
2020-11-02 09:42:16.510,3.347,100
2020-11-02 09:42:16.630,3.347,3400
2020-11-02 09:42:16.630,3.347,1000
2020-11-02 09:42:16.630,3.347,1000
2020-11-02 09:42:17.270,3.347,100
2020-11-02 09:42:17.270,3.346,400
2020-11-02 09:42:17.440,3.348,483500
2020-11-02 09:42:17.440,3.348,5000
2020-11-02 09:42:17.440,3.348,11500
2020-11-02 09:42:19.610,3.346,8600
2020-11-02 09:42:20.020,3.346,6600
2020-11-02 09:42:20.300,3.347,3300
2020-11-02 09:42:20.300,3.347,2700
2020-11-02 09:42:20.810,3.346,500
2020-11-02 09:42:22.610,3.347,1000
2020-11-02 09:42:26.380,3.346,30000
2020-11-02 09:42:26.380,3.347,800
2020-11-02 09:42:26.380,3.347,700
2020-11-02 09:42:27.160,3.346,69100
2020-11-02 09:42:27.160,3.346,2300
2020-11-02 09:42:27.160,3.346,300
2020-11-02 09:42:27.160,3.346,1000
2020-11-02 09:42:27.160,3.346,227300
2020-11-02 09:42:27.340,3.346,272700
2020-11-02 09:42:27.340,3.346,10000
2020-11-02 09:42:30.730,3.346,2000
2020-11-02 09:42:30.760,3.346,2000
2020-11-02 09:42:30.790,3.345,100
2020-11-02 09:42:33.420,3.345,216200
2020-11-02 09:42:33.420,3.345,300
2020-11-02 09:42:33.420,3.345,1800
2020-11-02 09:42:33.420,3.345,500
2020-11-02 09:42:33.420,3.345,11000
2020-11-02 09:42:33.420,3.345,1000
2020-11-02 09:42:33.420,3.345,800
2020-11-02 09:42:33.420,3.345,1500
2020-11-02 09:42:33.420,3.345,3000
2020-11-02 09:42:33.420,3.345,50000
2020-11-02 09:42:34.660,3.345,400
2020-11-02 09:42:35.170,3.345,13500
2020-11-02 09:42:35.410,3.345,2000
2020-11-02 09:42:36.180,3.345,500
2020-11-02 09:42:37.760,3.346,4800
2020-11-02 09:42:37.780,3.346,5600
2020-11-02 09:42:39.170,3.344,300
2020-11-02 09:42:39.170,3.344,8700
2020-11-02 09:42:39.990,3.345,5000
2020-11-02 09:42:42.200,3.345,200
2020-11-02 09:42:42.310,3.345,3600
2020-11-02 09:42:42.310,3.345,50000
2020-11-02 09:42:42.310,3.345,1000
2020-11-02 09:42:42.310,3.345,30000
2020-11-02 09:42:42.310,3.345,215400
2020-11-02 09:42:42.400,3.344,1300
2020-11-02 09:42:42.400,3.344,400
2020-11-02 09:42:42.510,3.345,300000
2020-11-02 09:42:42.780,3.345,284600
2020-11-02 09:42:42.780,3.345,1100
2020-11-02 09:42:42.780,3.345,14300
2020-11-02 09:42:43.080,3.345,300000
2020-11-02 09:42:43.980,3.344,500
2020-11-02 09:42:45.250,3.344,100
2020-11-02 09:42:45.250,3.344,5800
2020-11-02 09:42:46.460,3.344,5000
2020-11-02 09:42:46.670,3.344,9200
2020-11-02 09:42:46.670,3.344,1300
2020-11-02 09:42:46.670,3.344,300
2020-11-02 09:42:46.670,3.344,11000
2020-11-02 09:42:46.670,3.344,10000
2020-11-02 09:42:46.670,3.344,5000
2020-11-02 09:42:46.670,3.344,300
2020-11-02 09:42:48.350,3.344,200
2020-11-02 09:42:48.350,3.344,200
2020-11-02 09:42:48.350,3.344,600
2020-11-02 09:42:48.540,3.344,300
2020-11-02 09:42:48.590,3.344,400
2020-11-02 09:42:50.690,3.344,299300
2020-11-02 09:42:50.690,3.344,700
2020-11-02 09:42:50.690,3.344,15700
2020-11-02 09:42:50.690,3.344,284300
2020-11-02 09:42:50.780,3.344,1800
2020-11-02 09:42:50.780,3.344,48200
2020-11-02 09:42:50.780,3.344,36800
2020-11-02 09:42:50.780,3.344,2000
2020-11-02 09:42:50.780,3.344,400
2020-11-02 09:42:51.330,3.344,500
2020-11-02 09:42:52.230,3.344,5000
2020-11-02 09:42:52.360,3.345,300000
2020-11-02 09:42:54.740,3.344,1200
2020-11-02 09:42:55.570,3.344,800
2020-11-02 09:42:55.970,3.344,7100
2020-11-02 09:42:56.370,3.344,15000
2020-11-02 09:42:58.630,3.345,100
2020-11-02 09:42:59.710,3.344,15500
2020-11-02 09:43:02.400,3.344,10000
2020-11-02 09:43:02.900,3.344,9200
2020-11-02 09:43:03.260,3.344,3500
2020-11-02 09:43:03.760,3.344,1500
2020-11-02 09:43:03.850,3.344,3000
2020-11-02 09:43:04.650,3.344,400
2020-11-02 09:43:06.570,3.344,36000
2020-11-02 09:43:06.690,3.344,36400
2020-11-02 09:43:06.690,3.344,200
2020-11-02 09:43:06.690,3.344,27100
2020-11-02 09:43:06.690,3.344,3000
2020-11-02 09:43:06.690,3.344,1100
2020-11-02 09:43:06.690,3.344,50000
2020-11-02 09:43:06.690,3.344,50000
2020-11-02 09:43:06.690,3.344,10000
2020-11-02 09:43:06.690,3.344,30000
2020-11-02 09:43:07.260,3.344,300
2020-11-02 09:43:07.710,3.344,3000
2020-11-02 09:43:08.480,3.344,2000
2020-11-02 09:43:08.510,3.344,50000
2020-11-02 09:43:08.990,3.344,36900
2020-11-02 09:43:08.990,3.344,10000
2020-11-02 09:43:08.990,3.345,253100
2020-11-02 09:43:09.430,3.344,20700
2020-11-02 09:43:10.610,3.345,27900
2020-11-02 09:43:10.820,3.345,4600
2020-11-02 09:43:10.820,3.345,1600
2020-11-02 09:43:11.840,3.345,3400
2020-11-02 09:43:11.840,3.345,3000
2020-11-02 09:43:11.840,3.345,3000
2020-11-02 09:43:11.840,3.345,40000
2020-11-02 09:43:11.840,3.345,500
2020-11-02 09:43:11.840,3.345,2600
2020-11-02 09:43:11.840,3.345,10000
2020-11-02 09:43:12.070,3.345,2000
2020-11-02 09:43:12.220,3.345,700
2020-11-02 09:43:12.940,3.345,5000
2020-11-02 09:43:16.140,3.345,1000
2020-11-02 09:43:16.580,3.345,21000
2020-11-02 09:43:16.880,3.345,400
2020-11-02 09:43:18.150,3.345,200
2020-11-02 09:43:18.450,3.345,1900
2020-11-02 09:43:21.540,3.345,400
2020-11-02 09:43:21.600,3.345,1000
2020-11-02 09:43:22.810,3.346,4100
2020-11-02 09:43:23.160,3.345,1000
2020-11-02 09:43:23.820,3.345,800
2020-11-02 09:43:24.680,3.345,500
2020-11-02 09:43:26.110,3.345,201600
2020-11-02 09:43:26.110,3.345,100
2020-11-02 09:43:26.110,3.345,50000
2020-11-02 09:43:26.110,3.345,9000
2020-11-02 09:43:26.110,3.345,4900
2020-11-02 09:43:27.160,3.344,1100
2020-11-02 09:43:27.280,3.345,700
2020-11-02 09:43:27.820,3.344,4500
2020-11-02 09:43:30.500,3.345,4800
2020-11-02 09:43:30.960,3.344,3500
2020-11-02 09:43:33.650,3.344,6500
2020-11-02 09:43:35.660,3.345,2600
2020-11-02 09:43:36.070,3.344,1600
2020-11-02 09:43:36.390,3.345,1300
2020-11-02 09:43:38.240,3.344,8000
2020-11-02 09:43:40.280,3.344,500
2020-11-02 09:43:42.870,3.344,5000
2020-11-02 09:43:43.510,3.344,89500
2020-11-02 09:43:44.850,3.344,2700
2020-11-02 09:43:46.780,3.344,20000
2020-11-02 09:43:46.940,3.344,3600
2020-11-02 09:43:47.040,3.344,2000
2020-11-02 09:43:47.750,3.345,2900
2020-11-02 09:43:47.950,3.344,130800
2020-11-02 09:43:47.950,3.344,10800
2020-11-02 09:43:47.950,3.344,10000
2020-11-02 09:43:47.950,3.344,600
2020-11-02 09:43:47.950,3.344,1000
2020-11-02 09:43:47.950,3.344,100
2020-11-02 09:43:48.460,3.344,7000
2020-11-02 09:43:49.610,3.343,5900
2020-11-02 09:43:50.000,3.344,139700
2020-11-02 09:43:50.000,3.344,8600
2020-11-02 09:43:50.000,3.344,18900
2020-11-02 09:43:50.000,3.344,500
2020-11-02 09:43:50.000,3.344,132300
2020-11-02 09:43:50.140,3.344,300
2020-11-02 09:43:50.330,3.344,4500
2020-11-02 09:43:51.250,3.344,200
2020-11-02 09:43:51.290,3.344,1600
2020-11-02 09:43:52.880,3.343,279600
2020-11-02 09:43:52.880,3.343,2900
2020-11-02 09:43:52.880,3.343,1000
2020-11-02 09:43:52.880,3.343,1000
2020-11-02 09:43:52.880,3.343,1000
2020-11-02 09:43:52.880,3.343,10000
2020-11-02 09:43:52.880,3.343,3000
2020-11-02 09:43:52.880,3.343,1500
2020-11-02 09:43:55.820,3.343,9500
2020-11-02 09:43:55.820,3.343,5100
2020-11-02 09:43:55.820,3.343,8000
2020-11-02 09:43:55.820,3.343,10000
2020-11-02 09:43:55.820,3.343,2000
2020-11-02 09:43:55.820,3.343,200
2020-11-02 09:43:55.820,3.343,5000
2020-11-02 09:43:55.820,3.343,100000
2020-11-02 09:43:55.820,3.343,2000
2020-11-02 09:43:55.820,3.343,158200
2020-11-02 09:43:56.060,3.343,1000
2020-11-02 09:43:56.270,3.343,800
2020-11-02 09:43:56.270,3.343,1000
2020-11-02 09:43:56.270,3.343,300
2020-11-02 09:43:57.900,3.343,600
2020-11-02 09:44:01.660,3.342,10000
2020-11-02 09:44:01.660,3.342,40000
2020-11-02 09:44:01.840,3.343,1800
2020-11-02 09:44:01.870,3.343,1700
2020-11-02 09:44:01.870,3.343,500
2020-11-02 09:44:01.870,3.343,1500
2020-11-02 09:44:01.870,3.344,296300
2020-11-02 09:44:02.330,3.343,5700
2020-11-02 09:44:02.520,3.343,14500
2020-11-02 09:44:03.450,3.343,1000
2020-11-02 09:44:04.040,3.343,500
2020-11-02 09:44:05.340,3.344,600
2020-11-02 09:44:05.370,3.343,20000
2020-11-02 09:44:06.500,3.343,54400
2020-11-02 09:44:06.900,3.343,3000
2020-11-02 09:44:07.490,3.344,300000
2020-11-02 09:44:07.860,3.343,4000
2020-11-02 09:44:08.100,3.343,6800
2020-11-02 09:44:08.190,3.343,38200
2020-11-02 09:44:08.820,3.343,2000
2020-11-02 09:44:09.210,3.343,149900
2020-11-02 09:44:09.210,3.343,17900
2020-11-02 09:44:09.210,3.343,2000
2020-11-02 09:44:09.210,3.343,50000
2020-11-02 09:44:09.210,3.343,50000
2020-11-02 09:44:09.210,3.343,200
2020-11-02 09:44:09.830,3.343,30000
2020-11-02 09:44:09.830,3.343,200
2020-11-02 09:44:10.250,3.344,7200
2020-11-02 09:44:10.370,3.343,100
2020-11-02 09:44:11.210,3.343,50000
2020-11-02 09:44:11.210,3.343,50000
2020-11-02 09:44:11.250,3.342,10000
2020-11-02 09:44:13.450,3.343,100
2020-11-02 09:44:13.660,3.343,199900
