Datetime,Price,Volume
2020-11-02 09:25:00.200,4.759,300
2020-11-02 09:25:00.200,4.759,3700
2020-11-02 09:25:00.200,4.759,300
2020-11-02 09:25:00.200,4.759,3000
2020-11-02 09:25:00.200,4.759,500
2020-11-02 09:25:00.200,4.759,22400
2020-11-02 09:25:00.200,4.759,9600
2020-11-02 09:25:00.200,4.759,3800
2020-11-02 09:25:00.200,4.759,5000
2020-11-02 09:25:00.200,4.759,600
2020-11-02 09:25:00.200,4.759,3700
2020-11-02 09:25:00.200,4.759,11500
2020-11-02 09:25:00.200,4.759,6800
2020-11-02 09:25:00.200,4.759,6800
2020-11-02 09:25:00.200,4.759,100
2020-11-02 09:25:00.200,4.759,45600
2020-11-02 09:25:00.200,4.759,300
2020-11-02 09:25:00.200,4.759,6200
2020-11-02 09:25:00.200,4.759,2200
2020-11-02 09:25:00.200,4.759,2800
2020-11-02 09:25:00.200,4.759,2100
2020-11-02 09:25:00.200,4.759,1000
2020-11-02 09:25:00.200,4.759,1600
2020-11-02 09:25:00.200,4.759,200
2020-11-02 09:25:00.200,4.759,700
2020-11-02 09:25:00.200,4.759,300
2020-11-02 09:25:00.200,4.759,3500
2020-11-02 09:25:00.200,4.759,5700
2020-11-02 09:25:00.200,4.759,400
2020-11-02 09:25:00.200,4.759,8000
2020-11-02 09:25:00.200,4.759,21000
2020-11-02 09:25:00.200,4.759,50700
2020-11-02 09:25:00.200,4.759,100
2020-11-02 09:25:00.200,4.759,2300
2020-11-02 09:25:00.200,4.759,400
2020-11-02 09:25:00.200,4.759,100
2020-11-02 09:25:00.200,4.759,100
2020-11-02 09:25:00.200,4.759,300
2020-11-02 09:25:00.200,4.759,100
2020-11-02 09:25:00.200,4.759,42000
2020-11-02 09:25:00.200,4.759,14700
2020-11-02 09:25:00.200,4.759,2000
2020-11-02 09:25:00.200,4.759,200
2020-11-02 09:25:00.200,4.759,1900
2020-11-02 09:25:00.200,4.759,6200
2020-11-02 09:25:00.200,4.759,2100
2020-11-02 09:25:00.200,4.759,14900
2020-11-02 09:25:00.200,4.759,5100
2020-11-02 09:25:00.200,4.759,6600
2020-11-02 09:25:00.200,4.759,6000
2020-11-02 09:25:00.200,4.759,1100
2020-11-02 09:25:00.200,4.759,3900
2020-11-02 09:25:00.200,4.759,6600
2020-11-02 09:25:00.200,4.759,400
2020-11-02 09:25:00.200,4.759,20000
2020-11-02 09:25:00.200,4.759,1200
2020-11-02 09:25:00.200,4.759,28600
2020-11-02 09:25:00.200,4.759,2100
2020-11-02 09:25:00.200,4.759,400
2020-11-02 09:25:00.200,4.759,1100
2020-11-02 09:25:00.200,4.759,17800
2020-11-02 09:25:00.200,4.759,300
2020-11-02 09:25:00.200,4.759,15600
2020-11-02 09:25:00.200,4.759,95300
2020-11-02 09:25:00.200,4.759,4300
2020-11-02 09:25:00.200,4.759,21200
2020-11-02 09:25:00.200,4.759,200
2020-11-02 09:25:00.200,4.759,2000
2020-11-02 09:25:00.200,4.759,100
2020-11-02 09:25:00.200,4.759,200
2020-11-02 09:25:00.200,4.759,900
2020-11-02 09:25:00.200,4.759,8900
2020-11-02 09:25:00.200,4.759,100
2020-11-02 09:25:00.200,4.759,600
2020-11-02 09:25:00.200,4.759,100
2020-11-02 09:25:00.200,4.759,100
2020-11-02 09:25:00.200,4.759,200
2020-11-02 09:25:00.200,4.759,5100
2020-11-02 09:25:00.200,4.759,20000
2020-11-02 09:25:00.200,4.759,1000
2020-11-02 09:25:00.200,4.759,100
2020-11-02 09:25:00.200,4.759,19100
2020-11-02 09:25:00.200,4.759,22900
2020-11-02 09:25:00.200,4.759,20000
2020-11-02 09:25:00.200,4.759,100
2020-11-02 09:25:00.200,4.759,500
2020-11-02 09:25:00.200,4.759,100
2020-11-02 09:25:00.200,4.759,200
2020-11-02 09:25:00.200,4.759,100
2020-11-02 09:25:00.200,4.759,200
2020-11-02 09:25:00.200,4.759,100
2020-11-02 09:25:00.200,4.759,1000
2020-11-02 09:25:00.200,4.759,100
2020-11-02 09:25:00.200,4.759,100
2020-11-02 09:25:00.200,4.759,100
2020-11-02 09:25:00.200,4.759,400
2020-11-02 09:25:00.200,4.759,2100
2020-11-02 09:25:00.200,4.759,100
2020-11-02 09:25:00.200,4.759,1000
2020-11-02 09:25:00.200,4.759,100
2020-11-02 09:25:00.200,4.759,100
2020-11-02 09:25:00.200,4.759,400
2020-11-02 09:25:00.200,4.759,100
2020-11-02 09:25:00.200,4.759,300
2020-11-02 09:25:00.200,4.759,100
2020-11-02 09:25:00.200,4.759,400
2020-11-02 09:25:00.200,4.759,300
2020-11-02 09:25:00.200,4.759,500
2020-11-02 09:25:00.200,4.759,600
2020-11-02 09:25:00.200,4.759,200
2020-11-02 09:25:00.200,4.759,1100
2020-11-02 09:25:00.200,4.759,100
2020-11-02 09:25:00.200,4.759,200
2020-11-02 09:25:00.200,4.759,1000
2020-11-02 09:25:00.200,4.759,100
2020-11-02 09:25:00.200,4.759,400
2020-11-02 09:25:00.200,4.759,500
2020-11-02 09:25:00.200,4.759,1000
2020-11-02 09:25:00.200,4.759,100
2020-11-02 09:25:00.200,4.759,100
2020-11-02 09:25:00.200,4.759,100
2020-11-02 09:25:00.200,4.759,900
2020-11-02 09:25:00.200,4.759,200
2020-11-02 09:25:00.200,4.759,100
2020-11-02 09:25:00.200,4.759,100
2020-11-02 09:25:00.200,4.759,100
2020-11-02 09:25:00.200,4.759,1800
2020-11-02 09:25:00.200,4.759,1300
2020-11-02 09:25:00.200,4.759,100
2020-11-02 09:25:00.200,4.759,100
2020-11-02 09:25:00.200,4.759,10000
2020-11-02 09:25:00.200,4.759,5000
2020-11-02 09:25:00.200,4.759,5100
2020-11-02 09:25:00.200,4.759,18900
2020-11-02 09:25:00.200,4.759,100
2020-11-02 09:25:00.200,4.759,5000
2020-11-02 09:25:00.200,4.759,500
2020-11-02 09:25:00.200,4.759,100
2020-11-02 09:25:00.200,4.759,28800
2020-11-02 09:25:00.200,4.759,2100
2020-11-02 09:25:00.200,4.759,4000
2020-11-02 09:25:00.200,4.759,900
2020-11-02 09:25:00.200,4.759,5000
2020-11-02 09:25:00.200,4.759,2500
2020-11-02 09:25:00.200,4.759,5000
2020-11-02 09:25:00.200,4.759,1900
2020-11-02 09:25:00.200,4.759,400
2020-11-02 09:25:00.200,4.759,300
2020-11-02 09:25:00.200,4.759,100000
2020-11-02 09:25:00.200,4.759,100000
2020-11-02 09:25:00.200,4.759,50000
2020-11-02 09:25:00.200,4.759,20000
2020-11-02 09:25:00.200,4.759,2000
2020-11-02 09:25:00.200,4.759,20000
2020-11-02 09:25:00.200,4.759,400
2020-11-02 09:25:00.200,4.759,100
2020-11-02 09:25:00.200,4.759,30000
2020-11-02 09:25:00.200,4.759,8000
2020-11-02 09:25:00.200,4.759,6200
2020-11-02 09:25:00.200,4.759,5000
2020-11-02 09:25:00.200,4.759,24200
2020-11-02 09:25:00.200,4.759,500
2020-11-02 09:25:00.200,4.759,90500
2020-11-02 09:25:00.200,4.759,200
2020-11-02 09:25:00.200,4.759,6100
2020-11-02 09:25:00.200,4.759,100
2020-11-02 09:25:00.200,4.759,1000
2020-11-02 09:25:00.200,4.759,50000
2020-11-02 09:25:00.200,4.759,100
2020-11-02 09:25:00.200,4.759,50000
2020-11-02 09:25:00.200,4.759,200
2020-11-02 09:25:00.200,4.759,300
2020-11-02 09:25:00.200,4.759,300
2020-11-02 09:25:00.200,4.759,400
2020-11-02 09:25:00.200,4.759,100
2020-11-02 09:25:00.200,4.759,100
2020-11-02 09:25:00.200,4.759,2000
2020-11-02 09:25:00.200,4.759,2300
2020-11-02 09:25:00.200,4.759,200
2020-11-02 09:25:00.200,4.759,1000
2020-11-02 09:25:00.200,4.759,3000
2020-11-02 09:25:00.200,4.759,400
2020-11-02 09:25:00.200,4.759,491700
2020-11-02 09:25:00.200,4.759,4000
2020-11-02 09:25:00.200,4.759,100
2020-11-02 09:25:00.200,4.759,2100
2020-11-02 09:25:00.200,4.759,100
2020-11-02 09:25:00.200,4.759,100
2020-11-02 09:25:00.200,4.759,2000
2020-11-02 09:25:00.200,4.759,10000
2020-11-02 09:25:00.200,4.759,20000
2020-11-02 09:25:00.200,4.759,400
2020-11-02 09:25:00.200,4.759,20000
2020-11-02 09:25:00.200,4.759,50000
2020-11-02 09:25:00.200,4.759,10000
2020-11-02 09:25:00.200,4.759,2000
2020-11-02 09:25:00.200,4.759,20000
2020-11-02 09:25:00.200,4.759,30000
2020-11-02 09:25:00.200,4.759,20000
2020-11-02 09:25:00.200,4.759,10000
2020-11-02 09:25:00.200,4.759,5000
2020-11-02 09:25:00.200,4.759,30000
2020-11-02 09:25:00.200,4.759,1000
2020-11-02 09:25:00.200,4.759,2800
2020-11-02 09:25:00.200,4.759,100
2020-11-02 09:25:00.200,4.759,400
2020-11-02 09:25:00.200,4.759,8000
2020-11-02 09:25:00.200,4.759,10000
2020-11-02 09:25:00.200,4.759,2500
2020-11-02 09:25:00.200,4.759,47700
2020-11-02 09:25:00.200,4.759,200
2020-11-02 09:25:00.200,4.759,100
2020-11-02 09:25:00.200,4.759,100
2020-11-02 09:25:00.200,4.759,9900
2020-11-02 09:25:00.200,4.759,4300
2020-11-02 09:25:00.200,4.759,400
2020-11-02 09:25:00.200,4.759,13600
2020-11-02 09:25:00.200,4.759,4100
2020-11-02 09:25:00.200,4.759,72100
2020-11-02 09:25:00.200,4.759,73100
2020-11-02 09:25:00.200,4.759,100
2020-11-02 09:25:00.200,4.759,4000
2020-11-02 09:25:00.200,4.759,10000
2020-11-02 09:25:00.200,4.759,300
2020-11-02 09:25:00.200,4.759,5000
2020-11-02 09:25:00.200,4.759,3000
2020-11-02 09:25:00.200,4.759,86200
2020-11-02 09:30:00.000,4.76,200
2020-11-02 09:30:00.070,4.76,200
2020-11-02 09:30:00.070,4.76,200
2020-11-02 09:30:00.070,4.761,900
2020-11-02 09:30:00.070,4.761,100
2020-11-02 09:30:00.070,4.761,800
2020-11-02 09:30:00.070,4.762,100
2020-11-02 09:30:00.070,4.763,2300
2020-11-02 09:30:00.070,4.763,2000
2020-11-02 09:30:00.070,4.764,4200
2020-11-02 09:30:00.070,4.765,3000
2020-11-02 09:30:00.070,4.766,50000
2020-11-02 09:30:00.070,4.766,300
2020-11-02 09:30:00.070,4.767,100
2020-11-02 09:30:00.070,4.767,100
2020-11-02 09:30:00.070,4.767,10000
2020-11-02 09:30:00.260,4.767,10000
2020-11-02 09:30:00.340,4.767,6800
2020-11-02 09:30:00.440,4.767,7900
2020-11-02 09:30:00.440,4.767,300
2020-11-02 09:30:00.440,4.767,700
2020-11-02 09:30:00.440,4.766,2300
2020-11-02 09:30:00.550,4.766,200
2020-11-02 09:30:00.670,4.768,2300
2020-11-02 09:30:00.670,4.768,2700
2020-11-02 09:30:00.670,4.766,30000
2020-11-02 09:30:00.670,4.766,3000
2020-11-02 09:30:00.780,4.766,900
2020-11-02 09:30:00.780,4.766,9700
2020-11-02 09:30:00.900,4.766,1000
2020-11-02 09:30:01.010,4.766,1100
2020-11-02 09:30:01.010,4.766,50000
2020-11-02 09:30:01.010,4.767,100
2020-11-02 09:30:01.130,4.766,400
2020-11-02 09:30:01.130,4.765,200
2020-11-02 09:30:01.240,4.765,19200
2020-11-02 09:30:01.240,4.765,4000
2020-11-02 09:30:01.240,4.765,7000
2020-11-02 09:30:01.240,4.765,4500
2020-11-02 09:30:01.360,4.765,41800
2020-11-02 09:30:01.360,4.765,2300
2020-11-02 09:30:01.360,4.765,5000
2020-11-02 09:30:01.590,4.766,800
2020-11-02 09:30:01.590,4.765,20000
2020-11-02 09:30:01.700,4.765,31000
2020-11-02 09:30:01.700,4.765,3300
2020-11-02 09:30:01.700,4.766,500
2020-11-02 09:30:01.700,4.765,1100
2020-11-02 09:30:01.700,4.765,2800
2020-11-02 09:30:01.700,4.765,700
2020-11-02 09:30:01.700,4.765,1500
2020-11-02 09:30:01.820,4.765,23800
2020-11-02 09:30:01.820,4.765,500
2020-11-02 09:30:01.820,4.766,2700
2020-11-02 09:30:01.820,4.766,3000
2020-11-02 09:30:01.820,4.766,200
2020-11-02 09:30:01.820,4.767,100
2020-11-02 09:30:01.820,4.766,600
2020-11-02 09:30:01.820,4.766,39400
2020-11-02 09:30:01.930,4.766,2100
2020-11-02 09:30:02.060,4.766,19000
2020-11-02 09:30:02.060,4.766,1200
2020-11-02 09:30:02.160,4.766,600
2020-11-02 09:30:02.300,4.766,500
2020-11-02 09:30:02.430,4.767,1800
2020-11-02 09:30:02.430,4.767,3000
2020-11-02 09:30:02.430,4.767,7000
2020-11-02 09:30:02.430,4.768,2300
2020-11-02 09:30:02.430,4.768,40000
2020-11-02 09:30:02.430,4.768,241500
2020-11-02 09:30:02.540,4.768,167100
2020-11-02 09:30:02.540,4.768,5000
2020-11-02 09:30:02.540,4.769,5600
2020-11-02 09:30:02.540,4.769,1000
2020-11-02 09:30:02.540,4.769,3000
2020-11-02 09:30:02.540,4.769,10000
2020-11-02 09:30:02.540,4.769,200
2020-11-02 09:30:02.540,4.769,5900
2020-11-02 09:30:02.540,4.767,221900
2020-11-02 09:30:02.730,4.767,19200
2020-11-02 09:30:02.730,4.767,10000
2020-11-02 09:30:02.840,4.767,200
2020-11-02 09:30:02.840,4.767,4700
2020-11-02 09:30:02.840,4.767,500
2020-11-02 09:30:02.840,4.768,3300
2020-11-02 09:30:02.950,4.769,4100
2020-11-02 09:30:03.070,4.769,10000
2020-11-02 09:30:03.190,4.769,500
2020-11-02 09:30:03.310,4.77,500
2020-11-02 09:30:03.310,4.77,1600
2020-11-02 09:30:03.310,4.768,2100
2020-11-02 09:30:03.610,4.768,600
2020-11-02 09:30:03.610,4.768,400
2020-11-02 09:30:03.720,4.768,18000
2020-11-02 09:30:03.910,4.768,200
2020-11-02 09:30:03.910,4.768,7000
2020-11-02 09:30:03.910,4.768,100
2020-11-02 09:30:03.910,4.768,28100
2020-11-02 09:30:03.910,4.768,100
2020-11-02 09:30:04.020,4.769,21200
2020-11-02 09:30:04.020,4.769,500
2020-11-02 09:30:04.230,4.769,1500
2020-11-02 09:30:04.230,4.77,400
2020-11-02 09:30:04.230,4.77,6500
2020-11-02 09:30:04.230,4.77,10000
2020-11-02 09:30:04.230,4.77,3000
2020-11-02 09:30:04.230,4.77,200
2020-11-02 09:30:04.230,4.77,1800
2020-11-02 09:30:04.230,4.77,600
2020-11-02 09:30:04.230,4.77,5000
2020-11-02 09:30:04.230,4.77,15000
2020-11-02 09:30:04.230,4.77,3000
2020-11-02 09:30:04.230,4.77,3000
2020-11-02 09:30:04.230,4.77,10000
2020-11-02 09:30:04.230,4.771,2100
2020-11-02 09:30:04.230,4.771,3000
2020-11-02 09:30:04.230,4.771,2000
2020-11-02 09:30:04.230,4.772,1000
2020-11-02 09:30:04.230,4.772,6000
2020-11-02 09:30:04.230,4.772,300
2020-11-02 09:30:04.230,4.772,30000
2020-11-02 09:30:04.230,4.772,500
2020-11-02 09:30:04.360,4.772,3000
2020-11-02 09:30:04.360,4.772,100
2020-11-02 09:30:04.470,4.772,2500
2020-11-02 09:30:04.640,4.773,400
2020-11-02 09:30:04.640,4.773,2300
2020-11-02 09:30:04.640,4.773,3600
2020-11-02 09:30:04.640,4.773,2100
2020-11-02 09:30:04.640,4.773,100
2020-11-02 09:30:04.790,4.773,10000
2020-11-02 09:30:04.790,4.773,5000
2020-11-02 09:30:05.060,4.771,1600
2020-11-02 09:30:05.060,4.771,18400
2020-11-02 09:30:05.060,4.77,1600
2020-11-02 09:30:05.250,4.77,8400
2020-11-02 09:30:05.250,4.77,1600
2020-11-02 09:30:05.310,4.771,600
2020-11-02 09:30:05.460,4.772,2100
2020-11-02 09:30:05.560,4.772,40000
2020-11-02 09:30:05.710,4.773,100
2020-11-02 09:30:05.710,4.774,200
2020-11-02 09:30:05.710,4.774,1800
2020-11-02 09:30:05.710,4.774,200
2020-11-02 09:30:05.710,4.774,500
2020-11-02 09:30:05.710,4.774,7000
2020-11-02 09:30:05.710,4.774,400
2020-11-02 09:30:05.710,4.775,3000
2020-11-02 09:30:05.710,4.775,200
2020-11-02 09:30:05.710,4.775,200
2020-11-02 09:30:05.710,4.775,200
2020-11-02 09:30:05.710,4.775,600
2020-11-02 09:30:05.710,4.775,300
2020-11-02 09:30:05.710,4.775,5500
2020-11-02 09:30:05.710,4.775,5000
2020-11-02 09:30:05.710,4.775,2500
2020-11-02 09:30:05.710,4.775,3000
2020-11-02 09:30:06.280,4.772,9700
2020-11-02 09:30:06.280,4.772,5000
2020-11-02 09:30:06.280,4.772,5000
2020-11-02 09:30:06.880,4.775,800
2020-11-02 09:30:07.020,4.772,1500
2020-11-02 09:30:07.090,4.773,1000
2020-11-02 09:30:07.150,4.773,1500
2020-11-02 09:30:07.770,4.775,2200
2020-11-02 09:30:08.100,4.775,1700
2020-11-02 09:30:08.820,4.776,100
2020-11-02 09:30:08.820,4.776,2300
2020-11-02 09:30:08.820,4.776,2500
2020-11-02 09:30:08.820,4.776,5000
2020-11-02 09:30:08.970,4.776,1000
2020-11-02 09:30:09.140,4.775,25000
2020-11-02 09:30:10.170,4.775,5000
2020-11-02 09:30:10.590,4.775,5000
2020-11-02 09:30:10.790,4.775,10000
2020-11-02 09:30:11.040,4.777,200
2020-11-02 09:30:11.040,4.777,100
2020-11-02 09:30:11.040,4.777,700
2020-11-02 09:30:11.220,4.775,2000
2020-11-02 09:30:11.600,4.775,1000
2020-11-02 09:30:11.600,4.775,20600
2020-11-02 09:30:12.600,4.776,9000
2020-11-02 09:30:13.030,4.777,9700
2020-11-02 09:30:13.400,4.776,4000
2020-11-02 09:30:13.570,4.776,1000
2020-11-02 09:30:13.790,4.776,5000
2020-11-02 09:30:13.790,4.777,9600
2020-11-02 09:30:13.790,4.777,5000
2020-11-02 09:30:13.790,4.777,1000
2020-11-02 09:30:13.820,4.777,100
2020-11-02 09:30:14.040,4.777,9000
2020-11-02 09:30:14.100,4.777,1100
2020-11-02 09:30:14.670,4.778,2300
2020-11-02 09:30:14.670,4.778,2500
2020-11-02 09:30:14.670,4.778,5000
2020-11-02 09:30:14.670,4.778,5000
2020-11-02 09:30:14.670,4.778,5000
2020-11-02 09:30:14.670,4.778,200
2020-11-02 09:30:14.980,4.778,800
2020-11-02 09:30:14.980,4.778,137600
2020-11-02 09:30:15.120,4.778,315000
2020-11-02 09:30:15.180,4.777,10000
2020-11-02 09:30:15.180,4.777,40000
2020-11-02 09:30:15.180,4.777,30000
2020-11-02 09:30:15.180,4.777,20000
2020-11-02 09:30:15.180,4.776,4700
2020-11-02 09:30:15.180,4.776,33000
2020-11-02 09:30:15.240,4.778,20000
2020-11-02 09:30:15.240,4.776,400
2020-11-02 09:30:15.590,4.778,27400
2020-11-02 09:30:15.590,4.778,4100
2020-11-02 09:30:15.590,4.778,10000
2020-11-02 09:30:15.590,4.778,33300
2020-11-02 09:30:15.590,4.778,17500
2020-11-02 09:30:16.220,4.778,50000
2020-11-02 09:30:16.450,4.778,19400
2020-11-02 09:30:16.570,4.778,100
2020-11-02 09:30:16.680,4.779,500
2020-11-02 09:30:16.680,4.779,4200
2020-11-02 09:30:16.680,4.779,200
2020-11-02 09:30:16.680,4.779,5000
2020-11-02 09:30:16.680,4.78,100
2020-11-02 09:30:16.680,4.78,6500
2020-11-02 09:30:16.680,4.78,12200
2020-11-02 09:30:16.680,4.78,2800
2020-11-02 09:30:16.680,4.78,300
2020-11-02 09:30:16.680,4.78,110000
2020-11-02 09:30:16.680,4.78,20000
2020-11-02 09:30:16.680,4.78,200
2020-11-02 09:30:16.680,4.78,2200
2020-11-02 09:30:16.680,4.78,10000
2020-11-02 09:30:16.680,4.78,1800
2020-11-02 09:30:16.680,4.78,900
2020-11-02 09:30:16.680,4.78,10000
2020-11-02 09:30:16.680,4.78,3000
2020-11-02 09:30:16.680,4.78,7200
2020-11-02 09:30:16.680,4.78,50000
2020-11-02 09:30:16.680,4.78,2000
2020-11-02 09:30:16.680,4.78,1100
2020-11-02 09:30:16.680,4.78,100
2020-11-02 09:30:16.680,4.78,600
2020-11-02 09:30:16.680,4.78,1200
2020-11-02 09:30:16.680,4.78,5000
2020-11-02 09:30:16.680,4.78,600
2020-11-02 09:30:16.680,4.78,2000
2020-11-02 09:30:16.680,4.78,500
2020-11-02 09:30:16.680,4.781,1000
2020-11-02 09:30:16.680,4.781,1000
2020-11-02 09:30:16.680,4.781,5000
2020-11-02 09:30:16.680,4.782,300
2020-11-02 09:30:16.680,4.782,16500
2020-11-02 09:30:16.860,4.782,10000
2020-11-02 09:30:17.300,4.783,2300
2020-11-02 09:30:17.300,4.783,700
2020-11-02 09:30:17.300,4.783,2000
2020-11-02 09:30:17.430,4.782,1000
2020-11-02 09:30:17.550,4.782,2000
2020-11-02 09:30:17.550,4.782,500
2020-11-02 09:30:17.960,4.782,500
2020-11-02 09:30:18.220,4.782,1500
2020-11-02 09:30:18.220,4.782,500
2020-11-02 09:30:18.260,4.778,100
2020-11-02 09:30:18.350,4.778,5000
2020-11-02 09:30:18.380,4.778,1000
2020-11-02 09:30:18.590,4.78,100
2020-11-02 09:30:18.810,4.778,50000
2020-11-02 09:30:19.500,4.778,4000
2020-11-02 09:30:19.560,4.778,100
2020-11-02 09:30:20.600,4.778,100
2020-11-02 09:30:20.730,4.778,2000
2020-11-02 09:30:20.860,4.778,3200
2020-11-02 09:30:20.920,4.778,20000
2020-11-02 09:30:20.980,4.778,2000
2020-11-02 09:30:21.150,4.778,15000
2020-11-02 09:30:21.330,4.778,2000
2020-11-02 09:30:21.590,4.778,2000
2020-11-02 09:30:21.740,4.778,100
2020-11-02 09:30:21.860,4.779,20700
2020-11-02 09:30:22.730,4.779,10000
2020-11-02 09:30:22.760,4.779,1000
2020-11-02 09:30:22.820,4.779,100
2020-11-02 09:30:22.980,4.779,5000
2020-11-02 09:30:23.440,4.78,900
2020-11-02 09:30:23.440,4.78,100
2020-11-02 09:30:23.630,4.78,3000
2020-11-02 09:30:23.790,4.78,1900
2020-11-02 09:30:23.790,4.779,33100
2020-11-02 09:30:23.870,4.779,100
2020-11-02 09:30:24.560,4.779,400
2020-11-02 09:30:24.860,4.779,300
2020-11-02 09:30:25.050,4.779,10000
2020-11-02 09:30:25.170,4.779,100
2020-11-02 09:30:25.560,4.779,59900
2020-11-02 09:30:25.560,4.779,2700
2020-11-02 09:30:25.630,4.779,100
2020-11-02 09:30:26.240,4.778,100
2020-11-02 09:30:26.480,4.78,3000
2020-11-02 09:30:26.480,4.781,600
2020-11-02 09:30:26.480,4.781,600
2020-11-02 09:30:26.480,4.782,10000
2020-11-02 09:30:26.480,4.782,40000
2020-11-02 09:30:26.480,4.782,1000
2020-11-02 09:30:26.480,4.782,500
2020-11-02 09:30:26.480,4.782,1000
2020-11-02 09:30:26.480,4.782,500
2020-11-02 09:30:26.480,4.782,200000
2020-11-02 09:30:26.480,4.782,1000
2020-11-02 09:30:26.480,4.782,1000
2020-11-02 09:30:26.640,4.782,700
2020-11-02 09:30:26.770,4.783,100
2020-11-02 09:30:26.770,4.783,19900
2020-11-02 09:30:26.770,4.782,2000
2020-11-02 09:30:26.770,4.782,1100
2020-11-02 09:30:26.770,4.783,10000
2020-11-02 09:30:27.180,4.782,2300
2020-11-02 09:30:27.270,4.782,2200
2020-11-02 09:30:27.480,4.782,10000
2020-11-02 09:30:28.150,4.781,2000
2020-11-02 09:30:28.460,4.782,1100
2020-11-02 09:30:28.980,4.781,200
2020-11-02 09:30:29.170,4.781,30000
2020-11-02 09:30:29.510,4.781,3300
2020-11-02 09:30:29.570,4.781,10000
2020-11-02 09:30:29.840,4.782,3900
2020-11-02 09:30:29.840,4.782,200000
2020-11-02 09:30:29.840,4.782,10000
2020-11-02 09:30:29.900,4.783,600
2020-11-02 09:30:30.550,4.783,20800
2020-11-02 09:30:30.550,4.784,300
2020-11-02 09:30:30.550,4.784,10000
2020-11-02 09:30:30.550,4.784,200
2020-11-02 09:30:30.550,4.784,8000
2020-11-02 09:30:30.550,4.784,20000
2020-11-02 09:30:30.550,4.785,200
2020-11-02 09:30:30.550,4.785,200
2020-11-02 09:30:30.550,4.785,50000
2020-11-02 09:30:30.550,4.785,10000
2020-11-02 09:30:30.550,4.785,22200
2020-11-02 09:30:30.550,4.785,100
2020-11-02 09:30:30.550,4.785,100
2020-11-02 09:30:30.550,4.785,5000
2020-11-02 09:30:30.550,4.785,4000
2020-11-02 09:30:30.550,4.785,3000
2020-11-02 09:30:30.550,4.785,3500
2020-11-02 09:30:30.550,4.785,142400
2020-11-02 09:30:30.770,4.782,400
2020-11-02 09:30:30.960,4.782,500
2020-11-02 09:30:31.030,4.786,1000
2020-11-02 09:30:31.030,4.786,2300
2020-11-02 09:30:31.030,4.786,1700
2020-11-02 09:30:31.060,4.782,1000
2020-11-02 09:30:31.740,4.782,200
2020-11-02 09:30:31.890,4.786,600
2020-11-02 09:30:31.890,4.786,800
2020-11-02 09:30:31.890,4.786,12000
2020-11-02 09:30:31.890,4.786,500
2020-11-02 09:30:31.890,4.786,6100
2020-11-02 09:30:31.980,4.783,5000
2020-11-02 09:30:32.120,4.783,2000
2020-11-02 09:30:32.310,4.783,5100
2020-11-02 09:30:32.450,4.783,200
2020-11-02 09:30:32.640,4.783,200000
2020-11-02 09:30:33.110,4.783,600
2020-11-02 09:30:33.180,4.783,1000
2020-11-02 09:30:33.210,4.783,2000
2020-11-02 09:30:33.430,4.783,5000
2020-11-02 09:30:33.560,4.783,15000
2020-11-02 09:30:33.590,4.783,700
2020-11-02 09:30:33.780,4.783,100000
2020-11-02 09:30:33.990,4.783,1000
2020-11-02 09:30:34.020,4.785,31500
2020-11-02 09:30:34.210,4.783,41800
2020-11-02 09:30:36.250,4.783,10000
2020-11-02 09:30:36.250,4.783,2000
2020-11-02 09:30:36.310,4.783,500
2020-11-02 09:30:36.400,4.783,1000
2020-11-02 09:30:36.820,4.783,200
2020-11-02 09:30:36.890,4.783,1600
2020-11-02 09:30:37.350,4.783,1200
2020-11-02 09:30:37.660,4.783,300
2020-11-02 09:30:37.860,4.783,11300
2020-11-02 09:30:37.950,4.783,1900
2020-11-02 09:30:38.210,4.783,2000
2020-11-02 09:30:38.970,4.783,2500
2020-11-02 09:30:38.970,4.783,100
2020-11-02 09:30:39.110,4.783,7000
2020-11-02 09:30:39.290,4.783,400
2020-11-02 09:30:39.290,4.783,1000
2020-11-02 09:30:39.660,4.784,100
2020-11-02 09:30:39.750,4.783,4000
2020-11-02 09:30:40.220,4.783,2000
2020-11-02 09:30:40.340,4.783,17000
2020-11-02 09:30:40.610,4.784,9900
2020-11-02 09:30:40.610,4.785,20000
2020-11-02 09:30:40.610,4.785,71400
2020-11-02 09:30:41.100,4.785,100
2020-11-02 09:30:41.200,4.783,200
2020-11-02 09:30:41.200,4.783,1800
2020-11-02 09:30:41.270,4.783,39800
2020-11-02 09:30:41.270,4.783,200
2020-11-02 09:30:41.650,4.784,1100
2020-11-02 09:30:41.650,4.785,6000
2020-11-02 09:30:41.650,4.783,3000
2020-11-02 09:30:41.810,4.785,3800
2020-11-02 09:30:42.000,4.783,50000
2020-11-02 09:30:42.000,4.783,15000
2020-11-02 09:30:42.360,4.783,6800
2020-11-02 09:30:42.360,4.783,700
2020-11-02 09:30:42.460,4.783,10000
2020-11-02 09:30:42.770,4.783,6500
2020-11-02 09:30:43.080,4.783,100000
2020-11-02 09:30:43.400,4.783,5000
2020-11-02 09:30:43.740,4.783,500
2020-11-02 09:30:43.800,4.783,10000
2020-11-02 09:30:44.590,4.783,20000
2020-11-02 09:30:44.610,4.784,5000
2020-11-02 09:30:44.750,4.784,700
2020-11-02 09:30:44.750,4.784,14300
2020-11-02 09:30:44.750,4.783,15700
2020-11-02 09:30:44.810,4.783,700
2020-11-02 09:30:45.000,4.783,2200
2020-11-02 09:30:45.300,4.783,15000
2020-11-02 09:30:45.300,4.783,700
2020-11-02 09:30:45.450,4.783,200
2020-11-02 09:30:46.480,4.783,1600
2020-11-02 09:30:47.230,4.783,2500
2020-11-02 09:30:47.230,4.783,6800
2020-11-02 09:30:47.540,4.783,200
2020-11-02 09:30:47.980,4.783,500
2020-11-02 09:30:48.100,4.782,200
2020-11-02 09:30:48.100,4.782,2000
2020-11-02 09:30:48.100,4.782,100
2020-11-02 09:30:48.100,4.781,100
2020-11-02 09:30:48.100,4.781,300
2020-11-02 09:30:48.300,4.783,16500
2020-11-02 09:30:48.890,4.783,14600
2020-11-02 09:30:48.890,4.783,1100
2020-11-02 09:30:48.890,4.783,1300
2020-11-02 09:30:49.400,4.783,1500
2020-11-02 09:30:49.490,4.783,1300
2020-11-02 09:30:50.970,4.782,1300
2020-11-02 09:30:52.620,4.78,900
2020-11-02 09:30:52.950,4.78,1400
2020-11-02 09:30:53.930,4.782,2000
2020-11-02 09:30:53.990,4.782,2200
2020-11-02 09:30:54.830,4.782,10000
2020-11-02 09:30:54.970,4.78,500
2020-11-02 09:30:55.210,4.78,3700
2020-11-02 09:30:55.270,4.782,48700
2020-11-02 09:30:55.570,4.782,50000
2020-11-02 09:30:56.080,4.78,2000
2020-11-02 09:30:56.550,4.782,5000
2020-11-02 09:30:56.550,4.782,2000
2020-11-02 09:30:56.710,4.78,1500
2020-11-02 09:30:56.710,4.78,500
2020-11-02 09:30:57.130,4.78,1100
2020-11-02 09:30:57.130,4.78,2000
2020-11-02 09:30:57.410,4.782,300
2020-11-02 09:30:57.440,4.78,500
2020-11-02 09:30:58.150,4.78,900
2020-11-02 09:30:58.150,4.78,500
2020-11-02 09:30:58.150,4.78,1800
2020-11-02 09:30:58.150,4.78,400
2020-11-02 09:30:58.150,4.779,16400
2020-11-02 09:30:59.060,4.78,500
2020-11-02 09:30:59.060,4.782,300
2020-11-02 09:30:59.130,4.779,5000
2020-11-02 09:30:59.600,4.78,2000
2020-11-02 09:30:59.600,4.779,15000
2020-11-02 09:31:00.490,4.782,2000
2020-11-02 09:31:00.670,4.782,3100
2020-11-02 09:31:01.090,4.782,1000
2020-11-02 09:31:01.280,4.782,600
2020-11-02 09:31:01.280,4.78,200
2020-11-02 09:31:01.590,4.782,800
2020-11-02 09:31:01.710,4.782,129100
2020-11-02 09:31:01.710,4.78,2900
2020-11-02 09:31:01.710,4.78,100
2020-11-02 09:31:01.970,4.78,500
2020-11-02 09:31:02.060,4.78,400
2020-11-02 09:31:02.060,4.78,9600
2020-11-02 09:31:02.060,4.78,1800
2020-11-02 09:31:02.090,4.78,3000
2020-11-02 09:31:02.460,4.782,3800
2020-11-02 09:31:02.620,4.78,200
2020-11-02 09:31:02.820,4.781,300
2020-11-02 09:31:02.890,4.78,8000
2020-11-02 09:31:02.960,4.78,4200
2020-11-02 09:31:03.650,4.78,100
2020-11-02 09:31:03.650,4.78,9400
2020-11-02 09:31:03.650,4.78,13700
2020-11-02 09:31:03.800,4.78,23400
2020-11-02 09:31:03.800,4.781,2200
2020-11-02 09:31:03.800,4.781,1000
2020-11-02 09:31:04.080,4.782,200
2020-11-02 09:31:04.080,4.781,1400
2020-11-02 09:31:04.080,4.782,1000
2020-11-02 09:31:04.140,4.781,600
2020-11-02 09:31:04.170,4.781,2400
2020-11-02 09:31:04.230,4.781,200
2020-11-02 09:31:04.230,4.782,1100
2020-11-02 09:31:04.460,4.781,500
2020-11-02 09:31:04.550,4.781,200000
2020-11-02 09:31:04.610,4.781,700
2020-11-02 09:31:04.980,4.781,10000
2020-11-02 09:31:05.600,4.781,10000
2020-11-02 09:31:06.010,4.78,8700
2020-11-02 09:31:06.210,4.782,2700
2020-11-02 09:31:06.210,4.782,300
2020-11-02 09:31:06.210,4.782,2000
2020-11-02 09:31:06.210,4.782,36000
2020-11-02 09:31:06.210,4.782,1000
2020-11-02 09:31:06.210,4.782,5000
2020-11-02 09:31:06.210,4.782,3000
2020-11-02 09:31:06.330,4.78,4000
2020-11-02 09:31:07.110,4.782,7000
2020-11-02 09:31:07.110,4.782,5300
2020-11-02 09:31:07.110,4.782,500
2020-11-02 09:31:07.110,4.782,45000
2020-11-02 09:31:07.110,4.782,200
2020-11-02 09:31:07.110,4.782,20000
2020-11-02 09:31:07.110,4.782,4000
2020-11-02 09:31:07.110,4.783,10600
2020-11-02 09:31:07.110,4.783,100
2020-11-02 09:31:07.110,4.783,3000
2020-11-02 09:31:07.110,4.783,9000
2020-11-02 09:31:07.110,4.783,10000
2020-11-02 09:31:07.110,4.783,6900
2020-11-02 09:31:07.110,4.783,17000
2020-11-02 09:31:07.110,4.783,10500
2020-11-02 09:31:07.110,4.783,1000
2020-11-02 09:31:07.420,4.779,2100
2020-11-02 09:31:07.720,4.78,1800
2020-11-02 09:31:07.900,4.78,200
2020-11-02 09:31:07.900,4.78,2500
2020-11-02 09:31:08.110,4.782,1000
2020-11-02 09:31:08.110,4.781,2000
2020-11-02 09:31:08.110,4.78,38900
2020-11-02 09:31:08.480,4.78,2000
2020-11-02 09:31:08.910,4.78,39800
2020-11-02 09:31:09.100,4.78,500
2020-11-02 09:31:09.610,4.78,800
2020-11-02 09:31:09.950,4.78,3000
2020-11-02 09:31:10.520,4.78,114200
2020-11-02 09:31:11.130,4.78,4500
2020-11-02 09:31:11.130,4.78,60000
2020-11-02 09:31:11.550,4.782,17300
2020-11-02 09:31:11.550,4.782,10000
2020-11-02 09:31:11.550,4.783,19000
2020-11-02 09:31:11.550,4.783,4000
2020-11-02 09:31:11.550,4.783,2200
2020-11-02 09:31:11.550,4.783,18600
2020-11-02 09:31:11.550,4.783,5000
2020-11-02 09:31:11.550,4.783,100
2020-11-02 09:31:11.550,4.783,8700
2020-11-02 09:31:11.550,4.783,100
2020-11-02 09:31:11.550,4.783,1000
2020-11-02 09:31:11.550,4.783,500
2020-11-02 09:31:11.550,4.783,3000
2020-11-02 09:31:11.550,4.783,5000
2020-11-02 09:31:11.550,4.783,100
2020-11-02 09:31:11.550,4.784,800
2020-11-02 09:31:11.550,4.784,100
2020-11-02 09:31:11.550,4.784,1000
2020-11-02 09:31:11.550,4.784,3000
2020-11-02 09:31:11.550,4.784,2300
2020-11-02 09:31:11.550,4.784,700
2020-11-02 09:31:11.550,4.784,3000
2020-11-02 09:31:11.550,4.784,3000
2020-11-02 09:31:11.550,4.784,4100
2020-11-02 09:31:11.550,4.784,37500
2020-11-02 09:31:11.650,4.784,162500
2020-11-02 09:31:11.650,4.784,20000
2020-11-02 09:31:11.650,4.784,2000
2020-11-02 09:31:11.650,4.784,3000
2020-11-02 09:31:11.650,4.784,3000
2020-11-02 09:31:11.650,4.784,2000
2020-11-02 09:31:11.650,4.784,1200
2020-11-02 09:31:11.650,4.784,20000
2020-11-02 09:31:11.650,4.784,2000
2020-11-02 09:31:11.650,4.784,5100
2020-11-02 09:31:11.900,4.781,3000
2020-11-02 09:31:12.120,4.781,3000
2020-11-02 09:31:12.930,4.782,5000
2020-11-02 09:31:13.030,4.782,1100
2020-11-02 09:31:13.030,4.782,1500
2020-11-02 09:31:13.080,4.782,100
2020-11-02 09:31:13.170,4.782,1000
2020-11-02 09:31:13.200,4.782,1300
2020-11-02 09:31:13.200,4.782,2000
2020-11-02 09:31:13.200,4.782,7200
2020-11-02 09:31:13.520,4.782,2800
2020-11-02 09:31:13.520,4.78,1000
2020-11-02 09:31:13.520,4.78,16200
2020-11-02 09:31:14.040,4.781,100
2020-11-02 09:31:14.220,4.78,1700
2020-11-02 09:31:14.630,4.781,1900
2020-11-02 09:31:14.630,4.781,100
2020-11-02 09:31:15.040,4.78,1000
2020-11-02 09:31:15.070,4.781,4900
2020-11-02 09:31:15.070,4.781,3000
2020-11-02 09:31:15.070,4.781,2600
2020-11-02 09:31:15.650,4.78,11000
2020-11-02 09:31:15.730,4.78,10000
2020-11-02 09:31:16.050,4.781,9400
2020-11-02 09:31:16.050,4.781,500
2020-11-02 09:31:16.050,4.781,1000
2020-11-02 09:31:16.050,4.781,9700
2020-11-02 09:31:16.050,4.782,10000
2020-11-02 09:31:16.050,4.782,4100
2020-11-02 09:31:16.050,4.782,1000
2020-11-02 09:31:16.050,4.782,5000
2020-11-02 09:31:16.050,4.783,20000
2020-11-02 09:31:16.050,4.783,1400
2020-11-02 09:31:16.050,4.783,5000
2020-11-02 09:31:16.050,4.784,1900
2020-11-02 09:31:16.050,4.784,3000
2020-11-02 09:31:16.050,4.784,75000
2020-11-02 09:31:16.050,4.784,3100
2020-11-02 09:31:16.110,4.783,2000
2020-11-02 09:31:16.170,4.78,500
2020-11-02 09:31:16.290,4.781,1500
2020-11-02 09:31:16.600,4.781,10000
2020-11-02 09:31:17.050,4.781,6500
2020-11-02 09:31:17.280,4.78,500
2020-11-02 09:31:17.280,4.781,1500
2020-11-02 09:31:17.680,4.781,5400
2020-11-02 09:31:17.860,4.781,1000
2020-11-02 09:31:18.140,4.781,5100
2020-11-02 09:31:18.400,4.781,20000
2020-11-02 09:31:19.160,4.782,1000
2020-11-02 09:31:19.260,4.781,3000
2020-11-02 09:31:20.120,4.782,3000
2020-11-02 09:31:20.120,4.782,147100
2020-11-02 09:31:20.220,4.781,1900
2020-11-02 09:31:20.530,4.782,300
2020-11-02 09:31:20.990,4.781,1000
2020-11-02 09:31:21.080,4.781,30300
2020-11-02 09:31:21.110,4.781,20200
2020-11-02 09:31:21.440,4.781,12300
2020-11-02 09:31:21.590,4.782,12600
2020-11-02 09:31:21.590,4.782,3000
2020-11-02 09:31:21.650,4.782,1300
2020-11-02 09:31:21.650,4.781,13300
2020-11-02 09:31:22.850,4.783,100
2020-11-02 09:31:22.850,4.783,400
2020-11-02 09:31:23.000,4.783,6600
2020-11-02 09:31:23.000,4.783,40000
2020-11-02 09:31:23.000,4.784,68200
2020-11-02 09:31:23.130,4.781,5100
2020-11-02 09:31:23.910,4.782,500
2020-11-02 09:31:24.030,4.781,10000
2020-11-02 09:31:24.280,4.781,100
2020-11-02 09:31:25.270,4.782,5000
2020-11-02 09:31:25.420,4.782,16000
2020-11-02 09:31:25.480,4.782,1000
2020-11-02 09:31:25.750,4.782,5000
2020-11-02 09:31:26.560,4.782,5000
2020-11-02 09:31:26.900,4.782,3000
2020-11-02 09:31:27.300,4.783,30000
2020-11-02 09:31:27.300,4.783,10000
2020-11-02 09:31:27.300,4.783,500
2020-11-02 09:31:27.580,4.783,4500
2020-11-02 09:31:27.580,4.783,200
2020-11-02 09:31:27.580,4.783,10000
2020-11-02 09:31:27.580,4.784,100200
2020-11-02 09:31:27.580,4.782,5000
2020-11-02 09:31:28.330,4.783,25000
2020-11-02 09:31:28.490,4.784,10000
2020-11-02 09:31:29.050,4.782,8000
2020-11-02 09:31:29.050,4.782,200
2020-11-02 09:31:29.070,4.782,100
2020-11-02 09:31:29.070,4.782,400
2020-11-02 09:31:29.280,4.782,1500
2020-11-02 09:31:29.310,4.782,500
2020-11-02 09:31:29.570,4.782,4000
2020-11-02 09:31:29.800,4.782,2500
2020-11-02 09:31:30.080,4.782,3000
2020-11-02 09:31:30.810,4.782,500
2020-11-02 09:31:31.030,4.783,100
2020-11-02 09:31:31.150,4.782,500
2020-11-02 09:31:31.210,4.782,3000
2020-11-02 09:31:31.210,4.783,500
2020-11-02 09:31:31.210,4.783,10200
2020-11-02 09:31:31.230,4.783,5000
2020-11-02 09:31:31.620,4.784,3000
2020-11-02 09:31:31.800,4.784,100
2020-11-02 09:31:32.980,4.784,2000
2020-11-02 09:31:33.300,4.783,5000
2020-11-02 09:31:33.730,4.783,19300
2020-11-02 09:31:33.730,4.782,7500
2020-11-02 09:31:33.730,4.782,7600
2020-11-02 09:31:33.730,4.782,200
2020-11-02 09:31:33.730,4.782,40000
2020-11-02 09:31:33.730,4.782,21000
2020-11-02 09:31:34.240,4.782,25000
2020-11-02 09:31:34.540,4.783,300
2020-11-02 09:31:34.730,4.783,100
2020-11-02 09:31:34.920,4.783,10000
2020-11-02 09:31:34.920,4.784,84700
2020-11-02 09:31:34.920,4.784,3500
2020-11-02 09:31:34.920,4.784,2000
2020-11-02 09:31:34.920,4.784,1000
2020-11-02 09:31:34.920,4.784,400
2020-11-02 09:31:34.920,4.784,100
2020-11-02 09:31:34.920,4.784,20000
2020-11-02 09:31:34.920,4.784,20000
2020-11-02 09:31:34.920,4.784,22000
2020-11-02 09:31:34.920,4.785,118700
2020-11-02 09:31:34.920,4.785,5000
2020-11-02 09:31:34.920,4.785,800
2020-11-02 09:31:34.920,4.785,11800
2020-11-02 09:31:35.470,4.782,11800
2020-11-02 09:31:35.920,4.783,85000
2020-11-02 09:31:36.490,4.784,8000
2020-11-02 09:31:36.490,4.785,18200
2020-11-02 09:31:36.490,4.785,1000
2020-11-02 09:31:36.490,4.785,5000
2020-11-02 09:31:36.490,4.785,100
2020-11-02 09:31:36.490,4.785,20000
2020-11-02 09:31:36.490,4.785,1000
2020-11-02 09:31:36.490,4.785,1200
2020-11-02 09:31:36.490,4.785,800
2020-11-02 09:31:36.490,4.785,20700
2020-11-02 09:31:36.490,4.785,100
2020-11-02 09:31:36.490,4.785,3000
2020-11-02 09:31:36.490,4.785,5000
2020-11-02 09:31:36.490,4.785,1000
2020-11-02 09:31:36.490,4.785,3000
2020-11-02 09:31:36.490,4.785,7200
2020-11-02 09:31:36.490,4.785,2000
2020-11-02 09:31:36.490,4.786,150000
2020-11-02 09:31:36.490,4.786,1000
2020-11-02 09:31:36.490,4.786,66700
2020-11-02 09:31:36.490,4.786,100
2020-11-02 09:31:36.490,4.786,5200
2020-11-02 09:31:36.490,4.786,1000
2020-11-02 09:31:36.490,4.786,35500
2020-11-02 09:31:36.920,4.783,2000
2020-11-02 09:31:37.280,4.784,500
2020-11-02 09:31:37.280,4.783,500
2020-11-02 09:31:37.840,4.783,110000
2020-11-02 09:31:37.840,4.783,2200
2020-11-02 09:31:37.990,4.783,100
2020-11-02 09:31:39.120,4.784,500
2020-11-02 09:31:39.180,4.784,10800
2020-11-02 09:31:39.180,4.784,24400
2020-11-02 09:31:39.180,4.783,14800
2020-11-02 09:31:39.570,4.783,94700
2020-11-02 09:31:39.930,4.783,25000
2020-11-02 09:31:40.020,4.783,100
2020-11-02 09:31:40.210,4.783,10000
2020-11-02 09:31:40.240,4.783,1300
2020-11-02 09:31:40.240,4.783,2000
2020-11-02 09:31:40.240,4.783,2000
2020-11-02 09:31:40.240,4.783,2000
2020-11-02 09:31:40.880,4.783,100
2020-11-02 09:31:41.430,4.783,25500
2020-11-02 09:31:41.430,4.783,1000
2020-11-02 09:31:41.430,4.783,2200
2020-11-02 09:31:41.430,4.783,1400
2020-11-02 09:31:42.170,4.783,9900
2020-11-02 09:31:42.170,4.782,2400
2020-11-02 09:31:42.170,4.782,2000
2020-11-02 09:31:42.170,4.782,4000
2020-11-02 09:31:42.170,4.781,69800
2020-11-02 09:31:42.170,4.781,30500
2020-11-02 09:31:42.390,4.781,3000
2020-11-02 09:31:42.980,4.782,100
2020-11-02 09:31:44.530,4.782,100
2020-11-02 09:31:44.530,4.783,40000
2020-11-02 09:31:44.530,4.783,5000
2020-11-02 09:31:44.530,4.783,131100
2020-11-02 09:31:44.530,4.783,3000
2020-11-02 09:31:44.630,4.783,300
2020-11-02 09:31:45.040,4.783,120500
2020-11-02 09:31:45.040,4.783,291400
2020-11-02 09:31:45.040,4.783,14500
2020-11-02 09:31:45.040,4.783,573600
2020-11-02 09:31:45.470,4.783,3000
2020-11-02 09:31:45.650,4.784,300
2020-11-02 09:31:45.900,4.783,1000
2020-11-02 09:31:45.980,4.783,1000
2020-11-02 09:31:46.010,4.783,6000
2020-11-02 09:31:46.070,4.784,2000
2020-11-02 09:31:46.070,4.783,5000
2020-11-02 09:31:46.430,4.784,6700
2020-11-02 09:31:46.430,4.784,200
2020-11-02 09:31:46.490,4.783,1000
2020-11-02 09:31:46.580,4.784,500
2020-11-02 09:31:46.640,4.784,400
2020-11-02 09:31:47.170,4.783,100
2020-11-02 09:31:47.450,4.783,2000
2020-11-02 09:31:48.270,4.784,400
2020-11-02 09:31:48.360,4.784,200
2020-11-02 09:31:48.590,4.784,14100
2020-11-02 09:31:48.940,4.784,600
2020-11-02 09:31:50.020,4.783,1000
2020-11-02 09:31:50.150,4.783,3300
2020-11-02 09:31:51.910,4.783,1000
2020-11-02 09:31:52.030,4.783,1000
2020-11-02 09:31:52.490,4.783,2100
2020-11-02 09:31:52.610,4.784,200
2020-11-02 09:31:52.800,4.783,400
2020-11-02 09:31:52.830,4.783,2000
2020-11-02 09:31:53.260,4.784,5000
2020-11-02 09:31:53.820,4.783,100
2020-11-02 09:31:53.860,4.783,5000
2020-11-02 09:31:54.200,4.783,50000
2020-11-02 09:31:54.670,4.783,5000
2020-11-02 09:31:54.700,4.783,500
2020-11-02 09:31:54.820,4.783,100
2020-11-02 09:31:55.640,4.783,300
2020-11-02 09:31:55.640,4.783,13100
2020-11-02 09:31:55.640,4.783,6000
2020-11-02 09:31:55.640,4.783,100
2020-11-02 09:31:55.740,4.783,200
2020-11-02 09:31:56.600,4.783,400
2020-11-02 09:31:56.720,4.783,100
2020-11-02 09:31:56.720,4.782,200
2020-11-02 09:31:57.300,4.783,100000
2020-11-02 09:31:57.370,4.783,400
2020-11-02 09:31:57.910,4.783,3000
2020-11-02 09:31:58.920,4.783,100
2020-11-02 09:31:59.110,4.782,800
2020-11-02 09:31:59.110,4.782,1200
2020-11-02 09:31:59.210,4.782,800
2020-11-02 09:31:59.210,4.782,4200
2020-11-02 09:31:59.740,4.782,9800
2020-11-02 09:32:00.220,4.783,200
2020-11-02 09:32:00.340,4.783,13000
2020-11-02 09:32:00.490,4.783,301600
2020-11-02 09:32:01.250,4.783,300
2020-11-02 09:32:01.310,4.783,4200
2020-11-02 09:32:01.790,4.782,500
2020-11-02 09:32:02.440,4.783,100
2020-11-02 09:32:03.350,4.782,11000
2020-11-02 09:32:03.580,4.783,300000
2020-11-02 09:32:03.890,4.783,700
2020-11-02 09:32:03.890,4.783,256500
2020-11-02 09:32:03.890,4.783,1200
2020-11-02 09:32:03.890,4.783,500
2020-11-02 09:32:03.890,4.783,5000
2020-11-02 09:32:03.890,4.783,38600
2020-11-02 09:32:03.890,4.783,10000
2020-11-02 09:32:03.890,4.783,20000
2020-11-02 09:32:03.890,4.783,100
2020-11-02 09:32:03.890,4.783,1100
2020-11-02 09:32:03.890,4.783,4300
2020-11-02 09:32:03.890,4.783,19300
2020-11-02 09:32:03.890,4.783,2100
2020-11-02 09:32:03.890,4.783,10000
2020-11-02 09:32:04.030,4.783,50600
2020-11-02 09:32:04.180,4.783,1500
2020-11-02 09:32:04.720,4.783,500
2020-11-02 09:32:04.720,4.783,5000
2020-11-02 09:32:04.820,4.783,20000
2020-11-02 09:32:04.970,4.783,500
2020-11-02 09:32:04.970,4.783,1500
2020-11-02 09:32:05.320,4.783,8500
2020-11-02 09:32:05.320,4.783,10500
2020-11-02 09:32:05.320,4.783,3900
2020-11-02 09:32:05.320,4.783,800
2020-11-02 09:32:05.320,4.782,600
2020-11-02 09:32:05.320,4.782,15700
2020-11-02 09:32:06.000,4.782,43400
2020-11-02 09:32:06.210,4.782,3900
2020-11-02 09:32:06.570,4.783,3500
2020-11-02 09:32:06.570,4.784,10300
2020-11-02 09:32:06.570,4.784,3200
2020-11-02 09:32:06.570,4.784,1000
2020-11-02 09:32:06.570,4.784,21800
2020-11-02 09:32:06.570,4.784,2200
2020-11-02 09:32:06.570,4.784,8200
2020-11-02 09:32:06.570,4.784,4000
2020-11-02 09:32:06.570,4.784,3500
2020-11-02 09:32:06.570,4.784,1000
2020-11-02 09:32:06.570,4.784,5000
2020-11-02 09:32:06.570,4.784,600
2020-11-02 09:32:06.570,4.784,1000
2020-11-02 09:32:06.570,4.784,10000
2020-11-02 09:32:06.570,4.784,2800
2020-11-02 09:32:06.570,4.784,3200
2020-11-02 09:32:06.570,4.784,9300
2020-11-02 09:32:07.000,4.784,3000
2020-11-02 09:32:07.530,4.784,9100
2020-11-02 09:32:07.690,4.784,700
2020-11-02 09:32:08.180,4.784,17000
2020-11-02 09:32:08.180,4.784,39800
2020-11-02 09:32:08.780,4.784,6400
2020-11-02 09:32:08.940,4.785,100
2020-11-02 09:32:09.270,4.784,20600
2020-11-02 09:32:09.360,4.785,1900
2020-11-02 09:32:09.360,4.785,1100
2020-11-02 09:32:10.170,4.784,200
2020-11-02 09:32:10.430,4.784,4000
2020-11-02 09:32:10.430,4.784,15000
2020-11-02 09:32:10.950,4.784,500
2020-11-02 09:32:10.950,4.784,5000
2020-11-02 09:32:12.260,4.784,200
2020-11-02 09:32:12.290,4.784,3800
2020-11-02 09:32:12.350,4.784,50000
2020-11-02 09:32:12.410,4.784,100
2020-11-02 09:32:12.440,4.784,2000
2020-11-02 09:32:12.470,4.784,500
2020-11-02 09:32:12.620,4.784,500
2020-11-02 09:32:12.620,4.784,4800
2020-11-02 09:32:12.740,4.784,7600
2020-11-02 09:32:12.800,4.784,5000
2020-11-02 09:32:13.000,4.784,9300
2020-11-02 09:32:13.460,4.784,4300
2020-11-02 09:32:13.460,4.784,400
2020-11-02 09:32:13.460,4.784,10000
2020-11-02 09:32:13.460,4.784,14000
2020-11-02 09:32:13.620,4.784,1100
2020-11-02 09:32:14.490,4.785,300
2020-11-02 09:32:14.530,4.784,24800
2020-11-02 09:32:14.600,4.784,35100
2020-11-02 09:32:14.790,4.783,900
2020-11-02 09:32:14.930,4.784,100
2020-11-02 09:32:15.630,4.783,200
2020-11-02 09:32:15.960,4.784,10000
2020-11-02 09:32:16.100,4.783,2000
2020-11-02 09:32:17.180,4.784,200
2020-11-02 09:32:17.210,4.783,20000
2020-11-02 09:32:17.620,4.783,3000
2020-11-02 09:32:17.680,4.783,11000
2020-11-02 09:32:17.870,4.783,2400
2020-11-02 09:32:17.970,4.783,2000
2020-11-02 09:32:18.170,4.783,600
2020-11-02 09:32:18.170,4.783,7900
2020-11-02 09:32:18.170,4.783,2200
2020-11-02 09:32:18.170,4.783,5000
2020-11-02 09:32:18.170,4.783,2000
2020-11-02 09:32:18.170,4.783,500
2020-11-02 09:32:18.170,4.781,16500
2020-11-02 09:32:18.170,4.781,1700
2020-11-02 09:32:18.170,4.781,1000
2020-11-02 09:32:18.170,4.781,3000
2020-11-02 09:32:18.170,4.781,23300
2020-11-02 09:32:18.170,4.781,3000
2020-11-02 09:32:18.170,4.781,1000
2020-11-02 09:32:18.170,4.781,2000
2020-11-02 09:32:18.170,4.781,300000
2020-11-02 09:32:18.170,4.781,5900
2020-11-02 09:32:18.170,4.78,500
2020-11-02 09:32:18.170,4.78,100
2020-11-02 09:32:18.170,4.78,138500
2020-11-02 09:32:20.160,4.783,600
2020-11-02 09:32:20.890,4.783,3200
2020-11-02 09:32:21.110,4.783,1000
2020-11-02 09:32:21.830,4.783,100
2020-11-02 09:32:22.230,4.783,12300
2020-11-02 09:32:22.810,4.783,10000
2020-11-02 09:32:22.810,4.782,10000
2020-11-02 09:32:22.810,4.781,290000
2020-11-02 09:32:22.900,4.783,100
2020-11-02 09:32:23.180,4.783,1000
2020-11-02 09:32:23.890,4.782,1200
2020-11-02 09:32:23.890,4.783,300
2020-11-02 09:32:24.360,4.78,10000
2020-11-02 09:32:24.360,4.78,6300
2020-11-02 09:32:25.150,4.782,100
2020-11-02 09:32:25.240,4.78,28200
2020-11-02 09:32:26.740,4.782,100
2020-11-02 09:32:26.740,4.782,900
2020-11-02 09:32:27.100,4.782,500
2020-11-02 09:32:27.100,4.782,500
2020-11-02 09:32:27.580,4.782,200
2020-11-02 09:32:27.800,4.782,1000
2020-11-02 09:32:27.950,4.781,4700
2020-11-02 09:32:28.260,4.781,100000
2020-11-02 09:32:28.350,4.781,100
2020-11-02 09:32:28.350,4.781,195200
2020-11-02 09:32:28.350,4.78,9300
2020-11-02 09:32:28.960,4.78,300000
2020-11-02 09:32:29.430,4.78,300000
2020-11-02 09:32:29.920,4.78,161300
2020-11-02 09:32:29.920,4.782,100
2020-11-02 09:32:30.510,4.78,7700
2020-11-02 09:32:30.680,4.78,2500
2020-11-02 09:32:30.680,4.78,2000
2020-11-02 09:32:30.880,4.78,3000
2020-11-02 09:32:32.480,4.78,600
2020-11-02 09:32:32.480,4.78,800
2020-11-02 09:32:32.480,4.779,21500
2020-11-02 09:32:32.480,4.779,5000
2020-11-02 09:32:32.480,4.779,13500
2020-11-02 09:32:33.800,4.779,200
2020-11-02 09:32:33.860,4.779,19500
2020-11-02 09:32:33.950,4.779,10000
2020-11-02 09:32:33.980,4.779,20000
2020-11-02 09:32:34.280,4.779,500
2020-11-02 09:32:34.660,4.78,500
2020-11-02 09:32:34.780,4.779,500
2020-11-02 09:32:35.780,4.78,2200
2020-11-02 09:32:35.780,4.78,1500
2020-11-02 09:32:36.030,4.78,9800
2020-11-02 09:32:36.460,4.779,500
2020-11-02 09:32:36.740,4.779,2000
2020-11-02 09:32:37.310,4.78,1000
2020-11-02 09:32:37.490,4.779,100
2020-11-02 09:32:37.950,4.779,5000
2020-11-02 09:32:38.150,4.779,50000
2020-11-02 09:32:38.470,4.779,2400
2020-11-02 09:32:38.470,4.779,2500
2020-11-02 09:32:38.500,4.779,1200
2020-11-02 09:32:38.950,4.779,9000
2020-11-02 09:32:39.930,4.78,8800
2020-11-02 09:32:39.930,4.78,5000
2020-11-02 09:32:39.930,4.78,100000
2020-11-02 09:32:39.930,4.78,20000
2020-11-02 09:32:39.930,4.78,19700
2020-11-02 09:32:39.930,4.78,2000
2020-11-02 09:32:39.930,4.78,400
2020-11-02 09:32:39.930,4.78,3100
2020-11-02 09:32:39.930,4.78,700
2020-11-02 09:32:39.930,4.78,500
2020-11-02 09:32:39.960,4.78,1000
2020-11-02 09:32:40.020,4.78,5000
2020-11-02 09:32:40.240,4.78,3200
2020-11-02 09:32:40.450,4.78,10000
2020-11-02 09:32:40.690,4.78,1000
2020-11-02 09:32:40.690,4.78,8700
2020-11-02 09:32:40.750,4.78,1500
2020-11-02 09:32:40.750,4.78,500
2020-11-02 09:32:40.940,4.78,30000
2020-11-02 09:32:40.970,4.78,3000
2020-11-02 09:32:41.510,4.78,1000
2020-11-02 09:32:41.580,4.78,10000
2020-11-02 09:32:42.090,4.78,700
2020-11-02 09:32:42.560,4.781,4000
2020-11-02 09:32:42.950,4.781,5000
2020-11-02 09:32:42.950,4.781,5600
2020-11-02 09:32:42.950,4.781,20200
2020-11-02 09:32:43.100,4.781,3000
2020-11-02 09:32:43.150,4.782,800
2020-11-02 09:32:43.210,4.781,8100
2020-11-02 09:32:43.450,4.781,5000
2020-11-02 09:32:43.450,4.781,2700
2020-11-02 09:32:43.760,4.781,5000
2020-11-02 09:32:43.820,4.781,2300
2020-11-02 09:32:44.170,4.781,2000
2020-11-02 09:32:44.200,4.781,20000
2020-11-02 09:32:44.290,4.781,10000
2020-11-02 09:32:44.640,4.781,1000
2020-11-02 09:32:44.970,4.78,4000
2020-11-02 09:32:45.030,4.782,100
2020-11-02 09:32:45.390,4.78,300
2020-11-02 09:32:45.470,4.78,500
2020-11-02 09:32:45.760,4.78,1000
2020-11-02 09:32:45.760,4.78,3000
2020-11-02 09:32:45.790,4.782,1100
2020-11-02 09:32:45.790,4.782,700
2020-11-02 09:32:45.790,4.782,1000
2020-11-02 09:32:45.790,4.782,100
2020-11-02 09:32:45.790,4.782,4600
2020-11-02 09:32:45.790,4.782,2500
2020-11-02 09:32:45.880,4.78,2000
2020-11-02 09:32:47.310,4.781,2500
2020-11-02 09:32:48.110,4.781,1000
2020-11-02 09:32:48.140,4.781,9000
2020-11-02 09:32:48.500,4.78,1000
2020-11-02 09:32:49.440,4.781,1500
2020-11-02 09:32:49.550,4.782,2500
2020-11-02 09:32:49.800,4.781,2000
2020-11-02 09:32:50.290,4.782,15000
2020-11-02 09:32:50.290,4.782,700
2020-11-02 09:32:50.290,4.782,4300
2020-11-02 09:32:50.290,4.781,100
2020-11-02 09:32:50.480,4.781,1400
2020-11-02 09:32:50.480,4.781,203500
2020-11-02 09:32:50.480,4.781,6000
2020-11-02 09:32:50.660,4.781,3000
2020-11-02 09:32:50.660,4.781,4000
2020-11-02 09:32:50.660,4.781,1100
2020-11-02 09:32:50.690,4.781,300
2020-11-02 09:32:51.340,4.781,8000
2020-11-02 09:32:51.430,4.781,1000
2020-11-02 09:32:52.210,4.782,200
2020-11-02 09:32:53.030,4.782,30400
2020-11-02 09:32:53.030,4.782,10000
2020-11-02 09:32:53.030,4.782,5000
2020-11-02 09:32:53.030,4.782,9700
2020-11-02 09:32:53.240,4.782,20000
2020-11-02 09:32:53.680,4.782,2000
2020-11-02 09:32:53.710,4.782,2000
2020-11-02 09:32:53.800,4.782,31800
2020-11-02 09:32:53.890,4.782,500
2020-11-02 09:32:54.040,4.782,200
2020-11-02 09:32:54.560,4.782,100
2020-11-02 09:32:55.070,4.782,2500
2020-11-02 09:32:55.200,4.782,2200
2020-11-02 09:32:55.260,4.782,10000
2020-11-02 09:32:55.430,4.782,1000
2020-11-02 09:32:55.550,4.783,900
2020-11-02 09:32:55.550,4.783,3000
2020-11-02 09:32:55.550,4.783,47700
2020-11-02 09:32:55.550,4.783,5000
2020-11-02 09:32:55.550,4.783,2000
2020-11-02 09:32:55.550,4.783,500
2020-11-02 09:32:55.550,4.783,10000
2020-11-02 09:32:55.550,4.783,1000
2020-11-02 09:32:55.550,4.783,3000
2020-11-02 09:32:55.550,4.783,5400
2020-11-02 09:32:55.550,4.783,15500
2020-11-02 09:32:55.550,4.783,100
2020-11-02 09:32:55.550,4.783,3500
2020-11-02 09:32:55.550,4.783,6000
2020-11-02 09:32:55.550,4.783,2000
2020-11-02 09:32:55.860,4.783,5000
2020-11-02 09:32:55.930,4.783,3000
2020-11-02 09:32:55.960,4.783,2000
2020-11-02 09:32:56.210,4.783,14700
2020-11-02 09:32:56.990,4.783,2000
2020-11-02 09:32:57.190,4.783,2100
2020-11-02 09:32:57.250,4.783,20000
2020-11-02 09:32:57.770,4.783,100
2020-11-02 09:32:58.510,4.783,3900
2020-11-02 09:32:59.060,4.783,3700
2020-11-02 09:32:59.270,4.783,1000
2020-11-02 09:32:59.270,4.783,100
2020-11-02 09:32:59.400,4.783,5000
2020-11-02 09:33:00.260,4.781,1000
2020-11-02 09:33:00.810,4.781,2500
2020-11-02 09:33:00.940,4.782,200
2020-11-02 09:33:00.940,4.782,8300
2020-11-02 09:33:00.940,4.782,11000
2020-11-02 09:33:01.000,4.783,2000
2020-11-02 09:33:01.280,4.783,10000
2020-11-02 09:33:01.400,4.783,5000
2020-11-02 09:33:01.670,4.783,5000
2020-11-02 09:33:01.670,4.783,2000
2020-11-02 09:33:01.740,4.782,200
2020-11-02 09:33:01.830,4.783,100
2020-11-02 09:33:03.060,4.781,600
2020-11-02 09:33:03.180,4.783,1300
2020-11-02 09:33:04.850,4.782,400
2020-11-02 09:33:05.060,4.781,1000
2020-11-02 09:33:05.940,4.782,1700
2020-11-02 09:33:05.940,4.783,1600
2020-11-02 09:33:05.940,4.783,2500
2020-11-02 09:33:05.940,4.783,10000
2020-11-02 09:33:05.940,4.783,3000
2020-11-02 09:33:05.940,4.783,3000
2020-11-02 09:33:05.940,4.783,700
2020-11-02 09:33:05.940,4.783,1000
2020-11-02 09:33:05.940,4.783,2200
2020-11-02 09:33:05.940,4.783,2000
2020-11-02 09:33:07.010,4.783,1000
2020-11-02 09:33:08.440,4.783,2000
2020-11-02 09:33:08.990,4.783,100
2020-11-02 09:33:09.510,4.782,500
2020-11-02 09:33:09.510,4.783,2900
2020-11-02 09:33:09.510,4.783,5000
2020-11-02 09:33:09.510,4.783,1600
2020-11-02 09:33:10.150,4.781,20900
2020-11-02 09:33:10.340,4.782,700
2020-11-02 09:33:10.340,4.782,6000
2020-11-02 09:33:10.550,4.783,5000
2020-11-02 09:33:10.670,4.783,2900
2020-11-02 09:33:10.890,4.782,4100
2020-11-02 09:33:11.640,4.783,100
2020-11-02 09:33:12.560,4.782,2100
2020-11-02 09:33:13.600,4.783,400
2020-11-02 09:33:13.600,4.783,1600
2020-11-02 09:33:13.600,4.782,1000
2020-11-02 09:33:13.750,4.782,20000
2020-11-02 09:33:14.000,4.782,200
2020-11-02 09:33:15.260,4.782,100300
2020-11-02 09:33:15.440,4.782,20000
2020-11-02 09:33:16.160,4.782,1200
2020-11-02 09:33:16.840,4.782,16300
2020-11-02 09:33:17.470,4.783,6300
2020-11-02 09:33:18.270,4.782,2000
2020-11-02 09:33:18.270,4.782,200
2020-11-02 09:33:18.490,4.782,700
2020-11-02 09:33:18.820,4.783,100
2020-11-02 09:33:18.940,4.783,700
2020-11-02 09:33:19.030,4.782,2900
2020-11-02 09:33:19.640,4.782,9300
2020-11-02 09:33:19.830,4.782,6900
2020-11-02 09:33:19.890,4.782,1000
2020-11-02 09:33:20.700,4.782,5000
2020-11-02 09:33:20.790,4.782,1000
2020-11-02 09:33:20.980,4.782,5000
2020-11-02 09:33:21.630,4.782,3000
2020-11-02 09:33:21.960,4.782,6000
2020-11-02 09:33:22.080,4.782,10300
2020-11-02 09:33:22.820,4.782,50000
2020-11-02 09:33:22.980,4.782,400
2020-11-02 09:33:23.550,4.782,200
2020-11-02 09:33:23.790,4.782,10000
2020-11-02 09:33:23.970,4.782,14200
2020-11-02 09:33:23.970,4.782,245800
2020-11-02 09:33:24.030,4.783,2100
2020-11-02 09:33:24.210,4.782,12400
2020-11-02 09:33:24.300,4.782,41800
2020-11-02 09:33:24.330,4.782,300
2020-11-02 09:33:24.990,4.782,16900
2020-11-02 09:33:24.990,4.782,19200
2020-11-02 09:33:25.500,4.782,500
2020-11-02 09:33:25.650,4.782,50700
2020-11-02 09:33:25.870,4.782,2700
2020-11-02 09:33:25.960,4.782,1000
2020-11-02 09:33:25.960,4.782,142000
2020-11-02 09:33:26.020,4.782,21000
2020-11-02 09:33:26.450,4.782,5000
2020-11-02 09:33:26.970,4.783,1000
2020-11-02 09:33:26.970,4.783,1200
2020-11-02 09:33:26.970,4.783,3800
2020-11-02 09:33:26.970,4.783,400
2020-11-02 09:33:26.970,4.783,10700
2020-11-02 09:33:26.970,4.783,3000
2020-11-02 09:33:26.970,4.783,10000
2020-11-02 09:33:26.970,4.783,8700
2020-11-02 09:33:26.970,4.783,5000
2020-11-02 09:33:26.970,4.783,15800
2020-11-02 09:33:26.970,4.783,4000
2020-11-02 09:33:26.970,4.783,63800
2020-11-02 09:33:26.970,4.783,4000
2020-11-02 09:33:26.970,4.783,1000
2020-11-02 09:33:26.970,4.783,1000
2020-11-02 09:33:26.970,4.783,5000
2020-11-02 09:33:26.970,4.783,3100
2020-11-02 09:33:26.970,4.783,1500
2020-11-02 09:33:26.970,4.783,500
2020-11-02 09:33:26.970,4.783,35000
2020-11-02 09:33:26.970,4.783,2000
2020-11-02 09:33:26.970,4.783,5000
2020-11-02 09:33:26.970,4.783,3400
2020-11-02 09:33:26.970,4.783,500
2020-11-02 09:33:26.970,4.783,20000
2020-11-02 09:33:26.970,4.783,2000
2020-11-02 09:33:27.240,4.783,300
2020-11-02 09:33:27.280,4.783,5000
2020-11-02 09:33:27.340,4.783,46900
2020-11-02 09:33:27.620,4.784,1600
2020-11-02 09:33:27.780,4.783,1700
2020-11-02 09:33:27.910,4.783,5600
2020-11-02 09:33:27.940,4.783,1000
2020-11-02 09:33:28.120,4.784,400
2020-11-02 09:33:28.120,4.784,1000
2020-11-02 09:33:28.120,4.784,1100
2020-11-02 09:33:28.190,4.784,2300
2020-11-02 09:33:28.190,4.784,500
2020-11-02 09:33:28.190,4.784,60000
2020-11-02 09:33:28.190,4.784,10000
2020-11-02 09:33:28.190,4.784,5000
2020-11-02 09:33:28.190,4.784,300
2020-11-02 09:33:28.190,4.784,3000
2020-11-02 09:33:28.190,4.784,600
2020-11-02 09:33:28.190,4.784,1100
2020-11-02 09:33:28.190,4.784,30000
2020-11-02 09:33:28.190,4.784,19400
2020-11-02 09:33:28.190,4.784,10000
2020-11-02 09:33:28.190,4.784,3000
2020-11-02 09:33:28.190,4.784,100
2020-11-02 09:33:28.190,4.784,1000
2020-11-02 09:33:28.190,4.784,100
2020-11-02 09:33:28.190,4.784,200
2020-11-02 09:33:28.190,4.784,10000
2020-11-02 09:33:28.190,4.784,2500
2020-11-02 09:33:28.370,4.783,1000
2020-11-02 09:33:28.370,4.783,7000
2020-11-02 09:33:28.470,4.784,1600
2020-11-02 09:33:28.470,4.784,100
2020-11-02 09:33:28.470,4.784,1500
2020-11-02 09:33:28.470,4.784,5000
2020-11-02 09:33:28.470,4.784,5000
2020-11-02 09:33:28.470,4.784,200
2020-11-02 09:33:28.470,4.784,4900
2020-11-02 09:33:28.470,4.784,2800
2020-11-02 09:33:28.470,4.784,10000
2020-11-02 09:33:28.470,4.784,30000
2020-11-02 09:33:28.470,4.784,1000
2020-11-02 09:33:28.470,4.784,3200
2020-11-02 09:33:28.470,4.784,1800
2020-11-02 09:33:28.470,4.784,200
2020-11-02 09:33:28.790,4.784,1000
2020-11-02 09:33:28.820,4.784,40000
2020-11-02 09:33:29.320,4.784,5300
2020-11-02 09:33:30.300,4.784,100
2020-11-02 09:33:30.660,4.784,15000
2020-11-02 09:33:30.900,4.784,3000
2020-11-02 09:33:31.210,4.784,200
2020-11-02 09:33:31.360,4.784,13000
2020-11-02 09:33:31.810,4.784,4500
2020-11-02 09:33:31.810,4.784,5500
2020-11-02 09:33:31.810,4.784,3000
2020-11-02 09:33:32.480,4.784,10000
2020-11-02 09:33:32.550,4.784,21000
2020-11-02 09:33:33.090,4.784,1500
2020-11-02 09:33:33.520,4.784,5000
2020-11-02 09:33:33.930,4.784,1500
2020-11-02 09:33:35.450,4.784,9700
2020-11-02 09:33:35.450,4.784,300
2020-11-02 09:33:36.030,4.784,500
2020-11-02 09:33:36.030,4.784,1300
2020-11-02 09:33:36.030,4.784,4000
2020-11-02 09:33:36.030,4.784,2600
2020-11-02 09:33:36.030,4.784,10000
2020-11-02 09:33:37.480,4.784,400
2020-11-02 09:33:37.620,4.783,100
2020-11-02 09:33:37.620,4.783,300000
2020-11-02 09:33:37.620,4.782,3000
2020-11-02 09:33:37.620,4.782,10000
2020-11-02 09:33:37.620,4.782,51100
2020-11-02 09:33:37.700,4.784,2500
2020-11-02 09:33:37.730,4.784,5000
2020-11-02 09:33:38.490,4.784,173700
2020-11-02 09:33:38.490,4.784,5000
2020-11-02 09:33:38.490,4.784,20000
2020-11-02 09:33:38.760,4.784,5000
2020-11-02 09:33:38.760,4.784,14500
2020-11-02 09:33:39.030,4.784,300
2020-11-02 09:33:39.690,4.785,3000
2020-11-02 09:33:39.690,4.783,1000
2020-11-02 09:33:39.720,4.785,200
2020-11-02 09:33:40.380,4.783,800
2020-11-02 09:33:41.100,4.784,4000
2020-11-02 09:33:41.610,4.785,5400
2020-11-02 09:33:41.610,4.785,1000
2020-11-02 09:33:41.610,4.785,500
2020-11-02 09:33:41.610,4.785,13100
2020-11-02 09:33:41.920,4.784,3000
2020-11-02 09:33:41.950,4.784,1700
2020-11-02 09:33:42.010,4.784,1000
2020-11-02 09:33:42.040,4.784,2000
2020-11-02 09:33:42.070,4.785,200
2020-11-02 09:33:42.310,4.784,500
2020-11-02 09:33:44.040,4.785,6700
2020-11-02 09:33:44.040,4.785,10000
2020-11-02 09:33:44.040,4.785,15000
2020-11-02 09:33:44.040,4.785,10000
2020-11-02 09:33:44.040,4.785,13500
2020-11-02 09:33:44.040,4.785,2200
2020-11-02 09:33:44.040,4.785,1000
2020-11-02 09:33:44.040,4.785,500
2020-11-02 09:33:44.040,4.785,100
2020-11-02 09:33:44.040,4.785,2000
2020-11-02 09:33:44.040,4.785,10000
2020-11-02 09:33:44.040,4.785,600
2020-11-02 09:33:44.040,4.785,7100
2020-11-02 09:33:44.040,4.785,6000
2020-11-02 09:33:44.040,4.785,9500
2020-11-02 09:33:44.040,4.785,3000
2020-11-02 09:33:44.040,4.785,5000
2020-11-02 09:33:44.040,4.785,1000
2020-11-02 09:33:44.040,4.785,200
2020-11-02 09:33:44.040,4.785,5400
2020-11-02 09:33:44.040,4.785,1000
2020-11-02 09:33:44.040,4.785,13700
2020-11-02 09:33:44.040,4.785,7200
2020-11-02 09:33:44.040,4.785,2100
2020-11-02 09:33:44.040,4.785,1500
2020-11-02 09:33:44.610,4.784,5100
2020-11-02 09:33:45.600,4.784,500
2020-11-02 09:33:46.260,4.784,15000
2020-11-02 09:33:46.810,4.784,10000
2020-11-02 09:33:47.020,4.785,3500
2020-11-02 09:33:47.020,4.785,100
2020-11-02 09:33:47.020,4.785,10000
2020-11-02 09:33:47.020,4.785,2000
2020-11-02 09:33:47.020,4.785,500
2020-11-02 09:33:47.020,4.785,2000
2020-11-02 09:33:47.020,4.785,100
2020-11-02 09:33:47.020,4.785,2000
2020-11-02 09:33:47.020,4.785,4000
2020-11-02 09:33:47.020,4.785,10000
2020-11-02 09:33:47.020,4.785,100
2020-11-02 09:33:47.020,4.785,20000
2020-11-02 09:33:47.020,4.785,100
2020-11-02 09:33:47.050,4.786,10000
2020-11-02 09:33:48.040,4.785,24500
2020-11-02 09:33:48.350,4.785,700
2020-11-02 09:33:49.030,4.785,10000
2020-11-02 09:33:49.080,4.786,4800
2020-11-02 09:33:49.080,4.786,40100
2020-11-02 09:33:49.080,4.786,3000
2020-11-02 09:33:49.080,4.786,15500
2020-11-02 09:33:49.080,4.786,2000
2020-11-02 09:33:49.080,4.786,8000
2020-11-02 09:33:49.080,4.786,1000
2020-11-02 09:33:49.080,4.786,3600
2020-11-02 09:33:49.080,4.786,2000
2020-11-02 09:33:49.080,4.786,5800
2020-11-02 09:33:49.080,4.786,1000
2020-11-02 09:33:49.080,4.786,200
2020-11-02 09:33:49.080,4.786,4800
2020-11-02 09:33:49.080,4.786,200
2020-11-02 09:33:49.080,4.786,500
2020-11-02 09:33:49.080,4.786,100
2020-11-02 09:33:49.080,4.786,100
2020-11-02 09:33:49.080,4.786,100
2020-11-02 09:33:49.080,4.787,200
2020-11-02 09:33:49.080,4.787,100
2020-11-02 09:33:49.080,4.787,100
2020-11-02 09:33:49.080,4.787,6000
2020-11-02 09:33:49.080,4.787,20000
2020-11-02 09:33:49.080,4.787,5000
2020-11-02 09:33:49.080,4.787,100
2020-11-02 09:33:49.080,4.787,7000
2020-11-02 09:33:49.080,4.787,300
2020-11-02 09:33:49.080,4.787,300
2020-11-02 09:33:49.080,4.787,300
2020-11-02 09:33:49.080,4.787,300
2020-11-02 09:33:49.080,4.787,300
2020-11-02 09:33:49.080,4.787,300
2020-11-02 09:33:49.080,4.787,200
2020-11-02 09:33:49.080,4.787,100
2020-11-02 09:33:49.080,4.787,2000
2020-11-02 09:33:49.080,4.787,2000
2020-11-02 09:33:49.080,4.787,300
2020-11-02 09:33:49.080,4.787,3900
2020-11-02 09:33:49.080,4.787,8500
2020-11-02 09:33:49.260,4.785,1000
2020-11-02 09:33:49.810,4.785,1600
2020-11-02 09:33:49.960,4.785,2000
2020-11-02 09:33:50.250,4.785,200
2020-11-02 09:33:51.220,4.785,600
2020-11-02 09:33:51.590,4.785,600
2020-11-02 09:33:51.590,4.785,1400
2020-11-02 09:33:52.160,4.785,3700
2020-11-02 09:33:52.590,4.785,100
2020-11-02 09:33:52.980,4.786,6400
2020-11-02 09:33:53.110,4.786,171200
2020-11-02 09:33:54.330,4.786,500
2020-11-02 09:33:55.080,4.786,800
2020-11-02 09:33:55.820,4.786,1200
2020-11-02 09:33:56.210,4.786,5000
2020-11-02 09:33:56.360,4.786,100
2020-11-02 09:33:56.660,4.786,2100
2020-11-02 09:33:56.720,4.786,5100
2020-11-02 09:33:57.000,4.786,2600
2020-11-02 09:33:58.140,4.787,1500
2020-11-02 09:33:58.140,4.787,32300
2020-11-02 09:33:58.140,4.787,1000
2020-11-02 09:33:58.140,4.787,1000
2020-11-02 09:33:58.140,4.787,1000
2020-11-02 09:33:58.140,4.787,1000
2020-11-02 09:33:58.140,4.787,2000
2020-11-02 09:33:58.140,4.787,3900
2020-11-02 09:33:58.140,4.787,20000
2020-11-02 09:33:58.140,4.787,500
2020-11-02 09:33:58.140,4.787,500
2020-11-02 09:33:58.140,4.787,100
2020-11-02 09:33:58.140,4.788,2300
2020-11-02 09:33:58.140,4.788,5000
2020-11-02 09:33:58.140,4.788,500
2020-11-02 09:33:58.140,4.788,300
2020-11-02 09:33:58.140,4.788,5000
2020-11-02 09:33:58.140,4.788,2500
2020-11-02 09:33:58.140,4.788,219600
2020-11-02 09:33:58.700,4.786,6800
2020-11-02 09:34:00.420,4.786,5000
2020-11-02 09:34:00.790,4.786,3300
2020-11-02 09:34:00.790,4.786,100
2020-11-02 09:34:00.850,4.786,5000
2020-11-02 09:34:01.760,4.786,400
2020-11-02 09:34:01.820,4.786,2000
2020-11-02 09:34:01.940,4.787,800
2020-11-02 09:34:02.000,4.785,1000
2020-11-02 09:34:04.920,4.786,100
2020-11-02 09:34:04.920,4.786,12900
2020-11-02 09:34:05.570,4.786,10200
2020-11-02 09:34:05.830,4.786,60000
2020-11-02 09:34:06.340,4.785,13800
2020-11-02 09:34:06.340,4.785,500
2020-11-02 09:34:06.340,4.785,200
2020-11-02 09:34:06.340,4.785,4000
2020-11-02 09:34:06.340,4.785,3000
2020-11-02 09:34:06.340,4.785,2100
2020-11-02 09:34:06.340,4.785,100
2020-11-02 09:34:06.340,4.785,5000
2020-11-02 09:34:06.340,4.785,5000
2020-11-02 09:34:06.340,4.785,300
2020-11-02 09:34:06.340,4.785,400
2020-11-02 09:34:06.340,4.785,500
2020-11-02 09:34:06.340,4.785,100
2020-11-02 09:34:06.400,4.784,5000
2020-11-02 09:34:07.260,4.785,600
2020-11-02 09:34:07.530,4.785,4200
2020-11-02 09:34:07.930,4.784,18000
2020-11-02 09:34:08.820,4.785,10000
2020-11-02 09:34:09.780,4.785,200
2020-11-02 09:34:09.780,4.785,1800
2020-11-02 09:34:10.610,4.784,2500
2020-11-02 09:34:10.850,4.785,3000
2020-11-02 09:34:11.360,4.785,200
2020-11-02 09:34:11.360,4.785,800
2020-11-02 09:34:11.910,4.784,15000
2020-11-02 09:34:12.390,4.785,100
2020-11-02 09:34:12.850,4.784,2000
2020-11-02 09:34:15.570,4.785,9100
2020-11-02 09:34:15.570,4.785,200
2020-11-02 09:34:15.570,4.785,2500
2020-11-02 09:34:15.570,4.785,5000
2020-11-02 09:34:15.570,4.785,49000
2020-11-02 09:34:15.570,4.785,3000
2020-11-02 09:34:15.570,4.785,200
2020-11-02 09:34:15.570,4.786,500
2020-11-02 09:34:15.570,4.786,5000
2020-11-02 09:34:15.570,4.786,20000
2020-11-02 09:34:15.570,4.786,200
2020-11-02 09:34:15.570,4.786,100
2020-11-02 09:34:15.570,4.786,3300
2020-11-02 09:34:15.570,4.786,20000
2020-11-02 09:34:15.570,4.786,32000
2020-11-02 09:34:15.990,4.784,4200
2020-11-02 09:34:16.430,4.784,100
2020-11-02 09:34:17.070,4.784,1500
2020-11-02 09:34:17.280,4.785,30000
2020-11-02 09:34:17.280,4.785,54300
2020-11-02 09:34:17.930,4.785,30000
2020-11-02 09:34:18.500,4.785,8100
2020-11-02 09:34:18.530,4.785,77600
2020-11-02 09:34:18.530,4.785,5000
2020-11-02 09:34:18.530,4.785,40700
2020-11-02 09:34:18.800,4.786,500
2020-11-02 09:34:19.180,4.785,1200
2020-11-02 09:34:19.300,4.785,4000
2020-11-02 09:34:19.300,4.785,200
2020-11-02 09:34:19.750,4.785,100
2020-11-02 09:34:20.020,4.786,6200
2020-11-02 09:34:20.020,4.786,5200
2020-11-02 09:34:20.020,4.786,100
2020-11-02 09:34:20.020,4.786,25000
2020-11-02 09:34:20.020,4.786,100
2020-11-02 09:34:20.020,4.786,3600
2020-11-02 09:34:20.020,4.787,200
2020-11-02 09:34:20.020,4.787,500
2020-11-02 09:34:20.020,4.787,10000
2020-11-02 09:34:20.020,4.787,19400
2020-11-02 09:34:20.020,4.787,1500
2020-11-02 09:34:20.020,4.787,10000
2020-11-02 09:34:20.020,4.787,200
2020-11-02 09:34:20.020,4.787,5000
2020-11-02 09:34:20.020,4.787,5000
2020-11-02 09:34:20.020,4.787,1000
2020-11-02 09:34:20.020,4.787,18000
2020-11-02 09:34:20.020,4.787,1000
2020-11-02 09:34:20.020,4.787,2000
2020-11-02 09:34:20.020,4.787,1000
2020-11-02 09:34:20.020,4.787,1000
2020-11-02 09:34:20.020,4.787,500
2020-11-02 09:34:20.020,4.787,300
2020-11-02 09:34:20.140,4.787,200
2020-11-02 09:34:20.770,4.787,10000
2020-11-02 09:34:21.470,4.787,1000
2020-11-02 09:34:21.650,4.787,1100
2020-11-02 09:34:22.030,4.787,100
2020-11-02 09:34:22.620,4.787,200
2020-11-02 09:34:22.910,4.787,1000
2020-11-02 09:34:23.740,4.787,500
2020-11-02 09:34:23.740,4.787,1000
2020-11-02 09:34:23.950,4.787,1300
2020-11-02 09:34:24.180,4.787,10000
2020-11-02 09:34:25.140,4.787,5200
2020-11-02 09:34:25.190,4.787,11200
2020-11-02 09:34:25.490,4.787,5000
2020-11-02 09:34:25.900,4.787,1000
2020-11-02 09:34:25.960,4.787,2500
2020-11-02 09:34:26.210,4.787,22200
2020-11-02 09:34:26.210,4.787,3000
2020-11-02 09:34:26.210,4.786,6000
2020-11-02 09:34:26.210,4.785,1000
2020-11-02 09:34:26.210,4.785,300
2020-11-02 09:34:26.210,4.785,20000
2020-11-02 09:34:26.210,4.785,36800
2020-11-02 09:34:26.960,4.787,400
2020-11-02 09:34:27.760,4.787,2500
2020-11-02 09:34:28.310,4.787,100
2020-11-02 09:34:28.310,4.787,1200
2020-11-02 09:34:28.580,4.787,2000
2020-11-02 09:34:28.850,4.787,1700
2020-11-02 09:34:29.150,4.787,2500
2020-11-02 09:34:29.150,4.787,14000
2020-11-02 09:34:29.150,4.787,4600
2020-11-02 09:34:29.340,4.787,2000
2020-11-02 09:34:31.110,4.788,150100
2020-11-02 09:34:31.160,4.788,20000
2020-11-02 09:34:31.310,4.788,10300
2020-11-02 09:34:31.310,4.788,9700
2020-11-02 09:34:31.490,4.787,19200
2020-11-02 09:34:31.530,4.788,3200
2020-11-02 09:34:31.680,4.788,37100
2020-11-02 09:34:31.680,4.788,10000
2020-11-02 09:34:31.680,4.788,10000
2020-11-02 09:34:31.680,4.788,500
2020-11-02 09:34:31.680,4.788,1000
2020-11-02 09:34:31.680,4.788,50000
2020-11-02 09:34:31.680,4.788,200
2020-11-02 09:34:31.680,4.788,20000
2020-11-02 09:34:31.680,4.788,50000
2020-11-02 09:34:31.680,4.788,1200
2020-11-02 09:34:31.680,4.788,600
2020-11-02 09:34:31.680,4.788,1000
2020-11-02 09:34:31.680,4.788,3500
2020-11-02 09:34:31.680,4.788,5000
2020-11-02 09:34:31.680,4.788,18800
2020-11-02 09:34:31.680,4.788,2000
2020-11-02 09:34:31.680,4.788,10000
2020-11-02 09:34:31.680,4.788,100
2020-11-02 09:34:31.680,4.788,19200
2020-11-02 09:34:31.680,4.788,30000
2020-11-02 09:34:31.680,4.788,1000
2020-11-02 09:34:31.680,4.788,500
2020-11-02 09:34:31.680,4.788,100
2020-11-02 09:34:31.680,4.788,3300
2020-11-02 09:34:31.680,4.788,10000
2020-11-02 09:34:31.680,4.788,10000
2020-11-02 09:34:31.680,4.788,3000
2020-11-02 09:34:31.910,4.788,1500
2020-11-02 09:34:31.970,4.788,100
2020-11-02 09:34:32.010,4.788,300
2020-11-02 09:34:32.230,4.788,100
2020-11-02 09:34:32.430,4.788,1000
2020-11-02 09:34:32.630,4.788,2000
2020-11-02 09:34:32.750,4.788,3000
2020-11-02 09:34:32.850,4.788,1800
2020-11-02 09:34:32.910,4.788,5000
2020-11-02 09:34:33.790,4.788,27100
2020-11-02 09:34:33.790,4.787,20800
2020-11-02 09:34:33.790,4.787,1100
2020-11-02 09:34:33.890,4.787,5000
2020-11-02 09:34:34.650,4.788,100
2020-11-02 09:34:35.010,4.788,500
2020-11-02 09:34:35.340,4.787,200
2020-11-02 09:34:35.430,4.787,5000
2020-11-02 09:34:35.520,4.788,400
2020-11-02 09:34:35.520,4.789,10000
2020-11-02 09:34:35.520,4.789,10000
2020-11-02 09:34:35.520,4.789,500
2020-11-02 09:34:35.520,4.789,700
2020-11-02 09:34:35.520,4.789,3000
2020-11-02 09:34:35.520,4.789,200
2020-11-02 09:34:35.520,4.789,20000
2020-11-02 09:34:35.520,4.789,1000
2020-11-02 09:34:35.520,4.789,44000
2020-11-02 09:34:35.520,4.789,30500
2020-11-02 09:34:35.520,4.789,1000
2020-11-02 09:34:35.520,4.789,10000
2020-11-02 09:34:35.520,4.789,3500
2020-11-02 09:34:35.520,4.789,3000
2020-11-02 09:34:35.520,4.789,1800
2020-11-02 09:34:35.520,4.789,1100
2020-11-02 09:34:35.520,4.789,9400
2020-11-02 09:34:35.960,4.787,20000
2020-11-02 09:34:36.140,4.787,100
2020-11-02 09:34:36.140,4.787,4200
2020-11-02 09:34:36.140,4.787,900
2020-11-02 09:34:36.540,4.788,5000
2020-11-02 09:34:37.200,4.789,3000
2020-11-02 09:34:37.350,4.788,5000
2020-11-02 09:34:38.070,4.788,10000
2020-11-02 09:34:38.110,4.788,7200
2020-11-02 09:34:38.730,4.788,2600
2020-11-02 09:34:38.730,4.788,7400
2020-11-02 09:34:38.760,4.789,7600
2020-11-02 09:34:38.760,4.789,32400
2020-11-02 09:34:38.790,4.788,5000
2020-11-02 09:34:39.160,4.788,27600
2020-11-02 09:34:39.160,4.788,4500
2020-11-02 09:34:39.160,4.788,7900
2020-11-02 09:34:39.560,4.789,17600
2020-11-02 09:34:39.560,4.789,500
2020-11-02 09:34:39.560,4.789,1000
2020-11-02 09:34:39.560,4.789,4000
2020-11-02 09:34:39.560,4.79,2500
2020-11-02 09:34:39.560,4.79,500
2020-11-02 09:34:39.560,4.79,2000
2020-11-02 09:34:39.560,4.79,6500
2020-11-02 09:34:39.560,4.79,7000
2020-11-02 09:34:39.560,4.79,9900
2020-11-02 09:34:39.560,4.79,10000
2020-11-02 09:34:39.560,4.79,200
2020-11-02 09:34:39.560,4.79,3000
2020-11-02 09:34:39.560,4.79,10500
2020-11-02 09:34:39.560,4.79,1500
2020-11-02 09:34:39.560,4.79,3000
2020-11-02 09:34:39.560,4.79,70400
2020-11-02 09:34:40.460,4.789,300
2020-11-02 09:34:40.460,4.788,200
2020-11-02 09:34:40.910,4.789,100000
2020-11-02 09:34:41.300,4.789,500
2020-11-02 09:34:42.430,4.789,2000
2020-11-02 09:34:42.550,4.789,20000
2020-11-02 09:34:43.250,4.789,1000
2020-11-02 09:34:43.610,4.79,31700
2020-11-02 09:34:43.610,4.79,1000
2020-11-02 09:34:43.610,4.79,1000
2020-11-02 09:34:43.610,4.79,100
2020-11-02 09:34:43.610,4.79,10000
2020-11-02 09:34:43.610,4.79,3000
2020-11-02 09:34:43.610,4.79,50000
2020-11-02 09:34:43.610,4.79,4000
2020-11-02 09:34:43.610,4.79,15000
2020-11-02 09:34:43.610,4.79,100
2020-11-02 09:34:43.610,4.79,1500
2020-11-02 09:34:43.610,4.79,1000
2020-11-02 09:34:43.610,4.79,3000
2020-11-02 09:34:43.610,4.79,5000
2020-11-02 09:34:43.610,4.79,3000
2020-11-02 09:34:43.610,4.79,1000
2020-11-02 09:34:43.610,4.79,19700
2020-11-02 09:34:43.860,4.789,200
2020-11-02 09:34:45.420,4.789,200
2020-11-02 09:34:47.610,4.789,500
2020-11-02 09:34:47.770,4.789,5000
2020-11-02 09:34:48.320,4.789,5000
2020-11-02 09:34:48.530,4.789,1800
2020-11-02 09:34:48.740,4.789,400
2020-11-02 09:34:49.540,4.79,4000
2020-11-02 09:34:49.910,4.789,800
2020-11-02 09:34:49.910,4.789,1700
2020-11-02 09:34:49.910,4.79,10000
2020-11-02 09:34:50.110,4.789,8000
2020-11-02 09:34:50.290,4.79,27700
2020-11-02 09:34:50.290,4.79,1000
2020-11-02 09:34:50.290,4.79,1300
2020-11-02 09:34:50.500,4.79,1000
2020-11-02 09:34:50.740,4.79,20000
2020-11-02 09:34:50.740,4.79,1000
2020-11-02 09:34:50.920,4.789,6000
2020-11-02 09:34:51.180,4.789,500
2020-11-02 09:34:51.680,4.789,500
2020-11-02 09:34:51.890,4.789,5000
2020-11-02 09:34:52.260,4.789,2200
2020-11-02 09:34:52.350,4.789,2900
2020-11-02 09:34:52.350,4.789,19100
2020-11-02 09:34:52.900,4.789,200
2020-11-02 09:34:53.530,4.79,500
2020-11-02 09:34:53.590,4.789,2000
2020-11-02 09:34:53.990,4.789,400
2020-11-02 09:34:54.310,4.789,1000
2020-11-02 09:34:54.550,4.789,100
2020-11-02 09:34:54.580,4.789,10000
2020-11-02 09:34:54.760,4.79,100
2020-11-02 09:34:55.040,4.79,20000
2020-11-02 09:34:55.210,4.79,200
2020-11-02 09:34:55.330,4.789,5000
2020-11-02 09:34:55.520,4.79,5900
2020-11-02 09:34:55.520,4.79,2000
2020-11-02 09:34:55.520,4.79,400
2020-11-02 09:34:55.520,4.79,4600
2020-11-02 09:34:55.520,4.79,2000
2020-11-02 09:34:55.520,4.79,1000
2020-11-02 09:34:55.520,4.79,2000
2020-11-02 09:34:55.520,4.79,2100
2020-11-02 09:34:57.200,4.79,2000
2020-11-02 09:34:58.000,4.789,5100
2020-11-02 09:34:58.000,4.789,900
2020-11-02 09:34:58.000,4.789,600
2020-11-02 09:34:58.000,4.789,1900
2020-11-02 09:34:58.000,4.789,1400
2020-11-02 09:34:58.000,4.789,100
2020-11-02 09:34:58.000,4.789,33900
2020-11-02 09:34:58.000,4.789,100
2020-11-02 09:34:58.000,4.789,100
2020-11-02 09:34:58.000,4.789,100
2020-11-02 09:34:58.000,4.789,20000
2020-11-02 09:34:58.630,4.789,5000
2020-11-02 09:34:59.090,4.789,500
2020-11-02 09:34:59.700,4.789,100
2020-11-02 09:35:00.360,4.789,1300
2020-11-02 09:35:00.360,4.789,100
2020-11-02 09:35:01.090,4.789,400
2020-11-02 09:35:01.350,4.789,400
2020-11-02 09:35:01.350,4.789,700
2020-11-02 09:35:01.530,4.789,2000
2020-11-02 09:35:01.890,4.789,400
2020-11-02 09:35:02.080,4.789,2900
2020-11-02 09:35:02.080,4.789,1000
2020-11-02 09:35:02.080,4.789,2500
2020-11-02 09:35:02.080,4.789,600
2020-11-02 09:35:02.340,4.789,400
2020-11-02 09:35:02.340,4.789,1000
2020-11-02 09:35:02.340,4.789,8000
2020-11-02 09:35:02.550,4.79,900
2020-11-02 09:35:02.550,4.79,1000
2020-11-02 09:35:02.550,4.79,100000
2020-11-02 09:35:02.550,4.79,7900
2020-11-02 09:35:02.550,4.79,5000
2020-11-02 09:35:02.550,4.79,3000
2020-11-02 09:35:02.550,4.79,10000
2020-11-02 09:35:02.550,4.79,400
2020-11-02 09:35:02.550,4.79,1000
2020-11-02 09:35:02.550,4.79,16000
2020-11-02 09:35:02.550,4.79,1000
2020-11-02 09:35:02.550,4.79,3000
2020-11-02 09:35:02.550,4.79,900
2020-11-02 09:35:02.580,4.789,5000
2020-11-02 09:35:03.180,4.79,300
2020-11-02 09:35:03.210,4.79,10400
2020-11-02 09:35:04.280,4.789,1000
2020-11-02 09:35:04.640,4.789,1200
2020-11-02 09:35:04.830,4.789,1000
2020-11-02 09:35:05.720,4.789,1000
2020-11-02 09:35:05.750,4.79,8400
2020-11-02 09:35:05.750,4.79,200
2020-11-02 09:35:05.750,4.79,1400
2020-11-02 09:35:06.390,4.79,200
2020-11-02 09:35:07.520,4.79,10200
2020-11-02 09:35:07.520,4.79,1000
2020-11-02 09:35:07.520,4.79,500
2020-11-02 09:35:07.520,4.79,10000
2020-11-02 09:35:07.520,4.79,30000
2020-11-02 09:35:07.520,4.79,20000
2020-11-02 09:35:07.520,4.791,10000
2020-11-02 09:35:07.520,4.791,900
2020-11-02 09:35:07.520,4.791,3000
2020-11-02 09:35:07.520,4.791,2000
2020-11-02 09:35:07.520,4.791,5000
2020-11-02 09:35:07.520,4.791,1000
2020-11-02 09:35:07.520,4.791,8000
2020-11-02 09:35:07.520,4.791,5200
2020-11-02 09:35:07.520,4.792,500
2020-11-02 09:35:07.520,4.792,10000
2020-11-02 09:35:07.520,4.792,700
2020-11-02 09:35:07.520,4.792,2000
2020-11-02 09:35:07.520,4.792,3000
2020-11-02 09:35:07.520,4.792,2500
2020-11-02 09:35:07.520,4.792,100
2020-11-02 09:35:07.520,4.792,100
2020-11-02 09:35:07.520,4.792,200
2020-11-02 09:35:07.520,4.792,20000
2020-11-02 09:35:07.520,4.792,4200
2020-11-02 09:35:07.630,4.792,3700
2020-11-02 09:35:07.690,4.789,6300
2020-11-02 09:35:08.140,4.79,4700
2020-11-02 09:35:08.460,4.79,200
2020-11-02 09:35:08.800,4.792,12700
2020-11-02 09:35:08.890,4.791,2000
2020-11-02 09:35:08.960,4.791,3000
2020-11-02 09:35:08.960,4.79,7000
2020-11-02 09:35:08.960,4.79,12000
2020-11-02 09:35:10.550,4.791,20000
2020-11-02 09:35:10.670,4.791,100
2020-11-02 09:35:10.910,4.791,100
2020-11-02 09:35:11.450,4.79,1000
2020-11-02 09:35:11.450,4.79,13200
2020-11-02 09:35:11.780,4.79,26800
2020-11-02 09:35:11.780,4.79,200
2020-11-02 09:35:11.780,4.79,500
2020-11-02 09:35:11.780,4.79,172500
2020-11-02 09:35:11.810,4.79,1000
2020-11-02 09:35:12.590,4.79,1000
2020-11-02 09:35:12.820,4.79,1800
2020-11-02 09:35:13.000,4.79,77900
2020-11-02 09:35:13.250,4.79,8500
2020-11-02 09:35:13.250,4.79,24600
2020-11-02 09:35:13.860,4.79,100
2020-11-02 09:35:13.860,4.79,2100
2020-11-02 09:35:13.860,4.79,2800
2020-11-02 09:35:14.570,4.791,100
2020-11-02 09:35:14.630,4.79,500
2020-11-02 09:35:14.730,4.79,2400
2020-11-02 09:35:14.730,4.791,21700
2020-11-02 09:35:15.290,4.791,100
2020-11-02 09:35:15.870,4.791,15000
2020-11-02 09:35:16.020,4.79,1200
2020-11-02 09:35:16.150,4.791,13000
2020-11-02 09:35:16.820,4.791,4400
2020-11-02 09:35:17.430,4.791,2400
2020-11-02 09:35:17.490,4.792,31500
2020-11-02 09:35:17.490,4.792,7300
2020-11-02 09:35:17.490,4.792,1100
2020-11-02 09:35:17.490,4.792,33200
2020-11-02 09:35:17.490,4.792,1000
2020-11-02 09:35:17.490,4.792,500
2020-11-02 09:35:17.490,4.792,200
2020-11-02 09:35:18.080,4.792,1000
2020-11-02 09:35:18.530,4.793,2300
2020-11-02 09:35:18.530,4.793,600
2020-11-02 09:35:18.530,4.793,1100
2020-11-02 09:35:18.950,4.792,37800
2020-11-02 09:35:19.470,4.793,8900
2020-11-02 09:35:19.470,4.793,2000
2020-11-02 09:35:19.470,4.793,500
2020-11-02 09:35:19.470,4.793,100
2020-11-02 09:35:19.470,4.793,3200
2020-11-02 09:35:19.470,4.793,5000
2020-11-02 09:35:19.470,4.793,3500
2020-11-02 09:35:19.470,4.793,2500
2020-11-02 09:35:19.470,4.793,15000
2020-11-02 09:35:19.470,4.793,500
2020-11-02 09:35:19.470,4.793,5000
2020-11-02 09:35:19.810,4.793,1600
2020-11-02 09:35:20.060,4.793,500
2020-11-02 09:35:20.820,4.793,400
2020-11-02 09:35:20.820,4.793,100
2020-11-02 09:35:20.820,4.793,900
2020-11-02 09:35:20.820,4.793,5000
2020-11-02 09:35:20.910,4.793,500
2020-11-02 09:35:20.970,4.793,2000
2020-11-02 09:35:21.180,4.794,2400
2020-11-02 09:35:21.180,4.794,3000
2020-11-02 09:35:21.180,4.794,700
2020-11-02 09:35:21.180,4.794,20000
2020-11-02 09:35:21.180,4.794,19100
2020-11-02 09:35:21.180,4.794,10000
2020-11-02 09:35:21.180,4.794,500
2020-11-02 09:35:21.180,4.794,100
2020-11-02 09:35:21.180,4.794,1000
2020-11-02 09:35:21.420,4.794,200
2020-11-02 09:35:21.890,4.794,100
2020-11-02 09:35:22.130,4.794,10000
2020-11-02 09:35:22.750,4.794,100
2020-11-02 09:35:22.900,4.795,50000
2020-11-02 09:35:22.900,4.795,300
2020-11-02 09:35:22.900,4.795,200
2020-11-02 09:35:22.900,4.795,200
2020-11-02 09:35:22.900,4.795,500
2020-11-02 09:35:22.900,4.795,800
2020-11-02 09:35:22.900,4.795,3000
2020-11-02 09:35:22.900,4.795,5500
2020-11-02 09:35:22.900,4.795,3000
2020-11-02 09:35:22.900,4.795,10000
2020-11-02 09:35:22.900,4.795,3000
2020-11-02 09:35:22.900,4.795,2000
2020-11-02 09:35:22.900,4.795,100
2020-11-02 09:35:22.900,4.795,1000
2020-11-02 09:35:22.900,4.795,18900
2020-11-02 09:35:22.900,4.795,5000
2020-11-02 09:35:22.900,4.795,10000
2020-11-02 09:35:22.900,4.795,200
2020-11-02 09:35:23.120,4.796,100
2020-11-02 09:35:23.120,4.796,2300
2020-11-02 09:35:23.120,4.796,10000
2020-11-02 09:35:23.120,4.796,2000
2020-11-02 09:35:23.120,4.796,4900
2020-11-02 09:35:23.120,4.796,5000
2020-11-02 09:35:23.120,4.796,5000
2020-11-02 09:35:23.120,4.796,20000
2020-11-02 09:35:23.120,4.796,200
2020-11-02 09:35:23.120,4.796,100
2020-11-02 09:35:23.120,4.796,12300
2020-11-02 09:35:23.120,4.797,10000
2020-11-02 09:35:23.120,4.797,1000
2020-11-02 09:35:23.120,4.797,10000
2020-11-02 09:35:23.120,4.797,10000
2020-11-02 09:35:23.120,4.797,1000
2020-11-02 09:35:23.120,4.797,10000
2020-11-02 09:35:23.120,4.797,1400
2020-11-02 09:35:23.120,4.797,200
2020-11-02 09:35:23.120,4.797,3700
2020-11-02 09:35:23.120,4.797,2500
2020-11-02 09:35:23.120,4.797,190500
2020-11-02 09:35:23.200,4.795,100
2020-11-02 09:35:23.570,4.795,500
2020-11-02 09:35:23.600,4.795,20000
2020-11-02 09:35:24.000,4.795,1000
2020-11-02 09:35:24.710,4.797,6200
2020-11-02 09:35:25.010,4.797,97600
2020-11-02 09:35:25.190,4.795,10000
2020-11-02 09:35:25.590,4.796,22200
2020-11-02 09:35:25.770,4.796,7800
2020-11-02 09:35:26.570,4.796,500
2020-11-02 09:35:26.600,4.796,3100
2020-11-02 09:35:26.720,4.797,20500
2020-11-02 09:35:26.780,4.796,1000
2020-11-02 09:35:26.780,4.796,200
2020-11-02 09:35:26.780,4.796,1000
2020-11-02 09:35:27.020,4.796,264200
2020-11-02 09:35:27.020,4.796,100
2020-11-02 09:35:27.120,4.795,2000
2020-11-02 09:35:27.120,4.795,1000
2020-11-02 09:35:28.000,4.795,100
2020-11-02 09:35:28.350,4.794,200
2020-11-02 09:35:28.350,4.794,600
2020-11-02 09:35:28.350,4.793,1200
2020-11-02 09:35:29.580,4.793,800
2020-11-02 09:35:29.840,4.793,10000
2020-11-02 09:35:30.370,4.795,300
2020-11-02 09:35:30.550,4.795,14700
2020-11-02 09:35:33.800,4.792,1000
2020-11-02 09:35:34.040,4.793,400
2020-11-02 09:35:34.160,4.793,4600
2020-11-02 09:35:34.220,4.795,400
2020-11-02 09:35:35.500,4.794,1800
2020-11-02 09:35:36.350,4.795,14500
2020-11-02 09:35:36.350,4.795,4500
2020-11-02 09:35:36.350,4.795,11000
2020-11-02 09:35:36.790,4.795,5000
2020-11-02 09:35:37.160,4.794,300
2020-11-02 09:35:37.580,4.794,500
2020-11-02 09:35:37.660,4.795,50000
2020-11-02 09:35:38.400,4.795,1000
2020-11-02 09:35:38.840,4.794,7000
2020-11-02 09:35:38.990,4.794,6000
2020-11-02 09:35:39.310,4.794,2000
2020-11-02 09:35:39.580,4.795,1100
2020-11-02 09:35:39.580,4.794,500
2020-11-02 09:35:40.350,4.794,800
2020-11-02 09:35:40.410,4.794,3100
2020-11-02 09:35:40.410,4.794,1900
2020-11-02 09:35:40.710,4.794,800
2020-11-02 09:35:40.740,4.795,4800
2020-11-02 09:35:41.130,4.795,200
2020-11-02 09:35:41.250,4.795,2000
2020-11-02 09:35:41.340,4.794,7300
2020-11-02 09:35:41.530,4.794,1200
2020-11-02 09:35:41.640,4.794,1100
2020-11-02 09:35:41.670,4.795,300
2020-11-02 09:35:41.820,4.794,6000
2020-11-02 09:35:41.850,4.794,2000
2020-11-02 09:35:41.880,4.794,100
2020-11-02 09:35:41.930,4.794,89300
2020-11-02 09:35:42.110,4.794,1000
2020-11-02 09:35:42.280,4.794,3000
2020-11-02 09:35:42.730,4.794,5000
2020-11-02 09:35:43.320,4.794,3900
2020-11-02 09:35:43.540,4.794,5000
2020-11-02 09:35:43.720,4.794,2000
2020-11-02 09:35:43.860,4.794,4300
2020-11-02 09:35:44.200,4.795,150100
2020-11-02 09:35:45.360,4.794,10000
2020-11-02 09:35:46.480,4.795,100
2020-11-02 09:35:47.150,4.794,100
2020-11-02 09:35:47.240,4.794,2500
2020-11-02 09:35:47.380,4.794,20000
2020-11-02 09:35:47.570,4.794,100
2020-11-02 09:35:47.570,4.794,10000
2020-11-02 09:35:47.600,4.794,10000
2020-11-02 09:35:47.750,4.794,2000
2020-11-02 09:35:47.860,4.795,300
2020-11-02 09:35:48.020,4.794,5300
2020-11-02 09:35:48.510,4.795,2500
2020-11-02 09:35:48.980,4.794,7800
2020-11-02 09:35:49.220,4.794,5200
2020-11-02 09:35:49.460,4.794,3000
2020-11-02 09:35:49.900,4.794,20100
2020-11-02 09:35:49.900,4.794,200
2020-11-02 09:35:49.900,4.794,100
2020-11-02 09:35:49.900,4.794,5000
2020-11-02 09:35:49.900,4.794,19500
2020-11-02 09:35:49.900,4.793,600
2020-11-02 09:35:49.900,4.793,400
2020-11-02 09:35:49.900,4.793,4100
2020-11-02 09:35:50.960,4.794,400
2020-11-02 09:35:51.750,4.794,200
2020-11-02 09:35:51.930,4.794,33100
2020-11-02 09:35:53.690,4.794,20000
2020-11-02 09:35:55.120,4.793,500
2020-11-02 09:35:55.120,4.793,1700
2020-11-02 09:35:55.120,4.794,200
2020-11-02 09:35:55.150,4.794,200
2020-11-02 09:35:55.150,4.794,1700
2020-11-02 09:35:55.390,4.794,4200
2020-11-02 09:35:55.390,4.794,1800
2020-11-02 09:35:55.390,4.794,500
2020-11-02 09:35:55.390,4.794,200000
2020-11-02 09:35:55.390,4.794,130000
2020-11-02 09:35:55.390,4.794,500
2020-11-02 09:35:55.390,4.794,18300
2020-11-02 09:35:55.390,4.794,2000
2020-11-02 09:35:55.390,4.794,1000
2020-11-02 09:35:55.390,4.794,400
2020-11-02 09:35:55.390,4.794,5100
2020-11-02 09:35:55.390,4.794,2300
2020-11-02 09:35:55.390,4.794,10000
2020-11-02 09:35:55.390,4.794,40000
2020-11-02 09:35:55.390,4.794,43500
2020-11-02 09:35:55.390,4.795,540400
2020-11-02 09:35:55.660,4.794,1000
2020-11-02 09:35:57.380,4.794,5900
2020-11-02 09:35:57.550,4.793,3600
2020-11-02 09:35:58.020,4.794,600
2020-11-02 09:35:58.880,4.793,800
2020-11-02 09:35:59.120,4.794,5000
2020-11-02 09:35:59.560,4.794,300
2020-11-02 09:36:00.390,4.793,1800
2020-11-02 09:36:00.390,4.793,1400
2020-11-02 09:36:01.220,4.794,1500
2020-11-02 09:36:01.310,4.793,4000
2020-11-02 09:36:01.800,4.794,300
2020-11-02 09:36:02.010,4.793,3100
2020-11-02 09:36:02.610,4.793,1100
2020-11-02 09:36:03.220,4.794,1000
2020-11-02 09:36:03.940,4.794,1000
2020-11-02 09:36:04.750,4.793,500
2020-11-02 09:36:05.340,4.794,13400
2020-11-02 09:36:05.340,4.794,5000
2020-11-02 09:36:05.340,4.794,62000
2020-11-02 09:36:05.340,4.794,200
2020-11-02 09:36:05.340,4.794,4000
2020-11-02 09:36:05.340,4.794,400
2020-11-02 09:36:05.340,4.794,62800
2020-11-02 09:36:05.340,4.794,3000
2020-11-02 09:36:05.340,4.794,3000
2020-11-02 09:36:05.340,4.794,1000
2020-11-02 09:36:05.340,4.794,6000
2020-11-02 09:36:05.340,4.794,2600
2020-11-02 09:36:05.340,4.794,300
2020-11-02 09:36:05.340,4.794,4000
2020-11-02 09:36:05.340,4.794,300
2020-11-02 09:36:05.340,4.794,7000
2020-11-02 09:36:05.470,4.794,1200
2020-11-02 09:36:07.080,4.794,10000
2020-11-02 09:36:07.290,4.794,1000
2020-11-02 09:36:07.790,4.794,20000
2020-11-02 09:36:07.910,4.794,15000
2020-11-02 09:36:08.210,4.794,3100
2020-11-02 09:36:08.660,4.794,1000
2020-11-02 09:36:09.270,4.794,800
2020-11-02 09:36:09.810,4.794,1000
2020-11-02 09:36:09.960,4.794,1500
2020-11-02 09:36:10.050,4.794,1000
2020-11-02 09:36:10.740,4.795,200
2020-11-02 09:36:11.210,4.795,1000
2020-11-02 09:36:11.210,4.795,3600
2020-11-02 09:36:11.240,4.795,400
2020-11-02 09:36:11.240,4.795,8300
2020-11-02 09:36:11.240,4.795,2000
2020-11-02 09:36:11.240,4.795,200
2020-11-02 09:36:11.240,4.795,2000
2020-11-02 09:36:11.240,4.795,20000
2020-11-02 09:36:11.240,4.795,5000
2020-11-02 09:36:11.240,4.795,50000
2020-11-02 09:36:11.240,4.795,15500
2020-11-02 09:36:11.240,4.795,6400
2020-11-02 09:36:11.240,4.795,10000
2020-11-02 09:36:11.240,4.795,2000
2020-11-02 09:36:11.240,4.795,9500
2020-11-02 09:36:11.240,4.795,2000
2020-11-02 09:36:11.240,4.795,5000
2020-11-02 09:36:11.240,4.795,500
2020-11-02 09:36:11.240,4.795,1000
2020-11-02 09:36:11.240,4.795,20000
2020-11-02 09:36:11.240,4.795,50000
2020-11-02 09:36:11.240,4.795,2500
2020-11-02 09:36:11.240,4.795,200
2020-11-02 09:36:11.240,4.795,200
2020-11-02 09:36:11.240,4.795,87300
2020-11-02 09:36:11.900,4.794,6000
2020-11-02 09:36:12.500,4.794,2000
2020-11-02 09:36:13.320,4.794,10000
2020-11-02 09:36:13.530,4.794,2000
2020-11-02 09:36:14.000,4.795,10000
2020-11-02 09:36:14.000,4.795,50000
2020-11-02 09:36:14.000,4.795,10000
2020-11-02 09:36:14.000,4.795,500
2020-11-02 09:36:14.200,4.795,200
2020-11-02 09:36:14.230,4.795,2000
2020-11-02 09:36:14.470,4.796,10400
2020-11-02 09:36:14.470,4.796,1600
2020-11-02 09:36:14.470,4.796,2000
2020-11-02 09:36:14.470,4.796,3800
2020-11-02 09:36:14.470,4.796,2600
2020-11-02 09:36:14.470,4.796,2700
2020-11-02 09:36:14.470,4.796,25100
2020-11-02 09:36:14.470,4.796,1000
2020-11-02 09:36:14.470,4.796,500
2020-11-02 09:36:14.470,4.796,20000
2020-11-02 09:36:14.470,4.796,500
2020-11-02 09:36:14.470,4.796,5000
2020-11-02 09:36:14.470,4.796,100
2020-11-02 09:36:14.760,4.796,100
2020-11-02 09:36:14.880,4.796,800
2020-11-02 09:36:14.970,4.796,3000
2020-11-02 09:36:15.300,4.796,2500
2020-11-02 09:36:15.540,4.796,600
2020-11-02 09:36:16.480,4.796,10000
2020-11-02 09:36:16.510,4.796,1100
2020-11-02 09:36:16.610,4.797,5000
2020-11-02 09:36:16.610,4.797,1000
2020-11-02 09:36:16.610,4.797,11000
2020-11-02 09:36:16.850,4.796,5000
2020-11-02 09:36:17.090,4.796,3000
2020-11-02 09:36:17.090,4.797,20000
2020-11-02 09:36:17.250,4.796,300
2020-11-02 09:36:18.450,4.797,2200
2020-11-02 09:36:18.450,4.797,2000
2020-11-02 09:36:18.450,4.797,1500
2020-11-02 09:36:18.450,4.797,500
2020-11-02 09:36:18.450,4.797,3500
2020-11-02 09:36:18.450,4.797,2000
2020-11-02 09:36:18.450,4.797,3000
2020-11-02 09:36:18.450,4.797,15300
2020-11-02 09:36:18.480,4.796,600
2020-11-02 09:36:18.720,4.797,4700
2020-11-02 09:36:18.720,4.797,500
2020-11-02 09:36:18.720,4.797,3900
2020-11-02 09:36:19.420,4.796,300
2020-11-02 09:36:19.720,4.796,500
2020-11-02 09:36:19.930,4.796,600
2020-11-02 09:36:20.440,4.796,5000
2020-11-02 09:36:20.570,4.796,2000
2020-11-02 09:36:21.190,4.796,2500
2020-11-02 09:36:21.720,4.796,3900
2020-11-02 09:36:21.930,4.796,2000
2020-11-02 09:36:22.310,4.796,4100
2020-11-02 09:36:22.310,4.796,1100
2020-11-02 09:36:22.620,4.796,15300
2020-11-02 09:36:23.470,4.796,500
2020-11-02 09:36:23.530,4.796,8700
2020-11-02 09:36:23.620,4.796,5000
2020-11-02 09:36:23.650,4.796,25000
2020-11-02 09:36:23.770,4.796,9000
2020-11-02 09:36:23.940,4.796,20000
2020-11-02 09:36:24.000,4.796,5000
2020-11-02 09:36:24.410,4.797,15000
2020-11-02 09:36:24.500,4.796,3000
2020-11-02 09:36:24.810,4.796,2000
2020-11-02 09:36:25.180,4.796,400
2020-11-02 09:36:25.720,4.796,1000
2020-11-02 09:36:25.900,4.796,100
2020-11-02 09:36:25.900,4.796,2500
2020-11-02 09:36:25.930,4.796,1000
2020-11-02 09:36:26.100,4.796,10000
2020-11-02 09:36:26.220,4.796,1000
2020-11-02 09:36:26.500,4.796,10000
2020-11-02 09:36:26.590,4.797,13400
2020-11-02 09:36:26.660,4.796,1000
2020-11-02 09:36:27.190,4.796,400
2020-11-02 09:36:27.310,4.796,54800
2020-11-02 09:36:27.310,4.796,1000
2020-11-02 09:36:27.490,4.796,20000
2020-11-02 09:36:27.940,4.795,800
2020-11-02 09:36:28.230,4.796,300
2020-11-02 09:36:28.320,4.795,10000
2020-11-02 09:36:29.240,4.796,200
2020-11-02 09:36:29.800,4.796,200
2020-11-02 09:36:30.810,4.795,3000
2020-11-02 09:36:31.350,4.796,100
2020-11-02 09:36:31.460,4.796,20000
2020-11-02 09:36:31.520,4.796,100
2020-11-02 09:36:33.490,4.796,400
2020-11-02 09:36:33.490,4.796,900
2020-11-02 09:36:34.840,4.796,188200
2020-11-02 09:36:34.840,4.796,500
2020-11-02 09:36:34.840,4.796,40000
2020-11-02 09:36:34.840,4.796,15800
2020-11-02 09:36:34.840,4.796,200
2020-11-02 09:36:34.840,4.796,300
2020-11-02 09:36:34.840,4.796,300
2020-11-02 09:36:34.840,4.796,1000
2020-11-02 09:36:34.840,4.796,500
2020-11-02 09:36:34.840,4.796,4000
2020-11-02 09:36:34.840,4.796,1000
2020-11-02 09:36:34.840,4.796,10000
2020-11-02 09:36:34.840,4.796,400
2020-11-02 09:36:34.840,4.796,200
2020-11-02 09:36:34.860,4.796,10000
2020-11-02 09:36:35.100,4.796,5000
2020-11-02 09:36:35.380,4.797,3000
2020-11-02 09:36:35.380,4.797,5000
2020-11-02 09:36:35.380,4.797,1000
2020-11-02 09:36:35.380,4.797,100
2020-11-02 09:36:35.380,4.797,200
2020-11-02 09:36:35.380,4.797,700
2020-11-02 09:36:35.470,4.796,10000
2020-11-02 09:36:35.530,4.797,100
2020-11-02 09:36:35.760,4.797,500
2020-11-02 09:36:35.760,4.797,5000
2020-11-02 09:36:35.760,4.797,5000
2020-11-02 09:36:35.760,4.797,1900
2020-11-02 09:36:36.190,4.796,1100
2020-11-02 09:36:36.660,4.796,10000
2020-11-02 09:36:36.810,4.796,2000
2020-11-02 09:36:36.890,4.797,200
2020-11-02 09:36:36.890,4.796,500
2020-11-02 09:36:37.010,4.797,300
2020-11-02 09:36:37.150,4.796,6300
2020-11-02 09:36:37.660,4.796,3000
2020-11-02 09:36:37.970,4.796,4400
2020-11-02 09:36:38.150,4.797,600
2020-11-02 09:36:38.150,4.797,200
2020-11-02 09:36:38.150,4.797,100
2020-11-02 09:36:38.150,4.797,100
2020-11-02 09:36:38.150,4.797,100
2020-11-02 09:36:38.150,4.797,5000
2020-11-02 09:36:38.150,4.797,4900
2020-11-02 09:36:38.150,4.796,1000
2020-11-02 09:36:38.630,4.796,2000
2020-11-02 09:36:38.700,4.796,100
2020-11-02 09:36:38.790,4.796,8000
2020-11-02 09:36:38.970,4.796,10000
2020-11-02 09:36:39.090,4.797,100
2020-11-02 09:36:39.400,4.796,300
2020-11-02 09:36:40.650,4.797,795000
2020-11-02 09:36:40.650,4.797,13000
2020-11-02 09:36:40.650,4.797,5000
2020-11-02 09:36:40.650,4.797,100
2020-11-02 09:36:40.650,4.797,5000
2020-11-02 09:36:40.650,4.797,30000
2020-11-02 09:36:40.650,4.797,30000
2020-11-02 09:36:40.650,4.797,50000
2020-11-02 09:36:40.650,4.797,500
2020-11-02 09:36:40.650,4.797,71400
2020-11-02 09:36:40.830,4.796,30000
2020-11-02 09:36:41.530,4.796,50000
2020-11-02 09:36:41.710,4.797,5000
2020-11-02 09:36:42.140,4.797,2000
2020-11-02 09:36:42.260,4.796,10000
2020-11-02 09:36:42.370,4.796,8200
2020-11-02 09:36:42.400,4.796,200000
2020-11-02 09:36:42.520,4.796,1000
2020-11-02 09:36:42.710,4.796,1000
2020-11-02 09:36:43.530,4.796,163700
2020-11-02 09:36:43.530,4.796,9900
2020-11-02 09:36:43.530,4.796,3400
2020-11-02 09:36:43.530,4.796,1000
2020-11-02 09:36:43.560,4.796,200
2020-11-02 09:36:44.790,4.796,500
2020-11-02 09:36:45.210,4.796,4100
2020-11-02 09:36:45.230,4.796,500
2020-11-02 09:36:46.280,4.796,3000
2020-11-02 09:36:48.470,4.796,1000
2020-11-02 09:36:48.590,4.796,571700
2020-11-02 09:36:48.760,4.796,2000
2020-11-02 09:36:49.180,4.796,1000
2020-11-02 09:36:49.390,4.795,4000
2020-11-02 09:36:49.390,4.795,200
2020-11-02 09:36:49.390,4.795,800
2020-11-02 09:36:50.010,4.795,400
2020-11-02 09:36:50.310,4.796,1000
2020-11-02 09:36:50.670,4.796,1000
2020-11-02 09:36:50.940,4.795,8800
2020-11-02 09:36:50.940,4.795,1200
2020-11-02 09:36:51.600,4.795,1000
2020-11-02 09:36:51.710,4.795,147000
2020-11-02 09:36:52.300,4.796,100
2020-11-02 09:36:52.800,4.795,900
2020-11-02 09:36:53.090,4.795,49900
2020-11-02 09:36:53.090,4.795,900
2020-11-02 09:36:53.390,4.796,1000
2020-11-02 09:36:54.050,4.796,234900
2020-11-02 09:36:54.050,4.796,9200
2020-11-02 09:36:54.050,4.796,1100
2020-11-02 09:36:54.050,4.796,5600
2020-11-02 09:36:54.050,4.796,6200
2020-11-02 09:36:54.050,4.796,42000
2020-11-02 09:36:54.780,4.796,600000
2020-11-02 09:36:55.340,4.796,300000
2020-11-02 09:36:55.620,4.796,300
2020-11-02 09:36:56.060,4.796,300
2020-11-02 09:36:56.640,4.796,57400
2020-11-02 09:36:56.640,4.796,1000
2020-11-02 09:36:56.640,4.796,5600
2020-11-02 09:36:56.640,4.796,800
2020-11-02 09:36:56.640,4.796,3000
2020-11-02 09:36:56.830,4.796,700
2020-11-02 09:36:57.400,4.796,1900
2020-11-02 09:36:57.950,4.796,3000
2020-11-02 09:36:58.040,4.796,30000
2020-11-02 09:36:58.450,4.796,300
2020-11-02 09:36:59.660,4.796,30000
2020-11-02 09:36:59.660,4.796,60500
2020-11-02 09:36:59.840,4.796,17800
2020-11-02 09:37:00.640,4.796,200
2020-11-02 09:37:01.280,4.796,1400
2020-11-02 09:37:01.830,4.796,2000
2020-11-02 09:37:02.860,4.796,1000
2020-11-02 09:37:03.060,4.796,50000
2020-11-02 09:37:03.060,4.796,100
2020-11-02 09:37:03.500,4.797,5200
2020-11-02 09:37:03.730,4.796,40000
2020-11-02 09:37:04.840,4.796,7000
2020-11-02 09:37:04.960,4.796,10000
2020-11-02 09:37:06.100,4.796,30000
2020-11-02 09:37:06.250,4.796,95400
2020-11-02 09:37:07.040,4.796,500
2020-11-02 09:37:07.100,4.796,23000
2020-11-02 09:37:07.130,4.796,100
2020-11-02 09:37:07.630,4.796,10000
2020-11-02 09:37:08.850,4.796,50000
2020-11-02 09:37:08.970,4.796,3000
2020-11-02 09:37:09.380,4.796,600
2020-11-02 09:37:09.850,4.797,100
2020-11-02 09:37:09.880,4.796,10000
2020-11-02 09:37:10.170,4.796,5000
2020-11-02 09:37:10.410,4.797,400
2020-11-02 09:37:10.410,4.797,5000
2020-11-02 09:37:10.410,4.797,4900
2020-11-02 09:37:10.410,4.797,1000
2020-11-02 09:37:10.410,4.797,200
2020-11-02 09:37:10.410,4.797,1000
2020-11-02 09:37:10.410,4.797,100
2020-11-02 09:37:10.410,4.797,6100
2020-11-02 09:37:10.410,4.797,3000
2020-11-02 09:37:10.410,4.797,5000
2020-11-02 09:37:10.410,4.797,5000
2020-11-02 09:37:10.410,4.797,5000
2020-11-02 09:37:10.410,4.797,10000
2020-11-02 09:37:10.410,4.797,400
2020-11-02 09:37:10.410,4.797,5000
2020-11-02 09:37:10.410,4.797,47900
2020-11-02 09:37:10.470,4.796,3500
2020-11-02 09:37:10.500,4.796,500
2020-11-02 09:37:10.750,4.796,100
2020-11-02 09:37:11.880,4.796,500
2020-11-02 09:37:12.520,4.797,2100
2020-11-02 09:37:12.520,4.797,5000
2020-11-02 09:37:12.520,4.797,100
2020-11-02 09:37:12.520,4.797,7500
2020-11-02 09:37:12.520,4.797,10000
2020-11-02 09:37:12.520,4.797,1000
2020-11-02 09:37:12.520,4.797,1000
2020-11-02 09:37:12.520,4.797,10000
2020-11-02 09:37:12.520,4.797,1000
2020-11-02 09:37:12.520,4.797,5000
2020-11-02 09:37:12.520,4.797,7400
2020-11-02 09:37:12.520,4.797,500
2020-11-02 09:37:12.520,4.797,100
2020-11-02 09:37:12.520,4.797,3600
2020-11-02 09:37:12.520,4.797,3000
2020-11-02 09:37:12.520,4.797,3500
2020-11-02 09:37:12.520,4.797,6000
2020-11-02 09:37:12.520,4.797,10000
2020-11-02 09:37:12.520,4.797,200
2020-11-02 09:37:13.770,4.797,1000
2020-11-02 09:37:13.770,4.798,200
2020-11-02 09:37:13.830,4.798,1900
2020-11-02 09:37:13.830,4.798,400
2020-11-02 09:37:13.830,4.798,1400
2020-11-02 09:37:14.040,4.797,22000
2020-11-02 09:37:14.040,4.796,112600
2020-11-02 09:37:14.040,4.796,700
2020-11-02 09:37:14.040,4.796,200
2020-11-02 09:37:14.040,4.796,100
2020-11-02 09:37:14.040,4.796,200
2020-11-02 09:37:14.040,4.796,300
2020-11-02 09:37:14.040,4.796,8900
2020-11-02 09:37:14.040,4.796,600
2020-11-02 09:37:14.040,4.796,1000
2020-11-02 09:37:14.040,4.796,14300
2020-11-02 09:37:14.040,4.796,200
2020-11-02 09:37:14.040,4.796,30000
2020-11-02 09:37:14.040,4.796,200
2020-11-02 09:37:14.040,4.796,200
2020-11-02 09:37:14.040,4.796,1300
2020-11-02 09:37:14.040,4.796,200
2020-11-02 09:37:14.040,4.796,7000
2020-11-02 09:37:14.300,4.797,100
2020-11-02 09:37:14.640,4.796,5000
2020-11-02 09:37:15.040,4.797,100
2020-11-02 09:37:16.050,4.796,8000
2020-11-02 09:37:16.260,4.796,7500
2020-11-02 09:37:16.320,4.796,400
2020-11-02 09:37:16.920,4.796,1000
2020-11-02 09:37:17.020,4.797,1000
2020-11-02 09:37:17.050,4.796,5000
2020-11-02 09:37:17.440,4.796,3000
2020-11-02 09:37:17.470,4.797,700
2020-11-02 09:37:17.470,4.796,13300
2020-11-02 09:37:17.680,4.796,44600
2020-11-02 09:37:18.830,4.797,8100
2020-11-02 09:37:18.830,4.797,20000
2020-11-02 09:37:18.830,4.797,1600
2020-11-02 09:37:18.830,4.797,10000
2020-11-02 09:37:18.830,4.797,5000
2020-11-02 09:37:18.830,4.797,900
2020-11-02 09:37:18.830,4.797,4400
2020-11-02 09:37:18.830,4.797,50000
2020-11-02 09:37:18.830,4.797,20000
2020-11-02 09:37:18.830,4.797,12800
2020-11-02 09:37:19.310,4.797,500
2020-11-02 09:37:19.420,4.797,5100
2020-11-02 09:37:19.660,4.796,5000
2020-11-02 09:37:19.960,4.797,500
2020-11-02 09:37:20.080,4.796,900
2020-11-02 09:37:20.320,4.796,3000
2020-11-02 09:37:20.320,4.797,3000
2020-11-02 09:37:20.450,4.797,200
2020-11-02 09:37:20.510,4.797,1900
2020-11-02 09:37:20.600,4.797,1000
2020-11-02 09:37:20.910,4.797,20000
2020-11-02 09:37:20.970,4.797,55200
2020-11-02 09:37:21.210,4.797,100
2020-11-02 09:37:21.390,4.797,2000
2020-11-02 09:37:21.530,4.797,1000
2020-11-02 09:37:21.890,4.797,300
2020-11-02 09:37:22.580,4.797,100
2020-11-02 09:37:22.670,4.797,2200
2020-11-02 09:37:25.050,4.797,3000
2020-11-02 09:37:25.240,4.797,3000
2020-11-02 09:37:25.770,4.797,1000
2020-11-02 09:37:26.320,4.797,1000
2020-11-02 09:37:27.070,4.797,5000
2020-11-02 09:37:27.220,4.798,900
2020-11-02 09:37:27.220,4.798,100
2020-11-02 09:37:27.690,4.797,100
2020-11-02 09:37:28.260,4.798,2200
2020-11-02 09:37:28.260,4.798,500
2020-11-02 09:37:28.260,4.798,200
2020-11-02 09:37:28.260,4.798,300
2020-11-02 09:37:28.260,4.798,700
2020-11-02 09:37:28.260,4.798,500
2020-11-02 09:37:28.260,4.798,2000
2020-11-02 09:37:28.260,4.798,5000
2020-11-02 09:37:28.260,4.798,700
2020-11-02 09:37:28.290,4.797,1000
2020-11-02 09:37:28.390,4.797,4000
2020-11-02 09:37:28.740,4.797,10000
2020-11-02 09:37:28.740,4.797,6300
2020-11-02 09:37:28.820,4.797,1000
2020-11-02 09:37:28.860,4.797,2900
2020-11-02 09:37:29.420,4.797,6000
2020-11-02 09:37:29.730,4.797,300
2020-11-02 09:37:29.850,4.797,45000
2020-11-02 09:37:30.220,4.797,400
2020-11-02 09:37:30.220,4.798,1000
2020-11-02 09:37:30.560,4.797,30000
2020-11-02 09:37:30.620,4.797,5000
2020-11-02 09:37:30.910,4.798,800
2020-11-02 09:37:31.190,4.797,200
2020-11-02 09:37:31.360,4.797,5100
2020-11-02 09:37:31.480,4.797,500
2020-11-02 09:37:31.830,4.797,1000
2020-11-02 09:37:32.350,4.797,7300
2020-11-02 09:37:32.350,4.797,100
2020-11-02 09:37:32.350,4.797,400
2020-11-02 09:37:32.350,4.797,2000
2020-11-02 09:37:32.350,4.797,200
2020-11-02 09:37:32.410,4.797,4900
2020-11-02 09:37:33.020,4.797,100
2020-11-02 09:37:33.270,4.797,5400
2020-11-02 09:37:33.390,4.798,100
2020-11-02 09:37:33.600,4.797,2100
2020-11-02 09:37:33.600,4.797,12900
2020-11-02 09:37:33.810,4.797,21000
2020-11-02 09:37:33.960,4.797,1500
2020-11-02 09:37:33.960,4.797,60000
2020-11-02 09:37:33.980,4.797,10000
2020-11-02 09:37:33.980,4.797,70100
2020-11-02 09:37:33.980,4.797,100
2020-11-02 09:37:33.980,4.797,54900
2020-11-02 09:37:34.010,4.797,100
2020-11-02 09:37:34.610,4.796,1000
2020-11-02 09:37:34.610,4.796,4000
2020-11-02 09:37:36.190,4.797,3000
2020-11-02 09:37:36.220,4.797,1000
2020-11-02 09:37:36.330,4.797,200
2020-11-02 09:37:36.540,4.796,1000
2020-11-02 09:37:36.540,4.796,400
2020-11-02 09:37:36.540,4.796,3600
2020-11-02 09:37:37.790,4.796,2000
2020-11-02 09:37:37.850,4.796,3400
2020-11-02 09:37:37.850,4.796,1000
2020-11-02 09:37:37.850,4.796,5600
2020-11-02 09:37:38.820,4.797,600
2020-11-02 09:37:39.120,4.797,100
2020-11-02 09:37:39.120,4.797,1700
2020-11-02 09:37:39.150,4.797,100
2020-11-02 09:37:40.370,4.796,100
2020-11-02 09:37:41.360,4.796,400
2020-11-02 09:37:41.360,4.796,8200
2020-11-02 09:37:41.360,4.796,700
2020-11-02 09:37:41.360,4.796,200
2020-11-02 09:37:41.360,4.796,400
2020-11-02 09:37:41.460,4.796,200
2020-11-02 09:37:41.670,4.797,500
2020-11-02 09:37:42.090,4.797,1100
2020-11-02 09:37:42.090,4.797,3400
2020-11-02 09:37:42.830,4.796,100
2020-11-02 09:37:43.740,4.797,400
2020-11-02 09:37:44.010,4.796,300
2020-11-02 09:37:44.010,4.796,1200
2020-11-02 09:37:44.100,4.796,300
2020-11-02 09:37:44.190,4.796,500
2020-11-02 09:37:44.400,4.797,2000
2020-11-02 09:37:45.260,4.796,1000
2020-11-02 09:37:45.380,4.796,2000
2020-11-02 09:37:45.920,4.796,8000
2020-11-02 09:37:45.920,4.796,103200
2020-11-02 09:37:46.320,4.796,3000
2020-11-02 09:37:48.270,4.796,200
2020-11-02 09:37:48.510,4.796,900
2020-11-02 09:37:48.760,4.795,1100
2020-11-02 09:37:48.760,4.795,9300
2020-11-02 09:37:49.220,4.796,100
2020-11-02 09:37:49.380,4.796,100
2020-11-02 09:37:49.380,4.796,100
2020-11-02 09:37:49.380,4.796,40000
2020-11-02 09:37:49.380,4.796,200
2020-11-02 09:37:49.380,4.796,1000
2020-11-02 09:37:49.380,4.796,20000
2020-11-02 09:37:49.380,4.796,100
2020-11-02 09:37:49.380,4.796,78500
2020-11-02 09:37:49.560,4.795,5000
2020-11-02 09:37:49.920,4.796,41200
2020-11-02 09:37:50.230,4.796,500
2020-11-02 09:37:50.380,4.796,100
2020-11-02 09:37:50.940,4.795,700
2020-11-02 09:37:50.940,4.795,100
2020-11-02 09:37:50.940,4.795,5000
2020-11-02 09:37:50.940,4.795,2700
2020-11-02 09:37:51.150,4.795,5000
2020-11-02 09:37:51.270,4.796,300
2020-11-02 09:37:51.420,4.796,48700
2020-11-02 09:37:52.380,4.796,14000
2020-11-02 09:37:52.380,4.796,300
2020-11-02 09:37:52.380,4.796,5000
2020-11-02 09:37:52.380,4.796,2000
2020-11-02 09:37:52.380,4.796,300
2020-11-02 09:37:52.380,4.796,5000
2020-11-02 09:37:52.380,4.796,13400
2020-11-02 09:37:52.460,4.796,100000
2020-11-02 09:37:52.500,4.796,77400
2020-11-02 09:37:52.500,4.796,12500
2020-11-02 09:37:52.500,4.796,10000
2020-11-02 09:37:52.500,4.796,5000
2020-11-02 09:37:52.500,4.796,69000
2020-11-02 09:37:52.500,4.796,20000
2020-11-02 09:37:52.500,4.796,3000
2020-11-02 09:37:52.500,4.797,14200
2020-11-02 09:37:52.500,4.797,20000
2020-11-02 09:37:52.500,4.797,3000
2020-11-02 09:37:52.500,4.797,34900
2020-11-02 09:37:52.500,4.797,100
2020-11-02 09:37:52.500,4.797,5000
2020-11-02 09:37:52.500,4.797,100
2020-11-02 09:37:52.500,4.797,20600
2020-11-02 09:37:52.500,4.797,10000
2020-11-02 09:37:52.500,4.797,2500
2020-11-02 09:37:52.500,4.797,4000
2020-11-02 09:37:52.500,4.797,1100
2020-11-02 09:37:52.500,4.797,5000
2020-11-02 09:37:52.500,4.797,6000
2020-11-02 09:37:52.500,4.797,3000
2020-11-02 09:37:52.500,4.797,100
2020-11-02 09:37:52.500,4.797,2000
2020-11-02 09:37:52.500,4.797,5000
2020-11-02 09:37:52.500,4.797,8900
2020-11-02 09:37:52.500,4.797,100
2020-11-02 09:37:52.500,4.797,10000
2020-11-02 09:37:52.500,4.797,2000
2020-11-02 09:37:52.500,4.797,12900
2020-11-02 09:37:52.500,4.797,5000
2020-11-02 09:37:52.500,4.797,1000
2020-11-02 09:37:52.500,4.797,2100
2020-11-02 09:37:52.500,4.797,12000
2020-11-02 09:37:52.500,4.797,5000
2020-11-02 09:37:52.500,4.797,2200
2020-11-02 09:37:52.500,4.797,102200
2020-11-02 09:37:52.830,4.797,200
2020-11-02 09:37:53.280,4.796,1300
2020-11-02 09:37:53.660,4.796,5000
