ExChangeId,ChannelNo,SeqNo,SecurityID,Trade2_Order1,TradeDate,UpdateTime,Price,Volume,TrdMoney,OrdSide,OrdType,TrdBSFlag,TrdBuyNo,TrdSellNo
1,1,4320,510360,2,20201102,92500470,1.584000,3200,5068.800000,-,-,N,21408,127766
1,1,21652,510360,2,20201102,93000580,1.584000,3500,5544.000000,-,-,B,138144,127766
1,1,34388,510360,2,20201102,93003330,1.584000,493300,781387.200000,-,-,B,175397,127766
1,1,34389,510360,2,20201102,93003330,1.585000,406700,644619.500000,-,-,B,175397,132871
1,1,45571,510360,2,20201102,93007020,1.585000,93300,147880.500000,-,-,B,207080,132871
1,1,45572,510360,2,20201102,93007020,1.585000,6800,10778.000000,-,-,B,207080,177831
1,1,52057,510360,2,20201102,93015030,1.588000,6800,10798.400000,-,-,S,217612,220279
1,1,63364,510360,2,20201102,93028980,1.589000,300,476.700000,-,-,B,240652,162991
1,1,65105,510360,2,20201102,93031450,1.589000,200,317.800000,-,-,B,243915,162991
1,1,100381,510360,2,20201102,93114930,1.590000,300,477.000000,-,-,B,300808,285683
1,1,109670,510360,2,20201102,93127270,1.590000,100,159.000000,-,-,B,316329,285683
1,1,110795,510360,2,20201102,93128800,1.590000,16100,25599.000000,-,-,B,318185,285683
1,1,112450,510360,2,20201102,93131140,1.591000,1900,3022.900000,-,-,B,321092,55171
1,1,142158,510360,2,20201102,93213980,1.591000,800,1272.800000,-,-,B,370838,55171
1,1,201205,510360,2,20201102,93345550,1.591000,700,1113.700000,-,-,B,470346,55171
1,1,201885,510360,2,20201102,93346820,1.591000,700,1113.700000,-,-,B,471529,55171
1,1,202661,510360,2,20201102,93348500,1.591000,700,1113.700000,-,-,B,472997,55171
1,1,202910,510360,2,20201102,93348940,1.591000,5200,8273.200000,-,-,B,473343,55171
1,1,203434,510360,2,20201102,93350020,1.592000,500,796.000000,-,-,B,474342,314202
1,1,249760,510360,2,20201102,93515000,1.593000,200,318.600000,-,-,B,551327,435634
1,1,254481,510360,2,20201102,93521360,1.593000,18600,29629.800000,-,-,B,558032,435634
1,1,254482,510360,2,20201102,93521360,1.593000,100,159.300000,-,-,B,558032,553959
1,1,254763,510360,2,20201102,93521810,1.593000,800,1274.400000,-,-,S,558032,558505
1,1,293364,510360,2,20201102,93627750,1.595000,800,1276.000000,-,-,B,619859,36687
1,1,322529,510360,2,20201102,93723450,1.595000,9200,14674.000000,-,-,B,670178,36687
1,1,322530,510360,2,20201102,93723450,1.595000,500,797.500000,-,-,B,670178,394630
1,1,415176,510360,2,20201102,94023250,1.596000,7800,12448.800000,-,-,S,808599,823294
1,1,419672,510360,2,20201102,94031190,1.596000,600,957.600000,-,-,S,830277,830369
1,1,431600,510360,2,20201102,94052470,1.597000,500,798.500000,-,-,S,848459,849019
1,1,467827,510360,2,20201102,94208680,1.595000,2000,3190.000000,-,-,S,900088,909228
1,1,496238,510360,2,20201102,94314950,1.595000,872900,1392275.500000,-,-,B,957571,918501
1,1,502651,510360,2,20201102,94331150,1.593000,500,796.500000,-,-,S,951085,968989
1,1,518142,510360,2,20201102,94410410,1.593000,500,796.500000,-,-,S,988818,995157
1,1,520427,510360,2,20201102,94415640,1.593000,100,159.300000,-,-,S,991294,998786
1,1,522710,510360,2,20201102,94421190,1.594000,100,159.400000,-,-,S,1001552,1002683
1,1,541057,510360,2,20201102,94503570,1.594000,3400,5419.600000,-,-,S,1001552,1032763
1,1,541058,510360,2,20201102,94503570,1.593000,17200,27399.600000,-,-,S,991294,1032763
1,1,551404,510360,2,20201102,94524030,1.594000,9100,14505.400000,-,-,S,1044109,1049604
1,1,577299,510360,2,20201102,94620220,1.593000,100,159.300000,-,-,S,1088293,1091514
1,1,592817,510360,2,20201102,94654210,1.593000,100,159.300000,-,-,S,1114923,1115153
1,1,600109,510360,2,20201102,94711600,1.595000,100,159.500000,-,-,B,1126711,918501
1,1,629606,510360,2,20201102,94825410,1.593000,1000,1593.000000,-,-,S,1136540,1174521
1,1,630928,510360,2,20201102,94828440,1.593000,77500,123457.500000,-,-,B,1176437,1174521
1,1,670016,510360,2,20201102,95003820,1.595000,27000,43065.000000,-,-,B,1235957,918501
1,1,670017,510360,2,20201102,95003820,1.595000,100000,159500.000000,-,-,B,1235957,918502
1,1,670018,510360,2,20201102,95003820,1.595000,73000,116435.000000,-,-,B,1235957,946663
1,1,670166,510360,2,20201102,95004130,1.595000,27000,43065.000000,-,-,B,1236239,946663
1,1,670640,510360,2,20201102,95004820,1.595000,110000,175450.000000,-,-,B,1236998,946663
1,1,670641,510360,2,20201102,95004820,1.595000,5000,7975.000000,-,-,B,1236998,953399
1,1,670642,510360,2,20201102,95004820,1.595000,10000,15950.000000,-,-,B,1236998,1035538
1,1,670643,510360,2,20201102,95004820,1.595000,3500,5582.500000,-,-,B,1236998,1051256
1,1,670644,510360,2,20201102,95004820,1.595000,5000,7975.000000,-,-,B,1236998,1178989
1,1,670645,510360,2,20201102,95004820,1.595000,3000,4785.000000,-,-,B,1236998,1187273
1,1,670646,510360,2,20201102,95004820,1.595000,5000,7975.000000,-,-,B,1236998,1233162
1,1,671058,510360,2,20201102,95005760,1.595000,9400,14993.000000,-,-,S,1236998,1237699
1,1,683811,510360,2,20201102,95033020,1.596000,10000,15960.000000,-,-,B,1258640,921282
1,1,683812,510360,2,20201102,95033020,1.596000,10000,15960.000000,-,-,B,1258640,927517
1,1,683813,510360,2,20201102,95033020,1.596000,3000,4788.000000,-,-,B,1258640,1169975
1,1,690157,510360,2,20201102,95046510,1.597000,500,798.500000,-,-,B,1268521,883550
1,1,690158,510360,2,20201102,95046510,1.597000,1500,2395.500000,-,-,B,1268521,1176878
1,1,799251,510360,2,20201102,95604070,1.597000,1500,2395.500000,-,-,B,1451296,1176878
1,1,799252,510360,2,20201102,95604070,1.597000,1300,2076.100000,-,-,B,1451296,1304163
1,1,821756,510360,2,20201102,95713590,1.595000,6100,9729.500000,-,-,S,1431077,1488290
1,1,821757,510360,2,20201102,95713590,1.595000,10000,15950.000000,-,-,S,1440968,1488290
1,1,828563,510360,2,20201102,95735500,1.595000,1000,1595.000000,-,-,B,1499492,1495063
1,1,935684,510360,2,20201102,100151160,1.595000,67400,107503.000000,-,-,S,1624454,1656948
1,1,938612,510360,2,20201102,100157510,1.595000,300,478.500000,-,-,S,1624454,1661203
1,1,1037998,510360,2,20201102,100537140,1.593000,1000,1593.000000,-,-,B,1814156,1790666
1,1,1058803,510360,2,20201102,100622200,1.592000,15700,24994.400000,-,-,B,1845273,1840710
1,1,1061114,510360,2,20201102,100627840,1.591000,100,159.100000,-,-,S,788732,1849213
1,1,1072242,510360,2,20201102,100654040,1.590000,100,159.000000,-,-,S,1166249,1867520
1,1,1072875,510360,2,20201102,100655440,1.590000,1900,3021.000000,-,-,B,1868394,1867520
1,1,1073997,510360,2,20201102,100658460,1.590000,3900,6201.000000,-,-,B,1870325,1869831
1,1,1085597,510360,2,20201102,100727720,1.590000,7900,12561.000000,-,-,S,1874645,1889422
1,1,1096314,510360,2,20201102,100757500,1.590000,5000,7950.000000,-,-,S,1889538,1906333
1,1,1108301,510360,2,20201102,100827450,1.589000,7800,12394.200000,-,-,S,1790665,1924571
1,1,1120297,510360,2,20201102,100858360,1.588000,7300,11592.400000,-,-,S,1912869,1941455
1,1,1131913,510360,2,20201102,100928320,1.588000,6300,10004.400000,-,-,S,1912869,1958956
1,1,1144423,510360,2,20201102,100958160,1.588000,7900,12545.200000,-,-,S,1967095,1976800
1,1,1149569,510360,2,20201102,101006140,1.588000,42100,66854.800000,-,-,S,1967095,1984115
1,1,1158522,510360,2,20201102,101020040,1.588000,50000,79400.000000,-,-,B,1996750,1984115
1,1,1158835,510360,2,20201102,101020720,1.588000,50000,79400.000000,-,-,B,1997226,1984115
1,1,1159223,510360,2,20201102,101021470,1.588000,112800,179126.400000,-,-,B,1997838,1984115
1,1,1163551,510360,2,20201102,101028170,1.588000,6000,9528.000000,-,-,S,1997838,2004489
1,1,1171740,510360,2,20201102,101045300,1.588000,50000,79400.000000,-,-,S,2010488,2018044
1,1,1171741,510360,2,20201102,101045300,1.588000,50000,79400.000000,-,-,S,2011027,2018044
1,1,1171742,510360,2,20201102,101045300,1.588000,50000,79400.000000,-,-,S,2011345,2018044
1,1,1173659,510360,2,20201102,101050810,1.588000,50000,79400.000000,-,-,B,2021598,2018044
1,1,1173774,510360,2,20201102,101051330,1.588000,35700,56691.600000,-,-,B,2021878,2018044
1,1,1176094,510360,2,20201102,101058100,1.588000,9600,15244.800000,-,-,S,2021878,2026260
1,1,1187161,510360,2,20201102,101128070,1.588000,4700,7463.600000,-,-,S,2021878,2044802
1,1,1187162,510360,2,20201102,101128070,1.588000,1000,1588.000000,-,-,S,2022170,2044802
1,1,1196863,510360,2,20201102,101157910,1.588000,3800,6034.400000,-,-,S,2022170,2061077
1,1,1200703,510360,2,20201102,101210560,1.589000,1000,1589.000000,-,-,B,2067677,2065623
1,1,1205017,510360,2,20201102,101223980,1.588000,31400,49863.200000,-,-,S,2022170,2074969
1,1,1205018,510360,2,20201102,101223980,1.588000,3000,4764.000000,-,-,S,2029307,2074969
1,1,1205019,510360,2,20201102,101223980,1.588000,5000,7940.000000,-,-,S,2045547,2074969
1,1,1205020,510360,2,20201102,101223980,1.588000,13800,21914.400000,-,-,S,2050351,2074969
1,1,1215191,510360,2,20201102,101257820,1.587000,500,793.500000,-,-,S,1774108,2092281
1,1,1225579,510360,2,20201102,101327780,1.586000,9300,14749.800000,-,-,S,2106696,2107556
1,1,1235026,510360,2,20201102,101357660,1.585000,10000,15850.000000,-,-,S,2056192,2121874
1,1,1245676,510360,2,20201102,101427560,1.586000,7500,11895.000000,-,-,S,2133559,2137629
1,1,1254703,510360,2,20201102,101459020,1.586000,9300,14749.800000,-,-,B,2152199,2151857
1,1,1264858,510360,2,20201102,101528570,1.586000,7500,11895.000000,-,-,S,2155157,2167866
1,1,1274575,510360,2,20201102,101558420,1.586000,7800,12370.800000,-,-,S,2155157,2182830
1,1,1283384,510360,2,20201102,101627270,1.588000,500,794.000000,-,-,B,2197308,2097070
1,1,1284061,510360,2,20201102,101628420,1.586000,6000,9516.000000,-,-,S,2155157,2197973
1,1,1292264,510360,2,20201102,101658260,1.586000,4300,6819.800000,-,-,S,2211231,2211389
1,1,1300957,510360,2,20201102,101728310,1.586000,10100,16018.600000,-,-,S,2224859,2225888
1,1,1310348,510360,2,20201102,101758030,1.586000,8000,12688.000000,-,-,S,2224859,2240100
1,1,1321368,510360,2,20201102,101828030,1.585000,5200,8242.000000,-,-,S,2056192,2255690
1,1,1330633,510360,2,20201102,101856630,1.585000,18200,28847.000000,-,-,S,2056192,2269546
1,1,1331086,510360,2,20201102,101858120,1.585000,7000,11095.000000,-,-,S,2056192,2270170
1,1,1333515,510360,2,20201102,101904980,1.585000,39400,62449.000000,-,-,S,2056192,2273883
1,1,1333516,510360,2,20201102,101904980,1.585000,26600,42161.000000,-,-,S,2101370,2273883
1,1,1333517,510360,2,20201102,101904980,1.585000,3000,4755.000000,-,-,S,2110421,2273883
1,1,1342177,510360,2,20201102,101928130,1.584000,500,792.000000,-,-,S,1768324,2286066
1,1,1342178,510360,2,20201102,101928130,1.584000,8200,12988.800000,-,-,S,2273906,2286066
1,1,1352781,510360,2,20201102,101958140,1.584000,6700,10612.800000,-,-,S,2273906,2301447
1,1,1361202,510360,2,20201102,102014280,1.585000,150000,237750.000000,-,-,S,2305833,2313927
1,1,1361203,510360,2,20201102,102014280,1.585000,350000,554750.000000,-,-,S,2311827,2313927
1,1,1367749,510360,2,20201102,102027970,1.584000,10000,15840.000000,-,-,S,2317946,2323774
1,1,1376039,510360,2,20201102,102057910,1.585000,9900,15691.500000,-,-,S,2335927,2338674
1,1,1382141,510360,2,20201102,102118260,1.587000,5100,8093.700000,-,-,B,2348759,2345286
1,1,1384743,510360,2,20201102,102127920,1.585000,6700,10619.500000,-,-,S,2339383,2353127
1,1,1392576,510360,2,20201102,102158140,1.585000,9900,15691.500000,-,-,S,2339383,2366516
1,1,1400953,510360,2,20201102,102228680,1.585000,8000,12680.000000,-,-,S,2339383,2380482
1,1,1408632,510360,2,20201102,102256740,1.588000,10000,15880.000000,-,-,B,2392905,2317947
1,1,1409539,510360,2,20201102,102258800,1.586000,8100,12846.600000,-,-,S,2387420,2394255
1,1,1419167,510360,2,20201102,102328610,1.586000,10400,16494.400000,-,-,S,2400114,2409090
1,1,1428535,510360,2,20201102,102358530,1.588000,5100,8098.800000,-,-,S,2422313,2423060
1,1,1437304,510360,2,20201102,102428320,1.588000,8600,13656.800000,-,-,S,2433311,2437236
1,1,1445221,510360,2,20201102,102458370,1.588000,7300,11592.400000,-,-,S,2433311,2450308
1,1,1452760,510360,2,20201102,102528360,1.589000,8200,13029.800000,-,-,S,2463141,2463686
1,1,1459575,510360,2,20201102,102558390,1.589000,7900,12553.100000,-,-,S,2465893,2475427
1,1,1467049,510360,2,20201102,102628140,1.589000,10400,16525.600000,-,-,S,2465893,2487834
1,1,1473756,510360,2,20201102,102658660,1.590000,5000,7950.000000,-,-,B,2498821,2498689
1,1,1480170,510360,2,20201102,102728050,1.590000,3500,5565.000000,-,-,S,2501417,2509879
1,1,1486582,510360,2,20201102,102758090,1.590000,8800,13992.000000,-,-,S,2517413,2520675
1,1,1494023,510360,2,20201102,102828860,1.591000,4600,7318.600000,-,-,S,2521924,2532289
1,1,1501409,510360,2,20201102,102858790,1.591000,8500,13523.500000,-,-,S,2521924,2543933
1,1,1504978,510360,2,20201102,102913030,1.591000,5300,8432.300000,-,-,S,2521924,2549195
1,1,1508381,510360,2,20201102,102928740,1.590000,3800,6042.000000,-,-,S,2534772,2554793
1,1,1515063,510360,2,20201102,102958710,1.589000,6100,9692.900000,-,-,S,2465893,2565329
1,1,1527354,510360,2,20201102,103028660,1.588000,3500,5558.000000,-,-,S,2558832,2583648
1,1,1535874,510360,2,20201102,103058520,1.588000,7600,12068.800000,-,-,S,2597170,2597412
1,1,1545489,510360,2,20201102,103128560,1.588000,4900,7781.200000,-,-,S,2597170,2612029
1,1,1553026,510360,2,20201102,103158520,1.588000,4300,6828.400000,-,-,S,2597170,2624325
1,1,1560198,510360,2,20201102,103228430,1.588000,6400,10163.200000,-,-,S,2597170,2635774
1,1,1566282,510360,2,20201102,103258330,1.588000,4000,6352.000000,-,-,S,2597170,2646094
1,1,1572596,510360,2,20201102,103328260,1.588000,8400,13339.200000,-,-,S,2597170,2656430
1,1,1578292,510360,2,20201102,103358150,1.588000,5100,8098.800000,-,-,S,2597170,2666042
1,1,1586749,510360,2,20201102,103429010,1.588000,4600,7304.800000,-,-,S,2597170,2679090
1,1,1594044,510360,2,20201102,103459040,1.589000,10200,16207.800000,-,-,S,2682585,2690609
1,1,1600624,510360,2,20201102,103529000,1.589000,7800,12394.200000,-,-,S,2682585,2702131
1,1,1607070,510360,2,20201102,103559010,1.590000,8500,13515.000000,-,-,S,2712943,2713116
1,1,1611688,510360,2,20201102,103620020,1.590000,141500,224985.000000,-,-,S,2712943,2721023
1,1,1613509,510360,2,20201102,103628770,1.589000,10300,16366.700000,-,-,S,2682585,2724111
1,1,1619065,510360,2,20201102,103658890,1.589000,8000,12712.000000,-,-,S,2682585,2733576
1,1,1624874,510360,2,20201102,103728700,1.589000,10200,16207.800000,-,-,S,2682585,2743548
1,1,1630792,510360,2,20201102,103758640,1.589000,4100,6514.900000,-,-,S,2738092,2752498
1,1,1637001,510360,2,20201102,103828600,1.589000,5200,8262.800000,-,-,S,2738092,2762177
1,1,1637229,510360,2,20201102,103829990,1.589000,20700,32892.300000,-,-,S,2738092,2762616
1,1,1642859,510360,2,20201102,103854990,1.588000,5000,7940.000000,-,-,S,2617422,2771342
1,1,1650358,510360,2,20201102,103928340,1.587000,8900,14124.300000,-,-,S,2759509,2783302
1,1,1656459,510360,2,20201102,103958480,1.587000,5500,8728.500000,-,-,S,2786142,2792845
1,1,1661045,510360,2,20201102,104011510,1.587000,38800,61575.600000,-,-,S,2786142,2799610
1,1,1666484,510360,2,20201102,104028210,1.586000,3600,5709.600000,-,-,S,2583684,2807099
1,1,1667036,510360,2,20201102,104030670,1.588000,1200,1905.600000,-,-,B,2808095,2804854
1,1,1674474,510360,2,20201102,104058220,1.587000,10400,16504.800000,-,-,S,2811707,2819833
1,1,1681338,510360,2,20201102,104129190,1.587000,8000,12696.000000,-,-,S,2811707,2830788
1,1,1687989,510360,2,20201102,104159140,1.587000,9200,14600.400000,-,-,S,2833408,2840894
1,1,1695036,510360,2,20201102,104228970,1.588000,5500,8734.000000,-,-,S,2851406,2851976
1,1,1703374,510360,2,20201102,104259030,1.590000,4000,6360.000000,-,-,S,2864564,2865178
1,1,1710370,510360,2,20201102,104328880,1.590000,4000,6360.000000,-,-,S,2865135,2876574
1,1,1716060,510360,2,20201102,104359000,1.590000,9300,14787.000000,-,-,S,2865135,2886572
1,1,1722389,510360,2,20201102,104428690,1.590000,6100,9699.000000,-,-,S,2865135,2896781
1,1,1727951,510360,2,20201102,104458640,1.590000,3900,6201.000000,-,-,S,2865135,2905996
1,1,1734521,510360,2,20201102,104528520,1.589000,5900,9375.100000,-,-,S,2914648,2916746
1,1,1740265,510360,2,20201102,104558650,1.589000,3600,5720.400000,-,-,S,2914648,2926037
1,1,1745754,510360,2,20201102,104628450,1.588000,5700,9051.600000,-,-,S,2894050,2935172
1,1,1751531,510360,2,20201102,104658500,1.588000,8700,13815.600000,-,-,S,2894050,2944676
1,1,1757954,510360,2,20201102,104732080,1.588000,3900,6193.200000,-,-,B,2954452,2953713
1,1,1762497,510360,2,20201102,104759400,1.588000,8300,13180.400000,-,-,S,2961803,2962237
1,1,1765930,510360,2,20201102,104818570,1.588000,30000,47640.000000,-,-,S,2967875,2967943
1,1,1768366,510360,2,20201102,104829160,1.587000,5000,7935.000000,-,-,S,2853631,2971275
1,1,1768367,510360,2,20201102,104829160,1.587000,100,158.700000,-,-,S,2854628,2971275
1,1,1768368,510360,2,20201102,104829160,1.587000,1500,2380.500000,-,-,S,2890009,2971275
1,1,1768369,510360,2,20201102,104829160,1.587000,200,317.400000,-,-,S,2904647,2971275
1,1,1768370,510360,2,20201102,104829160,1.587000,1100,1745.700000,-,-,S,2926323,2971275
1,1,1770934,510360,2,20201102,104842010,1.587000,198900,315654.300000,-,-,S,2926323,2975037
1,1,1770935,510360,2,20201102,104842010,1.587000,200,317.400000,-,-,S,2953439,2975037
1,1,1770936,510360,2,20201102,104842010,1.587000,1100,1745.700000,-,-,S,2971373,2975037
1,1,1773987,510360,2,20201102,104859150,1.586000,10000,15860.000000,-,-,S,2583684,2979885
1,1,1779606,510360,2,20201102,104929120,1.587000,4200,6665.400000,-,-,S,2979972,2988951
1,1,1784981,510360,2,20201102,104959250,1.587000,5500,8728.500000,-,-,S,2979972,2997691
1,1,1794353,510360,2,20201102,105029020,1.588000,8800,13974.400000,-,-,S,3010945,3011263
1,1,1801103,510360,2,20201102,105058970,1.587000,4000,6348.000000,-,-,S,3007527,3022137
1,1,1806809,510360,2,20201102,105128800,1.588000,4400,6987.200000,-,-,S,3024365,3031973
1,1,1807594,510360,2,20201102,105132510,1.588000,25600,40652.800000,-,-,S,3024365,3033255
1,1,1810557,510360,2,20201102,105148900,1.587000,100,158.700000,-,-,S,3007527,3038041
1,1,1812462,510360,2,20201102,105158760,1.587000,7500,11902.500000,-,-,S,3007527,3041218
1,1,1817548,510360,2,20201102,105226510,1.588000,30000,47640.000000,-,-,S,3041894,3049309
1,1,1824906,510360,2,20201102,105258650,1.587000,4400,6982.800000,-,-,S,3057234,3060243
1,1,1830721,510360,2,20201102,105329480,1.587000,10100,16028.700000,-,-,S,3057234,3069291
1,1,1836334,510360,2,20201102,105359490,1.587000,6500,10315.500000,-,-,S,3057234,3077647
1,1,1837962,510360,2,20201102,105407630,1.588000,600,952.800000,-,-,B,3080241,3061592
1,1,1842867,510360,2,20201102,105429380,1.587000,8000,12696.000000,-,-,S,3057234,3086915
1,1,1848984,510360,2,20201102,105459400,1.587000,1000,1587.000000,-,-,S,3057234,3096057
1,1,1848985,510360,2,20201102,105459400,1.587000,4300,6824.100000,-,-,S,3091692,3096057
1,1,1849809,510360,2,20201102,105504020,1.587000,25700,40785.900000,-,-,S,3091692,3097357
1,1,1854660,510360,2,20201102,105529290,1.586000,6700,10626.200000,-,-,S,2583684,3104736
1,1,1860841,510360,2,20201102,105559190,1.586000,7700,12212.200000,-,-,S,2583684,3113461
1,1,1868784,510360,2,20201102,105629380,1.586000,6900,10943.400000,-,-,S,2583684,3123213
1,1,1871480,510360,2,20201102,105638010,1.586000,36300,57571.800000,-,-,S,2583684,3126269
1,1,1871481,510360,2,20201102,105638010,1.586000,100,158.600000,-,-,S,2977937,3126269
1,1,1871482,510360,2,20201102,105638010,1.586000,2900,4599.400000,-,-,S,3100154,3126269
1,1,1873836,510360,2,20201102,105648100,1.585000,5000,7925.000000,-,-,S,2357184,3129717
1,1,1873837,510360,2,20201102,105648100,1.585000,10000,15850.000000,-,-,S,2438976,3129717
1,1,1877001,510360,2,20201102,105659160,1.584000,600,950.400000,-,-,S,2708201,3134187
1,1,1882882,510360,2,20201102,105717990,1.584000,1000,1584.000000,-,-,B,3141628,3134187
1,1,1883076,510360,2,20201102,105718980,1.584000,4200,6652.800000,-,-,B,3142005,3134187
1,1,1885902,510360,2,20201102,105729210,1.584000,8600,13622.400000,-,-,S,3142005,3145899
1,1,1893782,510360,2,20201102,105759220,1.584000,4800,7603.200000,-,-,S,3150102,3157773
1,1,1902602,510360,2,20201102,105837550,1.584000,8400,13305.600000,-,-,B,3170606,3167851
1,1,1907111,510360,2,20201102,105858890,1.583000,2000,3166.000000,-,-,S,156752,3177410
1,1,1907112,510360,2,20201102,105858890,1.583000,8200,12980.600000,-,-,S,3117477,3177410
1,1,1913722,510360,2,20201102,105929100,1.583000,9100,14405.300000,-,-,S,3117477,3187448
1,1,1921492,510360,2,20201102,110000040,1.584000,8900,14097.600000,-,-,B,3199581,3199184
1,1,1931985,510360,2,20201102,110029020,1.585000,5500,8717.500000,-,-,S,3215766,3217029
1,1,1939622,510360,2,20201102,110059700,1.586000,3600,5709.600000,-,-,S,3226179,3229667
1,1,1946393,510360,2,20201102,110129710,1.587000,6900,10950.300000,-,-,S,3230993,3240688
1,1,1952978,510360,2,20201102,110159560,1.587000,4900,7776.300000,-,-,S,3230993,3250892
1,1,1959780,510360,2,20201102,110229630,1.587000,5300,8411.100000,-,-,S,3230993,3261404
1,1,1965883,510360,2,20201102,110259550,1.587000,4100,6506.700000,-,-,S,3230993,3270777
1,1,1967007,510360,2,20201102,110305770,1.588000,100,158.800000,-,-,B,3272801,3061592
1,1,1969656,510360,2,20201102,110319010,1.588000,200,317.600000,-,-,B,3276874,3061592
1,1,1970111,510360,2,20201102,110320540,1.587000,8800,13965.600000,-,-,S,3230993,3277570
1,1,1972387,510360,2,20201102,110329390,1.585000,3500,5547.500000,-,-,S,3215766,3280822
1,1,1978907,510360,2,20201102,110359320,1.584000,7100,11246.400000,-,-,S,3260393,3291066
1,1,1984271,510360,2,20201102,110429290,1.584000,3700,5860.800000,-,-,S,3260393,3300071
1,1,1990017,510360,2,20201102,110459380,1.585000,3900,6181.500000,-,-,S,3306872,3308914
1,1,1995132,510360,2,20201102,110529110,1.584000,9100,14414.400000,-,-,S,3260393,3317555
1,1,1999848,510360,2,20201102,110558920,1.584000,3700,5860.800000,-,-,S,3260393,3325562
1,1,2004902,510360,2,20201102,110629190,1.584000,6200,9820.800000,-,-,S,3260393,3334232
1,1,2011315,510360,2,20201102,110659810,1.585000,5800,9193.000000,-,-,S,3342587,3343437
1,1,2016613,510360,2,20201102,110729880,1.585000,8300,13155.500000,-,-,S,3345641,3352247
1,1,2022834,510360,2,20201102,110759730,1.585000,4200,6657.000000,-,-,S,3345641,3361323
1,1,2028460,510360,2,20201102,110828490,1.585000,17500,27737.500000,-,-,S,3345641,3369874
1,1,2031771,510360,2,20201102,110844670,1.585000,8900,14106.500000,-,-,B,3374921,3370293
1,1,2031772,510360,2,20201102,110844670,1.585000,7100,11253.500000,-,-,B,3374921,3370661
1,1,2034535,510360,2,20201102,110859580,1.584000,400,633.600000,-,-,S,3343066,3379269
1,1,2034536,510360,2,20201102,110859580,1.584000,9000,14256.000000,-,-,S,3352158,3379269
1,1,2040069,510360,2,20201102,110929600,1.584000,3700,5860.800000,-,-,S,3352158,3388035
1,1,2045385,510360,2,20201102,110959510,1.584000,2800,4435.200000,-,-,S,3352158,3396383
1,1,2050284,510360,2,20201102,111014920,1.584000,7600,12038.400000,-,-,B,3404118,3396383
1,1,2050744,510360,2,20201102,111016570,1.584000,22400,35481.600000,-,-,S,3404118,3404829
1,1,2054044,510360,2,20201102,111029500,1.583000,8200,12980.600000,-,-,S,3168010,3409872
1,1,2060512,510360,2,20201102,111059400,1.583000,6100,9656.300000,-,-,S,3168010,3419561
1,1,2068424,510360,2,20201102,111129420,1.583000,8000,12664.000000,-,-,S,3168010,3431184
1,1,2068788,510360,2,20201102,111130630,1.583000,7700,12189.100000,-,-,S,3168010,3431761
1,1,2068789,510360,2,20201102,111130630,1.583000,100,158.300000,-,-,S,3178070,3431761
1,1,2068790,510360,2,20201102,111130630,1.583000,7200,11397.600000,-,-,S,3418712,3431761
1,1,2074984,510360,2,20201102,111159370,1.585000,400,634.000000,-,-,S,3436209,3442346
1,1,2080765,510360,2,20201102,111229260,1.584000,5600,8870.400000,-,-,S,3442400,3451779
1,1,2085929,510360,2,20201102,111300090,1.584000,10300,16315.200000,-,-,S,3442400,3460026
1,1,2094526,510360,2,20201102,111330090,1.586000,9400,14908.400000,-,-,S,3465069,3473218
1,1,2101368,510360,2,20201102,111400050,1.586000,5900,9357.400000,-,-,S,3482125,3483342
1,1,2107281,510360,2,20201102,111430000,1.586000,10200,16177.200000,-,-,S,3482125,3493337
1,1,2113056,510360,2,20201102,111500070,1.587000,5100,8093.700000,-,-,B,3502856,3502827
1,1,2119245,510360,2,20201102,111529870,1.586000,8900,14115.400000,-,-,S,3487477,3512694
1,1,2124774,510360,2,20201102,111559670,1.586000,9500,15067.000000,-,-,S,3487477,3521652
1,1,2129771,510360,2,20201102,111629850,1.586000,5200,8247.200000,-,-,S,3487477,3530746
1,1,2135426,510360,2,20201102,111659600,1.586000,3900,6185.400000,-,-,S,3487477,3539531
1,1,2139960,510360,2,20201102,111729670,1.586000,3900,6185.400000,-,-,S,3487477,3547674
1,1,2145024,510360,2,20201102,111759380,1.586000,7400,11736.400000,-,-,S,3487477,3555622
1,1,2150000,510360,2,20201102,111829440,1.586000,500,793.000000,-,-,S,3487477,3563822
1,1,2150001,510360,2,20201102,111829440,1.586000,3500,5551.000000,-,-,S,3516693,3563822
1,1,2154978,510360,2,20201102,111900260,1.587000,3800,6030.600000,-,-,S,3571939,3572226
1,1,2155027,510360,2,20201102,111900540,1.588000,5100,8098.800000,-,-,B,3572301,3061592
1,1,2161963,510360,2,20201102,111930330,1.589000,4500,7150.500000,-,-,S,3581623,3583170
1,1,2167801,510360,2,20201102,111959980,1.590000,500,795.000000,-,-,S,3589451,3592381
1,1,2174885,510360,2,20201102,112030210,1.589000,5100,8103.900000,-,-,S,3600215,3604132
1,1,2180580,510360,2,20201102,112059920,1.589000,8000,12712.000000,-,-,S,3612985,3613258
1,1,2187130,510360,2,20201102,112129940,1.590000,5000,7950.000000,-,-,S,3616269,3623948
1,1,2192240,510360,2,20201102,112159900,1.590000,3200,5088.000000,-,-,S,3631558,3632844
1,1,2192732,510360,2,20201102,112202630,1.590000,100,159.000000,-,-,B,3633649,3632844
1,1,2192806,510360,2,20201102,112203060,1.590000,1800,2862.000000,-,-,B,3633769,3632844
1,1,2197437,510360,2,20201102,112229780,1.590000,7200,11448.000000,-,-,S,3640215,3641371
1,1,2203038,510360,2,20201102,112259680,1.590000,5700,9063.000000,-,-,S,3648004,3649636
1,1,2205860,510360,2,20201102,112317110,1.590000,500,795.000000,-,-,S,3648004,3654293
1,1,2208097,510360,2,20201102,112329840,1.590000,3600,5724.000000,-,-,S,3648004,3657670
1,1,2208352,510360,2,20201102,112331480,1.592000,100,159.200000,-,-,B,3658055,2407913
1,1,2254254,510360,2,20201102,112824590,1.590000,50000,79500.000000,-,-,S,3724613,3731471
1,1,2275384,510360,2,20201102,130000530,1.591000,700,1113.700000,-,-,B,3762368,3741899
1,1,2280746,510360,2,20201102,130001560,1.589000,300,476.700000,-,-,S,3774084,3775638
1,1,2385884,510360,2,20201102,130821610,1.589000,200,317.800000,-,-,B,3951829,3942466
1,1,2468485,510360,2,20201102,131550210,1.590000,400,636.000000,-,-,S,4070129,4079822
1,1,2573744,510360,2,20201102,132335400,1.587000,600,952.200000,-,-,S,3792313,4237601
1,1,2573745,510360,2,20201102,132335400,1.587000,4400,6982.800000,-,-,S,4226222,4237601
1,1,2574853,510360,2,20201102,132339500,1.589000,1200,1906.800000,-,-,B,4238973,4231090
1,1,2647674,510360,2,20201102,132912600,1.589000,100,158.900000,-,-,B,4353142,4231090
1,1,2667226,510360,2,20201102,133018240,1.586000,200,317.200000,-,-,S,3556915,4382411
1,1,2667227,510360,2,20201102,133018240,1.586000,100,158.600000,-,-,S,3977329,4382411
1,1,2703109,510360,2,20201102,133204730,1.585000,8446,13386.910000,-,-,B,4436114,4433492
1,1,2712475,510360,2,20201102,133240180,1.585000,170254,269852.590000,-,-,S,4450950,4451424
1,1,2726708,510360,2,20201102,133342520,1.588000,7000,11116.000000,-,-,S,4475072,4475787
1,1,2845888,510360,2,20201102,134322770,1.590000,2000,3180.000000,-,-,S,4647983,4667254
1,1,2890172,510360,2,20201102,134657440,1.592000,400,636.800000,-,-,B,4733657,2407913
1,1,2890173,510360,2,20201102,134657440,1.592000,1200,1910.400000,-,-,B,4733657,2534804
1,1,2890174,510360,2,20201102,134657440,1.592000,1200,1910.400000,-,-,B,4733657,3658462
1,1,2890175,510360,2,20201102,134657440,1.592000,2300,3661.600000,-,-,B,4733657,4556090
1,1,2902330,510360,2,20201102,134759650,1.593000,500,796.500000,-,-,B,4754359,2700542
1,1,2902331,510360,2,20201102,134759650,1.593000,1200,1911.600000,-,-,B,4754359,4734746
1,1,2903957,510360,2,20201102,134807660,1.593000,100,159.300000,-,-,S,4756373,4756994
1,1,2917305,510360,2,20201102,134918260,1.594000,100,159.400000,-,-,S,4771293,4779707
1,1,2917306,510360,2,20201102,134918260,1.594000,200000,318800.000000,-,-,S,4775584,4779707
1,1,2917339,510360,2,20201102,134918510,1.594000,200000,318800.000000,-,-,B,4779775,4779707
1,1,2929750,510360,2,20201102,135013030,1.595000,500,797.500000,-,-,B,4798393,2412186
1,1,2943761,510360,2,20201102,135107240,1.595000,199500,318202.500000,-,-,S,4798393,4818231
1,1,2943762,510360,2,20201102,135107240,1.595000,500,797.500000,-,-,S,4798566,4818231
1,1,2943849,510360,2,20201102,135107550,1.595000,199500,318202.500000,-,-,B,4818325,4818231
1,1,2948434,510360,2,20201102,135125260,1.595000,100,159.500000,-,-,B,4825479,4825425
1,1,2953564,510360,2,20201102,135150230,1.595000,400,638.000000,-,-,S,4825479,4833715
1,1,2953684,510360,2,20201102,135150720,1.595000,200000,319000.000000,-,-,B,4833897,4833715
1,1,2968251,510360,2,20201102,135312350,1.594000,400,637.600000,-,-,S,4786654,4858880
1,1,2975820,510360,2,20201102,135355100,1.594000,10000,15940.000000,-,-,S,4786654,4870838
1,1,2985072,510360,2,20201102,135440030,1.595000,5500,8772.500000,-,-,S,4883965,4885573
1,1,3008065,510360,2,20201102,135633120,1.597000,100,159.700000,-,-,B,4922140,1337904
1,1,3031950,510360,2,20201102,135847590,1.595000,1200,1914.000000,-,-,S,4883965,4961695
1,1,3032716,510360,2,20201102,135853000,1.595000,7700,12281.500000,-,-,S,4883965,4962936
1,1,3141068,510360,2,20201102,140938860,1.594000,100,159.400000,-,-,B,5144030,5131681
1,1,3232164,510360,2,20201102,141833310,1.594000,10000,15940.000000,-,-,B,5288170,5287288
1,1,3237344,510360,2,20201102,141903330,1.593000,10000,15930.000000,-,-,S,5286003,5296458
1,1,3240108,510360,2,20201102,141919300,1.593000,1700,2708.100000,-,-,B,5301188,5296458
1,1,3268129,510360,2,20201102,142153790,1.592000,100,159.200000,-,-,S,4879295,5346320
1,1,3268130,510360,2,20201102,142153790,1.592000,200000,318400.000000,-,-,S,5345948,5346320
1,1,3268196,510360,2,20201102,142154110,1.592000,200000,318400.000000,-,-,B,5346411,5346320
1,1,3268790,510360,2,20201102,142157920,1.593000,1200,1911.600000,-,-,B,5347435,5347406
1,1,3299508,510360,2,20201102,142458330,1.590000,700,1113.000000,-,-,B,5396632,5395072
1,1,3343388,510360,2,20201102,142921790,1.590000,1000,1590.000000,-,-,B,5464475,5458524
1,1,3364664,510360,2,20201102,143107810,1.590000,1000,1590.000000,-,-,S,5493861,5497842
1,1,3364851,510360,2,20201102,143108440,1.590000,200000,318000.000000,-,-,B,5498137,5497842
1,1,3364902,510360,2,20201102,143108690,1.590000,74600,118614.000000,-,-,B,5498239,5497842
1,1,3365683,510360,2,20201102,143113310,1.590000,200000,318000.000000,-,-,S,5499423,5499627
1,1,3365772,510360,2,20201102,143113570,1.590000,200000,318000.000000,-,-,B,5499727,5499627
1,1,3385760,510360,2,20201102,143306790,1.590000,1800,2862.000000,-,-,S,5517970,5531783
1,1,3385965,510360,2,20201102,143307740,1.590000,200000,318000.000000,-,-,B,5532067,5531783
1,1,3387806,510360,2,20201102,143316040,1.590000,100,159.000000,-,-,B,5534917,5534688
1,1,3436274,510360,2,20201102,143730850,1.589000,100,158.900000,-,-,S,5574901,5608684
1,1,3487381,510360,2,20201102,144102810,1.589000,900,1430.100000,-,-,S,5574901,5684688
1,1,3487382,510360,2,20201102,144102810,1.589000,10000,15890.000000,-,-,S,5588378,5684688
1,1,3487383,510360,2,20201102,144102810,1.589000,1000,1589.000000,-,-,S,5674078,5684688
1,1,3553897,510360,2,20201102,144539730,1.592000,4000,6368.000000,-,-,B,5781955,5532516
1,1,3616882,510360,2,20201102,145004700,1.592000,200,318.400000,-,-,B,5873835,5787337
1,1,3639082,510360,2,20201102,145113230,1.592000,100,159.200000,-,-,B,5905772,5787337
1,1,3639083,510360,2,20201102,145113230,1.592000,400,636.800000,-,-,B,5905772,5870180
1,1,3667376,510360,2,20201102,145251000,1.591000,30000,47730.000000,-,-,B,5946329,5920538
1,1,3670872,510360,2,20201102,145303630,1.591000,2000,3182.000000,-,-,B,5951557,5920538
1,1,3743553,510360,2,20201102,145819050,1.592000,800,1273.600000,-,-,B,6073851,6029675
1,1,3745153,510360,2,20201102,145947300,1.592000,1000,1592.000000,-,-,B,6090673,6076741
1,1,3745307,510360,2,20201102,145959950,1.591000,900,1431.900000,-,-,S,6052432,6093347
