Datetime,Price,Volume
2020-09-15 09:25:01.290,3.342,2200
2020-09-15 09:25:01.290,3.342,500
2020-09-15 09:25:01.290,3.342,27300
2020-09-15 09:25:01.290,3.342,3000
2020-09-15 09:25:01.290,3.342,4800
2020-09-15 09:25:01.290,3.342,800
2020-09-15 09:25:01.290,3.342,200
2020-09-15 09:25:01.290,3.342,3000
2020-09-15 09:25:01.290,3.342,400
2020-09-15 09:25:01.290,3.342,3000
2020-09-15 09:25:01.290,3.342,2100
2020-09-15 09:25:01.290,3.342,10000
2020-09-15 09:25:01.290,3.342,30000
2020-09-15 09:25:01.290,3.342,20000
2020-09-15 09:25:01.290,3.342,30000
2020-09-15 09:25:01.290,3.342,1300
2020-09-15 09:25:01.290,3.342,900
2020-09-15 09:25:01.290,3.342,2800
2020-09-15 09:25:01.290,3.342,500
2020-09-15 09:25:01.290,3.342,400
2020-09-15 09:25:01.290,3.342,5000
2020-09-15 09:25:01.290,3.342,5000
2020-09-15 09:25:01.290,3.342,31000
2020-09-15 09:25:01.290,3.342,1500
2020-09-15 09:25:01.290,3.342,7700
2020-09-15 09:25:01.290,3.342,300
2020-09-15 09:25:01.290,3.342,30000
2020-09-15 09:25:01.290,3.342,200
2020-09-15 09:25:01.290,3.342,300
2020-09-15 09:25:01.290,3.342,27100
2020-09-15 09:25:01.290,3.342,100
2020-09-15 09:25:01.290,3.342,300
2020-09-15 09:25:01.290,3.342,7800
2020-09-15 09:25:01.290,3.342,6800
2020-09-15 09:25:01.290,3.342,200
2020-09-15 09:25:01.290,3.342,300
2020-09-15 09:25:01.290,3.342,500
2020-09-15 09:25:01.290,3.342,400
2020-09-15 09:25:01.290,3.342,1500
2020-09-15 09:25:01.290,3.342,500
2020-09-15 09:25:01.290,3.342,2300
2020-09-15 09:25:01.290,3.342,200
2020-09-15 09:25:01.290,3.342,400
2020-09-15 09:25:01.290,3.342,1300
2020-09-15 09:25:01.290,3.342,13300
2020-09-15 09:25:01.290,3.342,17200
2020-09-15 09:25:01.290,3.342,10800
2020-09-15 09:25:01.290,3.342,6200
2020-09-15 09:25:01.290,3.342,400
2020-09-15 09:25:01.290,3.342,3400
2020-09-15 09:25:01.290,3.342,1600
2020-09-15 09:25:01.290,3.342,1000
2020-09-15 09:25:01.290,3.342,3400
2020-09-15 09:25:01.290,3.342,800
2020-09-15 09:25:01.290,3.342,9600
2020-09-15 09:25:01.290,3.342,1000
2020-09-15 09:25:01.290,3.342,10900
2020-09-15 09:25:01.290,3.342,400
2020-09-15 09:25:01.290,3.342,1600
2020-09-15 09:25:01.290,3.342,20000
2020-09-15 09:25:01.290,3.342,100
2020-09-15 09:25:01.290,3.342,700
2020-09-15 09:25:01.290,3.342,7600
2020-09-15 09:25:01.290,3.342,100
2020-09-15 09:25:01.290,3.342,900
2020-09-15 09:25:01.290,3.342,1300
2020-09-15 09:25:01.290,3.342,100
2020-09-15 09:25:01.290,3.342,3100
2020-09-15 09:25:01.290,3.342,30100
2020-09-15 09:25:01.290,3.342,100
2020-09-15 09:25:01.290,3.342,3000
2020-09-15 09:25:01.290,3.342,449900
2020-09-15 09:25:01.290,3.342,3900
2020-09-15 09:25:01.290,3.342,3200
2020-09-15 09:25:01.290,3.342,2400
2020-09-15 09:25:01.290,3.342,30200
2020-09-15 09:30:00.260,3.343,1000
2020-09-15 09:30:00.260,3.343,100
2020-09-15 09:30:00.260,3.343,6000
2020-09-15 09:30:00.260,3.343,2900
2020-09-15 09:30:00.260,3.343,4100
2020-09-15 09:30:00.260,3.343,5000
2020-09-15 09:30:00.260,3.343,900
2020-09-15 09:30:00.300,3.343,47300
2020-09-15 09:30:00.380,3.342,78000
2020-09-15 09:30:00.710,3.343,4200
2020-09-15 09:30:00.830,3.343,5000
2020-09-15 09:30:00.960,3.343,800
2020-09-15 09:30:01.070,3.342,6800
2020-09-15 09:30:01.320,3.343,3000
2020-09-15 09:30:01.330,3.342,52500
2020-09-15 09:30:01.580,3.342,273100
2020-09-15 09:30:01.580,3.342,700
2020-09-15 09:30:01.580,3.342,3000
2020-09-15 09:30:01.580,3.342,200
2020-09-15 09:30:01.580,3.341,2400
2020-09-15 09:30:01.580,3.341,8700
2020-09-15 09:30:01.580,3.341,11900
2020-09-15 09:30:01.580,3.343,16200
2020-09-15 09:30:01.580,3.343,1000
2020-09-15 09:30:01.940,3.343,1800
2020-09-15 09:30:02.070,3.342,700
2020-09-15 09:30:02.070,3.342,10000
2020-09-15 09:30:02.070,3.342,4000
2020-09-15 09:30:02.070,3.344,200
2020-09-15 09:30:02.070,3.344,1100
2020-09-15 09:30:02.070,3.344,10000
2020-09-15 09:30:02.070,3.344,900
2020-09-15 09:30:02.070,3.344,1000
2020-09-15 09:30:02.070,3.344,100
2020-09-15 09:30:02.070,3.344,3400
2020-09-15 09:30:02.210,3.341,400
2020-09-15 09:30:02.320,3.342,7000
2020-09-15 09:30:02.430,3.344,2600
2020-09-15 09:30:02.430,3.344,100
2020-09-15 09:30:02.430,3.344,100
2020-09-15 09:30:02.430,3.344,15000
2020-09-15 09:30:02.430,3.344,7000
2020-09-15 09:30:02.430,3.344,5000
2020-09-15 09:30:02.430,3.344,3100
2020-09-15 09:30:02.430,3.343,100
2020-09-15 09:30:02.550,3.343,8400
2020-09-15 09:30:02.550,3.342,51600
2020-09-15 09:30:02.550,3.344,80200
2020-09-15 09:30:02.550,3.344,10000
2020-09-15 09:30:02.550,3.345,600
2020-09-15 09:30:02.550,3.345,2000
2020-09-15 09:30:02.550,3.345,11000
2020-09-15 09:30:02.550,3.345,1000
2020-09-15 09:30:02.550,3.345,100
2020-09-15 09:30:02.550,3.345,4600
2020-09-15 09:30:02.550,3.345,1400
2020-09-15 09:30:02.550,3.345,100
2020-09-15 09:30:02.550,3.345,2500
2020-09-15 09:30:02.550,3.345,6100
2020-09-15 09:30:02.550,3.345,7000
2020-09-15 09:30:02.550,3.345,5000
2020-09-15 09:30:02.550,3.345,10000
2020-09-15 09:30:02.550,3.345,10000
2020-09-15 09:30:02.550,3.345,76300
2020-09-15 09:30:02.550,3.345,111400
2020-09-15 09:30:03.260,3.343,3000
2020-09-15 09:30:03.630,3.343,1000
2020-09-15 09:30:03.630,3.344,1000
2020-09-15 09:30:03.630,3.345,50600
2020-09-15 09:30:03.630,3.345,17300
2020-09-15 09:30:03.750,3.343,20000
2020-09-15 09:30:03.980,3.345,3500
2020-09-15 09:30:04.340,3.345,24400
2020-09-15 09:30:04.580,3.343,35100
2020-09-15 09:30:04.580,3.343,800
2020-09-15 09:30:04.700,3.343,1000
2020-09-15 09:30:04.930,3.344,1500
2020-09-15 09:30:04.930,3.344,5000
2020-09-15 09:30:04.930,3.344,2000
2020-09-15 09:30:05.050,3.344,30400
2020-09-15 09:30:05.050,3.343,19600
2020-09-15 09:30:05.270,3.343,1100
2020-09-15 09:30:05.270,3.343,10000
2020-09-15 09:30:05.390,3.345,16500
2020-09-15 09:30:05.390,3.345,5000
2020-09-15 09:30:05.390,3.345,1000
2020-09-15 09:30:05.390,3.345,7600
2020-09-15 09:30:05.390,3.345,6000
2020-09-15 09:30:05.390,3.345,24500
2020-09-15 09:30:05.390,3.346,800
2020-09-15 09:30:05.630,3.343,17000
2020-09-15 09:30:05.750,3.343,45400
2020-09-15 09:30:05.750,3.343,1500
2020-09-15 09:30:05.750,3.343,500
2020-09-15 09:30:05.750,3.343,1500
2020-09-15 09:30:05.750,3.343,1000
2020-09-15 09:30:05.750,3.342,200000
2020-09-15 09:30:05.750,3.341,15400
2020-09-15 09:30:05.750,3.341,1600
2020-09-15 09:30:05.750,3.341,700
2020-09-15 09:30:05.750,3.341,3000
2020-09-15 09:30:05.750,3.341,500
2020-09-15 09:30:05.750,3.341,100
2020-09-15 09:30:05.750,3.341,200
2020-09-15 09:30:05.750,3.341,900
2020-09-15 09:30:05.750,3.341,12000
2020-09-15 09:30:05.750,3.341,800
2020-09-15 09:30:05.750,3.341,100
2020-09-15 09:30:05.750,3.341,5000
2020-09-15 09:30:05.750,3.341,1000
2020-09-15 09:30:05.750,3.341,1000
2020-09-15 09:30:05.750,3.341,7800
2020-09-15 09:30:05.750,3.344,3000
2020-09-15 09:30:05.870,3.343,500
2020-09-15 09:30:05.870,3.342,1000
2020-09-15 09:30:05.990,3.342,500
2020-09-15 09:30:06.230,3.343,4500
2020-09-15 09:30:06.230,3.341,295500
2020-09-15 09:30:06.230,3.341,300000
2020-09-15 09:30:06.230,3.341,235200
2020-09-15 09:30:06.230,3.341,50000
2020-09-15 09:30:07.230,3.341,200
2020-09-15 09:30:07.730,3.341,14600
2020-09-15 09:30:07.730,3.342,1000
2020-09-15 09:30:07.730,3.342,2500
2020-09-15 09:30:07.730,3.342,10000
2020-09-15 09:30:07.730,3.342,16600
2020-09-15 09:30:07.730,3.342,10000
2020-09-15 09:30:07.730,3.342,15300
2020-09-15 09:30:07.850,3.342,2200
2020-09-15 09:30:07.850,3.342,20000
2020-09-15 09:30:07.850,3.342,2000
2020-09-15 09:30:07.850,3.343,10000
2020-09-15 09:30:07.850,3.343,6000
2020-09-15 09:30:07.850,3.343,3200
2020-09-15 09:30:07.850,3.344,11600
2020-09-15 09:30:07.850,3.345,5000
2020-09-15 09:30:07.990,3.341,1000
2020-09-15 09:30:07.990,3.341,2000
2020-09-15 09:30:07.990,3.341,300
2020-09-15 09:30:08.220,3.341,5000
2020-09-15 09:30:08.360,3.341,100
2020-09-15 09:30:08.530,3.341,1600
2020-09-15 09:30:08.530,3.341,10000
2020-09-15 09:30:08.530,3.341,8400
2020-09-15 09:30:08.980,3.341,1600
2020-09-15 09:30:09.270,3.341,300
2020-09-15 09:30:10.100,3.341,1000
2020-09-15 09:30:10.230,3.341,100
2020-09-15 09:30:10.330,3.341,800
2020-09-15 09:30:10.760,3.341,400
2020-09-15 09:30:10.940,3.341,200
2020-09-15 09:30:11.280,3.341,400
2020-09-15 09:30:13.190,3.34,200
2020-09-15 09:30:13.190,3.34,100
2020-09-15 09:30:13.190,3.34,1000
2020-09-15 09:30:13.190,3.34,200
2020-09-15 09:30:13.190,3.34,200000
2020-09-15 09:30:13.190,3.34,98500
2020-09-15 09:30:16.530,3.34,500
2020-09-15 09:30:17.560,3.34,1000
2020-09-15 09:30:21.320,3.339,300
2020-09-15 09:30:21.320,3.339,200
2020-09-15 09:30:25.210,3.338,200
2020-09-15 09:30:25.210,3.338,3800
2020-09-15 09:30:25.920,3.338,2200
2020-09-15 09:30:25.920,3.338,1000
2020-09-15 09:30:25.920,3.338,8700
2020-09-15 09:30:27.460,3.338,3300
2020-09-15 09:30:27.460,3.338,8600
2020-09-15 09:30:27.580,3.339,3000
2020-09-15 09:30:27.920,3.339,5500
2020-09-15 09:30:27.920,3.339,7700
2020-09-15 09:30:27.920,3.339,25500
2020-09-15 09:30:27.920,3.339,600
2020-09-15 09:30:27.920,3.34,9000
2020-09-15 09:30:27.920,3.34,51700
2020-09-15 09:30:28.390,3.338,100
2020-09-15 09:30:30.530,3.339,100
2020-09-15 09:30:32.600,3.339,8000
2020-09-15 09:30:41.560,3.338,200
2020-09-15 09:30:43.040,3.338,100
2020-09-15 09:30:45.880,3.337,200
2020-09-15 09:30:45.880,3.337,800
2020-09-15 09:30:46.030,3.337,29700
2020-09-15 09:30:46.030,3.337,7000
2020-09-15 09:30:46.710,3.336,200
2020-09-15 09:30:46.710,3.336,200
2020-09-15 09:30:46.710,3.336,1000
2020-09-15 09:30:46.710,3.336,5000
2020-09-15 09:30:46.710,3.336,100
2020-09-15 09:30:46.710,3.336,7000
2020-09-15 09:30:46.710,3.336,300000
2020-09-15 09:30:46.710,3.335,7000
2020-09-15 09:30:46.710,3.335,200
2020-09-15 09:30:46.710,3.335,1000
2020-09-15 09:30:48.110,3.335,10000
2020-09-15 09:30:48.300,3.335,52700
2020-09-15 09:30:48.990,3.335,300000
2020-09-15 09:30:48.990,3.335,50000
2020-09-15 09:30:48.990,3.335,50000
2020-09-15 09:30:49.880,3.335,1000
2020-09-15 09:30:50.350,3.335,10000
2020-09-15 09:30:50.890,3.334,1900
2020-09-15 09:30:51.260,3.335,6000
2020-09-15 09:30:51.330,3.335,3000
2020-09-15 09:30:51.940,3.335,30000
2020-09-15 09:30:51.940,3.335,40000
2020-09-15 09:30:52.030,3.335,100
2020-09-15 09:30:52.130,3.335,10000
2020-09-15 09:30:52.250,3.335,15500
2020-09-15 09:30:53.570,3.337,500
2020-09-15 09:30:54.030,3.336,10000
2020-09-15 09:30:54.160,3.336,1800
2020-09-15 09:30:55.140,3.336,9300
2020-09-15 09:31:01.260,3.337,800
2020-09-15 09:31:02.180,3.336,15000
2020-09-15 09:31:02.510,3.337,4200
2020-09-15 09:31:02.510,3.337,4600
2020-09-15 09:31:02.510,3.337,800
2020-09-15 09:31:02.510,3.337,1000
2020-09-15 09:31:04.580,3.337,26600
2020-09-15 09:31:04.980,3.336,300000
2020-09-15 09:31:06.590,3.336,1000
2020-09-15 09:31:06.730,3.336,2300
2020-09-15 09:31:07.460,3.335,900
2020-09-15 09:31:10.050,3.336,100
2020-09-15 09:31:10.270,3.336,900
2020-09-15 09:31:12.350,3.337,2700
2020-09-15 09:31:18.470,3.336,9300
2020-09-15 09:31:19.310,3.337,30000
2020-09-15 09:31:25.310,3.337,100
2020-09-15 09:31:25.400,3.337,500
2020-09-15 09:31:27.190,3.337,30000
2020-09-15 09:31:27.250,3.337,40000
2020-09-15 09:31:27.280,3.337,24600
2020-09-15 09:31:27.280,3.337,35400
2020-09-15 09:31:27.320,3.337,20000
2020-09-15 09:31:27.540,3.337,10000
2020-09-15 09:31:27.650,3.337,10700
2020-09-15 09:31:27.650,3.337,13900
2020-09-15 09:31:28.070,3.337,30000
2020-09-15 09:31:28.070,3.337,10000
2020-09-15 09:31:28.160,3.337,11800
2020-09-15 09:31:28.160,3.337,1000
2020-09-15 09:31:28.590,3.338,500
2020-09-15 09:31:29.480,3.337,1000
2020-09-15 09:31:29.480,3.337,19000
2020-09-15 09:31:29.610,3.338,200
2020-09-15 09:31:29.610,3.338,2800
2020-09-15 09:31:30.290,3.337,100
2020-09-15 09:31:30.290,3.337,1900
2020-09-15 09:31:30.410,3.338,10000
2020-09-15 09:31:30.730,3.338,10000
2020-09-15 09:31:36.850,3.337,40000
2020-09-15 09:31:36.850,3.337,100
2020-09-15 09:31:36.850,3.337,300
2020-09-15 09:31:36.850,3.337,8100
2020-09-15 09:31:37.100,3.337,30000
2020-09-15 09:31:40.060,3.337,10000
2020-09-15 09:31:42.990,3.337,1500
2020-09-15 09:31:42.990,3.337,4400
2020-09-15 09:31:42.990,3.337,500
2020-09-15 09:31:42.990,3.337,2100
2020-09-15 09:31:42.990,3.338,7200
2020-09-15 09:31:42.990,3.338,10000
2020-09-15 09:31:42.990,3.338,25700
2020-09-15 09:31:45.100,3.337,10000
2020-09-15 09:31:45.570,3.338,1500
2020-09-15 09:31:45.870,3.337,4000
2020-09-15 09:31:46.280,3.338,50000
2020-09-15 09:31:46.280,3.338,30000
2020-09-15 09:31:48.940,3.338,50000
2020-09-15 09:31:49.000,3.338,50000
2020-09-15 09:31:49.000,3.338,50000
2020-09-15 09:31:50.740,3.338,5800
2020-09-15 09:31:55.330,3.338,20000
2020-09-15 09:31:55.600,3.338,10000
2020-09-15 09:32:01.830,3.338,7000
2020-09-15 09:32:03.140,3.338,47000
2020-09-15 09:32:03.140,3.338,5000
2020-09-15 09:32:03.410,3.337,9200
2020-09-15 09:32:03.520,3.338,3700
2020-09-15 09:32:04.820,3.338,50000
2020-09-15 09:32:04.820,3.338,50000
2020-09-15 09:32:04.820,3.338,30000
2020-09-15 09:32:05.320,3.337,10000
2020-09-15 09:32:06.560,3.337,16800
2020-09-15 09:32:06.560,3.337,3200
2020-09-15 09:32:06.770,3.337,800
2020-09-15 09:32:06.770,3.337,9200
2020-09-15 09:32:07.600,3.338,50000
2020-09-15 09:32:07.600,3.338,40000
2020-09-15 09:32:07.600,3.338,24300
2020-09-15 09:32:07.600,3.338,25700
2020-09-15 09:32:07.600,3.338,50000
2020-09-15 09:32:07.600,3.338,50000
2020-09-15 09:32:10.160,3.337,11000
2020-09-15 09:32:11.080,3.338,3000
2020-09-15 09:32:12.990,3.337,1500
2020-09-15 09:32:13.520,3.338,10000
2020-09-15 09:32:13.550,3.338,3000
2020-09-15 09:32:14.020,3.337,700
2020-09-15 09:32:20.620,3.338,3000
2020-09-15 09:32:22.660,3.337,200
2020-09-15 09:32:24.220,3.337,1700
2020-09-15 09:32:25.580,3.337,200
2020-09-15 09:32:25.880,3.337,20000
2020-09-15 09:32:26.800,3.338,64200
2020-09-15 09:32:27.170,3.338,300
2020-09-15 09:32:28.510,3.337,100
2020-09-15 09:32:29.200,3.337,300
2020-09-15 09:32:29.410,3.337,15800
2020-09-15 09:32:30.960,3.337,700
2020-09-15 09:32:32.030,3.337,38600
2020-09-15 09:32:32.030,3.337,5000
2020-09-15 09:32:32.030,3.337,1000
2020-09-15 09:32:32.030,3.337,5500
2020-09-15 09:32:32.030,3.337,40000
2020-09-15 09:32:33.410,3.337,20000
2020-09-15 09:32:34.060,3.337,30000
2020-09-15 09:32:34.060,3.337,10000
2020-09-15 09:32:34.210,3.337,5900
2020-09-15 09:32:35.720,3.337,100
2020-09-15 09:32:36.740,3.337,1200
2020-09-15 09:32:40.100,3.336,2000
2020-09-15 09:32:40.100,3.336,10000
2020-09-15 09:32:40.100,3.336,1000
2020-09-15 09:32:40.100,3.336,30000
2020-09-15 09:32:40.100,3.336,127000
2020-09-15 09:32:40.520,3.336,73000
2020-09-15 09:32:40.520,3.336,10000
2020-09-15 09:32:41.970,3.336,100000
2020-09-15 09:32:42.660,3.336,100
2020-09-15 09:32:43.610,3.336,20000
2020-09-15 09:32:43.730,3.336,900
2020-09-15 09:32:43.860,3.336,5000
2020-09-15 09:32:44.530,3.336,91000
2020-09-15 09:32:44.530,3.336,9000
2020-09-15 09:32:45.810,3.336,500
2020-09-15 09:32:45.810,3.337,2500
2020-09-15 09:32:46.560,3.337,7800
2020-09-15 09:32:46.560,3.337,2000
2020-09-15 09:32:47.250,3.337,5700
2020-09-15 09:32:48.250,3.337,13600
2020-09-15 09:32:50.800,3.336,100
2020-09-15 09:32:51.360,3.335,100
2020-09-15 09:32:54.260,3.335,1000
2020-09-15 09:32:54.260,3.335,5000
2020-09-15 09:32:54.260,3.335,40000
2020-09-15 09:32:54.260,3.335,3000
2020-09-15 09:32:54.770,3.335,20000
2020-09-15 09:32:54.770,3.335,20000
2020-09-15 09:32:56.230,3.335,50000
2020-09-15 09:32:56.260,3.335,50000
2020-09-15 09:32:56.260,3.335,20000
2020-09-15 09:32:56.260,3.335,40000
2020-09-15 09:32:56.740,3.335,5000
2020-09-15 09:32:56.860,3.335,46000
2020-09-15 09:32:58.010,3.336,10000
2020-09-15 09:32:58.800,3.335,27700
2020-09-15 09:32:59.010,3.335,50000
2020-09-15 09:32:59.320,3.336,5000
2020-09-15 09:32:59.860,3.335,60000
2020-09-15 09:33:01.260,3.335,14300
2020-09-15 09:33:01.480,3.335,60000
2020-09-15 09:33:02.330,3.335,42000
2020-09-15 09:33:02.330,3.335,2000
2020-09-15 09:33:04.750,3.335,700
2020-09-15 09:33:05.360,3.335,50000
2020-09-15 09:33:05.360,3.335,50000
2020-09-15 09:33:05.360,3.335,15300
2020-09-15 09:33:05.360,3.335,34700
2020-09-15 09:33:05.360,3.335,10000
2020-09-15 09:33:05.360,3.335,100
2020-09-15 09:33:05.360,3.335,100
2020-09-15 09:33:05.360,3.335,100
2020-09-15 09:33:05.360,3.335,100
2020-09-15 09:33:05.360,3.335,100
2020-09-15 09:33:05.360,3.335,100
2020-09-15 09:33:05.360,3.335,100
2020-09-15 09:33:05.360,3.335,100
2020-09-15 09:33:05.360,3.335,100
2020-09-15 09:33:05.360,3.335,100
2020-09-15 09:33:05.360,3.335,100
2020-09-15 09:33:05.360,3.335,100
2020-09-15 09:33:05.360,3.335,100
2020-09-15 09:33:05.360,3.335,100
2020-09-15 09:33:05.360,3.335,100
2020-09-15 09:33:05.360,3.335,100
2020-09-15 09:33:05.360,3.335,100
2020-09-15 09:33:05.360,3.335,100
2020-09-15 09:33:05.360,3.335,100
2020-09-15 09:33:05.440,3.335,100
2020-09-15 09:33:05.440,3.335,100
2020-09-15 09:33:05.440,3.335,100
2020-09-15 09:33:05.440,3.335,100
2020-09-15 09:33:05.440,3.335,100
2020-09-15 09:33:05.470,3.335,100
2020-09-15 09:33:05.470,3.335,100
2020-09-15 09:33:05.470,3.335,100
2020-09-15 09:33:05.470,3.335,100
2020-09-15 09:33:05.530,3.335,100
2020-09-15 09:33:05.530,3.335,100
2020-09-15 09:33:05.530,3.335,100
2020-09-15 09:33:05.530,3.335,100
2020-09-15 09:33:05.530,3.335,100
2020-09-15 09:33:05.560,3.335,100
2020-09-15 09:33:05.560,3.335,100
2020-09-15 09:33:05.560,3.335,100
2020-09-15 09:33:05.560,3.335,100
2020-09-15 09:33:05.560,3.335,100
2020-09-15 09:33:05.560,3.335,100
2020-09-15 09:33:05.560,3.335,100
2020-09-15 09:33:05.560,3.335,100
2020-09-15 09:33:05.620,3.335,100
2020-09-15 09:33:05.620,3.335,100
2020-09-15 09:33:05.620,3.335,100
2020-09-15 09:33:05.620,3.335,100
2020-09-15 09:33:05.620,3.335,100
2020-09-15 09:33:05.680,3.335,100
2020-09-15 09:33:05.680,3.335,100
2020-09-15 09:33:05.680,3.335,100
2020-09-15 09:33:05.680,3.335,100
2020-09-15 09:33:05.680,3.335,100
2020-09-15 09:33:05.680,3.335,100
2020-09-15 09:33:05.680,3.335,100
2020-09-15 09:33:05.680,3.335,100
2020-09-15 09:33:05.680,3.335,100
2020-09-15 09:33:05.710,3.335,100
2020-09-15 09:33:05.710,3.335,100
2020-09-15 09:33:05.710,3.335,100
2020-09-15 09:33:05.710,3.335,100
2020-09-15 09:33:05.710,3.335,100
2020-09-15 09:33:05.740,3.335,100
2020-09-15 09:33:05.740,3.335,100
2020-09-15 09:33:05.770,3.335,100
2020-09-15 09:33:05.770,3.335,100
2020-09-15 09:33:05.770,3.335,100
2020-09-15 09:33:05.770,3.335,100
2020-09-15 09:33:05.770,3.335,100
2020-09-15 09:33:05.830,3.335,100
2020-09-15 09:33:05.830,3.335,100
2020-09-15 09:33:05.830,3.335,100
2020-09-15 09:33:05.830,3.335,100
2020-09-15 09:33:05.830,3.335,100
2020-09-15 09:33:05.830,3.335,100
2020-09-15 09:33:05.860,3.336,100
2020-09-15 09:33:05.860,3.336,100
2020-09-15 09:33:05.860,3.336,100
2020-09-15 09:33:05.920,3.336,100
2020-09-15 09:33:05.980,3.335,100
2020-09-15 09:33:05.980,3.335,100
2020-09-15 09:33:05.980,3.335,100
2020-09-15 09:33:05.980,3.335,100
2020-09-15 09:33:05.980,3.335,100
2020-09-15 09:33:05.980,3.335,100
2020-09-15 09:33:05.980,3.335,100
2020-09-15 09:33:05.980,3.335,100
2020-09-15 09:33:06.070,3.335,100
2020-09-15 09:33:06.070,3.335,100
2020-09-15 09:33:06.070,3.335,100
2020-09-15 09:33:06.070,3.335,100
2020-09-15 09:33:06.070,3.335,100
2020-09-15 09:33:06.070,3.335,100
2020-09-15 09:33:06.070,3.335,100
2020-09-15 09:33:06.070,3.335,100
2020-09-15 09:33:06.070,3.335,100
2020-09-15 09:33:06.090,3.335,100
2020-09-15 09:33:06.090,3.335,100
2020-09-15 09:33:06.090,3.335,100
2020-09-15 09:33:06.090,3.335,100
2020-09-15 09:33:06.090,3.335,100
2020-09-15 09:33:06.090,3.335,100
2020-09-15 09:33:06.350,3.335,100
2020-09-15 09:33:06.350,3.335,100
2020-09-15 09:33:06.350,3.335,100
2020-09-15 09:33:06.350,3.335,100
2020-09-15 09:33:06.350,3.335,100
2020-09-15 09:33:06.350,3.335,100
2020-09-15 09:33:06.350,3.335,100
2020-09-15 09:33:06.380,3.335,100
2020-09-15 09:33:06.380,3.335,100
2020-09-15 09:33:06.380,3.335,100
2020-09-15 09:33:06.380,3.335,100
2020-09-15 09:33:06.380,3.335,100
2020-09-15 09:33:06.380,3.335,100
2020-09-15 09:33:06.380,3.335,100
2020-09-15 09:33:06.380,3.335,100
2020-09-15 09:33:06.380,3.335,100
2020-09-15 09:33:06.380,3.335,100
2020-09-15 09:33:06.440,3.335,100
2020-09-15 09:33:06.440,3.335,100
2020-09-15 09:33:06.440,3.335,100
2020-09-15 09:33:06.440,3.335,100
2020-09-15 09:33:06.440,3.335,100
2020-09-15 09:33:06.470,3.335,100
2020-09-15 09:33:06.470,3.335,100
2020-09-15 09:33:06.470,3.335,100
2020-09-15 09:33:06.470,3.335,100
2020-09-15 09:33:06.530,3.335,100
2020-09-15 09:33:06.530,3.335,100
2020-09-15 09:33:06.530,3.335,100
2020-09-15 09:33:06.530,3.335,100
2020-09-15 09:33:06.530,3.335,100
2020-09-15 09:33:06.530,3.335,100
2020-09-15 09:33:06.590,3.335,100
2020-09-15 09:33:06.590,3.335,100
2020-09-15 09:33:06.590,3.335,100
2020-09-15 09:33:06.590,3.335,100
2020-09-15 09:33:06.620,3.335,100
2020-09-15 09:33:06.620,3.335,100
2020-09-15 09:33:06.620,3.335,100
2020-09-15 09:33:06.620,3.335,100
2020-09-15 09:33:06.620,3.335,100
2020-09-15 09:33:06.620,3.335,100
2020-09-15 09:33:06.620,3.335,100
2020-09-15 09:33:06.620,3.335,3400
2020-09-15 09:33:06.680,3.336,100
2020-09-15 09:33:06.680,3.336,100
2020-09-15 09:33:06.680,3.336,100
2020-09-15 09:33:06.680,3.336,100
2020-09-15 09:33:06.680,3.336,100
2020-09-15 09:33:06.680,3.336,100
2020-09-15 09:33:06.680,3.336,100
2020-09-15 09:33:07.510,3.335,5000
2020-09-15 09:33:08.140,3.336,100
2020-09-15 09:33:08.140,3.336,100
2020-09-15 09:33:08.140,3.336,100
2020-09-15 09:33:08.140,3.336,100
2020-09-15 09:33:08.140,3.336,100
2020-09-15 09:33:08.230,3.336,100
2020-09-15 09:33:08.230,3.336,100
2020-09-15 09:33:08.230,3.336,100
2020-09-15 09:33:08.230,3.336,100
2020-09-15 09:33:08.230,3.336,100
2020-09-15 09:33:08.230,3.336,100
2020-09-15 09:33:08.290,3.336,100
2020-09-15 09:33:08.290,3.336,100
2020-09-15 09:33:08.290,3.336,100
2020-09-15 09:33:08.290,3.336,100
2020-09-15 09:33:08.290,3.336,100
2020-09-15 09:33:08.360,3.336,100
2020-09-15 09:33:08.360,3.336,100
2020-09-15 09:33:08.360,3.336,100
2020-09-15 09:33:08.410,3.336,100
2020-09-15 09:33:08.410,3.336,100
2020-09-15 09:33:08.440,3.336,100
2020-09-15 09:33:08.440,3.336,100
2020-09-15 09:33:08.500,3.336,100
2020-09-15 09:33:08.560,3.336,100
2020-09-15 09:33:08.560,3.336,100
2020-09-15 09:33:08.560,3.336,100
2020-09-15 09:33:08.560,3.336,100
2020-09-15 09:33:08.560,3.336,100
2020-09-15 09:33:08.560,3.336,100
2020-09-15 09:33:08.560,3.336,100
2020-09-15 09:33:08.560,3.336,100
2020-09-15 09:33:08.560,3.336,100
2020-09-15 09:33:08.560,3.336,100
2020-09-15 09:33:08.560,3.336,100
2020-09-15 09:33:08.560,3.336,100
2020-09-15 09:33:08.560,3.336,100
2020-09-15 09:33:08.560,3.336,100
2020-09-15 09:33:08.560,3.336,100
2020-09-15 09:33:08.620,3.336,100
2020-09-15 09:33:08.620,3.336,100
2020-09-15 09:33:08.620,3.336,100
2020-09-15 09:33:08.620,3.336,100
2020-09-15 09:33:08.620,3.336,100
2020-09-15 09:33:08.620,3.336,100
2020-09-15 09:33:08.620,3.336,100
2020-09-15 09:33:08.710,3.336,100
2020-09-15 09:33:08.710,3.336,100
2020-09-15 09:33:08.710,3.336,100
2020-09-15 09:33:08.710,3.336,100
2020-09-15 09:33:08.710,3.336,100
2020-09-15 09:33:08.710,3.336,100
2020-09-15 09:33:08.710,3.336,100
2020-09-15 09:33:08.770,3.336,100
2020-09-15 09:33:08.770,3.336,100
2020-09-15 09:33:08.770,3.336,100
2020-09-15 09:33:08.770,3.336,100
2020-09-15 09:33:08.820,3.336,100
2020-09-15 09:33:08.820,3.336,100
2020-09-15 09:33:08.820,3.336,100
2020-09-15 09:33:08.820,3.336,100
2020-09-15 09:33:08.820,3.336,100
2020-09-15 09:33:08.820,3.336,100
2020-09-15 09:33:08.880,3.336,100
2020-09-15 09:33:08.880,3.336,100
2020-09-15 09:33:08.880,3.336,100
2020-09-15 09:33:08.880,3.336,100
2020-09-15 09:33:08.910,3.336,100
2020-09-15 09:33:08.910,3.336,100
2020-09-15 09:33:08.910,3.336,100
2020-09-15 09:33:08.910,3.336,100
2020-09-15 09:33:08.910,3.336,100
2020-09-15 09:33:08.990,3.336,100
2020-09-15 09:33:08.990,3.336,100
2020-09-15 09:33:08.990,3.336,100
2020-09-15 09:33:08.990,3.336,100
2020-09-15 09:33:08.990,3.336,100
2020-09-15 09:33:08.990,3.336,100
2020-09-15 09:33:09.060,3.336,100
2020-09-15 09:33:09.060,3.336,100
2020-09-15 09:33:09.060,3.336,100
2020-09-15 09:33:09.060,3.336,100
2020-09-15 09:33:09.060,3.336,100
2020-09-15 09:33:09.060,3.336,100
2020-09-15 09:33:09.060,3.336,100
2020-09-15 09:33:09.060,3.336,100
2020-09-15 09:33:09.060,3.336,100
2020-09-15 09:33:09.060,3.336,100
2020-09-15 09:33:09.060,3.336,100
2020-09-15 09:33:09.060,3.336,100
2020-09-15 09:33:09.060,3.336,100
2020-09-15 09:33:09.120,3.336,100
2020-09-15 09:33:09.120,3.336,100
2020-09-15 09:33:09.120,3.336,100
2020-09-15 09:33:09.210,3.336,100
2020-09-15 09:33:09.210,3.336,100
2020-09-15 09:33:09.210,3.336,100
2020-09-15 09:33:09.230,3.336,100
2020-09-15 09:33:09.230,3.336,100
2020-09-15 09:33:09.230,3.336,100
2020-09-15 09:33:09.230,3.336,100
2020-09-15 09:33:09.230,3.336,100
2020-09-15 09:33:09.230,3.336,100
2020-09-15 09:33:09.300,3.336,100
2020-09-15 09:33:09.300,3.336,100
2020-09-15 09:33:09.300,3.336,100
2020-09-15 09:33:09.300,3.336,100
2020-09-15 09:33:09.300,3.336,100
2020-09-15 09:33:09.300,3.336,100
2020-09-15 09:33:09.300,3.336,100
2020-09-15 09:33:09.300,3.336,100
2020-09-15 09:33:09.300,3.336,100
2020-09-15 09:33:09.300,3.336,100
2020-09-15 09:33:09.300,3.336,100
2020-09-15 09:33:09.360,3.336,100
2020-09-15 09:33:09.360,3.336,100
2020-09-15 09:33:09.360,3.336,100
2020-09-15 09:33:09.430,3.336,100
2020-09-15 09:33:09.430,3.336,100
2020-09-15 09:33:09.430,3.336,100
2020-09-15 09:33:09.430,3.336,100
2020-09-15 09:33:09.430,3.336,100
2020-09-15 09:33:09.490,3.336,100
2020-09-15 09:33:09.490,3.336,100
2020-09-15 09:33:09.490,3.336,100
2020-09-15 09:33:09.490,3.336,100
2020-09-15 09:33:09.490,3.336,100
2020-09-15 09:33:09.550,3.336,100
2020-09-15 09:33:09.550,3.336,100
2020-09-15 09:33:09.550,3.336,100
2020-09-15 09:33:09.550,3.336,100
2020-09-15 09:33:09.550,3.336,100
2020-09-15 09:33:09.580,3.336,100
2020-09-15 09:33:09.580,3.336,100
2020-09-15 09:33:09.580,3.336,100
2020-09-15 09:33:09.580,3.336,100
2020-09-15 09:33:09.580,3.336,100
2020-09-15 09:33:09.580,3.336,100
2020-09-15 09:33:09.610,3.336,100
2020-09-15 09:33:09.610,3.336,100
2020-09-15 09:33:09.670,3.336,100
2020-09-15 09:33:09.670,3.336,100
2020-09-15 09:33:09.670,3.336,100
2020-09-15 09:33:09.670,3.336,100
2020-09-15 09:33:09.670,3.336,100
2020-09-15 09:33:09.730,3.336,100
2020-09-15 09:33:09.730,3.336,100
2020-09-15 09:33:09.730,3.336,100
2020-09-15 09:33:09.730,3.336,100
2020-09-15 09:33:09.730,3.336,100
2020-09-15 09:33:10.070,3.335,35900
2020-09-15 09:33:10.320,3.336,50000
2020-09-15 09:33:10.320,3.336,30000
2020-09-15 09:33:10.320,3.336,50000
2020-09-15 09:33:10.670,3.335,400
2020-09-15 09:33:11.180,3.335,3000
2020-09-15 09:33:11.550,3.335,600
2020-09-15 09:33:11.670,3.336,10000
2020-09-15 09:33:12.140,3.336,34600
2020-09-15 09:33:15.080,3.336,5500
2020-09-15 09:33:16.040,3.336,28600
2020-09-15 09:33:17.060,3.335,1600
2020-09-15 09:33:18.820,3.336,19200
2020-09-15 09:33:19.050,3.337,30000
2020-09-15 09:33:22.240,3.336,700
2020-09-15 09:33:22.930,3.336,100
2020-09-15 09:33:22.930,3.336,300
2020-09-15 09:33:23.880,3.336,14700
2020-09-15 09:33:23.880,3.336,300
2020-09-15 09:33:24.370,3.336,2700
2020-09-15 09:33:25.230,3.336,17300
2020-09-15 09:33:25.350,3.336,5000
2020-09-15 09:33:28.330,3.336,1800
2020-09-15 09:33:28.430,3.336,300
2020-09-15 09:33:28.460,3.335,17900
2020-09-15 09:33:28.880,3.336,200
2020-09-15 09:33:29.390,3.336,30000
2020-09-15 09:33:29.390,3.336,30000
2020-09-15 09:33:29.390,3.336,50000
2020-09-15 09:33:29.390,3.336,30000
2020-09-15 09:33:29.390,3.336,30000
2020-09-15 09:33:29.390,3.336,30000
2020-09-15 09:33:29.390,3.336,30000
2020-09-15 09:33:29.390,3.336,30000
2020-09-15 09:33:29.390,3.336,15400
2020-09-15 09:33:29.390,3.336,1000
2020-09-15 09:33:29.390,3.336,13600
2020-09-15 09:33:29.390,3.336,30000
2020-09-15 09:33:29.390,3.336,20000
2020-09-15 09:33:29.390,3.336,30000
2020-09-15 09:33:29.390,3.336,50000
2020-09-15 09:33:31.680,3.335,1300
2020-09-15 09:33:32.610,3.335,800
2020-09-15 09:33:32.790,3.336,200
2020-09-15 09:33:32.790,3.335,4100
2020-09-15 09:33:37.240,3.336,300
2020-09-15 09:33:37.300,3.336,50000
2020-09-15 09:33:37.300,3.336,50000
2020-09-15 09:33:37.300,3.336,20000
2020-09-15 09:33:38.330,3.335,100
2020-09-15 09:33:39.290,3.335,9900
2020-09-15 09:33:40.520,3.335,50000
2020-09-15 09:33:40.520,3.335,30000
2020-09-15 09:33:40.760,3.336,100
2020-09-15 09:33:42.590,3.335,136000
2020-09-15 09:33:42.590,3.335,100
2020-09-15 09:33:42.590,3.335,163900
2020-09-15 09:33:43.510,3.335,50000
2020-09-15 09:33:43.510,3.335,30000
2020-09-15 09:33:45.830,3.336,36000
2020-09-15 09:33:45.830,3.336,14000
2020-09-15 09:33:45.830,3.336,50000
2020-09-15 09:33:45.830,3.336,20000
2020-09-15 09:33:46.460,3.335,30000
2020-09-15 09:33:49.100,3.335,26100
2020-09-15 09:33:49.100,3.335,3900
2020-09-15 09:33:49.780,3.336,9000
2020-09-15 09:33:51.080,3.335,16100
2020-09-15 09:33:51.080,3.335,10000
2020-09-15 09:33:51.080,3.335,3000
2020-09-15 09:33:51.080,3.335,500
2020-09-15 09:33:51.080,3.335,60000
2020-09-15 09:33:51.080,3.335,11200
2020-09-15 09:33:51.080,3.335,400
2020-09-15 09:33:51.080,3.335,900
2020-09-15 09:33:51.080,3.335,2100
2020-09-15 09:33:51.720,3.335,60000
2020-09-15 09:33:52.110,3.334,5100
2020-09-15 09:33:52.110,3.334,200
2020-09-15 09:33:52.110,3.334,500
2020-09-15 09:33:52.110,3.334,10000
2020-09-15 09:33:52.110,3.334,1000
2020-09-15 09:33:52.110,3.334,10000
2020-09-15 09:33:52.110,3.334,100
2020-09-15 09:33:52.110,3.334,3100
2020-09-15 09:33:53.310,3.335,50000
2020-09-15 09:33:53.310,3.335,50000
2020-09-15 09:33:53.310,3.335,20000
2020-09-15 09:33:55.100,3.334,11900
2020-09-15 09:33:55.100,3.334,10000
2020-09-15 09:33:55.100,3.334,8100
2020-09-15 09:33:55.840,3.335,500
2020-09-15 09:33:56.420,3.334,31900
2020-09-15 09:33:56.420,3.334,100
2020-09-15 09:33:56.420,3.334,18000
2020-09-15 09:33:56.920,3.334,30300
2020-09-15 09:33:57.400,3.334,18300
2020-09-15 09:33:58.120,3.334,50000
2020-09-15 09:33:58.120,3.334,30000
2020-09-15 09:33:58.120,3.334,300
2020-09-15 09:34:01.160,3.334,30000
2020-09-15 09:34:01.160,3.334,20000
2020-09-15 09:34:02.560,3.335,500
2020-09-15 09:34:02.890,3.334,10000
2020-09-15 09:34:03.760,3.335,14900
2020-09-15 09:34:03.760,3.335,1000
2020-09-15 09:34:03.760,3.335,4100
2020-09-15 09:34:05.410,3.335,6400
2020-09-15 09:34:05.410,3.335,4300
2020-09-15 09:34:05.410,3.335,30000
2020-09-15 09:34:05.410,3.335,9300
2020-09-15 09:34:05.410,3.335,10000
2020-09-15 09:34:05.410,3.335,50000
2020-09-15 09:34:07.310,3.335,10000
2020-09-15 09:34:07.850,3.335,1000
2020-09-15 09:34:08.440,3.334,3800
2020-09-15 09:34:08.920,3.334,5000
2020-09-15 09:34:09.730,3.334,100
2020-09-15 09:34:10.140,3.334,4000
2020-09-15 09:34:10.170,3.335,29200
2020-09-15 09:34:10.170,3.335,700
2020-09-15 09:34:12.620,3.335,5000
2020-09-15 09:34:20.040,3.335,400
2020-09-15 09:34:21.100,3.337,1500
2020-09-15 09:34:21.400,3.335,200
2020-09-15 09:34:21.400,3.335,5200
2020-09-15 09:34:24.320,3.336,3200
2020-09-15 09:34:27.660,3.337,200
2020-09-15 09:34:30.930,3.336,5000
2020-09-15 09:34:32.320,3.336,600
2020-09-15 09:34:38.110,3.335,200
2020-09-15 09:34:41.070,3.336,200
2020-09-15 09:34:41.870,3.335,4600
2020-09-15 09:34:41.870,3.335,7500
2020-09-15 09:34:41.870,3.335,300
2020-09-15 09:34:41.870,3.335,21300
2020-09-15 09:34:41.950,3.335,900
2020-09-15 09:34:47.480,3.336,5900
2020-09-15 09:34:52.250,3.335,37800
2020-09-15 09:34:52.250,3.335,100
2020-09-15 09:34:52.250,3.335,600
2020-09-15 09:34:52.250,3.335,39100
2020-09-15 09:34:52.250,3.335,38300
2020-09-15 09:34:52.250,3.335,300
2020-09-15 09:34:52.250,3.335,1000
2020-09-15 09:34:52.250,3.335,10000
2020-09-15 09:34:52.250,3.335,100
2020-09-15 09:34:52.250,3.335,200
2020-09-15 09:34:52.250,3.335,33000
2020-09-15 09:34:52.250,3.335,2000
2020-09-15 09:34:52.250,3.335,5000
2020-09-15 09:34:52.250,3.335,500
2020-09-15 09:34:52.250,3.335,57700
2020-09-15 09:34:52.250,3.335,60000
2020-09-15 09:34:52.580,3.334,80200
2020-09-15 09:34:52.580,3.334,20000
2020-09-15 09:34:52.580,3.334,200
2020-09-15 09:34:52.580,3.334,300
2020-09-15 09:34:52.580,3.334,147900
2020-09-15 09:34:56.890,3.335,14300
2020-09-15 09:34:56.890,3.335,5700
2020-09-15 09:34:57.530,3.334,6000
2020-09-15 09:34:57.530,3.334,66100
2020-09-15 09:34:57.530,3.334,5000
2020-09-15 09:34:57.530,3.334,300
2020-09-15 09:34:57.530,3.334,1000
2020-09-15 09:34:57.530,3.334,10000
2020-09-15 09:34:57.530,3.334,60000
2020-09-15 09:34:57.530,3.334,57600
2020-09-15 09:34:57.770,3.334,2400
2020-09-15 09:34:58.540,3.334,50000
2020-09-15 09:34:58.540,3.334,50000
2020-09-15 09:34:58.540,3.334,50000
2020-09-15 09:34:58.540,3.334,50000
2020-09-15 09:34:58.540,3.334,40000
2020-09-15 09:34:59.450,3.334,100
2020-09-15 09:34:59.820,3.334,30000
2020-09-15 09:34:59.820,3.334,27500
2020-09-15 09:34:59.820,3.334,2500
2020-09-15 09:34:59.820,3.334,30000
2020-09-15 09:34:59.820,3.334,30000
2020-09-15 09:34:59.820,3.334,30000
2020-09-15 09:34:59.820,3.334,30000
2020-09-15 09:34:59.820,3.334,30000
2020-09-15 09:35:00.680,3.334,147600
2020-09-15 09:35:00.900,3.334,1000
2020-09-15 09:35:01.240,3.335,100
2020-09-15 09:35:02.240,3.335,200
2020-09-15 09:35:04.850,3.335,200
2020-09-15 09:35:05.410,3.334,151400
2020-09-15 09:35:05.410,3.334,200
2020-09-15 09:35:05.410,3.334,60000
2020-09-15 09:35:06.520,3.334,2000
2020-09-15 09:35:06.670,3.334,60000
2020-09-15 09:35:06.740,3.334,6000
2020-09-15 09:35:07.170,3.334,20500
2020-09-15 09:35:07.170,3.334,29500
2020-09-15 09:35:07.170,3.334,50000
2020-09-15 09:35:07.170,3.334,20000
2020-09-15 09:35:07.170,3.334,50000
2020-09-15 09:35:07.170,3.334,50000
2020-09-15 09:35:07.170,3.334,30000
2020-09-15 09:35:08.690,3.334,1000
2020-09-15 09:35:08.960,3.335,400
2020-09-15 09:35:08.960,3.335,3000
2020-09-15 09:35:08.960,3.335,36600
2020-09-15 09:35:11.390,3.334,300
2020-09-15 09:35:11.780,3.334,1500
2020-09-15 09:35:13.040,3.334,2200
2020-09-15 09:35:13.040,3.334,3400
2020-09-15 09:35:13.040,3.334,100
2020-09-15 09:35:13.040,3.334,16200
2020-09-15 09:35:13.040,3.333,100
2020-09-15 09:35:13.040,3.333,7000
2020-09-15 09:35:13.040,3.333,200
2020-09-15 09:35:13.040,3.333,1000
2020-09-15 09:35:13.040,3.333,6100
2020-09-15 09:35:13.040,3.333,10000
2020-09-15 09:35:13.040,3.333,100
2020-09-15 09:35:13.040,3.333,10000
2020-09-15 09:35:13.040,3.333,243600
2020-09-15 09:35:16.390,3.333,7000
2020-09-15 09:35:20.430,3.333,1000
2020-09-15 09:35:20.430,3.334,30000
2020-09-15 09:35:20.790,3.334,300
2020-09-15 09:35:22.020,3.333,20000
2020-09-15 09:35:23.930,3.333,28400
2020-09-15 09:35:23.930,3.333,1200
2020-09-15 09:35:23.930,3.333,5100
2020-09-15 09:35:23.930,3.333,1000
2020-09-15 09:35:23.930,3.333,10000
2020-09-15 09:35:23.930,3.333,10000
2020-09-15 09:35:23.930,3.333,5000
2020-09-15 09:35:23.930,3.333,6700
2020-09-15 09:35:23.930,3.333,2600
2020-09-15 09:35:24.390,3.333,5000
2020-09-15 09:35:24.720,3.333,42400
2020-09-15 09:35:24.720,3.333,100
2020-09-15 09:35:24.720,3.333,500
2020-09-15 09:35:24.720,3.333,1000
2020-09-15 09:35:24.720,3.333,18300
2020-09-15 09:35:24.720,3.333,2000
2020-09-15 09:35:25.010,3.332,7000
2020-09-15 09:35:25.010,3.332,200
2020-09-15 09:35:25.010,3.332,1000
2020-09-15 09:35:25.010,3.332,200
2020-09-15 09:35:25.010,3.332,51600
2020-09-15 09:35:26.000,3.333,1200
2020-09-15 09:35:26.140,3.333,5000
2020-09-15 09:35:26.810,3.332,60000
2020-09-15 09:35:27.570,3.333,2000
2020-09-15 09:35:28.000,3.332,88000
2020-09-15 09:35:28.400,3.332,60000
2020-09-15 09:35:28.730,3.332,40400
2020-09-15 09:35:28.730,3.332,100
2020-09-15 09:35:28.730,3.332,30000
2020-09-15 09:35:28.730,3.332,100
2020-09-15 09:35:28.730,3.332,5000
2020-09-15 09:35:28.730,3.332,1000
2020-09-15 09:35:28.730,3.332,3900
2020-09-15 09:35:28.730,3.332,60000
2020-09-15 09:35:28.730,3.332,40000
2020-09-15 09:35:31.910,3.331,10000
2020-09-15 09:35:31.910,3.331,3100
2020-09-15 09:35:31.910,3.331,7000
2020-09-15 09:35:31.910,3.331,500
2020-09-15 09:35:31.910,3.331,5100
2020-09-15 09:35:31.910,3.331,5100
2020-09-15 09:35:31.910,3.331,10000
2020-09-15 09:35:31.910,3.331,1000
2020-09-15 09:35:31.910,3.331,6100
2020-09-15 09:35:31.910,3.331,200
2020-09-15 09:35:31.910,3.331,10000
2020-09-15 09:35:31.910,3.331,500
2020-09-15 09:35:31.910,3.331,5000
2020-09-15 09:35:31.910,3.331,6700
2020-09-15 09:35:31.910,3.331,5000
2020-09-15 09:35:31.910,3.331,3100
2020-09-15 09:35:31.910,3.331,300
2020-09-15 09:35:31.910,3.331,5000
2020-09-15 09:35:31.910,3.331,10000
2020-09-15 09:35:31.910,3.331,10000
2020-09-15 09:35:31.910,3.331,10000
2020-09-15 09:35:31.910,3.331,30000
2020-09-15 09:35:31.910,3.331,3000
2020-09-15 09:35:31.910,3.331,60000
2020-09-15 09:35:34.180,3.331,200
2020-09-15 09:35:34.310,3.331,40000
2020-09-15 09:35:35.590,3.331,3500
2020-09-15 09:35:35.740,3.331,3100
2020-09-15 09:35:36.570,3.33,2000
2020-09-15 09:35:36.570,3.33,10000
2020-09-15 09:35:36.570,3.33,7000
2020-09-15 09:35:36.570,3.33,1500
2020-09-15 09:35:36.570,3.33,1000
2020-09-15 09:35:36.570,3.33,4300
2020-09-15 09:35:37.270,3.33,3200
2020-09-15 09:35:37.330,3.331,10000
2020-09-15 09:35:38.520,3.331,7500
2020-09-15 09:35:39.120,3.331,100
2020-09-15 09:35:39.420,3.331,2000
2020-09-15 09:35:39.770,3.33,100
2020-09-15 09:35:41.750,3.331,3300
2020-09-15 09:35:43.270,3.33,50000
2020-09-15 09:35:43.660,3.33,5900
2020-09-15 09:35:43.700,3.33,1000
2020-09-15 09:35:43.910,3.33,3000
2020-09-15 09:35:44.480,3.331,3000
2020-09-15 09:35:45.410,3.33,100
2020-09-15 09:35:45.860,3.33,1800
2020-09-15 09:35:47.490,3.33,2000
2020-09-15 09:35:48.240,3.33,70100
2020-09-15 09:35:48.240,3.33,1000
2020-09-15 09:35:48.240,3.33,200
2020-09-15 09:35:48.240,3.33,10000
2020-09-15 09:35:48.240,3.33,800
2020-09-15 09:35:48.240,3.33,1000
2020-09-15 09:35:48.240,3.33,5000
2020-09-15 09:35:48.240,3.33,10000
2020-09-15 09:35:48.240,3.33,2000
2020-09-15 09:35:48.240,3.33,9900
2020-09-15 09:35:48.390,3.33,44300
2020-09-15 09:35:48.390,3.331,100
2020-09-15 09:35:48.390,3.331,20500
2020-09-15 09:35:48.390,3.331,1000
2020-09-15 09:35:48.390,3.331,18500
2020-09-15 09:35:48.560,3.33,400
2020-09-15 09:35:48.840,3.331,10800
2020-09-15 09:35:48.840,3.331,1000
2020-09-15 09:35:54.280,3.331,100
2020-09-15 09:35:56.230,3.331,48100
2020-09-15 09:35:56.230,3.331,5000
2020-09-15 09:35:56.230,3.33,166900
2020-09-15 09:36:01.380,3.331,2000
2020-09-15 09:36:01.380,3.331,2000
2020-09-15 09:36:02.010,3.331,1000
2020-09-15 09:36:02.040,3.331,1000
2020-09-15 09:36:03.140,3.33,5800
2020-09-15 09:36:04.750,3.331,2000
2020-09-15 09:36:04.750,3.331,3900
2020-09-15 09:36:06.210,3.331,100
2020-09-15 09:36:06.340,3.332,2000
2020-09-15 09:36:06.340,3.331,12700
2020-09-15 09:36:07.930,3.33,4200
2020-09-15 09:36:07.970,3.331,7300
2020-09-15 09:36:11.870,3.331,7400
2020-09-15 09:36:13.320,3.331,26900
2020-09-15 09:36:22.950,3.331,18400
2020-09-15 09:36:22.950,3.331,200
2020-09-15 09:36:22.950,3.331,5000
2020-09-15 09:36:22.950,3.331,6400
2020-09-15 09:36:24.760,3.332,6000
2020-09-15 09:36:26.270,3.331,12000
2020-09-15 09:36:27.690,3.331,300
2020-09-15 09:36:27.690,3.331,5000
2020-09-15 09:36:27.690,3.331,200
2020-09-15 09:36:27.690,3.331,8000
2020-09-15 09:36:27.690,3.331,10000
2020-09-15 09:36:27.690,3.331,6500
2020-09-15 09:36:30.080,3.332,100
2020-09-15 09:36:30.380,3.332,20000
2020-09-15 09:36:31.180,3.332,200
2020-09-15 09:36:31.410,3.331,3500
2020-09-15 09:36:31.410,3.331,7000
2020-09-15 09:36:31.410,3.331,300
2020-09-15 09:36:31.410,3.331,6000
2020-09-15 09:36:31.410,3.331,100000
2020-09-15 09:36:31.410,3.331,10000
2020-09-15 09:36:31.410,3.331,300
2020-09-15 09:36:31.410,3.331,200
2020-09-15 09:36:31.410,3.331,60000
2020-09-15 09:36:31.410,3.331,100
2020-09-15 09:36:31.410,3.331,3300
2020-09-15 09:36:31.410,3.331,12500
2020-09-15 09:36:31.840,3.331,5000
2020-09-15 09:36:33.020,3.331,13500
2020-09-15 09:36:33.230,3.33,500
2020-09-15 09:36:33.610,3.331,300
2020-09-15 09:36:33.610,3.331,200
2020-09-15 09:36:33.670,3.331,11000
2020-09-15 09:36:34.330,3.331,20000
2020-09-15 09:36:34.330,3.331,46800
2020-09-15 09:36:34.330,3.331,1000
2020-09-15 09:36:34.330,3.331,2200
2020-09-15 09:36:37.030,3.331,2800
2020-09-15 09:36:37.030,3.331,2200
2020-09-15 09:36:37.340,3.331,800
2020-09-15 09:36:37.340,3.331,1600
2020-09-15 09:36:37.340,3.331,300
2020-09-15 09:36:37.340,3.331,600
2020-09-15 09:36:40.430,3.331,400
2020-09-15 09:36:40.950,3.331,600
2020-09-15 09:36:42.590,3.331,10000
2020-09-15 09:36:42.890,3.331,1000
2020-09-15 09:36:45.890,3.331,2000
2020-09-15 09:36:47.980,3.331,4400
2020-09-15 09:36:48.020,3.33,68000
2020-09-15 09:36:48.020,3.33,5000
2020-09-15 09:36:48.020,3.33,10000
2020-09-15 09:36:48.020,3.33,15000
2020-09-15 09:36:48.020,3.33,15000
2020-09-15 09:36:48.020,3.33,4000
2020-09-15 09:36:48.020,3.33,2500
2020-09-15 09:36:48.020,3.33,6000
2020-09-15 09:36:48.020,3.33,3000
2020-09-15 09:36:48.020,3.33,100
2020-09-15 09:36:48.020,3.33,6000
2020-09-15 09:36:48.020,3.33,15000
2020-09-15 09:36:48.020,3.33,5000
2020-09-15 09:36:48.020,3.33,200
2020-09-15 09:36:48.020,3.33,9500
2020-09-15 09:36:48.020,3.33,10000
2020-09-15 09:36:48.020,3.33,2000
2020-09-15 09:36:48.020,3.33,1000
2020-09-15 09:36:48.020,3.33,100
2020-09-15 09:36:48.020,3.33,4000
2020-09-15 09:36:48.020,3.33,5000
2020-09-15 09:36:48.020,3.33,3000
2020-09-15 09:36:48.020,3.33,500
2020-09-15 09:36:48.020,3.33,50000
2020-09-15 09:36:48.020,3.33,5000
2020-09-15 09:36:48.020,3.33,55100
2020-09-15 09:36:48.310,3.331,200
2020-09-15 09:36:48.770,3.331,10700
2020-09-15 09:36:48.770,3.331,28500
2020-09-15 09:36:49.550,3.33,4900
2020-09-15 09:36:49.550,3.33,5000
2020-09-15 09:36:49.550,3.33,28100
2020-09-15 09:36:49.610,3.331,1000
2020-09-15 09:36:51.570,3.33,1900
2020-09-15 09:36:51.570,3.33,100
2020-09-15 09:36:55.530,3.33,4900
2020-09-15 09:36:55.530,3.33,1900
2020-09-15 09:36:55.530,3.33,1000
2020-09-15 09:36:55.530,3.33,2700
2020-09-15 09:36:56.360,3.331,200
2020-09-15 09:36:56.710,3.33,100
2020-09-15 09:36:56.790,3.33,17200
2020-09-15 09:36:56.790,3.33,10000
2020-09-15 09:36:56.790,3.33,3000
2020-09-15 09:36:56.790,3.33,200
2020-09-15 09:36:56.790,3.33,200
2020-09-15 09:36:56.790,3.33,20000
2020-09-15 09:36:56.790,3.33,5000
2020-09-15 09:36:56.790,3.33,200
2020-09-15 09:36:56.790,3.33,200
2020-09-15 09:36:56.790,3.33,100
2020-09-15 09:36:56.790,3.33,2000
2020-09-15 09:36:56.790,3.33,6000
2020-09-15 09:36:56.790,3.33,1000
2020-09-15 09:36:56.790,3.33,5000
2020-09-15 09:36:56.790,3.33,100
2020-09-15 09:36:56.790,3.33,8300
2020-09-15 09:36:56.790,3.33,20000
2020-09-15 09:36:56.790,3.33,2000
2020-09-15 09:36:56.790,3.33,10100
2020-09-15 09:36:56.790,3.33,1000
2020-09-15 09:36:56.790,3.33,200
2020-09-15 09:36:56.790,3.33,7100
2020-09-15 09:36:56.790,3.33,35000
2020-09-15 09:36:56.790,3.33,50000
2020-09-15 09:36:56.790,3.33,60000
2020-09-15 09:36:56.790,3.33,10000
2020-09-15 09:36:56.790,3.33,1200
2020-09-15 09:36:57.970,3.329,500
2020-09-15 09:36:58.610,3.329,700
2020-09-15 09:36:58.610,3.329,7000
2020-09-15 09:36:58.610,3.329,7000
2020-09-15 09:36:58.610,3.329,1000
2020-09-15 09:36:58.610,3.329,2000
2020-09-15 09:36:58.670,3.33,10000
2020-09-15 09:36:58.670,3.33,14900
2020-09-15 09:36:58.670,3.33,35100
2020-09-15 09:36:58.670,3.33,50000
2020-09-15 09:36:58.670,3.33,10000
2020-09-15 09:36:58.670,3.33,50000
2020-09-15 09:36:58.670,3.33,20000
2020-09-15 09:36:58.990,3.33,3000
2020-09-15 09:36:59.570,3.33,300
2020-09-15 09:36:59.990,3.33,2000
2020-09-15 09:37:01.070,3.329,4100
2020-09-15 09:37:01.070,3.329,200
2020-09-15 09:37:01.070,3.329,6000
2020-09-15 09:37:01.070,3.329,50000
2020-09-15 09:37:01.070,3.329,5000
2020-09-15 09:37:01.070,3.329,100
2020-09-15 09:37:01.070,3.329,5000
2020-09-15 09:37:01.070,3.329,5000
2020-09-15 09:37:01.070,3.329,8700
2020-09-15 09:37:01.070,3.329,30000
2020-09-15 09:37:01.070,3.329,6000
2020-09-15 09:37:01.070,3.329,5000
2020-09-15 09:37:01.070,3.329,30000
2020-09-15 09:37:01.070,3.329,200
2020-09-15 09:37:01.070,3.329,3100
2020-09-15 09:37:01.070,3.329,10000
2020-09-15 09:37:01.070,3.329,100
2020-09-15 09:37:01.070,3.329,20000
2020-09-15 09:37:01.070,3.329,500
2020-09-15 09:37:01.070,3.329,1900
2020-09-15 09:37:01.070,3.329,50000
2020-09-15 09:37:01.070,3.329,1000
2020-09-15 09:37:01.070,3.329,58100
2020-09-15 09:37:01.130,3.33,5000
2020-09-15 09:37:01.810,3.33,300
2020-09-15 09:37:02.960,3.33,200
2020-09-15 09:37:03.760,3.33,200
2020-09-15 09:37:03.940,3.33,300
2020-09-15 09:37:04.010,3.33,3000
2020-09-15 09:37:04.830,3.329,200
2020-09-15 09:37:04.830,3.329,200
2020-09-15 09:37:05.640,3.33,10000
2020-09-15 09:37:06.510,3.329,50000
2020-09-15 09:37:06.510,3.329,8300
2020-09-15 09:37:07.440,3.329,100
2020-09-15 09:37:09.750,3.328,1200
2020-09-15 09:37:09.750,3.328,6600
2020-09-15 09:37:09.750,3.329,30000
2020-09-15 09:37:10.000,3.329,300
2020-09-15 09:37:11.020,3.328,400
2020-09-15 09:37:11.020,3.328,200
2020-09-15 09:37:11.020,3.328,6700
2020-09-15 09:37:11.020,3.328,50000
2020-09-15 09:37:11.020,3.328,1000
2020-09-15 09:37:11.020,3.328,200
2020-09-15 09:37:11.020,3.328,100
2020-09-15 09:37:11.020,3.328,300000
2020-09-15 09:37:11.020,3.328,100
2020-09-15 09:37:11.020,3.328,5000
2020-09-15 09:37:11.020,3.328,80000
2020-09-15 09:37:11.020,3.328,50000
2020-09-15 09:37:11.020,3.328,20000
2020-09-15 09:37:11.020,3.328,100
2020-09-15 09:37:11.020,3.328,50000
2020-09-15 09:37:11.020,3.328,10000
2020-09-15 09:37:11.020,3.328,5000
2020-09-15 09:37:11.020,3.328,5000
2020-09-15 09:37:11.020,3.328,5000
2020-09-15 09:37:11.020,3.328,1000
2020-09-15 09:37:11.020,3.328,1000
2020-09-15 09:37:11.020,3.328,268000
2020-09-15 09:37:11.020,3.328,12000
2020-09-15 09:37:11.020,3.328,100
2020-09-15 09:37:12.250,3.328,2300
2020-09-15 09:37:12.540,3.328,5000
2020-09-15 09:37:12.720,3.328,100
2020-09-15 09:37:12.890,3.328,700
2020-09-15 09:37:13.280,3.328,100
2020-09-15 09:37:13.430,3.328,100
2020-09-15 09:37:13.490,3.328,10000
2020-09-15 09:37:13.550,3.327,7000
2020-09-15 09:37:13.550,3.327,1000
2020-09-15 09:37:13.550,3.327,6100
2020-09-15 09:37:13.550,3.327,200
2020-09-15 09:37:13.550,3.327,500
2020-09-15 09:37:13.550,3.327,50000
2020-09-15 09:37:13.550,3.327,100
2020-09-15 09:37:13.550,3.327,200
2020-09-15 09:37:13.550,3.327,11700
2020-09-15 09:37:13.550,3.327,3200
2020-09-15 09:37:13.550,3.327,2000
2020-09-15 09:37:13.550,3.327,1000
2020-09-15 09:37:13.550,3.327,9200
2020-09-15 09:37:14.460,3.327,800
2020-09-15 09:37:14.460,3.327,1000
2020-09-15 09:37:14.460,3.327,10900
2020-09-15 09:37:14.460,3.327,9200
2020-09-15 09:37:14.460,3.327,10000
2020-09-15 09:37:14.460,3.327,5000
2020-09-15 09:37:15.370,3.327,50000
2020-09-15 09:37:15.830,3.327,100000
2020-09-15 09:37:16.810,3.327,5000
2020-09-15 09:37:17.410,3.327,100
2020-09-15 09:37:19.660,3.327,23900
2020-09-15 09:37:20.230,3.327,2600
2020-09-15 09:37:20.360,3.327,50000
2020-09-15 09:37:20.360,3.327,10000
2020-09-15 09:37:20.360,3.327,50000
2020-09-15 09:37:20.360,3.327,50000
2020-09-15 09:37:20.890,3.327,200
2020-09-15 09:37:21.740,3.327,20000
2020-09-15 09:37:22.140,3.327,200
2020-09-15 09:37:22.380,3.327,50000
2020-09-15 09:37:22.380,3.327,50000
2020-09-15 09:37:22.380,3.327,50000
2020-09-15 09:37:22.380,3.327,50000
2020-09-15 09:37:22.380,3.327,50000
2020-09-15 09:37:22.380,3.327,40000
2020-09-15 09:37:22.660,3.327,17500
2020-09-15 09:37:23.520,3.326,3000
2020-09-15 09:37:23.900,3.327,4200
2020-09-15 09:37:23.900,3.327,25800
2020-09-15 09:37:23.900,3.327,30000
2020-09-15 09:37:24.180,3.326,400
2020-09-15 09:37:25.330,3.327,50000
2020-09-15 09:37:25.330,3.327,30000
2020-09-15 09:37:25.330,3.327,30000
2020-09-15 09:37:25.330,3.327,30000
2020-09-15 09:37:25.330,3.327,30000
2020-09-15 09:37:25.330,3.327,20000
2020-09-15 09:37:25.330,3.327,30000
2020-09-15 09:37:25.330,3.327,10000
2020-09-15 09:37:25.330,3.327,14200
2020-09-15 09:37:25.330,3.327,35800
2020-09-15 09:37:25.330,3.327,50000
2020-09-15 09:37:25.330,3.327,20000
2020-09-15 09:37:25.330,3.327,50000
2020-09-15 09:37:25.360,3.327,30000
2020-09-15 09:37:25.360,3.327,30000
2020-09-15 09:37:25.360,3.327,50000
2020-09-15 09:37:25.360,3.327,34200
2020-09-15 09:37:25.360,3.327,15800
2020-09-15 09:37:25.360,3.327,50000
2020-09-15 09:37:25.360,3.327,20200
2020-09-15 09:37:25.360,3.327,5100
2020-09-15 09:37:25.360,3.327,4700
2020-09-15 09:37:25.360,3.327,20000
2020-09-15 09:37:26.000,3.326,3600
2020-09-15 09:37:26.000,3.326,300
2020-09-15 09:37:26.000,3.326,2000
2020-09-15 09:37:26.000,3.326,10000
2020-09-15 09:37:26.000,3.326,1000
2020-09-15 09:37:26.000,3.326,200
2020-09-15 09:37:26.000,3.326,200
2020-09-15 09:37:26.000,3.326,500
2020-09-15 09:37:26.000,3.326,5000
2020-09-15 09:37:26.000,3.326,500
2020-09-15 09:37:26.000,3.326,12400
2020-09-15 09:37:26.000,3.326,2000
2020-09-15 09:37:26.000,3.326,300
2020-09-15 09:37:26.520,3.327,3000
2020-09-15 09:37:27.660,3.327,1000
2020-09-15 09:37:30.370,3.327,1500
2020-09-15 09:37:31.750,3.326,4300
2020-09-15 09:37:31.780,3.327,1000
2020-09-15 09:37:31.810,3.327,2000
2020-09-15 09:37:32.360,3.327,900
2020-09-15 09:37:32.390,3.327,2600
2020-09-15 09:37:32.820,3.328,10800
2020-09-15 09:37:32.820,3.328,289200
2020-09-15 09:37:33.170,3.327,17400
2020-09-15 09:37:33.790,3.327,300000
2020-09-15 09:37:33.790,3.327,300000
2020-09-15 09:37:33.790,3.327,30000
2020-09-15 09:37:33.790,3.327,30000
2020-09-15 09:37:33.790,3.327,30000
2020-09-15 09:37:34.090,3.327,8900
2020-09-15 09:37:34.800,3.326,400
2020-09-15 09:37:34.800,3.326,3000
2020-09-15 09:37:34.800,3.326,3600
2020-09-15 09:37:34.930,3.327,30000
2020-09-15 09:37:35.350,3.327,10000
2020-09-15 09:37:36.880,3.327,600
2020-09-15 09:37:37.310,3.327,5400
2020-09-15 09:37:37.310,3.327,2500
2020-09-15 09:37:37.310,3.327,100
2020-09-15 09:37:37.310,3.326,3100
2020-09-15 09:37:38.990,3.327,600
2020-09-15 09:37:39.510,3.327,1400
2020-09-15 09:37:39.510,3.327,1100
2020-09-15 09:37:40.860,3.328,300
2020-09-15 09:37:40.860,3.328,3000
2020-09-15 09:37:40.860,3.328,30000
2020-09-15 09:37:41.380,3.328,6000
2020-09-15 09:37:41.500,3.328,500
2020-09-15 09:37:42.220,3.328,10200
2020-09-15 09:37:42.220,3.327,3900
2020-09-15 09:37:42.220,3.327,900
2020-09-15 09:37:47.040,3.328,2000
2020-09-15 09:37:47.130,3.329,3000
2020-09-15 09:37:48.100,3.328,2000
2020-09-15 09:37:48.910,3.328,2500
2020-09-15 09:37:51.280,3.327,300
2020-09-15 09:37:51.280,3.327,700
2020-09-15 09:37:51.420,3.328,1100
2020-09-15 09:37:51.420,3.329,500
2020-09-15 09:37:53.790,3.329,4200
2020-09-15 09:37:53.790,3.329,20000
2020-09-15 09:37:53.790,3.329,25800
2020-09-15 09:37:53.790,3.329,50000
2020-09-15 09:37:53.790,3.329,50000
2020-09-15 09:37:53.790,3.329,50000
2020-09-15 09:37:53.790,3.329,10000
2020-09-15 09:37:53.950,3.329,10200
2020-09-15 09:37:54.810,3.329,30000
2020-09-15 09:37:54.810,3.329,30000
2020-09-15 09:37:54.810,3.329,30000
2020-09-15 09:37:54.810,3.329,30000
2020-09-15 09:37:54.810,3.329,30000
2020-09-15 09:37:54.810,3.329,30000
2020-09-15 09:37:54.810,3.329,30000
2020-09-15 09:37:54.900,3.329,300000
2020-09-15 09:37:55.510,3.329,50000
2020-09-15 09:37:55.510,3.329,50000
2020-09-15 09:37:55.510,3.329,50000
2020-09-15 09:37:55.510,3.329,30000
2020-09-15 09:37:55.510,3.329,50000
2020-09-15 09:37:55.510,3.329,50000
2020-09-15 09:37:55.510,3.329,20000
2020-09-15 09:37:55.510,3.329,20000
2020-09-15 09:37:55.850,3.329,60000
2020-09-15 09:37:58.560,3.329,10000
2020-09-15 09:37:58.710,3.328,300
2020-09-15 09:38:01.140,3.329,7900
2020-09-15 09:38:01.140,3.329,2100
2020-09-15 09:38:01.360,3.329,17900
2020-09-15 09:38:05.340,3.329,2100
2020-09-15 09:38:05.940,3.33,100
2020-09-15 09:38:07.920,3.329,100
2020-09-15 09:38:08.010,3.329,4200
2020-09-15 09:38:08.460,3.329,5700
2020-09-15 09:38:08.460,3.33,500
2020-09-15 09:38:08.460,3.33,4800
2020-09-15 09:38:09.930,3.328,200
2020-09-15 09:38:10.170,3.33,500
2020-09-15 09:38:11.030,3.33,1000
2020-09-15 09:38:11.740,3.329,4000
2020-09-15 09:38:11.890,3.329,100
2020-09-15 09:38:13.400,3.329,900
2020-09-15 09:38:13.400,3.329,6400
2020-09-15 09:38:15.130,3.329,200
2020-09-15 09:38:16.260,3.33,3700
2020-09-15 09:38:16.260,3.33,1400
2020-09-15 09:38:16.260,3.33,400
2020-09-15 09:38:16.260,3.33,4500
2020-09-15 09:38:16.600,3.33,1000
2020-09-15 09:38:17.360,3.33,300
2020-09-15 09:38:19.060,3.329,1400
2020-09-15 09:38:19.060,3.329,600
2020-09-15 09:38:19.060,3.329,1700
2020-09-15 09:38:19.120,3.329,498300
2020-09-15 09:38:19.120,3.329,3000
2020-09-15 09:38:19.120,3.329,5000
2020-09-15 09:38:21.960,3.329,3000
2020-09-15 09:38:22.290,3.329,3600
2020-09-15 09:38:22.920,3.329,100
2020-09-15 09:38:24.330,3.329,50000
2020-09-15 09:38:24.330,3.329,20000
2020-09-15 09:38:24.330,3.329,50000
2020-09-15 09:38:26.850,3.329,10000
2020-09-15 09:38:28.350,3.329,50000
2020-09-15 09:38:28.350,3.329,40000
2020-09-15 09:38:28.350,3.329,50000
2020-09-15 09:38:28.350,3.329,50000
2020-09-15 09:38:28.350,3.329,50000
2020-09-15 09:38:28.350,3.329,8000
2020-09-15 09:38:28.350,3.329,700
2020-09-15 09:38:28.350,3.329,300
2020-09-15 09:38:28.350,3.329,21000
2020-09-15 09:38:31.000,3.329,10000
2020-09-15 09:38:31.060,3.329,50000
2020-09-15 09:38:31.060,3.329,10000
2020-09-15 09:38:32.180,3.328,100
2020-09-15 09:38:32.180,3.328,600
2020-09-15 09:38:33.400,3.329,9000
2020-09-15 09:38:33.400,3.329,10000
2020-09-15 09:38:33.900,3.33,8200
2020-09-15 09:38:33.900,3.33,9000
2020-09-15 09:38:33.900,3.33,10000
2020-09-15 09:38:33.900,3.33,6000
2020-09-15 09:38:33.900,3.33,6800
2020-09-15 09:38:35.220,3.329,1900
2020-09-15 09:38:35.390,3.329,4900
2020-09-15 09:38:36.810,3.33,3200
2020-09-15 09:38:36.810,3.33,4500
2020-09-15 09:38:36.810,3.33,2300
2020-09-15 09:38:37.400,3.33,3200
2020-09-15 09:38:37.400,3.33,1500
2020-09-15 09:38:39.710,3.33,13400
2020-09-15 09:38:39.860,3.331,7900
2020-09-15 09:38:39.860,3.331,3000
2020-09-15 09:38:39.860,3.331,8200
2020-09-15 09:38:39.860,3.331,900
2020-09-15 09:38:40.030,3.33,40600
2020-09-15 09:38:42.800,3.331,50000
2020-09-15 09:38:42.800,3.331,30000
2020-09-15 09:38:44.320,3.331,300000
2020-09-15 09:38:45.060,3.331,4000
2020-09-15 09:38:45.350,3.331,100
2020-09-15 09:38:46.140,3.331,15000
2020-09-15 09:38:49.150,3.331,500
2020-09-15 09:38:49.840,3.33,3000
2020-09-15 09:38:50.410,3.33,7700
2020-09-15 09:38:50.410,3.33,200
2020-09-15 09:38:50.410,3.33,2000
2020-09-15 09:38:50.410,3.33,40100
2020-09-15 09:38:51.350,3.33,19900
2020-09-15 09:38:51.350,3.33,50000
2020-09-15 09:38:51.350,3.329,20000
2020-09-15 09:38:51.350,3.329,1000
2020-09-15 09:38:51.350,3.329,6000
2020-09-15 09:38:51.350,3.329,103100
2020-09-15 09:38:51.850,3.331,200
2020-09-15 09:38:52.780,3.331,4000
2020-09-15 09:38:55.250,3.331,2000
2020-09-15 09:38:56.160,3.331,10000
2020-09-15 09:38:56.500,3.33,5000
2020-09-15 09:38:58.820,3.33,10000
2020-09-15 09:38:59.880,3.331,50000
2020-09-15 09:38:59.880,3.331,50000
2020-09-15 09:38:59.880,3.331,50000
2020-09-15 09:39:00.080,3.331,100
2020-09-15 09:39:00.890,3.331,30000
2020-09-15 09:39:01.510,3.331,3200
2020-09-15 09:39:01.510,3.331,100
2020-09-15 09:39:01.510,3.331,7800
2020-09-15 09:39:01.510,3.331,700
2020-09-15 09:39:01.510,3.331,4000
2020-09-15 09:39:01.680,3.331,5000
2020-09-15 09:39:03.450,3.331,39200
2020-09-15 09:39:03.450,3.33,15600
2020-09-15 09:39:07.510,3.331,2900
2020-09-15 09:39:12.340,3.331,7100
2020-09-15 09:39:12.340,3.331,100
2020-09-15 09:39:12.340,3.331,200
2020-09-15 09:39:15.870,3.332,1000
2020-09-15 09:39:15.870,3.332,4600
2020-09-15 09:39:15.870,3.332,4400
2020-09-15 09:39:16.890,3.332,15600
2020-09-15 09:39:16.890,3.332,300
2020-09-15 09:39:16.890,3.332,3000
2020-09-15 09:39:16.890,3.332,8000
2020-09-15 09:39:16.890,3.332,3100
2020-09-15 09:39:17.090,3.332,26900
2020-09-15 09:39:17.090,3.332,273100
2020-09-15 09:39:17.850,3.332,26900
2020-09-15 09:39:17.850,3.332,3100
2020-09-15 09:39:17.850,3.332,500
2020-09-15 09:39:20.180,3.332,500
2020-09-15 09:39:27.060,3.333,1800
2020-09-15 09:39:28.300,3.333,31000
2020-09-15 09:39:28.300,3.333,1000
2020-09-15 09:39:28.540,3.333,9000
2020-09-15 09:39:28.720,3.333,300
2020-09-15 09:39:32.310,3.333,800
2020-09-15 09:39:32.860,3.332,100
2020-09-15 09:39:32.860,3.332,2300
2020-09-15 09:39:33.280,3.332,30000
2020-09-15 09:39:33.520,3.332,27700
2020-09-15 09:39:33.520,3.332,1000
2020-09-15 09:39:33.520,3.332,2000
2020-09-15 09:39:33.520,3.332,2000
2020-09-15 09:39:33.520,3.332,2000
2020-09-15 09:39:33.990,3.332,20000
2020-09-15 09:39:33.990,3.332,20000
2020-09-15 09:39:35.030,3.332,12800
2020-09-15 09:39:37.740,3.333,3000
2020-09-15 09:39:37.770,3.332,1000
2020-09-15 09:39:40.490,3.333,10000
2020-09-15 09:39:40.840,3.333,4200
2020-09-15 09:39:41.210,3.333,21700
2020-09-15 09:39:41.210,3.333,700
2020-09-15 09:39:41.210,3.333,6000
2020-09-15 09:39:41.210,3.333,10000
2020-09-15 09:39:41.210,3.333,2000
2020-09-15 09:39:41.210,3.333,800
2020-09-15 09:39:41.210,3.333,258800
2020-09-15 09:39:45.600,3.332,5000
2020-09-15 09:39:50.730,3.333,35900
2020-09-15 09:39:53.590,3.332,3500
2020-09-15 09:39:54.010,3.333,1700
2020-09-15 09:39:54.590,3.333,3600
2020-09-15 09:39:54.590,3.333,1000
2020-09-15 09:39:54.590,3.333,14000
2020-09-15 09:39:54.590,3.333,50000
2020-09-15 09:39:54.590,3.333,6200
2020-09-15 09:39:54.590,3.334,5000
2020-09-15 09:39:54.590,3.334,50000
2020-09-15 09:39:54.590,3.334,10000
2020-09-15 09:39:54.590,3.334,6200
2020-09-15 09:39:58.950,3.332,10000
2020-09-15 09:39:59.300,3.332,105400
2020-09-15 09:40:00.870,3.332,162300
2020-09-15 09:40:00.870,3.332,500
2020-09-15 09:40:00.870,3.332,4000
2020-09-15 09:40:00.870,3.332,3000
2020-09-15 09:40:00.870,3.332,800
2020-09-15 09:40:00.870,3.332,2000
2020-09-15 09:40:00.870,3.332,20000
2020-09-15 09:40:00.930,3.331,14800
2020-09-15 09:40:00.930,3.331,100
2020-09-15 09:40:00.930,3.331,60000
2020-09-15 09:40:00.930,3.331,1000
2020-09-15 09:40:00.930,3.331,100
2020-09-15 09:40:00.930,3.331,400
2020-09-15 09:40:00.930,3.331,200
2020-09-15 09:40:00.930,3.33,10000
2020-09-15 09:40:00.930,3.33,20000
2020-09-15 09:40:00.930,3.33,15000
2020-09-15 09:40:00.930,3.33,500
2020-09-15 09:40:00.930,3.33,1000
2020-09-15 09:40:00.930,3.33,10000
2020-09-15 09:40:00.930,3.33,20000
2020-09-15 09:40:00.930,3.33,700
2020-09-15 09:40:00.930,3.33,400
2020-09-15 09:40:00.930,3.33,2000
2020-09-15 09:40:00.930,3.33,93000
2020-09-15 09:40:00.930,3.329,1000
2020-09-15 09:40:00.930,3.329,1000
2020-09-15 09:40:00.930,3.329,10000
2020-09-15 09:40:00.930,3.329,300
2020-09-15 09:40:00.930,3.329,3000
2020-09-15 09:40:00.930,3.329,4000
2020-09-15 09:40:00.930,3.329,31600
2020-09-15 09:40:01.050,3.332,5000
2020-09-15 09:40:02.030,3.332,4300
2020-09-15 09:40:03.700,3.332,100
2020-09-15 09:40:04.310,3.332,10000
2020-09-15 09:40:04.660,3.332,5000
2020-09-15 09:40:05.530,3.332,83000
2020-09-15 09:40:05.530,3.332,25000
2020-09-15 09:40:06.120,3.332,35200
2020-09-15 09:40:09.270,3.332,500
2020-09-15 09:40:09.590,3.331,15000
2020-09-15 09:40:12.260,3.332,93000
2020-09-15 09:40:12.260,3.332,20000
2020-09-15 09:40:12.260,3.332,1000
2020-09-15 09:40:12.260,3.333,86000
2020-09-15 09:40:12.830,3.331,36500
2020-09-15 09:40:15.090,3.332,10000
2020-09-15 09:40:15.090,3.331,23500
2020-09-15 09:40:15.090,3.331,200
2020-09-15 09:40:15.090,3.331,200
2020-09-15 09:40:16.360,3.331,30000
2020-09-15 09:40:16.360,3.331,30000
2020-09-15 09:40:16.360,3.331,30000
2020-09-15 09:40:16.360,3.331,10000
2020-09-15 09:40:16.360,3.331,30000
2020-09-15 09:40:16.390,3.331,20000
2020-09-15 09:40:16.390,3.331,16100
2020-09-15 09:40:16.530,3.331,500
2020-09-15 09:40:22.550,3.332,200
2020-09-15 09:40:24.400,3.332,300
2020-09-15 09:40:26.790,3.332,1000
2020-09-15 09:40:29.460,3.332,1500
2020-09-15 09:40:29.460,3.332,3100
2020-09-15 09:40:29.460,3.332,15400
2020-09-15 09:40:30.370,3.331,200
2020-09-15 09:40:32.480,3.332,3000
2020-09-15 09:40:35.280,3.332,3000
2020-09-15 09:40:36.450,3.331,59800
2020-09-15 09:40:36.450,3.331,400
2020-09-15 09:40:36.450,3.331,300
2020-09-15 09:40:36.450,3.331,900
2020-09-15 09:40:36.450,3.331,3000
2020-09-15 09:40:36.450,3.331,2000
2020-09-15 09:40:36.450,3.331,5000
2020-09-15 09:40:37.020,3.331,50000
2020-09-15 09:40:37.020,3.331,50000
2020-09-15 09:40:37.020,3.331,10000
2020-09-15 09:40:37.020,3.331,50000
2020-09-15 09:40:37.020,3.331,20000
2020-09-15 09:40:37.700,3.331,10000
2020-09-15 09:40:38.300,3.331,900
2020-09-15 09:40:38.430,3.33,20000
2020-09-15 09:40:38.430,3.33,40000
2020-09-15 09:40:39.900,3.331,37700
2020-09-15 09:40:39.900,3.331,22300
2020-09-15 09:40:40.080,3.331,27700
2020-09-15 09:40:44.800,3.331,10000
2020-09-15 09:40:47.010,3.331,4300
2020-09-15 09:40:48.000,3.331,100
2020-09-15 09:40:51.370,3.332,7900
2020-09-15 09:40:51.960,3.331,100
2020-09-15 09:40:51.960,3.331,400
2020-09-15 09:40:51.960,3.331,4000
2020-09-15 09:40:51.960,3.331,800
2020-09-15 09:40:52.710,3.331,4700
2020-09-15 09:40:52.710,3.331,12100
2020-09-15 09:40:52.710,3.332,2100
2020-09-15 09:40:52.710,3.332,36500
2020-09-15 09:40:52.710,3.332,400
2020-09-15 09:40:52.710,3.332,4000
2020-09-15 09:40:52.710,3.332,30200
2020-09-15 09:40:54.970,3.331,10000
2020-09-15 09:40:58.270,3.331,2500
2020-09-15 09:40:58.870,3.331,40000
2020-09-15 09:40:59.340,3.331,30000
2020-09-15 09:40:59.340,3.331,30000
2020-09-15 09:40:59.340,3.331,30000
2020-09-15 09:40:59.340,3.331,30000
2020-09-15 09:40:59.340,3.331,30000
2020-09-15 09:40:59.340,3.331,30000
2020-09-15 09:40:59.340,3.331,30000
2020-09-15 09:40:59.340,3.331,30000
2020-09-15 09:41:01.600,3.331,2400
2020-09-15 09:41:04.330,3.332,69800
2020-09-15 09:41:04.330,3.332,9000
2020-09-15 09:41:07.080,3.332,100
2020-09-15 09:41:09.530,3.332,4100
2020-09-15 09:41:10.510,3.332,25000
2020-09-15 09:41:11.530,3.332,3000
2020-09-15 09:41:14.140,3.333,9600
2020-09-15 09:41:14.140,3.333,20400
2020-09-15 09:41:15.000,3.332,6000
2020-09-15 09:41:15.500,3.333,29600
2020-09-15 09:41:15.500,3.333,15000
2020-09-15 09:41:15.500,3.333,30000
2020-09-15 09:41:15.500,3.333,3000
2020-09-15 09:41:15.500,3.333,25000
2020-09-15 09:41:15.500,3.333,50000
2020-09-15 09:41:15.500,3.334,800
2020-09-15 09:41:15.500,3.334,1000
2020-09-15 09:41:15.500,3.334,10000
2020-09-15 09:41:15.500,3.334,5000
2020-09-15 09:41:15.500,3.334,6500
2020-09-15 09:41:15.500,3.334,200
2020-09-15 09:41:15.500,3.334,6900
2020-09-15 09:41:17.780,3.333,2900
2020-09-15 09:41:20.340,3.333,1100
2020-09-15 09:41:20.340,3.333,500
2020-09-15 09:41:20.390,3.332,3400
2020-09-15 09:41:22.580,3.333,900
2020-09-15 09:41:24.330,3.333,2000
2020-09-15 09:41:24.790,3.333,1500
2020-09-15 09:41:25.160,3.333,100
2020-09-15 09:41:25.430,3.332,23300
2020-09-15 09:41:29.280,3.333,400
2020-09-15 09:41:29.280,3.333,14600
2020-09-15 09:41:31.320,3.332,2900
2020-09-15 09:41:31.430,3.333,12100
2020-09-15 09:41:34.490,3.333,23300
2020-09-15 09:41:34.490,3.333,1400
2020-09-15 09:41:34.490,3.333,50000
2020-09-15 09:41:34.490,3.333,2800
2020-09-15 09:41:36.160,3.334,100
2020-09-15 09:41:37.610,3.333,400
2020-09-15 09:41:40.070,3.333,22800
2020-09-15 09:41:40.070,3.333,1600
2020-09-15 09:41:40.070,3.332,15600
2020-09-15 09:41:41.380,3.333,300
2020-09-15 09:41:45.000,3.334,3400
2020-09-15 09:41:50.090,3.333,29700
2020-09-15 09:41:51.020,3.333,1000
2020-09-15 09:41:51.150,3.333,3000
2020-09-15 09:41:57.230,3.333,1000
2020-09-15 09:41:59.120,3.333,2000
2020-09-15 09:41:59.520,3.333,31700
2020-09-15 09:42:02.880,3.333,4000
2020-09-15 09:42:03.320,3.333,100
2020-09-15 09:42:08.070,3.332,254800
2020-09-15 09:42:08.070,3.332,500
2020-09-15 09:42:08.070,3.332,3600
2020-09-15 09:42:08.070,3.332,5000
2020-09-15 09:42:11.670,3.332,4800
2020-09-15 09:42:11.670,3.332,1000
2020-09-15 09:42:11.810,3.332,17200
2020-09-15 09:42:11.810,3.332,32800
2020-09-15 09:42:11.810,3.332,30000
2020-09-15 09:42:11.810,3.332,50000
2020-09-15 09:42:11.810,3.332,30000
2020-09-15 09:42:11.810,3.332,30000
2020-09-15 09:42:11.810,3.332,30000
2020-09-15 09:42:11.810,3.332,2000
2020-09-15 09:42:11.810,3.332,18000
2020-09-15 09:42:11.810,3.332,40000
2020-09-15 09:42:11.810,3.332,30000
2020-09-15 09:42:11.810,3.332,40000
2020-09-15 09:42:11.810,3.332,50000
2020-09-15 09:42:11.810,3.332,30000
2020-09-15 09:42:11.810,3.332,19400
2020-09-15 09:42:11.870,3.333,3000
2020-09-15 09:42:13.110,3.333,600
2020-09-15 09:42:16.530,3.333,45400
2020-09-15 09:42:16.610,3.333,4800
2020-09-15 09:42:17.760,3.333,500
2020-09-15 09:42:18.930,3.332,200
2020-09-15 09:42:20.900,3.332,4000
2020-09-15 09:42:22.000,3.332,100
2020-09-15 09:42:22.480,3.333,30000
2020-09-15 09:42:22.690,3.333,26300
2020-09-15 09:42:22.960,3.332,300
2020-09-15 09:42:25.380,3.333,30000
2020-09-15 09:42:26.680,3.332,1200
2020-09-15 09:42:28.320,3.333,900
2020-09-15 09:42:28.320,3.333,10000
2020-09-15 09:42:28.320,3.333,19100
2020-09-15 09:42:28.580,3.333,10900
2020-09-15 09:42:28.580,3.333,22800
2020-09-15 09:42:29.840,3.333,26300
2020-09-15 09:42:31.390,3.333,50000
2020-09-15 09:42:31.390,3.333,50000
2020-09-15 09:42:31.390,3.333,50000
2020-09-15 09:42:35.840,3.333,800
2020-09-15 09:42:37.780,3.333,4200
2020-09-15 09:42:37.780,3.333,3800
2020-09-15 09:42:40.400,3.332,10800
2020-09-15 09:42:40.620,3.332,200
2020-09-15 09:42:44.000,3.332,4700
2020-09-15 09:42:45.110,3.332,2800
2020-09-15 09:42:45.110,3.332,1000
2020-09-15 09:42:47.090,3.333,900
2020-09-15 09:42:47.740,3.333,100
2020-09-15 09:42:48.300,3.333,2600
2020-09-15 09:42:49.110,3.333,2500
2020-09-15 09:42:50.580,3.332,5000
2020-09-15 09:42:53.750,3.333,100
2020-09-15 09:42:53.890,3.333,2600
2020-09-15 09:42:54.340,3.333,47400
2020-09-15 09:42:54.340,3.333,2600
2020-09-15 09:42:54.440,3.333,17400
2020-09-15 09:42:54.440,3.334,2600
2020-09-15 09:42:55.900,3.333,2600
2020-09-15 09:42:55.900,3.332,232100
2020-09-15 09:42:55.900,3.332,1000
2020-09-15 09:42:55.900,3.332,20000
2020-09-15 09:42:55.900,3.332,20000
2020-09-15 09:42:55.900,3.332,13400
2020-09-15 09:42:55.900,3.331,100
2020-09-15 09:42:55.900,3.331,100
2020-09-15 09:42:55.900,3.331,20000
2020-09-15 09:42:55.900,3.331,20000
2020-09-15 09:42:55.900,3.331,300000
2020-09-15 09:42:55.900,3.33,2000
2020-09-15 09:42:55.900,3.33,1000
2020-09-15 09:42:55.900,3.33,2000
2020-09-15 09:42:55.900,3.33,50000
2020-09-15 09:42:55.900,3.33,315700
2020-09-15 09:42:58.820,3.334,20000
2020-09-15 09:43:01.450,3.333,20000
2020-09-15 09:43:01.570,3.333,100
2020-09-15 09:43:03.730,3.333,30000
2020-09-15 09:43:06.120,3.334,300
2020-09-15 09:43:06.320,3.334,16700
2020-09-15 09:43:06.320,3.334,3300
2020-09-15 09:43:12.350,3.334,34700
2020-09-15 09:43:12.350,3.334,1000
2020-09-15 09:43:12.350,3.334,1000
2020-09-15 09:43:12.350,3.334,13300
2020-09-15 09:43:12.350,3.334,1600
2020-09-15 09:43:12.350,3.334,8400
2020-09-15 09:43:12.550,3.334,1600
2020-09-15 09:43:13.720,3.334,10000
2020-09-15 09:43:14.980,3.334,4100
2020-09-15 09:43:15.730,3.335,50000
2020-09-15 09:43:15.730,3.335,1000
2020-09-15 09:43:15.730,3.335,5000
2020-09-15 09:43:15.730,3.335,7000
2020-09-15 09:43:15.730,3.335,9000
2020-09-15 09:43:15.730,3.335,10000
2020-09-15 09:43:15.730,3.335,15000
2020-09-15 09:43:15.730,3.335,11000
2020-09-15 09:43:15.730,3.335,5000
2020-09-15 09:43:16.650,3.335,10000
2020-09-15 09:43:16.710,3.335,2000
2020-09-15 09:43:16.820,3.335,1000
2020-09-15 09:43:17.870,3.335,174000
2020-09-15 09:43:17.870,3.335,26000
2020-09-15 09:43:19.420,3.335,200
2020-09-15 09:43:21.070,3.335,3000
2020-09-15 09:43:21.600,3.335,2500
2020-09-15 09:43:23.240,3.335,5000
2020-09-15 09:43:23.690,3.335,263300
2020-09-15 09:43:23.690,3.335,2000
2020-09-15 09:43:25.340,3.335,3100
2020-09-15 09:43:25.580,3.335,500
2020-09-15 09:43:26.840,3.335,3900
2020-09-15 09:43:27.190,3.334,300
2020-09-15 09:43:29.650,3.335,27200
2020-09-15 09:43:29.650,3.335,272900
2020-09-15 09:43:32.470,3.334,1000
2020-09-15 09:43:32.700,3.335,300000
2020-09-15 09:43:33.840,3.335,5000
2020-09-15 09:43:33.840,3.335,5000
2020-09-15 09:43:34.570,3.335,1600
2020-09-15 09:43:35.410,3.335,100
2020-09-15 09:43:35.700,3.335,10000
2020-09-15 09:43:36.630,3.335,5000
2020-09-15 09:43:39.560,3.335,23300
2020-09-15 09:43:39.560,3.335,20000
2020-09-15 09:43:39.560,3.335,50000
2020-09-15 09:43:44.900,3.335,200
2020-09-15 09:43:46.180,3.334,300
2020-09-15 09:43:46.180,3.334,300
2020-09-15 09:43:47.120,3.334,1000
2020-09-15 09:43:47.120,3.334,9000
2020-09-15 09:43:49.460,3.334,1000
2020-09-15 09:43:49.460,3.334,200
2020-09-15 09:43:51.580,3.334,1800
2020-09-15 09:43:52.290,3.333,400
2020-09-15 09:43:52.290,3.333,1000
2020-09-15 09:43:52.290,3.333,20000
2020-09-15 09:43:52.290,3.333,6000
2020-09-15 09:43:52.290,3.333,1000
2020-09-15 09:43:52.290,3.333,31600
2020-09-15 09:43:52.930,3.334,3500
2020-09-15 09:43:53.700,3.334,2000
2020-09-15 09:43:54.430,3.334,1500
2020-09-15 09:43:54.430,3.334,5000
2020-09-15 09:43:54.430,3.335,1500
2020-09-15 09:43:55.400,3.334,10000
2020-09-15 09:43:56.540,3.333,18400
2020-09-15 09:43:56.540,3.333,100
2020-09-15 09:43:56.540,3.333,11500
2020-09-15 09:43:56.570,3.334,100
2020-09-15 09:43:58.290,3.334,200
2020-09-15 09:43:59.660,3.334,4700
2020-09-15 09:43:59.660,3.334,4400
2020-09-15 09:44:00.800,3.333,5600
2020-09-15 09:44:00.890,3.334,600
2020-09-15 09:44:00.890,3.334,5000
2020-09-15 09:44:00.890,3.334,4400
2020-09-15 09:44:04.660,3.334,1000
2020-09-15 09:44:04.700,3.334,5600
2020-09-15 09:44:04.700,3.334,34400
2020-09-15 09:44:06.910,3.334,1000
2020-09-15 09:44:06.910,3.334,14600
2020-09-15 09:44:13.100,3.335,300
2020-09-15 09:44:13.100,3.335,600
2020-09-15 09:44:14.710,3.334,100
2020-09-15 09:44:14.710,3.334,900
2020-09-15 09:44:18.270,3.335,300
2020-09-15 09:44:18.480,3.334,400
2020-09-15 09:44:18.480,3.334,1000
2020-09-15 09:44:18.650,3.335,5000
2020-09-15 09:44:21.310,3.335,100
2020-09-15 09:44:22.290,3.334,1500
2020-09-15 09:44:25.340,3.334,2500
2020-09-15 09:44:25.340,3.334,300
2020-09-15 09:44:25.340,3.334,8000
2020-09-15 09:44:26.030,3.334,2500
2020-09-15 09:44:28.810,3.334,1000
2020-09-15 09:44:29.410,3.334,30000
2020-09-15 09:44:29.410,3.334,30000
2020-09-15 09:44:29.410,3.334,30000
2020-09-15 09:44:29.410,3.334,10000
2020-09-15 09:44:31.650,3.334,1000
2020-09-15 09:44:31.650,3.334,1400
2020-09-15 09:44:31.650,3.334,1200
2020-09-15 09:44:32.350,3.334,5000
2020-09-15 09:44:32.350,3.333,2900
2020-09-15 09:44:32.350,3.333,1800
2020-09-15 09:44:32.350,3.333,7800
2020-09-15 09:44:35.080,3.333,2300
2020-09-15 09:44:37.320,3.333,5000
2020-09-15 09:44:43.400,3.334,100
2020-09-15 09:44:44.310,3.334,9900
2020-09-15 09:44:44.310,3.335,4600
2020-09-15 09:44:44.310,3.335,27100
2020-09-15 09:44:44.310,3.335,258400
2020-09-15 09:44:44.990,3.333,6000
2020-09-15 09:44:45.480,3.334,2000
2020-09-15 09:44:45.480,3.334,20000
2020-09-15 09:44:46.020,3.335,300
2020-09-15 09:44:47.660,3.335,10000
2020-09-15 09:44:47.820,3.335,400
2020-09-15 09:44:48.790,3.336,50000
2020-09-15 09:44:48.790,3.336,1000
2020-09-15 09:44:48.790,3.336,7000
2020-09-15 09:44:48.790,3.336,500
2020-09-15 09:44:48.790,3.336,2200
2020-09-15 09:44:48.790,3.336,8900
2020-09-15 09:44:48.790,3.336,1000
2020-09-15 09:44:48.790,3.336,7500
2020-09-15 09:44:48.790,3.336,5000
2020-09-15 09:44:48.790,3.336,100
2020-09-15 09:44:48.790,3.336,5000
2020-09-15 09:44:48.790,3.336,20000
2020-09-15 09:44:48.790,3.336,10000
2020-09-15 09:44:48.790,3.336,181800
2020-09-15 09:44:48.790,3.336,300000
2020-09-15 09:44:54.230,3.335,19300
2020-09-15 09:44:54.230,3.335,34400
2020-09-15 09:44:54.480,3.335,100
2020-09-15 09:44:56.510,3.336,300
2020-09-15 09:44:59.040,3.336,800
2020-09-15 09:45:00.820,3.336,900
2020-09-15 09:45:00.820,3.336,900
2020-09-15 09:45:01.790,3.335,4600
2020-09-15 09:45:03.880,3.336,100
2020-09-15 09:45:06.710,3.335,46100
2020-09-15 09:45:08.390,3.336,11000
2020-09-15 09:45:08.390,3.336,249900
2020-09-15 09:45:10.910,3.335,1000
2020-09-15 09:45:10.930,3.335,2000
2020-09-15 09:45:11.740,3.336,300000
2020-09-15 09:45:11.740,3.336,300000
2020-09-15 09:45:14.020,3.336,50100
2020-09-15 09:45:14.020,3.336,900000
2020-09-15 09:45:14.020,3.336,30000
2020-09-15 09:45:16.500,3.336,4500
2020-09-15 09:45:16.500,3.336,13900
2020-09-15 09:45:16.500,3.336,100
2020-09-15 09:45:16.500,3.336,3400
2020-09-15 09:45:18.090,3.335,30000
2020-09-15 09:45:20.370,3.335,5500
2020-09-15 09:45:20.370,3.335,4500
2020-09-15 09:45:20.400,3.335,12500
2020-09-15 09:45:21.240,3.336,300000
2020-09-15 09:45:21.530,3.335,10000
2020-09-15 09:45:22.390,3.336,8200
2020-09-15 09:45:25.350,3.335,2000
2020-09-15 09:45:26.140,3.335,2400
2020-09-15 09:45:30.820,3.335,900
2020-09-15 09:45:33.340,3.336,30000
2020-09-15 09:45:33.880,3.336,20000
2020-09-15 09:45:33.880,3.336,30000
2020-09-15 09:45:33.880,3.336,50000
2020-09-15 09:45:34.030,3.336,174400
2020-09-15 09:45:34.030,3.336,7500
2020-09-15 09:45:34.030,3.336,10000
2020-09-15 09:45:34.030,3.336,108100
2020-09-15 09:45:35.350,3.336,30000
2020-09-15 09:45:35.830,3.336,50000
2020-09-15 09:45:35.830,3.336,30000
2020-09-15 09:45:35.830,3.336,50000
2020-09-15 09:45:35.830,3.336,20000
2020-09-15 09:45:35.830,3.336,50000
2020-09-15 09:45:35.830,3.336,30000
2020-09-15 09:45:35.830,3.336,30000
2020-09-15 09:45:35.830,3.336,30000
2020-09-15 09:45:36.060,3.336,21900
2020-09-15 09:45:36.140,3.336,100
2020-09-15 09:45:37.690,3.336,14600
2020-09-15 09:45:37.830,3.337,4300
2020-09-15 09:45:37.830,3.337,10000
2020-09-15 09:45:37.830,3.337,15700
2020-09-15 09:45:37.830,3.337,34300
2020-09-15 09:45:37.830,3.337,7000
2020-09-15 09:45:37.830,3.337,100
2020-09-15 09:45:37.830,3.337,8600
2020-09-15 09:45:37.830,3.337,1400
2020-09-15 09:45:37.830,3.337,5000
2020-09-15 09:45:37.830,3.337,200
2020-09-15 09:45:37.830,3.337,100
2020-09-15 09:45:37.830,3.337,11000
2020-09-15 09:45:37.830,3.337,5000
2020-09-15 09:45:37.830,3.337,27300
2020-09-15 09:45:37.930,3.337,24100
2020-09-15 09:45:38.430,3.337,14600
2020-09-15 09:45:39.450,3.337,17400
2020-09-15 09:45:40.400,3.337,17000
2020-09-15 09:45:40.550,3.337,2000
2020-09-15 09:45:40.900,3.338,100
2020-09-15 09:45:40.900,3.338,100
2020-09-15 09:45:40.900,3.338,20000
2020-09-15 09:45:40.900,3.338,9800
2020-09-15 09:45:41.040,3.337,1000
2020-09-15 09:45:41.320,3.337,5800
2020-09-15 09:45:41.500,3.337,16800
2020-09-15 09:45:41.950,3.338,200
2020-09-15 09:45:41.950,3.338,2300
2020-09-15 09:45:41.950,3.338,5000
2020-09-15 09:45:41.950,3.338,22500
2020-09-15 09:45:41.950,3.338,27500
2020-09-15 09:45:41.950,3.338,2500
2020-09-15 09:45:42.250,3.338,4500
2020-09-15 09:45:42.250,3.338,2000
2020-09-15 09:45:42.250,3.338,6000
2020-09-15 09:45:42.250,3.338,5000
2020-09-15 09:45:42.250,3.338,400
2020-09-15 09:45:42.250,3.338,5000
2020-09-15 09:45:42.250,3.338,5000
2020-09-15 09:45:42.250,3.338,6700
2020-09-15 09:45:42.950,3.338,7600
2020-09-15 09:45:43.120,3.338,900
2020-09-15 09:45:43.290,3.338,300
2020-09-15 09:45:43.760,3.338,700
2020-09-15 09:45:43.820,3.338,700
2020-09-15 09:45:44.370,3.338,900
2020-09-15 09:45:48.990,3.339,50000
2020-09-15 09:45:48.990,3.339,20000
2020-09-15 09:45:48.990,3.339,20200
2020-09-15 09:45:48.990,3.339,7000
2020-09-15 09:45:48.990,3.339,10000
2020-09-15 09:45:48.990,3.339,10000
2020-09-15 09:45:48.990,3.339,6000
2020-09-15 09:45:48.990,3.339,50000
2020-09-15 09:45:48.990,3.339,3000
2020-09-15 09:45:48.990,3.339,1000
2020-09-15 09:45:48.990,3.339,5000
2020-09-15 09:45:48.990,3.339,117800
2020-09-15 09:45:49.200,3.339,10000
2020-09-15 09:45:49.500,3.338,117200
2020-09-15 09:45:50.160,3.339,100
2020-09-15 09:45:50.650,3.338,2900
2020-09-15 09:45:52.030,3.339,214300
2020-09-15 09:45:53.540,3.338,300
2020-09-15 09:45:54.800,3.338,3000
2020-09-15 09:45:55.350,3.338,6400
2020-09-15 09:45:56.400,3.338,1000
2020-09-15 09:45:56.720,3.338,3000
2020-09-15 09:45:57.560,3.338,20000
2020-09-15 09:45:57.860,3.339,500
2020-09-15 09:45:59.680,3.338,5000
2020-09-15 09:46:01.810,3.339,1000
2020-09-15 09:46:03.880,3.339,600
2020-09-15 09:46:04.890,3.338,2000
2020-09-15 09:46:04.980,3.339,500
2020-09-15 09:46:06.280,3.339,100000
2020-09-15 09:46:07.400,3.338,100
2020-09-15 09:46:09.250,3.338,1400
2020-09-15 09:46:10.710,3.339,3400
2020-09-15 09:46:10.910,3.338,20000
2020-09-15 09:46:11.330,3.339,1000
2020-09-15 09:46:14.690,3.339,300
2020-09-15 09:46:15.960,3.339,500
2020-09-15 09:46:15.960,3.339,50000
2020-09-15 09:46:15.960,3.339,7400
2020-09-15 09:46:15.960,3.339,3300
2020-09-15 09:46:15.960,3.339,5000
2020-09-15 09:46:15.960,3.339,7500
2020-09-15 09:46:15.960,3.339,5000
2020-09-15 09:46:15.960,3.339,2000
2020-09-15 09:46:15.960,3.339,30000
2020-09-15 09:46:15.960,3.339,189300
2020-09-15 09:46:16.710,3.338,20000
2020-09-15 09:46:17.170,3.339,300000
2020-09-15 09:46:19.330,3.339,5000
2020-09-15 09:46:19.850,3.339,7400
2020-09-15 09:46:21.600,3.339,50000
2020-09-15 09:46:22.580,3.339,2000
2020-09-15 09:46:25.060,3.339,46300
2020-09-15 09:46:25.060,3.339,185700
2020-09-15 09:46:25.060,3.339,300
2020-09-15 09:46:26.660,3.34,6600
2020-09-15 09:46:26.880,3.339,9600
2020-09-15 09:46:28.680,3.339,2400
2020-09-15 09:46:29.420,3.339,300000
2020-09-15 09:46:29.800,3.339,85700
2020-09-15 09:46:29.860,3.339,2000
2020-09-15 09:46:31.910,3.338,52100
2020-09-15 09:46:31.910,3.338,66700
2020-09-15 09:46:33.300,3.338,10000
2020-09-15 09:46:34.270,3.339,300000
2020-09-15 09:46:38.520,3.34,15000
2020-09-15 09:46:38.630,3.339,200
2020-09-15 09:46:40.070,3.339,200
2020-09-15 09:46:40.970,3.339,200
2020-09-15 09:46:44.530,3.339,3900
2020-09-15 09:46:44.530,3.339,100
2020-09-15 09:46:50.040,3.339,1000
2020-09-15 09:46:50.770,3.339,25000
2020-09-15 09:46:50.770,3.339,5000
2020-09-15 09:46:52.810,3.339,5000
2020-09-15 09:46:53.180,3.34,6000
2020-09-15 09:46:53.270,3.34,220700
2020-09-15 09:46:53.270,3.34,10000
2020-09-15 09:46:53.270,3.34,10000
2020-09-15 09:46:53.270,3.34,7000
2020-09-15 09:46:53.270,3.34,27900
2020-09-15 09:46:53.270,3.34,15000
2020-09-15 09:46:53.270,3.34,9400
2020-09-15 09:46:53.270,3.34,600
2020-09-15 09:46:53.270,3.34,800
2020-09-15 09:46:53.270,3.34,15000
2020-09-15 09:46:53.270,3.34,6000
2020-09-15 09:46:53.270,3.34,10000
2020-09-15 09:46:53.270,3.34,100
2020-09-15 09:46:53.270,3.34,200
2020-09-15 09:46:53.270,3.34,4500
2020-09-15 09:46:53.270,3.34,100
2020-09-15 09:46:53.270,3.34,2000
2020-09-15 09:46:53.270,3.34,2500
2020-09-15 09:46:53.270,3.34,1000
2020-09-15 09:46:53.270,3.34,10000
2020-09-15 09:46:53.270,3.34,5000
2020-09-15 09:46:53.270,3.34,10000
2020-09-15 09:46:53.270,3.34,100
2020-09-15 09:46:53.270,3.34,5000
2020-09-15 09:46:53.270,3.34,400
2020-09-15 09:46:53.270,3.34,100
2020-09-15 09:46:53.270,3.34,5000
2020-09-15 09:46:53.270,3.34,200
2020-09-15 09:46:53.270,3.34,5000
2020-09-15 09:46:53.270,3.34,1200
2020-09-15 09:46:53.270,3.34,3900
2020-09-15 09:46:53.270,3.34,211300
2020-09-15 09:46:53.270,3.34,300000
2020-09-15 09:46:53.830,3.339,2700
2020-09-15 09:46:54.400,3.339,47300
2020-09-15 09:46:54.430,3.339,1200
2020-09-15 09:46:55.480,3.34,20000
2020-09-15 09:46:55.480,3.34,50000
2020-09-15 09:46:55.480,3.34,50000
2020-09-15 09:46:55.510,3.34,50000
2020-09-15 09:46:55.510,3.34,50000
2020-09-15 09:46:55.510,3.34,50000
2020-09-15 09:46:57.110,3.34,57200
2020-09-15 09:46:57.110,3.34,500
2020-09-15 09:46:57.110,3.34,20000
2020-09-15 09:46:57.700,3.34,3200
2020-09-15 09:47:00.050,3.341,100
2020-09-15 09:47:00.050,3.341,7000
2020-09-15 09:47:00.050,3.341,3000
2020-09-15 09:47:00.050,3.341,42800
2020-09-15 09:47:00.050,3.341,5000
2020-09-15 09:47:00.050,3.341,22000
2020-09-15 09:47:00.050,3.341,30000
2020-09-15 09:47:00.050,3.341,190100
2020-09-15 09:47:00.170,3.34,3200
2020-09-15 09:47:01.260,3.341,109900
2020-09-15 09:47:02.080,3.341,2900
2020-09-15 09:47:02.110,3.341,17600
2020-09-15 09:47:02.780,3.341,1000
2020-09-15 09:47:04.960,3.341,1600
2020-09-15 09:47:05.550,3.341,1000
2020-09-15 09:47:05.890,3.342,1500
2020-09-15 09:47:06.720,3.341,166000
2020-09-15 09:47:07.220,3.341,400
2020-09-15 09:47:09.580,3.34,200
2020-09-15 09:47:10.210,3.341,3000
2020-09-15 09:47:13.260,3.341,130700
2020-09-15 09:47:13.260,3.341,10000
2020-09-15 09:47:13.260,3.341,2400
2020-09-15 09:47:13.940,3.341,20000
2020-09-15 09:47:13.940,3.341,2000
2020-09-15 09:47:14.350,3.341,134900
2020-09-15 09:47:14.350,3.34,165100
2020-09-15 09:47:14.640,3.34,126500
2020-09-15 09:47:14.640,3.34,1500
2020-09-15 09:47:15.760,3.34,1400
2020-09-15 09:47:16.010,3.34,5000
2020-09-15 09:47:17.450,3.34,141920
2020-09-15 09:47:17.450,3.34,300000
2020-09-15 09:47:17.450,3.341,265880
2020-09-15 09:47:18.540,3.34,6600
2020-09-15 09:47:24.090,3.34,1400
2020-09-15 09:47:25.280,3.34,20000
2020-09-15 09:47:26.200,3.34,100
2020-09-15 09:47:30.850,3.339,400
2020-09-15 09:47:32.830,3.34,171900
2020-09-15 09:47:32.830,3.34,3000
2020-09-15 09:47:32.830,3.34,4700
2020-09-15 09:47:32.830,3.34,48300
2020-09-15 09:47:32.830,3.34,16700
2020-09-15 09:47:32.830,3.34,31100
2020-09-15 09:47:32.830,3.34,24300
2020-09-15 09:47:34.810,3.34,2800
2020-09-15 09:47:35.450,3.339,60000
2020-09-15 09:47:36.640,3.34,1500
2020-09-15 09:47:40.300,3.34,2000
2020-09-15 09:47:41.750,3.34,500
2020-09-15 09:47:47.270,3.339,2200
2020-09-15 09:47:49.430,3.339,700
2020-09-15 09:47:50.260,3.34,2800
2020-09-15 09:47:51.010,3.339,188200
2020-09-15 09:47:51.010,3.339,20000
2020-09-15 09:47:51.010,3.339,100000
2020-09-15 09:47:56.240,3.339,4000
2020-09-15 09:47:58.310,3.338,23300
2020-09-15 09:47:58.310,3.338,100
2020-09-15 09:47:58.310,3.338,1600
2020-09-15 09:48:01.600,3.339,2200
2020-09-15 09:48:05.360,3.338,400
2020-09-15 09:48:05.360,3.338,9600
2020-09-15 09:48:05.530,3.338,4000
2020-09-15 09:48:07.170,3.338,13300
2020-09-15 09:48:10.240,3.338,1900
2020-09-15 09:48:11.070,3.338,1000
2020-09-15 09:48:11.210,3.339,1600
2020-09-15 09:48:17.040,3.338,2200
2020-09-15 09:48:17.040,3.338,1600
2020-09-15 09:48:17.040,3.338,11200
2020-09-15 09:48:19.020,3.339,1000
2020-09-15 09:48:19.780,3.339,100
2020-09-15 09:48:19.810,3.339,500
2020-09-15 09:48:22.280,3.338,200
2020-09-15 09:48:22.960,3.338,2200
2020-09-15 09:48:22.960,3.338,10000
2020-09-15 09:48:22.960,3.338,17800
2020-09-15 09:48:23.760,3.339,4100
2020-09-15 09:48:24.560,3.338,500
2020-09-15 09:48:27.990,3.339,10000
2020-09-15 09:48:29.080,3.338,1700
2020-09-15 09:48:29.080,3.338,18300
2020-09-15 09:48:34.420,3.338,200
2020-09-15 09:48:34.420,3.338,200
2020-09-15 09:48:34.420,3.338,1000
2020-09-15 09:48:34.890,3.338,6100
2020-09-15 09:48:38.730,3.338,1800
2020-09-15 09:48:41.210,3.339,100
2020-09-15 09:48:41.210,3.339,68200
2020-09-15 09:48:41.210,3.339,2000
2020-09-15 09:48:41.210,3.339,4700
2020-09-15 09:48:41.210,3.339,86800
2020-09-15 09:48:41.210,3.339,31200
2020-09-15 09:48:41.210,3.339,8600
2020-09-15 09:48:41.210,3.339,48400
2020-09-15 09:48:41.210,3.339,16700
2020-09-15 09:48:41.210,3.339,33400
2020-09-15 09:48:41.210,3.339,600
2020-09-15 09:48:41.210,3.339,100
2020-09-15 09:48:41.210,3.339,1000
2020-09-15 09:48:41.210,3.339,1500
2020-09-15 09:48:41.210,3.339,1200
2020-09-15 09:48:41.210,3.339,2600
2020-09-15 09:48:41.210,3.339,100
2020-09-15 09:48:41.210,3.339,292900
2020-09-15 09:48:43.270,3.338,400
2020-09-15 09:48:51.400,3.338,72500
2020-09-15 09:48:51.400,3.338,3000
2020-09-15 09:48:51.400,3.338,6200
2020-09-15 09:48:51.400,3.338,5000
2020-09-15 09:48:51.400,3.338,8000
2020-09-15 09:48:51.400,3.338,2000
2020-09-15 09:48:54.240,3.337,201300
2020-09-15 09:48:54.240,3.337,100
2020-09-15 09:48:54.240,3.337,98600
2020-09-15 09:48:55.180,3.338,60400
2020-09-15 09:48:57.210,3.338,10200
2020-09-15 09:48:59.690,3.337,1400
2020-09-15 09:48:59.690,3.337,1000
2020-09-15 09:48:59.690,3.337,1000
2020-09-15 09:48:59.690,3.337,600
2020-09-15 09:48:59.950,3.337,400
2020-09-15 09:49:01.070,3.336,1000
2020-09-15 09:49:01.070,3.336,300
2020-09-15 09:49:01.070,3.336,4700
2020-09-15 09:49:01.530,3.338,33200
2020-09-15 09:49:10.870,3.338,9200
2020-09-15 09:49:18.470,3.337,300
2020-09-15 09:49:20.760,3.337,1700
2020-09-15 09:49:20.760,3.338,2600
2020-09-15 09:49:20.760,3.338,3100
2020-09-15 09:49:26.890,3.338,300
2020-09-15 09:49:29.440,3.338,3000
2020-09-15 09:49:30.340,3.337,100
2020-09-15 09:49:30.340,3.337,1900
2020-09-15 09:49:32.350,3.337,200
2020-09-15 09:49:32.590,3.338,100
2020-09-15 09:49:34.450,3.337,900
2020-09-15 09:49:34.450,3.337,10700
2020-09-15 09:49:35.520,3.338,100
2020-09-15 09:49:36.270,3.338,1000
2020-09-15 09:49:38.250,3.337,300
2020-09-15 09:49:41.890,3.338,2400
2020-09-15 09:49:41.890,3.338,2000
2020-09-15 09:49:41.890,3.338,25600
2020-09-15 09:49:43.620,3.338,9400
2020-09-15 09:49:43.620,3.338,5000
2020-09-15 09:49:43.620,3.338,100
2020-09-15 09:49:49.060,3.338,10000
2020-09-15 09:49:51.450,3.338,100
2020-09-15 09:49:54.510,3.338,1900
2020-09-15 09:49:54.510,3.338,10000
2020-09-15 09:49:56.890,3.339,50000
2020-09-15 09:49:56.890,3.339,30000
2020-09-15 09:49:56.890,3.339,30000
2020-09-15 09:49:56.890,3.339,30000
2020-09-15 09:49:56.890,3.339,30000
2020-09-15 09:50:04.830,3.339,44300
2020-09-15 09:50:04.830,3.339,1700
2020-09-15 09:50:08.020,3.339,52900
2020-09-15 09:50:08.020,3.339,8500
2020-09-15 09:50:09.800,3.34,5000
2020-09-15 09:50:09.800,3.34,295000
2020-09-15 09:50:13.400,3.34,800
2020-09-15 09:50:14.040,3.34,204200
2020-09-15 09:50:14.040,3.34,1000
2020-09-15 09:50:14.040,3.34,50000
2020-09-15 09:50:14.040,3.34,30000
2020-09-15 09:50:14.040,3.34,10000
2020-09-15 09:50:14.040,3.34,4900
2020-09-15 09:50:15.080,3.34,45100
2020-09-15 09:50:15.080,3.34,1300
2020-09-15 09:50:15.080,3.34,3000
2020-09-15 09:50:15.080,3.34,1000
2020-09-15 09:50:19.200,3.341,1000
2020-09-15 09:50:19.200,3.341,20000
2020-09-15 09:50:19.200,3.341,100
2020-09-15 09:50:19.200,3.341,100
2020-09-15 09:50:19.200,3.341,10000
2020-09-15 09:50:19.200,3.341,100
2020-09-15 09:50:19.200,3.341,10000
2020-09-15 09:50:19.200,3.341,258700
2020-09-15 09:50:20.310,3.341,241300
2020-09-15 09:50:20.310,3.341,21400
2020-09-15 09:50:20.310,3.341,100
2020-09-15 09:50:20.310,3.341,1000
2020-09-15 09:50:23.050,3.341,3300
2020-09-15 09:50:25.860,3.341,10700
2020-09-15 09:50:27.340,3.341,22200
2020-09-15 09:50:27.340,3.341,277900
2020-09-15 09:50:28.610,3.342,600
2020-09-15 09:50:31.160,3.341,22100
2020-09-15 09:50:31.160,3.341,300
2020-09-15 09:50:31.160,3.341,3000
2020-09-15 09:50:38.100,3.341,3000
2020-09-15 09:50:39.010,3.34,7600
2020-09-15 09:50:39.010,3.34,5500
2020-09-15 09:50:39.010,3.34,500
2020-09-15 09:50:40.740,3.34,1400
2020-09-15 09:50:40.740,3.34,1600
2020-09-15 09:50:45.600,3.34,3400
2020-09-15 09:50:45.600,3.34,500
2020-09-15 09:50:45.600,3.34,1700
2020-09-15 09:50:46.030,3.341,271600
2020-09-15 09:50:46.030,3.341,1000
2020-09-15 09:50:46.030,3.341,1000
2020-09-15 09:50:46.030,3.341,26400
2020-09-15 09:50:46.650,3.341,200
2020-09-15 09:50:50.310,3.34,5000
2020-09-15 09:50:51.730,3.34,500
2020-09-15 09:50:55.140,3.341,800
2020-09-15 09:50:55.140,3.341,200
2020-09-15 09:50:57.620,3.341,5000
2020-09-15 09:51:04.070,3.341,1600
2020-09-15 09:51:06.870,3.341,10000
2020-09-15 09:51:08.950,3.341,100
2020-09-15 09:51:13.140,3.34,100
2020-09-15 09:51:15.200,3.341,1000
2020-09-15 09:51:15.790,3.341,300
2020-09-15 09:51:16.150,3.341,100
2020-09-15 09:51:19.200,3.341,200
2020-09-15 09:51:19.430,3.34,1200
2020-09-15 09:51:19.510,3.34,400
2020-09-15 09:51:19.540,3.34,8400
2020-09-15 09:51:19.540,3.34,1600
2020-09-15 09:51:20.130,3.34,2800
2020-09-15 09:51:20.130,3.34,500
2020-09-15 09:51:20.130,3.34,84500
2020-09-15 09:51:20.130,3.34,1000
2020-09-15 09:51:20.130,3.34,3000
2020-09-15 09:51:28.130,3.339,10000
2020-09-15 09:51:28.130,3.339,100
2020-09-15 09:51:28.130,3.339,2900
2020-09-15 09:51:28.130,3.339,100
2020-09-15 09:51:28.130,3.339,800
2020-09-15 09:51:30.370,3.34,100
2020-09-15 09:51:32.090,3.339,9200
2020-09-15 09:51:32.090,3.339,3100
2020-09-15 09:51:34.950,3.339,8000
2020-09-15 09:51:37.290,3.339,11000
2020-09-15 09:51:39.040,3.338,5000
2020-09-15 09:51:43.300,3.338,1000
2020-09-15 09:51:46.680,3.338,2100
2020-09-15 09:51:46.680,3.338,1000
2020-09-15 09:51:50.240,3.338,5000
2020-09-15 09:51:53.140,3.338,2100
2020-09-15 09:51:53.360,3.338,100
2020-09-15 09:51:53.930,3.338,800
2020-09-15 09:51:56.690,3.339,100
2020-09-15 09:52:01.470,3.339,200
2020-09-15 09:52:05.420,3.339,50000
2020-09-15 09:52:05.420,3.339,30000
2020-09-15 09:52:05.420,3.339,30000
2020-09-15 09:52:05.420,3.339,50000
2020-09-15 09:52:05.420,3.339,50000
2020-09-15 09:52:05.420,3.339,20000
2020-09-15 09:52:06.070,3.339,30000
2020-09-15 09:52:06.210,3.339,8400
2020-09-15 09:52:06.210,3.339,1000
2020-09-15 09:52:06.210,3.339,2000
2020-09-15 09:52:06.210,3.339,100
2020-09-15 09:52:06.210,3.339,4000
2020-09-15 09:52:06.210,3.339,1000
2020-09-15 09:52:06.210,3.339,7000
2020-09-15 09:52:06.210,3.339,10000
2020-09-15 09:52:06.210,3.339,500
2020-09-15 09:52:07.680,3.339,15500
2020-09-15 09:52:08.920,3.34,30000
2020-09-15 09:52:09.240,3.339,24000
2020-09-15 09:52:11.680,3.34,270000
2020-09-15 09:52:11.680,3.34,30000
2020-09-15 09:52:13.200,3.34,30000
2020-09-15 09:52:13.400,3.34,30000
2020-09-15 09:52:13.400,3.34,50000
2020-09-15 09:52:13.400,3.34,30000
2020-09-15 09:52:13.400,3.34,40000
2020-09-15 09:52:16.080,3.339,500
2020-09-15 09:52:16.360,3.34,10000
2020-09-15 09:52:17.030,3.34,2800
2020-09-15 09:52:17.030,3.34,3000
2020-09-15 09:52:17.030,3.34,8600
2020-09-15 09:52:18.550,3.34,11600
2020-09-15 09:52:18.980,3.34,4000
2020-09-15 09:52:18.980,3.34,2800
2020-09-15 09:52:23.650,3.339,300
2020-09-15 09:52:25.960,3.339,10000
2020-09-15 09:52:27.770,3.34,1300
2020-09-15 09:52:29.730,3.339,7000
2020-09-15 09:52:30.360,3.339,3500
2020-09-15 09:52:31.790,3.339,10600
2020-09-15 09:52:35.960,3.34,10000
2020-09-15 09:52:41.380,3.339,10000
2020-09-15 09:52:42.220,3.34,16000
2020-09-15 09:52:43.340,3.34,600
2020-09-15 09:52:47.120,3.34,3400
2020-09-15 09:52:47.120,3.34,4100
2020-09-15 09:52:50.050,3.34,100
2020-09-15 09:52:52.530,3.339,3000
2020-09-15 09:52:55.460,3.339,215600
2020-09-15 09:52:55.460,3.339,300
2020-09-15 09:52:55.460,3.339,100
2020-09-15 09:52:55.460,3.339,40000
2020-09-15 09:52:55.460,3.339,2000
2020-09-15 09:52:55.460,3.339,500
2020-09-15 09:52:55.460,3.339,2400
2020-09-15 09:52:55.460,3.339,30000
2020-09-15 09:52:55.890,3.339,100
2020-09-15 09:52:56.110,3.339,9000
2020-09-15 09:52:56.110,3.34,1000
2020-09-15 09:53:03.580,3.34,3700
2020-09-15 09:53:03.580,3.34,300
2020-09-15 09:53:05.670,3.339,300
2020-09-15 09:53:10.600,3.339,300
2020-09-15 09:53:12.300,3.339,18000
2020-09-15 09:53:12.360,3.34,1000
2020-09-15 09:53:12.360,3.34,100
2020-09-15 09:53:12.360,3.34,8000
2020-09-15 09:53:16.180,3.339,7800
2020-09-15 09:53:22.700,3.34,1000
2020-09-15 09:53:24.800,3.34,100
2020-09-15 09:53:24.800,3.34,300
2020-09-15 09:53:27.880,3.339,2000
2020-09-15 09:53:29.240,3.339,3000
2020-09-15 09:53:31.430,3.339,14200
2020-09-15 09:53:31.430,3.339,35800
2020-09-15 09:53:31.430,3.339,50000
2020-09-15 09:53:31.430,3.339,50000
2020-09-15 09:53:31.430,3.339,40000
2020-09-15 09:53:31.430,3.339,50000
2020-09-15 09:53:31.430,3.339,30000
2020-09-15 09:53:31.430,3.339,30000
2020-09-15 09:53:31.430,3.339,14200
2020-09-15 09:53:31.430,3.339,15800
2020-09-15 09:53:31.430,3.339,30000
2020-09-15 09:53:31.430,3.339,30000
2020-09-15 09:53:31.430,3.339,30000
2020-09-15 09:53:31.430,3.339,30000
2020-09-15 09:53:31.430,3.339,30000
2020-09-15 09:53:31.930,3.339,30000
2020-09-15 09:53:32.680,3.338,16000
2020-09-15 09:53:34.160,3.339,50000
2020-09-15 09:53:34.160,3.339,30000
2020-09-15 09:53:34.470,3.339,100
2020-09-15 09:53:34.470,3.34,900
2020-09-15 09:53:35.920,3.339,4000
2020-09-15 09:53:46.360,3.339,6400
2020-09-15 09:53:46.730,3.34,600
2020-09-15 09:53:47.630,3.34,1700
2020-09-15 09:53:48.800,3.339,500
2020-09-15 09:53:49.610,3.34,1500
2020-09-15 09:53:50.720,3.339,2300
2020-09-15 09:53:51.980,3.339,9100
2020-09-15 09:53:56.210,3.339,900
2020-09-15 09:53:56.210,3.339,300
2020-09-15 09:54:00.600,3.338,5000
2020-09-15 09:54:00.600,3.338,13800
2020-09-15 09:54:00.960,3.339,4700
2020-09-15 09:54:00.960,3.339,2900
2020-09-15 09:54:00.960,3.339,2400
2020-09-15 09:54:01.100,3.339,2600
2020-09-15 09:54:01.100,3.339,2000
2020-09-15 09:54:01.100,3.339,5000
2020-09-15 09:54:01.100,3.339,400
2020-09-15 09:54:01.320,3.339,4200
2020-09-15 09:54:02.800,3.338,300
2020-09-15 09:54:10.810,3.339,100
2020-09-15 09:54:10.810,3.338,2300
2020-09-15 09:54:10.810,3.338,5000
2020-09-15 09:54:10.810,3.338,2600
2020-09-15 09:54:13.110,3.338,7400
2020-09-15 09:54:13.110,3.338,2600
2020-09-15 09:54:15.810,3.338,6000
2020-09-15 09:54:22.570,3.338,100
2020-09-15 09:54:25.130,3.338,270000
2020-09-15 09:54:25.270,3.338,1900
2020-09-15 09:54:26.950,3.338,19400
2020-09-15 09:54:26.950,3.338,7500
2020-09-15 09:54:26.950,3.338,100
2020-09-15 09:54:35.300,3.337,2900
2020-09-15 09:54:35.300,3.337,100
2020-09-15 09:54:38.710,3.337,2000
2020-09-15 09:54:40.000,3.337,800
2020-09-15 09:54:40.060,3.337,200
2020-09-15 09:54:40.060,3.337,9800
2020-09-15 09:54:43.900,3.337,10200
2020-09-15 09:54:43.900,3.337,100
2020-09-15 09:54:43.900,3.337,9700
2020-09-15 09:54:49.220,3.337,1700
2020-09-15 09:54:55.700,3.338,200
2020-09-15 09:54:56.980,3.338,3800
2020-09-15 09:54:56.980,3.338,300
2020-09-15 09:54:56.980,3.338,300
2020-09-15 09:54:56.980,3.338,5500
2020-09-15 09:54:56.980,3.338,2000
2020-09-15 09:54:56.980,3.338,9700
2020-09-15 09:54:58.540,3.338,1000
2020-09-15 09:55:00.780,3.338,3000
2020-09-15 09:55:00.870,3.338,200
2020-09-15 09:55:03.150,3.338,4200
2020-09-15 09:55:03.440,3.337,18600
2020-09-15 09:55:03.440,3.337,100
2020-09-15 09:55:03.440,3.337,1000
2020-09-15 09:55:03.440,3.337,80300
2020-09-15 09:55:06.430,3.338,10000
2020-09-15 09:55:06.930,3.338,5800
2020-09-15 09:55:06.930,3.338,200
2020-09-15 09:55:12.060,3.339,500
2020-09-15 09:55:12.060,3.339,2500
2020-09-15 09:55:12.060,3.339,28300
2020-09-15 09:55:15.360,3.339,12000
2020-09-15 09:55:15.760,3.339,6700
2020-09-15 09:55:15.760,3.339,20000
2020-09-15 09:55:15.760,3.339,30000
2020-09-15 09:55:15.760,3.339,43300
2020-09-15 09:55:23.460,3.339,100
2020-09-15 09:55:23.460,3.34,100
2020-09-15 09:55:23.460,3.34,10000
2020-09-15 09:55:23.460,3.34,900
2020-09-15 09:55:23.460,3.34,100
2020-09-15 09:55:23.460,3.34,1500
2020-09-15 09:55:23.460,3.34,3000
2020-09-15 09:55:23.460,3.34,14400
2020-09-15 09:55:25.100,3.339,6400
2020-09-15 09:55:26.430,3.34,50000
2020-09-15 09:55:26.430,3.34,9300
2020-09-15 09:55:26.430,3.34,10700
2020-09-15 09:55:26.820,3.34,13000
2020-09-15 09:55:26.820,3.34,5000
2020-09-15 09:55:26.820,3.34,3600
2020-09-15 09:55:26.820,3.34,1000
2020-09-15 09:55:26.820,3.34,7400
2020-09-15 09:55:29.990,3.339,150200
2020-09-15 09:55:29.990,3.339,30000
2020-09-15 09:55:29.990,3.339,19800
2020-09-15 09:55:30.700,3.34,2600
2020-09-15 09:55:30.700,3.34,15000
2020-09-15 09:55:38.930,3.34,3100
2020-09-15 09:55:38.950,3.34,2000
2020-09-15 09:55:43.280,3.34,10600
2020-09-15 09:55:49.060,3.34,100000
2020-09-15 09:55:59.840,3.339,6300
2020-09-15 09:55:59.840,3.339,100000
2020-09-15 09:55:59.840,3.339,10000
2020-09-15 09:56:00.490,3.339,76000
2020-09-15 09:56:04.940,3.339,40000
2020-09-15 09:56:04.940,3.339,50000
2020-09-15 09:56:05.430,3.339,22400
2020-09-15 09:56:05.430,3.339,1400
2020-09-15 09:56:08.910,3.339,6200
2020-09-15 09:56:08.910,3.339,93800
2020-09-15 09:56:15.260,3.339,900
2020-09-15 09:56:18.390,3.339,20000
2020-09-15 09:56:19.580,3.339,12600
2020-09-15 09:56:20.010,3.339,7600
2020-09-15 09:56:20.950,3.34,100
2020-09-15 09:56:21.290,3.339,1000
2020-09-15 09:56:25.660,3.339,200000
2020-09-15 09:56:26.390,3.339,300000
2020-09-15 09:56:26.970,3.339,264100
2020-09-15 09:56:41.680,3.338,1300
2020-09-15 09:56:47.160,3.338,300
2020-09-15 09:56:50.710,3.338,3000
2020-09-15 09:56:54.920,3.339,5000
2020-09-15 09:56:54.920,3.339,25000
2020-09-15 09:56:54.920,3.339,50000
2020-09-15 09:56:54.920,3.339,10000
2020-09-15 09:56:54.920,3.339,30000
2020-09-15 09:56:54.920,3.339,20000
2020-09-15 09:56:55.240,3.338,12200
2020-09-15 09:56:55.380,3.339,30000
2020-09-15 09:56:56.420,3.339,15000
2020-09-15 09:56:56.420,3.339,10000
2020-09-15 09:56:56.420,3.339,1000
2020-09-15 09:56:57.090,3.339,300
2020-09-15 09:56:58.370,3.339,100
2020-09-15 09:57:01.620,3.339,1000
2020-09-15 09:57:03.410,3.339,1000
2020-09-15 09:57:04.390,3.339,100
2020-09-15 09:57:05.590,3.339,4200
2020-09-15 09:57:06.140,3.34,400
2020-09-15 09:57:06.140,3.34,28300
2020-09-15 09:57:06.140,3.34,23800
2020-09-15 09:57:06.140,3.34,400
2020-09-15 09:57:06.140,3.34,3000
2020-09-15 09:57:06.140,3.34,16000
2020-09-15 09:57:06.140,3.34,3000
2020-09-15 09:57:06.140,3.34,5000
2020-09-15 09:57:06.140,3.34,100
2020-09-15 09:57:06.140,3.34,6600
2020-09-15 09:57:06.140,3.34,3300
2020-09-15 09:57:06.140,3.34,90100
2020-09-15 09:57:07.320,3.34,7300
2020-09-15 09:57:07.410,3.34,92000
2020-09-15 09:57:07.500,3.34,100
2020-09-15 09:57:09.330,3.34,167900
2020-09-15 09:57:16.880,3.34,132100
2020-09-15 09:57:16.880,3.34,6600
2020-09-15 09:57:19.200,3.341,1000
2020-09-15 09:57:21.950,3.34,4200
2020-09-15 09:57:22.230,3.34,5000
2020-09-15 09:57:23.830,3.34,3300
2020-09-15 09:57:25.270,3.341,100
2020-09-15 09:57:25.670,3.34,200
2020-09-15 09:57:29.080,3.34,1000
2020-09-15 09:57:34.290,3.341,400
2020-09-15 09:57:34.290,3.341,300
2020-09-15 09:57:34.290,3.341,22500
2020-09-15 09:57:34.290,3.341,500000
2020-09-15 09:57:34.290,3.341,10000
2020-09-15 09:57:34.290,3.341,19300
2020-09-15 09:57:34.290,3.341,500
2020-09-15 09:57:34.290,3.341,5000
2020-09-15 09:57:34.290,3.341,200
2020-09-15 09:57:34.290,3.341,2200
2020-09-15 09:57:34.290,3.341,8900
2020-09-15 09:57:34.290,3.341,100000
2020-09-15 09:57:34.290,3.341,1000
2020-09-15 09:57:34.290,3.341,100
2020-09-15 09:57:36.220,3.341,100
2020-09-15 09:57:36.340,3.341,3500
2020-09-15 09:57:40.210,3.341,10000
2020-09-15 09:57:41.540,3.341,1600
2020-09-15 09:57:48.140,3.342,2900
2020-09-15 09:57:48.140,3.342,10000
2020-09-15 09:57:48.140,3.342,200
2020-09-15 09:57:48.140,3.342,5000
2020-09-15 09:57:48.140,3.342,3000
2020-09-15 09:57:48.140,3.342,7000
2020-09-15 09:57:48.140,3.342,100
2020-09-15 09:57:48.140,3.342,6000
2020-09-15 09:57:48.140,3.342,15000
2020-09-15 09:57:48.140,3.342,1000
2020-09-15 09:57:48.140,3.342,1000
2020-09-15 09:57:48.140,3.342,6000
2020-09-15 09:57:48.140,3.342,200
2020-09-15 09:57:48.140,3.342,3100
2020-09-15 09:57:48.140,3.342,100
2020-09-15 09:57:48.140,3.342,1500
2020-09-15 09:57:48.140,3.342,6000
2020-09-15 09:57:48.140,3.342,100
2020-09-15 09:57:48.140,3.342,100
2020-09-15 09:57:48.140,3.342,2000
2020-09-15 09:57:48.140,3.342,2000
2020-09-15 09:57:48.140,3.342,8000
2020-09-15 09:57:48.140,3.342,300
2020-09-15 09:57:48.140,3.342,100
2020-09-15 09:57:48.140,3.342,5000
2020-09-15 09:57:48.140,3.342,100
2020-09-15 09:57:48.140,3.342,4000
2020-09-15 09:57:48.140,3.342,208600
2020-09-15 09:57:49.720,3.342,100
2020-09-15 09:57:54.970,3.342,1500
2020-09-15 09:57:54.970,3.342,4000
2020-09-15 09:57:56.290,3.343,3000
2020-09-15 09:57:56.910,3.342,500
2020-09-15 09:58:01.130,3.342,700
2020-09-15 09:58:04.460,3.343,100
2020-09-15 09:58:04.460,3.343,7000
2020-09-15 09:58:04.460,3.343,16700
2020-09-15 09:58:06.940,3.343,5000
2020-09-15 09:58:07.530,3.342,3700
2020-09-15 09:58:14.260,3.343,300
2020-09-15 09:58:15.180,3.342,11100
2020-09-15 09:58:15.180,3.342,10000
2020-09-15 09:58:15.180,3.342,300
2020-09-15 09:58:15.180,3.342,200
2020-09-15 09:58:15.180,3.342,5000
2020-09-15 09:58:15.180,3.342,60000
2020-09-15 09:58:15.180,3.342,217400
2020-09-15 09:58:18.200,3.342,300
2020-09-15 09:58:18.470,3.342,82000
2020-09-15 09:58:18.470,3.342,56900
2020-09-15 09:58:18.470,3.342,60000
2020-09-15 09:58:21.490,3.342,3000
2020-09-15 09:58:27.070,3.342,3000
2020-09-15 09:58:28.710,3.342,7300
2020-09-15 09:58:29.360,3.341,1000
2020-09-15 09:58:32.090,3.341,600
2020-09-15 09:58:32.150,3.341,100
2020-09-15 09:58:39.220,3.341,1700
2020-09-15 09:58:42.430,3.341,6600
2020-09-15 09:58:42.430,3.341,1000
2020-09-15 09:58:42.430,3.341,2400
2020-09-15 09:58:44.220,3.342,3000
2020-09-15 09:58:44.750,3.341,17600
2020-09-15 09:58:44.750,3.341,30000
2020-09-15 09:58:44.750,3.341,214400
2020-09-15 09:58:46.870,3.341,100
2020-09-15 09:58:54.670,3.341,37900
2020-09-15 09:58:54.670,3.341,2100
2020-09-15 09:58:58.690,3.341,2000
2020-09-15 09:59:04.590,3.34,1900
2020-09-15 09:59:04.920,3.341,900
2020-09-15 09:59:04.920,3.341,100
2020-09-15 09:59:04.920,3.341,29000
2020-09-15 09:59:04.920,3.341,10000
2020-09-15 09:59:04.920,3.341,40000
2020-09-15 09:59:06.050,3.341,30000
2020-09-15 09:59:06.250,3.341,41000
2020-09-15 09:59:06.250,3.341,100
2020-09-15 09:59:06.250,3.341,13100
2020-09-15 09:59:06.250,3.341,1200
2020-09-15 09:59:06.250,3.341,1500
2020-09-15 09:59:06.250,3.342,84800
2020-09-15 09:59:06.250,3.342,30000
2020-09-15 09:59:06.250,3.342,5000
2020-09-15 09:59:06.250,3.342,200
2020-09-15 09:59:06.250,3.342,1800
2020-09-15 09:59:06.250,3.342,300
2020-09-15 09:59:06.250,3.342,2800
2020-09-15 09:59:06.250,3.342,175100
2020-09-15 09:59:11.740,3.341,5000
2020-09-15 09:59:14.220,3.342,1900
2020-09-15 09:59:23.420,3.342,1000
2020-09-15 09:59:28.620,3.34,100
2020-09-15 09:59:31.270,3.34,31100
2020-09-15 09:59:32.760,3.34,2000
2020-09-15 09:59:33.950,3.341,500
2020-09-15 09:59:43.640,3.341,6000
2020-09-15 09:59:43.730,3.341,100
2020-09-15 09:59:43.860,3.341,1600
2020-09-15 09:59:44.460,3.341,100
2020-09-15 09:59:45.090,3.341,1200
2020-09-15 09:59:46.860,3.342,122000
2020-09-15 09:59:46.860,3.342,1000
