Datetime,Price,Volume
2020-09-15 09:25:00.430,4.705,2000
2020-09-15 09:25:00.430,4.705,200
2020-09-15 09:25:00.430,4.705,100
2020-09-15 09:25:00.430,4.705,1800
2020-09-15 09:25:00.430,4.705,153600
2020-09-15 09:25:00.430,4.705,10000
2020-09-15 09:25:00.430,4.705,100
2020-09-15 09:25:00.430,4.705,21700
2020-09-15 09:25:00.430,4.705,28300
2020-09-15 09:25:00.430,4.705,200
2020-09-15 09:25:00.430,4.705,12000
2020-09-15 09:25:00.430,4.705,5400
2020-09-15 09:25:00.430,4.705,10000
2020-09-15 09:25:00.430,4.705,1000
2020-09-15 09:25:00.430,4.705,600
2020-09-15 09:25:00.430,4.705,4000
2020-09-15 09:25:00.430,4.705,5000
2020-09-15 09:25:00.430,4.705,2200
2020-09-15 09:25:00.430,4.705,5000
2020-09-15 09:25:00.430,4.705,20000
2020-09-15 09:25:00.430,4.705,5000
2020-09-15 09:25:00.430,4.705,60000
2020-09-15 09:25:00.430,4.705,9400
2020-09-15 09:25:00.430,4.705,1800
2020-09-15 09:25:00.430,4.705,15000
2020-09-15 09:25:00.430,4.705,300
2020-09-15 09:25:00.430,4.705,5000
2020-09-15 09:25:00.430,4.705,58500
2020-09-15 09:25:00.430,4.705,1300
2020-09-15 09:25:00.430,4.705,2900
2020-09-15 09:25:00.430,4.705,1600
2020-09-15 09:25:00.430,4.705,1600
2020-09-15 09:25:00.430,4.705,100
2020-09-15 09:25:00.430,4.705,100
2020-09-15 09:25:00.430,4.705,200
2020-09-15 09:25:00.430,4.705,200
2020-09-15 09:25:00.430,4.705,200
2020-09-15 09:25:00.430,4.705,100
2020-09-15 09:25:00.430,4.705,100
2020-09-15 09:25:00.430,4.705,200
2020-09-15 09:25:00.430,4.705,100
2020-09-15 09:25:00.430,4.705,100
2020-09-15 09:25:00.430,4.705,500
2020-09-15 09:25:00.430,4.705,200
2020-09-15 09:25:00.430,4.705,1000
2020-09-15 09:25:00.430,4.705,1000
2020-09-15 09:25:00.430,4.705,200
2020-09-15 09:25:00.430,4.705,100
2020-09-15 09:25:00.430,4.705,100
2020-09-15 09:25:00.430,4.705,200
2020-09-15 09:25:00.430,4.705,200
2020-09-15 09:25:00.430,4.705,600
2020-09-15 09:25:00.430,4.705,5000
2020-09-15 09:25:00.430,4.705,300
2020-09-15 09:25:00.430,4.705,500
2020-09-15 09:25:00.430,4.705,1900
2020-09-15 09:25:00.430,4.705,100
2020-09-15 09:25:00.430,4.705,600
2020-09-15 09:25:00.430,4.705,800
2020-09-15 09:25:00.430,4.705,100
2020-09-15 09:25:00.430,4.705,200
2020-09-15 09:25:00.430,4.705,100
2020-09-15 09:25:00.430,4.705,100
2020-09-15 09:25:00.430,4.705,200
2020-09-15 09:25:00.430,4.705,4000
2020-09-15 09:25:00.430,4.705,1000
2020-09-15 09:25:00.430,4.705,200
2020-09-15 09:25:00.430,4.705,200
2020-09-15 09:25:00.430,4.705,200
2020-09-15 09:25:00.430,4.705,2000
2020-09-15 09:25:00.430,4.705,200
2020-09-15 09:25:00.430,4.705,28400
2020-09-15 09:25:00.430,4.705,200
2020-09-15 09:25:00.430,4.705,100
2020-09-15 09:25:00.430,4.705,100
2020-09-15 09:25:00.430,4.705,300
2020-09-15 09:25:00.430,4.705,100
2020-09-15 09:25:00.430,4.705,2500
2020-09-15 09:25:00.430,4.705,300
2020-09-15 09:25:00.430,4.705,100
2020-09-15 09:25:00.430,4.705,100
2020-09-15 09:25:00.430,4.705,300
2020-09-15 09:25:00.430,4.705,14500
2020-09-15 09:25:00.430,4.705,200
2020-09-15 09:25:00.430,4.705,100
2020-09-15 09:25:00.430,4.705,200
2020-09-15 09:25:00.430,4.705,200
2020-09-15 09:25:00.430,4.705,200
2020-09-15 09:25:00.430,4.705,100
2020-09-15 09:25:00.430,4.705,200
2020-09-15 09:25:00.430,4.705,100
2020-09-15 09:25:00.430,4.705,100
2020-09-15 09:25:00.430,4.705,200
2020-09-15 09:25:00.430,4.705,800
2020-09-15 09:25:00.430,4.705,100
2020-09-15 09:25:00.430,4.705,200
2020-09-15 09:25:00.430,4.705,100
2020-09-15 09:25:00.430,4.705,100
2020-09-15 09:25:00.430,4.705,100
2020-09-15 09:25:00.430,4.705,2200
2020-09-15 09:25:00.430,4.705,100
2020-09-15 09:25:00.430,4.705,100
2020-09-15 09:25:00.430,4.705,200
2020-09-15 09:25:00.430,4.705,100
2020-09-15 09:25:00.430,4.705,100
2020-09-15 09:25:00.430,4.705,100
2020-09-15 09:25:00.430,4.705,100
2020-09-15 09:25:00.430,4.705,600
2020-09-15 09:25:00.430,4.705,2200
2020-09-15 09:25:00.430,4.705,2300
2020-09-15 09:25:00.430,4.705,8200
2020-09-15 09:25:00.430,4.705,10000
2020-09-15 09:25:00.430,4.705,1800
2020-09-15 09:25:00.430,4.705,100
2020-09-15 09:25:00.430,4.705,500
2020-09-15 09:25:00.430,4.705,10600
2020-09-15 09:25:00.430,4.705,7000
2020-09-15 09:25:00.430,4.705,2400
2020-09-15 09:25:00.430,4.705,100
2020-09-15 09:25:00.430,4.705,600
2020-09-15 09:25:00.430,4.705,100
2020-09-15 09:25:00.430,4.705,1000
2020-09-15 09:25:00.430,4.705,100
2020-09-15 09:25:00.430,4.705,100
2020-09-15 09:25:00.430,4.705,4000
2020-09-15 09:25:00.430,4.705,200
2020-09-15 09:25:00.430,4.705,100
2020-09-15 09:25:00.430,4.705,4200
2020-09-15 09:25:00.430,4.705,500
2020-09-15 09:25:00.430,4.705,2100
2020-09-15 09:25:00.430,4.705,900
2020-09-15 09:25:00.430,4.705,7900
2020-09-15 09:25:00.430,4.705,100
2020-09-15 09:25:00.430,4.705,700
2020-09-15 09:25:00.430,4.705,4600
2020-09-15 09:25:00.430,4.705,100
2020-09-15 09:25:00.430,4.705,10000
2020-09-15 09:25:00.430,4.705,100
2020-09-15 09:25:00.430,4.705,500
2020-09-15 09:25:00.430,4.705,69500
2020-09-15 09:25:00.430,4.705,200
2020-09-15 09:25:00.430,4.705,135300
2020-09-15 09:25:00.430,4.705,26300
2020-09-15 09:25:00.430,4.705,50500
2020-09-15 09:25:00.430,4.705,100
2020-09-15 09:25:00.430,4.705,20000
2020-09-15 09:25:00.430,4.705,13100
2020-09-15 09:25:00.430,4.705,2400
2020-09-15 09:25:00.430,4.705,100
2020-09-15 09:25:00.430,4.705,100
2020-09-15 09:25:00.430,4.705,500
2020-09-15 09:25:00.430,4.705,3800
2020-09-15 09:25:00.430,4.705,2000
2020-09-15 09:25:00.430,4.705,7100
2020-09-15 09:25:00.430,4.705,11200
2020-09-15 09:25:00.430,4.705,1000
2020-09-15 09:25:00.430,4.705,5000
2020-09-15 09:25:00.430,4.705,10100
2020-09-15 09:25:00.430,4.705,72700
2020-09-15 09:25:00.430,4.705,2300
2020-09-15 09:25:00.430,4.705,5000
2020-09-15 09:25:00.430,4.705,2000
2020-09-15 09:25:00.430,4.705,10100
2020-09-15 09:25:00.430,4.705,600
2020-09-15 09:25:00.430,4.705,600
2020-09-15 09:30:00.120,4.707,3000
2020-09-15 09:30:00.190,4.707,13600
2020-09-15 09:30:00.220,4.708,2700
2020-09-15 09:30:00.250,4.708,1500
2020-09-15 09:30:00.250,4.708,98500
2020-09-15 09:30:00.370,4.707,600
2020-09-15 09:30:00.430,4.707,2000
2020-09-15 09:30:00.430,4.707,5000
2020-09-15 09:30:00.540,4.707,10000
2020-09-15 09:30:00.540,4.708,300
2020-09-15 09:30:00.540,4.707,2400
2020-09-15 09:30:00.540,4.708,500
2020-09-15 09:30:00.540,4.707,18400
2020-09-15 09:30:00.660,4.707,45000
2020-09-15 09:30:00.660,4.707,7000
2020-09-15 09:30:00.660,4.707,5000
2020-09-15 09:30:00.660,4.707,100
2020-09-15 09:30:00.660,4.707,4000
2020-09-15 09:30:00.780,4.706,2000
2020-09-15 09:30:01.030,4.706,22400
2020-09-15 09:30:01.030,4.707,5000
2020-09-15 09:30:01.030,4.707,100
2020-09-15 09:30:01.030,4.706,4500
2020-09-15 09:30:01.030,4.707,8800
2020-09-15 09:30:01.150,4.706,21100
2020-09-15 09:30:01.150,4.706,5000
2020-09-15 09:30:01.150,4.706,3500
2020-09-15 09:30:01.270,4.707,1000
2020-09-15 09:30:01.270,4.707,3200
2020-09-15 09:30:01.270,4.706,6000
2020-09-15 09:30:01.390,4.706,1600
2020-09-15 09:30:01.390,4.705,1100
2020-09-15 09:30:01.390,4.707,20000
2020-09-15 09:30:01.390,4.707,800
2020-09-15 09:30:01.390,4.708,200
2020-09-15 09:30:01.530,4.705,900
2020-09-15 09:30:01.530,4.708,15000
2020-09-15 09:30:01.640,4.708,10000
2020-09-15 09:30:01.640,4.708,60000
2020-09-15 09:30:01.770,4.708,2000
2020-09-15 09:30:01.910,4.708,2200
2020-09-15 09:30:01.910,4.709,1000
2020-09-15 09:30:01.910,4.71,1900
2020-09-15 09:30:01.910,4.707,2100
2020-09-15 09:30:01.910,4.707,2900
2020-09-15 09:30:01.910,4.707,4600
2020-09-15 09:30:01.910,4.707,1000
2020-09-15 09:30:01.910,4.707,5300
2020-09-15 09:30:01.910,4.71,100
2020-09-15 09:30:01.910,4.71,21500
2020-09-15 09:30:01.910,4.71,100
2020-09-15 09:30:01.910,4.71,400
2020-09-15 09:30:01.910,4.711,3000
2020-09-15 09:30:01.910,4.711,7100
2020-09-15 09:30:01.910,4.71,2500
2020-09-15 09:30:01.910,4.706,8100
2020-09-15 09:30:02.160,4.707,100
2020-09-15 09:30:02.160,4.707,200
2020-09-15 09:30:02.160,4.707,800
2020-09-15 09:30:02.160,4.707,1700
2020-09-15 09:30:02.160,4.707,8000
2020-09-15 09:30:02.160,4.707,19500
2020-09-15 09:30:02.560,4.708,20000
2020-09-15 09:30:02.930,4.708,500
2020-09-15 09:30:03.050,4.709,1300
2020-09-15 09:30:03.270,4.71,5000
2020-09-15 09:30:03.270,4.711,60000
2020-09-15 09:30:03.490,4.709,5000
2020-09-15 09:30:03.600,4.709,1900
2020-09-15 09:30:04.020,4.709,100
2020-09-15 09:30:04.110,4.709,3500
2020-09-15 09:30:04.230,4.709,37400
2020-09-15 09:30:04.230,4.709,300
2020-09-15 09:30:04.570,4.71,20000
2020-09-15 09:30:04.610,4.71,14400
2020-09-15 09:30:04.810,4.71,100
2020-09-15 09:30:04.840,4.71,3000
2020-09-15 09:30:04.840,4.71,1000
2020-09-15 09:30:04.840,4.709,1000
2020-09-15 09:30:04.840,4.709,500
2020-09-15 09:30:05.030,4.709,7000
2020-09-15 09:30:05.030,4.709,3000
2020-09-15 09:30:05.030,4.711,3000
2020-09-15 09:30:05.070,4.709,4000
2020-09-15 09:30:05.290,4.709,100
2020-09-15 09:30:05.400,4.711,100
2020-09-15 09:30:05.660,4.709,1200
2020-09-15 09:30:06.040,4.709,800
2020-09-15 09:30:06.140,4.709,12500
2020-09-15 09:30:06.140,4.711,100
2020-09-15 09:30:06.270,4.709,1500
2020-09-15 09:30:06.590,4.709,2000
2020-09-15 09:30:06.780,4.709,1500
2020-09-15 09:30:07.550,4.709,1000
2020-09-15 09:30:08.200,4.709,1000
2020-09-15 09:30:08.270,4.709,10100
2020-09-15 09:30:08.450,4.709,4300
2020-09-15 09:30:08.450,4.708,700
2020-09-15 09:30:08.650,4.708,100
2020-09-15 09:30:09.060,4.708,2000
2020-09-15 09:30:09.220,4.708,2000
2020-09-15 09:30:09.260,4.708,100
2020-09-15 09:30:09.390,4.708,500
2020-09-15 09:30:09.860,4.71,500
2020-09-15 09:30:09.860,4.71,1500
2020-09-15 09:30:09.860,4.708,4300
2020-09-15 09:30:10.190,4.708,100
2020-09-15 09:30:10.430,4.708,200
2020-09-15 09:30:10.430,4.708,300
2020-09-15 09:30:11.100,4.708,300
2020-09-15 09:30:11.190,4.708,600
2020-09-15 09:30:11.720,4.708,17300
2020-09-15 09:30:12.470,4.71,2100
2020-09-15 09:30:12.670,4.708,33000
2020-09-15 09:30:12.960,4.708,3000
2020-09-15 09:30:14.100,4.708,48500
2020-09-15 09:30:14.100,4.708,60000
2020-09-15 09:30:14.100,4.708,8200
2020-09-15 09:30:14.100,4.708,28400
2020-09-15 09:30:14.100,4.708,224900
2020-09-15 09:30:14.400,4.708,100
2020-09-15 09:30:15.800,4.709,2000
2020-09-15 09:30:17.940,4.708,21200
2020-09-15 09:30:20.950,4.708,3000
2020-09-15 09:30:22.370,4.709,100
2020-09-15 09:30:24.170,4.708,37000
2020-09-15 09:30:24.170,4.708,2000
2020-09-15 09:30:24.170,4.708,3000
2020-09-15 09:30:24.170,4.708,6000
2020-09-15 09:30:24.170,4.707,100
2020-09-15 09:30:24.170,4.707,5000
2020-09-15 09:30:24.170,4.707,20000
2020-09-15 09:30:24.170,4.707,2100
2020-09-15 09:30:24.170,4.707,2500
2020-09-15 09:30:24.170,4.707,400
2020-09-15 09:30:24.170,4.707,100
2020-09-15 09:30:24.170,4.707,100
2020-09-15 09:30:24.170,4.707,12900
2020-09-15 09:30:24.170,4.707,4000
2020-09-15 09:30:24.170,4.707,100
2020-09-15 09:30:24.170,4.707,10000
2020-09-15 09:30:24.170,4.707,100
2020-09-15 09:30:24.170,4.707,100
2020-09-15 09:30:24.170,4.707,200
2020-09-15 09:30:24.170,4.707,1200
2020-09-15 09:30:24.170,4.707,123700
2020-09-15 09:30:24.170,4.707,100
2020-09-15 09:30:24.170,4.707,2200
2020-09-15 09:30:24.170,4.707,200
2020-09-15 09:30:24.170,4.707,100
2020-09-15 09:30:24.170,4.707,100
2020-09-15 09:30:24.170,4.707,100
2020-09-15 09:30:24.170,4.707,100
2020-09-15 09:30:24.170,4.707,100
2020-09-15 09:30:24.170,4.707,30000
2020-09-15 09:30:24.170,4.707,100
2020-09-15 09:30:24.170,4.707,200
2020-09-15 09:30:24.960,4.707,200
2020-09-15 09:30:25.050,4.707,4000
2020-09-15 09:30:27.090,4.706,1000
2020-09-15 09:30:27.090,4.706,2000
2020-09-15 09:30:27.090,4.706,9000
2020-09-15 09:30:27.290,4.707,3000
2020-09-15 09:30:29.940,4.707,100
2020-09-15 09:30:31.030,4.706,41000
2020-09-15 09:30:31.030,4.706,100
2020-09-15 09:30:31.030,4.706,100
2020-09-15 09:30:31.030,4.706,1000
2020-09-15 09:30:33.040,4.706,300
2020-09-15 09:30:34.360,4.706,11200
2020-09-15 09:30:34.360,4.706,500
2020-09-15 09:30:34.360,4.707,28800
2020-09-15 09:30:34.360,4.707,5000
2020-09-15 09:30:34.360,4.708,5000
2020-09-15 09:30:34.360,4.708,10800
2020-09-15 09:30:34.360,4.709,2900
2020-09-15 09:30:34.360,4.709,4600
2020-09-15 09:30:34.360,4.709,8700
2020-09-15 09:30:34.360,4.709,5400
2020-09-15 09:30:34.360,4.709,6900
2020-09-15 09:30:35.940,4.708,100
2020-09-15 09:30:35.940,4.709,1400
2020-09-15 09:30:36.910,4.706,1000
2020-09-15 09:30:37.720,4.706,100
2020-09-15 09:30:37.900,4.706,5000
2020-09-15 09:30:37.960,4.705,20000
2020-09-15 09:30:37.960,4.705,30000
2020-09-15 09:30:37.960,4.705,2000
2020-09-15 09:30:37.960,4.705,500
2020-09-15 09:30:37.960,4.705,12600
2020-09-15 09:30:37.960,4.705,200
2020-09-15 09:30:37.960,4.705,6400
2020-09-15 09:30:37.960,4.705,700
2020-09-15 09:30:37.960,4.705,1600
2020-09-15 09:30:37.960,4.705,10000
2020-09-15 09:30:37.960,4.705,2000
2020-09-15 09:30:37.960,4.705,1500
2020-09-15 09:30:37.960,4.705,10000
2020-09-15 09:30:37.960,4.705,300
2020-09-15 09:30:37.960,4.705,16100
2020-09-15 09:30:37.960,4.705,200
2020-09-15 09:30:37.960,4.705,100
2020-09-15 09:30:37.960,4.705,1000
2020-09-15 09:30:37.960,4.705,50000
2020-09-15 09:30:37.960,4.705,134800
2020-09-15 09:30:38.050,4.706,6600
2020-09-15 09:30:38.050,4.706,9600
2020-09-15 09:30:38.050,4.708,10000
2020-09-15 09:30:38.050,4.709,32700
2020-09-15 09:30:38.050,4.709,20000
2020-09-15 09:30:38.050,4.709,4000
2020-09-15 09:30:38.050,4.709,10000
2020-09-15 09:30:38.050,4.709,315000
2020-09-15 09:30:38.050,4.709,300000
2020-09-15 09:30:38.050,4.709,192100
2020-09-15 09:30:39.340,4.705,8100
2020-09-15 09:30:39.380,4.705,117300
2020-09-15 09:30:39.380,4.705,200
2020-09-15 09:30:39.380,4.705,57200
2020-09-15 09:30:39.380,4.705,70000
2020-09-15 09:30:39.380,4.705,5300
2020-09-15 09:30:41.680,4.705,800
2020-09-15 09:30:41.680,4.705,1000
2020-09-15 09:30:41.680,4.705,300
2020-09-15 09:30:41.680,4.705,3400
2020-09-15 09:30:43.180,4.707,800
2020-09-15 09:30:44.430,4.705,6600
2020-09-15 09:30:44.430,4.705,2000
2020-09-15 09:30:44.430,4.705,16800
2020-09-15 09:30:44.430,4.705,100
2020-09-15 09:30:45.510,4.705,3000
2020-09-15 09:30:45.510,4.704,1000
2020-09-15 09:30:45.810,4.704,1000
2020-09-15 09:30:45.810,4.704,100
2020-09-15 09:30:45.810,4.703,8903
2020-09-15 09:30:46.350,4.705,10000
2020-09-15 09:30:46.960,4.705,2300
2020-09-15 09:30:46.960,4.705,1000
2020-09-15 09:30:48.390,4.705,150100
2020-09-15 09:30:50.230,4.705,100
2020-09-15 09:30:51.010,4.704,100
2020-09-15 09:30:51.010,4.704,6300
2020-09-15 09:30:52.610,4.704,17400
2020-09-15 09:30:52.610,4.704,11000
2020-09-15 09:30:52.830,4.705,108000
2020-09-15 09:30:52.830,4.705,10000
2020-09-15 09:30:52.830,4.705,27000
2020-09-15 09:30:52.830,4.705,3000
2020-09-15 09:30:53.720,4.705,5000
2020-09-15 09:30:53.720,4.704,1000
2020-09-15 09:30:55.390,4.706,10000
2020-09-15 09:30:56.090,4.706,5800
2020-09-15 09:30:58.460,4.706,100
2020-09-15 09:30:58.710,4.706,800
2020-09-15 09:30:59.310,4.706,16300
2020-09-15 09:30:59.440,4.705,100
2020-09-15 09:30:59.440,4.705,1200
2020-09-15 09:31:00.100,4.705,600
2020-09-15 09:31:00.260,4.706,1000
2020-09-15 09:31:00.760,4.705,1000
2020-09-15 09:31:02.340,4.705,4500
2020-09-15 09:31:02.560,4.706,300
2020-09-15 09:31:03.850,4.706,100
2020-09-15 09:31:04.570,4.706,42400
2020-09-15 09:31:04.850,4.705,28800
2020-09-15 09:31:04.850,4.705,200
2020-09-15 09:31:04.850,4.705,10000
2020-09-15 09:31:04.900,4.705,900
2020-09-15 09:31:05.890,4.705,8000
2020-09-15 09:31:08.800,4.704,1000
2020-09-15 09:31:08.800,4.704,20700
2020-09-15 09:31:09.670,4.705,1000
2020-09-15 09:31:09.790,4.705,400
2020-09-15 09:31:10.140,4.705,1000
2020-09-15 09:31:12.130,4.704,900
2020-09-15 09:31:12.270,4.705,2500
2020-09-15 09:31:12.370,4.705,600
2020-09-15 09:31:12.450,4.705,10000
2020-09-15 09:31:12.520,4.704,10000
2020-09-15 09:31:14.110,4.704,1500
2020-09-15 09:31:14.110,4.704,11500
2020-09-15 09:31:14.140,4.705,150100
2020-09-15 09:31:14.670,4.704,600
2020-09-15 09:31:15.260,4.704,4000
2020-09-15 09:31:15.480,4.705,100000
2020-09-15 09:31:15.960,4.705,28400
2020-09-15 09:31:16.260,4.704,18300
2020-09-15 09:31:16.840,4.704,215600
2020-09-15 09:31:16.840,4.704,2000
2020-09-15 09:31:16.840,4.704,200
2020-09-15 09:31:17.020,4.704,7500
2020-09-15 09:31:17.420,4.704,100
2020-09-15 09:31:17.700,4.704,28400
2020-09-15 09:31:18.390,4.704,46200
2020-09-15 09:31:18.390,4.705,103900
2020-09-15 09:31:18.730,4.705,21800
2020-09-15 09:31:19.720,4.704,300
2020-09-15 09:31:20.220,4.704,800
2020-09-15 09:31:20.670,4.705,500
2020-09-15 09:31:21.770,4.705,2400
2020-09-15 09:31:23.360,4.705,8300
2020-09-15 09:31:23.360,4.705,4700
2020-09-15 09:31:23.360,4.705,500
2020-09-15 09:31:23.870,4.705,1000
2020-09-15 09:31:23.940,4.705,3000
2020-09-15 09:31:24.530,4.706,40900
2020-09-15 09:31:24.810,4.705,400
2020-09-15 09:31:26.820,4.705,60000
2020-09-15 09:31:27.410,4.706,150100
2020-09-15 09:31:28.070,4.705,3500
2020-09-15 09:31:28.190,4.705,14000
2020-09-15 09:31:29.550,4.705,2700
2020-09-15 09:31:29.740,4.706,28400
2020-09-15 09:31:30.740,4.705,30000
2020-09-15 09:31:32.270,4.705,10000
2020-09-15 09:31:33.530,4.706,200
2020-09-15 09:31:33.590,4.706,12000
2020-09-15 09:31:33.710,4.705,100
2020-09-15 09:31:33.710,4.705,1900
2020-09-15 09:31:33.830,4.706,11100
2020-09-15 09:31:34.400,4.706,5000
2020-09-15 09:31:35.090,4.705,2300
2020-09-15 09:31:35.090,4.705,500
2020-09-15 09:31:35.090,4.705,100
2020-09-15 09:31:35.090,4.705,6600
2020-09-15 09:31:35.300,4.705,200
2020-09-15 09:31:35.300,4.705,4800
2020-09-15 09:31:35.300,4.705,200
2020-09-15 09:31:35.300,4.705,2000
2020-09-15 09:31:35.300,4.705,16400
2020-09-15 09:31:35.300,4.705,10500
2020-09-15 09:31:35.300,4.705,1000
2020-09-15 09:31:35.300,4.705,200
2020-09-15 09:31:35.300,4.705,100
2020-09-15 09:31:36.300,4.705,5000
2020-09-15 09:31:36.900,4.705,500
2020-09-15 09:31:39.110,4.705,5000
2020-09-15 09:31:39.440,4.705,3800
2020-09-15 09:31:39.990,4.705,500
2020-09-15 09:31:39.990,4.705,1000
2020-09-15 09:31:42.440,4.705,3000
2020-09-15 09:31:43.290,4.704,10000
2020-09-15 09:31:43.290,4.704,7600
2020-09-15 09:31:44.150,4.705,300
2020-09-15 09:31:45.900,4.705,3000
2020-09-15 09:31:46.050,4.705,2700
2020-09-15 09:31:46.050,4.705,100
2020-09-15 09:31:46.050,4.705,1000
2020-09-15 09:31:46.050,4.705,1200
2020-09-15 09:31:46.250,4.705,3000
2020-09-15 09:31:47.260,4.704,1000
2020-09-15 09:31:48.810,4.705,55800
2020-09-15 09:31:48.810,4.705,4000
2020-09-15 09:31:48.810,4.705,4300
2020-09-15 09:31:48.810,4.706,86000
2020-09-15 09:31:48.870,4.704,47400
2020-09-15 09:31:48.870,4.704,2300
2020-09-15 09:31:50.140,4.705,100
2020-09-15 09:31:50.140,4.704,700
2020-09-15 09:31:50.140,4.704,400
2020-09-15 09:31:50.240,4.704,500
2020-09-15 09:31:52.470,4.705,1200
2020-09-15 09:31:52.470,4.704,600
2020-09-15 09:31:52.620,4.705,3100
2020-09-15 09:31:53.060,4.705,4200
2020-09-15 09:31:53.060,4.705,12000
2020-09-15 09:31:53.240,4.705,2200
2020-09-15 09:31:53.390,4.705,1000
2020-09-15 09:31:54.540,4.705,8000
2020-09-15 09:31:55.110,4.705,2500
2020-09-15 09:31:55.110,4.705,10000
2020-09-15 09:31:57.880,4.705,100
2020-09-15 09:31:58.300,4.705,600
2020-09-15 09:31:58.550,4.705,4300
2020-09-15 09:31:58.730,4.705,200
2020-09-15 09:32:01.200,4.705,100
2020-09-15 09:32:02.640,4.705,12000
2020-09-15 09:32:04.750,4.705,300
2020-09-15 09:32:06.990,4.705,200
2020-09-15 09:32:11.440,4.704,1600
2020-09-15 09:32:14.300,4.704,6900
2020-09-15 09:32:14.300,4.704,5000
2020-09-15 09:32:14.300,4.704,400
2020-09-15 09:32:14.940,4.705,2000
2020-09-15 09:32:16.120,4.705,100
2020-09-15 09:32:16.580,4.704,100
2020-09-15 09:32:17.260,4.705,150100
2020-09-15 09:32:17.600,4.705,5000
2020-09-15 09:32:18.040,4.704,400
2020-09-15 09:32:18.040,4.704,300
2020-09-15 09:32:19.690,4.705,5000
2020-09-15 09:32:19.870,4.704,100
2020-09-15 09:32:19.900,4.705,1000
2020-09-15 09:32:20.550,4.705,100
2020-09-15 09:32:21.240,4.705,6000
2020-09-15 09:32:21.240,4.705,100
2020-09-15 09:32:21.770,4.704,1700
2020-09-15 09:32:21.770,4.704,10000
2020-09-15 09:32:21.770,4.704,2500
2020-09-15 09:32:22.630,4.705,300
2020-09-15 09:32:22.630,4.705,1300
2020-09-15 09:32:24.480,4.705,1000
2020-09-15 09:32:24.480,4.705,500
2020-09-15 09:32:24.480,4.705,3800
2020-09-15 09:32:25.610,4.705,300
2020-09-15 09:32:27.540,4.705,2400
2020-09-15 09:32:27.540,4.705,80000
2020-09-15 09:32:27.540,4.705,100
2020-09-15 09:32:27.540,4.705,100
2020-09-15 09:32:28.550,4.704,1900
2020-09-15 09:32:30.880,4.704,6800
2020-09-15 09:32:32.860,4.705,10000
2020-09-15 09:32:35.150,4.704,6500
2020-09-15 09:32:36.780,4.704,14000
2020-09-15 09:32:37.050,4.705,300
2020-09-15 09:32:37.520,4.704,18300
2020-09-15 09:32:37.520,4.704,2000
2020-09-15 09:32:37.520,4.704,4000
2020-09-15 09:32:37.520,4.704,19300
2020-09-15 09:32:37.520,4.704,1800
2020-09-15 09:32:37.520,4.704,400
2020-09-15 09:32:37.520,4.704,5000
2020-09-15 09:32:37.520,4.704,2000
2020-09-15 09:32:37.520,4.704,10000
2020-09-15 09:32:37.680,4.704,5000
2020-09-15 09:32:37.810,4.704,200
2020-09-15 09:32:39.080,4.704,111000
2020-09-15 09:32:39.300,4.703,60097
2020-09-15 09:32:39.300,4.703,500
2020-09-15 09:32:39.300,4.703,5000
2020-09-15 09:32:39.300,4.703,2000
2020-09-15 09:32:39.300,4.703,100
2020-09-15 09:32:39.300,4.703,30000
2020-09-15 09:32:39.300,4.703,30000
2020-09-15 09:32:39.300,4.703,25000
2020-09-15 09:32:39.300,4.703,30000
2020-09-15 09:32:39.300,4.703,41900
2020-09-15 09:32:39.300,4.703,100
2020-09-15 09:32:39.300,4.703,5000
2020-09-15 09:32:39.300,4.703,10000
2020-09-15 09:32:39.300,4.703,300
2020-09-15 09:32:39.300,4.703,28000
2020-09-15 09:32:39.540,4.703,300
2020-09-15 09:32:39.780,4.703,100
2020-09-15 09:32:40.390,4.703,300
2020-09-15 09:32:40.390,4.703,10100
2020-09-15 09:32:41.040,4.703,10000
2020-09-15 09:32:42.600,4.703,500
2020-09-15 09:32:42.750,4.703,7400
2020-09-15 09:32:45.120,4.703,5000
2020-09-15 09:32:46.390,4.702,2000
2020-09-15 09:32:46.390,4.702,100000
2020-09-15 09:32:46.390,4.702,100
2020-09-15 09:32:46.390,4.702,3200
2020-09-15 09:32:46.390,4.702,55600
2020-09-15 09:32:46.390,4.702,7000
2020-09-15 09:32:46.390,4.702,3200
2020-09-15 09:32:46.390,4.702,4100
2020-09-15 09:32:46.390,4.702,5000
2020-09-15 09:32:46.390,4.702,2200
2020-09-15 09:32:46.390,4.702,3000
2020-09-15 09:32:46.390,4.701,5000
2020-09-15 09:32:46.390,4.701,4300
2020-09-15 09:32:46.390,4.701,2000
2020-09-15 09:32:46.390,4.701,100
2020-09-15 09:32:46.390,4.701,5000
2020-09-15 09:32:46.390,4.701,3000
2020-09-15 09:32:46.390,4.701,20000
2020-09-15 09:32:46.390,4.701,15700
2020-09-15 09:32:46.390,4.701,10000
2020-09-15 09:32:46.390,4.701,10000
2020-09-15 09:32:46.390,4.701,100
2020-09-15 09:32:46.390,4.701,3000
2020-09-15 09:32:46.390,4.701,100
2020-09-15 09:32:46.390,4.701,200
2020-09-15 09:32:46.390,4.701,36100
2020-09-15 09:32:47.430,4.703,3300
2020-09-15 09:32:47.640,4.703,100
2020-09-15 09:32:47.990,4.701,3900
2020-09-15 09:32:48.020,4.701,500
2020-09-15 09:32:49.180,4.701,6500
2020-09-15 09:32:49.370,4.701,19100
2020-09-15 09:32:50.560,4.702,600
2020-09-15 09:32:52.100,4.701,4000
2020-09-15 09:32:53.350,4.701,500
2020-09-15 09:32:53.350,4.702,2900
2020-09-15 09:32:53.350,4.702,26100
2020-09-15 09:32:55.500,4.701,6400
2020-09-15 09:32:55.530,4.702,100
2020-09-15 09:32:55.600,4.701,10000
2020-09-15 09:32:56.390,4.701,9300
2020-09-15 09:32:56.750,4.701,2200
2020-09-15 09:32:57.960,4.701,100
2020-09-15 09:32:58.400,4.701,1200
2020-09-15 09:32:58.810,4.701,200
2020-09-15 09:33:00.450,4.7,100
2020-09-15 09:33:00.450,4.7,200
2020-09-15 09:33:00.620,4.701,12200
2020-09-15 09:33:01.450,4.701,200
2020-09-15 09:33:01.900,4.701,40000
2020-09-15 09:33:01.990,4.7,100
2020-09-15 09:33:01.990,4.7,100
2020-09-15 09:33:01.990,4.7,200
2020-09-15 09:33:01.990,4.7,200
2020-09-15 09:33:02.840,4.701,1000
2020-09-15 09:33:03.090,4.7,4900
2020-09-15 09:33:03.090,4.7,300
2020-09-15 09:33:03.090,4.7,3200
2020-09-15 09:33:03.090,4.7,2000
2020-09-15 09:33:03.090,4.7,100
2020-09-15 09:33:03.090,4.7,1000
2020-09-15 09:33:03.090,4.7,1700
2020-09-15 09:33:03.090,4.7,15000
2020-09-15 09:33:03.090,4.7,300
2020-09-15 09:33:03.090,4.7,1000
2020-09-15 09:33:03.090,4.7,200
2020-09-15 09:33:03.090,4.7,500
2020-09-15 09:33:03.090,4.7,10000
2020-09-15 09:33:03.090,4.7,2400
2020-09-15 09:33:03.180,4.701,200
2020-09-15 09:33:03.370,4.701,200
2020-09-15 09:33:03.440,4.701,20000
2020-09-15 09:33:04.180,4.701,6000
2020-09-15 09:33:05.320,4.701,2000
2020-09-15 09:33:05.940,4.701,40000
2020-09-15 09:33:06.190,4.7,7600
2020-09-15 09:33:06.190,4.7,100
2020-09-15 09:33:06.190,4.7,100
2020-09-15 09:33:06.190,4.7,100
2020-09-15 09:33:06.190,4.7,100
2020-09-15 09:33:06.190,4.7,3200
2020-09-15 09:33:06.220,4.701,30000
2020-09-15 09:33:06.350,4.701,183700
2020-09-15 09:33:06.350,4.701,33000
2020-09-15 09:33:06.350,4.701,3000
2020-09-15 09:33:06.350,4.701,100
2020-09-15 09:33:06.350,4.701,1000
2020-09-15 09:33:06.590,4.701,1500
2020-09-15 09:33:07.880,4.701,800
2020-09-15 09:33:08.250,4.701,20000
2020-09-15 09:33:09.210,4.702,100
2020-09-15 09:33:09.400,4.702,5800
2020-09-15 09:33:09.400,4.702,1000
2020-09-15 09:33:10.170,4.702,21200
2020-09-15 09:33:10.320,4.703,200
2020-09-15 09:33:10.320,4.703,29000
2020-09-15 09:33:10.620,4.703,4200
2020-09-15 09:33:11.980,4.704,10000
2020-09-15 09:33:13.940,4.703,100
2020-09-15 09:33:14.250,4.703,31500
2020-09-15 09:33:14.320,4.703,800
2020-09-15 09:33:17.960,4.703,5800
2020-09-15 09:33:18.190,4.704,13200
2020-09-15 09:33:18.190,4.704,40000
2020-09-15 09:33:18.190,4.704,100
2020-09-15 09:33:18.190,4.704,22700
2020-09-15 09:33:18.190,4.704,600
2020-09-15 09:33:18.190,4.704,1000
2020-09-15 09:33:18.190,4.705,4000
2020-09-15 09:33:18.190,4.705,10000
2020-09-15 09:33:18.190,4.705,1000
2020-09-15 09:33:18.190,4.705,100
2020-09-15 09:33:18.190,4.706,2200
2020-09-15 09:33:18.190,4.707,4600
2020-09-15 09:33:18.190,4.707,10000
2020-09-15 09:33:18.190,4.707,1100
2020-09-15 09:33:18.190,4.707,2000
2020-09-15 09:33:18.190,4.707,37500
2020-09-15 09:33:18.850,4.704,400
2020-09-15 09:33:18.940,4.705,5000
2020-09-15 09:33:22.320,4.705,200
2020-09-15 09:33:25.340,4.705,2000
2020-09-15 09:33:26.030,4.706,100
2020-09-15 09:33:27.070,4.705,3000
2020-09-15 09:33:28.530,4.706,1000
2020-09-15 09:33:29.390,4.705,300
2020-09-15 09:33:29.760,4.705,20000
2020-09-15 09:33:30.100,4.705,500
2020-09-15 09:33:30.830,4.706,600
2020-09-15 09:33:31.880,4.705,2500
2020-09-15 09:33:32.210,4.705,3600
2020-09-15 09:33:32.210,4.705,5300
2020-09-15 09:33:32.210,4.705,16300
2020-09-15 09:33:33.090,4.705,3600
2020-09-15 09:33:33.400,4.705,3000
2020-09-15 09:33:33.490,4.705,10000
2020-09-15 09:33:33.490,4.705,13000
2020-09-15 09:33:33.730,4.705,100
2020-09-15 09:33:34.820,4.706,1400
2020-09-15 09:33:34.890,4.705,5700
2020-09-15 09:33:36.820,4.705,400
2020-09-15 09:33:36.820,4.705,1600
2020-09-15 09:33:36.820,4.705,3000
2020-09-15 09:33:36.820,4.705,100
2020-09-15 09:33:36.820,4.705,200
2020-09-15 09:33:36.880,4.704,100
2020-09-15 09:33:36.880,4.704,400
2020-09-15 09:33:38.800,4.704,100
2020-09-15 09:33:38.800,4.704,200
2020-09-15 09:33:38.800,4.704,1200
2020-09-15 09:33:41.600,4.705,600
2020-09-15 09:33:41.660,4.705,1100
2020-09-15 09:33:41.660,4.705,5000
2020-09-15 09:33:41.660,4.705,3900
2020-09-15 09:33:42.610,4.705,300
2020-09-15 09:33:43.840,4.705,18400
2020-09-15 09:33:43.840,4.705,1600
2020-09-15 09:33:44.230,4.704,6300
2020-09-15 09:33:45.080,4.705,2100
2020-09-15 09:33:45.460,4.705,100
2020-09-15 09:33:45.520,4.704,1000
2020-09-15 09:33:47.270,4.705,1000
2020-09-15 09:33:47.670,4.705,100
2020-09-15 09:33:48.260,4.705,5000
2020-09-15 09:33:48.590,4.705,300
2020-09-15 09:33:48.770,4.704,5000
2020-09-15 09:33:50.510,4.704,30500
2020-09-15 09:33:52.740,4.705,100
2020-09-15 09:33:54.140,4.704,6000
2020-09-15 09:33:54.140,4.704,6400
2020-09-15 09:33:55.200,4.704,200
2020-09-15 09:33:55.950,4.704,2500
2020-09-15 09:33:56.070,4.704,30000
2020-09-15 09:33:59.860,4.704,100
2020-09-15 09:34:04.070,4.704,1000
2020-09-15 09:34:04.220,4.703,7000
2020-09-15 09:34:04.220,4.703,10000
2020-09-15 09:34:04.220,4.703,30000
2020-09-15 09:34:04.580,4.702,6300
2020-09-15 09:34:04.580,4.702,2100
2020-09-15 09:34:04.580,4.702,10000
2020-09-15 09:34:04.580,4.702,2000
2020-09-15 09:34:04.580,4.702,600
2020-09-15 09:34:04.580,4.702,1200
2020-09-15 09:34:04.580,4.702,100
2020-09-15 09:34:04.580,4.702,500
2020-09-15 09:34:04.580,4.702,40000
2020-09-15 09:34:04.580,4.702,400
2020-09-15 09:34:04.580,4.701,400
2020-09-15 09:34:04.580,4.701,1800
2020-09-15 09:34:04.580,4.701,300
2020-09-15 09:34:04.580,4.701,3900
2020-09-15 09:34:06.780,4.703,100
2020-09-15 09:34:07.440,4.703,100
2020-09-15 09:34:09.200,4.703,100
2020-09-15 09:34:11.330,4.703,100
2020-09-15 09:34:11.880,4.703,200
2020-09-15 09:34:13.500,4.703,132400
2020-09-15 09:34:13.500,4.703,8300
2020-09-15 09:34:13.500,4.703,2000
2020-09-15 09:34:13.500,4.703,10400
2020-09-15 09:34:13.500,4.703,2900
2020-09-15 09:34:13.720,4.703,33000
2020-09-15 09:34:15.250,4.703,2000
2020-09-15 09:34:16.460,4.703,100
2020-09-15 09:34:17.120,4.703,10000
2020-09-15 09:34:18.370,4.703,2000
2020-09-15 09:34:19.080,4.703,3000
2020-09-15 09:34:19.380,4.704,100
2020-09-15 09:34:19.380,4.704,200
2020-09-15 09:34:20.780,4.703,2300
2020-09-15 09:34:21.570,4.703,100
2020-09-15 09:34:21.970,4.703,64800
2020-09-15 09:34:22.720,4.703,26700
2020-09-15 09:34:22.720,4.703,21800
2020-09-15 09:34:22.720,4.703,200
2020-09-15 09:34:22.720,4.703,100
2020-09-15 09:34:22.720,4.703,3000
2020-09-15 09:34:22.720,4.703,1000
2020-09-15 09:34:22.890,4.703,109300
2020-09-15 09:34:22.960,4.703,1000
2020-09-15 09:34:23.800,4.704,1000
2020-09-15 09:34:24.740,4.703,1100
2020-09-15 09:34:24.980,4.703,4000
2020-09-15 09:34:25.100,4.704,13800
2020-09-15 09:34:25.100,4.704,300
2020-09-15 09:34:25.100,4.704,2800
2020-09-15 09:34:25.430,4.704,300
2020-09-15 09:34:26.350,4.703,100
2020-09-15 09:34:26.380,4.704,600
2020-09-15 09:34:28.590,4.703,100
2020-09-15 09:34:29.970,4.704,2000
2020-09-15 09:34:30.910,4.704,300
2020-09-15 09:34:30.910,4.704,200
2020-09-15 09:34:35.080,4.704,1600
2020-09-15 09:34:36.500,4.704,2900
2020-09-15 09:34:36.500,4.704,1900
2020-09-15 09:34:37.160,4.704,2100
2020-09-15 09:34:37.160,4.704,2000
2020-09-15 09:34:38.420,4.703,500
2020-09-15 09:34:38.420,4.703,9500
2020-09-15 09:34:40.620,4.704,3000
2020-09-15 09:34:41.280,4.704,300
2020-09-15 09:34:45.290,4.704,2600
2020-09-15 09:34:45.290,4.704,7400
2020-09-15 09:34:45.900,4.703,900
2020-09-15 09:34:46.710,4.704,9000
2020-09-15 09:34:48.560,4.704,100
2020-09-15 09:34:49.320,4.704,200
2020-09-15 09:34:51.850,4.703,3000
2020-09-15 09:34:52.360,4.703,186600
2020-09-15 09:34:52.360,4.703,56500
2020-09-15 09:34:53.340,4.703,71500
2020-09-15 09:34:53.340,4.703,20000
2020-09-15 09:34:53.340,4.703,800
2020-09-15 09:34:53.340,4.703,2000
2020-09-15 09:34:53.340,4.703,200000
2020-09-15 09:34:53.340,4.703,500
2020-09-15 09:34:53.340,4.703,1000
2020-09-15 09:34:53.800,4.703,100
2020-09-15 09:34:54.130,4.702,4700
2020-09-15 09:34:54.130,4.702,10000
2020-09-15 09:34:54.130,4.702,3000
2020-09-15 09:34:54.130,4.702,10000
2020-09-15 09:34:54.130,4.702,500
2020-09-15 09:34:54.130,4.702,10000
2020-09-15 09:34:54.130,4.701,1100
2020-09-15 09:34:54.130,4.701,50000
2020-09-15 09:34:54.130,4.701,100
2020-09-15 09:34:54.130,4.701,3000
2020-09-15 09:34:54.130,4.701,100
2020-09-15 09:34:54.130,4.701,1000
2020-09-15 09:34:54.130,4.701,100
2020-09-15 09:34:54.130,4.701,10000
2020-09-15 09:34:54.130,4.701,2900
2020-09-15 09:34:54.130,4.701,18000
2020-09-15 09:34:54.130,4.701,200
2020-09-15 09:34:54.130,4.701,200
2020-09-15 09:34:54.130,4.7,1800
2020-09-15 09:34:54.130,4.7,100
2020-09-15 09:34:54.130,4.7,100
2020-09-15 09:34:54.130,4.7,100
2020-09-15 09:34:54.130,4.7,200
2020-09-15 09:34:54.130,4.7,500
2020-09-15 09:34:54.130,4.7,1000
2020-09-15 09:34:54.130,4.7,100
2020-09-15 09:34:54.130,4.7,200
2020-09-15 09:34:54.130,4.7,50000
2020-09-15 09:34:54.130,4.7,800
2020-09-15 09:34:54.130,4.7,1200
2020-09-15 09:34:54.130,4.7,1000
2020-09-15 09:34:54.130,4.7,2000
2020-09-15 09:34:54.130,4.7,3000
2020-09-15 09:34:54.130,4.7,100
2020-09-15 09:34:54.130,4.7,6000
2020-09-15 09:34:54.130,4.7,1000
2020-09-15 09:34:54.130,4.7,100
2020-09-15 09:34:54.130,4.7,5000
2020-09-15 09:34:54.130,4.7,200
2020-09-15 09:34:54.130,4.7,5000
2020-09-15 09:34:54.130,4.7,10000
2020-09-15 09:34:54.130,4.7,100
2020-09-15 09:34:54.130,4.7,2000
2020-09-15 09:34:54.130,4.7,1000
2020-09-15 09:34:54.130,4.7,5000
2020-09-15 09:34:54.130,4.7,10000
2020-09-15 09:34:54.130,4.7,100
2020-09-15 09:34:54.130,4.7,100
2020-09-15 09:34:54.130,4.7,400
2020-09-15 09:34:54.130,4.7,500
2020-09-15 09:34:54.130,4.7,1000
2020-09-15 09:34:54.130,4.7,500
2020-09-15 09:34:54.130,4.7,1000
2020-09-15 09:34:54.130,4.7,3000
2020-09-15 09:34:54.130,4.7,17900
2020-09-15 09:34:55.360,4.703,100
2020-09-15 09:34:55.910,4.703,4000
2020-09-15 09:34:55.910,4.703,1600
2020-09-15 09:34:55.910,4.703,2000
2020-09-15 09:34:55.910,4.703,300000
2020-09-15 09:34:55.910,4.703,134700
2020-09-15 09:34:55.910,4.703,71500
2020-09-15 09:34:57.300,4.703,1200
2020-09-15 09:34:58.170,4.702,100
2020-09-15 09:34:58.860,4.7,200
2020-09-15 09:34:58.860,4.7,1700
2020-09-15 09:34:59.840,4.701,100
2020-09-15 09:35:01.100,4.701,2100
2020-09-15 09:35:01.100,4.701,7900
2020-09-15 09:35:01.220,4.701,1000
2020-09-15 09:35:01.760,4.701,100000
2020-09-15 09:35:02.420,4.7,3800
2020-09-15 09:35:02.420,4.7,1000
2020-09-15 09:35:02.420,4.7,500
2020-09-15 09:35:02.420,4.7,1200
2020-09-15 09:35:02.420,4.7,100
2020-09-15 09:35:02.420,4.7,1000
2020-09-15 09:35:02.420,4.7,900
2020-09-15 09:35:02.420,4.7,5000
2020-09-15 09:35:02.420,4.7,300
2020-09-15 09:35:02.420,4.7,1200
2020-09-15 09:35:02.450,4.701,200
2020-09-15 09:35:02.930,4.7,1500
2020-09-15 09:35:03.180,4.701,2000
2020-09-15 09:35:05.430,4.7,100
2020-09-15 09:35:05.860,4.7,8200
2020-09-15 09:35:05.860,4.7,2000
2020-09-15 09:35:05.860,4.7,2100
2020-09-15 09:35:05.860,4.7,500
2020-09-15 09:35:05.860,4.7,2000
2020-09-15 09:35:05.860,4.7,1100
2020-09-15 09:35:05.860,4.7,100
2020-09-15 09:35:05.860,4.7,6000
2020-09-15 09:35:05.860,4.7,500
2020-09-15 09:35:05.860,4.7,500
2020-09-15 09:35:05.860,4.7,1800
2020-09-15 09:35:05.860,4.7,1000
2020-09-15 09:35:05.860,4.7,2000
2020-09-15 09:35:05.860,4.7,100
2020-09-15 09:35:05.860,4.7,1000
2020-09-15 09:35:05.860,4.7,4200
2020-09-15 09:35:05.860,4.699,5000
2020-09-15 09:35:05.860,4.699,100
2020-09-15 09:35:05.860,4.699,100
2020-09-15 09:35:05.860,4.699,900
2020-09-15 09:35:05.860,4.699,3700
2020-09-15 09:35:06.660,4.699,1000
2020-09-15 09:35:06.960,4.701,5000
2020-09-15 09:35:06.960,4.701,30000
2020-09-15 09:35:08.330,4.701,1300
2020-09-15 09:35:08.420,4.701,600
2020-09-15 09:35:09.540,4.7,6500
2020-09-15 09:35:11.010,4.701,1000
2020-09-15 09:35:12.250,4.7,100
2020-09-15 09:35:12.310,4.7,100
2020-09-15 09:35:13.000,4.699,3000
2020-09-15 09:35:13.820,4.7,100
2020-09-15 09:35:15.240,4.699,2300
2020-09-15 09:35:15.240,4.699,1000
2020-09-15 09:35:15.240,4.699,200
2020-09-15 09:35:15.240,4.699,100
2020-09-15 09:35:15.240,4.699,5000
2020-09-15 09:35:15.240,4.699,5300
2020-09-15 09:35:15.240,4.699,1100
2020-09-15 09:35:15.240,4.699,1000
2020-09-15 09:35:15.240,4.699,2900
2020-09-15 09:35:15.610,4.7,100
2020-09-15 09:35:15.830,4.699,2100
2020-09-15 09:35:15.830,4.699,10000
2020-09-15 09:35:15.830,4.699,19200
2020-09-15 09:35:17.530,4.7,400
2020-09-15 09:35:17.530,4.699,9000
2020-09-15 09:35:17.530,4.699,500
2020-09-15 09:35:17.720,4.699,500
2020-09-15 09:35:17.720,4.7,2600
2020-09-15 09:35:17.890,4.7,2000
2020-09-15 09:35:18.050,4.7,600
2020-09-15 09:35:18.050,4.7,2000
2020-09-15 09:35:18.050,4.701,1700
2020-09-15 09:35:20.390,4.699,500
2020-09-15 09:35:20.390,4.7,2500
2020-09-15 09:35:20.890,4.7,100
2020-09-15 09:35:22.430,4.7,200
2020-09-15 09:35:24.550,4.7,100
2020-09-15 09:35:25.930,4.7,7100
2020-09-15 09:35:25.930,4.7,900
2020-09-15 09:35:25.930,4.7,500
2020-09-15 09:35:25.990,4.699,100
2020-09-15 09:35:25.990,4.699,100
2020-09-15 09:35:25.990,4.699,24100
2020-09-15 09:35:25.990,4.698,500
2020-09-15 09:35:25.990,4.698,10000
2020-09-15 09:35:25.990,4.698,2000
2020-09-15 09:35:25.990,4.698,200
2020-09-15 09:35:25.990,4.698,600
2020-09-15 09:35:25.990,4.698,1100
2020-09-15 09:35:25.990,4.698,200
2020-09-15 09:35:25.990,4.698,5000
2020-09-15 09:35:25.990,4.698,13900
2020-09-15 09:35:25.990,4.698,3000
2020-09-15 09:35:25.990,4.698,200
2020-09-15 09:35:25.990,4.698,500
2020-09-15 09:35:25.990,4.698,1800
2020-09-15 09:35:25.990,4.698,5000
2020-09-15 09:35:25.990,4.698,20000
2020-09-15 09:35:25.990,4.698,5000
2020-09-15 09:35:25.990,4.698,100
2020-09-15 09:35:25.990,4.698,5000
2020-09-15 09:35:26.380,4.697,4200
2020-09-15 09:35:26.380,4.697,5000
2020-09-15 09:35:26.380,4.697,8000
2020-09-15 09:35:26.380,4.697,100
2020-09-15 09:35:26.380,4.697,30000
2020-09-15 09:35:26.380,4.697,20000
2020-09-15 09:35:26.380,4.696,6000
2020-09-15 09:35:26.380,4.696,5000
2020-09-15 09:35:26.380,4.696,5000
2020-09-15 09:35:26.380,4.696,10700
2020-09-15 09:35:26.380,4.696,10000
2020-09-15 09:35:26.380,4.696,800
2020-09-15 09:35:26.380,4.696,3000
2020-09-15 09:35:26.380,4.696,100
2020-09-15 09:35:26.380,4.696,3000
2020-09-15 09:35:26.380,4.696,189100
2020-09-15 09:35:26.650,4.698,200
2020-09-15 09:35:27.820,4.698,200
2020-09-15 09:35:27.820,4.699,800
2020-09-15 09:35:27.980,4.699,100
2020-09-15 09:35:27.980,4.7,100
2020-09-15 09:35:28.700,4.699,2500
2020-09-15 09:35:29.310,4.699,100
2020-09-15 09:35:30.240,4.699,2000
2020-09-15 09:35:30.610,4.696,3000
2020-09-15 09:35:30.700,4.696,2000
2020-09-15 09:35:30.700,4.698,26400
2020-09-15 09:35:32.140,4.697,400
2020-09-15 09:35:32.600,4.696,400
2020-09-15 09:35:32.770,4.696,100
2020-09-15 09:35:32.840,4.696,2300
2020-09-15 09:35:32.840,4.698,700
2020-09-15 09:35:33.540,4.698,200
2020-09-15 09:35:34.780,4.698,4500
2020-09-15 09:35:35.370,4.695,200
2020-09-15 09:35:35.370,4.695,100
2020-09-15 09:35:35.370,4.695,100
2020-09-15 09:35:35.370,4.695,100
2020-09-15 09:35:35.370,4.695,900
2020-09-15 09:35:35.880,4.695,1600
2020-09-15 09:35:35.880,4.695,200
2020-09-15 09:35:35.880,4.695,3300
2020-09-15 09:35:37.860,4.696,8000
2020-09-15 09:35:38.020,4.698,12700
2020-09-15 09:35:38.020,4.698,7300
2020-09-15 09:35:38.250,4.698,2700
2020-09-15 09:35:38.250,4.698,21700
2020-09-15 09:35:38.520,4.698,300
2020-09-15 09:35:39.700,4.695,3000
2020-09-15 09:35:40.100,4.695,7000
2020-09-15 09:35:40.740,4.697,100
2020-09-15 09:35:41.230,4.695,100
2020-09-15 09:35:41.410,4.696,2400
2020-09-15 09:35:42.280,4.695,900
2020-09-15 09:35:42.340,4.695,200
2020-09-15 09:35:42.460,4.695,100
2020-09-15 09:35:42.730,4.696,20000
2020-09-15 09:35:42.730,4.696,100
2020-09-15 09:35:43.870,4.697,200
2020-09-15 09:35:43.930,4.696,1300
2020-09-15 09:35:44.380,4.696,2000
2020-09-15 09:35:44.840,4.697,100
2020-09-15 09:35:45.420,4.696,500
2020-09-15 09:35:47.270,4.696,8000
2020-09-15 09:35:47.330,4.696,25800
2020-09-15 09:35:48.920,4.696,4300
2020-09-15 09:35:49.780,4.697,8000
2020-09-15 09:35:49.780,4.697,2000
2020-09-15 09:35:50.020,4.696,700
2020-09-15 09:35:50.510,4.696,100
2020-09-15 09:35:50.780,4.696,9400
2020-09-15 09:35:51.580,4.697,8000
2020-09-15 09:35:53.730,4.698,200
2020-09-15 09:35:53.730,4.698,200
2020-09-15 09:35:55.110,4.698,200
2020-09-15 09:35:55.110,4.697,2300
2020-09-15 09:35:57.010,4.699,1000
2020-09-15 09:35:57.010,4.699,400
2020-09-15 09:35:58.510,4.698,100
2020-09-15 09:35:58.890,4.697,12100
2020-09-15 09:36:02.890,4.697,7500
2020-09-15 09:36:03.480,4.697,2000
2020-09-15 09:36:03.480,4.697,1100
2020-09-15 09:36:03.480,4.697,8900
2020-09-15 09:36:03.910,4.697,2000
2020-09-15 09:36:04.050,4.697,2500
2020-09-15 09:36:04.330,4.697,800
2020-09-15 09:36:04.380,4.697,2000
2020-09-15 09:36:04.510,4.697,800
2020-09-15 09:36:04.510,4.697,100
2020-09-15 09:36:04.510,4.697,200
2020-09-15 09:36:04.510,4.697,100
2020-09-15 09:36:04.510,4.697,100
2020-09-15 09:36:04.810,4.696,2000
2020-09-15 09:36:05.240,4.697,100
2020-09-15 09:36:05.700,4.696,2500
2020-09-15 09:36:06.190,4.697,100
2020-09-15 09:36:06.250,4.697,500
2020-09-15 09:36:06.650,4.697,11000
2020-09-15 09:36:08.140,4.698,100
2020-09-15 09:36:08.380,4.698,20900
2020-09-15 09:36:08.380,4.698,8700
2020-09-15 09:36:08.380,4.698,41100
2020-09-15 09:36:08.380,4.698,4000
2020-09-15 09:36:08.380,4.698,500
2020-09-15 09:36:08.380,4.698,74900
2020-09-15 09:36:09.280,4.698,27200
2020-09-15 09:36:10.690,4.697,24500
2020-09-15 09:36:10.990,4.697,14500
2020-09-15 09:36:10.990,4.697,3000
2020-09-15 09:36:10.990,4.697,2500
2020-09-15 09:36:13.330,4.698,1600
2020-09-15 09:36:13.810,4.698,1600
2020-09-15 09:36:14.200,4.698,1600
2020-09-15 09:36:14.440,4.698,12100
2020-09-15 09:36:14.440,4.697,700
2020-09-15 09:36:14.440,4.697,200
2020-09-15 09:36:14.440,4.697,13300
2020-09-15 09:36:14.790,4.698,1200
2020-09-15 09:36:14.990,4.699,200
2020-09-15 09:36:14.990,4.699,300
2020-09-15 09:36:16.810,4.698,1000
2020-09-15 09:36:19.430,4.698,100
2020-09-15 09:36:19.430,4.698,500
2020-09-15 09:36:19.570,4.699,100
2020-09-15 09:36:20.690,4.699,2700
2020-09-15 09:36:21.790,4.699,5300
2020-09-15 09:36:21.820,4.699,300
2020-09-15 09:36:25.850,4.699,100
2020-09-15 09:36:27.670,4.699,100
2020-09-15 09:36:28.730,4.699,7600
2020-09-15 09:36:29.020,4.699,900
2020-09-15 09:36:29.020,4.699,1800
2020-09-15 09:36:29.020,4.699,4000
2020-09-15 09:36:29.020,4.699,100
2020-09-15 09:36:29.200,4.699,2000
2020-09-15 09:36:29.530,4.699,1200
2020-09-15 09:36:30.470,4.699,800
2020-09-15 09:36:30.470,4.699,500
2020-09-15 09:36:30.730,4.699,3200
2020-09-15 09:36:33.800,4.699,7600
2020-09-15 09:36:33.970,4.699,3000
2020-09-15 09:36:34.060,4.699,900
2020-09-15 09:36:36.040,4.699,100
2020-09-15 09:36:38.330,4.699,300
2020-09-15 09:36:39.920,4.698,1700
2020-09-15 09:36:39.920,4.698,900
2020-09-15 09:36:40.830,4.698,20100
2020-09-15 09:36:40.830,4.698,100
2020-09-15 09:36:40.830,4.698,100
2020-09-15 09:36:40.830,4.698,30000
2020-09-15 09:36:40.830,4.698,5000
2020-09-15 09:36:40.830,4.698,500
2020-09-15 09:36:40.830,4.698,4000
2020-09-15 09:36:40.830,4.698,2300
2020-09-15 09:36:40.830,4.698,300
2020-09-15 09:36:40.830,4.698,5000
2020-09-15 09:36:41.000,4.697,2600
2020-09-15 09:36:41.000,4.697,1000
2020-09-15 09:36:43.940,4.698,100
2020-09-15 09:36:44.220,4.698,2500
2020-09-15 09:36:44.530,4.698,600
2020-09-15 09:36:45.340,4.697,3400
2020-09-15 09:36:45.340,4.697,100
2020-09-15 09:36:45.340,4.697,52100
2020-09-15 09:36:45.340,4.697,1100
2020-09-15 09:36:45.340,4.697,5000
2020-09-15 09:36:45.340,4.697,2000
2020-09-15 09:36:45.340,4.697,1000
2020-09-15 09:36:45.340,4.697,700
2020-09-15 09:36:45.340,4.697,4000
2020-09-15 09:36:45.340,4.697,200
2020-09-15 09:36:45.340,4.697,8000
2020-09-15 09:36:45.650,4.697,30000
2020-09-15 09:36:45.680,4.697,600
2020-09-15 09:36:46.550,4.697,10600
2020-09-15 09:36:47.640,4.697,100
2020-09-15 09:36:47.730,4.697,2000
2020-09-15 09:36:48.280,4.697,10600
2020-09-15 09:36:49.700,4.697,200
2020-09-15 09:36:49.940,4.697,4000
2020-09-15 09:36:50.580,4.697,700
2020-09-15 09:36:53.350,4.697,150100
2020-09-15 09:36:54.070,4.697,100
2020-09-15 09:36:54.630,4.697,300
2020-09-15 09:36:54.700,4.697,500
2020-09-15 09:36:56.030,4.697,2000
2020-09-15 09:36:56.310,4.697,10600
2020-09-15 09:36:56.310,4.697,700
2020-09-15 09:36:57.090,4.697,200
2020-09-15 09:36:57.700,4.697,200
2020-09-15 09:36:59.400,4.697,2900
2020-09-15 09:36:59.400,4.697,1000
2020-09-15 09:36:59.400,4.697,3100
2020-09-15 09:36:59.570,4.698,700
2020-09-15 09:37:00.350,4.697,400
2020-09-15 09:37:00.720,4.697,4000
2020-09-15 09:37:01.820,4.697,8600
2020-09-15 09:37:01.820,4.697,100
2020-09-15 09:37:01.820,4.697,500
2020-09-15 09:37:01.820,4.696,10800
2020-09-15 09:37:02.950,4.696,5400
2020-09-15 09:37:04.040,4.696,5000
2020-09-15 09:37:07.020,4.698,1100
2020-09-15 09:37:07.080,4.697,2000
2020-09-15 09:37:07.080,4.697,5000
2020-09-15 09:37:07.080,4.696,75100
2020-09-15 09:37:07.510,4.697,300
2020-09-15 09:37:07.600,4.698,100
2020-09-15 09:37:08.290,4.698,200
2020-09-15 09:37:09.100,4.697,2100
2020-09-15 09:37:09.880,4.697,600
2020-09-15 09:37:09.940,4.696,33000
2020-09-15 09:37:10.030,4.697,500
2020-09-15 09:37:10.670,4.696,10400
2020-09-15 09:37:11.060,4.696,1000
2020-09-15 09:37:11.900,4.696,600
2020-09-15 09:37:11.900,4.696,100
2020-09-15 09:37:11.900,4.696,300
2020-09-15 09:37:11.900,4.696,20000
2020-09-15 09:37:11.900,4.696,100
2020-09-15 09:37:11.900,4.696,5000
2020-09-15 09:37:11.900,4.696,300
2020-09-15 09:37:11.900,4.696,300
2020-09-15 09:37:11.900,4.696,100
2020-09-15 09:37:11.900,4.696,5000
2020-09-15 09:37:11.900,4.696,10000
2020-09-15 09:37:11.900,4.696,1000
2020-09-15 09:37:11.900,4.696,5000
2020-09-15 09:37:11.900,4.696,400
2020-09-15 09:37:11.900,4.696,3000
2020-09-15 09:37:11.900,4.696,5000
2020-09-15 09:37:11.900,4.696,3000
2020-09-15 09:37:11.900,4.696,50000
2020-09-15 09:37:11.900,4.696,20000
2020-09-15 09:37:11.900,4.696,20000
2020-09-15 09:37:12.420,4.695,5400
2020-09-15 09:37:12.420,4.695,1000
2020-09-15 09:37:12.420,4.695,200
2020-09-15 09:37:12.420,4.695,500
2020-09-15 09:37:12.420,4.695,100
2020-09-15 09:37:12.420,4.695,100
2020-09-15 09:37:12.420,4.695,1000
2020-09-15 09:37:12.420,4.695,1000
2020-09-15 09:37:12.420,4.695,400
2020-09-15 09:37:12.420,4.695,500
2020-09-15 09:37:12.900,4.695,500
2020-09-15 09:37:12.900,4.695,600
2020-09-15 09:37:12.900,4.695,100
2020-09-15 09:37:12.900,4.695,500
2020-09-15 09:37:12.900,4.695,49900
2020-09-15 09:37:12.900,4.695,300
2020-09-15 09:37:12.900,4.695,500
2020-09-15 09:37:12.900,4.695,2000
2020-09-15 09:37:12.900,4.695,3500
2020-09-15 09:37:12.900,4.695,1000
2020-09-15 09:37:12.900,4.695,2000
2020-09-15 09:37:12.900,4.695,5000
2020-09-15 09:37:12.900,4.695,500
2020-09-15 09:37:12.900,4.695,10000
2020-09-15 09:37:12.900,4.695,1300
2020-09-15 09:37:12.900,4.695,400
2020-09-15 09:37:12.900,4.695,100
2020-09-15 09:37:12.900,4.695,1400
2020-09-15 09:37:12.900,4.695,500
2020-09-15 09:37:12.900,4.695,3000
2020-09-15 09:37:12.900,4.695,3500
2020-09-15 09:37:12.900,4.695,10000
2020-09-15 09:37:12.900,4.695,20000
2020-09-15 09:37:12.900,4.695,3000
2020-09-15 09:37:12.900,4.695,300
2020-09-15 09:37:12.900,4.695,200
2020-09-15 09:37:12.900,4.695,100
2020-09-15 09:37:12.900,4.695,500
2020-09-15 09:37:12.900,4.695,1900
2020-09-15 09:37:12.900,4.695,500
2020-09-15 09:37:12.900,4.695,200
2020-09-15 09:37:12.900,4.695,10000
2020-09-15 09:37:12.900,4.695,100
2020-09-15 09:37:12.900,4.695,10000
2020-09-15 09:37:12.900,4.695,100
2020-09-15 09:37:12.900,4.695,6600
2020-09-15 09:37:13.120,4.696,800
2020-09-15 09:37:13.120,4.696,3400
2020-09-15 09:37:13.390,4.696,400
2020-09-15 09:37:14.310,4.696,1200
2020-09-15 09:37:14.310,4.696,3000
2020-09-15 09:37:14.780,4.695,3400
2020-09-15 09:37:15.740,4.696,100
2020-09-15 09:37:16.130,4.696,100
2020-09-15 09:37:16.770,4.696,1700
2020-09-15 09:37:17.420,4.695,2000
2020-09-15 09:37:17.770,4.695,9000
2020-09-15 09:37:17.830,4.694,3700
2020-09-15 09:37:18.570,4.695,5000
2020-09-15 09:37:19.330,4.695,200
2020-09-15 09:37:21.310,4.695,700
2020-09-15 09:37:22.170,4.694,2300
2020-09-15 09:37:22.170,4.694,3000
2020-09-15 09:37:22.170,4.694,100
2020-09-15 09:37:22.170,4.694,4700
2020-09-15 09:37:22.170,4.694,4000
2020-09-15 09:37:22.170,4.694,900
2020-09-15 09:37:22.170,4.694,1100
2020-09-15 09:37:22.170,4.694,1000
2020-09-15 09:37:22.170,4.694,7000
2020-09-15 09:37:22.170,4.694,10000
2020-09-15 09:37:22.170,4.694,10000
2020-09-15 09:37:23.090,4.694,100
2020-09-15 09:37:23.780,4.694,40000
2020-09-15 09:37:23.780,4.694,15800
2020-09-15 09:37:24.170,4.695,100
2020-09-15 09:37:25.580,4.695,200
2020-09-15 09:37:28.000,4.694,24200
2020-09-15 09:37:28.000,4.694,100
2020-09-15 09:37:28.000,4.694,32600
2020-09-15 09:37:28.310,4.694,25200
2020-09-15 09:37:28.870,4.694,900
2020-09-15 09:37:29.010,4.695,20000
2020-09-15 09:37:29.950,4.694,10000
2020-09-15 09:37:31.260,4.695,400
2020-09-15 09:37:31.380,4.695,49600
2020-09-15 09:37:31.380,4.695,20000
2020-09-15 09:37:31.380,4.695,10400
2020-09-15 09:37:31.760,4.695,10000
2020-09-15 09:37:31.880,4.695,400
2020-09-15 09:37:32.070,4.695,5500
2020-09-15 09:37:34.780,4.696,200
2020-09-15 09:37:34.780,4.695,100
2020-09-15 09:37:34.780,4.695,19700
2020-09-15 09:37:35.370,4.697,2000
2020-09-15 09:37:37.270,4.695,500
2020-09-15 09:37:37.270,4.695,4500
2020-09-15 09:37:38.500,4.695,2900
2020-09-15 09:37:40.220,4.697,500
2020-09-15 09:37:40.350,4.695,600
2020-09-15 09:37:40.350,4.695,200
2020-09-15 09:37:40.350,4.695,100
2020-09-15 09:37:40.350,4.695,1100
2020-09-15 09:37:40.410,4.697,100
2020-09-15 09:37:41.010,4.697,100
2020-09-15 09:37:42.130,4.695,200
2020-09-15 09:37:42.190,4.695,100
2020-09-15 09:37:42.390,4.695,100
2020-09-15 09:37:42.390,4.695,1400
2020-09-15 09:37:43.940,4.696,300
2020-09-15 09:37:43.940,4.697,200
2020-09-15 09:37:44.540,4.695,1000
2020-09-15 09:37:45.520,4.697,1000
2020-09-15 09:37:46.020,4.697,100
2020-09-15 09:37:46.020,4.697,900
2020-09-15 09:37:46.570,4.695,3700
2020-09-15 09:37:48.120,4.697,100
2020-09-15 09:37:48.370,4.697,200
2020-09-15 09:37:49.120,4.696,300
2020-09-15 09:37:49.120,4.695,800
2020-09-15 09:37:49.360,4.695,300
2020-09-15 09:37:50.320,4.695,100
2020-09-15 09:37:52.080,4.695,4000
2020-09-15 09:37:52.380,4.696,700
2020-09-15 09:37:54.960,4.697,8800
2020-09-15 09:37:54.960,4.697,1200
2020-09-15 09:37:55.190,4.697,700
2020-09-15 09:37:56.680,4.696,32300
2020-09-15 09:37:56.680,4.696,24800
2020-09-15 09:37:56.890,4.696,2500
2020-09-15 09:38:01.030,4.696,20000
2020-09-15 09:38:01.490,4.697,1000
2020-09-15 09:38:01.630,4.697,400
2020-09-15 09:38:03.250,4.696,400
2020-09-15 09:38:03.250,4.697,10000
2020-09-15 09:38:04.390,4.697,1000
2020-09-15 09:38:04.690,4.696,8100
2020-09-15 09:38:04.690,4.696,2000
2020-09-15 09:38:04.690,4.696,1900
2020-09-15 09:38:05.640,4.696,100
2020-09-15 09:38:05.640,4.696,1900
2020-09-15 09:38:06.210,4.696,1500
2020-09-15 09:38:06.210,4.696,31800
2020-09-15 09:38:07.130,4.697,5900
2020-09-15 09:38:09.460,4.696,10000
2020-09-15 09:38:09.790,4.696,8200
2020-09-15 09:38:09.790,4.696,2400
2020-09-15 09:38:11.360,4.696,7600
2020-09-15 09:38:11.360,4.696,30000
2020-09-15 09:38:11.360,4.696,200
2020-09-15 09:38:11.360,4.696,10000
2020-09-15 09:38:11.360,4.696,5000
2020-09-15 09:38:11.360,4.696,1000
2020-09-15 09:38:11.360,4.696,2000
2020-09-15 09:38:11.360,4.696,600
2020-09-15 09:38:11.360,4.696,6800
2020-09-15 09:38:11.700,4.697,2000
2020-09-15 09:38:12.440,4.696,300
2020-09-15 09:38:13.260,4.697,300
2020-09-15 09:38:14.340,4.697,400
2020-09-15 09:38:14.720,4.697,6100
2020-09-15 09:38:15.250,4.697,100
2020-09-15 09:38:15.470,4.697,2000
2020-09-15 09:38:15.860,4.697,2300
2020-09-15 09:38:16.410,4.697,14900
2020-09-15 09:38:16.410,4.697,9300
2020-09-15 09:38:16.410,4.697,50000
2020-09-15 09:38:16.410,4.697,2700
2020-09-15 09:38:16.410,4.697,214400
2020-09-15 09:38:17.690,4.697,300
2020-09-15 09:38:17.780,4.697,1000
2020-09-15 09:38:18.770,4.697,100
2020-09-15 09:38:20.160,4.697,100
2020-09-15 09:38:20.670,4.697,50000
2020-09-15 09:38:20.840,4.697,100
2020-09-15 09:38:20.900,4.697,500
2020-09-15 09:38:23.150,4.697,500
2020-09-15 09:38:23.710,4.696,10000
2020-09-15 09:38:23.710,4.696,100
2020-09-15 09:38:24.470,4.697,19300
2020-09-15 09:38:24.470,4.697,300
2020-09-15 09:38:24.470,4.696,7600
2020-09-15 09:38:25.510,4.697,100
2020-09-15 09:38:25.720,4.697,100
2020-09-15 09:38:26.120,4.697,5000
2020-09-15 09:38:27.030,4.697,900
2020-09-15 09:38:31.000,4.697,2000
2020-09-15 09:38:32.860,4.697,5000
2020-09-15 09:38:34.000,4.697,300
2020-09-15 09:38:34.000,4.697,4700
2020-09-15 09:38:34.230,4.697,3500
2020-09-15 09:38:34.430,4.697,1800
2020-09-15 09:38:34.430,4.697,10000
2020-09-15 09:38:34.430,4.697,10000
2020-09-15 09:38:36.820,4.698,5000
2020-09-15 09:38:36.820,4.698,10000
2020-09-15 09:38:36.820,4.698,135100
2020-09-15 09:38:37.940,4.697,8500
2020-09-15 09:38:37.970,4.697,500
2020-09-15 09:38:41.690,4.697,22000
2020-09-15 09:38:41.800,4.697,23000
2020-09-15 09:38:42.510,4.698,50000
2020-09-15 09:38:42.510,4.698,60200
2020-09-15 09:38:42.510,4.698,500
2020-09-15 09:38:43.290,4.698,2100
2020-09-15 09:38:44.390,4.698,300
2020-09-15 09:38:45.810,4.698,100
2020-09-15 09:38:46.270,4.698,2200
2020-09-15 09:38:47.510,4.699,6000
2020-09-15 09:38:47.930,4.698,2000
2020-09-15 09:38:49.340,4.698,4300
2020-09-15 09:38:50.230,4.698,1400
2020-09-15 09:38:53.450,4.699,2200
2020-09-15 09:38:55.290,4.699,7000
2020-09-15 09:38:56.060,4.699,3000
2020-09-15 09:38:58.650,4.699,2100
2020-09-15 09:38:59.600,4.698,100
2020-09-15 09:38:59.600,4.698,2300
2020-09-15 09:39:00.310,4.698,2700
2020-09-15 09:39:00.310,4.698,5000
2020-09-15 09:39:00.310,4.698,100
2020-09-15 09:39:02.000,4.698,1000
2020-09-15 09:39:02.590,4.698,200
2020-09-15 09:39:04.020,4.698,2000
2020-09-15 09:39:05.260,4.698,10000
2020-09-15 09:39:06.570,4.698,25500
2020-09-15 09:39:08.600,4.698,1000
2020-09-15 09:39:08.960,4.698,100
2020-09-15 09:39:09.170,4.698,1000
2020-09-15 09:39:10.080,4.698,1400
2020-09-15 09:39:10.080,4.698,21500
2020-09-15 09:39:10.080,4.698,17100
2020-09-15 09:39:10.170,4.698,100
2020-09-15 09:39:10.570,4.698,100
2020-09-15 09:39:11.330,4.698,5400
2020-09-15 09:39:11.330,4.698,24600
2020-09-15 09:39:11.330,4.698,50000
2020-09-15 09:39:11.330,4.698,20000
2020-09-15 09:39:11.330,4.698,100000
2020-09-15 09:39:11.550,4.698,200
2020-09-15 09:39:11.730,4.698,82100
2020-09-15 09:39:12.050,4.698,2000
2020-09-15 09:39:12.410,4.698,200
2020-09-15 09:39:12.860,4.698,40000
2020-09-15 09:39:13.080,4.698,7100
2020-09-15 09:39:13.290,4.697,300
2020-09-15 09:39:13.620,4.698,2500
2020-09-15 09:39:13.870,4.698,5700
2020-09-15 09:39:16.100,4.698,1600
2020-09-15 09:39:16.100,4.698,1000
2020-09-15 09:39:17.710,4.699,53300
2020-09-15 09:39:17.710,4.699,8000
2020-09-15 09:39:17.710,4.699,600
2020-09-15 09:39:17.710,4.699,4000
2020-09-15 09:39:17.710,4.699,4200
2020-09-15 09:39:17.710,4.699,5000
2020-09-15 09:39:17.710,4.699,138500
2020-09-15 09:39:18.540,4.699,61500
2020-09-15 09:39:18.840,4.699,1100
2020-09-15 09:39:25.260,4.699,8300
2020-09-15 09:39:25.580,4.699,6800
2020-09-15 09:39:26.110,4.7,1000
2020-09-15 09:39:26.710,4.699,3000
2020-09-15 09:39:27.110,4.699,21900
2020-09-15 09:39:27.110,4.699,10000
2020-09-15 09:39:27.110,4.699,10000
2020-09-15 09:39:27.110,4.699,100
2020-09-15 09:39:27.110,4.698,1800
2020-09-15 09:39:28.610,4.7,200
2020-09-15 09:39:29.780,4.7,1800
2020-09-15 09:39:29.780,4.7,500
2020-09-15 09:39:29.780,4.7,1800
2020-09-15 09:39:29.780,4.7,900
2020-09-15 09:39:29.950,4.699,1000
2020-09-15 09:39:29.950,4.699,600
2020-09-15 09:39:30.290,4.699,200
2020-09-15 09:39:30.380,4.7,500
2020-09-15 09:39:30.840,4.7,2700
2020-09-15 09:39:30.840,4.7,2500
2020-09-15 09:39:30.840,4.7,2000
2020-09-15 09:39:30.840,4.7,600
2020-09-15 09:39:30.840,4.7,2200
2020-09-15 09:39:31.330,4.7,2000
2020-09-15 09:39:32.820,4.7,800
2020-09-15 09:39:32.820,4.7,3500
2020-09-15 09:39:33.960,4.7,1500
2020-09-15 09:39:33.960,4.7,500
2020-09-15 09:39:33.960,4.7,31100
2020-09-15 09:39:35.200,4.7,200
2020-09-15 09:39:36.430,4.7,4700
2020-09-15 09:39:38.100,4.7,4200
2020-09-15 09:39:42.590,4.7,2100
2020-09-15 09:39:43.720,4.7,500
2020-09-15 09:39:43.890,4.7,2300
2020-09-15 09:39:43.890,4.7,900
2020-09-15 09:39:43.890,4.7,200
2020-09-15 09:39:46.190,4.7,1000
2020-09-15 09:39:46.880,4.7,15600
2020-09-15 09:39:46.880,4.7,500
2020-09-15 09:39:46.880,4.701,150000
2020-09-15 09:39:50.300,4.701,1000
2020-09-15 09:39:50.980,4.702,1000
2020-09-15 09:39:51.350,4.701,100000
2020-09-15 09:39:51.830,4.701,100000
2020-09-15 09:39:52.650,4.701,153600
2020-09-15 09:39:52.650,4.701,2500
2020-09-15 09:39:52.650,4.701,1500
2020-09-15 09:39:54.080,4.701,1000
2020-09-15 09:39:56.180,4.701,100
2020-09-15 09:39:56.780,4.701,2200
2020-09-15 09:39:57.100,4.7,600
2020-09-15 09:39:57.100,4.7,200
2020-09-15 09:39:57.100,4.7,200
2020-09-15 09:39:59.320,4.7,2800
2020-09-15 09:39:59.320,4.7,1000
2020-09-15 09:39:59.320,4.7,200
2020-09-15 09:39:59.320,4.7,10600
2020-09-15 09:39:59.320,4.7,5400
2020-09-15 09:39:59.950,4.7,20000
2020-09-15 09:40:00.230,4.7,24600
2020-09-15 09:40:00.230,4.7,5000
2020-09-15 09:40:00.230,4.7,300
2020-09-15 09:40:00.230,4.7,200
2020-09-15 09:40:00.230,4.699,2900
2020-09-15 09:40:00.230,4.699,8400
2020-09-15 09:40:00.230,4.699,100
2020-09-15 09:40:00.230,4.699,50000
2020-09-15 09:40:00.230,4.699,2200
2020-09-15 09:40:00.230,4.699,4000
2020-09-15 09:40:00.230,4.699,219000
2020-09-15 09:40:00.230,4.699,16300
2020-09-15 09:40:00.440,4.7,100
2020-09-15 09:40:00.910,4.7,900
2020-09-15 09:40:01.000,4.7,1600
2020-09-15 09:40:01.510,4.699,2400
2020-09-15 09:40:01.870,4.699,96300
2020-09-15 09:40:01.870,4.699,100
2020-09-15 09:40:01.870,4.699,200
2020-09-15 09:40:03.150,4.699,9700
2020-09-15 09:40:03.460,4.698,8400
2020-09-15 09:40:03.460,4.698,13000
2020-09-15 09:40:03.460,4.698,50000
2020-09-15 09:40:03.460,4.698,10000
2020-09-15 09:40:03.460,4.698,200
2020-09-15 09:40:03.460,4.698,2200
2020-09-15 09:40:03.460,4.698,10000
2020-09-15 09:40:03.460,4.698,6200
2020-09-15 09:40:06.520,4.699,200
2020-09-15 09:40:06.940,4.699,10000
2020-09-15 09:40:07.210,4.699,33600
2020-09-15 09:40:07.210,4.699,6400
2020-09-15 09:40:09.860,4.699,700
2020-09-15 09:40:11.800,4.699,100
2020-09-15 09:40:14.050,4.699,1000
2020-09-15 09:40:15.180,4.699,3900
2020-09-15 09:40:15.180,4.699,1400
2020-09-15 09:40:15.180,4.699,10700
2020-09-15 09:40:15.180,4.699,20000
2020-09-15 09:40:15.180,4.699,20000
2020-09-15 09:40:15.180,4.699,5000
2020-09-15 09:40:15.180,4.7,200
2020-09-15 09:40:15.370,4.7,3000
2020-09-15 09:40:16.030,4.699,100
2020-09-15 09:40:17.150,4.699,10100
2020-09-15 09:40:18.330,4.699,47500
2020-09-15 09:40:19.000,4.699,21200
2020-09-15 09:40:20.270,4.699,6100
2020-09-15 09:40:20.270,4.699,100
2020-09-15 09:40:20.270,4.699,5000
2020-09-15 09:40:21.600,4.699,300
2020-09-15 09:40:21.890,4.698,53800
2020-09-15 09:40:21.890,4.698,100
2020-09-15 09:40:21.890,4.698,100
2020-09-15 09:40:21.890,4.698,1000
2020-09-15 09:40:21.890,4.698,6000
2020-09-15 09:40:21.890,4.698,2000
2020-09-15 09:40:21.890,4.698,2000
2020-09-15 09:40:21.890,4.698,10000
2020-09-15 09:40:21.890,4.698,500
2020-09-15 09:40:21.890,4.698,1000
2020-09-15 09:40:21.890,4.698,10000
2020-09-15 09:40:21.890,4.698,100
2020-09-15 09:40:21.890,4.697,200
2020-09-15 09:40:21.890,4.697,100
2020-09-15 09:40:21.890,4.697,2200
2020-09-15 09:40:21.890,4.697,3000
2020-09-15 09:40:21.890,4.697,2000
2020-09-15 09:40:21.890,4.697,3000
2020-09-15 09:40:21.890,4.697,5000
2020-09-15 09:40:21.890,4.697,7400
2020-09-15 09:40:21.890,4.697,100
2020-09-15 09:40:21.890,4.697,1000
2020-09-15 09:40:21.890,4.697,1000
2020-09-15 09:40:21.890,4.697,1200
2020-09-15 09:40:21.890,4.697,35000
2020-09-15 09:40:21.890,4.697,2300
2020-09-15 09:40:22.620,4.698,10000
2020-09-15 09:40:22.830,4.698,200
2020-09-15 09:40:28.930,4.698,200
2020-09-15 09:40:29.040,4.698,800
2020-09-15 09:40:29.040,4.698,200
2020-09-15 09:40:29.270,4.698,100
2020-09-15 09:40:30.770,4.697,2700
2020-09-15 09:40:30.770,4.697,2000
2020-09-15 09:40:30.770,4.697,5600
2020-09-15 09:40:30.770,4.697,1400
2020-09-15 09:40:30.770,4.697,10000
2020-09-15 09:40:30.770,4.697,2300
2020-09-15 09:40:30.800,4.697,4000
2020-09-15 09:40:31.110,4.697,100
2020-09-15 09:40:31.820,4.698,100
2020-09-15 09:40:32.050,4.698,1000
2020-09-15 09:40:34.770,4.697,3600
2020-09-15 09:40:34.770,4.697,2800
2020-09-15 09:40:34.770,4.697,3000
2020-09-15 09:40:34.770,4.697,10000
2020-09-15 09:40:34.770,4.697,2900
2020-09-15 09:40:36.240,4.697,2200
2020-09-15 09:40:36.660,4.697,100
2020-09-15 09:40:37.550,4.697,200
2020-09-15 09:40:40.500,4.697,10000
2020-09-15 09:40:41.210,4.696,2000
2020-09-15 09:40:41.240,4.697,200
2020-09-15 09:40:42.390,4.697,40000
2020-09-15 09:40:43.200,4.697,21400
2020-09-15 09:40:43.450,4.696,1000
2020-09-15 09:40:44.230,4.697,500
2020-09-15 09:40:44.400,4.697,7000
2020-09-15 09:40:44.790,4.697,200
2020-09-15 09:40:45.150,4.696,3000
2020-09-15 09:40:45.750,4.697,200
2020-09-15 09:40:45.900,4.697,6500
2020-09-15 09:40:46.200,4.696,100
2020-09-15 09:40:47.900,4.696,5300
2020-09-15 09:40:47.990,4.697,100
2020-09-15 09:40:49.980,4.697,600
2020-09-15 09:40:51.680,4.697,3000
2020-09-15 09:40:52.140,4.696,13600
2020-09-15 09:40:52.140,4.696,700
2020-09-15 09:40:52.140,4.696,5000
2020-09-15 09:40:52.140,4.696,100
2020-09-15 09:40:52.140,4.696,86200
2020-09-15 09:40:52.140,4.696,10000
2020-09-15 09:40:52.140,4.696,1000
2020-09-15 09:40:52.140,4.696,2000
2020-09-15 09:40:52.140,4.696,200
2020-09-15 09:40:52.140,4.696,2000
2020-09-15 09:40:52.140,4.696,100
2020-09-15 09:40:52.140,4.696,2000
2020-09-15 09:40:52.140,4.696,10000
2020-09-15 09:40:52.140,4.696,10000
2020-09-15 09:40:52.140,4.696,10000
2020-09-15 09:40:52.140,4.696,500
2020-09-15 09:40:52.140,4.696,200
2020-09-15 09:40:52.140,4.696,3000
2020-09-15 09:40:52.140,4.696,500
2020-09-15 09:40:52.140,4.696,5000
2020-09-15 09:40:52.140,4.695,5000
2020-09-15 09:40:52.140,4.695,2200
2020-09-15 09:40:52.140,4.695,200
2020-09-15 09:40:52.140,4.695,300
2020-09-15 09:40:52.140,4.695,200
2020-09-15 09:40:52.140,4.695,2000
2020-09-15 09:40:52.140,4.695,5700
2020-09-15 09:40:52.140,4.695,100
2020-09-15 09:40:52.140,4.695,20000
2020-09-15 09:40:52.140,4.695,200
2020-09-15 09:40:52.140,4.695,100
2020-09-15 09:40:52.140,4.695,5000
2020-09-15 09:40:52.140,4.695,400
2020-09-15 09:40:52.140,4.695,3000
2020-09-15 09:40:52.140,4.695,3000
2020-09-15 09:40:52.140,4.695,1000
2020-09-15 09:40:52.140,4.695,10000
2020-09-15 09:40:52.140,4.695,2000
2020-09-15 09:40:52.140,4.695,200
2020-09-15 09:40:52.140,4.695,5000
2020-09-15 09:40:52.140,4.695,1000
2020-09-15 09:40:52.140,4.695,3000
2020-09-15 09:40:52.140,4.695,600
2020-09-15 09:40:52.140,4.695,10000
2020-09-15 09:40:52.140,4.695,10000
2020-09-15 09:40:52.140,4.695,1700
2020-09-15 09:40:52.140,4.695,1000
2020-09-15 09:40:52.140,4.695,100
2020-09-15 09:40:52.140,4.695,100
2020-09-15 09:40:52.140,4.695,1000
2020-09-15 09:40:52.140,4.695,500
2020-09-15 09:40:52.140,4.695,20000
2020-09-15 09:40:52.140,4.695,23300
2020-09-15 09:40:52.800,4.697,5500
2020-09-15 09:40:52.800,4.697,20000
2020-09-15 09:40:52.800,4.697,8000
2020-09-15 09:40:52.800,4.697,100
2020-09-15 09:40:52.800,4.697,700
2020-09-15 09:40:52.800,4.697,29700
2020-09-15 09:40:53.200,4.697,3000
2020-09-15 09:40:54.430,4.697,100
2020-09-15 09:40:54.550,4.697,100
2020-09-15 09:40:54.820,4.697,500
2020-09-15 09:40:56.380,4.695,300
2020-09-15 09:40:56.770,4.696,100
2020-09-15 09:40:57.240,4.696,400
2020-09-15 09:40:59.680,4.696,5500
2020-09-15 09:40:59.680,4.696,3500
2020-09-15 09:41:03.940,4.696,3700
2020-09-15 09:41:04.720,4.695,1000
2020-09-15 09:41:05.760,4.696,8000
2020-09-15 09:41:05.760,4.697,5000
2020-09-15 09:41:05.760,4.697,4300
2020-09-15 09:41:05.760,4.697,2100
2020-09-15 09:41:05.760,4.697,10000
2020-09-15 09:41:07.060,4.697,3600
2020-09-15 09:41:07.400,4.697,100
2020-09-15 09:41:08.360,4.697,100
2020-09-15 09:41:09.630,4.696,100
2020-09-15 09:41:09.630,4.696,1200
2020-09-15 09:41:11.760,4.697,196200
2020-09-15 09:41:19.390,4.698,100
2020-09-15 09:41:19.940,4.698,700
2020-09-15 09:41:19.940,4.698,400
2020-09-15 09:41:21.010,4.697,6000
2020-09-15 09:41:21.780,4.698,600
2020-09-15 09:41:24.570,4.698,100
2020-09-15 09:41:25.250,4.698,48900
2020-09-15 09:41:27.530,4.698,14000
2020-09-15 09:41:31.230,4.699,100
2020-09-15 09:41:34.370,4.698,500
2020-09-15 09:41:37.160,4.698,2300
2020-09-15 09:41:37.770,4.698,1000
2020-09-15 09:41:39.010,4.699,4900
2020-09-15 09:41:39.010,4.699,600
2020-09-15 09:41:39.010,4.699,1200
2020-09-15 09:41:39.010,4.699,6100
2020-09-15 09:41:40.270,4.699,3800
2020-09-15 09:41:40.450,4.699,25000
2020-09-15 09:41:41.560,4.699,71200
2020-09-15 09:41:41.560,4.699,1000
2020-09-15 09:41:42.380,4.699,500
2020-09-15 09:41:45.790,4.698,2500
2020-09-15 09:41:45.840,4.698,5000
2020-09-15 09:41:46.410,4.699,400
2020-09-15 09:41:47.710,4.699,2400
2020-09-15 09:41:47.710,4.699,2000
2020-09-15 09:41:47.890,4.699,5600
2020-09-15 09:41:49.890,4.699,4400
2020-09-15 09:41:49.890,4.699,600
2020-09-15 09:41:49.920,4.699,3300
2020-09-15 09:41:50.980,4.699,1100
2020-09-15 09:41:50.980,4.699,30000
2020-09-15 09:41:50.980,4.699,1000
2020-09-15 09:41:53.890,4.699,3000
2020-09-15 09:41:57.530,4.699,5000
2020-09-15 09:41:57.660,4.699,500
2020-09-15 09:41:57.750,4.698,2800
2020-09-15 09:42:02.270,4.699,100
2020-09-15 09:42:02.690,4.699,100
2020-09-15 09:42:03.550,4.699,1000
2020-09-15 09:42:03.640,4.698,12000
2020-09-15 09:42:04.480,4.699,500
2020-09-15 09:42:04.770,4.698,81600
2020-09-15 09:42:04.770,4.698,5000
2020-09-15 09:42:04.770,4.698,12800
2020-09-15 09:42:04.770,4.698,500
2020-09-15 09:42:04.770,4.698,5000
2020-09-15 09:42:04.770,4.698,400
2020-09-15 09:42:04.770,4.698,100
2020-09-15 09:42:04.770,4.698,2500
2020-09-15 09:42:04.770,4.698,20000
2020-09-15 09:42:04.770,4.698,1000
2020-09-15 09:42:04.770,4.698,500
2020-09-15 09:42:04.770,4.698,100
2020-09-15 09:42:04.770,4.698,10000
2020-09-15 09:42:04.770,4.698,500
2020-09-15 09:42:04.770,4.698,4300
2020-09-15 09:42:04.770,4.698,5800
2020-09-15 09:42:04.800,4.699,20000
2020-09-15 09:42:05.010,4.698,4200
2020-09-15 09:42:06.080,4.698,20000
2020-09-15 09:42:06.620,4.698,10000
2020-09-15 09:42:07.390,4.698,300
2020-09-15 09:42:07.880,4.698,1000
2020-09-15 09:42:08.790,4.698,200
2020-09-15 09:42:09.210,4.698,1400
2020-09-15 09:42:09.260,4.698,100
2020-09-15 09:42:11.790,4.698,10000
2020-09-15 09:42:12.760,4.698,100
2020-09-15 09:42:13.830,4.697,300000
2020-09-15 09:42:14.010,4.698,20000
2020-09-15 09:42:14.140,4.697,3000
2020-09-15 09:42:14.160,4.697,251300
2020-09-15 09:42:14.460,4.697,243500
2020-09-15 09:42:14.460,4.697,300
2020-09-15 09:42:14.460,4.697,100
2020-09-15 09:42:14.460,4.697,3000
2020-09-15 09:42:14.460,4.697,200
2020-09-15 09:42:14.460,4.697,200
2020-09-15 09:42:14.460,4.697,10000
2020-09-15 09:42:16.320,4.697,100
2020-09-15 09:42:17.270,4.697,300
2020-09-15 09:42:18.840,4.697,2000
2020-09-15 09:42:20.660,4.697,100
2020-09-15 09:42:20.720,4.696,200
2020-09-15 09:42:20.720,4.696,1200
2020-09-15 09:42:20.720,4.696,1000
2020-09-15 09:42:20.720,4.696,100
2020-09-15 09:42:20.720,4.696,700
2020-09-15 09:42:20.720,4.696,4300
2020-09-15 09:42:20.720,4.696,1000
2020-09-15 09:42:20.720,4.696,5000
2020-09-15 09:42:20.720,4.696,6500
2020-09-15 09:42:20.910,4.696,400
2020-09-15 09:42:20.940,4.697,3700
2020-09-15 09:42:21.090,4.696,20000
2020-09-15 09:42:21.110,4.697,3000
2020-09-15 09:42:21.720,4.697,100
2020-09-15 09:42:22.280,4.696,20000
2020-09-15 09:42:22.610,4.696,3100
2020-09-15 09:42:22.610,4.696,5000
2020-09-15 09:42:22.610,4.696,11900
2020-09-15 09:42:22.610,4.697,600
2020-09-15 09:42:22.670,4.696,700
2020-09-15 09:42:22.830,4.696,20000
2020-09-15 09:42:23.150,4.696,7400
2020-09-15 09:42:23.150,4.696,1000
2020-09-15 09:42:23.150,4.696,11600
2020-09-15 09:42:24.250,4.696,500
2020-09-15 09:42:24.730,4.697,300
2020-09-15 09:42:25.470,4.697,40000
2020-09-15 09:42:27.610,4.697,300
2020-09-15 09:42:28.330,4.696,2000
2020-09-15 09:42:28.850,4.697,6500
2020-09-15 09:42:28.950,4.697,100
2020-09-15 09:42:29.240,4.697,100
2020-09-15 09:42:31.580,4.697,242800
2020-09-15 09:42:31.580,4.697,1000
2020-09-15 09:42:32.360,4.697,2600
2020-09-15 09:42:32.470,4.698,500
2020-09-15 09:42:32.470,4.698,1000
2020-09-15 09:42:32.470,4.698,18200
2020-09-15 09:42:32.470,4.698,4300
2020-09-15 09:42:32.470,4.699,5300
2020-09-15 09:42:32.470,4.699,20000
2020-09-15 09:42:32.470,4.699,300
2020-09-15 09:42:32.470,4.699,400
2020-09-15 09:42:33.110,4.697,1800
2020-09-15 09:42:35.180,4.697,4000
2020-09-15 09:42:37.090,4.697,2000
2020-09-15 09:42:37.570,4.699,100
2020-09-15 09:42:38.220,4.697,200
2020-09-15 09:42:40.040,4.697,45600
2020-09-15 09:42:40.040,4.697,200
2020-09-15 09:42:40.040,4.697,2300
2020-09-15 09:42:40.040,4.697,40000
2020-09-15 09:42:40.690,4.697,300
2020-09-15 09:42:42.370,4.697,1100
2020-09-15 09:42:43.520,4.697,200
2020-09-15 09:42:46.340,4.697,100
2020-09-15 09:42:46.600,4.697,60100
2020-09-15 09:42:46.600,4.697,100
2020-09-15 09:42:47.170,4.697,18100
2020-09-15 09:42:47.490,4.697,5000
2020-09-15 09:42:48.930,4.698,8900
2020-09-15 09:42:50.450,4.698,8400
2020-09-15 09:42:50.450,4.697,70500
2020-09-15 09:42:51.460,4.697,100
2020-09-15 09:42:51.990,4.697,5000
2020-09-15 09:42:52.770,4.698,400
2020-09-15 09:42:52.770,4.698,1100
2020-09-15 09:42:54.300,4.698,200
2020-09-15 09:42:56.120,4.698,500
2020-09-15 09:42:58.600,4.698,100
2020-09-15 09:42:59.340,4.698,17300
2020-09-15 09:43:02.460,4.698,300
2020-09-15 09:43:04.070,4.698,500
2020-09-15 09:43:04.750,4.698,1300
2020-09-15 09:43:04.750,4.698,4500
2020-09-15 09:43:06.660,4.698,600
2020-09-15 09:43:07.490,4.697,19200
2020-09-15 09:43:07.710,4.698,19900
2020-09-15 09:43:07.710,4.698,10000
2020-09-15 09:43:07.710,4.698,100
2020-09-15 09:43:08.150,4.697,50000
2020-09-15 09:43:10.130,4.697,2200
2020-09-15 09:43:10.630,4.698,200
2020-09-15 09:43:11.050,4.698,1700
2020-09-15 09:43:11.050,4.698,500
2020-09-15 09:43:11.690,4.697,69700
2020-09-15 09:43:11.690,4.697,100
2020-09-15 09:43:11.690,4.697,500
2020-09-15 09:43:11.690,4.697,50000
2020-09-15 09:43:11.690,4.697,1000
2020-09-15 09:43:11.690,4.697,3000
2020-09-15 09:43:11.690,4.697,40000
2020-09-15 09:43:11.690,4.697,100
2020-09-15 09:43:11.690,4.697,300
2020-09-15 09:43:13.030,4.697,500
2020-09-15 09:43:14.190,4.697,200
2020-09-15 09:43:15.500,4.697,10000
2020-09-15 09:43:16.390,4.697,50000
2020-09-15 09:43:16.390,4.697,20000
2020-09-15 09:43:16.470,4.697,50000
2020-09-15 09:43:17.010,4.697,700
2020-09-15 09:43:17.050,4.697,12300
2020-09-15 09:43:17.050,4.697,14200
2020-09-15 09:43:17.050,4.697,2200
2020-09-15 09:43:17.420,4.697,5000
2020-09-15 09:43:17.420,4.697,5000
2020-09-15 09:43:18.040,4.697,100
2020-09-15 09:43:20.740,4.698,1000
2020-09-15 09:43:20.740,4.698,4000
2020-09-15 09:43:31.040,4.698,1000
2020-09-15 09:43:31.360,4.697,500
2020-09-15 09:43:31.360,4.697,400
2020-09-15 09:43:34.820,4.698,600
2020-09-15 09:43:35.600,4.697,1400
2020-09-15 09:43:35.600,4.697,2000
2020-09-15 09:43:35.600,4.697,5700
2020-09-15 09:43:37.390,4.698,4400
2020-09-15 09:43:37.390,4.698,2000
2020-09-15 09:43:37.390,4.698,3300
2020-09-15 09:43:37.390,4.698,290300
2020-09-15 09:43:37.390,4.698,9700
2020-09-15 09:43:37.390,4.699,25000
2020-09-15 09:43:37.390,4.699,100
2020-09-15 09:43:37.390,4.699,5000
2020-09-15 09:43:37.390,4.7,10200
2020-09-15 09:43:38.240,4.697,1000
2020-09-15 09:43:38.270,4.699,100
2020-09-15 09:43:41.320,4.697,500
2020-09-15 09:43:44.860,4.698,100
2020-09-15 09:43:45.830,4.698,200
2020-09-15 09:43:46.210,4.697,2400
2020-09-15 09:43:47.110,4.698,100
2020-09-15 09:43:47.300,4.697,400
2020-09-15 09:43:48.270,4.697,300
2020-09-15 09:43:48.300,4.696,1000
2020-09-15 09:43:53.090,4.697,300
2020-09-15 09:43:53.090,4.697,3200
2020-09-15 09:43:53.090,4.697,1000
2020-09-15 09:43:53.090,4.697,5500
2020-09-15 09:43:53.540,4.697,200
2020-09-15 09:43:53.740,4.697,300
2020-09-15 09:43:53.740,4.697,1100
2020-09-15 09:43:53.740,4.697,600
2020-09-15 09:43:57.490,4.697,3000
2020-09-15 09:44:00.970,4.696,400
2020-09-15 09:44:01.900,4.697,6600
2020-09-15 09:44:01.900,4.697,12000
2020-09-15 09:44:03.420,4.697,100
2020-09-15 09:44:03.530,4.697,100
2020-09-15 09:44:04.780,4.696,1400
2020-09-15 09:44:04.780,4.696,100
2020-09-15 09:44:04.780,4.696,5500
2020-09-15 09:44:05.490,4.697,12600
2020-09-15 09:44:05.490,4.697,600
2020-09-15 09:44:05.490,4.698,500
2020-09-15 09:44:05.490,4.698,2200
2020-09-15 09:44:05.490,4.699,20000
2020-09-15 09:44:05.490,4.7,2700
2020-09-15 09:44:05.490,4.7,11400
2020-09-15 09:44:05.820,4.697,1000
2020-09-15 09:44:06.090,4.697,9000
2020-09-15 09:44:06.090,4.696,10800
2020-09-15 09:44:10.470,4.698,300
2020-09-15 09:44:10.470,4.697,200
2020-09-15 09:44:10.770,4.697,1000
2020-09-15 09:44:17.810,4.699,100
2020-09-15 09:44:19.410,4.697,1400
2020-09-15 09:44:20.320,4.699,3400
2020-09-15 09:44:20.320,4.699,2600
2020-09-15 09:44:20.530,4.699,500
2020-09-15 09:44:21.460,4.699,1100
2020-09-15 09:44:24.150,4.697,2400
2020-09-15 09:44:24.150,4.697,3000
2020-09-15 09:44:24.520,4.699,100
2020-09-15 09:44:24.580,4.697,7000
2020-09-15 09:44:24.580,4.697,1000
2020-09-15 09:44:24.580,4.697,2000
2020-09-15 09:44:26.690,4.697,2000
2020-09-15 09:44:26.840,4.699,1000
2020-09-15 09:44:28.870,4.697,200
2020-09-15 09:44:29.190,4.698,100
2020-09-15 09:44:30.240,4.697,200
2020-09-15 09:44:30.240,4.697,2800
2020-09-15 09:44:30.630,4.698,1900
2020-09-15 09:44:30.630,4.699,8100
2020-09-15 09:44:32.620,4.697,100
2020-09-15 09:44:33.320,4.699,1000
2020-09-15 09:44:38.540,4.698,1000
2020-09-15 09:44:43.810,4.699,2000
2020-09-15 09:44:44.040,4.698,500
2020-09-15 09:44:45.170,4.698,400
2020-09-15 09:44:45.170,4.698,17600
2020-09-15 09:44:47.420,4.698,2400
2020-09-15 09:44:47.420,4.698,500
2020-09-15 09:44:47.420,4.698,200
2020-09-15 09:44:48.310,4.697,5300
2020-09-15 09:44:50.090,4.697,1800
2020-09-15 09:44:50.090,4.697,300
2020-09-15 09:44:50.090,4.697,200
2020-09-15 09:44:50.090,4.697,200
2020-09-15 09:44:50.090,4.697,10000
2020-09-15 09:44:50.090,4.697,22000
2020-09-15 09:44:50.090,4.697,1000
2020-09-15 09:44:50.090,4.697,1100
2020-09-15 09:44:50.090,4.697,73400
2020-09-15 09:44:50.090,4.697,500
2020-09-15 09:44:50.090,4.697,1900
2020-09-15 09:44:50.090,4.697,4000
2020-09-15 09:44:50.090,4.697,100
2020-09-15 09:44:50.090,4.696,1700
2020-09-15 09:44:50.090,4.696,3000
2020-09-15 09:44:50.090,4.696,5000
2020-09-15 09:44:50.090,4.696,1000
2020-09-15 09:44:50.090,4.696,10000
2020-09-15 09:44:50.090,4.696,1000
2020-09-15 09:44:50.090,4.696,7700
2020-09-15 09:44:50.090,4.696,1000
2020-09-15 09:44:50.090,4.696,500
2020-09-15 09:44:50.090,4.696,500
2020-09-15 09:44:50.090,4.696,1600
2020-09-15 09:44:50.090,4.696,10000
2020-09-15 09:44:50.090,4.696,2000
2020-09-15 09:44:50.090,4.696,2000
2020-09-15 09:44:50.090,4.696,3600
2020-09-15 09:44:50.090,4.696,10000
2020-09-15 09:44:50.090,4.696,500
2020-09-15 09:44:50.090,4.696,40000
2020-09-15 09:44:50.090,4.696,1000
2020-09-15 09:44:50.090,4.696,2000
2020-09-15 09:44:50.090,4.696,315000
2020-09-15 09:44:50.090,4.696,20000
2020-09-15 09:44:50.090,4.696,30000
2020-09-15 09:44:50.090,4.696,30000
2020-09-15 09:44:50.090,4.696,2300
2020-09-15 09:44:50.090,4.696,207100
2020-09-15 09:44:53.780,4.697,200
2020-09-15 09:44:54.710,4.697,5100
2020-09-15 09:44:54.800,4.697,10000
2020-09-15 09:44:55.420,4.697,4700
2020-09-15 09:44:57.310,4.698,1900
2020-09-15 09:44:57.310,4.698,600
2020-09-15 09:44:57.540,4.697,35300
2020-09-15 09:44:57.540,4.697,100
2020-09-15 09:44:57.540,4.696,30000
2020-09-15 09:44:57.540,4.696,300000
2020-09-15 09:44:57.540,4.696,40000
2020-09-15 09:44:57.540,4.696,1100
2020-09-15 09:44:57.540,4.696,30000
2020-09-15 09:44:57.540,4.695,3700
2020-09-15 09:44:57.540,4.695,100
2020-09-15 09:44:57.540,4.695,100
2020-09-15 09:44:57.540,4.695,1900
2020-09-15 09:44:57.540,4.695,1300
2020-09-15 09:44:57.540,4.695,6300
2020-09-15 09:44:57.540,4.695,400
2020-09-15 09:44:57.540,4.695,5000
2020-09-15 09:44:57.540,4.695,5000
2020-09-15 09:44:57.540,4.695,400
2020-09-15 09:44:57.540,4.695,1000
2020-09-15 09:44:57.540,4.695,1000
2020-09-15 09:44:57.540,4.695,10000
2020-09-15 09:44:57.540,4.695,5600
2020-09-15 09:44:57.540,4.695,5000
2020-09-15 09:44:57.540,4.695,5000
2020-09-15 09:44:57.540,4.695,500
2020-09-15 09:44:57.540,4.695,6200
2020-09-15 09:44:57.570,4.698,100
2020-09-15 09:45:04.150,4.697,900
2020-09-15 09:45:04.150,4.697,1600
2020-09-15 09:45:04.650,4.698,500
2020-09-15 09:45:06.350,4.697,2000
2020-09-15 09:45:06.710,4.697,1400
2020-09-15 09:45:06.710,4.696,100
2020-09-15 09:45:06.710,4.696,300
2020-09-15 09:45:07.980,4.696,3000
2020-09-15 09:45:08.820,4.697,2200
2020-09-15 09:45:10.930,4.697,2900
2020-09-15 09:45:10.930,4.697,97100
2020-09-15 09:45:11.060,4.697,400
2020-09-15 09:45:12.410,4.697,600
2020-09-15 09:45:15.490,4.697,200
2020-09-15 09:45:15.750,4.697,100
2020-09-15 09:45:17.110,4.697,8900
2020-09-15 09:45:19.250,4.697,2500
2020-09-15 09:45:20.570,4.697,1000
2020-09-15 09:45:21.430,4.696,11700
2020-09-15 09:45:21.430,4.696,1000
2020-09-15 09:45:21.430,4.696,10000
2020-09-15 09:45:21.430,4.696,1100
2020-09-15 09:45:21.430,4.696,1200
2020-09-15 09:45:21.430,4.696,3000
2020-09-15 09:45:21.430,4.696,1000
2020-09-15 09:45:21.430,4.696,100000
2020-09-15 09:45:21.430,4.696,40000
2020-09-15 09:45:21.430,4.695,23800
2020-09-15 09:45:21.430,4.695,300
2020-09-15 09:45:21.430,4.695,200
2020-09-15 09:45:21.430,4.695,500
2020-09-15 09:45:21.430,4.695,7300
2020-09-15 09:45:21.430,4.695,400
2020-09-15 09:45:21.430,4.695,1000
2020-09-15 09:45:21.430,4.695,2000
2020-09-15 09:45:21.430,4.695,5000
2020-09-15 09:45:21.430,4.695,100
2020-09-15 09:45:21.430,4.695,100
2020-09-15 09:45:21.430,4.695,3000
2020-09-15 09:45:21.430,4.695,40000
2020-09-15 09:45:21.430,4.695,100000
2020-09-15 09:45:21.430,4.695,1000
2020-09-15 09:45:21.430,4.695,3000
2020-09-15 09:45:21.430,4.695,30000
2020-09-15 09:45:21.430,4.695,30000
2020-09-15 09:45:21.430,4.695,3400
2020-09-15 09:45:21.430,4.695,5000
2020-09-15 09:45:22.400,4.695,30000
2020-09-15 09:45:22.420,4.695,10900
2020-09-15 09:45:22.960,4.695,29000
2020-09-15 09:45:23.750,4.697,100
2020-09-15 09:45:24.380,4.696,100
2020-09-15 09:45:25.670,4.696,200
2020-09-15 09:45:27.050,4.696,1000
2020-09-15 09:45:28.410,4.696,3800
2020-09-15 09:45:28.410,4.696,100
2020-09-15 09:45:28.410,4.696,1500
2020-09-15 09:45:28.410,4.697,4600
2020-09-15 09:45:29.810,4.697,49900
2020-09-15 09:45:36.100,4.697,100
2020-09-15 09:45:36.690,4.696,2000
2020-09-15 09:45:36.690,4.696,100
2020-09-15 09:45:37.000,4.697,500
2020-09-15 09:45:37.000,4.697,10000
2020-09-15 09:45:37.660,4.697,6400
2020-09-15 09:45:37.940,4.698,200
2020-09-15 09:45:37.940,4.698,1500
2020-09-15 09:45:37.940,4.698,9200
2020-09-15 09:45:37.940,4.698,10100
2020-09-15 09:45:37.940,4.698,19000
2020-09-15 09:45:38.090,4.698,1000
2020-09-15 09:45:38.090,4.698,49000
2020-09-15 09:45:38.510,4.698,50000
2020-09-15 09:45:38.570,4.698,30000
2020-09-15 09:45:38.570,4.698,40000
2020-09-15 09:45:38.570,4.698,30000
2020-09-15 09:45:39.360,4.698,1000
2020-09-15 09:45:39.360,4.698,5000
2020-09-15 09:45:39.360,4.698,1000
2020-09-15 09:45:40.280,4.699,5200
2020-09-15 09:45:40.280,4.699,500
2020-09-15 09:45:40.280,4.699,1900
2020-09-15 09:45:40.280,4.699,20000
2020-09-15 09:45:40.280,4.699,22400
2020-09-15 09:45:40.750,4.698,33500
2020-09-15 09:45:41.080,4.698,259500
2020-09-15 09:45:41.080,4.698,30000
2020-09-15 09:45:41.080,4.698,6000
2020-09-15 09:45:41.080,4.698,300000
2020-09-15 09:45:41.080,4.698,147000
2020-09-15 09:45:41.250,4.699,50000
2020-09-15 09:45:41.490,4.699,10000
2020-09-15 09:45:41.550,4.699,50000
2020-09-15 09:45:41.550,4.699,40000
2020-09-15 09:45:41.710,4.698,1100
2020-09-15 09:45:42.240,4.699,27600
2020-09-15 09:45:43.350,4.7,500
2020-09-15 09:45:43.350,4.7,30000
2020-09-15 09:45:43.350,4.7,2100
2020-09-15 09:45:43.350,4.7,5000
2020-09-15 09:45:43.350,4.7,5000
2020-09-15 09:45:43.350,4.7,4400
2020-09-15 09:45:43.350,4.7,2200
2020-09-15 09:45:43.350,4.7,800
2020-09-15 09:45:44.610,4.699,15200
2020-09-15 09:45:46.310,4.7,600
2020-09-15 09:45:46.310,4.7,2000
2020-09-15 09:45:51.290,4.701,4000
2020-09-15 09:45:51.290,4.701,10000
2020-09-15 09:45:51.290,4.701,1000
2020-09-15 09:45:51.970,4.7,2500
2020-09-15 09:45:51.970,4.7,17500
2020-09-15 09:45:52.090,4.7,300
2020-09-15 09:45:52.910,4.701,100
2020-09-15 09:45:53.500,4.7,32200
2020-09-15 09:45:53.500,4.7,40000
2020-09-15 09:45:53.500,4.699,257200
2020-09-15 09:45:53.500,4.699,5100
2020-09-15 09:45:53.500,4.699,10000
2020-09-15 09:45:53.500,4.699,30000
2020-09-15 09:45:53.500,4.699,100
2020-09-15 09:45:53.500,4.699,30000
2020-09-15 09:45:53.500,4.699,19900
2020-09-15 09:45:53.500,4.699,1000
2020-09-15 09:45:53.500,4.699,300000
2020-09-15 09:45:53.500,4.699,17000
2020-09-15 09:45:54.150,4.701,1400
2020-09-15 09:45:54.150,4.701,600
2020-09-15 09:45:54.430,4.701,2000
2020-09-15 09:45:54.670,4.701,300
2020-09-15 09:45:56.220,4.701,200
2020-09-15 09:45:56.400,4.7,1000
2020-09-15 09:45:57.490,4.701,100
2020-09-15 09:46:02.540,4.701,100
2020-09-15 09:46:03.010,4.701,16700
2020-09-15 09:46:03.010,4.701,50000
2020-09-15 09:46:03.010,4.701,500
2020-09-15 09:46:03.010,4.701,500
2020-09-15 09:46:03.010,4.701,47000
2020-09-15 09:46:03.010,4.701,6000
2020-09-15 09:46:03.320,4.702,40600
2020-09-15 09:46:03.320,4.702,20000
2020-09-15 09:46:03.320,4.702,400
2020-09-15 09:46:03.320,4.703,10000
2020-09-15 09:46:03.320,4.703,900
2020-09-15 09:46:03.320,4.703,2000
2020-09-15 09:46:03.320,4.703,1100
2020-09-15 09:46:03.320,4.703,10000
2020-09-15 09:46:03.320,4.703,700
2020-09-15 09:46:03.320,4.703,1000
2020-09-15 09:46:06.980,4.703,63400
2020-09-15 09:46:07.100,4.701,1000
2020-09-15 09:46:12.580,4.702,1000
2020-09-15 09:46:12.580,4.701,2000
2020-09-15 09:46:13.970,4.703,3000
2020-09-15 09:46:18.880,4.702,5000
2020-09-15 09:46:18.880,4.702,5000
2020-09-15 09:46:20.170,4.702,300
2020-09-15 09:46:20.170,4.703,700
2020-09-15 09:46:20.920,4.701,200
2020-09-15 09:46:21.390,4.703,23200
2020-09-15 09:46:22.790,4.702,500
2020-09-15 09:46:24.110,4.702,3200
2020-09-15 09:46:25.260,4.701,300
2020-09-15 09:46:25.490,4.702,500
2020-09-15 09:46:28.080,4.702,300
2020-09-15 09:46:32.790,4.701,5100
2020-09-15 09:46:33.410,4.702,500
2020-09-15 09:46:33.410,4.702,500
2020-09-15 09:46:34.030,4.702,3500
2020-09-15 09:46:34.430,4.702,14900
2020-09-15 09:46:35.920,4.701,2300
2020-09-15 09:46:36.220,4.701,9800
2020-09-15 09:46:36.490,4.702,500
2020-09-15 09:46:36.560,4.701,1600
2020-09-15 09:46:36.750,4.701,13200
2020-09-15 09:46:37.890,4.701,50000
2020-09-15 09:46:38.770,4.701,50000
2020-09-15 09:46:39.300,4.701,43800
2020-09-15 09:46:39.300,4.701,16200
2020-09-15 09:46:39.450,4.701,3800
2020-09-15 09:46:39.450,4.701,1000
2020-09-15 09:46:39.450,4.701,200
2020-09-15 09:46:42.760,4.702,100
2020-09-15 09:46:48.240,4.702,1000
2020-09-15 09:46:49.320,4.702,10000
2020-09-15 09:46:52.080,4.701,100
2020-09-15 09:46:52.080,4.701,600
2020-09-15 09:46:52.080,4.701,100
2020-09-15 09:46:53.500,4.701,500
2020-09-15 09:46:55.160,4.702,17000
2020-09-15 09:46:55.160,4.702,7000
2020-09-15 09:46:55.160,4.702,1900
2020-09-15 09:46:55.860,4.702,500
2020-09-15 09:46:57.640,4.703,5000
2020-09-15 09:46:57.640,4.703,5000
2020-09-15 09:46:57.640,4.703,10000
2020-09-15 09:47:01.670,4.703,20000
2020-09-15 09:47:02.830,4.703,500
2020-09-15 09:47:03.270,4.704,2400
2020-09-15 09:47:04.390,4.703,10000
2020-09-15 09:47:04.540,4.703,10000
2020-09-15 09:47:05.610,4.704,2600
2020-09-15 09:47:05.610,4.704,400
2020-09-15 09:47:06.560,4.703,500
2020-09-15 09:47:09.170,4.703,10000
2020-09-15 09:47:09.590,4.702,200
2020-09-15 09:47:09.950,4.703,100
2020-09-15 09:47:10.070,4.703,10000
2020-09-15 09:47:12.240,4.703,200
2020-09-15 09:47:13.670,4.703,10000
2020-09-15 09:47:14.430,4.702,100
2020-09-15 09:47:14.640,4.703,200
2020-09-15 09:47:16.450,4.703,100
2020-09-15 09:47:16.450,4.703,200
2020-09-15 09:47:18.240,4.703,100
2020-09-15 09:47:18.600,4.703,1000
2020-09-15 09:47:18.640,4.702,100
2020-09-15 09:47:18.640,4.702,1900
2020-09-15 09:47:19.170,4.703,3000
2020-09-15 09:47:19.280,4.702,2400
2020-09-15 09:47:19.280,4.702,1000
2020-09-15 09:47:19.280,4.702,100
2020-09-15 09:47:19.280,4.702,5000
2020-09-15 09:47:19.280,4.702,1000
2020-09-15 09:47:19.280,4.701,40500
2020-09-15 09:47:24.560,4.703,2000
2020-09-15 09:47:24.590,4.703,500
2020-09-15 09:47:25.640,4.702,1100
2020-09-15 09:47:31.900,4.702,8500
2020-09-15 09:47:31.900,4.702,3000
2020-09-15 09:47:31.900,4.702,10000
2020-09-15 09:47:32.280,4.702,10000
2020-09-15 09:47:33.340,4.702,9600
2020-09-15 09:47:34.070,4.702,7000
2020-09-15 09:47:35.860,4.703,100
2020-09-15 09:47:36.220,4.702,38400
2020-09-15 09:47:36.970,4.702,10000
2020-09-15 09:47:37.290,4.703,200
2020-09-15 09:47:37.680,4.702,4200
2020-09-15 09:47:37.800,4.702,110900
2020-09-15 09:47:42.170,4.702,900
2020-09-15 09:47:46.030,4.703,100
2020-09-15 09:47:48.710,4.703,1900
2020-09-15 09:47:48.710,4.703,8100
2020-09-15 09:47:48.740,4.703,100
2020-09-15 09:47:54.520,4.703,12700
2020-09-15 09:47:54.520,4.703,2400
2020-09-15 09:47:54.520,4.703,8900
2020-09-15 09:47:56.620,4.703,1000
2020-09-15 09:48:00.040,4.703,500
2020-09-15 09:48:00.040,4.703,900
2020-09-15 09:48:00.040,4.703,5300
2020-09-15 09:48:00.090,4.703,154700
2020-09-15 09:48:00.090,4.704,600
2020-09-15 09:48:00.090,4.704,1000
2020-09-15 09:48:00.090,4.704,10000
2020-09-15 09:48:00.090,4.704,900
2020-09-15 09:48:00.090,4.704,20000
2020-09-15 09:48:00.090,4.704,50000
2020-09-15 09:48:00.090,4.704,5000
2020-09-15 09:48:00.090,4.704,7000
2020-09-15 09:48:00.090,4.704,5000
2020-09-15 09:48:00.090,4.704,5000
2020-09-15 09:48:00.090,4.704,15800
2020-09-15 09:48:01.280,4.702,2100
2020-09-15 09:48:06.500,4.703,2000
2020-09-15 09:48:07.060,4.703,8000
2020-09-15 09:48:07.060,4.704,100
2020-09-15 09:48:07.060,4.704,11900
2020-09-15 09:48:11.790,4.703,1500
2020-09-15 09:48:13.420,4.703,1000
2020-09-15 09:48:16.440,4.703,1000
2020-09-15 09:48:17.390,4.703,1500
2020-09-15 09:48:18.690,4.703,1500
2020-09-15 09:48:20.160,4.703,1500
2020-09-15 09:48:21.220,4.703,1000
2020-09-15 09:48:21.370,4.703,3000
2020-09-15 09:48:21.740,4.703,400
2020-09-15 09:48:22.560,4.703,3600
2020-09-15 09:48:22.560,4.702,5700
2020-09-15 09:48:22.560,4.702,3000
2020-09-15 09:48:22.560,4.702,100
2020-09-15 09:48:22.560,4.702,1000
2020-09-15 09:48:22.560,4.702,200
2020-09-15 09:48:22.560,4.702,10000
2020-09-15 09:48:22.560,4.702,2000
2020-09-15 09:48:22.560,4.702,1000
2020-09-15 09:48:22.560,4.701,1400
2020-09-15 09:48:23.730,4.703,5000
2020-09-15 09:48:23.870,4.703,300
2020-09-15 09:48:24.650,4.704,1600
2020-09-15 09:48:29.090,4.703,100
2020-09-15 09:48:29.090,4.703,1000
2020-09-15 09:48:29.910,4.702,100
2020-09-15 09:48:30.440,4.702,800
2020-09-15 09:48:30.900,4.702,100
2020-09-15 09:48:32.610,4.703,500
2020-09-15 09:48:35.890,4.702,5600
2020-09-15 09:48:35.890,4.703,500
2020-09-15 09:48:37.830,4.703,500
2020-09-15 09:48:38.950,4.703,2500
2020-09-15 09:48:39.950,4.703,96500
2020-09-15 09:48:39.950,4.703,3500
2020-09-15 09:48:41.100,4.703,100
2020-09-15 09:48:42.400,4.702,100
2020-09-15 09:48:42.400,4.702,99900
2020-09-15 09:48:44.470,4.702,700
2020-09-15 09:48:44.930,4.703,5000
2020-09-15 09:48:44.960,4.703,1400
2020-09-15 09:48:45.040,4.703,500
2020-09-15 09:48:46.190,4.703,500
2020-09-15 09:48:46.580,4.703,200
2020-09-15 09:48:48.560,4.703,500
2020-09-15 09:48:50.550,4.703,1000
2020-09-15 09:48:56.650,4.702,800
2020-09-15 09:48:57.920,4.703,100
2020-09-15 09:49:02.360,4.702,900
2020-09-15 09:49:02.360,4.702,9100
2020-09-15 09:49:02.690,4.702,3600
2020-09-15 09:49:04.150,4.703,1200
2020-09-15 09:49:04.150,4.703,20000
2020-09-15 09:49:04.150,4.703,10000
2020-09-15 09:49:04.150,4.703,49400
2020-09-15 09:49:08.610,4.703,500
2020-09-15 09:49:08.820,4.703,1300
2020-09-15 09:49:08.820,4.703,2000
2020-09-15 09:49:08.930,4.703,2000
2020-09-15 09:49:11.580,4.703,100
2020-09-15 09:49:14.080,4.703,500
2020-09-15 09:49:15.010,4.703,100
2020-09-15 09:49:17.990,4.703,2000
2020-09-15 09:49:18.140,4.702,100
2020-09-15 09:49:18.660,4.702,87200
2020-09-15 09:49:18.660,4.702,1000
2020-09-15 09:49:18.660,4.702,100
2020-09-15 09:49:18.660,4.702,100
2020-09-15 09:49:18.660,4.702,2000
2020-09-15 09:49:18.660,4.702,10000
2020-09-15 09:49:18.660,4.702,16000
2020-09-15 09:49:18.660,4.702,183600
2020-09-15 09:49:19.010,4.703,1000
2020-09-15 09:49:21.820,4.703,300
2020-09-15 09:49:24.280,4.703,200
2020-09-15 09:49:25.850,4.702,2000
2020-09-15 09:49:25.990,4.703,600
2020-09-15 09:49:26.190,4.703,7200
2020-09-15 09:49:26.190,4.703,100
2020-09-15 09:49:27.120,4.703,4200
2020-09-15 09:49:28.270,4.702,300000
2020-09-15 09:49:29.470,4.703,11000
2020-09-15 09:49:32.260,4.703,1000
2020-09-15 09:49:34.260,4.702,10000
2020-09-15 09:49:34.440,4.703,1000
2020-09-15 09:49:37.190,4.702,4200
2020-09-15 09:49:37.370,4.702,200
2020-09-15 09:49:37.370,4.702,800
2020-09-15 09:49:39.860,4.702,4200
2020-09-15 09:49:39.860,4.702,23100
2020-09-15 09:49:39.940,4.703,1800
2020-09-15 09:49:43.820,4.703,100
2020-09-15 09:49:45.370,4.703,100
2020-09-15 09:49:45.370,4.703,500
2020-09-15 09:49:45.830,4.702,1900
2020-09-15 09:49:45.830,4.702,1000
2020-09-15 09:49:45.830,4.702,200
2020-09-15 09:49:45.830,4.702,2000
2020-09-15 09:49:45.830,4.702,500
2020-09-15 09:49:45.830,4.702,4400
2020-09-15 09:49:46.210,4.702,5600
2020-09-15 09:49:46.210,4.702,4400
2020-09-15 09:49:46.700,4.703,700
2020-09-15 09:49:47.590,4.703,1600
2020-09-15 09:49:49.210,4.702,10000
2020-09-15 09:49:50.040,4.703,2100
2020-09-15 09:49:51.730,4.703,2500
2020-09-15 09:49:52.040,4.703,100
2020-09-15 09:49:52.220,4.703,100
2020-09-15 09:49:53.930,4.703,20400
2020-09-15 09:49:53.930,4.703,16600
2020-09-15 09:49:54.560,4.703,8400
2020-09-15 09:49:54.560,4.703,5000
2020-09-15 09:49:54.560,4.703,20000
2020-09-15 09:49:54.560,4.703,12400
2020-09-15 09:49:54.560,4.703,4200
2020-09-15 09:49:54.700,4.703,700
2020-09-15 09:49:54.880,4.703,100
2020-09-15 09:49:54.880,4.703,10000
2020-09-15 09:49:54.880,4.703,2500
2020-09-15 09:49:54.880,4.703,5900
2020-09-15 09:49:55.030,4.703,4100
2020-09-15 09:49:55.030,4.703,1000
2020-09-15 09:49:55.030,4.703,300
2020-09-15 09:49:57.950,4.703,2500
2020-09-15 09:49:57.970,4.703,2000
2020-09-15 09:50:00.440,4.704,200
2020-09-15 09:50:01.040,4.703,2000
2020-09-15 09:50:02.960,4.703,1100
2020-09-15 09:50:02.960,4.703,800
2020-09-15 09:50:04.560,4.704,2000
2020-09-15 09:50:05.380,4.703,200
2020-09-15 09:50:05.380,4.703,100
2020-09-15 09:50:05.380,4.703,100
2020-09-15 09:50:05.380,4.703,100
2020-09-15 09:50:05.380,4.703,10000
2020-09-15 09:50:05.380,4.703,1000
2020-09-15 09:50:05.380,4.703,2000
2020-09-15 09:50:05.380,4.703,34200
2020-09-15 09:50:08.560,4.703,30000
2020-09-15 09:50:08.890,4.703,2800
2020-09-15 09:50:09.180,4.704,134300
2020-09-15 09:50:09.180,4.704,9700
2020-09-15 09:50:09.180,4.704,20000
2020-09-15 09:50:09.180,4.704,2000
2020-09-15 09:50:09.180,4.704,200
2020-09-15 09:50:09.180,4.704,13300
2020-09-15 09:50:09.180,4.704,35400
2020-09-15 09:50:09.300,4.703,2000
2020-09-15 09:50:09.300,4.703,1000
2020-09-15 09:50:10.750,4.703,2000
2020-09-15 09:50:10.750,4.703,3000
2020-09-15 09:50:13.700,4.704,84600
2020-09-15 09:50:13.700,4.704,6000
2020-09-15 09:50:13.700,4.704,7800
2020-09-15 09:50:13.700,4.704,700
2020-09-15 09:50:13.700,4.704,150000
2020-09-15 09:50:13.700,4.704,5000
2020-09-15 09:50:13.700,4.704,10000
2020-09-15 09:50:15.560,4.704,8700
2020-09-15 09:50:16.350,4.705,4400
2020-09-15 09:50:16.350,4.705,3500
2020-09-15 09:50:16.350,4.705,3000
2020-09-15 09:50:16.350,4.705,12000
2020-09-15 09:50:16.350,4.705,300
2020-09-15 09:50:16.350,4.705,400
2020-09-15 09:50:16.350,4.705,300
2020-09-15 09:50:16.350,4.705,2500
2020-09-15 09:50:16.350,4.705,1800
2020-09-15 09:50:16.350,4.705,1400
2020-09-15 09:50:16.350,4.705,500
2020-09-15 09:50:16.350,4.705,20000
2020-09-15 09:50:16.350,4.705,4000
2020-09-15 09:50:16.350,4.705,5000
2020-09-15 09:50:16.350,4.705,5000
2020-09-15 09:50:16.350,4.705,10000
2020-09-15 09:50:16.350,4.705,200
2020-09-15 09:50:16.350,4.705,20000
2020-09-15 09:50:16.350,4.705,10000
2020-09-15 09:50:16.350,4.705,10000
2020-09-15 09:50:16.350,4.705,1000
2020-09-15 09:50:16.350,4.705,500
2020-09-15 09:50:16.350,4.705,300
2020-09-15 09:50:16.350,4.705,500
2020-09-15 09:50:16.350,4.705,31000
2020-09-15 09:50:16.350,4.705,20000
2020-09-15 09:50:16.350,4.705,1000
2020-09-15 09:50:16.350,4.705,2000
2020-09-15 09:50:16.350,4.705,500
2020-09-15 09:50:16.350,4.705,5000
2020-09-15 09:50:20.610,4.704,300
2020-09-15 09:50:24.810,4.705,100
2020-09-15 09:50:25.890,4.706,100
2020-09-15 09:50:26.830,4.705,100
2020-09-15 09:50:26.870,4.705,38600
2020-09-15 09:50:26.870,4.705,3900
2020-09-15 09:50:33.530,4.705,300
2020-09-15 09:50:33.560,4.705,500
2020-09-15 09:50:34.470,4.705,2200
2020-09-15 09:50:34.470,4.705,4000
2020-09-15 09:50:34.470,4.704,26900
2020-09-15 09:50:34.470,4.704,66900
2020-09-15 09:50:38.470,4.705,100
2020-09-15 09:50:40.400,4.706,9900
2020-09-15 09:50:40.400,4.706,900
2020-09-15 09:50:42.790,4.705,100
2020-09-15 09:50:43.470,4.706,600
2020-09-15 09:50:43.820,4.706,500
2020-09-15 09:50:43.820,4.706,2700
2020-09-15 09:50:45.220,4.706,2300
2020-09-15 09:50:45.220,4.706,7700
2020-09-15 09:50:45.220,4.706,1200
2020-09-15 09:50:45.250,4.705,2200
2020-09-15 09:50:45.380,4.706,300
2020-09-15 09:50:47.520,4.706,2000
2020-09-15 09:50:49.530,4.706,100
2020-09-15 09:50:50.320,4.706,79000
2020-09-15 09:50:50.320,4.706,1000
2020-09-15 09:50:50.320,4.706,5000
2020-09-15 09:50:50.320,4.706,5400
2020-09-15 09:50:50.320,4.706,20000
2020-09-15 09:50:50.320,4.706,5000
2020-09-15 09:50:50.320,4.706,10000
2020-09-15 09:50:50.320,4.706,5000
2020-09-15 09:50:50.320,4.706,2100
2020-09-15 09:50:50.320,4.706,7200
2020-09-15 09:50:50.840,4.706,1000
2020-09-15 09:50:55.950,4.706,200
2020-09-15 09:50:56.190,4.707,2200
2020-09-15 09:50:56.190,4.707,7800
2020-09-15 09:50:57.280,4.707,2200
2020-09-15 09:50:57.280,4.707,50000
2020-09-15 09:50:57.280,4.707,100000
2020-09-15 09:50:57.280,4.707,25000
2020-09-15 09:50:57.280,4.707,100
2020-09-15 09:50:57.280,4.707,7700
2020-09-15 09:50:57.280,4.707,900
2020-09-15 09:50:57.280,4.707,5000
2020-09-15 09:50:57.280,4.707,5000
2020-09-15 09:50:57.280,4.707,5600
2020-09-15 09:50:57.280,4.707,160000
2020-09-15 09:50:57.280,4.707,23300
2020-09-15 09:50:57.760,4.707,276700
2020-09-15 09:50:57.760,4.707,20000
2020-09-15 09:50:58.730,4.707,100000
2020-09-15 09:50:59.740,4.707,500
2020-09-15 09:50:59.820,4.707,198900
2020-09-15 09:51:00.910,4.707,2000
2020-09-15 09:51:01.480,4.707,10000
2020-09-15 09:51:05.520,4.706,9000
2020-09-15 09:51:08.580,4.707,2400
2020-09-15 09:51:10.500,4.707,10000
2020-09-15 09:51:11.240,4.707,8000
2020-09-15 09:51:11.300,4.707,3000
2020-09-15 09:51:11.860,4.707,71500
2020-09-15 09:51:11.950,4.708,2400
2020-09-15 09:51:12.470,4.708,100
2020-09-15 09:51:12.470,4.708,1900
2020-09-15 09:51:12.830,4.708,4100
2020-09-15 09:51:12.830,4.708,5000
2020-09-15 09:51:12.830,4.708,5000
2020-09-15 09:51:12.830,4.708,200
2020-09-15 09:51:12.830,4.708,20000
2020-09-15 09:51:12.830,4.708,15700
2020-09-15 09:51:13.660,4.707,3000
2020-09-15 09:51:13.950,4.708,700
2020-09-15 09:51:17.100,4.708,13600
2020-09-15 09:51:17.100,4.708,100
2020-09-15 09:51:17.100,4.708,7200
2020-09-15 09:51:17.100,4.708,20000
2020-09-15 09:51:17.100,4.708,9100
2020-09-15 09:51:17.190,4.708,1000
2020-09-15 09:51:17.330,4.708,6300
2020-09-15 09:51:18.130,4.707,2100
2020-09-15 09:51:18.130,4.707,33700
2020-09-15 09:51:18.980,4.707,300000
2020-09-15 09:51:19.250,4.707,300000
2020-09-15 09:51:19.280,4.707,266300
2020-09-15 09:51:19.280,4.707,1700
2020-09-15 09:51:19.280,4.707,200
2020-09-15 09:51:19.280,4.707,1300
2020-09-15 09:51:19.860,4.706,300000
2020-09-15 09:51:20.030,4.707,1700
2020-09-15 09:51:20.610,4.707,3000
2020-09-15 09:51:20.950,4.707,25800
2020-09-15 09:51:20.950,4.707,20000
2020-09-15 09:51:20.950,4.707,20000
2020-09-15 09:51:20.950,4.707,34200
2020-09-15 09:51:21.420,4.707,200
2020-09-15 09:51:23.550,4.707,400
2020-09-15 09:51:23.840,4.707,100
2020-09-15 09:51:25.430,4.706,10700
2020-09-15 09:51:25.580,4.707,10000
2020-09-15 09:51:25.600,4.706,100
2020-09-15 09:51:26.260,4.707,300
2020-09-15 09:51:26.940,4.706,20000
2020-09-15 09:51:27.650,4.706,300000
2020-09-15 09:51:27.710,4.707,200
2020-09-15 09:51:30.200,4.707,1000
2020-09-15 09:51:30.360,4.706,100
2020-09-15 09:51:30.360,4.706,1900
2020-09-15 09:51:30.360,4.706,500
2020-09-15 09:51:30.360,4.706,10000
2020-09-15 09:51:30.360,4.706,400
2020-09-15 09:51:31.770,4.706,100
2020-09-15 09:51:35.970,4.706,2000
2020-09-15 09:51:36.450,4.706,20700
2020-09-15 09:51:37.140,4.706,800
2020-09-15 09:51:37.200,4.706,10000
2020-09-15 09:51:38.090,4.705,3400
2020-09-15 09:51:38.090,4.705,2300
2020-09-15 09:51:38.090,4.705,5000
2020-09-15 09:51:38.090,4.705,5000
2020-09-15 09:51:40.370,4.705,2000
2020-09-15 09:51:42.040,4.704,700
2020-09-15 09:51:43.820,4.705,100
2020-09-15 09:51:43.950,4.704,35800
2020-09-15 09:51:44.420,4.705,400
2020-09-15 09:51:45.100,4.705,100
2020-09-15 09:51:46.720,4.704,34700
2020-09-15 09:51:47.720,4.704,3000
2020-09-15 09:51:50.060,4.704,700
2020-09-15 09:51:50.340,4.705,31700
2020-09-15 09:51:50.340,4.705,18300
2020-09-15 09:51:56.700,4.705,100
2020-09-15 09:51:56.790,4.705,1200
2020-09-15 09:51:56.790,4.705,2000
2020-09-15 09:51:56.790,4.705,1000
2020-09-15 09:51:56.790,4.705,3000
2020-09-15 09:51:56.790,4.705,2800
2020-09-15 09:51:56.910,4.705,300
2020-09-15 09:51:59.120,4.705,400
2020-09-15 09:52:00.540,4.704,100
2020-09-15 09:52:00.750,4.704,2000
2020-09-15 09:52:02.360,4.705,100
2020-09-15 09:52:04.040,4.705,700
2020-09-15 09:52:04.250,4.705,1000
2020-09-15 09:52:04.670,4.705,44700
2020-09-15 09:52:04.670,4.705,20000
2020-09-15 09:52:04.670,4.705,25000
2020-09-15 09:52:04.670,4.705,10300
2020-09-15 09:52:06.430,4.705,500
2020-09-15 09:52:06.430,4.705,3500
2020-09-15 09:52:06.430,4.705,3000
2020-09-15 09:52:06.970,4.705,3000
2020-09-15 09:52:07.620,4.706,5000
2020-09-15 09:52:07.620,4.706,25000
2020-09-15 09:52:07.620,4.706,5100
2020-09-15 09:52:07.620,4.706,10000
2020-09-15 09:52:07.620,4.706,1000
2020-09-15 09:52:07.620,4.706,800
2020-09-15 09:52:07.620,4.706,50000
2020-09-15 09:52:07.620,4.706,100
2020-09-15 09:52:08.640,4.706,15900
2020-09-15 09:52:09.600,4.706,700
2020-09-15 09:52:10.890,4.706,15000
2020-09-15 09:52:15.450,4.706,2100
2020-09-15 09:52:21.400,4.707,900
2020-09-15 09:52:30.040,4.706,500
2020-09-15 09:52:30.320,4.707,100
2020-09-15 09:52:30.320,4.707,10000
2020-09-15 09:52:30.320,4.707,100
2020-09-15 09:52:30.320,4.707,20000
2020-09-15 09:52:30.320,4.707,3000
2020-09-15 09:52:30.320,4.707,2000
2020-09-15 09:52:30.320,4.707,300
2020-09-15 09:52:30.320,4.707,4400
2020-09-15 09:52:30.320,4.707,100
2020-09-15 09:52:35.260,4.707,100
2020-09-15 09:52:35.400,4.706,5000
2020-09-15 09:52:37.610,4.707,1100
2020-09-15 09:52:37.610,4.707,1000
2020-09-15 09:52:39.610,4.706,100
2020-09-15 09:52:40.030,4.706,900
2020-09-15 09:52:41.080,4.706,4000
2020-09-15 09:52:41.770,4.707,10000
2020-09-15 09:52:41.770,4.707,100
2020-09-15 09:52:41.770,4.707,36500
2020-09-15 09:52:42.130,4.706,100
2020-09-15 09:52:42.130,4.706,1000
2020-09-15 09:52:42.130,4.706,1000
2020-09-15 09:52:42.130,4.705,300
2020-09-15 09:52:42.130,4.705,28400
2020-09-15 09:52:42.130,4.705,8000
2020-09-15 09:52:42.130,4.705,100
2020-09-15 09:52:42.130,4.705,100
2020-09-15 09:52:42.130,4.705,1100
2020-09-15 09:52:42.130,4.705,1100
2020-09-15 09:52:42.130,4.705,258800
2020-09-15 09:52:44.220,4.707,13500
2020-09-15 09:52:44.220,4.707,6500
2020-09-15 09:52:44.280,4.707,800
2020-09-15 09:52:44.280,4.707,200
2020-09-15 09:52:48.260,4.706,100
2020-09-15 09:52:50.320,4.706,400
2020-09-15 09:52:50.510,4.706,20000
2020-09-15 09:52:52.570,4.706,1000
2020-09-15 09:52:52.570,4.707,9000
2020-09-15 09:52:55.450,4.705,1000
2020-09-15 09:52:56.470,4.705,6700
2020-09-15 09:52:57.030,4.706,1000
2020-09-15 09:52:57.220,4.706,9000
2020-09-15 09:52:57.220,4.706,50000
2020-09-15 09:52:57.220,4.706,20000
2020-09-15 09:52:57.220,4.706,20000
2020-09-15 09:52:57.680,4.707,10800
2020-09-15 09:52:57.680,4.707,1200
2020-09-15 09:52:58.310,4.706,10000
2020-09-15 09:52:59.610,4.707,5000
2020-09-15 09:52:59.990,4.706,9700
2020-09-15 09:53:00.260,4.706,20000
2020-09-15 09:53:01.890,4.706,10000
2020-09-15 09:53:01.890,4.706,600
2020-09-15 09:53:02.010,4.706,2500
2020-09-15 09:53:03.580,4.707,2000
2020-09-15 09:53:04.060,4.706,1000
2020-09-15 09:53:06.010,4.707,1800
2020-09-15 09:53:06.010,4.707,3000
2020-09-15 09:53:06.010,4.707,500
2020-09-15 09:53:06.010,4.707,4700
2020-09-15 09:53:08.230,4.706,2500
2020-09-15 09:53:08.960,4.707,5300
2020-09-15 09:53:08.960,4.707,1000
2020-09-15 09:53:08.960,4.707,3700
2020-09-15 09:53:11.170,4.707,16300
2020-09-15 09:53:11.170,4.707,3700
2020-09-15 09:53:13.560,4.707,500
2020-09-15 09:53:15.980,4.707,5800
2020-09-15 09:53:15.980,4.707,4200
2020-09-15 09:53:18.640,4.707,1900
2020-09-15 09:53:18.640,4.707,5000
2020-09-15 09:53:18.640,4.707,1100
2020-09-15 09:53:18.720,4.707,400
2020-09-15 09:53:19.120,4.707,500
2020-09-15 09:53:19.790,4.707,3200
2020-09-15 09:53:21.530,4.706,1000
2020-09-15 09:53:22.020,4.706,9000
2020-09-15 09:53:22.020,4.706,11000
2020-09-15 09:53:22.480,4.706,30000
2020-09-15 09:53:22.820,4.706,5000
2020-09-15 09:53:23.530,4.706,1000
2020-09-15 09:53:23.560,4.706,100
2020-09-15 09:53:23.770,4.707,4800
2020-09-15 09:53:23.770,4.707,200
2020-09-15 09:53:24.560,4.706,1000
2020-09-15 09:53:24.960,4.706,20000
2020-09-15 09:53:25.650,4.706,1000
2020-09-15 09:53:25.760,4.706,5000
2020-09-15 09:53:26.390,4.706,25900
2020-09-15 09:53:26.390,4.706,100
2020-09-15 09:53:26.390,4.706,200
2020-09-15 09:53:26.390,4.706,10000
2020-09-15 09:53:26.390,4.706,3000
2020-09-15 09:53:26.810,4.705,7200
2020-09-15 09:53:27.200,4.705,4300
2020-09-15 09:53:28.550,4.705,1000
2020-09-15 09:53:28.870,4.706,5000
2020-09-15 09:53:29.330,4.705,20000
2020-09-15 09:53:29.480,4.706,100
