Datetime,Price,Volume
2020-09-08 09:25:00.800,3.316,500
2020-09-08 09:25:00.800,3.316,17700
2020-09-08 09:25:00.800,3.316,4700
2020-09-08 09:25:00.800,3.316,2600
2020-09-08 09:25:00.800,3.316,3400
2020-09-08 09:25:00.800,3.316,21600
2020-09-08 09:25:00.800,3.316,1500
2020-09-08 09:25:00.800,3.316,1500
2020-09-08 09:25:00.800,3.316,13500
2020-09-08 09:25:00.800,3.316,6500
2020-09-08 09:25:00.800,3.316,800
2020-09-08 09:25:00.800,3.316,6000
2020-09-08 09:25:00.800,3.316,1200
2020-09-08 09:25:00.800,3.316,100
2020-09-08 09:25:00.800,3.316,700
2020-09-08 09:25:00.800,3.316,400
2020-09-08 09:25:00.800,3.316,98900
2020-09-08 09:25:00.800,3.316,1500
2020-09-08 09:25:00.800,3.316,5700
2020-09-08 09:25:00.800,3.316,5200
2020-09-08 09:25:00.800,3.316,10100
2020-09-08 09:25:00.800,3.316,3400
2020-09-08 09:25:00.800,3.316,2800
2020-09-08 09:25:00.800,3.316,39600
2020-09-08 09:25:00.800,3.316,5800
2020-09-08 09:25:00.800,3.316,2000
2020-09-08 09:25:00.800,3.316,100
2020-09-08 09:25:00.800,3.316,100
2020-09-08 09:25:00.800,3.316,2451
2020-09-08 09:25:00.800,3.316,1500
2020-09-08 09:25:00.800,3.316,100
2020-09-08 09:25:00.800,3.316,22049
2020-09-08 09:25:00.800,3.316,3951
2020-09-08 09:25:00.800,3.316,400
2020-09-08 09:25:00.800,3.316,7000
2020-09-08 09:25:00.800,3.316,100
2020-09-08 09:25:00.800,3.316,100
2020-09-08 09:25:00.800,3.316,100
2020-09-08 09:25:00.800,3.316,200
2020-09-08 09:25:00.800,3.316,9000
2020-09-08 09:25:00.800,3.316,1700
2020-09-08 09:25:00.800,3.316,60000
2020-09-08 09:25:00.800,3.316,7449
2020-09-08 09:25:00.800,3.316,551
2020-09-08 09:25:00.800,3.316,3000
2020-09-08 09:25:00.800,3.316,100
2020-09-08 09:25:00.800,3.316,100
2020-09-08 09:25:00.800,3.316,89300
2020-09-08 09:25:00.800,3.316,600
2020-09-08 09:25:00.800,3.316,2800
2020-09-08 09:25:00.800,3.316,200
2020-09-08 09:25:00.800,3.316,200
2020-09-08 09:25:00.800,3.316,96649
2020-09-08 09:25:00.800,3.316,51351
2020-09-08 09:25:00.800,3.316,8649
2020-09-08 09:25:00.800,3.316,9851
2020-09-08 09:25:00.800,3.316,5149
2020-09-08 09:25:00.800,3.316,851
2020-09-08 09:25:00.800,3.316,9200
2020-09-08 09:25:00.800,3.316,2700
2020-09-08 09:25:00.800,3.316,1000
2020-09-08 09:25:00.800,3.316,5500
2020-09-08 09:25:00.800,3.316,8000
2020-09-08 09:25:00.800,3.316,9600
2020-09-08 09:25:00.800,3.316,500
2020-09-08 09:25:00.800,3.316,500
2020-09-08 09:25:00.800,3.316,549
2020-09-08 09:25:00.800,3.316,151
2020-09-08 09:25:00.800,3.316,1449
2020-09-08 09:25:00.800,3.316,52151
2020-09-08 09:25:00.800,3.316,900
2020-09-08 09:25:00.800,3.316,500
2020-09-08 09:25:00.800,3.316,600
2020-09-08 09:25:00.800,3.316,300
2020-09-08 09:25:00.800,3.316,1500
2020-09-08 09:25:00.800,3.316,400
2020-09-08 09:25:00.800,3.316,500
2020-09-08 09:25:00.800,3.316,100
2020-09-08 09:25:00.800,3.316,100
2020-09-08 09:25:00.800,3.316,3000
2020-09-08 09:25:00.800,3.316,3000
2020-09-08 09:25:00.800,3.316,20000
2020-09-08 09:25:00.800,3.316,500
2020-09-08 09:25:00.800,3.316,6449
2020-09-08 09:25:00.800,3.316,151
2020-09-08 09:25:00.800,3.316,849
2020-09-08 09:25:00.800,3.316,200
2020-09-08 09:25:00.800,3.316,19951
2020-09-08 09:25:00.800,3.316,2000
2020-09-08 09:25:00.800,3.316,2100
2020-09-08 09:25:00.800,3.316,10000
2020-09-08 09:25:00.800,3.316,20200
2020-09-08 09:25:00.800,3.316,100
2020-09-08 09:25:00.800,3.316,1000
2020-09-08 09:25:00.800,3.316,3000
2020-09-08 09:25:00.800,3.316,15000
2020-09-08 09:25:00.800,3.316,20000
2020-09-08 09:25:00.800,3.316,5000
2020-09-08 09:25:00.800,3.316,5000
2020-09-08 09:25:00.800,3.316,1000
2020-09-08 09:25:00.800,3.316,1800
2020-09-08 09:25:00.800,3.316,6600
2020-09-08 09:25:00.800,3.316,300
2020-09-08 09:25:00.800,3.316,30000
2020-09-08 09:25:00.800,3.316,156949
2020-09-08 09:25:00.800,3.316,5000
2020-09-08 09:25:00.800,3.316,5000
2020-09-08 09:25:00.800,3.316,1000
2020-09-08 09:25:00.800,3.316,16000
2020-09-08 09:25:00.800,3.316,79400
2020-09-08 09:25:00.800,3.316,100
2020-09-08 09:25:00.800,3.316,6951
2020-09-08 09:25:00.800,3.316,100
2020-09-08 09:25:00.800,3.316,5500
2020-09-08 09:25:00.800,3.316,1000
2020-09-08 09:25:00.800,3.316,600
2020-09-08 09:25:00.800,3.316,5849
2020-09-08 09:25:00.800,3.316,300
2020-09-08 09:25:00.800,3.316,23700
2020-09-08 09:25:00.800,3.316,26751
2020-09-08 09:25:00.800,3.316,1000
2020-09-08 09:25:00.800,3.316,100
2020-09-08 09:25:00.800,3.316,1000
2020-09-08 09:25:00.800,3.316,2000
2020-09-08 09:25:00.800,3.316,2000
2020-09-08 09:25:00.800,3.316,57449
2020-09-08 09:25:00.800,3.316,2000
2020-09-08 09:25:00.800,3.316,32051
2020-09-08 09:25:00.800,3.316,512100
2020-09-08 09:25:00.800,3.316,100
2020-09-08 09:25:00.800,3.316,2100
2020-09-08 09:25:00.800,3.316,3600
2020-09-08 09:25:00.800,3.316,5800
2020-09-08 09:25:00.800,3.316,10000
2020-09-08 09:25:00.800,3.316,1000
2020-09-08 09:25:00.800,3.316,1000
2020-09-08 09:25:00.800,3.316,5700
2020-09-08 09:25:00.800,3.316,1000
2020-09-08 09:25:00.800,3.316,3000
2020-09-08 09:25:00.800,3.316,2549
2020-09-08 09:30:00.010,3.315,2500
2020-09-08 09:30:00.010,3.315,5000
2020-09-08 09:30:00.010,3.315,12600
2020-09-08 09:30:00.100,3.315,11400
2020-09-08 09:30:00.100,3.314,1600
2020-09-08 09:30:00.100,3.314,2500
2020-09-08 09:30:00.100,3.314,3000
2020-09-08 09:30:00.100,3.313,20200
2020-09-08 09:30:00.310,3.313,50000
2020-09-08 09:30:00.310,3.314,1700
2020-09-08 09:30:00.310,3.315,8300
2020-09-08 09:30:00.310,3.315,10000
2020-09-08 09:30:00.480,3.315,200
2020-09-08 09:30:00.560,3.315,10000
2020-09-08 09:30:00.600,3.315,100
2020-09-08 09:30:00.720,3.315,10200
2020-09-08 09:30:00.780,3.315,2900
2020-09-08 09:30:00.820,3.315,5000
2020-09-08 09:30:00.870,3.313,11600
2020-09-08 09:30:00.870,3.313,11600
2020-09-08 09:30:00.870,3.315,1000
2020-09-08 09:30:00.920,3.313,19900
2020-09-08 09:30:00.970,3.315,900
2020-09-08 09:30:01.030,3.315,300
2020-09-08 09:30:01.030,3.313,800
2020-09-08 09:30:01.120,3.315,5000
2020-09-08 09:30:01.120,3.313,80100
2020-09-08 09:30:01.120,3.313,99900
2020-09-08 09:30:01.120,3.315,1000
2020-09-08 09:30:01.120,3.314,1100
2020-09-08 09:30:01.270,3.315,100
2020-09-08 09:30:01.410,3.315,36200
2020-09-08 09:30:01.470,3.315,3000
2020-09-08 09:30:01.470,3.315,6000
2020-09-08 09:30:01.560,3.315,7800
2020-09-08 09:30:01.560,3.314,400
2020-09-08 09:30:01.560,3.313,100
2020-09-08 09:30:01.560,3.313,1000
2020-09-08 09:30:01.560,3.313,10000
2020-09-08 09:30:01.560,3.313,2000
2020-09-08 09:30:01.560,3.313,1000
2020-09-08 09:30:01.560,3.311,8200
2020-09-08 09:30:01.560,3.315,500
2020-09-08 09:30:01.560,3.315,100000
2020-09-08 09:30:01.560,3.315,3200
2020-09-08 09:30:01.560,3.315,6200
2020-09-08 09:30:01.560,3.315,3000
2020-09-08 09:30:01.640,3.315,10000
2020-09-08 09:30:01.710,3.315,3000
2020-09-08 09:30:01.710,3.315,2000
2020-09-08 09:30:01.710,3.315,200
2020-09-08 09:30:01.850,3.315,4000
2020-09-08 09:30:01.900,3.315,1000
2020-09-08 09:30:01.950,3.315,2000
2020-09-08 09:30:01.950,3.315,2000
2020-09-08 09:30:02.020,3.315,500
2020-09-08 09:30:02.070,3.315,4100
2020-09-08 09:30:02.120,3.315,1600
2020-09-08 09:30:02.120,3.315,2500
2020-09-08 09:30:02.160,3.315,900
2020-09-08 09:30:02.160,3.315,45300
2020-09-08 09:30:02.160,3.315,4700
2020-09-08 09:30:02.210,3.315,2000
2020-09-08 09:30:02.210,3.315,100
2020-09-08 09:30:02.240,3.315,6200
2020-09-08 09:30:02.240,3.315,10700
2020-09-08 09:30:02.240,3.315,300
2020-09-08 09:30:02.450,3.315,1000
2020-09-08 09:30:02.450,3.315,19500
2020-09-08 09:30:02.450,3.315,300
2020-09-08 09:30:02.450,3.315,500
2020-09-08 09:30:02.450,3.315,4900
2020-09-08 09:30:02.450,3.315,100
2020-09-08 09:30:02.450,3.315,1300
2020-09-08 09:30:02.450,3.315,500
2020-09-08 09:30:02.450,3.315,2900
2020-09-08 09:30:02.560,3.315,100
2020-09-08 09:30:02.560,3.315,2900
2020-09-08 09:30:02.600,3.315,3000
2020-09-08 09:30:02.680,3.315,15100
2020-09-08 09:30:02.680,3.315,14000
2020-09-08 09:30:02.680,3.315,26000
2020-09-08 09:30:02.680,3.316,3451
2020-09-08 09:30:02.680,3.316,1549
2020-09-08 09:30:02.770,3.315,2800
2020-09-08 09:30:02.770,3.316,5000
2020-09-08 09:30:02.770,3.316,3000
2020-09-08 09:30:02.770,3.316,451
2020-09-08 09:30:02.770,3.316,100
2020-09-08 09:30:02.770,3.316,449
2020-09-08 09:30:02.870,3.316,100
2020-09-08 09:30:02.930,3.315,3600
2020-09-08 09:30:02.970,3.315,1100
2020-09-08 09:30:02.970,3.315,2800
2020-09-08 09:30:02.970,3.315,7800
2020-09-08 09:30:02.970,3.314,2500
2020-09-08 09:30:02.970,3.314,1000
2020-09-08 09:30:02.970,3.314,2000
2020-09-08 09:30:02.970,3.314,10000
2020-09-08 09:30:02.970,3.314,3000
2020-09-08 09:30:02.970,3.313,100
2020-09-08 09:30:03.160,3.313,17700
2020-09-08 09:30:03.160,3.313,5000
2020-09-08 09:30:03.160,3.315,2500
2020-09-08 09:30:03.160,3.316,451
2020-09-08 09:30:03.160,3.316,9100
2020-09-08 09:30:03.160,3.316,10000
2020-09-08 09:30:03.160,3.316,15000
2020-09-08 09:30:03.160,3.316,2500
2020-09-08 09:30:03.160,3.316,12300
2020-09-08 09:30:03.160,3.316,400
2020-09-08 09:30:03.160,3.316,500
2020-09-08 09:30:03.160,3.316,5300
2020-09-08 09:30:03.160,3.316,5000
2020-09-08 09:30:03.160,3.316,10000
2020-09-08 09:30:03.160,3.316,400
2020-09-08 09:30:03.160,3.316,3849
2020-09-08 09:30:03.240,3.316,6000
2020-09-08 09:30:03.240,3.315,300
2020-09-08 09:30:03.240,3.316,9700
2020-09-08 09:30:03.330,3.315,3500
2020-09-08 09:30:03.330,3.315,300
2020-09-08 09:30:03.380,3.315,200
2020-09-08 09:30:03.420,3.313,500
2020-09-08 09:30:03.420,3.313,900
2020-09-08 09:30:03.420,3.313,3600
2020-09-08 09:30:03.420,3.313,900
2020-09-08 09:30:03.470,3.313,5000
2020-09-08 09:30:03.470,3.313,20000
2020-09-08 09:30:03.500,3.313,3300
2020-09-08 09:30:03.580,3.313,100
2020-09-08 09:30:03.580,3.313,5500
2020-09-08 09:30:03.580,3.313,100000
2020-09-08 09:30:03.620,3.313,50000
2020-09-08 09:30:03.620,3.313,6000
2020-09-08 09:30:03.620,3.313,14000
2020-09-08 09:30:03.620,3.315,29000
2020-09-08 09:30:03.620,3.315,17000
2020-09-08 09:30:03.650,3.315,38000
2020-09-08 09:30:03.650,3.316,1451
2020-09-08 09:30:03.650,3.316,3000
2020-09-08 09:30:03.650,3.316,200
2020-09-08 09:30:03.650,3.316,10000
2020-09-08 09:30:03.650,3.316,100
2020-09-08 09:30:03.690,3.316,40000
2020-09-08 09:30:03.760,3.316,5000
2020-09-08 09:30:03.890,3.317,500
2020-09-08 09:30:03.890,3.317,3000
2020-09-08 09:30:03.890,3.317,500
2020-09-08 09:30:04.030,3.316,2249
2020-09-08 09:30:04.030,3.316,400
2020-09-08 09:30:04.030,3.316,1900
2020-09-08 09:30:04.030,3.316,1000
2020-09-08 09:30:04.030,3.316,451
2020-09-08 09:30:04.030,3.316,549
2020-09-08 09:30:04.030,3.315,3000
2020-09-08 09:30:04.030,3.312,29351
2020-09-08 09:30:04.340,3.315,200
2020-09-08 09:30:04.550,3.316,100
2020-09-08 09:30:04.630,3.317,500
2020-09-08 09:30:04.630,3.317,9500
2020-09-08 09:30:04.670,3.317,5500
2020-09-08 09:30:04.670,3.317,2000
2020-09-08 09:30:04.670,3.317,6000
2020-09-08 09:30:04.670,3.317,300000
2020-09-08 09:30:04.670,3.317,3000
2020-09-08 09:30:04.670,3.318,1000
2020-09-08 09:30:04.670,3.318,400
2020-09-08 09:30:04.670,3.318,5000
2020-09-08 09:30:04.670,3.318,6000
2020-09-08 09:30:04.670,3.318,5000
2020-09-08 09:30:04.670,3.318,5000
2020-09-08 09:30:04.670,3.318,10000
2020-09-08 09:30:04.670,3.318,7000
2020-09-08 09:30:04.670,3.318,10000
2020-09-08 09:30:04.670,3.318,12000
2020-09-08 09:30:04.670,3.319,10000
2020-09-08 09:30:04.670,3.319,10100
2020-09-08 09:30:04.670,3.319,1000
2020-09-08 09:30:04.670,3.319,1500
2020-09-08 09:30:04.670,3.319,2000
2020-09-08 09:30:04.670,3.319,2000
2020-09-08 09:30:04.670,3.319,1000
2020-09-08 09:30:04.670,3.319,6000
2020-09-08 09:30:04.670,3.319,2000
2020-09-08 09:30:04.670,3.319,2000
2020-09-08 09:30:04.670,3.319,3000
2020-09-08 09:30:04.670,3.319,5000
2020-09-08 09:30:04.670,3.319,20000
2020-09-08 09:30:04.670,3.319,200
2020-09-08 09:30:04.670,3.319,100
2020-09-08 09:30:04.670,3.319,10000
2020-09-08 09:30:04.670,3.319,5000
2020-09-08 09:30:04.670,3.319,3000
2020-09-08 09:30:04.670,3.319,22600
2020-09-08 09:30:04.710,3.316,1000
2020-09-08 09:30:04.850,3.319,20700
2020-09-08 09:30:04.850,3.32,4000
2020-09-08 09:30:04.850,3.32,10000
2020-09-08 09:30:04.850,3.32,1000
2020-09-08 09:30:04.850,3.32,100
2020-09-08 09:30:04.850,3.32,5000
2020-09-08 09:30:04.850,3.32,500
2020-09-08 09:30:04.850,3.32,10000
2020-09-08 09:30:04.850,3.32,1400
2020-09-08 09:30:04.850,3.316,9000
2020-09-08 09:30:04.900,3.316,3500
2020-09-08 09:30:04.900,3.316,1000
2020-09-08 09:30:04.900,3.316,10000
2020-09-08 09:30:04.900,3.315,10000
2020-09-08 09:30:04.900,3.315,1000
2020-09-08 09:30:05.020,3.315,4500
2020-09-08 09:30:05.020,3.315,3000
2020-09-08 09:30:05.070,3.316,2500
2020-09-08 09:30:05.070,3.316,5000
2020-09-08 09:30:05.110,3.316,10000
2020-09-08 09:30:05.320,3.315,500
2020-09-08 09:30:05.380,3.315,1000
2020-09-08 09:30:05.410,3.315,100
2020-09-08 09:30:05.450,3.315,3000
2020-09-08 09:30:05.450,3.314,2000
2020-09-08 09:30:05.450,3.314,3000
2020-09-08 09:30:05.490,3.313,5000
2020-09-08 09:30:05.490,3.315,5400
2020-09-08 09:30:05.490,3.315,4000
2020-09-08 09:30:05.520,3.315,300
2020-09-08 09:30:05.630,3.315,95700
2020-09-08 09:30:05.630,3.315,2000
2020-09-08 09:30:06.020,3.316,20000
2020-09-08 09:30:06.020,3.316,10000
2020-09-08 09:30:06.100,3.316,2000
2020-09-08 09:30:06.170,3.316,1500
2020-09-08 09:30:06.390,3.316,19200
2020-09-08 09:30:06.550,3.316,5000
2020-09-08 09:30:06.620,3.316,27400
2020-09-08 09:30:06.690,3.316,1200
2020-09-08 09:30:06.690,3.315,15000
2020-09-08 09:30:06.690,3.316,10000
2020-09-08 09:30:06.730,3.316,2800
2020-09-08 09:30:06.730,3.315,3000
2020-09-08 09:30:06.730,3.315,11800
2020-09-08 09:30:07.000,3.316,800
2020-09-08 09:30:07.250,3.316,20000
2020-09-08 09:30:07.290,3.316,50000
2020-09-08 09:30:07.330,3.316,10000
2020-09-08 09:30:07.330,3.315,100
2020-09-08 09:30:07.440,3.316,3000
2020-09-08 09:30:07.480,3.315,3500
2020-09-08 09:30:07.480,3.315,49100
2020-09-08 09:30:07.530,3.315,20000
2020-09-08 09:30:07.530,3.315,20000
2020-09-08 09:30:07.640,3.316,2000
2020-09-08 09:30:07.660,3.315,21000
2020-09-08 09:30:07.660,3.316,100
2020-09-08 09:30:07.800,3.315,12000
2020-09-08 09:30:07.950,3.316,500
2020-09-08 09:30:08.230,3.316,100
2020-09-08 09:30:08.430,3.315,25000
2020-09-08 09:30:08.430,3.316,2000
2020-09-08 09:30:08.560,3.316,78800
2020-09-08 09:30:08.560,3.315,1300
2020-09-08 09:30:08.980,3.316,300
2020-09-08 09:30:09.000,3.316,15800
2020-09-08 09:30:09.000,3.316,3000
2020-09-08 09:30:09.000,3.316,10000
2020-09-08 09:30:09.000,3.316,9600
2020-09-08 09:30:09.000,3.316,1600
2020-09-08 09:30:09.550,3.316,500
2020-09-08 09:30:09.690,3.316,4800
2020-09-08 09:30:09.690,3.316,300
2020-09-08 09:30:09.890,3.315,500
2020-09-08 09:30:09.940,3.316,1500
2020-09-08 09:30:10.910,3.316,1000
2020-09-08 09:30:10.910,3.316,8900
2020-09-08 09:30:10.910,3.316,200
2020-09-08 09:30:10.910,3.316,10000
2020-09-08 09:30:10.910,3.316,69300
2020-09-08 09:30:10.910,3.317,100
2020-09-08 09:30:10.910,3.317,11500
2020-09-08 09:30:11.460,3.316,700
2020-09-08 09:30:11.460,3.315,1300
2020-09-08 09:30:11.630,3.317,11200
2020-09-08 09:30:11.750,3.316,200
2020-09-08 09:30:11.750,3.315,18700
2020-09-08 09:30:11.750,3.315,2000
2020-09-08 09:30:11.810,3.315,24600
2020-09-08 09:30:12.010,3.315,5000
2020-09-08 09:30:12.440,3.315,2000
2020-09-08 09:30:12.730,3.315,1000
2020-09-08 09:30:12.790,3.315,2000
2020-09-08 09:30:13.390,3.317,37600
2020-09-08 09:30:13.900,3.316,1000
2020-09-08 09:30:14.010,3.317,700
2020-09-08 09:30:14.150,3.316,1000
2020-09-08 09:30:14.150,3.316,200
2020-09-08 09:30:14.440,3.315,300
2020-09-08 09:30:15.220,3.316,11000
2020-09-08 09:30:15.890,3.316,200
2020-09-08 09:30:16.410,3.315,11600
2020-09-08 09:30:17.300,3.316,17600
2020-09-08 09:30:17.300,3.316,30000
2020-09-08 09:30:17.300,3.317,12700
2020-09-08 09:30:17.300,3.317,20600
2020-09-08 09:30:17.300,3.317,2000
2020-09-08 09:30:17.300,3.318,2400
2020-09-08 09:30:17.300,3.318,10400
2020-09-08 09:30:17.300,3.318,38800
2020-09-08 09:30:17.300,3.318,14000
2020-09-08 09:30:17.300,3.318,4400
2020-09-08 09:30:17.300,3.318,7400
2020-09-08 09:30:18.300,3.315,247500
2020-09-08 09:30:18.410,3.315,3200
2020-09-08 09:30:20.480,3.316,2000
2020-09-08 09:30:20.930,3.316,3000
2020-09-08 09:30:21.090,3.316,50200
2020-09-08 09:30:21.610,3.316,60300
2020-09-08 09:30:21.610,3.316,100000
2020-09-08 09:30:22.040,3.316,12000
2020-09-08 09:30:22.300,3.316,4900
2020-09-08 09:30:22.640,3.316,20000
2020-09-08 09:30:23.020,3.316,5000
2020-09-08 09:30:23.500,3.316,12100
2020-09-08 09:30:23.560,3.316,1000
2020-09-08 09:30:23.700,3.315,24500
2020-09-08 09:30:23.810,3.316,300
2020-09-08 09:30:24.250,3.316,1000
2020-09-08 09:30:24.990,3.316,1500
2020-09-08 09:30:25.020,3.315,300000
2020-09-08 09:30:25.190,3.316,8600
2020-09-08 09:30:25.790,3.316,600
2020-09-08 09:30:26.690,3.316,8500
2020-09-08 09:30:27.060,3.316,9000
2020-09-08 09:30:27.060,3.316,1000
2020-09-08 09:30:27.210,3.316,2000
2020-09-08 09:30:27.210,3.316,18300
2020-09-08 09:30:27.210,3.316,18400
2020-09-08 09:30:27.450,3.316,1300
2020-09-08 09:30:28.200,3.316,5900
2020-09-08 09:30:28.310,3.316,12100
2020-09-08 09:30:28.390,3.316,42300
2020-09-08 09:30:28.390,3.316,4000
2020-09-08 09:30:28.390,3.316,25000
2020-09-08 09:30:28.390,3.316,400
2020-09-08 09:30:29.140,3.316,28300
2020-09-08 09:30:29.140,3.316,1800
2020-09-08 09:30:29.140,3.315,19900
2020-09-08 09:30:29.780,3.316,10000
2020-09-08 09:30:29.890,3.316,100000
2020-09-08 09:30:29.970,3.317,12100
2020-09-08 09:30:30.820,3.317,12400
2020-09-08 09:30:30.900,3.316,5000
2020-09-08 09:30:31.240,3.316,5300
2020-09-08 09:30:31.470,3.317,12400
2020-09-08 09:30:31.500,3.317,12000
2020-09-08 09:30:31.590,3.316,10000
2020-09-08 09:30:31.820,3.317,12400
2020-09-08 09:30:32.500,3.316,100
2020-09-08 09:30:32.530,3.316,300000
2020-09-08 09:30:32.780,3.316,30000
2020-09-08 09:30:32.810,3.316,200
2020-09-08 09:30:32.810,3.316,5000
2020-09-08 09:30:32.870,3.316,200
2020-09-08 09:30:33.620,3.315,30000
2020-09-08 09:30:34.390,3.316,30000
2020-09-08 09:30:35.110,3.316,5000
2020-09-08 09:30:35.200,3.316,100
2020-09-08 09:30:35.580,3.316,2000
2020-09-08 09:30:35.730,3.316,10000
2020-09-08 09:30:35.930,3.316,300
2020-09-08 09:30:37.000,3.315,100000
2020-09-08 09:30:37.070,3.316,3000
2020-09-08 09:30:37.100,3.316,244200
2020-09-08 09:30:37.100,3.316,5000
2020-09-08 09:30:37.100,3.316,100000
2020-09-08 09:30:37.100,3.316,3000
2020-09-08 09:30:37.100,3.316,3800
2020-09-08 09:30:37.100,3.316,3700
2020-09-08 09:30:37.100,3.316,12000
2020-09-08 09:30:37.100,3.316,2000
2020-09-08 09:30:37.100,3.316,126300
2020-09-08 09:30:37.190,3.316,5000
2020-09-08 09:30:37.400,3.315,100
2020-09-08 09:30:37.940,3.315,10000
2020-09-08 09:30:38.300,3.315,5000
2020-09-08 09:30:38.410,3.316,100
2020-09-08 09:30:40.050,3.316,5900
2020-09-08 09:30:41.140,3.315,500
2020-09-08 09:30:41.140,3.316,162700
2020-09-08 09:30:41.140,3.316,40000
2020-09-08 09:30:41.140,3.316,5000
2020-09-08 09:30:41.140,3.316,19000
2020-09-08 09:30:41.140,3.316,10000
2020-09-08 09:30:41.140,3.316,5000
2020-09-08 09:30:41.140,3.316,500
2020-09-08 09:30:41.140,3.316,10500
2020-09-08 09:30:41.280,3.316,20000
2020-09-08 09:30:41.870,3.316,27300
2020-09-08 09:30:42.020,3.316,500
2020-09-08 09:30:42.880,3.316,60000
2020-09-08 09:30:43.270,3.315,1500
2020-09-08 09:30:44.210,3.315,3000
2020-09-08 09:30:44.610,3.316,12200
2020-09-08 09:30:44.610,3.316,3800
2020-09-08 09:30:44.640,3.315,1000
2020-09-08 09:30:45.590,3.315,139900
2020-09-08 09:30:45.590,3.315,1000
2020-09-08 09:30:45.590,3.315,1000
2020-09-08 09:30:45.590,3.315,10000
2020-09-08 09:30:45.590,3.315,148100
2020-09-08 09:30:45.850,3.315,10000
2020-09-08 09:30:46.080,3.315,300000
2020-09-08 09:30:46.110,3.315,41900
2020-09-08 09:30:46.110,3.315,5000
2020-09-08 09:30:46.110,3.315,100
2020-09-08 09:30:46.110,3.315,2000
2020-09-08 09:30:47.460,3.315,3000
2020-09-08 09:30:48.390,3.315,48000
2020-09-08 09:30:48.390,3.315,1600
2020-09-08 09:30:48.390,3.315,3000
2020-09-08 09:30:48.390,3.315,20400
2020-09-08 09:30:48.390,3.316,8200
2020-09-08 09:30:48.390,3.316,30000
2020-09-08 09:30:48.390,3.316,1000
2020-09-08 09:30:48.390,3.316,5000
2020-09-08 09:30:48.390,3.316,382800
2020-09-08 09:30:48.450,3.314,2000
2020-09-08 09:30:48.450,3.314,3000
2020-09-08 09:30:48.450,3.314,5000
2020-09-08 09:30:48.450,3.314,10000
2020-09-08 09:30:48.450,3.314,900
2020-09-08 09:30:48.450,3.314,39100
2020-09-08 09:30:50.040,3.316,30000
2020-09-08 09:30:50.590,3.316,146900
2020-09-08 09:30:50.590,3.316,1000
2020-09-08 09:30:50.590,3.316,700
2020-09-08 09:30:50.700,3.316,34200
2020-09-08 09:30:51.450,3.316,5000
2020-09-08 09:30:51.470,3.316,1000
2020-09-08 09:30:52.110,3.316,100
2020-09-08 09:30:52.700,3.316,3000
2020-09-08 09:30:53.700,3.316,7000
2020-09-08 09:30:53.850,3.316,99100
2020-09-08 09:30:53.980,3.316,227300
2020-09-08 09:30:53.980,3.316,11900
2020-09-08 09:30:53.980,3.316,700
2020-09-08 09:30:53.980,3.316,4800
2020-09-08 09:30:55.060,3.316,30000
2020-09-08 09:30:55.870,3.315,3200
2020-09-08 09:30:57.180,3.315,300
2020-09-08 09:30:58.100,3.314,10900
2020-09-08 09:30:58.100,3.314,4600
2020-09-08 09:30:58.100,3.314,200
2020-09-08 09:30:58.100,3.313,200
2020-09-08 09:30:58.100,3.313,1000
2020-09-08 09:30:58.100,3.313,19100
2020-09-08 09:30:59.440,3.315,1000
2020-09-08 09:31:00.350,3.315,2000
2020-09-08 09:31:00.650,3.314,300000
2020-09-08 09:31:01.620,3.315,1000
2020-09-08 09:31:02.080,3.315,1900
2020-09-08 09:31:03.020,3.315,2000
2020-09-08 09:31:05.440,3.315,100
2020-09-08 09:31:06.810,3.314,100
2020-09-08 09:31:07.030,3.315,7700
2020-09-08 09:31:07.030,3.315,7500
2020-09-08 09:31:07.030,3.315,30500
2020-09-08 09:31:07.030,3.315,1200
2020-09-08 09:31:07.030,3.315,5900
2020-09-08 09:31:07.030,3.315,5000
2020-09-08 09:31:07.030,3.315,1000
2020-09-08 09:31:07.030,3.315,2000
2020-09-08 09:31:07.030,3.315,6200
2020-09-08 09:31:07.440,3.315,700
2020-09-08 09:31:09.110,3.316,25300
2020-09-08 09:31:09.110,3.316,3100
2020-09-08 09:31:09.110,3.316,3000
2020-09-08 09:31:09.110,3.316,6000
2020-09-08 09:31:09.110,3.316,5000
2020-09-08 09:31:09.110,3.316,2000
2020-09-08 09:31:09.110,3.316,30000
2020-09-08 09:31:09.110,3.316,1000
2020-09-08 09:31:10.430,3.315,300
2020-09-08 09:31:10.430,3.315,300
2020-09-08 09:31:10.430,3.315,1600
2020-09-08 09:31:11.620,3.315,1200
2020-09-08 09:31:13.020,3.315,8800
2020-09-08 09:31:13.020,3.315,51600
2020-09-08 09:31:13.550,3.314,339800
2020-09-08 09:31:13.950,3.314,100
2020-09-08 09:31:14.150,3.314,1200
2020-09-08 09:31:14.440,3.314,3000
2020-09-08 09:31:14.690,3.315,2800
2020-09-08 09:31:14.780,3.315,1000
2020-09-08 09:31:15.280,3.315,60400
2020-09-08 09:31:16.870,3.315,100
2020-09-08 09:31:18.050,3.315,100
2020-09-08 09:31:19.140,3.314,5100
2020-09-08 09:31:19.660,3.314,1000
2020-09-08 09:31:19.800,3.315,1000
2020-09-08 09:31:19.890,3.315,32500
2020-09-08 09:31:19.890,3.315,10000
2020-09-08 09:31:19.890,3.315,5000
2020-09-08 09:31:19.890,3.315,5000
2020-09-08 09:31:19.890,3.315,53700
2020-09-08 09:31:19.890,3.315,300
2020-09-08 09:31:20.440,3.315,1000
2020-09-08 09:31:20.440,3.315,11000
2020-09-08 09:31:20.750,3.315,92100
2020-09-08 09:31:20.840,3.315,4500
2020-09-08 09:31:20.940,3.315,17700
2020-09-08 09:31:21.170,3.315,20000
2020-09-08 09:31:21.260,3.316,9400
2020-09-08 09:31:22.200,3.315,754700
2020-09-08 09:31:22.200,3.315,245300
2020-09-08 09:31:22.730,3.315,54700
2020-09-08 09:31:22.730,3.315,200
2020-09-08 09:31:24.170,3.315,1000
2020-09-08 09:31:24.170,3.315,63600
2020-09-08 09:31:24.170,3.315,15800
2020-09-08 09:31:26.280,3.315,1500
2020-09-08 09:31:26.730,3.316,100
2020-09-08 09:31:27.290,3.316,1600
2020-09-08 09:31:27.290,3.316,3100
2020-09-08 09:31:27.290,3.316,800
2020-09-08 09:31:27.290,3.316,1100
2020-09-08 09:31:27.290,3.316,3900
2020-09-08 09:31:27.290,3.316,2000
2020-09-08 09:31:27.290,3.316,12600
2020-09-08 09:31:27.290,3.316,3900
2020-09-08 09:31:27.580,3.316,3000
2020-09-08 09:31:28.150,3.316,51100
2020-09-08 09:31:28.590,3.316,6200
2020-09-08 09:31:29.480,3.315,500
2020-09-08 09:31:29.480,3.315,2600
2020-09-08 09:31:30.460,3.315,1000
2020-09-08 09:31:30.540,3.315,5200
2020-09-08 09:31:30.830,3.316,17400
2020-09-08 09:31:30.830,3.316,1600
2020-09-08 09:31:30.830,3.316,1000
2020-09-08 09:31:31.200,3.315,12000
2020-09-08 09:31:31.570,3.315,15100
2020-09-08 09:31:31.590,3.316,100
2020-09-08 09:31:31.730,3.316,5000
2020-09-08 09:31:35.340,3.316,2000
2020-09-08 09:31:35.550,3.316,9300
2020-09-08 09:31:36.540,3.317,38700
2020-09-08 09:31:36.540,3.317,6200
2020-09-08 09:31:36.540,3.317,5000
2020-09-08 09:31:36.540,3.317,3000
2020-09-08 09:31:36.540,3.317,9700
2020-09-08 09:31:36.540,3.317,10000
2020-09-08 09:31:36.540,3.317,27400
2020-09-08 09:31:37.160,3.316,10000
2020-09-08 09:31:37.620,3.317,1400
2020-09-08 09:31:37.880,3.316,3000
2020-09-08 09:31:38.960,3.317,60300
2020-09-08 09:31:39.120,3.317,9400
2020-09-08 09:31:39.680,3.317,167000
2020-09-08 09:31:39.680,3.317,2000
2020-09-08 09:31:39.680,3.317,1000
2020-09-08 09:31:39.680,3.317,2000
2020-09-08 09:31:39.680,3.317,78000
2020-09-08 09:31:40.110,3.316,500
2020-09-08 09:31:40.110,3.316,4500
2020-09-08 09:31:40.160,3.316,3000
2020-09-08 09:31:40.610,3.317,9400
2020-09-08 09:31:41.040,3.317,12600
2020-09-08 09:31:41.780,3.317,10900
2020-09-08 09:31:42.210,3.317,10000
2020-09-08 09:31:42.270,3.318,1600
2020-09-08 09:31:43.710,3.317,26800
2020-09-08 09:31:43.710,3.317,14400
2020-09-08 09:31:44.180,3.317,300
2020-09-08 09:31:44.710,3.318,1000
2020-09-08 09:31:44.710,3.318,30000
2020-09-08 09:31:44.710,3.318,4000
2020-09-08 09:31:44.710,3.318,2000
2020-09-08 09:31:44.710,3.318,43300
2020-09-08 09:31:44.710,3.318,20000
2020-09-08 09:31:44.710,3.318,5000
2020-09-08 09:31:44.710,3.318,5000
2020-09-08 09:31:44.710,3.318,1000
2020-09-08 09:31:44.710,3.318,300
2020-09-08 09:31:44.710,3.318,10000
2020-09-08 09:31:44.710,3.318,50000
2020-09-08 09:31:44.710,3.318,200
2020-09-08 09:31:44.710,3.318,3500
2020-09-08 09:31:44.710,3.318,500
2020-09-08 09:31:44.710,3.318,200
2020-09-08 09:31:44.710,3.318,3000
2020-09-08 09:31:44.710,3.318,21700
2020-09-08 09:31:44.710,3.318,5000
2020-09-08 09:31:44.710,3.318,100
2020-09-08 09:31:44.710,3.318,600
2020-09-08 09:31:44.710,3.318,5000
2020-09-08 09:31:44.710,3.318,2500
2020-09-08 09:31:44.710,3.318,50000
2020-09-08 09:31:47.420,3.319,100
2020-09-08 09:31:47.730,3.318,5000
2020-09-08 09:31:47.990,3.318,10000
2020-09-08 09:31:48.460,3.318,21100
2020-09-08 09:31:48.460,3.318,19000
2020-09-08 09:31:48.460,3.317,103900
2020-09-08 09:31:48.570,3.317,10000
2020-09-08 09:31:48.710,3.319,100
2020-09-08 09:31:48.710,3.317,5000
2020-09-08 09:31:51.110,3.317,100000
2020-09-08 09:31:51.930,3.318,50000
2020-09-08 09:31:52.960,3.318,13300
2020-09-08 09:31:53.300,3.318,10000
2020-09-08 09:31:53.640,3.318,56600
2020-09-08 09:31:54.810,3.318,1200
2020-09-08 09:31:54.960,3.318,16000
2020-09-08 09:31:55.290,3.319,1500
2020-09-08 09:31:56.270,3.318,400
2020-09-08 09:31:56.600,3.318,30500
2020-09-08 09:31:56.760,3.319,1300
2020-09-08 09:31:56.760,3.319,10700
2020-09-08 09:31:57.050,3.318,2000
2020-09-08 09:31:57.700,3.318,100
2020-09-08 09:31:58.140,3.318,10000
2020-09-08 09:31:59.770,3.318,3300
2020-09-08 09:31:59.850,3.319,4000
2020-09-08 09:31:59.920,3.318,30000
2020-09-08 09:32:00.570,3.318,200000
2020-09-08 09:32:01.000,3.319,128100
2020-09-08 09:32:01.000,3.318,76600
2020-09-08 09:32:01.000,3.318,2000
2020-09-08 09:32:01.000,3.318,300
2020-09-08 09:32:04.280,3.317,10000
2020-09-08 09:32:05.900,3.318,5000
2020-09-08 09:32:06.900,3.318,500
2020-09-08 09:32:07.390,3.318,2000
2020-09-08 09:32:07.760,3.317,5000
2020-09-08 09:32:09.370,3.318,10000
2020-09-08 09:32:10.000,3.317,1000
2020-09-08 09:32:10.110,3.318,10600
2020-09-08 09:32:10.250,3.318,1000
2020-09-08 09:32:13.040,3.317,3000
2020-09-08 09:32:13.330,3.318,100
2020-09-08 09:32:13.730,3.318,5000
2020-09-08 09:32:14.050,3.317,10000
2020-09-08 09:32:14.610,3.318,100
2020-09-08 09:32:14.840,3.317,100
2020-09-08 09:32:14.840,3.317,100
2020-09-08 09:32:14.840,3.317,1600
2020-09-08 09:32:14.840,3.317,2000
2020-09-08 09:32:14.920,3.317,5700
2020-09-08 09:32:15.060,3.317,2300
2020-09-08 09:32:15.060,3.317,100
2020-09-08 09:32:15.060,3.317,200
2020-09-08 09:32:15.060,3.317,400
2020-09-08 09:32:15.930,3.317,10300
2020-09-08 09:32:16.100,3.317,5200
2020-09-08 09:32:16.100,3.317,4800
2020-09-08 09:32:16.530,3.317,15200
2020-09-08 09:32:16.530,3.317,6800
2020-09-08 09:32:16.580,3.318,200
2020-09-08 09:32:16.640,3.317,3200
2020-09-08 09:32:18.170,3.317,3000
2020-09-08 09:32:18.280,3.316,5000
2020-09-08 09:32:18.280,3.316,100
2020-09-08 09:32:18.280,3.316,10000
2020-09-08 09:32:18.280,3.316,50000
2020-09-08 09:32:18.280,3.316,100
2020-09-08 09:32:18.280,3.316,400
2020-09-08 09:32:18.280,3.316,100
2020-09-08 09:32:18.280,3.316,1000
2020-09-08 09:32:18.280,3.316,3100
2020-09-08 09:32:18.280,3.316,10000
2020-09-08 09:32:18.280,3.316,5000
2020-09-08 09:32:18.280,3.316,2000
2020-09-08 09:32:18.280,3.316,4000
2020-09-08 09:32:18.280,3.316,10000
2020-09-08 09:32:18.530,3.317,1000
2020-09-08 09:32:18.750,3.316,10000
2020-09-08 09:32:19.220,3.316,3900
2020-09-08 09:32:19.220,3.316,3900
2020-09-08 09:32:19.270,3.317,1000
2020-09-08 09:32:19.300,3.317,15000
2020-09-08 09:32:19.850,3.316,2200
2020-09-08 09:32:21.330,3.315,7700
2020-09-08 09:32:24.620,3.315,1400
2020-09-08 09:32:24.620,3.315,500
2020-09-08 09:32:24.620,3.315,1000
2020-09-08 09:32:24.670,3.316,3100
2020-09-08 09:32:24.670,3.316,1900
2020-09-08 09:32:24.750,3.316,100
2020-09-08 09:32:25.370,3.316,400
2020-09-08 09:32:25.370,3.317,52100
2020-09-08 09:32:25.940,3.317,1000
2020-09-08 09:32:26.200,3.316,200
2020-09-08 09:32:26.380,3.315,15200
2020-09-08 09:32:26.800,3.316,600
2020-09-08 09:32:29.830,3.315,5000
2020-09-08 09:32:30.310,3.316,1700
2020-09-08 09:32:33.530,3.315,1500
2020-09-08 09:32:36.960,3.316,1000
2020-09-08 09:32:37.290,3.315,3700
2020-09-08 09:32:37.990,3.315,24900
2020-09-08 09:32:38.210,3.315,3000
2020-09-08 09:32:38.240,3.316,1000
2020-09-08 09:32:38.370,3.315,106400
2020-09-08 09:32:38.750,3.315,26400
2020-09-08 09:32:38.980,3.315,80000
2020-09-08 09:32:39.110,3.315,2000
2020-09-08 09:32:39.340,3.315,2400
2020-09-08 09:32:39.410,3.315,10000
2020-09-08 09:32:39.910,3.316,3000
2020-09-08 09:32:40.480,3.316,9100
2020-09-08 09:32:40.480,3.315,10000
2020-09-08 09:32:40.510,3.316,400
2020-09-08 09:32:40.780,3.315,9000
2020-09-08 09:32:41.020,3.316,10000
2020-09-08 09:32:41.250,3.315,9900
2020-09-08 09:32:41.270,3.315,10000
2020-09-08 09:32:41.350,3.315,179600
2020-09-08 09:32:41.350,3.315,5000
2020-09-08 09:32:41.350,3.315,2000
2020-09-08 09:32:41.350,3.315,1000
2020-09-08 09:32:41.350,3.315,112400
2020-09-08 09:32:41.520,3.315,3100
2020-09-08 09:32:41.690,3.315,8100
2020-09-08 09:32:41.690,3.315,800
2020-09-08 09:32:41.690,3.315,1000
2020-09-08 09:32:41.690,3.315,400
2020-09-08 09:32:42.630,3.315,100
2020-09-08 09:32:44.000,3.315,2500
2020-09-08 09:32:44.740,3.315,200
2020-09-08 09:32:45.220,3.315,1300
2020-09-08 09:32:45.220,3.315,3000
2020-09-08 09:32:45.220,3.315,7700
2020-09-08 09:32:45.390,3.315,900
2020-09-08 09:32:45.390,3.315,2000
2020-09-08 09:32:45.390,3.315,100
2020-09-08 09:32:45.600,3.315,300
2020-09-08 09:32:45.600,3.315,1900
2020-09-08 09:32:45.600,3.315,7800
2020-09-08 09:32:46.170,3.315,200
2020-09-08 09:32:46.310,3.315,3000
2020-09-08 09:32:46.540,3.314,1200
2020-09-08 09:32:46.540,3.314,800
2020-09-08 09:32:47.170,3.315,4000
2020-09-08 09:32:47.170,3.316,2000
2020-09-08 09:32:47.260,3.316,1000
2020-09-08 09:32:47.260,3.316,4000
2020-09-08 09:32:48.740,3.314,200
2020-09-08 09:32:48.740,3.314,2200
2020-09-08 09:32:50.320,3.315,1400
2020-09-08 09:32:50.600,3.315,10000
2020-09-08 09:32:51.570,3.314,43700
2020-09-08 09:32:52.340,3.314,4100
2020-09-08 09:32:52.340,3.314,2000
2020-09-08 09:32:52.340,3.314,5000
2020-09-08 09:32:52.340,3.314,17100
2020-09-08 09:32:52.340,3.314,3400
2020-09-08 09:32:52.610,3.314,200
2020-09-08 09:32:53.410,3.314,1400
2020-09-08 09:32:53.580,3.314,2100
2020-09-08 09:32:53.660,3.314,3500
2020-09-08 09:32:56.590,3.314,38000
2020-09-08 09:32:59.260,3.313,7300
2020-09-08 09:32:59.480,3.313,2000
2020-09-08 09:32:59.770,3.313,9400
2020-09-08 09:33:00.940,3.314,16500
2020-09-08 09:33:00.940,3.314,33500
2020-09-08 09:33:01.150,3.313,5000
2020-09-08 09:33:01.720,3.314,200
2020-09-08 09:33:02.310,3.313,100
2020-09-08 09:33:02.310,3.313,100
2020-09-08 09:33:02.310,3.313,100
2020-09-08 09:33:02.310,3.313,100
2020-09-08 09:33:02.310,3.313,100
2020-09-08 09:33:02.370,3.313,100
2020-09-08 09:33:02.370,3.313,100
2020-09-08 09:33:02.400,3.313,100
2020-09-08 09:33:02.400,3.313,100
2020-09-08 09:33:02.400,3.313,100
2020-09-08 09:33:02.400,3.313,100
2020-09-08 09:33:02.400,3.313,100
2020-09-08 09:33:02.400,3.313,100
2020-09-08 09:33:02.400,3.313,100
2020-09-08 09:33:02.400,3.313,100
2020-09-08 09:33:02.430,3.313,100
2020-09-08 09:33:02.430,3.313,100
2020-09-08 09:33:02.430,3.313,100
2020-09-08 09:33:02.430,3.313,100
2020-09-08 09:33:02.430,3.313,100
2020-09-08 09:33:02.430,3.313,100
2020-09-08 09:33:02.430,3.313,100
2020-09-08 09:33:02.470,3.313,100
2020-09-08 09:33:02.470,3.313,100
2020-09-08 09:33:02.470,3.313,100
2020-09-08 09:33:02.470,3.313,100
2020-09-08 09:33:02.520,3.313,100
2020-09-08 09:33:02.520,3.313,100
2020-09-08 09:33:02.630,3.313,100
2020-09-08 09:33:02.630,3.313,100
2020-09-08 09:33:02.630,3.313,100
2020-09-08 09:33:02.660,3.313,100
2020-09-08 09:33:02.660,3.313,100
2020-09-08 09:33:02.660,3.313,100
2020-09-08 09:33:02.660,3.313,100
2020-09-08 09:33:02.660,3.313,100
2020-09-08 09:33:02.660,3.313,100
2020-09-08 09:33:02.660,3.313,100
2020-09-08 09:33:02.660,3.313,100
2020-09-08 09:33:02.660,3.313,100
2020-09-08 09:33:02.690,3.313,100
2020-09-08 09:33:02.690,3.313,100
2020-09-08 09:33:02.690,3.313,100
2020-09-08 09:33:02.690,3.313,100
2020-09-08 09:33:02.690,3.313,100
2020-09-08 09:33:02.690,3.313,100
2020-09-08 09:33:02.720,3.313,100
2020-09-08 09:33:02.720,3.313,100
2020-09-08 09:33:02.720,3.313,100
2020-09-08 09:33:02.770,3.313,1000
2020-09-08 09:33:02.830,3.313,100
2020-09-08 09:33:02.880,3.313,100
2020-09-08 09:33:02.880,3.313,100
2020-09-08 09:33:02.880,3.313,100
2020-09-08 09:33:02.880,3.313,100
2020-09-08 09:33:02.880,3.313,100
2020-09-08 09:33:02.880,3.313,100
2020-09-08 09:33:02.880,3.313,100
2020-09-08 09:33:02.880,3.313,100
2020-09-08 09:33:02.910,3.313,100
2020-09-08 09:33:02.910,3.313,100
2020-09-08 09:33:02.910,3.313,100
2020-09-08 09:33:02.910,3.313,100
2020-09-08 09:33:02.910,3.313,100
2020-09-08 09:33:02.990,3.313,9900
2020-09-08 09:33:02.990,3.313,5000
2020-09-08 09:33:02.990,3.313,2000
2020-09-08 09:33:02.990,3.313,33100
2020-09-08 09:33:02.990,3.313,100
2020-09-08 09:33:02.990,3.313,100
2020-09-08 09:33:02.990,3.313,100
2020-09-08 09:33:02.990,3.313,100
2020-09-08 09:33:03.020,3.313,100
2020-09-08 09:33:03.020,3.313,100
2020-09-08 09:33:03.020,3.313,100
2020-09-08 09:33:03.080,3.313,100
2020-09-08 09:33:03.080,3.313,100
2020-09-08 09:33:03.080,3.313,100
2020-09-08 09:33:03.080,3.313,100
2020-09-08 09:33:03.080,3.313,100
2020-09-08 09:33:03.140,3.313,100
2020-09-08 09:33:03.140,3.313,100
2020-09-08 09:33:03.140,3.313,100
2020-09-08 09:33:03.140,3.313,100
2020-09-08 09:33:03.140,3.313,100
2020-09-08 09:33:03.170,3.313,100
2020-09-08 09:33:03.170,3.313,100
2020-09-08 09:33:03.170,3.313,100
2020-09-08 09:33:03.170,3.313,100
2020-09-08 09:33:03.170,3.313,100
2020-09-08 09:33:03.260,3.313,100
2020-09-08 09:33:03.260,3.313,100
2020-09-08 09:33:03.260,3.313,100
2020-09-08 09:33:03.310,3.314,38200
2020-09-08 09:33:03.310,3.314,900
2020-09-08 09:33:03.310,3.314,5000
2020-09-08 09:33:03.310,3.314,9000
2020-09-08 09:33:03.310,3.314,2000
2020-09-08 09:33:03.310,3.314,4000
2020-09-08 09:33:03.310,3.314,20000
2020-09-08 09:33:03.310,3.314,100
2020-09-08 09:33:03.310,3.314,100
2020-09-08 09:33:03.310,3.314,100
2020-09-08 09:33:03.310,3.314,100
2020-09-08 09:33:03.310,3.314,100
2020-09-08 09:33:03.310,3.314,100
2020-09-08 09:33:03.310,3.314,100
2020-09-08 09:33:03.310,3.314,100
2020-09-08 09:33:03.310,3.314,100
2020-09-08 09:33:03.310,3.314,100
2020-09-08 09:33:03.310,3.314,100
2020-09-08 09:33:03.370,3.314,100
2020-09-08 09:33:03.370,3.314,100
2020-09-08 09:33:03.370,3.314,100
2020-09-08 09:33:03.370,3.314,100
2020-09-08 09:33:03.370,3.314,100
2020-09-08 09:33:03.370,3.314,100
2020-09-08 09:33:03.370,3.314,100
2020-09-08 09:33:03.370,3.314,100
2020-09-08 09:33:03.370,3.314,100
2020-09-08 09:33:03.450,3.314,100
2020-09-08 09:33:03.450,3.314,100
2020-09-08 09:33:03.450,3.314,100
2020-09-08 09:33:03.450,3.314,100
2020-09-08 09:33:03.450,3.314,100
2020-09-08 09:33:03.450,3.314,100
2020-09-08 09:33:03.480,3.314,100
2020-09-08 09:33:03.480,3.314,100
2020-09-08 09:33:03.480,3.314,100
2020-09-08 09:33:03.480,3.314,100
2020-09-08 09:33:03.480,3.314,100
2020-09-08 09:33:03.480,3.314,100
2020-09-08 09:33:03.570,3.314,100
2020-09-08 09:33:03.570,3.314,100
2020-09-08 09:33:03.570,3.314,100
2020-09-08 09:33:03.570,3.314,100
2020-09-08 09:33:03.570,3.314,100
2020-09-08 09:33:03.570,3.314,100
2020-09-08 09:33:03.620,3.314,100
2020-09-08 09:33:03.620,3.314,100
2020-09-08 09:33:03.620,3.314,100
2020-09-08 09:33:03.620,3.314,100
2020-09-08 09:33:03.650,3.314,100
2020-09-08 09:33:03.650,3.314,100
2020-09-08 09:33:03.650,3.314,100
2020-09-08 09:33:03.650,3.314,100
2020-09-08 09:33:03.650,3.314,100
2020-09-08 09:33:03.650,3.314,100
2020-09-08 09:33:03.650,3.314,100
2020-09-08 09:33:03.720,3.314,100
2020-09-08 09:33:03.720,3.314,100
2020-09-08 09:33:03.720,3.314,100
2020-09-08 09:33:03.720,3.314,100
2020-09-08 09:33:03.720,3.314,100
2020-09-08 09:33:03.770,3.314,100
2020-09-08 09:33:03.830,3.314,100
2020-09-08 09:33:03.830,3.314,15300
2020-09-08 09:33:03.910,3.313,100
2020-09-08 09:33:03.960,3.313,100
2020-09-08 09:33:03.960,3.313,100
2020-09-08 09:33:03.960,3.313,100
2020-09-08 09:33:03.960,3.313,100
2020-09-08 09:33:03.960,3.313,100
2020-09-08 09:33:03.960,3.313,100
2020-09-08 09:33:04.020,3.313,100
2020-09-08 09:33:04.020,3.313,100
2020-09-08 09:33:04.020,3.313,100
2020-09-08 09:33:04.020,3.313,100
2020-09-08 09:33:04.020,3.313,100
2020-09-08 09:33:04.070,3.313,100
2020-09-08 09:33:04.070,3.313,100
2020-09-08 09:33:04.070,3.313,100
2020-09-08 09:33:04.070,3.313,100
2020-09-08 09:33:04.130,3.313,100
2020-09-08 09:33:04.130,3.313,100
2020-09-08 09:33:04.130,3.313,100
2020-09-08 09:33:04.130,3.313,100
2020-09-08 09:33:04.130,3.313,100
2020-09-08 09:33:04.160,3.313,100
2020-09-08 09:33:04.160,3.313,100
2020-09-08 09:33:04.160,3.313,100
2020-09-08 09:33:04.160,3.313,100
2020-09-08 09:33:04.160,3.313,100
2020-09-08 09:33:04.160,3.313,100
2020-09-08 09:33:04.230,3.313,100
2020-09-08 09:33:04.230,3.313,100
2020-09-08 09:33:04.230,3.313,100
2020-09-08 09:33:04.230,3.313,100
2020-09-08 09:33:04.260,3.313,100
2020-09-08 09:33:04.260,3.313,100
2020-09-08 09:33:04.320,3.313,100
2020-09-08 09:33:04.320,3.313,100
2020-09-08 09:33:04.320,3.313,100
2020-09-08 09:33:04.320,3.313,100
2020-09-08 09:33:04.320,3.313,100
2020-09-08 09:33:04.430,3.313,100
2020-09-08 09:33:04.430,3.313,100
2020-09-08 09:33:04.430,3.313,100
2020-09-08 09:33:04.430,3.313,100
2020-09-08 09:33:04.430,3.313,100
2020-09-08 09:33:04.430,3.313,100
2020-09-08 09:33:04.430,3.313,100
2020-09-08 09:33:04.460,3.313,100
2020-09-08 09:33:04.460,3.313,100
2020-09-08 09:33:04.460,3.313,100
2020-09-08 09:33:04.460,3.313,100
2020-09-08 09:33:04.600,3.313,100
2020-09-08 09:33:04.600,3.313,100
2020-09-08 09:33:04.600,3.313,10000
2020-09-08 09:33:04.600,3.313,100
2020-09-08 09:33:04.600,3.313,100
2020-09-08 09:33:04.600,3.313,100
2020-09-08 09:33:04.630,3.313,100
2020-09-08 09:33:04.660,3.313,100
2020-09-08 09:33:05.200,3.313,98200
2020-09-08 09:33:05.260,3.314,2000
2020-09-08 09:33:05.910,3.313,20100
2020-09-08 09:33:06.240,3.313,400
2020-09-08 09:33:07.780,3.313,800
2020-09-08 09:33:07.890,3.314,2700
2020-09-08 09:33:07.890,3.314,10000
2020-09-08 09:33:07.890,3.314,7300
2020-09-08 09:33:07.950,3.313,1300
2020-09-08 09:33:08.120,3.313,300
2020-09-08 09:33:09.130,3.313,100000
2020-09-08 09:33:09.190,3.313,5000
2020-09-08 09:33:09.370,3.313,2000
2020-09-08 09:33:09.510,3.313,100
2020-09-08 09:33:09.510,3.313,220600
2020-09-08 09:33:09.510,3.313,12700
2020-09-08 09:33:11.500,3.314,2700
2020-09-08 09:33:11.500,3.314,2300
2020-09-08 09:33:11.760,3.313,9000
2020-09-08 09:33:12.820,3.313,2000
2020-09-08 09:33:13.440,3.313,1500
2020-09-08 09:33:13.530,3.314,1400
2020-09-08 09:33:14.450,3.313,200
2020-09-08 09:33:14.470,3.313,29400
2020-09-08 09:33:15.230,3.313,10000
2020-09-08 09:33:16.140,3.313,14300
2020-09-08 09:33:16.430,3.314,3000
2020-09-08 09:33:16.510,3.314,1400
2020-09-08 09:33:16.540,3.314,3600
2020-09-08 09:33:16.970,3.313,3300
2020-09-08 09:33:17.400,3.313,1100
2020-09-08 09:33:17.630,3.314,100
2020-09-08 09:33:17.720,3.314,700
2020-09-08 09:33:19.710,3.313,40000
2020-09-08 09:33:19.780,3.313,100
2020-09-08 09:33:19.920,3.314,500
2020-09-08 09:33:20.710,3.313,200
2020-09-08 09:33:21.660,3.313,376200
2020-09-08 09:33:21.660,3.313,10000
2020-09-08 09:33:21.660,3.313,200
2020-09-08 09:33:21.660,3.313,3000
2020-09-08 09:33:21.660,3.313,200
2020-09-08 09:33:21.660,3.313,500
2020-09-08 09:33:21.660,3.313,600
2020-09-08 09:33:21.660,3.313,200000
2020-09-08 09:33:21.800,3.313,100
2020-09-08 09:33:22.140,3.313,6000
2020-09-08 09:33:24.030,3.312,3700
2020-09-08 09:33:24.310,3.313,10000
2020-09-08 09:33:24.390,3.313,300
2020-09-08 09:33:24.780,3.313,5000
2020-09-08 09:33:24.810,3.313,7600
2020-09-08 09:33:24.840,3.313,1300
2020-09-08 09:33:25.040,3.313,3100
2020-09-08 09:33:25.210,3.313,127200
2020-09-08 09:33:25.830,3.313,90800
2020-09-08 09:33:26.220,3.313,157900
2020-09-08 09:33:26.220,3.313,9000
2020-09-08 09:33:27.940,3.312,7500
2020-09-08 09:33:28.620,3.313,300
2020-09-08 09:33:29.020,3.312,500
2020-09-08 09:33:29.470,3.312,100
2020-09-08 09:33:29.950,3.313,12500
2020-09-08 09:33:30.260,3.313,1000
2020-09-08 09:33:31.510,3.312,38849
2020-09-08 09:33:31.510,3.312,500
2020-09-08 09:33:31.510,3.312,651
2020-09-08 09:33:31.850,3.312,600
2020-09-08 09:33:32.620,3.312,100
2020-09-08 09:33:32.970,3.312,3649
2020-09-08 09:33:32.970,3.312,2000
2020-09-08 09:33:32.970,3.312,24551
2020-09-08 09:33:34.200,3.312,1000
2020-09-08 09:33:34.580,3.312,14449
2020-09-08 09:33:34.580,3.312,300
2020-09-08 09:33:34.580,3.312,251
2020-09-08 09:33:34.870,3.313,100
2020-09-08 09:33:35.070,3.312,1749
2020-09-08 09:33:35.070,3.312,1351
2020-09-08 09:33:36.380,3.312,6649
2020-09-08 09:33:36.380,3.312,200
2020-09-08 09:33:36.380,3.312,3000
2020-09-08 09:33:36.380,3.312,20151
2020-09-08 09:33:36.550,3.313,700
2020-09-08 09:33:36.690,3.312,19849
2020-09-08 09:33:36.690,3.312,4800
2020-09-08 09:33:38.320,3.312,16900
2020-09-08 09:33:38.460,3.312,400
2020-09-08 09:33:39.400,3.312,10351
2020-09-08 09:33:39.400,3.312,9649
2020-09-08 09:33:41.270,3.312,4000
2020-09-08 09:33:41.510,3.312,5000
2020-09-08 09:33:43.470,3.312,651
2020-09-08 09:33:43.470,3.312,2349
2020-09-08 09:33:43.900,3.311,1500
2020-09-08 09:33:44.010,3.312,651
2020-09-08 09:33:44.010,3.312,1049
2020-09-08 09:33:44.200,3.312,100
2020-09-08 09:33:44.880,3.312,1851
2020-09-08 09:33:44.880,3.312,500
2020-09-08 09:33:44.880,3.312,800
2020-09-08 09:33:44.880,3.312,1849
2020-09-08 09:33:46.270,3.312,1151
2020-09-08 09:33:46.440,3.312,1000
2020-09-08 09:33:47.870,3.312,300
2020-09-08 09:33:48.180,3.312,1000
2020-09-08 09:33:48.180,3.312,10000
2020-09-08 09:33:49.460,3.313,1700
2020-09-08 09:33:49.460,3.313,600
2020-09-08 09:33:49.460,3.313,500
2020-09-08 09:33:49.460,3.313,1000
2020-09-08 09:33:49.460,3.313,11300
2020-09-08 09:33:49.460,3.313,20000
2020-09-08 09:33:49.460,3.313,100000
2020-09-08 09:33:49.460,3.313,1000
2020-09-08 09:33:49.460,3.313,7100
2020-09-08 09:33:49.460,3.313,1000
2020-09-08 09:33:49.460,3.313,155800
2020-09-08 09:33:50.190,3.313,1000
2020-09-08 09:33:50.860,3.312,100
2020-09-08 09:33:53.760,3.312,2600
2020-09-08 09:33:54.410,3.311,300
2020-09-08 09:33:54.410,3.311,1700
2020-09-08 09:33:54.410,3.311,1400
2020-09-08 09:33:54.450,3.312,300
2020-09-08 09:33:54.500,3.312,100
2020-09-08 09:33:54.850,3.312,100
2020-09-08 09:33:55.610,3.312,90700
2020-09-08 09:33:55.610,3.312,10000
2020-09-08 09:33:55.610,3.312,10000
2020-09-08 09:33:56.090,3.313,5000
2020-09-08 09:33:56.290,3.312,89300
2020-09-08 09:33:56.290,3.311,48600
2020-09-08 09:33:56.290,3.311,100
2020-09-08 09:33:56.290,3.311,90000
2020-09-08 09:33:56.290,3.311,600
2020-09-08 09:33:56.290,3.311,10000
2020-09-08 09:33:56.290,3.311,10000
2020-09-08 09:33:56.290,3.311,500
2020-09-08 09:33:56.290,3.311,40000
2020-09-08 09:33:56.290,3.31,100
2020-09-08 09:33:56.290,3.31,6000
2020-09-08 09:33:56.290,3.31,10000
2020-09-08 09:33:56.290,3.31,2000
2020-09-08 09:33:56.290,3.31,300
2020-09-08 09:33:56.290,3.31,2000
2020-09-08 09:33:56.290,3.31,1000
2020-09-08 09:33:56.290,3.31,10000
2020-09-08 09:33:56.290,3.31,10000
2020-09-08 09:33:56.290,3.31,2000
2020-09-08 09:33:56.290,3.31,1000
2020-09-08 09:33:56.290,3.31,30000
2020-09-08 09:33:56.290,3.31,10000
2020-09-08 09:33:56.290,3.31,5000
2020-09-08 09:33:56.290,3.31,2000
2020-09-08 09:33:56.290,3.31,5000
2020-09-08 09:33:56.290,3.31,2000
2020-09-08 09:33:56.290,3.31,1100
2020-09-08 09:33:56.290,3.31,10000
2020-09-08 09:33:56.290,3.31,300
2020-09-08 09:33:56.290,3.31,93000
2020-09-08 09:33:56.290,3.309,400
2020-09-08 09:33:56.290,3.309,1500
2020-09-08 09:33:56.290,3.309,2000
2020-09-08 09:33:56.290,3.309,6000
2020-09-08 09:33:56.290,3.309,800
2020-09-08 09:33:56.290,3.309,100
2020-09-08 09:33:56.290,3.309,300
2020-09-08 09:33:56.290,3.309,10000
2020-09-08 09:33:56.290,3.309,93000
2020-09-08 09:33:56.290,3.308,2200
2020-09-08 09:33:56.290,3.308,3000
2020-09-08 09:33:56.290,3.308,6000
2020-09-08 09:33:56.290,3.308,2000
2020-09-08 09:33:56.290,3.308,300000
2020-09-08 09:33:56.310,3.308,79400
2020-09-08 09:33:56.580,3.308,1400
2020-09-08 09:33:56.820,3.312,17600
2020-09-08 09:33:57.200,3.311,40000
2020-09-08 09:33:57.690,3.311,2000
2020-09-08 09:33:57.740,3.311,100
2020-09-08 09:33:58.300,3.311,1000
2020-09-08 09:33:59.500,3.311,100
2020-09-08 09:33:59.540,3.311,1500
2020-09-08 09:34:00.000,3.311,14300
2020-09-08 09:34:00.640,3.311,4400
2020-09-08 09:34:02.230,3.31,3000
2020-09-08 09:34:02.230,3.31,35100
2020-09-08 09:34:02.230,3.31,1000
2020-09-08 09:34:04.570,3.311,100
2020-09-08 09:34:05.610,3.31,2900
2020-09-08 09:34:06.990,3.311,11900
2020-09-08 09:34:06.990,3.311,46200
2020-09-08 09:34:06.990,3.311,6000
2020-09-08 09:34:06.990,3.311,10000
2020-09-08 09:34:06.990,3.312,93000
2020-09-08 09:34:06.990,3.312,20000
2020-09-08 09:34:06.990,3.312,4000
2020-09-08 09:34:06.990,3.312,3000
2020-09-08 09:34:06.990,3.312,9000
2020-09-08 09:34:06.990,3.312,2000
2020-09-08 09:34:06.990,3.312,5000
2020-09-08 09:34:06.990,3.312,15000
2020-09-08 09:34:06.990,3.312,1000
2020-09-08 09:34:06.990,3.312,1500
2020-09-08 09:34:06.990,3.313,72400
2020-09-08 09:34:07.050,3.313,1000
2020-09-08 09:34:08.350,3.311,1000
2020-09-08 09:34:12.280,3.312,1300
2020-09-08 09:34:13.200,3.312,20000
2020-09-08 09:34:14.390,3.312,50300
2020-09-08 09:34:14.720,3.313,54600
2020-09-08 09:34:14.970,3.313,7500
2020-09-08 09:34:15.530,3.313,8500
2020-09-08 09:34:15.590,3.313,500
2020-09-08 09:34:15.960,3.313,71000
2020-09-08 09:34:16.280,3.313,2000
2020-09-08 09:34:17.040,3.313,280700
2020-09-08 09:34:17.040,3.313,3200
2020-09-08 09:34:17.690,3.313,100
2020-09-08 09:34:18.260,3.314,7000
2020-09-08 09:34:18.260,3.314,2000
2020-09-08 09:34:18.260,3.314,1300
2020-09-08 09:34:18.260,3.314,1000
2020-09-08 09:34:18.260,3.314,10000
2020-09-08 09:34:18.260,3.314,10000
2020-09-08 09:34:18.260,3.314,100
2020-09-08 09:34:18.260,3.314,2600
2020-09-08 09:34:18.260,3.314,1200
2020-09-08 09:34:18.260,3.314,10000
2020-09-08 09:34:18.340,3.314,3000
2020-09-08 09:34:18.420,3.314,57200
2020-09-08 09:34:18.900,3.314,2000
2020-09-08 09:34:21.940,3.314,2000
2020-09-08 09:34:22.410,3.314,90000
2020-09-08 09:34:22.720,3.314,11000
2020-09-08 09:34:22.790,3.315,8600
2020-09-08 09:34:22.790,3.315,15000
2020-09-08 09:34:22.790,3.315,10000
2020-09-08 09:34:22.790,3.315,600
2020-09-08 09:34:22.790,3.315,10000
2020-09-08 09:34:22.790,3.315,20000
2020-09-08 09:34:22.790,3.315,400
2020-09-08 09:34:22.790,3.315,1000
2020-09-08 09:34:22.790,3.315,10000
2020-09-08 09:34:22.790,3.315,300
2020-09-08 09:34:22.790,3.315,22000
2020-09-08 09:34:23.500,3.315,2500
2020-09-08 09:34:24.730,3.315,199600
2020-09-08 09:34:24.730,3.315,700
2020-09-08 09:34:24.730,3.314,15300
2020-09-08 09:34:27.190,3.315,100
2020-09-08 09:34:27.770,3.315,800
2020-09-08 09:34:28.120,3.316,110100
2020-09-08 09:34:28.120,3.316,3400
2020-09-08 09:34:28.120,3.316,1000
2020-09-08 09:34:28.120,3.316,40000
2020-09-08 09:34:28.120,3.316,3500
2020-09-08 09:34:28.120,3.316,4000
2020-09-08 09:34:28.120,3.316,3000
2020-09-08 09:34:28.120,3.316,13000
2020-09-08 09:34:28.120,3.316,100
2020-09-08 09:34:28.120,3.316,100
2020-09-08 09:34:28.120,3.316,50000
2020-09-08 09:34:29.630,3.316,14000
2020-09-08 09:34:30.990,3.316,20000
2020-09-08 09:34:31.500,3.316,1600
2020-09-08 09:34:32.990,3.317,1500
2020-09-08 09:34:35.060,3.316,1900
2020-09-08 09:34:35.110,3.317,11300
2020-09-08 09:34:35.790,3.317,24300
2020-09-08 09:34:35.790,3.317,3400
2020-09-08 09:34:35.790,3.317,400
2020-09-08 09:34:35.790,3.317,2900
2020-09-08 09:34:35.790,3.317,1000
2020-09-08 09:34:35.790,3.317,1500
2020-09-08 09:34:35.790,3.317,40800
2020-09-08 09:34:35.870,3.317,3000
2020-09-08 09:34:37.120,3.317,124900
2020-09-08 09:34:37.120,3.317,140600
2020-09-08 09:34:37.120,3.317,6200
2020-09-08 09:34:37.120,3.317,10000
2020-09-08 09:34:37.120,3.317,1700
2020-09-08 09:34:38.630,3.317,16600
2020-09-08 09:34:38.630,3.317,7100
2020-09-08 09:34:39.690,3.317,10000
2020-09-08 09:34:39.900,3.317,4500
2020-09-08 09:34:40.450,3.317,5000
2020-09-08 09:34:41.440,3.317,5900
2020-09-08 09:34:42.550,3.318,86600
2020-09-08 09:34:42.550,3.318,29600
2020-09-08 09:34:42.950,3.318,400
2020-09-08 09:34:42.950,3.318,1700
2020-09-08 09:34:42.950,3.318,5000
2020-09-08 09:34:42.950,3.318,3000
2020-09-08 09:34:42.950,3.318,15100
2020-09-08 09:34:42.950,3.318,10000
2020-09-08 09:34:42.950,3.318,5000
2020-09-08 09:34:42.950,3.318,9000
2020-09-08 09:34:42.950,3.318,4000
2020-09-08 09:34:42.950,3.318,35300
2020-09-08 09:34:42.950,3.318,50000
2020-09-08 09:34:42.950,3.318,61500
2020-09-08 09:34:43.510,3.318,55700
2020-09-08 09:34:43.510,3.318,500
2020-09-08 09:34:43.510,3.318,20000
2020-09-08 09:34:43.510,3.318,300
2020-09-08 09:34:43.510,3.318,20000
2020-09-08 09:34:43.510,3.318,10000
2020-09-08 09:34:43.510,3.318,21200
2020-09-08 09:34:43.510,3.318,3000
2020-09-08 09:34:43.510,3.318,10000
2020-09-08 09:34:43.510,3.318,1000
2020-09-08 09:34:43.510,3.318,6000
2020-09-08 09:34:43.510,3.318,3000
2020-09-08 09:34:43.510,3.318,100
2020-09-08 09:34:46.310,3.319,60300
2020-09-08 09:34:46.370,3.319,300000
2020-09-08 09:34:46.670,3.319,16000
2020-09-08 09:34:47.490,3.319,100
2020-09-08 09:34:47.750,3.318,7900
2020-09-08 09:34:47.950,3.318,700
2020-09-08 09:34:48.460,3.319,451200
2020-09-08 09:34:48.460,3.319,3000
2020-09-08 09:34:48.460,3.319,169400
2020-09-08 09:34:48.460,3.319,36400
2020-09-08 09:34:48.510,3.319,33600
2020-09-08 09:34:48.510,3.319,3500
2020-09-08 09:34:48.510,3.319,3000
2020-09-08 09:34:48.510,3.319,5000
2020-09-08 09:34:48.510,3.319,30000
2020-09-08 09:34:48.510,3.319,11000
2020-09-08 09:34:48.510,3.319,3900
2020-09-08 09:34:48.540,3.319,5700
2020-09-08 09:34:48.540,3.319,294300
2020-09-08 09:34:48.720,3.319,5700
2020-09-08 09:34:48.720,3.319,10000
2020-09-08 09:34:48.720,3.319,1000
2020-09-08 09:34:48.720,3.319,6000
2020-09-08 09:34:50.190,3.319,2600
2020-09-08 09:34:51.210,3.32,4600
2020-09-08 09:34:51.210,3.32,300
2020-09-08 09:34:51.210,3.32,1000
2020-09-08 09:34:51.210,3.32,300
2020-09-08 09:34:51.240,3.319,83200
2020-09-08 09:34:51.570,3.319,100
2020-09-08 09:34:52.970,3.319,400
2020-09-08 09:34:53.080,3.319,10000
2020-09-08 09:34:54.700,3.32,700
2020-09-08 09:34:54.920,3.32,9000
2020-09-08 09:34:54.920,3.32,3000
2020-09-08 09:34:54.920,3.32,200
2020-09-08 09:34:54.920,3.32,5000
2020-09-08 09:34:54.920,3.32,300
2020-09-08 09:34:54.920,3.32,15000
2020-09-08 09:34:54.920,3.32,300
2020-09-08 09:34:54.920,3.32,10000
2020-09-08 09:34:54.920,3.32,10000
2020-09-08 09:34:54.920,3.32,11400
2020-09-08 09:34:56.370,3.32,8600
2020-09-08 09:34:56.370,3.32,118200
2020-09-08 09:34:56.370,3.32,200
2020-09-08 09:34:56.370,3.32,1000
2020-09-08 09:34:56.370,3.32,6600
2020-09-08 09:34:56.370,3.32,30000
2020-09-08 09:34:56.370,3.32,1000
2020-09-08 09:34:56.370,3.32,1000
2020-09-08 09:34:56.370,3.32,33400
2020-09-08 09:34:56.540,3.32,3000
2020-09-08 09:34:57.330,3.319,11000
2020-09-08 09:34:57.330,3.319,200
2020-09-08 09:34:57.330,3.319,17500
2020-09-08 09:34:57.380,3.32,1000
2020-09-08 09:34:57.460,3.32,5000
2020-09-08 09:34:57.870,3.319,6000
2020-09-08 09:34:57.990,3.319,500
2020-09-08 09:34:58.380,3.319,10000
2020-09-08 09:34:59.250,3.319,5500
2020-09-08 09:35:01.200,3.32,5500
2020-09-08 09:35:01.420,3.32,90000
2020-09-08 09:35:02.200,3.32,3600
2020-09-08 09:35:02.410,3.32,1100
2020-09-08 09:35:03.110,3.319,10000
2020-09-08 09:35:03.200,3.32,4000
2020-09-08 09:35:03.590,3.319,70000
2020-09-08 09:35:04.260,3.319,4000
2020-09-08 09:35:04.530,3.32,3400
2020-09-08 09:35:04.530,3.32,1000
2020-09-08 09:35:04.530,3.32,3000
2020-09-08 09:35:04.530,3.32,5500
2020-09-08 09:35:04.530,3.32,1300
2020-09-08 09:35:04.530,3.32,10000
2020-09-08 09:35:04.530,3.32,6000
2020-09-08 09:35:04.530,3.32,3000
2020-09-08 09:35:04.530,3.32,3700
2020-09-08 09:35:04.530,3.32,1000
2020-09-08 09:35:04.530,3.32,1400
2020-09-08 09:35:04.530,3.32,10000
2020-09-08 09:35:04.530,3.32,150700
2020-09-08 09:35:05.020,3.32,1200
2020-09-08 09:35:05.190,3.319,4300
2020-09-08 09:35:05.740,3.319,5800
2020-09-08 09:35:05.880,3.319,30500
2020-09-08 09:35:06.180,3.319,4900
2020-09-08 09:35:06.420,3.32,6000
2020-09-08 09:35:06.670,3.319,5000
2020-09-08 09:35:08.170,3.319,100
2020-09-08 09:35:09.460,3.319,4000
2020-09-08 09:35:10.400,3.319,5000
2020-09-08 09:35:10.740,3.319,3800
2020-09-08 09:35:10.820,3.32,300
2020-09-08 09:35:11.250,3.319,13100
2020-09-08 09:35:11.250,3.319,100
2020-09-08 09:35:11.250,3.319,500
2020-09-08 09:35:11.250,3.319,500
2020-09-08 09:35:11.250,3.319,300
2020-09-08 09:35:11.250,3.319,3000
2020-09-08 09:35:11.250,3.319,2500
2020-09-08 09:35:11.360,3.32,10800
2020-09-08 09:35:13.300,3.32,5000
2020-09-08 09:35:13.600,3.319,27500
2020-09-08 09:35:13.600,3.319,1000
2020-09-08 09:35:13.600,3.319,2000
2020-09-08 09:35:13.630,3.319,7200
2020-09-08 09:35:14.200,3.32,100000
2020-09-08 09:35:14.760,3.32,100
2020-09-08 09:35:15.430,3.319,30000
2020-09-08 09:35:16.960,3.319,5000
2020-09-08 09:35:17.140,3.32,25900
2020-09-08 09:35:17.140,3.32,3500
2020-09-08 09:35:17.140,3.32,2000
2020-09-08 09:35:17.140,3.32,600
2020-09-08 09:35:17.140,3.32,500
2020-09-08 09:35:17.140,3.32,1000
2020-09-08 09:35:17.140,3.32,60000
2020-09-08 09:35:17.140,3.32,2000
2020-09-08 09:35:17.140,3.32,300
2020-09-08 09:35:17.140,3.32,20000
2020-09-08 09:35:17.140,3.32,20200
2020-09-08 09:35:17.140,3.32,50000
2020-09-08 09:35:17.140,3.32,4400
2020-09-08 09:35:17.140,3.32,9200
2020-09-08 09:35:17.140,3.32,300
2020-09-08 09:35:17.140,3.32,1000
2020-09-08 09:35:17.140,3.32,5000
2020-09-08 09:35:17.140,3.32,15900
2020-09-08 09:35:17.140,3.32,78200
2020-09-08 09:35:18.270,3.319,2500
2020-09-08 09:35:18.440,3.32,100
2020-09-08 09:35:18.440,3.32,10000
2020-09-08 09:35:18.600,3.319,500
2020-09-08 09:35:18.970,3.319,200
2020-09-08 09:35:19.010,3.319,300
2020-09-08 09:35:19.270,3.319,93800
2020-09-08 09:35:19.270,3.319,52900
2020-09-08 09:35:19.850,3.319,10000
2020-09-08 09:35:19.910,3.32,1500
2020-09-08 09:35:20.150,3.32,200
2020-09-08 09:35:22.140,3.32,260000
2020-09-08 09:35:22.140,3.32,3700
2020-09-08 09:35:22.140,3.32,800
2020-09-08 09:35:22.140,3.32,5100
2020-09-08 09:35:22.140,3.32,400
2020-09-08 09:35:22.240,3.32,100
2020-09-08 09:35:22.240,3.32,5000
2020-09-08 09:35:22.240,3.32,10000
2020-09-08 09:35:22.240,3.32,400
2020-09-08 09:35:22.240,3.32,100000
2020-09-08 09:35:22.240,3.32,3100
2020-09-08 09:35:22.240,3.32,3100
2020-09-08 09:35:22.240,3.32,4000
2020-09-08 09:35:22.600,3.32,70700
2020-09-08 09:35:22.860,3.32,200
2020-09-08 09:35:22.950,3.32,15200
2020-09-08 09:35:23.020,3.32,1700
2020-09-08 09:35:23.760,3.32,4000
2020-09-08 09:35:23.970,3.32,2000
2020-09-08 09:35:24.280,3.32,4500
2020-09-08 09:35:25.380,3.32,5900
2020-09-08 09:35:25.810,3.321,1000
2020-09-08 09:35:25.810,3.321,4000
2020-09-08 09:35:25.810,3.321,1000
2020-09-08 09:35:25.810,3.321,6000
2020-09-08 09:35:25.810,3.321,20000
2020-09-08 09:35:25.810,3.321,3100
2020-09-08 09:35:25.810,3.321,15100
2020-09-08 09:35:25.810,3.321,249800
2020-09-08 09:35:26.020,3.321,50200
2020-09-08 09:35:26.020,3.321,100
2020-09-08 09:35:26.020,3.321,5400
2020-09-08 09:35:27.020,3.321,3200
2020-09-08 09:35:27.140,3.321,10000
2020-09-08 09:35:27.770,3.321,10000
2020-09-08 09:35:28.000,3.321,5000
2020-09-08 09:35:28.000,3.321,1000
2020-09-08 09:35:28.050,3.322,600
2020-09-08 09:35:29.260,3.321,1000
2020-09-08 09:35:30.200,3.321,127200
2020-09-08 09:35:30.890,3.321,10000
2020-09-08 09:35:31.780,3.321,200
2020-09-08 09:35:31.970,3.321,900
2020-09-08 09:35:32.030,3.321,30000
2020-09-08 09:35:32.080,3.322,9400
2020-09-08 09:35:32.080,3.322,1000
2020-09-08 09:35:32.080,3.322,6000
2020-09-08 09:35:32.080,3.322,15000
2020-09-08 09:35:32.080,3.322,6000
2020-09-08 09:35:32.080,3.322,200
2020-09-08 09:35:32.080,3.322,1000
2020-09-08 09:35:32.080,3.322,10400
2020-09-08 09:35:32.080,3.322,500
2020-09-08 09:35:32.080,3.322,13200
2020-09-08 09:35:32.080,3.322,300
2020-09-08 09:35:32.170,3.322,1200
2020-09-08 09:35:32.370,3.322,500
2020-09-08 09:35:34.240,3.322,25300
2020-09-08 09:35:34.360,3.321,2400
2020-09-08 09:35:35.800,3.321,10000
2020-09-08 09:35:36.390,3.322,3200
2020-09-08 09:35:36.630,3.321,10000
2020-09-08 09:35:38.900,3.322,1500
2020-09-08 09:35:38.900,3.322,1000
2020-09-08 09:35:38.900,3.322,9600
2020-09-08 09:35:38.900,3.322,13500
2020-09-08 09:35:39.060,3.322,500
2020-09-08 09:35:39.110,3.321,2900
2020-09-08 09:35:39.380,3.321,20000
2020-09-08 09:35:39.820,3.321,50500
2020-09-08 09:35:39.820,3.321,100
2020-09-08 09:35:39.820,3.321,2900
2020-09-08 09:35:39.820,3.321,90000
2020-09-08 09:35:39.820,3.321,2200
2020-09-08 09:35:39.820,3.321,12700
2020-09-08 09:35:39.820,3.321,10000
2020-09-08 09:35:39.820,3.321,3000
2020-09-08 09:35:40.780,3.32,63100
2020-09-08 09:35:40.780,3.32,900
2020-09-08 09:35:40.780,3.32,2000
2020-09-08 09:35:40.780,3.32,200
2020-09-08 09:35:40.780,3.32,24100
2020-09-08 09:35:40.780,3.32,1000
2020-09-08 09:35:40.780,3.32,300
2020-09-08 09:35:40.780,3.32,200
2020-09-08 09:35:41.390,3.321,500
2020-09-08 09:35:42.110,3.321,100
2020-09-08 09:35:42.660,3.321,10000
2020-09-08 09:35:43.740,3.319,900
2020-09-08 09:35:43.740,3.319,600
2020-09-08 09:35:43.740,3.319,1500
2020-09-08 09:35:46.080,3.32,200
2020-09-08 09:35:48.170,3.319,500
2020-09-08 09:35:48.170,3.319,1000
2020-09-08 09:35:48.530,3.32,30000
2020-09-08 09:35:51.230,3.32,100
2020-09-08 09:35:52.540,3.32,87000
2020-09-08 09:35:53.200,3.319,139000
2020-09-08 09:35:53.200,3.319,300
2020-09-08 09:35:53.200,3.319,400
2020-09-08 09:35:54.670,3.319,60300
2020-09-08 09:35:54.670,3.319,10000
2020-09-08 09:35:54.670,3.319,6000
2020-09-08 09:35:55.200,3.319,10300
2020-09-08 09:35:55.640,3.319,30000
2020-09-08 09:35:58.320,3.319,20000
2020-09-08 09:35:58.840,3.32,10000
2020-09-08 09:35:59.060,3.319,9000
2020-09-08 09:35:59.610,3.319,14900
2020-09-08 09:35:59.660,3.32,3800
2020-09-08 09:35:59.780,3.319,5000
2020-09-08 09:36:00.860,3.319,200000
2020-09-08 09:36:01.310,3.319,134500
2020-09-08 09:36:01.310,3.319,6400
2020-09-08 09:36:03.920,3.319,300
2020-09-08 09:36:04.910,3.318,2000
2020-09-08 09:36:04.910,3.318,3100
2020-09-08 09:36:04.910,3.318,1300
2020-09-08 09:36:04.910,3.318,17600
2020-09-08 09:36:04.910,3.318,100
2020-09-08 09:36:04.910,3.318,2000
2020-09-08 09:36:06.070,3.317,5000
2020-09-08 09:36:06.070,3.317,5000
2020-09-08 09:36:06.070,3.317,20000
2020-09-08 09:36:06.240,3.319,1000
2020-09-08 09:36:06.450,3.319,400
2020-09-08 09:36:07.940,3.317,58000
2020-09-08 09:36:07.940,3.317,8800
2020-09-08 09:36:07.940,3.317,10000
2020-09-08 09:36:07.940,3.317,15000
2020-09-08 09:36:08.050,3.317,100
2020-09-08 09:36:09.270,3.317,600
2020-09-08 09:36:11.650,3.317,3400
2020-09-08 09:36:12.130,3.317,5000
2020-09-08 09:36:12.690,3.316,100
2020-09-08 09:36:15.130,3.317,100
2020-09-08 09:36:16.970,3.316,9100
2020-09-08 09:36:18.150,3.316,100
2020-09-08 09:36:18.860,3.316,200
2020-09-08 09:36:18.860,3.316,1000
2020-09-08 09:36:18.860,3.316,300
2020-09-08 09:36:19.430,3.316,4700
2020-09-08 09:36:19.430,3.316,500
2020-09-08 09:36:19.430,3.316,100
2020-09-08 09:36:19.430,3.316,10000
2020-09-08 09:36:19.430,3.316,30000
2020-09-08 09:36:19.430,3.316,15000
2020-09-08 09:36:21.570,3.316,10000
2020-09-08 09:36:21.750,3.316,100
2020-09-08 09:36:22.690,3.316,12600
2020-09-08 09:36:24.830,3.315,10000
2020-09-08 09:36:24.830,3.315,1000
2020-09-08 09:36:24.830,3.315,1000
2020-09-08 09:36:24.830,3.315,200
2020-09-08 09:36:24.830,3.315,500
2020-09-08 09:36:24.830,3.315,200
2020-09-08 09:36:24.830,3.315,100
2020-09-08 09:36:24.830,3.315,10000
2020-09-08 09:36:24.900,3.315,60400
2020-09-08 09:36:26.670,3.315,4600
2020-09-08 09:36:29.810,3.314,10000
2020-09-08 09:36:29.810,3.314,100000
2020-09-08 09:36:30.040,3.314,300000
2020-09-08 09:36:30.100,3.314,90000
2020-09-08 09:36:30.100,3.314,19300
2020-09-08 09:36:30.100,3.315,412000
2020-09-08 09:36:30.100,3.315,3000
2020-09-08 09:36:30.100,3.315,10000
2020-09-08 09:36:33.070,3.316,200
2020-09-08 09:36:33.910,3.316,5000
2020-09-08 09:36:34.270,3.315,7600
2020-09-08 09:36:35.090,3.315,30000
2020-09-08 09:36:35.320,3.315,28100
2020-09-08 09:36:35.320,3.315,300000
2020-09-08 09:36:35.320,3.315,1000
2020-09-08 09:36:35.370,3.314,2000
2020-09-08 09:36:35.370,3.314,298000
2020-09-08 09:36:35.620,3.314,2000
2020-09-08 09:36:35.620,3.314,4300
2020-09-08 09:36:36.220,3.314,3800
2020-09-08 09:36:36.570,3.315,100
2020-09-08 09:36:37.530,3.314,10000
2020-09-08 09:36:38.350,3.315,5000
2020-09-08 09:36:41.470,3.314,18600
2020-09-08 09:36:41.910,3.315,7000
2020-09-08 09:36:46.780,3.314,10000
2020-09-08 09:36:46.780,3.314,7000
2020-09-08 09:36:47.500,3.314,193000
2020-09-08 09:36:47.500,3.313,5000
2020-09-08 09:36:47.500,3.313,5000
2020-09-08 09:36:47.500,3.313,900
2020-09-08 09:36:47.500,3.313,3000
2020-09-08 09:36:47.500,3.313,2000
2020-09-08 09:36:47.500,3.313,5000
2020-09-08 09:36:47.630,3.312,1000
2020-09-08 09:36:47.630,3.312,100
2020-09-08 09:36:47.630,3.312,1000
2020-09-08 09:36:47.630,3.312,400
2020-09-08 09:36:47.820,3.313,100000
2020-09-08 09:36:48.330,3.313,1000
2020-09-08 09:36:49.640,3.313,185100
2020-09-08 09:36:49.710,3.314,1500
2020-09-08 09:36:49.710,3.314,400
2020-09-08 09:36:49.710,3.314,500
2020-09-08 09:36:50.380,3.314,1000
2020-09-08 09:36:50.560,3.314,100
2020-09-08 09:36:50.900,3.314,400
2020-09-08 09:36:50.900,3.314,3000
2020-09-08 09:36:51.330,3.315,1000
2020-09-08 09:36:52.160,3.314,1400
2020-09-08 09:36:52.240,3.315,300
2020-09-08 09:36:52.410,3.314,200
2020-09-08 09:36:52.510,3.315,200
2020-09-08 09:36:52.620,3.314,800
2020-09-08 09:36:52.750,3.314,1000
2020-09-08 09:36:53.300,3.314,1000
2020-09-08 09:36:53.560,3.314,1300
2020-09-08 09:36:53.800,3.314,500
2020-09-08 09:36:53.800,3.314,30000
2020-09-08 09:36:55.990,3.314,900
2020-09-08 09:36:55.990,3.314,14600
2020-09-08 09:36:56.120,3.314,5000
2020-09-08 09:36:56.900,3.314,20000
2020-09-08 09:36:58.460,3.313,9000
2020-09-08 09:36:59.470,3.314,2700
2020-09-08 09:37:00.310,3.313,105900
2020-09-08 09:37:00.310,3.313,300000
2020-09-08 09:37:00.310,3.313,94100
2020-09-08 09:37:01.280,3.313,700
2020-09-08 09:37:03.220,3.313,4000
2020-09-08 09:37:03.520,3.313,7900
2020-09-08 09:37:03.900,3.313,17400
2020-09-08 09:37:03.900,3.313,100
2020-09-08 09:37:03.900,3.313,1000
2020-09-08 09:37:04.540,3.313,12500
2020-09-08 09:37:04.800,3.313,26300
2020-09-08 09:37:04.800,3.313,5000
2020-09-08 09:37:05.250,3.313,70700
2020-09-08 09:37:05.590,3.313,300
2020-09-08 09:37:06.780,3.313,100
2020-09-08 09:37:06.870,3.313,97600
2020-09-08 09:37:06.870,3.313,200
2020-09-08 09:37:07.570,3.312,6700
2020-09-08 09:37:07.570,3.312,6000
2020-09-08 09:37:08.640,3.313,400
2020-09-08 09:37:09.630,3.313,3500
2020-09-08 09:37:10.120,3.313,10000
2020-09-08 09:37:10.770,3.313,2500
2020-09-08 09:37:11.620,3.312,400
2020-09-08 09:37:11.990,3.312,600
2020-09-08 09:37:13.060,3.313,500
2020-09-08 09:37:13.520,3.312,5900
2020-09-08 09:37:13.520,3.312,10000
2020-09-08 09:37:13.520,3.312,6000
2020-09-08 09:37:13.520,3.312,300000
2020-09-08 09:37:13.520,3.312,200
2020-09-08 09:37:13.520,3.312,4700
2020-09-08 09:37:13.520,3.312,5000
2020-09-08 09:37:13.520,3.312,3000
2020-09-08 09:37:13.610,3.312,165200
2020-09-08 09:37:13.610,3.313,49800
2020-09-08 09:37:13.730,3.313,100
2020-09-08 09:37:15.170,3.313,1000
2020-09-08 09:37:15.940,3.313,2000
2020-09-08 09:37:16.420,3.312,6000
2020-09-08 09:37:16.660,3.313,4900
2020-09-08 09:37:17.830,3.313,2000
2020-09-08 09:37:17.970,3.312,2000
2020-09-08 09:37:18.290,3.312,1200
2020-09-08 09:37:18.290,3.313,166900
2020-09-08 09:37:18.290,3.313,133100
2020-09-08 09:37:18.850,3.313,300
2020-09-08 09:37:19.110,3.312,1000
2020-09-08 09:37:19.570,3.313,2500
2020-09-08 09:37:20.160,3.313,100
2020-09-08 09:37:20.600,3.312,13300
2020-09-08 09:37:20.760,3.312,3000
2020-09-08 09:37:21.060,3.312,283700
2020-09-08 09:37:21.060,3.312,3600
2020-09-08 09:37:21.060,3.311,1000
2020-09-08 09:37:21.060,3.311,3000
2020-09-08 09:37:21.060,3.311,100
2020-09-08 09:37:21.060,3.311,5000
2020-09-08 09:37:21.060,3.311,300
2020-09-08 09:37:21.060,3.311,1600
2020-09-08 09:37:21.060,3.311,100000
2020-09-08 09:37:21.060,3.311,400
2020-09-08 09:37:21.060,3.311,4000
2020-09-08 09:37:21.060,3.311,1000
2020-09-08 09:37:21.060,3.311,10000
2020-09-08 09:37:21.060,3.311,6000
2020-09-08 09:37:21.060,3.311,100
2020-09-08 09:37:22.200,3.311,300
2020-09-08 09:37:22.570,3.311,8800
2020-09-08 09:37:22.990,3.311,71100
2020-09-08 09:37:23.240,3.311,1200
2020-09-08 09:37:23.980,3.312,300
2020-09-08 09:37:24.090,3.312,2700
2020-09-08 09:37:24.140,3.312,300
2020-09-08 09:37:24.250,3.313,100
2020-09-08 09:37:25.690,3.312,500
2020-09-08 09:37:25.870,3.312,500
2020-09-08 09:37:26.840,3.312,16000
2020-09-08 09:37:26.840,3.311,484000
2020-09-08 09:37:26.900,3.313,2000
2020-09-08 09:37:28.840,3.312,100
2020-09-08 09:37:31.850,3.311,1000
2020-09-08 09:37:33.250,3.312,1800
2020-09-08 09:37:33.250,3.312,6000
2020-09-08 09:37:33.250,3.312,2200
2020-09-08 09:37:33.360,3.312,100
2020-09-08 09:37:34.450,3.311,2900
2020-09-08 09:37:34.590,3.311,1400
2020-09-08 09:37:34.690,3.312,100
2020-09-08 09:37:34.940,3.312,300
2020-09-08 09:37:35.370,3.311,1000
2020-09-08 09:37:35.590,3.311,15000
2020-09-08 09:37:36.010,3.311,22400
2020-09-08 09:37:36.010,3.311,17600
2020-09-08 09:37:36.920,3.311,5000
2020-09-08 09:37:37.100,3.311,2000
2020-09-08 09:37:37.310,3.312,400
2020-09-08 09:37:37.520,3.311,5000
2020-09-08 09:37:37.700,3.312,14500
2020-09-08 09:37:37.700,3.312,600
2020-09-08 09:37:37.700,3.312,500
2020-09-08 09:37:37.700,3.312,4400
2020-09-08 09:37:37.910,3.312,24000
2020-09-08 09:37:38.130,3.311,100
2020-09-08 09:37:38.130,3.311,294900
2020-09-08 09:37:38.130,3.311,205100
2020-09-08 09:37:38.130,3.312,1000
2020-09-08 09:37:38.350,3.312,100
2020-09-08 09:37:38.510,3.312,100
2020-09-08 09:37:38.720,3.311,800
2020-09-08 09:37:38.720,3.311,10000
2020-09-08 09:37:38.720,3.311,100
2020-09-08 09:37:38.720,3.311,100
2020-09-08 09:37:38.720,3.311,1000
2020-09-08 09:37:38.720,3.311,600
2020-09-08 09:37:38.720,3.311,100
2020-09-08 09:37:38.720,3.311,10300
2020-09-08 09:37:38.720,3.311,5000
2020-09-08 09:37:41.220,3.311,200
2020-09-08 09:37:42.140,3.311,150000
2020-09-08 09:37:43.320,3.311,8000
2020-09-08 09:37:43.400,3.311,100
2020-09-08 09:37:43.830,3.311,5000
2020-09-08 09:37:46.460,3.31,3000
2020-09-08 09:37:46.460,3.31,30000
2020-09-08 09:37:46.460,3.31,300
2020-09-08 09:37:46.460,3.31,100
2020-09-08 09:37:46.460,3.31,100
2020-09-08 09:37:46.460,3.31,1000
2020-09-08 09:37:46.460,3.31,5300
2020-09-08 09:37:46.460,3.31,15000
2020-09-08 09:37:46.460,3.31,100
2020-09-08 09:37:46.460,3.31,6600
2020-09-08 09:37:46.460,3.31,10000
2020-09-08 09:37:46.460,3.31,15000
2020-09-08 09:37:46.460,3.31,6000
2020-09-08 09:37:46.460,3.31,200
2020-09-08 09:37:46.460,3.31,400
2020-09-08 09:37:46.460,3.31,6000
2020-09-08 09:37:46.460,3.31,100
2020-09-08 09:37:46.460,3.31,12800
2020-09-08 09:37:46.460,3.31,3000
2020-09-08 09:37:46.460,3.31,30000
2020-09-08 09:37:46.460,3.31,5000
2020-09-08 09:37:46.460,3.31,200000
2020-09-08 09:37:46.460,3.31,200
2020-09-08 09:37:46.460,3.31,6100
2020-09-08 09:37:46.460,3.31,1000
2020-09-08 09:37:46.460,3.31,4600
2020-09-08 09:37:46.760,3.31,400
2020-09-08 09:37:46.760,3.31,100
2020-09-08 09:37:48.880,3.31,100
2020-09-08 09:37:48.880,3.31,9900
2020-09-08 09:37:50.540,3.31,300
2020-09-08 09:37:51.090,3.31,3000
2020-09-08 09:37:51.720,3.31,486800
2020-09-08 09:37:51.720,3.31,100000
2020-09-08 09:37:51.720,3.31,10000
2020-09-08 09:37:51.720,3.31,1200
2020-09-08 09:37:51.720,3.31,2000
2020-09-08 09:37:52.540,3.31,2300
2020-09-08 09:37:53.060,3.31,2300
2020-09-08 09:37:54.380,3.31,2200
2020-09-08 09:37:54.600,3.309,1300
2020-09-08 09:37:54.630,3.309,298700
2020-09-08 09:37:54.630,3.309,600
2020-09-08 09:37:54.630,3.309,1500
2020-09-08 09:37:54.630,3.309,300
2020-09-08 09:37:54.630,3.309,1000
2020-09-08 09:37:54.630,3.309,1000
2020-09-08 09:37:54.630,3.309,196900
2020-09-08 09:37:57.560,3.309,5900
2020-09-08 09:37:57.710,3.309,3000
2020-09-08 09:37:58.060,3.31,100
2020-09-08 09:37:58.330,3.309,14000
2020-09-08 09:37:58.970,3.309,10000
2020-09-08 09:38:00.220,3.31,200
2020-09-08 09:38:00.890,3.31,1000
2020-09-08 09:38:01.310,3.309,700
2020-09-08 09:38:01.690,3.309,5000
2020-09-08 09:38:01.690,3.309,64500
2020-09-08 09:38:01.690,3.309,1000
2020-09-08 09:38:01.690,3.309,6000
2020-09-08 09:38:01.690,3.309,1000
2020-09-08 09:38:01.690,3.309,1000
2020-09-08 09:38:01.690,3.309,1000
2020-09-08 09:38:01.690,3.309,1000
2020-09-08 09:38:01.690,3.309,20000
2020-09-08 09:38:03.050,3.309,20000
2020-09-08 09:38:03.870,3.309,100
2020-09-08 09:38:04.060,3.308,500
2020-09-08 09:38:04.060,3.308,3500
2020-09-08 09:38:04.270,3.309,10000
2020-09-08 09:38:05.250,3.308,149600
2020-09-08 09:38:05.740,3.309,3000
2020-09-08 09:38:05.920,3.309,30000
2020-09-08 09:38:06.900,3.309,300
2020-09-08 09:38:07.220,3.308,3000
2020-09-08 09:38:07.480,3.309,299700
2020-09-08 09:38:07.530,3.309,41300
2020-09-08 09:38:07.530,3.309,3500
2020-09-08 09:38:07.530,3.309,700
2020-09-08 09:38:07.610,3.309,254500
2020-09-08 09:38:07.610,3.309,245500
2020-09-08 09:38:08.260,3.31,80000
2020-09-08 09:38:08.310,3.309,700
2020-09-08 09:38:08.710,3.309,53800
2020-09-08 09:38:08.710,3.309,246200
2020-09-08 09:38:09.540,3.31,500
2020-09-08 09:38:09.540,3.31,7100
2020-09-08 09:38:09.540,3.31,5000
2020-09-08 09:38:09.540,3.31,1200
2020-09-08 09:38:09.540,3.31,400
2020-09-08 09:38:09.540,3.31,15000
2020-09-08 09:38:09.540,3.31,100000
2020-09-08 09:38:09.540,3.31,170800
2020-09-08 09:38:09.620,3.31,41100
2020-09-08 09:38:10.040,3.311,108700
2020-09-08 09:38:10.040,3.311,5000
2020-09-08 09:38:10.040,3.311,2500
2020-09-08 09:38:10.040,3.311,183800
2020-09-08 09:38:10.040,3.31,3000
2020-09-08 09:38:10.060,3.31,3000
2020-09-08 09:38:10.990,3.31,4000
2020-09-08 09:38:12.130,3.311,4200
2020-09-08 09:38:12.330,3.31,500000
2020-09-08 09:38:12.610,3.31,100
2020-09-08 09:38:13.260,3.31,2500
2020-09-08 09:38:13.430,3.311,300000
2020-09-08 09:38:13.730,3.311,12000
2020-09-08 09:38:13.730,3.311,29500
2020-09-08 09:38:13.730,3.311,600
2020-09-08 09:38:13.730,3.311,5000
2020-09-08 09:38:13.730,3.311,3000
2020-09-08 09:38:13.730,3.311,2800
2020-09-08 09:38:14.270,3.311,100000
2020-09-08 09:38:15.040,3.311,600
2020-09-08 09:38:15.470,3.311,5000
2020-09-08 09:38:16.190,3.311,100
2020-09-08 09:38:16.720,3.311,1000
2020-09-08 09:38:18.040,3.312,300000
2020-09-08 09:38:18.260,3.311,500000
2020-09-08 09:38:18.720,3.312,90000
2020-09-08 09:38:19.110,3.312,80400
2020-09-08 09:38:19.110,3.312,2500
2020-09-08 09:38:19.110,3.312,100
2020-09-08 09:38:19.110,3.312,500
2020-09-08 09:38:20.490,3.312,59600
2020-09-08 09:38:21.600,3.313,10000
2020-09-08 09:38:22.090,3.313,351900
2020-09-08 09:38:22.090,3.313,700
2020-09-08 09:38:22.090,3.313,800
2020-09-08 09:38:24.650,3.313,5000
2020-09-08 09:38:24.710,3.313,500000
2020-09-08 09:38:24.780,3.314,15000
2020-09-08 09:38:24.950,3.313,1400
2020-09-08 09:38:25.690,3.313,100
2020-09-08 09:38:26.730,3.313,500
2020-09-08 09:38:27.600,3.314,71600
2020-09-08 09:38:29.440,3.313,39600
2020-09-08 09:38:29.440,3.313,1000
2020-09-08 09:38:29.440,3.313,90000
2020-09-08 09:38:29.440,3.313,2200
2020-09-08 09:38:29.790,3.313,500
2020-09-08 09:38:29.950,3.313,2000
2020-09-08 09:38:30.400,3.313,2000
2020-09-08 09:38:31.440,3.313,40000
2020-09-08 09:38:32.010,3.313,299000
2020-09-08 09:38:32.820,3.313,23700
2020-09-08 09:38:32.820,3.313,100
2020-09-08 09:38:33.670,3.314,50000
2020-09-08 09:38:34.220,3.313,10000
2020-09-08 09:38:34.700,3.313,226200
2020-09-08 09:38:34.700,3.313,100
2020-09-08 09:38:34.700,3.313,273700
2020-09-08 09:38:34.730,3.313,26300
2020-09-08 09:38:34.730,3.313,42400
2020-09-08 09:38:35.680,3.314,7400
2020-09-08 09:38:36.070,3.313,300
2020-09-08 09:38:36.400,3.313,500
2020-09-08 09:38:37.020,3.313,8500
2020-09-08 09:38:37.330,3.314,300000
2020-09-08 09:38:37.770,3.314,13700
2020-09-08 09:38:37.770,3.314,100
2020-09-08 09:38:37.770,3.314,7400
2020-09-08 09:38:37.770,3.314,300
2020-09-08 09:38:37.770,3.314,1500
2020-09-08 09:38:37.770,3.314,200
2020-09-08 09:38:37.770,3.314,6100
2020-09-08 09:38:37.770,3.314,500
2020-09-08 09:38:37.770,3.314,2700
2020-09-08 09:38:37.770,3.314,1000
2020-09-08 09:38:37.770,3.314,8000
2020-09-08 09:38:37.770,3.314,13100
2020-09-08 09:38:37.770,3.314,2700
2020-09-08 09:38:37.770,3.314,7000
2020-09-08 09:38:37.770,3.314,235800
2020-09-08 09:38:37.850,3.313,800
2020-09-08 09:38:37.880,3.314,214200
2020-09-08 09:38:38.610,3.314,900
2020-09-08 09:38:38.710,3.315,20000
2020-09-08 09:38:38.710,3.314,5000
2020-09-08 09:38:39.210,3.315,137300
2020-09-08 09:38:39.210,3.315,100
2020-09-08 09:38:39.210,3.315,800
2020-09-08 09:38:39.210,3.315,161800
2020-09-08 09:38:39.570,3.314,30000
2020-09-08 09:38:39.700,3.314,49900
2020-09-08 09:38:39.700,3.314,300000
2020-09-08 09:38:39.700,3.314,200
2020-09-08 09:38:39.700,3.314,149900
2020-09-08 09:38:41.550,3.314,16900
2020-09-08 09:38:42.020,3.314,2500
2020-09-08 09:38:42.150,3.315,100
2020-09-08 09:38:42.460,3.314,5000
2020-09-08 09:38:42.660,3.314,10000
2020-09-08 09:38:43.520,3.314,2200
2020-09-08 09:38:44.510,3.314,10000
2020-09-08 09:38:45.530,3.314,103200
2020-09-08 09:38:45.530,3.314,1500
2020-09-08 09:38:45.530,3.314,800
2020-09-08 09:38:46.100,3.314,100
2020-09-08 09:38:46.300,3.313,2300
2020-09-08 09:38:46.520,3.314,6300
2020-09-08 09:38:46.690,3.314,21000
2020-09-08 09:38:47.330,3.314,2200
2020-09-08 09:38:47.660,3.314,2000
2020-09-08 09:38:47.790,3.314,3000
2020-09-08 09:38:49.480,3.314,30000
2020-09-08 09:38:49.480,3.314,294500
2020-09-08 09:38:50.010,3.314,300
2020-09-08 09:38:50.040,3.314,35100
2020-09-08 09:38:50.040,3.314,20000
2020-09-08 09:38:50.040,3.314,7000
2020-09-08 09:38:50.040,3.314,237900
2020-09-08 09:38:50.240,3.314,127200
2020-09-08 09:38:50.410,3.314,10000
2020-09-08 09:38:50.640,3.314,57600
2020-09-08 09:38:50.640,3.315,338100
2020-09-08 09:38:50.640,3.315,1100
2020-09-08 09:38:50.640,3.315,500
2020-09-08 09:38:50.640,3.315,500
2020-09-08 09:38:50.640,3.315,900
2020-09-08 09:38:50.640,3.315,6400
2020-09-08 09:38:50.640,3.315,700
2020-09-08 09:38:50.640,3.315,1000
2020-09-08 09:38:50.640,3.315,2000
2020-09-08 09:38:50.640,3.315,400
2020-09-08 09:38:50.640,3.315,5000
2020-09-08 09:38:50.640,3.315,50000
2020-09-08 09:38:50.640,3.315,2000
2020-09-08 09:38:50.640,3.315,10000
2020-09-08 09:38:50.640,3.315,5000
2020-09-08 09:38:50.640,3.315,10000
2020-09-08 09:38:50.640,3.316,8800
2020-09-08 09:38:54.460,3.316,200
2020-09-08 09:38:54.520,3.315,1000
2020-09-08 09:38:54.520,3.314,10000
2020-09-08 09:38:54.520,3.314,18100
2020-09-08 09:38:54.520,3.314,10000
2020-09-08 09:38:54.520,3.314,90000
2020-09-08 09:38:54.520,3.314,299700
2020-09-08 09:38:54.520,3.314,10000
2020-09-08 09:38:54.520,3.314,61200
2020-09-08 09:38:55.450,3.316,240400
2020-09-08 09:38:55.800,3.316,150000
2020-09-08 09:38:56.090,3.315,1200
2020-09-08 09:38:56.390,3.316,1000
2020-09-08 09:38:57.430,3.316,11400
2020-09-08 09:38:57.430,3.316,1000
2020-09-08 09:38:57.430,3.316,2000
2020-09-08 09:38:57.430,3.316,45600
2020-09-08 09:38:57.720,3.315,1000
2020-09-08 09:38:58.880,3.315,297800
2020-09-08 09:38:58.880,3.315,202200
2020-09-08 09:38:59.750,3.315,1000
2020-09-08 09:39:00.370,3.315,96800
2020-09-08 09:39:00.370,3.315,3200
2020-09-08 09:39:03.090,3.316,5000
2020-09-08 09:39:03.390,3.315,600
2020-09-08 09:39:03.630,3.316,200
2020-09-08 09:39:04.260,3.315,296200
2020-09-08 09:39:04.260,3.315,150000
2020-09-08 09:39:04.260,3.315,53800
2020-09-08 09:39:05.870,3.315,200
2020-09-08 09:39:05.870,3.315,100
2020-09-08 09:39:05.870,3.315,1200
2020-09-08 09:39:06.490,3.315,500
2020-09-08 09:39:06.490,3.316,3500
2020-09-08 09:39:08.780,3.315,36900
2020-09-08 09:39:08.780,3.315,2500
2020-09-08 09:39:09.050,3.315,100000
2020-09-08 09:39:11.290,3.314,15000
2020-09-08 09:39:11.510,3.315,5000
2020-09-08 09:39:12.080,3.314,9000
2020-09-08 09:39:12.390,3.315,2000
2020-09-08 09:39:12.640,3.315,7800
2020-09-08 09:39:14.650,3.315,2500
2020-09-08 09:39:15.070,3.315,100
2020-09-08 09:39:15.100,3.315,600
2020-09-08 09:39:15.840,3.315,200
2020-09-08 09:39:17.170,3.314,100
2020-09-08 09:39:18.700,3.315,97800
2020-09-08 09:39:18.870,3.314,12900
2020-09-08 09:39:18.870,3.314,1000
2020-09-08 09:39:18.870,3.314,14000
2020-09-08 09:39:18.870,3.314,30000
2020-09-08 09:39:18.870,3.314,10000
2020-09-08 09:39:18.870,3.314,10000
2020-09-08 09:39:18.870,3.314,9000
2020-09-08 09:39:18.870,3.314,146700
2020-09-08 09:39:19.720,3.314,3300
2020-09-08 09:39:20.290,3.315,12300
2020-09-08 09:39:21.140,3.315,10000
2020-09-08 09:39:22.880,3.314,600
2020-09-08 09:39:23.520,3.314,200
2020-09-08 09:39:26.540,3.315,10000
2020-09-08 09:39:27.370,3.315,100
2020-09-08 09:39:27.860,3.314,2000
2020-09-08 09:39:28.860,3.315,500
2020-09-08 09:39:29.250,3.315,100
2020-09-08 09:39:30.930,3.314,12800
2020-09-08 09:39:32.190,3.315,100
2020-09-08 09:39:34.790,3.314,16500
2020-09-08 09:39:35.120,3.314,7500
2020-09-08 09:39:35.120,3.314,2000
2020-09-08 09:39:35.390,3.314,30000
2020-09-08 09:39:35.420,3.315,30000
2020-09-08 09:39:36.160,3.314,1400
2020-09-08 09:39:36.970,3.314,800
2020-09-08 09:39:37.330,3.314,1500
2020-09-08 09:39:41.120,3.314,15100
2020-09-08 09:39:41.200,3.315,100
2020-09-08 09:39:41.230,3.314,2400
2020-09-08 09:39:41.770,3.315,3000
2020-09-08 09:39:42.640,3.315,1500
2020-09-08 09:39:42.640,3.314,9000
2020-09-08 09:39:43.240,3.314,3000
2020-09-08 09:39:44.000,3.315,10900
2020-09-08 09:39:44.320,3.314,5500
2020-09-08 09:39:44.350,3.314,189700
2020-09-08 09:39:44.350,3.314,5000
2020-09-08 09:39:44.350,3.314,5000
2020-09-08 09:39:44.350,3.314,100
2020-09-08 09:39:44.350,3.314,20000
2020-09-08 09:39:44.350,3.314,1000
2020-09-08 09:39:44.350,3.314,10000
2020-09-08 09:39:44.350,3.314,500
2020-09-08 09:39:44.350,3.314,5000
2020-09-08 09:39:44.350,3.314,20000
2020-09-08 09:39:44.350,3.314,8600
2020-09-08 09:39:44.350,3.314,2000
2020-09-08 09:39:44.350,3.314,600
2020-09-08 09:39:44.350,3.314,700
2020-09-08 09:39:44.350,3.314,600
2020-09-08 09:39:46.960,3.314,100
2020-09-08 09:39:47.240,3.314,300
2020-09-08 09:39:47.440,3.314,18800
2020-09-08 09:39:48.800,3.314,1600
2020-09-08 09:39:49.490,3.314,6900
2020-09-08 09:39:50.410,3.313,73900
2020-09-08 09:39:50.410,3.313,3000
2020-09-08 09:39:50.410,3.313,8000
2020-09-08 09:39:50.410,3.313,500
2020-09-08 09:39:50.410,3.313,100
2020-09-08 09:39:52.410,3.313,800
2020-09-08 09:39:54.580,3.313,3000
2020-09-08 09:39:57.110,3.312,10000
2020-09-08 09:39:58.520,3.312,146900
2020-09-08 09:39:58.520,3.312,1000
2020-09-08 09:39:58.520,3.312,100
2020-09-08 09:39:58.520,3.312,900
2020-09-08 09:39:58.520,3.312,100
2020-09-08 09:39:58.520,3.312,1500
2020-09-08 09:39:58.520,3.312,29900
2020-09-08 09:39:58.520,3.312,100
2020-09-08 09:39:58.520,3.312,300000
2020-09-08 09:40:00.490,3.312,19500
2020-09-08 09:40:00.490,3.312,10000
2020-09-08 09:40:00.490,3.312,7000
2020-09-08 09:40:00.490,3.313,120600
2020-09-08 09:40:00.490,3.313,31000
2020-09-08 09:40:00.490,3.313,3600
2020-09-08 09:40:00.490,3.313,108300
2020-09-08 09:40:01.700,3.313,300000
2020-09-08 09:40:01.960,3.313,200
2020-09-08 09:40:02.010,3.313,91500
2020-09-08 09:40:02.010,3.313,38100
2020-09-08 09:40:02.010,3.313,100
2020-09-08 09:40:02.510,3.313,300
2020-09-08 09:40:02.680,3.313,32000
2020-09-08 09:40:03.590,3.313,138100
2020-09-08 09:40:03.590,3.313,300000
2020-09-08 09:40:03.590,3.312,61900
2020-09-08 09:40:04.980,3.312,300
2020-09-08 09:40:06.230,3.313,100
2020-09-08 09:40:06.840,3.312,300000
2020-09-08 09:40:07.580,3.312,41500
2020-09-08 09:40:08.780,3.312,33800
2020-09-08 09:40:08.890,3.313,1000
2020-09-08 09:40:09.340,3.312,24700
2020-09-08 09:40:09.340,3.312,3300
2020-09-08 09:40:09.940,3.313,2400
2020-09-08 09:40:09.940,3.313,50000
2020-09-08 09:40:09.940,3.313,100
2020-09-08 09:40:10.170,3.314,203500
2020-09-08 09:40:10.170,3.314,7300
2020-09-08 09:40:10.170,3.314,89200
2020-09-08 09:40:10.730,3.314,40000
2020-09-08 09:40:10.950,3.314,300000
2020-09-08 09:40:11.390,3.314,70800
2020-09-08 09:40:11.390,3.314,300
2020-09-08 09:40:11.450,3.314,3700
2020-09-08 09:40:11.450,3.314,93000
2020-09-08 09:40:11.450,3.314,3000
2020-09-08 09:40:11.450,3.315,166000
2020-09-08 09:40:11.450,3.315,10000
2020-09-08 09:40:11.450,3.315,100
2020-09-08 09:40:11.450,3.315,20000
2020-09-08 09:40:11.450,3.315,4200
2020-09-08 09:40:11.600,3.313,1300
2020-09-08 09:40:11.780,3.313,28700
2020-09-08 09:40:11.780,3.313,10000
2020-09-08 09:40:11.780,3.313,300000
2020-09-08 09:40:11.780,3.313,40000
2020-09-08 09:40:11.780,3.313,20000
2020-09-08 09:40:11.780,3.313,100000
2020-09-08 09:40:11.780,3.313,1300
2020-09-08 09:40:12.200,3.314,3000
2020-09-08 09:40:12.310,3.314,15000
2020-09-08 09:40:12.450,3.314,1400
2020-09-08 09:40:12.790,3.314,28700
2020-09-08 09:40:13.260,3.315,5800
2020-09-08 09:40:13.260,3.315,2000
2020-09-08 09:40:13.260,3.315,100
2020-09-08 09:40:13.260,3.315,8900
2020-09-08 09:40:13.260,3.315,300
2020-09-08 09:40:13.260,3.315,10000
2020-09-08 09:40:13.260,3.315,2000
2020-09-08 09:40:13.260,3.315,4900
2020-09-08 09:40:13.260,3.315,20000
2020-09-08 09:40:13.260,3.315,800
2020-09-08 09:40:13.260,3.315,15700
2020-09-08 09:40:13.260,3.315,19500
2020-09-08 09:40:15.180,3.314,900
2020-09-08 09:40:16.180,3.314,13600
2020-09-08 09:40:16.470,3.315,500
2020-09-08 09:40:16.470,3.315,13500
2020-09-08 09:40:16.470,3.315,30000
2020-09-08 09:40:16.470,3.315,1
2020-09-08 09:40:16.470,3.315,45999
2020-09-08 09:40:16.470,3.314,237400
2020-09-08 09:40:16.470,3.314,262600
2020-09-08 09:40:17.980,3.315,54001
2020-09-08 09:40:17.980,3.315,1000
2020-09-08 09:40:17.980,3.315,1000
2020-09-08 09:40:17.980,3.315,2000
2020-09-08 09:40:17.980,3.316,241999
2020-09-08 09:40:18.420,3.315,10000
2020-09-08 09:40:18.420,3.314,20000
2020-09-08 09:40:19.160,3.316,30000
2020-09-08 09:40:19.310,3.316,300000
2020-09-08 09:40:20.850,3.316,100
2020-09-08 09:40:20.900,3.316,300000
2020-09-08 09:40:21.890,3.315,100
2020-09-08 09:40:21.960,3.316,30000
2020-09-08 09:40:22.400,3.315,7800
2020-09-08 09:40:24.100,3.315,8100
2020-09-08 09:40:24.100,3.315,200
2020-09-08 09:40:24.100,3.315,300100
2020-09-08 09:40:24.100,3.315,40000
2020-09-08 09:40:24.100,3.315,151600
2020-09-08 09:40:24.910,3.315,98400
2020-09-08 09:40:24.910,3.314,17400
2020-09-08 09:40:24.910,3.314,134200
2020-09-08 09:40:25.660,3.315,6400
2020-09-08 09:40:27.870,3.315,100
2020-09-08 09:40:28.570,3.315,30000
2020-09-08 09:40:28.890,3.315,1200
2020-09-08 09:40:28.990,3.315,1000
2020-09-08 09:40:29.190,3.316,2000
2020-09-08 09:40:30.490,3.315,261300
2020-09-08 09:40:30.490,3.315,1900
2020-09-08 09:40:30.490,3.314,36800
2020-09-08 09:40:31.300,3.315,6200
2020-09-08 09:40:31.410,3.315,3800
2020-09-08 09:40:32.360,3.315,3200
2020-09-08 09:40:32.360,3.316,26800
2020-09-08 09:40:33.010,3.315,2000
2020-09-08 09:40:33.140,3.315,1300
2020-09-08 09:40:33.370,3.315,2500
2020-09-08 09:40:33.680,3.315,500
2020-09-08 09:40:36.110,3.315,300000
2020-09-08 09:40:36.230,3.314,1500
2020-09-08 09:40:37.620,3.315,500
2020-09-08 09:40:39.730,3.315,300
2020-09-08 09:40:41.060,3.315,43300
2020-09-08 09:40:41.780,3.314,20000
2020-09-08 09:40:41.780,3.314,230000
2020-09-08 09:40:41.860,3.315,5000
2020-09-08 09:40:41.970,3.314,70000
2020-09-08 09:40:41.970,3.314,40000
2020-09-08 09:40:41.970,3.314,10000
2020-09-08 09:40:42.330,3.314,4000
2020-09-08 09:40:42.430,3.314,300
2020-09-08 09:40:43.030,3.314,45000
2020-09-08 09:40:43.280,3.313,2200
2020-09-08 09:40:43.830,3.314,300000
2020-09-08 09:40:44.290,3.314,30000
2020-09-08 09:40:44.290,3.314,700
2020-09-08 09:40:44.460,3.314,3400
2020-09-08 09:40:44.790,3.315,800
2020-09-08 09:40:45.120,3.315,147100
2020-09-08 09:40:45.120,3.315,500
2020-09-08 09:40:45.120,3.315,5000
2020-09-08 09:40:45.120,3.315,100
2020-09-08 09:40:45.120,3.315,100000
2020-09-08 09:40:45.120,3.315,6000
2020-09-08 09:40:45.120,3.315,5000
2020-09-08 09:40:45.120,3.315,1200
2020-09-08 09:40:45.770,3.316,14801
2020-09-08 09:40:45.770,3.316,5199
2020-09-08 09:40:46.530,3.315,35100
2020-09-08 09:40:46.530,3.314,25900
2020-09-08 09:40:46.530,3.314,30000
2020-09-08 09:40:46.530,3.314,10000
2020-09-08 09:40:46.530,3.314,30000
2020-09-08 09:40:46.530,3.314,10000
2020-09-08 09:40:46.530,3.314,40000
2020-09-08 09:40:46.530,3.314,300000
2020-09-08 09:40:46.530,3.314,19000
2020-09-08 09:40:48.670,3.316,10000
2020-09-08 09:40:50.540,3.315,100
2020-09-08 09:40:50.540,3.315,3100
2020-09-08 09:40:51.410,3.315,6900
2020-09-08 09:40:51.850,3.315,10000
2020-09-08 09:40:53.300,3.315,3000
2020-09-08 09:40:53.440,3.314,14200
2020-09-08 09:40:53.950,3.315,25000
2020-09-08 09:40:57.410,3.315,17600
2020-09-08 09:40:58.850,3.314,235800
2020-09-08 09:40:58.850,3.314,264200
2020-09-08 09:40:59.650,3.314,10000
2020-09-08 09:40:59.650,3.314,1200
2020-09-08 09:40:59.650,3.314,2000
2020-09-08 09:40:59.650,3.314,15600
2020-09-08 09:40:59.650,3.313,100
2020-09-08 09:40:59.650,3.313,271100
2020-09-08 09:41:00.960,3.315,10000
2020-09-08 09:41:02.830,3.314,600
2020-09-08 09:41:02.940,3.313,3000
2020-09-08 09:41:02.940,3.313,400
2020-09-08 09:41:02.940,3.313,10000
2020-09-08 09:41:02.940,3.312,100
2020-09-08 09:41:02.940,3.312,35900
2020-09-08 09:41:06.470,3.314,2800
2020-09-08 09:41:08.030,3.314,1000
2020-09-08 09:41:08.160,3.313,1000
2020-09-08 09:41:08.160,3.313,300000
2020-09-08 09:41:08.160,3.313,40000
2020-09-08 09:41:08.160,3.313,30000
2020-09-08 09:41:08.160,3.313,129000
2020-09-08 09:41:08.460,3.314,22600
2020-09-08 09:41:08.460,3.314,277400
2020-09-08 09:41:08.880,3.314,222600
2020-09-08 09:41:08.880,3.314,3000
2020-09-08 09:41:09.150,3.314,12000
2020-09-08 09:41:10.180,3.315,5000
2020-09-08 09:41:10.230,3.315,47000
2020-09-08 09:41:11.270,3.314,2800
2020-09-08 09:41:13.150,3.315,50000
2020-09-08 09:41:13.180,3.314,1800
2020-09-08 09:41:13.720,3.314,2100
2020-09-08 09:41:13.910,3.314,5400
2020-09-08 09:41:14.250,3.314,50000
2020-09-08 09:41:14.250,3.314,240000
2020-09-08 09:41:14.250,3.314,50000
2020-09-08 09:41:14.250,3.314,30000
2020-09-08 09:41:14.250,3.314,130000
2020-09-08 09:41:15.180,3.315,299000
2020-09-08 09:41:15.740,3.314,10800
2020-09-08 09:41:16.480,3.314,10000
2020-09-08 09:41:16.730,3.315,26500
2020-09-08 09:41:16.730,3.315,1700
2020-09-08 09:41:16.730,3.315,1800
2020-09-08 09:41:17.360,3.315,8200
2020-09-08 09:41:17.360,3.315,18000
2020-09-08 09:41:17.360,3.315,63800
2020-09-08 09:41:18.860,3.314,10000
2020-09-08 09:41:19.280,3.314,139200
2020-09-08 09:41:19.280,3.314,300000
2020-09-08 09:41:19.280,3.314,2000
2020-09-08 09:41:19.280,3.314,3000
2020-09-08 09:41:23.070,3.314,55800
2020-09-08 09:41:23.070,3.314,3000
2020-09-08 09:41:23.070,3.314,5400
2020-09-08 09:41:23.070,3.314,16500
2020-09-08 09:41:23.070,3.314,9300
2020-09-08 09:41:23.310,3.314,8000
2020-09-08 09:41:24.990,3.313,8100
2020-09-08 09:41:25.850,3.314,100
2020-09-08 09:41:28.530,3.314,3500
2020-09-08 09:41:29.360,3.314,1500
2020-09-08 09:41:30.060,3.314,5000
2020-09-08 09:41:31.500,3.314,2600
2020-09-08 09:41:31.500,3.314,1000
2020-09-08 09:41:31.500,3.314,700
2020-09-08 09:41:31.500,3.314,31500
2020-09-08 09:41:32.730,3.313,100
2020-09-08 09:41:33.360,3.313,20000
2020-09-08 09:41:34.830,3.313,1000
2020-09-08 09:41:38.050,3.313,10000
2020-09-08 09:41:38.580,3.313,2900
2020-09-08 09:41:38.780,3.314,5000
2020-09-08 09:41:39.450,3.313,40000
2020-09-08 09:41:39.980,3.313,100
2020-09-08 09:41:41.640,3.313,10000
2020-09-08 09:41:42.110,3.314,1900
2020-09-08 09:41:42.470,3.313,2100
2020-09-08 09:41:45.020,3.314,100
2020-09-08 09:41:45.480,3.313,900
2020-09-08 09:41:47.100,3.313,5800
2020-09-08 09:41:47.100,3.313,5000
2020-09-08 09:41:47.100,3.313,9000
2020-09-08 09:41:47.100,3.313,5000
2020-09-08 09:41:47.100,3.313,67300
2020-09-08 09:41:47.100,3.313,18300
2020-09-08 09:41:47.100,3.313,17500
2020-09-08 09:41:47.100,3.313,1000
2020-09-08 09:41:47.100,3.313,3000
2020-09-08 09:41:47.860,3.313,30500
2020-09-08 09:41:47.860,3.313,200
2020-09-08 09:41:48.380,3.313,5000
2020-09-08 09:41:48.740,3.313,2000
2020-09-08 09:41:51.260,3.313,10000
2020-09-08 09:41:51.500,3.313,5000
2020-09-08 09:41:53.170,3.313,5000
2020-09-08 09:41:53.380,3.312,57100
2020-09-08 09:41:53.380,3.312,3000
2020-09-08 09:41:53.380,3.312,300000
2020-09-08 09:41:53.380,3.312,3000
2020-09-08 09:41:53.380,3.312,40000
2020-09-08 09:41:53.380,3.312,1000
2020-09-08 09:41:53.380,3.312,300000
2020-09-08 09:41:53.380,3.312,20000
2020-09-08 09:41:53.380,3.312,175900
2020-09-08 09:41:54.480,3.313,10000
2020-09-08 09:41:56.540,3.313,41300
2020-09-08 09:41:59.690,3.313,29400
2020-09-08 09:41:59.970,3.312,4000
2020-09-08 09:42:01.240,3.313,300
2020-09-08 09:42:02.650,3.312,300
2020-09-08 09:42:04.540,3.313,5000
2020-09-08 09:42:04.850,3.313,2000
2020-09-08 09:42:07.170,3.313,222400
2020-09-08 09:42:07.170,3.313,10000
2020-09-08 09:42:07.170,3.313,200
2020-09-08 09:42:07.170,3.313,6000
2020-09-08 09:42:07.170,3.313,3000
2020-09-08 09:42:07.170,3.313,11800
2020-09-08 09:42:07.170,3.313,100
2020-09-08 09:42:07.170,3.313,5300
2020-09-08 09:42:07.170,3.313,1700
2020-09-08 09:42:07.170,3.313,5000
2020-09-08 09:42:07.170,3.313,2000
2020-09-08 09:42:07.170,3.313,6000
2020-09-08 09:42:07.170,3.313,6000
2020-09-08 09:42:07.170,3.313,20500
2020-09-08 09:42:07.670,3.313,100
2020-09-08 09:42:07.670,3.313,1000
2020-09-08 09:42:07.670,3.313,2000
2020-09-08 09:42:07.670,3.313,300
2020-09-08 09:42:07.670,3.313,4000
2020-09-08 09:42:07.670,3.313,100
2020-09-08 09:42:07.670,3.313,2500
2020-09-08 09:42:07.670,3.313,2500
2020-09-08 09:42:07.670,3.313,27500
2020-09-08 09:42:07.670,3.313,30000
2020-09-08 09:42:07.670,3.313,50000
2020-09-08 09:42:07.670,3.313,10000
2020-09-08 09:42:07.830,3.313,20000
2020-09-08 09:42:07.980,3.313,21900
2020-09-08 09:42:10.000,3.313,10000
2020-09-08 09:42:13.440,3.313,43900
2020-09-08 09:42:14.020,3.314,30700
2020-09-08 09:42:14.140,3.313,1500
2020-09-08 09:42:14.850,3.313,30000
2020-09-08 09:42:14.880,3.314,300000
2020-09-08 09:42:15.000,3.313,192700
2020-09-08 09:42:15.000,3.313,100000
2020-09-08 09:42:15.000,3.313,100
2020-09-08 09:42:15.000,3.313,5000
2020-09-08 09:42:15.000,3.313,500
2020-09-08 09:42:15.540,3.313,600
2020-09-08 09:42:17.510,3.313,201100
2020-09-08 09:42:17.510,3.313,2900
2020-09-08 09:42:17.510,3.314,96000
2020-09-08 09:42:18.250,3.313,500
2020-09-08 09:42:18.250,3.313,100
2020-09-08 09:42:18.330,3.313,1000
2020-09-08 09:42:18.420,3.313,21400
2020-09-08 09:42:18.420,3.313,2000
2020-09-08 09:42:18.500,3.313,200
2020-09-08 09:42:19.680,3.314,34800
2020-09-08 09:42:19.680,3.314,9000
2020-09-08 09:42:19.680,3.314,5300
2020-09-08 09:42:19.680,3.314,100
2020-09-08 09:42:19.680,3.314,3000
2020-09-08 09:42:19.680,3.314,30000
2020-09-08 09:42:19.680,3.314,3000
2020-09-08 09:42:19.680,3.314,8400
2020-09-08 09:42:19.680,3.314,600
2020-09-08 09:42:19.680,3.314,10000
2020-09-08 09:42:19.680,3.315,195800
2020-09-08 09:42:20.230,3.313,276500
2020-09-08 09:42:20.230,3.313,4000
2020-09-08 09:42:20.230,3.313,219500
2020-09-08 09:42:25.070,3.314,500
2020-09-08 09:42:26.240,3.315,5400
2020-09-08 09:42:26.240,3.315,3700
2020-09-08 09:42:26.240,3.315,20000
2020-09-08 09:42:26.240,3.315,60900
2020-09-08 09:42:28.530,3.315,47300
2020-09-08 09:42:28.530,3.315,20000
2020-09-08 09:42:28.530,3.315,22500
2020-09-08 09:42:28.530,3.315,200
2020-09-08 09:42:30.060,3.314,3100
2020-09-08 09:42:30.880,3.315,100
2020-09-08 09:42:30.880,3.314,1400
2020-09-08 09:42:32.150,3.314,700
2020-09-08 09:42:35.280,3.315,8100
2020-09-08 09:42:36.560,3.314,100
2020-09-08 09:42:37.500,3.314,400
2020-09-08 09:42:38.580,3.315,2100
2020-09-08 09:42:38.580,3.315,2000
2020-09-08 09:42:38.580,3.315,5000
2020-09-08 09:42:38.580,3.315,19100
2020-09-08 09:42:38.580,3.315,21800
2020-09-08 09:42:39.240,3.315,10000
2020-09-08 09:42:39.240,3.315,10000
2020-09-08 09:42:39.240,3.315,10000
2020-09-08 09:42:39.240,3.315,10000
2020-09-08 09:42:39.240,3.315,10000
2020-09-08 09:42:39.240,3.315,10000
2020-09-08 09:42:39.470,3.315,10000
2020-09-08 09:42:39.580,3.315,300
2020-09-08 09:42:39.980,3.315,300000
2020-09-08 09:42:40.180,3.314,45500
2020-09-08 09:42:40.460,3.314,20000
2020-09-08 09:42:40.690,3.314,4100
2020-09-08 09:42:40.930,3.314,54700
2020-09-08 09:42:40.930,3.314,90000
2020-09-08 09:42:40.930,3.314,8700
2020-09-08 09:42:41.160,3.314,281000
2020-09-08 09:42:41.180,3.314,65600
2020-09-08 09:42:41.180,3.314,21800
2020-09-08 09:42:41.180,3.315,107900
2020-09-08 09:42:41.180,3.315,104700
2020-09-08 09:42:41.210,3.315,35300
2020-09-08 09:42:41.210,3.315,300
2020-09-08 09:42:41.210,3.315,3300
2020-09-08 09:42:41.210,3.315,4000
2020-09-08 09:42:41.210,3.315,40000
2020-09-08 09:42:41.210,3.315,20000
2020-09-08 09:42:41.210,3.315,8900
2020-09-08 09:42:41.210,3.315,10700
2020-09-08 09:42:41.210,3.315,1500
2020-09-08 09:42:41.210,3.315,2500
2020-09-08 09:42:41.210,3.315,8100
2020-09-08 09:42:41.210,3.315,100
2020-09-08 09:42:41.210,3.315,30000
2020-09-08 09:42:41.210,3.315,100
2020-09-08 09:42:41.320,3.315,5000
2020-09-08 09:42:43.770,3.315,50000
2020-09-08 09:42:44.090,3.315,2300
2020-09-08 09:42:45.300,3.315,100
2020-09-08 09:42:45.980,3.315,77800
2020-09-08 09:42:45.980,3.315,72200
2020-09-08 09:42:47.560,3.315,400
2020-09-08 09:42:49.920,3.316,10000
2020-09-08 09:42:51.530,3.315,24000
2020-09-08 09:42:51.880,3.316,100
2020-09-08 09:42:52.390,3.316,7000
2020-09-08 09:42:53.510,3.315,1000
2020-09-08 09:42:53.510,3.315,100
2020-09-08 09:42:56.170,3.315,2700
2020-09-08 09:42:58.680,3.315,5000
2020-09-08 09:42:59.270,3.316,8400
2020-09-08 09:42:59.420,3.316,150000
2020-09-08 09:43:00.510,3.316,100
2020-09-08 09:43:00.740,3.316,500
2020-09-08 09:43:01.410,3.315,6100
2020-09-08 09:43:03.960,3.315,100
2020-09-08 09:43:04.420,3.315,18400
2020-09-08 09:43:04.420,3.315,10000
2020-09-08 09:43:04.420,3.315,10000
2020-09-08 09:43:04.420,3.315,10000
2020-09-08 09:43:04.420,3.315,1000
2020-09-08 09:43:04.420,3.315,100
2020-09-08 09:43:04.420,3.315,3000
2020-09-08 09:43:04.420,3.315,3700
2020-09-08 09:43:04.420,3.315,3000
2020-09-08 09:43:04.480,3.315,100
2020-09-08 09:43:04.620,3.315,900
2020-09-08 09:43:04.620,3.316,19100
2020-09-08 09:43:05.780,3.316,5000
2020-09-08 09:43:08.030,3.315,4500
2020-09-08 09:43:08.110,3.316,64200
2020-09-08 09:43:08.450,3.316,400
2020-09-08 09:43:12.120,3.316,400
2020-09-08 09:43:12.810,3.316,227401
2020-09-08 09:43:12.810,3.316,38500
2020-09-08 09:43:12.810,3.316,300
2020-09-08 09:43:12.810,3.316,3000
2020-09-08 09:43:12.810,3.316,1000
2020-09-08 09:43:12.810,3.316,100
2020-09-08 09:43:12.810,3.316,1000
2020-09-08 09:43:12.810,3.316,100
2020-09-08 09:43:12.810,3.316,28599
2020-09-08 09:43:12.840,3.316,3401
2020-09-08 09:43:12.840,3.316,5000
2020-09-08 09:43:12.840,3.316,20000
2020-09-08 09:43:12.840,3.316,1500
2020-09-08 09:43:12.840,3.316,270199
2020-09-08 09:43:12.920,3.316,229801
2020-09-08 09:43:12.920,3.316,20000
2020-09-08 09:43:14.290,3.316,1600
2020-09-08 09:43:17.040,3.316,200
2020-09-08 09:43:18.580,3.316,30000
2020-09-08 09:43:20.380,3.317,4700
2020-09-08 09:43:20.380,3.317,9100
2020-09-08 09:43:20.380,3.317,6200
2020-09-08 09:43:21.600,3.316,100
2020-09-08 09:43:22.210,3.317,500
2020-09-08 09:43:23.890,3.316,5000
2020-09-08 09:43:25.220,3.316,3100
2020-09-08 09:43:26.580,3.316,8100
2020-09-08 09:43:27.930,3.317,1000
2020-09-08 09:43:28.020,3.316,200
2020-09-08 09:43:30.360,3.316,1899
2020-09-08 09:43:30.360,3.316,100
2020-09-08 09:43:30.360,3.316,500
2020-09-08 09:43:30.360,3.316,5000
2020-09-08 09:43:30.360,3.316,300
2020-09-08 09:43:30.360,3.316,500
2020-09-08 09:43:30.420,3.316,1000
2020-09-08 09:43:31.560,3.316,10000
2020-09-08 09:43:31.670,3.316,701
2020-09-08 09:43:33.890,3.316,70699
2020-09-08 09:43:34.210,3.316,13000
2020-09-08 09:43:34.720,3.315,5500
2020-09-08 09:43:34.720,3.315,500
2020-09-08 09:43:34.900,3.316,2000
2020-09-08 09:43:36.350,3.316,1000
2020-09-08 09:43:37.390,3.316,500
2020-09-08 09:43:39.160,3.315,9200
2020-09-08 09:43:40.630,3.316,5000
2020-09-08 09:43:41.200,3.316,5000
2020-09-08 09:43:41.200,3.315,500
2020-09-08 09:43:42.740,3.316,100
2020-09-08 09:43:43.150,3.316,900
2020-09-08 09:43:43.960,3.315,30000
2020-09-08 09:43:44.140,3.315,4600
2020-09-08 09:43:44.140,3.315,5000
2020-09-08 09:43:44.140,3.315,1000
2020-09-08 09:43:44.140,3.315,300100
2020-09-08 09:43:44.140,3.315,3000
2020-09-08 09:43:45.110,3.315,200
2020-09-08 09:43:47.600,3.315,10000
2020-09-08 09:43:48.770,3.315,300
2020-09-08 09:43:52.140,3.315,300
2020-09-08 09:43:52.890,3.315,2000
2020-09-08 09:43:54.810,3.314,1700
2020-09-08 09:43:55.340,3.314,3300
2020-09-08 09:43:55.340,3.314,500
2020-09-08 09:43:55.340,3.314,3000
2020-09-08 09:43:55.340,3.314,300000
2020-09-08 09:43:55.810,3.313,5000
2020-09-08 09:43:56.410,3.314,193200
2020-09-08 09:43:56.410,3.314,106800
2020-09-08 09:43:56.410,3.314,300100
2020-09-08 09:43:56.930,3.314,300000
2020-09-08 09:43:56.980,3.314,193100
2020-09-08 09:43:56.980,3.315,107000
2020-09-08 09:43:57.640,3.315,2800
2020-09-08 09:43:59.380,3.314,7700
2020-09-08 09:44:01.430,3.314,292300
2020-09-08 09:44:01.430,3.314,207700
2020-09-08 09:44:01.940,3.314,50000
2020-09-08 09:44:01.970,3.315,100
2020-09-08 09:44:04.520,3.315,900
2020-09-08 09:44:05.850,3.314,2000
2020-09-08 09:44:06.620,3.314,3000
2020-09-08 09:44:07.090,3.315,40000
2020-09-08 09:44:07.520,3.315,3000
2020-09-08 09:44:07.570,3.314,3000
2020-09-08 09:44:08.950,3.315,2000
2020-09-08 09:44:10.110,3.314,6000
2020-09-08 09:44:10.810,3.314,800
2020-09-08 09:44:11.850,3.315,2200
2020-09-08 09:44:12.550,3.314,6000
2020-09-08 09:44:12.870,3.315,2500
2020-09-08 09:44:13.530,3.315,300
2020-09-08 09:44:13.930,3.314,21500
2020-09-08 09:44:13.930,3.314,42500
2020-09-08 09:44:13.930,3.314,25000
2020-09-08 09:44:14.430,3.315,500
2020-09-08 09:44:15.510,3.314,500
2020-09-08 09:44:17.340,3.314,200
2020-09-08 09:44:17.730,3.314,200
2020-09-08 09:44:17.730,3.314,800
2020-09-08 09:44:18.190,3.314,100
2020-09-08 09:44:18.190,3.314,900
2020-09-08 09:44:18.190,3.313,75500
2020-09-08 09:44:18.190,3.313,50000
2020-09-08 09:44:18.190,3.313,100
2020-09-08 09:44:18.190,3.313,1600
2020-09-08 09:44:18.560,3.314,3500
2020-09-08 09:44:19.120,3.314,1000
2020-09-08 09:44:19.480,3.314,2000
2020-09-08 09:44:19.530,3.313,400
2020-09-08 09:44:19.530,3.313,5000
2020-09-08 09:44:19.530,3.313,2400
2020-09-08 09:44:19.530,3.313,1300
2020-09-08 09:44:19.530,3.313,5000
2020-09-08 09:44:19.530,3.313,3500
2020-09-08 09:44:19.530,3.313,2000
2020-09-08 09:44:19.530,3.313,5000
2020-09-08 09:44:19.530,3.313,21900
2020-09-08 09:44:21.240,3.314,3000
2020-09-08 09:44:21.950,3.313,5200
2020-09-08 09:44:21.950,3.312,1000
2020-09-08 09:44:21.950,3.312,3000
2020-09-08 09:44:21.950,3.312,200
2020-09-08 09:44:21.950,3.312,6000
2020-09-08 09:44:26.920,3.313,500000
2020-09-08 09:44:27.200,3.312,24000
2020-09-08 09:44:27.200,3.312,800
2020-09-08 09:44:27.250,3.313,1000
2020-09-08 09:44:27.250,3.313,4000
2020-09-08 09:44:27.640,3.312,4200
2020-09-08 09:44:27.640,3.312,1000
2020-09-08 09:44:27.640,3.312,1500
2020-09-08 09:44:27.640,3.312,5100
2020-09-08 09:44:28.750,3.311,100000
2020-09-08 09:44:28.750,3.311,2000
2020-09-08 09:44:28.750,3.311,10000
2020-09-08 09:44:28.750,3.311,10000
