Datetime,Price,Volume
2020-09-08 09:25:00.780,4.74,300
2020-09-08 09:25:00.780,4.74,12200
2020-09-08 09:25:00.780,4.74,5000
2020-09-08 09:25:00.780,4.74,7800
2020-09-08 09:25:00.780,4.74,13400
2020-09-08 09:25:00.780,4.74,11600
2020-09-08 09:25:00.780,4.74,13300
2020-09-08 09:25:00.780,4.74,8100
2020-09-08 09:25:00.780,4.74,800
2020-09-08 09:25:00.780,4.74,100
2020-09-08 09:25:00.780,4.74,1900
2020-09-08 09:25:00.780,4.74,3000
2020-09-08 09:25:00.780,4.74,100
2020-09-08 09:25:00.780,4.74,5500
2020-09-08 09:25:00.780,4.74,400
2020-09-08 09:25:00.780,4.74,11500
2020-09-08 09:25:00.780,4.74,900
2020-09-08 09:25:00.780,4.74,1000
2020-09-08 09:25:00.780,4.74,2000
2020-09-08 09:25:00.780,4.74,19500
2020-09-08 09:25:00.780,4.74,18500
2020-09-08 09:25:00.780,4.74,2600
2020-09-08 09:25:00.780,4.74,2600
2020-09-08 09:25:00.780,4.74,2600
2020-09-08 09:25:00.780,4.74,2600
2020-09-08 09:25:00.780,4.74,7700
2020-09-08 09:25:00.780,4.74,9200
2020-09-08 09:25:00.780,4.74,30000
2020-09-08 09:25:00.780,4.74,400
2020-09-08 09:25:00.780,4.74,300
2020-09-08 09:25:00.780,4.74,100
2020-09-08 09:25:00.780,4.74,400
2020-09-08 09:25:00.780,4.74,4400
2020-09-08 09:25:00.780,4.74,7200
2020-09-08 09:25:00.780,4.74,5400
2020-09-08 09:25:00.780,4.74,5000
2020-09-08 09:25:00.780,4.74,100
2020-09-08 09:25:00.780,4.74,80000
2020-09-08 09:25:00.780,4.74,1200
2020-09-08 09:25:00.780,4.74,1200
2020-09-08 09:25:00.780,4.74,50000
2020-09-08 09:25:00.780,4.74,5000
2020-09-08 09:25:00.780,4.74,3000
2020-09-08 09:25:00.780,4.74,1500
2020-09-08 09:25:00.780,4.74,1200
2020-09-08 09:25:00.780,4.74,4800
2020-09-08 09:25:00.780,4.74,700
2020-09-08 09:25:00.780,4.74,5000
2020-09-08 09:25:00.780,4.74,2000
2020-09-08 09:25:00.780,4.74,6000
2020-09-08 09:25:00.780,4.74,5000
2020-09-08 09:25:00.780,4.74,4200
2020-09-08 09:25:00.780,4.74,1000
2020-09-08 09:25:00.780,4.74,5000
2020-09-08 09:25:00.780,4.74,3300
2020-09-08 09:25:00.780,4.74,5000
2020-09-08 09:25:00.780,4.74,35000
2020-09-08 09:25:00.780,4.74,57300
2020-09-08 09:25:00.780,4.74,10500
2020-09-08 09:25:00.780,4.74,22200
2020-09-08 09:25:00.780,4.74,1000
2020-09-08 09:25:00.780,4.74,7000
2020-09-08 09:25:00.780,4.74,2400
2020-09-08 09:25:00.780,4.74,17400
2020-09-08 09:25:00.780,4.74,2600
2020-09-08 09:25:00.780,4.74,16200
2020-09-08 09:25:00.780,4.74,10000
2020-09-08 09:25:00.780,4.74,5100
2020-09-08 09:25:00.780,4.74,200
2020-09-08 09:25:00.780,4.74,2000
2020-09-08 09:25:00.780,4.74,1100
2020-09-08 09:25:00.780,4.74,2600
2020-09-08 09:25:00.780,4.74,500
2020-09-08 09:25:00.780,4.74,200
2020-09-08 09:25:00.780,4.74,100
2020-09-08 09:25:00.780,4.74,2000
2020-09-08 09:25:00.780,4.74,4200
2020-09-08 09:25:00.780,4.74,400
2020-09-08 09:25:00.780,4.74,5400
2020-09-08 09:25:00.780,4.74,63200
2020-09-08 09:25:00.780,4.74,15000
2020-09-08 09:25:00.780,4.74,700
2020-09-08 09:25:00.780,4.74,4100
2020-09-08 09:25:00.780,4.74,100
2020-09-08 09:25:00.780,4.74,10000
2020-09-08 09:25:00.780,4.74,1500
2020-09-08 09:25:00.780,4.74,3000
2020-09-08 09:25:00.780,4.74,3000
2020-09-08 09:25:00.780,4.74,13300
2020-09-08 09:25:00.780,4.74,100
2020-09-08 09:25:00.780,4.74,69600
2020-09-08 09:25:00.780,4.74,400
2020-09-08 09:25:00.780,4.74,30000
2020-09-08 09:25:00.780,4.74,200
2020-09-08 09:25:00.780,4.74,200
2020-09-08 09:25:00.780,4.74,200
2020-09-08 09:25:00.780,4.74,500
2020-09-08 09:25:00.780,4.74,20000
2020-09-08 09:25:00.780,4.74,300
2020-09-08 09:25:00.780,4.74,15000
2020-09-08 09:25:00.780,4.74,16200
2020-09-08 09:25:00.780,4.74,100
2020-09-08 09:25:00.780,4.74,400
2020-09-08 09:25:00.780,4.74,14000
2020-09-08 09:25:00.780,4.74,2000
2020-09-08 09:25:00.780,4.74,100
2020-09-08 09:25:00.780,4.74,4200
2020-09-08 09:25:00.780,4.74,200
2020-09-08 09:25:00.780,4.74,3100
2020-09-08 09:25:00.780,4.74,3000
2020-09-08 09:25:00.780,4.74,900
2020-09-08 09:25:00.780,4.74,300
2020-09-08 09:25:00.780,4.74,1000
2020-09-08 09:25:00.780,4.74,1000
2020-09-08 09:25:00.780,4.74,100
2020-09-08 09:25:00.780,4.74,4500
2020-09-08 09:25:00.780,4.74,15900
2020-09-08 09:25:00.780,4.74,1600
2020-09-08 09:25:00.780,4.74,1000
2020-09-08 09:25:00.780,4.74,170700
2020-09-08 09:25:00.780,4.74,300
2020-09-08 09:25:00.780,4.74,100
2020-09-08 09:25:00.780,4.74,1400
2020-09-08 09:25:00.780,4.74,1100
2020-09-08 09:25:00.780,4.74,200
2020-09-08 09:25:00.780,4.74,2000
2020-09-08 09:25:00.780,4.74,200
2020-09-08 09:25:00.780,4.74,100
2020-09-08 09:25:00.780,4.74,100
2020-09-08 09:25:00.780,4.74,100
2020-09-08 09:25:00.780,4.74,1100
2020-09-08 09:25:00.780,4.74,5000
2020-09-08 09:25:00.780,4.74,200
2020-09-08 09:25:00.780,4.74,1000
2020-09-08 09:25:00.780,4.74,100
2020-09-08 09:25:00.780,4.74,100
2020-09-08 09:25:00.780,4.74,1500
2020-09-08 09:25:00.780,4.74,60000
2020-09-08 09:25:00.780,4.74,1500
2020-09-08 09:25:00.780,4.74,9000
2020-09-08 09:25:00.780,4.74,20000
2020-09-08 09:25:00.780,4.74,200
2020-09-08 09:25:00.780,4.74,27100
2020-09-08 09:25:00.780,4.74,5000
2020-09-08 09:25:00.780,4.74,10000
2020-09-08 09:25:00.780,4.74,10000
2020-09-08 09:25:00.780,4.74,500
2020-09-08 09:25:00.780,4.74,10000
2020-09-08 09:25:00.780,4.74,4000
2020-09-08 09:25:00.780,4.74,3500
2020-09-08 09:25:00.780,4.74,2500
2020-09-08 09:25:00.780,4.74,500
2020-09-08 09:25:00.780,4.74,300
2020-09-08 09:25:00.780,4.74,2500
2020-09-08 09:25:00.780,4.74,20000
2020-09-08 09:25:00.780,4.74,5000
2020-09-08 09:25:00.780,4.74,1100
2020-09-08 09:25:00.780,4.74,100
2020-09-08 09:25:00.780,4.74,600
2020-09-08 09:25:00.780,4.74,140000
2020-09-08 09:25:00.780,4.74,21200
2020-09-08 09:25:00.780,4.74,2500
2020-09-08 09:25:00.780,4.74,7000
2020-09-08 09:25:00.780,4.74,30000
2020-09-08 09:25:00.780,4.74,2600
2020-09-08 09:25:00.780,4.74,10000
2020-09-08 09:25:00.780,4.74,51300
2020-09-08 09:25:00.780,4.74,300
2020-09-08 09:25:00.780,4.74,500
2020-09-08 09:25:00.780,4.74,10000
2020-09-08 09:25:00.780,4.74,7900
2020-09-08 09:25:00.780,4.74,6600
2020-09-08 09:25:00.780,4.74,100
2020-09-08 09:25:00.780,4.74,100
2020-09-08 09:25:00.780,4.74,2500
2020-09-08 09:25:00.780,4.74,200
2020-09-08 09:25:00.780,4.74,2000
2020-09-08 09:25:00.780,4.74,30900
2020-09-08 09:25:00.780,4.74,4200
2020-09-08 09:25:00.780,4.74,12900
2020-09-08 09:25:00.780,4.74,12300
2020-09-08 09:25:00.780,4.74,1000
2020-09-08 09:25:00.780,4.74,4200
2020-09-08 09:25:00.780,4.74,200
2020-09-08 09:25:00.780,4.74,1600
2020-09-08 09:25:00.780,4.74,100
2020-09-08 09:25:00.780,4.74,2000
2020-09-08 09:25:00.780,4.74,1500
2020-09-08 09:25:00.780,4.74,12700
2020-09-08 09:25:00.780,4.74,2000
2020-09-08 09:25:00.780,4.74,7400
2020-09-08 09:25:00.780,4.74,1000
2020-09-08 09:25:00.780,4.74,5000
2020-09-08 09:25:00.780,4.74,2000
2020-09-08 09:25:00.780,4.74,2500
2020-09-08 09:25:00.780,4.74,332100
2020-09-08 09:25:00.780,4.74,5000
2020-09-08 09:25:00.780,4.74,3000
2020-09-08 09:25:00.780,4.74,10000
2020-09-08 09:25:00.780,4.74,300
2020-09-08 09:25:00.780,4.74,100
2020-09-08 09:25:00.780,4.74,100
2020-09-08 09:25:00.780,4.74,100
2020-09-08 09:25:00.780,4.74,400
2020-09-08 09:25:00.780,4.74,300
2020-09-08 09:25:00.780,4.74,15000
2020-09-08 09:25:00.780,4.74,300
2020-09-08 09:25:00.780,4.74,200
2020-09-08 09:30:00.040,4.742,1000
2020-09-08 09:30:00.160,4.744,2500
2020-09-08 09:30:00.160,4.744,1000
2020-09-08 09:30:00.260,4.744,2000
2020-09-08 09:30:00.320,4.744,4300
2020-09-08 09:30:00.320,4.745,20600
2020-09-08 09:30:00.320,4.745,100
2020-09-08 09:30:00.320,4.745,100
2020-09-08 09:30:00.320,4.745,200
2020-09-08 09:30:00.320,4.745,200
2020-09-08 09:30:00.320,4.746,10000
2020-09-08 09:30:00.320,4.746,5000
2020-09-08 09:30:00.320,4.748,16600
2020-09-08 09:30:00.320,4.744,3000
2020-09-08 09:30:00.590,4.744,5200
2020-09-08 09:30:00.590,4.744,38300
2020-09-08 09:30:00.590,4.744,10000
2020-09-08 09:30:00.700,4.744,10000
2020-09-08 09:30:00.820,4.744,10600
2020-09-08 09:30:00.820,4.744,1000
2020-09-08 09:30:00.820,4.743,7100
2020-09-08 09:30:00.820,4.745,1000
2020-09-08 09:30:00.930,4.745,1000
2020-09-08 09:30:00.930,4.745,68000
2020-09-08 09:30:00.930,4.743,118800
2020-09-08 09:30:01.050,4.743,1100
2020-09-08 09:30:01.050,4.743,100
2020-09-08 09:30:01.050,4.743,126800
2020-09-08 09:30:01.050,4.744,8700
2020-09-08 09:30:01.050,4.743,2300
2020-09-08 09:30:01.050,4.743,100
2020-09-08 09:30:01.050,4.743,1000
2020-09-08 09:30:01.160,4.744,800
2020-09-08 09:30:01.160,4.746,2200
2020-09-08 09:30:01.270,4.746,2800
2020-09-08 09:30:01.390,4.747,200
2020-09-08 09:30:01.390,4.747,100
2020-09-08 09:30:01.390,4.748,4700
2020-09-08 09:30:01.500,4.746,7200
2020-09-08 09:30:01.500,4.746,1900
2020-09-08 09:30:01.500,4.744,900
2020-09-08 09:30:01.500,4.744,2700
2020-09-08 09:30:01.620,4.747,300
2020-09-08 09:30:01.620,4.748,300
2020-09-08 09:30:01.620,4.745,21100
2020-09-08 09:30:01.620,4.744,4900
2020-09-08 09:30:01.620,4.744,10000
2020-09-08 09:30:01.620,4.744,1500
2020-09-08 09:30:01.620,4.743,41700
2020-09-08 09:30:01.620,4.743,6000
2020-09-08 09:30:01.620,4.743,2000
2020-09-08 09:30:01.620,4.743,7000
2020-09-08 09:30:01.620,4.743,38400
2020-09-08 09:30:01.620,4.743,10000
2020-09-08 09:30:01.620,4.742,300000
2020-09-08 09:30:01.620,4.742,200
2020-09-08 09:30:01.620,4.742,5000
2020-09-08 09:30:01.620,4.742,100
2020-09-08 09:30:01.620,4.742,1500
2020-09-08 09:30:01.620,4.742,200
2020-09-08 09:30:01.620,4.742,100
2020-09-08 09:30:01.620,4.742,700
2020-09-08 09:30:01.620,4.742,2000
2020-09-08 09:30:01.620,4.742,47600
2020-09-08 09:30:01.620,4.742,400
2020-09-08 09:30:01.730,4.742,300
2020-09-08 09:30:01.730,4.742,700
2020-09-08 09:30:01.840,4.743,500
2020-09-08 09:30:01.840,4.743,21300
2020-09-08 09:30:01.960,4.744,1000
2020-09-08 09:30:01.960,4.744,1200
2020-09-08 09:30:01.960,4.743,12800
2020-09-08 09:30:01.960,4.743,300
2020-09-08 09:30:02.200,4.744,2800
2020-09-08 09:30:02.200,4.745,9200
2020-09-08 09:30:02.200,4.743,1900
2020-09-08 09:30:02.200,4.743,1900
2020-09-08 09:30:02.200,4.744,5000
2020-09-08 09:30:02.340,4.744,1500
2020-09-08 09:30:02.340,4.745,600
2020-09-08 09:30:02.460,4.745,200
2020-09-08 09:30:02.460,4.745,1000
2020-09-08 09:30:02.460,4.747,18600
2020-09-08 09:30:02.460,4.748,200
2020-09-08 09:30:02.460,4.743,500
2020-09-08 09:30:02.460,4.744,1600
2020-09-08 09:30:02.580,4.744,3400
2020-09-08 09:30:02.580,4.744,3500
2020-09-08 09:30:02.580,4.743,24800
2020-09-08 09:30:02.690,4.745,2000
2020-09-08 09:30:02.690,4.746,1800
2020-09-08 09:30:02.690,4.747,2700
2020-09-08 09:30:02.690,4.748,3200
2020-09-08 09:30:02.690,4.748,300
2020-09-08 09:30:02.690,4.745,2500
2020-09-08 09:30:02.690,4.745,2100
2020-09-08 09:30:02.810,4.745,5400
2020-09-08 09:30:02.810,4.744,3500
2020-09-08 09:30:02.810,4.743,136600
2020-09-08 09:30:02.810,4.743,7900
2020-09-08 09:30:02.810,4.745,2500
2020-09-08 09:30:02.810,4.743,17700
2020-09-08 09:30:02.810,4.743,20300
2020-09-08 09:30:02.810,4.747,5000
2020-09-08 09:30:02.810,4.748,14000
2020-09-08 09:30:02.810,4.743,35000
2020-09-08 09:30:03.040,4.746,3000
2020-09-08 09:30:03.040,4.745,17000
2020-09-08 09:30:03.040,4.745,4200
2020-09-08 09:30:03.040,4.744,2500
2020-09-08 09:30:03.040,4.743,92600
2020-09-08 09:30:03.040,4.743,900
2020-09-08 09:30:03.040,4.743,5000
2020-09-08 09:30:03.160,4.743,5000
2020-09-08 09:30:03.160,4.743,5000
2020-09-08 09:30:03.270,4.744,1000
2020-09-08 09:30:03.270,4.743,4000
2020-09-08 09:30:03.270,4.743,22000
2020-09-08 09:30:03.390,4.748,5700
2020-09-08 09:30:03.390,4.748,100
2020-09-08 09:30:03.390,4.748,2700
2020-09-08 09:30:03.520,4.746,1000
2020-09-08 09:30:03.520,4.745,7500
2020-09-08 09:30:03.520,4.745,600
2020-09-08 09:30:03.520,4.744,900
2020-09-08 09:30:03.520,4.744,9100
2020-09-08 09:30:03.520,4.743,69500
2020-09-08 09:30:03.520,4.748,2600
2020-09-08 09:30:03.520,4.748,1000
2020-09-08 09:30:03.520,4.748,4000
2020-09-08 09:30:03.520,4.748,30000
2020-09-08 09:30:03.520,4.749,2400
2020-09-08 09:30:03.700,4.744,300
2020-09-08 09:30:03.700,4.743,2000
2020-09-08 09:30:03.810,4.745,5000
2020-09-08 09:30:03.920,4.745,2300
2020-09-08 09:30:03.920,4.743,2700
2020-09-08 09:30:04.040,4.743,1500
2020-09-08 09:30:04.160,4.743,23900
2020-09-08 09:30:04.240,4.744,200
2020-09-08 09:30:04.240,4.745,500
2020-09-08 09:30:04.240,4.745,1000
2020-09-08 09:30:04.340,4.745,5000
2020-09-08 09:30:04.340,4.746,100
2020-09-08 09:30:04.500,4.746,700
2020-09-08 09:30:05.140,4.747,21900
2020-09-08 09:30:05.140,4.747,1000
2020-09-08 09:30:05.140,4.748,27100
2020-09-08 09:30:05.260,4.746,4200
2020-09-08 09:30:05.260,4.746,5000
2020-09-08 09:30:05.260,4.745,2700
2020-09-08 09:30:05.260,4.748,7000
2020-09-08 09:30:05.440,4.745,1600
2020-09-08 09:30:05.440,4.745,2000
2020-09-08 09:30:05.440,4.745,3000
2020-09-08 09:30:05.770,4.745,7200
2020-09-08 09:30:05.770,4.745,11600
2020-09-08 09:30:05.770,4.745,10000
2020-09-08 09:30:05.770,4.743,3400
2020-09-08 09:30:06.370,4.744,2000
2020-09-08 09:30:06.590,4.744,15000
2020-09-08 09:30:06.970,4.744,5600
2020-09-08 09:30:07.280,4.744,1000
2020-09-08 09:30:07.360,4.745,100
2020-09-08 09:30:07.360,4.748,500
2020-09-08 09:30:07.480,4.747,4000
2020-09-08 09:30:07.720,4.745,1000
2020-09-08 09:30:07.750,4.748,9500
2020-09-08 09:30:07.750,4.748,500
2020-09-08 09:30:07.750,4.748,5000
2020-09-08 09:30:07.750,4.748,35000
2020-09-08 09:30:07.860,4.748,700
2020-09-08 09:30:08.140,4.748,5000
2020-09-08 09:30:08.450,4.749,9600
2020-09-08 09:30:08.540,4.746,900
2020-09-08 09:30:08.570,4.746,1000
2020-09-08 09:30:09.660,4.746,8100
2020-09-08 09:30:09.800,4.748,1000
2020-09-08 09:30:09.900,4.748,2300
2020-09-08 09:30:09.930,4.749,600
2020-09-08 09:30:10.140,4.748,4100
2020-09-08 09:30:10.300,4.748,300
2020-09-08 09:30:10.690,4.748,20000
2020-09-08 09:30:10.750,4.748,2000
2020-09-08 09:30:10.790,4.748,4900
2020-09-08 09:30:10.790,4.748,500
2020-09-08 09:30:10.790,4.748,100
2020-09-08 09:30:10.990,4.747,10000
2020-09-08 09:30:11.380,4.747,7000
2020-09-08 09:30:11.380,4.748,8200
2020-09-08 09:30:11.380,4.748,8200
2020-09-08 09:30:11.680,4.748,51800
2020-09-08 09:30:12.050,4.748,6600
2020-09-08 09:30:12.480,4.748,100
2020-09-08 09:30:12.740,4.748,17200
2020-09-08 09:30:12.740,4.748,25000
2020-09-08 09:30:12.840,4.748,10000
2020-09-08 09:30:12.870,4.748,100
2020-09-08 09:30:12.940,4.749,1800
2020-09-08 09:30:13.030,4.749,6100
2020-09-08 09:30:13.030,4.749,5000
2020-09-08 09:30:13.950,4.748,50000
2020-09-08 09:30:14.590,4.749,3400
2020-09-08 09:30:15.230,4.748,100
2020-09-08 09:30:15.230,4.748,200
2020-09-08 09:30:15.230,4.748,200
2020-09-08 09:30:15.230,4.747,200
2020-09-08 09:30:15.230,4.747,1600
2020-09-08 09:30:15.230,4.747,3300
2020-09-08 09:30:15.730,4.749,1100
2020-09-08 09:30:15.730,4.749,10000
2020-09-08 09:30:15.730,4.749,8900
2020-09-08 09:30:16.240,4.749,3300
2020-09-08 09:30:16.330,4.749,4300
2020-09-08 09:30:17.410,4.749,100
2020-09-08 09:30:17.460,4.749,400
2020-09-08 09:30:17.560,4.749,900
2020-09-08 09:30:17.870,4.749,2400
2020-09-08 09:30:18.180,4.749,900
2020-09-08 09:30:18.180,4.749,300
2020-09-08 09:30:18.180,4.749,1000
2020-09-08 09:30:18.180,4.749,300
2020-09-08 09:30:18.180,4.749,2500
2020-09-08 09:30:18.670,4.748,3600
2020-09-08 09:30:18.670,4.748,1500
2020-09-08 09:30:18.670,4.748,2600
2020-09-08 09:30:18.670,4.747,600
2020-09-08 09:30:18.670,4.747,4200
2020-09-08 09:30:18.730,4.749,9800
2020-09-08 09:30:18.730,4.749,200
2020-09-08 09:30:19.360,4.747,1000
2020-09-08 09:30:19.430,4.749,200
2020-09-08 09:30:19.430,4.749,200
2020-09-08 09:30:19.430,4.749,200
2020-09-08 09:30:19.430,4.749,200
2020-09-08 09:30:19.430,4.749,400
2020-09-08 09:30:19.430,4.749,1300
2020-09-08 09:30:19.770,4.749,200
2020-09-08 09:30:19.770,4.749,3900
2020-09-08 09:30:20.150,4.749,18300
2020-09-08 09:30:20.150,4.749,17900
2020-09-08 09:30:20.150,4.749,1300
2020-09-08 09:30:20.410,4.748,2000
2020-09-08 09:30:21.110,4.748,2000
2020-09-08 09:30:21.110,4.748,4000
2020-09-08 09:30:21.110,4.749,400
2020-09-08 09:30:21.580,4.748,10000
2020-09-08 09:30:21.580,4.748,100
2020-09-08 09:30:21.650,4.749,4600
2020-09-08 09:30:21.740,4.748,400
2020-09-08 09:30:21.740,4.747,10000
2020-09-08 09:30:21.740,4.746,315000
2020-09-08 09:30:21.740,4.745,3000
2020-09-08 09:30:21.740,4.745,1300
2020-09-08 09:30:21.740,4.745,315000
2020-09-08 09:30:22.080,4.745,300
2020-09-08 09:30:22.350,4.745,3000
2020-09-08 09:30:22.640,4.745,300
2020-09-08 09:30:22.670,4.745,1100
2020-09-08 09:30:23.270,4.745,200
2020-09-08 09:30:23.800,4.744,3000
2020-09-08 09:30:24.240,4.745,300
2020-09-08 09:30:25.850,4.745,5000
2020-09-08 09:30:26.050,4.745,300
2020-09-08 09:30:26.200,4.745,100
2020-09-08 09:30:26.410,4.745,100
2020-09-08 09:30:26.410,4.744,1000
2020-09-08 09:30:26.510,4.744,1000
2020-09-08 09:30:26.630,4.745,100
2020-09-08 09:30:27.380,4.745,100
2020-09-08 09:30:27.510,4.745,6800
2020-09-08 09:30:27.630,4.744,3700
2020-09-08 09:30:28.250,4.744,4900
2020-09-08 09:30:28.400,4.745,5100
2020-09-08 09:30:28.430,4.745,200
2020-09-08 09:30:28.570,4.745,1000
2020-09-08 09:30:28.740,4.745,600
2020-09-08 09:30:28.830,4.745,100
2020-09-08 09:30:28.860,4.745,330600
2020-09-08 09:30:28.860,4.745,53700
2020-09-08 09:30:29.040,4.746,6700
2020-09-08 09:30:29.360,4.746,23300
2020-09-08 09:30:29.360,4.747,12000
2020-09-08 09:30:29.360,4.747,2900
2020-09-08 09:30:29.360,4.747,3700
2020-09-08 09:30:29.360,4.748,9500
2020-09-08 09:30:29.750,4.748,15800
2020-09-08 09:30:30.330,4.745,2200
2020-09-08 09:30:30.740,4.747,6800
2020-09-08 09:30:30.860,4.745,10100
2020-09-08 09:30:30.920,4.747,100
2020-09-08 09:30:31.110,4.747,1000
2020-09-08 09:30:31.240,4.745,2500
2020-09-08 09:30:31.790,4.745,1300
2020-09-08 09:30:31.820,4.747,600
2020-09-08 09:30:32.160,4.745,9200
2020-09-08 09:30:32.650,4.747,6400
2020-09-08 09:30:32.650,4.748,3600
2020-09-08 09:30:32.770,4.745,10100
2020-09-08 09:30:32.930,4.747,700
2020-09-08 09:30:33.880,4.745,10000
2020-09-08 09:30:34.200,4.745,4000
2020-09-08 09:30:34.870,4.747,300
2020-09-08 09:30:34.870,4.747,1700
2020-09-08 09:30:35.310,4.746,2300
2020-09-08 09:30:35.310,4.745,30700
2020-09-08 09:30:35.310,4.747,700
2020-09-08 09:30:36.020,4.747,7600
2020-09-08 09:30:36.020,4.747,2400
2020-09-08 09:30:36.760,4.746,1000
2020-09-08 09:30:36.760,4.745,299000
2020-09-08 09:30:37.310,4.747,500
2020-09-08 09:30:37.460,4.745,88300
2020-09-08 09:30:37.610,4.747,23200
2020-09-08 09:30:37.610,4.747,900
2020-09-08 09:30:37.610,4.747,30000
2020-09-08 09:30:37.610,4.747,20000
2020-09-08 09:30:37.610,4.747,6400
2020-09-08 09:30:37.750,4.747,100
2020-09-08 09:30:37.750,4.747,200
2020-09-08 09:30:37.780,4.745,48300
2020-09-08 09:30:37.780,4.745,100
2020-09-08 09:30:37.780,4.745,600
2020-09-08 09:30:37.780,4.745,300
2020-09-08 09:30:37.780,4.745,12600
2020-09-08 09:30:37.780,4.745,5000
2020-09-08 09:30:37.780,4.745,83200
2020-09-08 09:30:37.810,4.747,100
2020-09-08 09:30:38.260,4.746,5000
2020-09-08 09:30:38.480,4.745,15000
2020-09-08 09:30:38.730,4.745,5000
2020-09-08 09:30:38.880,4.745,66800
2020-09-08 09:30:38.880,4.745,700
2020-09-08 09:30:38.880,4.745,1000
2020-09-08 09:30:38.880,4.745,30000
2020-09-08 09:30:38.880,4.745,2100
2020-09-08 09:30:38.880,4.745,10000
2020-09-08 09:30:38.880,4.745,100
2020-09-08 09:30:38.880,4.745,200
2020-09-08 09:30:38.880,4.745,1800
2020-09-08 09:30:39.090,4.745,200
2020-09-08 09:30:39.180,4.746,16800
2020-09-08 09:30:39.320,4.745,500
2020-09-08 09:30:39.530,4.746,4000
2020-09-08 09:30:40.130,4.746,200
2020-09-08 09:30:40.700,4.746,20000
2020-09-08 09:30:41.270,4.746,2500
2020-09-08 09:30:41.390,4.746,1500
2020-09-08 09:30:41.390,4.747,700
2020-09-08 09:30:41.960,4.747,2200
2020-09-08 09:30:41.960,4.747,19200
2020-09-08 09:30:42.750,4.745,7500
2020-09-08 09:30:42.750,4.745,1000
2020-09-08 09:30:42.750,4.745,300
2020-09-08 09:30:42.750,4.745,1000
2020-09-08 09:30:42.750,4.745,100
2020-09-08 09:30:42.750,4.745,200
2020-09-08 09:30:42.960,4.747,2000
2020-09-08 09:30:43.260,4.745,3800
2020-09-08 09:30:43.260,4.745,200
2020-09-08 09:30:43.260,4.745,5000
2020-09-08 09:30:43.260,4.745,1100
2020-09-08 09:30:43.810,4.745,21500
2020-09-08 09:30:43.810,4.745,6900
2020-09-08 09:30:44.360,4.745,10000
2020-09-08 09:30:44.360,4.745,600
2020-09-08 09:30:45.050,4.745,100
2020-09-08 09:30:45.150,4.745,2000
2020-09-08 09:30:45.480,4.745,2000
2020-09-08 09:30:45.580,4.745,500
2020-09-08 09:30:46.360,4.744,10000
2020-09-08 09:30:46.420,4.745,400
2020-09-08 09:30:46.550,4.745,5000
2020-09-08 09:30:47.220,4.745,100
2020-09-08 09:30:47.340,4.745,100
2020-09-08 09:30:47.880,4.745,1100
2020-09-08 09:30:47.880,4.745,10000
2020-09-08 09:30:48.000,4.745,900
2020-09-08 09:30:48.180,4.745,3000
2020-09-08 09:30:48.270,4.745,5000
2020-09-08 09:30:48.330,4.745,1000
2020-09-08 09:30:48.820,4.745,1100
2020-09-08 09:30:48.940,4.745,500
2020-09-08 09:30:49.180,4.744,20000
2020-09-08 09:30:49.210,4.745,4100
2020-09-08 09:30:49.210,4.745,3900
2020-09-08 09:30:49.300,4.745,1000
2020-09-08 09:30:49.400,4.745,1900
2020-09-08 09:30:49.680,4.745,1100
2020-09-08 09:30:49.840,4.744,1500
2020-09-08 09:30:49.840,4.744,2000
2020-09-08 09:30:49.840,4.744,200
2020-09-08 09:30:49.950,4.744,5000
2020-09-08 09:30:50.120,4.744,1000
2020-09-08 09:30:50.210,4.744,5000
2020-09-08 09:30:50.500,4.744,1100
2020-09-08 09:30:51.000,4.744,1000
2020-09-08 09:30:51.080,4.744,33200
2020-09-08 09:30:51.080,4.744,100
2020-09-08 09:30:51.080,4.744,600
2020-09-08 09:30:51.080,4.744,5600
2020-09-08 09:30:51.080,4.745,2100
2020-09-08 09:30:51.080,4.745,4200
2020-09-08 09:30:51.350,4.743,2100
2020-09-08 09:30:51.350,4.743,3000
2020-09-08 09:30:51.350,4.743,2100
2020-09-08 09:30:51.350,4.743,5000
2020-09-08 09:30:51.350,4.743,500
2020-09-08 09:30:51.350,4.743,37300
2020-09-08 09:30:51.380,4.743,2000
2020-09-08 09:30:51.440,4.745,1100
2020-09-08 09:30:51.530,4.745,200
2020-09-08 09:30:51.600,4.745,9500
2020-09-08 09:30:51.600,4.745,500
2020-09-08 09:30:51.650,4.745,7300
2020-09-08 09:30:51.650,4.745,10000
2020-09-08 09:30:51.650,4.745,2700
2020-09-08 09:30:52.000,4.745,1000
2020-09-08 09:30:52.220,4.744,200
2020-09-08 09:30:52.400,4.744,2000
2020-09-08 09:30:52.400,4.744,1100
2020-09-08 09:30:52.460,4.744,200
2020-09-08 09:30:52.920,4.744,1000
2020-09-08 09:30:52.920,4.744,200
2020-09-08 09:30:53.150,4.744,400
2020-09-08 09:30:53.150,4.743,10700
2020-09-08 09:30:53.150,4.743,2000
2020-09-08 09:30:53.150,4.742,1000
2020-09-08 09:30:53.150,4.742,5000
2020-09-08 09:30:53.150,4.742,300
2020-09-08 09:30:53.150,4.742,2000
2020-09-08 09:30:53.150,4.742,3000
2020-09-08 09:30:53.150,4.742,2000
2020-09-08 09:30:53.150,4.742,2000
2020-09-08 09:30:53.150,4.742,2000
2020-09-08 09:30:53.180,4.744,1100
2020-09-08 09:30:53.390,4.743,1100
2020-09-08 09:30:53.510,4.743,1000
2020-09-08 09:30:53.510,4.743,200
2020-09-08 09:30:53.570,4.742,2100
2020-09-08 09:30:53.570,4.742,10000
2020-09-08 09:30:53.570,4.742,1000
2020-09-08 09:30:53.570,4.742,2800
2020-09-08 09:30:53.570,4.742,2000
2020-09-08 09:30:53.570,4.742,3000
2020-09-08 09:30:53.570,4.742,100
2020-09-08 09:30:53.570,4.742,10000
2020-09-08 09:30:53.570,4.742,200
2020-09-08 09:30:53.570,4.742,100
2020-09-08 09:30:53.570,4.742,600
2020-09-08 09:30:53.570,4.742,20000
2020-09-08 09:30:53.570,4.742,300
2020-09-08 09:30:53.570,4.742,50000
2020-09-08 09:30:53.570,4.742,100
2020-09-08 09:30:53.570,4.742,80800
2020-09-08 09:30:53.570,4.742,1000
2020-09-08 09:30:53.570,4.742,8000
2020-09-08 09:30:53.570,4.742,10000
2020-09-08 09:30:53.570,4.742,1000
2020-09-08 09:30:53.570,4.742,100
2020-09-08 09:30:53.570,4.742,50000
2020-09-08 09:30:53.570,4.742,6400
2020-09-08 09:30:53.570,4.742,3000
2020-09-08 09:30:53.570,4.742,300
2020-09-08 09:30:53.570,4.742,1000
2020-09-08 09:30:53.570,4.742,1100
2020-09-08 09:30:53.570,4.742,100
2020-09-08 09:30:53.570,4.742,500
2020-09-08 09:30:53.570,4.742,9000
2020-09-08 09:30:53.570,4.742,200
2020-09-08 09:30:53.570,4.742,500
2020-09-08 09:30:53.570,4.742,5000
2020-09-08 09:30:53.570,4.742,2300
2020-09-08 09:30:53.570,4.742,17400
2020-09-08 09:30:53.610,4.743,10000
2020-09-08 09:30:53.610,4.743,3000
2020-09-08 09:30:53.800,4.743,1000
2020-09-08 09:30:53.820,4.743,3000
2020-09-08 09:30:54.030,4.742,32600
2020-09-08 09:30:54.030,4.742,1000
2020-09-08 09:30:54.030,4.742,300
2020-09-08 09:30:54.030,4.742,5000
2020-09-08 09:30:54.030,4.742,200
2020-09-08 09:30:54.030,4.742,20000
2020-09-08 09:30:54.030,4.742,2000
2020-09-08 09:30:54.030,4.742,500
2020-09-08 09:30:54.030,4.742,1000
2020-09-08 09:30:54.030,4.742,5000
2020-09-08 09:30:54.030,4.742,500
2020-09-08 09:30:54.030,4.742,100
2020-09-08 09:30:54.030,4.742,5300
2020-09-08 09:30:54.030,4.742,200
2020-09-08 09:30:54.030,4.742,100
2020-09-08 09:30:54.030,4.742,200
2020-09-08 09:30:54.030,4.742,5000
2020-09-08 09:30:54.030,4.742,3000
2020-09-08 09:30:54.030,4.742,2000
2020-09-08 09:30:54.030,4.742,300
2020-09-08 09:30:54.030,4.742,2200
2020-09-08 09:30:54.030,4.742,200
2020-09-08 09:30:54.030,4.742,700
2020-09-08 09:30:54.030,4.742,4500
2020-09-08 09:30:54.030,4.742,300
2020-09-08 09:30:54.030,4.742,400
2020-09-08 09:30:54.030,4.742,10000
2020-09-08 09:30:54.030,4.742,1100
2020-09-08 09:30:54.030,4.742,1200
2020-09-08 09:30:54.030,4.742,7700
2020-09-08 09:30:54.210,4.743,3000
2020-09-08 09:30:54.280,4.743,1100
2020-09-08 09:30:54.440,4.743,16200
2020-09-08 09:30:54.610,4.743,2900
2020-09-08 09:30:54.760,4.743,900
2020-09-08 09:30:54.830,4.743,1000
2020-09-08 09:30:54.890,4.743,2000
2020-09-08 09:30:54.970,4.743,100
2020-09-08 09:30:55.290,4.743,1000
2020-09-08 09:30:55.740,4.743,1100
2020-09-08 09:30:55.810,4.743,2000
2020-09-08 09:30:56.070,4.743,3000
2020-09-08 09:30:56.100,4.742,1000
2020-09-08 09:30:56.130,4.743,1000
2020-09-08 09:30:56.230,4.743,2200
2020-09-08 09:30:56.450,4.743,700
2020-09-08 09:30:56.580,4.743,1100
2020-09-08 09:30:56.610,4.743,100
2020-09-08 09:30:56.750,4.743,3000
2020-09-08 09:30:56.750,4.742,3700
2020-09-08 09:30:57.010,4.743,100
2020-09-08 09:30:57.010,4.743,100
2020-09-08 09:30:57.070,4.743,1000
2020-09-08 09:30:57.190,4.743,1700
2020-09-08 09:30:57.220,4.743,100
2020-09-08 09:30:57.220,4.743,200
2020-09-08 09:30:57.220,4.743,1000
2020-09-08 09:30:57.220,4.744,20000
2020-09-08 09:30:57.220,4.744,5400
2020-09-08 09:30:57.540,4.744,1100
2020-09-08 09:30:57.890,4.744,100
2020-09-08 09:30:57.980,4.744,1000
2020-09-08 09:30:58.070,4.744,200
2020-09-08 09:30:58.460,4.744,1100
2020-09-08 09:30:58.510,4.742,7600
2020-09-08 09:30:58.510,4.742,100
2020-09-08 09:30:58.510,4.742,300
2020-09-08 09:30:58.510,4.742,1000
2020-09-08 09:30:58.510,4.742,600
2020-09-08 09:30:58.510,4.742,100
2020-09-08 09:30:58.510,4.742,500
2020-09-08 09:30:58.510,4.742,3000
2020-09-08 09:30:58.510,4.742,4100
2020-09-08 09:30:58.570,4.744,500
2020-09-08 09:30:58.900,4.744,1000
2020-09-08 09:30:58.990,4.742,900
2020-09-08 09:30:58.990,4.742,100
2020-09-08 09:30:58.990,4.742,400
2020-09-08 09:30:58.990,4.742,200
2020-09-08 09:30:58.990,4.742,1000
2020-09-08 09:30:58.990,4.742,200
2020-09-08 09:30:58.990,4.742,2000
2020-09-08 09:30:58.990,4.742,200
2020-09-08 09:30:59.350,4.744,1100
2020-09-08 09:30:59.570,4.744,100
2020-09-08 09:30:59.600,4.742,500
2020-09-08 09:30:59.760,4.744,1000
2020-09-08 09:30:59.820,4.744,1700
2020-09-08 09:30:59.850,4.744,1700
2020-09-08 09:30:59.920,4.743,200
2020-09-08 09:30:59.920,4.742,2000
2020-09-08 09:31:00.070,4.744,100
2020-09-08 09:31:00.170,4.742,1000
2020-09-08 09:31:00.230,4.744,1100
2020-09-08 09:31:00.260,4.744,1100
2020-09-08 09:31:00.380,4.744,5000
2020-09-08 09:31:00.410,4.742,6300
2020-09-08 09:31:00.410,4.742,100
2020-09-08 09:31:00.410,4.742,1200
2020-09-08 09:31:00.410,4.742,100
2020-09-08 09:31:00.410,4.742,100
2020-09-08 09:31:00.410,4.742,5600
2020-09-08 09:31:00.550,4.743,100
2020-09-08 09:31:00.770,4.743,1000
2020-09-08 09:31:01.330,4.743,1000
2020-09-08 09:31:01.770,4.743,5600
2020-09-08 09:31:01.770,4.743,1000
2020-09-08 09:31:01.770,4.744,7200
2020-09-08 09:31:01.770,4.745,300
2020-09-08 09:31:01.770,4.745,6000
2020-09-08 09:31:01.770,4.745,23700
2020-09-08 09:31:01.770,4.745,10000
2020-09-08 09:31:01.770,4.745,86200
2020-09-08 09:31:01.860,4.745,200
2020-09-08 09:31:02.340,4.743,1000
2020-09-08 09:31:02.340,4.745,2000
2020-09-08 09:31:02.370,4.743,10000
2020-09-08 09:31:02.560,4.744,100
2020-09-08 09:31:02.560,4.743,1900
2020-09-08 09:31:02.760,4.743,24700
2020-09-08 09:31:02.930,4.744,300
2020-09-08 09:31:03.100,4.744,2000
2020-09-08 09:31:04.180,4.743,11000
2020-09-08 09:31:04.420,4.743,200
2020-09-08 09:31:05.310,4.743,9000
2020-09-08 09:31:05.340,4.743,5500
2020-09-08 09:31:05.480,4.744,200
2020-09-08 09:31:05.940,4.744,100
2020-09-08 09:31:06.250,4.743,1800
2020-09-08 09:31:06.370,4.743,100
2020-09-08 09:31:07.490,4.744,1700
2020-09-08 09:31:07.490,4.744,20000
2020-09-08 09:31:07.490,4.744,5000
2020-09-08 09:31:07.610,4.745,5000
2020-09-08 09:31:08.110,4.744,19100
2020-09-08 09:31:08.880,4.744,1000
2020-09-08 09:31:08.970,4.744,87100
2020-09-08 09:31:08.970,4.744,500
2020-09-08 09:31:08.970,4.744,18300
2020-09-08 09:31:09.190,4.744,14700
2020-09-08 09:31:09.190,4.744,300
2020-09-08 09:31:09.190,4.743,14800
2020-09-08 09:31:09.190,4.743,10000
2020-09-08 09:31:09.190,4.743,100
2020-09-08 09:31:09.190,4.743,2200
2020-09-08 09:31:09.190,4.743,1000
2020-09-08 09:31:09.190,4.743,8500
2020-09-08 09:31:09.190,4.743,5000
2020-09-08 09:31:09.190,4.743,200
2020-09-08 09:31:09.190,4.743,1500
2020-09-08 09:31:09.190,4.743,10500
2020-09-08 09:31:09.190,4.743,200
2020-09-08 09:31:09.190,4.743,3100
2020-09-08 09:31:09.750,4.743,6500
2020-09-08 09:31:10.010,4.743,3000
2020-09-08 09:31:10.210,4.742,9200
2020-09-08 09:31:10.390,4.742,5200
2020-09-08 09:31:10.390,4.742,100
2020-09-08 09:31:10.390,4.742,300
2020-09-08 09:31:10.390,4.742,2100
2020-09-08 09:31:10.390,4.742,500
2020-09-08 09:31:10.390,4.742,1800
2020-09-08 09:31:11.320,4.742,200
2020-09-08 09:31:11.320,4.742,200
2020-09-08 09:31:11.320,4.742,200
2020-09-08 09:31:11.320,4.742,1000
2020-09-08 09:31:11.320,4.742,200
2020-09-08 09:31:11.320,4.742,100
2020-09-08 09:31:11.320,4.742,100
2020-09-08 09:31:11.320,4.742,1000
2020-09-08 09:31:11.640,4.743,3300
2020-09-08 09:31:11.830,4.743,300
2020-09-08 09:31:11.830,4.743,200
2020-09-08 09:31:11.830,4.743,100
2020-09-08 09:31:12.670,4.743,4500
2020-09-08 09:31:12.670,4.743,5000
2020-09-08 09:31:12.670,4.743,100
2020-09-08 09:31:12.670,4.743,400
2020-09-08 09:31:12.930,4.743,100
2020-09-08 09:31:12.930,4.743,1900
2020-09-08 09:31:13.200,4.743,1000
2020-09-08 09:31:13.200,4.743,18100
2020-09-08 09:31:13.200,4.744,7500
2020-09-08 09:31:13.200,4.744,10500
2020-09-08 09:31:13.200,4.744,4000
2020-09-08 09:31:13.200,4.744,1600
2020-09-08 09:31:13.200,4.744,2000
2020-09-08 09:31:13.350,4.744,1600
2020-09-08 09:31:13.660,4.744,20000
2020-09-08 09:31:13.850,4.744,10000
2020-09-08 09:31:14.090,4.744,3000
2020-09-08 09:31:14.890,4.744,1000
2020-09-08 09:31:15.110,4.744,1000
2020-09-08 09:31:15.250,4.745,200
2020-09-08 09:31:15.460,4.745,3400
2020-09-08 09:31:15.790,4.744,19700
2020-09-08 09:31:15.790,4.744,10000
2020-09-08 09:31:15.790,4.743,1000
2020-09-08 09:31:15.790,4.743,4200
2020-09-08 09:31:15.790,4.742,5300
2020-09-08 09:31:15.790,4.742,200
2020-09-08 09:31:15.790,4.742,100
2020-09-08 09:31:15.790,4.742,100
2020-09-08 09:31:15.790,4.742,100
2020-09-08 09:31:15.790,4.742,500
2020-09-08 09:31:15.790,4.742,5000
2020-09-08 09:31:15.790,4.742,1000
2020-09-08 09:31:15.790,4.742,4000
2020-09-08 09:31:15.970,4.744,2800
2020-09-08 09:31:16.990,4.744,100
2020-09-08 09:31:16.990,4.744,7100
2020-09-08 09:31:16.990,4.744,1000
2020-09-08 09:31:16.990,4.744,600
2020-09-08 09:31:16.990,4.742,1000
2020-09-08 09:31:16.990,4.742,300
2020-09-08 09:31:18.160,4.744,1000
2020-09-08 09:31:18.160,4.744,1500
2020-09-08 09:31:18.160,4.745,4900
2020-09-08 09:31:18.550,4.744,500
2020-09-08 09:31:18.550,4.744,2500
2020-09-08 09:31:18.780,4.744,1000
2020-09-08 09:31:19.450,4.744,1000
2020-09-08 09:31:19.780,4.744,700
2020-09-08 09:31:19.780,4.744,200
2020-09-08 09:31:20.080,4.744,100
2020-09-08 09:31:21.000,4.744,5500
2020-09-08 09:31:21.000,4.744,100
2020-09-08 09:31:21.330,4.744,1000
2020-09-08 09:31:21.330,4.745,299000
2020-09-08 09:31:21.630,4.743,100
2020-09-08 09:31:21.630,4.743,10000
2020-09-08 09:31:21.630,4.743,100
2020-09-08 09:31:21.750,4.743,400
2020-09-08 09:31:21.750,4.745,599100
2020-09-08 09:31:21.750,4.745,53700
2020-09-08 09:31:21.750,4.745,2100
2020-09-08 09:31:21.750,4.745,300
2020-09-08 09:31:21.750,4.745,3000
2020-09-08 09:31:21.750,4.745,1000
2020-09-08 09:31:21.910,4.745,100000
2020-09-08 09:31:22.330,4.745,2000
2020-09-08 09:31:23.040,4.745,50000
2020-09-08 09:31:23.100,4.746,2000
2020-09-08 09:31:23.100,4.746,23100
2020-09-08 09:31:23.100,4.746,109700
2020-09-08 09:31:23.220,4.745,30000
2020-09-08 09:31:24.370,4.745,33000
2020-09-08 09:31:24.920,4.745,17300
2020-09-08 09:31:25.330,4.745,2500
2020-09-08 09:31:25.330,4.745,5100
2020-09-08 09:31:27.000,4.745,1200
2020-09-08 09:31:27.060,4.745,1400
2020-09-08 09:31:27.130,4.745,5700
2020-09-08 09:31:27.160,4.745,5000
2020-09-08 09:31:27.900,4.745,100
2020-09-08 09:31:28.200,4.745,20200
2020-09-08 09:31:28.650,4.745,300
2020-09-08 09:31:29.760,4.745,7700
2020-09-08 09:31:30.020,4.746,10000
2020-09-08 09:31:30.140,4.746,23000
2020-09-08 09:31:30.610,4.745,20000
2020-09-08 09:31:30.930,4.745,4000
2020-09-08 09:31:31.400,4.746,1000
2020-09-08 09:31:31.870,4.745,1500
2020-09-08 09:31:31.940,4.745,200
2020-09-08 09:31:33.240,4.746,1000
2020-09-08 09:31:33.330,4.746,5300
2020-09-08 09:31:33.330,4.746,10500
2020-09-08 09:31:33.330,4.746,100
2020-09-08 09:31:33.330,4.746,100
2020-09-08 09:31:33.330,4.746,600
2020-09-08 09:31:33.330,4.746,41500
2020-09-08 09:31:33.330,4.746,50000
2020-09-08 09:31:33.330,4.746,10900
2020-09-08 09:31:33.330,4.747,28800
2020-09-08 09:31:33.330,4.747,747400
2020-09-08 09:31:33.330,4.747,4400
2020-09-08 09:31:33.330,4.747,400
2020-09-08 09:31:34.610,4.746,1000
2020-09-08 09:31:35.260,4.746,15000
2020-09-08 09:31:35.330,4.747,5000
2020-09-08 09:31:35.890,4.746,1500
2020-09-08 09:31:36.090,4.746,5000
2020-09-08 09:31:36.740,4.746,98700
2020-09-08 09:31:37.130,4.747,14600
2020-09-08 09:31:37.130,4.747,30000
2020-09-08 09:31:37.130,4.747,10000
2020-09-08 09:31:37.130,4.747,200
2020-09-08 09:31:37.130,4.747,5000
2020-09-08 09:31:37.130,4.747,5000
2020-09-08 09:31:37.130,4.747,11400
2020-09-08 09:31:37.130,4.747,200
2020-09-08 09:31:37.130,4.747,1000
2020-09-08 09:31:37.900,4.747,100
2020-09-08 09:31:38.670,4.748,100
2020-09-08 09:31:38.670,4.748,100
2020-09-08 09:31:38.700,4.748,100
2020-09-08 09:31:38.700,4.748,100
2020-09-08 09:31:38.700,4.748,100
2020-09-08 09:31:38.700,4.748,100
2020-09-08 09:31:38.700,4.748,100
2020-09-08 09:31:38.700,4.748,100
2020-09-08 09:31:38.700,4.748,100
2020-09-08 09:31:38.760,4.748,100
2020-09-08 09:31:38.760,4.748,100
2020-09-08 09:31:38.760,4.748,100
2020-09-08 09:31:38.760,4.748,100
2020-09-08 09:31:38.760,4.748,100
2020-09-08 09:31:38.760,4.748,100
2020-09-08 09:31:38.820,4.748,100
2020-09-08 09:31:38.820,4.748,100
2020-09-08 09:31:38.820,4.748,100
2020-09-08 09:31:38.820,4.748,100
2020-09-08 09:31:38.820,4.748,100
2020-09-08 09:31:38.880,4.748,100
2020-09-08 09:31:38.880,4.748,100
2020-09-08 09:31:38.880,4.748,100
2020-09-08 09:31:38.880,4.748,100
2020-09-08 09:31:38.880,4.748,100
2020-09-08 09:31:38.880,4.748,100
2020-09-08 09:31:38.880,4.748,100
2020-09-08 09:31:38.880,4.748,100
2020-09-08 09:31:38.880,4.748,100
2020-09-08 09:31:38.910,4.748,100
2020-09-08 09:31:38.910,4.748,100
2020-09-08 09:31:38.910,4.748,100
2020-09-08 09:31:38.940,4.747,3500
2020-09-08 09:31:38.980,4.748,100
2020-09-08 09:31:38.980,4.748,100
2020-09-08 09:31:38.980,4.748,100
2020-09-08 09:31:38.980,4.748,100
2020-09-08 09:31:38.980,4.748,100
2020-09-08 09:31:38.980,4.748,100
2020-09-08 09:31:39.010,4.748,100
2020-09-08 09:31:39.010,4.748,100
2020-09-08 09:31:39.010,4.748,100
2020-09-08 09:31:39.010,4.748,100
2020-09-08 09:31:39.010,4.748,100
2020-09-08 09:31:39.010,4.748,100
2020-09-08 09:31:39.010,4.748,100
2020-09-08 09:31:39.010,4.748,100
2020-09-08 09:31:39.120,4.748,100
2020-09-08 09:31:39.120,4.748,100
2020-09-08 09:31:39.120,4.748,100
2020-09-08 09:31:39.120,4.748,100
2020-09-08 09:31:39.120,4.748,100
2020-09-08 09:31:39.120,4.748,100
2020-09-08 09:31:39.210,4.748,100
2020-09-08 09:31:39.210,4.748,100
2020-09-08 09:31:39.210,4.748,100
2020-09-08 09:31:39.210,4.748,100
2020-09-08 09:31:39.270,4.748,100
2020-09-08 09:31:39.270,4.748,100
2020-09-08 09:31:39.270,4.748,100
2020-09-08 09:31:39.270,4.748,100
2020-09-08 09:31:39.270,4.748,100
2020-09-08 09:31:39.270,4.748,100
2020-09-08 09:31:39.340,4.748,100
2020-09-08 09:31:39.340,4.748,100
2020-09-08 09:31:39.340,4.748,100
2020-09-08 09:31:39.340,4.748,100
2020-09-08 09:31:39.340,4.748,100
2020-09-08 09:31:39.370,4.748,100
2020-09-08 09:31:39.370,4.748,100
2020-09-08 09:31:39.370,4.748,100
2020-09-08 09:31:39.370,4.748,100
2020-09-08 09:31:39.370,4.748,100
2020-09-08 09:31:39.390,4.748,100
2020-09-08 09:31:39.390,4.748,100
2020-09-08 09:31:39.390,4.748,100
2020-09-08 09:31:39.390,4.748,100
2020-09-08 09:31:39.390,4.748,100
2020-09-08 09:31:39.390,4.748,100
2020-09-08 09:31:39.450,4.748,100
2020-09-08 09:31:39.450,4.748,100
2020-09-08 09:31:39.450,4.748,100
2020-09-08 09:31:39.450,4.748,100
2020-09-08 09:31:39.450,4.748,100
2020-09-08 09:31:39.450,4.748,100
2020-09-08 09:31:39.520,4.748,100
2020-09-08 09:31:39.520,4.748,100
2020-09-08 09:31:39.520,4.748,100
2020-09-08 09:31:39.520,4.748,100
2020-09-08 09:31:39.580,4.748,100
2020-09-08 09:31:39.580,4.748,100
2020-09-08 09:31:40.200,4.747,300
2020-09-08 09:31:40.530,4.747,1000
2020-09-08 09:31:40.590,4.747,3000
2020-09-08 09:31:41.130,4.748,500
2020-09-08 09:31:41.430,4.747,500
2020-09-08 09:31:41.720,4.748,528400
2020-09-08 09:31:41.720,4.748,10000
2020-09-08 09:31:41.720,4.748,3000
2020-09-08 09:31:41.720,4.748,2400
2020-09-08 09:31:41.720,4.748,283800
2020-09-08 09:31:41.840,4.747,3500
2020-09-08 09:31:43.270,4.747,9800
2020-09-08 09:31:43.450,4.748,100
2020-09-08 09:31:43.510,4.748,100
2020-09-08 09:31:43.510,4.748,100
2020-09-08 09:31:43.510,4.748,100
2020-09-08 09:31:43.510,4.748,100
2020-09-08 09:31:43.510,4.748,100
2020-09-08 09:31:43.510,4.748,100
2020-09-08 09:31:43.510,4.748,100
2020-09-08 09:31:43.570,4.748,100
2020-09-08 09:31:43.570,4.748,100
2020-09-08 09:31:43.570,4.748,100
2020-09-08 09:31:43.570,4.748,100
2020-09-08 09:31:43.570,4.748,100
2020-09-08 09:31:43.570,4.748,100
2020-09-08 09:31:43.570,4.748,100
2020-09-08 09:31:43.630,4.748,100
2020-09-08 09:31:43.630,4.748,100
2020-09-08 09:31:43.630,4.748,100
2020-09-08 09:31:43.630,4.748,100
2020-09-08 09:31:43.630,4.748,100
2020-09-08 09:31:43.630,4.748,100
2020-09-08 09:31:43.630,4.747,200000
2020-09-08 09:31:43.660,4.748,100
2020-09-08 09:31:43.660,4.748,100
2020-09-08 09:31:43.660,4.748,100
2020-09-08 09:31:43.660,4.748,100
2020-09-08 09:31:43.660,4.748,100
2020-09-08 09:31:43.660,4.748,1000
2020-09-08 09:31:43.720,4.748,100
2020-09-08 09:31:43.720,4.748,100
2020-09-08 09:31:43.720,4.748,100
2020-09-08 09:31:43.720,4.748,100
2020-09-08 09:31:43.720,4.748,100
2020-09-08 09:31:43.720,4.748,100
2020-09-08 09:31:43.720,4.748,100
2020-09-08 09:31:43.720,4.748,100
2020-09-08 09:31:43.780,4.748,100
2020-09-08 09:31:43.780,4.748,100
2020-09-08 09:31:43.780,4.748,100
2020-09-08 09:31:43.780,4.748,100
2020-09-08 09:31:43.810,4.748,100
2020-09-08 09:31:43.810,4.748,100
2020-09-08 09:31:43.810,4.748,100
2020-09-08 09:31:43.810,4.748,100
2020-09-08 09:31:43.870,4.748,3000
2020-09-08 09:31:43.870,4.748,100
2020-09-08 09:31:43.870,4.748,100
2020-09-08 09:31:43.870,4.748,100
2020-09-08 09:31:43.870,4.748,100
2020-09-08 09:31:43.870,4.748,100
2020-09-08 09:31:43.870,4.748,100
2020-09-08 09:31:43.920,4.748,100
2020-09-08 09:31:43.920,4.748,100
2020-09-08 09:31:43.920,4.748,100
2020-09-08 09:31:43.920,4.748,100
2020-09-08 09:31:43.920,4.748,100
2020-09-08 09:31:43.920,4.748,100
2020-09-08 09:31:43.920,4.748,100
2020-09-08 09:31:43.920,4.748,100
2020-09-08 09:31:43.990,4.748,100
2020-09-08 09:31:43.990,4.748,100
2020-09-08 09:31:43.990,4.748,100
2020-09-08 09:31:43.990,4.748,100
2020-09-08 09:31:43.990,4.748,100
2020-09-08 09:31:44.020,4.748,100
2020-09-08 09:31:44.020,4.748,100
2020-09-08 09:31:44.020,4.748,100
2020-09-08 09:31:44.020,4.748,100
2020-09-08 09:31:44.020,4.748,100
2020-09-08 09:31:44.020,4.748,100
2020-09-08 09:31:44.020,4.748,100
2020-09-08 09:31:44.050,4.748,100
2020-09-08 09:31:44.050,4.748,100
2020-09-08 09:31:44.050,4.748,100
2020-09-08 09:31:44.050,4.748,100
2020-09-08 09:31:44.050,4.748,100
2020-09-08 09:31:44.140,4.748,100
2020-09-08 09:31:44.140,4.748,100
2020-09-08 09:31:44.140,4.748,100
2020-09-08 09:31:44.140,4.748,100
2020-09-08 09:31:44.140,4.748,100
2020-09-08 09:31:44.140,4.748,100
2020-09-08 09:31:44.140,4.748,100
2020-09-08 09:31:44.140,4.748,100
2020-09-08 09:31:44.140,4.748,100
2020-09-08 09:31:44.140,4.748,100
2020-09-08 09:31:44.140,4.748,100
2020-09-08 09:31:44.140,4.748,100
2020-09-08 09:31:44.220,4.748,100
2020-09-08 09:31:44.220,4.748,100
2020-09-08 09:31:44.220,4.748,100
2020-09-08 09:31:44.270,4.748,2200
2020-09-08 09:31:44.300,4.748,100
2020-09-08 09:31:44.300,4.748,100
2020-09-08 09:31:45.210,4.747,5000
2020-09-08 09:31:45.330,4.748,10000
2020-09-08 09:31:45.640,4.747,2000
2020-09-08 09:31:45.720,4.748,10000
2020-09-08 09:31:46.420,4.748,100
2020-09-08 09:31:46.540,4.748,100
2020-09-08 09:31:46.570,4.748,1000
2020-09-08 09:31:46.590,4.747,2200
2020-09-08 09:31:47.060,4.748,70700
2020-09-08 09:31:47.500,4.748,5000
2020-09-08 09:31:47.970,4.748,1700
2020-09-08 09:31:48.180,4.747,100
2020-09-08 09:31:48.180,4.747,4800
2020-09-08 09:31:48.390,4.748,1700
2020-09-08 09:31:48.540,4.748,400
2020-09-08 09:31:48.570,4.748,300000
2020-09-08 09:31:48.980,4.748,14200
2020-09-08 09:31:49.320,4.748,200
2020-09-08 09:31:49.440,4.748,2100
2020-09-08 09:31:49.500,4.748,11000
2020-09-08 09:31:50.280,4.747,2500
2020-09-08 09:31:50.280,4.747,100
2020-09-08 09:31:50.280,4.747,100
2020-09-08 09:31:50.280,4.747,5000
2020-09-08 09:31:50.280,4.747,2700
2020-09-08 09:31:50.280,4.747,600
2020-09-08 09:31:50.280,4.747,1500
2020-09-08 09:31:50.280,4.748,18500
2020-09-08 09:31:50.460,4.747,500
2020-09-08 09:31:50.460,4.748,500
2020-09-08 09:31:50.520,4.748,9100
2020-09-08 09:31:50.520,4.748,900
2020-09-08 09:31:50.700,4.746,3000
2020-09-08 09:31:51.200,4.747,5000
2020-09-08 09:31:51.200,4.747,5000
2020-09-08 09:31:51.200,4.746,5000
2020-09-08 09:31:51.530,4.747,2900
2020-09-08 09:31:51.940,4.747,500
2020-09-08 09:31:52.300,4.747,50000
2020-09-08 09:31:52.480,4.747,1000
2020-09-08 09:31:53.020,4.747,13500
2020-09-08 09:31:53.340,4.747,500
2020-09-08 09:31:53.360,4.747,600
2020-09-08 09:31:53.360,4.747,2000
2020-09-08 09:31:53.580,4.747,9600
2020-09-08 09:31:54.120,4.747,100
2020-09-08 09:31:54.720,4.746,100
2020-09-08 09:31:55.500,4.747,5700
2020-09-08 09:31:55.790,4.747,200
2020-09-08 09:31:57.620,4.746,41800
2020-09-08 09:31:57.650,4.747,100
2020-09-08 09:31:58.840,4.747,18500
2020-09-08 09:31:59.090,4.747,100
2020-09-08 09:31:59.390,4.747,2000
2020-09-08 09:31:59.390,4.747,400
2020-09-08 09:31:59.840,4.747,6000
2020-09-08 09:31:59.990,4.747,8500
2020-09-08 09:32:00.230,4.747,100
2020-09-08 09:32:01.220,4.747,5000
2020-09-08 09:32:01.500,4.747,10000
2020-09-08 09:32:02.010,4.747,1100
2020-09-08 09:32:02.010,4.747,5000
2020-09-08 09:32:02.010,4.747,31600
2020-09-08 09:32:02.170,4.747,1000
2020-09-08 09:32:02.410,4.747,700
2020-09-08 09:32:02.560,4.746,10000
2020-09-08 09:32:03.240,4.747,23300
2020-09-08 09:32:03.240,4.747,5000
2020-09-08 09:32:03.240,4.747,500
2020-09-08 09:32:03.240,4.747,1000
2020-09-08 09:32:03.240,4.747,200
2020-09-08 09:32:03.280,4.747,1800
2020-09-08 09:32:03.280,4.747,1200
2020-09-08 09:32:03.280,4.747,2200
2020-09-08 09:32:03.280,4.747,200
2020-09-08 09:32:03.280,4.747,3000
2020-09-08 09:32:03.280,4.747,2000
2020-09-08 09:32:03.280,4.747,5000
2020-09-08 09:32:03.280,4.747,9600
2020-09-08 09:32:03.310,4.747,2500
2020-09-08 09:32:03.350,4.746,18900
2020-09-08 09:32:03.350,4.746,5000
2020-09-08 09:32:03.350,4.746,900
2020-09-08 09:32:03.350,4.746,25200
2020-09-08 09:32:03.760,4.746,24400
2020-09-08 09:32:03.760,4.746,100
2020-09-08 09:32:03.760,4.746,4000
2020-09-08 09:32:03.760,4.746,100
2020-09-08 09:32:03.760,4.746,5000
2020-09-08 09:32:03.760,4.746,100
2020-09-08 09:32:03.760,4.746,1000
2020-09-08 09:32:03.760,4.746,400
2020-09-08 09:32:03.760,4.746,100
2020-09-08 09:32:03.760,4.746,5000
2020-09-08 09:32:03.760,4.746,300
2020-09-08 09:32:03.760,4.746,1600
2020-09-08 09:32:03.760,4.746,1000
2020-09-08 09:32:03.760,4.746,2000
2020-09-08 09:32:03.760,4.746,400
2020-09-08 09:32:03.760,4.746,3000
2020-09-08 09:32:03.760,4.746,1000
2020-09-08 09:32:03.760,4.746,500
2020-09-08 09:32:03.810,4.747,5000
2020-09-08 09:32:04.220,4.747,500
2020-09-08 09:32:04.360,4.747,100
2020-09-08 09:32:04.450,4.746,2300
2020-09-08 09:32:04.450,4.746,400
2020-09-08 09:32:04.450,4.746,200
2020-09-08 09:32:04.450,4.746,2200
2020-09-08 09:32:04.450,4.746,800
2020-09-08 09:32:04.450,4.746,2000
2020-09-08 09:32:04.450,4.746,100
2020-09-08 09:32:04.450,4.746,3600
2020-09-08 09:32:04.450,4.746,2000
2020-09-08 09:32:05.150,4.746,1200
2020-09-08 09:32:05.580,4.746,100
2020-09-08 09:32:05.960,4.746,300
2020-09-08 09:32:05.960,4.746,100
2020-09-08 09:32:06.680,4.746,1000
2020-09-08 09:32:06.960,4.746,1400
2020-09-08 09:32:07.360,4.746,1600
2020-09-08 09:32:07.360,4.746,3800
2020-09-08 09:32:07.360,4.746,88700
2020-09-08 09:32:07.360,4.746,10000
2020-09-08 09:32:07.360,4.747,32300
2020-09-08 09:32:07.360,4.747,22300
2020-09-08 09:32:07.360,4.747,10000
2020-09-08 09:32:07.360,4.747,10000
2020-09-08 09:32:07.360,4.747,300
2020-09-08 09:32:07.360,4.747,1000
2020-09-08 09:32:07.360,4.747,100
2020-09-08 09:32:07.360,4.747,2000
2020-09-08 09:32:07.360,4.747,10000
2020-09-08 09:32:07.360,4.747,10000
2020-09-08 09:32:07.360,4.747,400
2020-09-08 09:32:07.360,4.747,2000
2020-09-08 09:32:07.360,4.748,95500
2020-09-08 09:32:07.900,4.747,1000
2020-09-08 09:32:08.070,4.748,1700
2020-09-08 09:32:08.800,4.747,1000
2020-09-08 09:32:08.800,4.747,500
2020-09-08 09:32:08.800,4.745,900
2020-09-08 09:32:08.980,4.745,1400
2020-09-08 09:32:08.980,4.745,100
2020-09-08 09:32:08.980,4.745,5200
2020-09-08 09:32:08.980,4.745,200
2020-09-08 09:32:08.980,4.745,5000
2020-09-08 09:32:08.980,4.745,40000
2020-09-08 09:32:08.980,4.745,5000
2020-09-08 09:32:08.980,4.745,1000
2020-09-08 09:32:08.980,4.745,7700
2020-09-08 09:32:08.980,4.745,10000
2020-09-08 09:32:08.980,4.745,5900
2020-09-08 09:32:08.980,4.745,400
2020-09-08 09:32:08.980,4.745,20000
2020-09-08 09:32:08.980,4.745,1000
2020-09-08 09:32:08.980,4.745,1000
2020-09-08 09:32:08.980,4.745,11900
2020-09-08 09:32:08.980,4.745,10000
2020-09-08 09:32:08.980,4.745,200
2020-09-08 09:32:08.980,4.745,20000
2020-09-08 09:32:08.980,4.745,44400
2020-09-08 09:32:09.400,4.747,2200
2020-09-08 09:32:09.460,4.747,1000
2020-09-08 09:32:10.480,4.747,22600
2020-09-08 09:32:10.480,4.747,4200
2020-09-08 09:32:10.480,4.747,800
2020-09-08 09:32:10.510,4.747,200
2020-09-08 09:32:10.510,4.746,7500
2020-09-08 09:32:10.920,4.747,5000
2020-09-08 09:32:11.530,4.747,15000
2020-09-08 09:32:11.530,4.747,100
2020-09-08 09:32:12.530,4.747,2100
2020-09-08 09:32:12.530,4.747,500
2020-09-08 09:32:12.530,4.746,50000
2020-09-08 09:32:12.710,4.746,25000
2020-09-08 09:32:13.130,4.747,100
2020-09-08 09:32:13.220,4.746,5000
2020-09-08 09:32:13.420,4.746,1000
2020-09-08 09:32:13.420,4.747,100
2020-09-08 09:32:13.600,4.746,1600
2020-09-08 09:32:13.630,4.747,2300
2020-09-08 09:32:13.630,4.747,500
2020-09-08 09:32:13.740,4.747,2200
2020-09-08 09:32:14.490,4.746,9900
2020-09-08 09:32:14.490,4.746,100
2020-09-08 09:32:14.930,4.747,400
2020-09-08 09:32:14.960,4.746,900
2020-09-08 09:32:14.960,4.746,100
2020-09-08 09:32:14.960,4.746,700
2020-09-08 09:32:14.960,4.746,10000
2020-09-08 09:32:15.080,4.747,600
2020-09-08 09:32:15.530,4.747,1900
2020-09-08 09:32:15.530,4.747,3100
2020-09-08 09:32:16.010,4.745,400
2020-09-08 09:32:16.010,4.745,2000
2020-09-08 09:32:16.010,4.745,1100
2020-09-08 09:32:16.130,4.747,500
2020-09-08 09:32:16.300,4.747,300
2020-09-08 09:32:16.460,4.746,200
2020-09-08 09:32:16.640,4.746,300
2020-09-08 09:32:16.640,4.747,4700
2020-09-08 09:32:16.640,4.747,1000
2020-09-08 09:32:16.700,4.747,10000
2020-09-08 09:32:16.770,4.747,4000
2020-09-08 09:32:16.970,4.747,500
2020-09-08 09:32:17.840,4.746,1000
2020-09-08 09:32:17.840,4.747,5300
2020-09-08 09:32:18.390,4.745,100
2020-09-08 09:32:18.390,4.745,900
2020-09-08 09:32:18.540,4.747,500
2020-09-08 09:32:18.860,4.746,7900
2020-09-08 09:32:18.860,4.746,10000
2020-09-08 09:32:18.860,4.745,100
2020-09-08 09:32:19.010,4.746,500
2020-09-08 09:32:19.170,4.746,300
2020-09-08 09:32:19.330,4.746,100000
2020-09-08 09:32:19.390,4.745,1000
2020-09-08 09:32:19.450,4.746,1000
2020-09-08 09:32:19.770,4.745,100
2020-09-08 09:32:19.900,4.745,100
2020-09-08 09:32:19.990,4.745,300
2020-09-08 09:32:19.990,4.744,700
2020-09-08 09:32:20.400,4.745,2200
2020-09-08 09:32:20.400,4.745,1000
2020-09-08 09:32:20.400,4.746,2500
2020-09-08 09:32:20.500,4.746,100
2020-09-08 09:32:21.000,4.745,1000
2020-09-08 09:32:21.240,4.745,1000
2020-09-08 09:32:21.240,4.745,500
2020-09-08 09:32:21.270,4.745,10000
2020-09-08 09:32:21.400,4.745,5000
2020-09-08 09:32:21.810,4.745,1000
2020-09-08 09:32:21.810,4.745,2000
2020-09-08 09:32:22.100,4.744,200
2020-09-08 09:32:22.310,4.745,700
2020-09-08 09:32:23.030,4.745,100
2020-09-08 09:32:23.530,4.745,200
2020-09-08 09:32:23.590,4.745,2700
2020-09-08 09:32:23.590,4.745,2100
2020-09-08 09:32:23.590,4.745,200
2020-09-08 09:32:24.190,4.744,3100
2020-09-08 09:32:24.190,4.744,200
2020-09-08 09:32:24.190,4.744,200
2020-09-08 09:32:24.190,4.744,10500
2020-09-08 09:32:24.190,4.744,2100
2020-09-08 09:32:24.190,4.744,8000
2020-09-08 09:32:24.190,4.744,10000
2020-09-08 09:32:24.190,4.744,800
2020-09-08 09:32:24.190,4.744,10000
2020-09-08 09:32:24.190,4.744,500
2020-09-08 09:32:24.190,4.744,2000
2020-09-08 09:32:24.190,4.744,25700
2020-09-08 09:32:24.190,4.744,500
2020-09-08 09:32:24.320,4.744,2500
2020-09-08 09:32:24.590,4.744,5000
2020-09-08 09:32:25.050,4.743,10000
2020-09-08 09:32:25.050,4.743,100
2020-09-08 09:32:25.050,4.743,500
2020-09-08 09:32:25.050,4.743,1000
2020-09-08 09:32:25.050,4.743,60000
2020-09-08 09:32:25.050,4.742,400
2020-09-08 09:32:25.050,4.742,4000
2020-09-08 09:32:25.050,4.742,10000
2020-09-08 09:32:25.050,4.742,300
2020-09-08 09:32:25.050,4.742,2200
2020-09-08 09:32:25.050,4.742,1200
2020-09-08 09:32:25.050,4.742,300
2020-09-08 09:32:25.050,4.742,1000
2020-09-08 09:32:25.050,4.742,2400
2020-09-08 09:32:25.050,4.742,19100
2020-09-08 09:32:25.050,4.742,100
2020-09-08 09:32:25.050,4.742,500
2020-09-08 09:32:25.050,4.742,30000
2020-09-08 09:32:25.050,4.742,1000
2020-09-08 09:32:25.050,4.742,300
2020-09-08 09:32:25.050,4.742,3000
2020-09-08 09:32:25.050,4.742,50000
2020-09-08 09:32:25.050,4.742,4000
2020-09-08 09:32:25.050,4.742,100
2020-09-08 09:32:25.050,4.742,1000
2020-09-08 09:32:25.050,4.742,100
2020-09-08 09:32:25.050,4.742,1000
2020-09-08 09:32:25.050,4.742,10000
2020-09-08 09:32:25.050,4.742,30200
2020-09-08 09:32:25.050,4.742,5000
2020-09-08 09:32:25.050,4.742,200
2020-09-08 09:32:25.050,4.742,100
2020-09-08 09:32:25.050,4.742,200
2020-09-08 09:32:25.050,4.742,200
2020-09-08 09:32:25.050,4.742,2500
2020-09-08 09:32:25.050,4.742,5000
2020-09-08 09:32:25.050,4.742,1000
2020-09-08 09:32:25.050,4.742,7900
2020-09-08 09:32:25.050,4.742,34100
2020-09-08 09:32:25.170,4.744,100
2020-09-08 09:32:25.450,4.744,1000
2020-09-08 09:32:26.120,4.744,600
2020-09-08 09:32:26.350,4.744,100
2020-09-08 09:32:26.440,4.744,200
2020-09-08 09:32:26.820,4.744,200
2020-09-08 09:32:28.010,4.743,100
2020-09-08 09:32:28.280,4.743,5000
2020-09-08 09:32:28.490,4.743,400
2020-09-08 09:32:28.530,4.743,600
2020-09-08 09:32:30.560,4.743,26500
2020-09-08 09:32:30.560,4.744,73500
2020-09-08 09:32:30.670,4.744,500
2020-09-08 09:32:31.040,4.743,500
2020-09-08 09:32:31.040,4.743,9500
2020-09-08 09:32:31.040,4.744,300
2020-09-08 09:32:31.920,4.744,300
2020-09-08 09:32:32.290,4.744,200
2020-09-08 09:32:32.510,4.743,500
2020-09-08 09:32:32.510,4.742,1300
2020-09-08 09:32:33.490,4.744,4500
2020-09-08 09:32:33.490,4.744,500
2020-09-08 09:32:33.610,4.744,100
2020-09-08 09:32:33.850,4.742,14600
2020-09-08 09:32:33.850,4.742,100
2020-09-08 09:32:33.850,4.742,200
2020-09-08 09:32:33.850,4.741,800
2020-09-08 09:32:33.850,4.741,1000
2020-09-08 09:32:33.850,4.741,5000
2020-09-08 09:32:33.850,4.741,500
2020-09-08 09:32:33.850,4.741,3600
2020-09-08 09:32:33.850,4.741,1300
2020-09-08 09:32:33.850,4.741,22900
2020-09-08 09:32:34.680,4.744,100
2020-09-08 09:32:35.100,4.744,200
2020-09-08 09:32:35.510,4.742,400
2020-09-08 09:32:35.510,4.742,1000
2020-09-08 09:32:35.510,4.741,7800
2020-09-08 09:32:35.510,4.741,800
2020-09-08 09:32:35.550,4.741,100
2020-09-08 09:32:36.060,4.744,100
2020-09-08 09:32:36.410,4.744,8900
2020-09-08 09:32:36.410,4.744,1100
2020-09-08 09:32:36.410,4.744,100
2020-09-08 09:32:36.500,4.744,100
2020-09-08 09:32:36.850,4.742,1000
2020-09-08 09:32:37.110,4.742,6000
2020-09-08 09:32:37.450,4.742,2500
2020-09-08 09:32:38.400,4.742,500
2020-09-08 09:32:38.400,4.742,1700
2020-09-08 09:32:38.810,4.742,700
2020-09-08 09:32:38.810,4.742,1100
2020-09-08 09:32:38.840,4.742,1400
2020-09-08 09:32:39.040,4.743,100
2020-09-08 09:32:39.070,4.743,300
2020-09-08 09:32:39.410,4.742,1000
2020-09-08 09:32:39.460,4.742,50000
2020-09-08 09:32:40.140,4.742,100
2020-09-08 09:32:40.220,4.743,4300
2020-09-08 09:32:40.610,4.742,800
2020-09-08 09:32:40.660,4.742,20000
2020-09-08 09:32:40.660,4.743,15400
2020-09-08 09:32:40.660,4.743,84600
2020-09-08 09:32:40.840,4.742,12300
2020-09-08 09:32:40.840,4.742,30000
2020-09-08 09:32:40.840,4.742,1000
2020-09-08 09:32:40.840,4.741,59100
2020-09-08 09:32:40.840,4.741,8000
2020-09-08 09:32:40.840,4.741,1000
2020-09-08 09:32:40.840,4.741,1800
2020-09-08 09:32:40.840,4.741,2700
2020-09-08 09:32:40.840,4.741,10000
2020-09-08 09:32:40.840,4.741,100
2020-09-08 09:32:40.840,4.741,3000
2020-09-08 09:32:40.840,4.741,5000
2020-09-08 09:32:40.840,4.741,109200
2020-09-08 09:32:40.840,4.741,1000
2020-09-08 09:32:40.840,4.741,500
2020-09-08 09:32:40.840,4.741,5000
2020-09-08 09:32:40.840,4.741,2500
2020-09-08 09:32:40.840,4.741,500
2020-09-08 09:32:40.840,4.741,100
2020-09-08 09:32:40.840,4.741,47200
2020-09-08 09:32:41.260,4.743,5000
2020-09-08 09:32:42.050,4.741,400
2020-09-08 09:32:42.290,4.741,600
2020-09-08 09:32:43.300,4.742,100
2020-09-08 09:32:43.300,4.742,400
2020-09-08 09:32:44.600,4.742,100
2020-09-08 09:32:45.140,4.742,1000
2020-09-08 09:32:45.380,4.741,1800
2020-09-08 09:32:45.380,4.741,100
2020-09-08 09:32:45.700,4.742,100
2020-09-08 09:32:45.790,4.742,100
2020-09-08 09:32:46.030,4.742,1000
2020-09-08 09:32:46.680,4.742,500
2020-09-08 09:32:46.680,4.741,200
2020-09-08 09:32:46.990,4.742,2000
2020-09-08 09:32:47.260,4.742,100
2020-09-08 09:32:47.920,4.742,400
2020-09-08 09:32:47.980,4.741,4700
2020-09-08 09:32:47.980,4.741,10000
2020-09-08 09:32:47.980,4.741,1000
2020-09-08 09:32:47.980,4.741,100
2020-09-08 09:32:47.980,4.741,100
2020-09-08 09:32:47.980,4.741,200
2020-09-08 09:32:47.980,4.741,10400
2020-09-08 09:32:48.040,4.741,15400
2020-09-08 09:32:48.040,4.74,300
2020-09-08 09:32:48.040,4.74,200
2020-09-08 09:32:48.040,4.74,500
2020-09-08 09:32:48.040,4.74,3000
2020-09-08 09:32:48.040,4.74,500
2020-09-08 09:32:48.040,4.74,2200
2020-09-08 09:32:48.040,4.74,100
2020-09-08 09:32:48.040,4.74,3000
2020-09-08 09:32:48.040,4.74,300
2020-09-08 09:32:48.040,4.74,300
2020-09-08 09:32:48.040,4.74,600
2020-09-08 09:32:48.040,4.74,100
2020-09-08 09:32:48.040,4.74,200
2020-09-08 09:32:48.040,4.74,100
2020-09-08 09:32:48.040,4.74,100
2020-09-08 09:32:48.040,4.74,5000
2020-09-08 09:32:48.040,4.74,100
2020-09-08 09:32:48.040,4.74,8000
2020-09-08 09:32:48.170,4.742,200
2020-09-08 09:32:48.370,4.741,4200
2020-09-08 09:32:48.400,4.741,800
2020-09-08 09:32:48.400,4.742,2200
2020-09-08 09:32:48.500,4.741,100
2020-09-08 09:32:48.940,4.741,200
2020-09-08 09:32:49.270,4.741,300
2020-09-08 09:32:49.360,4.741,300
2020-09-08 09:32:49.910,4.741,7100
2020-09-08 09:32:49.910,4.741,2900
2020-09-08 09:32:50.090,4.74,1700
2020-09-08 09:32:50.090,4.74,100
2020-09-08 09:32:50.090,4.74,500
2020-09-08 09:32:50.090,4.74,300
2020-09-08 09:32:50.090,4.74,10000
2020-09-08 09:32:50.090,4.74,2000
2020-09-08 09:32:50.090,4.74,100
2020-09-08 09:32:50.090,4.74,500
2020-09-08 09:32:50.090,4.74,5000
2020-09-08 09:32:50.090,4.74,1400
2020-09-08 09:32:50.090,4.74,1500
2020-09-08 09:32:50.090,4.74,20000
2020-09-08 09:32:50.090,4.74,300
2020-09-08 09:32:50.090,4.74,100
2020-09-08 09:32:50.090,4.74,500
2020-09-08 09:32:50.090,4.74,200
2020-09-08 09:32:50.090,4.74,2000
2020-09-08 09:32:50.090,4.74,100
2020-09-08 09:32:50.090,4.74,3000
2020-09-08 09:32:50.090,4.74,500
2020-09-08 09:32:50.090,4.74,200
2020-09-08 09:32:50.610,4.741,100
2020-09-08 09:32:50.940,4.741,2100
2020-09-08 09:32:51.750,4.741,3700
2020-09-08 09:32:51.750,4.741,300
2020-09-08 09:32:51.750,4.741,400
2020-09-08 09:32:51.750,4.741,600
2020-09-08 09:32:52.020,4.741,5300
2020-09-08 09:32:52.190,4.741,200
2020-09-08 09:32:52.800,4.741,100
2020-09-08 09:32:53.260,4.741,1000
2020-09-08 09:32:53.260,4.741,1000
2020-09-08 09:32:53.590,4.741,1500
2020-09-08 09:32:55.370,4.741,100
2020-09-08 09:32:56.000,4.741,3000
2020-09-08 09:32:56.140,4.741,500
2020-09-08 09:32:56.850,4.74,5000
2020-09-08 09:32:57.060,4.741,100
2020-09-08 09:32:57.350,4.741,1000
2020-09-08 09:32:57.500,4.74,1300
2020-09-08 09:32:57.500,4.74,900
2020-09-08 09:32:57.500,4.74,1000
2020-09-08 09:32:57.500,4.74,2000
2020-09-08 09:32:57.500,4.74,100
2020-09-08 09:32:57.500,4.74,600
2020-09-08 09:32:57.500,4.74,400
2020-09-08 09:32:57.500,4.74,1000
2020-09-08 09:32:57.500,4.74,200
2020-09-08 09:32:57.500,4.74,500
2020-09-08 09:32:57.500,4.74,100
2020-09-08 09:32:57.500,4.74,2000
2020-09-08 09:32:57.500,4.74,100
2020-09-08 09:32:57.500,4.74,2200
2020-09-08 09:32:57.500,4.74,2000
2020-09-08 09:32:57.500,4.74,1700
2020-09-08 09:32:57.500,4.74,500
2020-09-08 09:32:57.500,4.74,1000
2020-09-08 09:32:57.500,4.74,200
2020-09-08 09:32:57.500,4.74,1000
2020-09-08 09:32:57.500,4.74,1000
2020-09-08 09:32:57.500,4.74,2000
2020-09-08 09:32:57.500,4.74,500
2020-09-08 09:32:57.500,4.74,100
2020-09-08 09:32:57.500,4.74,2400
2020-09-08 09:32:57.500,4.74,2600
2020-09-08 09:32:57.500,4.74,2100
2020-09-08 09:32:57.500,4.74,1000
2020-09-08 09:32:57.500,4.74,100
2020-09-08 09:32:57.500,4.74,700
2020-09-08 09:32:57.500,4.74,3000
2020-09-08 09:32:57.500,4.74,14800
2020-09-08 09:32:57.690,4.741,11300
2020-09-08 09:32:57.690,4.741,100
2020-09-08 09:32:57.690,4.741,8600
2020-09-08 09:32:57.730,4.741,100
2020-09-08 09:32:58.270,4.741,13300
2020-09-08 09:32:58.270,4.741,9900
2020-09-08 09:32:58.270,4.741,20000
2020-09-08 09:32:58.270,4.741,5000
2020-09-08 09:32:58.270,4.741,4000
2020-09-08 09:32:58.270,4.741,1200
2020-09-08 09:32:58.330,4.741,1000
2020-09-08 09:32:58.510,4.741,1300
2020-09-08 09:32:58.850,4.741,2000
2020-09-08 09:33:00.550,4.741,9900
2020-09-08 09:33:00.980,4.741,3000
2020-09-08 09:33:01.170,4.741,20000
2020-09-08 09:33:02.290,4.742,800
2020-09-08 09:33:02.290,4.742,4700
2020-09-08 09:33:02.420,4.742,3600
2020-09-08 09:33:02.700,4.741,9400
2020-09-08 09:33:02.700,4.741,100
2020-09-08 09:33:02.700,4.741,2100
2020-09-08 09:33:02.700,4.741,1000
2020-09-08 09:33:02.700,4.741,7400
2020-09-08 09:33:02.700,4.741,100
2020-09-08 09:33:02.730,4.741,7000
2020-09-08 09:33:03.240,4.741,200
2020-09-08 09:33:03.240,4.741,125300
2020-09-08 09:33:03.240,4.741,1700
2020-09-08 09:33:03.880,4.74,1900
2020-09-08 09:33:04.520,4.741,300
2020-09-08 09:33:04.620,4.741,500
2020-09-08 09:33:05.260,4.741,100
2020-09-08 09:33:05.480,4.741,800
2020-09-08 09:33:05.480,4.741,100
2020-09-08 09:33:05.480,4.741,4000
2020-09-08 09:33:05.480,4.741,45100
2020-09-08 09:33:05.590,4.74,10300
2020-09-08 09:33:06.070,4.741,1000
2020-09-08 09:33:06.400,4.741,200
2020-09-08 09:33:07.440,4.74,23000
2020-09-08 09:33:07.440,4.74,1000
2020-09-08 09:33:07.440,4.74,16200
2020-09-08 09:33:07.440,4.74,12000
2020-09-08 09:33:07.440,4.74,100
2020-09-08 09:33:07.440,4.74,10000
2020-09-08 09:33:07.440,4.74,500
2020-09-08 09:33:07.440,4.74,200
2020-09-08 09:33:07.440,4.74,500
2020-09-08 09:33:07.440,4.74,10000
2020-09-08 09:33:07.440,4.74,3300
2020-09-08 09:33:07.440,4.74,15100
2020-09-08 09:33:07.440,4.74,10000
2020-09-08 09:33:07.440,4.74,3000
2020-09-08 09:33:07.440,4.74,500
2020-09-08 09:33:07.440,4.74,5500
2020-09-08 09:33:07.440,4.74,100
2020-09-08 09:33:07.440,4.74,1000
2020-09-08 09:33:07.440,4.74,200
2020-09-08 09:33:07.440,4.74,200
2020-09-08 09:33:07.440,4.74,3000
2020-09-08 09:33:07.440,4.74,400
2020-09-08 09:33:07.440,4.74,3000
2020-09-08 09:33:07.440,4.74,100
2020-09-08 09:33:07.440,4.74,4200
2020-09-08 09:33:07.440,4.74,700
2020-09-08 09:33:07.440,4.74,200
2020-09-08 09:33:07.440,4.74,200
2020-09-08 09:33:07.440,4.74,100
2020-09-08 09:33:07.440,4.74,400
2020-09-08 09:33:07.440,4.74,3000
2020-09-08 09:33:07.440,4.74,200
2020-09-08 09:33:07.440,4.74,500
2020-09-08 09:33:07.440,4.74,1000
2020-09-08 09:33:07.440,4.74,5000
2020-09-08 09:33:07.440,4.74,100
2020-09-08 09:33:07.440,4.74,1000
2020-09-08 09:33:07.440,4.74,300
2020-09-08 09:33:07.440,4.74,30000
2020-09-08 09:33:07.440,4.74,200
2020-09-08 09:33:07.440,4.74,100
2020-09-08 09:33:07.440,4.74,2000
2020-09-08 09:33:07.440,4.74,500
2020-09-08 09:33:07.440,4.74,10000
2020-09-08 09:33:07.440,4.74,200
2020-09-08 09:33:07.440,4.74,500
2020-09-08 09:33:07.440,4.74,2000
2020-09-08 09:33:07.440,4.74,200
2020-09-08 09:33:07.440,4.74,5000
2020-09-08 09:33:07.690,4.74,3700
2020-09-08 09:33:07.980,4.74,1000
2020-09-08 09:33:08.520,4.74,1600
2020-09-08 09:33:08.770,4.74,100
2020-09-08 09:33:09.030,4.74,10000
2020-09-08 09:33:09.090,4.74,100
2020-09-08 09:33:09.180,4.739,400
2020-09-08 09:33:09.180,4.739,1700
2020-09-08 09:33:09.180,4.739,7300
2020-09-08 09:33:09.370,4.74,5000
2020-09-08 09:33:09.480,4.74,1000
2020-09-08 09:33:10.340,4.74,500
2020-09-08 09:33:10.590,4.739,1700
2020-09-08 09:33:11.330,4.74,1000
2020-09-08 09:33:11.350,4.74,100
2020-09-08 09:33:12.060,4.74,4200
2020-09-08 09:33:12.150,4.74,15000
2020-09-08 09:33:12.300,4.74,2500
2020-09-08 09:33:13.170,4.74,6000
2020-09-08 09:33:14.370,4.74,100
2020-09-08 09:33:14.710,4.74,100
2020-09-08 09:33:15.440,4.74,2900
2020-09-08 09:33:15.460,4.74,6000
2020-09-08 09:33:15.500,4.74,300
2020-09-08 09:33:15.670,4.74,300
2020-09-08 09:33:15.730,4.74,1000
2020-09-08 09:33:15.800,4.739,1000
2020-09-08 09:33:15.890,4.739,5000
2020-09-08 09:33:16.330,4.739,35000
2020-09-08 09:33:16.330,4.739,2300
2020-09-08 09:33:16.330,4.739,400
2020-09-08 09:33:16.330,4.739,100
2020-09-08 09:33:16.330,4.739,13900
2020-09-08 09:33:16.330,4.739,300
2020-09-08 09:33:16.390,4.74,3000
2020-09-08 09:33:17.020,4.74,200
2020-09-08 09:33:17.290,4.74,1000
2020-09-08 09:33:17.810,4.739,1100
2020-09-08 09:33:17.870,4.74,2000
2020-09-08 09:33:18.480,4.74,10000
2020-09-08 09:33:19.410,4.74,500
2020-09-08 09:33:19.410,4.74,5000
2020-09-08 09:33:20.100,4.739,400
2020-09-08 09:33:20.100,4.739,300
2020-09-08 09:33:20.280,4.74,100
2020-09-08 09:33:20.620,4.739,2800
2020-09-08 09:33:20.620,4.739,200
2020-09-08 09:33:20.620,4.739,1900
2020-09-08 09:33:20.620,4.739,3000
2020-09-08 09:33:20.620,4.739,100
2020-09-08 09:33:20.620,4.739,5000
2020-09-08 09:33:20.620,4.739,200
2020-09-08 09:33:20.620,4.739,100
2020-09-08 09:33:20.620,4.739,1000
2020-09-08 09:33:20.620,4.739,10700
2020-09-08 09:33:20.960,4.739,1000
2020-09-08 09:33:21.280,4.739,1200
2020-09-08 09:33:21.370,4.74,4200
2020-09-08 09:33:21.860,4.74,2000
2020-09-08 09:33:21.910,4.739,1300
2020-09-08 09:33:21.910,4.739,1000
2020-09-08 09:33:21.910,4.739,1200
2020-09-08 09:33:21.910,4.739,300
2020-09-08 09:33:21.910,4.74,100
2020-09-08 09:33:21.950,4.739,1000
2020-09-08 09:33:22.370,4.739,3500
2020-09-08 09:33:22.370,4.739,5000
2020-09-08 09:33:22.370,4.739,800
2020-09-08 09:33:22.370,4.739,1700
2020-09-08 09:33:22.400,4.74,2000
2020-09-08 09:33:22.770,4.74,17600
2020-09-08 09:33:22.870,4.739,3000
2020-09-08 09:33:22.870,4.739,7000
2020-09-08 09:33:23.440,4.739,5300
2020-09-08 09:33:24.260,4.739,15600
2020-09-08 09:33:24.650,4.74,1300
2020-09-08 09:33:24.650,4.74,3700
2020-09-08 09:33:25.030,4.739,12100
2020-09-08 09:33:25.030,4.739,2000
2020-09-08 09:33:25.030,4.739,100
2020-09-08 09:33:25.030,4.739,2000
2020-09-08 09:33:25.860,4.739,10300
2020-09-08 09:33:25.860,4.739,30000
2020-09-08 09:33:25.860,4.739,1200
2020-09-08 09:33:26.080,4.739,31300
2020-09-08 09:33:26.230,4.74,9600
2020-09-08 09:33:26.230,4.74,27200
2020-09-08 09:33:26.260,4.739,201700
2020-09-08 09:33:26.260,4.74,78900
2020-09-08 09:33:26.260,4.74,200
2020-09-08 09:33:26.260,4.74,16900
2020-09-08 09:33:26.260,4.74,2800
2020-09-08 09:33:26.260,4.74,2000
2020-09-08 09:33:26.260,4.74,500
2020-09-08 09:33:26.260,4.74,20000
2020-09-08 09:33:26.260,4.741,1600
2020-09-08 09:33:26.260,4.741,200
2020-09-08 09:33:26.260,4.741,5000
2020-09-08 09:33:26.260,4.741,500
2020-09-08 09:33:26.260,4.741,100
2020-09-08 09:33:26.260,4.741,10000
2020-09-08 09:33:26.260,4.741,2000
2020-09-08 09:33:26.260,4.741,100
2020-09-08 09:33:26.260,4.741,2000
2020-09-08 09:33:26.260,4.742,7300
2020-09-08 09:33:26.580,4.74,600
2020-09-08 09:33:26.890,4.74,1500
2020-09-08 09:33:28.070,4.74,6400
2020-09-08 09:33:28.310,4.74,5000
2020-09-08 09:33:28.860,4.74,600
2020-09-08 09:33:29.290,4.74,10100
2020-09-08 09:33:29.490,4.739,500
2020-09-08 09:33:29.590,4.739,100
2020-09-08 09:33:29.770,4.74,100
2020-09-08 09:33:29.830,4.74,1000
2020-09-08 09:33:30.520,4.74,3600
2020-09-08 09:33:30.520,4.74,800
2020-09-08 09:33:30.990,4.739,1600
2020-09-08 09:33:31.130,4.74,4200
2020-09-08 09:33:31.480,4.74,5000
2020-09-08 09:33:32.160,4.74,1800
2020-09-08 09:33:33.100,4.74,20000
2020-09-08 09:33:33.310,4.74,7200
2020-09-08 09:33:34.190,4.741,1000
2020-09-08 09:33:34.350,4.74,100
2020-09-08 09:33:34.850,4.741,2000
2020-09-08 09:33:34.850,4.741,200
2020-09-08 09:33:34.850,4.741,3200
2020-09-08 09:33:34.850,4.742,14600
2020-09-08 09:33:34.850,4.74,200
2020-09-08 09:33:35.130,4.742,200
2020-09-08 09:33:35.470,4.74,2000
2020-09-08 09:33:35.560,4.74,500
2020-09-08 09:33:35.650,4.74,4100
2020-09-08 09:33:35.720,4.74,5000
2020-09-08 09:33:37.020,4.74,100
2020-09-08 09:33:37.890,4.74,100
2020-09-08 09:33:38.680,4.74,1300
2020-09-08 09:33:39.210,4.74,300
2020-09-08 09:33:39.270,4.74,100
2020-09-08 09:33:39.270,4.74,14900
2020-09-08 09:33:39.300,4.74,200
2020-09-08 09:33:39.740,4.74,7400
2020-09-08 09:33:39.770,4.74,200
2020-09-08 09:33:39.800,4.742,26600
2020-09-08 09:33:39.800,4.742,5000
2020-09-08 09:33:39.800,4.742,3000
2020-09-08 09:33:39.800,4.742,500
2020-09-08 09:33:39.800,4.742,5000
2020-09-08 09:33:39.800,4.742,500
2020-09-08 09:33:39.800,4.742,59400
2020-09-08 09:33:39.830,4.74,100000
2020-09-08 09:33:40.470,4.741,200
2020-09-08 09:33:41.970,4.741,3000
2020-09-08 09:33:42.180,4.741,1000
2020-09-08 09:33:42.450,4.741,100
2020-09-08 09:33:42.570,4.741,2200
2020-09-08 09:33:43.740,4.742,100
2020-09-08 09:33:43.740,4.741,2200
2020-09-08 09:33:43.920,4.741,900
2020-09-08 09:33:44.070,4.741,10400
2020-09-08 09:33:44.070,4.741,1000
2020-09-08 09:33:44.070,4.741,1000
2020-09-08 09:33:44.070,4.741,2200
2020-09-08 09:33:44.070,4.741,5400
2020-09-08 09:33:44.810,4.741,4600
2020-09-08 09:33:44.810,4.741,1400
2020-09-08 09:33:44.840,4.741,100
2020-09-08 09:33:45.470,4.742,1400
2020-09-08 09:33:45.650,4.742,100
2020-09-08 09:33:46.000,4.74,100
2020-09-08 09:33:46.000,4.74,300
2020-09-08 09:33:46.000,4.74,200
2020-09-08 09:33:46.000,4.74,400
2020-09-08 09:33:46.000,4.74,20000
2020-09-08 09:33:46.000,4.74,200
2020-09-08 09:33:46.030,4.74,1000
2020-09-08 09:33:46.480,4.742,39000
2020-09-08 09:33:46.480,4.742,2000
2020-09-08 09:33:46.540,4.742,500
2020-09-08 09:33:47.200,4.742,800
2020-09-08 09:33:49.090,4.742,35700
2020-09-08 09:33:49.420,4.742,30000
2020-09-08 09:33:51.580,4.742,34500
2020-09-08 09:33:53.160,4.742,65500
2020-09-08 09:33:53.160,4.742,500
2020-09-08 09:33:53.160,4.742,10000
2020-09-08 09:33:53.160,4.742,2000
2020-09-08 09:33:54.110,4.742,400
2020-09-08 09:33:54.210,4.742,1000
2020-09-08 09:33:55.290,4.742,10000
2020-09-08 09:33:55.380,4.742,1500
2020-09-08 09:33:55.660,4.742,100000
2020-09-08 09:33:56.080,4.742,16800
2020-09-08 09:33:56.670,4.742,100
2020-09-08 09:33:57.140,4.742,500
2020-09-08 09:33:57.490,4.742,1000
2020-09-08 09:33:58.210,4.741,1100
2020-09-08 09:33:58.360,4.742,200
2020-09-08 09:33:58.720,4.741,1100
2020-09-08 09:33:59.300,4.742,1000
2020-09-08 09:33:59.580,4.742,1000
2020-09-08 09:34:00.340,4.741,500
2020-09-08 09:34:00.710,4.742,200
2020-09-08 09:34:00.970,4.742,500
2020-09-08 09:34:02.190,4.742,700
2020-09-08 09:34:02.370,4.742,1300
2020-09-08 09:34:02.500,4.742,500
2020-09-08 09:34:02.880,4.742,2600
2020-09-08 09:34:03.150,4.742,400
2020-09-08 09:34:03.360,4.741,3300
2020-09-08 09:34:03.360,4.741,800
2020-09-08 09:34:03.360,4.741,2200
2020-09-08 09:34:03.360,4.741,21500
2020-09-08 09:34:03.360,4.74,8900
2020-09-08 09:34:03.360,4.74,3000
2020-09-08 09:34:03.360,4.74,2200
2020-09-08 09:34:03.360,4.74,500
2020-09-08 09:34:03.360,4.74,2400
2020-09-08 09:34:03.360,4.74,12000
2020-09-08 09:34:03.360,4.74,5000
2020-09-08 09:34:03.360,4.74,500
2020-09-08 09:34:03.360,4.74,2800
2020-09-08 09:34:03.360,4.74,5000
2020-09-08 09:34:03.360,4.74,2000
2020-09-08 09:34:03.360,4.74,5000
2020-09-08 09:34:03.360,4.74,1000
2020-09-08 09:34:03.360,4.74,600
2020-09-08 09:34:03.360,4.74,2200
2020-09-08 09:34:03.360,4.74,1000
2020-09-08 09:34:03.360,4.74,60000
2020-09-08 09:34:03.360,4.74,100
2020-09-08 09:34:03.360,4.74,500
2020-09-08 09:34:03.360,4.74,10500
2020-09-08 09:34:03.360,4.74,200
2020-09-08 09:34:03.360,4.74,10000
2020-09-08 09:34:03.360,4.74,200
2020-09-08 09:34:03.360,4.74,5000
2020-09-08 09:34:03.560,4.74,100
2020-09-08 09:34:03.650,4.74,91500
2020-09-08 09:34:03.840,4.742,200
2020-09-08 09:34:04.160,4.742,100
2020-09-08 09:34:05.060,4.741,8500
2020-09-08 09:34:05.060,4.741,3000
2020-09-08 09:34:05.060,4.741,1000
2020-09-08 09:34:06.100,4.74,300
2020-09-08 09:34:06.130,4.74,5000
2020-09-08 09:34:06.280,4.74,200
2020-09-08 09:34:06.820,4.74,100
2020-09-08 09:34:07.570,4.74,10500
2020-09-08 09:34:07.780,4.74,800
2020-09-08 09:34:08.420,4.74,500
2020-09-08 09:34:08.820,4.74,200
2020-09-08 09:34:10.260,4.74,19900
2020-09-08 09:34:10.260,4.74,20100
2020-09-08 09:34:10.260,4.741,1200
2020-09-08 09:34:10.260,4.741,10000
2020-09-08 09:34:10.260,4.742,98900
2020-09-08 09:34:10.920,4.742,500
2020-09-08 09:34:11.040,4.742,300
2020-09-08 09:34:11.340,4.742,7600
2020-09-08 09:34:12.410,4.742,307900
2020-09-08 09:34:12.670,4.742,100
2020-09-08 09:34:13.930,4.742,65300
2020-09-08 09:34:13.930,4.742,100
2020-09-08 09:34:13.930,4.742,500
2020-09-08 09:34:13.930,4.742,60000
2020-09-08 09:34:13.930,4.742,5000
2020-09-08 09:34:13.930,4.742,2000
2020-09-08 09:34:13.930,4.742,100000
2020-09-08 09:34:14.320,4.742,3500
2020-09-08 09:34:14.830,4.743,20000
2020-09-08 09:34:14.830,4.743,900
2020-09-08 09:34:14.830,4.743,7500
2020-09-08 09:34:14.830,4.743,20000
2020-09-08 09:34:14.830,4.743,29300
2020-09-08 09:34:14.830,4.743,3000
2020-09-08 09:34:14.830,4.744,8700
2020-09-08 09:34:14.830,4.744,1400
2020-09-08 09:34:14.830,4.744,600
2020-09-08 09:34:14.830,4.744,500
2020-09-08 09:34:14.830,4.744,4000
2020-09-08 09:34:14.830,4.744,6100
2020-09-08 09:34:14.830,4.744,10000
2020-09-08 09:34:14.830,4.744,2500
2020-09-08 09:34:14.830,4.744,100
2020-09-08 09:34:14.830,4.744,60000
2020-09-08 09:34:14.830,4.745,60000
2020-09-08 09:34:14.830,4.745,50000
2020-09-08 09:34:14.830,4.745,2300
2020-09-08 09:34:14.830,4.745,3500
2020-09-08 09:34:14.830,4.745,2000
2020-09-08 09:34:14.830,4.745,3600
2020-09-08 09:34:15.230,4.742,63600
2020-09-08 09:34:15.230,4.742,36400
2020-09-08 09:34:16.160,4.742,23600
2020-09-08 09:34:16.160,4.742,26400
2020-09-08 09:34:16.410,4.743,75100
2020-09-08 09:34:16.520,4.743,10000
2020-09-08 09:34:17.660,4.743,23800
2020-09-08 09:34:17.970,4.743,200
2020-09-08 09:34:19.320,4.743,1100
2020-09-08 09:34:19.410,4.743,5000
2020-09-08 09:34:21.330,4.743,14800
2020-09-08 09:34:22.090,4.743,20000
2020-09-08 09:34:22.240,4.744,400
2020-09-08 09:34:22.240,4.745,10800
2020-09-08 09:34:22.240,4.745,100
2020-09-08 09:34:22.240,4.745,14500
2020-09-08 09:34:22.240,4.745,3000
2020-09-08 09:34:22.240,4.745,300
2020-09-08 09:34:22.240,4.745,5000
2020-09-08 09:34:22.240,4.746,2000
2020-09-08 09:34:22.240,4.746,15000
2020-09-08 09:34:22.240,4.746,400
2020-09-08 09:34:22.240,4.746,1000
2020-09-08 09:34:22.240,4.746,1000
2020-09-08 09:34:22.240,4.746,1000
2020-09-08 09:34:22.240,4.746,2000
2020-09-08 09:34:22.240,4.746,1000
2020-09-08 09:34:22.240,4.747,2100
2020-09-08 09:34:22.240,4.747,1100
2020-09-08 09:34:22.240,4.747,39600
2020-09-08 09:34:22.240,4.747,5000
2020-09-08 09:34:22.240,4.747,3000
2020-09-08 09:34:22.240,4.747,3500
2020-09-08 09:34:22.240,4.747,1100
2020-09-08 09:34:22.240,4.747,300
2020-09-08 09:34:22.240,4.747,19200
2020-09-08 09:34:22.240,4.747,300
2020-09-08 09:34:22.240,4.747,4000
2020-09-08 09:34:22.240,4.747,200
2020-09-08 09:34:22.240,4.747,13200
2020-09-08 09:34:23.290,4.747,1700
2020-09-08 09:34:24.360,4.747,3000
2020-09-08 09:34:24.750,4.747,1000
2020-09-08 09:34:25.020,4.747,10000
2020-09-08 09:34:25.300,4.747,200
2020-09-08 09:34:25.470,4.747,4100
2020-09-08 09:34:25.470,4.745,5900
2020-09-08 09:34:26.580,4.745,7300
2020-09-08 09:34:26.580,4.745,60000
2020-09-08 09:34:26.580,4.745,1000
2020-09-08 09:34:26.580,4.745,28900
2020-09-08 09:34:26.580,4.743,10000
2020-09-08 09:34:26.580,4.743,17800
2020-09-08 09:34:29.810,4.744,2000
2020-09-08 09:34:29.810,4.743,28800
2020-09-08 09:34:30.510,4.747,6500
2020-09-08 09:34:31.180,4.747,4300
2020-09-08 09:34:31.360,4.747,4000
2020-09-08 09:34:31.950,4.747,300
2020-09-08 09:34:32.070,4.747,10400
2020-09-08 09:34:35.150,4.747,300
2020-09-08 09:34:35.150,4.747,1000
2020-09-08 09:34:35.280,4.747,600
2020-09-08 09:34:35.520,4.747,32600
2020-09-08 09:34:35.520,4.747,7400
2020-09-08 09:34:35.520,4.747,1000
2020-09-08 09:34:35.520,4.747,200
2020-09-08 09:34:35.520,4.747,50000
2020-09-08 09:34:35.520,4.747,100
2020-09-08 09:34:35.520,4.747,2000
2020-09-08 09:34:35.520,4.748,168600
2020-09-08 09:34:35.520,4.748,38100
2020-09-08 09:34:36.080,4.747,2100
2020-09-08 09:34:36.180,4.747,300
2020-09-08 09:34:36.270,4.744,2000
2020-09-08 09:34:36.900,4.746,500
2020-09-08 09:34:37.270,4.746,1700
2020-09-08 09:34:37.270,4.747,8300
2020-09-08 09:34:37.700,4.747,1900
2020-09-08 09:34:37.700,4.747,3900
2020-09-08 09:34:37.700,4.744,100
2020-09-08 09:34:37.780,4.747,500
2020-09-08 09:34:37.990,4.747,1000
2020-09-08 09:34:38.250,4.745,4200
2020-09-08 09:34:38.710,4.745,4200
2020-09-08 09:34:39.070,4.747,200
2020-09-08 09:34:39.210,4.745,4200
2020-09-08 09:34:39.660,4.744,4200
2020-09-08 09:34:40.160,4.744,4200
2020-09-08 09:34:40.590,4.745,4200
2020-09-08 09:34:40.650,4.745,3000
2020-09-08 09:34:40.820,4.745,1400
2020-09-08 09:34:41.080,4.747,1100
2020-09-08 09:34:41.080,4.747,1000
2020-09-08 09:34:41.130,4.747,200
2020-09-08 09:34:41.130,4.745,4200
2020-09-08 09:34:41.130,4.745,3500
2020-09-08 09:34:41.260,4.745,1000
2020-09-08 09:34:41.650,4.747,33000
2020-09-08 09:34:41.800,4.747,9100
2020-09-08 09:34:41.800,4.747,100
2020-09-08 09:34:41.800,4.747,5000
2020-09-08 09:34:41.800,4.747,100
2020-09-08 09:34:41.800,4.747,16900
2020-09-08 09:34:41.800,4.747,10000
2020-09-08 09:34:41.800,4.747,3000
2020-09-08 09:34:41.800,4.747,3000
2020-09-08 09:34:41.800,4.747,3000
2020-09-08 09:34:41.800,4.748,67200
2020-09-08 09:34:41.800,4.748,32700
2020-09-08 09:34:42.280,4.746,100
2020-09-08 09:34:43.090,4.748,17200
2020-09-08 09:34:43.090,4.748,10000
2020-09-08 09:34:43.090,4.748,50000
2020-09-08 09:34:43.090,4.748,50000
2020-09-08 09:34:43.090,4.748,20000
2020-09-08 09:34:43.090,4.748,11100
2020-09-08 09:34:43.090,4.748,10000
2020-09-08 09:34:43.090,4.748,100
2020-09-08 09:34:43.090,4.748,100
2020-09-08 09:34:43.090,4.748,10000
2020-09-08 09:34:43.090,4.748,200
2020-09-08 09:34:43.090,4.748,300
2020-09-08 09:34:43.090,4.748,10000
2020-09-08 09:34:43.090,4.748,13100
2020-09-08 09:34:43.090,4.748,600
2020-09-08 09:34:43.090,4.748,28900
2020-09-08 09:34:43.090,4.748,10000
2020-09-08 09:34:43.090,4.748,5000
2020-09-08 09:34:43.090,4.748,5000
2020-09-08 09:34:43.280,4.748,1400
2020-09-08 09:34:43.340,4.748,100
2020-09-08 09:34:43.520,4.749,5000
2020-09-08 09:34:43.550,4.749,100
2020-09-08 09:34:43.780,4.748,10000
2020-09-08 09:34:43.780,4.748,10000
2020-09-08 09:34:43.810,4.748,100
2020-09-08 09:34:43.870,4.748,200
2020-09-08 09:34:45.010,4.748,10000
2020-09-08 09:34:45.370,4.748,100
2020-09-08 09:34:45.600,4.748,1100
2020-09-08 09:34:45.740,4.749,150100
2020-09-08 09:34:45.740,4.748,200
2020-09-08 09:34:46.330,4.748,1000
2020-09-08 09:34:46.780,4.748,1800
2020-09-08 09:34:46.830,4.748,1000
2020-09-08 09:34:47.420,4.748,500
2020-09-08 09:34:47.590,4.749,300000
2020-09-08 09:34:47.970,4.749,1000
2020-09-08 09:34:49.080,4.748,1100
2020-09-08 09:34:49.750,4.749,48800
2020-09-08 09:34:49.750,4.749,1000
2020-09-08 09:34:49.750,4.749,16800
2020-09-08 09:34:49.750,4.749,15000
2020-09-08 09:34:49.750,4.749,38400
2020-09-08 09:34:49.750,4.749,3500
2020-09-08 09:34:49.750,4.749,200
2020-09-08 09:34:49.750,4.749,6000
2020-09-08 09:34:49.750,4.749,38400
2020-09-08 09:34:49.750,4.749,100
2020-09-08 09:34:49.750,4.749,100
2020-09-08 09:34:49.750,4.749,1500
2020-09-08 09:34:49.750,4.749,200
2020-09-08 09:34:49.750,4.749,1000
2020-09-08 09:34:49.750,4.749,200
2020-09-08 09:34:49.830,4.749,100
2020-09-08 09:34:50.010,4.75,10000
2020-09-08 09:34:51.140,4.749,1000
2020-09-08 09:34:51.200,4.749,1000
2020-09-08 09:34:51.620,4.749,100
2020-09-08 09:34:52.270,4.749,6000
2020-09-08 09:34:52.630,4.749,17000
2020-09-08 09:34:52.630,4.749,300
2020-09-08 09:34:53.220,4.75,300
2020-09-08 09:34:53.650,4.749,81100
2020-09-08 09:34:54.150,4.749,15000
2020-09-08 09:34:54.630,4.749,500
2020-09-08 09:34:54.860,4.749,2100
2020-09-08 09:34:54.940,4.749,4600
2020-09-08 09:34:54.940,4.749,200
2020-09-08 09:34:54.940,4.749,2000
2020-09-08 09:34:54.940,4.749,2100
2020-09-08 09:34:54.940,4.749,300
2020-09-08 09:34:54.940,4.748,6800
2020-09-08 09:34:54.940,4.748,3000
2020-09-08 09:34:54.940,4.748,1000
2020-09-08 09:34:54.940,4.748,1000
2020-09-08 09:34:54.940,4.748,100
2020-09-08 09:34:54.940,4.748,300
2020-09-08 09:34:54.940,4.748,100
2020-09-08 09:34:54.940,4.748,200
2020-09-08 09:34:54.940,4.748,4300
2020-09-08 09:34:55.060,4.748,3400
2020-09-08 09:34:55.910,4.748,10000
2020-09-08 09:34:56.240,4.748,3500
2020-09-08 09:34:56.560,4.748,2000
2020-09-08 09:34:56.590,4.75,1200
2020-09-08 09:34:56.670,4.75,5000
2020-09-08 09:34:57.300,4.75,10000
2020-09-08 09:34:57.800,4.75,100
2020-09-08 09:34:58.150,4.75,3000
2020-09-08 09:34:58.240,4.75,9200
2020-09-08 09:34:58.240,4.75,500
2020-09-08 09:34:58.240,4.75,100
2020-09-08 09:34:58.240,4.75,100
2020-09-08 09:34:58.240,4.75,2000
2020-09-08 09:34:58.240,4.75,3000
2020-09-08 09:34:58.240,4.75,200
2020-09-08 09:34:58.240,4.75,1500
2020-09-08 09:34:58.240,4.75,300
2020-09-08 09:34:58.240,4.75,3100
2020-09-08 09:34:58.850,4.75,1000
2020-09-08 09:34:59.200,4.75,10000
2020-09-08 09:34:59.970,4.75,100
2020-09-08 09:35:00.510,4.749,200
2020-09-08 09:35:00.510,4.749,800
2020-09-08 09:35:01.070,4.749,1300
2020-09-08 09:35:02.020,4.749,700
2020-09-08 09:35:02.020,4.749,800
2020-09-08 09:35:03.270,4.749,200
2020-09-08 09:35:03.340,4.748,6000
2020-09-08 09:35:03.570,4.749,1500
2020-09-08 09:35:03.570,4.749,500
2020-09-08 09:35:03.570,4.749,2700
2020-09-08 09:35:03.570,4.749,2000
2020-09-08 09:35:03.570,4.749,2000
2020-09-08 09:35:03.570,4.749,2000
2020-09-08 09:35:03.570,4.75,800
2020-09-08 09:35:03.570,4.75,33000
2020-09-08 09:35:04.360,4.75,100
2020-09-08 09:35:04.550,4.749,5000
2020-09-08 09:35:04.840,4.749,16000
2020-09-08 09:35:04.840,4.749,800
2020-09-08 09:35:05.190,4.749,2000
2020-09-08 09:35:07.470,4.748,5000
2020-09-08 09:35:07.850,4.749,100
2020-09-08 09:35:08.080,4.749,200
2020-09-08 09:35:08.110,4.749,100
2020-09-08 09:35:08.380,4.749,400
2020-09-08 09:35:08.620,4.749,1000
2020-09-08 09:35:08.710,4.749,500
2020-09-08 09:35:08.920,4.749,4000
2020-09-08 09:35:08.980,4.749,15000
2020-09-08 09:35:09.280,4.749,1500
2020-09-08 09:35:09.670,4.748,20500
2020-09-08 09:35:10.170,4.749,1000
2020-09-08 09:35:10.320,4.749,200
2020-09-08 09:35:10.480,4.749,5000
2020-09-08 09:35:10.690,4.748,2300
2020-09-08 09:35:10.800,4.749,2200
2020-09-08 09:35:10.800,4.749,7800
2020-09-08 09:35:11.910,4.748,3000
2020-09-08 09:35:11.910,4.748,1600
2020-09-08 09:35:11.910,4.748,5400
2020-09-08 09:35:12.180,4.749,400
2020-09-08 09:35:12.330,4.748,4600
2020-09-08 09:35:12.330,4.748,500
2020-09-08 09:35:12.330,4.748,100
2020-09-08 09:35:12.330,4.748,600
2020-09-08 09:35:13.210,4.749,1800
2020-09-08 09:35:13.210,4.749,200
2020-09-08 09:35:14.880,4.749,500
2020-09-08 09:35:14.880,4.749,1600
2020-09-08 09:35:15.150,4.748,1000
2020-09-08 09:35:15.270,4.749,400
2020-09-08 09:35:15.350,4.748,400
2020-09-08 09:35:15.770,4.748,1000
2020-09-08 09:35:17.130,4.748,500
2020-09-08 09:35:17.480,4.747,200
2020-09-08 09:35:17.710,4.748,6000
2020-09-08 09:35:18.620,4.748,5000
2020-09-08 09:35:18.620,4.748,500
2020-09-08 09:35:19.350,4.748,3100
2020-09-08 09:35:19.350,4.748,6900
2020-09-08 09:35:19.650,4.748,400
2020-09-08 09:35:20.520,4.748,22700
2020-09-08 09:35:20.520,4.748,10000
2020-09-08 09:35:20.520,4.748,5000
2020-09-08 09:35:20.520,4.748,3000
2020-09-08 09:35:20.520,4.748,100
2020-09-08 09:35:20.520,4.748,2000
2020-09-08 09:35:20.520,4.748,5000
2020-09-08 09:35:20.520,4.748,3000
2020-09-08 09:35:20.520,4.748,10000
2020-09-08 09:35:20.520,4.749,1500
2020-09-08 09:35:20.520,4.749,20000
2020-09-08 09:35:20.520,4.749,17700
2020-09-08 09:35:20.860,4.749,500
2020-09-08 09:35:21.040,4.749,200
2020-09-08 09:35:21.530,4.748,3000
2020-09-08 09:35:21.990,4.748,17200
2020-09-08 09:35:22.420,4.748,2800
2020-09-08 09:35:22.420,4.748,500
2020-09-08 09:35:22.560,4.748,5000
2020-09-08 09:35:22.830,4.748,1000
2020-09-08 09:35:22.970,4.749,8000
2020-09-08 09:35:23.160,4.749,700
2020-09-08 09:35:23.290,4.749,1000
2020-09-08 09:35:23.370,4.749,500
2020-09-08 09:35:23.410,4.748,100
2020-09-08 09:35:24.290,4.749,1400
2020-09-08 09:35:24.290,4.749,5000
2020-09-08 09:35:24.290,4.749,2000
2020-09-08 09:35:24.290,4.749,50000
2020-09-08 09:35:24.290,4.749,10300
2020-09-08 09:35:24.290,4.749,81400
2020-09-08 09:35:24.460,4.748,200
2020-09-08 09:35:24.810,4.749,200
2020-09-08 09:35:24.810,4.748,600
2020-09-08 09:35:24.810,4.749,500
2020-09-08 09:35:25.820,4.749,2100
2020-09-08 09:35:25.850,4.748,5000
2020-09-08 09:35:26.080,4.748,10000
2020-09-08 09:35:26.730,4.748,15400
2020-09-08 09:35:27.220,4.748,1500
2020-09-08 09:35:27.360,4.748,2000
2020-09-08 09:35:28.000,4.748,1500
2020-09-08 09:35:28.570,4.749,1000
2020-09-08 09:35:28.870,4.748,800
2020-09-08 09:35:28.930,4.748,30000
2020-09-08 09:35:29.020,4.749,1200
2020-09-08 09:35:29.300,4.749,13600
2020-09-08 09:35:29.300,4.749,400
2020-09-08 09:35:29.300,4.749,3900
2020-09-08 09:35:29.300,4.749,200
2020-09-08 09:35:29.300,4.749,1000
2020-09-08 09:35:29.300,4.749,1000
2020-09-08 09:35:29.300,4.749,3000
2020-09-08 09:35:29.300,4.749,1500
2020-09-08 09:35:29.300,4.749,10000
2020-09-08 09:35:31.310,4.749,27500
2020-09-08 09:35:31.310,4.749,1100
2020-09-08 09:35:31.590,4.749,200
2020-09-08 09:35:31.680,4.749,100
2020-09-08 09:35:32.240,4.749,3500
2020-09-08 09:35:32.450,4.749,5000
2020-09-08 09:35:33.610,4.749,1300
2020-09-08 09:35:34.650,4.749,1000
2020-09-08 09:35:34.880,4.749,10000
2020-09-08 09:35:35.300,4.749,600
2020-09-08 09:35:35.300,4.749,700
2020-09-08 09:35:35.300,4.749,200
2020-09-08 09:35:35.300,4.749,100
2020-09-08 09:35:35.300,4.749,100
2020-09-08 09:35:35.300,4.749,500
2020-09-08 09:35:35.300,4.749,1000
2020-09-08 09:35:35.300,4.749,5000
2020-09-08 09:35:36.070,4.748,1700
2020-09-08 09:35:36.160,4.749,5000
2020-09-08 09:35:37.010,4.749,100
2020-09-08 09:35:37.040,4.748,2200
2020-09-08 09:35:37.270,4.749,1700
2020-09-08 09:35:37.270,4.749,200
2020-09-08 09:35:37.270,4.749,2100
2020-09-08 09:35:39.980,4.749,39900
2020-09-08 09:35:39.980,4.749,10000
2020-09-08 09:35:39.980,4.749,10000
2020-09-08 09:35:39.980,4.749,20000
2020-09-08 09:35:39.980,4.749,1700
2020-09-08 09:35:39.980,4.749,10000
2020-09-08 09:35:39.980,4.749,8400
2020-09-08 09:35:40.200,4.749,3000
2020-09-08 09:35:40.380,4.748,7800
2020-09-08 09:35:40.450,4.749,8600
2020-09-08 09:35:40.450,4.749,1400
2020-09-08 09:35:40.510,4.748,6200
2020-09-08 09:35:40.510,4.748,5000
2020-09-08 09:35:40.510,4.748,3800
2020-09-08 09:35:40.690,4.748,500
2020-09-08 09:35:40.780,4.749,1000
2020-09-08 09:35:41.190,4.749,400
2020-09-08 09:35:41.340,4.749,200
2020-09-08 09:35:42.170,4.749,500
2020-09-08 09:35:42.170,4.749,500
2020-09-08 09:35:42.380,4.749,200
2020-09-08 09:35:42.470,4.749,200
2020-09-08 09:35:42.680,4.749,100
2020-09-08 09:35:42.800,4.749,1000
2020-09-08 09:35:43.140,4.749,400
2020-09-08 09:35:43.560,4.749,500
2020-09-08 09:35:44.350,4.748,200
2020-09-08 09:35:45.940,4.748,100
2020-09-08 09:35:45.940,4.748,1000
2020-09-08 09:35:45.940,4.748,500
2020-09-08 09:35:45.940,4.748,3400
2020-09-08 09:35:46.230,4.748,3000
2020-09-08 09:35:46.260,4.748,3600
2020-09-08 09:35:46.260,4.748,2500
2020-09-08 09:35:46.260,4.748,10000
2020-09-08 09:35:46.260,4.748,100
2020-09-08 09:35:46.260,4.748,200
2020-09-08 09:35:46.260,4.748,100
2020-09-08 09:35:46.260,4.748,1000
2020-09-08 09:35:46.260,4.748,40400
2020-09-08 09:35:46.260,4.748,3400
2020-09-08 09:35:46.530,4.748,1000
2020-09-08 09:35:46.690,4.748,5000
2020-09-08 09:35:46.870,4.748,22700
2020-09-08 09:35:46.870,4.748,1000
2020-09-08 09:35:46.870,4.748,1000
2020-09-08 09:35:46.870,4.748,20000
2020-09-08 09:35:46.870,4.748,20000
2020-09-08 09:35:46.870,4.749,47100
2020-09-08 09:35:46.870,4.749,100
2020-09-08 09:35:46.870,4.749,100
2020-09-08 09:35:46.870,4.749,2000
2020-09-08 09:35:46.870,4.749,1400
2020-09-08 09:35:46.870,4.749,5000
2020-09-08 09:35:46.870,4.749,10000
2020-09-08 09:35:46.870,4.749,1000
2020-09-08 09:35:46.870,4.749,20000
2020-09-08 09:35:46.870,4.749,48600
2020-09-08 09:35:47.190,4.748,700
2020-09-08 09:35:47.190,4.749,9800
2020-09-08 09:35:47.850,4.748,5000
2020-09-08 09:35:48.010,4.747,600
2020-09-08 09:35:48.010,4.747,6000
2020-09-08 09:35:48.010,4.747,2000
2020-09-08 09:35:48.010,4.747,100
2020-09-08 09:35:48.010,4.747,1300
2020-09-08 09:35:48.040,4.748,200
2020-09-08 09:35:48.460,4.748,19900
2020-09-08 09:35:48.920,4.748,1000
2020-09-08 09:35:49.150,4.748,2100
2020-09-08 09:35:49.900,4.748,2000
2020-09-08 09:35:50.770,4.748,500
2020-09-08 09:35:51.040,4.748,500
2020-09-08 09:35:51.570,4.748,100
2020-09-08 09:35:51.690,4.748,5000
2020-09-08 09:35:51.870,4.747,2400
2020-09-08 09:35:52.160,4.747,1300
2020-09-08 09:35:52.160,4.747,200
2020-09-08 09:35:52.160,4.747,400
2020-09-08 09:35:52.160,4.747,500
2020-09-08 09:35:52.160,4.747,300
2020-09-08 09:35:52.160,4.747,5300
2020-09-08 09:35:52.690,4.747,10400
2020-09-08 09:35:53.110,4.747,500
2020-09-08 09:35:53.380,4.746,20000
2020-09-08 09:35:53.590,4.747,200
2020-09-08 09:35:55.050,4.747,200
2020-09-08 09:35:56.660,4.746,100
2020-09-08 09:35:56.660,4.746,200
2020-09-08 09:35:58.040,4.746,4700
2020-09-08 09:35:58.040,4.746,100
2020-09-08 09:35:58.040,4.747,200
2020-09-08 09:35:58.440,4.747,800
2020-09-08 09:35:58.730,4.747,7700
2020-09-08 09:35:58.730,4.747,2300
2020-09-08 09:35:59.560,4.747,3000
2020-09-08 09:35:59.910,4.746,500
2020-09-08 09:35:59.950,4.745,5000
2020-09-08 09:35:59.980,4.746,1000
2020-09-08 09:36:00.400,4.746,100
2020-09-08 09:36:01.310,4.746,300
2020-09-08 09:36:02.570,4.745,1000
2020-09-08 09:36:02.570,4.745,1000
2020-09-08 09:36:02.570,4.745,2100
2020-09-08 09:36:02.570,4.745,200
2020-09-08 09:36:02.570,4.745,700
2020-09-08 09:36:02.730,4.746,8100
2020-09-08 09:36:03.040,4.746,1900
2020-09-08 09:36:03.270,4.746,3000
2020-09-08 09:36:03.420,4.746,400
2020-09-08 09:36:05.150,4.745,300
2020-09-08 09:36:05.150,4.745,900
2020-09-08 09:36:05.490,4.745,500
2020-09-08 09:36:06.500,4.745,8600
2020-09-08 09:36:06.500,4.745,200
2020-09-08 09:36:06.500,4.745,500
2020-09-08 09:36:06.500,4.744,3000
2020-09-08 09:36:06.500,4.744,100
2020-09-08 09:36:06.500,4.744,200
2020-09-08 09:36:06.500,4.744,2000
2020-09-08 09:36:06.500,4.744,7400
2020-09-08 09:36:06.770,4.745,100
2020-09-08 09:36:06.860,4.745,600
2020-09-08 09:36:06.860,4.746,1400
2020-09-08 09:36:06.990,4.746,1000
2020-09-08 09:36:09.390,4.744,600
2020-09-08 09:36:11.410,4.743,10000
2020-09-08 09:36:11.410,4.743,100
2020-09-08 09:36:11.410,4.743,500
2020-09-08 09:36:11.410,4.743,1000
2020-09-08 09:36:11.410,4.743,8000
2020-09-08 09:36:11.410,4.743,400
2020-09-08 09:36:11.830,4.744,10000
2020-09-08 09:36:12.440,4.744,5000
2020-09-08 09:36:12.490,4.744,4400
2020-09-08 09:36:12.490,4.744,600
2020-09-08 09:36:13.760,4.743,600
2020-09-08 09:36:13.760,4.743,1000
2020-09-08 09:36:13.760,4.743,900
2020-09-08 09:36:13.760,4.743,18700
2020-09-08 09:36:14.250,4.744,2000
2020-09-08 09:36:14.490,4.743,200
2020-09-08 09:36:15.020,4.744,1000
2020-09-08 09:36:15.500,4.744,15800
2020-09-08 09:36:16.220,4.743,5700
2020-09-08 09:36:17.710,4.744,1000
2020-09-08 09:36:18.260,4.743,5000
2020-09-08 09:36:18.890,4.743,20400
2020-09-08 09:36:18.890,4.743,500
2020-09-08 09:36:18.890,4.743,69600
2020-09-08 09:36:18.890,4.742,200
2020-09-08 09:36:18.890,4.742,2100
2020-09-08 09:36:18.890,4.742,1100
2020-09-08 09:36:18.890,4.742,3000
2020-09-08 09:36:18.890,4.742,200
2020-09-08 09:36:18.890,4.742,2500
2020-09-08 09:36:18.890,4.742,3000
2020-09-08 09:36:18.890,4.741,500
2020-09-08 09:36:18.890,4.741,3000
2020-09-08 09:36:18.890,4.741,3000
2020-09-08 09:36:18.890,4.741,200
2020-09-08 09:36:18.890,4.741,100
2020-09-08 09:36:18.890,4.741,60200
2020-09-08 09:36:18.890,4.741,60000
2020-09-08 09:36:18.890,4.74,500
2020-09-08 09:36:18.890,4.74,1900
2020-09-08 09:36:18.890,4.74,300
2020-09-08 09:36:18.890,4.74,2000
2020-09-08 09:36:18.890,4.74,400
2020-09-08 09:36:18.890,4.74,200
2020-09-08 09:36:18.890,4.74,1000
2020-09-08 09:36:18.890,4.74,200
2020-09-08 09:36:18.890,4.74,100
2020-09-08 09:36:18.890,4.74,5000
2020-09-08 09:36:18.890,4.74,500
2020-09-08 09:36:18.890,4.74,400
2020-09-08 09:36:18.890,4.74,20000
2020-09-08 09:36:18.890,4.74,700
2020-09-08 09:36:18.890,4.74,500
2020-09-08 09:36:18.890,4.74,200
2020-09-08 09:36:18.890,4.74,1000
2020-09-08 09:36:18.890,4.74,100
2020-09-08 09:36:18.890,4.74,200
2020-09-08 09:36:18.890,4.74,300
2020-09-08 09:36:18.890,4.74,200
2020-09-08 09:36:18.890,4.74,1000
2020-09-08 09:36:18.890,4.74,2000
2020-09-08 09:36:18.890,4.74,1000
2020-09-08 09:36:18.890,4.74,2000
2020-09-08 09:36:18.890,4.74,400
2020-09-08 09:36:18.890,4.74,5000
2020-09-08 09:36:18.890,4.74,1000
2020-09-08 09:36:18.890,4.74,1000
2020-09-08 09:36:18.890,4.74,700
2020-09-08 09:36:18.890,4.74,100
2020-09-08 09:36:18.890,4.74,2000
2020-09-08 09:36:18.890,4.74,5000
2020-09-08 09:36:18.890,4.74,300
2020-09-08 09:36:18.890,4.74,5700
2020-09-08 09:36:18.890,4.74,3100
2020-09-08 09:36:18.890,4.74,200
2020-09-08 09:36:18.890,4.74,100
2020-09-08 09:36:18.890,4.74,2000
2020-09-08 09:36:18.890,4.74,100
2020-09-08 09:36:18.890,4.74,100
2020-09-08 09:36:18.890,4.74,1000
2020-09-08 09:36:18.890,4.74,100
2020-09-08 09:36:18.890,4.74,100
2020-09-08 09:36:18.890,4.74,700
2020-09-08 09:36:19.160,4.745,22900
2020-09-08 09:36:19.160,4.745,20000
2020-09-08 09:36:19.160,4.745,20000
2020-09-08 09:36:19.160,4.745,20000
2020-09-08 09:36:19.160,4.745,300000
2020-09-08 09:36:19.160,4.745,1500
2020-09-08 09:36:19.160,4.745,10000
2020-09-08 09:36:19.160,4.745,1000
2020-09-08 09:36:19.160,4.745,50000
2020-09-08 09:36:19.160,4.745,50000
2020-09-08 09:36:19.160,4.745,4600
2020-09-08 09:36:19.280,4.744,2000
2020-09-08 09:36:19.280,4.744,200
2020-09-08 09:36:19.720,4.743,200
2020-09-08 09:36:19.830,4.743,5000
2020-09-08 09:36:20.050,4.743,9400
2020-09-08 09:36:20.050,4.741,2000
2020-09-08 09:36:20.530,4.743,30000
2020-09-08 09:36:20.960,4.743,6300
2020-09-08 09:36:20.980,4.743,1200
2020-09-08 09:36:21.480,4.743,100
2020-09-08 09:36:25.730,4.743,200
2020-09-08 09:36:26.460,4.742,1300
2020-09-08 09:36:26.530,4.742,100
2020-09-08 09:36:26.770,4.742,200
2020-09-08 09:36:27.140,4.742,100
2020-09-08 09:36:27.680,4.742,300
2020-09-08 09:36:27.680,4.743,700
2020-09-08 09:36:27.800,4.742,100
2020-09-08 09:36:28.410,4.742,100
2020-09-08 09:36:31.320,4.742,800
2020-09-08 09:36:31.320,4.742,500
2020-09-08 09:36:31.320,4.742,4000
2020-09-08 09:36:31.320,4.743,4700
2020-09-08 09:36:31.320,4.743,500
2020-09-08 09:36:31.960,4.74,400
2020-09-08 09:36:32.160,4.74,1000
2020-09-08 09:36:32.870,4.742,1000
2020-09-08 09:36:32.870,4.74,100
2020-09-08 09:36:32.870,4.74,300
2020-09-08 09:36:33.200,4.743,500
2020-09-08 09:36:33.490,4.743,200
2020-09-08 09:36:34.480,4.743,1000
2020-09-08 09:36:34.900,4.742,200
2020-09-08 09:36:34.900,4.741,800
2020-09-08 09:36:35.270,4.741,100
2020-09-08 09:36:35.520,4.741,4000
2020-09-08 09:36:36.400,4.741,100
2020-09-08 09:36:36.660,4.741,5000
2020-09-08 09:36:36.890,4.742,200
2020-09-08 09:36:36.890,4.742,1800
2020-09-08 09:36:37.140,4.741,100
2020-09-08 09:36:38.530,4.741,3200
2020-09-08 09:36:40.910,4.741,1700
2020-09-08 09:36:40.910,4.742,100
2020-09-08 09:36:41.030,4.742,1400
2020-09-08 09:36:41.630,4.741,600
2020-09-08 09:36:43.010,4.742,200
2020-09-08 09:36:43.600,4.742,2000
2020-09-08 09:36:43.840,4.741,4400
2020-09-08 09:36:43.840,4.741,2000
2020-09-08 09:36:44.650,4.741,700
2020-09-08 09:36:45.320,4.74,19700
2020-09-08 09:36:45.320,4.74,1000
2020-09-08 09:36:45.320,4.74,2000
2020-09-08 09:36:45.320,4.74,1000
2020-09-08 09:36:45.320,4.74,100
2020-09-08 09:36:45.320,4.74,300
2020-09-08 09:36:45.320,4.74,100
2020-09-08 09:36:45.320,4.74,100
2020-09-08 09:36:45.320,4.74,100
2020-09-08 09:36:45.320,4.739,2000
2020-09-08 09:36:45.320,4.739,1000
2020-09-08 09:36:45.320,4.739,5600
2020-09-08 09:36:45.320,4.739,1500
2020-09-08 09:36:45.320,4.739,700
2020-09-08 09:36:45.320,4.739,5800
2020-09-08 09:36:45.320,4.739,3400
2020-09-08 09:36:45.320,4.739,2300
2020-09-08 09:36:45.320,4.739,10000
2020-09-08 09:36:45.320,4.739,1000
2020-09-08 09:36:45.320,4.739,18000
2020-09-08 09:36:45.320,4.739,100
2020-09-08 09:36:45.320,4.739,1000
2020-09-08 09:36:45.320,4.739,3000
2020-09-08 09:36:45.320,4.739,100
2020-09-08 09:36:45.320,4.739,3500
2020-09-08 09:36:45.320,4.739,200
2020-09-08 09:36:45.320,4.739,500
2020-09-08 09:36:45.320,4.739,4800
2020-09-08 09:36:45.320,4.739,6100
2020-09-08 09:36:45.320,4.739,100
2020-09-08 09:36:45.320,4.738,700
2020-09-08 09:36:45.320,4.738,192000
2020-09-08 09:36:45.320,4.738,100
2020-09-08 09:36:45.320,4.738,5000
2020-09-08 09:36:45.320,4.738,2000
2020-09-08 09:36:45.320,4.738,100
2020-09-08 09:36:45.320,4.738,200
2020-09-08 09:36:45.320,4.738,3000
2020-09-08 09:36:45.320,4.738,100
2020-09-08 09:36:45.320,4.738,100
2020-09-08 09:36:45.320,4.738,1000
2020-09-08 09:36:45.320,4.738,200
2020-09-08 09:36:45.320,4.738,100
2020-09-08 09:36:45.320,4.738,100
2020-09-08 09:36:45.320,4.738,200
2020-09-08 09:36:45.770,4.741,1400
2020-09-08 09:36:46.330,4.741,5000
2020-09-08 09:36:48.280,4.741,1000
2020-09-08 09:36:48.400,4.74,500
2020-09-08 09:36:49.380,4.74,3000
2020-09-08 09:36:49.440,4.738,10800
2020-09-08 09:36:49.440,4.738,2400
2020-09-08 09:36:49.440,4.738,5000
2020-09-08 09:36:49.440,4.738,500
2020-09-08 09:36:49.440,4.738,100
2020-09-08 09:36:49.440,4.738,4200
2020-09-08 09:36:49.440,4.738,100
2020-09-08 09:36:49.440,4.738,200
2020-09-08 09:36:49.440,4.738,100
2020-09-08 09:36:49.440,4.738,1000
2020-09-08 09:36:49.440,4.738,2200
2020-09-08 09:36:49.440,4.738,1200
2020-09-08 09:36:49.440,4.738,1000
2020-09-08 09:36:49.440,4.738,100
2020-09-08 09:36:49.440,4.738,200
2020-09-08 09:36:49.520,4.74,5000
2020-09-08 09:36:50.120,4.74,1000
2020-09-08 09:36:50.220,4.74,600
2020-09-08 09:36:50.730,4.74,2200
2020-09-08 09:36:51.160,4.74,1000
2020-09-08 09:36:52.620,4.74,1000
2020-09-08 09:36:52.800,4.738,300
2020-09-08 09:36:52.800,4.738,700
2020-09-08 09:36:53.340,4.74,2000
2020-09-08 09:36:53.660,4.74,300
2020-09-08 09:36:53.840,4.74,1200
2020-09-08 09:36:53.840,4.738,2300
2020-09-08 09:36:53.840,4.738,178700
2020-09-08 09:36:53.990,4.74,3800
2020-09-08 09:36:54.960,4.74,100
2020-09-08 09:36:54.990,4.74,100
2020-09-08 09:36:55.190,4.738,500
2020-09-08 09:36:55.330,4.738,10000
2020-09-08 09:36:55.620,4.74,1000
2020-09-08 09:36:55.820,4.74,5000
2020-09-08 09:36:56.090,4.738,11500
2020-09-08 09:36:56.540,4.74,20000
2020-09-08 09:36:57.140,4.74,400
2020-09-08 09:36:57.500,4.74,300
2020-09-08 09:36:58.160,4.738,7500
2020-09-08 09:36:58.460,4.74,1500
2020-09-08 09:36:58.460,4.74,200
2020-09-08 09:36:58.460,4.74,5000
2020-09-08 09:36:58.460,4.74,2000
2020-09-08 09:36:58.610,4.74,12400
2020-09-08 09:36:58.610,4.738,91800
2020-09-08 09:36:58.610,4.738,10000
2020-09-08 09:36:58.610,4.738,87500
2020-09-08 09:36:59.500,4.74,600
2020-09-08 09:36:59.500,4.738,2700
2020-09-08 09:36:59.940,4.74,500
2020-09-08 09:37:00.090,4.74,400
2020-09-08 09:37:00.200,4.738,1000
2020-09-08 09:37:00.340,4.738,1200
2020-09-08 09:37:02.060,4.739,200
2020-09-08 09:37:03.140,4.739,100
2020-09-08 09:37:03.840,4.739,100
2020-09-08 09:37:04.570,4.738,3000
2020-09-08 09:37:06.100,4.739,600
2020-09-08 09:37:06.100,4.739,100
2020-09-08 09:37:06.100,4.739,2500
2020-09-08 09:37:06.190,4.739,2300
2020-09-08 09:37:06.610,4.738,700
2020-09-08 09:37:06.950,4.738,10000
2020-09-08 09:37:06.950,4.739,2000
2020-09-08 09:37:07.190,4.738,700
2020-09-08 09:37:07.480,4.739,1000
2020-09-08 09:37:07.960,4.738,1800
2020-09-08 09:37:08.920,4.738,50000
2020-09-08 09:37:09.600,4.738,600
2020-09-08 09:37:10.160,4.739,100
2020-09-08 09:37:10.280,4.738,94800
2020-09-08 09:37:10.340,4.739,100
2020-09-08 09:37:10.720,4.739,400
2020-09-08 09:37:10.720,4.739,500
2020-09-08 09:37:10.780,4.738,600
2020-09-08 09:37:10.970,4.738,3700
2020-09-08 09:37:11.360,4.738,400
2020-09-08 09:37:11.510,4.738,600
2020-09-08 09:37:11.660,4.739,500
2020-09-08 09:37:12.750,4.739,300
2020-09-08 09:37:13.590,4.739,2300
2020-09-08 09:37:13.590,4.739,700
2020-09-08 09:37:13.590,4.739,3600
2020-09-08 09:37:13.590,4.739,5000
2020-09-08 09:37:13.970,4.739,3000
2020-09-08 09:37:14.650,4.739,100
2020-09-08 09:37:14.800,4.739,300
2020-09-08 09:37:14.800,4.739,1000
2020-09-08 09:37:14.800,4.738,700
2020-09-08 09:37:15.660,4.739,100
2020-09-08 09:37:18.030,4.738,40000
2020-09-08 09:37:18.030,4.738,18000
2020-09-08 09:37:18.030,4.738,1000
2020-09-08 09:37:18.030,4.738,1000
2020-09-08 09:37:18.030,4.738,500
2020-09-08 09:37:18.030,4.738,200
2020-09-08 09:37:18.030,4.738,5100
2020-09-08 09:37:18.030,4.738,200
2020-09-08 09:37:18.030,4.738,200
2020-09-08 09:37:18.030,4.737,3000
2020-09-08 09:37:18.030,4.737,45500
2020-09-08 09:37:18.030,4.737,1000
2020-09-08 09:37:18.030,4.737,100
2020-09-08 09:37:18.030,4.737,1000
2020-09-08 09:37:18.030,4.737,300
2020-09-08 09:37:18.030,4.737,2200
2020-09-08 09:37:18.030,4.737,1000
2020-09-08 09:37:18.030,4.737,100000
2020-09-08 09:37:18.030,4.737,2200
2020-09-08 09:37:18.030,4.737,200
2020-09-08 09:37:18.030,4.737,200
2020-09-08 09:37:18.030,4.737,200
2020-09-08 09:37:18.030,4.737,200
2020-09-08 09:37:18.030,4.737,200
2020-09-08 09:37:18.030,4.737,200
2020-09-08 09:37:18.030,4.737,1000
2020-09-08 09:37:18.030,4.737,100
2020-09-08 09:37:18.030,4.737,21600
2020-09-08 09:37:18.030,4.737,5000
2020-09-08 09:37:18.030,4.737,60000
2020-09-08 09:37:18.030,4.737,100
2020-09-08 09:37:18.030,4.736,200
2020-09-08 09:37:18.030,4.736,4300
2020-09-08 09:37:18.030,4.736,5000
2020-09-08 09:37:18.030,4.736,5000
2020-09-08 09:37:18.030,4.736,2000
2020-09-08 09:37:18.030,4.736,13900
2020-09-08 09:37:18.030,4.736,100
2020-09-08 09:37:18.030,4.736,100
2020-09-08 09:37:18.030,4.736,100000
2020-09-08 09:37:18.030,4.736,7600
2020-09-08 09:37:18.030,4.736,10600
2020-09-08 09:37:18.030,4.736,1000
2020-09-08 09:37:18.030,4.736,300
2020-09-08 09:37:18.030,4.736,3000
2020-09-08 09:37:18.030,4.736,100
2020-09-08 09:37:18.030,4.736,2000
2020-09-08 09:37:18.030,4.736,200
2020-09-08 09:37:18.030,4.736,3000
2020-09-08 09:37:18.030,4.736,5000
2020-09-08 09:37:18.030,4.736,2600
2020-09-08 09:37:18.030,4.736,200
2020-09-08 09:37:18.030,4.736,300
2020-09-08 09:37:18.030,4.736,100
2020-09-08 09:37:18.030,4.736,221900
2020-09-08 09:37:19.010,4.738,200
2020-09-08 09:37:19.100,4.738,1000
2020-09-08 09:37:19.600,4.738,2000
2020-09-08 09:37:19.690,4.736,200
2020-09-08 09:37:19.900,4.738,10000
2020-09-08 09:37:20.500,4.738,1000
2020-09-08 09:37:20.660,4.738,200
2020-09-08 09:37:20.900,4.738,6900
