Datetime,Price,Volume
2020-09-11 09:25:00.580,3.284,500
2020-09-11 09:25:00.580,3.284,5200
2020-09-11 09:25:00.580,3.284,30000
2020-09-11 09:25:00.580,3.284,1000
2020-09-11 09:25:00.580,3.284,8500
2020-09-11 09:25:00.580,3.284,9700
2020-09-11 09:25:00.580,3.284,5900
2020-09-11 09:25:00.580,3.284,4100
2020-09-11 09:25:00.580,3.284,8000
2020-09-11 09:25:00.580,3.284,24300
2020-09-11 09:25:00.580,3.284,6200
2020-09-11 09:25:00.580,3.284,10000
2020-09-11 09:25:00.580,3.284,600
2020-09-11 09:25:00.580,3.284,100
2020-09-11 09:25:00.580,3.284,100
2020-09-11 09:25:00.580,3.284,2100
2020-09-11 09:25:00.580,3.284,700
2020-09-11 09:25:00.580,3.284,3000
2020-09-11 09:25:00.580,3.284,5000
2020-09-11 09:25:00.580,3.284,10800
2020-09-11 09:25:00.580,3.284,500
2020-09-11 09:25:00.580,3.284,100
2020-09-11 09:25:00.580,3.284,1000
2020-09-11 09:25:00.580,3.284,400
2020-09-11 09:25:00.580,3.284,17200
2020-09-11 09:25:00.580,3.284,100
2020-09-11 09:25:00.580,3.284,100
2020-09-11 09:25:00.580,3.284,100
2020-09-11 09:25:00.580,3.284,100
2020-09-11 09:25:00.580,3.284,100
2020-09-11 09:25:00.580,3.284,100
2020-09-11 09:25:00.580,3.284,100
2020-09-11 09:25:00.580,3.284,300
2020-09-11 09:25:00.580,3.284,1000
2020-09-11 09:25:00.580,3.284,800
2020-09-11 09:25:00.580,3.284,9200
2020-09-11 09:25:00.580,3.284,8000
2020-09-11 09:25:00.580,3.284,400
2020-09-11 09:25:00.580,3.284,300
2020-09-11 09:25:00.580,3.284,700
2020-09-11 09:25:00.580,3.284,900
2020-09-11 09:25:00.580,3.284,2000
2020-09-11 09:25:00.580,3.284,9100
2020-09-11 09:25:00.580,3.284,400
2020-09-11 09:25:00.580,3.284,300
2020-09-11 09:25:00.580,3.284,500
2020-09-11 09:25:00.580,3.284,5000
2020-09-11 09:25:00.580,3.284,1000
2020-09-11 09:25:00.580,3.284,300
2020-09-11 09:25:00.580,3.284,61900
2020-09-11 09:25:00.580,3.284,10000
2020-09-11 09:25:00.580,3.284,10000
2020-09-11 09:25:00.580,3.284,2000
2020-09-11 09:25:00.580,3.284,2100
2020-09-11 09:25:00.580,3.284,200
2020-09-11 09:25:00.580,3.284,2000
2020-09-11 09:25:00.580,3.284,500
2020-09-11 09:25:00.580,3.284,3000
2020-09-11 09:25:00.580,3.284,30000
2020-09-11 09:25:00.580,3.284,200
2020-09-11 09:25:00.580,3.284,10000
2020-09-11 09:25:00.580,3.284,5600
2020-09-11 09:25:00.580,3.284,5000
2020-09-11 09:25:00.580,3.284,500
2020-09-11 09:25:00.580,3.284,5000
2020-09-11 09:25:00.580,3.284,8000
2020-09-11 09:25:00.580,3.284,18900
2020-09-11 09:25:00.580,3.284,163100
2020-09-11 09:25:00.580,3.284,269000
2020-09-11 09:25:00.580,3.284,200
2020-09-11 09:25:00.580,3.284,3000
2020-09-11 09:25:00.580,3.284,100
2020-09-11 09:25:00.580,3.284,200
2020-09-11 09:25:00.580,3.284,100
2020-09-11 09:25:00.580,3.284,1000
2020-09-11 09:25:00.580,3.284,100
2020-09-11 09:25:00.580,3.284,15200
2020-09-11 09:25:00.580,3.284,59700
2020-09-11 09:25:00.580,3.284,200
2020-09-11 09:25:00.580,3.284,200
2020-09-11 09:25:00.580,3.284,6000
2020-09-11 09:25:00.580,3.284,600
2020-09-11 09:25:00.580,3.284,1000
2020-09-11 09:25:00.580,3.284,10000
2020-09-11 09:25:00.580,3.284,83800
2020-09-11 09:25:00.580,3.284,1400
2020-09-11 09:25:00.580,3.284,2000
2020-09-11 09:25:00.580,3.284,200
2020-09-11 09:25:00.580,3.284,1000
2020-09-11 09:25:00.580,3.284,2000
2020-09-11 09:25:00.580,3.284,200000
2020-09-11 09:25:00.580,3.284,10000
2020-09-11 09:25:00.580,3.284,3300
2020-09-11 09:25:00.580,3.284,1000
2020-09-11 09:25:00.580,3.284,400
2020-09-11 09:25:00.580,3.284,100
2020-09-11 09:25:00.580,3.284,3400
2020-09-11 09:25:00.580,3.284,5000
2020-09-11 09:25:00.580,3.284,2000
2020-09-11 09:25:00.580,3.284,4000
2020-09-11 09:25:00.580,3.284,5000
2020-09-11 09:25:00.580,3.284,10000
2020-09-11 09:25:00.580,3.284,3100
2020-09-11 09:25:00.580,3.284,3000
2020-09-11 09:25:00.580,3.284,1000
2020-09-11 09:25:00.580,3.284,2000
2020-09-11 09:25:00.580,3.284,100
2020-09-11 09:25:00.580,3.284,2000
2020-09-11 09:25:00.580,3.284,24500
2020-09-11 09:25:00.580,3.284,9600
2020-09-11 09:25:00.580,3.284,2000
2020-09-11 09:25:00.580,3.284,200
2020-09-11 09:25:00.580,3.284,1000
2020-09-11 09:25:00.580,3.284,1000
2020-09-11 09:25:00.580,3.284,100
2020-09-11 09:25:00.580,3.284,3000
2020-09-11 09:25:00.580,3.284,3800
2020-09-11 09:25:00.580,3.284,6200
2020-09-11 09:25:00.580,3.284,24300
2020-09-11 09:25:00.580,3.284,30000
2020-09-11 09:25:00.580,3.284,245700
2020-09-11 09:25:00.580,3.284,600
2020-09-11 09:25:00.580,3.284,400
2020-09-11 09:25:00.580,3.284,15000
2020-09-11 09:25:00.580,3.284,10000
2020-09-11 09:25:00.580,3.284,9600
2020-09-11 09:25:00.580,3.284,12000
2020-09-11 09:25:00.580,3.284,100
2020-09-11 09:25:00.580,3.284,3000
2020-09-11 09:25:00.580,3.284,1000
2020-09-11 09:25:00.580,3.284,100
2020-09-11 09:25:00.580,3.284,2500
2020-09-11 09:25:00.580,3.284,1500
2020-09-11 09:25:00.580,3.284,3000
2020-09-11 09:25:00.580,3.284,100
2020-09-11 09:25:00.580,3.284,300
2020-09-11 09:25:00.580,3.284,1000
2020-09-11 09:25:00.580,3.284,500
2020-09-11 09:25:00.580,3.284,10000
2020-09-11 09:25:00.580,3.284,20000
2020-09-11 09:25:00.580,3.284,6000
2020-09-11 09:25:00.580,3.284,34000
2020-09-11 09:25:00.580,3.284,200
2020-09-11 09:25:00.580,3.284,300
2020-09-11 09:25:00.580,3.284,1000
2020-09-11 09:25:00.580,3.284,6100
2020-09-11 09:25:00.580,3.284,216000
2020-09-11 09:25:00.580,3.284,84000
2020-09-11 09:25:00.580,3.284,6000
2020-09-11 09:25:00.580,3.284,200
2020-09-11 09:25:00.580,3.284,10000
2020-09-11 09:25:00.580,3.284,23200
2020-09-11 09:25:00.580,3.284,200
2020-09-11 09:25:00.580,3.284,200
2020-09-11 09:25:00.580,3.284,1000
2020-09-11 09:25:00.580,3.284,5000
2020-09-11 09:25:00.580,3.284,600
2020-09-11 09:25:00.580,3.284,200
2020-09-11 09:25:00.580,3.284,13000
2020-09-11 09:25:00.580,3.284,12000
2020-09-11 09:25:00.580,3.284,200
2020-09-11 09:25:00.580,3.284,1000
2020-09-11 09:25:00.580,3.284,6100
2020-09-11 09:25:00.580,3.284,5000
2020-09-11 09:25:00.580,3.284,10000
2020-09-11 09:25:00.580,3.284,2000
2020-09-11 09:25:00.580,3.284,200
2020-09-11 09:25:00.580,3.284,1000
2020-09-11 09:25:00.580,3.284,1000
2020-09-11 09:25:00.580,3.284,1000
2020-09-11 09:25:00.580,3.284,5000
2020-09-11 09:25:00.580,3.284,5000
2020-09-11 09:25:00.580,3.284,8900
2020-09-11 09:25:00.580,3.284,2000
2020-09-11 09:25:00.580,3.284,1000
2020-09-11 09:25:00.580,3.284,2200
2020-09-11 09:25:00.580,3.284,200
2020-09-11 09:25:00.580,3.284,1000
2020-09-11 09:25:00.580,3.284,6100
2020-09-11 09:25:00.580,3.284,100
2020-09-11 09:25:00.580,3.284,100
2020-09-11 09:25:00.580,3.284,700
2020-09-11 09:25:00.580,3.284,20000
2020-09-11 09:25:00.580,3.284,2000
2020-09-11 09:25:00.580,3.284,1600
2020-09-11 09:25:00.580,3.284,10000
2020-09-11 09:25:00.580,3.284,7000
2020-09-11 09:25:00.580,3.284,60900
2020-09-11 09:25:00.580,3.284,200
2020-09-11 09:25:00.580,3.284,200
2020-09-11 09:25:00.580,3.284,200
2020-09-11 09:25:00.580,3.284,1000
2020-09-11 09:25:00.580,3.284,25100
2020-09-11 09:25:00.580,3.284,100
2020-09-11 09:25:00.580,3.284,7000
2020-09-11 09:30:00.170,3.283,10000
2020-09-11 09:30:00.170,3.283,200
2020-09-11 09:30:00.170,3.283,1000
2020-09-11 09:30:00.170,3.283,6100
2020-09-11 09:30:00.170,3.283,10000
2020-09-11 09:30:00.170,3.283,4000
2020-09-11 09:30:00.170,3.283,4000
2020-09-11 09:30:00.170,3.283,1000
2020-09-11 09:30:00.170,3.283,7000
2020-09-11 09:30:00.170,3.282,3000
2020-09-11 09:30:00.170,3.282,200
2020-09-11 09:30:00.170,3.282,1000
2020-09-11 09:30:00.170,3.282,100
2020-09-11 09:30:00.170,3.282,10000
2020-09-11 09:30:00.170,3.282,7000
2020-09-11 09:30:00.170,3.281,500
2020-09-11 09:30:00.170,3.281,10000
2020-09-11 09:30:00.170,3.281,10000
2020-09-11 09:30:00.170,3.281,2000
2020-09-11 09:30:00.170,3.281,200
2020-09-11 09:30:00.170,3.281,1000
2020-09-11 09:30:00.170,3.281,6100
2020-09-11 09:30:00.170,3.281,600
2020-09-11 09:30:00.170,3.281,11100
2020-09-11 09:30:00.170,3.281,2000
2020-09-11 09:30:00.170,3.281,10000
2020-09-11 09:30:00.170,3.281,7000
2020-09-11 09:30:00.170,3.281,300
2020-09-11 09:30:00.170,3.281,9900
2020-09-11 09:30:00.170,3.281,30000
2020-09-11 09:30:00.170,3.28,4000
2020-09-11 09:30:00.170,3.28,200
2020-09-11 09:30:00.170,3.28,20000
2020-09-11 09:30:00.170,3.28,5000
2020-09-11 09:30:00.170,3.28,1400
2020-09-11 09:30:00.170,3.28,10000
2020-09-11 09:30:00.170,3.28,1000
2020-09-11 09:30:00.170,3.28,300
2020-09-11 09:30:00.170,3.28,400
2020-09-11 09:30:00.170,3.28,1500
2020-09-11 09:30:00.170,3.28,1000
2020-09-11 09:30:00.170,3.28,30000
2020-09-11 09:30:00.170,3.28,200
2020-09-11 09:30:00.170,3.28,200
2020-09-11 09:30:00.170,3.28,1000
2020-09-11 09:30:00.170,3.28,100
2020-09-11 09:30:00.170,3.28,500
2020-09-11 09:30:00.170,3.28,100
2020-09-11 09:30:00.170,3.28,2300
2020-09-11 09:30:00.170,3.28,900
2020-09-11 09:30:00.170,3.28,3000
2020-09-11 09:30:00.170,3.28,1000
2020-09-11 09:30:00.170,3.28,4400
2020-09-11 09:30:00.170,3.28,500
2020-09-11 09:30:00.170,3.28,100
2020-09-11 09:30:00.170,3.28,2500
2020-09-11 09:30:00.170,3.28,10000
2020-09-11 09:30:00.170,3.28,5000
2020-09-11 09:30:00.170,3.28,500
2020-09-11 09:30:00.170,3.28,1000
2020-09-11 09:30:00.170,3.28,10000
2020-09-11 09:30:00.170,3.28,10000
2020-09-11 09:30:00.170,3.28,6600
2020-09-11 09:30:00.280,3.281,200
2020-09-11 09:30:00.280,3.281,25200
2020-09-11 09:30:00.280,3.281,10000
2020-09-11 09:30:00.330,3.281,4600
2020-09-11 09:30:00.330,3.282,5400
2020-09-11 09:30:00.390,3.281,1500
2020-09-11 09:30:00.390,3.282,44600
2020-09-11 09:30:00.390,3.283,3900
2020-09-11 09:30:00.490,3.283,1800
2020-09-11 09:30:00.490,3.283,4200
2020-09-11 09:30:00.490,3.283,200
2020-09-11 09:30:00.490,3.28,8400
2020-09-11 09:30:00.490,3.28,2000
2020-09-11 09:30:00.490,3.28,72800
2020-09-11 09:30:00.490,3.281,100
2020-09-11 09:30:00.490,3.281,200
2020-09-11 09:30:00.490,3.283,4600
2020-09-11 09:30:00.490,3.284,15200
2020-09-11 09:30:00.490,3.282,2000
2020-09-11 09:30:00.620,3.282,900
2020-09-11 09:30:00.620,3.284,5100
2020-09-11 09:30:00.620,3.284,100000
2020-09-11 09:30:00.740,3.284,5000
2020-09-11 09:30:00.740,3.283,300
2020-09-11 09:30:00.740,3.283,700
2020-09-11 09:30:00.740,3.284,10000
2020-09-11 09:30:00.820,3.284,100
2020-09-11 09:30:00.820,3.284,10000
2020-09-11 09:30:00.820,3.283,9100
2020-09-11 09:30:00.950,3.283,10200
2020-09-11 09:30:00.950,3.283,32200
2020-09-11 09:30:00.950,3.283,1000
2020-09-11 09:30:00.950,3.283,100
2020-09-11 09:30:00.950,3.283,100
2020-09-11 09:30:00.950,3.282,100
2020-09-11 09:30:00.950,3.282,1000
2020-09-11 09:30:00.950,3.281,5000
2020-09-11 09:30:00.950,3.281,10000
2020-09-11 09:30:00.950,3.281,100
2020-09-11 09:30:00.950,3.281,21200
2020-09-11 09:30:00.950,3.28,17200
2020-09-11 09:30:00.950,3.28,20000
2020-09-11 09:30:00.950,3.28,5400
2020-09-11 09:30:01.080,3.283,6400
2020-09-11 09:30:01.080,3.284,93600
2020-09-11 09:30:01.150,3.284,49700
2020-09-11 09:30:01.150,3.284,100
2020-09-11 09:30:01.150,3.283,30000
2020-09-11 09:30:01.150,3.284,10000
2020-09-11 09:30:01.150,3.283,20000
2020-09-11 09:30:01.150,3.283,2000
2020-09-11 09:30:01.150,3.283,4600
2020-09-11 09:30:01.320,3.283,4000
2020-09-11 09:30:01.320,3.283,100
2020-09-11 09:30:01.460,3.283,900
2020-09-11 09:30:01.460,3.283,300
2020-09-11 09:30:01.460,3.283,12300
2020-09-11 09:30:01.580,3.284,100
2020-09-11 09:30:01.580,3.284,6200
2020-09-11 09:30:01.580,3.284,10000
2020-09-11 09:30:01.700,3.284,7600
2020-09-11 09:30:01.700,3.284,3800
2020-09-11 09:30:01.700,3.284,500
2020-09-11 09:30:01.700,3.283,2000
2020-09-11 09:30:01.810,3.284,100
2020-09-11 09:30:01.810,3.284,300
2020-09-11 09:30:01.810,3.283,500
2020-09-11 09:30:01.810,3.283,5200
2020-09-11 09:30:01.810,3.283,1000
2020-09-11 09:30:01.810,3.283,10000
2020-09-11 09:30:01.810,3.283,300
2020-09-11 09:30:01.810,3.283,1000
2020-09-11 09:30:02.050,3.283,12500
2020-09-11 09:30:02.050,3.283,4300
2020-09-11 09:30:02.050,3.283,18200
2020-09-11 09:30:02.050,3.283,3000
2020-09-11 09:30:02.050,3.284,121900
2020-09-11 09:30:02.050,3.284,400
2020-09-11 09:30:02.050,3.284,1200
2020-09-11 09:30:02.050,3.284,20000
2020-09-11 09:30:02.050,3.284,50000
2020-09-11 09:30:02.290,3.284,100
2020-09-11 09:30:02.290,3.285,2000
2020-09-11 09:30:02.290,3.285,3000
2020-09-11 09:30:02.530,3.285,200
2020-09-11 09:30:02.530,3.285,3000
2020-09-11 09:30:02.530,3.285,1200
2020-09-11 09:30:02.710,3.285,10000
2020-09-11 09:30:02.790,3.285,2400
2020-09-11 09:30:02.900,3.285,2800
2020-09-11 09:30:02.980,3.285,2000
2020-09-11 09:30:03.190,3.286,3000
2020-09-11 09:30:03.190,3.286,26500
2020-09-11 09:30:03.190,3.286,20500
2020-09-11 09:30:03.190,3.286,9100
2020-09-11 09:30:03.190,3.287,31200
2020-09-11 09:30:03.320,3.285,1200
2020-09-11 09:30:03.320,3.285,1000
2020-09-11 09:30:03.320,3.286,500
2020-09-11 09:30:03.500,3.285,1000
2020-09-11 09:30:03.640,3.286,67600
2020-09-11 09:30:03.640,3.287,232400
2020-09-11 09:30:03.840,3.285,1000
2020-09-11 09:30:03.920,3.285,1400
2020-09-11 09:30:03.920,3.285,9500
2020-09-11 09:30:04.040,3.285,6800
2020-09-11 09:30:04.080,3.287,100000
2020-09-11 09:30:04.160,3.287,248000
2020-09-11 09:30:04.160,3.288,52000
2020-09-11 09:30:04.160,3.288,63100
2020-09-11 09:30:04.160,3.288,8000
2020-09-11 09:30:04.160,3.288,3000
2020-09-11 09:30:04.160,3.288,500
2020-09-11 09:30:04.160,3.289,51500
2020-09-11 09:30:04.160,3.289,3900
2020-09-11 09:30:04.160,3.289,10000
2020-09-11 09:30:04.160,3.29,160000
2020-09-11 09:30:04.350,3.285,50000
2020-09-11 09:30:04.350,3.285,1900
2020-09-11 09:30:04.460,3.285,1900
2020-09-11 09:30:04.500,3.286,200
2020-09-11 09:30:04.640,3.285,300
2020-09-11 09:30:04.690,3.286,30000
2020-09-11 09:30:04.730,3.286,10000
2020-09-11 09:30:04.850,3.285,2800
2020-09-11 09:30:05.180,3.285,1200
2020-09-11 09:30:05.260,3.285,5000
2020-09-11 09:30:05.490,3.285,10700
2020-09-11 09:30:05.750,3.286,8800
2020-09-11 09:30:05.750,3.29,40000
2020-09-11 09:30:05.750,3.29,100
2020-09-11 09:30:05.750,3.29,40200
2020-09-11 09:30:05.750,3.29,20000
2020-09-11 09:30:05.750,3.29,3000
2020-09-11 09:30:05.750,3.29,7000
2020-09-11 09:30:05.750,3.292,1000
2020-09-11 09:30:05.750,3.293,1000
2020-09-11 09:30:05.880,3.293,3300
2020-09-11 09:30:07.130,3.293,1500
2020-09-11 09:30:07.190,3.293,76000
2020-09-11 09:30:07.640,3.294,60000
2020-09-11 09:30:07.640,3.294,6000
2020-09-11 09:30:07.640,3.294,1000
2020-09-11 09:30:07.640,3.295,100
2020-09-11 09:30:07.640,3.295,200
2020-09-11 09:30:07.640,3.295,200
2020-09-11 09:30:07.640,3.295,3000
2020-09-11 09:30:07.640,3.295,9400
2020-09-11 09:30:07.640,3.295,800
2020-09-11 09:30:07.640,3.295,1000
2020-09-11 09:30:07.640,3.295,70500
2020-09-11 09:30:07.640,3.295,2500
2020-09-11 09:30:07.640,3.295,5200
2020-09-11 09:30:07.640,3.295,2500
2020-09-11 09:30:07.640,3.295,1300
2020-09-11 09:30:07.640,3.295,200
2020-09-11 09:30:07.640,3.295,1000
2020-09-11 09:30:08.210,3.295,500
2020-09-11 09:30:08.310,3.295,13500
2020-09-11 09:30:08.490,3.295,10000
2020-09-11 09:30:09.840,3.295,100
2020-09-11 09:30:10.550,3.295,4100
2020-09-11 09:30:11.090,3.295,1300
2020-09-11 09:30:11.090,3.295,1300
2020-09-11 09:30:12.350,3.296,300
2020-09-11 09:30:13.350,3.296,100
2020-09-11 09:30:13.350,3.296,1000
2020-09-11 09:30:15.520,3.295,6000
2020-09-11 09:30:17.220,3.295,14000
2020-09-11 09:30:17.220,3.295,6000
2020-09-11 09:30:17.780,3.295,700
2020-09-11 09:30:22.700,3.293,2500
2020-09-11 09:30:23.770,3.293,100
2020-09-11 09:30:23.770,3.292,700
2020-09-11 09:30:23.770,3.292,900
2020-09-11 09:30:24.530,3.293,13500
2020-09-11 09:30:24.530,3.295,300
2020-09-11 09:30:24.530,3.295,3000
2020-09-11 09:30:24.530,3.295,33200
2020-09-11 09:30:25.850,3.294,7000
2020-09-11 09:30:25.850,3.295,191800
2020-09-11 09:30:25.910,3.295,11700
2020-09-11 09:30:26.450,3.295,7700
2020-09-11 09:30:27.000,3.295,50000
2020-09-11 09:30:27.030,3.295,5000
2020-09-11 09:30:27.630,3.296,600
2020-09-11 09:30:27.630,3.296,3600
2020-09-11 09:30:27.630,3.296,3000
2020-09-11 09:30:27.630,3.296,4400
2020-09-11 09:30:27.630,3.296,2000
2020-09-11 09:30:27.630,3.296,500
2020-09-11 09:30:27.630,3.296,10500
2020-09-11 09:30:27.630,3.296,57500
2020-09-11 09:30:27.630,3.296,5000
2020-09-11 09:30:27.630,3.296,3000
2020-09-11 09:30:27.630,3.296,300
2020-09-11 09:30:27.630,3.296,1000
2020-09-11 09:30:27.630,3.296,10000
2020-09-11 09:30:27.630,3.296,1000
2020-09-11 09:30:27.630,3.296,20000
2020-09-11 09:30:27.630,3.296,40000
2020-09-11 09:30:27.630,3.296,137600
2020-09-11 09:30:28.420,3.296,87400
2020-09-11 09:30:28.420,3.296,212600
2020-09-11 09:30:28.420,3.296,12400
2020-09-11 09:30:28.420,3.296,19900
2020-09-11 09:30:28.420,3.296,5000
2020-09-11 09:30:28.630,3.296,50000
2020-09-11 09:30:29.070,3.296,20000
2020-09-11 09:30:29.720,3.296,18700
2020-09-11 09:30:30.120,3.296,10000
2020-09-11 09:30:31.560,3.297,13800
2020-09-11 09:30:31.560,3.297,200
2020-09-11 09:30:31.560,3.297,1000
2020-09-11 09:30:31.560,3.297,3300
2020-09-11 09:30:32.720,3.297,3000
2020-09-11 09:30:32.910,3.296,5300
2020-09-11 09:30:33.470,3.296,6200
2020-09-11 09:30:33.650,3.296,9700
2020-09-11 09:30:33.770,3.296,600
2020-09-11 09:30:33.770,3.296,142200
2020-09-11 09:30:33.770,3.296,83800
2020-09-11 09:30:33.770,3.296,100
2020-09-11 09:30:34.300,3.295,109800
2020-09-11 09:30:35.270,3.295,1300
2020-09-11 09:30:37.020,3.295,1000
2020-09-11 09:30:37.390,3.295,100
2020-09-11 09:30:37.990,3.295,1000
2020-09-11 09:30:38.410,3.294,100
2020-09-11 09:30:39.030,3.294,2000
2020-09-11 09:30:40.120,3.294,47600
2020-09-11 09:30:40.120,3.295,2400
2020-09-11 09:30:40.410,3.295,14100
2020-09-11 09:30:40.790,3.294,3000
2020-09-11 09:30:41.170,3.293,9100
2020-09-11 09:30:41.600,3.292,300
2020-09-11 09:30:41.760,3.292,10000
2020-09-11 09:30:43.150,3.294,300
2020-09-11 09:30:43.610,3.294,5000
2020-09-11 09:30:44.030,3.294,100
2020-09-11 09:30:44.240,3.294,100
2020-09-11 09:30:44.430,3.295,900
2020-09-11 09:30:45.590,3.295,1600
2020-09-11 09:30:45.620,3.294,10000
2020-09-11 09:30:45.620,3.294,18400
2020-09-11 09:30:47.170,3.295,2000
2020-09-11 09:30:47.170,3.294,11600
2020-09-11 09:30:47.570,3.294,10000
2020-09-11 09:30:48.720,3.294,2900
2020-09-11 09:30:48.800,3.294,14600
2020-09-11 09:30:48.800,3.296,10000
2020-09-11 09:30:48.800,3.296,2000
2020-09-11 09:30:50.680,3.296,4000
2020-09-11 09:30:51.050,3.297,1000
2020-09-11 09:30:51.790,3.296,2000
2020-09-11 09:30:51.900,3.296,55000
2020-09-11 09:30:52.220,3.296,12000
2020-09-11 09:30:52.720,3.296,100000
2020-09-11 09:30:52.830,3.296,100000
2020-09-11 09:30:53.760,3.296,400
2020-09-11 09:30:56.750,3.295,2000
2020-09-11 09:30:57.350,3.295,2000
2020-09-11 09:30:58.160,3.296,200
2020-09-11 09:30:58.210,3.296,500
2020-09-11 09:30:58.590,3.296,1400
2020-09-11 09:30:58.590,3.296,6200
2020-09-11 09:30:58.590,3.296,22400
2020-09-11 09:30:58.700,3.296,4000
2020-09-11 09:30:58.890,3.295,44300
2020-09-11 09:30:58.890,3.295,5000
2020-09-11 09:30:59.090,3.296,3600
2020-09-11 09:30:59.090,3.296,100
2020-09-11 09:30:59.910,3.296,300
2020-09-11 09:31:00.280,3.296,100
2020-09-11 09:31:00.880,3.297,2700
2020-09-11 09:31:00.880,3.297,3300
2020-09-11 09:31:01.410,3.297,3700
2020-09-11 09:31:01.410,3.297,9900
2020-09-11 09:31:01.410,3.297,11400
2020-09-11 09:31:02.730,3.296,5000
2020-09-11 09:31:02.730,3.296,50000
2020-09-11 09:31:02.730,3.296,5000
2020-09-11 09:31:03.100,3.295,400
2020-09-11 09:31:03.460,3.296,2200
2020-09-11 09:31:03.570,3.296,30000
2020-09-11 09:31:03.570,3.296,30000
2020-09-11 09:31:03.570,3.296,30000
2020-09-11 09:31:03.620,3.296,30000
2020-09-11 09:31:04.610,3.296,30000
2020-09-11 09:31:04.610,3.296,30000
2020-09-11 09:31:04.610,3.296,10000
2020-09-11 09:31:04.610,3.296,10000
2020-09-11 09:31:04.670,3.296,30000
2020-09-11 09:31:04.670,3.296,30000
2020-09-11 09:31:04.670,3.296,30000
2020-09-11 09:31:04.670,3.296,30000
2020-09-11 09:31:04.670,3.296,10100
2020-09-11 09:31:04.670,3.296,9900
2020-09-11 09:31:04.670,3.296,30000
2020-09-11 09:31:04.670,3.296,30000
2020-09-11 09:31:04.670,3.296,10000
2020-09-11 09:31:04.670,3.296,20000
2020-09-11 09:31:04.670,3.296,30000
2020-09-11 09:31:07.050,3.296,100
2020-09-11 09:31:08.000,3.296,2300
2020-09-11 09:31:11.160,3.295,10000
2020-09-11 09:31:11.480,3.294,200
2020-09-11 09:31:11.480,3.294,500
2020-09-11 09:31:11.480,3.294,1000
2020-09-11 09:31:11.480,3.294,2400
2020-09-11 09:31:11.480,3.294,2000
2020-09-11 09:31:11.480,3.294,1000
2020-09-11 09:31:11.480,3.294,77900
2020-09-11 09:31:12.610,3.295,30000
2020-09-11 09:31:12.630,3.295,10000
2020-09-11 09:31:14.020,3.296,700
2020-09-11 09:31:14.020,3.296,299300
2020-09-11 09:31:14.670,3.296,700
2020-09-11 09:31:14.670,3.296,2000
2020-09-11 09:31:14.670,3.296,5000
2020-09-11 09:31:14.670,3.296,8900
2020-09-11 09:31:14.700,3.296,54000
2020-09-11 09:31:17.590,3.296,20000
2020-09-11 09:31:18.310,3.296,100
2020-09-11 09:31:18.550,3.297,1500
2020-09-11 09:31:18.640,3.297,10000
2020-09-11 09:31:19.210,3.296,300
2020-09-11 09:31:19.950,3.296,13600
2020-09-11 09:31:21.290,3.296,10000
2020-09-11 09:31:24.750,3.297,3600
2020-09-11 09:31:25.350,3.297,20000
2020-09-11 09:31:25.370,3.296,185400
2020-09-11 09:31:25.370,3.296,50000
2020-09-11 09:31:25.370,3.296,1000
2020-09-11 09:31:25.370,3.296,5000
2020-09-11 09:31:25.370,3.296,900
2020-09-11 09:31:25.370,3.296,2000
2020-09-11 09:31:25.370,3.296,3000
2020-09-11 09:31:25.530,3.295,2500
2020-09-11 09:31:25.820,3.296,1000
2020-09-11 09:31:26.440,3.295,7500
2020-09-11 09:31:26.440,3.295,10000
2020-09-11 09:31:26.440,3.295,10000
2020-09-11 09:31:26.440,3.295,250300
2020-09-11 09:31:26.440,3.295,10000
2020-09-11 09:31:26.440,3.295,10000
2020-09-11 09:31:26.440,3.295,10000
2020-09-11 09:31:26.440,3.295,10000
2020-09-11 09:31:26.440,3.295,300
2020-09-11 09:31:26.440,3.295,10000
2020-09-11 09:31:26.440,3.295,33700
2020-09-11 09:31:28.630,3.295,2800
2020-09-11 09:31:28.630,3.295,10000
2020-09-11 09:31:28.630,3.295,500
2020-09-11 09:31:28.630,3.295,1000
2020-09-11 09:31:28.930,3.294,11700
2020-09-11 09:31:30.590,3.295,8000
2020-09-11 09:31:31.010,3.295,292000
2020-09-11 09:31:31.010,3.295,300000
2020-09-11 09:31:31.010,3.296,51800
2020-09-11 09:31:31.010,3.296,127300
2020-09-11 09:31:32.880,3.294,3000
2020-09-11 09:31:32.880,3.293,6400
2020-09-11 09:31:33.860,3.295,3000
2020-09-11 09:31:35.630,3.296,20000
2020-09-11 09:31:36.950,3.296,30000
2020-09-11 09:31:37.580,3.295,6900
2020-09-11 09:31:37.880,3.295,4900
2020-09-11 09:31:37.880,3.295,1000
2020-09-11 09:31:37.880,3.295,20000
2020-09-11 09:31:38.120,3.295,8500
2020-09-11 09:31:39.550,3.295,1700
2020-09-11 09:31:40.370,3.295,1600
2020-09-11 09:31:40.620,3.295,10000
2020-09-11 09:31:41.520,3.295,300
2020-09-11 09:31:41.920,3.295,300
2020-09-11 09:31:42.250,3.295,3000
2020-09-11 09:31:43.590,3.295,9200
2020-09-11 09:31:43.590,3.295,800
2020-09-11 09:31:44.360,3.295,2200
2020-09-11 09:31:44.360,3.295,7800
2020-09-11 09:31:45.140,3.295,2200
2020-09-11 09:31:45.140,3.295,2800
2020-09-11 09:31:46.020,3.295,200
2020-09-11 09:31:46.230,3.295,7000
2020-09-11 09:31:46.590,3.295,1000
2020-09-11 09:31:46.770,3.294,1000
2020-09-11 09:31:47.500,3.294,200
2020-09-11 09:31:47.550,3.294,3300
2020-09-11 09:31:49.430,3.295,5000
2020-09-11 09:31:49.580,3.295,6000
2020-09-11 09:31:49.600,3.294,6700
2020-09-11 09:31:52.510,3.293,5500
2020-09-11 09:31:53.950,3.295,9000
2020-09-11 09:31:53.950,3.295,1000
2020-09-11 09:31:54.130,3.295,500
2020-09-11 09:31:55.170,3.294,2000
2020-09-11 09:31:55.170,3.293,28000
2020-09-11 09:31:56.910,3.294,1600
2020-09-11 09:31:57.060,3.294,8100
2020-09-11 09:31:57.450,3.293,200
2020-09-11 09:31:58.690,3.294,10000
2020-09-11 09:31:59.170,3.294,10300
2020-09-11 09:31:59.170,3.294,3200
2020-09-11 09:31:59.170,3.294,1400
2020-09-11 09:32:00.460,3.294,100
2020-09-11 09:32:02.140,3.295,500
2020-09-11 09:32:02.140,3.295,2500
2020-09-11 09:32:02.360,3.295,5000
2020-09-11 09:32:02.600,3.295,30000
2020-09-11 09:32:02.600,3.295,10000
2020-09-11 09:32:02.600,3.295,30000
2020-09-11 09:32:02.600,3.294,5000
2020-09-11 09:32:04.600,3.295,22500
2020-09-11 09:32:04.600,3.295,7500
2020-09-11 09:32:04.600,3.295,30000
2020-09-11 09:32:04.950,3.295,12500
2020-09-11 09:32:04.950,3.295,2000
2020-09-11 09:32:04.950,3.295,5500
2020-09-11 09:32:05.170,3.295,4500
2020-09-11 09:32:05.360,3.296,122700
2020-09-11 09:32:05.360,3.296,3000
2020-09-11 09:32:05.360,3.296,5000
2020-09-11 09:32:05.360,3.296,10000
2020-09-11 09:32:05.360,3.296,100000
2020-09-11 09:32:05.360,3.296,8000
2020-09-11 09:32:05.360,3.296,2000
2020-09-11 09:32:05.360,3.296,1100
2020-09-11 09:32:05.360,3.296,1600
2020-09-11 09:32:05.360,3.296,100
2020-09-11 09:32:05.360,3.296,2000
2020-09-11 09:32:05.360,3.296,200
2020-09-11 09:32:05.360,3.296,300
2020-09-11 09:32:05.360,3.296,9200
2020-09-11 09:32:05.360,3.297,34800
2020-09-11 09:32:05.940,3.297,113000
2020-09-11 09:32:06.660,3.295,5000
2020-09-11 09:32:06.980,3.297,30300
2020-09-11 09:32:07.270,3.295,4200
2020-09-11 09:32:07.270,3.295,200
2020-09-11 09:32:07.270,3.295,8000
2020-09-11 09:32:08.010,3.295,42000
2020-09-11 09:32:08.010,3.295,50000
2020-09-11 09:32:08.010,3.295,10000
2020-09-11 09:32:08.010,3.295,50000
2020-09-11 09:32:08.030,3.295,148000
2020-09-11 09:32:09.690,3.297,20700
2020-09-11 09:32:09.690,3.297,95000
2020-09-11 09:32:09.690,3.297,400
2020-09-11 09:32:09.690,3.297,600
2020-09-11 09:32:09.690,3.297,21200
2020-09-11 09:32:09.690,3.297,4900
2020-09-11 09:32:09.690,3.297,200
2020-09-11 09:32:10.520,3.297,200
2020-09-11 09:32:11.150,3.297,63600
2020-09-11 09:32:11.280,3.297,93200
2020-09-11 09:32:11.280,3.296,6800
2020-09-11 09:32:13.780,3.296,18800
2020-09-11 09:32:16.190,3.297,6000
2020-09-11 09:32:17.200,3.296,126400
2020-09-11 09:32:18.880,3.296,3500
2020-09-11 09:32:19.310,3.296,100
2020-09-11 09:32:19.360,3.296,1500
2020-09-11 09:32:21.800,3.296,3100
2020-09-11 09:32:22.560,3.295,400
2020-09-11 09:32:22.560,3.295,19300
2020-09-11 09:32:22.640,3.295,10700
2020-09-11 09:32:22.640,3.295,300
2020-09-11 09:32:22.640,3.295,10000
2020-09-11 09:32:22.640,3.295,200
2020-09-11 09:32:25.020,3.296,1000
2020-09-11 09:32:25.180,3.296,500
2020-09-11 09:32:25.180,3.296,500
2020-09-11 09:32:25.490,3.296,3000
2020-09-11 09:32:26.040,3.295,5000
2020-09-11 09:32:26.610,3.296,50000
2020-09-11 09:32:26.750,3.296,3000
2020-09-11 09:32:26.750,3.296,600
2020-09-11 09:32:27.960,3.295,3400
2020-09-11 09:32:30.070,3.296,10000
2020-09-11 09:32:30.070,3.296,20000
2020-09-11 09:32:30.070,3.296,10000
2020-09-11 09:32:30.850,3.295,3700
2020-09-11 09:32:30.850,3.295,10000
2020-09-11 09:32:30.850,3.295,4100
2020-09-11 09:32:30.850,3.295,10000
2020-09-11 09:32:30.850,3.295,5000
2020-09-11 09:32:30.850,3.295,3000
2020-09-11 09:32:31.070,3.295,6000
2020-09-11 09:32:31.620,3.295,30000
2020-09-11 09:32:31.620,3.295,30000
2020-09-11 09:32:31.620,3.295,30000
2020-09-11 09:32:31.620,3.295,20000
2020-09-11 09:32:31.620,3.295,30000
2020-09-11 09:32:31.620,3.295,20000
2020-09-11 09:32:31.620,3.295,30000
2020-09-11 09:32:31.620,3.295,30000
2020-09-11 09:32:31.620,3.295,30000
2020-09-11 09:32:31.620,3.295,20000
2020-09-11 09:32:31.900,3.295,30000
2020-09-11 09:32:32.820,3.295,500
2020-09-11 09:32:34.130,3.295,10000
2020-09-11 09:32:34.640,3.295,7400
2020-09-11 09:32:34.640,3.295,12600
2020-09-11 09:32:35.890,3.295,7400
2020-09-11 09:32:35.890,3.295,16100
2020-09-11 09:32:36.570,3.296,1000
2020-09-11 09:32:36.570,3.296,9000
2020-09-11 09:32:37.430,3.295,100
2020-09-11 09:32:38.410,3.296,1000
2020-09-11 09:32:42.560,3.296,20000
2020-09-11 09:32:42.560,3.296,3300
2020-09-11 09:32:42.560,3.296,6700
2020-09-11 09:32:42.560,3.296,6000
2020-09-11 09:32:42.560,3.296,4000
2020-09-11 09:32:43.690,3.296,1400
2020-09-11 09:32:43.690,3.296,1000
2020-09-11 09:32:43.690,3.296,7600
2020-09-11 09:32:44.470,3.296,10200
2020-09-11 09:32:44.700,3.296,2200
2020-09-11 09:32:46.550,3.295,6400
2020-09-11 09:32:46.550,3.295,3700
2020-09-11 09:32:49.640,3.297,7000
2020-09-11 09:32:49.640,3.297,23000
2020-09-11 09:32:52.460,3.296,500
2020-09-11 09:32:52.460,3.296,30000
2020-09-11 09:32:52.460,3.296,5000
2020-09-11 09:32:52.460,3.296,60000
2020-09-11 09:32:53.780,3.296,69500
2020-09-11 09:32:53.780,3.297,222400
2020-09-11 09:32:53.780,3.298,1000
2020-09-11 09:32:53.780,3.298,7000
2020-09-11 09:32:53.780,3.298,100
2020-09-11 09:32:54.240,3.297,700
2020-09-11 09:32:56.190,3.297,2000
2020-09-11 09:32:57.370,3.297,3000
2020-09-11 09:32:59.910,3.297,14300
2020-09-11 09:33:01.210,3.296,1400
2020-09-11 09:33:01.630,3.297,10000
2020-09-11 09:33:04.730,3.296,8600
2020-09-11 09:33:04.730,3.296,3400
2020-09-11 09:33:04.810,3.297,5000
2020-09-11 09:33:07.590,3.297,700
2020-09-11 09:33:07.590,3.297,600
2020-09-11 09:33:07.590,3.297,5000
2020-09-11 09:33:07.590,3.297,3700
2020-09-11 09:33:07.590,3.297,20000
2020-09-11 09:33:09.440,3.297,800
2020-09-11 09:33:10.190,3.297,7600
2020-09-11 09:33:10.190,3.297,1000
2020-09-11 09:33:10.190,3.297,1400
2020-09-11 09:33:10.680,3.296,1900
2020-09-11 09:33:10.680,3.296,5000
2020-09-11 09:33:10.680,3.296,500
2020-09-11 09:33:10.680,3.296,100
2020-09-11 09:33:10.680,3.296,1000
2020-09-11 09:33:10.680,3.296,900
2020-09-11 09:33:10.680,3.296,7800
2020-09-11 09:33:11.170,3.297,100
2020-09-11 09:33:11.170,3.297,7500
2020-09-11 09:33:12.100,3.298,1900
2020-09-11 09:33:12.100,3.298,251000
2020-09-11 09:33:12.100,3.298,20000
2020-09-11 09:33:12.100,3.298,27100
2020-09-11 09:33:12.100,3.297,5000
2020-09-11 09:33:13.040,3.298,127200
2020-09-11 09:33:13.480,3.298,95700
2020-09-11 09:33:13.480,3.298,3000
2020-09-11 09:33:13.480,3.298,4900
2020-09-11 09:33:13.480,3.298,100
2020-09-11 09:33:13.480,3.298,800
2020-09-11 09:33:13.540,3.297,7400
2020-09-11 09:33:13.620,3.298,5000
2020-09-11 09:33:13.620,3.298,1000
2020-09-11 09:33:13.730,3.299,10000
2020-09-11 09:33:13.730,3.299,7100
2020-09-11 09:33:13.730,3.299,1900
2020-09-11 09:33:13.730,3.299,1000
2020-09-11 09:33:13.730,3.299,500
2020-09-11 09:33:13.730,3.299,100000
2020-09-11 09:33:13.730,3.299,61200
2020-09-11 09:33:13.730,3.299,10000
2020-09-11 09:33:13.730,3.299,7000
2020-09-11 09:33:13.730,3.299,13000
2020-09-11 09:33:13.730,3.299,10000
2020-09-11 09:33:13.730,3.299,3400
2020-09-11 09:33:13.840,3.299,7400
2020-09-11 09:33:14.470,3.299,9100
2020-09-11 09:33:14.580,3.299,10000
2020-09-11 09:33:16.640,3.3,300
2020-09-11 09:33:16.640,3.3,500
2020-09-11 09:33:16.640,3.3,200
2020-09-11 09:33:16.640,3.3,100
2020-09-11 09:33:16.640,3.3,1000
2020-09-11 09:33:16.640,3.3,2500
2020-09-11 09:33:16.640,3.3,6000
2020-09-11 09:33:16.640,3.3,100
2020-09-11 09:33:16.640,3.3,3100
2020-09-11 09:33:16.640,3.3,1700
2020-09-11 09:33:16.640,3.3,14500
2020-09-11 09:33:16.640,3.3,500
2020-09-11 09:33:16.640,3.3,1000
2020-09-11 09:33:16.640,3.3,300
2020-09-11 09:33:16.640,3.3,2000
2020-09-11 09:33:16.640,3.3,100
2020-09-11 09:33:16.640,3.3,10000
2020-09-11 09:33:16.640,3.3,5000
2020-09-11 09:33:16.640,3.3,500
2020-09-11 09:33:16.640,3.3,300
2020-09-11 09:33:16.640,3.3,7000
2020-09-11 09:33:16.640,3.3,100
2020-09-11 09:33:16.640,3.3,3200
2020-09-11 09:33:16.640,3.3,10000
2020-09-11 09:33:18.400,3.299,8000
2020-09-11 09:33:19.550,3.299,40400
2020-09-11 09:33:19.550,3.299,2900
2020-09-11 09:33:19.700,3.3,15100
2020-09-11 09:33:20.070,3.3,1000
2020-09-11 09:33:20.310,3.3,55700
2020-09-11 09:33:20.310,3.3,600
2020-09-11 09:33:20.310,3.3,2000
2020-09-11 09:33:20.310,3.3,100
2020-09-11 09:33:20.310,3.3,10000
2020-09-11 09:33:20.310,3.3,600
2020-09-11 09:33:20.310,3.3,200
2020-09-11 09:33:20.310,3.3,200
2020-09-11 09:33:20.310,3.3,2500
2020-09-11 09:33:20.310,3.3,10000
2020-09-11 09:33:20.310,3.3,11100
2020-09-11 09:33:20.310,3.3,3000
2020-09-11 09:33:20.310,3.3,300
2020-09-11 09:33:20.310,3.3,59500
2020-09-11 09:33:20.310,3.3,100
2020-09-11 09:33:22.230,3.3,100
2020-09-11 09:33:23.310,3.3,41800
2020-09-11 09:33:23.630,3.3,2200
2020-09-11 09:33:23.630,3.299,15800
2020-09-11 09:33:24.600,3.3,20000
2020-09-11 09:33:25.590,3.299,1000
2020-09-11 09:33:26.350,3.3,100
2020-09-11 09:33:26.380,3.3,5900
2020-09-11 09:33:26.880,3.3,2000
2020-09-11 09:33:27.760,3.301,1100
2020-09-11 09:33:27.790,3.3,25400
2020-09-11 09:33:27.790,3.3,1000
2020-09-11 09:33:27.790,3.3,2000
2020-09-11 09:33:28.120,3.299,73400
2020-09-11 09:33:28.380,3.299,1000
2020-09-11 09:33:29.100,3.3,30000
2020-09-11 09:33:29.100,3.3,30000
2020-09-11 09:33:29.100,3.3,30000
2020-09-11 09:33:29.100,3.3,10000
2020-09-11 09:33:29.100,3.3,30000
2020-09-11 09:33:29.100,3.3,30000
2020-09-11 09:33:29.100,3.3,30000
2020-09-11 09:33:29.440,3.3,1500
2020-09-11 09:33:29.850,3.3,10000
2020-09-11 09:33:30.980,3.299,30000
2020-09-11 09:33:31.110,3.299,5900
2020-09-11 09:33:31.230,3.3,2700
2020-09-11 09:33:31.310,3.3,6000
2020-09-11 09:33:31.770,3.299,117600
2020-09-11 09:33:31.850,3.3,10000
2020-09-11 09:33:32.200,3.3,23400
2020-09-11 09:33:32.320,3.3,400
2020-09-11 09:33:32.510,3.3,1200
2020-09-11 09:33:33.190,3.3,26400
2020-09-11 09:33:33.190,3.3,3600
2020-09-11 09:33:33.190,3.3,30000
2020-09-11 09:33:33.190,3.3,10000
2020-09-11 09:33:33.190,3.3,30000
2020-09-11 09:33:33.190,3.3,20000
2020-09-11 09:33:33.190,3.3,333300
2020-09-11 09:33:34.650,3.3,30000
2020-09-11 09:33:34.650,3.3,20000
2020-09-11 09:33:34.650,3.3,30000
2020-09-11 09:33:34.650,3.3,20000
2020-09-11 09:33:34.650,3.3,30000
2020-09-11 09:33:34.650,3.3,30000
2020-09-11 09:33:35.280,3.3,5400
2020-09-11 09:33:36.590,3.299,49700
2020-09-11 09:33:36.910,3.3,3500
2020-09-11 09:33:36.910,3.3,100
2020-09-11 09:33:37.500,3.299,2700
2020-09-11 09:33:37.500,3.299,7300
2020-09-11 09:33:37.770,3.299,2700
2020-09-11 09:33:37.770,3.299,100
2020-09-11 09:33:37.770,3.298,20000
2020-09-11 09:33:37.770,3.298,10000
2020-09-11 09:33:37.770,3.298,10000
2020-09-11 09:33:37.770,3.298,10000
2020-09-11 09:33:37.770,3.298,6500
2020-09-11 09:33:37.850,3.3,500
2020-09-11 09:33:38.520,3.3,2000
2020-09-11 09:33:39.450,3.3,7100
2020-09-11 09:33:39.610,3.3,30000
2020-09-11 09:33:39.610,3.3,20000
2020-09-11 09:33:39.610,3.3,30000
2020-09-11 09:33:39.670,3.3,100000
2020-09-11 09:33:39.690,3.3,1000
2020-09-11 09:33:39.880,3.3,73800
2020-09-11 09:33:41.340,3.299,300
2020-09-11 09:33:41.340,3.298,3500
2020-09-11 09:33:41.340,3.298,10000
2020-09-11 09:33:41.340,3.298,10000
2020-09-11 09:33:41.340,3.298,10000
2020-09-11 09:33:41.340,3.298,10000
2020-09-11 09:33:41.340,3.298,10000
2020-09-11 09:33:41.340,3.298,2000
2020-09-11 09:33:41.340,3.298,1200
2020-09-11 09:33:41.510,3.3,300
2020-09-11 09:33:42.170,3.3,900
2020-09-11 09:33:42.410,3.3,20000
2020-09-11 09:33:42.600,3.3,18500
2020-09-11 09:33:42.600,3.3,1000
2020-09-11 09:33:42.600,3.3,300
2020-09-11 09:33:42.600,3.3,10000
2020-09-11 09:33:42.600,3.3,200
2020-09-11 09:33:42.600,3.3,10000
2020-09-11 09:33:42.600,3.3,5900
2020-09-11 09:33:42.600,3.3,24100
2020-09-11 09:33:42.600,3.3,30000
2020-09-11 09:33:42.600,3.3,30000
2020-09-11 09:33:42.630,3.3,30000
2020-09-11 09:33:42.630,3.3,20000
2020-09-11 09:33:42.630,3.3,10000
2020-09-11 09:33:42.630,3.3,30000
2020-09-11 09:33:42.630,3.3,30000
2020-09-11 09:33:42.630,3.3,30000
2020-09-11 09:33:42.630,3.3,10000
2020-09-11 09:33:43.810,3.3,10000
2020-09-11 09:33:44.110,3.3,30000
2020-09-11 09:33:44.110,3.3,15900
2020-09-11 09:33:44.110,3.3,14100
2020-09-11 09:33:44.110,3.3,30000
2020-09-11 09:33:44.110,3.3,30000
2020-09-11 09:33:44.110,3.3,30000
2020-09-11 09:33:44.110,3.3,10000
2020-09-11 09:33:44.110,3.3,30000
2020-09-11 09:33:44.110,3.3,10000
2020-09-11 09:33:44.110,3.3,20000
2020-09-11 09:33:44.110,3.3,30000
2020-09-11 09:33:44.110,3.3,30000
2020-09-11 09:33:44.740,3.299,300
2020-09-11 09:33:44.800,3.3,66000
2020-09-11 09:33:44.800,3.301,2100
2020-09-11 09:33:44.800,3.301,100
2020-09-11 09:33:44.800,3.301,1000
2020-09-11 09:33:44.800,3.301,7000
2020-09-11 09:33:44.800,3.301,4400
2020-09-11 09:33:44.800,3.301,219400
2020-09-11 09:33:44.920,3.299,19700
2020-09-11 09:33:44.920,3.298,2400
2020-09-11 09:33:44.920,3.298,500
2020-09-11 09:33:44.920,3.298,500
2020-09-11 09:33:44.920,3.298,20000
2020-09-11 09:33:44.920,3.298,26600
2020-09-11 09:33:44.940,3.298,23400
2020-09-11 09:33:44.940,3.298,26600
2020-09-11 09:33:45.470,3.298,8000
2020-09-11 09:33:46.020,3.299,20000
2020-09-11 09:33:46.020,3.298,40000
2020-09-11 09:33:46.640,3.301,30000
2020-09-11 09:33:46.640,3.301,20000
2020-09-11 09:33:46.640,3.301,30000
2020-09-11 09:33:47.290,3.301,600
2020-09-11 09:33:47.290,3.301,400
2020-09-11 09:33:47.440,3.301,10000
2020-09-11 09:33:47.480,3.299,20000
2020-09-11 09:33:47.480,3.298,16500
2020-09-11 09:33:47.480,3.298,600
2020-09-11 09:33:47.480,3.298,5000
2020-09-11 09:33:47.480,3.298,138300
2020-09-11 09:33:48.170,3.299,12000
2020-09-11 09:33:48.700,3.299,5000
2020-09-11 09:33:48.800,3.3,4000
2020-09-11 09:33:48.800,3.3,300
2020-09-11 09:33:48.800,3.3,295700
2020-09-11 09:33:49.550,3.3,154300
2020-09-11 09:33:49.550,3.3,2000
2020-09-11 09:33:49.550,3.301,49600
2020-09-11 09:33:49.550,3.301,94100
2020-09-11 09:33:49.710,3.3,4300
2020-09-11 09:33:49.860,3.3,18900
2020-09-11 09:33:49.890,3.3,100
2020-09-11 09:33:53.190,3.3,6700
2020-09-11 09:33:53.190,3.3,3300
2020-09-11 09:33:53.270,3.3,5000
2020-09-11 09:33:53.360,3.301,5900
2020-09-11 09:33:53.360,3.301,3000
2020-09-11 09:33:53.360,3.301,1000
2020-09-11 09:33:53.360,3.301,100
2020-09-11 09:33:53.500,3.301,50600
2020-09-11 09:33:53.500,3.301,10000
2020-09-11 09:33:53.500,3.3,11700
2020-09-11 09:33:53.500,3.3,30000
2020-09-11 09:33:53.500,3.3,8500
2020-09-11 09:33:53.860,3.301,125000
2020-09-11 09:33:54.690,3.302,1000
2020-09-11 09:33:54.690,3.302,20000
2020-09-11 09:33:54.690,3.302,6000
2020-09-11 09:33:54.690,3.302,100
2020-09-11 09:33:54.690,3.302,10000
2020-09-11 09:33:54.690,3.302,7000
2020-09-11 09:33:54.690,3.302,11600
2020-09-11 09:33:54.690,3.302,10000
2020-09-11 09:33:54.690,3.302,1000
2020-09-11 09:33:54.690,3.302,100
2020-09-11 09:33:54.690,3.302,93000
2020-09-11 09:33:55.820,3.302,100
2020-09-11 09:33:55.910,3.302,136400
2020-09-11 09:33:56.600,3.303,1000
2020-09-11 09:33:56.600,3.303,5900
2020-09-11 09:33:56.600,3.303,100
2020-09-11 09:33:56.600,3.303,500
2020-09-11 09:33:56.600,3.303,3000
2020-09-11 09:33:56.600,3.303,7000
2020-09-11 09:33:56.600,3.303,400
2020-09-11 09:33:56.600,3.303,10000
2020-09-11 09:33:56.780,3.303,24000
2020-09-11 09:33:57.420,3.303,5000
2020-09-11 09:33:57.500,3.303,243100
2020-09-11 09:33:57.500,3.302,3700
2020-09-11 09:33:57.500,3.302,50000
2020-09-11 09:33:57.500,3.301,20000
2020-09-11 09:33:57.500,3.301,30000
2020-09-11 09:33:57.500,3.301,1000
2020-09-11 09:33:57.500,3.301,20000
2020-09-11 09:33:57.500,3.301,20000
2020-09-11 09:33:57.500,3.3,1500
2020-09-11 09:33:57.500,3.3,30000
2020-09-11 09:33:57.500,3.3,20000
2020-09-11 09:33:57.500,3.3,500
2020-09-11 09:33:57.500,3.3,22100
2020-09-11 09:33:57.500,3.3,1900
2020-09-11 09:33:57.500,3.3,6000
2020-09-11 09:33:57.500,3.3,300000
2020-09-11 09:33:57.500,3.3,230200
2020-09-11 09:33:59.990,3.303,500
2020-09-11 09:33:59.990,3.304,11000
2020-09-11 09:33:59.990,3.304,200
2020-09-11 09:33:59.990,3.304,2300
2020-09-11 09:34:01.630,3.302,30000
2020-09-11 09:34:01.630,3.302,30000
2020-09-11 09:34:01.630,3.302,30000
2020-09-11 09:34:01.630,3.302,30000
2020-09-11 09:34:01.630,3.302,30000
2020-09-11 09:34:01.630,3.302,30000
2020-09-11 09:34:01.630,3.302,30000
2020-09-11 09:34:01.630,3.302,30000
2020-09-11 09:34:01.630,3.302,30000
2020-09-11 09:34:01.630,3.302,30000
2020-09-11 09:34:01.630,3.302,30000
2020-09-11 09:34:01.630,3.302,30000
2020-09-11 09:34:02.670,3.301,42900
2020-09-11 09:34:03.930,3.302,5000
2020-09-11 09:34:03.930,3.303,5000
2020-09-11 09:34:05.120,3.303,500
2020-09-11 09:34:05.250,3.301,51300
2020-09-11 09:34:07.330,3.301,1000
2020-09-11 09:34:07.790,3.301,2400
2020-09-11 09:34:07.820,3.302,100
2020-09-11 09:34:08.400,3.302,900
2020-09-11 09:34:08.920,3.302,10000
2020-09-11 09:34:10.350,3.302,100
2020-09-11 09:34:10.730,3.303,200
2020-09-11 09:34:11.050,3.302,19500
2020-09-11 09:34:11.400,3.302,1000
2020-09-11 09:34:12.750,3.301,2400
2020-09-11 09:34:12.750,3.301,1800
2020-09-11 09:34:12.750,3.301,3000
2020-09-11 09:34:12.750,3.301,6000
2020-09-11 09:34:12.750,3.301,900
2020-09-11 09:34:12.750,3.301,62400
2020-09-11 09:34:14.220,3.301,4400
2020-09-11 09:34:14.220,3.302,600
2020-09-11 09:34:15.820,3.301,33200
2020-09-11 09:34:15.820,3.301,3000
2020-09-11 09:34:15.820,3.301,1000
2020-09-11 09:34:15.820,3.301,2000
2020-09-11 09:34:16.060,3.301,2000
2020-09-11 09:34:16.480,3.301,5000
2020-09-11 09:34:16.700,3.301,10000
2020-09-11 09:34:16.720,3.301,600
2020-09-11 09:34:17.650,3.301,800
2020-09-11 09:34:17.670,3.301,1000
2020-09-11 09:34:17.710,3.301,10000
2020-09-11 09:34:18.390,3.301,2500
2020-09-11 09:34:18.720,3.301,1500
2020-09-11 09:34:18.980,3.301,500
2020-09-11 09:34:21.730,3.3,7400
2020-09-11 09:34:22.210,3.301,10300
2020-09-11 09:34:22.500,3.301,1900
2020-09-11 09:34:23.960,3.3,500
2020-09-11 09:34:25.060,3.301,30000
2020-09-11 09:34:25.060,3.301,30000
2020-09-11 09:34:25.060,3.301,30000
2020-09-11 09:34:25.060,3.301,30000
2020-09-11 09:34:25.060,3.301,30000
2020-09-11 09:34:25.060,3.301,4700
2020-09-11 09:34:25.060,3.301,100
2020-09-11 09:34:25.060,3.301,25200
2020-09-11 09:34:25.060,3.301,30000
2020-09-11 09:34:25.060,3.301,30000
2020-09-11 09:34:25.060,3.301,30000
2020-09-11 09:34:25.060,3.301,30000
2020-09-11 09:34:25.060,3.301,30000
2020-09-11 09:34:25.060,3.301,30000
2020-09-11 09:34:25.060,3.301,10000
2020-09-11 09:34:25.060,3.301,30000
2020-09-11 09:34:26.110,3.301,3100
2020-09-11 09:34:26.110,3.301,5000
2020-09-11 09:34:26.110,3.301,100
2020-09-11 09:34:27.780,3.301,2000
2020-09-11 09:34:30.360,3.301,1000
2020-09-11 09:34:30.390,3.301,18800
2020-09-11 09:34:30.390,3.301,20000
2020-09-11 09:34:30.390,3.301,1000
2020-09-11 09:34:30.390,3.301,2000
2020-09-11 09:34:30.640,3.3,4000
2020-09-11 09:34:30.880,3.3,7400
2020-09-11 09:34:31.450,3.301,31300
2020-09-11 09:34:31.450,3.301,68700
2020-09-11 09:34:31.630,3.301,30000
2020-09-11 09:34:31.630,3.301,30000
2020-09-11 09:34:31.630,3.301,30000
2020-09-11 09:34:31.630,3.301,30000
2020-09-11 09:34:31.630,3.301,30000
2020-09-11 09:34:31.630,3.301,30000
2020-09-11 09:34:31.660,3.301,30000
2020-09-11 09:34:31.660,3.301,20000
2020-09-11 09:34:31.660,3.301,10000
2020-09-11 09:34:31.660,3.301,30000
2020-09-11 09:34:31.660,3.301,10000
2020-09-11 09:34:31.660,3.301,30000
2020-09-11 09:34:33.340,3.301,5000
2020-09-11 09:34:34.090,3.301,500
2020-09-11 09:34:34.670,3.301,30000
2020-09-11 09:34:34.670,3.301,30000
2020-09-11 09:34:34.670,3.301,20000
2020-09-11 09:34:34.670,3.301,20000
2020-09-11 09:34:34.670,3.301,30000
2020-09-11 09:34:34.670,3.301,30000
2020-09-11 09:34:37.150,3.301,300000
2020-09-11 09:34:37.230,3.3,1900
2020-09-11 09:34:37.310,3.301,4000
2020-09-11 09:34:37.550,3.301,10000
2020-09-11 09:34:37.640,3.301,30000
2020-09-11 09:34:37.640,3.301,30000
2020-09-11 09:34:37.640,3.301,30000
2020-09-11 09:34:37.640,3.301,30000
2020-09-11 09:34:37.640,3.301,21800
2020-09-11 09:34:37.640,3.301,8200
2020-09-11 09:34:37.640,3.301,30000
2020-09-11 09:34:37.640,3.301,30000
2020-09-11 09:34:37.640,3.301,30000
2020-09-11 09:34:37.640,3.301,30000
2020-09-11 09:34:37.640,3.301,30000
2020-09-11 09:34:37.640,3.301,20000
2020-09-11 09:34:37.640,3.301,30000
2020-09-11 09:34:37.640,3.301,30000
2020-09-11 09:34:37.640,3.301,30000
2020-09-11 09:34:37.640,3.301,30000
2020-09-11 09:34:37.940,3.301,2200
2020-09-11 09:34:38.070,3.301,3800
2020-09-11 09:34:38.440,3.3,1200
2020-09-11 09:34:38.680,3.3,3000
2020-09-11 09:34:39.260,3.301,95800
2020-09-11 09:34:39.510,3.301,4200
2020-09-11 09:34:39.820,3.3,10000
2020-09-11 09:34:40.520,3.301,100
2020-09-11 09:34:40.680,3.301,5700
2020-09-11 09:34:41.750,3.302,8900
2020-09-11 09:34:41.750,3.302,10000
2020-09-11 09:34:41.750,3.302,5000
2020-09-11 09:34:41.750,3.302,300
2020-09-11 09:34:41.750,3.302,50000
2020-09-11 09:34:41.750,3.302,112800
2020-09-11 09:34:41.750,3.302,16100
2020-09-11 09:34:41.750,3.302,10000
2020-09-11 09:34:41.750,3.302,10000
2020-09-11 09:34:41.750,3.302,800
2020-09-11 09:34:41.750,3.302,10000
2020-09-11 09:34:42.270,3.302,2000
2020-09-11 09:34:43.580,3.302,50000
2020-09-11 09:34:43.760,3.303,200
2020-09-11 09:34:48.760,3.302,10000
2020-09-11 09:34:49.930,3.302,4100
2020-09-11 09:34:49.930,3.302,2000
2020-09-11 09:34:50.010,3.302,1600
2020-09-11 09:34:51.150,3.302,6700
2020-09-11 09:34:56.130,3.302,3100
2020-09-11 09:34:56.590,3.302,100
2020-09-11 09:34:58.780,3.302,2010
2020-09-11 09:34:58.780,3.302,4190
2020-09-11 09:34:59.890,3.302,100
2020-09-11 09:35:00.360,3.302,300
2020-09-11 09:35:01.610,3.302,20000
2020-09-11 09:35:01.690,3.302,2800
2020-09-11 09:35:02.590,3.302,12610
2020-09-11 09:35:02.590,3.302,200
2020-09-11 09:35:02.590,3.302,3190
2020-09-11 09:35:02.640,3.302,500
2020-09-11 09:35:02.930,3.302,8000
2020-09-11 09:35:03.130,3.302,18310
2020-09-11 09:35:03.810,3.302,1900
2020-09-11 09:35:04.140,3.302,800
2020-09-11 09:35:04.740,3.302,8990
2020-09-11 09:35:06.840,3.302,1000
2020-09-11 09:35:07.120,3.302,10
2020-09-11 09:35:07.450,3.302,100
2020-09-11 09:35:08.330,3.303,4800
2020-09-11 09:35:08.330,3.303,5000
2020-09-11 09:35:08.330,3.303,2000
2020-09-11 09:35:08.330,3.303,18200
2020-09-11 09:35:08.330,3.303,30000
2020-09-11 09:35:08.330,3.303,30000
2020-09-11 09:35:08.330,3.303,21800
2020-09-11 09:35:08.330,3.303,500
2020-09-11 09:35:08.330,3.303,7700
2020-09-11 09:35:08.330,3.303,22300
2020-09-11 09:35:08.330,3.303,7700
2020-09-11 09:35:09.230,3.303,10000
2020-09-11 09:35:09.590,3.302,400
2020-09-11 09:35:11.390,3.302,81
2020-09-11 09:35:13.330,3.302,10000
2020-09-11 09:35:14.300,3.302,4400
2020-09-11 09:35:15.760,3.302,1200
2020-09-11 09:35:15.960,3.302,7400
2020-09-11 09:35:16.010,3.303,200
2020-09-11 09:35:16.420,3.303,100
2020-09-11 09:35:17.600,3.302,3000
2020-09-11 09:35:18.330,3.303,2600
2020-09-11 09:35:19.320,3.302,23409
2020-09-11 09:35:19.320,3.302,100000
2020-09-11 09:35:19.320,3.302,66900
2020-09-11 09:35:19.320,3.302,3000
2020-09-11 09:35:19.320,3.302,2000
2020-09-11 09:35:19.320,3.302,400
2020-09-11 09:35:19.320,3.302,1700
2020-09-11 09:35:19.320,3.302,10000
2020-09-11 09:35:19.320,3.302,3000
2020-09-11 09:35:19.320,3.302,100
2020-09-11 09:35:20.780,3.302,1300
2020-09-11 09:35:21.600,3.302,1000
2020-09-11 09:35:21.740,3.302,20000
2020-09-11 09:35:22.360,3.302,60700
2020-09-11 09:35:22.710,3.302,200
2020-09-11 09:35:24.520,3.302,2000
2020-09-11 09:35:24.610,3.302,4291
2020-09-11 09:35:24.610,3.302,25709
2020-09-11 09:35:25.850,3.302,3300
2020-09-11 09:35:25.930,3.302,1000
2020-09-11 09:35:28.620,3.302,9991
2020-09-11 09:35:28.620,3.302,200
2020-09-11 09:35:28.620,3.302,9809
2020-09-11 09:35:28.830,3.302,500
2020-09-11 09:35:32.460,3.302,100
2020-09-11 09:35:32.510,3.302,100
2020-09-11 09:35:32.510,3.302,100
2020-09-11 09:35:32.510,3.302,100
2020-09-11 09:35:32.510,3.302,100
2020-09-11 09:35:32.510,3.302,100
2020-09-11 09:35:32.510,3.302,100
2020-09-11 09:35:32.510,3.302,100
2020-09-11 09:35:32.510,3.302,100
2020-09-11 09:35:32.540,3.302,100
2020-09-11 09:35:32.540,3.302,100
2020-09-11 09:35:32.540,3.302,100
2020-09-11 09:35:32.540,3.302,100
2020-09-11 09:35:32.540,3.302,100
2020-09-11 09:35:32.540,3.302,100
2020-09-11 09:35:32.630,3.302,100
2020-09-11 09:35:32.630,3.302,100
2020-09-11 09:35:32.630,3.302,100
2020-09-11 09:35:32.630,3.302,100
2020-09-11 09:35:32.630,3.302,100
2020-09-11 09:35:32.630,3.302,100
2020-09-11 09:35:32.690,3.302,100
2020-09-11 09:35:32.690,3.302,100
2020-09-11 09:35:32.690,3.302,100
2020-09-11 09:35:32.710,3.302,100
2020-09-11 09:35:32.710,3.302,100
2020-09-11 09:35:32.710,3.302,100
2020-09-11 09:35:32.710,3.302,100
2020-09-11 09:35:32.710,3.302,100
2020-09-11 09:35:32.710,3.302,100
2020-09-11 09:35:32.710,3.302,100
2020-09-11 09:35:32.710,3.302,100
2020-09-11 09:35:32.710,3.302,100
2020-09-11 09:35:32.740,3.302,100
2020-09-11 09:35:32.740,3.302,100
2020-09-11 09:35:32.740,3.302,100
2020-09-11 09:35:32.740,3.302,100
2020-09-11 09:35:32.740,3.302,100
2020-09-11 09:35:32.740,3.302,100
2020-09-11 09:35:32.740,3.302,100
2020-09-11 09:35:32.790,3.302,5691
2020-09-11 09:35:32.790,3.302,31009
2020-09-11 09:35:32.790,3.302,200
2020-09-11 09:35:32.790,3.302,100
2020-09-11 09:35:32.790,3.302,100
2020-09-11 09:35:32.790,3.302,100
2020-09-11 09:35:32.790,3.302,100
2020-09-11 09:35:32.840,3.302,100
2020-09-11 09:35:32.840,3.302,100
2020-09-11 09:35:32.840,3.302,100
2020-09-11 09:35:32.840,3.302,100
2020-09-11 09:35:32.840,3.302,100
2020-09-11 09:35:32.840,3.302,100
2020-09-11 09:35:32.840,3.302,100
2020-09-11 09:35:32.940,3.302,100
2020-09-11 09:35:32.940,3.302,100
2020-09-11 09:35:32.940,3.302,100
2020-09-11 09:35:32.940,3.302,100
2020-09-11 09:35:32.940,3.302,100
2020-09-11 09:35:32.940,3.302,100
2020-09-11 09:35:32.940,3.302,100
2020-09-11 09:35:32.940,3.302,100
2020-09-11 09:35:32.940,3.302,100
2020-09-11 09:35:32.940,3.302,100
2020-09-11 09:35:32.940,3.302,100
2020-09-11 09:35:32.940,3.302,100
2020-09-11 09:35:32.990,3.302,100
2020-09-11 09:35:32.990,3.302,100
2020-09-11 09:35:32.990,3.302,100
2020-09-11 09:35:32.990,3.302,100
2020-09-11 09:35:33.050,3.302,100
2020-09-11 09:35:33.110,3.302,100
2020-09-11 09:35:33.110,3.302,100
2020-09-11 09:35:33.110,3.302,100
2020-09-11 09:35:33.110,3.302,100
2020-09-11 09:35:33.110,3.302,100
2020-09-11 09:35:33.110,3.302,100
2020-09-11 09:35:33.110,3.302,100
2020-09-11 09:35:33.110,3.302,100
2020-09-11 09:35:33.110,3.302,100
2020-09-11 09:35:33.140,3.302,100
2020-09-11 09:35:33.140,3.302,100
2020-09-11 09:35:33.140,3.302,100
2020-09-11 09:35:33.140,3.302,100
2020-09-11 09:35:33.140,3.302,100
2020-09-11 09:35:33.140,3.302,100
2020-09-11 09:35:33.230,3.302,100
2020-09-11 09:35:33.230,3.302,100
2020-09-11 09:35:33.230,3.302,100
2020-09-11 09:35:33.230,3.302,100
2020-09-11 09:35:33.230,3.302,100
2020-09-11 09:35:33.310,3.302,100
2020-09-11 09:35:33.310,3.302,100
2020-09-11 09:35:33.310,3.302,100
2020-09-11 09:35:33.310,3.302,100
2020-09-11 09:35:33.360,3.302,100
2020-09-11 09:35:33.360,3.302,100
2020-09-11 09:35:33.360,3.302,100
2020-09-11 09:35:33.360,3.302,100
2020-09-11 09:35:33.360,3.302,100
2020-09-11 09:35:33.360,3.302,100
2020-09-11 09:35:33.420,3.302,100
2020-09-11 09:35:33.420,3.302,100
2020-09-11 09:35:33.420,3.302,100
2020-09-11 09:35:33.450,3.302,100
2020-09-11 09:35:33.450,3.302,100
2020-09-11 09:35:33.450,3.302,100
2020-09-11 09:35:33.450,3.302,100
2020-09-11 09:35:33.500,3.302,100
2020-09-11 09:35:33.500,3.302,100
2020-09-11 09:35:33.500,3.302,100
2020-09-11 09:35:33.500,3.302,100
2020-09-11 09:35:33.500,3.302,100
2020-09-11 09:35:33.500,3.302,100
2020-09-11 09:35:33.550,3.302,100
2020-09-11 09:35:33.550,3.302,100
2020-09-11 09:35:33.550,3.302,100
2020-09-11 09:35:33.550,3.302,100
2020-09-11 09:35:33.550,3.302,100
2020-09-11 09:35:33.550,3.302,100
2020-09-11 09:35:33.550,3.302,100
2020-09-11 09:35:33.630,3.302,100
2020-09-11 09:35:33.630,3.302,100
2020-09-11 09:35:33.630,3.302,100
2020-09-11 09:35:33.630,3.302,100
2020-09-11 09:35:33.630,3.302,100
2020-09-11 09:35:33.630,3.302,100
2020-09-11 09:35:33.660,3.302,100
2020-09-11 09:35:33.660,3.302,100
2020-09-11 09:35:33.660,3.302,100
2020-09-11 09:35:33.660,3.302,100
2020-09-11 09:35:33.660,3.302,100
2020-09-11 09:35:33.660,3.302,100
2020-09-11 09:35:33.660,3.302,100
2020-09-11 09:35:33.740,3.302,100
2020-09-11 09:35:33.740,3.302,100
2020-09-11 09:35:33.740,3.302,100
2020-09-11 09:35:33.740,3.302,100
2020-09-11 09:35:33.740,3.302,100
2020-09-11 09:35:33.740,3.302,100
2020-09-11 09:35:33.740,3.302,100
2020-09-11 09:35:33.740,3.302,100
2020-09-11 09:35:33.740,3.302,100
2020-09-11 09:35:33.740,3.302,100
2020-09-11 09:35:33.800,3.302,100
2020-09-11 09:35:33.800,3.302,100
2020-09-11 09:35:33.800,3.302,100
2020-09-11 09:35:33.800,3.302,100
2020-09-11 09:35:33.850,3.302,100
2020-09-11 09:35:33.850,3.302,100
2020-09-11 09:35:33.850,3.302,100
2020-09-11 09:35:33.850,3.302,100
2020-09-11 09:35:33.910,3.302,100
2020-09-11 09:35:33.910,3.302,100
2020-09-11 09:35:34.640,3.302,3800
2020-09-11 09:35:34.970,3.301,2000
2020-09-11 09:35:35.240,3.301,4900
2020-09-11 09:35:35.670,3.301,3100
2020-09-11 09:35:35.670,3.301,2200
2020-09-11 09:35:36.160,3.302,2000
2020-09-11 09:35:36.640,3.302,30000
2020-09-11 09:35:36.640,3.302,30000
2020-09-11 09:35:36.640,3.302,30000
2020-09-11 09:35:36.640,3.302,30000
2020-09-11 09:35:36.640,3.302,10000
2020-09-11 09:35:36.640,3.302,30000
2020-09-11 09:35:36.640,3.302,30000
2020-09-11 09:35:36.640,3.302,10000
2020-09-11 09:35:37.140,3.301,16000
2020-09-11 09:35:37.710,3.302,200
2020-09-11 09:35:38.150,3.302,3700
2020-09-11 09:35:39.820,3.301,2700
2020-09-11 09:35:42.830,3.301,1000
2020-09-11 09:35:43.400,3.301,4000
2020-09-11 09:35:44.620,3.302,1000
2020-09-11 09:35:46.740,3.302,2000
2020-09-11 09:35:48.050,3.301,4000
2020-09-11 09:35:49.740,3.301,2000
2020-09-11 09:35:50.150,3.302,30000
2020-09-11 09:35:50.150,3.302,15091
2020-09-11 09:35:50.150,3.302,2000
2020-09-11 09:35:50.150,3.302,5000
2020-09-11 09:35:50.150,3.302,7909
2020-09-11 09:35:50.150,3.302,30000
2020-09-11 09:35:50.170,3.301,300
2020-09-11 09:35:50.570,3.302,300
2020-09-11 09:35:50.940,3.301,3000
2020-09-11 09:35:51.010,3.302,100
2020-09-11 09:35:51.670,3.302,1000
2020-09-11 09:35:52.550,3.302,100
2020-09-11 09:35:52.920,3.302,30000
2020-09-11 09:35:52.920,3.302,10000
2020-09-11 09:35:59.400,3.302,591
2020-09-11 09:35:59.400,3.302,2000
2020-09-11 09:35:59.400,3.302,2000
2020-09-11 09:35:59.400,3.302,5409
2020-09-11 09:35:59.430,3.302,1000
2020-09-11 09:36:00.100,3.302,391
2020-09-11 09:36:00.100,3.302,500
2020-09-11 09:36:00.100,3.302,10000
2020-09-11 09:36:00.240,3.302,17609
2020-09-11 09:36:00.240,3.301,64800
2020-09-11 09:36:00.240,3.301,50000
2020-09-11 09:36:00.240,3.301,1500
2020-09-11 09:36:00.240,3.301,50000
2020-09-11 09:36:00.240,3.301,100
2020-09-11 09:36:00.240,3.301,600
2020-09-11 09:36:00.240,3.301,300
2020-09-11 09:36:00.240,3.301,9000
2020-09-11 09:36:00.240,3.301,1000
2020-09-11 09:36:00.240,3.301,50000
2020-09-11 09:36:00.240,3.301,50000
2020-09-11 09:36:00.240,3.301,20000
2020-09-11 09:36:00.240,3.3,34500
2020-09-11 09:36:00.240,3.3,3100
2020-09-11 09:36:00.240,3.3,93000
2020-09-11 09:36:00.240,3.3,7900
2020-09-11 09:36:00.240,3.3,200
2020-09-11 09:36:00.240,3.3,500
2020-09-11 09:36:00.240,3.3,299700
2020-09-11 09:36:00.240,3.3,5000
2020-09-11 09:36:00.240,3.3,3000
2020-09-11 09:36:00.240,3.3,100
2020-09-11 09:36:00.240,3.3,200
2020-09-11 09:36:00.240,3.3,34800
2020-09-11 09:36:00.240,3.3,2000
2020-09-11 09:36:00.240,3.3,300
2020-09-11 09:36:00.240,3.3,1000
2020-09-11 09:36:00.240,3.3,2000
2020-09-11 09:36:00.240,3.3,5000
2020-09-11 09:36:00.240,3.3,500
2020-09-11 09:36:00.240,3.3,5000
2020-09-11 09:36:00.240,3.3,500
2020-09-11 09:36:00.240,3.3,10200
2020-09-11 09:36:00.240,3.3,3000
2020-09-11 09:36:00.240,3.3,5000
2020-09-11 09:36:00.240,3.3,20000
2020-09-11 09:36:00.240,3.3,148591
2020-09-11 09:36:00.750,3.301,18500
2020-09-11 09:36:01.080,3.302,7500
2020-09-11 09:36:01.630,3.303,100
2020-09-11 09:36:02.150,3.302,2500
2020-09-11 09:36:02.150,3.301,1500
2020-09-11 09:36:02.150,3.301,10000
2020-09-11 09:36:02.380,3.301,6000
2020-09-11 09:36:02.380,3.301,6000
2020-09-11 09:36:02.960,3.301,2000
2020-09-11 09:36:03.840,3.302,500
2020-09-11 09:36:03.970,3.302,199500
2020-09-11 09:36:03.970,3.302,2000
2020-09-11 09:36:03.970,3.302,25000
2020-09-11 09:36:03.970,3.302,14700
2020-09-11 09:36:05.460,3.302,10000
2020-09-11 09:36:05.810,3.302,300
2020-09-11 09:36:06.520,3.302,11000
2020-09-11 09:36:07.480,3.302,500
2020-09-11 09:36:10.770,3.302,5000
2020-09-11 09:36:11.690,3.302,5000
2020-09-11 09:36:14.030,3.302,7400
2020-09-11 09:36:14.950,3.302,1000
2020-09-11 09:36:15.780,3.302,18600
2020-09-11 09:36:15.780,3.302,3200
2020-09-11 09:36:15.780,3.302,5000
2020-09-11 09:36:15.780,3.302,300
2020-09-11 09:36:15.780,3.302,26700
2020-09-11 09:36:15.780,3.302,8200
2020-09-11 09:36:16.670,3.302,5500
2020-09-11 09:36:16.920,3.3,2000
2020-09-11 09:36:16.920,3.3,5400
2020-09-11 09:36:18.480,3.302,300
2020-09-11 09:36:20.660,3.302,1000
2020-09-11 09:36:21.330,3.302,6100
2020-09-11 09:36:22.130,3.302,20500
2020-09-11 09:36:22.130,3.302,9500
2020-09-11 09:36:22.440,3.3,400
2020-09-11 09:36:22.810,3.302,3200
2020-09-11 09:36:23.180,3.3,4200
2020-09-11 09:36:23.180,3.3,3200
2020-09-11 09:36:25.390,3.301,1000
2020-09-11 09:36:25.560,3.301,10000
2020-09-11 09:36:25.840,3.3,1300
2020-09-11 09:36:26.960,3.301,9000
2020-09-11 09:36:30.180,3.301,2000
2020-09-11 09:36:31.640,3.301,3100
2020-09-11 09:36:32.510,3.301,1000
2020-09-11 09:36:34.910,3.3,500
2020-09-11 09:36:34.910,3.3,200
2020-09-11 09:36:34.910,3.3,4300
2020-09-11 09:36:35.110,3.301,200
2020-09-11 09:36:36.330,3.3,500
2020-09-11 09:36:36.330,3.3,5000
2020-09-11 09:36:36.330,3.3,20000
2020-09-11 09:36:36.330,3.3,1500
2020-09-11 09:36:36.330,3.3,2000
2020-09-11 09:36:36.330,3.3,2000
2020-09-11 09:36:36.330,3.3,700
2020-09-11 09:36:36.330,3.3,3000
2020-09-11 09:36:36.360,3.3,12000
2020-09-11 09:36:36.470,3.3,400
2020-09-11 09:36:36.580,3.299,8900
2020-09-11 09:36:39.030,3.299,300000
2020-09-11 09:36:39.290,3.3,6600
2020-09-11 09:36:39.550,3.299,14900
2020-09-11 09:36:39.550,3.299,1000
2020-09-11 09:36:39.550,3.299,100
2020-09-11 09:36:39.550,3.299,6000
2020-09-11 09:36:39.550,3.299,93000
2020-09-11 09:36:39.550,3.299,6200
2020-09-11 09:36:40.880,3.299,30000
2020-09-11 09:36:40.880,3.299,30000
2020-09-11 09:36:40.880,3.299,30000
2020-09-11 09:36:40.880,3.299,20000
2020-09-11 09:36:40.880,3.299,30000
2020-09-11 09:36:41.830,3.299,300
2020-09-11 09:36:42.510,3.299,2000
2020-09-11 09:36:42.590,3.299,2000
2020-09-11 09:36:43.540,3.299,30000
2020-09-11 09:36:46.500,3.299,4500
2020-09-11 09:36:46.500,3.299,5500
2020-09-11 09:36:49.650,3.299,300
2020-09-11 09:36:50.730,3.298,1000
2020-09-11 09:36:50.730,3.298,9000
2020-09-11 09:36:52.280,3.299,500
2020-09-11 09:36:52.550,3.299,3700
2020-09-11 09:36:52.550,3.299,800
2020-09-11 09:36:52.550,3.299,6000
2020-09-11 09:36:52.550,3.299,9500
2020-09-11 09:36:52.580,3.298,100
2020-09-11 09:36:53.640,3.299,500
2020-09-11 09:36:53.640,3.299,3200
2020-09-11 09:36:54.010,3.299,600
2020-09-11 09:36:54.260,3.299,6200
2020-09-11 09:36:54.480,3.299,600
2020-09-11 09:36:55.590,3.3,3000
2020-09-11 09:36:55.590,3.3,1000
2020-09-11 09:36:55.590,3.3,26000
2020-09-11 09:36:55.590,3.3,10000
2020-09-11 09:36:55.590,3.3,30000
2020-09-11 09:36:55.590,3.3,30000
2020-09-11 09:36:55.590,3.3,4000
2020-09-11 09:36:55.590,3.3,26000
2020-09-11 09:36:55.590,3.3,30000
2020-09-11 09:36:55.590,3.3,30000
2020-09-11 09:36:55.590,3.3,30000
2020-09-11 09:36:55.590,3.3,20000
2020-09-11 09:36:57.940,3.3,5000
2020-09-11 09:36:58.540,3.3,30000
2020-09-11 09:36:58.540,3.3,20000
2020-09-11 09:37:01.600,3.3,9000
2020-09-11 09:37:01.600,3.3,1000
2020-09-11 09:37:02.420,3.299,50000
2020-09-11 09:37:06.010,3.3,400
2020-09-11 09:37:06.010,3.3,5000
2020-09-11 09:37:06.010,3.3,500
2020-09-11 09:37:06.010,3.3,2500
2020-09-11 09:37:06.010,3.3,1600
2020-09-11 09:37:08.310,3.299,10000
2020-09-11 09:37:08.310,3.299,5000
2020-09-11 09:37:08.310,3.299,100000
2020-09-11 09:37:08.310,3.299,155700
2020-09-11 09:37:08.310,3.299,500
2020-09-11 09:37:08.310,3.299,3000
2020-09-11 09:37:10.560,3.299,25800
2020-09-11 09:37:10.560,3.299,200
2020-09-11 09:37:10.560,3.299,4000
2020-09-11 09:37:10.560,3.299,10000
2020-09-11 09:37:10.560,3.299,30000
2020-09-11 09:37:10.560,3.299,30000
2020-09-11 09:37:10.560,3.299,30000
2020-09-11 09:37:10.560,3.299,30000
2020-09-11 09:37:11.070,3.299,100
2020-09-11 09:37:11.310,3.299,3000
2020-09-11 09:37:14.990,3.299,2600
2020-09-11 09:37:15.380,3.298,10000
2020-09-11 09:37:15.770,3.299,10000
2020-09-11 09:37:15.950,3.299,100
2020-09-11 09:37:16.430,3.299,1000
2020-09-11 09:37:16.570,3.299,1000
2020-09-11 09:37:18.980,3.298,12000
2020-09-11 09:37:19.680,3.299,30000
2020-09-11 09:37:19.680,3.299,20000
2020-09-11 09:37:19.680,3.299,30000
2020-09-11 09:37:20.480,3.299,100000
2020-09-11 09:37:20.840,3.299,25300
2020-09-11 09:37:21.060,3.298,18900
2020-09-11 09:37:21.060,3.298,1100
2020-09-11 09:37:21.350,3.299,300
2020-09-11 09:37:21.400,3.298,200
2020-09-11 09:37:21.680,3.298,6300
2020-09-11 09:37:22.580,3.298,40000
2020-09-11 09:37:26.200,3.299,1000
2020-09-11 09:37:26.430,3.298,230000
2020-09-11 09:37:26.980,3.298,27400
2020-09-11 09:37:26.980,3.298,100
2020-09-11 09:37:26.980,3.298,3000
2020-09-11 09:37:26.980,3.298,5000
2020-09-11 09:37:26.980,3.298,10000
2020-09-11 09:37:26.980,3.298,100
2020-09-11 09:37:26.980,3.298,1000
2020-09-11 09:37:26.980,3.298,300
2020-09-11 09:37:26.980,3.298,600
2020-09-11 09:37:26.980,3.298,5000
2020-09-11 09:37:26.980,3.298,5700
2020-09-11 09:37:26.980,3.298,100000
2020-09-11 09:37:26.980,3.298,100
2020-09-11 09:37:26.980,3.298,500
2020-09-11 09:37:26.980,3.298,1000
2020-09-11 09:37:27.530,3.298,600
2020-09-11 09:37:27.630,3.297,100
2020-09-11 09:37:27.630,3.297,500
2020-09-11 09:37:27.630,3.297,2500
2020-09-11 09:37:27.630,3.297,200
2020-09-11 09:37:27.630,3.297,1000
2020-09-11 09:37:27.630,3.297,100
2020-09-11 09:37:27.630,3.297,3600
2020-09-11 09:37:29.260,3.298,6100
2020-09-11 09:37:29.410,3.297,69500
2020-09-11 09:37:29.410,3.297,200
2020-09-11 09:37:29.410,3.297,10000
2020-09-11 09:37:29.410,3.297,30000
2020-09-11 09:37:30.150,3.297,2400
2020-09-11 09:37:34.740,3.297,5000
2020-09-11 09:37:37.770,3.296,2000
2020-09-11 09:37:37.770,3.296,2000
2020-09-11 09:37:38.510,3.296,9000
2020-09-11 09:37:39.470,3.297,500
2020-09-11 09:37:39.600,3.297,400
2020-09-11 09:37:41.200,3.297,2000
2020-09-11 09:37:41.930,3.297,50000
2020-09-11 09:37:42.180,3.297,500
2020-09-11 09:37:44.550,3.296,2000
2020-09-11 09:37:48.170,3.296,103500
2020-09-11 09:37:48.170,3.296,2000
2020-09-11 09:37:48.170,3.296,1600
2020-09-11 09:37:48.170,3.296,600
2020-09-11 09:37:48.170,3.296,100
2020-09-11 09:37:48.170,3.296,10000
2020-09-11 09:37:48.170,3.296,200
2020-09-11 09:37:48.170,3.296,30000
2020-09-11 09:37:48.170,3.296,5000
2020-09-11 09:37:48.170,3.296,9900
2020-09-11 09:37:48.230,3.297,4400
2020-09-11 09:37:48.230,3.297,300
2020-09-11 09:37:48.230,3.297,300
2020-09-11 09:37:48.340,3.296,100
2020-09-11 09:37:48.340,3.296,6400
2020-09-11 09:37:48.340,3.296,5000
2020-09-11 09:37:48.670,3.296,10000
2020-09-11 09:37:49.040,3.295,10000
2020-09-11 09:37:49.040,3.295,2400
2020-09-11 09:37:49.040,3.295,6000
2020-09-11 09:37:49.040,3.295,100
2020-09-11 09:37:49.040,3.295,48000
2020-09-11 09:37:49.040,3.295,2000
2020-09-11 09:37:49.040,3.295,100
2020-09-11 09:37:49.040,3.295,5000
2020-09-11 09:37:49.040,3.295,4000
2020-09-11 09:37:49.040,3.295,100
2020-09-11 09:37:49.040,3.295,2000
2020-09-11 09:37:49.040,3.295,4300
2020-09-11 09:37:49.040,3.295,5000
2020-09-11 09:37:49.040,3.295,10000
2020-09-11 09:37:49.040,3.295,26000
2020-09-11 09:37:49.530,3.295,10000
2020-09-11 09:37:49.530,3.295,30000
2020-09-11 09:37:49.530,3.295,30000
2020-09-11 09:37:49.530,3.295,10000
2020-09-11 09:37:49.530,3.295,30000
2020-09-11 09:37:49.530,3.295,30000
2020-09-11 09:37:52.590,3.295,30000
2020-09-11 09:37:52.590,3.295,5000
2020-09-11 09:37:52.590,3.295,25000
2020-09-11 09:37:52.590,3.295,30000
2020-09-11 09:37:52.590,3.295,30000
2020-09-11 09:37:52.590,3.295,30000
2020-09-11 09:37:52.590,3.295,30000
2020-09-11 09:37:52.590,3.295,30000
2020-09-11 09:37:52.590,3.295,30000
2020-09-11 09:37:52.590,3.295,20000
2020-09-11 09:37:54.180,3.295,10000
2020-09-11 09:37:54.800,3.295,10000
2020-09-11 09:37:55.530,3.295,30000
2020-09-11 09:37:55.530,3.295,20000
2020-09-11 09:37:55.880,3.295,2400
2020-09-11 09:37:55.990,3.294,10000
2020-09-11 09:37:57.500,3.295,400
2020-09-11 09:37:58.560,3.295,2200
2020-09-11 09:37:58.560,3.295,9000
2020-09-11 09:37:58.560,3.295,18800
2020-09-11 09:37:58.560,3.295,30000
2020-09-11 09:37:58.560,3.295,20000
2020-09-11 09:37:58.560,3.295,30000
2020-09-11 09:37:59.110,3.295,2500
2020-09-11 09:38:00.240,3.295,5500
2020-09-11 09:38:00.900,3.295,200
2020-09-11 09:38:00.960,3.295,500
2020-09-11 09:38:01.530,3.295,20000
2020-09-11 09:38:01.740,3.295,6000
2020-09-11 09:38:01.740,3.296,4000
2020-09-11 09:38:01.880,3.295,5000
2020-09-11 09:38:02.160,3.296,24500
2020-09-11 09:38:02.160,3.296,115200
2020-09-11 09:38:02.160,3.296,3000
2020-09-11 09:38:10.430,3.296,30000
2020-09-11 09:38:11.620,3.296,127300
2020-09-11 09:38:11.620,3.296,52700
2020-09-11 09:38:11.940,3.296,47300
2020-09-11 09:38:12.000,3.296,10000
2020-09-11 09:38:12.810,3.296,300
2020-09-11 09:38:12.810,3.296,18200
2020-09-11 09:38:13.750,3.295,600
2020-09-11 09:38:13.750,3.295,700
2020-09-11 09:38:13.750,3.295,2000
2020-09-11 09:38:13.830,3.295,300
2020-09-11 09:38:16.260,3.295,200
2020-09-11 09:38:16.550,3.295,9000
2020-09-11 09:38:21.600,3.295,30000
2020-09-11 09:38:21.600,3.295,30000
2020-09-11 09:38:22.540,3.294,5200
2020-09-11 09:38:23.290,3.295,10000
2020-09-11 09:38:23.380,3.294,1500
2020-09-11 09:38:26.520,3.295,5000
2020-09-11 09:38:26.520,3.295,1600
2020-09-11 09:38:27.100,3.295,3400
2020-09-11 09:38:27.100,3.295,2600
2020-09-11 09:38:29.020,3.295,3200
2020-09-11 09:38:32.050,3.295,200
2020-09-11 09:38:32.490,3.296,500
2020-09-11 09:38:33.880,3.295,10000
2020-09-11 09:38:33.930,3.295,20800
2020-09-11 09:38:33.930,3.295,9700
2020-09-11 09:38:33.930,3.295,108400
2020-09-11 09:38:35.070,3.296,8600
2020-09-11 09:38:35.070,3.296,47700
2020-09-11 09:38:35.070,3.296,9000
2020-09-11 09:38:35.070,3.296,24400
2020-09-11 09:38:35.070,3.296,100
2020-09-11 09:38:35.070,3.296,120200
2020-09-11 09:38:36.080,3.295,1900
2020-09-11 09:38:37.170,3.296,30000
2020-09-11 09:38:37.170,3.296,30000
2020-09-11 09:38:37.170,3.296,20000
2020-09-11 09:38:37.200,3.296,14800
2020-09-11 09:38:37.960,3.296,1000
2020-09-11 09:38:38.600,3.296,30000
2020-09-11 09:38:38.600,3.296,20000
2020-09-11 09:38:39.560,3.296,1000
2020-09-11 09:38:40.390,3.295,5000
2020-09-11 09:38:40.940,3.296,10000
2020-09-11 09:38:40.940,3.296,4500
2020-09-11 09:38:40.940,3.296,500
2020-09-11 09:38:40.940,3.296,25000
2020-09-11 09:38:41.430,3.296,3000
2020-09-11 09:38:43.590,3.296,10000
2020-09-11 09:38:43.800,3.295,4800
2020-09-11 09:38:44.880,3.296,200
2020-09-11 09:38:44.950,3.296,4300
2020-09-11 09:38:44.950,3.296,2000
2020-09-11 09:38:46.170,3.296,20000
2020-09-11 09:38:46.370,3.296,300
2020-09-11 09:38:54.520,3.296,73400
2020-09-11 09:38:54.520,3.296,75000
2020-09-11 09:38:54.520,3.296,700
2020-09-11 09:38:54.520,3.296,10000
2020-09-11 09:38:54.520,3.296,2000
2020-09-11 09:38:54.520,3.296,16800
2020-09-11 09:38:54.520,3.296,10000
2020-09-11 09:38:54.520,3.296,15100
2020-09-11 09:38:54.600,3.296,700
2020-09-11 09:39:00.680,3.295,3000
2020-09-11 09:39:01.110,3.296,30000
2020-09-11 09:39:01.360,3.296,200
2020-09-11 09:39:02.040,3.295,1800
2020-09-11 09:39:02.490,3.296,30000
2020-09-11 09:39:02.490,3.296,30000
2020-09-11 09:39:02.490,3.296,6100
2020-09-11 09:39:02.490,3.296,23900
2020-09-11 09:39:02.490,3.296,30000
2020-09-11 09:39:02.490,3.296,30000
2020-09-11 09:39:02.490,3.296,30000
2020-09-11 09:39:02.490,3.296,30000
2020-09-11 09:39:02.490,3.296,30000
2020-09-11 09:39:02.490,3.296,30000
2020-09-11 09:39:02.490,3.296,30000
2020-09-11 09:39:02.490,3.296,30000
2020-09-11 09:39:02.490,3.296,10000
2020-09-11 09:39:02.550,3.296,25800
2020-09-11 09:39:02.550,3.296,4200
2020-09-11 09:39:02.550,3.295,299700
2020-09-11 09:39:03.010,3.296,2000
2020-09-11 09:39:05.820,3.296,5000
2020-09-11 09:39:08.360,3.295,10000
2020-09-11 09:39:09.050,3.295,555000
2020-09-11 09:39:10.520,3.295,9000
2020-09-11 09:39:12.380,3.296,300
2020-09-11 09:39:13.810,3.296,3800
2020-09-11 09:39:17.880,3.295,1400
2020-09-11 09:39:17.880,3.295,5000
2020-09-11 09:39:17.880,3.295,10000
2020-09-11 09:39:17.880,3.295,5000
2020-09-11 09:39:17.880,3.295,1000
2020-09-11 09:39:17.880,3.295,4000
2020-09-11 09:39:18.240,3.295,300
2020-09-11 09:39:19.240,3.295,3000
2020-09-11 09:39:20.610,3.295,30000
2020-09-11 09:39:20.750,3.295,10000
2020-09-11 09:39:22.410,3.295,2600
2020-09-11 09:39:22.410,3.295,300
2020-09-11 09:39:22.580,3.295,15000
2020-09-11 09:39:22.860,3.294,1700
2020-09-11 09:39:23.470,3.295,2500
2020-09-11 09:39:24.080,3.295,30000
2020-09-11 09:39:24.080,3.295,30000
2020-09-11 09:39:24.080,3.295,10000
2020-09-11 09:39:24.080,3.295,30000
2020-09-11 09:39:25.870,3.295,20000
2020-09-11 09:39:25.870,3.295,30000
2020-09-11 09:39:25.870,3.295,30000
2020-09-11 09:39:27.140,3.294,200
2020-09-11 09:39:28.080,3.294,1000
2020-09-11 09:39:28.890,3.295,29900
2020-09-11 09:39:28.890,3.295,100
2020-09-11 09:39:28.890,3.295,19900
2020-09-11 09:39:28.890,3.295,10000
2020-09-11 09:39:28.890,3.295,100
2020-09-11 09:39:28.890,3.295,16600
2020-09-11 09:39:28.890,3.295,13400
2020-09-11 09:39:28.890,3.295,30000
2020-09-11 09:39:28.890,3.295,30000
2020-09-11 09:39:28.890,3.295,30000
2020-09-11 09:39:28.890,3.295,30000
2020-09-11 09:39:28.890,3.295,30000
2020-09-11 09:39:28.890,3.295,30000
2020-09-11 09:39:28.890,3.295,30000
2020-09-11 09:39:28.890,3.295,10000
2020-09-11 09:39:28.890,3.295,30000
2020-09-11 09:39:28.890,3.295,30000
2020-09-11 09:39:29.370,3.295,700
2020-09-11 09:39:31.120,3.294,4000
2020-09-11 09:39:31.870,3.295,30000
2020-09-11 09:39:31.870,3.295,30000
2020-09-11 09:39:31.870,3.295,30000
2020-09-11 09:39:31.870,3.295,30000
2020-09-11 09:39:31.870,3.295,30000
2020-09-11 09:39:31.870,3.295,30000
2020-09-11 09:39:31.870,3.295,10000
2020-09-11 09:39:31.870,3.295,30000
2020-09-11 09:39:31.870,3.295,30000
2020-09-11 09:39:31.870,3.294,2000
2020-09-11 09:39:31.980,3.295,5000
2020-09-11 09:39:32.260,3.294,20000
2020-09-11 09:39:32.280,3.294,4300
2020-09-11 09:39:33.000,3.295,1000
2020-09-11 09:39:34.710,3.295,300
2020-09-11 09:39:34.710,3.295,9700
2020-09-11 09:39:34.860,3.295,300
2020-09-11 09:39:34.860,3.295,1800
2020-09-11 09:39:34.860,3.295,2900
2020-09-11 09:39:34.980,3.295,1100
2020-09-11 09:39:37.000,3.295,2000
2020-09-11 09:39:38.350,3.295,1900
2020-09-11 09:39:38.350,3.295,100
2020-09-11 09:39:38.350,3.294,30100
2020-09-11 09:39:38.350,3.294,400
2020-09-11 09:39:38.350,3.294,400
2020-09-11 09:39:38.350,3.294,3100
2020-09-11 09:39:38.350,3.294,1000
2020-09-11 09:39:38.350,3.294,100000
2020-09-11 09:39:38.350,3.294,50000
2020-09-11 09:39:38.350,3.294,14300
2020-09-11 09:39:38.350,3.294,1000
2020-09-11 09:39:38.350,3.294,5000
2020-09-11 09:39:38.350,3.294,1000
2020-09-11 09:39:38.350,3.294,5000
2020-09-11 09:39:38.350,3.294,10000
2020-09-11 09:39:38.350,3.294,10000
2020-09-11 09:39:38.350,3.294,600
2020-09-11 09:39:38.350,3.294,15000
2020-09-11 09:39:38.350,3.294,11000
2020-09-11 09:39:38.350,3.294,10000
2020-09-11 09:39:38.350,3.294,3600
2020-09-11 09:39:38.350,3.294,100
2020-09-11 09:39:38.350,3.294,1200
2020-09-11 09:39:38.460,3.294,300
2020-09-11 09:39:38.700,3.294,74600
2020-09-11 09:39:40.040,3.294,100
2020-09-11 09:39:40.330,3.294,2900
2020-09-11 09:39:40.420,3.294,1000
2020-09-11 09:39:40.920,3.294,30000
2020-09-11 09:39:40.920,3.294,30000
2020-09-11 09:39:40.920,3.294,30000
2020-09-11 09:39:40.920,3.294,30000
2020-09-11 09:39:40.920,3.294,30000
2020-09-11 09:39:40.920,3.294,30000
2020-09-11 09:39:40.920,3.294,30000
2020-09-11 09:39:40.920,3.294,20000
2020-09-11 09:39:40.920,3.294,30000
2020-09-11 09:39:40.920,3.294,30000
2020-09-11 09:39:40.920,3.294,30000
2020-09-11 09:39:40.920,3.294,30000
2020-09-11 09:39:40.920,3.294,30000
2020-09-11 09:39:40.920,3.294,30000
2020-09-11 09:39:40.920,3.294,30000
2020-09-11 09:39:40.920,3.294,30000
2020-09-11 09:39:40.920,3.294,30000
2020-09-11 09:39:40.920,3.294,10000
2020-09-11 09:39:43.680,3.294,30000
2020-09-11 09:39:43.680,3.294,30000
2020-09-11 09:39:43.680,3.294,20000
2020-09-11 09:39:43.680,3.294,20000
2020-09-11 09:39:43.700,3.294,1100
2020-09-11 09:39:44.900,3.294,1000
2020-09-11 09:39:46.630,3.294,30000
2020-09-11 09:39:49.140,3.294,3000
2020-09-11 09:39:49.300,3.294,1200
2020-09-11 09:39:49.300,3.294,700
2020-09-11 09:39:49.300,3.294,10000
2020-09-11 09:39:49.300,3.294,288100
2020-09-11 09:39:49.380,3.293,5700
2020-09-11 09:39:49.600,3.294,300000
2020-09-11 09:39:49.620,3.294,30000
2020-09-11 09:39:49.620,3.294,30000
2020-09-11 09:39:49.620,3.294,20000
2020-09-11 09:39:49.620,3.294,30000
2020-09-11 09:39:49.620,3.294,30000
2020-09-11 09:39:49.620,3.294,30000
2020-09-11 09:39:49.810,3.294,10000
2020-09-11 09:39:49.810,3.293,12400
2020-09-11 09:39:50.500,3.294,10000
2020-09-11 09:39:51.180,3.294,100
2020-09-11 09:39:51.650,3.295,9500
2020-09-11 09:39:51.650,3.295,1000
2020-09-11 09:39:51.650,3.295,4500
2020-09-11 09:39:51.650,3.295,100
2020-09-11 09:39:52.350,3.295,300
2020-09-11 09:39:55.070,3.296,74700
2020-09-11 09:39:55.070,3.296,2300
2020-09-11 09:39:55.070,3.296,1600
2020-09-11 09:39:55.070,3.296,13000
2020-09-11 09:39:55.070,3.296,1500
2020-09-11 09:39:55.070,3.296,100
2020-09-11 09:39:55.070,3.296,300
2020-09-11 09:39:55.070,3.296,2700
2020-09-11 09:39:55.070,3.296,31400
2020-09-11 09:39:55.420,3.296,5500
2020-09-11 09:39:55.450,3.296,166900
2020-09-11 09:39:55.450,3.296,300000
2020-09-11 09:39:55.450,3.295,284600
2020-09-11 09:39:55.450,3.295,248500
2020-09-11 09:39:57.110,3.295,51500
2020-09-11 09:39:57.110,3.295,10000
2020-09-11 09:39:57.110,3.295,7900
2020-09-11 09:39:57.130,3.297,300
2020-09-11 09:39:57.130,3.297,10000
2020-09-11 09:39:57.130,3.297,4000
2020-09-11 09:39:58.610,3.297,5000
2020-09-11 09:39:59.150,3.297,10700
2020-09-11 09:39:59.150,3.297,20000
2020-09-11 09:39:59.150,3.297,3500
2020-09-11 09:40:02.340,3.297,2000
2020-09-11 09:40:03.690,3.297,24500
2020-09-11 09:40:05.370,3.297,1600
2020-09-11 09:40:05.740,3.296,6000
2020-09-11 09:40:05.740,3.296,24000
2020-09-11 09:40:07.770,3.294,10000
2020-09-11 09:40:11.540,3.295,4600
2020-09-11 09:40:12.290,3.297,500
2020-09-11 09:40:17.010,3.295,5400
2020-09-11 09:40:17.010,3.295,1300
2020-09-11 09:40:19.620,3.295,1100
2020-09-11 09:40:19.620,3.295,300
2020-09-11 09:40:19.620,3.295,1000
2020-09-11 09:40:19.620,3.295,2600
2020-09-11 09:40:20.270,3.295,79900
2020-09-11 09:40:23.020,3.295,400
2020-09-11 09:40:25.810,3.295,17100
2020-09-11 09:40:25.810,3.295,10000
2020-09-11 09:40:25.810,3.295,300
2020-09-11 09:40:25.810,3.295,10000
2020-09-11 09:40:27.710,3.294,3000
2020-09-11 09:40:27.710,3.294,3000
2020-09-11 09:40:27.710,3.294,200
2020-09-11 09:40:27.710,3.294,500
2020-09-11 09:40:27.710,3.294,500
2020-09-11 09:40:27.710,3.294,200000
2020-09-11 09:40:27.710,3.294,10000
2020-09-11 09:40:27.710,3.294,2500
2020-09-11 09:40:28.180,3.294,300
2020-09-11 09:40:28.850,3.294,30000
2020-09-11 09:40:28.850,3.294,30000
2020-09-11 09:40:29.330,3.294,400
2020-09-11 09:40:29.970,3.294,6000
2020-09-11 09:40:30.470,3.294,1000
2020-09-11 09:40:31.320,3.293,1000
2020-09-11 09:40:31.910,3.294,12600
2020-09-11 09:40:31.910,3.294,17400
2020-09-11 09:40:31.910,3.294,30000
2020-09-11 09:40:31.910,3.294,30000
2020-09-11 09:40:31.910,3.294,30000
2020-09-11 09:40:31.980,3.294,10000
2020-09-11 09:40:31.980,3.294,30000
2020-09-11 09:40:31.980,3.294,20000
2020-09-11 09:40:31.980,3.294,30000
2020-09-11 09:40:31.980,3.294,30000
2020-09-11 09:40:31.980,3.294,30000
2020-09-11 09:40:31.980,3.294,30000
2020-09-11 09:40:31.980,3.294,12600
2020-09-11 09:40:31.980,3.294,7400
2020-09-11 09:40:31.980,3.294,30000
2020-09-11 09:40:31.980,3.294,30000
2020-09-11 09:40:31.980,3.294,20000
2020-09-11 09:40:31.980,3.294,30000
2020-09-11 09:40:31.980,3.294,30000
2020-09-11 09:40:31.980,3.294,30000
2020-09-11 09:40:33.240,3.294,30000
2020-09-11 09:40:33.850,3.294,50000
2020-09-11 09:40:34.040,3.294,2000
2020-09-11 09:40:34.290,3.294,50000
2020-09-11 09:40:34.860,3.294,30000
2020-09-11 09:40:34.860,3.294,30000
2020-09-11 09:40:34.860,3.294,30000
2020-09-11 09:40:34.860,3.294,30000
2020-09-11 09:40:34.860,3.294,10000
2020-09-11 09:40:34.860,3.294,20000
2020-09-11 09:40:34.860,3.294,30000
2020-09-11 09:40:34.860,3.294,30000
2020-09-11 09:40:34.910,3.294,30000
2020-09-11 09:40:34.910,3.294,30000
2020-09-11 09:40:34.910,3.294,30000
2020-09-11 09:40:34.910,3.294,30000
2020-09-11 09:40:34.910,3.294,30000
2020-09-11 09:40:34.910,3.294,20000
2020-09-11 09:40:34.910,3.294,30000
2020-09-11 09:40:34.910,3.294,30000
2020-09-11 09:40:34.910,3.294,30000
2020-09-11 09:40:34.910,3.294,30000
2020-09-11 09:40:34.910,3.294,30000
2020-09-11 09:40:34.910,3.294,30000
2020-09-11 09:40:34.910,3.294,30000
2020-09-11 09:40:34.910,3.294,20000
2020-09-11 09:40:34.940,3.294,10000
2020-09-11 09:40:35.100,3.293,10800
2020-09-11 09:40:35.100,3.293,2000
2020-09-11 09:40:35.100,3.293,500
2020-09-11 09:40:35.100,3.293,3000
2020-09-11 09:40:35.100,3.293,7000
2020-09-11 09:40:35.100,3.293,9600
2020-09-11 09:40:35.180,3.294,10000
2020-09-11 09:40:35.340,3.294,10000
2020-09-11 09:40:35.340,3.294,50000
2020-09-11 09:40:35.490,3.294,49600
2020-09-11 09:40:35.650,3.294,28400
2020-09-11 09:40:35.930,3.295,262900
2020-09-11 09:40:35.930,3.295,37100
2020-09-11 09:40:35.930,3.295,262900
2020-09-11 09:40:35.930,3.295,300
2020-09-11 09:40:35.930,3.296,8200
2020-09-11 09:40:35.930,3.296,28600
2020-09-11 09:40:37.070,3.295,400
2020-09-11 09:40:39.790,3.295,3000
2020-09-11 09:40:40.060,3.295,1000
2020-09-11 09:40:47.520,3.296,1000
2020-09-11 09:40:47.520,3.296,9000
2020-09-11 09:40:48.910,3.295,200
2020-09-11 09:40:49.450,3.295,2300
2020-09-11 09:40:51.890,3.296,5000
2020-09-11 09:40:52.180,3.296,5000
2020-09-11 09:40:55.560,3.295,3000
2020-09-11 09:40:56.100,3.296,1000
2020-09-11 09:40:56.100,3.296,500
2020-09-11 09:40:56.130,3.295,62100
2020-09-11 09:40:56.130,3.295,46300
2020-09-11 09:40:56.130,3.295,1000
2020-09-11 09:40:57.960,3.295,10000
2020-09-11 09:40:57.990,3.295,100
2020-09-11 09:40:59.180,3.295,100
2020-09-11 09:40:59.230,3.295,20000
2020-09-11 09:40:59.230,3.295,30000
2020-09-11 09:40:59.230,3.295,30000
2020-09-11 09:40:59.230,3.295,30000
2020-09-11 09:40:59.230,3.295,30000
2020-09-11 09:41:00.210,3.295,400
2020-09-11 09:41:00.740,3.295,2000
2020-09-11 09:41:00.820,3.295,1000
2020-09-11 09:41:01.070,3.295,37000
2020-09-11 09:41:01.530,3.295,6200
2020-09-11 09:41:06.160,3.295,20000
2020-09-11 09:41:07.650,3.296,1800
2020-09-11 09:41:07.650,3.296,28200
2020-09-11 09:41:07.650,3.296,10000
2020-09-11 09:41:08.820,3.295,300
2020-09-11 09:41:10.880,3.295,12000
2020-09-11 09:41:11.590,3.296,11800
2020-09-11 09:41:12.390,3.296,2600
2020-09-11 09:41:15.550,3.296,200
2020-09-11 09:41:17.090,3.296,2200
2020-09-11 09:41:17.090,3.296,27800
2020-09-11 09:41:17.090,3.296,30000
2020-09-11 09:41:17.090,3.296,10000
2020-09-11 09:41:17.090,3.296,30000
2020-09-11 09:41:17.350,3.296,1000
2020-09-11 09:41:17.570,3.295,4000
2020-09-11 09:41:18.440,3.295,20500
2020-09-11 09:41:19.840,3.295,1900
2020-09-11 09:41:20.010,3.296,5000
2020-09-11 09:41:20.090,3.296,26200
2020-09-11 09:41:20.090,3.296,3800
2020-09-11 09:41:20.090,3.296,30000
2020-09-11 09:41:20.090,3.296,30000
2020-09-11 09:41:20.090,3.296,30000
2020-09-11 09:41:20.090,3.296,30000
2020-09-11 09:41:20.090,3.296,30000
2020-09-11 09:41:20.090,3.296,30000
2020-09-11 09:41:20.090,3.296,10000
2020-09-11 09:41:20.090,3.296,20000
2020-09-11 09:41:20.090,3.296,30000
2020-09-11 09:41:20.090,3.296,30000
2020-09-11 09:41:20.090,3.296,26200
2020-09-11 09:41:20.090,3.296,3800
2020-09-11 09:41:20.090,3.296,30000
2020-09-11 09:41:20.090,3.296,30000
2020-09-11 09:41:20.090,3.296,30000
2020-09-11 09:41:20.090,3.296,20000
2020-09-11 09:41:20.090,3.296,30000
2020-09-11 09:41:20.090,3.296,30000
2020-09-11 09:41:20.600,3.296,2700
2020-09-11 09:41:21.290,3.296,10000
2020-09-11 09:41:22.730,3.295,20000
2020-09-11 09:41:22.750,3.296,100
2020-09-11 09:41:23.090,3.296,30000
2020-09-11 09:41:23.090,3.296,30000
2020-09-11 09:41:23.090,3.296,30000
2020-09-11 09:41:25.260,3.295,3500
2020-09-11 09:41:25.980,3.296,1200
2020-09-11 09:41:26.060,3.296,20000
2020-09-11 09:41:26.180,3.296,700
2020-09-11 09:41:26.630,3.296,1500
2020-09-11 09:41:26.630,3.296,400
2020-09-11 09:41:26.960,3.295,16800
2020-09-11 09:41:27.070,3.295,3000
2020-09-11 09:41:27.500,3.295,26900
2020-09-11 09:41:28.370,3.295,500
2020-09-11 09:41:28.370,3.296,100
2020-09-11 09:41:28.760,3.296,1000
2020-09-11 09:41:28.890,3.296,3000
2020-09-11 09:41:29.100,3.296,500
2020-09-11 09:41:29.100,3.296,500
2020-09-11 09:41:29.100,3.297,2500
2020-09-11 09:41:33.530,3.296,200
2020-09-11 09:41:33.530,3.296,5000
2020-09-11 09:41:35.070,3.296,10000
2020-09-11 09:41:36.880,3.296,5000
2020-09-11 09:41:40.160,3.296,30000
2020-09-11 09:41:40.160,3.296,10000
2020-09-11 09:41:43.140,3.296,30000
2020-09-11 09:41:43.140,3.296,30000
2020-09-11 09:41:43.140,3.296,30000
2020-09-11 09:41:43.140,3.296,30000
2020-09-11 09:41:43.140,3.296,30000
2020-09-11 09:41:43.140,3.296,30000
2020-09-11 09:41:43.140,3.296,30000
2020-09-11 09:41:43.140,3.296,29800
2020-09-11 09:41:43.140,3.296,200
2020-09-11 09:41:48.210,3.295,300000
2020-09-11 09:41:48.210,3.295,300000
2020-09-11 09:41:48.320,3.295,227400
2020-09-11 09:41:48.320,3.295,32600
2020-09-11 09:41:48.610,3.295,9000
2020-09-11 09:41:48.610,3.295,100
2020-09-11 09:41:48.610,3.295,1000
2020-09-11 09:41:48.610,3.295,300
2020-09-11 09:41:48.610,3.295,1000
2020-09-11 09:41:48.610,3.295,10000
2020-09-11 09:41:48.610,3.295,24900
2020-09-11 09:41:48.610,3.295,5000
2020-09-11 09:41:48.610,3.295,2000
2020-09-11 09:41:48.610,3.295,10000
2020-09-11 09:41:48.610,3.295,5000
2020-09-11 09:41:49.840,3.295,20000
2020-09-11 09:41:49.840,3.295,30000
2020-09-11 09:41:49.840,3.295,30000
2020-09-11 09:41:49.840,3.295,30000
2020-09-11 09:41:49.840,3.295,30000
2020-09-11 09:41:49.840,3.295,30000
2020-09-11 09:41:49.840,3.295,30000
2020-09-11 09:41:49.840,3.295,10000
2020-09-11 09:41:49.840,3.295,20000
2020-09-11 09:41:49.840,3.295,1700
2020-09-11 09:41:49.840,3.295,28300
2020-09-11 09:41:49.840,3.295,30000
2020-09-11 09:41:49.840,3.295,30000
2020-09-11 09:41:49.840,3.295,30000
2020-09-11 09:41:49.840,3.295,30000
2020-09-11 09:41:49.840,3.295,30000
2020-09-11 09:41:49.840,3.295,30000
2020-09-11 09:41:49.840,3.295,30000
2020-09-11 09:41:49.840,3.295,30000
2020-09-11 09:41:49.840,3.295,9300
2020-09-11 09:41:49.840,3.295,20700
2020-09-11 09:41:49.840,3.295,30000
2020-09-11 09:41:49.840,3.295,30000
2020-09-11 09:41:49.840,3.295,20000
2020-09-11 09:41:49.840,3.295,30000
2020-09-11 09:41:52.880,3.295,30000
2020-09-11 09:41:52.880,3.295,30000
2020-09-11 09:41:52.880,3.295,30000
2020-09-11 09:41:52.880,3.295,30000
2020-09-11 09:41:52.880,3.295,30000
2020-09-11 09:41:52.880,3.295,19300
2020-09-11 09:41:52.880,3.295,10700
2020-09-11 09:41:52.880,3.295,30000
2020-09-11 09:41:52.880,3.295,30000
2020-09-11 09:41:52.910,3.295,30000
2020-09-11 09:41:52.910,3.295,30000
2020-09-11 09:41:52.910,3.295,30000
2020-09-11 09:41:52.910,3.295,20000
2020-09-11 09:41:52.910,3.295,10000
2020-09-11 09:41:52.910,3.295,10000
2020-09-11 09:41:54.800,3.295,300000
2020-09-11 09:41:55.830,3.295,30000
2020-09-11 09:41:55.830,3.295,30000
2020-09-11 09:41:55.830,3.295,30000
2020-09-11 09:41:55.830,3.295,30000
2020-09-11 09:41:55.830,3.295,30000
2020-09-11 09:41:55.830,3.295,30000
2020-09-11 09:41:58.320,3.294,10000
2020-09-11 09:41:58.320,3.294,10000
2020-09-11 09:41:58.320,3.294,28600
2020-09-11 09:41:58.320,3.294,20000
2020-09-11 09:41:58.320,3.294,300
2020-09-11 09:41:58.320,3.294,10000
2020-09-11 09:41:58.320,3.294,100
2020-09-11 09:41:58.320,3.294,400
2020-09-11 09:41:58.320,3.294,1000
2020-09-11 09:41:58.320,3.294,9600
2020-09-11 09:41:58.700,3.295,4300
2020-09-11 09:41:58.700,3.295,7500
2020-09-11 09:42:01.150,3.295,7700
2020-09-11 09:42:01.150,3.295,2000
2020-09-11 09:42:01.890,3.295,3000
2020-09-11 09:42:03.860,3.295,8000
2020-09-11 09:42:04.790,3.295,500
2020-09-11 09:42:05.340,3.294,20400
2020-09-11 09:42:05.340,3.294,59600
2020-09-11 09:42:06.130,3.295,32100
2020-09-11 09:42:06.360,3.294,7200
2020-09-11 09:42:06.540,3.295,500
2020-09-11 09:42:06.720,3.295,11600
2020-09-11 09:42:07.890,3.294,99300
2020-09-11 09:42:08.240,3.295,30000
2020-09-11 09:42:08.690,3.295,30000
2020-09-11 09:42:08.690,3.295,30000
2020-09-11 09:42:08.750,3.295,30000
2020-09-11 09:42:08.750,3.295,10000
2020-09-11 09:42:08.750,3.295,30000
2020-09-11 09:42:08.750,3.295,30000
2020-09-11 09:42:08.750,3.295,30000
2020-09-11 09:42:08.750,3.295,30000
2020-09-11 09:42:08.750,3.295,30000
2020-09-11 09:42:08.750,3.295,30000
2020-09-11 09:42:08.750,3.295,20000
2020-09-11 09:42:08.750,3.295,20000
2020-09-11 09:42:08.750,3.295,30000
2020-09-11 09:42:08.750,3.295,30000
2020-09-11 09:42:08.750,3.295,20000
2020-09-11 09:42:08.750,3.295,30000
2020-09-11 09:42:08.750,3.295,30000
2020-09-11 09:42:08.750,3.295,30000
2020-09-11 09:42:08.750,3.295,30000
2020-09-11 09:42:08.750,3.295,30000
2020-09-11 09:42:08.750,3.295,30000
2020-09-11 09:42:08.750,3.295,30000
2020-09-11 09:42:08.750,3.295,30000
2020-09-11 09:42:08.750,3.295,30000
2020-09-11 09:42:08.930,3.295,127200
2020-09-11 09:42:08.970,3.295,3800
2020-09-11 09:42:08.970,3.295,3600
2020-09-11 09:42:08.970,3.295,13000
2020-09-11 09:42:08.970,3.295,400
2020-09-11 09:42:08.970,3.295,34200
2020-09-11 09:42:12.370,3.295,400
2020-09-11 09:42:13.180,3.295,100
2020-09-11 09:42:13.260,3.295,300
2020-09-11 09:42:16.130,3.295,2200
2020-09-11 09:42:16.130,3.295,2000
2020-09-11 09:42:17.880,3.295,10000
2020-09-11 09:42:17.880,3.295,10800
2020-09-11 09:42:17.880,3.295,1000
2020-09-11 09:42:17.880,3.295,3000
2020-09-11 09:42:18.290,3.295,20000
2020-09-11 09:42:18.650,3.295,400
2020-09-11 09:42:21.020,3.294,5000
2020-09-11 09:42:21.540,3.295,37000
2020-09-11 09:42:21.620,3.295,1600
2020-09-11 09:42:22.620,3.295,5000
2020-09-11 09:42:25.440,3.294,300000
2020-09-11 09:42:25.490,3.295,4300
2020-09-11 09:42:25.750,3.295,1000
2020-09-11 09:42:27.300,3.294,11000
2020-09-11 09:42:29.020,3.294,120000
2020-09-11 09:42:30.950,3.294,300000
2020-09-11 09:42:30.970,3.294,2500
2020-09-11 09:42:31.040,3.294,95400
2020-09-11 09:42:31.040,3.294,100
2020-09-11 09:42:31.040,3.294,204500
2020-09-11 09:42:31.090,3.294,97000
2020-09-11 09:42:31.090,3.294,8000
2020-09-11 09:42:31.090,3.294,100
2020-09-11 09:42:31.090,3.294,2000
2020-09-11 09:42:31.090,3.294,500
2020-09-11 09:42:31.090,3.294,3000
2020-09-11 09:42:31.420,3.294,700
2020-09-11 09:42:31.900,3.294,30000
2020-09-11 09:42:31.900,3.294,10000
2020-09-11 09:42:31.900,3.294,30000
2020-09-11 09:42:31.900,3.294,30000
2020-09-11 09:42:31.900,3.294,30000
2020-09-11 09:42:31.900,3.294,10000
2020-09-11 09:42:31.900,3.294,10000
2020-09-11 09:42:33.340,3.294,1000
2020-09-11 09:42:34.860,3.294,30000
2020-09-11 09:42:34.860,3.294,7700
2020-09-11 09:42:34.860,3.294,22300
2020-09-11 09:42:34.860,3.294,30000
2020-09-11 09:42:34.860,3.294,30000
2020-09-11 09:42:34.860,3.294,30000
2020-09-11 09:42:34.860,3.294,30000
2020-09-11 09:42:34.860,3.294,30000
2020-09-11 09:42:34.860,3.294,30000
2020-09-11 09:42:34.860,3.294,30000
2020-09-11 09:42:34.860,3.294,30000
2020-09-11 09:42:34.860,3.294,30000
2020-09-11 09:42:34.860,3.294,7700
2020-09-11 09:42:34.860,3.294,22300
2020-09-11 09:42:34.860,3.294,30000
2020-09-11 09:42:34.860,3.294,30000
2020-09-11 09:42:34.860,3.294,20000
2020-09-11 09:42:34.860,3.294,10000
2020-09-11 09:42:34.860,3.294,30000
2020-09-11 09:42:35.180,3.294,1000
2020-09-11 09:42:35.540,3.293,9300
2020-09-11 09:42:35.540,3.293,500
2020-09-11 09:42:35.540,3.293,2600
2020-09-11 09:42:35.540,3.293,100
2020-09-11 09:42:35.540,3.293,4000
2020-09-11 09:42:35.540,3.293,100
2020-09-11 09:42:35.540,3.293,100
2020-09-11 09:42:35.540,3.293,3000
2020-09-11 09:42:35.540,3.293,1000
2020-09-11 09:42:35.540,3.293,20000
2020-09-11 09:42:35.540,3.293,30000
2020-09-11 09:42:35.540,3.293,3000
2020-09-11 09:42:35.540,3.293,500
2020-09-11 09:42:35.540,3.293,50000
2020-09-11 09:42:35.540,3.293,1600
2020-09-11 09:42:35.540,3.292,100
2020-09-11 09:42:35.540,3.292,500
2020-09-11 09:42:35.540,3.292,2000
2020-09-11 09:42:35.540,3.292,10000
2020-09-11 09:42:35.540,3.292,2000
2020-09-11 09:42:35.540,3.292,800
2020-09-11 09:42:35.540,3.292,10000
2020-09-11 09:42:35.540,3.292,5000
2020-09-11 09:42:35.540,3.292,200
2020-09-11 09:42:35.540,3.292,2000
2020-09-11 09:42:35.540,3.292,1000
2020-09-11 09:42:35.540,3.292,100
2020-09-11 09:42:35.540,3.292,500
2020-09-11 09:42:36.790,3.294,3000
2020-09-11 09:42:37.520,3.294,300
2020-09-11 09:42:37.660,3.294,100
2020-09-11 09:42:38.490,3.293,1300
2020-09-11 09:42:39.350,3.293,8700
2020-09-11 09:42:39.870,3.294,7000
2020-09-11 09:42:39.870,3.295,13000
2020-09-11 09:42:41.560,3.294,3000
2020-09-11 09:42:43.700,3.294,30000
2020-09-11 09:42:44.300,3.293,8300
2020-09-11 09:42:46.900,3.295,500
2020-09-11 09:42:48.190,3.295,30000
2020-09-11 09:42:48.190,3.295,30000
2020-09-11 09:42:48.190,3.295,20000
2020-09-11 09:42:48.190,3.295,20000
2020-09-11 09:42:48.780,3.294,34900
2020-09-11 09:42:48.780,3.293,4700
2020-09-11 09:42:48.940,3.295,3000
2020-09-11 09:42:48.940,3.295,1000
2020-09-11 09:42:49.070,3.295,1000
2020-09-11 09:42:49.230,3.295,3000
2020-09-11 09:42:49.230,3.295,9900
2020-09-11 09:42:49.230,3.295,3000
2020-09-11 09:42:55.290,3.295,75000
2020-09-11 09:42:57.920,3.296,2000
2020-09-11 09:42:57.920,3.296,3000
2020-09-11 09:42:58.870,3.296,200
2020-09-11 09:42:59.740,3.296,1800
2020-09-11 09:42:59.740,3.296,5000
2020-09-11 09:42:59.790,3.296,500
2020-09-11 09:43:00.350,3.297,1500
2020-09-11 09:43:00.350,3.297,207600
2020-09-11 09:43:02.430,3.297,25600
2020-09-11 09:43:02.430,3.297,4400
2020-09-11 09:43:02.430,3.297,5600
2020-09-11 09:43:02.430,3.297,4400
2020-09-11 09:43:04.480,3.296,92700
2020-09-11 09:43:04.480,3.296,100
2020-09-11 09:43:04.480,3.296,14600
2020-09-11 09:43:04.480,3.296,138900
2020-09-11 09:43:04.480,3.296,500
2020-09-11 09:43:04.600,3.296,2000
2020-09-11 09:43:05.530,3.295,300
2020-09-11 09:43:05.530,3.295,100
2020-09-11 09:43:05.530,3.295,10000
2020-09-11 09:43:05.530,3.295,100
2020-09-11 09:43:05.530,3.295,300
2020-09-11 09:43:06.710,3.295,3500
2020-09-11 09:43:07.800,3.295,5000
2020-09-11 09:43:07.820,3.295,2000
2020-09-11 09:43:08.410,3.295,20000
2020-09-11 09:43:10.440,3.295,300
2020-09-11 09:43:10.460,3.295,7100
2020-09-11 09:43:10.490,3.295,59800
2020-09-11 09:43:10.640,3.294,5000
2020-09-11 09:43:10.640,3.294,3000
2020-09-11 09:43:10.640,3.294,3000
2020-09-11 09:43:10.790,3.294,30000
2020-09-11 09:43:11.360,3.294,20000
2020-09-11 09:43:11.450,3.294,5000
2020-09-11 09:43:13.660,3.294,300
2020-09-11 09:43:14.360,3.294,30000
2020-09-11 09:43:14.360,3.294,30000
2020-09-11 09:43:14.360,3.294,10000
2020-09-11 09:43:15.860,3.294,20800
2020-09-11 09:43:16.480,3.294,21900
2020-09-11 09:43:19.890,3.294,1000
2020-09-11 09:43:19.890,3.294,5000
2020-09-11 09:43:20.180,3.294,30000
2020-09-11 09:43:20.290,3.294,10000
2020-09-11 09:43:20.500,3.294,1500
2020-09-11 09:43:20.750,3.294,1000
2020-09-11 09:43:20.950,3.294,700
2020-09-11 09:43:22.460,3.294,7700
2020-09-11 09:43:22.770,3.294,30000
2020-09-11 09:43:23.240,3.294,30000
2020-09-11 09:43:23.240,3.294,29400
2020-09-11 09:43:23.240,3.294,600
2020-09-11 09:43:23.240,3.294,20000
2020-09-11 09:43:23.240,3.294,30000
2020-09-11 09:43:23.240,3.294,30000
2020-09-11 09:43:23.240,3.294,30000
2020-09-11 09:43:23.240,3.294,10000
2020-09-11 09:43:23.240,3.294,20000
2020-09-11 09:43:25.510,3.294,1000
2020-09-11 09:43:26.230,3.294,30000
2020-09-11 09:43:26.230,3.294,10000
2020-09-11 09:43:26.230,3.294,20000
2020-09-11 09:43:26.230,3.294,30000
2020-09-11 09:43:26.230,3.294,30000
2020-09-11 09:43:27.430,3.294,26200
2020-09-11 09:43:27.720,3.294,12200
2020-09-11 09:43:29.290,3.295,30000
2020-09-11 09:43:29.290,3.295,30000
2020-09-11 09:43:29.290,3.295,30000
2020-09-11 09:43:29.290,3.295,30000
2020-09-11 09:43:29.290,3.295,30000
2020-09-11 09:43:29.290,3.295,30000
2020-09-11 09:43:29.290,3.295,30000
2020-09-11 09:43:29.290,3.295,20000
2020-09-11 09:43:29.290,3.295,30000
2020-09-11 09:43:29.290,3.295,30000
2020-09-11 09:43:29.290,3.295,10000
2020-09-11 09:43:29.290,3.295,20000
2020-09-11 09:43:31.800,3.294,700
2020-09-11 09:43:31.800,3.294,100
2020-09-11 09:43:31.800,3.294,10000
2020-09-11 09:43:32.010,3.294,400
2020-09-11 09:43:32.230,3.294,30000
2020-09-11 09:43:32.230,3.294,30000
2020-09-11 09:43:32.230,3.294,30000
2020-09-11 09:43:32.230,3.294,30000
2020-09-11 09:43:32.230,3.294,30000
2020-09-11 09:43:32.230,3.294,30000
2020-09-11 09:43:32.230,3.294,30000
2020-09-11 09:43:32.230,3.294,20000
2020-09-11 09:43:32.310,3.294,10000
2020-09-11 09:43:33.000,3.294,48800
2020-09-11 09:43:34.680,3.294,5000
2020-09-11 09:43:35.490,3.294,400
2020-09-11 09:43:38.030,3.294,2500
2020-09-11 09:43:38.570,3.294,16600
2020-09-11 09:43:40.040,3.294,26700
2020-09-11 09:43:40.040,3.294,10000
2020-09-11 09:43:40.040,3.294,2300
2020-09-11 09:43:40.040,3.294,4000
2020-09-11 09:43:40.040,3.294,2000
2020-09-11 09:43:40.040,3.294,500
2020-09-11 09:43:40.040,3.294,1500
2020-09-11 09:43:47.710,3.294,1400
2020-09-11 09:43:47.760,3.293,1000
2020-09-11 09:43:48.140,3.294,30000
2020-09-11 09:43:48.140,3.294,30000
2020-09-11 09:43:48.140,3.294,30000
2020-09-11 09:43:48.140,3.294,30000
2020-09-11 09:43:48.140,3.294,10000
2020-09-11 09:43:48.140,3.294,30000
2020-09-11 09:43:48.170,3.294,10000
2020-09-11 09:43:48.170,3.294,30000
2020-09-11 09:43:50.540,3.294,30000
2020-09-11 09:43:50.540,3.294,10000
2020-09-11 09:43:57.610,3.294,11600
2020-09-11 09:43:57.610,3.294,18400
2020-09-11 09:43:57.610,3.294,30000
2020-09-11 09:43:57.610,3.294,30000
2020-09-11 09:43:57.860,3.294,100
2020-09-11 09:43:59.080,3.293,3000
2020-09-11 09:44:00.600,3.294,200
2020-09-11 09:44:02.290,3.293,12400
2020-09-11 09:44:03.640,3.294,6100
2020-09-11 09:44:03.640,3.294,6200
2020-09-11 09:44:03.640,3.294,7000
2020-09-11 09:44:03.640,3.294,3100
2020-09-11 09:44:03.640,3.294,1000
2020-09-11 09:44:03.640,3.294,1600
2020-09-11 09:44:05.600,3.294,1200
2020-09-11 09:44:06.510,3.293,63700
2020-09-11 09:44:07.860,3.294,500
2020-09-11 09:44:08.470,3.294,100
2020-09-11 09:44:08.650,3.294,30000
2020-09-11 09:44:08.650,3.294,10000
2020-09-11 09:44:11.160,3.294,4500
2020-09-11 09:44:11.430,3.294,700
2020-09-11 09:44:11.670,3.294,30000
2020-09-11 09:44:11.670,3.294,20000
2020-09-11 09:44:14.260,3.294,300
2020-09-11 09:44:16.940,3.294,9000
2020-09-11 09:44:16.940,3.294,500
2020-09-11 09:44:16.940,3.294,500
2020-09-11 09:44:16.940,3.294,50000
2020-09-11 09:44:16.940,3.294,10000
2020-09-11 09:44:16.940,3.294,30000
2020-09-11 09:44:16.940,3.294,1700
2020-09-11 09:44:16.940,3.294,48300
2020-09-11 09:44:16.940,3.294,25300
2020-09-11 09:44:16.940,3.294,24700
2020-09-11 09:44:16.940,3.294,40000
2020-09-11 09:44:16.940,3.294,50000
2020-09-11 09:44:16.940,3.294,50000
2020-09-11 09:44:16.940,3.294,40000
2020-09-11 09:44:16.940,3.294,50000
2020-09-11 09:44:18.070,3.294,1600
2020-09-11 09:44:19.120,3.293,6900
2020-09-11 09:44:19.120,3.293,300
2020-09-11 09:44:19.120,3.293,1800
2020-09-11 09:44:19.120,3.293,300
2020-09-11 09:44:19.120,3.293,300
2020-09-11 09:44:19.120,3.293,300
2020-09-11 09:44:19.570,3.293,400
2020-09-11 09:44:19.570,3.293,100
2020-09-11 09:44:19.570,3.293,9500
2020-09-11 09:44:19.870,3.293,500
2020-09-11 09:44:19.870,3.293,500
2020-09-11 09:44:19.870,3.293,2600
2020-09-11 09:44:19.920,3.294,40000
2020-09-11 09:44:19.980,3.294,3700
2020-09-11 09:44:19.980,3.294,36300
2020-09-11 09:44:19.980,3.294,50000
2020-09-11 09:44:19.980,3.294,50000
2020-09-11 09:44:19.980,3.294,50000
2020-09-11 09:44:19.980,3.294,50000
2020-09-11 09:44:19.980,3.294,50000
2020-09-11 09:44:19.980,3.294,13800
2020-09-11 09:44:19.980,3.294,6200
2020-09-11 09:44:19.980,3.294,50000
2020-09-11 09:44:19.980,3.294,50000
2020-09-11 09:44:20.490,3.293,2000
2020-09-11 09:44:21.290,3.293,3000
2020-09-11 09:44:21.290,3.293,200
2020-09-11 09:44:21.290,3.293,600
2020-09-11 09:44:21.290,3.293,1000
2020-09-11 09:44:21.290,3.293,3200
2020-09-11 09:44:21.290,3.293,30000
2020-09-11 09:44:21.290,3.293,500
2020-09-11 09:44:21.290,3.293,1000
2020-09-11 09:44:21.290,3.293,5000
2020-09-11 09:44:21.290,3.293,3300
2020-09-11 09:44:21.290,3.293,3000
2020-09-11 09:44:22.440,3.293,2700
2020-09-11 09:44:22.650,3.293,2000
2020-09-11 09:44:23.000,3.292,1500
2020-09-11 09:44:23.000,3.292,578900
2020-09-11 09:44:23.000,3.292,300
2020-09-11 09:44:23.000,3.292,7000
2020-09-11 09:44:23.000,3.292,1000
2020-09-11 09:44:23.000,3.292,15100
2020-09-11 09:44:23.000,3.292,500
2020-09-11 09:44:23.680,3.292,700
2020-09-11 09:44:24.200,3.292,295000
2020-09-11 09:44:24.200,3.293,4700
2020-09-11 09:44:25.960,3.293,19800
2020-09-11 09:44:25.960,3.293,15200
2020-09-11 09:44:26.200,3.293,10000
2020-09-11 09:44:29.940,3.292,6000
2020-09-11 09:44:30.100,3.292,30000
2020-09-11 09:44:30.100,3.292,30000
2020-09-11 09:44:30.100,3.292,30000
2020-09-11 09:44:30.100,3.292,30000
2020-09-11 09:44:30.100,3.292,30000
2020-09-11 09:44:30.100,3.292,10000
2020-09-11 09:44:30.100,3.292,20000
2020-09-11 09:44:30.100,3.292,30000
2020-09-11 09:44:30.100,3.292,30000
2020-09-11 09:44:33.350,3.291,2000
2020-09-11 09:44:33.350,3.291,6100
2020-09-11 09:44:33.350,3.291,1500
2020-09-11 09:44:33.350,3.291,10000
2020-09-11 09:44:33.350,3.291,10000
2020-09-11 09:44:33.350,3.291,6100
2020-09-11 09:44:33.350,3.291,100
2020-09-11 09:44:33.350,3.291,100
2020-09-11 09:44:33.350,3.291,7000
2020-09-11 09:44:33.350,3.291,6000
2020-09-11 09:44:33.350,3.291,1100
2020-09-11 09:44:35.880,3.293,19800
2020-09-11 09:44:36.730,3.292,300
2020-09-11 09:44:36.730,3.291,900
2020-09-11 09:44:36.730,3.291,100
2020-09-11 09:44:36.730,3.291,8700
2020-09-11 09:44:37.540,3.291,1300
2020-09-11 09:44:37.540,3.291,5900
2020-09-11 09:44:37.540,3.291,100
2020-09-11 09:44:37.540,3.291,400
2020-09-11 09:44:37.540,3.291,4500
2020-09-11 09:44:37.540,3.291,1000
2020-09-11 09:44:37.540,3.291,5000
2020-09-11 09:44:37.540,3.291,500
2020-09-11 09:44:37.540,3.291,51300
2020-09-11 09:44:39.240,3.292,1500
2020-09-11 09:44:39.240,3.291,5000
2020-09-11 09:44:41.420,3.292,100
2020-09-11 09:44:41.420,3.292,3900
2020-09-11 09:44:43.490,3.292,23000
2020-09-11 09:44:45.430,3.292,5300
2020-09-11 09:44:45.430,3.291,7600
2020-09-11 09:44:46.300,3.291,400
2020-09-11 09:44:48.420,3.291,3500
2020-09-11 09:44:48.910,3.291,5300
2020-09-11 09:44:48.910,3.291,1600
2020-09-11 09:44:48.910,3.291,10000
2020-09-11 09:44:48.910,3.291,10000
2020-09-11 09:44:48.910,3.291,100
2020-09-11 09:44:48.910,3.291,1000
2020-09-11 09:44:48.910,3.291,500
2020-09-11 09:44:48.910,3.291,500
2020-09-11 09:44:48.910,3.291,100
2020-09-11 09:44:48.910,3.291,1000
2020-09-11 09:44:48.940,3.291,6000
2020-09-11 09:44:49.790,3.291,600
2020-09-11 09:44:51.490,3.29,1000
2020-09-11 09:44:51.490,3.29,1500
2020-09-11 09:44:51.490,3.29,23400
2020-09-11 09:44:51.490,3.29,10000
2020-09-11 09:44:51.490,3.29,1000
2020-09-11 09:44:51.490,3.29,300
2020-09-11 09:44:51.490,3.29,6000
2020-09-11 09:44:51.490,3.29,1000
2020-09-11 09:44:51.490,3.29,1500
2020-09-11 09:44:51.490,3.29,500
2020-09-11 09:44:51.490,3.29,1000
2020-09-11 09:44:51.490,3.29,1500
2020-09-11 09:44:51.490,3.29,200
2020-09-11 09:44:51.490,3.29,10000
2020-09-11 09:44:51.490,3.29,15000
2020-09-11 09:44:51.490,3.29,500
2020-09-11 09:44:51.490,3.29,2500
2020-09-11 09:44:51.490,3.29,10000
2020-09-11 09:44:51.490,3.29,2000
2020-09-11 09:44:51.490,3.29,300
2020-09-11 09:44:51.490,3.29,7000
2020-09-11 09:44:51.490,3.29,100
2020-09-11 09:44:51.490,3.29,10000
2020-09-11 09:44:51.490,3.29,100
2020-09-11 09:44:51.490,3.29,1000
2020-09-11 09:44:51.490,3.29,9900
2020-09-11 09:44:51.490,3.29,200
2020-09-11 09:44:51.490,3.29,2000
2020-09-11 09:44:51.490,3.29,1000
2020-09-11 09:44:51.490,3.29,300
2020-09-11 09:44:51.490,3.29,10000
2020-09-11 09:44:51.490,3.29,1000
2020-09-11 09:44:51.490,3.29,1500
2020-09-11 09:44:51.490,3.29,500
2020-09-11 09:44:51.490,3.29,10000
2020-09-11 09:44:51.490,3.29,20000
2020-09-11 09:44:51.490,3.29,12000
2020-09-11 09:44:51.490,3.29,600
2020-09-11 09:44:51.490,3.29,200
2020-09-11 09:44:51.490,3.29,700
2020-09-11 09:44:51.490,3.29,500
2020-09-11 09:44:51.490,3.29,300
2020-09-11 09:44:51.490,3.29,6000
2020-09-11 09:44:51.490,3.29,1000
2020-09-11 09:44:51.490,3.29,100
2020-09-11 09:44:51.490,3.29,2000
2020-09-11 09:44:51.490,3.29,1000
2020-09-11 09:44:51.490,3.29,19800
2020-09-11 09:44:51.490,3.29,10000
2020-09-11 09:44:52.440,3.29,500
2020-09-11 09:44:52.760,3.29,30000
2020-09-11 09:44:52.760,3.29,30000
2020-09-11 09:44:52.760,3.29,21500
2020-09-11 09:44:52.760,3.29,8500
2020-09-11 09:44:52.760,3.29,30000
2020-09-11 09:44:52.760,3.29,30000
2020-09-11 09:44:52.760,3.29,20000
2020-09-11 09:44:52.760,3.29,30000
2020-09-11 09:44:52.760,3.29,30000
2020-09-11 09:44:52.760,3.29,30000
2020-09-11 09:44:52.760,3.29,30000
2020-09-11 09:44:52.760,3.29,30000
2020-09-11 09:44:52.760,3.29,30000
2020-09-11 09:44:52.760,3.29,30000
2020-09-11 09:44:52.760,3.29,30000
2020-09-11 09:44:52.760,3.29,30000
2020-09-11 09:44:52.760,3.29,30000
2020-09-11 09:44:52.760,3.29,30000
2020-09-11 09:44:52.760,3.29,30000
2020-09-11 09:44:52.760,3.29,30000
2020-09-11 09:44:52.760,3.29,30000
2020-09-11 09:44:52.760,3.29,30000
2020-09-11 09:44:52.790,3.29,30000
2020-09-11 09:44:52.790,3.29,30000
2020-09-11 09:44:52.790,3.29,30000
2020-09-11 09:44:52.790,3.29,10000
2020-09-11 09:44:52.790,3.29,30000
2020-09-11 09:44:52.790,3.29,30000
2020-09-11 09:44:53.420,3.29,100
2020-09-11 09:44:55.770,3.29,20000
2020-09-11 09:44:55.770,3.29,30000
2020-09-11 09:44:55.770,3.29,30000
2020-09-11 09:44:55.770,3.29,30000
