Datetime,Price,Volume
2020-09-11 09:25:00.470,4.63,12
2020-09-11 09:25:00.470,4.63,3588
2020-09-11 09:25:00.470,4.63,200
2020-09-11 09:25:00.470,4.63,26212
2020-09-11 09:25:00.470,4.63,11300
2020-09-11 09:25:00.470,4.63,12488
2020-09-11 09:25:00.470,4.63,37412
2020-09-11 09:25:00.470,4.63,7588
2020-09-11 09:25:00.470,4.63,15000
2020-09-11 09:25:00.470,4.63,45000
2020-09-11 09:25:00.470,4.63,15000
2020-09-11 09:25:00.470,4.63,10100
2020-09-11 09:25:00.470,4.63,45000
2020-09-11 09:25:00.470,4.63,4312
2020-09-11 09:25:00.470,4.63,5000
2020-09-11 09:25:00.470,4.63,5688
2020-09-11 09:25:00.470,4.63,99700
2020-09-11 09:25:00.470,4.63,53400
2020-09-11 09:25:00.470,4.63,700
2020-09-11 09:25:00.470,4.63,700
2020-09-11 09:25:00.470,4.63,600
2020-09-11 09:25:00.470,4.63,700
2020-09-11 09:25:00.470,4.63,100
2020-09-11 09:25:00.470,4.63,700
2020-09-11 09:25:00.470,4.63,700
2020-09-11 09:25:00.470,4.63,1100
2020-09-11 09:25:00.470,4.63,600
2020-09-11 09:25:00.470,4.63,100
2020-09-11 09:25:00.470,4.63,5000
2020-09-11 09:25:00.470,4.63,5000
2020-09-11 09:25:00.470,4.63,2500
2020-09-11 09:25:00.470,4.63,4500
2020-09-11 09:25:00.470,4.63,6000
2020-09-11 09:25:00.470,4.63,4500
2020-09-11 09:25:00.470,4.63,14000
2020-09-11 09:25:00.470,4.63,9500
2020-09-11 09:25:00.470,4.63,10000
2020-09-11 09:25:00.470,4.63,1000
2020-09-11 09:25:00.470,4.63,4000
2020-09-11 09:25:00.470,4.63,13400
2020-09-11 09:25:00.470,4.63,7812
2020-09-11 09:25:00.470,4.63,100
2020-09-11 09:25:00.470,4.63,200
2020-09-11 09:25:00.470,4.63,30800
2020-09-11 09:25:00.470,4.63,988
2020-09-11 09:25:00.470,4.63,2700
2020-09-11 09:25:00.470,4.63,1812
2020-09-11 09:25:00.470,4.63,188
2020-09-11 09:25:00.470,4.63,312
2020-09-11 09:25:00.470,4.63,5700
2020-09-11 09:25:00.470,4.63,18088
2020-09-11 09:25:00.470,4.63,100
2020-09-11 09:25:00.470,4.63,200
2020-09-11 09:25:00.470,4.63,10000
2020-09-11 09:25:00.470,4.63,100
2020-09-11 09:25:00.470,4.63,100
2020-09-11 09:25:00.470,4.63,100
2020-09-11 09:25:00.470,4.63,200
2020-09-11 09:25:00.470,4.63,700
2020-09-11 09:25:00.470,4.63,100
2020-09-11 09:25:00.470,4.63,21500
2020-09-11 09:25:00.470,4.63,2500
2020-09-11 09:25:00.470,4.63,100
2020-09-11 09:25:00.470,4.63,100
2020-09-11 09:25:00.470,4.63,100
2020-09-11 09:25:00.470,4.63,300
2020-09-11 09:25:00.470,4.63,100
2020-09-11 09:25:00.470,4.63,100
2020-09-11 09:25:00.470,4.63,500
2020-09-11 09:25:00.470,4.63,100
2020-09-11 09:25:00.470,4.63,100
2020-09-11 09:25:00.470,4.63,100
2020-09-11 09:25:00.470,4.63,100
2020-09-11 09:25:00.470,4.63,200
2020-09-11 09:25:00.470,4.63,12
2020-09-11 09:25:00.470,4.63,88
2020-09-11 09:25:00.470,4.63,100
2020-09-11 09:25:00.470,4.63,300
2020-09-11 09:25:00.470,4.63,200
2020-09-11 09:25:00.470,4.63,100
2020-09-11 09:25:00.470,4.63,100
2020-09-11 09:25:00.470,4.63,400
2020-09-11 09:25:00.470,4.63,200
2020-09-11 09:25:00.470,4.63,200
2020-09-11 09:25:00.470,4.63,100
2020-09-11 09:25:00.470,4.63,100
2020-09-11 09:25:00.470,4.63,100
2020-09-11 09:25:00.470,4.63,200
2020-09-11 09:25:00.470,4.63,200
2020-09-11 09:25:00.470,4.63,100
2020-09-11 09:25:00.470,4.63,100
2020-09-11 09:25:00.470,4.63,300
2020-09-11 09:25:00.470,4.63,5000
2020-09-11 09:25:00.470,4.63,600
2020-09-11 09:25:00.470,4.63,100
2020-09-11 09:25:00.470,4.63,200
2020-09-11 09:25:00.470,4.63,100
2020-09-11 09:25:00.470,4.63,100
2020-09-11 09:25:00.470,4.63,100
2020-09-11 09:25:00.470,4.63,200
2020-09-11 09:25:00.470,4.63,100
2020-09-11 09:25:00.470,4.63,100
2020-09-11 09:25:00.470,4.63,1600
2020-09-11 09:25:00.470,4.63,500
2020-09-11 09:25:00.470,4.63,200
2020-09-11 09:25:00.470,4.63,300
2020-09-11 09:25:00.470,4.63,100
2020-09-11 09:25:00.470,4.63,500
2020-09-11 09:25:00.470,4.63,100
2020-09-11 09:25:00.470,4.63,100
2020-09-11 09:25:00.470,4.63,2112
2020-09-11 09:25:00.470,4.63,1000
2020-09-11 09:25:00.470,4.63,2288
2020-09-11 09:25:00.470,4.63,100
2020-09-11 09:25:00.470,4.63,1000
2020-09-11 09:25:00.470,4.63,100
2020-09-11 09:25:00.470,4.63,500
2020-09-11 09:25:00.470,4.63,100
2020-09-11 09:25:00.470,4.63,500
2020-09-11 09:25:00.470,4.63,200
2020-09-11 09:25:00.470,4.63,200
2020-09-11 09:25:00.470,4.63,1000
2020-09-11 09:25:00.470,4.63,4012
2020-09-11 09:25:00.470,4.63,1000
2020-09-11 09:25:00.470,4.63,1388
2020-09-11 09:25:00.470,4.63,1000
2020-09-11 09:25:00.470,4.63,200
2020-09-11 09:25:00.470,4.63,400
2020-09-11 09:25:00.470,4.63,200
2020-09-11 09:25:00.470,4.63,200
2020-09-11 09:25:00.470,4.63,100
2020-09-11 09:25:00.470,4.63,100
2020-09-11 09:25:00.470,4.63,100
2020-09-11 09:25:00.470,4.63,100
2020-09-11 09:25:00.470,4.63,200
2020-09-11 09:25:00.470,4.63,100
2020-09-11 09:25:00.470,4.63,100
2020-09-11 09:25:00.470,4.63,100
2020-09-11 09:25:00.470,4.63,200
2020-09-11 09:25:00.470,4.63,200
2020-09-11 09:25:00.470,4.63,200
2020-09-11 09:25:00.470,4.63,3112
2020-09-11 09:25:00.470,4.63,3388
2020-09-11 09:25:00.470,4.63,100
2020-09-11 09:25:00.470,4.63,200
2020-09-11 09:25:00.470,4.63,200
2020-09-11 09:25:00.470,4.63,100
2020-09-11 09:25:00.470,4.63,500
2020-09-11 09:25:00.470,4.63,212
2020-09-11 09:25:00.470,4.63,88
2020-09-11 09:25:00.470,4.63,2100
2020-09-11 09:25:00.470,4.63,200
2020-09-11 09:25:00.470,4.63,500
2020-09-11 09:25:00.470,4.63,4300
2020-09-11 09:25:00.470,4.63,500
2020-09-11 09:25:00.470,4.63,100
2020-09-11 09:25:00.470,4.63,100
2020-09-11 09:25:00.470,4.63,100
2020-09-11 09:25:00.470,4.63,100
2020-09-11 09:25:00.470,4.63,200
2020-09-11 09:25:00.470,4.63,100
2020-09-11 09:25:00.470,4.63,1000
2020-09-11 09:25:00.470,4.63,100
2020-09-11 09:25:00.470,4.63,100
2020-09-11 09:25:00.470,4.63,100
2020-09-11 09:25:00.470,4.63,100
2020-09-11 09:25:00.470,4.63,300
2020-09-11 09:25:00.470,4.63,100
2020-09-11 09:25:00.470,4.63,300
2020-09-11 09:25:00.470,4.63,300
2020-09-11 09:25:00.470,4.63,200
2020-09-11 09:25:00.470,4.63,400
2020-09-11 09:25:00.470,4.63,100
2020-09-11 09:25:00.470,4.63,100
2020-09-11 09:25:00.470,4.63,100
2020-09-11 09:25:00.470,4.63,300
2020-09-11 09:25:00.470,4.63,100
2020-09-11 09:25:00.470,4.63,1000
2020-09-11 09:25:00.470,4.63,100
2020-09-11 09:25:00.470,4.63,100
2020-09-11 09:25:00.470,4.63,200
2020-09-11 09:25:00.470,4.63,100
2020-09-11 09:25:00.470,4.63,200
2020-09-11 09:25:00.470,4.63,1000
2020-09-11 09:25:00.470,4.63,100
2020-09-11 09:25:00.470,4.63,100
2020-09-11 09:25:00.470,4.63,200
2020-09-11 09:25:00.470,4.63,100
2020-09-11 09:25:00.470,4.63,100
2020-09-11 09:25:00.470,4.63,1000
2020-09-11 09:25:00.470,4.63,500
2020-09-11 09:25:00.470,4.63,1000
2020-09-11 09:25:00.470,4.63,2100
2020-09-11 09:25:00.470,4.63,3900
2020-09-11 09:25:00.470,4.63,3112
2020-09-11 09:25:00.470,4.63,6888
2020-09-11 09:25:00.470,4.63,200
2020-09-11 09:25:00.470,4.63,300
2020-09-11 09:25:00.470,4.63,100
2020-09-11 09:25:00.470,4.63,100
2020-09-11 09:25:00.470,4.63,100
2020-09-11 09:25:00.470,4.63,2100
2020-09-11 09:25:00.470,4.63,500
2020-09-11 09:25:00.470,4.63,200
2020-09-11 09:25:00.470,4.63,600
2020-09-11 09:25:00.470,4.63,5000
2020-09-11 09:25:00.470,4.63,200
2020-09-11 09:25:00.470,4.63,200
2020-09-11 09:25:00.470,4.63,3500
2020-09-11 09:25:00.470,4.63,3000
2020-09-11 09:25:00.470,4.63,1300
2020-09-11 09:25:00.470,4.63,100
2020-09-11 09:25:00.470,4.63,100
2020-09-11 09:25:00.470,4.63,600
2020-09-11 09:25:00.470,4.63,1800
2020-09-11 09:25:00.470,4.63,500
2020-09-11 09:25:00.470,4.63,100
2020-09-11 09:25:00.470,4.63,300
2020-09-11 09:25:00.470,4.63,2200
2020-09-11 09:25:00.470,4.63,1500
2020-09-11 09:25:00.470,4.63,5212
2020-09-11 09:25:00.470,4.63,1788
2020-09-11 09:25:00.470,4.63,2100
2020-09-11 09:25:00.470,4.63,300
2020-09-11 09:25:00.470,4.63,1000
2020-09-11 09:25:00.470,4.63,500
2020-09-11 09:25:00.470,4.63,100
2020-09-11 09:25:00.470,4.63,200
2020-09-11 09:25:00.470,4.63,100
2020-09-11 09:25:00.470,4.63,100
2020-09-11 09:25:00.470,4.63,1000
2020-09-11 09:25:00.470,4.63,600
2020-09-11 09:25:00.470,4.63,3000
2020-09-11 09:25:00.470,4.63,5512
2020-09-11 09:25:00.470,4.63,24788
2020-09-11 09:25:00.470,4.63,2000
2020-09-11 09:25:00.470,4.63,32700
2020-09-11 09:25:00.470,4.63,17100
2020-09-11 09:25:00.470,4.63,10000
2020-09-11 09:25:00.470,4.63,200
2020-09-11 09:25:00.470,4.63,100
2020-09-11 09:25:00.470,4.63,5000
2020-09-11 09:25:00.470,4.63,10000
2020-09-11 09:25:00.470,4.63,500
2020-09-11 09:25:00.470,4.63,100
2020-09-11 09:25:00.470,4.63,100
2020-09-11 09:25:00.470,4.63,200
2020-09-11 09:25:00.470,4.63,5000
2020-09-11 09:25:00.470,4.63,30000
2020-09-11 09:25:00.470,4.63,16012
2020-09-11 09:25:00.470,4.63,3988
2020-09-11 09:25:00.470,4.63,100
2020-09-11 09:25:00.470,4.63,100
2020-09-11 09:25:00.470,4.63,500
2020-09-11 09:25:00.470,4.63,3000
2020-09-11 09:25:00.470,4.63,2000
2020-09-11 09:25:00.470,4.63,200
2020-09-11 09:25:00.470,4.63,1500
2020-09-11 09:25:00.470,4.63,200
2020-09-11 09:25:00.470,4.63,100
2020-09-11 09:25:00.470,4.63,4000
2020-09-11 09:25:00.470,4.63,2100
2020-09-11 09:25:00.470,4.63,100
2020-09-11 09:25:00.470,4.63,2000
2020-09-11 09:25:00.470,4.63,1000
2020-09-11 09:25:00.470,4.63,100000
2020-09-11 09:25:00.470,4.63,20000
2020-09-11 09:25:00.470,4.63,500
2020-09-11 09:25:00.470,4.63,3000
2020-09-11 09:25:00.470,4.63,5000
2020-09-11 09:25:00.470,4.63,160612
2020-09-11 09:25:00.470,4.63,99000
2020-09-11 09:25:00.470,4.63,8600
2020-09-11 09:25:00.470,4.63,1200
2020-09-11 09:25:00.470,4.63,380588
2020-09-11 09:25:00.470,4.63,10000
2020-09-11 09:25:00.470,4.63,500
2020-09-11 09:25:00.470,4.63,2000
2020-09-11 09:25:00.470,4.63,5000
2020-09-11 09:25:00.470,4.63,3000
2020-09-11 09:25:00.470,4.63,50000
2020-09-11 09:25:00.470,4.63,103912
2020-09-11 09:25:00.470,4.63,1200
2020-09-11 09:25:00.470,4.63,18300
2020-09-11 09:25:00.470,4.63,126588
2020-09-11 09:25:00.470,4.63,6700
2020-09-11 09:25:00.470,4.63,1000
2020-09-11 09:25:00.470,4.63,20000
2020-09-11 09:25:00.470,4.63,200
2020-09-11 09:25:00.470,4.63,6000
2020-09-11 09:25:00.470,4.63,1900
2020-09-11 09:25:00.470,4.63,137612
2020-09-11 09:25:00.470,4.63,50000
2020-09-11 09:25:00.470,4.63,14288
2020-09-11 09:25:00.470,4.63,1000
2020-09-11 09:25:00.470,4.63,200
2020-09-11 09:25:00.470,4.63,100
2020-09-11 09:25:00.470,4.63,1000
2020-09-11 09:25:00.470,4.63,10000
2020-09-11 09:25:00.470,4.63,100
2020-09-11 09:25:00.470,4.63,200
2020-09-11 09:25:00.470,4.63,20000
2020-09-11 09:25:00.470,4.63,10000
2020-09-11 09:25:00.470,4.63,100
2020-09-11 09:25:00.470,4.63,5100
2020-09-11 09:25:00.470,4.63,2000
2020-09-11 09:25:00.470,4.63,100
2020-09-11 09:25:00.470,4.63,10000
2020-09-11 09:25:00.470,4.63,5000
2020-09-11 09:25:00.470,4.63,300
2020-09-11 09:25:00.470,4.63,100
2020-09-11 09:25:00.470,4.63,800
2020-09-11 09:25:00.470,4.63,15000
2020-09-11 09:25:00.470,4.63,300
2020-09-11 09:25:00.470,4.63,16500
2020-09-11 09:25:00.470,4.63,100
2020-09-11 09:25:00.470,4.63,1000
2020-09-11 09:25:00.470,4.63,2000
2020-09-11 09:25:00.470,4.63,100
2020-09-11 09:25:00.470,4.63,3000
2020-09-11 09:25:00.470,4.63,200
2020-09-11 09:25:00.470,4.63,100
2020-09-11 09:25:00.470,4.63,300
2020-09-11 09:25:00.470,4.63,200
2020-09-11 09:25:00.470,4.63,3200
2020-09-11 09:25:00.470,4.63,5000
2020-09-11 09:25:00.470,4.63,600
2020-09-11 09:25:00.470,4.63,100
2020-09-11 09:25:00.470,4.63,1000
2020-09-11 09:25:00.470,4.63,3500
2020-09-11 09:25:00.470,4.63,1000
2020-09-11 09:25:00.470,4.63,100
2020-09-11 09:25:00.470,4.63,100
2020-09-11 09:25:00.470,4.63,200
2020-09-11 09:25:00.470,4.63,2400
2020-09-11 09:25:00.470,4.63,4000
2020-09-11 09:25:00.470,4.63,5000
2020-09-11 09:25:00.470,4.63,8600
2020-09-11 09:25:00.470,4.63,3000
2020-09-11 09:25:00.470,4.63,2000
2020-09-11 09:25:00.470,4.63,300
2020-09-11 09:25:00.470,4.63,100
2020-09-11 09:25:00.470,4.63,700
2020-09-11 09:25:00.470,4.63,200
2020-09-11 09:25:00.470,4.63,400
2020-09-11 09:25:00.470,4.63,3000
2020-09-11 09:25:00.470,4.63,200
2020-09-11 09:25:00.470,4.63,100
2020-09-11 09:25:00.470,4.63,200
2020-09-11 09:25:00.470,4.63,300
2020-09-11 09:25:00.470,4.63,600
2020-09-11 09:25:00.470,4.63,100
2020-09-11 09:25:00.470,4.63,4800
2020-09-11 09:25:00.470,4.63,2500
2020-09-11 09:25:00.470,4.63,4000
2020-09-11 09:25:00.470,4.63,2000
2020-09-11 09:25:00.470,4.63,3600
2020-09-11 09:25:00.470,4.63,1000
2020-09-11 09:25:00.470,4.63,1000
2020-09-11 09:25:00.470,4.63,2000
2020-09-11 09:25:00.470,4.63,500
2020-09-11 09:25:00.470,4.63,1000
2020-09-11 09:25:00.470,4.63,100
2020-09-11 09:25:00.470,4.63,1100
2020-09-11 09:25:00.470,4.63,100
2020-09-11 09:25:00.470,4.63,700
2020-09-11 09:25:00.470,4.63,100
2020-09-11 09:25:00.470,4.63,500
2020-09-11 09:25:00.470,4.63,300
2020-09-11 09:25:00.470,4.63,100
2020-09-11 09:25:00.470,4.63,300
2020-09-11 09:25:00.470,4.63,3000
2020-09-11 09:25:00.470,4.63,25000
2020-09-11 09:25:00.470,4.63,1000
2020-09-11 09:25:00.470,4.63,10700
2020-09-11 09:25:00.470,4.63,10700
2020-09-11 09:25:00.470,4.63,300
2020-09-11 09:25:00.470,4.63,1000
2020-09-11 09:25:00.470,4.63,10700
2020-09-11 09:25:00.470,4.63,500
2020-09-11 09:25:00.470,4.63,10700
2020-09-11 09:25:00.470,4.63,100
2020-09-11 09:25:00.470,4.63,1000
2020-09-11 09:25:00.470,4.63,300
2020-09-11 09:25:00.470,4.63,3900
2020-09-11 09:25:00.470,4.63,100
2020-09-11 09:25:00.470,4.63,2000
2020-09-11 09:25:00.470,4.63,2000
2020-09-11 09:25:00.470,4.63,5800
2020-09-11 09:25:00.470,4.63,1000
2020-09-11 09:25:00.470,4.63,4000
2020-09-11 09:25:00.470,4.63,4000
2020-09-11 09:25:00.470,4.63,1000
2020-09-11 09:25:00.470,4.63,200
2020-09-11 09:25:00.470,4.63,200
2020-09-11 09:25:00.470,4.63,5000
2020-09-11 09:25:00.470,4.63,4912
2020-09-11 09:25:00.470,4.63,88
2020-09-11 09:25:00.470,4.63,10000
2020-09-11 09:25:00.470,4.63,85100
2020-09-11 09:25:00.470,4.63,6000
2020-09-11 09:25:00.470,4.63,300
2020-09-11 09:25:00.470,4.63,1700
2020-09-11 09:25:00.470,4.63,700
2020-09-11 09:25:00.470,4.63,200
2020-09-11 09:25:00.470,4.63,2000
2020-09-11 09:25:00.470,4.63,300
2020-09-11 09:25:00.470,4.63,100
2020-09-11 09:25:00.470,4.63,3600
2020-09-11 09:25:00.470,4.63,3600
2020-09-11 09:25:00.470,4.63,2500
2020-09-11 09:25:00.470,4.63,100
2020-09-11 09:25:00.470,4.63,3000
2020-09-11 09:25:00.470,4.63,1000
2020-09-11 09:25:00.470,4.63,20000
2020-09-11 09:25:00.470,4.63,1000
2020-09-11 09:25:00.470,4.63,5000
2020-09-11 09:25:00.470,4.63,42600
2020-09-11 09:25:00.470,4.63,50000
2020-09-11 09:25:00.470,4.63,10000
2020-09-11 09:25:00.470,4.63,300
2020-09-11 09:25:00.470,4.63,500
2020-09-11 09:25:00.470,4.63,100
2020-09-11 09:25:00.470,4.63,100
2020-09-11 09:25:00.470,4.63,10000
2020-09-11 09:25:00.470,4.63,10000
2020-09-11 09:25:00.470,4.63,3000
2020-09-11 09:25:00.470,4.63,2000
2020-09-11 09:25:00.470,4.63,5000
2020-09-11 09:25:00.470,4.63,500
2020-09-11 09:25:00.470,4.63,3000
2020-09-11 09:25:00.470,4.63,100
2020-09-11 09:25:00.470,4.63,100
2020-09-11 09:25:00.470,4.63,2000
2020-09-11 09:25:00.470,4.63,1000
2020-09-11 09:25:00.470,4.63,500
2020-09-11 09:25:00.470,4.63,1000
2020-09-11 09:25:00.470,4.63,5500
2020-09-11 09:25:00.470,4.63,5500
2020-09-11 09:25:00.470,4.63,912
2020-09-11 09:30:00.150,4.631,13200
2020-09-11 09:30:00.150,4.631,300
2020-09-11 09:30:00.150,4.631,31200
2020-09-11 09:30:00.150,4.631,255300
2020-09-11 09:30:00.310,4.631,3900
2020-09-11 09:30:00.380,4.633,4300
2020-09-11 09:30:00.380,4.633,1400
2020-09-11 09:30:00.380,4.633,3000
2020-09-11 09:30:00.470,4.633,500
2020-09-11 09:30:00.470,4.632,1000
2020-09-11 09:30:00.470,4.632,6000
2020-09-11 09:30:00.470,4.633,300
2020-09-11 09:30:00.470,4.633,2000
2020-09-11 09:30:00.570,4.633,20000
2020-09-11 09:30:00.570,4.632,20000
2020-09-11 09:30:00.570,4.633,1000
2020-09-11 09:30:00.570,4.632,600
2020-09-11 09:30:00.570,4.632,2000
2020-09-11 09:30:00.680,4.632,3000
2020-09-11 09:30:00.680,4.632,1000
2020-09-11 09:30:00.680,4.635,200
2020-09-11 09:30:00.680,4.632,2000
2020-09-11 09:30:00.680,4.632,10000
2020-09-11 09:30:00.800,4.635,30000
2020-09-11 09:30:00.800,4.632,6600
2020-09-11 09:30:00.800,4.632,9000
2020-09-11 09:30:00.930,4.632,1800
2020-09-11 09:30:00.930,4.635,200
2020-09-11 09:30:00.930,4.632,11000
2020-09-11 09:30:00.930,4.635,5600
2020-09-11 09:30:00.930,4.635,7000
2020-09-11 09:30:00.930,4.635,20000
2020-09-11 09:30:00.930,4.635,7500
2020-09-11 09:30:01.050,4.635,30000
2020-09-11 09:30:01.050,4.635,500
2020-09-11 09:30:01.170,4.635,40000
2020-09-11 09:30:01.290,4.635,700
2020-09-11 09:30:01.400,4.635,200
2020-09-11 09:30:01.400,4.637,1500
2020-09-11 09:30:01.400,4.637,3000
2020-09-11 09:30:01.400,4.639,5000
2020-09-11 09:30:01.400,4.639,3000
2020-09-11 09:30:01.400,4.639,3000
2020-09-11 09:30:01.400,4.64,7300
2020-09-11 09:30:01.400,4.64,20000
2020-09-11 09:30:01.400,4.64,16900
2020-09-11 09:30:01.400,4.635,40000
2020-09-11 09:30:01.620,4.636,2400
2020-09-11 09:30:01.740,4.636,24200
2020-09-11 09:30:01.740,4.636,2000
2020-09-11 09:30:01.880,4.636,200
2020-09-11 09:30:01.880,4.636,3000
2020-09-11 09:30:01.990,4.636,2000
2020-09-11 09:30:02.100,4.636,2400
2020-09-11 09:30:02.100,4.636,2100
2020-09-11 09:30:02.100,4.636,3000
2020-09-11 09:30:02.100,4.636,3000
2020-09-11 09:30:02.100,4.636,400
2020-09-11 09:30:02.220,4.636,16200
2020-09-11 09:30:02.220,4.636,1000
2020-09-11 09:30:02.220,4.636,10000
2020-09-11 09:30:02.220,4.636,100
2020-09-11 09:30:02.220,4.636,2000
2020-09-11 09:30:02.340,4.64,23000
2020-09-11 09:30:02.580,4.638,2000
2020-09-11 09:30:02.580,4.638,4000
2020-09-11 09:30:02.690,4.638,1000
2020-09-11 09:30:02.690,4.64,500
2020-09-11 09:30:02.690,4.638,2200
2020-09-11 09:30:02.810,4.638,2000
2020-09-11 09:30:02.810,4.638,300
2020-09-11 09:30:02.810,4.638,100
2020-09-11 09:30:02.940,4.638,4700
2020-09-11 09:30:02.940,4.638,84100
2020-09-11 09:30:02.940,4.638,200
2020-09-11 09:30:03.060,4.64,200
2020-09-11 09:30:03.060,4.638,2100
2020-09-11 09:30:03.190,4.638,34000
2020-09-11 09:30:03.190,4.64,5000
2020-09-11 09:30:03.430,4.638,2600
2020-09-11 09:30:03.430,4.638,1000
2020-09-11 09:30:03.430,4.638,24400
2020-09-11 09:30:03.430,4.638,3000
2020-09-11 09:30:03.550,4.638,7000
2020-09-11 09:30:03.550,4.64,100
2020-09-11 09:30:03.550,4.64,21700
2020-09-11 09:30:03.550,4.638,425300
2020-09-11 09:30:03.550,4.637,122900
2020-09-11 09:30:03.550,4.637,7300
2020-09-11 09:30:03.780,4.637,2000
2020-09-11 09:30:03.780,4.637,11900
2020-09-11 09:30:03.780,4.64,600
2020-09-11 09:30:03.780,4.637,5300
2020-09-11 09:30:03.900,4.64,700
2020-09-11 09:30:03.900,4.64,700
2020-09-11 09:30:03.900,4.64,600
2020-09-11 09:30:03.900,4.64,700
2020-09-11 09:30:03.900,4.637,80000
2020-09-11 09:30:04.000,4.64,9300
2020-09-11 09:30:04.000,4.64,3000
2020-09-11 09:30:04.000,4.64,1600
2020-09-11 09:30:04.000,4.64,20000
2020-09-11 09:30:04.000,4.64,5100
2020-09-11 09:30:04.000,4.64,5500
2020-09-11 09:30:04.000,4.64,20000
2020-09-11 09:30:04.000,4.641,300
2020-09-11 09:30:04.000,4.641,300
2020-09-11 09:30:04.000,4.64,2700
2020-09-11 09:30:04.000,4.641,700
2020-09-11 09:30:04.000,4.641,500
2020-09-11 09:30:04.000,4.641,100
2020-09-11 09:30:04.000,4.64,1000
2020-09-11 09:30:04.000,4.64,22000
2020-09-11 09:30:04.070,4.641,700
2020-09-11 09:30:04.070,4.641,600
2020-09-11 09:30:04.070,4.641,700
2020-09-11 09:30:04.070,4.641,700
2020-09-11 09:30:04.190,4.641,600
2020-09-11 09:30:04.300,4.641,700
2020-09-11 09:30:04.300,4.64,70000
2020-09-11 09:30:04.300,4.641,700
2020-09-11 09:30:04.300,4.641,600
2020-09-11 09:30:04.300,4.641,700
2020-09-11 09:30:04.390,4.641,600
2020-09-11 09:30:04.390,4.641,700
2020-09-11 09:30:04.390,4.64,100
2020-09-11 09:30:04.390,4.641,700
2020-09-11 09:30:04.390,4.641,400
2020-09-11 09:30:04.390,4.642,100
2020-09-11 09:30:04.390,4.643,200
2020-09-11 09:30:04.510,4.64,10000
2020-09-11 09:30:04.510,4.64,200
2020-09-11 09:30:04.510,4.643,600
2020-09-11 09:30:04.510,4.64,50000
2020-09-11 09:30:04.510,4.64,46600
2020-09-11 09:30:04.510,4.643,700
2020-09-11 09:30:04.510,4.643,2700
2020-09-11 09:30:04.510,4.645,700
2020-09-11 09:30:04.510,4.645,600
2020-09-11 09:30:04.620,4.645,700
2020-09-11 09:30:04.620,4.645,700
2020-09-11 09:30:04.620,4.645,700
2020-09-11 09:30:04.620,4.643,1000
2020-09-11 09:30:04.620,4.645,700
2020-09-11 09:30:04.740,4.645,700
2020-09-11 09:30:04.740,4.643,10000
2020-09-11 09:30:04.740,4.643,87500
2020-09-11 09:30:04.810,4.643,500
2020-09-11 09:30:04.810,4.643,1500
2020-09-11 09:30:05.340,4.643,700
2020-09-11 09:30:05.340,4.64,200
2020-09-11 09:30:05.620,4.644,1000
2020-09-11 09:30:06.040,4.644,100
2020-09-11 09:30:06.110,4.644,7600
2020-09-11 09:30:06.280,4.645,45200
2020-09-11 09:30:06.280,4.645,500
2020-09-11 09:30:06.280,4.645,2500
2020-09-11 09:30:06.280,4.645,5000
2020-09-11 09:30:06.320,4.646,11500
2020-09-11 09:30:06.320,4.646,3000
2020-09-11 09:30:06.320,4.646,5000
2020-09-11 09:30:06.320,4.647,15000
2020-09-11 09:30:06.320,4.647,700
2020-09-11 09:30:06.320,4.647,4300
2020-09-11 09:30:06.490,4.647,7900
2020-09-11 09:30:06.840,4.648,300
2020-09-11 09:30:06.840,4.648,900
2020-09-11 09:30:06.840,4.648,4100
2020-09-11 09:30:06.840,4.648,1100
2020-09-11 09:30:06.840,4.648,1000
2020-09-11 09:30:06.840,4.648,1000
2020-09-11 09:30:06.840,4.648,200
2020-09-11 09:30:06.840,4.648,1000
2020-09-11 09:30:06.840,4.648,1600
2020-09-11 09:30:07.380,4.648,1500
2020-09-11 09:30:07.380,4.648,1000
2020-09-11 09:30:07.380,4.648,400
2020-09-11 09:30:07.380,4.648,300
2020-09-11 09:30:07.380,4.648,200
2020-09-11 09:30:07.380,4.648,100
2020-09-11 09:30:07.380,4.648,200
2020-09-11 09:30:07.380,4.648,200
2020-09-11 09:30:07.380,4.648,300
2020-09-11 09:30:07.380,4.648,31900
2020-09-11 09:30:07.380,4.648,1000
2020-09-11 09:30:07.380,4.648,28100
2020-09-11 09:30:07.780,4.649,1000
2020-09-11 09:30:08.350,4.648,300
2020-09-11 09:30:08.350,4.648,300
2020-09-11 09:30:08.970,4.649,200
2020-09-11 09:30:08.970,4.649,300
2020-09-11 09:30:08.970,4.649,64500
2020-09-11 09:30:08.970,4.649,5000
2020-09-11 09:30:08.970,4.649,73200
2020-09-11 09:30:08.970,4.649,52600
2020-09-11 09:30:08.970,4.649,300
2020-09-11 09:30:08.970,4.649,200
2020-09-11 09:30:08.970,4.649,400
2020-09-11 09:30:08.970,4.649,100
2020-09-11 09:30:08.970,4.649,400
2020-09-11 09:30:08.970,4.649,900
2020-09-11 09:30:08.970,4.649,1000
2020-09-11 09:30:08.970,4.649,3000
2020-09-11 09:30:08.970,4.649,600
2020-09-11 09:30:08.970,4.649,100
2020-09-11 09:30:08.970,4.649,100
2020-09-11 09:30:08.970,4.649,2600
2020-09-11 09:30:08.970,4.649,100
2020-09-11 09:30:08.970,4.649,5000
2020-09-11 09:30:08.970,4.649,170000
2020-09-11 09:30:08.970,4.649,2700
2020-09-11 09:30:10.240,4.649,1600
2020-09-11 09:30:10.910,4.65,2000
2020-09-11 09:30:10.910,4.65,1500
2020-09-11 09:30:10.910,4.65,100
2020-09-11 09:30:10.910,4.65,1000
2020-09-11 09:30:10.910,4.65,100
2020-09-11 09:30:10.910,4.65,10000
2020-09-11 09:30:10.910,4.65,7000
2020-09-11 09:30:12.090,4.65,29000
2020-09-11 09:30:12.090,4.65,300
2020-09-11 09:30:12.090,4.65,1800
2020-09-11 09:30:12.450,4.65,3300
2020-09-11 09:30:12.450,4.65,6700
2020-09-11 09:30:13.610,4.65,8300
2020-09-11 09:30:13.610,4.65,1800
2020-09-11 09:30:13.610,4.65,2000
2020-09-11 09:30:13.610,4.65,50000
2020-09-11 09:30:13.610,4.65,10000
2020-09-11 09:30:13.610,4.65,300
2020-09-11 09:30:13.610,4.65,10000
2020-09-11 09:30:13.610,4.65,700
2020-09-11 09:30:13.610,4.65,7000
2020-09-11 09:30:13.880,4.652,1800
2020-09-11 09:30:13.880,4.653,300
2020-09-11 09:30:13.880,4.65,12500
2020-09-11 09:30:13.880,4.649,300
2020-09-11 09:30:14.580,4.649,2500
2020-09-11 09:30:16.720,4.652,102700
2020-09-11 09:30:16.880,4.649,10000
2020-09-11 09:30:16.880,4.649,50000
2020-09-11 09:30:17.740,4.649,300
2020-09-11 09:30:18.490,4.65,700
2020-09-11 09:30:18.490,4.65,100
2020-09-11 09:30:18.490,4.65,100
2020-09-11 09:30:18.490,4.649,3100
2020-09-11 09:30:21.630,4.649,4000
2020-09-11 09:30:22.590,4.65,1500
2020-09-11 09:30:22.590,4.649,42600
2020-09-11 09:30:22.590,4.649,700
2020-09-11 09:30:22.590,4.649,700
2020-09-11 09:30:22.590,4.649,2900
2020-09-11 09:30:22.590,4.647,10000
2020-09-11 09:30:22.590,4.647,42600
2020-09-11 09:30:22.850,4.653,2000
2020-09-11 09:30:23.510,4.649,1000
2020-09-11 09:30:23.660,4.649,700
2020-09-11 09:30:24.480,4.649,300
2020-09-11 09:30:24.480,4.653,700
2020-09-11 09:30:24.480,4.654,1600
2020-09-11 09:30:24.480,4.654,400
2020-09-11 09:30:24.950,4.649,600
2020-09-11 09:30:26.240,4.649,1900
2020-09-11 09:30:26.240,4.649,400
2020-09-11 09:30:26.240,4.651,7700
2020-09-11 09:30:27.460,4.651,10000
2020-09-11 09:30:28.520,4.651,300
2020-09-11 09:30:28.840,4.651,132000
2020-09-11 09:30:30.010,4.652,5400
2020-09-11 09:30:30.110,4.651,8000
2020-09-11 09:30:30.570,4.652,4000
2020-09-11 09:30:30.870,4.651,3000
2020-09-11 09:30:31.760,4.652,7600
2020-09-11 09:30:32.370,4.651,189000
2020-09-11 09:30:32.400,4.651,6600
2020-09-11 09:30:32.480,4.651,200
2020-09-11 09:30:32.660,4.651,2500
2020-09-11 09:30:32.720,4.65,2900
2020-09-11 09:30:32.720,4.65,500
2020-09-11 09:30:32.720,4.65,6600
2020-09-11 09:30:33.250,4.651,1700
2020-09-11 09:30:33.250,4.652,300
2020-09-11 09:30:33.290,4.65,10000
2020-09-11 09:30:34.310,4.652,3100
2020-09-11 09:30:35.720,4.651,9400
2020-09-11 09:30:35.720,4.652,100
2020-09-11 09:30:36.090,4.652,3200
2020-09-11 09:30:36.350,4.652,30000
2020-09-11 09:30:36.660,4.652,100
2020-09-11 09:30:36.750,4.651,600
2020-09-11 09:30:36.860,4.651,4400
2020-09-11 09:30:36.860,4.652,45600
2020-09-11 09:30:37.920,4.65,300000
2020-09-11 09:30:38.130,4.65,283400
2020-09-11 09:30:38.130,4.65,1800
2020-09-11 09:30:38.130,4.65,600
2020-09-11 09:30:38.130,4.65,10000
2020-09-11 09:30:38.130,4.65,3000
2020-09-11 09:30:38.770,4.649,100
2020-09-11 09:30:38.770,4.649,3900
2020-09-11 09:30:39.710,4.649,21400
2020-09-11 09:30:39.830,4.649,2000
2020-09-11 09:30:40.220,4.649,100
2020-09-11 09:30:40.240,4.649,1100
2020-09-11 09:30:40.450,4.65,400
2020-09-11 09:30:40.630,4.65,2500
2020-09-11 09:30:41.950,4.65,5800
2020-09-11 09:30:41.950,4.65,12400
2020-09-11 09:30:42.960,4.651,1000
2020-09-11 09:30:43.160,4.649,400
2020-09-11 09:30:43.160,4.648,2000
2020-09-11 09:30:43.160,4.648,500
2020-09-11 09:30:43.160,4.648,5000
2020-09-11 09:30:43.160,4.648,50000
2020-09-11 09:30:43.290,4.648,2000
2020-09-11 09:30:43.350,4.648,1600
2020-09-11 09:30:43.860,4.648,2000
2020-09-11 09:30:44.100,4.648,20100
2020-09-11 09:30:44.160,4.648,10000
2020-09-11 09:30:44.460,4.648,2100
2020-09-11 09:30:44.760,4.648,1500
2020-09-11 09:30:44.970,4.648,200
2020-09-11 09:30:45.220,4.648,2600
2020-09-11 09:30:45.280,4.649,500
2020-09-11 09:30:45.470,4.648,3200
2020-09-11 09:30:45.560,4.649,200
2020-09-11 09:30:46.110,4.649,1600
2020-09-11 09:30:46.200,4.649,1300
2020-09-11 09:30:46.780,4.649,100
2020-09-11 09:30:46.900,4.648,100
2020-09-11 09:30:47.020,4.649,5300
2020-09-11 09:30:47.020,4.65,5000
2020-09-11 09:30:47.020,4.651,200
2020-09-11 09:30:47.020,4.651,3000
2020-09-11 09:30:47.020,4.651,6000
2020-09-11 09:30:47.020,4.652,500
2020-09-11 09:30:48.170,4.649,10000
2020-09-11 09:30:48.260,4.649,9600
2020-09-11 09:30:49.040,4.65,100
2020-09-11 09:30:50.680,4.651,5000
2020-09-11 09:30:50.680,4.651,3000
2020-09-11 09:30:50.680,4.651,3600
2020-09-11 09:30:50.680,4.652,200100
2020-09-11 09:30:50.680,4.652,3600
2020-09-11 09:30:50.680,4.652,500
2020-09-11 09:30:50.680,4.652,43300
2020-09-11 09:30:51.390,4.652,2400
2020-09-11 09:30:52.130,4.653,100
2020-09-11 09:30:53.770,4.652,20000
2020-09-11 09:30:54.550,4.652,2600
2020-09-11 09:30:55.360,4.652,300000
2020-09-11 09:30:55.490,4.653,2700
2020-09-11 09:30:55.490,4.653,17300
2020-09-11 09:30:56.000,4.652,2500
2020-09-11 09:30:56.510,4.653,10000
2020-09-11 09:30:56.570,4.652,500
2020-09-11 09:30:57.270,4.652,500
2020-09-11 09:30:58.000,4.652,1000
2020-09-11 09:30:58.600,4.652,2500
2020-09-11 09:30:58.910,4.652,3500
2020-09-11 09:31:00.080,4.652,1000
2020-09-11 09:31:01.180,4.652,272700
2020-09-11 09:31:01.940,4.653,1500
2020-09-11 09:31:01.940,4.653,12300
2020-09-11 09:31:01.940,4.653,1000
2020-09-11 09:31:02.120,4.653,10000
2020-09-11 09:31:02.810,4.653,2000
2020-09-11 09:31:02.990,4.654,300
2020-09-11 09:31:03.310,4.653,12000
2020-09-11 09:31:03.370,4.653,500
2020-09-11 09:31:04.190,4.654,1000
2020-09-11 09:31:05.110,4.653,3000
2020-09-11 09:31:05.210,4.653,10800
2020-09-11 09:31:05.820,4.653,15700
2020-09-11 09:31:07.450,4.654,100
2020-09-11 09:31:07.740,4.654,8600
2020-09-11 09:31:07.740,4.654,1400
2020-09-11 09:31:08.200,4.654,300
2020-09-11 09:31:08.370,4.653,400
2020-09-11 09:31:08.520,4.653,9600
2020-09-11 09:31:08.580,4.653,71300
2020-09-11 09:31:08.580,4.653,300000
2020-09-11 09:31:08.580,4.653,100
2020-09-11 09:31:08.580,4.653,1000
2020-09-11 09:31:08.580,4.653,1000
2020-09-11 09:31:08.580,4.653,100
2020-09-11 09:31:08.580,4.653,600
2020-09-11 09:31:08.580,4.653,1100
2020-09-11 09:31:08.990,4.653,500
2020-09-11 09:31:09.940,4.653,1000
2020-09-11 09:31:10.250,4.653,5000
2020-09-11 09:31:10.630,4.653,5000
2020-09-11 09:31:11.050,4.652,100
2020-09-11 09:31:11.690,4.653,100
2020-09-11 09:31:11.850,4.653,5000
2020-09-11 09:31:11.850,4.653,10000
2020-09-11 09:31:12.600,4.653,10000
2020-09-11 09:31:12.770,4.653,500
2020-09-11 09:31:12.960,4.653,114300
2020-09-11 09:31:13.380,4.653,10000
2020-09-11 09:31:13.920,4.653,2500
2020-09-11 09:31:14.070,4.653,500
2020-09-11 09:31:14.830,4.653,25000
2020-09-11 09:31:15.390,4.653,4000
2020-09-11 09:31:15.640,4.652,6000
2020-09-11 09:31:17.180,4.653,2000
2020-09-11 09:31:17.800,4.652,100000
2020-09-11 09:31:18.210,4.653,300
2020-09-11 09:31:18.570,4.652,1000
2020-09-11 09:31:18.880,4.653,100
2020-09-11 09:31:19.370,4.653,2000
2020-09-11 09:31:19.860,4.652,24600
2020-09-11 09:31:19.860,4.652,1900
2020-09-11 09:31:20.250,4.652,5300
2020-09-11 09:31:20.890,4.652,500
2020-09-11 09:31:20.920,4.652,800
2020-09-11 09:31:21.350,4.651,5000
2020-09-11 09:31:21.350,4.651,10000
2020-09-11 09:31:21.350,4.651,1600
2020-09-11 09:31:21.350,4.651,50000
2020-09-11 09:31:21.350,4.651,5000
2020-09-11 09:31:21.390,4.651,10000
2020-09-11 09:31:21.480,4.651,18400
2020-09-11 09:31:21.480,4.652,6900
2020-09-11 09:31:21.480,4.652,104500
2020-09-11 09:31:22.000,4.652,24500
2020-09-11 09:31:22.340,4.652,10000
2020-09-11 09:31:22.530,4.652,5000
2020-09-11 09:31:22.740,4.652,4000
2020-09-11 09:31:23.910,4.652,1200
2020-09-11 09:31:24.690,4.652,18000
2020-09-11 09:31:24.800,4.652,32800
2020-09-11 09:31:24.800,4.652,12600
2020-09-11 09:31:24.800,4.652,104700
2020-09-11 09:31:25.420,4.652,10200
2020-09-11 09:31:26.660,4.652,2000
2020-09-11 09:31:26.800,4.651,10000
2020-09-11 09:31:27.710,4.652,100
2020-09-11 09:31:28.680,4.652,30000
2020-09-11 09:31:28.900,4.651,2000
2020-09-11 09:31:29.230,4.651,18000
2020-09-11 09:31:29.230,4.652,23900
2020-09-11 09:31:29.640,4.65,1000
2020-09-11 09:31:29.640,4.65,2200
2020-09-11 09:31:29.730,4.652,100
2020-09-11 09:31:30.000,4.652,100
2020-09-11 09:31:30.210,4.652,400
2020-09-11 09:31:30.390,4.65,1100
2020-09-11 09:31:30.390,4.65,5000
2020-09-11 09:31:30.390,4.65,100
2020-09-11 09:31:30.390,4.65,200000
2020-09-11 09:31:30.390,4.65,10000
2020-09-11 09:31:30.390,4.649,1100
2020-09-11 09:31:30.390,4.649,2100
2020-09-11 09:31:30.390,4.649,2200
2020-09-11 09:31:30.390,4.648,2500
2020-09-11 09:31:30.390,4.648,200
2020-09-11 09:31:30.390,4.648,100
2020-09-11 09:31:30.390,4.648,10000
2020-09-11 09:31:30.390,4.648,20000
2020-09-11 09:31:30.390,4.648,5000
2020-09-11 09:31:30.390,4.648,3500
2020-09-11 09:31:30.390,4.648,500
2020-09-11 09:31:30.390,4.648,3900
2020-09-11 09:31:30.390,4.647,33747
2020-09-11 09:31:31.110,4.652,2300
2020-09-11 09:31:31.710,4.651,700
2020-09-11 09:31:31.710,4.651,1500
2020-09-11 09:31:31.960,4.651,2800
2020-09-11 09:31:31.960,4.652,7200
2020-09-11 09:31:32.340,4.651,2100
2020-09-11 09:31:32.560,4.651,2900
2020-09-11 09:31:32.560,4.648,3100
2020-09-11 09:31:32.860,4.649,100
2020-09-11 09:31:32.860,4.652,19900
2020-09-11 09:31:33.310,4.649,12200
2020-09-11 09:31:34.010,4.651,300
2020-09-11 09:31:34.310,4.651,500
2020-09-11 09:31:34.620,4.651,3000
2020-09-11 09:31:34.720,4.652,1200
2020-09-11 09:31:35.360,4.651,2500
2020-09-11 09:31:35.360,4.651,2300
2020-09-11 09:31:35.500,4.651,5200
2020-09-11 09:31:35.500,4.652,4600
2020-09-11 09:31:35.650,4.652,2000
2020-09-11 09:31:36.310,4.651,100
2020-09-11 09:31:38.400,4.65,500
2020-09-11 09:31:38.400,4.65,200
2020-09-11 09:31:38.400,4.65,1000
2020-09-11 09:31:38.400,4.65,200
2020-09-11 09:31:39.760,4.651,100
2020-09-11 09:31:40.980,4.65,2700
2020-09-11 09:31:40.980,4.649,3000
2020-09-11 09:31:40.980,4.649,200
2020-09-11 09:31:41.500,4.649,800
2020-09-11 09:31:41.500,4.649,30000
2020-09-11 09:31:41.500,4.649,1300
2020-09-11 09:31:41.500,4.649,400
2020-09-11 09:31:41.500,4.648,567500
2020-09-11 09:31:41.860,4.651,800
2020-09-11 09:31:41.860,4.651,300
2020-09-11 09:31:42.470,4.651,3300
2020-09-11 09:31:42.470,4.651,200
2020-09-11 09:31:42.470,4.651,6500
2020-09-11 09:31:43.280,4.651,100
2020-09-11 09:31:44.130,4.651,100
2020-09-11 09:31:44.270,4.65,10000
2020-09-11 09:31:44.270,4.65,111400
2020-09-11 09:31:44.580,4.65,2300
2020-09-11 09:31:45.530,4.65,118300
2020-09-11 09:31:46.210,4.651,1900
2020-09-11 09:31:46.240,4.651,2000
2020-09-11 09:31:46.640,4.651,1000
2020-09-11 09:31:46.810,4.651,500
2020-09-11 09:31:47.820,4.65,1000
2020-09-11 09:31:48.370,4.651,500
2020-09-11 09:31:48.540,4.651,15000
2020-09-11 09:31:49.560,4.651,1000
2020-09-11 09:31:50.060,4.65,50000
2020-09-11 09:31:50.240,4.651,2000
2020-09-11 09:31:50.950,4.651,10000
2020-09-11 09:31:51.010,4.651,700
2020-09-11 09:31:51.610,4.651,100
2020-09-11 09:31:51.700,4.651,2300
2020-09-11 09:31:51.930,4.651,100
2020-09-11 09:31:52.020,4.651,5000
2020-09-11 09:31:52.360,4.651,100
2020-09-11 09:31:52.920,4.651,500
2020-09-11 09:31:53.100,4.651,1000
2020-09-11 09:31:53.250,4.651,100
2020-09-11 09:31:53.290,4.65,2900
2020-09-11 09:31:54.210,4.651,100
2020-09-11 09:31:54.380,4.65,800
2020-09-11 09:31:54.580,4.651,100
2020-09-11 09:31:54.880,4.65,2908
2020-09-11 09:31:55.740,4.65,2000
2020-09-11 09:31:56.330,4.651,600
2020-09-11 09:31:56.890,4.651,10000
2020-09-11 09:31:57.420,4.65,6092
2020-09-11 09:31:57.420,4.65,10900
2020-09-11 09:31:57.420,4.65,3000
2020-09-11 09:31:57.420,4.65,100
2020-09-11 09:31:57.420,4.65,7208
2020-09-11 09:31:57.740,4.651,100
2020-09-11 09:31:57.990,4.651,2100
2020-09-11 09:31:58.040,4.65,3792
2020-09-11 09:31:58.040,4.65,2900
2020-09-11 09:31:58.040,4.65,8400
2020-09-11 09:31:58.040,4.649,2000
2020-09-11 09:31:58.040,4.649,4600
2020-09-11 09:31:58.040,4.649,2000
2020-09-11 09:31:58.040,4.649,20000
2020-09-11 09:31:58.040,4.649,6600
2020-09-11 09:31:58.040,4.649,2700
2020-09-11 09:31:59.380,4.649,280400
2020-09-11 09:31:59.380,4.649,184600
2020-09-11 09:31:59.530,4.649,10000
2020-09-11 09:31:59.560,4.649,72008
2020-09-11 09:31:59.560,4.651,167300
2020-09-11 09:31:59.560,4.651,1000
2020-09-11 09:31:59.560,4.651,40000
2020-09-11 09:31:59.560,4.651,2500
2020-09-11 09:31:59.560,4.651,17192
2020-09-11 09:31:59.790,4.65,2000
2020-09-11 09:31:59.790,4.648,1000
2020-09-11 09:32:00.380,4.65,7700
2020-09-11 09:32:00.900,4.65,26700
2020-09-11 09:32:02.140,4.651,4000
2020-09-11 09:32:02.700,4.651,2300
2020-09-11 09:32:02.730,4.651,66508
2020-09-11 09:32:02.730,4.651,3000
2020-09-11 09:32:02.730,4.651,200000
2020-09-11 09:32:02.730,4.651,500
2020-09-11 09:32:02.730,4.651,4900
2020-09-11 09:32:02.730,4.651,1100
2020-09-11 09:32:02.730,4.651,2200
2020-09-11 09:32:02.730,4.651,2000
2020-09-11 09:32:02.730,4.651,5000
2020-09-11 09:32:03.890,4.652,4000
2020-09-11 09:32:03.890,4.652,26400
2020-09-11 09:32:03.890,4.652,5000
2020-09-11 09:32:03.890,4.652,2926
2020-09-11 09:32:03.890,4.652,2500
2020-09-11 09:32:03.890,4.652,5000
2020-09-11 09:32:03.890,4.652,8300
2020-09-11 09:32:03.890,4.652,100000
2020-09-11 09:32:03.890,4.652,200
2020-09-11 09:32:03.890,4.652,300
2020-09-11 09:32:04.410,4.653,1000
2020-09-11 09:32:04.410,4.653,1500
2020-09-11 09:32:04.500,4.653,200
2020-09-11 09:32:04.640,4.653,1300
2020-09-11 09:32:04.640,4.653,100
2020-09-11 09:32:04.640,4.653,8600
2020-09-11 09:32:04.880,4.653,71500
2020-09-11 09:32:04.880,4.653,47200
2020-09-11 09:32:05.400,4.652,10000
2020-09-11 09:32:05.800,4.652,12200
2020-09-11 09:32:05.980,4.653,10000
2020-09-11 09:32:06.220,4.652,1000
2020-09-11 09:32:07.550,4.653,42800
2020-09-11 09:32:07.550,4.653,100
2020-09-11 09:32:07.550,4.653,1300
2020-09-11 09:32:07.550,4.653,2200
2020-09-11 09:32:07.550,4.653,3600
2020-09-11 09:32:07.580,4.653,20000
2020-09-11 09:32:07.840,4.652,5500
2020-09-11 09:32:08.050,4.653,30000
2020-09-11 09:32:08.050,4.653,30000
2020-09-11 09:32:08.050,4.653,30000
2020-09-11 09:32:08.080,4.652,1200
2020-09-11 09:32:08.100,4.653,25600
2020-09-11 09:32:08.130,4.653,69200
2020-09-11 09:32:08.220,4.652,10000
2020-09-11 09:32:08.500,4.652,3000
2020-09-11 09:32:08.730,4.653,30000
2020-09-11 09:32:08.970,4.653,39000
2020-09-11 09:32:08.970,4.653,200
2020-09-11 09:32:08.970,4.653,800
2020-09-11 09:32:08.970,4.653,9200
2020-09-11 09:32:08.970,4.653,5000
2020-09-11 09:32:08.970,4.653,1000
2020-09-11 09:32:08.970,4.653,700
2020-09-11 09:32:08.970,4.653,2100
2020-09-11 09:32:08.970,4.654,2000
2020-09-11 09:32:10.180,4.654,7400
2020-09-11 09:32:10.180,4.654,20000
2020-09-11 09:32:10.180,4.654,56400
2020-09-11 09:32:10.180,4.654,16400
2020-09-11 09:32:11.040,4.653,2500
2020-09-11 09:32:11.600,4.653,2500
2020-09-11 09:32:11.600,4.653,4100
2020-09-11 09:32:12.900,4.654,30000
2020-09-11 09:32:13.140,4.654,8300
2020-09-11 09:32:13.140,4.654,5000
2020-09-11 09:32:13.140,4.654,30000
2020-09-11 09:32:13.140,4.654,100
2020-09-11 09:32:13.140,4.655,100
2020-09-11 09:32:13.140,4.655,100
2020-09-11 09:32:13.140,4.655,100
2020-09-11 09:32:13.140,4.655,100
2020-09-11 09:32:13.140,4.655,12900
2020-09-11 09:32:13.140,4.655,93400
2020-09-11 09:32:15.970,4.654,300
2020-09-11 09:32:15.970,4.654,700
2020-09-11 09:32:17.980,4.655,61500
2020-09-11 09:32:17.980,4.655,8400
2020-09-11 09:32:18.230,4.654,300
2020-09-11 09:32:19.240,4.655,4900
2020-09-11 09:32:20.170,4.654,3100
2020-09-11 09:32:20.430,4.655,15000
2020-09-11 09:32:20.430,4.654,3000
2020-09-11 09:32:20.880,4.654,1400
2020-09-11 09:32:21.430,4.654,2300
2020-09-11 09:32:21.820,4.654,500
2020-09-11 09:32:22.110,4.654,20800
2020-09-11 09:32:22.170,4.653,15900
2020-09-11 09:32:22.170,4.653,11500
2020-09-11 09:32:22.170,4.653,700
2020-09-11 09:32:22.170,4.653,5000
2020-09-11 09:32:22.170,4.653,100
2020-09-11 09:32:22.170,4.653,900
2020-09-11 09:32:22.740,4.654,1400
2020-09-11 09:32:22.740,4.654,3600
2020-09-11 09:32:22.950,4.653,1000
2020-09-11 09:32:22.950,4.653,30100
2020-09-11 09:32:22.950,4.653,400
2020-09-11 09:32:22.950,4.653,27300
2020-09-11 09:32:23.010,4.652,500
2020-09-11 09:32:23.010,4.652,100
2020-09-11 09:32:23.250,4.653,3000
2020-09-11 09:32:24.290,4.653,10000
2020-09-11 09:32:25.130,4.653,300
2020-09-11 09:32:25.540,4.653,100
2020-09-11 09:32:25.690,4.653,29600
2020-09-11 09:32:25.690,4.655,21700
2020-09-11 09:32:25.690,4.655,2500
2020-09-11 09:32:25.690,4.655,3100
2020-09-11 09:32:25.690,4.655,500
2020-09-11 09:32:25.690,4.655,3100
2020-09-11 09:32:25.690,4.655,100
2020-09-11 09:32:25.690,4.655,4500
2020-09-11 09:32:25.690,4.655,1000
2020-09-11 09:32:25.690,4.655,1500
2020-09-11 09:32:25.690,4.655,100
2020-09-11 09:32:25.690,4.655,1500
2020-09-11 09:32:26.910,4.654,1000
2020-09-11 09:32:26.940,4.654,200
2020-09-11 09:32:27.190,4.654,2800
2020-09-11 09:32:27.190,4.654,7200
2020-09-11 09:32:28.410,4.654,2900
2020-09-11 09:32:28.780,4.655,500
2020-09-11 09:32:28.870,4.653,14300
2020-09-11 09:32:29.270,4.653,1000
2020-09-11 09:32:29.700,4.654,500
2020-09-11 09:32:29.880,4.654,1000
2020-09-11 09:32:30.030,4.654,20000
2020-09-11 09:32:30.030,4.654,3000
2020-09-11 09:32:30.030,4.654,3400
2020-09-11 09:32:33.520,4.653,500
2020-09-11 09:32:33.520,4.653,900
2020-09-11 09:32:33.520,4.653,100
2020-09-11 09:32:33.700,4.654,61200
2020-09-11 09:32:33.800,4.653,900
2020-09-11 09:32:33.950,4.653,1200
2020-09-11 09:32:33.950,4.653,50800
2020-09-11 09:32:33.970,4.654,1100
2020-09-11 09:32:35.440,4.653,3000
2020-09-11 09:32:35.530,4.654,300
2020-09-11 09:32:38.110,4.654,20900
2020-09-11 09:32:38.700,4.653,4500
2020-09-11 09:32:38.880,4.654,1000
2020-09-11 09:32:39.710,4.653,3000
2020-09-11 09:32:39.800,4.653,38700
2020-09-11 09:32:39.800,4.653,200
2020-09-11 09:32:39.800,4.653,4000
2020-09-11 09:32:39.800,4.653,10000
2020-09-11 09:32:39.800,4.653,2000
2020-09-11 09:32:39.800,4.653,1100
2020-09-11 09:32:39.800,4.653,5000
2020-09-11 09:32:40.050,4.653,600
2020-09-11 09:32:41.220,4.653,1000
2020-09-11 09:32:41.490,4.653,2200
2020-09-11 09:32:41.660,4.653,2500
2020-09-11 09:32:41.810,4.653,5000
2020-09-11 09:32:43.670,4.653,500
2020-09-11 09:32:44.380,4.653,500
2020-09-11 09:32:44.450,4.653,100
2020-09-11 09:32:44.650,4.653,20000
2020-09-11 09:32:45.220,4.653,100
2020-09-11 09:32:45.490,4.653,10000
2020-09-11 09:32:45.600,4.653,20000
2020-09-11 09:32:45.960,4.653,4300
2020-09-11 09:32:46.480,4.653,4000
2020-09-11 09:32:46.890,4.653,500
2020-09-11 09:32:46.910,4.653,4900
2020-09-11 09:32:47.020,4.653,21100
2020-09-11 09:32:47.400,4.653,2800
2020-09-11 09:32:47.430,4.653,200
2020-09-11 09:32:47.520,4.653,100
2020-09-11 09:32:48.120,4.653,100
2020-09-11 09:32:48.240,4.653,5000
2020-09-11 09:32:48.500,4.653,10000
2020-09-11 09:32:48.840,4.653,4300
2020-09-11 09:32:49.340,4.653,300
2020-09-11 09:32:49.390,4.652,4900
2020-09-11 09:32:49.390,4.652,100
2020-09-11 09:32:50.650,4.652,3500
2020-09-11 09:32:50.670,4.652,5000
2020-09-11 09:32:50.730,4.653,100
2020-09-11 09:32:50.870,4.653,5000
2020-09-11 09:32:52.070,4.653,13800
2020-09-11 09:32:52.070,4.653,9000
2020-09-11 09:32:52.430,4.652,1400
2020-09-11 09:32:52.430,4.652,1600
2020-09-11 09:32:52.680,4.653,500
2020-09-11 09:32:53.170,4.653,200
2020-09-11 09:32:53.650,4.652,1000
2020-09-11 09:32:53.670,4.652,100
2020-09-11 09:32:53.670,4.652,1600
2020-09-11 09:32:53.670,4.652,1000
2020-09-11 09:32:55.640,4.653,300
2020-09-11 09:32:55.640,4.653,200
2020-09-11 09:32:56.020,4.653,100
2020-09-11 09:32:56.020,4.653,34200
2020-09-11 09:32:56.020,4.653,1900
2020-09-11 09:32:56.020,4.653,5000
2020-09-11 09:32:56.020,4.653,300000
2020-09-11 09:32:56.080,4.653,7300
2020-09-11 09:32:57.260,4.653,600
2020-09-11 09:32:58.920,4.653,10000
2020-09-11 09:32:59.160,4.653,11200
2020-09-11 09:32:59.160,4.653,2200
2020-09-11 09:32:59.160,4.653,300
2020-09-11 09:32:59.160,4.653,1300
2020-09-11 09:32:59.640,4.653,100
2020-09-11 09:33:00.150,4.653,4000
2020-09-11 09:33:00.690,4.653,4600
2020-09-11 09:33:00.690,4.653,400
2020-09-11 09:33:00.890,4.653,4300
2020-09-11 09:33:02.970,4.653,900
2020-09-11 09:33:02.970,4.653,2000
2020-09-11 09:33:02.970,4.653,3100
2020-09-11 09:33:03.060,4.653,1900
2020-09-11 09:33:03.360,4.653,800
2020-09-11 09:33:03.360,4.653,4000
2020-09-11 09:33:03.360,4.653,2600
2020-09-11 09:33:03.360,4.653,35800
2020-09-11 09:33:03.360,4.653,1800
2020-09-11 09:33:03.420,4.653,53100
2020-09-11 09:33:03.420,4.653,1000
2020-09-11 09:33:03.840,4.653,3300
2020-09-11 09:33:04.240,4.652,300
2020-09-11 09:33:05.450,4.653,6700
2020-09-11 09:33:05.450,4.653,5000
2020-09-11 09:33:05.450,4.654,9700
2020-09-11 09:33:05.570,4.652,100
2020-09-11 09:33:05.570,4.652,200
2020-09-11 09:33:05.940,4.653,2500
2020-09-11 09:33:06.130,4.653,7500
2020-09-11 09:33:06.130,4.654,68100
2020-09-11 09:33:06.130,4.654,30000
2020-09-11 09:33:06.130,4.654,59400
2020-09-11 09:33:06.170,4.654,5000
2020-09-11 09:33:06.200,4.654,1000
2020-09-11 09:33:07.110,4.654,10000
2020-09-11 09:33:07.380,4.653,100
2020-09-11 09:33:07.700,4.654,24600
2020-09-11 09:33:07.700,4.654,800
2020-09-11 09:33:07.700,4.654,20000
2020-09-11 09:33:07.700,4.654,104700
2020-09-11 09:33:07.860,4.654,15300
2020-09-11 09:33:07.860,4.654,500
2020-09-11 09:33:07.860,4.655,3900
2020-09-11 09:33:07.860,4.655,100000
2020-09-11 09:33:07.860,4.655,120000
2020-09-11 09:33:07.860,4.655,4000
2020-09-11 09:33:07.860,4.655,56300
2020-09-11 09:33:08.110,4.653,2000
2020-09-11 09:33:08.550,4.653,5700
2020-09-11 09:33:09.650,4.654,5000
2020-09-11 09:33:09.800,4.655,2000
2020-09-11 09:33:10.090,4.654,800
2020-09-11 09:33:10.380,4.654,3100
2020-09-11 09:33:11.650,4.654,11100
2020-09-11 09:33:11.650,4.654,88900
2020-09-11 09:33:11.900,4.655,41700
2020-09-11 09:33:11.900,4.655,5000
2020-09-11 09:33:11.900,4.655,8900
2020-09-11 09:33:11.900,4.655,2000
2020-09-11 09:33:11.900,4.655,2000
2020-09-11 09:33:11.900,4.655,50000
2020-09-11 09:33:11.900,4.655,100
2020-09-11 09:33:11.900,4.655,500
2020-09-11 09:33:11.900,4.655,5000
2020-09-11 09:33:11.900,4.655,900
2020-09-11 09:33:11.900,4.655,100
2020-09-11 09:33:11.900,4.655,1600
2020-09-11 09:33:11.900,4.655,10000
2020-09-11 09:33:11.900,4.655,2000
2020-09-11 09:33:11.900,4.655,9400
2020-09-11 09:33:12.840,4.656,2000
2020-09-11 09:33:12.840,4.656,6200
2020-09-11 09:33:12.840,4.656,1400
2020-09-11 09:33:12.840,4.656,700
2020-09-11 09:33:12.840,4.656,5000
2020-09-11 09:33:12.840,4.656,20000
2020-09-11 09:33:12.840,4.656,2000
2020-09-11 09:33:12.840,4.656,158000
2020-09-11 09:33:13.890,4.656,100
2020-09-11 09:33:13.990,4.656,100000
2020-09-11 09:33:14.750,4.655,1000
2020-09-11 09:33:14.990,4.655,1000
2020-09-11 09:33:16.140,4.657,1000
2020-09-11 09:33:16.490,4.656,2100
2020-09-11 09:33:17.830,4.657,12200
2020-09-11 09:33:17.830,4.657,10000
2020-09-11 09:33:17.830,4.658,200
2020-09-11 09:33:17.830,4.658,5000
2020-09-11 09:33:17.830,4.658,3600
2020-09-11 09:33:17.830,4.658,5000
2020-09-11 09:33:17.830,4.658,3000
2020-09-11 09:33:17.830,4.658,3000
2020-09-11 09:33:17.830,4.658,2500
2020-09-11 09:33:17.830,4.659,1000
2020-09-11 09:33:17.830,4.659,10000
2020-09-11 09:33:17.830,4.659,5000
2020-09-11 09:33:17.830,4.659,700
2020-09-11 09:33:17.830,4.659,300
2020-09-11 09:33:17.830,4.659,2000
2020-09-11 09:33:17.830,4.659,500
2020-09-11 09:33:17.830,4.66,100
2020-09-11 09:33:17.830,4.66,5100
2020-09-11 09:33:17.830,4.66,100
2020-09-11 09:33:17.830,4.66,100
2020-09-11 09:33:17.830,4.66,2500
2020-09-11 09:33:17.830,4.66,40900
2020-09-11 09:33:18.100,4.659,2000
2020-09-11 09:33:19.830,4.657,2000
2020-09-11 09:33:22.160,4.656,4000
2020-09-11 09:33:22.160,4.657,2200
2020-09-11 09:33:22.160,4.657,3800
2020-09-11 09:33:22.200,4.657,800
2020-09-11 09:33:22.200,4.658,200
2020-09-11 09:33:24.180,4.657,500
2020-09-11 09:33:24.180,4.657,200
2020-09-11 09:33:24.180,4.657,1800
2020-09-11 09:33:25.740,4.657,3300
2020-09-11 09:33:25.740,4.657,20000
2020-09-11 09:33:25.800,4.657,600
2020-09-11 09:33:26.270,4.657,21500
2020-09-11 09:33:26.830,4.657,800
2020-09-11 09:33:26.890,4.656,2500
2020-09-11 09:33:27.000,4.657,200
2020-09-11 09:33:27.770,4.656,800
2020-09-11 09:33:27.820,4.657,300
2020-09-11 09:33:28.200,4.657,6000
2020-09-11 09:33:28.700,4.657,10000
2020-09-11 09:33:29.600,4.657,2200
2020-09-11 09:33:29.660,4.657,700
2020-09-11 09:33:29.940,4.657,14200
2020-09-11 09:33:30.730,4.657,1000
2020-09-11 09:33:32.360,4.657,5000
2020-09-11 09:33:32.410,4.657,14200
2020-09-11 09:33:32.410,4.657,1000
2020-09-11 09:33:32.410,4.657,10000
2020-09-11 09:33:34.100,4.657,10500
2020-09-11 09:33:34.310,4.658,800
2020-09-11 09:33:34.310,4.658,9200
2020-09-11 09:33:34.760,4.658,200
2020-09-11 09:33:34.970,4.657,3600
2020-09-11 09:33:35.980,4.657,500
2020-09-11 09:33:37.900,4.657,200
2020-09-11 09:33:39.620,4.658,100
2020-09-11 09:33:40.260,4.658,10500
2020-09-11 09:33:40.260,4.658,1000
2020-09-11 09:33:40.260,4.658,18500
2020-09-11 09:33:40.470,4.658,700
2020-09-11 09:33:40.560,4.658,3000
2020-09-11 09:33:41.140,4.658,10000
2020-09-11 09:33:41.240,4.657,12976
2020-09-11 09:33:41.730,4.657,1000
2020-09-11 09:33:42.430,4.658,2000
2020-09-11 09:33:42.630,4.658,1100
2020-09-11 09:33:42.630,4.657,2000
2020-09-11 09:33:42.630,4.657,100000
2020-09-11 09:33:42.950,4.658,3000
2020-09-11 09:33:44.040,4.658,10000
2020-09-11 09:33:44.190,4.658,200
2020-09-11 09:33:44.720,4.658,21600
2020-09-11 09:33:45.210,4.658,26800
2020-09-11 09:33:45.440,4.657,60624
2020-09-11 09:33:45.440,4.657,10700
2020-09-11 09:33:45.440,4.657,500
2020-09-11 09:33:45.440,4.657,200
2020-09-11 09:33:45.440,4.657,1000
2020-09-11 09:33:45.440,4.657,10000
2020-09-11 09:33:45.440,4.657,300
2020-09-11 09:33:45.440,4.657,1000
2020-09-11 09:33:45.440,4.657,2000
2020-09-11 09:33:45.440,4.657,3000
2020-09-11 09:33:45.440,4.657,200
2020-09-11 09:33:46.590,4.657,2000
2020-09-11 09:33:46.710,4.657,2300
2020-09-11 09:33:47.160,4.657,4000
2020-09-11 09:33:47.360,4.657,2176
2020-09-11 09:33:47.360,4.657,1824
2020-09-11 09:33:47.800,4.657,176
2020-09-11 09:33:47.800,4.657,100000
2020-09-11 09:33:48.100,4.658,3100
2020-09-11 09:33:48.100,4.658,1900
2020-09-11 09:33:48.260,4.658,3100
2020-09-11 09:33:48.260,4.658,5000
2020-09-11 09:33:48.260,4.658,15000
2020-09-11 09:33:48.260,4.658,500
2020-09-11 09:33:48.480,4.658,3000
2020-09-11 09:33:48.630,4.658,1000
2020-09-11 09:33:49.940,4.658,300
2020-09-11 09:33:50.200,4.659,5000
2020-09-11 09:33:50.200,4.659,3600
2020-09-11 09:33:50.200,4.659,1200
2020-09-11 09:33:50.200,4.659,10000
2020-09-11 09:33:50.200,4.659,20000
2020-09-11 09:33:50.200,4.659,5000
2020-09-11 09:33:50.200,4.659,1000
2020-09-11 09:33:50.200,4.659,30000
2020-09-11 09:33:50.200,4.659,5000
2020-09-11 09:33:50.200,4.659,219200
2020-09-11 09:33:50.380,4.658,1500
2020-09-11 09:33:51.060,4.659,20000
2020-09-11 09:33:51.090,4.659,20000
2020-09-11 09:33:52.750,4.659,15300
2020-09-11 09:33:52.750,4.659,125300
2020-09-11 09:33:53.080,4.659,30000
2020-09-11 09:33:53.230,4.658,900
2020-09-11 09:33:53.230,4.658,500
2020-09-11 09:33:53.290,4.658,1000
2020-09-11 09:33:53.410,4.658,100
2020-09-11 09:33:53.870,4.659,30000
2020-09-11 09:33:54.060,4.659,14700
2020-09-11 09:33:54.060,4.659,5000
2020-09-11 09:33:54.060,4.659,1000
2020-09-11 09:33:54.060,4.659,3500
2020-09-11 09:33:54.060,4.659,5800
2020-09-11 09:33:54.060,4.659,4200
2020-09-11 09:33:55.890,4.66,100
2020-09-11 09:33:55.980,4.66,9000
2020-09-11 09:33:55.980,4.66,1000
2020-09-11 09:33:55.980,4.66,200
2020-09-11 09:33:55.980,4.66,5000
2020-09-11 09:33:55.980,4.66,14800
2020-09-11 09:33:56.170,4.659,100
2020-09-11 09:33:57.050,4.66,5200
2020-09-11 09:33:57.050,4.66,1500
2020-09-11 09:33:57.050,4.66,1800
2020-09-11 09:33:57.050,4.66,41500
2020-09-11 09:33:57.050,4.66,8500
2020-09-11 09:33:57.050,4.66,100
2020-09-11 09:33:57.050,4.66,15000
2020-09-11 09:33:57.050,4.66,6400
2020-09-11 09:33:57.050,4.66,10000
2020-09-11 09:33:57.320,4.659,4600
2020-09-11 09:33:57.490,4.659,1000
2020-09-11 09:33:57.560,4.66,3600
2020-09-11 09:33:57.560,4.66,500
2020-09-11 09:33:57.560,4.66,1000
2020-09-11 09:33:57.560,4.66,500
2020-09-11 09:33:57.560,4.66,1000
2020-09-11 09:33:57.560,4.66,400
2020-09-11 09:33:57.560,4.66,5000
2020-09-11 09:33:57.560,4.66,2000
2020-09-11 09:33:57.560,4.66,4900
2020-09-11 09:33:57.560,4.66,1000
2020-09-11 09:33:57.560,4.66,3100
2020-09-11 09:33:58.120,4.66,17400
2020-09-11 09:33:59.180,4.66,3100
2020-09-11 09:33:59.570,4.66,100
2020-09-11 09:33:59.660,4.661,200
2020-09-11 09:34:00.340,4.661,9800
2020-09-11 09:34:00.340,4.662,700
2020-09-11 09:34:00.340,4.662,2000
2020-09-11 09:34:00.340,4.663,2300
2020-09-11 09:34:00.340,4.663,200
2020-09-11 09:34:00.340,4.663,500
2020-09-11 09:34:00.340,4.663,1100
2020-09-11 09:34:00.340,4.663,500
2020-09-11 09:34:00.340,4.663,5000
2020-09-11 09:34:00.340,4.664,900
2020-09-11 09:34:00.760,4.66,256400
2020-09-11 09:34:00.760,4.66,800
2020-09-11 09:34:02.020,4.66,30000
2020-09-11 09:34:02.050,4.66,3500
2020-09-11 09:34:02.320,4.66,3200
2020-09-11 09:34:02.460,4.66,16700
2020-09-11 09:34:02.680,4.659,300
2020-09-11 09:34:02.710,4.66,149900
2020-09-11 09:34:02.920,4.66,500
2020-09-11 09:34:03.480,4.66,10000
2020-09-11 09:34:03.510,4.66,21800
2020-09-11 09:34:04.940,4.66,2000
2020-09-11 09:34:05.030,4.66,500
2020-09-11 09:34:05.550,4.659,700
2020-09-11 09:34:05.550,4.659,300
2020-09-11 09:34:05.550,4.659,9200
2020-09-11 09:34:05.730,4.66,4500
2020-09-11 09:34:06.560,4.66,2000
2020-09-11 09:34:07.390,4.66,400
2020-09-11 09:34:07.500,4.66,5000
2020-09-11 09:34:07.950,4.659,500
2020-09-11 09:34:08.250,4.659,100
2020-09-11 09:34:08.480,4.66,9600
2020-09-11 09:34:08.670,4.66,21500
2020-09-11 09:34:09.150,4.66,200
2020-09-11 09:34:09.210,4.66,2000
2020-09-11 09:34:09.900,4.66,100000
2020-09-11 09:34:10.290,4.659,4500
2020-09-11 09:34:10.540,4.659,2000
2020-09-11 09:34:11.210,4.659,13700
2020-09-11 09:34:11.210,4.659,4000
2020-09-11 09:34:11.290,4.659,500
2020-09-11 09:34:11.390,4.66,2000
2020-09-11 09:34:11.720,4.66,300
2020-09-11 09:34:11.740,4.66,1400
2020-09-11 09:34:11.780,4.659,5500
2020-09-11 09:34:11.780,4.659,100
2020-09-11 09:34:11.780,4.659,100
2020-09-11 09:34:11.780,4.659,14300
2020-09-11 09:34:12.030,4.66,5000
2020-09-11 09:34:12.400,4.66,1000
2020-09-11 09:34:12.550,4.659,200
2020-09-11 09:34:12.670,4.66,10000
2020-09-11 09:34:12.930,4.66,200
2020-09-11 09:34:12.960,4.66,800
2020-09-11 09:34:13.550,4.659,500
2020-09-11 09:34:13.550,4.659,400
2020-09-11 09:34:13.550,4.659,4500
2020-09-11 09:34:13.550,4.659,10000
2020-09-11 09:34:13.550,4.658,3400
2020-09-11 09:34:13.550,4.658,200
2020-09-11 09:34:13.550,4.658,900
2020-09-11 09:34:13.550,4.658,2000
2020-09-11 09:34:13.550,4.658,17900
2020-09-11 09:34:13.550,4.658,28700
2020-09-11 09:34:13.550,4.658,400
2020-09-11 09:34:13.550,4.658,1300
2020-09-11 09:34:13.550,4.658,1200
2020-09-11 09:34:13.550,4.658,2100
2020-09-11 09:34:13.550,4.658,3000
2020-09-11 09:34:13.550,4.658,500
2020-09-11 09:34:13.550,4.658,200
2020-09-11 09:34:13.580,4.658,10000
2020-09-11 09:34:13.610,4.658,21900
2020-09-11 09:34:13.760,4.658,500
2020-09-11 09:34:14.930,4.658,5000
2020-09-11 09:34:15.200,4.658,10000
2020-09-11 09:34:15.220,4.658,2200
2020-09-11 09:34:16.100,4.658,2000
2020-09-11 09:34:16.730,4.658,22900
2020-09-11 09:34:17.100,4.658,29600
2020-09-11 09:34:17.460,4.658,1000
2020-09-11 09:34:18.220,4.658,10000
2020-09-11 09:34:18.830,4.657,3000
2020-09-11 09:34:19.020,4.657,10724
2020-09-11 09:34:19.020,4.657,1100
2020-09-11 09:34:19.020,4.657,50000
2020-09-11 09:34:19.020,4.657,10000
2020-09-11 09:34:19.020,4.657,2200
2020-09-11 09:34:19.020,4.657,500
2020-09-11 09:34:19.020,4.657,500
2020-09-11 09:34:19.020,4.656,46700
2020-09-11 09:34:19.020,4.656,5000
2020-09-11 09:34:19.020,4.656,1000
2020-09-11 09:34:19.020,4.656,1000
2020-09-11 09:34:19.020,4.656,2000
2020-09-11 09:34:19.290,4.656,100
2020-09-11 09:34:19.790,4.656,2000
2020-09-11 09:34:20.280,4.656,300
2020-09-11 09:34:21.520,4.656,22000
2020-09-11 09:34:21.900,4.656,100
2020-09-11 09:34:22.500,4.656,2000
2020-09-11 09:34:22.990,4.656,100
2020-09-11 09:34:23.320,4.655,300
2020-09-11 09:34:23.560,4.656,50000
2020-09-11 09:34:23.560,4.656,30000
2020-09-11 09:34:23.620,4.656,20000
2020-09-11 09:34:23.620,4.656,30000
2020-09-11 09:34:23.800,4.656,500
2020-09-11 09:34:24.260,4.656,2000
2020-09-11 09:34:24.410,4.656,5000
2020-09-11 09:34:24.490,4.656,5176
2020-09-11 09:34:24.490,4.656,24
2020-09-11 09:34:24.950,4.656,19876
2020-09-11 09:34:25.010,4.657,100
2020-09-11 09:34:25.720,4.657,200
2020-09-11 09:34:26.050,4.657,2700
2020-09-11 09:34:26.050,4.657,7300
2020-09-11 09:34:26.210,4.657,500
2020-09-11 09:34:26.910,4.656,7000
2020-09-11 09:34:26.910,4.657,2000
2020-09-11 09:34:27.600,4.657,200
2020-09-11 09:34:28.090,4.658,5000
2020-09-11 09:34:28.620,4.657,2300
2020-09-11 09:34:28.620,4.656,2700
2020-09-11 09:34:29.950,4.656,3000
2020-09-11 09:34:30.160,4.656,300000
2020-09-11 09:34:30.920,4.657,100
2020-09-11 09:34:30.940,4.657,800
2020-09-11 09:34:31.010,4.657,10000
2020-09-11 09:34:31.010,4.657,10000
2020-09-11 09:34:31.190,4.657,100
2020-09-11 09:34:31.840,4.657,8000
2020-09-11 09:34:34.160,4.656,30000
2020-09-11 09:34:34.180,4.656,500
2020-09-11 09:34:34.180,4.656,49500
2020-09-11 09:34:34.490,4.657,4800
2020-09-11 09:34:34.490,4.658,17400
2020-09-11 09:34:34.490,4.658,2300
2020-09-11 09:34:34.640,4.656,57800
2020-09-11 09:34:34.640,4.656,10000
2020-09-11 09:34:34.640,4.656,7900
2020-09-11 09:34:34.640,4.656,1000
2020-09-11 09:34:34.640,4.656,600000
2020-09-11 09:34:34.640,4.656,2000
2020-09-11 09:34:34.640,4.656,8700
2020-09-11 09:34:34.640,4.656,11500
2020-09-11 09:34:34.640,4.656,6600
2020-09-11 09:34:34.730,4.656,500
2020-09-11 09:34:34.730,4.656,300
2020-09-11 09:34:34.730,4.656,5000
2020-09-11 09:34:34.850,4.656,288700
2020-09-11 09:34:35.690,4.656,5400
2020-09-11 09:34:35.780,4.658,500
2020-09-11 09:34:35.840,4.658,82500
2020-09-11 09:34:35.840,4.658,500
2020-09-11 09:34:35.840,4.658,5000
2020-09-11 09:34:35.840,4.658,2000
2020-09-11 09:34:35.840,4.658,13800
2020-09-11 09:34:35.840,4.658,3000
2020-09-11 09:34:35.950,4.658,23200
2020-09-11 09:34:36.900,4.656,6100
2020-09-11 09:34:37.100,4.656,500
2020-09-11 09:34:37.130,4.656,200
2020-09-11 09:34:37.130,4.656,100
2020-09-11 09:34:37.460,4.656,1100
2020-09-11 09:34:38.190,4.656,18800
2020-09-11 09:34:38.190,4.656,2200
2020-09-11 09:34:38.450,4.657,3000
2020-09-11 09:34:38.690,4.656,2000
2020-09-11 09:34:39.010,4.657,2000
2020-09-11 09:34:39.070,4.658,300
2020-09-11 09:34:39.840,4.657,400
2020-09-11 09:34:39.840,4.658,4500
2020-09-11 09:34:39.840,4.658,100
2020-09-11 09:34:40.010,4.658,5400
2020-09-11 09:34:41.600,4.656,1000
2020-09-11 09:34:41.660,4.658,28500
2020-09-11 09:34:41.660,4.658,6000
2020-09-11 09:34:41.660,4.659,44400
2020-09-11 09:34:42.600,4.659,2000
2020-09-11 09:34:44.860,4.659,100
2020-09-11 09:34:46.190,4.658,8900
2020-09-11 09:34:46.190,4.658,200
2020-09-11 09:34:46.190,4.658,1000
2020-09-11 09:34:46.190,4.658,12400
2020-09-11 09:34:47.760,4.658,300
2020-09-11 09:34:48.090,4.658,1600
2020-09-11 09:34:48.090,4.658,600
2020-09-11 09:34:49.550,4.658,400
2020-09-11 09:34:49.550,4.658,5000
2020-09-11 09:34:49.550,4.658,100
2020-09-11 09:34:49.550,4.658,100
2020-09-11 09:34:49.550,4.658,4400
2020-09-11 09:34:50.130,4.659,1300
2020-09-11 09:34:50.870,4.658,1300
2020-09-11 09:34:51.510,4.658,3000
2020-09-11 09:34:51.660,4.658,1300
2020-09-11 09:34:51.660,4.658,500
2020-09-11 09:34:51.660,4.658,4700
2020-09-11 09:34:51.660,4.658,7800
2020-09-11 09:34:51.660,4.658,3000
2020-09-11 09:34:51.860,4.658,5000
2020-09-11 09:34:52.320,4.658,4000
2020-09-11 09:34:52.470,4.658,100
2020-09-11 09:34:52.610,4.658,2000
2020-09-11 09:34:53.080,4.658,11600
2020-09-11 09:34:53.080,4.658,2000
2020-09-11 09:34:53.080,4.658,500
2020-09-11 09:34:53.080,4.658,1200
2020-09-11 09:34:53.080,4.659,2200
2020-09-11 09:34:53.080,4.659,4800
2020-09-11 09:34:54.510,4.659,4000
2020-09-11 09:34:56.020,4.659,1000
2020-09-11 09:34:56.730,4.656,2000
2020-09-11 09:34:56.730,4.656,3000
2020-09-11 09:34:56.940,4.659,200
2020-09-11 09:34:56.940,4.659,3900
2020-09-11 09:34:56.940,4.659,800
2020-09-11 09:34:57.740,4.658,3800
2020-09-11 09:34:58.480,4.658,400
2020-09-11 09:34:58.710,4.658,100
2020-09-11 09:34:59.160,4.658,1000
2020-09-11 09:34:59.700,4.658,100
2020-09-11 09:34:59.840,4.658,100
2020-09-11 09:34:59.950,4.658,2100
2020-09-11 09:34:59.950,4.658,2000
2020-09-11 09:34:59.950,4.658,1000
2020-09-11 09:34:59.950,4.659,800
2020-09-11 09:34:59.950,4.659,3600
2020-09-11 09:34:59.950,4.659,1000
2020-09-11 09:34:59.950,4.659,300
2020-09-11 09:34:59.950,4.659,4300
2020-09-11 09:34:59.950,4.659,1000
2020-09-11 09:34:59.950,4.659,1000
2020-09-11 09:34:59.950,4.659,1000
2020-09-11 09:35:01.400,4.659,3500
2020-09-11 09:35:02.860,4.659,800
2020-09-11 09:35:03.020,4.658,100
2020-09-11 09:35:03.020,4.658,900
2020-09-11 09:35:03.230,4.658,5000
2020-09-11 09:35:03.260,4.659,200
2020-09-11 09:35:03.260,4.659,500
2020-09-11 09:35:03.290,4.659,13500
2020-09-11 09:35:03.290,4.659,900
2020-09-11 09:35:03.290,4.659,100
2020-09-11 09:35:04.600,4.659,100
2020-09-11 09:35:05.100,4.659,200
2020-09-11 09:35:05.610,4.659,8600
2020-09-11 09:35:05.610,4.659,1000
2020-09-11 09:35:05.610,4.659,400
2020-09-11 09:35:06.010,4.659,300
2020-09-11 09:35:08.120,4.659,62300
2020-09-11 09:35:08.700,4.659,7400
2020-09-11 09:35:08.700,4.659,5000
2020-09-11 09:35:08.700,4.659,2200
2020-09-11 09:35:08.700,4.659,2000
2020-09-11 09:35:08.700,4.66,13400
2020-09-11 09:35:08.850,4.66,13600
2020-09-11 09:35:09.760,4.659,700
2020-09-11 09:35:09.760,4.66,10800
2020-09-11 09:35:10.140,4.66,100
2020-09-11 09:35:10.840,4.659,1000
2020-09-11 09:35:11.910,4.659,100
2020-09-11 09:35:12.020,4.659,3900
2020-09-11 09:35:12.640,4.66,5000
2020-09-11 09:35:12.660,4.66,1500
2020-09-11 09:35:15.110,4.659,1300
2020-09-11 09:35:16.600,4.659,4800
2020-09-11 09:35:16.600,4.659,5200
2020-09-11 09:35:17.260,4.66,5000
2020-09-11 09:35:17.500,4.66,100
2020-09-11 09:35:17.700,4.66,18200
2020-09-11 09:35:18.460,4.659,100
2020-09-11 09:35:19.750,4.66,20000
2020-09-11 09:35:19.750,4.659,100
2020-09-11 09:35:20.560,4.66,15000
2020-09-11 09:35:20.590,4.659,5000
2020-09-11 09:35:20.620,4.659,2700
2020-09-11 09:35:22.230,4.66,100
2020-09-11 09:35:22.290,4.659,6900
2020-09-11 09:35:22.290,4.659,100
2020-09-11 09:35:22.290,4.659,100
2020-09-11 09:35:22.290,4.659,1900
2020-09-11 09:35:22.290,4.659,500
2020-09-11 09:35:22.290,4.659,500
2020-09-11 09:35:25.070,4.66,22700
2020-09-11 09:35:26.650,4.66,7400
2020-09-11 09:35:26.840,4.659,500
2020-09-11 09:35:27.680,4.659,4000
2020-09-11 09:35:27.680,4.659,4800
2020-09-11 09:35:27.680,4.659,300
2020-09-11 09:35:27.680,4.659,900
2020-09-11 09:35:28.170,4.66,4800
2020-09-11 09:35:28.370,4.659,20200
2020-09-11 09:35:28.370,4.659,3000
2020-09-11 09:35:28.370,4.659,500
2020-09-11 09:35:29.640,4.659,100
2020-09-11 09:35:30.110,4.659,200
2020-09-11 09:35:32.120,4.659,22800
2020-09-11 09:35:32.610,4.659,10000
2020-09-11 09:35:33.190,4.659,43200
2020-09-11 09:35:33.190,4.659,400
2020-09-11 09:35:33.190,4.659,1400
2020-09-11 09:35:33.190,4.659,4000
2020-09-11 09:35:33.190,4.659,100
2020-09-11 09:35:33.430,4.66,34000
2020-09-11 09:35:33.900,4.659,67900
2020-09-11 09:35:34.240,4.659,2700
2020-09-11 09:35:34.420,4.658,4100
2020-09-11 09:35:34.420,4.658,1000
2020-09-11 09:35:34.420,4.658,600
2020-09-11 09:35:34.420,4.658,1000
2020-09-11 09:35:34.420,4.658,100
2020-09-11 09:35:34.420,4.658,1000
2020-09-11 09:35:34.420,4.658,500
2020-09-11 09:35:34.420,4.658,1000
2020-09-11 09:35:34.420,4.658,200
2020-09-11 09:35:34.420,4.658,6000
2020-09-11 09:35:36.420,4.658,1200
2020-09-11 09:35:37.960,4.658,300
2020-09-11 09:35:38.080,4.657,500
2020-09-11 09:35:38.080,4.656,3000
2020-09-11 09:35:38.080,4.656,600
2020-09-11 09:35:38.080,4.656,2000
2020-09-11 09:35:38.080,4.656,100
2020-09-11 09:35:38.080,4.656,300
2020-09-11 09:35:38.080,4.656,100
2020-09-11 09:35:38.080,4.656,1000
2020-09-11 09:35:38.080,4.656,200
2020-09-11 09:35:38.080,4.656,800
2020-09-11 09:35:38.080,4.656,1000
2020-09-11 09:35:38.080,4.656,2400
2020-09-11 09:35:39.760,4.658,4000
2020-09-11 09:35:39.790,4.656,5000
2020-09-11 09:35:39.790,4.656,500
2020-09-11 09:35:39.790,4.656,5000
2020-09-11 09:35:39.790,4.656,100
2020-09-11 09:35:39.790,4.656,500
2020-09-11 09:35:39.790,4.656,2000
2020-09-11 09:35:39.790,4.656,2000
2020-09-11 09:35:39.790,4.656,100
2020-09-11 09:35:39.790,4.656,6500
2020-09-11 09:35:39.790,4.656,3000
2020-09-11 09:35:39.990,4.658,22900
2020-09-11 09:35:40.340,4.656,7000
2020-09-11 09:35:40.340,4.656,200
2020-09-11 09:35:40.340,4.656,6500
2020-09-11 09:35:40.340,4.655,9700
2020-09-11 09:35:40.340,4.655,200
2020-09-11 09:35:40.340,4.655,5000
2020-09-11 09:35:40.340,4.655,200
2020-09-11 09:35:40.340,4.655,17900
2020-09-11 09:35:40.340,4.655,1000
2020-09-11 09:35:40.340,4.655,1000
2020-09-11 09:35:40.340,4.655,5000
2020-09-11 09:35:40.340,4.655,2200
2020-09-11 09:35:40.340,4.655,17600
2020-09-11 09:35:40.340,4.655,3000
2020-09-11 09:35:40.340,4.655,1000
2020-09-11 09:35:40.920,4.657,300
2020-09-11 09:35:40.920,4.658,700
2020-09-11 09:35:41.460,4.658,700
2020-09-11 09:35:42.070,4.657,1700
2020-09-11 09:35:42.130,4.658,500
2020-09-11 09:35:42.360,4.658,5000
2020-09-11 09:35:43.060,4.658,20000
2020-09-11 09:35:43.890,4.658,2000
2020-09-11 09:35:44.210,4.658,10000
2020-09-11 09:35:44.640,4.658,100000
2020-09-11 09:35:45.430,4.657,2000
2020-09-11 09:35:45.840,4.658,400
2020-09-11 09:35:47.090,4.658,400
2020-09-11 09:35:47.090,4.658,6400
2020-09-11 09:35:47.090,4.658,16300
2020-09-11 09:35:47.290,4.657,200
2020-09-11 09:35:47.310,4.658,2800
2020-09-11 09:35:47.310,4.66,7200
2020-09-11 09:35:47.970,4.658,3000
2020-09-11 09:35:48.210,4.657,400
2020-09-11 09:35:48.260,4.658,1600
2020-09-11 09:35:50.420,4.658,100
2020-09-11 09:35:50.710,4.658,100
2020-09-11 09:35:50.820,4.658,2200
2020-09-11 09:35:51.560,4.658,30000
2020-09-11 09:35:51.590,4.658,10000
2020-09-11 09:35:52.040,4.658,30000
2020-09-11 09:35:52.300,4.657,3000
2020-09-11 09:35:52.640,4.658,100
2020-09-11 09:35:53.040,4.658,200
2020-09-11 09:35:53.160,4.658,100
2020-09-11 09:35:53.360,4.658,22600
2020-09-11 09:35:53.480,4.658,300
2020-09-11 09:35:55.090,4.659,300
2020-09-11 09:35:55.090,4.659,2000
2020-09-11 09:35:55.090,4.659,900
2020-09-11 09:35:55.150,4.659,500
2020-09-11 09:35:55.180,4.659,5000
2020-09-11 09:35:56.360,4.659,1300
2020-09-11 09:35:56.360,4.658,3700
2020-09-11 09:35:57.150,4.658,10000
2020-09-11 09:35:57.330,4.658,9500
2020-09-11 09:35:57.330,4.658,500
2020-09-11 09:35:59.220,4.658,100
2020-09-11 09:35:59.420,4.658,400
2020-09-11 09:35:59.420,4.658,2200
2020-09-11 09:36:01.570,4.659,100
2020-09-11 09:36:02.600,4.659,900
2020-09-11 09:36:02.600,4.66,4100
2020-09-11 09:36:03.350,4.66,4000
2020-09-11 09:36:05.630,4.659,1000
2020-09-11 09:36:06.420,4.659,1000
2020-09-11 09:36:07.170,4.66,10000
2020-09-11 09:36:11.730,4.66,2000
2020-09-11 09:36:12.210,4.66,5500
2020-09-11 09:36:12.680,4.659,300
2020-09-11 09:36:13.980,4.659,500
2020-09-11 09:36:14.100,4.659,500
2020-09-11 09:36:15.460,4.66,10000
2020-09-11 09:36:17.300,4.66,10000
2020-09-11 09:36:17.670,4.66,700
2020-09-11 09:36:17.960,4.659,900
2020-09-11 09:36:18.190,4.659,1700
2020-09-11 09:36:18.190,4.66,10000
2020-09-11 09:36:19.400,4.659,100
2020-09-11 09:36:19.490,4.66,200
2020-09-11 09:36:19.690,4.66,100
2020-09-11 09:36:19.690,4.66,23300
2020-09-11 09:36:19.720,4.659,100
2020-09-11 09:36:19.870,4.66,1100
2020-09-11 09:36:19.870,4.66,1400
2020-09-11 09:36:19.960,4.659,900
2020-09-11 09:36:19.960,4.659,200
2020-09-11 09:36:19.960,4.659,3200
2020-09-11 09:36:21.750,4.66,200
2020-09-11 09:36:22.670,4.659,1800
2020-09-11 09:36:22.670,4.659,2000
2020-09-11 09:36:22.670,4.659,4800
2020-09-11 09:36:22.670,4.659,1400
2020-09-11 09:36:23.400,4.66,100
2020-09-11 09:36:23.420,4.659,700
2020-09-11 09:36:23.420,4.659,300
2020-09-11 09:36:23.510,4.659,18900
2020-09-11 09:36:23.510,4.66,41100
2020-09-11 09:36:24.880,4.66,1500
2020-09-11 09:36:25.110,4.659,2000
2020-09-11 09:36:25.110,4.66,2000
2020-09-11 09:36:25.200,4.66,100
2020-09-11 09:36:25.300,4.659,500
2020-09-11 09:36:25.300,4.66,7500
2020-09-11 09:36:25.480,4.66,100
2020-09-11 09:36:25.740,4.66,2000
2020-09-11 09:36:26.420,4.66,500
2020-09-11 09:36:27.040,4.66,10000
2020-09-11 09:36:27.160,4.66,4900
2020-09-11 09:36:27.570,4.659,200
2020-09-11 09:36:28.120,4.66,2000
2020-09-11 09:36:29.180,4.66,100
2020-09-11 09:36:29.510,4.659,200
2020-09-11 09:36:29.720,4.66,5400
2020-09-11 09:36:29.720,4.66,1000
2020-09-11 09:36:29.720,4.66,5000
2020-09-11 09:36:29.720,4.66,100
2020-09-11 09:36:29.720,4.66,8500
2020-09-11 09:36:31.210,4.659,4600
2020-09-11 09:36:31.210,4.659,1800
2020-09-11 09:36:31.210,4.659,3600
2020-09-11 09:36:31.360,4.66,300
2020-09-11 09:36:31.810,4.66,1200
2020-09-11 09:36:31.810,4.66,1300
2020-09-11 09:36:32.220,4.659,4300
2020-09-11 09:36:32.220,4.659,2000
2020-09-11 09:36:32.750,4.659,2000
2020-09-11 09:36:32.900,4.659,5000
2020-09-11 09:36:33.740,4.658,5000
2020-09-11 09:36:34.090,4.659,1700
2020-09-11 09:36:34.090,4.659,2500
2020-09-11 09:36:35.330,4.659,102700
2020-09-11 09:36:35.330,4.659,4400
2020-09-11 09:36:35.330,4.659,22400
2020-09-11 09:36:35.740,4.659,100
2020-09-11 09:36:36.110,4.658,2800
2020-09-11 09:36:36.110,4.658,100
2020-09-11 09:36:36.110,4.658,800
2020-09-11 09:36:36.110,4.658,100
2020-09-11 09:36:36.110,4.658,2000
2020-09-11 09:36:36.110,4.658,20000
2020-09-11 09:36:36.110,4.658,200
2020-09-11 09:36:36.110,4.658,400
2020-09-11 09:36:36.110,4.658,4500
2020-09-11 09:36:36.110,4.658,500
2020-09-11 09:36:36.110,4.658,500
2020-09-11 09:36:36.110,4.658,2100
2020-09-11 09:36:36.110,4.658,200
2020-09-11 09:36:36.530,4.658,20000
2020-09-11 09:36:36.950,4.658,100
2020-09-11 09:36:39.290,4.658,5000
2020-09-11 09:36:40.140,4.658,107200
2020-09-11 09:36:40.680,4.658,200
2020-09-11 09:36:40.770,4.657,3200
2020-09-11 09:36:40.770,4.657,16500
2020-09-11 09:36:40.770,4.657,500
2020-09-11 09:36:40.770,4.657,1000
2020-09-11 09:36:41.560,4.657,200
2020-09-11 09:36:41.740,4.657,1100
2020-09-11 09:36:43.810,4.657,300
2020-09-11 09:36:43.940,4.657,11700
2020-09-11 09:36:44.990,4.657,1500
2020-09-11 09:36:44.990,4.657,500
2020-09-11 09:36:44.990,4.658,5000
2020-09-11 09:36:44.990,4.658,3000
2020-09-11 09:36:46.180,4.658,10000
2020-09-11 09:36:46.540,4.658,900
2020-09-11 09:36:46.900,4.658,100
2020-09-11 09:36:47.290,4.657,100
2020-09-11 09:36:47.710,4.657,3000
2020-09-11 09:36:50.620,4.657,100
2020-09-11 09:36:51.030,4.657,1500
2020-09-11 09:36:51.030,4.657,600
2020-09-11 09:36:51.480,4.657,8800
2020-09-11 09:36:51.680,4.657,5000
2020-09-11 09:36:53.090,4.657,1100
2020-09-11 09:36:53.960,4.657,1100
2020-09-11 09:36:55.220,4.658,1000
2020-09-11 09:36:55.650,4.657,7800
2020-09-11 09:36:55.650,4.657,2200
2020-09-11 09:36:55.860,4.658,2000
2020-09-11 09:36:55.860,4.658,3000
2020-09-11 09:36:56.360,4.657,1400
2020-09-11 09:36:56.740,4.658,500
2020-09-11 09:36:58.390,4.658,1000
2020-09-11 09:36:58.680,4.658,2100
2020-09-11 09:36:59.700,4.657,100
2020-09-11 09:37:00.080,4.658,600
2020-09-11 09:37:01.090,4.657,10000
2020-09-11 09:37:01.330,4.658,29400
2020-09-11 09:37:01.770,4.658,11300
2020-09-11 09:37:02.030,4.657,4800
2020-09-11 09:37:02.520,4.657,155700
2020-09-11 09:37:04.870,4.657,100
2020-09-11 09:37:05.340,4.658,1000
2020-09-11 09:37:05.460,4.658,500
2020-09-11 09:37:06.340,4.658,100
2020-09-11 09:37:06.440,4.657,100
2020-09-11 09:37:07.020,4.658,200
2020-09-11 09:37:07.020,4.658,100
2020-09-11 09:37:07.780,4.658,100
2020-09-11 09:37:07.780,4.657,25600
2020-09-11 09:37:07.780,4.657,2000
2020-09-11 09:37:07.780,4.657,2000
2020-09-11 09:37:07.780,4.657,2700
2020-09-11 09:37:07.780,4.657,900
2020-09-11 09:37:07.780,4.657,2300
2020-09-11 09:37:08.180,4.658,100
2020-09-11 09:37:08.180,4.658,500
2020-09-11 09:37:08.180,4.658,1100
2020-09-11 09:37:08.180,4.658,2000
2020-09-11 09:37:08.180,4.658,2800
2020-09-11 09:37:08.180,4.658,3500
2020-09-11 09:37:08.960,4.657,1700
2020-09-11 09:37:08.960,4.657,100
2020-09-11 09:37:08.960,4.657,3300
2020-09-11 09:37:08.960,4.657,1000
2020-09-11 09:37:08.960,4.657,1000
2020-09-11 09:37:08.960,4.657,500
2020-09-11 09:37:08.960,4.657,1200
2020-09-11 09:37:10.370,4.657,39200
2020-09-11 09:37:10.400,4.657,1000
2020-09-11 09:37:11.220,4.657,3000
2020-09-11 09:37:11.500,4.657,2000
2020-09-11 09:37:11.620,4.656,2000
2020-09-11 09:37:11.620,4.656,5500
2020-09-11 09:37:11.620,4.656,200
2020-09-11 09:37:11.620,4.656,2300
2020-09-11 09:37:11.680,4.657,400
2020-09-11 09:37:12.000,4.657,2000
2020-09-11 09:37:12.460,4.657,200
2020-09-11 09:37:12.940,4.657,700
2020-09-11 09:37:13.090,4.657,4000
2020-09-11 09:37:15.050,4.656,200
2020-09-11 09:37:15.620,4.657,100
2020-09-11 09:37:15.740,4.657,21000
2020-09-11 09:37:16.250,4.657,100
2020-09-11 09:37:16.480,4.656,7500
2020-09-11 09:37:16.480,4.656,3500
2020-09-11 09:37:16.740,4.656,10000
2020-09-11 09:37:18.070,4.656,1000
2020-09-11 09:37:18.340,4.657,1000
2020-09-11 09:37:19.070,4.656,36500
2020-09-11 09:37:19.070,4.656,500
2020-09-11 09:37:19.070,4.656,32000
2020-09-11 09:37:19.070,4.656,2100
2020-09-11 09:37:19.070,4.656,15600
2020-09-11 09:37:19.630,4.657,10000
2020-09-11 09:37:19.630,4.657,20000
2020-09-11 09:37:19.910,4.656,500
2020-09-11 09:37:19.910,4.657,186500
2020-09-11 09:37:19.910,4.657,4000
2020-09-11 09:37:19.910,4.657,9300
2020-09-11 09:37:19.910,4.657,3000
2020-09-11 09:37:19.910,4.657,1000
2020-09-11 09:37:19.910,4.657,2000
2020-09-11 09:37:19.910,4.657,4000
2020-09-11 09:37:19.910,4.657,2600
2020-09-11 09:37:19.910,4.657,100
2020-09-11 09:37:19.910,4.657,3000
2020-09-11 09:37:19.910,4.657,3000
2020-09-11 09:37:19.910,4.657,9200
2020-09-11 09:37:19.910,4.657,300
2020-09-11 09:37:19.910,4.657,24200
2020-09-11 09:37:19.940,4.657,5400
2020-09-11 09:37:20.680,4.657,32400
2020-09-11 09:37:21.150,4.656,6800
2020-09-11 09:37:21.390,4.657,600
2020-09-11 09:37:24.590,4.656,900
2020-09-11 09:37:24.590,4.656,1000
2020-09-11 09:37:24.590,4.657,1100
2020-09-11 09:37:27.040,4.656,600
2020-09-11 09:37:27.240,4.656,400
2020-09-11 09:37:27.240,4.657,8300
2020-09-11 09:37:27.240,4.657,2300
2020-09-11 09:37:27.240,4.657,2200
2020-09-11 09:37:27.240,4.657,400
2020-09-11 09:37:27.240,4.657,900
2020-09-11 09:37:27.730,4.657,15500
2020-09-11 09:37:27.930,4.657,2200
2020-09-11 09:37:29.120,4.657,100
2020-09-11 09:37:30.260,4.655,10000
2020-09-11 09:37:30.260,4.655,400
2020-09-11 09:37:30.260,4.655,2000
2020-09-11 09:37:30.260,4.655,7600
2020-09-11 09:37:30.810,4.655,500
2020-09-11 09:37:31.940,4.655,57100
2020-09-11 09:37:31.940,4.655,60000
2020-09-11 09:37:31.940,4.655,600
2020-09-11 09:37:31.940,4.655,10000
2020-09-11 09:37:31.940,4.655,200
2020-09-11 09:37:31.940,4.655,1000
2020-09-11 09:37:32.930,4.655,1200
2020-09-11 09:37:33.230,4.655,100
2020-09-11 09:37:34.010,4.655,2000
2020-09-11 09:37:35.610,4.654,500
2020-09-11 09:37:35.610,4.654,20000
2020-09-11 09:37:35.610,4.654,500
2020-09-11 09:37:35.610,4.654,100
2020-09-11 09:37:35.610,4.654,4000
2020-09-11 09:37:35.610,4.654,6100
2020-09-11 09:37:35.610,4.654,80000
2020-09-11 09:37:35.610,4.654,100
2020-09-11 09:37:35.610,4.654,400
2020-09-11 09:37:35.610,4.654,60000
2020-09-11 09:37:35.750,4.653,300
2020-09-11 09:37:35.750,4.653,2600
2020-09-11 09:37:35.750,4.653,10000
2020-09-11 09:37:35.750,4.653,200
2020-09-11 09:37:35.750,4.653,6000
2020-09-11 09:37:35.750,4.653,1000
2020-09-11 09:37:35.750,4.653,5000
2020-09-11 09:37:35.750,4.653,2000
2020-09-11 09:37:35.750,4.653,1000
2020-09-11 09:37:35.750,4.653,200
2020-09-11 09:37:35.750,4.653,200
2020-09-11 09:37:35.750,4.653,1500
2020-09-11 09:37:37.240,4.654,2000
2020-09-11 09:37:37.330,4.654,126300
2020-09-11 09:37:37.330,4.654,5800
2020-09-11 09:37:37.700,4.653,3500
2020-09-11 09:37:37.700,4.653,10000
2020-09-11 09:37:37.700,4.653,10000
2020-09-11 09:37:38.360,4.653,10000
2020-09-11 09:37:38.420,4.653,2300
2020-09-11 09:37:38.650,4.653,1900
2020-09-11 09:37:38.870,4.653,5000
2020-09-11 09:37:40.110,4.653,2200
2020-09-11 09:37:40.720,4.654,10000
2020-09-11 09:37:41.890,4.652,200
2020-09-11 09:37:41.890,4.652,2400
2020-09-11 09:37:42.000,4.654,500
2020-09-11 09:37:42.140,4.654,53300
2020-09-11 09:37:43.840,4.653,100
2020-09-11 09:37:45.090,4.653,100
2020-09-11 09:37:45.960,4.653,200
2020-09-11 09:37:46.010,4.652,10000
2020-09-11 09:37:46.120,4.653,500
2020-09-11 09:37:46.390,4.652,1700
2020-09-11 09:37:46.960,4.653,19100
2020-09-11 09:37:46.960,4.654,5900
2020-09-11 09:37:47.350,4.654,100
2020-09-11 09:37:47.720,4.652,30000
2020-09-11 09:37:48.490,4.654,9600
2020-09-11 09:37:48.580,4.653,30000
2020-09-11 09:37:48.900,4.653,22300
2020-09-11 09:37:49.190,4.653,3000
2020-09-11 09:37:50.390,4.653,100
2020-09-11 09:37:50.390,4.654,1900
2020-09-11 09:37:50.750,4.653,100
2020-09-11 09:37:50.800,4.653,5000
2020-09-11 09:37:51.300,4.652,55900
2020-09-11 09:37:51.300,4.652,2000
2020-09-11 09:37:51.300,4.652,5000
2020-09-11 09:37:51.300,4.652,200
2020-09-11 09:37:51.300,4.652,500
2020-09-11 09:37:51.300,4.652,4000
2020-09-11 09:37:51.300,4.652,2000
2020-09-11 09:37:51.300,4.652,1000
2020-09-11 09:37:51.620,4.651,100
2020-09-11 09:37:51.620,4.651,4000
2020-09-11 09:37:51.620,4.651,200
2020-09-11 09:37:51.620,4.651,3000
2020-09-11 09:37:51.620,4.651,1000
2020-09-11 09:37:51.620,4.651,7800
2020-09-11 09:37:51.620,4.651,100
2020-09-11 09:37:51.620,4.651,1100
2020-09-11 09:37:51.620,4.651,30000
2020-09-11 09:37:51.620,4.651,1400
2020-09-11 09:37:51.620,4.65,1100
2020-09-11 09:37:51.620,4.65,800
2020-09-11 09:37:51.620,4.65,700
2020-09-11 09:37:51.620,4.65,14600
2020-09-11 09:37:51.620,4.65,4100
2020-09-11 09:37:51.810,4.65,900
2020-09-11 09:37:51.810,4.65,600
2020-09-11 09:37:51.810,4.65,1000
2020-09-11 09:37:51.810,4.65,12500
2020-09-11 09:37:52.190,4.652,1000
2020-09-11 09:37:52.790,4.652,500
2020-09-11 09:37:53.420,4.652,1000
2020-09-11 09:37:54.000,4.652,200
2020-09-11 09:37:54.910,4.652,200
2020-09-11 09:37:54.930,4.652,500
2020-09-11 09:37:56.780,4.652,1000
2020-09-11 09:37:57.220,4.65,9200
2020-09-11 09:37:57.220,4.65,2200
2020-09-11 09:37:57.220,4.65,100
2020-09-11 09:37:57.220,4.65,15000
2020-09-11 09:37:57.220,4.65,1000
2020-09-11 09:37:57.220,4.65,15000
2020-09-11 09:37:57.220,4.65,10000
2020-09-11 09:37:57.220,4.65,200
2020-09-11 09:37:57.220,4.65,1700
2020-09-11 09:37:57.220,4.65,1400
2020-09-11 09:37:57.220,4.65,200
2020-09-11 09:37:57.220,4.65,1500
2020-09-11 09:37:57.220,4.65,5000
2020-09-11 09:37:57.220,4.65,200
2020-09-11 09:37:57.220,4.65,200
2020-09-11 09:37:57.220,4.65,100
2020-09-11 09:37:57.220,4.65,2000
2020-09-11 09:37:57.220,4.65,100
2020-09-11 09:37:57.220,4.65,15000
2020-09-11 09:37:57.220,4.65,20000
2020-09-11 09:37:57.220,4.65,5000
2020-09-11 09:37:57.220,4.65,5100
2020-09-11 09:37:57.220,4.65,400
2020-09-11 09:37:57.220,4.65,800
2020-09-11 09:37:57.220,4.65,1000
2020-09-11 09:37:57.220,4.65,5000
2020-09-11 09:37:57.220,4.65,2000
2020-09-11 09:37:57.220,4.65,300
2020-09-11 09:37:57.220,4.65,100
2020-09-11 09:37:57.220,4.65,10600
2020-09-11 09:37:59.210,4.652,300
2020-09-11 09:37:59.300,4.65,12200
2020-09-11 09:37:59.450,4.65,1200
2020-09-11 09:38:00.340,4.652,1100
2020-09-11 09:38:01.600,4.651,500
2020-09-11 09:38:01.710,4.652,400
2020-09-11 09:38:01.710,4.652,1600
2020-09-11 09:38:03.670,4.652,300
2020-09-11 09:38:04.440,4.652,13100
2020-09-11 09:38:04.440,4.652,3000
2020-09-11 09:38:04.440,4.652,100
2020-09-11 09:38:04.440,4.652,5000
2020-09-11 09:38:04.730,4.653,500
2020-09-11 09:38:04.730,4.653,5000
2020-09-11 09:38:04.730,4.653,5100
2020-09-11 09:38:05.430,4.653,9400
2020-09-11 09:38:05.950,4.653,9400
2020-09-11 09:38:06.370,4.652,7500
2020-09-11 09:38:07.080,4.652,121300
2020-09-11 09:38:07.080,4.652,2400
2020-09-11 09:38:07.080,4.652,1000
2020-09-11 09:38:07.080,4.652,10000
2020-09-11 09:38:07.380,4.651,1200
2020-09-11 09:38:07.410,4.652,100
2020-09-11 09:38:07.830,4.651,148300
2020-09-11 09:38:07.830,4.651,400
2020-09-11 09:38:07.830,4.651,50000
2020-09-11 09:38:08.380,4.65,2200
2020-09-11 09:38:08.380,4.65,7300
2020-09-11 09:38:08.380,4.65,300
2020-09-11 09:38:08.380,4.65,100
2020-09-11 09:38:08.860,4.65,100
2020-09-11 09:38:10.560,4.651,500
2020-09-11 09:38:11.180,4.651,500
2020-09-11 09:38:11.180,4.651,400
2020-09-11 09:38:11.830,4.651,1100
2020-09-11 09:38:12.260,4.65,7900
2020-09-11 09:38:12.320,4.651,7600
2020-09-11 09:38:12.350,4.65,2000
2020-09-11 09:38:12.350,4.65,200
2020-09-11 09:38:12.350,4.65,5000
2020-09-11 09:38:12.350,4.65,300
2020-09-11 09:38:12.350,4.65,10000
2020-09-11 09:38:12.350,4.65,1300
2020-09-11 09:38:13.550,4.65,1900
2020-09-11 09:38:13.650,4.65,100
2020-09-11 09:38:14.620,4.65,100
2020-09-11 09:38:15.680,4.649,2600
2020-09-11 09:38:15.680,4.649,200
2020-09-11 09:38:15.680,4.649,5000
2020-09-11 09:38:15.680,4.649,1000
2020-09-11 09:38:15.680,4.649,100
2020-09-11 09:38:15.680,4.649,50000
2020-09-11 09:38:15.680,4.649,39400
2020-09-11 09:38:15.680,4.648,100
2020-09-11 09:38:15.680,4.648,2900
2020-09-11 09:38:15.710,4.65,19100
2020-09-11 09:38:15.710,4.65,22000
2020-09-11 09:38:16.490,4.65,11000
2020-09-11 09:38:16.660,4.65,1100
2020-09-11 09:38:16.970,4.65,200
2020-09-11 09:38:16.970,4.651,100
2020-09-11 09:38:17.940,4.65,200
2020-09-11 09:38:18.150,4.65,100
2020-09-11 09:38:18.240,4.65,1500
2020-09-11 09:38:20.010,4.65,100
2020-09-11 09:38:20.330,4.65,4600
2020-09-11 09:38:20.330,4.65,400
2020-09-11 09:38:20.690,4.65,2300
2020-09-11 09:38:20.980,4.65,10000
2020-09-11 09:38:21.250,4.65,1400
2020-09-11 09:38:21.640,4.65,5000
2020-09-11 09:38:22.180,4.65,1000
2020-09-11 09:38:22.490,4.65,3100
2020-09-11 09:38:22.490,4.65,400
2020-09-11 09:38:22.760,4.65,1000
2020-09-11 09:38:22.760,4.65,900
2020-09-11 09:38:23.040,4.65,500
2020-09-11 09:38:23.400,4.65,100
2020-09-11 09:38:23.540,4.65,100
2020-09-11 09:38:24.020,4.65,1200
2020-09-11 09:38:24.020,4.65,1000
2020-09-11 09:38:25.250,4.65,500
2020-09-11 09:38:25.660,4.65,300
2020-09-11 09:38:27.320,4.65,2000
2020-09-11 09:38:27.650,4.65,400
2020-09-11 09:38:28.110,4.65,100
2020-09-11 09:38:30.390,4.649,3000
2020-09-11 09:38:30.700,4.649,300
2020-09-11 09:38:31.240,4.649,600
2020-09-11 09:38:31.760,4.65,400
2020-09-11 09:38:31.990,4.65,300
2020-09-11 09:38:31.990,4.65,200
2020-09-11 09:38:31.990,4.65,1000
2020-09-11 09:38:33.070,4.65,400
2020-09-11 09:38:33.290,4.65,100
2020-09-11 09:38:35.420,4.649,1200
2020-09-11 09:38:35.700,4.649,2000
2020-09-11 09:38:36.350,4.65,500
2020-09-11 09:38:38.300,4.65,500
2020-09-11 09:38:38.380,4.65,2200
2020-09-11 09:38:38.380,4.65,400
2020-09-11 09:38:38.380,4.65,2000
2020-09-11 09:38:38.380,4.65,2000
2020-09-11 09:38:39.450,4.651,100
2020-09-11 09:38:39.560,4.65,100
2020-09-11 09:38:39.710,4.65,20000
2020-09-11 09:38:40.970,4.65,7600
2020-09-11 09:38:40.990,4.65,15700
2020-09-11 09:38:40.990,4.65,300
2020-09-11 09:38:40.990,4.65,64000
2020-09-11 09:38:40.990,4.65,500
2020-09-11 09:38:40.990,4.65,4000
2020-09-11 09:38:40.990,4.65,3000
2020-09-11 09:38:42.090,4.65,500
2020-09-11 09:38:42.780,4.65,2900
2020-09-11 09:38:42.890,4.649,1300
2020-09-11 09:38:43.240,4.649,400
2020-09-11 09:38:43.330,4.65,300000
2020-09-11 09:38:43.410,4.65,3000
2020-09-11 09:38:43.980,4.649,8200
2020-09-11 09:38:43.980,4.649,1000
2020-09-11 09:38:43.980,4.649,200
2020-09-11 09:38:43.980,4.649,1000
2020-09-11 09:38:43.980,4.649,400
2020-09-11 09:38:44.330,4.649,1000
2020-09-11 09:38:44.720,4.649,1000
2020-09-11 09:38:45.580,4.649,27200
2020-09-11 09:38:45.580,4.649,2800
2020-09-11 09:38:45.940,4.649,3500
2020-09-11 09:38:46.160,4.65,150100
2020-09-11 09:38:46.490,4.649,300
2020-09-11 09:38:46.570,4.649,3500
2020-09-11 09:38:47.470,4.649,245300
2020-09-11 09:38:47.710,4.65,3000
2020-09-11 09:38:48.890,4.649,10100
2020-09-11 09:38:49.670,4.649,10000
2020-09-11 09:38:49.780,4.649,10000
2020-09-11 09:38:50.840,4.649,7000
2020-09-11 09:38:50.920,4.649,500
2020-09-11 09:38:51.200,4.649,8000
2020-09-11 09:38:51.290,4.65,300
2020-09-11 09:38:52.320,4.649,10000
2020-09-11 09:38:52.640,4.65,900
2020-09-11 09:38:52.640,4.65,4100
2020-09-11 09:38:52.870,4.649,42300
2020-09-11 09:38:52.870,4.649,100
2020-09-11 09:38:53.290,4.649,300
2020-09-11 09:38:54.510,4.649,300
2020-09-11 09:38:56.280,4.649,600
2020-09-11 09:38:56.280,4.65,39400
2020-09-11 09:38:57.260,4.649,10800
2020-09-11 09:38:57.260,4.649,1500
2020-09-11 09:38:57.260,4.649,10000
2020-09-11 09:38:57.500,4.649,7700
2020-09-11 09:38:59.160,4.648,1500
2020-09-11 09:38:59.160,4.648,100
2020-09-11 09:38:59.160,4.648,3400
2020-09-11 09:38:59.190,4.648,2000
2020-09-11 09:38:59.190,4.648,100
2020-09-11 09:38:59.190,4.648,200
2020-09-11 09:38:59.190,4.648,10600
2020-09-11 09:38:59.850,4.649,100
2020-09-11 09:38:59.960,4.648,700
2020-09-11 09:39:00.010,4.648,8700
2020-09-11 09:39:00.010,4.648,2000
2020-09-11 09:39:00.010,4.648,200
2020-09-11 09:39:00.100,4.648,1000
2020-09-11 09:39:00.540,4.649,400
2020-09-11 09:39:00.680,4.648,300
2020-09-11 09:39:01.200,4.648,8500
2020-09-11 09:39:01.200,4.648,1200
2020-09-11 09:39:01.200,4.648,5000
2020-09-11 09:39:01.200,4.648,1000
2020-09-11 09:39:01.200,4.648,500
2020-09-11 09:39:03.000,4.649,100
2020-09-11 09:39:03.220,4.648,9500
2020-09-11 09:39:03.890,4.649,1000
2020-09-11 09:39:03.950,4.649,1000
2020-09-11 09:39:04.010,4.649,500
2020-09-11 09:39:04.010,4.649,13400
2020-09-11 09:39:04.010,4.649,400
2020-09-11 09:39:04.010,4.649,5000
2020-09-11 09:39:07.620,4.65,1000
2020-09-11 09:39:08.140,4.649,700
2020-09-11 09:39:08.140,4.649,200
2020-09-11 09:39:08.140,4.649,5000
2020-09-11 09:39:08.140,4.649,1000
2020-09-11 09:39:08.140,4.648,5400
2020-09-11 09:39:08.500,4.648,600
2020-09-11 09:39:09.650,4.649,200
2020-09-11 09:39:09.650,4.649,100
2020-09-11 09:39:10.060,4.649,400
2020-09-11 09:39:10.120,4.648,4000
2020-09-11 09:39:10.120,4.648,100
2020-09-11 09:39:10.120,4.648,9000
2020-09-11 09:39:10.120,4.648,10000
2020-09-11 09:39:10.120,4.648,1000
2020-09-11 09:39:10.120,4.648,2700
2020-09-11 09:39:10.120,4.648,200000
2020-09-11 09:39:10.120,4.648,5000
2020-09-11 09:39:10.120,4.648,200
2020-09-11 09:39:10.320,4.648,100
2020-09-11 09:39:11.410,4.647,1200
2020-09-11 09:39:12.070,4.648,1100
2020-09-11 09:39:13.570,4.648,10000
2020-09-11 09:39:13.790,4.648,100
2020-09-11 09:39:15.500,4.648,100
2020-09-11 09:39:16.980,4.648,3000
2020-09-11 09:39:18.400,4.648,20000
2020-09-11 09:39:19.580,4.648,200
2020-09-11 09:39:20.220,4.647,30000
2020-09-11 09:39:20.590,4.648,20000
2020-09-11 09:39:20.590,4.647,6553
2020-09-11 09:39:20.590,4.647,1100
2020-09-11 09:39:20.590,4.647,5000
2020-09-11 09:39:20.590,4.647,2000
2020-09-11 09:39:20.590,4.647,300
2020-09-11 09:39:20.590,4.647,5000
2020-09-11 09:39:20.590,4.646,47
2020-09-11 09:39:21.340,4.647,100
2020-09-11 09:39:21.800,4.647,20000
2020-09-11 09:39:23.380,4.647,100
2020-09-11 09:39:23.680,4.647,400
2020-09-11 09:39:24.020,4.647,2300
2020-09-11 09:39:24.200,4.647,300
2020-09-11 09:39:24.480,4.647,100
2020-09-11 09:39:24.620,4.647,300
2020-09-11 09:39:25.750,4.646,600
2020-09-11 09:39:25.800,4.647,10000
2020-09-11 09:39:26.280,4.647,2300
2020-09-11 09:39:26.670,4.647,6500
2020-09-11 09:39:27.490,4.646,49353
2020-09-11 09:39:27.490,4.646,3000
2020-09-11 09:39:27.490,4.646,100
2020-09-11 09:39:27.490,4.646,200
2020-09-11 09:39:27.490,4.646,1000
2020-09-11 09:39:27.490,4.645,1000
2020-09-11 09:39:27.490,4.645,300
2020-09-11 09:39:27.490,4.645,3000
2020-09-11 09:39:27.490,4.645,2500
2020-09-11 09:39:27.490,4.645,800
2020-09-11 09:39:27.520,4.646,100
2020-09-11 09:39:31.320,4.646,2000
2020-09-11 09:39:32.420,4.646,500
2020-09-11 09:39:32.570,4.645,1200
2020-09-11 09:39:34.270,4.645,1000
2020-09-11 09:39:34.620,4.646,150100
2020-09-11 09:39:35.640,4.645,2200
2020-09-11 09:39:35.850,4.645,18300
2020-09-11 09:39:35.850,4.645,500
2020-09-11 09:39:35.850,4.645,200
2020-09-11 09:39:35.850,4.645,100
2020-09-11 09:39:35.850,4.645,10000
2020-09-11 09:39:35.850,4.644,3000
2020-09-11 09:39:35.850,4.644,100
2020-09-11 09:39:35.850,4.644,1000
2020-09-11 09:39:35.850,4.644,10000
2020-09-11 09:39:35.850,4.644,1000
2020-09-11 09:39:35.850,4.644,1000
2020-09-11 09:39:35.850,4.644,30000
2020-09-11 09:39:35.850,4.644,30000
2020-09-11 09:39:35.850,4.644,4800
2020-09-11 09:39:37.540,4.645,10000
2020-09-11 09:39:40.670,4.645,10000
2020-09-11 09:39:40.670,4.645,900
2020-09-11 09:39:41.070,4.646,5000
2020-09-11 09:39:41.150,4.645,400
2020-09-11 09:39:41.320,4.645,3500
2020-09-11 09:39:42.780,4.645,18200
2020-09-11 09:39:43.660,4.646,400
2020-09-11 09:39:43.690,4.645,67000
2020-09-11 09:39:43.690,4.645,9900
2020-09-11 09:39:43.690,4.645,10000
2020-09-11 09:39:43.690,4.644,200
2020-09-11 09:39:43.690,4.644,30000
2020-09-11 09:39:43.690,4.644,182900
2020-09-11 09:39:44.830,4.645,10000
2020-09-11 09:39:45.500,4.644,1000
2020-09-11 09:39:45.640,4.645,500
2020-09-11 09:39:45.640,4.646,1500
2020-09-11 09:39:47.340,4.645,1200
2020-09-11 09:39:47.540,4.645,800
2020-09-11 09:39:47.730,4.645,100
2020-09-11 09:39:47.930,4.644,16500
2020-09-11 09:39:47.930,4.644,5400
2020-09-11 09:39:48.290,4.645,6600
2020-09-11 09:39:48.680,4.645,3400
2020-09-11 09:39:48.680,4.644,10000
2020-09-11 09:39:48.790,4.644,19000
2020-09-11 09:39:49.820,4.646,12000
2020-09-11 09:39:50.270,4.645,1600
2020-09-11 09:39:50.690,4.645,1700
2020-09-11 09:39:51.780,4.644,2000
2020-09-11 09:39:51.870,4.645,800
2020-09-11 09:39:52.330,4.645,900
2020-09-11 09:39:52.330,4.645,4400
2020-09-11 09:39:52.590,4.645,1300
2020-09-11 09:39:53.320,4.645,3400
2020-09-11 09:39:53.320,4.645,2600
2020-09-11 09:39:54.680,4.646,1100
2020-09-11 09:39:54.680,4.646,1400
2020-09-11 09:39:54.710,4.645,5100
2020-09-11 09:39:55.080,4.646,100
2020-09-11 09:39:55.080,4.646,12000
2020-09-11 09:39:55.080,4.646,6500
2020-09-11 09:39:55.080,4.646,2000
2020-09-11 09:39:55.080,4.646,100
2020-09-11 09:39:55.590,4.646,6300
2020-09-11 09:39:55.730,4.647,800
2020-09-11 09:39:55.730,4.647,2200
2020-09-11 09:39:55.730,4.648,5000
2020-09-11 09:39:55.730,4.648,38000
2020-09-11 09:39:55.730,4.648,400
2020-09-11 09:39:55.730,4.648,200
2020-09-11 09:39:55.730,4.649,300
2020-09-11 09:39:55.730,4.649,100
2020-09-11 09:39:55.730,4.649,500
2020-09-11 09:39:55.730,4.649,5000
2020-09-11 09:39:55.730,4.649,500
2020-09-11 09:39:55.730,4.649,16500
2020-09-11 09:39:55.730,4.649,60000
2020-09-11 09:39:55.730,4.649,700
2020-09-11 09:39:55.730,4.65,19900
2020-09-11 09:39:56.330,4.649,10000
2020-09-11 09:39:56.640,4.649,5000
2020-09-11 09:39:56.640,4.647,18000
2020-09-11 09:39:56.750,4.647,1000
2020-09-11 09:39:57.450,4.649,1500
2020-09-11 09:39:58.080,4.647,5800
2020-09-11 09:40:00.870,4.65,9800
2020-09-11 09:40:01.530,4.65,1300
2020-09-11 09:40:03.340,4.648,1200
2020-09-11 09:40:07.030,4.649,2000
2020-09-11 09:40:07.380,4.649,900
2020-09-11 09:40:07.410,4.648,2600
2020-09-11 09:40:12.140,4.648,2600
2020-09-11 09:40:12.140,4.648,20000
2020-09-11 09:40:12.140,4.648,5000
2020-09-11 09:40:12.400,4.648,1000
2020-09-11 09:40:12.710,4.648,2000
2020-09-11 09:40:13.370,4.648,500
2020-09-11 09:40:13.420,4.648,2000
2020-09-11 09:40:13.450,4.648,132200
2020-09-11 09:40:13.480,4.648,3000
2020-09-11 09:40:14.080,4.648,100
2020-09-11 09:40:14.240,4.647,35200
2020-09-11 09:40:14.240,4.647,1500
2020-09-11 09:40:14.240,4.647,1000
2020-09-11 09:40:14.380,4.648,500
2020-09-11 09:40:16.510,4.647,400
2020-09-11 09:40:18.970,4.647,100
2020-09-11 09:40:19.470,4.646,300
2020-09-11 09:40:19.470,4.646,4200
2020-09-11 09:40:19.470,4.646,1000
2020-09-11 09:40:19.470,4.646,5000
2020-09-11 09:40:19.470,4.646,300
2020-09-11 09:40:19.470,4.646,2000
2020-09-11 09:40:19.470,4.646,5000
2020-09-11 09:40:19.470,4.645,1000
2020-09-11 09:40:19.470,4.645,10000
2020-09-11 09:40:19.470,4.645,200
2020-09-11 09:40:19.470,4.645,1000
2020-09-11 09:40:19.470,4.645,1000
2020-09-11 09:40:19.470,4.645,2000
2020-09-11 09:40:19.470,4.645,15000
2020-09-11 09:40:19.470,4.645,5000
2020-09-11 09:40:19.470,4.645,100
2020-09-11 09:40:19.550,4.645,37800
2020-09-11 09:40:20.500,4.645,100
2020-09-11 09:40:21.040,4.645,2100
2020-09-11 09:40:21.690,4.645,4300
2020-09-11 09:40:22.820,4.645,3000
2020-09-11 09:40:22.970,4.645,14000
2020-09-11 09:40:23.590,4.644,100
2020-09-11 09:40:23.590,4.644,1100
2020-09-11 09:40:24.300,4.644,1900
2020-09-11 09:40:24.300,4.644,10000
2020-09-11 09:40:24.300,4.644,1000
2020-09-11 09:40:24.300,4.644,20400
2020-09-11 09:40:24.300,4.644,2000
2020-09-11 09:40:24.300,4.644,20000
2020-09-11 09:40:24.300,4.644,10000
2020-09-11 09:40:24.300,4.644,5000
2020-09-11 09:40:24.300,4.644,8600
2020-09-11 09:40:24.490,4.643,200
2020-09-11 09:40:24.490,4.643,2300
2020-09-11 09:40:24.490,4.643,700
2020-09-11 09:40:24.490,4.643,600
2020-09-11 09:40:24.490,4.643,200
2020-09-11 09:40:24.490,4.643,4200
2020-09-11 09:40:25.400,4.643,5800
2020-09-11 09:40:25.400,4.643,1000
2020-09-11 09:40:25.400,4.643,1000
2020-09-11 09:40:25.400,4.643,2000
2020-09-11 09:40:25.400,4.643,600
2020-09-11 09:40:25.400,4.643,2000
2020-09-11 09:40:25.400,4.643,42700
2020-09-11 09:40:25.750,4.643,1000
2020-09-11 09:40:28.050,4.643,20000
2020-09-11 09:40:28.170,4.643,600
2020-09-11 09:40:29.070,4.643,100
2020-09-11 09:40:29.230,4.643,1000
2020-09-11 09:40:29.920,4.642,100
2020-09-11 09:40:29.920,4.642,200
2020-09-11 09:40:29.920,4.642,3500
2020-09-11 09:40:29.970,4.643,100
2020-09-11 09:40:30.390,4.643,500
2020-09-11 09:40:31.420,4.642,100
2020-09-11 09:40:31.420,4.642,100
2020-09-11 09:40:32.060,4.642,100
2020-09-11 09:40:32.550,4.643,15000
2020-09-11 09:40:33.520,4.642,1000
2020-09-11 09:40:33.580,4.642,2100
2020-09-11 09:40:33.660,4.643,1000
2020-09-11 09:40:34.140,4.642,700
2020-09-11 09:40:34.180,4.642,400
2020-09-11 09:40:34.180,4.642,1600
2020-09-11 09:40:34.400,4.642,2200
2020-09-11 09:40:35.080,4.643,25000
2020-09-11 09:40:35.420,4.643,500
2020-09-11 09:40:35.710,4.644,500
2020-09-11 09:40:35.980,4.642,200
2020-09-11 09:40:35.980,4.642,500
2020-09-11 09:40:35.980,4.642,199300
2020-09-11 09:40:36.180,4.642,700
2020-09-11 09:40:36.180,4.642,1300
2020-09-11 09:40:36.780,4.644,2300
2020-09-11 09:40:36.980,4.642,1000
2020-09-11 09:40:37.390,4.642,700
2020-09-11 09:40:37.390,4.642,2200
2020-09-11 09:40:37.750,4.642,3300
2020-09-11 09:40:37.790,4.642,91500
2020-09-11 09:40:37.790,4.642,100
2020-09-11 09:40:37.790,4.641,100000
2020-09-11 09:40:37.790,4.641,4000
2020-09-11 09:40:37.790,4.641,300
2020-09-11 09:40:37.790,4.641,100
2020-09-11 09:40:37.790,4.641,100
2020-09-11 09:40:37.790,4.641,1000
2020-09-11 09:40:37.790,4.641,500
2020-09-11 09:40:37.790,4.641,600
2020-09-11 09:40:37.790,4.641,600
2020-09-11 09:40:37.790,4.641,100
2020-09-11 09:40:37.790,4.641,30000
2020-09-11 09:40:37.790,4.641,60000
2020-09-11 09:40:37.790,4.641,11100
2020-09-11 09:40:37.960,4.641,300000
2020-09-11 09:40:38.050,4.641,188900
2020-09-11 09:40:38.220,4.641,30000
2020-09-11 09:40:39.000,4.64,700
2020-09-11 09:40:39.000,4.64,22100
2020-09-11 09:40:39.000,4.64,1000
2020-09-11 09:40:39.000,4.64,1000
2020-09-11 09:40:39.000,4.64,5000
2020-09-11 09:40:39.000,4.64,200
2020-09-11 09:40:39.000,4.641,26300
2020-09-11 09:40:39.080,4.641,800
2020-09-11 09:40:39.140,4.641,54000
2020-09-11 09:40:39.350,4.642,2000
2020-09-11 09:40:40.190,4.642,30000
2020-09-11 09:40:40.220,4.642,30000
2020-09-11 09:40:40.220,4.642,30000
2020-09-11 09:40:40.220,4.642,30000
2020-09-11 09:40:40.220,4.642,30000
2020-09-11 09:40:41.150,4.642,48000
2020-09-11 09:40:41.150,4.642,2000
2020-09-11 09:40:41.460,4.644,1700
2020-09-11 09:40:41.460,4.644,2000
2020-09-11 09:40:41.460,4.644,8800
2020-09-11 09:40:42.070,4.643,30000
2020-09-11 09:40:42.070,4.643,281900
2020-09-11 09:40:43.210,4.644,30000
2020-09-11 09:40:43.240,4.644,10000
2020-09-11 09:40:43.240,4.644,50000
2020-09-11 09:40:43.240,4.644,30000
2020-09-11 09:40:43.240,4.644,10000
2020-09-11 09:40:43.240,4.644,50000
2020-09-11 09:40:43.240,4.644,30000
2020-09-11 09:40:43.240,4.644,30000
2020-09-11 09:40:43.240,4.644,10000
2020-09-11 09:40:43.240,4.644,50000
2020-09-11 09:40:43.240,4.644,30000
2020-09-11 09:40:43.240,4.644,50000
2020-09-11 09:40:43.240,4.644,10000
2020-09-11 09:40:43.240,4.644,30000
2020-09-11 09:40:43.240,4.644,50000
2020-09-11 09:40:43.240,4.644,30000
2020-09-11 09:40:43.240,4.644,50000
2020-09-11 09:40:43.240,4.644,30000
2020-09-11 09:40:43.240,4.644,30000
2020-09-11 09:40:43.240,4.644,30000
2020-09-11 09:40:43.240,4.644,50000
2020-09-11 09:40:43.240,4.644,50000
2020-09-11 09:40:43.240,4.644,40000
2020-09-11 09:40:43.240,4.644,30000
2020-09-11 09:40:43.240,4.644,50000
2020-09-11 09:40:43.240,4.644,30000
2020-09-11 09:40:43.240,4.644,1200
2020-09-11 09:40:43.240,4.644,48800
2020-09-11 09:40:43.240,4.644,10000
2020-09-11 09:40:43.270,4.644,30000
2020-09-11 09:40:43.270,4.644,30000
2020-09-11 09:40:43.270,4.644,30000
2020-09-11 09:40:43.270,4.644,50000
2020-09-11 09:40:43.270,4.644,30000
2020-09-11 09:40:43.270,4.644,30000
2020-09-11 09:40:43.270,4.644,30000
2020-09-11 09:40:43.270,4.644,50000
2020-09-11 09:40:43.270,4.644,10000
2020-09-11 09:40:43.270,4.644,30000
2020-09-11 09:40:43.270,4.644,30000
2020-09-11 09:40:43.270,4.644,30000
2020-09-11 09:40:43.270,4.644,10000
2020-09-11 09:40:43.270,4.644,30000
2020-09-11 09:40:43.270,4.644,20000
2020-09-11 09:40:43.270,4.644,30000
2020-09-11 09:40:45.750,4.643,100
2020-09-11 09:40:45.750,4.643,1000
2020-09-11 09:40:45.750,4.643,1400
2020-09-11 09:40:46.200,4.643,28600
2020-09-11 09:40:46.200,4.642,36400
2020-09-11 09:40:46.420,4.642,4400
2020-09-11 09:40:48.360,4.645,40000
2020-09-11 09:40:48.450,4.645,600
2020-09-11 09:40:49.670,4.645,30000
2020-09-11 09:40:50.020,4.645,3100
2020-09-11 09:40:50.020,4.645,7000
2020-09-11 09:40:50.160,4.645,200
2020-09-11 09:40:50.310,4.644,50000
2020-09-11 09:40:50.370,4.644,700
2020-09-11 09:40:50.870,4.644,18500
2020-09-11 09:40:50.870,4.645,9300
2020-09-11 09:40:50.870,4.645,22200
2020-09-11 09:40:50.920,4.642,2500
2020-09-11 09:40:51.090,4.645,700
2020-09-11 09:40:52.130,4.645,147600
2020-09-11 09:40:52.210,4.645,7500
2020-09-11 09:40:52.620,4.642,100
2020-09-11 09:40:52.740,4.642,1000
2020-09-11 09:40:54.200,4.642,3500
2020-09-11 09:40:54.280,4.643,100
2020-09-11 09:40:54.280,4.643,200
2020-09-11 09:40:54.850,4.643,100
2020-09-11 09:40:55.050,4.643,100
2020-09-11 09:40:55.370,4.642,400
2020-09-11 09:40:55.370,4.642,100
2020-09-11 09:40:55.370,4.642,1000
2020-09-11 09:40:55.370,4.642,900
2020-09-11 09:40:56.220,4.642,400
2020-09-11 09:40:56.600,4.642,200
2020-09-11 09:40:58.080,4.642,100
2020-09-11 09:40:58.110,4.642,400
2020-09-11 09:40:58.820,4.642,1000
2020-09-11 09:40:59.110,4.642,100
2020-09-11 09:40:59.480,4.642,3000
2020-09-11 09:40:59.680,4.641,1200
2020-09-11 09:40:59.940,4.642,9100
2020-09-11 09:41:00.050,4.642,1600
2020-09-11 09:41:00.220,4.642,400
2020-09-11 09:41:00.530,4.642,100
2020-09-11 09:41:00.650,4.641,1000
2020-09-11 09:41:00.840,4.642,1500
2020-09-11 09:41:01.490,4.642,2100
2020-09-11 09:41:01.490,4.642,1200
2020-09-11 09:41:01.490,4.642,1000
2020-09-11 09:41:01.570,4.642,40000
2020-09-11 09:41:01.600,4.642,40000
2020-09-11 09:41:02.030,4.642,2000
2020-09-11 09:41:02.400,4.641,6000
2020-09-11 09:41:02.450,4.642,2500
2020-09-11 09:41:02.780,4.642,12700
2020-09-11 09:41:02.930,4.642,1000
2020-09-11 09:41:03.560,4.642,800
2020-09-11 09:41:03.560,4.642,200
2020-09-11 09:41:03.720,4.642,300
2020-09-11 09:41:03.720,4.642,1000
2020-09-11 09:41:03.720,4.642,200
2020-09-11 09:41:03.720,4.642,1300
2020-09-11 09:41:03.720,4.642,300
2020-09-11 09:41:03.780,4.642,5100
2020-09-11 09:41:03.920,4.642,2000
2020-09-11 09:41:04.180,4.642,5000
2020-09-11 09:41:05.600,4.643,200
2020-09-11 09:41:05.600,4.643,19800
2020-09-11 09:41:05.710,4.643,10000
2020-09-11 09:41:06.120,4.643,30000
2020-09-11 09:41:06.120,4.643,30000
2020-09-11 09:41:08.600,4.643,200
2020-09-11 09:41:09.980,4.643,500
2020-09-11 09:41:10.120,4.644,50000
2020-09-11 09:41:10.170,4.644,30000
2020-09-11 09:41:10.580,4.644,5100
2020-09-11 09:41:10.950,4.644,2000
2020-09-11 09:41:11.390,4.644,12900
2020-09-11 09:41:11.590,4.644,6300
2020-09-11 09:41:12.230,4.644,100
2020-09-11 09:41:14.720,4.644,4300
2020-09-11 09:41:15.220,4.644,6400
2020-09-11 09:41:15.220,4.644,1600
2020-09-11 09:41:15.220,4.644,2000
2020-09-11 09:41:16.000,4.645,10000
2020-09-11 09:41:16.480,4.645,110000
2020-09-11 09:41:17.140,4.643,4300
2020-09-11 09:41:17.450,4.645,176400
2020-09-11 09:41:17.900,4.644,20000
2020-09-11 09:41:17.900,4.643,92700
2020-09-11 09:41:17.960,4.643,700
2020-09-11 09:41:18.860,4.644,200
2020-09-11 09:41:19.130,4.645,10000
2020-09-11 09:41:19.240,4.645,3600
2020-09-11 09:41:19.240,4.646,146500
2020-09-11 09:41:20.800,4.645,300
2020-09-11 09:41:25.140,4.646,30000
2020-09-11 09:41:25.140,4.646,50000
2020-09-11 09:41:25.140,4.646,40000
2020-09-11 09:41:25.170,4.646,33500
2020-09-11 09:41:25.170,4.646,116600
2020-09-11 09:41:26.320,4.645,500
2020-09-11 09:41:26.430,4.645,1200
2020-09-11 09:41:26.430,4.645,700
2020-09-11 09:41:26.430,4.645,1100
2020-09-11 09:41:26.610,4.645,1600
2020-09-11 09:41:27.360,4.646,14000
2020-09-11 09:41:27.810,4.645,2300
2020-09-11 09:41:27.810,4.645,20000
2020-09-11 09:41:27.810,4.645,1000
2020-09-11 09:41:27.810,4.645,3000
2020-09-11 09:41:27.810,4.645,500
2020-09-11 09:41:27.810,4.645,100
2020-09-11 09:41:27.810,4.645,100
2020-09-11 09:41:27.810,4.644,9800
2020-09-11 09:41:27.810,4.644,3200
2020-09-11 09:41:30.050,4.646,20000
2020-09-11 09:41:30.130,4.645,200
2020-09-11 09:41:31.620,4.645,10000
2020-09-11 09:41:31.890,4.645,4500
2020-09-11 09:41:32.770,4.645,1300
2020-09-11 09:41:33.800,4.645,5600
2020-09-11 09:41:33.800,4.645,4400
2020-09-11 09:41:33.910,4.645,5000
2020-09-11 09:41:35.760,4.645,14000
2020-09-11 09:41:35.820,4.645,2000
2020-09-11 09:41:36.000,4.645,3000
2020-09-11 09:41:36.550,4.645,9200
2020-09-11 09:41:36.550,4.644,7800
2020-09-11 09:41:36.550,4.644,800
2020-09-11 09:41:36.550,4.644,5000
2020-09-11 09:41:36.550,4.644,10000
2020-09-11 09:41:36.550,4.644,3000
2020-09-11 09:41:36.550,4.644,2000
2020-09-11 09:41:36.550,4.644,1400
2020-09-11 09:41:36.910,4.644,18600
2020-09-11 09:41:36.910,4.644,2000
2020-09-11 09:41:36.910,4.644,21300
2020-09-11 09:41:36.910,4.644,30000
2020-09-11 09:41:36.910,4.644,15900
2020-09-11 09:41:36.910,4.644,6000
2020-09-11 09:41:37.250,4.644,20000
2020-09-11 09:41:37.250,4.644,20000
2020-09-11 09:41:37.280,4.644,50000
2020-09-11 09:41:37.280,4.644,50000
2020-09-11 09:41:37.280,4.644,20000
2020-09-11 09:41:37.880,4.644,100
2020-09-11 09:41:37.960,4.644,10800
2020-09-11 09:41:38.550,4.644,400
2020-09-11 09:41:38.690,4.644,100
2020-09-11 09:41:38.870,4.644,1000
2020-09-11 09:41:39.360,4.644,8200
