Datetime,Price,Volume
2020-08-03 09:25:00.520,3.313,500
2020-08-03 09:25:00.520,3.313,800
2020-08-03 09:25:00.520,3.313,100
2020-08-03 09:25:00.520,3.313,4100
2020-08-03 09:25:00.520,3.313,10000
2020-08-03 09:25:00.520,3.313,1500
2020-08-03 09:25:00.520,3.313,1000
2020-08-03 09:25:00.520,3.313,400
2020-08-03 09:25:00.520,3.313,1800
2020-08-03 09:25:00.520,3.313,1800
2020-08-03 09:25:00.520,3.313,1900
2020-08-03 09:25:00.520,3.313,600
2020-08-03 09:25:00.520,3.313,900
2020-08-03 09:25:00.520,3.313,100000
2020-08-03 09:25:00.520,3.313,49100
2020-08-03 09:25:00.520,3.313,30000
2020-08-03 09:25:00.520,3.313,2479
2020-08-03 09:25:00.520,3.313,6800
2020-08-03 09:25:00.520,3.313,111621
2020-08-03 09:25:00.520,3.313,100
2020-08-03 09:25:00.520,3.313,8600
2020-08-03 09:25:00.520,3.313,5000
2020-08-03 09:25:00.520,3.313,100
2020-08-03 09:25:00.520,3.313,25000
2020-08-03 09:25:00.520,3.313,5000
2020-08-03 09:25:00.520,3.313,5000
2020-08-03 09:25:00.520,3.313,25579
2020-08-03 09:25:00.520,3.313,13800
2020-08-03 09:25:00.520,3.313,17000
2020-08-03 09:25:00.520,3.313,10100
2020-08-03 09:25:00.520,3.313,13521
2020-08-03 09:25:00.520,3.313,18279
2020-08-03 09:25:00.520,3.313,6000
2020-08-03 09:25:00.520,3.313,6000
2020-08-03 09:25:00.520,3.313,3000
2020-08-03 09:25:00.520,3.313,6000
2020-08-03 09:25:00.520,3.313,6000
2020-08-03 09:25:00.520,3.313,1100
2020-08-03 09:25:00.520,3.313,6000
2020-08-03 09:25:00.520,3.313,100
2020-08-03 09:25:00.520,3.313,200
2020-08-03 09:25:00.520,3.313,2000
2020-08-03 09:25:00.520,3.313,10000
2020-08-03 09:25:00.520,3.313,6000
2020-08-03 09:25:00.520,3.313,37000
2020-08-03 09:25:00.520,3.313,200
2020-08-03 09:25:00.520,3.313,20000
2020-08-03 09:25:00.520,3.313,6000
2020-08-03 09:25:00.520,3.313,1000
2020-08-03 09:25:00.520,3.313,18800
2020-08-03 09:25:00.520,3.313,1000
2020-08-03 09:25:00.520,3.313,6000
2020-08-03 09:25:00.520,3.313,3400
2020-08-03 09:25:00.520,3.313,100
2020-08-03 09:25:00.520,3.313,3000
2020-08-03 09:25:00.520,3.313,2300
2020-08-03 09:25:00.520,3.313,1200
2020-08-03 09:25:00.520,3.313,2000
2020-08-03 09:25:00.520,3.313,1000
2020-08-03 09:25:00.520,3.313,80000
2020-08-03 09:25:00.520,3.313,100
2020-08-03 09:25:00.520,3.313,100
2020-08-03 09:25:00.520,3.313,100
2020-08-03 09:25:00.520,3.313,400
2020-08-03 09:25:00.520,3.313,21900
2020-08-03 09:25:00.520,3.313,100
2020-08-03 09:25:00.520,3.313,1000
2020-08-03 09:25:00.520,3.313,121
2020-08-03 09:25:00.520,3.313,879
2020-08-03 09:25:00.520,3.313,300
2020-08-03 09:25:00.520,3.313,100
2020-08-03 09:25:00.520,3.313,3300
2020-08-03 09:25:00.520,3.313,1100
2020-08-03 09:25:00.520,3.313,200
2020-08-03 09:25:00.520,3.313,900
2020-08-03 09:25:00.520,3.313,100
2020-08-03 09:25:00.520,3.313,200
2020-08-03 09:25:00.520,3.313,100
2020-08-03 09:25:00.520,3.313,500
2020-08-03 09:25:00.520,3.313,200
2020-08-03 09:25:00.520,3.313,3000
2020-08-03 09:25:00.520,3.313,10621
2020-08-03 09:25:00.520,3.313,105379
2020-08-03 09:25:00.520,3.313,1200
2020-08-03 09:25:00.520,3.313,1300
2020-08-03 09:25:00.520,3.313,10000
2020-08-03 09:25:00.520,3.313,1100
2020-08-03 09:25:00.520,3.313,300
2020-08-03 09:25:00.520,3.313,500
2020-08-03 09:25:00.520,3.313,200
2020-08-03 09:25:00.520,3.313,200
2020-08-03 09:25:00.520,3.313,400
2020-08-03 09:25:00.520,3.313,100
2020-08-03 09:25:00.520,3.313,400
2020-08-03 09:25:00.520,3.313,100
2020-08-03 09:25:00.520,3.313,500
2020-08-03 09:25:00.520,3.313,5000
2020-08-03 09:25:00.520,3.313,47000
2020-08-03 09:25:00.520,3.313,200
2020-08-03 09:25:00.520,3.313,2000
2020-08-03 09:25:00.520,3.313,800
2020-08-03 09:25:00.520,3.313,5000
2020-08-03 09:25:00.520,3.313,15100
2020-08-03 09:25:00.520,3.313,1000
2020-08-03 09:25:00.520,3.313,5000
2020-08-03 09:25:00.520,3.313,6000
2020-08-03 09:25:00.520,3.313,1800
2020-08-03 09:25:00.520,3.313,16000
2020-08-03 09:25:00.520,3.313,100
2020-08-03 09:25:00.520,3.313,5000
2020-08-03 09:25:00.520,3.313,2000
2020-08-03 09:25:00.520,3.313,30000
2020-08-03 09:25:00.520,3.313,200
2020-08-03 09:25:00.520,3.313,4700
2020-08-03 09:25:00.520,3.313,3000
2020-08-03 09:25:00.520,3.313,10000
2020-08-03 09:25:00.520,3.313,51400
2020-08-03 09:25:00.520,3.313,3500
2020-08-03 09:25:00.520,3.313,563121
2020-08-03 09:25:00.520,3.313,20000
2020-08-03 09:25:00.520,3.313,10000
2020-08-03 09:25:00.520,3.313,80000
2020-08-03 09:25:00.520,3.313,7800
2020-08-03 09:25:00.520,3.313,20000
2020-08-03 09:25:00.520,3.313,100000
2020-08-03 09:25:00.520,3.313,1500
2020-08-03 09:25:00.520,3.313,40000
2020-08-03 09:25:00.520,3.313,74579
2020-08-03 09:25:00.520,3.313,1000
2020-08-03 09:25:00.520,3.313,224421
2020-08-03 09:25:00.520,3.313,5000
2020-08-03 09:25:00.520,3.313,400000
2020-08-03 09:25:00.520,3.313,120579
2020-08-03 09:25:00.520,3.313,100
2020-08-03 09:25:00.520,3.313,6000
2020-08-03 09:25:00.520,3.313,100
2020-08-03 09:25:00.520,3.313,100
2020-08-03 09:25:00.520,3.313,7500
2020-08-03 09:25:00.520,3.313,20000
2020-08-03 09:25:00.520,3.313,300
2020-08-03 09:25:00.520,3.313,3000
2020-08-03 09:25:00.520,3.313,40000
2020-08-03 09:25:00.520,3.313,20000
2020-08-03 09:25:00.520,3.313,9700
2020-08-03 09:25:00.520,3.313,2000
2020-08-03 09:25:00.520,3.313,600
2020-08-03 09:25:00.520,3.313,200
2020-08-03 09:25:00.520,3.313,500
2020-08-03 09:25:00.520,3.313,400
2020-08-03 09:25:00.520,3.313,500
2020-08-03 09:25:00.520,3.313,1900
2020-08-03 09:25:00.520,3.313,1000
2020-08-03 09:25:00.520,3.313,600
2020-08-03 09:25:00.520,3.313,400
2020-08-03 09:25:00.520,3.313,30600
2020-08-03 09:25:00.520,3.313,1000
2020-08-03 09:25:00.520,3.313,100
2020-08-03 09:25:00.520,3.313,6000
2020-08-03 09:25:00.520,3.313,126821
2020-08-03 09:25:00.520,3.313,373179
2020-08-03 09:25:00.520,3.313,100
2020-08-03 09:25:00.520,3.313,1000
2020-08-03 09:25:00.520,3.313,6500
2020-08-03 09:25:00.520,3.313,7900
2020-08-03 09:25:00.520,3.313,1000
2020-08-03 09:25:00.520,3.313,10000
2020-08-03 09:25:00.520,3.313,100
2020-08-03 09:25:00.520,3.313,100
2020-08-03 09:25:00.520,3.313,100
2020-08-03 09:25:00.520,3.313,21
2020-08-03 09:25:00.520,3.313,9979
2020-08-03 09:25:00.520,3.313,200
2020-08-03 09:25:00.520,3.313,100
2020-08-03 09:25:00.520,3.313,23811
2020-08-03 09:25:00.520,3.313,2000
2020-08-03 09:25:00.520,3.313,5000
2020-08-03 09:25:00.520,3.313,800
2020-08-03 09:25:00.520,3.313,100
2020-08-03 09:25:00.520,3.313,6200
2020-08-03 09:25:00.520,3.313,1000
2020-08-03 09:25:00.520,3.313,1000
2020-08-03 09:25:00.520,3.313,4000
2020-08-03 09:25:00.520,3.313,500
2020-08-03 09:25:00.520,3.313,6000
2020-08-03 09:25:00.520,3.313,2000
2020-08-03 09:25:00.520,3.313,2000
2020-08-03 09:25:00.520,3.313,2000
2020-08-03 09:25:00.520,3.313,20000
2020-08-03 09:25:00.520,3.313,100
2020-08-03 09:25:00.520,3.313,200
2020-08-03 09:25:00.520,3.313,100
2020-08-03 09:25:00.520,3.313,200
2020-08-03 09:25:00.520,3.313,100
2020-08-03 09:25:00.520,3.313,100
2020-08-03 09:25:00.520,3.313,100
2020-08-03 09:25:00.520,3.313,6000
2020-08-03 09:25:00.520,3.313,5000
2020-08-03 09:25:00.520,3.313,200
2020-08-03 09:25:00.520,3.313,10000
2020-08-03 09:25:00.520,3.313,10000
2020-08-03 09:25:00.520,3.313,5000
2020-08-03 09:25:00.520,3.313,13900
2020-08-03 09:25:00.520,3.313,6000
2020-08-03 09:25:00.520,3.313,1000
2020-08-03 09:25:00.520,3.313,100
2020-08-03 09:25:00.520,3.313,1400
2020-08-03 09:25:00.520,3.313,200
2020-08-03 09:25:00.520,3.313,100
2020-08-03 09:25:00.520,3.313,200
2020-08-03 09:25:00.520,3.313,100
2020-08-03 09:25:00.520,3.313,100
2020-08-03 09:25:00.520,3.313,2800
2020-08-03 09:25:00.520,3.313,1000
2020-08-03 09:25:00.520,3.313,200
2020-08-03 09:25:00.520,3.313,200
2020-08-03 09:25:00.520,3.313,100
2020-08-03 09:25:00.520,3.313,100
2020-08-03 09:25:00.520,3.313,100
2020-08-03 09:25:00.520,3.313,6000
2020-08-03 09:25:00.520,3.313,4000
2020-08-03 09:25:00.520,3.313,5000
2020-08-03 09:25:00.520,3.313,1000
2020-08-03 09:25:00.520,3.313,100
2020-08-03 09:25:00.520,3.313,100
2020-08-03 09:25:00.520,3.313,200
2020-08-03 09:25:00.520,3.313,100
2020-08-03 09:25:00.520,3.313,200
2020-08-03 09:25:00.520,3.313,100
2020-08-03 09:25:00.520,3.313,100
2020-08-03 09:25:00.520,3.313,5000
2020-08-03 09:25:00.520,3.313,1000
2020-08-03 09:25:00.520,3.313,2300
2020-08-03 09:25:00.520,3.313,10000
2020-08-03 09:25:00.520,3.313,200
2020-08-03 09:25:00.520,3.313,100
2020-08-03 09:25:00.520,3.313,200
2020-08-03 09:25:00.520,3.313,100
2020-08-03 09:25:00.520,3.313,100
2020-08-03 09:25:00.520,3.313,6000
2020-08-03 09:25:00.520,3.313,5000
2020-08-03 09:25:00.520,3.313,1000
2020-08-03 09:25:00.520,3.313,710
2020-08-03 09:25:00.520,3.313,490
2020-08-03 09:25:00.520,3.313,200
2020-08-03 09:25:00.520,3.313,100
2020-08-03 09:25:00.520,3.313,100
2020-08-03 09:25:00.520,3.313,100
2020-08-03 09:25:00.520,3.313,200
2020-08-03 09:25:00.520,3.313,200
2020-08-03 09:25:00.520,3.313,3500
2020-08-03 09:25:00.520,3.313,100
2020-08-03 09:25:00.520,3.313,5000
2020-08-03 09:25:00.520,3.313,10
2020-08-03 09:25:00.520,3.313,10000
2020-08-03 09:25:00.520,3.313,4990
2020-08-03 09:25:00.520,3.313,11000
2020-08-03 09:25:00.520,3.313,2210
2020-08-03 09:25:00.520,3.313,7790
2020-08-03 09:25:00.520,3.313,100
2020-08-03 09:25:00.520,3.313,1000
2020-08-03 09:25:00.520,3.313,500
2020-08-03 09:25:00.520,3.313,100
2020-08-03 09:25:00.520,3.313,100
2020-08-03 09:25:00.520,3.313,200
2020-08-03 09:25:00.520,3.313,200
2020-08-03 09:25:00.520,3.313,100
2020-08-03 09:25:00.520,3.313,6000
2020-08-03 09:25:00.520,3.313,100
2020-08-03 09:25:00.520,3.313,5000
2020-08-03 09:25:00.520,3.313,1000
2020-08-03 09:25:00.520,3.313,200
2020-08-03 09:25:00.520,3.313,200
2020-08-03 09:25:00.520,3.313,100
2020-08-03 09:25:00.520,3.313,100
2020-08-03 09:25:00.520,3.313,200
2020-08-03 09:25:00.520,3.313,100
2020-08-03 09:25:00.520,3.313,10000
2020-08-03 09:25:00.520,3.313,5000
2020-08-03 09:25:00.520,3.313,1000
2020-08-03 09:25:00.520,3.313,100
2020-08-03 09:25:00.520,3.313,10000
2020-08-03 09:25:00.520,3.313,100
2020-08-03 09:25:00.520,3.313,200
2020-08-03 09:25:00.520,3.313,100
2020-08-03 09:25:00.520,3.313,100
2020-08-03 09:25:00.520,3.313,200
2020-08-03 09:25:00.520,3.313,6000
2020-08-03 09:25:00.520,3.313,5000
2020-08-03 09:25:00.520,3.313,10000
2020-08-03 09:25:00.520,3.313,12000
2020-08-03 09:25:00.520,3.313,1000
2020-08-03 09:25:00.520,3.313,200
2020-08-03 09:25:00.520,3.313,100
2020-08-03 09:25:00.520,3.313,100
2020-08-03 09:25:00.520,3.313,100
2020-08-03 09:25:00.520,3.313,200
2020-08-03 09:25:00.520,3.313,200
2020-08-03 09:25:00.520,3.313,500
2020-08-03 09:25:00.520,3.313,5000
2020-08-03 09:25:00.520,3.313,5000
2020-08-03 09:25:00.520,3.313,1000
2020-08-03 09:25:00.520,3.313,400
2020-08-03 09:25:00.520,3.313,200
2020-08-03 09:25:00.520,3.313,5000
2020-08-03 09:25:00.520,3.313,2000
2020-08-03 09:25:00.520,3.313,600
2020-08-03 09:25:00.520,3.313,1000
2020-08-03 09:25:00.520,3.313,1000
2020-08-03 09:25:00.520,3.313,1000
2020-08-03 09:25:00.520,3.313,15400
2020-08-03 09:25:00.520,3.313,2000
2020-08-03 09:25:00.520,3.313,200
2020-08-03 09:25:00.520,3.313,100
2020-08-03 09:25:00.520,3.313,200
2020-08-03 09:25:00.520,3.313,100
2020-08-03 09:25:00.520,3.313,100
2020-08-03 09:25:00.520,3.313,6000
2020-08-03 09:25:00.520,3.313,2400
2020-08-03 09:25:00.520,3.313,5000
2020-08-03 09:25:00.520,3.313,3000
2020-08-03 09:25:00.520,3.313,1000
2020-08-03 09:25:00.520,3.313,500
2020-08-03 09:25:00.520,3.313,500
2020-08-03 09:25:00.520,3.313,200
2020-08-03 09:25:00.520,3.313,100
2020-08-03 09:25:00.520,3.313,200
2020-08-03 09:25:00.520,3.313,100
2020-08-03 09:25:00.520,3.313,100
2020-08-03 09:25:00.520,3.313,11200
2020-08-03 09:25:00.520,3.313,5000
2020-08-03 09:25:00.520,3.313,7000
2020-08-03 09:25:00.520,3.313,5000
2020-08-03 09:25:00.520,3.313,3000
2020-08-03 09:25:00.520,3.313,400
2020-08-03 09:25:00.520,3.313,1000
2020-08-03 09:25:00.520,3.313,200
2020-08-03 09:25:00.520,3.313,10000
2020-08-03 09:25:00.520,3.313,200
2020-08-03 09:25:00.520,3.313,100
2020-08-03 09:25:00.520,3.313,100
2020-08-03 09:25:00.520,3.313,100
2020-08-03 09:25:00.520,3.313,200
2020-08-03 09:25:00.520,3.313,6000
2020-08-03 09:25:00.520,3.313,5000
2020-08-03 09:25:00.520,3.313,1000
2020-08-03 09:25:00.520,3.313,100
2020-08-03 09:25:00.520,3.313,200
2020-08-03 09:25:00.520,3.313,200
2020-08-03 09:25:00.520,3.313,100
2020-08-03 09:25:00.520,3.313,100
2020-08-03 09:25:00.520,3.313,100
2020-08-03 09:25:00.520,3.313,5000
2020-08-03 09:25:00.520,3.313,400
2020-08-03 09:30:00.050,3.314,1000
2020-08-03 09:30:00.050,3.314,200
2020-08-03 09:30:00.050,3.314,200
2020-08-03 09:30:00.050,3.314,100
2020-08-03 09:30:00.050,3.314,100
2020-08-03 09:30:00.050,3.314,100
2020-08-03 09:30:00.050,3.314,6000
2020-08-03 09:30:00.050,3.314,5000
2020-08-03 09:30:00.050,3.315,2500
2020-08-03 09:30:00.050,3.315,1000
2020-08-03 09:30:00.050,3.315,1200
2020-08-03 09:30:00.050,3.315,6000
2020-08-03 09:30:00.050,3.315,1500
2020-08-03 09:30:00.050,3.315,1000
2020-08-03 09:30:00.050,3.315,100
2020-08-03 09:30:00.050,3.315,200
2020-08-03 09:30:00.050,3.315,100
2020-08-03 09:30:00.050,3.315,100
2020-08-03 09:30:00.050,3.315,200
2020-08-03 09:30:00.050,3.315,3500
2020-08-03 09:30:00.050,3.315,5000
2020-08-03 09:30:00.050,3.315,100
2020-08-03 09:30:00.050,3.316,1000
2020-08-03 09:30:00.050,3.316,500
2020-08-03 09:30:00.050,3.316,1000
2020-08-03 09:30:00.050,3.316,200
2020-08-03 09:30:00.050,3.316,200
2020-08-03 09:30:00.050,3.316,100
2020-08-03 09:30:00.050,3.316,100
2020-08-03 09:30:00.050,3.316,100
2020-08-03 09:30:00.050,3.316,6000
2020-08-03 09:30:00.050,3.316,100
2020-08-03 09:30:00.050,3.317,8000
2020-08-03 09:30:00.050,3.317,1000
2020-08-03 09:30:00.050,3.317,100
2020-08-03 09:30:00.050,3.317,100
2020-08-03 09:30:00.050,3.317,100
2020-08-03 09:30:00.050,3.317,10000
2020-08-03 09:30:00.170,3.317,236200
2020-08-03 09:30:00.170,3.316,5500
2020-08-03 09:30:00.290,3.316,800
2020-08-03 09:30:00.400,3.316,200000
2020-08-03 09:30:00.400,3.316,1000
2020-08-03 09:30:00.520,3.314,100
2020-08-03 09:30:00.520,3.314,100
2020-08-03 09:30:00.520,3.314,400
2020-08-03 09:30:00.520,3.314,900
2020-08-03 09:30:00.520,3.314,2000
2020-08-03 09:30:00.600,3.316,6800
2020-08-03 09:30:00.600,3.314,900
2020-08-03 09:30:00.600,3.314,10000
2020-08-03 09:30:00.710,3.314,285600
2020-08-03 09:30:00.710,3.314,14400
2020-08-03 09:30:00.710,3.314,15600
2020-08-03 09:30:00.710,3.314,1000
2020-08-03 09:30:00.710,3.314,400
2020-08-03 09:30:00.820,3.315,5000
2020-08-03 09:30:00.820,3.314,3000
2020-08-03 09:30:00.820,3.314,100
2020-08-03 09:30:00.900,3.315,15000
2020-08-03 09:30:00.900,3.315,5000
2020-08-03 09:30:00.900,3.316,10500
2020-08-03 09:30:01.050,3.315,6300
2020-08-03 09:30:01.050,3.315,100
2020-08-03 09:30:01.050,3.315,3600
2020-08-03 09:30:01.050,3.314,1500
2020-08-03 09:30:01.050,3.314,100
2020-08-03 09:30:01.050,3.314,3000
2020-08-03 09:30:01.050,3.314,1000
2020-08-03 09:30:01.050,3.314,400
2020-08-03 09:30:01.050,3.314,500
2020-08-03 09:30:01.050,3.314,10000
2020-08-03 09:30:01.050,3.314,5800
2020-08-03 09:30:01.050,3.314,400
2020-08-03 09:30:01.130,3.314,800
2020-08-03 09:30:01.130,3.314,300
2020-08-03 09:30:01.130,3.313,2000
2020-08-03 09:30:01.130,3.314,100
2020-08-03 09:30:01.200,3.314,3800
2020-08-03 09:30:01.200,3.316,16500
2020-08-03 09:30:01.200,3.314,20000
2020-08-03 09:30:01.200,3.314,500
2020-08-03 09:30:01.370,3.314,15700
2020-08-03 09:30:01.370,3.314,300
2020-08-03 09:30:01.460,3.314,600
2020-08-03 09:30:01.460,3.314,2300
2020-08-03 09:30:01.460,3.314,1500
2020-08-03 09:30:01.460,3.314,300
2020-08-03 09:30:01.460,3.314,1900
2020-08-03 09:30:01.540,3.316,500
2020-08-03 09:30:01.540,3.314,100
2020-08-03 09:30:01.540,3.313,400
2020-08-03 09:30:01.540,3.313,500
2020-08-03 09:30:01.670,3.316,300000
2020-08-03 09:30:01.670,3.314,1000
2020-08-03 09:30:01.670,3.314,14000
2020-08-03 09:30:01.670,3.314,6000
2020-08-03 09:30:01.670,3.314,4400
2020-08-03 09:30:01.800,3.314,2400
2020-08-03 09:30:01.800,3.314,600
2020-08-03 09:30:01.800,3.314,1400
2020-08-03 09:30:01.800,3.314,500
2020-08-03 09:30:01.800,3.314,500
2020-08-03 09:30:01.800,3.314,4000
2020-08-03 09:30:01.930,3.313,2000
2020-08-03 09:30:02.050,3.314,5000
2020-08-03 09:30:02.050,3.313,15200
2020-08-03 09:30:02.050,3.314,10000
2020-08-03 09:30:02.050,3.314,3800
2020-08-03 09:30:02.050,3.314,3000
2020-08-03 09:30:02.050,3.315,1200
2020-08-03 09:30:02.050,3.316,8200
2020-08-03 09:30:02.240,3.316,3000
2020-08-03 09:30:02.300,3.314,100
2020-08-03 09:30:02.300,3.314,1000
2020-08-03 09:30:02.300,3.314,2100
2020-08-03 09:30:02.300,3.314,2500
2020-08-03 09:30:02.350,3.314,400
2020-08-03 09:30:02.350,3.314,4600
2020-08-03 09:30:02.350,3.314,5400
2020-08-03 09:30:02.350,3.313,4600
2020-08-03 09:30:02.350,3.316,211000
2020-08-03 09:30:02.350,3.316,689000
2020-08-03 09:30:02.350,3.316,311000
2020-08-03 09:30:02.350,3.316,589000
2020-08-03 09:30:02.450,3.316,411000
2020-08-03 09:30:02.450,3.316,489000
2020-08-03 09:30:02.450,3.315,300
2020-08-03 09:30:02.560,3.315,300
2020-08-03 09:30:02.680,3.315,6100
2020-08-03 09:30:02.680,3.315,3500
2020-08-03 09:30:02.830,3.315,5000
2020-08-03 09:30:02.830,3.315,700
2020-08-03 09:30:03.030,3.315,9900
2020-08-03 09:30:03.170,3.316,60000
2020-08-03 09:30:03.300,3.315,4000
2020-08-03 09:30:03.440,3.315,2000
2020-08-03 09:30:03.440,3.316,10000
2020-08-03 09:30:03.440,3.316,3000
2020-08-03 09:30:03.570,3.316,4200
2020-08-03 09:30:03.680,3.316,30000
2020-08-03 09:30:03.680,3.316,10000
2020-08-03 09:30:03.810,3.316,30000
2020-08-03 09:30:03.810,3.315,1100
2020-08-03 09:30:03.810,3.315,800
2020-08-03 09:30:03.810,3.315,7100
2020-08-03 09:30:03.920,3.315,13600
2020-08-03 09:30:03.920,3.316,8300
2020-08-03 09:30:03.920,3.315,20000
2020-08-03 09:30:03.920,3.316,30000
2020-08-03 09:30:03.920,3.315,4700
2020-08-03 09:30:04.050,3.315,100000
2020-08-03 09:30:04.050,3.315,200
2020-08-03 09:30:04.150,3.316,10000
2020-08-03 09:30:04.180,3.315,10000
2020-08-03 09:30:04.240,3.315,1200
2020-08-03 09:30:04.240,3.316,10000
2020-08-03 09:30:04.300,3.315,8000
2020-08-03 09:30:04.300,3.316,500
2020-08-03 09:30:04.620,3.315,6200
2020-08-03 09:30:04.730,3.316,10000
2020-08-03 09:30:04.840,3.315,300
2020-08-03 09:30:05.060,3.316,295000
2020-08-03 09:30:05.060,3.316,5000
2020-08-03 09:30:05.060,3.316,193400
2020-08-03 09:30:05.060,3.316,2000
2020-08-03 09:30:05.150,3.315,1000
2020-08-03 09:30:05.190,3.316,296000
2020-08-03 09:30:05.190,3.316,700
2020-08-03 09:30:05.230,3.315,2000
2020-08-03 09:30:05.330,3.315,2000
2020-08-03 09:30:05.330,3.315,4000
2020-08-03 09:30:05.330,3.315,3000
2020-08-03 09:30:05.620,3.316,5500
2020-08-03 09:30:05.700,3.315,3000
2020-08-03 09:30:05.840,3.316,300000
2020-08-03 09:30:05.920,3.316,8000
2020-08-03 09:30:05.970,3.316,300
2020-08-03 09:30:05.970,3.315,1500
2020-08-03 09:30:06.050,3.315,1500
2020-08-03 09:30:06.090,3.315,600
2020-08-03 09:30:06.090,3.316,189100
2020-08-03 09:30:06.090,3.316,710900
2020-08-03 09:30:06.170,3.316,289100
2020-08-03 09:30:06.170,3.316,10900
2020-08-03 09:30:06.200,3.316,489100
2020-08-03 09:30:06.200,3.316,5000
2020-08-03 09:30:06.200,3.316,100
2020-08-03 09:30:06.200,3.316,5000
2020-08-03 09:30:06.200,3.316,7600
2020-08-03 09:30:06.200,3.316,700
2020-08-03 09:30:06.200,3.316,5000
2020-08-03 09:30:06.200,3.316,80400
2020-08-03 09:30:06.200,3.316,10000
2020-08-03 09:30:06.200,3.316,20000
2020-08-03 09:30:06.200,3.316,800
2020-08-03 09:30:06.200,3.316,100
2020-08-03 09:30:06.200,3.317,5000
2020-08-03 09:30:06.200,3.317,100
2020-08-03 09:30:06.200,3.317,1100
2020-08-03 09:30:06.200,3.317,1600
2020-08-03 09:30:06.200,3.317,20000
2020-08-03 09:30:06.200,3.317,3100
2020-08-03 09:30:06.200,3.317,1000
2020-08-03 09:30:06.200,3.317,300
2020-08-03 09:30:06.200,3.318,1000
2020-08-03 09:30:06.200,3.318,1700
2020-08-03 09:30:06.200,3.318,100
2020-08-03 09:30:06.200,3.318,200
2020-08-03 09:30:06.200,3.318,100
2020-08-03 09:30:06.200,3.318,200
2020-08-03 09:30:06.200,3.318,100
2020-08-03 09:30:06.200,3.318,100
2020-08-03 09:30:06.200,3.318,6000
2020-08-03 09:30:06.200,3.318,1500
2020-08-03 09:30:06.200,3.318,2500
2020-08-03 09:30:06.200,3.318,1000
2020-08-03 09:30:06.200,3.318,500
2020-08-03 09:30:06.200,3.318,1000
2020-08-03 09:30:06.200,3.318,10000
2020-08-03 09:30:06.200,3.318,5000
2020-08-03 09:30:06.200,3.318,12000
2020-08-03 09:30:06.200,3.318,3000
2020-08-03 09:30:06.200,3.318,4600
2020-08-03 09:30:06.200,3.318,300
2020-08-03 09:30:06.200,3.318,50000
2020-08-03 09:30:06.200,3.318,500
2020-08-03 09:30:06.200,3.318,73800
2020-08-03 09:30:06.200,3.318,1000
2020-08-03 09:30:06.200,3.318,2500
2020-08-03 09:30:06.200,3.318,500
2020-08-03 09:30:06.200,3.318,64800
2020-08-03 09:30:06.260,3.318,10000
2020-08-03 09:30:06.260,3.315,4000
2020-08-03 09:30:06.260,3.315,3500
2020-08-03 09:30:06.500,3.316,1000
2020-08-03 09:30:06.500,3.318,172700
2020-08-03 09:30:06.500,3.318,500
2020-08-03 09:30:06.500,3.318,500
2020-08-03 09:30:06.500,3.318,30000
2020-08-03 09:30:06.500,3.318,4000
2020-08-03 09:30:06.500,3.318,100
2020-08-03 09:30:06.500,3.318,10000
2020-08-03 09:30:06.500,3.318,500
2020-08-03 09:30:06.500,3.319,1000
2020-08-03 09:30:06.500,3.319,100
2020-08-03 09:30:06.500,3.319,100
2020-08-03 09:30:06.500,3.319,200
2020-08-03 09:30:06.500,3.319,200
2020-08-03 09:30:06.500,3.319,100
2020-08-03 09:30:06.500,3.319,100
2020-08-03 09:30:06.500,3.319,5000
2020-08-03 09:30:06.500,3.319,1000
2020-08-03 09:30:06.500,3.319,5000
2020-08-03 09:30:06.500,3.319,5000
2020-08-03 09:30:06.500,3.319,10000
2020-08-03 09:30:06.500,3.319,9100
2020-08-03 09:30:06.500,3.319,10000
2020-08-03 09:30:06.500,3.319,6600
2020-08-03 09:30:06.500,3.319,3000
2020-08-03 09:30:06.500,3.319,2500
2020-08-03 09:30:06.500,3.319,3000
2020-08-03 09:30:06.500,3.32,4000
2020-08-03 09:30:06.500,3.32,2000
2020-08-03 09:30:06.500,3.32,5000
2020-08-03 09:30:06.500,3.32,2500
2020-08-03 09:30:06.500,3.32,1000
2020-08-03 09:30:06.500,3.32,1000
2020-08-03 09:30:06.500,3.32,700
2020-08-03 09:30:06.500,3.32,1700
2020-08-03 09:30:06.500,3.32,1500
2020-08-03 09:30:06.500,3.32,1700
2020-08-03 09:30:06.500,3.32,6000
2020-08-03 09:30:06.500,3.32,2000
2020-08-03 09:30:06.500,3.32,10000
2020-08-03 09:30:06.500,3.32,2000
2020-08-03 09:30:06.500,3.32,100
2020-08-03 09:30:06.500,3.32,4500
2020-08-03 09:30:06.500,3.32,500
2020-08-03 09:30:06.500,3.32,200
2020-08-03 09:30:06.500,3.32,100
2020-08-03 09:30:06.500,3.32,200
2020-08-03 09:30:06.500,3.32,100
2020-08-03 09:30:06.500,3.32,100
2020-08-03 09:30:06.500,3.32,6000
2020-08-03 09:30:06.500,3.32,2000
2020-08-03 09:30:06.500,3.32,6200
2020-08-03 09:30:06.500,3.32,2000
2020-08-03 09:30:06.500,3.32,600
2020-08-03 09:30:06.500,3.32,6000
2020-08-03 09:30:06.500,3.32,4000
2020-08-03 09:30:06.500,3.32,5000
2020-08-03 09:30:06.500,3.32,200
2020-08-03 09:30:06.500,3.32,1800
2020-08-03 09:30:06.500,3.32,10000
2020-08-03 09:30:06.500,3.32,2900
2020-08-03 09:30:06.500,3.32,2000
2020-08-03 09:30:06.500,3.32,500
2020-08-03 09:30:06.500,3.32,10000
2020-08-03 09:30:06.500,3.32,5000
2020-08-03 09:30:06.500,3.32,100
2020-08-03 09:30:06.500,3.32,500
2020-08-03 09:30:06.500,3.321,2000
2020-08-03 09:30:06.500,3.321,1000
2020-08-03 09:30:06.500,3.321,500
2020-08-03 09:30:06.500,3.321,200
2020-08-03 09:30:06.500,3.321,100
2020-08-03 09:30:06.500,3.321,200
2020-08-03 09:30:06.500,3.321,100
2020-08-03 09:30:06.500,3.321,100
2020-08-03 09:30:06.500,3.321,5000
2020-08-03 09:30:06.500,3.321,10000
2020-08-03 09:30:06.500,3.321,10000
2020-08-03 09:30:06.500,3.321,5000
2020-08-03 09:30:06.500,3.321,54300
2020-08-03 09:30:06.500,3.321,100
2020-08-03 09:30:06.500,3.321,10000
2020-08-03 09:30:06.500,3.322,300
2020-08-03 09:30:06.500,3.322,1000
2020-08-03 09:30:06.500,3.322,2500
2020-08-03 09:30:06.500,3.322,200
2020-08-03 09:30:06.500,3.322,200
2020-08-03 09:30:06.500,3.322,100
2020-08-03 09:30:06.500,3.322,100
2020-08-03 09:30:06.500,3.322,100
2020-08-03 09:30:06.500,3.322,3900
2020-08-03 09:30:06.610,3.316,14600
2020-08-03 09:30:06.610,3.315,15400
2020-08-03 09:30:06.610,3.318,12500
2020-08-03 09:30:06.610,3.32,51500
2020-08-03 09:30:06.610,3.32,20000
2020-08-03 09:30:06.610,3.32,1500
2020-08-03 09:30:06.720,3.32,2500
2020-08-03 09:30:06.760,3.32,1700
2020-08-03 09:30:06.810,3.32,800
2020-08-03 09:30:06.850,3.32,2000
2020-08-03 09:30:06.850,3.32,8200
2020-08-03 09:30:06.890,3.32,2000
2020-08-03 09:30:06.890,3.32,5000
2020-08-03 09:30:06.940,3.32,2500
2020-08-03 09:30:06.940,3.32,10000
2020-08-03 09:30:06.970,3.32,10000
2020-08-03 09:30:07.040,3.32,20000
2020-08-03 09:30:07.080,3.32,1000
2020-08-03 09:30:07.120,3.32,12900
2020-08-03 09:30:07.170,3.32,3400
2020-08-03 09:30:07.170,3.32,300
2020-08-03 09:30:07.250,3.32,2200
2020-08-03 09:30:07.250,3.321,7000
2020-08-03 09:30:07.250,3.32,100
2020-08-03 09:30:07.300,3.32,1000
2020-08-03 09:30:07.300,3.32,20000
2020-08-03 09:30:07.300,3.32,5600
2020-08-03 09:30:07.470,3.32,285900
2020-08-03 09:30:07.470,3.32,1200
2020-08-03 09:30:07.550,3.32,5000
2020-08-03 09:30:07.550,3.321,23000
2020-08-03 09:30:07.550,3.321,25700
2020-08-03 09:30:07.550,3.322,2100
2020-08-03 09:30:07.550,3.322,1500
2020-08-03 09:30:07.550,3.322,6000
2020-08-03 09:30:07.550,3.322,5000
2020-08-03 09:30:07.550,3.322,3000
2020-08-03 09:30:07.550,3.322,7400
2020-08-03 09:30:07.550,3.322,20000
2020-08-03 09:30:07.590,3.322,500
2020-08-03 09:30:07.780,3.322,20000
2020-08-03 09:30:07.910,3.322,3000
2020-08-03 09:30:07.960,3.322,400
2020-08-03 09:30:08.190,3.322,2000
2020-08-03 09:30:08.390,3.322,100
2020-08-03 09:30:08.390,3.322,1000
2020-08-03 09:30:08.390,3.322,1400
2020-08-03 09:30:08.470,3.322,100
2020-08-03 09:30:08.470,3.322,4700
2020-08-03 09:30:08.560,3.322,5400
2020-08-03 09:30:08.710,3.322,700
2020-08-03 09:30:08.710,3.322,400
2020-08-03 09:30:08.750,3.322,9400
2020-08-03 09:30:08.870,3.322,500
2020-08-03 09:30:08.910,3.322,4000
2020-08-03 09:30:08.950,3.322,300
2020-08-03 09:30:09.030,3.322,1000
2020-08-03 09:30:09.030,3.322,6000
2020-08-03 09:30:09.100,3.323,300
2020-08-03 09:30:09.140,3.322,100
2020-08-03 09:30:09.180,3.322,3000
2020-08-03 09:30:09.220,3.322,100
2020-08-03 09:30:09.220,3.322,100
2020-08-03 09:30:09.220,3.322,500000
2020-08-03 09:30:09.310,3.322,100
2020-08-03 09:30:09.430,3.323,700
2020-08-03 09:30:09.430,3.323,100
2020-08-03 09:30:09.430,3.323,200
2020-08-03 09:30:09.430,3.323,100
2020-08-03 09:30:09.430,3.323,100
2020-08-03 09:30:09.430,3.323,100
2020-08-03 09:30:09.430,3.323,200
2020-08-03 09:30:09.430,3.323,5000
2020-08-03 09:30:09.430,3.323,10000
2020-08-03 09:30:09.430,3.323,20000
2020-08-03 09:30:09.430,3.323,6800
2020-08-03 09:30:09.430,3.323,1000
2020-08-03 09:30:09.430,3.323,52000
2020-08-03 09:30:09.430,3.323,40000
2020-08-03 09:30:09.430,3.324,1000
2020-08-03 09:30:09.430,3.324,200
2020-08-03 09:30:09.430,3.324,100
2020-08-03 09:30:09.430,3.324,100
2020-08-03 09:30:09.430,3.324,200
2020-08-03 09:30:09.430,3.324,100
2020-08-03 09:30:09.430,3.324,6000
2020-08-03 09:30:09.430,3.324,1500
2020-08-03 09:30:09.430,3.324,5000
2020-08-03 09:30:09.430,3.324,10000
2020-08-03 09:30:09.430,3.324,500
2020-08-03 09:30:09.430,3.324,4100
2020-08-03 09:30:09.430,3.324,10000
2020-08-03 09:30:09.430,3.325,1000
2020-08-03 09:30:09.430,3.325,1200
2020-08-03 09:30:09.430,3.325,10000
2020-08-03 09:30:09.430,3.325,10000
2020-08-03 09:30:09.430,3.325,200
2020-08-03 09:30:09.430,3.325,100
2020-08-03 09:30:09.430,3.325,100
2020-08-03 09:30:09.430,3.325,100
2020-08-03 09:30:09.430,3.325,200
2020-08-03 09:30:09.430,3.325,20000
2020-08-03 09:30:09.430,3.325,3500
2020-08-03 09:30:09.430,3.325,1800
2020-08-03 09:30:09.430,3.325,5000
2020-08-03 09:30:09.430,3.325,100
2020-08-03 09:30:09.430,3.325,100
2020-08-03 09:30:09.430,3.325,2400
2020-08-03 09:30:09.430,3.325,1000
2020-08-03 09:30:09.430,3.325,68100
2020-08-03 09:30:09.560,3.322,3500
2020-08-03 09:30:09.560,3.322,2000
2020-08-03 09:30:09.560,3.322,3000
2020-08-03 09:30:09.560,3.322,2300
2020-08-03 09:30:09.640,3.322,2700
2020-08-03 09:30:09.640,3.322,300
2020-08-03 09:30:09.790,3.323,30000
2020-08-03 09:30:09.790,3.323,10000
2020-08-03 09:30:09.870,3.323,4800
2020-08-03 09:30:09.940,3.323,2000
2020-08-03 09:30:09.970,3.323,76
2020-08-03 09:30:10.020,3.325,40000
2020-08-03 09:30:10.020,3.325,30000
2020-08-03 09:30:10.020,3.325,40000
2020-08-03 09:30:10.020,3.325,40000
2020-08-03 09:30:10.060,3.325,40000
2020-08-03 09:30:10.060,3.325,40000
2020-08-03 09:30:10.130,3.323,1200
2020-08-03 09:30:10.330,3.323,10000
2020-08-03 09:30:10.470,3.323,200
2020-08-03 09:30:10.540,3.323,1100
2020-08-03 09:30:10.640,3.325,40000
2020-08-03 09:30:10.640,3.325,30000
2020-08-03 09:30:10.670,3.324,10000
2020-08-03 09:30:10.970,3.324,5000
2020-08-03 09:30:11.000,3.324,100
2020-08-03 09:30:11.220,3.324,2900
2020-08-03 09:30:11.740,3.324,12000
2020-08-03 09:30:11.740,3.324,9100
2020-08-03 09:30:11.880,3.324,40000
2020-08-03 09:30:11.880,3.324,30000
2020-08-03 09:30:11.880,3.324,547000
2020-08-03 09:30:12.150,3.325,235700
2020-08-03 09:30:12.150,3.325,1000
2020-08-03 09:30:12.150,3.325,10000
2020-08-03 09:30:12.150,3.325,40000
2020-08-03 09:30:12.150,3.325,1000
2020-08-03 09:30:12.190,3.325,1000
2020-08-03 09:30:12.190,3.325,7000
2020-08-03 09:30:12.220,3.325,5000
2020-08-03 09:30:12.260,3.325,6000
2020-08-03 09:30:12.330,3.326,1000
2020-08-03 09:30:12.330,3.326,100
2020-08-03 09:30:12.330,3.326,500
2020-08-03 09:30:12.330,3.326,400
2020-08-03 09:30:12.330,3.326,1100
2020-08-03 09:30:12.470,3.325,2000
2020-08-03 09:30:12.510,3.326,30000
2020-08-03 09:30:12.510,3.325,900
2020-08-03 09:30:12.540,3.325,1000
2020-08-03 09:30:12.570,3.326,26900
2020-08-03 09:30:12.570,3.326,2500
2020-08-03 09:30:12.570,3.326,200
2020-08-03 09:30:12.570,3.326,200
2020-08-03 09:30:12.570,3.326,100
2020-08-03 09:30:12.570,3.326,100
2020-08-03 09:30:12.570,3.326,100
2020-08-03 09:30:12.570,3.326,6000
2020-08-03 09:30:12.570,3.326,100
2020-08-03 09:30:12.570,3.326,1500
2020-08-03 09:30:12.570,3.326,2300
2020-08-03 09:30:12.570,3.326,2700
2020-08-03 09:30:12.570,3.326,6000
2020-08-03 09:30:12.570,3.326,1000
2020-08-03 09:30:12.570,3.326,800
2020-08-03 09:30:12.570,3.326,3300
2020-08-03 09:30:12.570,3.326,500
2020-08-03 09:30:12.570,3.326,35700
2020-08-03 09:30:12.610,3.326,15600
2020-08-03 09:30:12.610,3.326,11000
2020-08-03 09:30:12.610,3.327,5000
2020-08-03 09:30:12.610,3.327,1000
2020-08-03 09:30:12.610,3.327,1000
2020-08-03 09:30:12.610,3.327,3200
2020-08-03 09:30:12.610,3.327,200
2020-08-03 09:30:12.610,3.327,200
2020-08-03 09:30:12.610,3.327,100
2020-08-03 09:30:12.610,3.327,100
2020-08-03 09:30:12.610,3.327,100
2020-08-03 09:30:12.610,3.327,2500
2020-08-03 09:30:12.720,3.325,5000
2020-08-03 09:30:12.920,3.327,7500
2020-08-03 09:30:12.920,3.327,6000
2020-08-03 09:30:12.920,3.327,5000
2020-08-03 09:30:12.920,3.327,11500
2020-08-03 09:30:13.060,3.326,500
2020-08-03 09:30:13.090,3.326,29500
2020-08-03 09:30:13.090,3.325,500
2020-08-03 09:30:13.130,3.325,3300
2020-08-03 09:30:13.410,3.327,18500
2020-08-03 09:30:13.410,3.327,10000
2020-08-03 09:30:13.410,3.328,11500
2020-08-03 09:30:13.520,3.326,10000
2020-08-03 09:30:13.710,3.326,1000
2020-08-03 09:30:13.810,3.326,1000
2020-08-03 09:30:13.920,3.326,300
2020-08-03 09:30:13.950,3.328,8500
2020-08-03 09:30:13.950,3.328,2600
2020-08-03 09:30:13.950,3.328,1000
2020-08-03 09:30:13.950,3.328,1000
2020-08-03 09:30:13.950,3.328,500
2020-08-03 09:30:13.950,3.328,26400
2020-08-03 09:30:14.050,3.327,2000
2020-08-03 09:30:14.090,3.327,300
2020-08-03 09:30:14.090,3.327,2000
2020-08-03 09:30:14.260,3.328,100
2020-08-03 09:30:14.330,3.327,100
2020-08-03 09:30:14.330,3.327,3200
2020-08-03 09:30:15.590,3.327,100
2020-08-03 09:30:15.630,3.327,100300
2020-08-03 09:30:15.990,3.328,31700
2020-08-03 09:30:15.990,3.328,500
2020-08-03 09:30:15.990,3.328,200
2020-08-03 09:30:15.990,3.328,900
2020-08-03 09:30:15.990,3.328,100
2020-08-03 09:30:15.990,3.328,1000
2020-08-03 09:30:15.990,3.328,200
2020-08-03 09:30:15.990,3.328,200
2020-08-03 09:30:15.990,3.328,100
2020-08-03 09:30:15.990,3.328,100
2020-08-03 09:30:15.990,3.328,100
2020-08-03 09:30:15.990,3.328,6000
2020-08-03 09:30:15.990,3.328,1500
2020-08-03 09:30:15.990,3.328,3000
2020-08-03 09:30:15.990,3.328,10000
2020-08-03 09:30:15.990,3.328,600
2020-08-03 09:30:15.990,3.328,10000
2020-08-03 09:30:15.990,3.328,5000
2020-08-03 09:30:15.990,3.328,2000
2020-08-03 09:30:15.990,3.328,2600
2020-08-03 09:30:15.990,3.328,500
2020-08-03 09:30:15.990,3.328,1000
2020-08-03 09:30:15.990,3.328,1000
2020-08-03 09:30:15.990,3.328,5000
2020-08-03 09:30:15.990,3.328,10000
2020-08-03 09:30:15.990,3.328,10000
2020-08-03 09:30:15.990,3.328,80000
2020-08-03 09:30:15.990,3.328,10000
2020-08-03 09:30:15.990,3.329,1000
2020-08-03 09:30:15.990,3.329,1600
2020-08-03 09:30:15.990,3.329,800
2020-08-03 09:30:15.990,3.329,4200
2020-08-03 09:30:15.990,3.329,5000
2020-08-03 09:30:15.990,3.329,200
2020-08-03 09:30:15.990,3.329,200
2020-08-03 09:30:15.990,3.329,100
2020-08-03 09:30:15.990,3.329,100
2020-08-03 09:30:15.990,3.329,100
2020-08-03 09:30:15.990,3.329,500
2020-08-03 09:30:15.990,3.329,2100
2020-08-03 09:30:15.990,3.329,5000
2020-08-03 09:30:15.990,3.329,6000
2020-08-03 09:30:15.990,3.329,5000
2020-08-03 09:30:15.990,3.329,500
2020-08-03 09:30:15.990,3.329,10000
2020-08-03 09:30:15.990,3.329,1000
2020-08-03 09:30:15.990,3.329,9100
2020-08-03 09:30:15.990,3.329,10000
2020-08-03 09:30:15.990,3.329,100
2020-08-03 09:30:15.990,3.329,5000
2020-08-03 09:30:15.990,3.329,4000
2020-08-03 09:30:15.990,3.329,20000
2020-08-03 09:30:16.040,3.329,100
2020-08-03 09:30:16.080,3.329,3000
2020-08-03 09:30:16.350,3.329,500
2020-08-03 09:30:17.110,3.329,1000
2020-08-03 09:30:17.210,3.329,1000
2020-08-03 09:30:17.270,3.33,1000
2020-08-03 09:30:17.270,3.33,10000
2020-08-03 09:30:17.270,3.33,2000
2020-08-03 09:30:17.270,3.33,600
2020-08-03 09:30:17.270,3.33,800
2020-08-03 09:30:17.270,3.33,6300
2020-08-03 09:30:17.270,3.33,1000
2020-08-03 09:30:17.270,3.33,1000
2020-08-03 09:30:17.270,3.33,17300
2020-08-03 09:30:17.310,3.329,500
2020-08-03 09:30:17.550,3.329,500
2020-08-03 09:30:17.620,3.329,4500
2020-08-03 09:30:17.620,3.329,500
2020-08-03 09:30:18.450,3.33,2700
2020-08-03 09:30:18.450,3.33,2000
2020-08-03 09:30:18.450,3.33,400
2020-08-03 09:30:18.450,3.33,2000
2020-08-03 09:30:18.450,3.33,10000
2020-08-03 09:30:18.450,3.33,300
2020-08-03 09:30:18.450,3.33,4100
2020-08-03 09:30:18.450,3.33,1500
2020-08-03 09:30:18.450,3.33,6600
2020-08-03 09:30:18.450,3.33,400
2020-08-03 09:30:18.990,3.33,1600
2020-08-03 09:30:18.990,3.33,10000
2020-08-03 09:30:18.990,3.33,2000
2020-08-03 09:30:18.990,3.33,100
2020-08-03 09:30:18.990,3.33,10000
2020-08-03 09:30:18.990,3.33,1000
2020-08-03 09:30:18.990,3.33,500
2020-08-03 09:30:18.990,3.33,400
2020-08-03 09:30:18.990,3.33,200
2020-08-03 09:30:18.990,3.33,200
2020-08-03 09:30:18.990,3.33,100
2020-08-03 09:30:18.990,3.33,100
2020-08-03 09:30:18.990,3.33,100
2020-08-03 09:30:18.990,3.33,3700
2020-08-03 09:30:18.990,3.33,1500
2020-08-03 09:30:18.990,3.33,10000
2020-08-03 09:30:18.990,3.33,5000
2020-08-03 09:30:18.990,3.33,15000
2020-08-03 09:30:18.990,3.33,500
2020-08-03 09:30:18.990,3.33,20000
2020-08-03 09:30:18.990,3.33,100
2020-08-03 09:30:18.990,3.33,10000
2020-08-03 09:30:18.990,3.33,5000
2020-08-03 09:30:18.990,3.33,30800
2020-08-03 09:30:18.990,3.33,5000
2020-08-03 09:30:18.990,3.33,200
2020-08-03 09:30:18.990,3.33,100
2020-08-03 09:30:18.990,3.33,10000
2020-08-03 09:30:18.990,3.33,4200
2020-08-03 09:30:18.990,3.33,500
2020-08-03 09:30:18.990,3.33,12000
2020-08-03 09:30:18.990,3.33,500
2020-08-03 09:30:18.990,3.33,1000
2020-08-03 09:30:18.990,3.33,3000
2020-08-03 09:30:18.990,3.33,3000
2020-08-03 09:30:18.990,3.33,4400
2020-08-03 09:30:18.990,3.33,4000
2020-08-03 09:30:19.080,3.331,2800
2020-08-03 09:30:19.080,3.331,1000
2020-08-03 09:30:19.080,3.331,500
2020-08-03 09:30:19.080,3.331,10000
2020-08-03 09:30:19.080,3.331,200
2020-08-03 09:30:19.080,3.331,100
2020-08-03 09:30:19.080,3.331,100
2020-08-03 09:30:19.080,3.331,200
2020-08-03 09:30:19.080,3.331,100
2020-08-03 09:30:19.080,3.331,1000
2020-08-03 09:30:19.080,3.331,5000
2020-08-03 09:30:19.080,3.331,4700
2020-08-03 09:30:19.080,3.332,1000
2020-08-03 09:30:19.080,3.332,400
2020-08-03 09:30:19.080,3.332,3900
2020-08-03 09:30:19.080,3.332,100
2020-08-03 09:30:19.080,3.332,200
2020-08-03 09:30:19.080,3.332,100
2020-08-03 09:30:19.080,3.332,100
2020-08-03 09:30:19.080,3.332,200
2020-08-03 09:30:19.080,3.332,5000
2020-08-03 09:30:19.080,3.332,3000
2020-08-03 09:30:19.430,3.332,100
2020-08-03 09:30:20.490,3.332,200
2020-08-03 09:30:20.490,3.33,100
2020-08-03 09:30:20.580,3.331,5000
2020-08-03 09:30:20.660,3.331,16800
2020-08-03 09:30:21.600,3.33,6000
2020-08-03 09:30:22.080,3.33,12500
2020-08-03 09:30:22.300,3.33,100
2020-08-03 09:30:23.200,3.333,200
2020-08-03 09:30:23.800,3.333,200
2020-08-03 09:30:23.800,3.333,1000
2020-08-03 09:30:23.800,3.333,1700
2020-08-03 09:30:23.800,3.333,6000
2020-08-03 09:30:23.800,3.333,100
2020-08-03 09:30:23.800,3.333,100
2020-08-03 09:30:23.800,3.333,200
2020-08-03 09:30:23.800,3.333,100
2020-08-03 09:30:23.800,3.333,200
2020-08-03 09:30:23.800,3.333,100
2020-08-03 09:30:23.800,3.333,10000
2020-08-03 09:30:23.800,3.333,12000
2020-08-03 09:30:23.800,3.333,8300
2020-08-03 09:30:24.090,3.331,3500
2020-08-03 09:30:24.500,3.331,26500
2020-08-03 09:30:24.500,3.33,3500
2020-08-03 09:30:24.630,3.33,1000
2020-08-03 09:30:25.010,3.333,1700
2020-08-03 09:30:25.010,3.333,300
2020-08-03 09:30:25.010,3.333,5000
2020-08-03 09:30:25.010,3.333,110000
2020-08-03 09:30:25.010,3.333,8000
2020-08-03 09:30:25.010,3.333,7000
2020-08-03 09:30:25.010,3.333,900
2020-08-03 09:30:25.010,3.333,500
2020-08-03 09:30:25.010,3.333,18600
2020-08-03 09:30:25.010,3.333,6200
2020-08-03 09:30:25.010,3.333,5000
2020-08-03 09:30:25.010,3.333,10000
2020-08-03 09:30:25.010,3.333,2000
2020-08-03 09:30:25.010,3.333,4000
2020-08-03 09:30:25.010,3.333,50000
2020-08-03 09:30:25.010,3.334,43800
2020-08-03 09:30:25.010,3.334,1000
2020-08-03 09:30:25.010,3.334,1600
2020-08-03 09:30:25.010,3.334,200
2020-08-03 09:30:25.010,3.334,100
2020-08-03 09:30:25.010,3.334,100
2020-08-03 09:30:25.010,3.334,100
2020-08-03 09:30:25.010,3.334,5000
2020-08-03 09:30:25.010,3.334,1000
2020-08-03 09:30:25.010,3.334,5000
2020-08-03 09:30:25.010,3.335,100
2020-08-03 09:30:25.010,3.335,4000
2020-08-03 09:30:25.010,3.335,500
2020-08-03 09:30:25.010,3.335,1000
2020-08-03 09:30:25.010,3.335,700
2020-08-03 09:30:25.010,3.335,1000
2020-08-03 09:30:25.010,3.335,8000
2020-08-03 09:30:25.010,3.335,6000
2020-08-03 09:30:25.010,3.335,6000
2020-08-03 09:30:25.010,3.335,500
2020-08-03 09:30:25.010,3.335,100
2020-08-03 09:30:25.010,3.335,200
2020-08-03 09:30:25.010,3.335,100
2020-08-03 09:30:25.010,3.335,100
2020-08-03 09:30:25.010,3.335,200
2020-08-03 09:30:25.010,3.335,100
2020-08-03 09:30:25.010,3.335,11400
2020-08-03 09:30:25.010,3.335,2900
2020-08-03 09:30:25.010,3.335,3500
2020-08-03 09:30:25.010,3.335,10000
2020-08-03 09:30:25.010,3.335,100
2020-08-03 09:30:25.010,3.335,3000
2020-08-03 09:30:25.010,3.335,2500
2020-08-03 09:30:25.010,3.335,5000
2020-08-03 09:30:25.010,3.335,2200
2020-08-03 09:30:25.010,3.335,3000
2020-08-03 09:30:25.010,3.335,200
2020-08-03 09:30:25.010,3.335,1200
2020-08-03 09:30:25.010,3.335,2000
2020-08-03 09:30:25.010,3.335,3000
2020-08-03 09:30:25.010,3.335,20000
2020-08-03 09:30:25.010,3.335,14300
2020-08-03 09:30:25.200,3.331,100
2020-08-03 09:30:25.400,3.333,153100
2020-08-03 09:30:25.480,3.334,1000
2020-08-03 09:30:25.510,3.334,13500
2020-08-03 09:30:26.090,3.334,4000
2020-08-03 09:30:26.280,3.334,2600
2020-08-03 09:30:26.450,3.334,18900
2020-08-03 09:30:26.450,3.333,31100
2020-08-03 09:30:26.480,3.335,15700
2020-08-03 09:30:26.480,3.335,400
2020-08-03 09:30:26.780,3.335,16800
2020-08-03 09:30:26.780,3.335,700
2020-08-03 09:30:27.290,3.336,1000
2020-08-03 09:30:27.290,3.336,3500
2020-08-03 09:30:27.290,3.336,5000
2020-08-03 09:30:27.290,3.336,3000
2020-08-03 09:30:27.290,3.336,500
2020-08-03 09:30:27.290,3.336,600
2020-08-03 09:30:27.290,3.336,200
2020-08-03 09:30:27.290,3.336,1500
2020-08-03 09:30:27.290,3.336,200
2020-08-03 09:30:27.290,3.336,200
2020-08-03 09:30:27.290,3.336,100
2020-08-03 09:30:27.290,3.336,100
2020-08-03 09:30:27.290,3.336,100
2020-08-03 09:30:27.290,3.336,13900
2020-08-03 09:30:27.820,3.336,16300
2020-08-03 09:30:27.820,3.336,100
2020-08-03 09:30:27.820,3.336,1500
2020-08-03 09:30:27.820,3.336,5000
2020-08-03 09:30:27.820,3.336,5000
2020-08-03 09:30:27.820,3.336,2000
2020-08-03 09:30:27.820,3.336,400
2020-08-03 09:30:27.820,3.336,10000
2020-08-03 09:30:27.820,3.336,6700
2020-08-03 09:30:27.820,3.336,500
2020-08-03 09:30:27.820,3.336,1600
2020-08-03 09:30:27.820,3.336,5000
2020-08-03 09:30:27.850,3.336,9600
2020-08-03 09:30:27.980,3.336,13300
2020-08-03 09:30:27.980,3.336,6600
2020-08-03 09:30:28.080,3.336,40500
2020-08-03 09:30:28.080,3.336,17300
2020-08-03 09:30:28.610,3.336,1000
2020-08-03 09:30:28.720,3.337,3000
2020-08-03 09:30:28.720,3.337,300
2020-08-03 09:30:28.720,3.337,900
2020-08-03 09:30:28.720,3.337,6000
2020-08-03 09:30:28.720,3.337,2800
2020-08-03 09:30:28.720,3.337,3000
2020-08-03 09:30:28.720,3.337,100
2020-08-03 09:30:28.720,3.337,200
2020-08-03 09:30:28.720,3.337,100
2020-08-03 09:30:28.720,3.337,200
2020-08-03 09:30:28.720,3.337,100
2020-08-03 09:30:28.720,3.337,10000
2020-08-03 09:30:28.720,3.337,10000
2020-08-03 09:30:28.720,3.337,50000
2020-08-03 09:30:28.720,3.337,3000
2020-08-03 09:30:28.720,3.337,30000
2020-08-03 09:30:28.720,3.337,5000
2020-08-03 09:30:28.720,3.337,2000
2020-08-03 09:30:28.720,3.337,1000
2020-08-03 09:30:28.720,3.337,20000
2020-08-03 09:30:28.720,3.337,2000
2020-08-03 09:30:28.720,3.337,33800
2020-08-03 09:30:28.720,3.338,20000
2020-08-03 09:30:28.720,3.338,5000
2020-08-03 09:30:28.720,3.338,1000
2020-08-03 09:30:28.720,3.338,6000
2020-08-03 09:30:28.720,3.338,4000
2020-08-03 09:30:28.720,3.338,100
2020-08-03 09:30:28.720,3.338,1000
2020-08-03 09:30:28.720,3.338,100
2020-08-03 09:30:28.720,3.338,2000
2020-08-03 09:30:28.720,3.338,200
2020-08-03 09:30:28.720,3.338,200
2020-08-03 09:30:28.720,3.338,100
2020-08-03 09:30:28.720,3.338,100
2020-08-03 09:30:28.720,3.338,100
2020-08-03 09:30:28.720,3.338,50000
2020-08-03 09:30:28.720,3.338,20000
2020-08-03 09:30:28.720,3.338,5000
2020-08-03 09:30:28.720,3.338,1600
2020-08-03 09:30:28.870,3.336,2000
2020-08-03 09:30:29.190,3.336,700
2020-08-03 09:30:29.460,3.336,116000
2020-08-03 09:30:29.840,3.336,100
2020-08-03 09:30:30.580,3.336,10000
2020-08-03 09:30:30.840,3.336,5000
2020-08-03 09:30:31.480,3.336,5000
2020-08-03 09:30:31.630,3.336,10000
2020-08-03 09:30:31.890,3.338,3400
2020-08-03 09:30:31.890,3.338,100
2020-08-03 09:30:31.890,3.338,1000
2020-08-03 09:30:31.890,3.338,3000
2020-08-03 09:30:31.890,3.338,20000
2020-08-03 09:30:31.890,3.338,500
2020-08-03 09:30:31.890,3.339,1500
2020-08-03 09:30:31.890,3.339,10000
2020-08-03 09:30:31.890,3.339,5000
2020-08-03 09:30:31.890,3.339,100
2020-08-03 09:30:31.890,3.339,200
2020-08-03 09:30:31.890,3.339,200
2020-08-03 09:30:31.890,3.339,100
2020-08-03 09:30:31.890,3.339,100
2020-08-03 09:30:31.890,3.339,100
2020-08-03 09:30:31.890,3.339,5000
2020-08-03 09:30:31.890,3.339,4000
2020-08-03 09:30:31.890,3.339,400
2020-08-03 09:30:31.890,3.339,5000
2020-08-03 09:30:31.890,3.339,9100
2020-08-03 09:30:31.890,3.339,10000
2020-08-03 09:30:31.890,3.339,16300
2020-08-03 09:30:31.890,3.339,6000
2020-08-03 09:30:31.890,3.339,198900
2020-08-03 09:30:32.020,3.336,5000
2020-08-03 09:30:32.110,3.336,700
2020-08-03 09:30:32.360,3.336,5000
2020-08-03 09:30:32.360,3.336,25000
2020-08-03 09:30:32.390,3.336,3300
2020-08-03 09:30:32.430,3.336,2900
2020-08-03 09:30:34.240,3.336,3000
2020-08-03 09:30:34.240,3.338,2000
2020-08-03 09:30:34.880,3.336,1500
2020-08-03 09:30:35.160,3.337,5000
2020-08-03 09:30:35.380,3.336,30000
2020-08-03 09:30:35.460,3.336,56500
2020-08-03 09:30:35.460,3.336,3370
2020-08-03 09:30:35.750,3.336,25200
2020-08-03 09:30:35.880,3.336,3000
2020-08-03 09:30:35.920,3.336,100
2020-08-03 09:30:36.460,3.336,1000
2020-08-03 09:30:36.910,3.337,5000
2020-08-03 09:30:36.910,3.338,25000
2020-08-03 09:30:37.510,3.336,12000
2020-08-03 09:30:37.580,3.335,3000
2020-08-03 09:30:37.800,3.335,500
2020-08-03 09:30:38.300,3.334,200
2020-08-03 09:30:38.490,3.336,8000
2020-08-03 09:30:38.490,3.336,1200
2020-08-03 09:30:38.490,3.336,19700
2020-08-03 09:30:38.530,3.336,200
2020-08-03 09:30:38.570,3.336,20900
2020-08-03 09:30:38.760,3.336,3300
2020-08-03 09:30:38.960,3.334,500
2020-08-03 09:30:39.130,3.336,1100
2020-08-03 09:30:39.130,3.336,900
2020-08-03 09:30:39.290,3.336,1000
2020-08-03 09:30:39.600,3.334,1000
2020-08-03 09:30:39.670,3.336,18300
2020-08-03 09:30:40.090,3.336,1500
2020-08-03 09:30:40.090,3.336,34600
2020-08-03 09:30:40.320,3.336,1000
2020-08-03 09:30:40.540,3.336,1000
2020-08-03 09:30:40.540,3.337,28800
2020-08-03 09:30:40.700,3.336,1000
2020-08-03 09:30:41.100,3.336,2500
2020-08-03 09:30:41.200,3.336,3000
2020-08-03 09:30:41.230,3.336,3600
2020-08-03 09:30:41.990,3.336,16800
2020-08-03 09:30:42.050,3.336,235000
2020-08-03 09:30:42.050,3.336,1000
2020-08-03 09:30:42.190,3.336,188000
2020-08-03 09:30:42.510,3.336,10000
2020-08-03 09:30:42.960,3.336,1300
2020-08-03 09:30:43.430,3.335,9200
2020-08-03 09:30:43.460,3.336,3000
2020-08-03 09:30:44.040,3.335,5000
2020-08-03 09:30:44.360,3.336,1600
2020-08-03 09:30:44.490,3.336,5000
2020-08-03 09:30:44.830,3.336,3000
2020-08-03 09:30:45.730,3.335,1100
2020-08-03 09:30:45.830,3.336,1000
2020-08-03 09:30:45.860,3.336,97200
2020-08-03 09:30:45.890,3.336,10000
2020-08-03 09:30:46.050,3.336,13400
2020-08-03 09:30:46.110,3.335,1900
2020-08-03 09:30:46.110,3.335,13100
2020-08-03 09:30:46.210,3.335,98
2020-08-03 09:30:47.150,3.336,2000
2020-08-03 09:30:47.240,3.335,500
2020-08-03 09:30:47.370,3.335,5000
2020-08-03 09:30:47.430,3.335,500
2020-08-03 09:30:47.430,3.335,500
2020-08-03 09:30:48.030,3.335,3000
2020-08-03 09:30:48.060,3.335,10000
2020-08-03 09:30:48.130,3.335,3600
2020-08-03 09:30:48.230,3.335,5000
2020-08-03 09:30:48.230,3.335,17000
2020-08-03 09:30:48.260,3.335,100
2020-08-03 09:30:48.360,3.335,2000
2020-08-03 09:30:48.450,3.335,500
2020-08-03 09:30:48.550,3.335,1500
2020-08-03 09:30:48.880,3.335,3200
2020-08-03 09:30:49.310,3.335,1000
2020-08-03 09:30:49.660,3.336,40000
2020-08-03 09:30:49.910,3.336,40000
2020-08-03 09:30:50.250,3.335,500
2020-08-03 09:30:50.310,3.335,11700
2020-08-03 09:30:50.340,3.335,200
2020-08-03 09:30:50.610,3.336,28900
2020-08-03 09:30:50.930,3.335,3300
2020-08-03 09:30:51.250,3.336,3000
2020-08-03 09:30:51.290,3.336,53500
2020-08-03 09:30:51.320,3.335,2500
2020-08-03 09:30:51.540,3.335,6400
2020-08-03 09:30:51.700,3.336,1000
2020-08-03 09:30:51.770,3.336,5000
2020-08-03 09:30:51.860,3.336,600
2020-08-03 09:30:52.430,3.335,5000
2020-08-03 09:30:52.460,3.335,20400
2020-08-03 09:30:52.460,3.335,40000
2020-08-03 09:30:54.890,3.335,1000
2020-08-03 09:30:55.680,3.334,8900
2020-08-03 09:30:55.680,3.334,1100
2020-08-03 09:30:56.120,3.335,40000
2020-08-03 09:30:56.680,3.334,500
2020-08-03 09:30:56.720,3.335,1200
2020-08-03 09:30:57.500,3.334,8400
2020-08-03 09:30:57.500,3.334,36900
2020-08-03 09:30:58.640,3.334,10000
2020-08-03 09:30:58.640,3.334,500
2020-08-03 09:30:58.640,3.334,500
2020-08-03 09:30:58.640,3.334,1300
2020-08-03 09:30:58.740,3.333,10000
2020-08-03 09:30:58.740,3.333,9900
2020-08-03 09:30:58.740,3.333,1000
2020-08-03 09:30:58.740,3.333,6000
2020-08-03 09:30:58.740,3.333,60000
2020-08-03 09:30:58.740,3.333,40000
2020-08-03 09:30:58.740,3.333,600
2020-08-03 09:30:59.850,3.333,10000
2020-08-03 09:31:00.090,3.333,5000
2020-08-03 09:31:00.340,3.333,100
2020-08-03 09:31:00.560,3.333,500
2020-08-03 09:31:01.010,3.333,5000
2020-08-03 09:31:01.140,3.333,1000
2020-08-03 09:31:01.480,3.332,59500
2020-08-03 09:31:01.480,3.333,1700
2020-08-03 09:31:01.900,3.333,40000
2020-08-03 09:31:01.900,3.333,40000
2020-08-03 09:31:01.900,3.333,40000
2020-08-03 09:31:01.900,3.333,40000
2020-08-03 09:31:01.970,3.332,500
2020-08-03 09:31:01.970,3.332,2500
2020-08-03 09:31:02.000,3.333,1000
2020-08-03 09:31:02.160,3.333,38100
2020-08-03 09:31:02.160,3.334,1700
2020-08-03 09:31:02.160,3.334,5000
2020-08-03 09:31:02.160,3.334,3000
2020-08-03 09:31:02.160,3.334,2000
2020-08-03 09:31:02.160,3.334,100
2020-08-03 09:31:02.160,3.334,1000
2020-08-03 09:31:02.160,3.334,3200
2020-08-03 09:31:02.160,3.334,6900
2020-08-03 09:31:02.160,3.334,20000
2020-08-03 09:31:02.160,3.334,6800
2020-08-03 09:31:02.160,3.334,3900
2020-08-03 09:31:02.160,3.334,700
2020-08-03 09:31:02.160,3.335,67600
2020-08-03 09:31:02.290,3.332,500
2020-08-03 09:31:02.530,3.334,1500
2020-08-03 09:31:02.600,3.334,3300
2020-08-03 09:31:02.760,3.334,200
2020-08-03 09:31:02.890,3.332,39500
2020-08-03 09:31:03.200,3.334,3500
2020-08-03 09:31:03.540,3.333,3000
2020-08-03 09:31:03.600,3.333,10000
2020-08-03 09:31:03.790,3.334,1500
2020-08-03 09:31:03.790,3.334,2000
2020-08-03 09:31:03.790,3.335,6500
2020-08-03 09:31:04.570,3.333,4000
2020-08-03 09:31:04.710,3.333,3000
2020-08-03 09:31:04.800,3.333,9000
2020-08-03 09:31:04.940,3.334,1000
2020-08-03 09:31:04.940,3.334,2000
2020-08-03 09:31:04.940,3.334,20000
2020-08-03 09:31:04.940,3.334,17000
2020-08-03 09:31:04.970,3.334,600
2020-08-03 09:31:05.430,3.333,12600
2020-08-03 09:31:05.460,3.333,18400
2020-08-03 09:31:05.460,3.333,342000
2020-08-03 09:31:05.660,3.333,40000
2020-08-03 09:31:05.890,3.334,4200
2020-08-03 09:31:07.220,3.334,200000
2020-08-03 09:31:07.250,3.334,40000
2020-08-03 09:31:07.520,3.334,40000
2020-08-03 09:31:07.520,3.334,40000
2020-08-03 09:31:07.680,3.333,13300
2020-08-03 09:31:07.750,3.334,10400
2020-08-03 09:31:08.000,3.334,227800
2020-08-03 09:31:08.000,3.334,5000
2020-08-03 09:31:08.000,3.334,10000
2020-08-03 09:31:08.000,3.334,10000
2020-08-03 09:31:08.000,3.334,500
2020-08-03 09:31:08.000,3.334,1300
2020-08-03 09:31:08.000,3.334,500
2020-08-03 09:31:08.060,3.334,17600
2020-08-03 09:31:08.320,3.334,2900
2020-08-03 09:31:08.500,3.335,40000
2020-08-03 09:31:08.500,3.335,40000
2020-08-03 09:31:08.500,3.334,4500
2020-08-03 09:31:08.700,3.334,10000
2020-08-03 09:31:08.700,3.334,8100
2020-08-03 09:31:08.740,3.334,1800
2020-08-03 09:31:08.740,3.334,30000
2020-08-03 09:31:08.740,3.333,2800
2020-08-03 09:31:08.900,3.335,30000
2020-08-03 09:31:09.070,3.334,200
2020-08-03 09:31:09.070,3.333,29800
2020-08-03 09:31:09.430,3.334,10000
2020-08-03 09:31:09.430,3.335,290000
2020-08-03 09:31:09.890,3.333,10000
2020-08-03 09:31:09.950,3.334,11300
2020-08-03 09:31:09.950,3.334,50000
2020-08-03 09:31:09.950,3.334,4800
2020-08-03 09:31:09.950,3.335,141600
2020-08-03 09:31:09.980,3.335,40000
2020-08-03 09:31:09.980,3.335,40000
2020-08-03 09:31:10.020,3.334,3000
2020-08-03 09:31:10.050,3.334,19200
2020-08-03 09:31:10.080,3.335,1000
2020-08-03 09:31:10.080,3.334,2300
2020-08-03 09:31:10.170,3.334,400
2020-08-03 09:31:10.170,3.335,30000
2020-08-03 09:31:10.400,3.334,5100
2020-08-03 09:31:10.400,3.334,2000
2020-08-03 09:31:10.400,3.333,33600
2020-08-03 09:31:10.470,3.333,100000
2020-08-03 09:31:10.470,3.334,6600
2020-08-03 09:31:10.470,3.333,1100
2020-08-03 09:31:10.540,3.333,20000
2020-08-03 09:31:10.570,3.334,7400
2020-08-03 09:31:10.570,3.335,22600
2020-08-03 09:31:10.630,3.335,30000
2020-08-03 09:31:10.870,3.334,40000
2020-08-03 09:31:10.870,3.333,70000
2020-08-03 09:31:10.960,3.335,18100
2020-08-03 09:31:10.960,3.335,6000
2020-08-03 09:31:10.960,3.335,5000
2020-08-03 09:31:10.960,3.335,3400
2020-08-03 09:31:10.960,3.335,1000
2020-08-03 09:31:10.960,3.335,6500
2020-08-03 09:31:11.030,3.335,40000
2020-08-03 09:31:11.030,3.335,10100
2020-08-03 09:31:11.030,3.335,29900
2020-08-03 09:31:11.120,3.334,100
2020-08-03 09:31:11.150,3.334,1100
2020-08-03 09:31:11.150,3.334,5000
2020-08-03 09:31:11.240,3.334,400
2020-08-03 09:31:11.470,3.334,12400
2020-08-03 09:31:11.470,3.334,7600
2020-08-03 09:31:11.570,3.334,1000
2020-08-03 09:31:11.570,3.335,10600
2020-08-03 09:31:11.570,3.335,2500
2020-08-03 09:31:11.570,3.335,26900
2020-08-03 09:31:11.570,3.334,25300
2020-08-03 09:31:11.600,3.334,6100
2020-08-03 09:31:11.600,3.334,13900
2020-08-03 09:31:11.630,3.334,1000
2020-08-03 09:31:11.950,3.335,53500
2020-08-03 09:31:11.950,3.335,44700
2020-08-03 09:31:11.950,3.335,1000
2020-08-03 09:31:11.950,3.335,5000
2020-08-03 09:31:11.950,3.335,1000
2020-08-03 09:31:11.950,3.335,5000
2020-08-03 09:31:11.950,3.335,9000
2020-08-03 09:31:11.950,3.335,200
2020-08-03 09:31:11.950,3.335,40000
2020-08-03 09:31:11.950,3.335,2000
2020-08-03 09:31:11.950,3.335,1000
2020-08-03 09:31:11.950,3.335,3000
2020-08-03 09:31:11.950,3.335,7700
2020-08-03 09:31:12.130,3.334,1000
2020-08-03 09:31:12.200,3.334,3000
2020-08-03 09:31:12.230,3.334,1000
2020-08-03 09:31:12.370,3.334,1000
2020-08-03 09:31:12.370,3.335,12300
2020-08-03 09:31:12.370,3.335,500
2020-08-03 09:31:12.520,3.336,1000
2020-08-03 09:31:12.560,3.335,17200
2020-08-03 09:31:12.560,3.334,42800
2020-08-03 09:31:12.750,3.334,1000
2020-08-03 09:31:12.780,3.334,25300
2020-08-03 09:31:12.780,3.334,14700
2020-08-03 09:31:12.780,3.334,15300
2020-08-03 09:31:12.780,3.334,2500
2020-08-03 09:31:12.950,3.336,300
2020-08-03 09:31:12.990,3.336,30000
2020-08-03 09:31:13.060,3.335,500
2020-08-03 09:31:13.250,3.335,1200
2020-08-03 09:31:13.250,3.335,2000
2020-08-03 09:31:13.250,3.334,1000
2020-08-03 09:31:13.410,3.334,3000
2020-08-03 09:31:13.410,3.335,4800
2020-08-03 09:31:13.770,3.335,1000
2020-08-03 09:31:13.800,3.335,24200
2020-08-03 09:31:13.830,3.334,500
2020-08-03 09:31:13.960,3.335,5700
2020-08-03 09:31:13.960,3.336,34300
2020-08-03 09:31:13.960,3.336,40000
2020-08-03 09:31:14.000,3.335,15100
2020-08-03 09:31:14.360,3.335,1000
2020-08-03 09:31:14.530,3.335,9700
2020-08-03 09:31:14.770,3.335,14200
2020-08-03 09:31:14.770,3.335,5800
2020-08-03 09:31:15.350,3.334,5000
2020-08-03 09:31:15.380,3.334,4000
2020-08-03 09:31:15.720,3.334,4300
2020-08-03 09:31:15.720,3.334,9700
2020-08-03 09:31:15.720,3.334,100
2020-08-03 09:31:15.720,3.334,200
2020-08-03 09:31:15.820,3.334,2600
2020-08-03 09:31:15.980,3.334,5600
2020-08-03 09:31:16.080,3.334,5000
2020-08-03 09:31:16.850,3.335,5000
2020-08-03 09:31:16.910,3.336,40000
2020-08-03 09:31:17.220,3.335,1000
2020-08-03 09:31:17.550,3.335,3000
2020-08-03 09:31:17.790,3.335,14500
2020-08-03 09:31:17.790,3.335,23100
2020-08-03 09:31:17.790,3.335,200
2020-08-03 09:31:17.790,3.334,4000
2020-08-03 09:31:17.790,3.333,58200
2020-08-03 09:31:17.980,3.334,5000
2020-08-03 09:31:17.980,3.335,2000
2020-08-03 09:31:17.980,3.336,13200
2020-08-03 09:31:18.270,3.334,500
2020-08-03 09:31:19.240,3.334,3500
2020-08-03 09:31:19.270,3.334,9300
2020-08-03 09:31:19.400,3.334,7000
2020-08-03 09:31:19.550,3.334,100
2020-08-03 09:31:19.550,3.335,1000
2020-08-03 09:31:19.810,3.334,3000
2020-08-03 09:31:19.870,3.334,5800
2020-08-03 09:31:19.970,3.335,12000
2020-08-03 09:31:19.970,3.335,400
2020-08-03 09:31:19.970,3.335,4800
2020-08-03 09:31:19.970,3.335,2000
2020-08-03 09:31:19.970,3.335,4500
2020-08-03 09:31:19.970,3.335,5000
2020-08-03 09:31:19.970,3.335,1000
2020-08-03 09:31:19.970,3.336,97700
2020-08-03 09:31:19.970,3.336,3000
2020-08-03 09:31:19.970,3.336,6000
2020-08-03 09:31:19.970,3.336,1200
2020-08-03 09:31:20.320,3.334,15000
2020-08-03 09:31:20.610,3.334,56300
2020-08-03 09:31:20.610,3.334,1000
2020-08-03 09:31:20.610,3.333,42700
2020-08-03 09:31:21.140,3.334,37800
2020-08-03 09:31:21.140,3.334,2200
2020-08-03 09:31:21.140,3.333,11000
2020-08-03 09:31:21.240,3.335,300
2020-08-03 09:31:21.240,3.336,200
2020-08-03 09:31:21.820,3.335,7400
2020-08-03 09:31:22.140,3.335,5000
2020-08-03 09:31:22.240,3.334,100
2020-08-03 09:31:22.360,3.334,29900
2020-08-03 09:31:22.360,3.334,40000
2020-08-03 09:31:22.360,3.333,30100
2020-08-03 09:31:23.020,3.334,5000
2020-08-03 09:31:23.020,3.335,5000
2020-08-03 09:31:24.150,3.335,1600
2020-08-03 09:31:24.240,3.333,200
2020-08-03 09:31:24.490,3.333,500
2020-08-03 09:31:24.620,3.335,1000
2020-08-03 09:31:24.620,3.335,400
2020-08-03 09:31:24.620,3.335,15000
2020-08-03 09:31:24.620,3.335,7000
2020-08-03 09:31:24.620,3.335,6600
2020-08-03 09:31:24.650,3.335,1800
2020-08-03 09:31:24.750,3.335,7500
2020-08-03 09:31:24.870,3.335,800
2020-08-03 09:31:24.870,3.335,3500
2020-08-03 09:31:25.820,3.335,10000
2020-08-03 09:31:26.730,3.335,1000
2020-08-03 09:31:26.850,3.335,200
2020-08-03 09:31:27.330,3.334,700
2020-08-03 09:31:27.470,3.334,12200
2020-08-03 09:31:27.560,3.335,1000
2020-08-03 09:31:28.520,3.335,800
2020-08-03 09:31:28.960,3.335,500
2020-08-03 09:31:29.560,3.334,100000
2020-08-03 09:31:29.560,3.333,21400
2020-08-03 09:31:29.560,3.333,60000
2020-08-03 09:31:29.560,3.333,10000
2020-08-03 09:31:29.560,3.333,10000
2020-08-03 09:31:29.560,3.333,2000
2020-08-03 09:31:29.560,3.332,54500
2020-08-03 09:31:29.560,3.332,40000
2020-08-03 09:31:29.560,3.332,2200
2020-08-03 09:31:30.350,3.334,20000
2020-08-03 09:31:30.350,3.335,66300
2020-08-03 09:31:30.350,3.335,1000
2020-08-03 09:31:30.350,3.335,3000
2020-08-03 09:31:30.350,3.335,10000
2020-08-03 09:31:30.350,3.335,1000
2020-08-03 09:31:30.350,3.335,14000
2020-08-03 09:31:30.350,3.335,1500
2020-08-03 09:31:30.350,3.335,10000
2020-08-03 09:31:30.350,3.335,9000
2020-08-03 09:31:30.350,3.335,2000
2020-08-03 09:31:30.350,3.335,3000
2020-08-03 09:31:30.350,3.335,20000
2020-08-03 09:31:30.350,3.335,10000
2020-08-03 09:31:30.350,3.335,1600
2020-08-03 09:31:30.350,3.335,40000
2020-08-03 09:31:30.350,3.336,3600
2020-08-03 09:31:30.350,3.336,10000
2020-08-03 09:31:30.350,3.336,10000
2020-08-03 09:31:30.350,3.336,100
2020-08-03 09:31:30.350,3.336,20000
2020-08-03 09:31:30.350,3.336,31200
2020-08-03 09:31:30.350,3.336,15100
2020-08-03 09:31:30.350,3.336,3000
2020-08-03 09:31:30.350,3.336,14000
2020-08-03 09:31:30.350,3.336,2100
2020-08-03 09:31:30.350,3.336,5000
2020-08-03 09:31:30.350,3.336,2000
2020-08-03 09:31:30.350,3.336,5000
2020-08-03 09:31:30.350,3.336,1400
2020-08-03 09:31:30.350,3.336,4000
2020-08-03 09:31:30.350,3.336,6000
2020-08-03 09:31:30.350,3.336,5000
2020-08-03 09:31:30.350,3.336,4000
2020-08-03 09:31:30.350,3.336,300
2020-08-03 09:31:30.350,3.336,300
2020-08-03 09:31:30.350,3.336,145500
2020-08-03 09:31:30.930,3.333,1000
2020-08-03 09:31:31.280,3.333,800
2020-08-03 09:31:31.610,3.333,6600
2020-08-03 09:31:31.930,3.333,10700
2020-08-03 09:31:32.370,3.333,9500
2020-08-03 09:31:32.440,3.333,30000
2020-08-03 09:31:33.280,3.334,100
2020-08-03 09:31:33.280,3.334,16100
2020-08-03 09:31:33.670,3.334,100
2020-08-03 09:31:34.300,3.333,1000
2020-08-03 09:31:34.490,3.334,2100
2020-08-03 09:31:34.520,3.333,300
2020-08-03 09:31:34.740,3.333,100
2020-08-03 09:31:34.740,3.333,100
2020-08-03 09:31:34.740,3.332,10000
2020-08-03 09:31:34.740,3.331,800
2020-08-03 09:31:34.840,3.331,500
2020-08-03 09:31:35.140,3.331,600
2020-08-03 09:31:35.560,3.331,7700
2020-08-03 09:31:35.560,3.331,4400
2020-08-03 09:31:35.930,3.332,23000
2020-08-03 09:31:36.030,3.333,2000
2020-08-03 09:31:36.030,3.333,200
2020-08-03 09:31:36.030,3.333,200
2020-08-03 09:31:36.200,3.332,2300
2020-08-03 09:31:36.540,3.333,4800
2020-08-03 09:31:36.540,3.334,11700
2020-08-03 09:31:36.540,3.334,6600
2020-08-03 09:31:36.540,3.334,300000
2020-08-03 09:31:36.540,3.334,55000
2020-08-03 09:31:36.540,3.335,100000
2020-08-03 09:31:36.540,3.335,2000
2020-08-03 09:31:36.540,3.335,6000
2020-08-03 09:31:36.540,3.335,13900
2020-08-03 09:31:36.870,3.332,700
2020-08-03 09:31:37.060,3.332,3000
2020-08-03 09:31:37.570,3.332,10000
2020-08-03 09:31:37.960,3.334,12000
2020-08-03 09:31:37.960,3.335,33000
2020-08-03 09:31:38.280,3.332,12600
2020-08-03 09:31:38.380,3.332,2900
2020-08-03 09:31:38.470,3.332,1400
2020-08-03 09:31:38.530,3.332,300
2020-08-03 09:31:39.370,3.332,3800
2020-08-03 09:31:39.370,3.331,600
2020-08-03 09:31:39.500,3.331,300
2020-08-03 09:31:39.900,3.331,27100
2020-08-03 09:31:39.900,3.331,14700
2020-08-03 09:31:39.900,3.332,18200
2020-08-03 09:31:40.530,3.332,30000
2020-08-03 09:31:40.970,3.332,60000
2020-08-03 09:31:41.970,3.331,4500
2020-08-03 09:31:42.540,3.332,17300
2020-08-03 09:31:43.120,3.331,2500
2020-08-03 09:31:43.280,3.332,1500
2020-08-03 09:31:43.470,3.332,8400
2020-08-03 09:31:44.990,3.331,500
2020-08-03 09:31:45.280,3.332,5000
2020-08-03 09:31:45.380,3.331,31400
2020-08-03 09:31:46.290,3.332,5300
2020-08-03 09:31:46.850,3.332,2000
2020-08-03 09:31:47.030,3.331,100
2020-08-03 09:31:47.390,3.331,6800
2020-08-03 09:31:48.100,3.332,100
2020-08-03 09:31:48.210,3.332,6700
2020-08-03 09:31:48.210,3.332,500
2020-08-03 09:31:48.210,3.332,10000
2020-08-03 09:31:48.210,3.332,2000
2020-08-03 09:31:48.210,3.332,100
2020-08-03 09:31:48.210,3.332,1000
2020-08-03 09:31:48.210,3.332,3000
2020-08-03 09:31:48.210,3.332,1000
2020-08-03 09:31:48.210,3.332,1300
2020-08-03 09:31:48.210,3.332,2000
2020-08-03 09:31:48.210,3.332,400
2020-08-03 09:31:48.240,3.332,23100
2020-08-03 09:31:48.470,3.332,30000
2020-08-03 09:31:48.720,3.331,100
2020-08-03 09:31:49.240,3.331,3100
2020-08-03 09:31:49.300,3.331,4210
2020-08-03 09:31:49.400,3.331,4000
2020-08-03 09:31:49.500,3.331,2790
2020-08-03 09:31:49.910,3.331,2210
2020-08-03 09:31:49.910,3.331,10000
2020-08-03 09:31:49.910,3.332,7790
2020-08-03 09:31:50.450,3.331,600
2020-08-03 09:31:50.670,3.33,1000
2020-08-03 09:31:50.670,3.33,10000
2020-08-03 09:31:50.670,3.33,4900
2020-08-03 09:31:50.840,3.33,5000
2020-08-03 09:31:50.960,3.33,11200
2020-08-03 09:31:51.910,3.329,10000
2020-08-03 09:31:51.910,3.329,1000
2020-08-03 09:31:51.910,3.329,200
2020-08-03 09:31:51.910,3.329,100
2020-08-03 09:31:51.910,3.329,100
2020-08-03 09:31:51.910,3.329,100
2020-08-03 09:31:51.910,3.329,200
2020-08-03 09:31:51.910,3.328,1000
2020-08-03 09:31:51.910,3.328,200
2020-08-03 09:31:51.910,3.328,200
2020-08-03 09:31:51.910,3.328,100
2020-08-03 09:31:51.910,3.328,100
2020-08-03 09:31:51.910,3.328,100
2020-08-03 09:31:51.910,3.328,800
2020-08-03 09:31:52.390,3.33,2000
2020-08-03 09:31:52.420,3.329,3200
2020-08-03 09:31:52.420,3.331,1800
2020-08-03 09:31:52.570,3.328,100
2020-08-03 09:31:52.650,3.331,3600
2020-08-03 09:31:52.650,3.331,4500
2020-08-03 09:31:52.650,3.331,5000
2020-08-03 09:31:52.650,3.331,3000
2020-08-03 09:31:52.650,3.331,2000
2020-08-03 09:31:52.650,3.331,81900
2020-08-03 09:31:53.220,3.329,500
2020-08-03 09:31:53.330,3.329,2000
2020-08-03 09:31:54.200,3.329,57500
2020-08-03 09:31:54.520,3.329,52200
2020-08-03 09:31:54.910,3.33,300
2020-08-03 09:31:55.490,3.329,100
2020-08-03 09:31:55.490,3.329,4900
2020-08-03 09:31:55.530,3.329,800
2020-08-03 09:31:56.220,3.328,400
2020-08-03 09:31:56.470,3.33,500
2020-08-03 09:31:56.470,3.33,1500
2020-08-03 09:31:57.680,3.329,5000
2020-08-03 09:31:57.870,3.328,700
2020-08-03 09:31:58.160,3.327,3600
2020-08-03 09:32:00.500,3.327,183900
2020-08-03 09:32:02.000,3.328,10000
2020-08-03 09:32:02.060,3.328,3500
2020-08-03 09:32:02.230,3.327,100
2020-08-03 09:32:02.370,3.327,4400
2020-08-03 09:32:02.370,3.327,200
2020-08-03 09:32:02.370,3.327,200
2020-08-03 09:32:02.370,3.327,100
2020-08-03 09:32:02.370,3.327,100
2020-08-03 09:32:02.370,3.327,100
2020-08-03 09:32:02.370,3.327,60000
2020-08-03 09:32:02.370,3.327,5000
2020-08-03 09:32:02.850,3.327,500
2020-08-03 09:32:03.940,3.327,60000
2020-08-03 09:32:04.130,3.327,3600
2020-08-03 09:32:04.130,3.326,3500
2020-08-03 09:32:04.360,3.327,5000
2020-08-03 09:32:04.580,3.326,66100
2020-08-03 09:32:04.930,3.327,37600
2020-08-03 09:32:04.930,3.327,3300
2020-08-03 09:32:04.930,3.327,14200
2020-08-03 09:32:04.930,3.327,4900
2020-08-03 09:32:05.120,3.327,10000
2020-08-03 09:32:05.120,3.326,218100
2020-08-03 09:32:05.120,3.326,200
2020-08-03 09:32:05.120,3.326,100
2020-08-03 09:32:05.120,3.326,100
2020-08-03 09:32:05.120,3.326,100
2020-08-03 09:32:05.120,3.326,10000
2020-08-03 09:32:05.120,3.326,500
2020-08-03 09:32:05.260,3.326,15000
2020-08-03 09:32:07.300,3.326,500
2020-08-03 09:32:08.730,3.326,9200
2020-08-03 09:32:09.160,3.326,46200
2020-08-03 09:32:09.160,3.326,5000
2020-08-03 09:32:09.160,3.326,10000
2020-08-03 09:32:09.160,3.326,41800
2020-08-03 09:32:09.160,3.326,3000
2020-08-03 09:32:09.160,3.326,200
2020-08-03 09:32:09.160,3.327,17000
2020-08-03 09:32:09.160,3.327,4000
2020-08-03 09:32:09.160,3.327,5000
2020-08-03 09:32:09.160,3.327,500
2020-08-03 09:32:09.160,3.327,10000
2020-08-03 09:32:09.160,3.328,9000
2020-08-03 09:32:09.160,3.328,2000
2020-08-03 09:32:09.160,3.328,500
2020-08-03 09:32:09.160,3.328,500
2020-08-03 09:32:09.160,3.328,384500
2020-08-03 09:32:09.430,3.328,3000
2020-08-03 09:32:09.490,3.328,5000
2020-08-03 09:32:09.610,3.325,100
2020-08-03 09:32:10.680,3.326,3000
2020-08-03 09:32:11.220,3.327,5000
2020-08-03 09:32:11.220,3.328,295000
2020-08-03 09:32:12.170,3.326,100
2020-08-03 09:32:12.270,3.325,9300
2020-08-03 09:32:12.270,3.325,10000
2020-08-03 09:32:12.270,3.325,700
2020-08-03 09:32:12.970,3.326,1900
2020-08-03 09:32:12.970,3.327,1000
2020-08-03 09:32:13.570,3.327,300
2020-08-03 09:32:13.770,3.328,1500
2020-08-03 09:32:13.790,3.327,3000
2020-08-03 09:32:14.060,3.327,5000
2020-08-03 09:32:14.060,3.327,500
2020-08-03 09:32:14.060,3.327,1500
2020-08-03 09:32:14.280,3.327,17000
2020-08-03 09:32:14.460,3.327,29800
2020-08-03 09:32:14.460,3.327,5800
2020-08-03 09:32:15.210,3.327,500
2020-08-03 09:32:15.600,3.327,700
2020-08-03 09:32:15.600,3.327,3000
2020-08-03 09:32:15.600,3.326,3200
2020-08-03 09:32:16.050,3.327,60000
2020-08-03 09:32:16.330,3.326,6800
2020-08-03 09:32:16.330,3.326,30000
2020-08-03 09:32:16.330,3.326,20000
2020-08-03 09:32:16.330,3.326,40000
2020-08-03 09:32:16.330,3.326,30000
2020-08-03 09:32:16.330,3.325,30000
2020-08-03 09:32:16.330,3.325,24100
2020-08-03 09:32:16.420,3.327,12000
2020-08-03 09:32:16.420,3.327,500
2020-08-03 09:32:16.420,3.327,200
2020-08-03 09:32:16.490,3.327,3000
2020-08-03 09:32:16.520,3.327,700
2020-08-03 09:32:17.060,3.327,1500
2020-08-03 09:32:17.060,3.327,3900
2020-08-03 09:32:17.090,3.328,211000
2020-08-03 09:32:17.090,3.328,200
2020-08-03 09:32:17.090,3.328,16700
2020-08-03 09:32:17.090,3.328,31100
2020-08-03 09:32:17.090,3.328,41000
2020-08-03 09:32:17.360,3.327,300
2020-08-03 09:32:17.640,3.328,600
2020-08-03 09:32:17.640,3.328,10000
2020-08-03 09:32:17.640,3.328,2000
2020-08-03 09:32:18.240,3.328,5800
2020-08-03 09:32:18.460,3.328,1000
2020-08-03 09:32:19.000,3.329,10000
2020-08-03 09:32:19.000,3.329,10000
2020-08-03 09:32:19.000,3.329,300
2020-08-03 09:32:19.000,3.329,19700
2020-08-03 09:32:19.080,3.328,100
2020-08-03 09:32:19.230,3.328,1900
2020-08-03 09:32:19.490,3.328,3000
2020-08-03 09:32:19.520,3.329,7800
2020-08-03 09:32:19.520,3.329,1300
2020-08-03 09:32:19.520,3.329,5000
2020-08-03 09:32:19.520,3.329,1500
2020-08-03 09:32:19.520,3.329,2200
2020-08-03 09:32:19.520,3.33,3500
2020-08-03 09:32:19.520,3.33,10000
2020-08-03 09:32:19.520,3.33,1500
2020-08-03 09:32:19.520,3.33,9000
2020-08-03 09:32:19.520,3.33,50000
2020-08-03 09:32:19.520,3.33,7500
2020-08-03 09:32:19.520,3.33,800
2020-08-03 09:32:19.520,3.33,1000
2020-08-03 09:32:19.520,3.33,100
2020-08-03 09:32:19.520,3.33,6000
2020-08-03 09:32:19.520,3.33,12100
2020-08-03 09:32:19.520,3.33,100
2020-08-03 09:32:19.520,3.33,4000
2020-08-03 09:32:19.520,3.33,3500
2020-08-03 09:32:19.520,3.33,300
2020-08-03 09:32:19.520,3.33,20000
2020-08-03 09:32:19.520,3.331,100
2020-08-03 09:32:19.520,3.331,100
2020-08-03 09:32:19.520,3.331,3900
2020-08-03 09:32:19.520,3.331,10000
2020-08-03 09:32:19.520,3.331,2000
2020-08-03 09:32:19.520,3.331,5000
2020-08-03 09:32:19.520,3.331,2000
2020-08-03 09:32:19.520,3.331,1000
2020-08-03 09:32:19.520,3.331,16500
2020-08-03 09:32:19.520,3.331,15000
2020-08-03 09:32:19.520,3.331,5000
2020-08-03 09:32:19.520,3.331,1500
2020-08-03 09:32:19.520,3.331,3000
2020-08-03 09:32:19.520,3.331,3500
2020-08-03 09:32:19.520,3.331,10000
2020-08-03 09:32:19.520,3.331,30000
2020-08-03 09:32:19.520,3.331,12900
2020-08-03 09:32:19.520,3.331,5000
2020-08-03 09:32:19.520,3.331,500
2020-08-03 09:32:19.520,3.331,9500
2020-08-03 09:32:19.550,3.331,2000
2020-08-03 09:32:19.590,3.331,3000
2020-08-03 09:32:19.890,3.331,11300
2020-08-03 09:32:20.120,3.328,1000
2020-08-03 09:32:20.220,3.328,14600
2020-08-03 09:32:20.220,3.328,5400
2020-08-03 09:32:20.480,3.329,30000
2020-08-03 09:32:20.510,3.329,8700
2020-08-03 09:32:20.780,3.329,8000
2020-08-03 09:32:20.860,3.329,1000
2020-08-03 09:32:21.120,3.329,10000
2020-08-03 09:32:21.250,3.329,1000
2020-08-03 09:32:21.330,3.329,700
2020-08-03 09:32:21.550,3.33,1000
2020-08-03 09:32:21.820,3.33,10000
2020-08-03 09:32:22.110,3.33,1000
2020-08-03 09:32:22.470,3.33,3000
2020-08-03 09:32:22.890,3.33,10000
2020-08-03 09:32:23.170,3.331,1000
2020-08-03 09:32:23.640,3.331,5000
2020-08-03 09:32:24.030,3.332,6000
2020-08-03 09:32:24.030,3.332,1000
2020-08-03 09:32:24.030,3.332,50000
2020-08-03 09:32:24.030,3.332,10000
2020-08-03 09:32:24.030,3.332,100
2020-08-03 09:32:24.030,3.332,1000
2020-08-03 09:32:24.030,3.332,2000
2020-08-03 09:32:24.030,3.332,2000
2020-08-03 09:32:24.030,3.332,1000
2020-08-03 09:32:24.030,3.332,1500
2020-08-03 09:32:24.030,3.332,1000
2020-08-03 09:32:24.030,3.332,5000
2020-08-03 09:32:24.030,3.332,1500
2020-08-03 09:32:24.030,3.332,1000
2020-08-03 09:32:24.030,3.333,200
2020-08-03 09:32:24.030,3.333,100
2020-08-03 09:32:24.030,3.333,1000
2020-08-03 09:32:24.030,3.333,300
2020-08-03 09:32:24.030,3.333,5000
2020-08-03 09:32:24.030,3.333,210300
2020-08-03 09:32:24.230,3.331,9300
2020-08-03 09:32:24.550,3.331,20000
2020-08-03 09:32:24.840,3.331,100
2020-08-03 09:32:24.880,3.331,2900
2020-08-03 09:32:24.880,3.331,1700
2020-08-03 09:32:24.880,3.331,30000
2020-08-03 09:32:24.880,3.33,15000
2020-08-03 09:32:24.880,3.33,30000
2020-08-03 09:32:24.880,3.33,30000
2020-08-03 09:32:24.880,3.329,18300
2020-08-03 09:32:24.880,3.329,40000
2020-08-03 09:32:24.880,3.329,30000
2020-08-03 09:32:24.880,3.328,1000
2020-08-03 09:32:24.880,3.328,200
2020-08-03 09:32:24.880,3.328,300000
2020-08-03 09:32:24.880,3.328,50000
2020-08-03 09:32:24.880,3.328,39500
2020-08-03 09:32:25.200,3.331,500
2020-08-03 09:32:25.260,3.331,1600
2020-08-03 09:32:25.330,3.331,1200
2020-08-03 09:32:25.900,3.332,3000
2020-08-03 09:32:26.170,3.332,5000
2020-08-03 09:32:26.390,3.332,2000
2020-08-03 09:32:26.530,3.332,10000
2020-08-03 09:32:26.640,3.332,1500
2020-08-03 09:32:26.800,3.332,500
2020-08-03 09:32:27.210,3.332,900
2020-08-03 09:32:27.280,3.332,200
2020-08-03 09:32:27.880,3.332,5000
2020-08-03 09:32:27.880,3.332,2000
2020-08-03 09:32:27.910,3.332,1400
2020-08-03 09:32:28.070,3.332,100
2020-08-03 09:32:28.520,3.333,100000
2020-08-03 09:32:29.350,3.332,20000
2020-08-03 09:32:29.480,3.332,8400
2020-08-03 09:32:29.480,3.332,11600
2020-08-03 09:32:30.470,3.332,7000
2020-08-03 09:32:30.710,3.332,2400
2020-08-03 09:32:30.800,3.333,200000
2020-08-03 09:32:31.020,3.332,2000
2020-08-03 09:32:31.080,3.332,1000
2020-08-03 09:32:31.110,3.332,17700
2020-08-03 09:32:31.840,3.332,5000
2020-08-03 09:32:31.840,3.332,4900
2020-08-03 09:32:32.130,3.332,5000
2020-08-03 09:32:32.390,3.332,3400
2020-08-03 09:32:32.390,3.332,6600
2020-08-03 09:32:32.480,3.332,43400
2020-08-03 09:32:32.480,3.332,10000
2020-08-03 09:32:33.060,3.33,25000
2020-08-03 09:32:34.040,3.332,60000
2020-08-03 09:32:34.200,3.332,1900
2020-08-03 09:32:34.420,3.33,200
2020-08-03 09:32:34.540,3.332,184800
2020-08-03 09:32:34.540,3.332,1500
2020-08-03 09:32:34.540,3.332,207200
2020-08-03 09:32:35.020,3.332,60000
2020-08-03 09:32:37.370,3.331,600
2020-08-03 09:32:39.010,3.33,1100
2020-08-03 09:32:39.230,3.331,4400
2020-08-03 09:32:39.230,3.331,1500
2020-08-03 09:32:39.590,3.331,7853
2020-08-03 09:32:39.590,3.332,2947
2020-08-03 09:32:41.560,3.332,100
2020-08-03 09:32:41.680,3.331,900
2020-08-03 09:32:41.880,3.332,953
2020-08-03 09:32:41.880,3.332,9047
2020-08-03 09:32:42.280,3.332,400
2020-08-03 09:32:42.650,3.331,200
2020-08-03 09:32:42.970,3.331,1000
2020-08-03 09:32:43.470,3.331,3100
2020-08-03 09:32:43.470,3.331,33900
2020-08-03 09:32:43.470,3.331,19900
2020-08-03 09:32:43.820,3.331,100
2020-08-03 09:32:43.910,3.331,10000
2020-08-03 09:32:44.190,3.332,2000
2020-08-03 09:32:44.760,3.331,1000
2020-08-03 09:32:45.170,3.331,2000
2020-08-03 09:32:45.170,3.331,13000
2020-08-03 09:32:45.920,3.331,14000
2020-08-03 09:32:45.920,3.33,2000
2020-08-03 09:32:46.110,3.33,5600
2020-08-03 09:32:46.600,3.331,300
2020-08-03 09:32:47.070,3.331,1000
2020-08-03 09:32:47.460,3.331,3000
2020-08-03 09:32:47.490,3.331,1000
2020-08-03 09:32:47.720,3.331,300
2020-08-03 09:32:47.780,3.331,1000
2020-08-03 09:32:47.810,3.33,30000
2020-08-03 09:32:48.280,3.33,30500
2020-08-03 09:32:48.760,3.33,5600
2020-08-03 09:32:48.760,3.33,300
2020-08-03 09:32:48.760,3.33,60000
2020-08-03 09:32:48.890,3.33,700
2020-08-03 09:32:48.920,3.33,1500
2020-08-03 09:32:50.020,3.33,31900
2020-08-03 09:32:50.390,3.33,5000
2020-08-03 09:32:51.920,3.33,5000
2020-08-03 09:32:51.920,3.33,1500
2020-08-03 09:32:51.920,3.331,300
2020-08-03 09:32:51.920,3.331,2000
2020-08-03 09:32:51.920,3.331,3300
2020-08-03 09:32:52.110,3.33,200
2020-08-03 09:32:52.110,3.331,100
2020-08-03 09:32:52.350,3.331,5000
2020-08-03 09:32:52.810,3.331,1600
2020-08-03 09:32:52.810,3.331,1000
2020-08-03 09:32:52.810,3.331,200
2020-08-03 09:32:52.810,3.331,2200
2020-08-03 09:32:54.150,3.33,4200
2020-08-03 09:32:54.150,3.33,100
2020-08-03 09:32:54.150,3.331,7800
2020-08-03 09:32:54.150,3.331,100
2020-08-03 09:32:54.150,3.331,37800
2020-08-03 09:32:54.300,3.331,5000
2020-08-03 09:32:54.330,3.331,500
2020-08-03 09:32:54.670,3.33,1900
2020-08-03 09:32:54.980,3.33,60000
2020-08-03 09:32:55.910,3.33,60000
2020-08-03 09:32:56.140,3.33,700
2020-08-03 09:32:57.040,3.33,700
2020-08-03 09:32:57.190,3.33,4000
2020-08-03 09:32:58.200,3.33,200
2020-08-03 09:33:00.060,3.329,1300
2020-08-03 09:33:00.440,3.33,300
2020-08-03 09:33:00.910,3.33,34300
2020-08-03 09:33:00.910,3.33,1000
2020-08-03 09:33:00.910,3.33,4000
2020-08-03 09:33:00.910,3.33,1600
2020-08-03 09:33:00.910,3.33,13000
2020-08-03 09:33:00.910,3.33,56200
2020-08-03 09:33:00.910,3.33,50000
2020-08-03 09:33:01.310,3.33,3000
2020-08-03 09:33:01.370,3.33,40000
2020-08-03 09:33:01.910,3.33,500
2020-08-03 09:33:01.980,3.33,37800
2020-08-03 09:33:02.010,3.331,41000
2020-08-03 09:33:02.010,3.331,2500
2020-08-03 09:33:02.010,3.331,200
2020-08-03 09:33:02.010,3.331,10000
2020-08-03 09:33:02.010,3.331,8100
2020-08-03 09:33:02.010,3.331,30000
2020-08-03 09:33:02.080,3.33,3000
2020-08-03 09:33:02.230,3.331,1000
2020-08-03 09:33:02.450,3.33,1500
2020-08-03 09:33:02.820,3.33,37500
2020-08-03 09:33:03.050,3.331,6300
2020-08-03 09:33:03.050,3.331,1000
2020-08-03 09:33:03.050,3.331,1000
2020-08-03 09:33:03.050,3.331,1500
2020-08-03 09:33:03.050,3.331,200
2020-08-03 09:33:03.210,3.33,5000
2020-08-03 09:33:03.570,3.33,500
2020-08-03 09:33:04.440,3.33,2900
2020-08-03 09:33:04.840,3.33,1000
2020-08-03 09:33:04.940,3.33,7200
2020-08-03 09:33:04.940,3.33,100
2020-08-03 09:33:04.940,3.33,100
2020-08-03 09:33:04.940,3.33,3100
2020-08-03 09:33:04.940,3.33,100
2020-08-03 09:33:04.940,3.33,20000
2020-08-03 09:33:04.940,3.33,19400
2020-08-03 09:33:04.970,3.33,1200
2020-08-03 09:33:05.000,3.33,5000
2020-08-03 09:33:05.250,3.33,14800
2020-08-03 09:33:05.390,3.33,200
2020-08-03 09:33:05.610,3.33,19400
2020-08-03 09:33:06.190,3.329,20000
2020-08-03 09:33:06.190,3.328,30000
2020-08-03 09:33:08.380,3.328,1000
2020-08-03 09:33:09.100,3.329,100
2020-08-03 09:33:09.100,3.329,800
2020-08-03 09:33:09.100,3.33,600
2020-08-03 09:33:09.710,3.33,380000
2020-08-03 09:33:09.710,3.33,7000
2020-08-03 09:33:09.710,3.33,10000
2020-08-03 09:33:09.710,3.33,259182
2020-08-03 09:33:09.710,3.33,55000
2020-08-03 09:33:09.710,3.33,20000
2020-08-03 09:33:09.710,3.33,18818
2020-08-03 09:33:09.960,3.329,1000
2020-08-03 09:33:10.280,3.329,4300
2020-08-03 09:33:12.040,3.328,1000
2020-08-03 09:33:12.360,3.329,800
2020-08-03 09:33:12.590,3.328,10000
2020-08-03 09:33:13.070,3.328,18500
2020-08-03 09:33:13.070,3.328,100
2020-08-03 09:33:13.070,3.328,11400
2020-08-03 09:33:13.290,3.328,6800
2020-08-03 09:33:14.050,3.328,1800
2020-08-03 09:33:14.050,3.328,8200
2020-08-03 09:33:14.380,3.329,31900
2020-08-03 09:33:14.380,3.329,2200
2020-08-03 09:33:15.090,3.328,20000
2020-08-03 09:33:15.790,3.329,100
2020-08-03 09:33:15.790,3.328,1000
2020-08-03 09:33:16.100,3.329,4000
2020-08-03 09:33:16.140,3.328,3000
2020-08-03 09:33:16.410,3.328,500
2020-08-03 09:33:16.500,3.329,300
2020-08-03 09:33:16.500,3.329,200
2020-08-03 09:33:16.790,3.329,2800
2020-08-03 09:33:16.790,3.329,100
2020-08-03 09:33:16.790,3.329,7000
2020-08-03 09:33:16.790,3.329,10000
2020-08-03 09:33:16.790,3.329,63200
2020-08-03 09:33:17.290,3.329,16900
2020-08-03 09:33:17.290,3.328,1900
2020-08-03 09:33:17.290,3.328,5000
2020-08-03 09:33:17.290,3.328,3500
2020-08-03 09:33:17.920,3.328,2000
2020-08-03 09:33:18.410,3.328,300
2020-08-03 09:33:18.510,3.328,2500
2020-08-03 09:33:18.760,3.328,1700
2020-08-03 09:33:18.760,3.328,8300
2020-08-03 09:33:19.230,3.329,200
2020-08-03 09:33:19.230,3.329,400
2020-08-03 09:33:19.230,3.328,10000
2020-08-03 09:33:19.230,3.328,41700
2020-08-03 09:33:19.230,3.328,9100
2020-08-03 09:33:19.230,3.328,1000
2020-08-03 09:33:19.800,3.327,2700
2020-08-03 09:33:19.800,3.327,10000
2020-08-03 09:33:19.800,3.326,3000
2020-08-03 09:33:19.800,3.326,6400
2020-08-03 09:33:19.800,3.326,3000
2020-08-03 09:33:19.800,3.326,200
2020-08-03 09:33:19.800,3.326,7800
2020-08-03 09:33:19.800,3.326,1000
2020-08-03 09:33:19.800,3.326,1000
2020-08-03 09:33:19.800,3.326,10000
2020-08-03 09:33:20.010,3.326,60000
2020-08-03 09:33:20.940,3.326,200
2020-08-03 09:33:21.010,3.326,60000
2020-08-03 09:33:21.670,3.325,9000
2020-08-03 09:33:21.670,3.325,200
2020-08-03 09:33:21.670,3.325,100
2020-08-03 09:33:21.670,3.325,200
2020-08-03 09:33:21.670,3.325,200
2020-08-03 09:33:21.670,3.325,100
2020-08-03 09:33:21.670,3.325,100
2020-08-03 09:33:21.670,3.325,100
2020-08-03 09:33:21.990,3.326,500
2020-08-03 09:33:22.180,3.326,3700
2020-08-03 09:33:22.930,3.326,60000
2020-08-03 09:33:23.940,3.326,3400
2020-08-03 09:33:24.920,3.325,7800
2020-08-03 09:33:24.920,3.325,1800
2020-08-03 09:33:24.920,3.325,41400
2020-08-03 09:33:25.140,3.326,1200
2020-08-03 09:33:25.490,3.325,18600
2020-08-03 09:33:25.870,3.325,500
2020-08-03 09:33:26.610,3.325,4200
2020-08-03 09:33:26.810,3.325,100
2020-08-03 09:33:28.470,3.325,100
2020-08-03 09:33:28.590,3.324,100
2020-08-03 09:33:28.590,3.324,900
2020-08-03 09:33:29.060,3.324,1500
2020-08-03 09:33:29.090,3.324,600
2020-08-03 09:33:29.160,3.324,2000
2020-08-03 09:33:29.160,3.324,100
2020-08-03 09:33:29.160,3.324,100
2020-08-03 09:33:29.160,3.324,100
2020-08-03 09:33:29.160,3.324,6700
2020-08-03 09:33:29.690,3.324,53300
2020-08-03 09:33:30.150,3.324,5000
2020-08-03 09:33:30.180,3.323,4900
2020-08-03 09:33:30.630,3.324,10000
2020-08-03 09:33:30.880,3.323,10600
2020-08-03 09:33:30.880,3.323,200
2020-08-03 09:33:30.880,3.323,100
2020-08-03 09:33:30.880,3.323,200
2020-08-03 09:33:30.880,3.323,100
2020-08-03 09:33:30.880,3.323,100
2020-08-03 09:33:30.880,3.323,300
2020-08-03 09:33:30.910,3.323,60000
2020-08-03 09:33:31.990,3.323,60000
2020-08-03 09:33:32.090,3.323,10000
2020-08-03 09:33:33.500,3.323,100
2020-08-03 09:33:33.590,3.324,100
2020-08-03 09:33:34.040,3.322,6000
2020-08-03 09:33:34.040,3.322,900
2020-08-03 09:33:34.040,3.322,100
2020-08-03 09:33:34.040,3.322,200
2020-08-03 09:33:34.040,3.322,100
2020-08-03 09:33:34.040,3.322,100
2020-08-03 09:33:34.040,3.322,100
2020-08-03 09:33:34.040,3.322,10000
2020-08-03 09:33:34.040,3.321,3000
2020-08-03 09:33:34.040,3.321,3000
2020-08-03 09:33:34.100,3.321,30000
2020-08-03 09:33:34.320,3.322,110000
2020-08-03 09:33:34.590,3.322,1700
2020-08-03 09:33:35.040,3.322,5000
2020-08-03 09:33:35.290,3.322,6000
2020-08-03 09:33:36.800,3.322,500
2020-08-03 09:33:37.010,3.321,2500
2020-08-03 09:33:37.010,3.321,100000
2020-08-03 09:33:37.010,3.321,60000
2020-08-03 09:33:37.010,3.32,2000
2020-08-03 09:33:37.010,3.32,6000
2020-08-03 09:33:37.010,3.32,200
2020-08-03 09:33:37.010,3.32,700
2020-08-03 09:33:37.010,3.32,10000
2020-08-03 09:33:37.010,3.32,400
2020-08-03 09:33:37.010,3.32,118200
2020-08-03 09:33:37.990,3.32,10000
2020-08-03 09:33:38.050,3.321,5000
2020-08-03 09:33:38.170,3.32,171800
2020-08-03 09:33:38.170,3.32,20000
2020-08-03 09:33:38.170,3.32,60000
2020-08-03 09:33:39.590,3.319,60000
2020-08-03 09:33:39.590,3.318,5200
2020-08-03 09:33:39.590,3.318,300
2020-08-03 09:33:39.590,3.318,6000
2020-08-03 09:33:39.590,3.318,23500
2020-08-03 09:33:39.620,3.32,5000
2020-08-03 09:33:40.020,3.32,10000
2020-08-03 09:33:42.950,3.318,5000
2020-08-03 09:33:42.980,3.318,5000
2020-08-03 09:33:43.840,3.318,3000
2020-08-03 09:33:45.070,3.318,1000
2020-08-03 09:33:46.140,3.318,500
2020-08-03 09:33:46.500,3.318,1000
2020-08-03 09:33:46.590,3.318,5000
2020-08-03 09:33:46.960,3.317,300
2020-08-03 09:33:46.960,3.317,700
2020-08-03 09:33:47.020,3.318,500
2020-08-03 09:33:47.320,3.317,300
2020-08-03 09:33:47.420,3.318,100
2020-08-03 09:33:47.700,3.318,3000
2020-08-03 09:33:48.000,3.317,5700
2020-08-03 09:33:48.000,3.316,5000
2020-08-03 09:33:48.000,3.316,6800
2020-08-03 09:33:48.000,3.316,2800
2020-08-03 09:33:48.000,3.316,2300
2020-08-03 09:33:48.000,3.316,100
2020-08-03 09:33:48.000,3.316,3300
2020-08-03 09:33:48.000,3.316,6000
2020-08-03 09:33:48.000,3.316,60000
2020-08-03 09:33:48.190,3.316,100000
2020-08-03 09:33:48.490,3.316,10000
2020-08-03 09:33:48.970,3.316,60000
2020-08-03 09:33:50.010,3.315,3900
2020-08-03 09:33:50.590,3.316,1500
2020-08-03 09:33:50.590,3.317,8500
2020-08-03 09:33:50.930,3.315,10000
2020-08-03 09:33:51.150,3.317,100
2020-08-03 09:33:51.260,3.317,200
2020-08-03 09:33:51.330,3.316,100
2020-08-03 09:33:51.330,3.316,100
2020-08-03 09:33:51.330,3.316,100
2020-08-03 09:33:51.330,3.316,100
2020-08-03 09:33:51.330,3.316,100
2020-08-03 09:33:51.330,3.316,100
2020-08-03 09:33:51.330,3.317,1200
2020-08-03 09:33:51.330,3.317,3000
2020-08-03 09:33:51.330,3.317,200
2020-08-03 09:33:51.580,3.315,33100
2020-08-03 09:33:51.580,3.315,1000
2020-08-03 09:33:51.580,3.315,1700
2020-08-03 09:33:52.020,3.316,100
2020-08-03 09:33:52.460,3.316,100
2020-08-03 09:33:53.780,3.315,3300
2020-08-03 09:33:53.780,3.315,11400
2020-08-03 09:33:53.780,3.315,4500
2020-08-03 09:33:53.780,3.315,100
2020-08-03 09:33:53.780,3.315,4700
2020-08-03 09:33:54.370,3.316,100
2020-08-03 09:33:54.370,3.316,100
2020-08-03 09:33:54.370,3.316,100
2020-08-03 09:33:54.370,3.316,100
2020-08-03 09:33:54.610,3.316,100
2020-08-03 09:33:54.610,3.316,100
2020-08-03 09:33:54.610,3.316,100
2020-08-03 09:33:54.610,3.316,100
2020-08-03 09:33:54.610,3.316,100
2020-08-03 09:33:54.610,3.316,100
2020-08-03 09:33:54.610,3.316,100
2020-08-03 09:33:54.610,3.316,100
2020-08-03 09:33:54.610,3.316,100
2020-08-03 09:33:54.610,3.316,100
2020-08-03 09:33:54.610,3.316,100
2020-08-03 09:33:54.610,3.316,100
2020-08-03 09:33:54.610,3.316,100
2020-08-03 09:33:54.610,3.316,100
2020-08-03 09:33:54.610,3.316,100
2020-08-03 09:33:54.610,3.316,100
2020-08-03 09:33:54.610,3.316,100
2020-08-03 09:33:54.610,3.316,100
2020-08-03 09:33:54.610,3.316,100
2020-08-03 09:33:54.610,3.316,100
2020-08-03 09:33:54.610,3.316,100
2020-08-03 09:33:54.610,3.316,100
2020-08-03 09:33:54.610,3.316,100
2020-08-03 09:33:54.610,3.316,100
2020-08-03 09:33:54.610,3.316,100
2020-08-03 09:33:54.610,3.316,100
2020-08-03 09:33:54.610,3.316,100
2020-08-03 09:33:54.610,3.316,100
2020-08-03 09:33:54.610,3.316,100
2020-08-03 09:33:54.610,3.316,100
2020-08-03 09:33:54.610,3.316,100
2020-08-03 09:33:54.610,3.316,100
2020-08-03 09:33:54.610,3.316,100
2020-08-03 09:33:54.610,3.316,100
2020-08-03 09:33:54.610,3.316,100
2020-08-03 09:33:54.610,3.316,100
2020-08-03 09:33:54.610,3.316,100
2020-08-03 09:33:54.610,3.316,100
2020-08-03 09:33:54.610,3.316,100
2020-08-03 09:33:54.610,3.316,100
2020-08-03 09:33:54.610,3.316,100
2020-08-03 09:33:54.610,3.316,100
2020-08-03 09:33:54.610,3.316,100
2020-08-03 09:33:54.610,3.316,100
2020-08-03 09:33:54.610,3.316,100
2020-08-03 09:33:54.610,3.316,100
2020-08-03 09:33:54.610,3.316,100
2020-08-03 09:33:54.610,3.316,100
2020-08-03 09:33:54.610,3.316,100
2020-08-03 09:33:54.610,3.316,100
2020-08-03 09:33:54.610,3.316,100
2020-08-03 09:33:54.610,3.316,100
2020-08-03 09:33:54.610,3.316,100
2020-08-03 09:33:54.610,3.316,100
2020-08-03 09:33:54.610,3.316,100
2020-08-03 09:33:54.610,3.316,100
2020-08-03 09:33:54.610,3.316,100
2020-08-03 09:33:54.610,3.316,100
2020-08-03 09:33:54.610,3.316,100
2020-08-03 09:33:54.610,3.316,100
2020-08-03 09:33:54.730,3.316,100
2020-08-03 09:33:54.730,3.316,100
2020-08-03 09:33:54.730,3.316,100
2020-08-03 09:33:54.730,3.316,100
2020-08-03 09:33:54.730,3.316,100
2020-08-03 09:33:54.730,3.316,100
2020-08-03 09:33:54.730,3.316,100
2020-08-03 09:33:54.730,3.316,100
2020-08-03 09:33:54.730,3.316,100
2020-08-03 09:33:54.730,3.316,100
2020-08-03 09:33:54.730,3.316,100
2020-08-03 09:33:54.730,3.316,100
2020-08-03 09:33:54.730,3.316,100
2020-08-03 09:33:54.730,3.316,100
2020-08-03 09:33:54.730,3.316,100
2020-08-03 09:33:54.730,3.316,100
2020-08-03 09:33:54.730,3.316,100
2020-08-03 09:33:54.730,3.316,100
2020-08-03 09:33:54.730,3.317,1200
2020-08-03 09:33:55.130,3.315,300
2020-08-03 09:33:55.190,3.317,8600
2020-08-03 09:33:55.190,3.317,2200
2020-08-03 09:33:55.190,3.317,500
2020-08-03 09:33:55.190,3.317,10000
2020-08-03 09:33:55.190,3.317,4000
2020-08-03 09:33:55.190,3.317,14700
2020-08-03 09:33:55.340,3.315,5000
2020-08-03 09:33:55.340,3.315,10000
2020-08-03 09:33:55.340,3.315,10000
2020-08-03 09:33:55.340,3.315,7000
2020-08-03 09:33:55.340,3.315,100
2020-08-03 09:33:55.340,3.315,6000
2020-08-03 09:33:55.340,3.314,10000
2020-08-03 09:33:55.340,3.314,2000
2020-08-03 09:33:55.340,3.314,10000
2020-08-03 09:33:55.340,3.314,3000
2020-08-03 09:33:55.340,3.314,3000
2020-08-03 09:33:55.340,3.314,10000
2020-08-03 09:33:55.340,3.314,20000
2020-08-03 09:33:55.340,3.314,10000
2020-08-03 09:33:55.340,3.314,300
2020-08-03 09:33:55.340,3.314,14300
2020-08-03 09:33:55.340,3.314,8200
2020-08-03 09:33:55.340,3.314,1000
2020-08-03 09:33:55.340,3.314,300
2020-08-03 09:33:55.340,3.314,27700
2020-08-03 09:33:55.580,3.317,1500
2020-08-03 09:33:58.170,3.315,500
2020-08-03 09:33:58.310,3.315,22500
2020-08-03 09:33:58.460,3.315,14900
2020-08-03 09:33:58.530,3.314,2800
2020-08-03 09:33:58.670,3.315,1500
2020-08-03 09:33:59.040,3.315,200
2020-08-03 09:33:59.110,3.315,3000
2020-08-03 09:33:59.210,3.315,1000
2020-08-03 09:33:59.370,3.314,69500
2020-08-03 09:33:59.370,3.314,500
2020-08-03 09:33:59.850,3.315,22300
2020-08-03 09:34:00.230,3.314,6000
2020-08-03 09:34:00.700,3.314,3500
2020-08-03 09:34:00.700,3.314,2000
2020-08-03 09:34:00.700,3.314,2000
2020-08-03 09:34:00.700,3.314,500
2020-08-03 09:34:00.700,3.314,2000
2020-08-03 09:34:00.940,3.315,500
2020-08-03 09:34:01.970,3.315,300000
2020-08-03 09:34:02.460,3.315,300000
2020-08-03 09:34:02.620,3.315,5000
2020-08-03 09:34:02.980,3.314,1000
2020-08-03 09:34:02.980,3.314,5000
2020-08-03 09:34:02.980,3.314,2000
2020-08-03 09:34:02.980,3.314,2800
2020-08-03 09:34:02.980,3.314,200
2020-08-03 09:34:02.980,3.314,9000
2020-08-03 09:34:03.610,3.314,300
2020-08-03 09:34:03.950,3.315,30000
2020-08-03 09:34:04.380,3.315,298600
2020-08-03 09:34:04.380,3.315,89000
2020-08-03 09:34:04.380,3.315,7500
2020-08-03 09:34:04.380,3.315,1500
2020-08-03 09:34:04.380,3.315,1300
2020-08-03 09:34:04.380,3.315,219700
2020-08-03 09:34:04.380,3.315,5000
2020-08-03 09:34:04.440,3.315,10100
2020-08-03 09:34:04.440,3.316,5000
2020-08-03 09:34:04.440,3.316,2000
2020-08-03 09:34:04.630,3.316,2700
2020-08-03 09:34:05.850,3.317,2000
2020-08-03 09:34:05.850,3.317,200
2020-08-03 09:34:05.850,3.317,100
2020-08-03 09:34:05.850,3.317,400
2020-08-03 09:34:05.850,3.317,2300
2020-08-03 09:34:05.850,3.317,600
2020-08-03 09:34:05.850,3.317,2700
2020-08-03 09:34:05.850,3.317,1600
2020-08-03 09:34:05.850,3.317,5100
2020-08-03 09:34:05.850,3.317,9900
2020-08-03 09:34:05.850,3.318,28900
2020-08-03 09:34:05.850,3.318,500
2020-08-03 09:34:05.850,3.318,1000
2020-08-03 09:34:05.850,3.318,5000
2020-08-03 09:34:05.850,3.318,1000
2020-08-03 09:34:05.850,3.318,30000
2020-08-03 09:34:05.850,3.318,7500
2020-08-03 09:34:05.850,3.318,3000
2020-08-03 09:34:06.340,3.318,9000
2020-08-03 09:34:06.800,3.318,30000
2020-08-03 09:34:08.050,3.318,159200
2020-08-03 09:34:08.050,3.317,20000
2020-08-03 09:34:08.640,3.317,5000
2020-08-03 09:34:08.770,3.317,10000
2020-08-03 09:34:08.800,3.317,400
2020-08-03 09:34:08.920,3.317,700
2020-08-03 09:34:08.950,3.318,100
2020-08-03 09:34:08.950,3.317,7100
2020-08-03 09:34:08.990,3.319,500
2020-08-03 09:34:09.170,3.317,35000
2020-08-03 09:34:09.200,3.317,2300
2020-08-03 09:34:10.440,3.318,5000
2020-08-03 09:34:10.490,3.317,219500
2020-08-03 09:34:10.490,3.317,3000
2020-08-03 09:34:10.490,3.316,10000
2020-08-03 09:34:10.640,3.315,600
2020-08-03 09:34:10.920,3.315,39400
2020-08-03 09:34:10.920,3.315,7500
2020-08-03 09:34:10.920,3.315,53500
2020-08-03 09:34:11.510,3.316,1000
2020-08-03 09:34:11.590,3.316,5000
2020-08-03 09:34:12.280,3.315,6400
2020-08-03 09:34:12.580,3.315,5500
2020-08-03 09:34:12.730,3.316,500
2020-08-03 09:34:12.730,3.316,200
2020-08-03 09:34:13.200,3.316,1200
2020-08-03 09:34:13.520,3.315,300000
2020-08-03 09:34:13.600,3.316,30000
2020-08-03 09:34:14.160,3.316,100
2020-08-03 09:34:14.380,3.315,2000
2020-08-03 09:34:14.460,3.315,900
2020-08-03 09:34:14.460,3.315,500
2020-08-03 09:34:14.460,3.315,100
2020-08-03 09:34:14.460,3.315,1000
2020-08-03 09:34:14.460,3.315,200
2020-08-03 09:34:14.460,3.315,300
2020-08-03 09:34:14.460,3.314,700
2020-08-03 09:34:14.460,3.314,6300
2020-08-03 09:34:14.650,3.316,10000
2020-08-03 09:34:15.520,3.316,7500
2020-08-03 09:34:15.830,3.315,400
2020-08-03 09:34:16.450,3.314,2000
2020-08-03 09:34:16.570,3.315,4000
2020-08-03 09:34:17.650,3.315,200
2020-08-03 09:34:17.650,3.315,100
2020-08-03 09:34:17.650,3.315,100
2020-08-03 09:34:17.650,3.315,200
2020-08-03 09:34:17.650,3.315,100
2020-08-03 09:34:17.690,3.315,5000
2020-08-03 09:34:17.690,3.314,29900
2020-08-03 09:34:17.690,3.314,40000
2020-08-03 09:34:17.690,3.314,10000
2020-08-03 09:34:17.690,3.314,2000
2020-08-03 09:34:17.690,3.314,50000
2020-08-03 09:34:17.690,3.314,1200
2020-08-03 09:34:17.690,3.314,500
2020-08-03 09:34:17.690,3.314,6600
2020-08-03 09:34:17.690,3.314,500
2020-08-03 09:34:17.690,3.314,10000
2020-08-03 09:34:17.690,3.314,11100
2020-08-03 09:34:17.690,3.314,300
2020-08-03 09:34:17.690,3.314,10000
2020-08-03 09:34:17.690,3.314,600
2020-08-03 09:34:17.690,3.314,200
2020-08-03 09:34:17.690,3.314,500
2020-08-03 09:34:17.690,3.314,2000
2020-08-03 09:34:17.690,3.314,124600
2020-08-03 09:34:17.720,3.315,1700
2020-08-03 09:34:17.750,3.315,100
2020-08-03 09:34:17.750,3.315,100
2020-08-03 09:34:17.750,3.315,100
2020-08-03 09:34:17.750,3.315,100
2020-08-03 09:34:17.750,3.315,100
2020-08-03 09:34:17.810,3.315,100
2020-08-03 09:34:17.810,3.315,200
2020-08-03 09:34:17.810,3.315,200
2020-08-03 09:34:17.810,3.315,100
2020-08-03 09:34:17.810,3.315,100
2020-08-03 09:34:17.840,3.315,100
2020-08-03 09:34:17.840,3.315,200
2020-08-03 09:34:17.840,3.315,200
2020-08-03 09:34:17.900,3.315,4500
2020-08-03 09:34:17.930,3.314,12300
2020-08-03 09:34:17.930,3.314,9000
2020-08-03 09:34:17.930,3.314,3000
2020-08-03 09:34:17.930,3.314,400
2020-08-03 09:34:17.930,3.314,15000
2020-08-03 09:34:17.930,3.314,30000
2020-08-03 09:34:17.930,3.314,10000
2020-08-03 09:34:17.930,3.314,100
2020-08-03 09:34:17.930,3.314,5000
2020-08-03 09:34:17.930,3.314,400
2020-08-03 09:34:17.930,3.314,6000
2020-08-03 09:34:17.930,3.314,100
2020-08-03 09:34:17.930,3.314,300
2020-08-03 09:34:17.930,3.314,5000
2020-08-03 09:34:17.930,3.314,10000
2020-08-03 09:34:17.930,3.314,10000
2020-08-03 09:34:17.930,3.314,1000
2020-08-03 09:34:18.320,3.315,5000
2020-08-03 09:34:19.460,3.315,5000
2020-08-03 09:34:19.520,3.314,2300
2020-08-03 09:34:19.650,3.314,500
2020-08-03 09:34:20.010,3.313,1000
2020-08-03 09:34:20.010,3.313,8200
2020-08-03 09:34:20.010,3.313,1000
2020-08-03 09:34:20.010,3.313,10000
2020-08-03 09:34:20.010,3.313,900
2020-08-03 09:34:20.010,3.313,5700
2020-08-03 09:34:20.010,3.313,100
2020-08-03 09:34:20.010,3.313,20000
2020-08-03 09:34:20.010,3.313,10000
2020-08-03 09:34:20.010,3.313,5000
2020-08-03 09:34:20.010,3.313,3000
2020-08-03 09:34:20.010,3.313,100
2020-08-03 09:34:20.010,3.313,21000
2020-08-03 09:34:20.010,3.313,12100
2020-08-03 09:34:20.010,3.313,2000
2020-08-03 09:34:20.010,3.313,4000
2020-08-03 09:34:20.010,3.313,500
2020-08-03 09:34:20.010,3.313,1000
2020-08-03 09:34:20.010,3.313,400
2020-08-03 09:34:20.010,3.313,12200
2020-08-03 09:34:20.010,3.313,18100
2020-08-03 09:34:20.010,3.313,3000
2020-08-03 09:34:20.010,3.313,5000
2020-08-03 09:34:20.010,3.313,100
2020-08-03 09:34:20.010,3.313,10000
2020-08-03 09:34:20.740,3.314,2500
2020-08-03 09:34:20.800,3.314,40300
2020-08-03 09:34:21.380,3.312,1000
2020-08-03 09:34:22.240,3.313,3500
2020-08-03 09:34:22.560,3.313,19900
2020-08-03 09:34:22.630,3.312,1000
2020-08-03 09:34:22.630,3.312,10000
2020-08-03 09:34:22.630,3.312,3000
2020-08-03 09:34:22.630,3.312,20000
2020-08-03 09:34:22.630,3.312,5000
2020-08-03 09:34:22.630,3.312,6000
2020-08-03 09:34:22.630,3.312,500
2020-08-03 09:34:22.630,3.312,93000
2020-08-03 09:34:22.630,3.312,2500
2020-08-03 09:34:23.010,3.311,10000
2020-08-03 09:34:23.010,3.311,5600
2020-08-03 09:34:23.010,3.311,300
2020-08-03 09:34:23.010,3.311,1800
2020-08-03 09:34:23.010,3.311,3000
2020-08-03 09:34:23.010,3.311,10000
2020-08-03 09:34:23.010,3.311,600
2020-08-03 09:34:23.010,3.311,22200
2020-08-03 09:34:23.010,3.311,10000
2020-08-03 09:34:23.010,3.311,20000
2020-08-03 09:34:23.010,3.311,20000
2020-08-03 09:34:23.010,3.311,5000
2020-08-03 09:34:23.010,3.311,2900
2020-08-03 09:34:23.010,3.311,17000
2020-08-03 09:34:23.010,3.311,4900
2020-08-03 09:34:23.010,3.311,500
2020-08-03 09:34:23.010,3.311,5000
2020-08-03 09:34:23.010,3.311,10000
2020-08-03 09:34:23.010,3.311,10000
2020-08-03 09:34:23.800,3.313,10000
2020-08-03 09:34:24.020,3.313,2000
2020-08-03 09:34:24.670,3.312,2000
2020-08-03 09:34:25.570,3.312,10000
2020-08-03 09:34:27.420,3.313,5000
2020-08-03 09:34:27.480,3.313,5000
2020-08-03 09:34:28.300,3.312,28000
2020-08-03 09:34:28.300,3.31,10000
2020-08-03 09:34:28.300,3.31,10000
2020-08-03 09:34:28.300,3.31,30000
2020-08-03 09:34:28.300,3.31,2000
2020-08-03 09:34:28.300,3.31,300
2020-08-03 09:34:28.300,3.31,1000
2020-08-03 09:34:28.300,3.31,8700
2020-08-03 09:34:29.530,3.313,100
2020-08-03 09:34:30.100,3.313,500
2020-08-03 09:34:30.610,3.312,300
2020-08-03 09:34:31.730,3.313,2900
2020-08-03 09:34:32.050,3.312,3000
2020-08-03 09:34:32.280,3.313,200
2020-08-03 09:34:32.470,3.312,26700
2020-08-03 09:34:33.000,3.312,17200
2020-08-03 09:34:33.000,3.312,2800
2020-08-03 09:34:33.330,3.311,10000
2020-08-03 09:34:33.490,3.311,700
2020-08-03 09:34:33.680,3.31,1000
2020-08-03 09:34:33.980,3.311,2300
2020-08-03 09:34:33.980,3.312,6200
2020-08-03 09:34:34.470,3.312,22000
2020-08-03 09:34:34.800,3.313,500
2020-08-03 09:34:34.800,3.312,1000
2020-08-03 09:34:35.550,3.313,10000
2020-08-03 09:34:35.800,3.313,5100
2020-08-03 09:34:37.310,3.311,5200
2020-08-03 09:34:37.310,3.311,4900
2020-08-03 09:34:37.310,3.311,100
2020-08-03 09:34:37.310,3.311,5000
2020-08-03 09:34:37.310,3.31,4800
2020-08-03 09:34:37.860,3.312,5000
2020-08-03 09:34:38.620,3.312,2000
2020-08-03 09:34:38.620,3.312,3000
2020-08-03 09:34:38.620,3.312,5000
2020-08-03 09:34:38.710,3.31,5500
2020-08-03 09:34:38.710,3.31,3000
2020-08-03 09:34:38.710,3.31,500
2020-08-03 09:34:38.970,3.311,5000
2020-08-03 09:34:39.000,3.312,1000
2020-08-03 09:34:39.000,3.313,47400
2020-08-03 09:34:39.000,3.313,5400
2020-08-03 09:34:39.000,3.313,2000
2020-08-03 09:34:39.000,3.313,500
2020-08-03 09:34:39.090,3.313,2400
2020-08-03 09:34:39.300,3.313,2000
2020-08-03 09:34:39.300,3.313,5000
2020-08-03 09:34:39.680,3.313,3000
2020-08-03 09:34:40.100,3.313,100
2020-08-03 09:34:40.340,3.312,1000
2020-08-03 09:34:40.340,3.312,3000
2020-08-03 09:34:40.400,3.313,500
2020-08-03 09:34:40.440,3.313,300
2020-08-03 09:34:40.650,3.313,2000
2020-08-03 09:34:40.740,3.313,10000
2020-08-03 09:34:41.220,3.312,210000
2020-08-03 09:34:41.830,3.312,4000
2020-08-03 09:34:42.470,3.313,58400
2020-08-03 09:34:42.470,3.313,100
2020-08-03 09:34:42.470,3.313,1900
2020-08-03 09:34:42.470,3.313,4100
2020-08-03 09:34:42.470,3.313,5000
2020-08-03 09:34:42.470,3.313,4300
2020-08-03 09:34:42.860,3.313,3700
2020-08-03 09:34:44.660,3.314,400
2020-08-03 09:34:45.520,3.313,3000
2020-08-03 09:34:46.100,3.314,200
2020-08-03 09:34:46.620,3.313,18000
2020-08-03 09:34:47.170,3.314,800
2020-08-03 09:34:47.170,3.314,4200
2020-08-03 09:34:47.320,3.313,3100
2020-08-03 09:34:47.510,3.313,1200
2020-08-03 09:34:47.950,3.313,3400
2020-08-03 09:34:48.360,3.313,15000
2020-08-03 09:34:48.620,3.314,88800
2020-08-03 09:34:48.620,3.314,1100
2020-08-03 09:34:48.960,3.313,200
2020-08-03 09:34:49.280,3.314,3000
2020-08-03 09:34:49.370,3.315,400
2020-08-03 09:34:49.370,3.315,1500
2020-08-03 09:34:49.370,3.315,2000
2020-08-03 09:34:49.370,3.315,400
2020-08-03 09:34:49.370,3.315,700
2020-08-03 09:34:49.760,3.314,1000
2020-08-03 09:34:49.760,3.314,1000
2020-08-03 09:34:49.760,3.315,100
2020-08-03 09:34:49.760,3.315,200
2020-08-03 09:34:49.760,3.315,100
2020-08-03 09:34:49.760,3.315,200
2020-08-03 09:34:49.760,3.315,100
2020-08-03 09:34:50.280,3.314,700
2020-08-03 09:34:50.520,3.314,7500
2020-08-03 09:34:50.690,3.314,200
2020-08-03 09:34:50.690,3.314,500
2020-08-03 09:34:50.790,3.315,3600
2020-08-03 09:34:50.790,3.315,6000
2020-08-03 09:34:50.790,3.315,200
2020-08-03 09:34:50.790,3.315,200
2020-08-03 09:34:51.240,3.314,300000
2020-08-03 09:34:51.880,3.314,1000
2020-08-03 09:34:52.290,3.313,7800
2020-08-03 09:34:52.320,3.313,20900
2020-08-03 09:34:53.040,3.314,300000
2020-08-03 09:34:53.170,3.314,5000
2020-08-03 09:34:53.830,3.314,1500
2020-08-03 09:34:54.020,3.313,1500
2020-08-03 09:34:54.140,3.314,100
2020-08-03 09:34:54.550,3.313,6200
2020-08-03 09:34:54.800,3.314,20000
2020-08-03 09:34:54.860,3.314,5000
2020-08-03 09:34:55.670,3.314,400
2020-08-03 09:34:56.040,3.313,2000
2020-08-03 09:34:57.910,3.313,14900
2020-08-03 09:34:58.480,3.314,800
2020-08-03 09:34:58.640,3.314,30000
2020-08-03 09:34:58.790,3.314,5000
2020-08-03 09:34:58.950,3.313,10000
2020-08-03 09:34:59.070,3.314,6000
2020-08-03 09:34:59.160,3.313,26000
2020-08-03 09:34:59.340,3.314,12000
2020-08-03 09:34:59.770,3.313,9100
2020-08-03 09:35:00.540,3.314,58800
2020-08-03 09:35:01.720,3.314,300
2020-08-03 09:35:01.810,3.314,200
2020-08-03 09:35:02.090,3.314,10000
2020-08-03 09:35:02.180,3.314,10000
2020-08-03 09:35:02.390,3.313,3200
2020-08-03 09:35:03.030,3.314,87900
2020-08-03 09:35:03.030,3.314,100
2020-08-03 09:35:03.180,3.313,300
2020-08-03 09:35:03.670,3.313,300
2020-08-03 09:35:03.830,3.313,4000
2020-08-03 09:35:04.020,3.313,40000
2020-08-03 09:35:04.020,3.314,10000
2020-08-03 09:35:04.680,3.313,14019
2020-08-03 09:35:04.680,3.314,1300
2020-08-03 09:35:04.710,3.314,20000
2020-08-03 09:35:05.180,3.313,102300
2020-08-03 09:35:05.480,3.314,1000
2020-08-03 09:35:05.580,3.314,10000
2020-08-03 09:35:06.260,3.313,10000
2020-08-03 09:35:06.820,3.313,900
2020-08-03 09:35:06.940,3.313,10000
2020-08-03 09:35:07.030,3.314,100
2020-08-03 09:35:07.090,3.313,95181
2020-08-03 09:35:07.090,3.313,300
2020-08-03 09:35:07.090,3.313,3300
2020-08-03 09:35:07.090,3.313,10000
2020-08-03 09:35:07.090,3.313,10600
2020-08-03 09:35:07.090,3.313,10000
2020-08-03 09:35:07.090,3.313,700
2020-08-03 09:35:07.090,3.313,100000
2020-08-03 09:35:07.090,3.313,1000
2020-08-03 09:35:07.090,3.313,30000
2020-08-03 09:35:07.090,3.313,5200
2020-08-03 09:35:07.090,3.313,300
2020-08-03 09:35:07.090,3.313,5300
2020-08-03 09:35:07.090,3.313,28119
2020-08-03 09:35:08.060,3.314,300
2020-08-03 09:35:08.510,3.313,100
2020-08-03 09:35:08.570,3.313,100
2020-08-03 09:35:08.570,3.313,100
2020-08-03 09:35:08.600,3.313,100
2020-08-03 09:35:08.600,3.313,100
2020-08-03 09:35:08.640,3.313,100
2020-08-03 09:35:08.640,3.313,100
2020-08-03 09:35:08.640,3.313,1181
2020-08-03 09:35:08.640,3.313,419
2020-08-03 09:35:08.700,3.313,100
2020-08-03 09:35:08.760,3.313,100
2020-08-03 09:35:08.790,3.313,100
2020-08-03 09:35:08.850,3.313,100
2020-08-03 09:35:08.910,3.313,100
2020-08-03 09:35:08.910,3.313,100
2020-08-03 09:35:08.910,3.313,100
2020-08-03 09:35:08.910,3.313,100
2020-08-03 09:35:08.910,3.313,100
2020-08-03 09:35:08.910,3.313,100
2020-08-03 09:35:08.910,3.313,100
2020-08-03 09:35:08.910,3.313,100
2020-08-03 09:35:08.910,3.313,100
2020-08-03 09:35:08.910,3.313,100
2020-08-03 09:35:08.910,3.313,100
2020-08-03 09:35:08.910,3.313,100
2020-08-03 09:35:08.910,3.313,100
2020-08-03 09:35:08.910,3.313,100
2020-08-03 09:35:08.910,3.313,100
2020-08-03 09:35:08.910,3.313,100
2020-08-03 09:35:08.980,3.313,100
2020-08-03 09:35:08.980,3.313,100
2020-08-03 09:35:08.980,3.313,100
2020-08-03 09:35:08.980,3.313,100
2020-08-03 09:35:08.980,3.313,100
