ExChangeId,ChannelNo,SeqNo,SecurityID,Trade2_Order1,TradeDate,UpdateTime,Price,Volume,TrdMoney,OrdSide,OrdType,TrdBSFlag,TrdBuyNo,TrdSellNo
1,1,11445,510360,2,20200803,92500830,1.575000,1000,1575.000000,-,-,N,105529,27359
1,1,11446,510360,2,20200803,92500830,1.575000,33700,53077.500000,-,-,N,209449,206427
1,1,11447,510360,2,20200803,92500830,1.575000,1000,1575.000000,-,-,N,176914,206427
1,1,11448,510360,2,20200803,92500830,1.575000,10000,15750.000000,-,-,N,195102,206427
1,1,11449,510360,2,20200803,92500830,1.575000,100,157.500000,-,-,N,59868,206427
1,1,86180,510360,2,20200803,93014060,1.578000,1800,2840.400000,-,-,B,367387,160516
1,1,94111,510360,2,20200803,93019980,1.578000,1800,2840.400000,-,-,B,380995,160516
1,1,96533,510360,2,20200803,93022000,1.578000,1400,2209.200000,-,-,B,384878,160516
1,1,96534,510360,2,20200803,93022000,1.578000,200,315.600000,-,-,B,384878,182100
1,1,116944,510360,2,20200803,93037130,1.580000,100,158.000000,-,-,B,413376,12993
1,1,116945,510360,2,20200803,93037130,1.581000,1200,1897.200000,-,-,B,413376,100643
1,1,120381,510360,2,20200803,93039700,1.581000,1800,2845.800000,-,-,B,418313,100643
1,1,129783,510360,2,20200803,93047140,1.581000,200,316.200000,-,-,B,431929,100643
1,1,134455,510360,2,20200803,93050690,1.581000,1900,3003.900000,-,-,B,438255,100643
1,1,134558,510360,2,20200803,93050810,1.581000,900,1422.900000,-,-,B,438437,100643
1,1,135490,510360,2,20200803,93051320,1.581000,900,1422.900000,-,-,B,439707,100643
1,1,136689,510360,2,20200803,93052430,1.581000,900,1422.900000,-,-,B,441420,100643
1,1,136833,510360,2,20200803,93052580,1.581000,2200,3478.200000,-,-,B,441613,100643
1,1,136834,510360,2,20200803,93052580,1.583000,500,791.500000,-,-,B,441613,170196
1,1,143366,510360,2,20200803,93057690,1.586000,500,793.000000,-,-,B,450482,171829
1,1,143367,510360,2,20200803,93057690,1.587000,400,634.800000,-,-,B,450482,40309
1,1,159330,510360,2,20200803,93110390,1.586000,2200,3489.200000,-,-,B,473865,472182
1,1,160654,510360,2,20200803,93111580,1.583000,1800,2849.400000,-,-,S,441613,475843
1,1,161303,510360,2,20200803,93112040,1.583000,200,316.600000,-,-,B,476852,475843
1,1,166662,510360,2,20200803,93115380,1.588000,200,317.600000,-,-,S,476852,484272
1,1,174709,510360,2,20200803,93120960,1.590000,500,795.000000,-,-,B,495551,466385
1,1,176122,510360,2,20200803,93121430,1.590000,1500,2385.000000,-,-,S,495551,496907
1,1,186334,510360,2,20200803,93128840,1.590000,2200,3498.000000,-,-,B,511645,496907
1,1,192997,510360,2,20200803,93133680,1.590000,11100,17649.000000,-,-,B,521258,496907
1,1,194832,510360,2,20200803,93135130,1.589000,15500,24629.500000,-,-,B,523796,523166
1,1,197174,510360,2,20200803,93136770,1.589000,15400,24470.600000,-,-,B,527139,523166
1,1,199256,510360,2,20200803,93138690,1.590000,20000,31800.000000,-,-,B,530430,496907
1,1,208813,510360,2,20200803,93147460,1.588000,2300,3652.400000,-,-,B,546055,541592
1,1,208990,510360,2,20200803,93147670,1.587000,10000,15870.000000,-,-,S,480255,546336
1,1,208991,510360,2,20200803,93147670,1.584000,14600,23126.400000,-,-,S,524240,546336
1,1,217299,510360,2,20200803,93155490,1.584000,300,475.200000,-,-,S,524240,559732
1,1,248885,510360,2,20200803,93221210,1.587000,5000,7935.000000,-,-,S,600953,607196
1,1,251322,510360,2,20200803,93222940,1.586000,78300,124183.800000,-,-,B,610644,607196
1,1,257114,510360,2,20200803,93227840,1.588000,100,158.800000,-,-,B,619734,558491
1,1,282760,510360,2,20200803,93254820,1.585000,2000,3170.000000,-,-,S,609766,661654
1,1,303700,510360,2,20200803,93315730,1.586000,3800,6026.800000,-,-,B,694729,685867
1,1,306813,510360,2,20200803,93318710,1.586000,3600,5709.600000,-,-,B,699585,685867
1,1,308139,510360,2,20200803,93320150,1.586000,100,158.600000,-,-,B,701733,685867
1,1,312230,510360,2,20200803,93323850,1.586000,200,317.200000,-,-,B,707669,685867
1,1,327103,510360,2,20200803,93337810,1.584000,37500,59400.000000,-,-,S,552253,730000
1,1,330516,510360,2,20200803,93340830,1.584000,1900,3009.600000,-,-,B,734630,730000
1,1,331391,510360,2,20200803,93341880,1.581000,10000,15810.000000,-,-,S,443319,736240
1,1,331392,510360,2,20200803,93341880,1.581000,14600,23082.600000,-,-,S,710684,736240
1,1,332403,510360,2,20200803,93342980,1.584000,1900,3009.600000,-,-,B,737868,730000
1,1,333960,510360,2,20200803,93344850,1.584000,1900,3009.600000,-,-,B,740740,730000
1,1,336309,510360,2,20200803,93346780,1.584000,1900,3009.600000,-,-,B,743655,730000
1,1,344569,510360,2,20200803,93355430,1.579000,600,947.400000,-,-,S,741767,756397
1,1,364448,510360,2,20200803,93416800,1.581000,1900,3003.900000,-,-,B,788427,786983
1,1,366072,510360,2,20200803,93418680,1.581000,1900,3003.900000,-,-,B,791144,786983
1,1,369055,510360,2,20200803,93421760,1.579000,66900,105635.100000,-,-,S,741767,795791
1,1,375073,510360,2,20200803,93427750,1.579000,3800,6000.200000,-,-,B,805241,799043
1,1,385843,510360,2,20200803,93439830,1.579000,500,789.500000,-,-,S,819303,822878
1,1,385844,510360,2,20200803,93439830,1.578000,1000,1578.000000,-,-,S,396391,822878
1,1,387690,510360,2,20200803,93442030,1.578000,1500,2367.000000,-,-,B,826253,822878
1,1,411091,510360,2,20200803,93503510,1.581000,200,316.200000,-,-,B,862628,843284
1,1,417560,510360,2,20200803,93511340,1.580000,800,1264.000000,-,-,B,873888,871267
1,1,431399,510360,2,20200803,93527340,1.580000,3200,5056.000000,-,-,B,896744,871267
1,1,436265,510360,2,20200803,93533280,1.580000,600,948.000000,-,-,S,896744,904812
1,1,437950,510360,2,20200803,93535450,1.580000,1900,3002.000000,-,-,B,907803,904812
1,1,450196,510360,2,20200803,93550740,1.580000,100,158.000000,-,-,B,927400,904812
1,1,457421,510360,2,20200803,93559310,1.580000,1900,3002.000000,-,-,B,938804,904812
1,1,467043,510360,2,20200803,93609310,1.580000,25400,40132.000000,-,-,B,952682,944034
1,1,469462,510360,2,20200803,93611470,1.580000,300,474.000000,-,-,B,955827,944034
1,1,469594,510360,2,20200803,93611700,1.580000,818200,1292756.000000,-,-,B,956085,944034
1,1,472956,510360,2,20200803,93614690,1.580000,3900,6162.000000,-,-,B,960866,944034
1,1,473126,510360,2,20200803,93614890,1.580000,200,316.000000,-,-,B,961157,944034
1,1,474098,510360,2,20200803,93615730,1.580000,25400,40132.000000,-,-,B,962478,944034
1,1,474103,510360,2,20200803,93615730,1.580000,126600,200028.000000,-,-,B,962488,944034
1,1,474104,510360,2,20200803,93615730,1.580000,237400,375092.000000,-,-,B,962488,944035
1,1,475838,510360,2,20200803,93617260,1.581000,25500,40315.500000,-,-,B,964843,928606
1,1,484218,510360,2,20200803,93625710,1.581000,100,158.100000,-,-,B,977084,971457
1,1,486800,510360,2,20200803,93629060,1.581000,1400,2213.400000,-,-,B,981542,971457
1,1,488304,510360,2,20200803,93630780,1.580000,1000,1580.000000,-,-,S,974529,983842
1,1,489436,510360,2,20200803,93632150,1.581000,1500,2371.500000,-,-,B,985714,971457
1,1,490890,510360,2,20200803,93633880,1.581000,3900,6165.900000,-,-,B,987982,971457
1,1,491769,510360,2,20200803,93634810,1.581000,100,158.100000,-,-,B,989474,971457
1,1,491922,510360,2,20200803,93634900,1.581000,1900,3003.900000,-,-,B,989617,971457
1,1,493404,510360,2,20200803,93636820,1.581000,67200,106243.200000,-,-,B,992097,971457
1,1,496930,510360,2,20200803,93640930,1.581000,82800,130906.800000,-,-,S,992097,997613
1,1,496931,510360,2,20200803,93640930,1.581000,1900,3003.900000,-,-,S,992347,997613
1,1,498790,510360,2,20200803,93643090,1.580000,199000,314420.000000,-,-,S,974529,1000510
1,1,498791,510360,2,20200803,93643090,1.580000,1000,1580.000000,-,-,S,984458,1000510
1,1,499261,510360,2,20200803,93643510,1.580000,199000,314420.000000,-,-,B,1001144,1000510
1,1,502316,510360,2,20200803,93646950,1.582000,25500,40341.000000,-,-,B,1006149,987100
1,1,529656,510360,2,20200803,93717100,1.582000,3000,4746.000000,-,-,B,1049565,1028246
1,1,532804,510360,2,20200803,93721060,1.582000,150000,237300.000000,-,-,B,1055039,1028246
1,1,534136,510360,2,20200803,93722640,1.581000,1500,2371.500000,-,-,S,1051560,1057191
1,1,534137,510360,2,20200803,93722640,1.581000,1300,2055.300000,-,-,S,1054321,1057191
1,1,537019,510360,2,20200803,93726240,1.582000,25400,40182.800000,-,-,B,1062132,1028246
1,1,537724,510360,2,20200803,93727220,1.582000,25400,40182.800000,-,-,B,1063452,1028246
1,1,538342,510360,2,20200803,93727960,1.582000,25400,40182.800000,-,-,B,1064352,1028246
1,1,539494,510360,2,20200803,93729490,1.582000,25500,40341.000000,-,-,B,1066370,1028246
1,1,540885,510360,2,20200803,93731190,1.582000,25400,40182.800000,-,-,B,1068457,1055777
1,1,541117,510360,2,20200803,93731430,1.582000,53500,84637.000000,-,-,B,1068882,1055777
1,1,541472,510360,2,20200803,93731770,1.582000,1000,1582.000000,-,-,S,1068882,1069392
1,1,542201,510360,2,20200803,93732680,1.585000,6600,10461.000000,-,-,B,1070585,1060105
1,1,543280,510360,2,20200803,93734150,1.583000,6700,10606.100000,-,-,B,1072461,1071330
1,1,551957,510360,2,20200803,93744860,1.582000,1000,1582.000000,-,-,S,1068882,1086134
1,1,557617,510360,2,20200803,93752310,1.583000,700,1108.100000,-,-,B,1095289,1071330
1,1,563680,510360,2,20200803,93800830,1.583000,536000,848488.000000,-,-,B,1106209,1071330
1,1,575172,510360,2,20200803,93815910,1.584000,68800,108979.200000,-,-,B,1125676,1094439
1,1,575173,510360,2,20200803,93815910,1.584000,35700,56548.800000,-,-,B,1125676,1108998
1,1,575492,510360,2,20200803,93816470,1.584000,1900,3009.600000,-,-,B,1126334,1108998
1,1,576445,510360,2,20200803,93817430,1.584000,200,316.800000,-,-,B,1127672,1108998
1,1,576925,510360,2,20200803,93818120,1.584000,100,158.400000,-,-,B,1128566,1108998
1,1,577527,510360,2,20200803,93819110,1.584000,1900,3009.600000,-,-,B,1129729,1108998
1,1,579798,510360,2,20200803,93822440,1.584000,150000,237600.000000,-,-,B,1133824,1108998
1,1,584380,510360,2,20200803,93828480,1.584000,200000,316800.000000,-,-,B,1141594,1108998
1,1,584723,510360,2,20200803,93828850,1.584000,200000,316800.000000,-,-,B,1142166,1108998
1,1,599456,510360,2,20200803,93847860,1.585000,25400,40259.000000,-,-,B,1166233,1132696
1,1,600373,510360,2,20200803,93849140,1.585000,25400,40259.000000,-,-,B,1167642,1132696
1,1,601011,510360,2,20200803,93849880,1.585000,25400,40259.000000,-,-,B,1168679,1147013
1,1,601706,510360,2,20200803,93850800,1.585000,25400,40259.000000,-,-,B,1169761,1147013
1,1,602668,510360,2,20200803,93852330,1.585000,25500,40417.500000,-,-,B,1171445,1147013
1,1,612165,510360,2,20200803,93905770,1.584000,40300,63835.200000,-,-,S,1180987,1186908
1,1,613737,510360,2,20200803,93907800,1.583000,200000,316600.000000,-,-,S,1117452,1189436
1,1,614129,510360,2,20200803,93908250,1.583000,83500,132180.500000,-,-,B,1189967,1189436
1,1,640152,510360,2,20200803,93947480,1.583000,1500,2374.500000,-,-,B,1234306,1231348
1,1,644034,510360,2,20200803,93953040,1.583000,400,633.200000,-,-,B,1240378,1231348
1,1,653787,510360,2,20200803,94006890,1.581000,7300,11541.300000,-,-,S,1201928,1256805
1,1,660923,510360,2,20200803,94014930,1.582000,3000,4746.000000,-,-,S,1260496,1267868
1,1,661668,510360,2,20200803,94015650,1.583000,3100,4907.300000,-,-,B,1268848,1231348
1,1,661669,510360,2,20200803,94015650,1.583000,196900,311692.700000,-,-,B,1268848,1253531
1,1,662049,510360,2,20200803,94016270,1.583000,25500,40366.500000,-,-,B,1269566,1253531
1,1,662317,510360,2,20200803,94016570,1.583000,200000,316600.000000,-,-,B,1270023,1253531
1,1,662813,510360,2,20200803,94017040,1.583000,200000,316600.000000,-,-,B,1270889,1253531
1,1,663253,510360,2,20200803,94017610,1.583000,173400,274492.200000,-,-,B,1271577,1253531
1,1,683049,510360,2,20200803,94045500,1.585000,7000,11095.000000,-,-,B,1304170,1208050
1,1,683050,510360,2,20200803,94045500,1.585000,3900,6181.500000,-,-,B,1304170,1215668
1,1,683051,510360,2,20200803,94045500,1.585000,75800,120143.000000,-,-,B,1304170,1277151
1,1,683052,510360,2,20200803,94045500,1.585000,113300,179580.500000,-,-,B,1304170,1290751
1,1,683293,510360,2,20200803,94046010,1.585000,7000,11095.000000,-,-,B,1304683,1290751
1,1,683628,510360,2,20200803,94046480,1.585000,200000,317000.000000,-,-,B,1305199,1290751
1,1,684127,510360,2,20200803,94047060,1.585000,200000,317000.000000,-,-,B,1305974,1290751
1,1,685237,510360,2,20200803,94048420,1.585000,200000,317000.000000,-,-,B,1307449,1290751
1,1,685569,510360,2,20200803,94048960,1.585000,200000,317000.000000,-,-,B,1307953,1290751
1,1,686002,510360,2,20200803,94049520,1.585000,79700,126324.500000,-,-,B,1308560,1290751
1,1,686003,510360,2,20200803,94049520,1.585000,120300,190675.500000,-,-,B,1308560,1290752
1,1,686431,510360,2,20200803,94050060,1.585000,15200,24092.000000,-,-,B,1309262,1290752
1,1,686432,510360,2,20200803,94050060,1.585000,600,951.000000,-,-,B,1309262,1298853
1,1,699979,510360,2,20200803,94110610,1.586000,200000,317200.000000,-,-,B,1331729,685867
1,1,700486,510360,2,20200803,94111170,1.586000,200000,317200.000000,-,-,B,1332498,685867
1,1,701491,510360,2,20200803,94112530,1.586000,200000,317200.000000,-,-,B,1333998,685867
1,1,701718,510360,2,20200803,94112990,1.586000,200000,317200.000000,-,-,B,1334439,685867
1,1,702133,510360,2,20200803,94113600,1.586000,192300,304987.800000,-,-,B,1335062,685867
1,1,702134,510360,2,20200803,94113600,1.586000,7700,12212.200000,-,-,B,1335062,685868
1,1,702595,510360,2,20200803,94114120,1.586000,192300,304987.800000,-,-,B,1335818,685868
1,1,705512,510360,2,20200803,94118550,1.586000,200000,317200.000000,-,-,B,1340531,685868
1,1,705822,510360,2,20200803,94119080,1.586000,200000,317200.000000,-,-,B,1341044,685868
1,1,706203,510360,2,20200803,94119570,1.586000,200000,317200.000000,-,-,B,1341631,685868
1,1,706715,510360,2,20200803,94120170,1.586000,200000,317200.000000,-,-,B,1342368,685868
1,1,706975,510360,2,20200803,94120590,1.586000,1100,1744.600000,-,-,B,1342827,1051063
1,1,766316,510360,2,20200803,94257230,1.588000,200,317.600000,-,-,B,1440907,865877
1,1,769228,510360,2,20200803,94302180,1.586000,100,158.600000,-,-,S,1342827,1445693
1,1,784075,510360,2,20200803,94328740,1.588000,500,794.000000,-,-,B,1470375,865877
1,1,784076,510360,2,20200803,94328740,1.588000,500,794.000000,-,-,B,1470375,1442291
1,1,784077,510360,2,20200803,94328740,1.588000,19000,30172.000000,-,-,B,1470375,1446827
1,1,817422,510360,2,20200803,94429060,1.586000,500,793.000000,-,-,S,1388095,1527159
1,1,817423,510360,2,20200803,94429060,1.586000,600,951.600000,-,-,S,1418146,1527159
1,1,824168,510360,2,20200803,94441580,1.586000,10000,15860.000000,-,-,B,1538880,1531522
1,1,825183,510360,2,20200803,94443450,1.586000,500,793.000000,-,-,B,1540465,1531522
1,1,846390,510360,2,20200803,94516920,1.586000,1800,2854.800000,-,-,B,1575042,1547583
1,1,849343,510360,2,20200803,94521070,1.586000,100,158.600000,-,-,B,1579635,1558532
1,1,852257,510360,2,20200803,94525820,1.586000,1000,1586.000000,-,-,B,1584601,1558532
1,1,888097,510360,2,20200803,94627230,1.587000,500,793.500000,-,-,B,1644371,1621974
1,1,892492,510360,2,20200803,94634310,1.586000,1300,2061.800000,-,-,S,1635661,1651014
1,1,897321,510360,2,20200803,94642470,1.585000,1000,1585.000000,-,-,S,1650492,1658327
1,1,910434,510360,2,20200803,94708040,1.585000,1000,1585.000000,-,-,S,1650492,1680799
1,1,911907,510360,2,20200803,94710780,1.586000,10500,16653.000000,-,-,B,1683126,1677341
1,1,917466,510360,2,20200803,94721510,1.586000,300,475.800000,-,-,B,1692463,1677341
1,1,923881,510360,2,20200803,94734420,1.585000,6000,9510.000000,-,-,S,1650492,1703253
1,1,932037,510360,2,20200803,94750100,1.585000,20000,31700.000000,-,-,B,1716686,1703253
1,1,959468,510360,2,20200803,94838520,1.583000,1300,2057.900000,-,-,B,1758945,1758489
1,1,987087,510360,2,20200803,94929700,1.583000,1000,1583.000000,-,-,B,1803726,1782138
1,1,999038,510360,2,20200803,94955080,1.581000,1000,1581.000000,-,-,S,1472493,1823782
1,1,1006152,510360,2,20200803,95008200,1.581000,2000,3162.000000,-,-,B,1834954,1823782
1,1,1010799,510360,2,20200803,95015740,1.581000,1600,2529.600000,-,-,B,1842032,1836260
1,1,1020594,510360,2,20200803,95032650,1.582000,200000,316400.000000,-,-,B,1857721,1831432
1,1,1020999,510360,2,20200803,95033060,1.582000,67700,107101.400000,-,-,B,1858128,1831432
1,1,1021613,510360,2,20200803,95034350,1.583000,21300,33717.900000,-,-,B,1859170,1847683
1,1,1023713,510360,2,20200803,95037930,1.583000,2000,3166.000000,-,-,B,1862488,1847683
1,1,1025938,510360,2,20200803,95042070,1.583000,500,791.500000,-,-,B,1865935,1847683
1,1,1045080,510360,2,20200803,95120370,1.582000,2000,3164.000000,-,-,S,1858128,1897279
1,1,1098854,510360,2,20200803,95311340,1.582000,3200,5062.400000,-,-,S,1929241,1981509
1,1,1106060,510360,2,20200803,95326770,1.584000,500,792.000000,-,-,B,1993297,1803863
1,1,1106941,510360,2,20200803,95328910,1.584000,100,158.400000,-,-,B,1994857,1803863
1,1,1106942,510360,2,20200803,95328910,1.584000,5800,9187.200000,-,-,B,1994857,1915995
1,1,1125908,510360,2,20200803,95410920,1.584000,4200,6652.800000,-,-,B,2026926,1915995
1,1,1136228,510360,2,20200803,95433510,1.585000,1400,2219.000000,-,-,B,2044287,1946423
1,1,1139238,510360,2,20200803,95439430,1.585000,3800,6023.000000,-,-,B,2048607,1946423
1,1,1140942,510360,2,20200803,95442940,1.585000,5800,9193.000000,-,-,B,2051202,1946423
1,1,1140943,510360,2,20200803,95442940,1.585000,400,634.000000,-,-,B,2051202,1960196
1,1,1141716,510360,2,20200803,95444270,1.586000,700,1110.200000,-,-,B,2052279,2037322
1,1,1156810,510360,2,20200803,95510980,1.586000,116800,185244.800000,-,-,B,2074594,2060304
1,1,1156811,510360,2,20200803,95510980,1.586000,83200,131955.200000,-,-,B,2074594,2060305
1,1,1157162,510360,2,20200803,95511540,1.586000,116800,185244.800000,-,-,B,2075076,2060305
1,1,1157488,510360,2,20200803,95512010,1.586000,200,317.200000,-,-,B,2075480,2060305
1,1,1158532,510360,2,20200803,95514040,1.586000,200000,317200.000000,-,-,B,2077185,2060305
1,1,1158754,510360,2,20200803,95514500,1.586000,200000,317200.000000,-,-,B,2077498,2060305
1,1,1159054,510360,2,20200803,95515020,1.586000,200000,317200.000000,-,-,B,2077949,2060305
1,1,1159435,510360,2,20200803,95515410,1.586000,199800,316882.800000,-,-,B,2078246,2060305
1,1,1163034,510360,2,20200803,95522900,1.586000,200,317.200000,-,-,S,2078246,2084017
1,1,1163035,510360,2,20200803,95522900,1.586000,14100,22362.600000,-,-,S,2078687,2084017
1,1,1170380,510360,2,20200803,95537940,1.588000,2000,3176.000000,-,-,B,2095721,1929536
1,1,1170381,510360,2,20200803,95537940,1.588000,4200,6669.600000,-,-,B,2095721,2083334
1,1,1185882,510360,2,20200803,95610540,1.585000,14800,23458.000000,-,-,S,2054271,2119664
1,1,1192174,510360,2,20200803,95624620,1.587000,4100,6506.700000,-,-,B,2130240,2129893
1,1,1205730,510360,2,20200803,95657560,1.585000,300,475.500000,-,-,S,2054271,2153531
1,1,1250445,510360,2,20200803,95846110,1.587000,100,158.700000,-,-,B,2224414,2210974
1,1,1253965,510360,2,20200803,95854470,1.587000,2000,3174.000000,-,-,B,2229736,2210975
1,1,1273505,510360,2,20200803,95940340,1.588000,6300,10004.400000,-,-,B,2260630,2249877
1,1,1275364,510360,2,20200803,95944420,1.586000,2500,3965.000000,-,-,S,2205234,2263602
1,1,1297544,510360,2,20200803,100025490,1.586000,300,475.800000,-,-,S,2205234,2296227
1,1,1298565,510360,2,20200803,100026300,1.586000,1400,2220.400000,-,-,S,2205234,2297725
1,1,1298566,510360,2,20200803,100026300,1.586000,1800,2854.800000,-,-,S,2285501,2297725
1,1,1300961,510360,2,20200803,100028790,1.586000,2200,3489.200000,-,-,S,2285501,2300876
1,1,1302576,510360,2,20200803,100030760,1.586000,1400,2220.400000,-,-,S,2285501,2303032
1,1,1305707,510360,2,20200803,100034270,1.586000,1400,2220.400000,-,-,S,2285501,2306915
1,1,1305957,510360,2,20200803,100034520,1.586000,3800,6026.800000,-,-,S,2285501,2307251
1,1,1307877,510360,2,20200803,100036800,1.586000,1800,2854.800000,-,-,S,2285501,2310026
1,1,1307976,510360,2,20200803,100036980,1.586000,1400,2220.400000,-,-,S,2285501,2310171
1,1,1308945,510360,2,20200803,100038130,1.586000,6200,9833.200000,-,-,S,2285501,2311618
1,1,1322226,510360,2,20200803,100102420,1.584000,3800,6019.200000,-,-,B,2332561,2326146
1,1,1355415,510360,2,20200803,100212070,1.583000,2600,4115.800000,-,-,B,2387454,2373921
1,1,1394501,510360,2,20200803,100342370,1.583000,10000,15830.000000,-,-,B,2452232,2439539
1,1,1440632,510360,2,20200803,100543070,1.583000,200,316.600000,-,-,S,2504621,2528296
1,1,1455333,510360,2,20200803,100618620,1.581000,2200,3478.200000,-,-,S,2311619,2549692
1,1,1539892,510360,2,20200803,101004550,1.582000,200,316.400000,-,-,B,2682116,2659140
1,1,1556701,510360,2,20200803,101037960,1.580000,6700,10586.000000,-,-,S,2087437,2704484
1,1,1556702,510360,2,20200803,101037960,1.580000,1000,1580.000000,-,-,S,2662473,2704484
1,1,1572430,510360,2,20200803,101112090,1.580000,100,158.000000,-,-,B,2727850,2704484
1,1,1575020,510360,2,20200803,101116830,1.580000,900,1422.000000,-,-,B,2731116,2704484
1,1,1575474,510360,2,20200803,101117790,1.580000,100,158.000000,-,-,B,2731819,2704484
1,1,1606687,510360,2,20200803,101239520,1.578000,500,789.000000,-,-,S,842558,2782724
1,1,1606688,510360,2,20200803,101239520,1.578000,400,631.200000,-,-,S,2685133,2782724
1,1,1634044,510360,2,20200803,101351280,1.579000,100,157.900000,-,-,B,2825455,2809118
1,1,1654195,510360,2,20200803,101449320,1.580000,200000,316000.000000,-,-,B,2859465,2845266
1,1,1654315,510360,2,20200803,101449660,1.580000,200000,316000.000000,-,-,B,2859652,2845266
1,1,1654541,510360,2,20200803,101450300,1.580000,200000,316000.000000,-,-,B,2860109,2845266
1,1,1654637,510360,2,20200803,101450700,1.580000,200000,316000.000000,-,-,B,2860327,2845266
1,1,1655040,510360,2,20200803,101452310,1.580000,145800,230364.000000,-,-,B,2861162,2845266
1,1,1673521,510360,2,20200803,101548410,1.581000,2000,3162.000000,-,-,S,2890551,2892563
1,1,1679972,510360,2,20200803,101609210,1.581000,2000,3162.000000,-,-,S,2890551,2903772
1,1,1731597,510360,2,20200803,101908460,1.581000,500,790.500000,-,-,B,2990954,2971801
1,1,1750337,510360,2,20200803,102020530,1.581000,3400,5375.400000,-,-,S,2999969,3022641
1,1,1750893,510360,2,20200803,102022420,1.581000,100000,158100.000000,-,-,S,2999969,3023477
1,1,1751663,510360,2,20200803,102024870,1.581000,500,790.500000,-,-,S,2999969,3024567
1,1,1758982,510360,2,20200803,102045670,1.581000,20000,31620.000000,-,-,S,2999969,3034240
1,1,1760796,510360,2,20200803,102049260,1.581000,7000,11067.000000,-,-,S,2999969,3036053
1,1,1763402,510360,2,20200803,102053430,1.582000,1800,2847.600000,-,-,B,3038718,2659140
1,1,1772657,510360,2,20200803,102113090,1.582000,1000,1582.000000,-,-,S,3039815,3049752
1,1,1773359,510360,2,20200803,102115460,1.583000,200000,316600.000000,-,-,B,3050957,3039733
1,1,1773482,510360,2,20200803,102115820,1.583000,200000,316600.000000,-,-,B,3051111,3039733
1,1,1773679,510360,2,20200803,102116510,1.583000,200000,316600.000000,-,-,B,3051472,3039733
1,1,1774128,510360,2,20200803,102116910,1.583000,200000,316600.000000,-,-,B,3051716,3039733
1,1,1774322,510360,2,20200803,102117480,1.583000,200000,316600.000000,-,-,B,3052041,3039733
1,1,1774723,510360,2,20200803,102118440,1.583000,200000,316600.000000,-,-,B,3052580,3039734
1,1,1774803,510360,2,20200803,102118780,1.583000,60900,96404.700000,-,-,B,3052750,3039734
1,1,1791901,510360,2,20200803,102206760,1.583000,6500,10289.500000,-,-,S,3054667,3077807
1,1,1822187,510360,2,20200803,102350570,1.586000,100,158.600000,-,-,B,3129617,3117067
1,1,1832615,510360,2,20200803,102421520,1.585000,1000,1585.000000,-,-,S,3136131,3145720
1,1,1872980,510360,2,20200803,102641390,1.582000,400,632.800000,-,-,B,3214845,3208138
1,1,1893626,510360,2,20200803,102803060,1.583000,100,158.300000,-,-,B,3249114,3245660
1,1,1904619,510360,2,20200803,102849630,1.583000,600,949.800000,-,-,B,3267472,3257241
1,1,1924982,510360,2,20200803,103007960,1.580000,200000,316000.000000,-,-,S,3166586,3299653
1,1,1966620,510360,2,20200803,103220330,1.580000,100,158.000000,-,-,S,3342815,3365035
1,1,2073961,510360,2,20200803,103807190,1.585000,100,158.500000,-,-,B,3527085,3162575
1,1,2103110,510360,2,20200803,103934900,1.585000,4800,7608.000000,-,-,B,3569206,3162575
1,1,2103347,510360,2,20200803,103935810,1.585000,3500,5547.500000,-,-,S,3569206,3569651
1,1,2115241,510360,2,20200803,104008640,1.586000,1000,1586.000000,-,-,B,3586573,3368398
1,1,2138604,510360,2,20200803,104104500,1.587000,400,634.800000,-,-,S,3617078,3617575
1,1,2150975,510360,2,20200803,104136060,1.588000,100,158.800000,-,-,B,3634948,2994543
1,1,2156880,510360,2,20200803,104152530,1.588000,400,635.200000,-,-,B,3644078,2994543
1,1,2156881,510360,2,20200803,104152530,1.588000,600,952.800000,-,-,B,3644078,3417123
1,1,2163514,510360,2,20200803,104210640,1.589000,1700,2701.300000,-,-,B,3654111,1735996
1,1,2177819,510360,2,20200803,104256290,1.588000,3800,6034.400000,-,-,S,3644078,3678611
1,1,2177820,510360,2,20200803,104256290,1.588000,1200,1905.600000,-,-,S,3670203,3678611
1,1,2211629,510360,2,20200803,104456400,1.585000,58200,92247.000000,-,-,S,3569206,3735957
1,1,2213301,510360,2,20200803,104502080,1.587000,100,158.700000,-,-,B,3738539,3735676
1,1,2265789,510360,2,20200803,104905690,1.586000,600,951.600000,-,-,S,3798738,3829822
1,1,2265790,510360,2,20200803,104905690,1.586000,1900,3013.400000,-,-,S,3817766,3829822
1,1,2277608,510360,2,20200803,104959820,1.587000,44100,69986.700000,-,-,B,3849411,3748981
1,1,2288244,510360,2,20200803,105031460,1.587000,300,476.100000,-,-,S,3856724,3864785
1,1,2288734,510360,2,20200803,105033200,1.587000,600,952.200000,-,-,S,3856724,3865640
1,1,2288947,510360,2,20200803,105034380,1.587000,1200,1904.400000,-,-,S,3856724,3866094
1,1,2290005,510360,2,20200803,105038000,1.587000,1200,1904.400000,-,-,S,3856724,3867823
1,1,2293202,510360,2,20200803,105050800,1.587000,1700,2697.900000,-,-,S,3856724,3873518
1,1,2311807,510360,2,20200803,105213680,1.585000,100,158.500000,-,-,S,3569206,3905327
1,1,2363354,510360,2,20200803,105540760,1.587000,2300,3650.100000,-,-,B,3985224,3902315
1,1,2371314,510360,2,20200803,105609930,1.588000,700,1111.600000,-,-,B,3997144,3815134
1,1,2376167,510360,2,20200803,105627290,1.588000,1100,1746.800000,-,-,S,3997144,4004410
1,1,2376539,510360,2,20200803,105628780,1.588000,1100,1746.800000,-,-,S,3997144,4005037
1,1,2376793,510360,2,20200803,105629890,1.588000,1100,1746.800000,-,-,S,3997144,4005515
1,1,2379942,510360,2,20200803,105643480,1.588000,6000,9528.000000,-,-,S,3997144,4011083
1,1,2426135,510360,2,20200803,110000970,1.588000,4000,6352.000000,-,-,B,4084739,4011083
1,1,2426136,510360,2,20200803,110000970,1.588000,1000,1588.000000,-,-,B,4084739,4057968
1,1,2431548,510360,2,20200803,110012270,1.589000,6500,10328.500000,-,-,B,4090703,1735996
1,1,2438220,510360,2,20200803,110031000,1.589000,21800,34640.200000,-,-,B,4100202,1735996
1,1,2458724,510360,2,20200803,110124970,1.590000,20000,31800.000000,-,-,B,4127387,1684794
1,1,2458725,510360,2,20200803,110124970,1.590000,200,318.000000,-,-,B,4127387,2196423
1,1,2458726,510360,2,20200803,110124970,1.590000,200,318.000000,-,-,B,4127387,2370009
1,1,2458727,510360,2,20200803,110124970,1.590000,20400,32436.000000,-,-,B,4127387,2521032
1,1,2458728,510360,2,20200803,110124970,1.590000,200,318.000000,-,-,B,4127387,2704173
1,1,2458729,510360,2,20200803,110124970,1.590000,20000,31800.000000,-,-,B,4127387,3227566
1,1,2458730,510360,2,20200803,110124970,1.590000,2000,3180.000000,-,-,B,4127387,3538513
1,1,2458731,510360,2,20200803,110124970,1.590000,5000,7950.000000,-,-,B,4127387,3683151
1,1,2458732,510360,2,20200803,110124970,1.590000,500,795.000000,-,-,B,4127387,3833735
1,1,2458733,510360,2,20200803,110124970,1.590000,1500,2385.000000,-,-,B,4127387,4098227
1,1,2458734,510360,2,20200803,110124970,1.590000,130000,206700.000000,-,-,B,4127387,4113711
1,1,2458825,510360,2,20200803,110125290,1.590000,20000,31800.000000,-,-,B,4127519,4113711
1,1,2464116,510360,2,20200803,110142870,1.590000,7400,11766.000000,-,-,B,4135739,4124317
1,1,2473594,510360,2,20200803,110211630,1.591000,800,1272.800000,-,-,B,4149855,1292334
1,1,2473595,510360,2,20200803,110211630,1.591000,16500,26251.500000,-,-,B,4149855,1837428
1,1,2473596,510360,2,20200803,110211630,1.591000,12900,20523.900000,-,-,B,4149855,4142164
1,1,2507003,510360,2,20200803,110421110,1.590000,6600,10494.000000,-,-,B,4205977,4196811
1,1,2517616,510360,2,20200803,110507260,1.591000,400,636.400000,-,-,B,4222963,4158763
1,1,2517617,510360,2,20200803,110507260,1.591000,270400,430206.400000,-,-,B,4222963,4219181
1,1,2517922,510360,2,20200803,110508610,1.591000,200,318.200000,-,-,S,4222963,4223506
1,1,2518614,510360,2,20200803,110511480,1.591000,2000,3182.000000,-,-,S,4222963,4224576
1,1,2518785,510360,2,20200803,110512100,1.591000,1900,3022.900000,-,-,S,4222963,4224813
1,1,2519236,510360,2,20200803,110513980,1.591000,1900,3022.900000,-,-,S,4222963,4225494
1,1,2519636,510360,2,20200803,110515640,1.591000,1900,3022.900000,-,-,S,4222963,4226142
1,1,2519963,510360,2,20200803,110517260,1.591000,1200,1909.200000,-,-,S,4222963,4226748
1,1,2520996,510360,2,20200803,110521730,1.591000,20300,32297.300000,-,-,S,4222963,4228511
1,1,2521064,510360,2,20200803,110522120,1.591000,20300,32297.300000,-,-,S,4222963,4228661
1,1,2522387,510360,2,20200803,110527130,1.591000,122300,194579.300000,-,-,S,4222963,4230832
1,1,2522749,510360,2,20200803,110528780,1.589000,10300,16366.700000,-,-,S,4202985,4231431
1,1,2522856,510360,2,20200803,110529260,1.589000,15200,24152.800000,-,-,S,4202985,4231672
1,1,2558560,510360,2,20200803,110803750,1.590000,4100,6519.000000,-,-,S,4281142,4287988
1,1,2577052,510360,2,20200803,110920100,1.591000,5100,8114.100000,-,-,B,4315661,4237251
1,1,2594063,510360,2,20200803,111026140,1.592000,3700,5890.400000,-,-,B,4340551,326055
1,1,2594382,510360,2,20200803,111027360,1.591000,12600,20046.600000,-,-,S,4320573,4341037
1,1,2602090,510360,2,20200803,111057140,1.592000,11100,17671.200000,-,-,B,4352113,326055
1,1,2602091,510360,2,20200803,111057140,1.592000,500,796.000000,-,-,B,4352113,568752
1,1,2602092,510360,2,20200803,111057140,1.592000,10000,15920.000000,-,-,B,4352113,1504946
1,1,2602093,510360,2,20200803,111057140,1.592000,6600,10507.200000,-,-,B,4352113,1511508
1,1,2602094,510360,2,20200803,111057140,1.592000,1000,1592.000000,-,-,B,4352113,2509805
1,1,2602095,510360,2,20200803,111057140,1.592000,100,159.200000,-,-,B,4352113,3256826
1,1,2602096,510360,2,20200803,111057140,1.592000,75300,119877.600000,-,-,B,4352113,3695048
1,1,2602097,510360,2,20200803,111057140,1.592000,20000,31840.000000,-,-,B,4352113,4223745
1,1,2602098,510360,2,20200803,111057140,1.592000,7400,11780.800000,-,-,B,4352113,4323976
1,1,2624902,510360,2,20200803,111209090,1.593000,6600,10513.800000,-,-,B,4380884,725883
1,1,2666216,510360,2,20200803,111459440,1.592000,15000,23880.000000,-,-,S,4389709,4449851
1,1,2690799,510360,2,20200803,111644010,1.590000,1000,1590.000000,-,-,B,4490448,4484434
1,1,2693241,510360,2,20200803,111655540,1.590000,10000,15900.000000,-,-,B,4494565,4484434
1,1,2697300,510360,2,20200803,111713900,1.587000,25000,39675.000000,-,-,S,4472753,4501070
1,1,2707112,510360,2,20200803,111801230,1.587000,25000,39675.000000,-,-,S,4472753,4516967
1,1,2707566,510360,2,20200803,111802970,1.587000,25000,39675.000000,-,-,S,4472753,4517703
1,1,2708209,510360,2,20200803,111805740,1.586000,2000,3172.000000,-,-,S,4351065,4518738
1,1,2708210,510360,2,20200803,111805740,1.586000,23000,36478.000000,-,-,S,4490102,4518738
1,1,2726386,510360,2,20200803,111927970,1.586000,25000,39650.000000,-,-,S,4490102,4547936
1,1,2727870,510360,2,20200803,111930100,1.585000,3000,4755.000000,-,-,S,4004901,4549802
1,1,2727871,510360,2,20200803,111930100,1.585000,22000,34870.000000,-,-,S,4542037,4549802
1,1,2728487,510360,2,20200803,111931160,1.585000,3800,6023.000000,-,-,S,4542037,4550671
1,1,2729034,510360,2,20200803,111932240,1.585000,25300,40100.500000,-,-,S,4542037,4551469
1,1,2730538,510360,2,20200803,111934520,1.584000,25000,39600.000000,-,-,S,4548023,4553364
1,1,2731758,510360,2,20200803,111936150,1.584000,25000,39600.000000,-,-,S,4548023,4554883
1,1,2733696,510360,2,20200803,111938450,1.584000,21800,34531.200000,-,-,S,4548023,4556438
1,1,2736992,510360,2,20200803,111945230,1.584000,2200,3484.800000,-,-,S,4548023,4560444
1,1,2773706,510360,2,20200803,112136870,1.584000,5000,7920.000000,-,-,B,4614508,4611457
1,1,2774722,510360,2,20200803,112140640,1.584000,1000,1584.000000,-,-,B,4616050,4611457
1,1,2883904,510360,2,20200803,130004540,1.586000,100,158.600000,-,-,S,4776885,4823953
1,1,2883905,510360,2,20200803,130004540,1.586000,1500,2379.000000,-,-,S,4782731,4823953
1,1,2884343,510360,2,20200803,130004640,1.586000,3200,5075.200000,-,-,S,4782731,4825220
1,1,2958679,510360,2,20200803,130443360,1.590000,1000,1590.000000,-,-,B,4943854,4673327
1,1,2982577,510360,2,20200803,130628020,1.587000,200,317.400000,-,-,S,4898295,4981677
1,1,3014386,510360,2,20200803,130843790,1.589000,10000,15890.000000,-,-,S,5027139,5031734
1,1,3041127,510360,2,20200803,131047620,1.590000,700,1113.000000,-,-,B,5076510,4673327
1,1,3041702,510360,2,20200803,131050700,1.589000,100,158.900000,-,-,S,5027139,5077662
1,1,3053695,510360,2,20200803,131147880,1.589000,200,317.800000,-,-,S,5040471,5098984
1,1,3072908,510360,2,20200803,131325490,1.589000,3000,4767.000000,-,-,S,5040471,5132048
1,1,3075266,510360,2,20200803,131337850,1.589000,500,794.500000,-,-,S,5040471,5135916
1,1,3084471,510360,2,20200803,131423870,1.590000,1000,1590.000000,-,-,B,5150995,4673327
1,1,3084472,510360,2,20200803,131423870,1.590000,9000,14310.000000,-,-,B,5150995,4956473
1,1,3084473,510360,2,20200803,131423870,1.590000,5500,8745.000000,-,-,B,5150995,5054321
1,1,3084474,510360,2,20200803,131423870,1.590000,2000,3180.000000,-,-,B,5150995,5097197
1,1,3100769,510360,2,20200803,131536930,1.590000,700,1113.000000,-,-,B,5177116,5174881
1,1,3101222,510360,2,20200803,131539100,1.590000,100,159.000000,-,-,S,5177116,5177949
1,1,3104966,510360,2,20200803,131558540,1.590000,100,159.000000,-,-,S,5177116,5184436
1,1,3112000,510360,2,20200803,131639060,1.589000,100,158.900000,-,-,S,5040471,5197321
1,1,3161128,510360,2,20200803,132043270,1.589000,100,158.900000,-,-,S,5040471,5277082
1,1,3169848,510360,2,20200803,132121640,1.589000,1100,1747.900000,-,-,S,5040471,5290878
1,1,3169849,510360,2,20200803,132121640,1.589000,3000,4767.000000,-,-,S,5058715,5290878
1,1,3169850,510360,2,20200803,132121640,1.589000,13700,21769.300000,-,-,S,5290714,5290878
1,1,3233715,510360,2,20200803,132548790,1.588000,13200,20961.600000,-,-,B,5391140,5376624
1,1,3244259,510360,2,20200803,132637290,1.588000,60000,95280.000000,-,-,S,5392532,5408554
1,1,3253531,510360,2,20200803,132724400,1.588000,100,158.800000,-,-,S,5392532,5423688
1,1,3264025,510360,2,20200803,132821400,1.588000,1000,1588.000000,-,-,S,5392532,5441772
1,1,3277558,510360,2,20200803,132929810,1.588000,1000,1588.000000,-,-,S,5392532,5463273
1,1,3307043,510360,2,20200803,133126750,1.588000,2800,4446.400000,-,-,S,5465317,5508257
1,1,3334652,510360,2,20200803,133315520,1.588000,7200,11433.600000,-,-,S,5465317,5549761
1,1,3339617,510360,2,20200803,133333850,1.587000,1800,2856.600000,-,-,S,4898295,5556856
1,1,3363755,510360,2,20200803,133519980,1.586000,300,475.800000,-,-,S,4782731,5595168
1,1,3363756,510360,2,20200803,133519980,1.586000,300,475.800000,-,-,S,4817138,5595168
1,1,3363757,510360,2,20200803,133519980,1.586000,1000,1586.000000,-,-,S,4817683,5595168
1,1,3363758,510360,2,20200803,133519980,1.586000,5400,8564.400000,-,-,S,5413897,5595168
1,1,3364772,510360,2,20200803,133524030,1.587000,800,1269.600000,-,-,B,5596559,5575007
1,1,3387627,510360,2,20200803,133652160,1.586000,2100,3330.600000,-,-,S,5413897,5631228
1,1,3395631,510360,2,20200803,133716040,1.586000,42500,67405.000000,-,-,S,5413897,5641898
1,1,3404365,510360,2,20200803,133746200,1.585000,1000,1585.000000,-,-,S,4790004,5654131
1,1,3404366,510360,2,20200803,133746200,1.585000,500,792.500000,-,-,S,4819628,5654131
1,1,3404367,510360,2,20200803,133746200,1.585000,300,475.500000,-,-,S,5122680,5654131
1,1,3437098,510360,2,20200803,133943620,1.584000,900,1425.600000,-,-,S,5310356,5704942
1,1,3437099,510360,2,20200803,133943620,1.584000,8700,13780.800000,-,-,S,5475565,5704942
1,1,3437100,510360,2,20200803,133943620,1.584000,1000,1584.000000,-,-,S,5687118,5704942
1,1,3467309,510360,2,20200803,134133270,1.583000,10000,15830.000000,-,-,S,5466849,5749796
1,1,3477227,510360,2,20200803,134211860,1.583000,7800,12347.400000,-,-,B,5765087,5749796
1,1,3484762,510360,2,20200803,134239770,1.584000,8400,13305.600000,-,-,B,5777243,5704942
1,1,3484763,510360,2,20200803,134239770,1.584000,191600,303494.400000,-,-,B,5777243,5766818
1,1,3484836,510360,2,20200803,134240070,1.584000,200000,316800.000000,-,-,B,5777359,5766818
1,1,3485026,510360,2,20200803,134240790,1.584000,200000,316800.000000,-,-,B,5777641,5766818
1,1,3485120,510360,2,20200803,134241120,1.584000,195500,309672.000000,-,-,B,5777769,5766818
1,1,3524901,510360,2,20200803,134534180,1.587000,5000,7935.000000,-,-,B,5843230,5575007
1,1,3532385,510360,2,20200803,134611960,1.587000,1000,1587.000000,-,-,B,5855940,5575007
1,1,3542414,510360,2,20200803,134701980,1.586000,200,317.200000,-,-,S,5846815,5872456
1,1,3545753,510360,2,20200803,134719040,1.587000,3200,5078.400000,-,-,B,5877972,5575007
1,1,3545754,510360,2,20200803,134719040,1.587000,3000,4761.000000,-,-,B,5877972,5622647
1,1,3560173,510360,2,20200803,134827740,1.587000,10000,15870.000000,-,-,S,5895888,5900001
1,1,3560174,510360,2,20200803,134827740,1.587000,5000,7935.000000,-,-,S,5898306,5900001
1,1,3578299,510360,2,20200803,134957610,1.588000,15000,23820.000000,-,-,B,5929442,5881299
1,1,3578300,510360,2,20200803,134957610,1.588000,100,158.800000,-,-,B,5929442,5892162
1,1,3613880,510360,2,20200803,135234480,1.589000,13400,21292.600000,-,-,B,5984511,5699837
1,1,3613881,510360,2,20200803,135234480,1.589000,13400,21292.600000,-,-,B,5984511,5895300
1,1,3613882,510360,2,20200803,135234480,1.589000,4000,6356.000000,-,-,B,5984511,5981900
1,1,3623496,510360,2,20200803,135317820,1.590000,100,159.000000,-,-,B,5998829,5321094
1,1,3623497,510360,2,20200803,135317820,1.590000,4300,6837.000000,-,-,B,5998829,5534436
1,1,3653784,510360,2,20200803,135559730,1.588000,1200,1905.600000,-,-,B,6051061,6015939
1,1,3669065,510360,2,20200803,135722370,1.588000,100,158.800000,-,-,S,6062793,6075239
1,1,3670365,510360,2,20200803,135728540,1.590000,600,954.000000,-,-,B,6077032,5534436
1,1,3708771,510360,2,20200803,140031890,1.590000,15100,24009.000000,-,-,B,6136014,5534436
1,1,3708772,510360,2,20200803,140031890,1.590000,300,477.000000,-,-,B,6136014,5670513
1,1,3708773,510360,2,20200803,140031890,1.590000,1000,1590.000000,-,-,B,6136014,6031103
1,1,3708774,510360,2,20200803,140031890,1.590000,1000,1590.000000,-,-,B,6136014,6055821
1,1,3708775,510360,2,20200803,140031890,1.590000,800,1272.000000,-,-,B,6136014,6061168
1,1,3708776,510360,2,20200803,140031890,1.590000,3000,4770.000000,-,-,B,6136014,6098009
1,1,3708777,510360,2,20200803,140031890,1.590000,10800,17172.000000,-,-,B,6136014,6110370
1,1,3716067,510360,2,20200803,140059350,1.590000,2000,3180.000000,-,-,S,6141089,6146710
1,1,3765874,510360,2,20200803,140417080,1.589000,50000,79450.000000,-,-,S,6210670,6223243
1,1,3795617,510360,2,20200803,140639620,1.588000,100,158.800000,-,-,S,6155307,6271794
1,1,3811607,510360,2,20200803,140749220,1.588000,25800,40970.400000,-,-,S,6155307,6294740
1,1,3862236,510360,2,20200803,141126800,1.589000,6600,10487.400000,-,-,S,6334683,6372446
1,1,3871294,510360,2,20200803,141210110,1.589000,14000,22246.000000,-,-,S,6334683,6386713
1,1,3872380,510360,2,20200803,141214650,1.589000,100,158.900000,-,-,S,6334683,6388269
1,1,3882641,510360,2,20200803,141304800,1.590000,1000,1590.000000,-,-,B,6404618,6213485
1,1,3886514,510360,2,20200803,141322050,1.590000,13000,20670.000000,-,-,B,6410477,6213485
1,1,3886515,510360,2,20200803,141322050,1.590000,5000,7950.000000,-,-,B,6410477,6236946
1,1,3886516,510360,2,20200803,141322050,1.590000,1500,2385.000000,-,-,B,6410477,6283680
1,1,3886517,510360,2,20200803,141322050,1.590000,6000,9540.000000,-,-,B,6410477,6291108
1,1,3897617,510360,2,20200803,141414210,1.591000,400,636.400000,-,-,B,6427151,5016850
1,1,3897618,510360,2,20200803,141414210,1.591000,5900,9386.900000,-,-,B,6427151,5683811
1,1,3931315,510360,2,20200803,141641070,1.591000,1000,1591.000000,-,-,B,6477822,5683811
1,1,3955719,510360,2,20200803,141846600,1.591000,1200,1909.200000,-,-,B,6517112,5683811
1,1,3984787,510360,2,20200803,142012610,1.588000,1000,1588.000000,-,-,S,6540935,6554457
1,1,4017337,510360,2,20200803,142132800,1.585000,100,158.500000,-,-,S,6564617,6596903
1,1,4081349,510360,2,20200803,142521470,1.585000,9000,14265.000000,-,-,S,6679010,6694995
1,1,4084394,510360,2,20200803,142535280,1.586000,16300,25851.800000,-,-,B,6700375,6589112
1,1,4131270,510360,2,20200803,142911620,1.586000,100,158.600000,-,-,S,6706392,6774886
1,1,4158491,510360,2,20200803,143106200,1.589000,500,794.500000,-,-,B,6817666,6812138
1,1,4163913,510360,2,20200803,143125390,1.587000,12000,19044.000000,-,-,S,6781048,6825497
1,1,4168184,510360,2,20200803,143142300,1.588000,100,158.800000,-,-,S,6831833,6832169
1,1,4213561,510360,2,20200803,143437150,1.588000,4700,7463.600000,-,-,S,6899517,6899800
1,1,4260493,510360,2,20200803,143738030,1.590000,400,636.000000,-,-,B,6970673,6767187
1,1,4268773,510360,2,20200803,143804440,1.590000,2500,3975.000000,-,-,B,6981462,6767187
1,1,4268774,510360,2,20200803,143804440,1.590000,10000,15900.000000,-,-,B,6981462,6802333
1,1,4268775,510360,2,20200803,143804440,1.590000,17500,27825.000000,-,-,B,6981462,6974864
1,1,4331222,510360,2,20200803,144133440,1.591000,5300,8432.300000,-,-,B,7071201,5683811
1,1,4331223,510360,2,20200803,144133440,1.591000,2200,3500.200000,-,-,B,7071201,6057103
1,1,4331337,510360,2,20200803,144133900,1.591000,6300,10023.300000,-,-,B,7071404,6057103
1,1,4335113,510360,2,20200803,144148530,1.591000,7400,11773.400000,-,-,B,7077220,6057103
1,1,4335114,510360,2,20200803,144148530,1.591000,200,318.200000,-,-,B,7077220,6318995
1,1,4335115,510360,2,20200803,144148530,1.591000,1200,1909.200000,-,-,B,7077220,6360416
1,1,4335116,510360,2,20200803,144148530,1.591000,20000,31820.000000,-,-,B,7077220,6533018
1,1,4350970,510360,2,20200803,144240330,1.591000,400,636.400000,-,-,S,7099429,7099780
1,1,4365403,510360,2,20200803,144325930,1.591000,1000,1591.000000,-,-,S,7099429,7120031
1,1,4373234,510360,2,20200803,144348980,1.592000,2500,3980.000000,-,-,B,7130250,5215634
1,1,4373235,510360,2,20200803,144348980,1.592000,3800,6049.600000,-,-,B,7130250,5440152
1,1,4373618,510360,2,20200803,144350000,1.591000,4800,7636.800000,-,-,S,7099429,7130749
1,1,4374920,510360,2,20200803,144353490,1.592000,100,159.200000,-,-,B,7132383,5440152
1,1,4374921,510360,2,20200803,144353490,1.592000,300,477.600000,-,-,B,7132383,5508803
1,1,4374922,510360,2,20200803,144353490,1.592000,600,955.200000,-,-,B,7132383,6088989
1,1,4374923,510360,2,20200803,144353490,1.592000,200,318.400000,-,-,B,7132383,6094450
1,1,4374924,510360,2,20200803,144353490,1.592000,7100,11303.200000,-,-,B,7132383,7012148
1,1,4374925,510360,2,20200803,144353490,1.592000,5000,7960.000000,-,-,B,7132383,7054511
1,1,4374926,510360,2,20200803,144353490,1.592000,1000,1592.000000,-,-,B,7132383,7084523
1,1,4384575,510360,2,20200803,144421900,1.592000,8600,13691.200000,-,-,S,7135531,7145293
1,1,4395358,510360,2,20200803,144455720,1.593000,5000,7965.000000,-,-,B,7160605,4914301
1,1,4395359,510360,2,20200803,144455720,1.593000,1000,1593.000000,-,-,B,7160605,5360236
1,1,4395360,510360,2,20200803,144455720,1.593000,500,796.500000,-,-,B,7160605,6056756
1,1,4395361,510360,2,20200803,144455720,1.593000,100,159.300000,-,-,B,7160605,6076417
1,1,4401823,510360,2,20200803,144512220,1.593000,1800,2867.400000,-,-,S,7160605,7169632
1,1,4403696,510360,2,20200803,144517840,1.593000,300,477.900000,-,-,S,7160605,7172806
1,1,4411242,510360,2,20200803,144538500,1.594000,600,956.400000,-,-,B,7183646,4418888
1,1,4412093,510360,2,20200803,144540920,1.593000,2900,4619.700000,-,-,S,7160605,7184790
1,1,4415217,510360,2,20200803,144548370,1.594000,300,478.200000,-,-,B,7188717,4418888
1,1,4437442,510360,2,20200803,144648640,1.593000,1000,1593.000000,-,-,S,7160605,7218590
1,1,4437443,510360,2,20200803,144648640,1.593000,1900,3026.700000,-,-,S,7188527,7218590
1,1,4437444,510360,2,20200803,144648640,1.593000,2100,3345.300000,-,-,S,7210773,7218590
1,1,4438178,510360,2,20200803,144650470,1.593000,100,159.300000,-,-,S,7210773,7219484
1,1,4455002,510360,2,20200803,144730550,1.594000,4000,6376.000000,-,-,B,7239832,4418888
1,1,4455003,510360,2,20200803,144730550,1.594000,600,956.400000,-,-,B,7239832,4509154
1,1,4455004,510360,2,20200803,144730550,1.594000,200,318.800000,-,-,B,7239832,6167167
1,1,4462606,510360,2,20200803,144748090,1.595000,500,797.500000,-,-,B,7248766,628683
1,1,4462607,510360,2,20200803,144748090,1.595000,600,957.000000,-,-,B,7248766,2063232
1,1,4462608,510360,2,20200803,144748090,1.595000,8300,13238.500000,-,-,B,7248766,4257652
1,1,4463678,510360,2,20200803,144750980,1.594000,1800,2869.200000,-,-,S,7246077,7250257
1,1,4463679,510360,2,20200803,144750980,1.594000,600,956.400000,-,-,S,7246077,7250258
1,1,4463690,510360,2,20200803,144751010,1.594000,100,159.400000,-,-,S,7246077,7250298
1,1,4475085,510360,2,20200803,144818310,1.594000,9400,14983.600000,-,-,S,7246077,7264643
1,1,4475625,510360,2,20200803,144819470,1.594000,700,1115.800000,-,-,S,7246077,7265355
1,1,4479000,510360,2,20200803,144828080,1.595000,100,159.500000,-,-,B,7269913,4257652
1,1,4479664,510360,2,20200803,144829610,1.595000,5300,8453.500000,-,-,B,7270665,4257652
1,1,4495932,510360,2,20200803,144910540,1.594000,5000,7970.000000,-,-,S,7246077,7292494
1,1,4499102,510360,2,20200803,144918630,1.595000,9900,15790.500000,-,-,B,7296862,4257652
1,1,4499103,510360,2,20200803,144918630,1.595000,3000,4785.000000,-,-,B,7296862,4531519
1,1,4499104,510360,2,20200803,144918630,1.595000,1000,1595.000000,-,-,B,7296862,4792313
1,1,4499105,510360,2,20200803,144918630,1.595000,100,159.500000,-,-,B,7296862,4955386
1,1,4499106,510360,2,20200803,144918630,1.595000,900,1435.500000,-,-,B,7296862,5167297
1,1,4499107,510360,2,20200803,144918630,1.595000,1000,1595.000000,-,-,B,7296862,5415261
1,1,4499108,510360,2,20200803,144918630,1.595000,3300,5263.500000,-,-,B,7296862,5801310
1,1,4499109,510360,2,20200803,144918630,1.595000,1000,1595.000000,-,-,B,7296862,6063806
1,1,4499110,510360,2,20200803,144918630,1.595000,8000,12760.000000,-,-,B,7296862,7097577
1,1,4499941,510360,2,20200803,144920810,1.595000,500,797.500000,-,-,S,7296862,7297939
1,1,4506385,510360,2,20200803,144937700,1.595000,1000,1595.000000,-,-,B,7306806,7306510
1,1,4517043,510360,2,20200803,145002690,1.596000,200,319.200000,-,-,B,7320833,287243
1,1,4518454,510360,2,20200803,145004930,1.596000,100,159.600000,-,-,B,7322654,287243
1,1,4531045,510360,2,20200803,145032830,1.595000,1000,1595.000000,-,-,S,7321781,7340319
1,1,4541325,510360,2,20200803,145057590,1.594000,90000,143460.000000,-,-,S,7246077,7354225
1,1,4548002,510360,2,20200803,145113590,1.595000,100,159.500000,-,-,B,7363309,7340319
1,1,4563366,510360,2,20200803,145149510,1.595000,2000,3190.000000,-,-,B,7383922,7340451
1,1,4563367,510360,2,20200803,145149510,1.595000,10000,15950.000000,-,-,B,7383922,7349567
1,1,4563368,510360,2,20200803,145149510,1.595000,10000,15950.000000,-,-,B,7383922,7351758
1,1,4563369,510360,2,20200803,145149510,1.595000,14000,22330.000000,-,-,B,7383922,7372379
1,1,4572496,510360,2,20200803,145210950,1.595000,300,478.500000,-,-,S,7383922,7396865
1,1,4575220,510360,2,20200803,145216730,1.595000,10000,15950.000000,-,-,S,7383922,7400419
1,1,4622393,510360,2,20200803,145404790,1.595000,500,797.500000,-,-,S,7383922,7467072
1,1,4630566,510360,2,20200803,145419940,1.595000,100,159.500000,-,-,S,7383922,7476702
1,1,4637463,510360,2,20200803,145434830,1.596000,100,159.600000,-,-,B,7485896,287243
1,1,4686250,510360,2,20200803,145602650,1.595000,400,638.000000,-,-,S,7383922,7546230
1,1,4718498,510360,2,20200803,145700290,1.595000,700,1116.500000,-,-,S,7383922,7585100
1,1,4719325,510360,2,20200803,145728280,1.595000,100,159.500000,-,-,S,7383922,7601504
1,1,4720161,510360,2,20200803,145755540,1.596000,1600,2553.600000,-,-,B,7613876,287243
1,1,4720162,510360,2,20200803,145755540,1.596000,3400,5426.400000,-,-,B,7613876,1194803
1,1,4721162,510360,2,20200803,145824530,1.596000,7200,11491.200000,-,-,B,7624878,1194803
1,1,4721241,510360,2,20200803,145827370,1.595000,1900,3030.500000,-,-,S,7383922,7625922
1,1,4721242,510360,2,20200803,145827370,1.595000,100,159.500000,-,-,S,7502766,7625922
1,1,4721399,510360,2,20200803,145830860,1.595000,900,1435.500000,-,-,S,7502766,7627198
1,1,4721400,510360,2,20200803,145830860,1.595000,2100,3349.500000,-,-,S,7583615,7627198
1,1,4721595,510360,2,20200803,145836260,1.595000,700,1116.500000,-,-,S,7583615,7629125
1,1,4721777,510360,2,20200803,145842170,1.596000,1000,1596.000000,-,-,B,7631140,1194803
1,1,4722014,510360,2,20200803,145849780,1.595000,1100,1754.500000,-,-,S,7583615,7633733
