Datetime,Lastprice,Volume,Precloseprice,AvgPrice,Iopv,Netvalue,Bid[0],BidQty[0],Bid[1],BidQty[1],Bid[2],BidQty[2],Bid[3],BidQty[3],Bid[4],BidQty[4],Bid[5],BidQty[5],Bid[6],BidQty[6],Bid[7],BidQty[7],Bid[8],BidQty[8],Bid[9],BidQty[9],Ask[0],AskQty[0],Ask[1],AskQty[1],Ask[2],AskQty[2],Ask[3],AskQty[3],Ask[4],AskQty[4],Ask[5],AskQty[5],Ask[6],AskQty[6],Ask[7],AskQty[7],Ask[8],AskQty[8],Ask[9],AskQty[9]
2020-08-03 09:25:00.830,2.901,1800.0,2.898,2.901,2.906,2.906,2.899,1700,2.898,3900,2.88,500,2.87,10400,2.866,300,2.861,1600,2.86,400,2.813,2000,2.812,700,2.786,3000,2.933,500,2.935,22800,2.939,1900,2.94,2000,2.945,1200,2.949,1400,2.95,500,2.955,5700,2.997,4000,3.0,2000
2020-08-03 09:31:13.240,2.924,7200.0,2.898,2.9194,2.936,2.906,2.911,600,2.902,100400,2.901,2000,2.9,30000,2.899,8400,2.898,3900,2.891,30000,2.881,5800,2.88,500,2.871,500,2.924,5700,2.928,4000,2.93,2000,2.932,25200,2.933,500,2.934,7000,2.935,22900,2.939,8100,2.94,2000,2.944,5000
2020-08-03 09:31:14.380,2.924,2200.0,2.898,2.9203040000000002,2.936,2.906,2.911,600,2.902,100400,2.901,2000,2.9,30000,2.899,8400,2.898,3900,2.891,30000,2.881,5800,2.88,500,2.871,500,2.923,2800,2.924,3500,2.928,4000,2.93,2000,2.932,25200,2.933,500,2.934,7000,2.935,22900,2.939,8100,2.94,2000
2020-08-03 09:31:31.330,2.912,4800.0,2.898,2.91815,2.936,2.906,2.912,700,2.902,100400,2.901,2000,2.9,30000,2.899,8400,2.898,3900,2.891,30000,2.881,5800,2.88,500,2.871,500,2.923,2800,2.924,3500,2.928,4000,2.93,2000,2.932,25200,2.933,500,2.934,7000,2.935,22900,2.939,8100,2.94,2000
2020-08-03 09:32:20.290,2.913,700.0,2.898,2.917934,2.93,2.906,2.913,1300,2.912,30700,2.901,2000,2.9,30000,2.899,7700,2.898,3900,2.891,30000,2.881,5800,2.88,500,2.871,500,2.923,2800,2.924,3500,2.928,4000,2.93,5500,2.932,25200,2.933,500,2.934,7000,2.935,22900,2.939,8100,2.94,2000
2020-08-03 09:32:27.590,2.923,200.0,2.898,2.9179939999999998,2.932,2.906,2.913,1300,2.912,30700,2.901,2000,2.9,30000,2.899,7700,2.898,3900,2.891,30000,2.881,5800,2.88,500,2.871,500,2.923,2600,2.924,3500,2.928,4000,2.93,5500,2.932,25200,2.933,500,2.934,7000,2.935,22900,2.939,8100,2.94,2000
2020-08-03 09:32:28.610,2.912,2300.0,2.898,2.917344,2.932,2.906,2.912,29700,2.901,2000,2.9,30000,2.899,7700,2.898,3900,2.891,30000,2.881,5800,2.88,500,2.871,500,2.87,9900,2.913,300,2.923,2600,2.924,3500,2.928,4000,2.93,5500,2.932,4200,2.933,500,2.934,7000,2.935,22900,2.939,8100
2020-08-03 09:32:40.530,2.913,2300.0,2.898,2.916879,2.932,2.906,2.913,27700,2.912,29700,2.901,2000,2.9,30000,2.899,7700,2.898,3900,2.881,5800,2.88,500,2.871,500,2.87,9900,2.923,2600,2.924,3500,2.928,4000,2.93,5500,2.932,4200,2.933,500,2.934,7000,2.935,22900,2.939,8100,2.94,2000
2020-08-03 09:32:45.290,2.913,5000.0,2.898,2.916147,2.933,2.906,2.913,22700,2.912,29700,2.901,2000,2.9,30000,2.899,7700,2.898,3900,2.881,5800,2.88,500,2.871,500,2.87,9900,2.923,2600,2.924,3500,2.928,4000,2.93,5500,2.932,4200,2.933,500,2.934,7000,2.935,22900,2.939,8100,2.94,2000
2020-08-03 09:33:15.480,2.922,1000.0,2.898,2.91636,2.93,2.906,2.913,22700,2.912,29700,2.901,2000,2.9,30000,2.899,7700,2.898,3900,2.881,5800,2.88,500,2.871,500,2.87,9900,2.922,20000,2.923,2800,2.924,3500,2.928,4000,2.93,5500,2.932,4200,2.933,500,2.934,7000,2.935,22900,2.939,8100
2020-08-03 09:33:51.720,2.921,7000.0,2.898,2.9173009999999997,2.924,2.906,2.921,89400,2.901,2000,2.899,7700,2.898,3900,2.881,5800,2.88,500,2.871,500,2.87,9900,2.866,20300,2.861,1600,2.922,21000,2.923,2600,2.924,3500,2.93,12500,2.932,1200,2.933,500,2.934,7000,2.935,22900,2.939,8100,2.94,2000
2020-08-03 09:33:54.350,2.921,700.0,2.898,2.917375,2.922,2.906,2.921,88700,2.901,2000,2.899,7700,2.898,3900,2.881,5800,2.88,500,2.871,500,2.87,9900,2.866,20300,2.861,1600,2.922,21000,2.923,2600,2.924,3500,2.93,12500,2.932,1200,2.933,500,2.934,7000,2.935,22900,2.939,8100,2.94,2000
2020-08-03 09:33:59.000,2.921,600.0,2.898,2.917436,2.922,2.906,2.921,88100,2.901,2000,2.899,7700,2.898,3900,2.881,5800,2.88,500,2.871,500,2.87,9900,2.866,20300,2.861,1600,2.922,21000,2.923,2600,2.924,3500,2.93,12500,2.932,1200,2.933,500,2.934,7000,2.935,22900,2.939,8100,2.94,2000
2020-08-03 09:34:02.640,2.921,10000.0,2.898,2.918214,2.921,2.906,2.921,78100,2.901,2000,2.899,7700,2.898,3900,2.881,5800,2.88,500,2.871,500,2.87,9900,2.866,20300,2.861,1600,2.922,21000,2.923,2600,2.924,3500,2.93,12500,2.932,1200,2.933,500,2.934,7000,2.935,22900,2.939,8100,2.94,2000
2020-08-03 09:34:04.980,2.921,31000.0,2.898,2.919339,2.921,2.906,2.921,47100,2.901,2000,2.899,7700,2.898,3900,2.881,5800,2.88,500,2.871,500,2.87,9900,2.866,20300,2.861,1600,2.922,21000,2.923,2600,2.924,3500,2.93,11500,2.932,1200,2.933,500,2.934,7000,2.935,22900,2.939,8100,2.94,2000
2020-08-03 09:34:10.110,2.921,1000.0,2.898,2.9193599999999997,2.921,2.906,2.921,46100,2.901,2000,2.899,12700,2.898,3900,2.881,5800,2.88,500,2.871,500,2.87,9900,2.866,20300,2.861,1600,2.922,21000,2.923,2600,2.924,3500,2.93,11500,2.932,1200,2.933,500,2.934,7000,2.935,22900,2.939,8100,2.94,2000
2020-08-03 09:34:29.160,2.921,5400.0,2.898,2.919466,2.918,2.906,2.921,41700,2.901,2000,2.899,7700,2.898,3900,2.881,5800,2.88,500,2.871,500,2.87,9900,2.866,20300,2.861,1600,2.922,21000,2.923,2600,2.924,3500,2.93,11500,2.932,1200,2.933,500,2.934,7000,2.935,22900,2.939,8100,2.94,2000
2020-08-03 09:34:31.260,2.921,1500.0,2.898,2.919494,2.918,2.906,2.921,40200,2.901,2000,2.899,7700,2.898,3900,2.881,5800,2.88,500,2.871,500,2.87,9900,2.866,20300,2.861,1600,2.922,21000,2.923,2600,2.924,3500,2.93,11500,2.932,1200,2.933,500,2.934,7000,2.935,22900,2.939,8100,2.94,2000
2020-08-03 09:34:37.840,2.921,2900.0,2.898,2.919543,2.918,2.906,2.921,37300,2.901,2000,2.899,7700,2.898,3900,2.881,5800,2.88,500,2.871,500,2.87,9900,2.866,20300,2.861,1600,2.922,21000,2.923,2600,2.924,3500,2.928,5000,2.93,11500,2.932,1200,2.933,500,2.934,7000,2.935,22900,2.939,8100
2020-08-03 09:34:38.240,2.921,400.0,2.898,2.91955,2.916,2.906,2.921,36900,2.901,2000,2.899,7700,2.898,3900,2.881,5800,2.88,500,2.871,500,2.87,9900,2.866,20300,2.861,1600,2.922,21000,2.923,2600,2.924,3500,2.928,5000,2.93,11500,2.932,1200,2.933,500,2.934,7000,2.935,22900,2.939,8100
2020-08-03 09:34:43.360,2.921,13600.0,2.898,2.9197439999999997,2.916,2.906,2.921,23300,2.901,2000,2.899,7700,2.898,3900,2.881,5800,2.88,500,2.871,500,2.87,9900,2.866,20300,2.861,1600,2.922,21000,2.923,2600,2.924,3500,2.928,5000,2.93,11500,2.932,1200,2.933,500,2.934,7000,2.935,22900,2.939,8100
2020-08-03 09:34:48.770,2.921,2500.0,2.898,2.9197740000000003,2.916,2.906,2.921,20800,2.901,2000,2.899,7700,2.898,3900,2.881,5800,2.88,500,2.871,500,2.87,9900,2.866,20300,2.861,1600,2.922,1000,2.923,2600,2.924,3500,2.928,5000,2.93,11500,2.932,1200,2.933,500,2.934,7000,2.935,22900,2.939,8100
2020-08-03 09:34:50.720,2.921,20000.0,2.898,2.919972,2.915,2.906,2.921,800,2.901,2000,2.899,7700,2.898,3900,2.881,5800,2.88,500,2.871,500,2.87,9900,2.866,20300,2.861,1600,2.922,1000,2.924,3500,2.928,5000,2.93,11500,2.932,1200,2.933,500,2.934,7000,2.935,22900,2.939,8100,2.94,2000
2020-08-03 09:35:03.480,2.921,800.0,2.898,2.919978,2.918,2.906,2.901,2000,2.899,7700,2.898,3900,2.881,5800,2.88,500,2.871,500,2.87,9900,2.866,20300,2.861,1600,2.86,400,2.921,4200,2.922,1000,2.924,3500,2.928,5000,2.93,11500,2.932,1200,2.933,500,2.934,7000,2.935,22900,2.939,8100
2020-08-03 09:35:21.370,2.921,3500.0,2.898,2.919991,2.918,2.906,2.901,2000,2.899,7700,2.898,3900,2.881,5800,2.88,500,2.871,500,2.87,9900,2.866,20300,2.861,1600,2.86,400,2.921,6700,2.924,3500,2.928,5000,2.93,11500,2.932,1200,2.933,500,2.934,5000,2.935,22900,2.939,8100,2.94,2000
2020-08-03 09:36:38.630,2.902,200.0,2.898,2.919963,2.921,2.906,2.902,4900,2.901,2000,2.899,7700,2.898,3900,2.881,5800,2.88,500,2.871,500,2.87,9900,2.866,20300,2.861,1600,2.92,17200,2.921,4600,2.924,15900,2.928,10000,2.93,4500,2.932,1200,2.933,500,2.934,5000,2.935,22900,2.939,8100
2020-08-03 09:36:41.520,2.902,1000.0,2.898,2.919824,2.921,2.906,2.902,3900,2.901,2000,2.899,7700,2.898,3900,2.881,5800,2.88,500,2.871,500,2.87,9900,2.866,20300,2.861,1600,2.919,18200,2.92,17200,2.921,4600,2.924,15900,2.928,10000,2.93,4500,2.932,1200,2.933,500,2.934,5000,2.935,22900
2020-08-03 09:36:57.280,2.902,3500.0,2.898,2.919355,2.92,2.906,2.902,400,2.901,2000,2.899,7700,2.898,3900,2.881,5800,2.88,500,2.871,500,2.87,9900,2.866,20300,2.861,1600,2.919,18200,2.92,17200,2.921,4600,2.924,15900,2.928,10000,2.93,4500,2.932,1200,2.933,500,2.934,5000,2.935,22900
2020-08-03 09:37:43.930,2.919,100.0,2.898,2.919355,2.924,2.906,2.902,4400,2.901,2000,2.899,7700,2.898,3900,2.881,5800,2.88,500,2.871,500,2.87,9900,2.866,20300,2.861,1600,2.919,26600,2.92,17200,2.921,3200,2.924,15900,2.928,10000,2.93,4500,2.932,1200,2.933,500,2.934,5000,2.935,22900
2020-08-03 09:37:50.710,2.918,500.0,2.898,2.91935,2.923,2.906,2.902,4400,2.901,2000,2.899,7700,2.898,3900,2.881,5800,2.88,500,2.871,500,2.87,9900,2.866,20300,2.861,1600,2.918,19500,2.919,26600,2.92,17200,2.921,3200,2.924,15900,2.928,10000,2.93,4500,2.932,1200,2.933,500,2.934,5000
2020-08-03 09:37:56.880,2.918,2000.0,2.898,2.91933,2.925,2.906,2.902,4400,2.901,2000,2.899,7700,2.898,3900,2.881,5800,2.88,500,2.871,500,2.87,9900,2.866,20300,2.861,1600,2.918,17500,2.919,26600,2.92,17200,2.921,3200,2.924,15900,2.928,10000,2.93,4500,2.932,1200,2.933,500,2.934,5000
2020-08-03 09:37:57.410,2.918,1900.0,2.898,2.9193119999999997,2.925,2.906,2.902,4400,2.901,2000,2.899,7700,2.898,3900,2.881,5800,2.88,500,2.871,500,2.87,9900,2.866,20300,2.861,1600,2.918,15600,2.919,26600,2.92,17200,2.921,3200,2.924,15900,2.928,10000,2.93,4500,2.932,1200,2.933,500,2.934,5000
2020-08-03 09:38:51.790,2.918,10000.0,2.898,2.919223,2.925,2.906,2.903,30000,2.902,4400,2.901,2000,2.9,2000,2.899,7700,2.898,3900,2.881,5800,2.88,500,2.871,500,2.87,9900,2.918,5600,2.919,26600,2.92,17200,2.921,3200,2.924,15900,2.928,10000,2.93,4500,2.932,1200,2.933,500,2.934,5000
2020-08-03 09:39:59.740,2.904,88800.0,2.898,2.913505,2.921,2.906,2.904,22200,2.903,30000,2.902,4400,2.901,2000,2.9,2000,2.899,7700,2.898,3900,2.881,5800,2.88,500,2.871,500,2.917,2000,2.918,8200,2.919,26600,2.92,17200,2.921,3200,2.924,15900,2.928,10000,2.93,4500,2.932,1200,2.933,500
2020-08-03 09:40:16.760,2.904,2100.0,2.898,2.913421,2.923,2.906,2.904,20100,2.903,30000,2.902,4400,2.901,2000,2.9,2000,2.899,7700,2.898,3900,2.881,5800,2.88,500,2.871,500,2.917,2000,2.918,38700,2.919,26600,2.92,17200,2.921,3200,2.924,15900,2.928,10000,2.93,4500,2.932,1200,2.933,500
2020-08-03 09:40:22.520,2.918,5000.0,2.898,2.913507,2.924,2.906,2.904,20100,2.903,30000,2.902,4400,2.901,2000,2.9,2000,2.899,7700,2.898,3900,2.881,5800,2.88,500,2.871,500,2.918,35700,2.919,26600,2.92,17200,2.921,3200,2.924,15900,2.928,10000,2.93,4500,2.932,1200,2.933,500,2.934,5000
2020-08-03 09:40:25.060,2.904,3300.0,2.898,2.91338,2.925,2.906,2.904,16800,2.903,30000,2.902,4400,2.901,2000,2.9,2000,2.899,7700,2.898,3900,2.881,5800,2.88,500,2.871,500,2.918,35700,2.919,26600,2.92,17200,2.921,3200,2.924,15900,2.928,10000,2.93,4500,2.932,1200,2.933,500,2.934,5000
2020-08-03 09:40:42.310,2.904,700.0,2.898,2.913353,2.926,2.906,2.904,16100,2.903,30000,2.902,4400,2.901,2000,2.9,2000,2.899,7700,2.898,3900,2.881,5800,2.88,500,2.871,500,2.918,35700,2.919,26600,2.92,17200,2.921,3200,2.924,15900,2.928,10000,2.93,4500,2.932,1200,2.933,500,2.934,5000
2020-08-03 09:40:51.920,2.918,500.0,2.898,2.913363,2.927,2.906,2.905,1000,2.904,16100,2.903,30000,2.902,4400,2.901,2000,2.9,2000,2.899,7700,2.898,3900,2.881,5800,2.88,500,2.918,35200,2.919,26600,2.92,17200,2.921,3200,2.924,15900,2.928,10000,2.93,4500,2.932,1200,2.933,500,2.934,5000
2020-08-03 09:41:35.740,2.918,10000.0,2.898,2.9135419999999996,2.929,2.906,2.917,400,2.909,400,2.905,12300,2.904,16100,2.903,30000,2.902,4400,2.901,2000,2.9,2000,2.899,7700,2.898,3900,2.918,25200,2.919,26600,2.92,17300,2.921,3200,2.924,15900,2.928,10000,2.93,3500,2.932,1200,2.933,500,2.934,5000
2020-08-03 09:41:50.350,2.917,400.0,2.898,2.913548,2.93,2.906,2.909,400,2.905,12300,2.904,16100,2.903,30000,2.902,4400,2.901,2000,2.9,2000,2.899,7700,2.898,3900,2.891,1000,2.917,9400,2.918,25200,2.919,26600,2.92,17300,2.921,3200,2.924,15900,2.928,10000,2.93,3500,2.932,1200,2.933,500
2020-08-03 09:41:51.430,2.918,34600.0,2.898,2.914041,2.93,2.906,2.918,265400,2.909,400,2.905,12300,2.904,16100,2.903,30000,2.902,4400,2.901,2000,2.9,2000,2.899,7700,2.898,3900,2.919,26600,2.92,17300,2.921,3200,2.924,15900,2.928,10000,2.93,3500,2.932,1200,2.933,500,2.934,5000,2.935,22800
2020-08-03 09:42:03.520,2.919,26600.0,2.898,2.914454,2.93,2.906,2.919,238800,2.918,200,2.909,400,2.905,12300,2.904,16100,2.903,30000,2.902,4400,2.901,2000,2.9,2000,2.899,7700,2.92,17300,2.921,3200,2.924,15900,2.928,10000,2.93,3500,2.932,1200,2.933,500,2.934,5000,2.935,22800,2.939,8100
2020-08-03 09:42:08.030,2.92,17300.0,2.898,2.914739,2.93,2.906,2.92,421500,2.918,200,2.909,400,2.905,12300,2.904,16100,2.903,30000,2.902,4400,2.901,2000,2.899,7700,2.898,3900,2.921,3200,2.924,15900,2.928,10000,2.93,3500,2.932,1200,2.933,500,2.934,5000,2.935,22800,2.939,8100,2.94,2000
2020-08-03 09:42:46.630,2.92,1000.0,2.898,2.9147540000000003,2.93,2.906,2.918,200,2.909,400,2.905,12300,2.904,16100,2.903,30000,2.902,3900,2.901,2000,2.899,7700,2.898,3900,2.891,1000,2.92,11200,2.921,3200,2.923,4700,2.924,15900,2.928,10000,2.93,3500,2.932,1200,2.933,500,2.934,5000,2.935,22800
2020-08-03 09:42:48.060,2.92,11200.0,2.898,2.914923,2.93,2.906,2.92,210300,2.918,200,2.909,400,2.905,12300,2.904,16100,2.903,30000,2.902,3900,2.901,2000,2.899,7700,2.898,3900,2.921,3200,2.923,4700,2.924,15900,2.928,10000,2.93,3500,2.932,1200,2.933,500,2.934,5000,2.935,22800,2.939,8100
2020-08-03 09:43:21.730,2.92,5000.0,2.898,2.915004,2.929,2.906,2.92,209200,2.918,10200,2.909,400,2.905,12300,2.904,16100,2.903,30000,2.902,3900,2.901,2000,2.899,7700,2.898,3900,2.923,200,2.924,15900,2.928,10000,2.93,3500,2.932,1200,2.933,500,2.934,5000,2.935,22800,2.939,8100,2.94,2000
2020-08-03 09:43:24.950,2.92,7800.0,2.898,2.915111,2.929,2.906,2.92,201400,2.918,10200,2.909,400,2.905,12300,2.904,16100,2.903,30000,2.902,3900,2.901,2000,2.899,7700,2.898,3900,2.923,200,2.924,15900,2.928,10000,2.93,3500,2.932,1200,2.933,500,2.934,5000,2.935,22800,2.939,8100,2.94,2000
2020-08-03 09:43:39.890,2.923,2400.0,2.898,2.915163,2.929,2.906,2.923,4500,2.92,201400,2.918,10200,2.909,400,2.905,12300,2.904,16100,2.903,30000,2.902,3900,2.901,2000,2.899,7700,2.924,15900,2.928,10000,2.93,3500,2.932,1200,2.933,500,2.934,5200,2.935,22800,2.939,8100,2.94,2000,2.944,5000
2020-08-03 09:43:46.780,2.923,2600.0,2.898,2.915219,2.929,2.906,2.923,1900,2.92,600,2.918,10200,2.909,400,2.905,12300,2.904,16100,2.903,30000,2.902,3900,2.901,2000,2.899,7700,2.924,15900,2.928,5000,2.93,3500,2.932,1200,2.933,500,2.934,5200,2.935,22800,2.939,8100,2.94,2000,2.944,5000
2020-08-03 09:43:58.470,2.923,1900.0,2.898,2.915259,2.929,2.906,2.92,600,2.919,10200,2.918,10000,2.909,400,2.905,12300,2.904,16100,2.903,30000,2.902,3900,2.901,2000,2.899,7700,2.923,100,2.924,15900,2.928,5000,2.93,3500,2.932,1200,2.933,500,2.934,5200,2.935,22800,2.939,8100,2.94,2000
2020-08-03 09:44:41.780,2.923,4900.0,2.898,2.9153599999999997,2.926,2.906,2.921,5000,2.92,600,2.919,10200,2.918,10000,2.909,400,2.905,12300,2.904,16100,2.903,30000,2.902,3900,2.901,2000,2.923,200,2.924,26100,2.928,10000,2.93,3500,2.932,1200,2.933,500,2.934,200,2.935,22800,2.939,8100,2.94,2000
2020-08-03 09:44:43.870,2.923,200.0,2.898,2.915365,2.925,2.906,2.923,800,2.921,5000,2.92,600,2.919,10200,2.918,10000,2.909,400,2.905,12300,2.904,16100,2.903,30000,2.902,3900,2.924,26100,2.928,10000,2.93,3500,2.932,1200,2.933,500,2.934,200,2.935,22800,2.939,8100,2.94,2000,2.944,5000
2020-08-03 09:44:47.240,2.924,14400.0,2.898,2.915658,2.925,2.906,2.921,1800,2.92,600,2.919,10200,2.918,10000,2.909,400,2.905,12300,2.904,16100,2.903,30000,2.902,3900,2.901,2000,2.924,15700,2.928,10000,2.93,3500,2.932,1200,2.933,500,2.934,200,2.935,22800,2.939,8100,2.94,2000,2.944,5000
2020-08-03 09:45:46.600,2.924,1000.0,2.898,2.915679,2.927,2.906,2.921,1800,2.92,600,2.919,10200,2.918,10000,2.909,400,2.905,12300,2.904,16100,2.903,30000,2.902,3900,2.901,2000,2.924,25300,2.928,10000,2.93,3500,2.932,1200,2.933,500,2.934,200,2.935,22800,2.939,8100,2.94,2000,2.944,5000
2020-08-03 09:45:50.530,2.924,300.0,2.898,2.915686,2.927,2.906,2.921,1800,2.92,600,2.919,10200,2.918,10000,2.909,400,2.905,12300,2.904,16100,2.903,30000,2.902,3900,2.901,2000,2.924,25000,2.928,10000,2.93,3500,2.932,1200,2.933,500,2.934,200,2.935,22800,2.939,8100,2.94,2000,2.944,5000
2020-08-03 09:47:36.370,2.923,200.0,2.898,2.91569,2.923,2.906,2.921,2300,2.92,2500,2.919,10200,2.918,10100,2.909,400,2.905,1000,2.904,16100,2.903,30000,2.902,3900,2.901,2000,2.923,14500,2.924,28700,2.928,10000,2.93,3500,2.932,1200,2.933,500,2.934,200,2.935,22800,2.939,8100,2.94,2000
2020-08-03 09:47:53.610,2.923,8400.0,2.898,2.915844,2.922,2.906,2.921,2300,2.92,2500,2.919,10200,2.918,10100,2.909,400,2.905,1000,2.904,16100,2.903,30000,2.902,3900,2.901,2000,2.923,6100,2.924,42900,2.928,10000,2.93,9500,2.932,1200,2.933,500,2.934,200,2.935,22800,2.939,8100,2.94,2000
2020-08-03 09:48:15.860,2.92,4800.0,2.898,2.915899,2.92,2.906,2.919,10200,2.918,10100,2.909,400,2.905,1000,2.904,16100,2.903,30000,2.902,3900,2.901,2000,2.899,7700,2.898,3900,2.92,10700,2.923,8700,2.924,40300,2.928,10000,2.93,9500,2.932,1200,2.933,500,2.934,200,2.935,24100,2.939,8100
2020-08-03 09:48:23.200,2.919,1600.0,2.898,2.915911,2.919,2.906,2.919,8600,2.918,10100,2.909,400,2.905,1000,2.904,16100,2.903,30000,2.902,3900,2.901,2000,2.899,7700,2.898,3900,2.92,10700,2.923,8700,2.924,40100,2.928,10000,2.93,9500,2.932,1200,2.933,500,2.934,200,2.935,24100,2.939,8100
2020-08-03 09:48:24.240,2.918,11300.0,2.898,2.9159889999999997,2.919,2.906,2.918,7400,2.909,400,2.905,1000,2.904,16100,2.903,30000,2.902,3900,2.901,2000,2.899,7700,2.898,3900,2.891,1000,2.92,10700,2.923,8700,2.924,40100,2.928,10000,2.93,9500,2.932,1200,2.933,500,2.934,200,2.935,24100,2.939,8100
2020-08-03 09:48:32.390,2.918,4500.0,2.898,2.91601,2.918,2.906,2.918,2900,2.909,400,2.905,1000,2.904,16100,2.903,30000,2.902,3900,2.901,2000,2.899,7700,2.898,3900,2.891,1000,2.919,5500,2.92,10700,2.923,8700,2.924,40100,2.928,10000,2.93,9500,2.932,1200,2.933,500,2.934,200,2.935,24100
2020-08-03 09:48:44.970,2.904,5500.0,2.898,2.9159580000000003,2.917,2.906,2.904,14900,2.903,30000,2.902,5900,2.901,2000,2.899,7700,2.898,3900,2.891,1000,2.89,1000,2.881,5800,2.88,1500,2.92,10700,2.923,8700,2.924,40100,2.928,10000,2.93,9500,2.932,1200,2.933,500,2.934,200,2.935,24100,2.939,8100
2020-08-03 09:49:43.870,2.904,6000.0,2.898,2.915791,2.916,2.906,2.904,27500,2.903,30000,2.902,5900,2.901,2000,2.899,7700,2.898,3900,2.891,1000,2.89,1000,2.881,5800,2.88,1500,2.92,10700,2.923,8700,2.924,40100,2.928,10000,2.93,34500,2.932,1200,2.933,500,2.934,200,2.935,24100,2.939,7600
2020-08-03 09:49:44.700,2.904,14600.0,2.898,2.915406,2.916,2.906,2.904,12900,2.903,30000,2.902,5900,2.901,2000,2.899,7700,2.898,3900,2.891,1000,2.89,1000,2.881,5800,2.88,1500,2.92,10700,2.923,8700,2.924,40100,2.928,10000,2.93,34500,2.932,1200,2.933,500,2.934,200,2.935,24100,2.939,7600
2020-08-03 09:51:54.320,2.907,900.0,2.898,2.915389,2.921,2.906,2.907,39100,2.906,10000,2.905,6200,2.904,15000,2.903,30000,2.902,5900,2.901,2000,2.899,7700,2.898,3900,2.891,1000,2.92,11900,2.923,8700,2.924,28500,2.928,10000,2.93,34500,2.932,1200,2.933,500,2.934,200,2.935,24100,2.939,7600
2020-08-03 09:53:32.370,2.92,500.0,2.898,2.915394,2.92,2.906,2.913,21000,2.912,10000,2.911,31000,2.91,10000,2.909,40000,2.908,50300,2.907,39100,2.906,10000,2.905,3000,2.904,10700,2.92,21400,2.922,500,2.923,8700,2.924,28700,2.928,10000,2.93,34500,2.932,1200,2.933,500,2.934,200,2.935,24100
2020-08-03 09:54:42.150,2.92,1700.0,2.898,2.915411,2.923,2.906,2.913,21000,2.912,20000,2.911,41000,2.91,10000,2.909,30000,2.908,40300,2.907,29100,2.905,3000,2.904,2100,2.903,2000,2.92,24900,2.922,3500,2.923,17300,2.924,28700,2.928,10000,2.93,34500,2.932,1200,2.933,500,2.934,200,2.935,24100
2020-08-03 09:55:08.150,2.915,7300.0,2.898,2.915405,2.925,2.906,2.915,13700,2.914,10000,2.913,21000,2.912,20000,2.911,31000,2.91,10000,2.909,30000,2.908,40300,2.907,29100,2.905,3000,2.92,26700,2.922,3500,2.923,17300,2.924,28700,2.928,18200,2.93,34500,2.932,1200,2.933,500,2.934,200,2.935,24100
2020-08-03 09:56:13.120,2.915,4400.0,2.898,2.9154009999999997,2.923,2.906,2.915,9300,2.914,10000,2.913,21000,2.912,10000,2.911,31000,2.91,10000,2.909,30000,2.908,40300,2.907,29100,2.905,3000,2.917,500,2.92,26300,2.922,10500,2.923,17300,2.924,28700,2.928,18200,2.93,34500,2.932,1200,2.933,500,2.934,200
2020-08-03 09:56:30.330,2.917,3000.0,2.898,2.915411,2.922,2.906,2.915,19300,2.914,10000,2.913,21000,2.912,10000,2.911,31000,2.91,10000,2.909,30000,2.908,40300,2.907,29100,2.905,3000,2.917,2500,2.92,26300,2.922,10500,2.923,17300,2.924,28700,2.928,18200,2.93,34500,2.932,1200,2.933,500,2.934,200
2020-08-03 09:57:21.080,2.916,2800.0,2.898,2.9154150000000003,2.923,2.906,2.915,19300,2.914,10000,2.913,21000,2.912,10000,2.911,31000,2.91,10000,2.909,30000,2.908,40300,2.907,29100,2.905,3000,2.917,300,2.918,200,2.92,26300,2.922,500,2.923,17300,2.924,28700,2.928,18200,2.93,35500,2.932,1200,2.933,500
2020-08-03 09:58:36.330,2.917,300.0,2.898,2.915416,2.924,2.906,2.917,20700,2.916,12000,2.915,9300,2.914,10000,2.913,21000,2.912,10000,2.911,31000,2.91,10000,2.909,30000,2.908,40300,2.918,200,2.919,800,2.92,25900,2.922,500,2.923,17300,2.924,28700,2.928,18200,2.93,35500,2.932,1200,2.933,500
2020-08-03 09:58:54.530,2.917,9000.0,2.898,2.9154459999999998,2.924,2.906,2.917,11700,2.916,12000,2.915,9300,2.914,10000,2.913,21000,2.912,10000,2.911,31000,2.91,10000,2.909,30000,2.908,40300,2.918,200,2.919,1000,2.92,25200,2.922,500,2.923,14700,2.924,28700,2.928,18200,2.93,35500,2.932,1200,2.933,500
2020-08-03 09:59:25.350,2.918,100.0,2.898,2.9154459999999998,2.924,2.906,2.917,21700,2.916,12100,2.915,9300,2.914,10000,2.913,21000,2.912,10000,2.911,31000,2.91,10000,2.909,30000,2.908,40300,2.918,2700,2.919,1000,2.92,25200,2.922,500,2.923,14700,2.924,28700,2.928,18200,2.93,35500,2.932,1200,2.933,500
2020-08-03 10:00:41.390,2.918,3000.0,2.898,2.9154619999999998,2.918,2.906,2.916,2100,2.912,10000,2.911,10000,2.91,10000,2.908,40300,2.905,3000,2.904,37400,2.903,2000,2.902,5900,2.901,2000,2.918,200,2.919,1000,2.92,16700,2.922,500,2.923,14700,2.924,28700,2.928,18200,2.93,35500,2.932,1200,2.933,500
2020-08-03 10:00:49.700,2.91,28400.0,2.898,2.915265,2.917,2.906,2.91,9900,2.908,40300,2.905,3000,2.904,37400,2.903,2000,2.902,5900,2.901,2000,2.899,7700,2.898,3900,2.891,1000,2.918,200,2.919,1000,2.92,16700,2.922,500,2.923,14700,2.924,28700,2.928,18200,2.93,35500,2.932,1200,2.933,500
2020-08-03 10:02:40.260,2.91,1600.0,2.898,2.915249,2.917,2.906,2.91,25200,2.909,10000,2.908,50300,2.905,3000,2.904,37400,2.903,2000,2.902,5900,2.901,2000,2.899,7700,2.898,3900,2.918,200,2.919,1000,2.92,17600,2.922,500,2.923,14700,2.924,28500,2.928,18200,2.93,35500,2.932,1200,2.933,500
2020-08-03 10:04:53.260,2.911,1000.0,2.898,2.9152400000000003,2.918,2.906,2.911,9000,2.91,15200,2.908,40300,2.907,10000,2.905,3000,2.904,28800,2.903,2000,2.902,5900,2.901,2000,2.899,7700,2.918,200,2.919,1000,2.92,22800,2.922,500,2.923,14700,2.924,28500,2.928,18200,2.93,35500,2.932,1200,2.933,500
2020-08-03 10:08:09.910,2.911,3000.0,2.898,2.915216,2.915,2.906,2.911,16000,2.91,15200,2.908,20300,2.907,10000,2.905,3000,2.904,28800,2.903,2000,2.902,5900,2.901,2000,2.899,7700,2.914,7000,2.915,2500,2.918,200,2.919,1000,2.92,18800,2.922,500,2.923,14700,2.924,28500,2.928,18200,2.93,35500
2020-08-03 10:08:27.580,2.911,8100.0,2.898,2.91515,2.915,2.906,2.911,7900,2.91,15200,2.908,20300,2.907,10000,2.905,3000,2.904,28800,2.903,2000,2.902,5900,2.901,2000,2.899,7700,2.915,2500,2.918,700,2.919,1500,2.92,18800,2.922,500,2.923,14700,2.924,28500,2.928,18200,2.93,35500,2.932,1200
2020-08-03 10:08:43.490,2.911,5000.0,2.898,2.915111,2.914,2.906,2.911,2900,2.91,15200,2.908,20300,2.905,3000,2.904,28800,2.903,2000,2.902,5900,2.901,2000,2.899,7700,2.898,3900,2.915,2500,2.918,700,2.919,1500,2.92,19300,2.921,500,2.922,500,2.923,14700,2.924,28500,2.928,18200,2.93,35500
2020-08-03 10:10:19.140,2.911,2900.0,2.898,2.915088,2.911,2.906,2.91,15200,2.908,20300,2.905,3000,2.904,28800,2.903,2000,2.902,5900,2.901,2000,2.899,7700,2.898,3900,2.891,1000,2.911,1100,2.914,200,2.915,2500,2.918,3200,2.919,1800,2.92,18800,2.922,500,2.923,14700,2.924,28500,2.928,18200
2020-08-03 10:11:21.090,2.91,1100.0,2.898,2.915078,2.908,2.906,2.91,14100,2.908,20300,2.905,3000,2.904,28800,2.903,2000,2.902,5900,2.901,2000,2.899,7700,2.898,3900,2.891,1000,2.914,200,2.915,5000,2.918,3200,2.919,1800,2.92,18800,2.922,500,2.923,14700,2.924,28500,2.928,18200,2.93,35500
2020-08-03 10:14:16.410,2.91,2500.0,2.898,2.915054,2.909,2.906,2.91,11600,2.908,20300,2.905,3000,2.904,28800,2.903,2000,2.902,5900,2.899,7700,2.898,3900,2.891,1000,2.89,1000,2.914,3200,2.915,5000,2.918,3200,2.919,1800,2.92,18800,2.922,500,2.923,14700,2.924,28500,2.928,18200,2.929,5000
2020-08-03 10:14:47.920,2.91,11600.0,2.898,2.914946,2.911,2.906,2.908,20300,2.905,3000,2.904,28800,2.903,2000,2.902,5900,2.899,7700,2.898,3900,2.891,1000,2.89,1000,2.881,5800,2.91,4400,2.914,3200,2.915,5000,2.918,3200,2.919,1800,2.92,18800,2.922,500,2.923,14700,2.924,28500,2.928,18200
2020-08-03 10:15:35.540,2.91,3500.0,2.898,2.914915,2.912,2.906,2.908,20300,2.905,3500,2.904,38800,2.903,2000,2.902,5900,2.899,5000,2.898,3900,2.891,1000,2.89,1000,2.881,5800,2.91,900,2.914,3200,2.915,5000,2.918,3200,2.919,1800,2.92,18800,2.922,500,2.923,14700,2.924,28500,2.928,13200
2020-08-03 10:16:22.010,2.91,900.0,2.898,2.914907,2.913,2.906,2.91,3700,2.908,20300,2.905,3500,2.904,38800,2.903,12000,2.902,5900,2.899,5000,2.898,3900,2.891,1000,2.89,1000,2.914,3200,2.915,5000,2.918,3200,2.919,6800,2.92,18800,2.922,500,2.923,14700,2.924,28500,2.928,13200,2.929,5000
2020-08-03 10:16:49.770,2.91,100.0,2.898,2.914906,2.912,2.906,2.91,3600,2.908,20300,2.905,3500,2.904,38800,2.903,12000,2.902,5900,2.899,5000,2.898,3900,2.891,1000,2.89,1000,2.914,3200,2.915,5000,2.918,3200,2.919,6800,2.92,18800,2.922,500,2.923,14700,2.924,28500,2.928,13200,2.929,5000
2020-08-03 10:17:45.410,2.91,300.0,2.898,2.914903,2.912,2.906,2.91,8400,2.908,20300,2.905,13500,2.904,28800,2.903,12000,2.902,5900,2.899,5000,2.898,3900,2.891,1000,2.89,1000,2.914,3200,2.915,5000,2.918,3200,2.919,6800,2.92,19000,2.922,500,2.923,14700,2.924,28500,2.928,13200,2.929,5000
2020-08-03 10:17:56.110,2.91,8400.0,2.898,2.914829,2.912,2.906,2.908,20300,2.905,18500,2.904,28800,2.903,12000,2.902,5900,2.899,5000,2.898,3900,2.891,1000,2.89,1000,2.881,5800,2.91,14400,2.914,3200,2.915,5000,2.918,3200,2.919,6800,2.92,19000,2.922,500,2.923,14700,2.924,28500,2.928,13200
2020-08-03 10:18:14.470,2.908,200.0,2.898,2.914827,2.912,2.906,2.908,20100,2.905,8500,2.904,28800,2.903,12000,2.902,5900,2.899,5000,2.898,3900,2.891,1000,2.89,1000,2.881,5800,2.91,14400,2.914,3200,2.915,5000,2.918,3200,2.919,6800,2.92,20400,2.922,500,2.923,14700,2.924,28500,2.928,13200
2020-08-03 10:18:18.110,2.908,400.0,2.898,2.914822,2.912,2.906,2.908,19700,2.905,8500,2.904,28800,2.903,12000,2.902,5900,2.899,5000,2.898,3900,2.891,1000,2.89,1000,2.881,5800,2.91,14400,2.914,3200,2.915,5000,2.918,3200,2.919,6800,2.92,20400,2.922,500,2.923,14700,2.924,28500,2.928,13200
2020-08-03 10:19:43.130,2.91,1000.0,2.898,2.914813,2.912,2.906,2.908,19700,2.905,8500,2.904,38800,2.903,12000,2.902,5900,2.899,5000,2.898,3900,2.891,1000,2.89,1000,2.881,5800,2.91,13400,2.912,7000,2.914,200,2.915,5000,2.918,3200,2.919,6800,2.92,20400,2.922,500,2.923,14700,2.924,28500
2020-08-03 10:20:50.070,2.91,4000.0,2.898,2.9147790000000002,2.912,2.906,2.908,19700,2.905,8500,2.904,38800,2.903,12000,2.902,5900,2.899,5000,2.898,3900,2.891,1000,2.89,1000,2.881,5800,2.91,9400,2.912,7000,2.914,200,2.915,7000,2.918,3200,2.919,6800,2.92,20400,2.922,500,2.923,14700,2.924,28500
2020-08-03 10:20:58.430,2.908,4000.0,2.898,2.914731,2.913,2.906,2.908,15700,2.905,8500,2.904,38800,2.903,12000,2.902,5900,2.899,5000,2.898,3900,2.891,1000,2.89,1000,2.881,5800,2.91,9400,2.912,7000,2.914,200,2.915,7000,2.918,3200,2.919,6800,2.92,20400,2.922,500,2.923,14700,2.924,28500
2020-08-03 10:21:05.530,2.91,9400.0,2.898,2.914654,2.914,2.906,2.91,20600,2.908,15700,2.907,10000,2.905,8500,2.904,38800,2.903,12000,2.902,5900,2.899,5000,2.898,3900,2.891,1000,2.912,7000,2.914,200,2.915,7000,2.918,3200,2.919,6800,2.92,20400,2.922,500,2.923,14700,2.924,28500,2.928,13200
2020-08-03 10:22:48.380,2.909,300.0,2.898,2.9146509999999997,2.917,2.906,2.909,31100,2.908,25700,2.906,10000,2.905,8500,2.904,28800,2.903,2000,2.902,5900,2.899,5000,2.898,3900,2.891,1000,2.913,40000,2.914,200,2.915,5000,2.916,7000,2.918,3200,2.919,6800,2.92,20400,2.922,500,2.923,14700,2.924,28500
2020-08-03 10:23:00.550,2.909,5600.0,2.898,2.914597,2.917,2.906,2.909,25500,2.908,25700,2.906,10000,2.905,8500,2.904,28800,2.903,2000,2.902,5900,2.899,5000,2.898,3900,2.891,1000,2.913,40000,2.914,200,2.915,5000,2.916,7000,2.918,3200,2.919,6800,2.92,20400,2.922,500,2.923,14700,2.924,28500
2020-08-03 10:24:10.450,2.909,2000.0,2.898,2.9145779999999997,2.917,2.906,2.909,22100,2.908,25700,2.906,10000,2.905,8500,2.904,28800,2.903,2000,2.902,5900,2.901,2000,2.899,2000,2.898,3900,2.913,40000,2.914,2200,2.915,5000,2.918,3200,2.919,6800,2.92,20400,2.922,500,2.923,14700,2.924,28500,2.928,13200
2020-08-03 10:24:23.710,2.913,1000.0,2.898,2.914575,2.915,2.906,2.909,27100,2.908,25700,2.906,10000,2.905,8500,2.904,28800,2.903,2000,2.902,5900,2.901,2000,2.899,2000,2.898,3900,2.913,39000,2.914,2200,2.915,5000,2.918,3200,2.919,6800,2.92,20400,2.922,500,2.923,14700,2.924,28500,2.928,13200
2020-08-03 10:24:36.580,2.913,8900.0,2.898,2.914552,2.913,2.906,2.909,32100,2.908,15700,2.906,10000,2.905,8500,2.904,28800,2.903,2000,2.902,5900,2.901,2000,2.899,2000,2.898,3900,2.913,30100,2.914,2200,2.915,5000,2.918,3200,2.919,6800,2.92,20400,2.922,500,2.923,14700,2.924,28500,2.928,13200
2020-08-03 10:24:39.280,2.913,28700.0,2.898,2.9144799999999997,2.913,2.906,2.909,32100,2.908,15700,2.906,10000,2.905,8500,2.904,28800,2.903,2000,2.902,5900,2.901,2000,2.899,2000,2.898,3900,2.913,1400,2.914,2200,2.915,5000,2.918,3200,2.919,6800,2.92,20400,2.922,500,2.923,14700,2.924,28500,2.928,13200
2020-08-03 10:25:03.990,2.913,100.0,2.898,2.9144799999999997,2.912,2.906,2.91,900,2.909,5000,2.908,20700,2.905,8500,2.904,38800,2.903,2000,2.902,5900,2.901,2000,2.899,2000,2.898,3900,2.913,1300,2.914,2200,2.915,5000,2.918,3200,2.919,6800,2.92,20400,2.922,500,2.923,14700,2.924,28500,2.928,13200
2020-08-03 10:25:55.720,2.91,900.0,2.898,2.914473,2.91,2.906,2.909,5000,2.908,20700,2.905,8500,2.904,28800,2.903,2000,2.902,5900,2.901,2000,2.899,2000,2.898,3900,2.891,1000,2.91,100,2.913,1300,2.914,2200,2.915,5000,2.918,3200,2.919,6800,2.92,22400,2.922,500,2.923,14700,2.924,28500
2020-08-03 10:26:32.620,2.909,5000.0,2.898,2.91443,2.91,2.906,2.908,20700,2.905,10500,2.904,28800,2.903,2000,2.902,5900,2.901,2000,2.899,2000,2.898,3900,2.891,1000,2.89,1000,2.909,5300,2.91,100,2.913,1300,2.914,2200,2.915,5000,2.918,3200,2.919,6800,2.92,22400,2.922,500,2.923,14700
2020-08-03 10:27:18.140,2.908,7100.0,2.898,2.914358,2.911,2.906,2.908,13600,2.905,20500,2.904,28800,2.903,2000,2.902,5900,2.901,2000,2.899,2000,2.898,3900,2.891,1000,2.89,1000,2.909,5300,2.91,100,2.913,1300,2.914,2200,2.915,5000,2.918,3200,2.919,6800,2.92,22400,2.922,500,2.923,14700
2020-08-03 10:27:28.960,2.908,500.0,2.898,2.9143529999999997,2.911,2.906,2.908,13100,2.905,10500,2.904,28800,2.903,2000,2.902,5900,2.901,2000,2.899,2000,2.898,3900,2.891,1000,2.89,1000,2.909,5300,2.91,100,2.913,1300,2.914,2200,2.915,5000,2.918,3200,2.919,6800,2.92,22400,2.922,500,2.923,14700
2020-08-03 10:27:34.490,2.908,5000.0,2.898,2.914304,2.911,2.906,2.908,8100,2.905,10500,2.904,38800,2.903,2000,2.902,5900,2.901,2000,2.899,2000,2.898,3900,2.891,1000,2.89,1000,2.909,5300,2.91,100,2.913,1300,2.914,2200,2.915,5000,2.918,3200,2.919,6800,2.92,22400,2.922,500,2.923,14700
2020-08-03 10:27:41.340,2.908,7000.0,2.898,2.9142360000000003,2.912,2.906,2.908,1100,2.905,10500,2.904,43800,2.903,2000,2.902,5900,2.901,2000,2.899,2000,2.898,3900,2.891,1000,2.89,1000,2.909,5300,2.91,100,2.913,1300,2.914,2200,2.915,5000,2.918,3200,2.919,6800,2.92,22400,2.922,500,2.923,14700
2020-08-03 10:27:47.550,2.909,2000.0,2.898,2.9142200000000003,2.91,2.906,2.908,1100,2.905,10500,2.904,43800,2.903,2000,2.902,5900,2.901,2000,2.899,2000,2.898,3900,2.891,1000,2.89,1000,2.909,3300,2.91,100,2.913,1300,2.914,2200,2.915,5000,2.918,3200,2.919,6800,2.92,22400,2.922,500,2.923,14700
2020-08-03 10:27:51.030,2.905,6500.0,2.898,2.9141340000000002,2.91,2.906,2.905,5100,2.904,43800,2.903,2000,2.902,5900,2.901,2000,2.899,2000,2.898,3900,2.891,1000,2.89,1000,2.881,5800,2.909,3300,2.91,100,2.913,1300,2.914,2200,2.915,5000,2.918,3200,2.919,6800,2.92,22400,2.922,500,2.923,14700
2020-08-03 10:28:05.120,2.905,900.0,2.898,2.9141209999999997,2.909,2.906,2.905,4200,2.904,33800,2.903,12000,2.902,5900,2.901,2000,2.899,2000,2.898,3900,2.891,1000,2.89,1000,2.881,5800,2.91,100,2.913,1300,2.914,2200,2.915,5000,2.918,3200,2.919,6800,2.92,22400,2.922,500,2.923,14700,2.924,28500
2020-08-03 10:28:36.780,2.905,3300.0,2.898,2.9140759999999997,2.909,2.906,2.905,900,2.904,33800,2.903,2000,2.902,5900,2.901,2000,2.9,10000,2.899,2000,2.898,3900,2.891,1000,2.89,1000,2.91,100,2.913,1300,2.914,2200,2.915,5000,2.918,3200,2.919,6800,2.92,22400,2.922,500,2.923,14700,2.924,28500
2020-08-03 10:29:00.310,2.905,900.0,2.898,2.914063,2.909,2.906,2.904,33800,2.903,2000,2.902,15900,2.901,2000,2.9,10000,2.899,2000,2.898,3900,2.891,1000,2.89,1000,2.881,5800,2.905,7500,2.91,100,2.913,1300,2.914,2200,2.915,5000,2.918,3200,2.919,6800,2.92,22400,2.922,500,2.923,14700
2020-08-03 10:29:22.330,2.905,1000.0,2.898,2.91405,2.908,2.906,2.904,33800,2.903,2000,2.902,5900,2.901,12000,2.9,10000,2.899,2000,2.898,3900,2.891,1000,2.89,1000,2.881,5800,2.905,6500,2.91,100,2.913,1300,2.914,2200,2.915,5000,2.918,3200,2.919,6800,2.92,22400,2.922,500,2.923,14700
2020-08-03 10:29:40.730,2.905,6500.0,2.898,2.9139619999999997,2.908,2.906,2.905,3500,2.904,33800,2.903,2000,2.902,5900,2.901,12000,2.9,10000,2.899,2000,2.898,3900,2.891,1000,2.89,1000,2.91,100,2.913,1300,2.914,2200,2.915,5000,2.918,3200,2.919,6800,2.92,22400,2.922,500,2.923,14700,2.924,28500
2020-08-03 10:30:23.530,2.91,100.0,2.898,2.913961,2.907,2.906,2.91,300,2.905,3500,2.904,33800,2.903,2000,2.902,6200,2.901,2000,2.9,10000,2.899,2000,2.898,3900,2.891,1000,2.913,1300,2.914,2200,2.915,5000,2.918,3200,2.919,6800,2.92,22400,2.922,500,2.923,14700,2.924,28500,2.928,13200
2020-08-03 10:32:19.530,2.913,1300.0,2.898,2.913959,2.908,2.906,2.913,2700,2.905,8500,2.904,33800,2.903,2000,2.902,15900,2.901,12000,2.9,10000,2.899,2000,2.898,3900,2.891,1000,2.914,2200,2.915,5000,2.918,3200,2.919,6800,2.92,23600,2.922,500,2.923,14700,2.924,28000,2.928,13200,2.929,5000
2020-08-03 10:32:55.170,2.913,2700.0,2.898,2.913956,2.911,2.906,2.905,8500,2.904,33800,2.903,2000,2.902,15900,2.901,12000,2.9,10000,2.899,2000,2.898,3900,2.891,1000,2.89,1000,2.913,800,2.914,2200,2.915,5000,2.918,3200,2.919,6800,2.92,23600,2.922,500,2.923,14700,2.924,28000,2.928,13200
2020-08-03 10:37:35.230,2.913,1200.0,2.898,2.913954,2.913,2.906,2.913,3300,2.909,10000,2.908,30000,2.907,5200,2.906,10000,2.905,8500,2.904,28800,2.903,2000,2.902,5900,2.901,2000,2.914,2000,2.915,5000,2.918,3200,2.919,6300,2.92,22400,2.922,500,2.923,14700,2.924,28000,2.928,13200,2.929,5000
2020-08-03 10:37:47.430,2.913,300.0,2.898,2.913953,2.913,2.906,2.913,3000,2.909,10000,2.908,30000,2.907,5200,2.906,10000,2.905,8500,2.904,28800,2.903,2000,2.902,5900,2.901,2000,2.914,2000,2.915,5000,2.918,3200,2.919,6300,2.92,22400,2.922,500,2.923,14700,2.924,28000,2.928,13200,2.929,5000
2020-08-03 10:38:37.530,2.914,2300.0,2.898,2.913954,2.914,2.906,2.914,1100,2.913,3000,2.909,10000,2.908,30000,2.907,5200,2.906,10000,2.905,8500,2.904,28800,2.903,2000,2.902,5900,2.915,5000,2.918,3200,2.919,6300,2.92,22400,2.922,500,2.923,14700,2.924,28000,2.925,8000,2.928,13200,2.929,5000
2020-08-03 10:39:53.590,2.915,5300.0,2.898,2.9139619999999997,2.916,2.906,2.915,24700,2.914,1100,2.913,3000,2.91,10000,2.909,20000,2.907,5200,2.906,10000,2.905,8500,2.904,28800,2.903,2000,2.918,3200,2.919,6300,2.92,22400,2.922,500,2.923,14700,2.924,28000,2.925,8000,2.928,13200,2.929,5000,2.93,32000
2020-08-03 10:40:52.330,2.917,200.0,2.898,2.9139630000000003,2.917,2.906,2.917,41100,2.915,28100,2.914,1100,2.913,3000,2.912,10000,2.911,10000,2.91,10000,2.909,20000,2.907,5200,2.905,8500,2.918,3500,2.919,6300,2.92,22400,2.922,500,2.923,14700,2.924,28000,2.925,8000,2.928,13200,2.929,5000,2.93,32000
2020-08-03 10:41:35.080,2.918,3000.0,2.898,2.91398,2.919,2.906,2.917,41100,2.915,28100,2.914,1100,2.913,13000,2.912,10000,2.911,10000,2.91,10000,2.909,10000,2.907,5200,2.905,8500,2.918,500,2.919,6300,2.92,22400,2.922,500,2.923,14700,2.924,28000,2.925,8000,2.928,13200,2.929,5000,2.93,32000
2020-08-03 10:41:55.490,2.918,500.0,2.898,2.913983,2.919,2.906,2.918,40600,2.915,28100,2.914,1100,2.913,13000,2.912,10000,2.911,10000,2.91,10000,2.909,10000,2.907,5200,2.905,8500,2.919,6300,2.92,22400,2.922,500,2.923,14700,2.924,28000,2.925,8000,2.928,13200,2.929,5000,2.93,32000,2.932,1200
2020-08-03 10:42:01.130,2.918,3500.0,2.898,2.9140029999999997,2.919,2.906,2.918,37100,2.915,28100,2.914,1100,2.913,13000,2.912,10000,2.911,10000,2.91,10000,2.909,10000,2.907,5200,2.905,8500,2.919,6300,2.92,22400,2.922,500,2.923,14700,2.924,28000,2.925,8000,2.928,13200,2.929,5000,2.93,32000,2.932,1200
2020-08-03 10:43:03.130,2.918,3000.0,2.898,2.914021,2.919,2.906,2.918,34100,2.915,28100,2.914,1100,2.913,3000,2.91,10000,2.909,10000,2.907,5200,2.905,8500,2.904,26800,2.903,2000,2.919,6300,2.92,22400,2.922,500,2.923,14700,2.924,29000,2.925,8000,2.928,13200,2.929,5000,2.93,32000,2.932,1200
2020-08-03 10:45:11.290,2.918,13500.0,2.898,2.914097,2.916,2.906,2.918,20600,2.915,3400,2.914,1100,2.913,3000,2.909,10000,2.907,5200,2.905,8500,2.904,26800,2.903,2000,2.902,5900,2.919,6300,2.92,22400,2.922,500,2.923,14700,2.924,34800,2.925,8000,2.928,13200,2.929,5000,2.93,32000,2.932,1200
2020-08-03 10:45:49.100,2.918,1700.0,2.898,2.9141060000000003,2.916,2.906,2.918,18900,2.915,3400,2.914,1100,2.909,20000,2.907,5200,2.905,8500,2.904,26800,2.903,2000,2.902,5900,2.901,2000,2.919,6300,2.92,22400,2.922,500,2.923,14700,2.924,34800,2.925,8000,2.928,13200,2.929,5000,2.93,32000,2.932,1200
2020-08-03 10:46:25.570,2.918,3000.0,2.898,2.914123,2.916,2.906,2.918,15900,2.915,3400,2.914,1100,2.909,20000,2.907,5200,2.905,8500,2.904,26800,2.903,2000,2.902,5900,2.901,2000,2.919,6300,2.92,22400,2.922,500,2.923,14700,2.924,34800,2.925,8000,2.928,13200,2.929,5000,2.93,32000,2.932,1200
2020-08-03 10:46:56.310,2.918,600.0,2.898,2.914126,2.917,2.906,2.918,15300,2.915,3400,2.914,8500,2.909,20000,2.907,5200,2.905,8500,2.904,26800,2.903,2000,2.902,5900,2.901,2000,2.919,36300,2.92,22400,2.922,500,2.923,14700,2.924,34800,2.925,8000,2.928,13200,2.929,5000,2.93,32000,2.932,1200
2020-08-03 10:47:36.560,2.918,5000.0,2.898,2.9141529999999998,2.917,2.906,2.918,10300,2.915,3400,2.914,8500,2.91,3000,2.909,20000,2.907,5200,2.905,8500,2.904,26800,2.903,2000,2.902,5900,2.919,6300,2.92,22400,2.922,500,2.923,14700,2.924,34800,2.925,8000,2.928,13200,2.929,5000,2.93,32000,2.932,1200
2020-08-03 10:51:50.080,2.918,11300.0,2.898,2.914212,2.916,2.906,2.915,3400,2.914,1100,2.91,3000,2.909,20000,2.907,5200,2.905,8500,2.904,26800,2.903,2000,2.902,5900,2.901,2000,2.918,10600,2.919,19200,2.92,22400,2.922,500,2.923,14700,2.924,36000,2.925,8000,2.928,13200,2.929,5000,2.93,32000
2020-08-03 10:52:22.870,2.915,3400.0,2.898,2.914216,2.916,2.906,2.914,1100,2.91,3000,2.909,20000,2.907,5200,2.905,8500,2.904,26800,2.903,2000,2.902,5900,2.901,2000,2.9,18500,2.915,11300,2.918,1800,2.919,19200,2.92,22400,2.922,500,2.923,14700,2.924,36000,2.925,8000,2.928,13200,2.929,5000
2020-08-03 10:53:18.040,2.915,11300.0,2.898,2.914228,2.919,2.906,2.915,18700,2.914,1100,2.91,3000,2.909,30000,2.907,5200,2.905,8500,2.904,26800,2.903,2000,2.902,5900,2.901,2000,2.917,7000,2.918,1800,2.919,19200,2.92,22400,2.922,500,2.923,14700,2.924,36000,2.925,8000,2.928,13200,2.929,5000
2020-08-03 10:53:37.100,2.914,300.0,2.898,2.914228,2.919,2.906,2.914,800,2.913,10000,2.91,3000,2.909,30000,2.907,5200,2.905,8500,2.904,26800,2.903,2000,2.902,5900,2.901,2000,2.917,7000,2.918,1800,2.919,19200,2.92,22400,2.922,500,2.923,14700,2.924,36000,2.925,8000,2.928,13200,2.929,5000
2020-08-03 10:54:57.040,2.914,7500.0,2.898,2.9142259999999998,2.919,2.906,2.914,23300,2.911,10000,2.91,3000,2.909,20000,2.907,5200,2.905,8500,2.904,26800,2.903,2000,2.902,5900,2.901,2000,2.918,1800,2.919,6000,2.92,29200,2.923,14700,2.924,36000,2.925,8000,2.928,13200,2.929,5000,2.93,32000,2.932,1200
2020-08-03 10:56:12.370,2.913,1200.0,2.898,2.9142240000000004,2.92,2.906,2.913,1900,2.912,40000,2.911,3000,2.91,10000,2.909,20000,2.908,8200,2.907,5200,2.905,8500,2.904,26800,2.903,2000,2.918,2300,2.919,6000,2.92,29700,2.923,14700,2.924,36000,2.925,9000,2.928,13200,2.929,5000,2.93,32000,2.932,1200
2020-08-03 10:57:07.640,2.913,100.0,2.898,2.9142240000000004,2.92,2.906,2.913,1800,2.912,30000,2.911,13000,2.91,10000,2.909,20000,2.908,8200,2.907,5200,2.905,8500,2.904,26800,2.903,2000,2.918,2300,2.919,6000,2.92,29700,2.923,14700,2.924,36000,2.925,9000,2.928,13200,2.929,5000,2.93,32000,2.932,1200
2020-08-03 10:57:08.250,2.915,8200.0,2.898,2.914232,2.92,2.906,2.915,5100,2.913,1800,2.912,30000,2.911,13000,2.91,10000,2.909,20000,2.908,8200,2.907,5200,2.905,8500,2.904,26800,2.918,2300,2.919,6000,2.92,29700,2.923,14700,2.924,36000,2.925,9000,2.928,13200,2.929,5000,2.93,32000,2.932,1200
2020-08-03 10:57:22.870,2.918,1000.0,2.898,2.914237,2.92,2.906,2.915,5100,2.913,1800,2.912,30000,2.911,13000,2.91,10000,2.909,20000,2.908,8200,2.907,5200,2.905,8500,2.904,26800,2.918,1300,2.919,6000,2.92,29700,2.923,14700,2.924,36000,2.925,9000,2.928,13200,2.929,5000,2.93,32000,2.932,1200
2020-08-03 10:57:26.930,2.918,100.0,2.898,2.914237,2.919,2.906,2.915,5100,2.913,1800,2.912,30000,2.911,13000,2.91,10000,2.909,20000,2.908,8200,2.907,5200,2.905,8500,2.904,26800,2.918,1200,2.919,6000,2.92,29700,2.923,14700,2.924,36000,2.925,9000,2.928,13200,2.929,5000,2.93,32000,2.932,1200
2020-08-03 10:58:58.930,2.918,1200.0,2.898,2.914243,2.921,2.906,2.918,3800,2.915,5100,2.913,1800,2.912,30000,2.911,3000,2.91,10000,2.909,20000,2.908,8200,2.907,5200,2.905,8500,2.919,6000,2.92,30200,2.923,14700,2.924,36000,2.925,9000,2.928,13200,2.929,5000,2.93,32000,2.932,1200,2.933,500
2020-08-03 10:59:41.010,2.918,1100.0,2.898,2.9142490000000003,2.921,2.906,2.918,2700,2.915,5100,2.913,1800,2.912,30000,2.911,3000,2.91,10000,2.909,20000,2.908,8200,2.907,5200,2.905,8500,2.919,6000,2.92,30200,2.923,14700,2.924,36000,2.925,9000,2.928,13200,2.929,5000,2.93,32000,2.932,1200,2.933,500
2020-08-03 11:00:48.850,2.919,6000.0,2.898,2.914286,2.925,2.906,2.919,24000,2.918,2700,2.915,15100,2.913,11800,2.912,30000,2.911,3000,2.909,20000,2.908,8200,2.907,5200,2.905,8500,2.92,29000,2.923,14700,2.924,36000,2.925,9000,2.928,13200,2.929,5000,2.93,32000,2.932,1200,2.933,500,2.934,200
2020-08-03 11:00:51.380,2.92,29000.0,2.898,2.9144930000000002,2.925,2.906,2.92,1000,2.919,24000,2.918,2700,2.915,15100,2.913,11800,2.912,30000,2.911,3000,2.909,20000,2.908,8200,2.907,5200,2.923,14700,2.924,36000,2.925,9000,2.928,13200,2.929,5000,2.93,32000,2.932,1200,2.933,500,2.934,200,2.935,32200
2020-08-03 11:01:01.590,2.919,1200.0,2.898,2.9145,2.926,2.906,2.919,22800,2.918,2700,2.915,15100,2.913,11800,2.912,45000,2.911,3000,2.909,20000,2.908,8200,2.907,5200,2.905,8500,2.923,14700,2.924,36000,2.925,9000,2.928,13200,2.929,5000,2.93,32000,2.932,1200,2.933,500,2.934,200,2.935,32200
2020-08-03 11:01:45.200,2.919,5000.0,2.898,2.914528,2.926,2.906,2.919,17800,2.918,2700,2.915,15100,2.913,11800,2.912,30000,2.909,20000,2.908,8200,2.907,5200,2.905,8500,2.904,26800,2.922,3000,2.923,14700,2.924,36000,2.925,9000,2.928,13200,2.929,5000,2.93,32000,2.932,1200,2.933,500,2.934,200
2020-08-03 11:04:02.760,2.919,11600.0,2.898,2.914591,2.924,2.906,2.919,6200,2.918,2700,2.916,13000,2.915,5100,2.913,1800,2.909,20000,2.908,8200,2.907,5200,2.905,8500,2.904,26800,2.922,3000,2.923,14700,2.924,36000,2.925,9000,2.928,13200,2.929,5000,2.93,32000,2.932,1200,2.933,500,2.934,200
2020-08-03 11:04:21.720,2.922,3000.0,2.898,2.914618,2.924,2.906,2.922,27000,2.92,2700,2.919,36200,2.918,12700,2.916,13000,2.915,5100,2.913,1800,2.909,20000,2.908,8200,2.907,5200,2.923,14700,2.924,36000,2.925,9000,2.928,13200,2.929,5000,2.93,32000,2.932,1200,2.933,500,2.934,200,2.935,32200
2020-08-03 11:04:30.230,2.923,14700.0,2.898,2.914766,2.925,2.906,2.923,15300,2.922,27000,2.92,2700,2.919,36200,2.918,12700,2.916,13000,2.915,5100,2.913,1800,2.909,20000,2.908,8200,2.924,36000,2.925,9000,2.928,13200,2.929,5000,2.93,32000,2.932,1200,2.933,500,2.934,200,2.935,32200,2.939,11900
2020-08-03 11:08:01.850,2.923,1000.0,2.898,2.914776,2.928,2.906,2.923,1700,2.921,30000,2.92,6200,2.919,40000,2.918,10000,2.917,10000,2.915,5100,2.913,1800,2.909,20000,2.908,8200,2.924,36000,2.925,9000,2.928,13200,2.929,5000,2.93,32000,2.932,1200,2.933,500,2.934,200,2.935,32200,2.939,11900
2020-08-03 11:08:05.370,2.924,24300.0,2.898,2.915037,2.928,2.906,2.923,1700,2.921,30000,2.92,6200,2.919,40000,2.918,10000,2.917,10000,2.915,5100,2.913,1800,2.909,20000,2.908,8200,2.924,11700,2.925,9000,2.928,13200,2.929,5000,2.93,32000,2.932,1200,2.933,500,2.934,200,2.935,32200,2.939,11900
2020-08-03 11:08:06.990,2.924,11700.0,2.898,2.9151569999999998,2.928,2.906,2.924,24000,2.923,1700,2.921,40000,2.92,6200,2.919,40000,2.918,10000,2.917,10000,2.915,5100,2.913,1800,2.909,20000,2.925,9000,2.928,13200,2.929,5000,2.93,32000,2.932,1200,2.933,500,2.934,200,2.935,32200,2.939,11900,2.94,12000
2020-08-03 11:08:45.840,2.925,1700.0,2.898,2.9151759999999998,2.929,2.906,2.924,24000,2.921,40000,2.92,6200,2.919,40000,2.918,10000,2.915,5100,2.913,1800,2.909,20000,2.908,8200,2.907,5200,2.925,7300,2.928,13200,2.929,5000,2.93,32000,2.932,1200,2.933,500,2.934,200,2.935,32200,2.939,11900,2.94,12000
2020-08-03 11:10:01.040,2.925,11200.0,2.898,2.915301,2.928,2.906,2.925,18800,2.922,3000,2.921,40000,2.92,3200,2.919,40000,2.918,10000,2.915,5100,2.913,1800,2.909,20000,2.908,8200,2.928,13200,2.929,5000,2.93,32000,2.932,1200,2.933,500,2.934,200,2.935,32200,2.939,11900,2.94,12000,2.949,6400
2020-08-03 11:10:08.610,2.925,2300.0,2.898,2.915326,2.929,2.906,2.925,16500,2.922,13000,2.921,40000,2.92,3200,2.919,40000,2.918,10000,2.915,5100,2.913,1800,2.909,20000,2.908,8200,2.928,13200,2.929,5000,2.93,32000,2.932,1200,2.933,500,2.934,200,2.935,32200,2.939,11900,2.94,12000,2.949,6400
2020-08-03 11:10:51.030,2.928,200.0,2.898,2.9153290000000003,2.93,2.906,2.925,16500,2.923,10000,2.922,13000,2.921,40000,2.92,3200,2.919,30000,2.915,5100,2.913,1800,2.909,20000,2.908,8200,2.928,13000,2.929,5000,2.93,32000,2.932,1200,2.933,500,2.934,200,2.935,32200,2.939,11900,2.94,12000,2.949,6400
2020-08-03 11:11:23.440,2.928,13000.0,2.898,2.915512,2.932,2.906,2.928,17000,2.926,10000,2.925,16500,2.923,10000,2.922,13000,2.921,40000,2.92,3200,2.919,30000,2.915,5100,2.913,1800,2.929,5000,2.93,32000,2.932,1200,2.933,500,2.934,200,2.935,32200,2.939,11900,2.94,12000,2.949,6400,2.95,2500
2020-08-03 11:11:26.360,2.928,11000.0,2.898,2.9156619999999998,2.932,2.906,2.928,6000,2.926,10000,2.925,16500,2.923,10000,2.922,13000,2.921,40000,2.92,3200,2.919,30000,2.915,5100,2.913,1800,2.929,5000,2.93,32000,2.932,1200,2.933,500,2.934,200,2.935,32200,2.939,11900,2.94,12000,2.949,6400,2.95,2500
2020-08-03 11:12:25.330,2.93,11600.0,2.898,2.9158310000000003,2.933,2.906,2.928,30000,2.926,11800,2.922,3000,2.92,3200,2.915,5100,2.913,1800,2.909,20000,2.908,8200,2.907,5200,2.906,1000,2.93,31000,2.932,1200,2.933,500,2.934,200,2.935,32200,2.939,11900,2.94,12000,2.949,6400,2.95,2500,2.955,5700
2020-08-03 11:12:35.600,2.929,1000.0,2.898,2.915845,2.932,2.906,2.929,13600,2.926,11800,2.925,10000,2.922,3000,2.92,3200,2.915,5100,2.913,1800,2.909,20000,2.908,8200,2.907,5200,2.93,31000,2.932,1200,2.933,500,2.934,200,2.935,32200,2.939,11900,2.94,12000,2.949,6400,2.95,2500,2.955,5700
2020-08-03 11:13:00.960,2.929,10000.0,2.898,2.915986,2.931,2.906,2.929,3600,2.926,11800,2.925,10000,2.922,3000,2.92,3200,2.915,5100,2.913,1800,2.909,20000,2.908,8200,2.907,5200,2.93,31000,2.932,1200,2.933,500,2.934,200,2.935,32200,2.939,11900,2.94,12000,2.949,6400,2.95,2500,2.955,5700
2020-08-03 11:13:08.540,2.929,3000.0,2.898,2.916028,2.93,2.906,2.929,600,2.926,1800,2.925,10000,2.922,3000,2.92,3200,2.915,5100,2.913,1800,2.909,20000,2.908,8200,2.907,5200,2.93,31000,2.932,1200,2.933,500,2.934,200,2.935,32200,2.936,100,2.939,11900,2.94,12000,2.949,6400,2.95,2500
2020-08-03 11:13:09.240,2.929,600.0,2.898,2.916036,2.931,2.906,2.926,1800,2.925,10000,2.924,10000,2.922,3000,2.92,3200,2.915,5100,2.913,1800,2.909,20000,2.908,8200,2.907,5200,2.929,1400,2.93,31000,2.932,1200,2.933,500,2.934,200,2.935,32200,2.936,100,2.939,11900,2.94,12000,2.949,6400
2020-08-03 11:14:26.880,2.926,1000.0,2.898,2.9160470000000003,2.927,2.906,2.926,800,2.924,10000,2.923,10000,2.922,3000,2.92,3200,2.915,5100,2.913,1800,2.909,20000,2.908,8200,2.907,200,2.929,1600,2.93,31000,2.932,1200,2.933,500,2.934,200,2.935,33200,2.936,100,2.939,11900,2.94,12000,2.949,6400
2020-08-03 11:15:58.990,2.926,800.0,2.898,2.916055,2.925,2.906,2.922,3000,2.92,3200,2.915,5100,2.913,1800,2.909,20000,2.908,8200,2.907,200,2.906,1000,2.905,8500,2.904,26800,2.926,3700,2.929,8100,2.93,31000,2.932,1200,2.933,3900,2.934,200,2.935,33200,2.936,100,2.939,11900,2.94,12000
2020-08-03 11:16:16.820,2.92,6200.0,2.898,2.9160880000000002,2.924,2.906,2.917,10000,2.915,5100,2.913,1800,2.909,20000,2.908,8200,2.907,200,2.906,1000,2.905,8500,2.904,26800,2.903,7100,2.92,3800,2.926,3700,2.929,8100,2.93,31000,2.932,1200,2.933,3900,2.934,200,2.935,33200,2.936,100,2.939,11900
2020-08-03 11:18:17.780,2.915,3800.0,2.898,2.916083,2.92,2.906,2.915,1300,2.913,1800,2.911,10000,2.909,20000,2.908,8200,2.907,200,2.906,1000,2.905,8500,2.904,26800,2.903,7100,2.926,3700,2.928,1000,2.929,8700,2.93,31500,2.932,1200,2.933,3900,2.934,200,2.935,33200,2.936,100,2.939,11900
2020-08-03 11:19:30.980,2.926,3000.0,2.898,2.916115,2.918,2.906,2.915,1300,2.913,1800,2.911,10000,2.909,20000,2.908,8200,2.907,200,2.906,1000,2.905,8500,2.904,26800,2.903,7100,2.926,700,2.928,1000,2.929,8700,2.93,31500,2.932,1200,2.933,3900,2.934,200,2.935,33200,2.936,100,2.939,11900
2020-08-03 11:20:19.760,2.926,700.0,2.898,2.916122,2.913,2.906,2.926,6200,2.915,11300,2.913,1800,2.909,10000,2.908,8200,2.907,200,2.906,1000,2.905,8500,2.904,26800,2.903,7100,2.928,1000,2.929,8700,2.93,31500,2.932,1200,2.933,3900,2.934,200,2.935,36200,2.936,100,2.939,6900,2.94,12000
2020-08-03 11:20:34.480,2.926,6200.0,2.898,2.916186,2.913,2.906,2.915,11300,2.913,1800,2.909,10000,2.908,8200,2.907,200,2.906,1000,2.905,8500,2.904,26800,2.903,7100,2.902,5900,2.926,3700,2.928,1000,2.929,13700,2.93,31500,2.932,1200,2.933,3900,2.934,200,2.935,36200,2.936,100,2.939,6900
2020-08-03 11:20:36.030,2.926,500.0,2.898,2.916191,2.913,2.906,2.915,11300,2.913,1800,2.909,10000,2.908,8200,2.907,200,2.906,1000,2.905,8500,2.904,26800,2.903,7100,2.902,5900,2.926,3200,2.928,1000,2.929,13700,2.93,31500,2.932,1200,2.933,3900,2.934,200,2.935,36200,2.936,100,2.939,6900
2020-08-03 11:20:45.610,2.915,3500.0,2.898,2.916187,2.914,2.906,2.915,7800,2.913,1800,2.909,10000,2.908,8200,2.907,200,2.906,1000,2.905,8500,2.904,26800,2.903,7100,2.902,5900,2.926,3700,2.928,1000,2.929,13700,2.93,31500,2.932,1200,2.933,3900,2.934,200,2.935,36200,2.936,100,2.939,6900
2020-08-03 11:24:03.010,2.916,100.0,2.898,2.916187,2.912,2.906,2.916,1900,2.915,11800,2.913,11800,2.91,6000,2.909,10000,2.908,8200,2.907,200,2.906,1000,2.905,8500,2.904,26800,2.924,4100,2.925,2600,2.926,3700,2.928,1200,2.929,13700,2.93,31500,2.932,1200,2.933,3900,2.934,200,2.935,36200
2020-08-03 11:27:58.420,2.916,1900.0,2.898,2.916186,2.915,2.906,2.915,11800,2.913,1800,2.91,6000,2.909,10000,2.908,8200,2.907,200,2.906,1000,2.905,8500,2.904,26800,2.903,7100,2.916,3100,2.92,100,2.924,4100,2.925,2600,2.926,3700,2.928,1200,2.929,13700,2.93,31500,2.932,1200,2.933,3900
2020-08-03 11:28:17.820,2.915,2100.0,2.898,2.916184,2.915,2.906,2.915,9700,2.913,1800,2.91,6000,2.909,10000,2.908,8200,2.907,200,2.906,1000,2.905,8500,2.904,26800,2.903,7100,2.916,3100,2.92,100,2.924,4100,2.925,2600,2.926,3700,2.928,1200,2.929,13700,2.93,31500,2.932,1200,2.933,3900
2020-08-03 11:28:40.600,2.916,3000.0,2.898,2.916183,2.916,2.906,2.915,9700,2.913,1800,2.91,6000,2.909,10000,2.908,8200,2.907,200,2.906,1000,2.905,8500,2.904,26800,2.903,7100,2.916,100,2.917,500,2.92,100,2.924,4100,2.925,2600,2.926,3700,2.928,1200,2.929,13700,2.93,31500,2.932,1200
2020-08-03 11:29:30.490,2.924,4800.0,2.898,2.9162169999999996,2.917,2.906,2.915,27700,2.913,1800,2.91,6000,2.909,10000,2.908,8200,2.907,200,2.906,1000,2.905,8500,2.904,26800,2.903,7100,2.925,2600,2.926,3700,2.928,1200,2.929,13700,2.93,31500,2.932,1200,2.933,3900,2.934,200,2.935,36200,2.936,100
2020-08-03 13:00:04.880,2.926,9200.0,2.898,2.9163490000000003,2.918,2.906,2.926,5300,2.92,3800,2.916,2000,2.915,23900,2.913,1800,2.91,6000,2.909,10000,2.908,8200,2.907,200,2.906,1000,2.928,6200,2.929,13700,2.93,34500,2.932,1200,2.933,3900,2.934,200,2.935,36200,2.936,100,2.938,4900,2.939,6500
2020-08-03 13:00:18.910,2.926,5300.0,2.898,2.916401,2.92,2.906,2.92,3800,2.916,2000,2.915,23900,2.913,1800,2.91,6000,2.909,10000,2.908,8200,2.907,200,2.906,1000,2.905,8500,2.926,1900,2.928,6200,2.929,13700,2.93,34500,2.932,1200,2.933,3900,2.934,200,2.935,36200,2.936,100,2.938,4900
2020-08-03 13:03:06.490,2.92,2000.0,2.898,2.916408,2.92,2.906,2.92,1800,2.916,2000,2.915,23900,2.913,1800,2.91,6000,2.909,10000,2.908,8200,2.907,200,2.906,1000,2.905,8500,2.926,6900,2.928,12700,2.929,13700,2.93,34500,2.932,1200,2.933,3900,2.934,200,2.935,36200,2.936,100,2.938,4900
2020-08-03 13:03:49.680,2.926,1000.0,2.898,2.916417,2.919,2.906,2.92,1800,2.916,2000,2.915,23900,2.913,1800,2.91,6000,2.909,10000,2.908,8200,2.907,200,2.906,1000,2.905,8500,2.926,7900,2.928,12700,2.929,13700,2.93,34500,2.932,1200,2.933,3900,2.934,200,2.935,36200,2.936,100,2.938,4900
2020-08-03 13:07:49.960,2.926,9500.0,2.898,2.9165080000000003,2.921,2.906,2.926,123300,2.921,200,2.92,1800,2.916,2000,2.915,23900,2.913,1800,2.91,6000,2.909,10000,2.908,8200,2.907,200,2.928,12700,2.929,13700,2.93,34500,2.932,1200,2.933,3900,2.934,200,2.935,36200,2.936,100,2.938,4900,2.939,6500
2020-08-03 13:07:54.110,2.926,500.0,2.898,2.916512,2.921,2.906,2.926,122800,2.921,200,2.92,1800,2.916,2000,2.915,23900,2.913,1800,2.91,6000,2.909,10000,2.908,8200,2.907,200,2.928,12700,2.929,13700,2.93,34500,2.932,1200,2.933,3900,2.934,200,2.935,36200,2.936,100,2.938,4900,2.939,6500
2020-08-03 13:07:55.040,2.926,1000.0,2.898,2.916522,2.922,2.906,2.926,121800,2.921,200,2.92,1800,2.916,2000,2.915,23900,2.913,1800,2.91,6000,2.909,10000,2.908,8200,2.907,200,2.928,12700,2.929,13700,2.93,34500,2.932,1200,2.933,3900,2.934,200,2.935,36200,2.936,100,2.938,4900,2.939,6500
2020-08-03 13:08:36.000,2.926,121800.0,2.898,2.917543,2.922,2.906,2.921,200,2.92,1800,2.916,2000,2.915,23900,2.913,1800,2.91,6000,2.909,10000,2.908,8200,2.907,200,2.906,1000,2.926,185800,2.928,12700,2.929,13700,2.93,34500,2.932,1200,2.933,3900,2.934,200,2.935,36200,2.936,100,2.938,4900
2020-08-03 13:09:08.300,2.921,200.0,2.898,2.917544,2.922,2.906,2.92,1800,2.916,2000,2.915,23900,2.913,1800,2.91,6000,2.909,10000,2.908,8200,2.907,200,2.906,1000,2.905,8500,2.921,14600,2.928,12700,2.929,13700,2.93,34500,2.932,1200,2.933,3900,2.934,200,2.935,36200,2.936,100,2.938,4900
2020-08-03 13:09:44.370,2.921,10000.0,2.898,2.917574,2.923,2.906,2.92,1800,2.916,2000,2.915,23900,2.913,1800,2.91,6000,2.909,10000,2.908,8200,2.907,200,2.906,1000,2.905,8500,2.921,4600,2.928,12700,2.929,13700,2.93,34500,2.932,1200,2.933,3900,2.934,200,2.935,36200,2.936,100,2.938,4900
2020-08-03 13:11:54.520,2.921,100.0,2.898,2.917574,2.921,2.906,2.92,1800,2.916,2000,2.915,23900,2.913,1800,2.91,6500,2.909,10000,2.908,8200,2.907,200,2.906,1000,2.905,8500,2.921,4500,2.926,185800,2.928,12700,2.929,13700,2.93,34500,2.932,1200,2.933,3900,2.934,200,2.935,36200,2.936,100
2020-08-03 13:14:09.000,2.92,2200.0,2.898,2.917579,2.922,2.906,2.92,1600,2.916,2000,2.915,23900,2.913,1800,2.91,6500,2.909,10000,2.908,8200,2.907,200,2.906,1000,2.905,8500,2.921,5000,2.926,185800,2.928,6200,2.929,13700,2.93,34500,2.932,1200,2.933,3900,2.934,200,2.935,36200,2.936,100
2020-08-03 13:14:25.110,2.921,5400.0,2.898,2.917595,2.922,2.906,2.921,11700,2.92,1600,2.916,2000,2.915,23900,2.913,1800,2.91,6500,2.909,10000,2.908,8200,2.907,200,2.906,1000,2.926,185800,2.928,6200,2.929,13700,2.93,34500,2.932,1200,2.933,3900,2.934,200,2.935,36200,2.936,100,2.938,4900
2020-08-03 13:15:21.200,2.921,11700.0,2.898,2.91763,2.923,2.906,2.92,1600,2.916,2000,2.915,23900,2.913,1800,2.91,6500,2.909,10000,2.908,8200,2.907,200,2.906,1000,2.905,8500,2.921,13200,2.925,500,2.926,185800,2.928,6200,2.929,13700,2.93,34500,2.932,1200,2.933,3900,2.934,200,2.935,36200
2020-08-03 13:16:28.130,2.921,100.0,2.898,2.91763,2.922,2.906,2.92,1600,2.916,2000,2.915,23900,2.913,1800,2.91,6500,2.909,10000,2.908,8200,2.907,200,2.906,1000,2.905,8500,2.921,13100,2.926,185800,2.928,6200,2.929,13700,2.93,34500,2.932,1200,2.933,3900,2.934,200,2.935,36200,2.936,100
2020-08-03 13:17:17.300,2.92,1400.0,2.898,2.9176330000000004,2.923,2.906,2.92,200,2.916,2000,2.915,23900,2.913,1800,2.91,6500,2.909,10000,2.908,8200,2.907,200,2.906,1000,2.905,8500,2.921,13100,2.926,185800,2.928,6200,2.929,13700,2.93,34500,2.932,1200,2.933,3900,2.934,200,2.935,36200,2.936,100
2020-08-03 13:18:58.990,2.92,1000.0,2.898,2.9176349999999998,2.922,2.906,2.92,300,2.916,2000,2.915,23900,2.913,1800,2.91,6500,2.909,10000,2.908,8200,2.907,200,2.906,1000,2.905,8500,2.921,13100,2.925,10900,2.926,186600,2.928,6200,2.929,13700,2.93,34500,2.932,1200,2.933,3900,2.934,200,2.935,36200
2020-08-03 13:19:02.100,2.92,300.0,2.898,2.9176349999999998,2.922,2.906,2.916,2000,2.915,23900,2.913,1800,2.91,6500,2.909,10000,2.908,8200,2.907,200,2.906,1000,2.905,8500,2.904,100,2.92,200,2.921,13100,2.925,10900,2.926,186600,2.928,6200,2.929,13700,2.93,34500,2.932,1200,2.933,3900,2.934,200
2020-08-03 13:19:09.380,2.916,2000.0,2.898,2.9176330000000004,2.922,2.906,2.915,23900,2.913,1800,2.91,6500,2.909,10000,2.908,8200,2.907,200,2.906,1000,2.905,8500,2.904,100,2.903,7100,2.916,16400,2.92,200,2.921,13100,2.925,10900,2.926,186600,2.928,6200,2.929,13700,2.93,34500,2.932,1200,2.933,3900
2020-08-03 13:19:19.860,2.916,16400.0,2.898,2.91761,2.922,2.906,2.916,13600,2.915,23900,2.913,1800,2.91,6500,2.909,10000,2.908,8200,2.907,200,2.906,1000,2.905,8500,2.904,100,2.92,200,2.921,13100,2.925,10900,2.926,186600,2.928,6200,2.929,13700,2.93,34500,2.932,1200,2.933,3900,2.934,200
2020-08-03 13:19:28.550,2.916,1000.0,2.898,2.917609,2.922,2.906,2.916,12600,2.915,23900,2.913,1800,2.912,10000,2.91,6500,2.909,10000,2.908,8200,2.907,200,2.906,1000,2.905,8500,2.92,200,2.921,13100,2.925,10900,2.926,186600,2.928,6200,2.929,13700,2.93,34500,2.932,1200,2.933,3900,2.934,200
2020-08-03 13:20:16.740,2.916,100.0,2.898,2.917608,2.923,2.906,2.916,12500,2.915,23900,2.913,11800,2.912,10000,2.91,6000,2.909,10000,2.908,8200,2.907,200,2.906,1000,2.905,8500,2.92,200,2.921,13100,2.925,10900,2.926,186600,2.928,6200,2.929,13700,2.93,34500,2.932,1200,2.933,3900,2.934,200
2020-08-03 13:20:52.700,2.916,200.0,2.898,2.917608,2.922,2.906,2.916,12300,2.915,23900,2.913,1800,2.912,10000,2.91,6000,2.909,10000,2.908,8200,2.907,200,2.906,1000,2.905,8500,2.92,12900,2.921,13100,2.925,10900,2.926,186600,2.928,6200,2.929,13700,2.93,34500,2.932,1200,2.933,3900,2.934,200
2020-08-03 13:22:56.080,2.916,5000.0,2.898,2.917601,2.919,2.906,2.916,1700,2.915,18200,2.913,1800,2.91,16000,2.909,10000,2.908,8200,2.907,200,2.906,1000,2.905,8500,2.904,100,2.92,200,2.921,13100,2.925,10900,2.926,186600,2.928,6200,2.929,13700,2.93,34500,2.932,1200,2.933,3900,2.934,200
2020-08-03 13:23:40.530,2.916,1500.0,2.898,2.917599,2.919,2.906,2.916,200,2.915,18200,2.913,1800,2.91,6000,2.909,10000,2.908,8200,2.907,200,2.906,1000,2.905,8500,2.904,100,2.92,4400,2.921,13100,2.925,10900,2.926,186600,2.928,6200,2.929,13700,2.93,34500,2.932,1200,2.933,3900,2.934,200
2020-08-03 13:26:29.630,2.916,100.0,2.898,2.917599,2.92,2.906,2.916,100,2.915,18200,2.913,1800,2.91,6000,2.909,10000,2.908,8200,2.907,200,2.906,1000,2.905,8500,2.904,100,2.919,10900,2.92,14400,2.921,13100,2.926,186600,2.928,6200,2.929,13700,2.93,34500,2.932,1200,2.933,3900,2.934,200
2020-08-03 13:27:03.980,2.916,100.0,2.898,2.917599,2.921,2.906,2.915,18200,2.913,1800,2.91,6000,2.909,10000,2.908,8200,2.907,200,2.906,1000,2.905,8500,2.904,100,2.903,7100,2.916,600,2.919,10900,2.92,14400,2.921,13100,2.926,800,2.928,6200,2.929,13700,2.93,34500,2.932,1200,2.933,3900
2020-08-03 13:27:16.380,2.915,12900.0,2.898,2.9175709999999997,2.92,2.906,2.915,5300,2.913,1800,2.91,6000,2.909,10000,2.908,8200,2.907,200,2.906,1000,2.905,8500,2.904,100,2.903,7100,2.916,600,2.919,10900,2.92,14400,2.921,13100,2.926,800,2.928,6200,2.929,13700,2.93,34500,2.932,1200,2.933,3900
2020-08-03 13:27:21.960,2.916,600.0,2.898,2.91757,2.92,2.906,2.916,6600,2.915,5300,2.913,1800,2.91,6000,2.909,10000,2.908,8200,2.907,200,2.906,1000,2.905,8500,2.904,100,2.919,10900,2.92,14400,2.921,13100,2.926,800,2.928,6200,2.929,13700,2.93,34500,2.932,1200,2.933,3900,2.934,200
2020-08-03 13:28:54.370,2.916,6600.0,2.898,2.9175619999999998,2.922,2.906,2.915,5300,2.913,1800,2.912,10000,2.91,16000,2.909,10000,2.908,8200,2.907,200,2.906,1000,2.905,8500,2.904,100,2.916,900,2.92,4400,2.921,13100,2.926,800,2.928,6200,2.929,13700,2.93,34500,2.932,1200,2.933,3900,2.934,200
2020-08-03 13:29:33.000,2.916,900.0,2.898,2.917561,2.922,2.906,2.916,29100,2.915,5300,2.913,1800,2.912,10000,2.91,16000,2.909,10000,2.908,8200,2.907,200,2.906,1000,2.905,8500,2.92,4400,2.921,13100,2.926,800,2.928,6200,2.929,13700,2.93,34500,2.932,1200,2.933,3900,2.934,200,2.935,39600
2020-08-03 13:34:18.250,2.916,1300.0,2.898,2.9175590000000002,2.917,2.906,2.915,5300,2.913,1800,2.91,6000,2.909,10000,2.908,8200,2.907,200,2.906,1000,2.905,8500,2.904,100,2.903,7100,2.916,3700,2.919,14700,2.92,4400,2.921,13100,2.926,800,2.928,6200,2.929,13700,2.93,34500,2.931,13600,2.932,1200
2020-08-03 13:35:03.480,2.915,5300.0,2.898,2.917548,2.917,2.906,2.913,1800,2.911,10000,2.91,6000,2.909,10000,2.908,8200,2.907,200,2.906,1000,2.905,8500,2.904,100,2.903,7100,2.915,600,2.916,3700,2.919,14700,2.92,4400,2.921,13100,2.926,800,2.928,6200,2.929,13700,2.93,34500,2.931,13600
2020-08-03 13:35:27.650,2.913,200.0,2.898,2.9175470000000003,2.917,2.906,2.913,1600,2.911,10000,2.91,6000,2.909,10000,2.908,8200,2.907,200,2.906,1000,2.905,8500,2.904,100,2.903,7100,2.915,600,2.916,3700,2.919,14700,2.92,4400,2.921,13100,2.926,800,2.928,6200,2.929,22700,2.93,34500,2.931,13600
2020-08-03 13:35:49.320,2.913,1600.0,2.898,2.917541,2.916,2.906,2.911,10000,2.91,6000,2.909,10000,2.908,8200,2.907,200,2.906,1000,2.905,8500,2.904,100,2.903,7100,2.902,2400,2.913,900,2.915,600,2.916,3700,2.919,14700,2.92,4200,2.921,13100,2.926,800,2.928,6200,2.929,22700,2.93,34500
2020-08-03 13:36:06.580,2.911,700.0,2.898,2.917537,2.916,2.906,2.911,9300,2.91,6000,2.909,10000,2.908,8200,2.907,200,2.906,1000,2.905,8500,2.904,100,2.903,7100,2.902,2400,2.913,900,2.915,600,2.916,3700,2.919,14700,2.92,4200,2.921,13100,2.926,800,2.928,6200,2.929,22700,2.93,34500
2020-08-03 13:38:09.120,2.911,500.0,2.898,2.917535,2.914,2.906,2.91,6000,2.909,14400,2.908,8200,2.907,200,2.906,1000,2.905,8500,2.904,100,2.903,7100,2.902,2400,2.901,2000,2.911,3200,2.913,1900,2.915,2600,2.919,14700,2.92,4200,2.921,13100,2.926,800,2.928,6200,2.929,22700,2.93,34500
2020-08-03 13:38:24.610,2.91,2000.0,2.898,2.917522,2.915,2.906,2.91,4000,2.909,10000,2.908,8200,2.907,16200,2.906,1000,2.905,8500,2.904,100,2.903,7100,2.902,2400,2.901,2000,2.911,3200,2.913,1900,2.915,2000,2.919,14700,2.92,4200,2.921,13100,2.926,800,2.928,6200,2.929,22700,2.93,34500
2020-08-03 13:38:37.660,2.91,3200.0,2.898,2.917503,2.914,2.906,2.91,800,2.909,10000,2.908,8200,2.907,10200,2.906,1000,2.905,8500,2.904,100,2.903,7100,2.902,2400,2.901,2000,2.913,1900,2.915,2000,2.919,14700,2.92,4200,2.921,13100,2.926,800,2.928,6200,2.929,22700,2.93,34500,2.931,13600
2020-08-03 13:39:23.730,2.91,600.0,2.898,2.9174990000000003,2.913,2.906,2.91,30200,2.909,10000,2.908,18200,2.907,10200,2.906,1000,2.905,8500,2.904,100,2.903,7100,2.902,2400,2.901,2000,2.913,1900,2.915,2000,2.919,3800,2.92,4200,2.921,13100,2.926,800,2.928,6200,2.929,22700,2.93,34500,2.931,13600
2020-08-03 13:40:02.950,2.91,200.0,2.898,2.917498,2.913,2.906,2.909,10000,2.908,8200,2.907,200,2.906,11000,2.905,8500,2.904,100,2.903,7100,2.902,2400,2.901,2000,2.9,10100,2.91,1800,2.912,10900,2.913,1900,2.915,2000,2.919,3800,2.92,4200,2.921,13100,2.926,800,2.928,6200,2.929,22700
2020-08-03 13:40:28.090,2.91,1000.0,2.898,2.9174919999999998,2.912,2.906,2.909,10000,2.908,8200,2.907,2600,2.906,11000,2.905,8500,2.904,100,2.903,7100,2.902,2400,2.901,2000,2.9,10100,2.91,800,2.912,10900,2.913,1900,2.915,2000,2.919,3800,2.92,4200,2.921,13100,2.926,800,2.928,6200,2.929,22700
2020-08-03 13:40:42.400,2.91,400.0,2.898,2.9174889999999998,2.913,2.906,2.909,10100,2.908,8200,2.907,2600,2.906,16200,2.905,8500,2.904,100,2.903,7100,2.902,2400,2.901,2000,2.9,10100,2.91,400,2.912,10900,2.913,1900,2.915,2000,2.919,3800,2.92,4200,2.921,13100,2.926,800,2.928,6200,2.929,22700
2020-08-03 13:41:06.140,2.909,300.0,2.898,2.917487,2.912,2.906,2.909,10000,2.908,8200,2.907,2600,2.906,1000,2.905,8500,2.904,100,2.903,7100,2.902,2400,2.901,2000,2.9,10100,2.91,1200,2.912,10900,2.913,1900,2.915,2000,2.919,3800,2.92,4200,2.921,13100,2.926,800,2.928,6200,2.929,22700
2020-08-03 13:43:39.690,2.91,1200.0,2.898,2.91748,2.916,2.906,2.91,28800,2.909,12000,2.908,8200,2.907,200,2.906,11000,2.905,20000,2.904,10100,2.903,7100,2.902,2400,2.901,2000,2.912,10900,2.913,1900,2.915,2000,2.919,3800,2.92,4200,2.921,13100,2.925,2000,2.926,800,2.928,6200,2.929,22700
2020-08-03 13:43:44.560,2.91,1000.0,2.898,2.9174740000000003,2.916,2.906,2.91,30200,2.909,12000,2.908,18200,2.907,200,2.906,11000,2.905,20000,2.904,10100,2.903,7100,2.902,2400,2.901,2000,2.912,10900,2.913,1900,2.915,2000,2.919,3800,2.92,4200,2.921,13100,2.925,2000,2.926,800,2.928,6200,2.929,22700
2020-08-03 13:44:23.320,2.912,200.0,2.898,2.9174729999999998,2.917,2.906,2.912,4800,2.91,30200,2.909,12000,2.908,27900,2.907,200,2.906,11000,2.905,20000,2.904,10100,2.903,7100,2.902,2400,2.913,1900,2.915,2000,2.919,3800,2.92,4200,2.921,13100,2.925,2000,2.926,800,2.928,6200,2.929,22700,2.93,36800
2020-08-03 13:44:35.490,2.913,1900.0,2.898,2.917466,2.917,2.906,2.913,3100,2.912,5200,2.91,30200,2.909,12000,2.908,27900,2.907,200,2.906,11000,2.905,10000,2.904,100,2.903,7100,2.915,2000,2.919,3800,2.92,4200,2.921,13100,2.925,2000,2.926,800,2.928,6200,2.929,22700,2.93,36800,2.931,13600
2020-08-03 13:45:11.130,2.913,3100.0,2.898,2.917455,2.918,2.906,2.912,5200,2.911,5000,2.91,46200,2.909,12000,2.908,27900,2.907,200,2.906,11000,2.905,10000,2.904,100,2.903,7100,2.913,5700,2.915,2000,2.919,3800,2.92,4200,2.921,13100,2.925,2000,2.926,800,2.928,6200,2.929,22700,2.93,36800
2020-08-03 13:45:23.980,2.913,700.0,2.898,2.917452,2.919,2.906,2.912,5200,2.911,5000,2.91,40200,2.909,12000,2.908,27900,2.907,200,2.906,11000,2.905,10000,2.904,100,2.903,7100,2.913,5000,2.915,2000,2.919,3800,2.92,4200,2.921,13100,2.925,2000,2.926,800,2.928,6200,2.929,22700,2.93,36800
2020-08-03 13:45:26.450,2.913,3400.0,2.898,2.91744,2.918,2.906,2.912,5200,2.911,5000,2.91,30200,2.909,12000,2.908,27900,2.907,200,2.906,11000,2.905,10000,2.904,100,2.903,7100,2.913,1600,2.915,2000,2.919,3800,2.92,4200,2.921,13100,2.925,2000,2.926,800,2.928,6200,2.929,22700,2.93,36800
2020-08-03 13:47:38.750,2.913,12500.0,2.898,2.917396,2.919,2.906,2.913,17500,2.912,15200,2.911,15000,2.91,30200,2.909,22000,2.908,17900,2.907,200,2.906,1000,2.905,10000,2.904,100,2.915,2000,2.919,3800,2.92,4200,2.921,13100,2.925,2000,2.926,800,2.928,6200,2.929,22700,2.93,36800,2.931,13600
2020-08-03 13:48:32.530,2.915,2000.0,2.898,2.917392,2.919,2.906,2.915,28000,2.913,17500,2.912,15200,2.911,15000,2.91,30200,2.909,12000,2.908,17900,2.907,200,2.906,1000,2.905,10000,2.919,3800,2.92,4200,2.921,13100,2.925,2000,2.926,800,2.928,6200,2.929,22700,2.93,36800,2.931,13600,2.932,1200
2020-08-03 13:49:51.790,2.919,300.0,2.898,2.917392,2.921,2.906,2.915,40000,2.913,27500,2.912,15200,2.911,15000,2.91,37100,2.909,12000,2.908,17900,2.907,200,2.906,1000,2.905,10000,2.919,3500,2.92,4200,2.921,13100,2.925,2000,2.926,800,2.928,6200,2.929,22700,2.93,36800,2.931,13600,2.932,1200
2020-08-03 13:49:54.210,2.915,4700.0,2.898,2.917383,2.921,2.906,2.915,35300,2.913,27500,2.912,15200,2.911,15000,2.91,37100,2.909,12000,2.908,17900,2.907,200,2.906,1000,2.905,10000,2.919,3500,2.92,4200,2.921,13100,2.925,2000,2.926,800,2.928,6200,2.929,22700,2.93,36800,2.931,13600,2.932,1200
2020-08-03 13:50:49.850,2.915,300.0,2.898,2.917383,2.92,2.906,2.915,9700,2.913,27500,2.912,5200,2.911,15000,2.91,9300,2.909,12000,2.908,17900,2.907,200,2.906,1000,2.905,10000,2.919,3500,2.92,4200,2.921,13100,2.925,2000,2.926,800,2.928,6200,2.929,22700,2.93,36800,2.931,13600,2.932,1200
2020-08-03 13:50:51.580,2.919,3500.0,2.898,2.9173869999999997,2.92,2.906,2.919,1900,2.915,9700,2.913,27500,2.912,5200,2.911,15000,2.91,9300,2.909,12000,2.908,17900,2.907,200,2.906,1000,2.92,4200,2.921,13100,2.925,2000,2.926,800,2.928,6200,2.929,22700,2.93,36800,2.931,13600,2.932,1200,2.933,3900
2020-08-03 13:51:20.220,2.919,200.0,2.898,2.9173880000000003,2.92,2.906,2.919,1700,2.915,9700,2.914,10000,2.913,27500,2.912,5200,2.911,5000,2.91,9300,2.909,12000,2.908,17900,2.907,200,2.92,4200,2.921,13100,2.925,2000,2.926,2300,2.928,6200,2.929,22700,2.93,36800,2.931,13600,2.932,1200,2.933,3900
2020-08-03 13:52:16.630,2.919,1700.0,2.898,2.91739,2.921,2.906,2.915,9700,2.914,10000,2.913,27500,2.912,5200,2.911,5000,2.91,9300,2.909,12000,2.908,17900,2.907,200,2.906,1000,2.919,5800,2.92,9200,2.921,13100,2.925,2000,2.926,2300,2.928,6200,2.929,22700,2.93,36800,2.931,13600,2.932,1200
2020-08-03 13:52:45.530,2.919,5000.0,2.898,2.917396,2.921,2.906,2.916,40000,2.915,9700,2.914,10000,2.913,10000,2.912,5200,2.911,5000,2.91,9300,2.909,12000,2.908,17900,2.907,200,2.919,10800,2.92,9200,2.921,13100,2.925,2000,2.926,2300,2.928,6200,2.929,22700,2.93,36800,2.931,13600,2.932,1200
2020-08-03 13:55:13.910,2.916,100.0,2.898,2.917396,2.919,2.906,2.916,29900,2.913,10000,2.912,400,2.911,5000,2.91,9300,2.909,12000,2.908,17900,2.907,200,2.906,1000,2.905,10000,2.917,7500,2.919,10800,2.92,9200,2.921,13100,2.925,2000,2.926,2300,2.928,6200,2.929,22700,2.93,36800,2.931,13600
2020-08-03 13:55:27.690,2.916,7500.0,2.898,2.9173880000000003,2.919,2.906,2.916,22400,2.913,10000,2.912,400,2.911,5000,2.91,9300,2.909,12000,2.908,17900,2.907,200,2.906,1000,2.905,10000,2.919,10800,2.92,9200,2.921,13100,2.925,2000,2.926,2300,2.928,6200,2.929,22700,2.93,36800,2.931,13600,2.932,1200
2020-08-03 13:56:06.960,2.914,5000.0,2.898,2.917375,2.92,2.906,2.914,25000,2.913,10000,2.912,400,2.911,5000,2.91,9300,2.909,12000,2.908,17900,2.907,200,2.906,1000,2.905,10000,2.919,10000,2.92,9200,2.921,13100,2.925,2000,2.926,2300,2.928,6200,2.929,22700,2.93,36800,2.931,13600,2.932,1200
2020-08-03 13:56:09.950,2.914,800.0,2.898,2.917373,2.92,2.906,2.914,24200,2.913,10000,2.912,400,2.911,5000,2.91,9300,2.909,12000,2.908,17900,2.907,200,2.906,1000,2.905,10000,2.919,10000,2.92,9200,2.921,13100,2.925,2000,2.926,2300,2.928,6200,2.929,22700,2.93,36800,2.931,13600,2.932,1200
2020-08-03 13:57:55.130,2.914,3000.0,2.898,2.917365,2.922,2.906,2.914,33600,2.913,10000,2.912,400,2.911,5000,2.91,9300,2.909,12000,2.908,17900,2.907,200,2.906,1000,2.905,10000,2.919,10000,2.92,9200,2.921,13100,2.925,2000,2.926,2300,2.928,6200,2.929,22700,2.93,38800,2.931,13600,2.932,1200
2020-08-03 14:00:18.220,2.919,1000.0,2.898,2.917366,2.924,2.906,2.914,33600,2.913,10000,2.912,400,2.911,5000,2.91,9500,2.909,12000,2.908,17900,2.907,200,2.906,1000,2.905,10200,2.919,9000,2.92,9200,2.921,13100,2.925,2000,2.926,2300,2.928,8200,2.929,22700,2.93,38800,2.931,13600,2.932,1200
2020-08-03 14:01:05.610,2.914,10000.0,2.898,2.9173400000000003,2.925,2.906,2.914,23600,2.913,10000,2.912,400,2.911,5000,2.91,9500,2.909,12000,2.908,17900,2.907,200,2.906,1000,2.905,10200,2.919,9000,2.92,9200,2.921,13100,2.925,2000,2.926,2300,2.928,8200,2.929,22700,2.93,38800,2.931,13600,2.932,1200
2020-08-03 14:04:21.160,2.915,8000.0,2.898,2.9173259999999996,2.922,2.906,2.915,12700,2.914,12400,2.913,10000,2.912,400,2.911,5000,2.91,9500,2.909,12000,2.908,17900,2.907,200,2.906,1000,2.918,2000,2.919,9000,2.92,35000,2.921,13100,2.925,2000,2.926,2300,2.928,8200,2.929,22700,2.93,38800,2.931,13600
2020-08-03 14:04:28.890,2.915,11000.0,2.898,2.917306,2.922,2.906,2.915,11700,2.914,12400,2.913,10000,2.912,400,2.911,5000,2.91,9500,2.909,12000,2.908,17900,2.907,200,2.906,1000,2.918,2000,2.919,9000,2.92,35000,2.921,13100,2.925,2000,2.926,2300,2.928,8200,2.929,22700,2.93,38800,2.931,13600
2020-08-03 14:05:01.660,2.918,500.0,2.898,2.917306,2.923,2.906,2.916,30000,2.915,11700,2.914,12400,2.913,10000,2.912,400,2.911,5000,2.91,9500,2.909,12000,2.908,17900,2.907,200,2.918,1500,2.919,9000,2.92,35000,2.921,13100,2.925,2000,2.926,2300,2.928,10200,2.929,22700,2.93,38800,2.931,13600
2020-08-03 14:06:50.960,2.918,1000.0,2.898,2.917307,2.923,2.906,2.916,41100,2.915,11700,2.914,12400,2.913,10000,2.912,400,2.911,5000,2.91,16100,2.909,12000,2.908,17900,2.907,200,2.918,500,2.919,9000,2.92,35000,2.921,13100,2.925,2000,2.926,2300,2.928,10200,2.929,22700,2.93,38800,2.931,13600
2020-08-03 14:07:29.090,2.918,500.0,2.898,2.917307,2.923,2.906,2.918,8300,2.916,41100,2.915,11700,2.914,12400,2.913,10000,2.912,400,2.911,5000,2.91,16100,2.909,12000,2.908,17900,2.919,9000,2.92,35000,2.921,13100,2.925,2000,2.926,2300,2.928,10200,2.929,22700,2.93,38800,2.931,13600,2.932,1200
2020-08-03 14:08:43.980,2.918,1000.0,2.898,2.9173080000000002,2.922,2.906,2.918,9300,2.916,41100,2.915,11700,2.914,12400,2.913,10000,2.912,400,2.911,5000,2.91,16100,2.909,12000,2.908,17900,2.919,9000,2.92,35000,2.921,13100,2.925,2000,2.926,2700,2.928,10200,2.929,22700,2.93,38800,2.931,13600,2.932,1200
2020-08-03 14:08:56.100,2.918,5000.0,2.898,2.91731,2.922,2.906,2.918,4300,2.916,41100,2.915,11700,2.914,12400,2.913,10000,2.912,400,2.911,5000,2.91,16100,2.909,12000,2.908,17900,2.919,9000,2.92,35000,2.921,13100,2.925,2000,2.926,2700,2.928,10200,2.929,22700,2.93,38800,2.931,13600,2.932,1200
2020-08-03 14:10:27.230,2.918,500.0,2.898,2.917311,2.923,2.906,2.918,3800,2.917,10000,2.916,41100,2.915,1700,2.914,12400,2.912,400,2.911,5000,2.91,16100,2.909,12000,2.908,17900,2.919,9000,2.92,35000,2.921,13100,2.925,2000,2.926,2700,2.928,10200,2.929,22700,2.93,38800,2.931,13600,2.932,1200
2020-08-03 14:13:08.990,2.918,2000.0,2.898,2.917312,2.923,2.906,2.918,3800,2.916,31100,2.915,11700,2.914,12400,2.912,400,2.911,5000,2.91,16100,2.909,12000,2.908,17900,2.907,200,2.919,10500,2.92,35000,2.921,13100,2.925,2000,2.926,2700,2.928,10200,2.929,25600,2.93,38800,2.931,13600,2.932,1200
2020-08-03 14:13:33.300,2.918,800.0,2.898,2.917312,2.923,2.906,2.918,3000,2.917,10000,2.916,31100,2.915,11700,2.914,12400,2.912,400,2.911,5000,2.91,16100,2.909,12000,2.908,17900,2.919,10500,2.92,35700,2.921,13100,2.925,2000,2.926,2700,2.928,10200,2.929,25600,2.93,38800,2.931,13600,2.932,1200
2020-08-03 14:13:47.800,2.918,3000.0,2.898,2.9173139999999997,2.923,2.906,2.916,31100,2.915,11700,2.914,12400,2.912,20400,2.911,5000,2.91,16100,2.909,12000,2.908,17900,2.907,200,2.906,1000,2.918,2000,2.919,10500,2.92,35700,2.921,13100,2.925,2000,2.926,2700,2.928,10200,2.929,25600,2.93,38800,2.931,13600
2020-08-03 14:16:08.890,2.916,8000.0,2.898,2.917306,2.922,2.906,2.916,23100,2.915,1700,2.914,12400,2.912,20400,2.911,5000,2.91,16100,2.909,12000,2.908,17900,2.907,200,2.906,1000,2.918,2000,2.919,10500,2.92,35700,2.921,13100,2.925,2000,2.926,2700,2.928,10200,2.929,25600,2.93,38800,2.931,13600
2020-08-03 14:18:38.770,2.917,500.0,2.898,2.917306,2.922,2.906,2.916,23100,2.915,1700,2.914,14400,2.913,10000,2.912,2800,2.911,25000,2.91,16100,2.909,12000,2.908,17900,2.907,200,2.918,2000,2.919,10500,2.92,35700,2.921,13100,2.925,2000,2.926,2700,2.928,10200,2.929,25600,2.93,38800,2.931,13600
2020-08-03 14:18:47.590,2.918,2000.0,2.898,2.917307,2.922,2.906,2.916,23100,2.915,11700,2.914,14400,2.913,10000,2.912,2800,2.911,25000,2.91,16100,2.909,12000,2.908,17900,2.907,200,2.919,10500,2.92,35700,2.921,13100,2.925,2000,2.926,2700,2.928,10200,2.929,25600,2.93,38800,2.931,13600,2.932,1200
2020-08-03 14:19:05.420,2.919,10500.0,2.898,2.91732,2.924,2.906,2.919,9500,2.917,10000,2.916,23100,2.915,11700,2.914,14400,2.913,10000,2.912,2800,2.911,25000,2.91,30200,2.909,12000,2.92,35700,2.921,13100,2.925,2000,2.926,2700,2.928,10200,2.929,25600,2.93,38800,2.931,13600,2.932,1200,2.933,3900
2020-08-03 14:19:08.880,2.92,20000.0,2.898,2.917359,2.924,2.906,2.919,9500,2.917,10000,2.916,23100,2.915,11700,2.914,14400,2.913,10000,2.912,2800,2.911,25000,2.91,30200,2.909,12000,2.92,15700,2.921,13100,2.925,2000,2.926,2700,2.928,10200,2.929,25600,2.93,38800,2.931,13600,2.932,1200,2.933,3900
2020-08-03 14:20:24.520,2.917,5000.0,2.898,2.917358,2.92,2.906,2.917,5000,2.916,23100,2.915,1700,2.914,4400,2.912,3200,2.911,25000,2.91,30200,2.909,12000,2.908,17900,2.907,200,2.92,15700,2.921,13100,2.925,2000,2.926,2700,2.928,10200,2.929,25600,2.93,38800,2.931,13600,2.932,1200,2.933,3900
2020-08-03 14:20:28.950,2.917,1700.0,2.898,2.917357,2.918,2.906,2.917,3300,2.916,23100,2.915,1700,2.914,4400,2.912,3200,2.911,25000,2.91,30200,2.909,12000,2.908,17900,2.907,200,2.92,16600,2.921,13100,2.925,2000,2.926,2700,2.928,10200,2.929,25600,2.93,38800,2.931,13600,2.932,1200,2.933,3900
2020-08-03 14:22:04.130,2.92,3300.0,2.898,2.917364,2.915,2.906,2.919,117300,2.916,1100,2.915,1700,2.914,2400,2.912,3200,2.911,25000,2.91,30200,2.909,12000,2.908,17900,2.907,200,2.92,13300,2.921,13100,2.925,2000,2.926,2700,2.928,10200,2.929,25600,2.93,38800,2.931,13600,2.932,1200,2.933,3900
2020-08-03 14:22:18.000,2.919,2000.0,2.898,2.917366,2.916,2.906,2.919,115300,2.916,1100,2.914,2400,2.912,3200,2.911,25000,2.91,30200,2.909,12000,2.908,17900,2.907,200,2.906,1000,2.92,13300,2.921,13100,2.925,2000,2.926,2700,2.928,10200,2.929,25600,2.93,38800,2.931,13600,2.932,1200,2.933,3900
2020-08-03 14:23:53.640,2.919,5900.0,2.898,2.917373,2.915,2.906,2.919,109400,2.916,1100,2.914,2400,2.912,3200,2.911,25000,2.91,16100,2.909,12000,2.908,17900,2.907,200,2.906,1000,2.92,10800,2.921,13100,2.924,10000,2.925,2000,2.926,2700,2.928,10200,2.929,25600,2.93,38800,2.931,13600,2.932,1200
2020-08-03 14:23:56.730,2.92,10000.0,2.898,2.917392,2.915,2.906,2.919,109400,2.916,1100,2.914,2400,2.912,3200,2.911,25000,2.91,16100,2.909,12000,2.908,17900,2.907,200,2.906,1000,2.92,800,2.921,13100,2.924,10000,2.925,2000,2.926,2700,2.928,10200,2.929,25600,2.93,38800,2.931,13600,2.932,1200
2020-08-03 14:24:24.750,2.919,10000.0,2.898,2.9174029999999997,2.916,2.906,2.919,99400,2.916,1100,2.914,2400,2.912,3200,2.911,25000,2.91,16100,2.909,12000,2.908,17900,2.907,200,2.906,1000,2.92,5200,2.921,13100,2.924,10000,2.926,2700,2.928,10200,2.929,25600,2.93,38800,2.931,13600,2.932,1200,2.933,3900
2020-08-03 14:24:50.390,2.919,1300.0,2.898,2.917404,2.917,2.906,2.919,98100,2.916,1100,2.914,2400,2.912,3200,2.911,25000,2.91,16100,2.909,12000,2.908,17900,2.907,200,2.906,1000,2.92,5200,2.921,13100,2.924,10000,2.926,2700,2.928,10200,2.929,25600,2.93,38800,2.931,13600,2.932,1200,2.933,3900
2020-08-03 14:25:04.840,2.919,3400.0,2.898,2.917408,2.917,2.906,2.919,94700,2.916,1100,2.914,2400,2.912,3200,2.911,25000,2.91,16100,2.909,12000,2.908,17900,2.907,200,2.906,1000,2.92,55800,2.921,13100,2.924,10000,2.926,2700,2.928,10200,2.929,25600,2.93,38800,2.931,15600,2.932,1200,2.933,3900
2020-08-03 14:25:16.830,2.92,10000.0,2.898,2.917427,2.917,2.906,2.919,94700,2.916,1100,2.914,2400,2.912,3200,2.911,25000,2.91,16100,2.909,12000,2.908,17900,2.907,200,2.906,1000,2.92,45800,2.921,13100,2.924,10000,2.926,2700,2.928,10200,2.929,25600,2.93,38800,2.931,15600,2.932,1200,2.933,3900
2020-08-03 14:31:28.680,2.92,100.0,2.898,2.917427,2.92,2.906,2.919,94700,2.916,1100,2.914,12400,2.912,6200,2.911,25000,2.91,16600,2.909,12000,2.908,17900,2.907,200,2.906,1000,2.92,55700,2.921,13100,2.924,10000,2.926,2700,2.928,10200,2.929,25600,2.93,47800,2.931,15600,2.932,1200,2.933,3900
2020-08-03 14:31:31.430,2.92,400.0,2.898,2.917427,2.92,2.906,2.919,94700,2.916,1100,2.914,12400,2.912,6200,2.911,25000,2.91,16600,2.909,12000,2.908,17900,2.907,200,2.906,1000,2.92,55300,2.921,13100,2.924,10000,2.926,2700,2.928,10200,2.929,25600,2.93,47800,2.931,15600,2.932,1200,2.933,3900
2020-08-03 14:32:18.180,2.919,5000.0,2.898,2.9174330000000004,2.92,2.906,2.919,89700,2.918,14100,2.916,1100,2.914,2400,2.912,6200,2.911,25000,2.91,16600,2.909,12000,2.908,17900,2.907,200,2.92,55300,2.921,13100,2.924,10000,2.926,2700,2.928,10200,2.929,25600,2.93,47800,2.931,15600,2.932,1200,2.933,3900
2020-08-03 14:32:26.220,2.919,10000.0,2.898,2.9174439999999997,2.921,2.906,2.919,79700,2.918,14100,2.916,1100,2.914,2400,2.912,6200,2.911,25000,2.91,16600,2.909,12000,2.908,17900,2.907,200,2.92,55300,2.921,13100,2.924,10000,2.926,2700,2.928,10200,2.929,25600,2.93,47800,2.931,15600,2.932,1200,2.933,3900
2020-08-03 14:32:59.990,2.919,10000.0,2.898,2.917455,2.919,2.906,2.919,69700,2.918,14100,2.916,1100,2.914,2400,2.912,6200,2.911,25000,2.91,16600,2.909,12000,2.908,17900,2.907,200,2.92,58300,2.921,13100,2.924,10000,2.926,2700,2.928,8200,2.929,25600,2.93,47800,2.931,15600,2.932,1200,2.933,3900
2020-08-03 14:33:13.710,2.919,300.0,2.898,2.917455,2.92,2.906,2.919,69400,2.918,14100,2.916,1100,2.914,2400,2.912,6200,2.911,25000,2.91,16600,2.909,12000,2.908,17900,2.907,200,2.92,58300,2.921,13100,2.924,10000,2.926,2700,2.928,8200,2.929,25600,2.93,47800,2.931,15600,2.932,1200,2.933,3900
2020-08-03 14:33:37.390,2.919,10300.0,2.898,2.917466,2.919,2.906,2.919,59100,2.918,14100,2.916,1100,2.914,2400,2.912,6200,2.911,25000,2.91,16600,2.909,12000,2.908,17900,2.907,200,2.92,59300,2.921,13100,2.924,10000,2.926,2700,2.928,12200,2.929,25600,2.93,47800,2.931,15600,2.932,1200,2.933,3900
2020-08-03 14:33:49.820,2.919,16000.0,2.898,2.917482,2.919,2.906,2.919,43100,2.918,14100,2.916,100,2.914,2400,2.912,6200,2.911,25000,2.91,16600,2.909,12000,2.908,17900,2.907,200,2.92,14000,2.921,13100,2.924,10000,2.926,2700,2.928,12200,2.929,25600,2.93,47800,2.931,15600,2.932,1200,2.933,3900
2020-08-03 14:34:27.870,2.919,43100.0,2.898,2.9175259999999996,2.92,2.906,2.918,14100,2.916,100,2.914,2400,2.912,81600,2.911,25000,2.91,16600,2.909,12000,2.908,17900,2.907,200,2.906,1000,2.919,2200,2.92,14000,2.921,13100,2.924,10000,2.926,2700,2.928,12200,2.929,25600,2.93,47800,2.931,15600,2.932,1200
2020-08-03 14:37:07.840,2.918,10000.0,2.898,2.917529,2.923,2.906,2.918,4100,2.916,100,2.915,10000,2.914,12400,2.912,12300,2.911,25000,2.91,16100,2.909,12000,2.908,17900,2.907,200,2.919,2200,2.92,14000,2.921,13100,2.924,10000,2.926,2700,2.928,12200,2.929,25600,2.93,47800,2.931,15600,2.932,1200
2020-08-03 14:37:11.000,2.918,2100.0,2.898,2.917529,2.923,2.906,2.918,2000,2.916,100,2.915,10000,2.914,12400,2.912,12300,2.911,25000,2.91,16100,2.909,12000,2.908,17900,2.907,200,2.919,2200,2.92,14000,2.921,13100,2.924,10000,2.926,2700,2.928,12200,2.929,25600,2.93,47800,2.931,15600,2.932,1200
2020-08-03 14:38:49.220,2.919,1000.0,2.898,2.9175299999999997,2.924,2.906,2.918,2000,2.916,10100,2.915,10000,2.914,12400,2.912,12300,2.911,25000,2.91,16100,2.909,12000,2.908,17900,2.907,200,2.919,77100,2.92,14000,2.921,13100,2.924,10000,2.926,2700,2.928,12200,2.929,25600,2.93,47800,2.931,15600,2.932,1200
2020-08-03 14:41:20.630,2.919,11100.0,2.898,2.917541,2.925,2.906,2.918,15900,2.917,16100,2.916,10100,2.914,2400,2.912,6200,2.911,25000,2.91,16100,2.909,12000,2.908,17900,2.907,200,2.919,78000,2.92,14000,2.921,13100,2.924,10000,2.926,2700,2.928,12200,2.929,25600,2.93,47800,2.931,15600,2.932,1200
2020-08-03 14:42:31.990,2.919,3500.0,2.898,2.917544,2.925,2.906,2.918,2000,2.917,16100,2.916,10100,2.914,2400,2.912,6200,2.911,25000,2.91,16100,2.909,12000,2.908,17900,2.906,1000,2.919,76500,2.92,14000,2.921,13100,2.924,10000,2.926,2700,2.928,12200,2.929,25600,2.93,47800,2.931,15600,2.932,1200
2020-08-03 14:42:45.230,2.919,14200.0,2.898,2.917557,2.925,2.906,2.918,2000,2.917,6100,2.916,10100,2.914,2400,2.912,6200,2.911,25000,2.91,16100,2.909,12000,2.908,17900,2.906,1000,2.919,62300,2.92,14000,2.921,13100,2.924,10000,2.926,2700,2.928,12200,2.929,22600,2.93,47800,2.931,15600,2.932,1200
2020-08-03 14:43:19.190,2.918,2000.0,2.898,2.917558,2.926,2.906,2.918,200,2.917,16100,2.916,10100,2.914,2400,2.912,6200,2.911,25000,2.91,16100,2.909,12000,2.908,17900,2.906,1000,2.919,62300,2.92,13000,2.921,13100,2.924,10000,2.926,2700,2.928,12200,2.929,22600,2.93,47800,2.931,15600,2.932,1200
2020-08-03 14:43:31.550,2.919,200.0,2.898,2.917558,2.926,2.906,2.918,10200,2.917,16100,2.916,10100,2.914,2400,2.912,6200,2.911,25000,2.91,16100,2.909,12000,2.908,17900,2.906,1000,2.919,62100,2.92,13000,2.921,13100,2.924,10000,2.926,2700,2.928,12200,2.929,22600,2.93,47800,2.931,15600,2.932,1200
2020-08-03 14:43:42.540,2.919,62100.0,2.898,2.9176130000000002,2.927,2.906,2.919,68800,2.918,10200,2.917,16100,2.916,10100,2.914,2400,2.912,6200,2.911,25000,2.91,16100,2.909,12000,2.908,17900,2.92,13000,2.921,13100,2.924,10000,2.926,2700,2.928,12200,2.929,22600,2.93,47800,2.931,15600,2.932,1200,2.933,3900
2020-08-03 14:43:51.100,2.92,13000.0,2.898,2.917632,2.927,2.906,2.92,17000,2.919,1500,2.918,10200,2.917,16100,2.916,10100,2.914,2400,2.912,6200,2.911,25000,2.91,16100,2.909,12000,2.921,13100,2.924,10000,2.926,2700,2.928,12200,2.929,22600,2.93,47800,2.931,15600,2.932,1200,2.933,3900,2.934,200
2020-08-03 14:44:24.040,2.921,10000.0,2.898,2.917653,2.927,2.906,2.92,17000,2.919,11500,2.918,10200,2.917,16800,2.916,100,2.914,2400,2.912,6200,2.911,25000,2.91,16100,2.909,12000,2.921,3100,2.924,10000,2.926,2700,2.928,12200,2.929,22600,2.93,47800,2.931,15600,2.932,1200,2.933,3900,2.934,200
2020-08-03 14:44:40.900,2.921,1500.0,2.898,2.917656,2.928,2.906,2.92,17000,2.919,10000,2.918,10200,2.917,16800,2.916,100,2.914,2400,2.912,6200,2.911,25000,2.91,16100,2.909,12000,2.921,1600,2.924,10000,2.926,2700,2.928,12200,2.929,22600,2.93,47800,2.931,15600,2.932,1200,2.933,3900,2.934,200
2020-08-03 14:44:49.040,2.921,700.0,2.898,2.917657,2.928,2.906,2.92,27000,2.919,10000,2.918,10200,2.917,10700,2.916,100,2.914,2400,2.912,6200,2.911,25000,2.91,16100,2.909,12000,2.921,900,2.924,10000,2.926,2700,2.928,12200,2.929,22600,2.93,47800,2.931,15600,2.932,1200,2.933,3900,2.934,200
2020-08-03 14:45:29.850,2.921,900.0,2.898,2.917659,2.929,2.906,2.92,37000,2.919,10000,2.918,15200,2.917,6800,2.916,100,2.914,2400,2.912,6200,2.911,25000,2.91,16100,2.909,12000,2.924,10000,2.926,2700,2.928,12200,2.929,22600,2.93,47800,2.931,15600,2.932,1200,2.933,3900,2.934,200,2.935,38600
2020-08-03 14:47:34.360,2.924,10000.0,2.898,2.917697,2.932,2.906,2.92,45400,2.919,10000,2.918,15200,2.916,100,2.914,2400,2.912,6200,2.911,25000,2.91,16100,2.909,12000,2.908,17900,2.926,2700,2.928,12200,2.929,27600,2.93,45800,2.931,15600,2.932,1200,2.933,3900,2.934,200,2.935,38600,2.938,4900
2020-08-03 14:48:06.280,2.92,7000.0,2.898,2.917723,2.933,2.906,2.92,51700,2.919,10000,2.918,15200,2.916,100,2.914,2400,2.912,6200,2.911,25000,2.91,16100,2.909,12000,2.908,17900,2.926,4500,2.928,12200,2.929,27600,2.93,45800,2.931,15600,2.932,1200,2.933,3900,2.934,200,2.935,38600,2.938,4900
2020-08-03 14:48:54.120,2.926,4500.0,2.898,2.9177459999999997,2.933,2.906,2.926,30000,2.925,10000,2.92,41700,2.918,5200,2.916,100,2.914,2400,2.912,3800,2.911,25000,2.91,16100,2.909,10000,2.928,12200,2.929,27600,2.93,45800,2.931,15600,2.932,1200,2.933,3900,2.934,200,2.935,38600,2.938,4900,2.939,7000
2020-08-03 14:49:16.340,2.927,5000.0,2.898,2.917773,2.934,2.906,2.927,900,2.926,47100,2.925,10000,2.92,41700,2.918,200,2.916,100,2.914,2400,2.912,3800,2.911,25000,2.91,16100,2.928,12500,2.929,27600,2.93,45800,2.931,15600,2.932,1200,2.933,3900,2.934,200,2.935,38600,2.938,4900,2.939,7000
2020-08-03 14:49:30.340,2.928,12500.0,2.898,2.9178490000000004,2.934,2.906,2.927,900,2.926,47100,2.925,10000,2.92,41700,2.918,200,2.916,100,2.914,2400,2.912,3800,2.911,25000,2.91,16100,2.928,5000,2.929,27600,2.93,45800,2.931,15600,2.932,1200,2.933,3900,2.934,200,2.935,38600,2.938,4900,2.939,7000
2020-08-03 14:50:15.370,2.927,10900.0,2.898,2.917907,2.934,2.906,2.926,47100,2.925,10000,2.92,35000,2.918,200,2.916,100,2.914,2400,2.912,3800,2.911,25000,2.91,16100,2.909,10000,2.927,5100,2.928,5300,2.929,27600,2.93,51200,2.931,15600,2.932,1200,2.933,3900,2.934,200,2.935,38600,2.938,4900
2020-08-03 14:50:35.470,2.927,5400.0,2.898,2.917936,2.934,2.906,2.927,11700,2.926,30000,2.925,10000,2.92,35000,2.918,200,2.916,100,2.914,2400,2.912,3800,2.911,25000,2.91,16100,2.928,5300,2.929,27600,2.93,51200,2.931,15600,2.932,1200,2.933,3900,2.934,200,2.935,38600,2.938,4900,2.939,7000
2020-08-03 14:50:40.270,2.927,300.0,2.898,2.917938,2.933,2.906,2.927,11400,2.925,10000,2.92,28900,2.918,200,2.916,100,2.914,2400,2.912,3800,2.911,25000,2.91,16100,2.909,10000,2.928,5300,2.929,27600,2.93,64500,2.931,15600,2.932,1200,2.933,3900,2.934,200,2.935,38600,2.938,4900,2.939,7000
2020-08-03 14:50:43.630,2.927,1000.0,2.898,2.917943,2.933,2.906,2.927,10400,2.925,10000,2.92,28900,2.918,200,2.916,100,2.914,2400,2.912,3800,2.911,25000,2.91,16100,2.909,10000,2.928,5300,2.929,27600,2.93,64500,2.931,15600,2.932,1200,2.933,3900,2.934,200,2.935,38600,2.938,4900,2.939,7000
2020-08-03 14:51:17.310,2.927,1000.0,2.898,2.917948,2.933,2.906,2.927,9400,2.924,10000,2.92,28900,2.918,200,2.916,100,2.914,2400,2.912,3800,2.911,25000,2.91,16100,2.909,10000,2.928,17100,2.929,27600,2.93,64500,2.931,15600,2.932,1200,2.933,3900,2.934,200,2.935,38600,2.938,4900,2.939,7000
2020-08-03 14:51:25.180,2.927,5000.0,2.898,2.917975,2.933,2.906,2.927,4400,2.924,10000,2.92,28900,2.918,200,2.916,100,2.914,2400,2.912,3800,2.911,5000,2.91,16100,2.909,10000,2.928,17100,2.929,27600,2.93,64500,2.931,15600,2.932,1200,2.933,3900,2.934,200,2.935,38600,2.938,4900,2.939,7000
2020-08-03 14:51:45.370,2.927,4400.0,2.898,2.917998,2.933,2.906,2.925,10000,2.924,10000,2.92,28900,2.918,200,2.916,100,2.914,2400,2.912,3800,2.911,5000,2.91,16100,2.909,10000,2.927,600,2.928,17100,2.929,27600,2.93,64500,2.931,15600,2.932,1200,2.933,3900,2.934,200,2.935,38600,2.938,4900
2020-08-03 14:52:09.720,2.925,18700.0,2.898,2.918078,2.933,2.906,2.924,10000,2.92,28900,2.918,200,2.916,100,2.914,2400,2.912,3800,2.91,16100,2.909,10000,2.908,17900,2.906,1000,2.925,12800,2.927,600,2.928,17100,2.929,27600,2.93,64500,2.931,15600,2.932,1200,2.933,3900,2.934,200,2.935,38600
2020-08-03 14:52:17.960,2.925,10000.0,2.898,2.918118,2.933,2.906,2.924,10000,2.92,28900,2.918,200,2.916,100,2.914,2400,2.912,3800,2.91,16100,2.909,10000,2.908,17900,2.906,1000,2.925,2800,2.927,600,2.928,17100,2.929,27600,2.93,64500,2.931,15600,2.932,1200,2.933,3900,2.934,200,2.935,38600
2020-08-03 14:52:42.230,2.925,4800.0,2.898,2.9181369999999998,2.933,2.906,2.925,25200,2.924,10000,2.92,28900,2.918,200,2.916,100,2.914,2400,2.912,3800,2.91,16100,2.909,10000,2.908,17900,2.927,600,2.928,17100,2.929,27600,2.93,64500,2.931,15600,2.932,1200,2.933,3900,2.934,200,2.935,38600,2.938,4900
2020-08-03 14:53:49.990,2.925,800.0,2.898,2.91814,2.932,2.906,2.924,10000,2.92,28900,2.918,200,2.916,100,2.914,2400,2.912,3800,2.91,16100,2.909,10000,2.908,17900,2.906,1000,2.925,9200,2.926,4000,2.927,2200,2.928,12100,2.929,27600,2.93,57200,2.931,15600,2.932,1200,2.933,3900,2.934,200
2020-08-03 14:53:56.080,2.925,2000.0,2.898,2.918148,2.932,2.906,2.924,10000,2.92,28900,2.918,200,2.916,100,2.914,2400,2.912,3800,2.91,16100,2.909,10000,2.908,17900,2.906,1000,2.925,9500,2.926,4000,2.927,2200,2.928,12100,2.929,27600,2.93,57200,2.931,15600,2.932,1200,2.933,3900,2.934,200
2020-08-03 14:54:23.390,2.925,12500.0,2.898,2.918196,2.933,2.906,2.925,188300,2.924,10000,2.92,28900,2.918,200,2.916,100,2.914,2400,2.912,3800,2.91,16100,2.909,10000,2.908,17900,2.926,4000,2.927,7200,2.928,12100,2.929,22600,2.93,57200,2.931,15600,2.932,1200,2.933,3900,2.934,200,2.935,38600
2020-08-03 14:54:55.860,2.925,1000.0,2.898,2.9182,2.934,2.906,2.924,10000,2.92,28900,2.918,200,2.916,100,2.914,2400,2.912,3800,2.91,16100,2.909,10000,2.908,17900,2.906,1000,2.925,3000,2.926,4000,2.927,7200,2.928,12100,2.929,22600,2.93,57200,2.931,15600,2.932,1200,2.933,3900,2.934,200
2020-08-03 14:55:01.510,2.925,3000.0,2.898,2.918212,2.934,2.906,2.925,27000,2.924,10000,2.92,28900,2.918,200,2.916,100,2.914,2400,2.912,3800,2.91,16100,2.909,10000,2.908,17900,2.926,4000,2.927,7200,2.928,12100,2.929,22600,2.93,57200,2.931,15600,2.932,1200,2.933,3900,2.934,200,2.935,38600
2020-08-03 14:55:05.410,2.925,2000.0,2.898,2.9182189999999997,2.934,2.906,2.925,213300,2.924,10000,2.92,28900,2.918,200,2.916,100,2.914,2400,2.912,3800,2.91,16100,2.909,10000,2.908,17900,2.926,4000,2.927,7200,2.928,12100,2.929,22600,2.93,57200,2.931,15600,2.932,1200,2.933,3900,2.934,200,2.935,38600
2020-08-03 14:55:09.770,2.926,4000.0,2.898,2.918237,2.934,2.906,2.926,184300,2.925,25000,2.924,10000,2.92,28900,2.918,200,2.916,100,2.914,2400,2.912,3800,2.91,16100,2.909,10000,2.927,7200,2.928,12100,2.929,22600,2.93,57200,2.931,15600,2.932,1200,2.933,3900,2.934,200,2.935,38600,2.938,4900
2020-08-03 14:55:19.330,2.927,1000.0,2.898,2.918242,2.934,2.906,2.926,184300,2.925,25000,2.924,10000,2.92,28900,2.918,200,2.917,6800,2.916,100,2.914,2400,2.912,3800,2.91,16100,2.927,6200,2.928,12100,2.929,22600,2.93,57200,2.931,15600,2.932,1200,2.933,3900,2.934,200,2.935,38600,2.938,4900
2020-08-03 14:55:41.100,2.926,10000.0,2.898,2.918285,2.934,2.906,2.926,174300,2.921,30000,2.92,28900,2.918,200,2.916,100,2.914,2400,2.912,3800,2.91,16100,2.909,10000,2.908,17900,2.927,6200,2.928,12100,2.929,22600,2.93,61200,2.931,15600,2.932,1200,2.933,3900,2.934,200,2.935,38600,2.938,4900
2020-08-03 14:56:40.380,2.926,3000.0,2.898,2.918298,2.934,2.906,2.924,5000,2.923,10000,2.921,30000,2.92,28900,2.918,200,2.916,100,2.914,2400,2.912,3800,2.91,16100,2.909,10000,2.926,9400,2.927,75200,2.928,12100,2.929,22400,2.93,60800,2.931,15600,2.932,1200,2.933,3900,2.935,38600,2.938,4900
2020-08-03 14:57:01.330,2.927,88000.0,2.898,2.918699,2.934,2.906,2.927,86300,2.924,5000,2.923,10000,2.921,30000,2.92,28900,2.918,200,2.916,100,2.914,2400,2.912,3800,2.91,16100,2.928,12100,2.929,22400,2.93,60800,2.931,15600,2.932,1200,2.933,3900,2.935,38600,2.938,4900,2.939,7000,2.94,10400
2020-08-03 14:57:22.640,2.928,1000.0,2.898,2.918704,2.934,2.906,2.924,15000,2.923,10000,2.921,30000,2.92,28900,2.918,200,2.916,100,2.914,2400,2.912,3800,2.91,16100,2.909,10000,2.928,11100,2.929,22400,2.93,60800,2.931,15600,2.932,1200,2.933,3900,2.935,38600,2.938,4900,2.939,7000,2.94,10400
2020-08-03 14:58:30.060,2.93,52200.0,2.898,2.918972,2.934,2.906,2.924,12100,2.922,2200,2.921,30000,2.92,28900,2.918,200,2.916,1100,2.914,2400,2.912,3800,2.91,16100,2.909,10000,2.93,55800,2.931,15600,2.932,1200,2.933,3900,2.935,38600,2.938,4900,2.939,7000,2.94,10400,2.946,100,2.949,5000
