Datetime,Price,Volume
2020-11-05 09:25:00.740,3.418,1700
2020-11-05 09:25:00.740,3.418,1300
2020-11-05 09:25:00.740,3.418,500
2020-11-05 09:25:00.740,3.418,2600
2020-11-05 09:25:00.740,3.418,45500
2020-11-05 09:25:00.740,3.418,100
2020-11-05 09:25:00.740,3.418,10000
2020-11-05 09:25:00.740,3.418,22000
2020-11-05 09:25:00.740,3.418,500
2020-11-05 09:25:00.740,3.418,5000
2020-11-05 09:25:00.740,3.418,30000
2020-11-05 09:25:00.740,3.418,1000
2020-11-05 09:25:00.740,3.418,1800
2020-11-05 09:25:00.740,3.418,30000
2020-11-05 09:25:00.740,3.418,10100
2020-11-05 09:25:00.740,3.418,100
2020-11-05 09:25:00.740,3.418,3600
2020-11-05 09:25:00.740,3.418,20000
2020-11-05 09:25:00.740,3.418,1000
2020-11-05 09:25:00.740,3.418,47800
2020-11-05 09:25:00.740,3.418,10000
2020-11-05 09:25:00.740,3.418,100
2020-11-05 09:25:00.740,3.418,100
2020-11-05 09:25:00.740,3.418,3000
2020-11-05 09:25:00.740,3.418,8300
2020-11-05 09:25:00.740,3.418,1800
2020-11-05 09:25:00.740,3.418,100
2020-11-05 09:25:00.740,3.418,600
2020-11-05 09:25:00.740,3.418,300
2020-11-05 09:25:00.740,3.418,1000
2020-11-05 09:25:00.740,3.418,100
2020-11-05 09:25:00.740,3.418,200
2020-11-05 09:25:00.740,3.418,100
2020-11-05 09:25:00.740,3.418,10000
2020-11-05 09:25:00.740,3.418,77500
2020-11-05 09:25:00.740,3.418,28000
2020-11-05 09:25:00.740,3.418,19000
2020-11-05 09:25:00.740,3.418,8200
2020-11-05 09:25:00.740,3.418,100
2020-11-05 09:25:00.740,3.418,300
2020-11-05 09:25:00.740,3.418,100
2020-11-05 09:25:00.740,3.418,100
2020-11-05 09:25:00.740,3.418,10000
2020-11-05 09:25:00.740,3.418,10000
2020-11-05 09:25:00.740,3.418,10000
2020-11-05 09:25:00.740,3.418,100
2020-11-05 09:25:00.740,3.418,200
2020-11-05 09:25:00.740,3.418,100
2020-11-05 09:25:00.740,3.418,5000
2020-11-05 09:25:00.740,3.418,10000
2020-11-05 09:25:00.740,3.418,10000
2020-11-05 09:25:00.740,3.418,100
2020-11-05 09:25:00.740,3.418,100
2020-11-05 09:25:00.740,3.418,10000
2020-11-05 09:25:00.740,3.418,2000
2020-11-05 09:25:00.740,3.418,10000
2020-11-05 09:25:00.740,3.418,10000
2020-11-05 09:25:00.740,3.418,100
2020-11-05 09:25:00.740,3.418,2000
2020-11-05 09:25:00.740,3.418,10000
2020-11-05 09:25:00.740,3.418,2000
2020-11-05 09:25:00.740,3.418,2000
2020-11-05 09:25:00.740,3.418,5000
2020-11-05 09:25:00.740,3.418,10000
2020-11-05 09:25:00.740,3.418,100
2020-11-05 09:25:00.740,3.418,8800
2020-11-05 09:25:00.740,3.418,2000
2020-11-05 09:25:00.740,3.418,3000
2020-11-05 09:25:00.740,3.418,200
2020-11-05 09:25:00.740,3.418,10000
2020-11-05 09:25:00.740,3.418,9900
2020-11-05 09:25:00.740,3.418,10100
2020-11-05 09:25:00.740,3.418,2000
2020-11-05 09:25:00.740,3.418,100
2020-11-05 09:25:00.740,3.418,700
2020-11-05 09:25:00.740,3.418,2000
2020-11-05 09:25:00.740,3.418,100
2020-11-05 09:25:00.740,3.418,15000
2020-11-05 09:25:00.740,3.418,700
2020-11-05 09:25:00.740,3.418,3000
2020-11-05 09:25:00.740,3.418,1500
2020-11-05 09:25:00.740,3.418,10000
2020-11-05 09:25:00.740,3.418,100
2020-11-05 09:25:00.740,3.418,2000
2020-11-05 09:25:00.740,3.418,8000
2020-11-05 09:25:00.740,3.418,8000
2020-11-05 09:25:00.740,3.418,600
2020-11-05 09:25:00.740,3.418,100
2020-11-05 09:25:00.740,3.418,10000
2020-11-05 09:25:00.740,3.418,2000
2020-11-05 09:25:00.740,3.418,10000
2020-11-05 09:25:00.740,3.418,100
2020-11-05 09:25:00.740,3.418,11000
2020-11-05 09:25:00.740,3.418,100
2020-11-05 09:25:00.740,3.418,2000
2020-11-05 09:25:00.740,3.418,7700
2020-11-05 09:25:00.740,3.418,600
2020-11-05 09:25:00.740,3.418,5000
2020-11-05 09:25:00.740,3.418,100
2020-11-05 09:25:00.740,3.418,200
2020-11-05 09:25:00.740,3.418,10000
2020-11-05 09:25:00.740,3.418,10000
2020-11-05 09:25:00.740,3.418,2000
2020-11-05 09:25:00.740,3.418,2000
2020-11-05 09:25:00.740,3.418,100
2020-11-05 09:25:00.740,3.418,2000
2020-11-05 09:25:00.740,3.418,100
2020-11-05 09:25:00.740,3.418,1000
2020-11-05 09:25:00.740,3.418,2000
2020-11-05 09:25:00.740,3.418,100
2020-11-05 09:25:00.740,3.418,3300
2020-11-05 09:25:00.740,3.418,4600
2020-11-05 09:25:00.740,3.418,500
2020-11-05 09:25:00.740,3.418,1000
2020-11-05 09:25:00.740,3.418,100
2020-11-05 09:25:00.740,3.418,200
2020-11-05 09:25:00.740,3.418,10000
2020-11-05 09:25:00.740,3.418,1600
2020-11-05 09:25:00.740,3.418,2000
2020-11-05 09:25:00.740,3.418,5000
2020-11-05 09:25:00.740,3.418,2000
2020-11-05 09:25:00.740,3.418,10000
2020-11-05 09:25:00.740,3.418,1000
2020-11-05 09:25:00.740,3.418,100
2020-11-05 09:25:00.740,3.418,2000
2020-11-05 09:25:00.740,3.418,3300
2020-11-05 09:25:00.740,3.418,10000
2020-11-05 09:25:00.740,3.418,4000
2020-11-05 09:25:00.740,3.418,100
2020-11-05 09:25:00.740,3.418,6000
2020-11-05 09:25:00.740,3.418,10000
2020-11-05 09:25:00.740,3.418,300
2020-11-05 09:25:00.740,3.418,1000
2020-11-05 09:25:00.740,3.418,10000
2020-11-05 09:25:00.740,3.418,2000
2020-11-05 09:25:00.740,3.418,1300
2020-11-05 09:25:00.740,3.418,2600
2020-11-05 09:25:00.740,3.418,5000
2020-11-05 09:25:00.740,3.418,600
2020-11-05 09:25:00.740,3.418,13600
2020-11-05 09:25:00.740,3.418,300
2020-11-05 09:25:00.740,3.418,100
2020-11-05 09:25:00.740,3.418,8000
2020-11-05 09:25:00.740,3.418,5000
2020-11-05 09:25:00.740,3.418,3000
2020-11-05 09:25:00.740,3.418,300
2020-11-05 09:25:00.740,3.418,1000
2020-11-05 09:25:00.740,3.418,300
2020-11-05 09:25:00.740,3.418,6500
2020-11-05 09:25:00.740,3.418,2900
2020-11-05 09:25:00.740,3.418,6000
2020-11-05 09:25:00.740,3.418,4600
2020-11-05 09:25:00.740,3.418,3000
2020-11-05 09:25:00.740,3.418,5400
2020-11-05 09:25:00.740,3.418,1600
2020-11-05 09:25:00.740,3.418,2000
2020-11-05 09:25:00.740,3.418,300
2020-11-05 09:25:00.740,3.418,5000
2020-11-05 09:25:00.740,3.418,1700
2020-11-05 09:25:00.740,3.418,900
2020-11-05 09:25:00.740,3.418,9100
2020-11-05 09:25:00.740,3.418,10900
2020-11-05 09:25:00.740,3.418,7400
2020-11-05 09:25:00.740,3.418,1000
2020-11-05 09:25:00.740,3.418,5000
2020-11-05 09:25:00.740,3.418,3000
2020-11-05 09:25:00.740,3.418,8000
2020-11-05 09:25:00.740,3.418,12600
2020-11-05 09:25:00.740,3.418,5000
2020-11-05 09:25:00.740,3.418,1500
2020-11-05 09:25:00.740,3.418,100
2020-11-05 09:25:00.740,3.418,66400
2020-11-05 09:25:00.740,3.418,6000
2020-11-05 09:25:00.740,3.418,6000
2020-11-05 09:25:00.740,3.418,10000
2020-11-05 09:25:00.740,3.418,5200
2020-11-05 09:25:00.740,3.418,2000
2020-11-05 09:25:00.740,3.418,1000
2020-11-05 09:25:00.740,3.418,10000
2020-11-05 09:25:00.740,3.418,1600
2020-11-05 09:25:00.740,3.418,100
2020-11-05 09:25:00.740,3.418,100
2020-11-05 09:25:00.740,3.418,3000
2020-11-05 09:25:00.740,3.418,1500
2020-11-05 09:25:00.740,3.418,1500
2020-11-05 09:25:00.740,3.418,100
2020-11-05 09:25:00.740,3.418,5000
2020-11-05 09:25:00.740,3.418,3000
2020-11-05 09:25:00.740,3.418,300
2020-11-05 09:25:00.740,3.418,100
2020-11-05 09:25:00.740,3.418,700
2020-11-05 09:25:00.740,3.418,3000
2020-11-05 09:25:00.740,3.418,26500
2020-11-05 09:25:00.740,3.418,3000
2020-11-05 09:25:00.740,3.418,10000
2020-11-05 09:25:00.740,3.418,9900
2020-11-05 09:25:00.740,3.418,2400
2020-11-05 09:25:00.740,3.418,7700
2020-11-05 09:25:00.740,3.418,1000
2020-11-05 09:25:00.740,3.418,1500
2020-11-05 09:25:00.740,3.418,100
2020-11-05 09:25:00.740,3.418,100
2020-11-05 09:25:00.740,3.418,700
2020-11-05 09:25:00.740,3.418,1400
2020-11-05 09:25:00.740,3.418,4000
2020-11-05 09:25:00.740,3.418,4000
2020-11-05 09:25:00.740,3.418,1500
2020-11-05 09:25:00.740,3.418,10000
2020-11-05 09:25:00.740,3.418,4000
2020-11-05 09:25:00.740,3.418,5000
2020-11-05 09:25:00.740,3.418,1800
2020-11-05 09:25:00.740,3.418,4000
2020-11-05 09:25:00.740,3.418,400
2020-11-05 09:25:00.740,3.418,11700
2020-11-05 09:25:00.740,3.418,10000
2020-11-05 09:25:00.740,3.418,100
2020-11-05 09:25:00.740,3.418,500
2020-11-05 09:25:00.740,3.418,1000
2020-11-05 09:25:00.740,3.418,2000
2020-11-05 09:25:00.740,3.418,2900
2020-11-05 09:25:00.740,3.418,2000
2020-11-05 09:25:00.740,3.418,5000
2020-11-05 09:25:00.740,3.418,2100
2020-11-05 09:25:00.740,3.418,1000
2020-11-05 09:25:00.740,3.418,42000
2020-11-05 09:25:00.740,3.418,4900
2020-11-05 09:25:00.740,3.418,2300
2020-11-05 09:25:00.740,3.418,100
2020-11-05 09:25:00.740,3.418,100
2020-11-05 09:25:00.740,3.418,600
2020-11-05 09:25:00.740,3.418,6000
2020-11-05 09:25:00.740,3.418,10000
2020-11-05 09:25:00.740,3.418,2000
2020-11-05 09:25:00.740,3.418,800
2020-11-05 09:25:00.740,3.418,600
2020-11-05 09:25:00.740,3.418,200
2020-11-05 09:25:00.740,3.418,19200
2020-11-05 09:25:00.740,3.418,10800
2020-11-05 09:25:00.740,3.418,48600
2020-11-05 09:25:00.740,3.418,5000
2020-11-05 09:25:00.740,3.418,500
2020-11-05 09:25:00.740,3.418,500
2020-11-05 09:25:00.740,3.418,200
2020-11-05 09:25:00.740,3.418,5000
2020-11-05 09:25:00.740,3.418,5000
2020-11-05 09:25:00.740,3.418,13000
2020-11-05 09:25:00.740,3.418,100
2020-11-05 09:25:00.740,3.418,3000
2020-11-05 09:25:00.740,3.418,5000
2020-11-05 09:25:00.740,3.418,6300
2020-11-05 09:25:00.740,3.418,7800
2020-11-05 09:25:00.740,3.418,3000
2020-11-05 09:25:00.740,3.418,10000
2020-11-05 09:25:00.740,3.418,2000
2020-11-05 09:25:00.740,3.418,300
2020-11-05 09:25:00.740,3.418,96900
2020-11-05 09:25:00.740,3.418,10000
2020-11-05 09:25:00.740,3.418,1000
2020-11-05 09:25:00.740,3.418,3000
2020-11-05 09:25:00.740,3.418,6000
2020-11-05 09:25:00.740,3.418,500
2020-11-05 09:25:00.740,3.418,100
2020-11-05 09:25:00.740,3.418,4000
2020-11-05 09:25:00.740,3.418,1600
2020-11-05 09:25:00.740,3.418,2500
2020-11-05 09:25:00.740,3.418,1000
2020-11-05 09:25:00.740,3.418,2000
2020-11-05 09:25:00.740,3.418,6000
2020-11-05 09:25:00.740,3.418,600
2020-11-05 09:25:00.740,3.418,5000
2020-11-05 09:25:00.740,3.418,100
2020-11-05 09:25:00.740,3.418,3000
2020-11-05 09:25:00.740,3.418,10000
2020-11-05 09:25:00.740,3.418,100
2020-11-05 09:25:00.740,3.418,200
2020-11-05 09:25:00.740,3.418,4200
2020-11-05 09:25:00.740,3.418,10000
2020-11-05 09:25:00.740,3.418,2000
2020-11-05 09:25:00.740,3.418,2000
2020-11-05 09:25:00.740,3.418,100
2020-11-05 09:25:00.740,3.418,100
2020-11-05 09:25:00.740,3.418,300
2020-11-05 09:25:00.740,3.418,2000
2020-11-05 09:25:00.740,3.418,100
2020-11-05 09:25:00.740,3.418,11000
2020-11-05 09:25:00.740,3.418,3200
2020-11-05 09:25:00.740,3.418,100
2020-11-05 09:25:00.740,3.418,10000
2020-11-05 09:25:00.740,3.418,100
2020-11-05 09:25:00.740,3.418,2000
2020-11-05 09:25:00.740,3.418,2000
2020-11-05 09:25:00.740,3.418,5000
2020-11-05 09:25:00.740,3.418,3900
2020-11-05 09:25:00.740,3.418,100
2020-11-05 09:25:00.740,3.418,7400
2020-11-05 09:25:00.740,3.418,5000
2020-11-05 09:25:00.740,3.418,20000
2020-11-05 09:25:00.740,3.418,5000
2020-11-05 09:25:00.740,3.418,100
2020-11-05 09:25:00.740,3.418,200
2020-11-05 09:25:00.740,3.418,2000
2020-11-05 09:25:00.740,3.418,5000
2020-11-05 09:25:00.740,3.418,6000
2020-11-05 09:25:00.740,3.418,10000
2020-11-05 09:25:00.740,3.418,500
2020-11-05 09:25:00.740,3.418,1500
2020-11-05 09:25:00.740,3.418,1500
2020-11-05 09:25:00.740,3.418,100
2020-11-05 09:25:00.740,3.418,10000
2020-11-05 09:25:00.740,3.418,100
2020-11-05 09:25:00.740,3.418,6000
2020-11-05 09:25:00.740,3.418,5000
2020-11-05 09:25:00.740,3.418,8000
2020-11-05 09:25:00.740,3.418,2000
2020-11-05 09:25:00.740,3.418,1100
2020-11-05 09:25:00.740,3.418,10000
2020-11-05 09:25:00.740,3.418,1500
2020-11-05 09:25:00.740,3.418,7000
2020-11-05 09:25:00.740,3.418,100
2020-11-05 09:25:00.740,3.418,8000
2020-11-05 09:25:00.740,3.418,10000
2020-11-05 09:25:00.740,3.418,5000
2020-11-05 09:25:00.740,3.418,10000
2020-11-05 09:25:00.740,3.418,20000
2020-11-05 09:25:00.740,3.418,600
2020-11-05 09:25:00.740,3.418,100
2020-11-05 09:25:00.740,3.418,3000
2020-11-05 09:25:00.740,3.418,8000
2020-11-05 09:25:00.740,3.418,2000
2020-11-05 09:25:00.740,3.418,2300
2020-11-05 09:25:00.740,3.418,100
2020-11-05 09:25:00.740,3.418,4000
2020-11-05 09:25:00.740,3.418,10000
2020-11-05 09:25:00.740,3.418,100
2020-11-05 09:25:00.740,3.418,8000
2020-11-05 09:25:00.740,3.418,100
2020-11-05 09:25:00.740,3.418,1000
2020-11-05 09:25:00.740,3.418,500
2020-11-05 09:25:00.740,3.418,2500
2020-11-05 09:25:00.740,3.418,600
2020-11-05 09:25:00.740,3.418,10000
2020-11-05 09:25:00.740,3.418,8000
2020-11-05 09:25:00.740,3.418,21000
2020-11-05 09:25:00.740,3.418,5000
2020-11-05 09:25:00.740,3.418,2000
2020-11-05 09:25:00.740,3.418,20000
2020-11-05 09:25:00.740,3.418,1000
2020-11-05 09:25:00.740,3.418,15000
2020-11-05 09:25:00.740,3.418,100
2020-11-05 09:25:00.740,3.418,1000
2020-11-05 09:25:00.740,3.418,5000
2020-11-05 09:25:00.740,3.418,300
2020-11-05 09:25:00.740,3.418,1000
2020-11-05 09:25:00.740,3.418,1000
2020-11-05 09:25:00.740,3.418,300
2020-11-05 09:25:00.740,3.418,2000
2020-11-05 09:25:00.740,3.418,2000
2020-11-05 09:25:00.740,3.418,1000
2020-11-05 09:25:00.740,3.418,1000
2020-11-05 09:25:00.740,3.418,500
2020-11-05 09:25:00.740,3.418,6000
2020-11-05 09:25:00.740,3.418,3000
2020-11-05 09:25:00.740,3.418,2000
2020-11-05 09:25:00.740,3.418,32600
2020-11-05 09:25:00.740,3.418,200
2020-11-05 09:25:00.740,3.418,2000
2020-11-05 09:25:00.740,3.418,11000
2020-11-05 09:25:00.740,3.418,200
2020-11-05 09:25:00.740,3.418,1000
2020-11-05 09:25:00.740,3.418,500
2020-11-05 09:25:00.740,3.418,10000
2020-11-05 09:25:00.740,3.418,400
2020-11-05 09:25:00.740,3.418,100
2020-11-05 09:25:00.740,3.418,10000
2020-11-05 09:25:00.740,3.418,100
2020-11-05 09:25:00.740,3.418,2000
2020-11-05 09:25:00.740,3.418,3000
2020-11-05 09:25:00.740,3.418,100
2020-11-05 09:25:00.740,3.418,200
2020-11-05 09:25:00.740,3.418,10000
2020-11-05 09:25:00.740,3.418,10100
2020-11-05 09:25:00.740,3.418,100
2020-11-05 09:25:00.740,3.418,10000
2020-11-05 09:25:00.740,3.418,700
2020-11-05 09:25:00.740,3.418,2000
2020-11-05 09:25:00.740,3.418,20000
2020-11-05 09:25:00.740,3.418,1600
2020-11-05 09:25:00.740,3.418,2400
2020-11-05 09:25:00.740,3.418,900
2020-11-05 09:25:00.740,3.418,100000
2020-11-05 09:25:00.740,3.418,20000
2020-11-05 09:25:00.740,3.418,9000
2020-11-05 09:25:00.740,3.418,600
2020-11-05 09:25:00.740,3.418,100
2020-11-05 09:25:00.740,3.418,1000
2020-11-05 09:25:00.740,3.418,10000
2020-11-05 09:25:00.740,3.418,1000
2020-11-05 09:25:00.740,3.418,500
2020-11-05 09:25:00.740,3.418,2000
2020-11-05 09:25:00.740,3.418,300
2020-11-05 09:25:00.740,3.418,800
2020-11-05 09:25:00.740,3.418,2000
2020-11-05 09:25:00.740,3.418,40000
2020-11-05 09:25:00.740,3.418,500
2020-11-05 09:25:00.740,3.418,50000
2020-11-05 09:25:00.740,3.418,7900
2020-11-05 09:25:00.740,3.418,2100
2020-11-05 09:25:00.740,3.418,5000
2020-11-05 09:25:00.740,3.418,2900
2020-11-05 09:25:00.740,3.418,17100
2020-11-05 09:25:00.740,3.418,1000
2020-11-05 09:25:00.740,3.418,6900
2020-11-05 09:25:00.740,3.418,51600
2020-11-05 09:25:00.740,3.418,10000
2020-11-05 09:25:00.740,3.418,600
2020-11-05 09:25:00.740,3.418,2800
2020-11-05 09:25:00.740,3.418,2200
2020-11-05 09:25:00.740,3.418,10000
2020-11-05 09:25:00.740,3.418,47000
2020-11-05 09:25:00.740,3.418,1500
2020-11-05 09:25:00.740,3.418,200
2020-11-05 09:25:00.740,3.418,300
2020-11-05 09:25:00.740,3.418,106800
2020-11-05 09:25:00.740,3.418,500
2020-11-05 09:25:00.740,3.418,10000
2020-11-05 09:25:00.740,3.418,10000
2020-11-05 09:25:00.740,3.418,200
2020-11-05 09:25:00.740,3.418,1000
2020-11-05 09:25:00.740,3.418,1400
2020-11-05 09:25:00.740,3.418,2000
2020-11-05 09:25:00.740,3.418,2900
2020-11-05 09:25:00.740,3.418,1000
2020-11-05 09:25:00.740,3.418,2000
2020-11-05 09:25:00.740,3.418,5700
2020-11-05 09:25:00.740,3.418,13100
2020-11-05 09:25:00.740,3.418,4900
2020-11-05 09:25:00.740,3.418,500
2020-11-05 09:25:00.740,3.418,1000
2020-11-05 09:25:00.740,3.418,1000
2020-11-05 09:25:00.740,3.418,7000
2020-11-05 09:25:00.740,3.418,2000
2020-11-05 09:25:00.740,3.418,500
2020-11-05 09:25:00.740,3.418,12000
2020-11-05 09:25:00.740,3.418,500
2020-11-05 09:25:00.740,3.418,100
2020-11-05 09:25:00.740,3.418,1600
2020-11-05 09:25:00.740,3.418,4000
2020-11-05 09:25:00.740,3.418,5100
2020-11-05 09:25:00.740,3.418,6100
2020-11-05 09:25:00.740,3.418,5300
2020-11-05 09:25:00.740,3.418,10000
2020-11-05 09:25:00.740,3.418,8100
2020-11-05 09:25:00.740,3.418,1500
2020-11-05 09:25:00.740,3.418,1000
2020-11-05 09:25:00.740,3.418,10000
2020-11-05 09:25:00.740,3.418,10000
2020-11-05 09:25:00.740,3.418,600
2020-11-05 09:25:00.740,3.418,100
2020-11-05 09:25:00.740,3.418,100
2020-11-05 09:25:00.740,3.418,5000
2020-11-05 09:25:00.740,3.418,1500
2020-11-05 09:25:00.740,3.418,1500
2020-11-05 09:25:00.740,3.418,3000
2020-11-05 09:25:00.740,3.418,2100
2020-11-05 09:25:00.740,3.418,10000
2020-11-05 09:25:00.740,3.418,100
2020-11-05 09:25:00.740,3.418,100
2020-11-05 09:25:00.740,3.418,2900
2020-11-05 09:25:00.740,3.418,14000
2020-11-05 09:25:00.740,3.418,20000
2020-11-05 09:25:00.740,3.418,10000
2020-11-05 09:25:00.740,3.418,100
2020-11-05 09:25:00.740,3.418,5000
2020-11-05 09:25:00.740,3.418,5000
2020-11-05 09:25:00.740,3.418,5000
2020-11-05 09:25:00.740,3.418,1000
2020-11-05 09:25:00.740,3.418,500
2020-11-05 09:25:00.740,3.418,5000
2020-11-05 09:25:00.740,3.418,400
2020-11-05 09:25:00.740,3.418,10000
2020-11-05 09:25:00.740,3.418,2000
2020-11-05 09:25:00.740,3.418,100
2020-11-05 09:25:00.740,3.418,6000
2020-11-05 09:25:00.740,3.418,5000
2020-11-05 09:25:00.740,3.418,5000
2020-11-05 09:25:00.740,3.418,25500
2020-11-05 09:25:00.740,3.418,3000
2020-11-05 09:25:00.740,3.418,1500
2020-11-05 09:25:00.740,3.418,1500
2020-11-05 09:25:00.740,3.418,500
2020-11-05 09:25:00.740,3.418,18000
2020-11-05 09:25:00.740,3.418,5000
2020-11-05 09:25:00.740,3.418,3200
2020-11-05 09:25:00.740,3.418,1700
2020-11-05 09:25:00.740,3.418,10000
2020-11-05 09:25:00.740,3.418,5800
2020-11-05 09:25:00.740,3.418,16800
2020-11-05 09:25:00.740,3.418,100
2020-11-05 09:25:00.740,3.418,2000
2020-11-05 09:25:00.740,3.418,100
2020-11-05 09:25:00.740,3.418,10000
2020-11-05 09:25:00.740,3.418,5000
2020-11-05 09:25:00.740,3.418,9000
2020-11-05 09:25:00.740,3.418,10600
2020-11-05 09:25:00.740,3.418,2700
2020-11-05 09:25:00.740,3.418,3000
2020-11-05 09:25:00.740,3.418,14300
2020-11-05 09:25:00.740,3.418,20000
2020-11-05 09:25:00.740,3.418,5000
2020-11-05 09:25:00.740,3.418,800
2020-11-05 09:25:00.740,3.418,1500
2020-11-05 09:25:00.740,3.418,50000
2020-11-05 09:25:00.740,3.418,1000
2020-11-05 09:25:00.740,3.418,5000
2020-11-05 09:25:00.740,3.418,500
2020-11-05 09:25:00.740,3.418,1100
2020-11-05 09:25:00.740,3.418,500
2020-11-05 09:25:00.740,3.418,200
2020-11-05 09:25:00.740,3.418,100
2020-11-05 09:25:00.740,3.418,5000
2020-11-05 09:25:00.740,3.418,1000
2020-11-05 09:25:00.740,3.418,10000
2020-11-05 09:25:00.740,3.418,5000
2020-11-05 09:25:00.740,3.418,3000
2020-11-05 09:25:00.740,3.418,100
2020-11-05 09:25:00.740,3.418,300
2020-11-05 09:25:00.740,3.418,1500
2020-11-05 09:25:00.740,3.418,6000
2020-11-05 09:25:00.740,3.418,8000
2020-11-05 09:25:00.740,3.418,10000
2020-11-05 09:25:00.740,3.418,5000
2020-11-05 09:25:00.740,3.418,15000
2020-11-05 09:25:00.740,3.418,4000
2020-11-05 09:25:00.740,3.418,3000
2020-11-05 09:25:00.740,3.418,1100
2020-11-05 09:25:00.740,3.418,10000
2020-11-05 09:25:00.740,3.418,5000
2020-11-05 09:25:00.740,3.418,500
2020-11-05 09:25:00.740,3.418,50500
2020-11-05 09:25:00.740,3.418,7500
2020-11-05 09:25:00.740,3.418,10000
2020-11-05 09:25:00.740,3.418,100
2020-11-05 09:25:00.740,3.418,1700
2020-11-05 09:25:00.740,3.418,600
2020-11-05 09:25:00.740,3.418,100
2020-11-05 09:25:00.740,3.418,600
2020-11-05 09:25:00.740,3.418,5000
2020-11-05 09:25:00.740,3.418,10000
2020-11-05 09:25:00.740,3.418,14400
2020-11-05 09:25:00.740,3.418,150000
2020-11-05 09:25:00.740,3.418,27700
2020-11-05 09:25:00.740,3.418,3000
2020-11-05 09:25:00.740,3.418,100
2020-11-05 09:25:00.740,3.418,1000
2020-11-05 09:25:00.740,3.418,10000
2020-11-05 09:25:00.740,3.418,100
2020-11-05 09:25:00.740,3.418,100000
2020-11-05 09:25:00.740,3.418,16000
2020-11-05 09:25:00.740,3.418,40000
2020-11-05 09:25:00.740,3.418,7800
2020-11-05 09:25:00.740,3.418,118000
2020-11-05 09:25:00.740,3.418,500000
2020-11-05 09:25:00.740,3.418,11900
2020-11-05 09:25:00.740,3.418,1000
2020-11-05 09:25:00.740,3.418,200
2020-11-05 09:25:00.740,3.418,1000
2020-11-05 09:25:00.740,3.418,20000
2020-11-05 09:25:00.740,3.418,1000
2020-11-05 09:25:00.740,3.418,2000
2020-11-05 09:25:00.740,3.418,2000
2020-11-05 09:25:00.740,3.418,100
2020-11-05 09:25:00.740,3.418,6000
2020-11-05 09:25:00.740,3.418,300
2020-11-05 09:25:00.740,3.418,1000
2020-11-05 09:25:00.740,3.418,3000
2020-11-05 09:25:00.740,3.418,2000
2020-11-05 09:25:00.740,3.418,8500
2020-11-05 09:25:00.740,3.418,2500
2020-11-05 09:25:00.740,3.418,2500
2020-11-05 09:25:00.740,3.418,2600
2020-11-05 09:25:00.740,3.418,7400
2020-11-05 09:25:00.740,3.418,3000
2020-11-05 09:25:00.740,3.418,37800
2020-11-05 09:25:00.740,3.418,2000
2020-11-05 09:25:00.740,3.418,10000
2020-11-05 09:25:00.740,3.418,3000
2020-11-05 09:30:00.050,3.418,56900
2020-11-05 09:30:00.050,3.418,3000
2020-11-05 09:30:00.050,3.418,5000
2020-11-05 09:30:00.050,3.418,1500
2020-11-05 09:30:00.050,3.418,1500
2020-11-05 09:30:00.050,3.418,5000
2020-11-05 09:30:00.050,3.418,2100
2020-11-05 09:30:00.050,3.418,100
2020-11-05 09:30:00.050,3.418,50000
2020-11-05 09:30:00.050,3.418,20000
2020-11-05 09:30:00.050,3.418,900
2020-11-05 09:30:00.050,3.418,10000
2020-11-05 09:30:00.050,3.418,2000
2020-11-05 09:30:00.050,3.418,10000
2020-11-05 09:30:00.050,3.418,100
2020-11-05 09:30:00.050,3.418,100
2020-11-05 09:30:00.050,3.418,5000
2020-11-05 09:30:00.050,3.418,1000
2020-11-05 09:30:00.050,3.418,6000
2020-11-05 09:30:00.050,3.418,500
2020-11-05 09:30:00.050,3.418,10000
2020-11-05 09:30:00.050,3.418,50000
2020-11-05 09:30:00.080,3.418,10000
2020-11-05 09:30:00.300,3.418,2000
2020-11-05 09:30:00.300,3.419,5000
2020-11-05 09:30:00.300,3.419,1000
2020-11-05 09:30:00.300,3.419,1000
2020-11-05 09:30:00.300,3.419,1000
2020-11-05 09:30:00.300,3.419,1400
2020-11-05 09:30:00.300,3.419,600
2020-11-05 09:30:00.300,3.419,1000
2020-11-05 09:30:00.360,3.418,3000
2020-11-05 09:30:00.360,3.418,1500
2020-11-05 09:30:00.360,3.418,33000
2020-11-05 09:30:00.360,3.418,14700
2020-11-05 09:30:00.360,3.418,5000
2020-11-05 09:30:00.360,3.419,400
2020-11-05 09:30:00.360,3.419,1500
2020-11-05 09:30:00.360,3.419,10000
2020-11-05 09:30:00.360,3.419,100
2020-11-05 09:30:00.360,3.419,10000
2020-11-05 09:30:00.360,3.419,5000
2020-11-05 09:30:00.360,3.419,4000
2020-11-05 09:30:00.360,3.419,1000
2020-11-05 09:30:00.360,3.419,800
2020-11-05 09:30:00.360,3.42,10000
2020-11-05 09:30:00.360,3.42,2000
2020-11-05 09:30:00.360,3.42,200
2020-11-05 09:30:00.360,3.42,10000
2020-11-05 09:30:00.360,3.42,100
2020-11-05 09:30:00.360,3.42,100
2020-11-05 09:30:00.360,3.42,3000
2020-11-05 09:30:00.360,3.42,500
2020-11-05 09:30:00.360,3.42,100
2020-11-05 09:30:00.360,3.42,10000
2020-11-05 09:30:00.360,3.42,1600
2020-11-05 09:30:00.360,3.42,10100
2020-11-05 09:30:00.360,3.42,2000
2020-11-05 09:30:00.360,3.42,5000
2020-11-05 09:30:00.360,3.42,100
2020-11-05 09:30:00.360,3.42,10000
2020-11-05 09:30:00.360,3.42,300
2020-11-05 09:30:00.360,3.42,700
2020-11-05 09:30:00.360,3.42,10000
2020-11-05 09:30:00.360,3.42,10000
2020-11-05 09:30:00.360,3.42,1000
2020-11-05 09:30:00.360,3.42,3000
2020-11-05 09:30:00.360,3.42,10000
2020-11-05 09:30:00.360,3.42,500
2020-11-05 09:30:00.360,3.42,30000
2020-11-05 09:30:00.360,3.42,20000
2020-11-05 09:30:00.360,3.42,5000
2020-11-05 09:30:00.360,3.42,2000
2020-11-05 09:30:00.360,3.42,10000
2020-11-05 09:30:00.360,3.42,600
2020-11-05 09:30:00.360,3.42,400
2020-11-05 09:30:00.360,3.42,3100
2020-11-05 09:30:00.360,3.42,100
2020-11-05 09:30:00.360,3.42,100
2020-11-05 09:30:00.360,3.42,500
2020-11-05 09:30:00.360,3.42,2000
2020-11-05 09:30:00.360,3.42,1500
2020-11-05 09:30:00.360,3.42,5000
2020-11-05 09:30:00.360,3.42,10000
2020-11-05 09:30:00.360,3.42,900
2020-11-05 09:30:00.360,3.42,500
2020-11-05 09:30:00.360,3.42,58500
2020-11-05 09:30:00.360,3.42,500
2020-11-05 09:30:00.360,3.42,500
2020-11-05 09:30:00.430,3.42,54200
2020-11-05 09:30:00.430,3.42,38700
2020-11-05 09:30:00.430,3.418,20000
2020-11-05 09:30:00.430,3.418,6000
2020-11-05 09:30:00.430,3.42,10700
2020-11-05 09:30:00.430,3.42,600
2020-11-05 09:30:00.430,3.42,9400
2020-11-05 09:30:00.430,3.419,2900
2020-11-05 09:30:00.530,3.419,100
2020-11-05 09:30:00.530,3.418,4900
2020-11-05 09:30:00.530,3.418,2900
2020-11-05 09:30:00.530,3.418,5000
2020-11-05 09:30:00.530,3.42,600
2020-11-05 09:30:00.530,3.42,4100
2020-11-05 09:30:00.530,3.421,500
2020-11-05 09:30:00.530,3.421,800
2020-11-05 09:30:00.650,3.419,1000
2020-11-05 09:30:00.650,3.418,202000
2020-11-05 09:30:00.650,3.418,300000
2020-11-05 09:30:00.650,3.418,300000
2020-11-05 09:30:00.650,3.418,100900
2020-11-05 09:30:00.650,3.418,600
2020-11-05 09:30:00.650,3.418,1800
2020-11-05 09:30:00.650,3.418,6000
2020-11-05 09:30:00.650,3.418,3100
2020-11-05 09:30:00.650,3.418,22000
2020-11-05 09:30:00.760,3.419,3000
2020-11-05 09:30:00.760,3.419,2000
2020-11-05 09:30:00.760,3.418,3000
2020-11-05 09:30:00.760,3.418,100
2020-11-05 09:30:00.760,3.418,40000
2020-11-05 09:30:00.760,3.418,2000
2020-11-05 09:30:00.760,3.419,5000
2020-11-05 09:30:00.760,3.419,2000
2020-11-05 09:30:00.760,3.419,8000
2020-11-05 09:30:00.760,3.418,2000
2020-11-05 09:30:00.760,3.42,1000
2020-11-05 09:30:00.760,3.418,2000
2020-11-05 09:30:00.760,3.418,300
2020-11-05 09:30:00.870,3.418,800
2020-11-05 09:30:00.870,3.418,1000
2020-11-05 09:30:00.870,3.418,13200
2020-11-05 09:30:00.870,3.418,100
2020-11-05 09:30:00.870,3.418,20000
2020-11-05 09:30:00.870,3.418,262200
2020-11-05 09:30:00.870,3.418,3100
2020-11-05 09:30:00.870,3.418,30000
2020-11-05 09:30:00.870,3.418,2000
2020-11-05 09:30:00.870,3.418,2700
2020-11-05 09:30:00.870,3.418,1000
2020-11-05 09:30:00.870,3.418,96300
2020-11-05 09:30:00.870,3.418,1000
2020-11-05 09:30:00.990,3.419,5000
2020-11-05 09:30:00.990,3.419,400
2020-11-05 09:30:00.990,3.419,15100
2020-11-05 09:30:00.990,3.419,5000
2020-11-05 09:30:00.990,3.419,500
2020-11-05 09:30:00.990,3.419,29900
2020-11-05 09:30:00.990,3.42,500
2020-11-05 09:30:00.990,3.42,2000
2020-11-05 09:30:00.990,3.42,3300
2020-11-05 09:30:00.990,3.42,5300
2020-11-05 09:30:00.990,3.42,100
2020-11-05 09:30:00.990,3.421,1200
2020-11-05 09:30:00.990,3.421,4000
2020-11-05 09:30:00.990,3.421,5100
2020-11-05 09:30:00.990,3.421,6100
2020-11-05 09:30:00.990,3.421,5300
2020-11-05 09:30:00.990,3.421,1500
2020-11-05 09:30:00.990,3.421,8900
2020-11-05 09:30:00.990,3.421,2000
2020-11-05 09:30:00.990,3.421,100
2020-11-05 09:30:00.990,3.421,3000
2020-11-05 09:30:00.990,3.422,5000
2020-11-05 09:30:00.990,3.422,3000
2020-11-05 09:30:00.990,3.422,100
2020-11-05 09:30:00.990,3.422,1900
2020-11-05 09:30:00.990,3.422,100
2020-11-05 09:30:00.990,3.422,10000
2020-11-05 09:30:00.990,3.422,20000
2020-11-05 09:30:00.990,3.422,3000
2020-11-05 09:30:00.990,3.422,5000
2020-11-05 09:30:00.990,3.422,1300
2020-11-05 09:30:00.990,3.422,100
2020-11-05 09:30:00.990,3.423,700
2020-11-05 09:30:00.990,3.423,5000
2020-11-05 09:30:00.990,3.423,11100
2020-11-05 09:30:00.990,3.423,50000
2020-11-05 09:30:00.990,3.423,50000
2020-11-05 09:30:00.990,3.423,2500
2020-11-05 09:30:00.990,3.423,26900
2020-11-05 09:30:00.990,3.422,4500
2020-11-05 09:30:00.990,3.422,200
2020-11-05 09:30:00.990,3.422,1000
2020-11-05 09:30:00.990,3.423,10800
2020-11-05 09:30:00.990,3.422,10000
2020-11-05 09:30:00.990,3.422,100
2020-11-05 09:30:00.990,3.422,2000
2020-11-05 09:30:00.990,3.422,600
2020-11-05 09:30:00.990,3.422,197000
2020-11-05 09:30:00.990,3.422,1000
2020-11-05 09:30:00.990,3.422,20000
2020-11-05 09:30:00.990,3.422,3000
2020-11-05 09:30:00.990,3.422,3200
2020-11-05 09:30:00.990,3.422,5000
2020-11-05 09:30:00.990,3.423,2000
2020-11-05 09:30:00.990,3.422,11800
2020-11-05 09:30:00.990,3.422,500
2020-11-05 09:30:00.990,3.422,10000
2020-11-05 09:30:01.100,3.422,500
2020-11-05 09:30:01.100,3.422,11800
2020-11-05 09:30:01.100,3.422,700
2020-11-05 09:30:01.100,3.422,6200
2020-11-05 09:30:01.100,3.423,500
2020-11-05 09:30:01.100,3.422,5000
2020-11-05 09:30:01.100,3.422,3000
2020-11-05 09:30:01.100,3.422,2900
2020-11-05 09:30:01.100,3.422,7100
2020-11-05 09:30:01.100,3.422,500
2020-11-05 09:30:01.100,3.422,200
2020-11-05 09:30:01.100,3.422,2000
2020-11-05 09:30:01.100,3.422,200
2020-11-05 09:30:01.210,3.422,100
2020-11-05 09:30:01.210,3.422,1000
2020-11-05 09:30:01.210,3.422,2000
2020-11-05 09:30:01.210,3.422,33900
2020-11-05 09:30:01.210,3.422,30000
2020-11-05 09:30:01.210,3.422,20000
2020-11-05 09:30:01.210,3.423,9800
2020-11-05 09:30:01.210,3.423,4700
2020-11-05 09:30:01.210,3.423,100000
2020-11-05 09:30:01.210,3.423,11000
2020-11-05 09:30:01.210,3.423,3000
2020-11-05 09:30:01.210,3.423,2500
2020-11-05 09:30:01.210,3.423,1500
2020-11-05 09:30:01.210,3.424,1500
2020-11-05 09:30:01.210,3.424,1500
2020-11-05 09:30:01.210,3.424,300
2020-11-05 09:30:01.210,3.424,800
2020-11-05 09:30:01.210,3.424,3000
2020-11-05 09:30:01.210,3.424,5000
2020-11-05 09:30:01.210,3.424,100
2020-11-05 09:30:01.210,3.424,300
2020-11-05 09:30:01.210,3.424,5000
2020-11-05 09:30:01.210,3.424,15000
2020-11-05 09:30:01.210,3.424,6000
2020-11-05 09:30:01.210,3.424,1000
2020-11-05 09:30:01.210,3.424,300
2020-11-05 09:30:01.210,3.424,10000
2020-11-05 09:30:01.210,3.424,2000
2020-11-05 09:30:01.210,3.424,10000
2020-11-05 09:30:01.210,3.424,300
2020-11-05 09:30:01.340,3.424,452200
2020-11-05 09:30:01.340,3.424,3000
2020-11-05 09:30:01.340,3.424,2100
2020-11-05 09:30:01.340,3.424,12000
2020-11-05 09:30:01.340,3.424,1000
2020-11-05 09:30:01.340,3.425,10000
2020-11-05 09:30:01.340,3.425,2200
2020-11-05 09:30:01.340,3.425,1000
2020-11-05 09:30:01.340,3.425,3900
2020-11-05 09:30:01.340,3.425,500
2020-11-05 09:30:01.340,3.425,14500
2020-11-05 09:30:01.340,3.425,2000
2020-11-05 09:30:01.340,3.425,200
2020-11-05 09:30:01.340,3.425,600
2020-11-05 09:30:01.340,3.425,2000
2020-11-05 09:30:01.340,3.425,10000
2020-11-05 09:30:01.340,3.425,10000
2020-11-05 09:30:01.340,3.425,5000
2020-11-05 09:30:01.340,3.425,11400
2020-11-05 09:30:01.340,3.425,3000
2020-11-05 09:30:01.340,3.425,2000
2020-11-05 09:30:01.340,3.425,3000
2020-11-05 09:30:01.340,3.425,2000
2020-11-05 09:30:01.340,3.425,10000
2020-11-05 09:30:01.340,3.425,3700
2020-11-05 09:30:01.340,3.425,3000
2020-11-05 09:30:01.340,3.424,7000
2020-11-05 09:30:01.340,3.424,30000
2020-11-05 09:30:01.340,3.424,2500
2020-11-05 09:30:01.340,3.424,900
2020-11-05 09:30:01.340,3.424,20000
2020-11-05 09:30:01.340,3.424,15000
2020-11-05 09:30:01.340,3.424,5000
2020-11-05 09:30:01.340,3.424,2000
2020-11-05 09:30:01.340,3.424,1000
2020-11-05 09:30:01.470,3.424,3100
2020-11-05 09:30:01.470,3.424,123100
2020-11-05 09:30:01.470,3.423,74000
2020-11-05 09:30:01.470,3.423,20000
2020-11-05 09:30:01.470,3.423,1000
2020-11-05 09:30:01.470,3.423,20000
2020-11-05 09:30:01.470,3.423,2000
2020-11-05 09:30:01.470,3.423,100
2020-11-05 09:30:01.470,3.423,10000
2020-11-05 09:30:01.470,3.423,5600
2020-11-05 09:30:01.470,3.423,1000
2020-11-05 09:30:01.470,3.423,2000
2020-11-05 09:30:01.470,3.423,1000
2020-11-05 09:30:01.470,3.423,2000
2020-11-05 09:30:01.470,3.423,10000
2020-11-05 09:30:01.470,3.423,10000
2020-11-05 09:30:01.470,3.423,5000
2020-11-05 09:30:01.470,3.423,3800
2020-11-05 09:30:01.470,3.422,57600
2020-11-05 09:30:01.470,3.422,5100
2020-11-05 09:30:01.470,3.422,1300
2020-11-05 09:30:01.470,3.426,500
2020-11-05 09:30:01.470,3.426,600
2020-11-05 09:30:01.470,3.426,1600
2020-11-05 09:30:01.470,3.426,200
2020-11-05 09:30:01.470,3.426,100
2020-11-05 09:30:01.470,3.426,3000
2020-11-05 09:30:01.470,3.426,3000
2020-11-05 09:30:01.470,3.426,2500
2020-11-05 09:30:01.470,3.426,5000
2020-11-05 09:30:01.470,3.426,10000
2020-11-05 09:30:01.470,3.426,5000
2020-11-05 09:30:01.470,3.426,200
2020-11-05 09:30:01.470,3.426,1000
2020-11-05 09:30:01.600,3.426,50000
2020-11-05 09:30:01.600,3.426,700
2020-11-05 09:30:01.600,3.426,8000
2020-11-05 09:30:01.600,3.426,600
2020-11-05 09:30:01.600,3.426,10000
2020-11-05 09:30:01.600,3.426,1300
2020-11-05 09:30:01.600,3.426,3000
2020-11-05 09:30:01.600,3.426,8000
2020-11-05 09:30:01.600,3.426,5000
2020-11-05 09:30:01.600,3.426,600
2020-11-05 09:30:01.600,3.426,8000
2020-11-05 09:30:01.600,3.427,3000
2020-11-05 09:30:01.600,3.426,10000
2020-11-05 09:30:01.600,3.426,3000
2020-11-05 09:30:01.600,3.426,300
2020-11-05 09:30:01.600,3.426,2000
2020-11-05 09:30:01.600,3.426,20000
2020-11-05 09:30:01.600,3.426,600
2020-11-05 09:30:01.600,3.426,136200
2020-11-05 09:30:01.600,3.425,60900
2020-11-05 09:30:01.600,3.425,227100
2020-11-05 09:30:01.600,3.425,100
2020-11-05 09:30:01.600,3.425,11900
2020-11-05 09:30:01.600,3.422,3100
2020-11-05 09:30:01.710,3.422,14500
2020-11-05 09:30:01.710,3.422,900
2020-11-05 09:30:01.710,3.422,26400
2020-11-05 09:30:01.710,3.421,20000
2020-11-05 09:30:01.710,3.42,600
2020-11-05 09:30:01.710,3.42,3000
2020-11-05 09:30:01.710,3.42,2600
2020-11-05 09:30:01.710,3.42,5000
2020-11-05 09:30:01.710,3.42,10000
2020-11-05 09:30:01.710,3.42,3500
2020-11-05 09:30:01.710,3.42,20000
2020-11-05 09:30:01.710,3.42,7000
2020-11-05 09:30:01.710,3.42,3500
2020-11-05 09:30:01.710,3.419,100
2020-11-05 09:30:01.710,3.419,4000
2020-11-05 09:30:01.710,3.419,2800
2020-11-05 09:30:01.710,3.42,2900
2020-11-05 09:30:01.710,3.421,10000
2020-11-05 09:30:01.710,3.42,100
2020-11-05 09:30:01.710,3.42,19900
2020-11-05 09:30:01.710,3.421,1500
2020-11-05 09:30:01.710,3.421,2000
2020-11-05 09:30:01.710,3.421,2700
2020-11-05 09:30:01.830,3.421,4000
2020-11-05 09:30:01.830,3.421,1000
2020-11-05 09:30:01.830,3.421,8000
2020-11-05 09:30:01.830,3.421,800
2020-11-05 09:30:01.830,3.42,19000
2020-11-05 09:30:01.830,3.42,11100
2020-11-05 09:30:01.830,3.419,2200
2020-11-05 09:30:01.830,3.419,1800
2020-11-05 09:30:01.830,3.419,4900
2020-11-05 09:30:01.830,3.421,100
2020-11-05 09:30:01.830,3.422,10000
2020-11-05 09:30:01.830,3.422,1000
2020-11-05 09:30:01.830,3.422,2000
2020-11-05 09:30:01.830,3.422,500
2020-11-05 09:30:01.830,3.422,200
2020-11-05 09:30:01.830,3.423,100
2020-11-05 09:30:01.830,3.427,5000
2020-11-05 09:30:01.830,3.427,5000
2020-11-05 09:30:01.830,3.427,8400
2020-11-05 09:30:01.830,3.419,15000
2020-11-05 09:30:01.830,3.419,7600
2020-11-05 09:30:01.830,3.419,5000
2020-11-05 09:30:01.830,3.42,3900
2020-11-05 09:30:01.830,3.42,6100
2020-11-05 09:30:01.830,3.419,3000
2020-11-05 09:30:01.830,3.42,2000
2020-11-05 09:30:01.830,3.419,700
2020-11-05 09:30:01.830,3.419,1000
2020-11-05 09:30:01.950,3.419,29300
2020-11-05 09:30:01.950,3.419,100
2020-11-05 09:30:01.950,3.419,5000
2020-11-05 09:30:01.950,3.419,1500
2020-11-05 09:30:01.950,3.419,21500
2020-11-05 09:30:01.950,3.418,42700
2020-11-05 09:30:01.950,3.418,30300
2020-11-05 09:30:01.950,3.42,300
2020-11-05 09:30:01.950,3.418,2000
2020-11-05 09:30:02.080,3.418,4900
2020-11-05 09:30:02.080,3.418,10000
2020-11-05 09:30:02.080,3.418,2900
2020-11-05 09:30:02.080,3.42,13000
2020-11-05 09:30:02.080,3.418,4000
2020-11-05 09:30:02.080,3.418,9000
2020-11-05 09:30:02.080,3.418,6000
2020-11-05 09:30:02.080,3.419,500
2020-11-05 09:30:02.080,3.42,7600
2020-11-05 09:30:02.080,3.418,10000
2020-11-05 09:30:02.080,3.419,5000
2020-11-05 09:30:02.080,3.42,14000
2020-11-05 09:30:02.080,3.418,18200
2020-11-05 09:30:02.080,3.42,1700
2020-11-05 09:30:02.190,3.42,500
2020-11-05 09:30:02.190,3.419,3000
2020-11-05 09:30:02.190,3.419,2600
2020-11-05 09:30:02.190,3.42,32200
2020-11-05 09:30:02.190,3.42,4800
2020-11-05 09:30:02.190,3.42,2000
2020-11-05 09:30:02.190,3.42,5000
2020-11-05 09:30:02.190,3.42,6000
2020-11-05 09:30:02.190,3.42,44000
2020-11-05 09:30:02.190,3.42,3000
2020-11-05 09:30:02.190,3.422,10000
2020-11-05 09:30:02.190,3.422,15000
2020-11-05 09:30:02.190,3.422,1000
2020-11-05 09:30:02.190,3.422,50000
2020-11-05 09:30:02.190,3.422,10000
2020-11-05 09:30:02.190,3.423,100
2020-11-05 09:30:02.190,3.423,500
2020-11-05 09:30:02.190,3.424,1000
2020-11-05 09:30:02.190,3.424,6000
2020-11-05 09:30:02.190,3.425,20000
2020-11-05 09:30:02.190,3.425,300
2020-11-05 09:30:02.190,3.425,3000
2020-11-05 09:30:02.190,3.427,1600
2020-11-05 09:30:02.190,3.427,10000
2020-11-05 09:30:02.190,3.427,10000
2020-11-05 09:30:02.190,3.427,20000
2020-11-05 09:30:02.190,3.427,1600
2020-11-05 09:30:02.320,3.421,2000
2020-11-05 09:30:02.320,3.421,1200
2020-11-05 09:30:02.320,3.421,10000
2020-11-05 09:30:02.320,3.421,6800
2020-11-05 09:30:02.320,3.419,5100
2020-11-05 09:30:02.320,3.419,500
2020-11-05 09:30:02.320,3.419,3000
2020-11-05 09:30:02.320,3.419,3300
2020-11-05 09:30:02.320,3.418,27900
2020-11-05 09:30:02.320,3.418,8500
2020-11-05 09:30:02.320,3.418,1000
2020-11-05 09:30:02.320,3.418,14900
2020-11-05 09:30:02.320,3.418,45100
2020-11-05 09:30:02.320,3.418,1000
2020-11-05 09:30:02.320,3.418,5000
2020-11-05 09:30:02.320,3.418,1000
2020-11-05 09:30:02.320,3.418,200
2020-11-05 09:30:02.320,3.418,2000
2020-11-05 09:30:02.320,3.418,2000
2020-11-05 09:30:02.320,3.418,1500
2020-11-05 09:30:02.430,3.42,2000
2020-11-05 09:30:02.430,3.42,2000
2020-11-05 09:30:02.430,3.42,5000
2020-11-05 09:30:02.430,3.42,1500
2020-11-05 09:30:02.430,3.422,4000
2020-11-05 09:30:02.430,3.42,16000
2020-11-05 09:30:02.430,3.42,1000
2020-11-05 09:30:02.430,3.42,2500
2020-11-05 09:30:02.430,3.42,7500
2020-11-05 09:30:02.520,3.42,900
2020-11-05 09:30:02.520,3.42,10000
2020-11-05 09:30:02.520,3.42,3000
2020-11-05 09:30:02.520,3.42,1700
2020-11-05 09:30:02.520,3.418,2300
2020-11-05 09:30:02.600,3.419,3100
2020-11-05 09:30:02.600,3.419,56000
2020-11-05 09:30:02.600,3.419,500
2020-11-05 09:30:02.600,3.42,1000
2020-11-05 09:30:02.600,3.421,5000
2020-11-05 09:30:02.600,3.421,1000
2020-11-05 09:30:02.600,3.421,5000
2020-11-05 09:30:02.600,3.421,2000
2020-11-05 09:30:02.600,3.421,4000
2020-11-05 09:30:02.600,3.421,1000
2020-11-05 09:30:02.670,3.421,1000
2020-11-05 09:30:02.670,3.421,1000
2020-11-05 09:30:02.670,3.421,2000
2020-11-05 09:30:02.670,3.421,1000
2020-11-05 09:30:02.740,3.424,10000
2020-11-05 09:30:02.740,3.425,1000
2020-11-05 09:30:02.740,3.425,200
2020-11-05 09:30:02.740,3.425,1000
2020-11-05 09:30:02.740,3.426,3000
2020-11-05 09:30:02.740,3.427,400
2020-11-05 09:30:02.740,3.427,10000
2020-11-05 09:30:02.740,3.427,1200
2020-11-05 09:30:02.740,3.427,3100
2020-11-05 09:30:02.740,3.421,20000
2020-11-05 09:30:02.740,3.421,3000
2020-11-05 09:30:02.740,3.421,3000
2020-11-05 09:30:02.940,3.427,2500
2020-11-05 09:30:02.990,3.421,2600
2020-11-05 09:30:02.990,3.421,1000
2020-11-05 09:30:02.990,3.421,2500
2020-11-05 09:30:02.990,3.421,50000
2020-11-05 09:30:02.990,3.421,1500
2020-11-05 09:30:02.990,3.421,5000
2020-11-05 09:30:02.990,3.421,3000
2020-11-05 09:30:02.990,3.421,600
2020-11-05 09:30:02.990,3.421,2900
2020-11-05 09:30:02.990,3.421,10000
2020-11-05 09:30:02.990,3.421,8000
2020-11-05 09:30:02.990,3.421,3000
2020-11-05 09:30:02.990,3.421,10000
2020-11-05 09:30:02.990,3.421,10000
2020-11-05 09:30:03.100,3.421,10000
2020-11-05 09:30:03.100,3.421,11000
2020-11-05 09:30:03.100,3.422,200
2020-11-05 09:30:03.100,3.422,1300
2020-11-05 09:30:03.100,3.421,800
2020-11-05 09:30:03.100,3.421,6000
2020-11-05 09:30:03.100,3.421,1000
2020-11-05 09:30:03.100,3.421,5000
2020-11-05 09:30:03.100,3.421,1500
2020-11-05 09:30:03.210,3.421,45000
2020-11-05 09:30:03.210,3.42,10000
2020-11-05 09:30:03.210,3.42,5000
2020-11-05 09:30:03.210,3.419,500
2020-11-05 09:30:03.210,3.419,700
2020-11-05 09:30:03.210,3.418,4300
2020-11-05 09:30:03.210,3.418,20000
2020-11-05 09:30:03.210,3.418,3000
2020-11-05 09:30:03.210,3.42,66500
2020-11-05 09:30:03.210,3.418,15000
2020-11-05 09:30:03.210,3.418,2000
2020-11-05 09:30:03.210,3.418,5000
2020-11-05 09:30:03.210,3.418,4500
2020-11-05 09:30:03.210,3.418,200
2020-11-05 09:30:03.330,3.418,2000
2020-11-05 09:30:03.330,3.418,1000
2020-11-05 09:30:03.330,3.419,2700
2020-11-05 09:30:03.330,3.418,300
2020-11-05 09:30:03.420,3.418,1000
2020-11-05 09:30:03.420,3.418,2000
2020-11-05 09:30:03.420,3.418,100
2020-11-05 09:30:03.420,3.418,100
2020-11-05 09:30:03.480,3.419,4900
2020-11-05 09:30:03.480,3.418,400
2020-11-05 09:30:03.480,3.419,1000
2020-11-05 09:30:03.530,3.418,2000
2020-11-05 09:30:03.530,3.418,400
2020-11-05 09:30:03.530,3.418,200
2020-11-05 09:30:03.580,3.418,25000
2020-11-05 09:30:03.580,3.418,32800
2020-11-05 09:30:03.710,3.418,1000
2020-11-05 09:30:03.710,3.418,10000
2020-11-05 09:30:03.710,3.418,100
2020-11-05 09:30:03.750,3.418,700
2020-11-05 09:30:03.750,3.418,3000
2020-11-05 09:30:03.820,3.419,27500
2020-11-05 09:30:03.850,3.419,13900
2020-11-05 09:30:03.850,3.419,300
2020-11-05 09:30:03.850,3.419,2000
2020-11-05 09:30:03.850,3.419,1000
2020-11-05 09:30:03.850,3.419,20000
2020-11-05 09:30:03.850,3.419,5000
2020-11-05 09:30:03.850,3.419,800
2020-11-05 09:30:03.850,3.42,143000
2020-11-05 09:30:03.850,3.42,300
2020-11-05 09:30:03.850,3.42,1000
2020-11-05 09:30:03.850,3.42,7600
2020-11-05 09:30:03.850,3.42,300
2020-11-05 09:30:03.850,3.42,1000
2020-11-05 09:30:03.850,3.42,3000
2020-11-05 09:30:03.850,3.42,10400
2020-11-05 09:30:03.850,3.42,10000
2020-11-05 09:30:03.850,3.422,33700
2020-11-05 09:30:03.850,3.422,5400
2020-11-05 09:30:03.850,3.422,9500
2020-11-05 09:30:03.850,3.422,20000
2020-11-05 09:30:03.890,3.422,400
2020-11-05 09:30:03.890,3.422,1000
2020-11-05 09:30:03.920,3.422,2000
2020-11-05 09:30:03.960,3.424,3000
2020-11-05 09:30:03.990,3.424,5300
2020-11-05 09:30:03.990,3.424,21700
2020-11-05 09:30:04.040,3.424,5000
2020-11-05 09:30:04.040,3.424,100
2020-11-05 09:30:04.040,3.424,1000
2020-11-05 09:30:04.150,3.424,800
2020-11-05 09:30:04.220,3.424,1000
2020-11-05 09:30:04.220,3.424,20000
2020-11-05 09:30:04.220,3.424,2000
2020-11-05 09:30:04.220,3.424,10000
2020-11-05 09:30:04.220,3.424,3000
2020-11-05 09:30:04.220,3.424,100
2020-11-05 09:30:04.220,3.424,10100
2020-11-05 09:30:04.220,3.424,5000
2020-11-05 09:30:04.300,3.425,5000
2020-11-05 09:30:04.300,3.425,13000
2020-11-05 09:30:04.300,3.425,10000
2020-11-05 09:30:04.300,3.425,2000
2020-11-05 09:30:04.300,3.424,4100
2020-11-05 09:30:04.330,3.424,500
2020-11-05 09:30:04.330,3.424,63300
2020-11-05 09:30:04.330,3.424,10000
2020-11-05 09:30:04.330,3.424,20000
2020-11-05 09:30:04.330,3.424,2400
2020-11-05 09:30:04.370,3.421,700
2020-11-05 09:30:04.420,3.421,900
2020-11-05 09:30:04.460,3.425,3000
2020-11-05 09:30:04.460,3.425,1200
2020-11-05 09:30:04.460,3.421,3000
2020-11-05 09:30:04.460,3.421,100
2020-11-05 09:30:04.490,3.421,100
2020-11-05 09:30:04.490,3.421,1500
2020-11-05 09:30:04.540,3.422,20000
2020-11-05 09:30:04.540,3.423,10000
2020-11-05 09:30:04.540,3.423,1700
2020-11-05 09:30:04.540,3.423,500
2020-11-05 09:30:04.540,3.425,2800
2020-11-05 09:30:04.570,3.425,16000
2020-11-05 09:30:04.570,3.425,10000
2020-11-05 09:30:04.570,3.425,7500
2020-11-05 09:30:04.570,3.426,500
2020-11-05 09:30:04.570,3.426,500
2020-11-05 09:30:04.570,3.426,1000
2020-11-05 09:30:04.570,3.426,500
2020-11-05 09:30:04.570,3.426,3600
2020-11-05 09:30:04.570,3.426,10000
2020-11-05 09:30:04.570,3.427,2400
2020-11-05 09:30:04.570,3.427,6000
2020-11-05 09:30:04.570,3.427,500
2020-11-05 09:30:04.570,3.427,2000
2020-11-05 09:30:04.570,3.427,8300
2020-11-05 09:30:04.570,3.427,1000
2020-11-05 09:30:04.570,3.427,600
2020-11-05 09:30:04.570,3.427,2000
2020-11-05 09:30:04.570,3.427,26900
2020-11-05 09:30:04.570,3.426,1000
2020-11-05 09:30:04.570,3.426,4000
2020-11-05 09:30:04.570,3.426,600
2020-11-05 09:30:04.610,3.426,5000
2020-11-05 09:30:04.650,3.426,1000
2020-11-05 09:30:04.650,3.426,3000
2020-11-05 09:30:04.650,3.426,100
2020-11-05 09:30:04.650,3.426,3000
2020-11-05 09:30:04.650,3.426,1000
2020-11-05 09:30:04.680,3.422,2900
2020-11-05 09:30:04.680,3.422,500
2020-11-05 09:30:04.760,3.423,100
2020-11-05 09:30:04.790,3.423,200
2020-11-05 09:30:04.790,3.422,300
2020-11-05 09:30:04.790,3.422,10000
2020-11-05 09:30:04.790,3.422,1500
2020-11-05 09:30:04.790,3.422,1500
2020-11-05 09:30:04.830,3.422,200
2020-11-05 09:30:04.860,3.422,43100
2020-11-05 09:30:04.860,3.421,293600
2020-11-05 09:30:04.860,3.42,299900
2020-11-05 09:30:04.860,3.42,900
2020-11-05 09:30:04.860,3.418,3800
2020-11-05 09:30:04.860,3.418,500
2020-11-05 09:30:04.860,3.418,5000
2020-11-05 09:30:04.860,3.418,5000
2020-11-05 09:30:04.860,3.418,3100
2020-11-05 09:30:04.860,3.418,2500
2020-11-05 09:30:04.860,3.418,38100
2020-11-05 09:30:04.940,3.418,1000
2020-11-05 09:30:04.940,3.418,200
2020-11-05 09:30:05.010,3.418,10000
2020-11-05 09:30:05.010,3.418,3500
2020-11-05 09:30:05.010,3.418,300
2020-11-05 09:30:05.030,3.418,500
2020-11-05 09:30:05.070,3.419,5000
2020-11-05 09:30:05.070,3.42,700
2020-11-05 09:30:05.070,3.42,6000
2020-11-05 09:30:05.070,3.423,500
2020-11-05 09:30:05.070,3.424,2800
2020-11-05 09:30:05.070,3.419,10000
2020-11-05 09:30:05.070,3.419,1000
2020-11-05 09:30:05.100,3.419,300
2020-11-05 09:30:05.100,3.419,2000
2020-11-05 09:30:05.100,3.419,5000
2020-11-05 09:30:05.140,3.419,6700
2020-11-05 09:30:05.140,3.418,3300
2020-11-05 09:30:05.170,3.418,2000
2020-11-05 09:30:05.210,3.418,300
2020-11-05 09:30:05.240,3.418,500
2020-11-05 09:30:05.290,3.418,2400
2020-11-05 09:30:05.400,3.419,200
2020-11-05 09:30:05.400,3.42,8100
2020-11-05 09:30:05.430,3.418,200
2020-11-05 09:30:05.530,3.418,5000
2020-11-05 09:30:05.530,3.418,5000
2020-11-05 09:30:05.530,3.419,5000
2020-11-05 09:30:05.530,3.42,5000
2020-11-05 09:30:05.600,3.418,300
2020-11-05 09:30:05.630,3.418,3000
2020-11-05 09:30:05.630,3.419,1500
2020-11-05 09:30:05.670,3.418,7000
2020-11-05 09:30:05.740,3.418,1000
2020-11-05 09:30:05.740,3.418,146100
2020-11-05 09:30:05.770,3.418,2000
2020-11-05 09:30:05.770,3.419,500
2020-11-05 09:30:05.800,3.419,10000
2020-11-05 09:30:05.990,3.42,3700
2020-11-05 09:30:05.990,3.42,700
2020-11-05 09:30:05.990,3.42,3000
2020-11-05 09:30:05.990,3.42,1000
2020-11-05 09:30:05.990,3.42,11600
2020-11-05 09:30:05.990,3.419,200
2020-11-05 09:30:05.990,3.419,1000
2020-11-05 09:30:06.080,3.419,50000
2020-11-05 09:30:06.080,3.419,5000
2020-11-05 09:30:06.080,3.419,23700
2020-11-05 09:30:06.080,3.42,8400
2020-11-05 09:30:06.080,3.42,1600
2020-11-05 09:30:06.080,3.42,17000
2020-11-05 09:30:06.080,3.42,3000
2020-11-05 09:30:06.080,3.42,3300
2020-11-05 09:30:06.080,3.42,1800
2020-11-05 09:30:06.080,3.42,200
2020-11-05 09:30:06.130,3.421,700
2020-11-05 09:30:06.130,3.421,300
2020-11-05 09:30:06.130,3.422,6000
2020-11-05 09:30:06.130,3.422,1500
2020-11-05 09:30:06.130,3.422,2000
2020-11-05 09:30:06.130,3.422,300
2020-11-05 09:30:06.130,3.424,17200
2020-11-05 09:30:06.130,3.424,1500
2020-11-05 09:30:06.130,3.425,1000
2020-11-05 09:30:06.130,3.425,100
2020-11-05 09:30:06.130,3.425,1700
2020-11-05 09:30:06.130,3.426,500
2020-11-05 09:30:06.130,3.426,300
2020-11-05 09:30:06.130,3.426,2200
2020-11-05 09:30:06.130,3.426,1000
2020-11-05 09:30:06.250,3.426,3200
2020-11-05 09:30:06.250,3.425,1800
2020-11-05 09:30:06.250,3.425,400
2020-11-05 09:30:06.290,3.425,2000
2020-11-05 09:30:06.430,3.427,73100
2020-11-05 09:30:06.430,3.427,400
2020-11-05 09:30:06.430,3.427,8000
2020-11-05 09:30:06.430,3.427,20000
2020-11-05 09:30:06.430,3.428,11000
2020-11-05 09:30:06.430,3.428,4700
2020-11-05 09:30:06.430,3.428,100
2020-11-05 09:30:06.430,3.428,10000
2020-11-05 09:30:06.430,3.428,10000
2020-11-05 09:30:06.430,3.428,2000
2020-11-05 09:30:06.430,3.428,300
2020-11-05 09:30:06.430,3.428,3000
2020-11-05 09:30:06.430,3.428,10000
2020-11-05 09:30:06.430,3.428,20000
2020-11-05 09:30:06.430,3.428,5000
2020-11-05 09:30:06.430,3.428,2000
2020-11-05 09:30:06.430,3.428,6000
2020-11-05 09:30:06.430,3.428,200
2020-11-05 09:30:06.430,3.428,50000
2020-11-05 09:30:06.430,3.428,500
2020-11-05 09:30:06.430,3.428,20000
2020-11-05 09:30:06.430,3.428,10000
2020-11-05 09:30:06.430,3.428,30000
2020-11-05 09:30:06.430,3.428,3700
2020-11-05 09:30:06.430,3.425,2000
2020-11-05 09:30:06.430,3.425,2000
2020-11-05 09:30:06.460,3.425,7700
2020-11-05 09:30:06.530,3.427,200
2020-11-05 09:30:06.640,3.427,3000
2020-11-05 09:30:06.640,3.427,5000
2020-11-05 09:30:06.640,3.427,10000
2020-11-05 09:30:06.640,3.427,3000
2020-11-05 09:30:06.680,3.427,800
2020-11-05 09:30:06.710,3.427,50100
2020-11-05 09:30:06.710,3.427,5000
2020-11-05 09:30:06.710,3.427,4000
2020-11-05 09:30:06.710,3.427,10000
2020-11-05 09:30:06.710,3.427,4900
2020-11-05 09:30:06.710,3.427,700
2020-11-05 09:30:06.710,3.427,200
2020-11-05 09:30:06.710,3.427,900
2020-11-05 09:30:06.710,3.427,2800
2020-11-05 09:30:06.710,3.427,500
2020-11-05 09:30:06.710,3.427,500
2020-11-05 09:30:06.710,3.427,500
2020-11-05 09:30:06.780,3.427,600
2020-11-05 09:30:06.820,3.427,600
2020-11-05 09:30:06.820,3.427,2000
2020-11-05 09:30:06.820,3.427,500
2020-11-05 09:30:06.850,3.427,2500
2020-11-05 09:30:06.850,3.427,7600
2020-11-05 09:30:06.890,3.427,1000
2020-11-05 09:30:06.890,3.427,300
2020-11-05 09:30:06.890,3.427,4000
2020-11-05 09:30:06.920,3.427,1200
2020-11-05 09:30:06.960,3.427,1000
2020-11-05 09:30:07.070,3.427,500
2020-11-05 09:30:07.070,3.427,10000
2020-11-05 09:30:07.110,3.427,400
2020-11-05 09:30:07.110,3.427,500
2020-11-05 09:30:07.140,3.427,8200
2020-11-05 09:30:07.210,3.427,2000
2020-11-05 09:30:07.250,3.427,1500
2020-11-05 09:30:07.250,3.427,3500
2020-11-05 09:30:07.320,3.427,21300
2020-11-05 09:30:07.350,3.428,1500
2020-11-05 09:30:07.350,3.428,4000
2020-11-05 09:30:07.350,3.428,800
2020-11-05 09:30:07.350,3.427,2000
2020-11-05 09:30:07.390,3.427,500
2020-11-05 09:30:07.390,3.427,100
2020-11-05 09:30:07.390,3.427,1000
2020-11-05 09:30:07.390,3.427,1500
2020-11-05 09:30:07.460,3.427,1000
2020-11-05 09:30:07.530,3.427,4900
2020-11-05 09:30:07.530,3.427,100
2020-11-05 09:30:07.530,3.427,100
2020-11-05 09:30:07.530,3.427,8700
2020-11-05 09:30:07.620,3.427,2000
2020-11-05 09:30:07.690,3.427,100
2020-11-05 09:30:07.690,3.427,100
2020-11-05 09:30:07.690,3.427,100
2020-11-05 09:30:07.760,3.427,100000
2020-11-05 09:30:07.900,3.427,3000
2020-11-05 09:30:07.930,3.427,3000
2020-11-05 09:30:08.000,3.427,300
2020-11-05 09:30:08.000,3.427,200
2020-11-05 09:30:08.000,3.427,200
2020-11-05 09:30:08.000,3.427,100
2020-11-05 09:30:08.000,3.428,9200
2020-11-05 09:30:08.000,3.428,300
2020-11-05 09:30:08.000,3.428,3000
2020-11-05 09:30:08.030,3.428,1700
2020-11-05 09:30:08.030,3.428,4000
2020-11-05 09:30:08.160,3.428,200
2020-11-05 09:30:08.300,3.428,11600
2020-11-05 09:30:08.300,3.427,3400
2020-11-05 09:30:08.330,3.427,5000
2020-11-05 09:30:08.330,3.427,1000
2020-11-05 09:30:08.330,3.427,500
2020-11-05 09:30:08.400,3.427,1500
2020-11-05 09:30:08.400,3.427,6400
2020-11-05 09:30:08.620,3.427,1600
2020-11-05 09:30:08.690,3.427,2000
2020-11-05 09:30:08.690,3.427,26400
2020-11-05 09:30:08.690,3.426,3200
2020-11-05 09:30:08.810,3.426,500
2020-11-05 09:30:08.840,3.426,800
2020-11-05 09:30:08.840,3.428,200
2020-11-05 09:30:08.880,3.428,1700
2020-11-05 09:30:08.880,3.426,1000
2020-11-05 09:30:09.000,3.426,15000
2020-11-05 09:30:09.000,3.426,200
2020-11-05 09:30:09.000,3.426,3000
2020-11-05 09:30:09.000,3.426,14700
2020-11-05 09:30:09.000,3.426,2900
2020-11-05 09:30:09.000,3.426,800
2020-11-05 09:30:09.000,3.426,39200
2020-11-05 09:30:09.000,3.426,10000
2020-11-05 09:30:09.000,3.426,28400
2020-11-05 09:30:09.000,3.425,22400
2020-11-05 09:30:09.090,3.425,200
2020-11-05 09:30:09.190,3.425,2000
2020-11-05 09:30:09.190,3.425,100
2020-11-05 09:30:09.190,3.425,10000
2020-11-05 09:30:09.380,3.425,100
2020-11-05 09:30:09.380,3.425,4000
2020-11-05 09:30:09.380,3.425,3000
2020-11-05 09:30:09.380,3.425,500
2020-11-05 09:30:09.410,3.425,3000
2020-11-05 09:30:09.480,3.425,500
2020-11-05 09:30:09.570,3.425,500
2020-11-05 09:30:09.570,3.425,100
2020-11-05 09:30:09.600,3.425,20000
2020-11-05 09:30:09.600,3.426,400
2020-11-05 09:30:09.660,3.426,3000
2020-11-05 09:30:09.730,3.426,400
2020-11-05 09:30:10.070,3.428,2200
2020-11-05 09:30:10.850,3.428,14400
2020-11-05 09:30:10.950,3.429,5000
2020-11-05 09:30:10.950,3.429,10000
2020-11-05 09:30:10.950,3.429,1000
2020-11-05 09:30:10.950,3.429,700
2020-11-05 09:30:10.950,3.429,2000
2020-11-05 09:30:10.950,3.429,5000
2020-11-05 09:30:10.950,3.429,1000
2020-11-05 09:30:10.950,3.429,1700
2020-11-05 09:30:10.950,3.429,10000
2020-11-05 09:30:10.950,3.429,3600
2020-11-05 09:30:11.330,3.428,8000
2020-11-05 09:30:11.330,3.428,100
2020-11-05 09:30:11.480,3.428,2500
2020-11-05 09:30:11.740,3.428,400
2020-11-05 09:30:11.770,3.428,400
2020-11-05 09:30:11.880,3.428,5000
2020-11-05 09:30:12.280,3.428,800
2020-11-05 09:30:12.310,3.428,1000
2020-11-05 09:30:12.310,3.428,400
2020-11-05 09:30:12.420,3.428,600
2020-11-05 09:30:12.670,3.428,100
2020-11-05 09:30:12.670,3.428,16200
2020-11-05 09:30:12.700,3.428,400
2020-11-05 09:30:12.840,3.428,100
2020-11-05 09:30:12.910,3.429,1400
2020-11-05 09:30:12.910,3.429,5000
2020-11-05 09:30:12.910,3.429,3600
2020-11-05 09:30:13.100,3.428,40000
2020-11-05 09:30:13.100,3.428,10400
2020-11-05 09:30:13.160,3.429,25000
2020-11-05 09:30:13.160,3.429,20000
2020-11-05 09:30:13.160,3.429,19100
2020-11-05 09:30:13.160,3.429,1000
2020-11-05 09:30:13.160,3.429,1200
2020-11-05 09:30:13.160,3.429,21900
2020-11-05 09:30:13.250,3.428,5000
2020-11-05 09:30:13.440,3.428,1000
2020-11-05 09:30:13.990,3.429,28100
2020-11-05 09:30:13.990,3.429,5000
2020-11-05 09:30:13.990,3.429,231400
2020-11-05 09:30:14.310,3.429,400
2020-11-05 09:30:14.350,3.429,15000
2020-11-05 09:30:14.540,3.429,3700
2020-11-05 09:30:14.890,3.429,100000
2020-11-05 09:30:14.990,3.429,2000
2020-11-05 09:30:15.060,3.429,14900
2020-11-05 09:30:15.060,3.429,2400
2020-11-05 09:30:15.120,3.429,100
2020-11-05 09:30:15.290,3.429,700
2020-11-05 09:30:15.290,3.429,1400
2020-11-05 09:30:15.320,3.429,5000
2020-11-05 09:30:15.490,3.429,20000
2020-11-05 09:30:15.490,3.429,4000
2020-11-05 09:30:15.490,3.429,1200
2020-11-05 09:30:15.850,3.429,300
2020-11-05 09:30:15.850,3.429,9000
2020-11-05 09:30:15.880,3.429,3000
2020-11-05 09:30:15.910,3.429,400
2020-11-05 09:30:16.110,3.43,1100
2020-11-05 09:30:16.110,3.43,2000
2020-11-05 09:30:16.110,3.43,200
2020-11-05 09:30:16.110,3.43,19000
2020-11-05 09:30:16.110,3.43,5000
2020-11-05 09:30:16.110,3.43,1700
2020-11-05 09:30:16.110,3.43,1700
2020-11-05 09:30:16.110,3.43,1300
2020-11-05 09:30:16.110,3.43,30000
2020-11-05 09:30:16.110,3.43,2000
2020-11-05 09:30:16.110,3.43,100
2020-11-05 09:30:16.110,3.43,10100
2020-11-05 09:30:16.110,3.43,5000
2020-11-05 09:30:16.110,3.43,100
2020-11-05 09:30:16.110,3.43,13000
2020-11-05 09:30:16.110,3.43,1500
2020-11-05 09:30:16.110,3.43,1500
2020-11-05 09:30:16.110,3.43,700
2020-11-05 09:30:16.110,3.43,10000
2020-11-05 09:30:16.110,3.43,10000
2020-11-05 09:30:16.110,3.43,3000
2020-11-05 09:30:16.110,3.43,4600
2020-11-05 09:30:16.110,3.43,500
2020-11-05 09:30:16.110,3.43,1500
2020-11-05 09:30:16.110,3.43,14000
2020-11-05 09:30:16.110,3.43,1000
2020-11-05 09:30:16.110,3.43,10000
2020-11-05 09:30:16.110,3.43,600
2020-11-05 09:30:16.110,3.43,10000
2020-11-05 09:30:16.110,3.43,10000
2020-11-05 09:30:16.110,3.43,5000
2020-11-05 09:30:16.110,3.43,100
2020-11-05 09:30:16.110,3.43,1500
2020-11-05 09:30:16.110,3.43,1600
2020-11-05 09:30:16.110,3.43,10000
2020-11-05 09:30:16.110,3.43,10000
2020-11-05 09:30:16.110,3.43,500
2020-11-05 09:30:16.110,3.43,100100
2020-11-05 09:30:16.140,3.43,22500
2020-11-05 09:30:16.210,3.429,5000
2020-11-05 09:30:16.310,3.429,3800
2020-11-05 09:30:16.480,3.43,27400
2020-11-05 09:30:16.480,3.43,10000
2020-11-05 09:30:16.480,3.43,500
2020-11-05 09:30:16.480,3.43,10000
2020-11-05 09:30:16.480,3.43,100
2020-11-05 09:30:16.480,3.43,10000
2020-11-05 09:30:16.480,3.43,1000
2020-11-05 09:30:16.480,3.43,4000
2020-11-05 09:30:16.480,3.43,30000
2020-11-05 09:30:16.480,3.43,500
2020-11-05 09:30:16.480,3.43,10000
2020-11-05 09:30:16.480,3.43,240000
2020-11-05 09:30:16.480,3.43,10300
2020-11-05 09:30:16.480,3.43,15300
2020-11-05 09:30:16.540,3.429,200
2020-11-05 09:30:16.670,3.429,10000
2020-11-05 09:30:16.970,3.429,149500
2020-11-05 09:30:17.140,3.429,1000
2020-11-05 09:30:17.140,3.429,500
2020-11-05 09:30:17.300,3.429,600
2020-11-05 09:30:17.360,3.429,1000
2020-11-05 09:30:17.520,3.429,14900
2020-11-05 09:30:17.650,3.429,300
2020-11-05 09:30:17.850,3.429,40000
2020-11-05 09:30:17.940,3.429,300
2020-11-05 09:30:17.970,3.429,100
2020-11-05 09:30:17.970,3.429,100
2020-11-05 09:30:18.010,3.429,500
2020-11-05 09:30:18.040,3.429,100
2020-11-05 09:30:18.040,3.43,4700
2020-11-05 09:30:18.040,3.43,100
2020-11-05 09:30:18.040,3.43,200
2020-11-05 09:30:18.040,3.43,300
2020-11-05 09:30:18.040,3.43,4800
2020-11-05 09:30:18.040,3.43,1500
2020-11-05 09:30:18.040,3.43,28400
2020-11-05 09:30:18.080,3.43,21600
2020-11-05 09:30:18.080,3.43,1000
2020-11-05 09:30:18.080,3.43,2000
2020-11-05 09:30:18.080,3.43,9900
2020-11-05 09:30:18.080,3.43,20000
2020-11-05 09:30:18.080,3.43,5000
2020-11-05 09:30:18.080,3.43,8000
2020-11-05 09:30:18.080,3.43,200
2020-11-05 09:30:18.080,3.43,1000
2020-11-05 09:30:18.080,3.43,40000
2020-11-05 09:30:18.080,3.43,25000
2020-11-05 09:30:18.080,3.43,800
2020-11-05 09:30:18.080,3.43,1000
2020-11-05 09:30:18.080,3.43,10000
2020-11-05 09:30:18.080,3.43,2100
2020-11-05 09:30:18.080,3.43,12000
2020-11-05 09:30:18.080,3.43,5000
2020-11-05 09:30:18.080,3.43,100
2020-11-05 09:30:18.080,3.43,2600
2020-11-05 09:30:18.080,3.43,1000
2020-11-05 09:30:18.080,3.43,8000
2020-11-05 09:30:18.080,3.43,500
2020-11-05 09:30:18.080,3.43,3000
2020-11-05 09:30:18.080,3.43,10000
2020-11-05 09:30:18.150,3.43,1800
2020-11-05 09:30:18.210,3.43,11300
2020-11-05 09:30:18.320,3.43,1000
2020-11-05 09:30:18.380,3.43,200
2020-11-05 09:30:18.560,3.43,30000
2020-11-05 09:30:18.750,3.43,1000
2020-11-05 09:30:18.870,3.43,200
2020-11-05 09:30:18.960,3.43,3000
2020-11-05 09:30:18.960,3.43,20000
2020-11-05 09:30:19.090,3.43,5000
2020-11-05 09:30:19.120,3.43,500
2020-11-05 09:30:19.360,3.43,11700
2020-11-05 09:30:19.390,3.43,2800
2020-11-05 09:30:19.490,3.43,900
2020-11-05 09:30:19.490,3.431,500
2020-11-05 09:30:19.490,3.431,1000
2020-11-05 09:30:19.490,3.431,10000
2020-11-05 09:30:19.490,3.431,600
2020-11-05 09:30:19.490,3.431,8000
2020-11-05 09:30:19.490,3.431,21400
2020-11-05 09:30:19.490,3.431,15000
2020-11-05 09:30:19.490,3.431,700
2020-11-05 09:30:19.490,3.431,500
2020-11-05 09:30:19.490,3.431,8000
2020-11-05 09:30:19.490,3.431,4000
2020-11-05 09:30:19.490,3.431,10000
2020-11-05 09:30:19.490,3.431,1000
2020-11-05 09:30:19.550,3.431,100
2020-11-05 09:30:19.580,3.431,500000
2020-11-05 09:30:19.690,3.431,300
2020-11-05 09:30:19.690,3.431,5000
2020-11-05 09:30:19.950,3.431,45000
2020-11-05 09:30:20.090,3.43,500
2020-11-05 09:30:20.150,3.43,15000
2020-11-05 09:30:20.270,3.43,7200
2020-11-05 09:30:20.330,3.43,1000
2020-11-05 09:30:20.520,3.43,10000
2020-11-05 09:30:20.710,3.43,1400
2020-11-05 09:30:20.760,3.43,100
2020-11-05 09:30:20.960,3.43,1000
2020-11-05 09:30:21.050,3.43,6000
2020-11-05 09:30:21.200,3.43,100
2020-11-05 09:30:21.300,3.43,15000
2020-11-05 09:30:21.300,3.43,3000
2020-11-05 09:30:21.360,3.43,1000
2020-11-05 09:30:21.620,3.43,500
2020-11-05 09:30:21.650,3.43,10000
2020-11-05 09:30:21.680,3.43,30000
2020-11-05 09:30:21.750,3.43,1000
2020-11-05 09:30:22.170,3.43,1000
2020-11-05 09:30:22.170,3.43,600
2020-11-05 09:30:22.200,3.432,5000
2020-11-05 09:30:22.200,3.432,6000
2020-11-05 09:30:22.200,3.432,100
2020-11-05 09:30:22.200,3.432,1800
2020-11-05 09:30:22.200,3.432,20000
2020-11-05 09:30:22.200,3.432,2200
2020-11-05 09:30:22.200,3.432,100
2020-11-05 09:30:22.200,3.432,1200
2020-11-05 09:30:22.200,3.432,1000
2020-11-05 09:30:22.200,3.432,10000
2020-11-05 09:30:22.200,3.432,500
2020-11-05 09:30:22.200,3.432,6200
2020-11-05 09:30:22.200,3.432,1100
2020-11-05 09:30:22.200,3.432,10000
2020-11-05 09:30:22.200,3.432,10000
2020-11-05 09:30:22.200,3.432,5000
2020-11-05 09:30:22.200,3.432,10000
2020-11-05 09:30:22.200,3.432,400
2020-11-05 09:30:22.200,3.432,12300
2020-11-05 09:30:22.200,3.432,6400
2020-11-05 09:30:22.460,3.432,20000
2020-11-05 09:30:22.490,3.432,1000
2020-11-05 09:30:22.490,3.432,2900
2020-11-05 09:30:23.240,3.431,400
2020-11-05 09:30:23.780,3.431,2000
2020-11-05 09:30:24.030,3.431,1000
2020-11-05 09:30:24.150,3.431,5000
2020-11-05 09:30:24.430,3.431,2000
2020-11-05 09:30:24.710,3.431,200
2020-11-05 09:30:24.770,3.431,400
2020-11-05 09:30:24.820,3.432,9400
2020-11-05 09:30:24.820,3.433,10000
2020-11-05 09:30:24.820,3.433,5400
2020-11-05 09:30:24.820,3.433,5000
2020-11-05 09:30:24.820,3.433,100
2020-11-05 09:30:24.820,3.433,12000
2020-11-05 09:30:24.820,3.433,5000
2020-11-05 09:30:24.820,3.433,10000
2020-11-05 09:30:24.820,3.433,11000
2020-11-05 09:30:24.820,3.433,5000
2020-11-05 09:30:24.820,3.433,100
2020-11-05 09:30:24.820,3.433,1000
2020-11-05 09:30:24.820,3.433,5000
2020-11-05 09:30:24.820,3.433,100000
2020-11-05 09:30:24.820,3.433,1100
2020-11-05 09:30:24.820,3.433,3500
2020-11-05 09:30:24.820,3.433,50000
2020-11-05 09:30:24.890,3.433,7600
2020-11-05 09:30:25.140,3.433,10000
2020-11-05 09:30:25.240,3.433,18800
2020-11-05 09:30:25.620,3.433,300
2020-11-05 09:30:25.620,3.433,300
2020-11-05 09:30:25.710,3.433,100
2020-11-05 09:30:25.710,3.433,10000
2020-11-05 09:30:26.200,3.433,1000
2020-11-05 09:30:26.290,3.433,4300
2020-11-05 09:30:26.320,3.434,11000
2020-11-05 09:30:26.320,3.434,200
2020-11-05 09:30:26.560,3.433,1000
2020-11-05 09:30:26.560,3.433,700
2020-11-05 09:30:26.710,3.433,71700
2020-11-05 09:30:26.710,3.433,3000
2020-11-05 09:30:26.930,3.433,9000
2020-11-05 09:30:27.080,3.433,30000
2020-11-05 09:30:27.180,3.432,300
2020-11-05 09:30:27.470,3.432,500
2020-11-05 09:30:27.530,3.432,10000
2020-11-05 09:30:27.530,3.434,100
2020-11-05 09:30:27.530,3.434,100
2020-11-05 09:30:27.530,3.434,100
2020-11-05 09:30:27.530,3.434,10000
2020-11-05 09:30:27.530,3.434,9700
2020-11-05 09:30:28.000,3.432,4200
2020-11-05 09:30:28.000,3.432,10800
2020-11-05 09:30:28.160,3.432,5000
2020-11-05 09:30:28.160,3.434,300
2020-11-05 09:30:28.160,3.434,4000
2020-11-05 09:30:28.160,3.434,600
2020-11-05 09:30:28.160,3.434,200
2020-11-05 09:30:28.160,3.434,18400
2020-11-05 09:30:28.160,3.434,500
2020-11-05 09:30:28.160,3.434,6500
2020-11-05 09:30:28.160,3.434,500
2020-11-05 09:30:28.160,3.434,20000
2020-11-05 09:30:28.160,3.434,5000
2020-11-05 09:30:28.250,3.434,3000
2020-11-05 09:30:28.340,3.434,1100
2020-11-05 09:30:28.340,3.434,100000
2020-11-05 09:30:28.410,3.434,7200
2020-11-05 09:30:28.410,3.434,1500
2020-11-05 09:30:28.530,3.434,100
2020-11-05 09:30:28.810,3.434,100
2020-11-05 09:30:28.940,3.434,2000
2020-11-05 09:30:28.940,3.434,10000
2020-11-05 09:30:28.980,3.434,1000
2020-11-05 09:30:29.010,3.434,18800
2020-11-05 09:30:29.010,3.434,99200
2020-11-05 09:30:29.370,3.433,1300
2020-11-05 09:30:29.370,3.433,4000
2020-11-05 09:30:29.600,3.432,34900
2020-11-05 09:30:29.960,3.432,200
2020-11-05 09:30:30.170,3.432,1000
2020-11-05 09:30:30.170,3.432,800
2020-11-05 09:30:30.430,3.432,5000
2020-11-05 09:30:31.180,3.432,10000
2020-11-05 09:30:31.270,3.432,100
2020-11-05 09:30:31.890,3.432,40000
2020-11-05 09:30:31.890,3.432,50000
2020-11-05 09:30:31.920,3.432,500
2020-11-05 09:30:32.440,3.432,2000
2020-11-05 09:30:32.620,3.432,4000
2020-11-05 09:30:32.620,3.433,4400
2020-11-05 09:30:32.810,3.432,20000
2020-11-05 09:30:32.810,3.432,10000
2020-11-05 09:30:32.810,3.432,5000
2020-11-05 09:30:32.810,3.432,3000
2020-11-05 09:30:32.970,3.432,300
2020-11-05 09:30:33.090,3.432,2600
2020-11-05 09:30:33.090,3.432,400
2020-11-05 09:30:33.510,3.433,41600
2020-11-05 09:30:33.510,3.433,1200
2020-11-05 09:30:33.510,3.433,2000
2020-11-05 09:30:33.510,3.433,15000
2020-11-05 09:30:33.510,3.433,600
2020-11-05 09:30:33.510,3.433,10000
2020-11-05 09:30:33.510,3.433,6200
2020-11-05 09:30:33.510,3.433,33900
2020-11-05 09:30:33.710,3.432,2600
2020-11-05 09:30:33.710,3.432,500
2020-11-05 09:30:33.710,3.432,6000
2020-11-05 09:30:33.710,3.431,4000
2020-11-05 09:30:33.710,3.431,200
2020-11-05 09:30:33.710,3.43,1000
2020-11-05 09:30:33.860,3.43,100
2020-11-05 09:30:34.010,3.432,500
2020-11-05 09:30:34.010,3.432,500
2020-11-05 09:30:34.090,3.433,44000
2020-11-05 09:30:34.090,3.432,4600
2020-11-05 09:30:34.090,3.43,400
2020-11-05 09:30:34.240,3.43,1000
2020-11-05 09:30:34.240,3.43,500
2020-11-05 09:30:34.240,3.43,400
2020-11-05 09:30:34.380,3.433,5000
2020-11-05 09:30:34.380,3.433,17100
2020-11-05 09:30:34.380,3.433,800
2020-11-05 09:30:34.380,3.433,2000
2020-11-05 09:30:34.750,3.433,10000
2020-11-05 09:30:34.910,3.433,100
2020-11-05 09:30:34.970,3.433,5000
2020-11-05 09:30:35.040,3.434,8000
2020-11-05 09:30:35.040,3.434,2000
2020-11-05 09:30:35.210,3.433,100
2020-11-05 09:30:35.210,3.433,1600
2020-11-05 09:30:35.240,3.433,3200
2020-11-05 09:30:35.340,3.433,12000
2020-11-05 09:30:35.360,3.433,4000
2020-11-05 09:30:35.360,3.432,3200
2020-11-05 09:30:35.520,3.433,300
2020-11-05 09:30:35.670,3.432,1000
2020-11-05 09:30:36.000,3.433,2500
2020-11-05 09:30:36.230,3.433,500
2020-11-05 09:30:36.540,3.433,19000
2020-11-05 09:30:36.540,3.433,1000
2020-11-05 09:30:36.540,3.433,10000
2020-11-05 09:30:36.600,3.433,3000
2020-11-05 09:30:37.100,3.433,1000
2020-11-05 09:30:37.100,3.433,1000
2020-11-05 09:30:37.220,3.433,4000
2020-11-05 09:30:37.330,3.433,13800
2020-11-05 09:30:37.330,3.433,500
2020-11-05 09:30:37.360,3.433,1000
2020-11-05 09:30:37.360,3.433,1000
2020-11-05 09:30:37.420,3.433,30000
2020-11-05 09:30:37.630,3.433,500
2020-11-05 09:30:37.720,3.433,33100
2020-11-05 09:30:38.220,3.433,2900
2020-11-05 09:30:38.310,3.432,2000
2020-11-05 09:30:38.760,3.432,20000
2020-11-05 09:30:38.790,3.433,14000
2020-11-05 09:30:38.820,3.433,68400
2020-11-05 09:30:38.990,3.433,30000
2020-11-05 09:30:39.060,3.433,3000
2020-11-05 09:30:39.120,3.433,10000
2020-11-05 09:30:39.120,3.433,1000
2020-11-05 09:30:39.120,3.433,20000
2020-11-05 09:30:39.230,3.433,2600
2020-11-05 09:30:39.290,3.433,1000
2020-11-05 09:30:39.290,3.433,4000
2020-11-05 09:30:39.410,3.433,100
2020-11-05 09:30:39.540,3.433,100
2020-11-05 09:30:39.680,3.433,5000
2020-11-05 09:30:39.720,3.433,1000
2020-11-05 09:30:39.720,3.433,3000
2020-11-05 09:30:39.810,3.433,5000
2020-11-05 09:30:40.200,3.433,700
2020-11-05 09:30:40.270,3.434,1500
2020-11-05 09:30:40.290,3.433,2000
2020-11-05 09:30:40.380,3.433,20000
2020-11-05 09:30:40.590,3.433,19000
2020-11-05 09:30:40.910,3.433,15000
2020-11-05 09:30:40.980,3.433,300
2020-11-05 09:30:41.100,3.433,500
2020-11-05 09:30:42.220,3.433,6900
2020-11-05 09:30:42.220,3.432,200
2020-11-05 09:30:42.220,3.432,5000
2020-11-05 09:30:42.220,3.432,87900
2020-11-05 09:30:42.340,3.432,5000
2020-11-05 09:30:42.670,3.433,200
2020-11-05 09:30:42.820,3.433,800
2020-11-05 09:30:42.820,3.432,4100
2020-11-05 09:30:42.970,3.432,2000
2020-11-05 09:30:43.230,3.433,10000
2020-11-05 09:30:43.330,3.433,800
2020-11-05 09:30:43.330,3.433,10000
2020-11-05 09:30:44.070,3.433,1600
2020-11-05 09:30:44.150,3.433,100
2020-11-05 09:30:44.220,3.433,8500
2020-11-05 09:30:44.220,3.432,1500
2020-11-05 09:30:44.330,3.432,5600
2020-11-05 09:30:44.930,3.432,1000
2020-11-05 09:30:45.030,3.431,600
2020-11-05 09:30:45.570,3.432,2100
2020-11-05 09:30:45.660,3.432,1500
2020-11-05 09:30:45.740,3.432,200
2020-11-05 09:30:45.770,3.432,30000
2020-11-05 09:30:47.360,3.431,100000
2020-11-05 09:30:47.510,3.432,1600
2020-11-05 09:30:47.570,3.431,2200
2020-11-05 09:30:47.810,3.431,10000
2020-11-05 09:30:48.020,3.431,100
2020-11-05 09:30:48.180,3.431,17000
2020-11-05 09:30:48.780,3.432,44400
2020-11-05 09:30:48.780,3.432,400
2020-11-05 09:30:48.780,3.432,200
2020-11-05 09:30:48.780,3.432,800
2020-11-05 09:30:48.780,3.432,1000
2020-11-05 09:30:48.780,3.432,1100
2020-11-05 09:30:48.780,3.432,1000
2020-11-05 09:30:48.780,3.432,17700
2020-11-05 09:30:48.870,3.433,100
2020-11-05 09:30:48.870,3.433,1800
2020-11-05 09:30:48.870,3.433,1000
2020-11-05 09:30:48.870,3.433,46800
2020-11-05 09:30:48.930,3.433,3200
2020-11-05 09:30:48.930,3.433,20000
2020-11-05 09:30:48.930,3.433,100
2020-11-05 09:30:48.930,3.433,2300
2020-11-05 09:30:48.930,3.433,500
2020-11-05 09:30:48.930,3.433,800
2020-11-05 09:30:48.930,3.433,2400
2020-11-05 09:30:48.930,3.433,270700
2020-11-05 09:30:49.170,3.432,10000
2020-11-05 09:30:49.300,3.432,3000
2020-11-05 09:30:49.350,3.433,2000
2020-11-05 09:30:49.910,3.433,5000
2020-11-05 09:30:50.490,3.432,100000
2020-11-05 09:30:50.490,3.432,3000
2020-11-05 09:30:50.560,3.432,13400
2020-11-05 09:30:50.620,3.432,10300
2020-11-05 09:30:50.800,3.432,500
2020-11-05 09:30:50.900,3.432,5000
2020-11-05 09:30:50.960,3.431,5000
2020-11-05 09:30:51.500,3.432,4500
2020-11-05 09:30:51.500,3.432,7000
2020-11-05 09:30:51.620,3.431,2000
2020-11-05 09:30:51.800,3.431,5000
2020-11-05 09:30:51.830,3.431,200
2020-11-05 09:30:51.980,3.432,10000
2020-11-05 09:30:52.610,3.431,9000
2020-11-05 09:30:52.820,3.432,33000
2020-11-05 09:30:52.820,3.432,1200
2020-11-05 09:30:52.820,3.432,200
2020-11-05 09:30:52.820,3.432,10000
2020-11-05 09:30:52.820,3.432,3800
2020-11-05 09:30:52.820,3.433,251800
2020-11-05 09:30:53.040,3.431,1000
2020-11-05 09:30:53.220,3.431,10000
2020-11-05 09:30:53.500,3.431,500
2020-11-05 09:30:54.140,3.431,15000
2020-11-05 09:30:54.230,3.431,1000
2020-11-05 09:30:54.330,3.431,7300
2020-11-05 09:30:54.420,3.431,50000
2020-11-05 09:30:54.540,3.432,20000
2020-11-05 09:30:54.630,3.432,1600
2020-11-05 09:30:54.800,3.432,5000
2020-11-05 09:30:54.890,3.432,1000
2020-11-05 09:30:54.950,3.432,1500
2020-11-05 09:30:55.200,3.432,10000
2020-11-05 09:30:55.260,3.432,34000
2020-11-05 09:30:55.470,3.432,3000
2020-11-05 09:30:55.500,3.433,10000
2020-11-05 09:30:55.880,3.432,28700
2020-11-05 09:30:55.880,3.432,171300
2020-11-05 09:30:55.950,3.432,47200
2020-11-05 09:30:56.130,3.432,10000
2020-11-05 09:30:56.330,3.432,50000
2020-11-05 09:30:56.420,3.432,10000
2020-11-05 09:30:56.440,3.432,10000
2020-11-05 09:30:56.640,3.432,100
2020-11-05 09:30:56.750,3.433,26300
2020-11-05 09:30:56.780,3.432,1000
2020-11-05 09:30:56.810,3.432,1600
2020-11-05 09:30:56.810,3.432,8400
2020-11-05 09:30:56.840,3.432,1600
2020-11-05 09:30:56.840,3.431,3000
2020-11-05 09:30:57.370,3.43,14500
2020-11-05 09:30:58.230,3.431,2500
2020-11-05 09:30:58.230,3.431,500
2020-11-05 09:30:58.800,3.43,5000
2020-11-05 09:30:59.150,3.43,10500
2020-11-05 09:30:59.210,3.43,15000
2020-11-05 09:30:59.210,3.43,6000
2020-11-05 09:30:59.240,3.43,5000
2020-11-05 09:31:00.550,3.43,7400
2020-11-05 09:31:00.710,3.43,200
2020-11-05 09:31:01.500,3.43,100
2020-11-05 09:31:01.560,3.429,200
2020-11-05 09:31:01.560,3.429,14800
2020-11-05 09:31:01.850,3.43,5000
2020-11-05 09:31:02.090,3.43,200
2020-11-05 09:31:02.690,3.429,14700
2020-11-05 09:31:03.780,3.43,19300
2020-11-05 09:31:04.500,3.43,145500
2020-11-05 09:31:04.590,3.429,10500
2020-11-05 09:31:04.590,3.429,9500
2020-11-05 09:31:04.740,3.429,100
2020-11-05 09:31:05.000,3.429,300
2020-11-05 09:31:05.000,3.429,200
2020-11-05 09:31:05.000,3.429,700
2020-11-05 09:31:05.000,3.429,200
2020-11-05 09:31:05.000,3.429,2000
2020-11-05 09:31:05.630,3.429,3500
2020-11-05 09:31:06.110,3.429,2900
2020-11-05 09:31:06.170,3.429,100
2020-11-05 09:31:06.290,3.429,20500
2020-11-05 09:31:06.290,3.428,40000
2020-11-05 09:31:06.290,3.428,19500
2020-11-05 09:31:06.450,3.428,15600
2020-11-05 09:31:08.030,3.429,16600
2020-11-05 09:31:08.030,3.429,10000
2020-11-05 09:31:08.030,3.429,4300
2020-11-05 09:31:08.030,3.429,900
2020-11-05 09:31:08.030,3.429,3000
2020-11-05 09:31:08.030,3.429,1000
2020-11-05 09:31:08.030,3.429,200
2020-11-05 09:31:08.030,3.429,8200
2020-11-05 09:31:08.090,3.429,100
2020-11-05 09:31:08.220,3.429,300
2020-11-05 09:31:08.240,3.429,10000
2020-11-05 09:31:08.700,3.429,56700
2020-11-05 09:31:08.850,3.43,85800
2020-11-05 09:31:08.850,3.43,10000
2020-11-05 09:31:08.850,3.43,500
2020-11-05 09:31:08.850,3.43,30000
2020-11-05 09:31:08.850,3.43,300
2020-11-05 09:31:08.850,3.43,5000
2020-11-05 09:31:08.850,3.43,6000
2020-11-05 09:31:08.850,3.43,100
2020-11-05 09:31:08.850,3.43,200
2020-11-05 09:31:08.850,3.43,2000
2020-11-05 09:31:08.850,3.43,200
2020-11-05 09:31:08.850,3.43,500
2020-11-05 09:31:08.850,3.43,3900
2020-11-05 09:31:08.850,3.43,2000
2020-11-05 09:31:08.850,3.43,2000
2020-11-05 09:31:08.850,3.43,30000
2020-11-05 09:31:08.850,3.43,5600
2020-11-05 09:31:08.850,3.43,2200
2020-11-05 09:31:08.850,3.43,50000
2020-11-05 09:31:08.850,3.43,5500
2020-11-05 09:31:08.850,3.43,4300
2020-11-05 09:31:08.850,3.43,1000
2020-11-05 09:31:08.850,3.43,2500
2020-11-05 09:31:08.850,3.43,34200
2020-11-05 09:31:08.850,3.43,400
2020-11-05 09:31:08.850,3.43,5000
2020-11-05 09:31:08.850,3.43,10000
2020-11-05 09:31:08.850,3.43,4000
2020-11-05 09:31:08.850,3.43,2000
2020-11-05 09:31:08.850,3.43,5000
2020-11-05 09:31:08.850,3.43,5000
2020-11-05 09:31:08.910,3.43,10400
2020-11-05 09:31:08.970,3.43,200
2020-11-05 09:31:09.100,3.43,5000
2020-11-05 09:31:09.230,3.43,50000
2020-11-05 09:31:09.230,3.43,2000
2020-11-05 09:31:09.230,3.43,5000
2020-11-05 09:31:09.280,3.43,1000
2020-11-05 09:31:09.340,3.43,4900
2020-11-05 09:31:09.470,3.43,1000
2020-11-05 09:31:09.470,3.43,156400
2020-11-05 09:31:09.640,3.43,500
2020-11-05 09:31:09.720,3.43,1700
2020-11-05 09:31:09.720,3.43,2000
2020-11-05 09:31:09.790,3.43,5000
2020-11-05 09:31:09.910,3.43,1000
2020-11-05 09:31:09.960,3.43,100
2020-11-05 09:31:09.990,3.43,2900
2020-11-05 09:31:10.080,3.43,33900
2020-11-05 09:31:10.080,3.431,500
2020-11-05 09:31:10.110,3.43,1000
2020-11-05 09:31:10.140,3.43,800
2020-11-05 09:31:10.140,3.43,1500
2020-11-05 09:31:10.200,3.43,200
2020-11-05 09:31:10.390,3.43,6000
2020-11-05 09:31:10.450,3.43,3000
2020-11-05 09:31:10.770,3.43,3000
2020-11-05 09:31:11.410,3.43,100000
2020-11-05 09:31:11.580,3.43,5400
2020-11-05 09:31:11.800,3.43,8000
2020-11-05 09:31:11.890,3.43,2500
2020-11-05 09:31:11.990,3.43,1000
2020-11-05 09:31:11.990,3.43,9000
2020-11-05 09:31:12.050,3.43,500
2020-11-05 09:31:12.090,3.43,700
2020-11-05 09:31:12.150,3.431,1000
2020-11-05 09:31:12.220,3.43,2000
2020-11-05 09:31:12.320,3.43,100000
2020-11-05 09:31:12.470,3.43,500
2020-11-05 09:31:12.500,3.43,9000
2020-11-05 09:31:12.530,3.43,5000
2020-11-05 09:31:12.760,3.43,1000
2020-11-05 09:31:12.790,3.43,41700
2020-11-05 09:31:13.180,3.43,1000
2020-11-05 09:31:13.420,3.428,6200
2020-11-05 09:31:13.440,3.43,5000
2020-11-05 09:31:14.480,3.429,5000
2020-11-05 09:31:14.510,3.43,1000
2020-11-05 09:31:14.630,3.43,600
2020-11-05 09:31:14.840,3.429,5000
2020-11-05 09:31:15.990,3.428,3200
2020-11-05 09:31:16.120,3.429,800
2020-11-05 09:31:16.120,3.429,2200
2020-11-05 09:31:16.250,3.428,100
2020-11-05 09:31:17.840,3.429,5000
2020-11-05 09:31:17.840,3.429,17800
2020-11-05 09:31:17.840,3.429,2900
2020-11-05 09:31:17.840,3.429,4300
2020-11-05 09:31:18.080,3.429,20000
2020-11-05 09:31:18.140,3.428,12000
2020-11-05 09:31:18.180,3.428,7600
2020-11-05 09:31:18.390,3.429,600
2020-11-05 09:31:18.390,3.428,800
2020-11-05 09:31:21.510,3.427,4000
2020-11-05 09:31:22.350,3.426,100
2020-11-05 09:31:22.470,3.425,100
2020-11-05 09:31:22.470,3.425,2300
2020-11-05 09:31:23.780,3.426,1000
2020-11-05 09:31:23.870,3.425,10000
2020-11-05 09:31:24.030,3.425,3000
2020-11-05 09:31:24.370,3.426,8900
2020-11-05 09:31:24.370,3.426,15000
2020-11-05 09:31:24.370,3.426,900
2020-11-05 09:31:24.460,3.427,5000
2020-11-05 09:31:25.360,3.427,1000
2020-11-05 09:31:25.360,3.427,1000
2020-11-05 09:31:26.160,3.427,2000
2020-11-05 09:31:26.190,3.428,100
2020-11-05 09:31:26.350,3.427,8900
2020-11-05 09:31:26.430,3.427,5000
2020-11-05 09:31:26.490,3.427,50000
2020-11-05 09:31:26.560,3.427,1000
2020-11-05 09:31:26.590,3.427,800
2020-11-05 09:31:26.800,3.427,225300
2020-11-05 09:31:26.830,3.426,2000
2020-11-05 09:31:27.020,3.426,400
2020-11-05 09:31:27.020,3.426,400
2020-11-05 09:31:27.080,3.426,1500
2020-11-05 09:31:27.620,3.426,100
2020-11-05 09:31:27.620,3.426,1400
2020-11-05 09:31:27.780,3.426,1000
2020-11-05 09:31:27.860,3.426,100
2020-11-05 09:31:27.930,3.426,8300
2020-11-05 09:31:27.930,3.426,100
2020-11-05 09:31:27.930,3.425,24700
2020-11-05 09:31:27.930,3.425,30000
2020-11-05 09:31:27.930,3.424,600
2020-11-05 09:31:27.930,3.424,436300
2020-11-05 09:31:29.190,3.425,200
2020-11-05 09:31:29.190,3.426,2000
2020-11-05 09:31:29.190,3.426,2800
2020-11-05 09:31:29.770,3.425,40000
2020-11-05 09:31:30.020,3.425,11600
2020-11-05 09:31:32.540,3.424,4100
2020-11-05 09:31:32.850,3.425,8000
2020-11-05 09:31:33.240,3.424,7000
2020-11-05 09:31:34.010,3.424,1700
2020-11-05 09:31:34.080,3.425,15000
2020-11-05 09:31:34.110,3.424,600
2020-11-05 09:31:34.140,3.424,23000
2020-11-05 09:31:35.090,3.423,300
2020-11-05 09:31:36.050,3.424,100
2020-11-05 09:31:36.050,3.424,200
2020-11-05 09:31:36.050,3.424,4000
2020-11-05 09:31:36.050,3.424,3200
2020-11-05 09:31:36.050,3.424,2000
2020-11-05 09:31:36.050,3.425,100900
2020-11-05 09:31:37.200,3.423,10000
2020-11-05 09:31:37.440,3.424,2700
2020-11-05 09:31:37.500,3.423,600
2020-11-05 09:31:37.500,3.423,500
2020-11-05 09:31:37.530,3.424,300
2020-11-05 09:31:37.530,3.424,1500
2020-11-05 09:31:37.710,3.423,100
2020-11-05 09:31:37.920,3.423,14800
2020-11-05 09:31:38.140,3.422,200
2020-11-05 09:31:38.800,3.422,2400
2020-11-05 09:31:38.800,3.422,100
2020-11-05 09:31:39.450,3.422,100
2020-11-05 09:31:39.450,3.422,2000
2020-11-05 09:31:39.450,3.422,900
2020-11-05 09:31:40.460,3.422,400
2020-11-05 09:31:40.460,3.422,200
2020-11-05 09:31:40.550,3.422,800
2020-11-05 09:31:40.550,3.422,800
2020-11-05 09:31:40.550,3.422,300
2020-11-05 09:31:40.550,3.422,200
2020-11-05 09:31:40.580,3.421,1300
2020-11-05 09:31:40.610,3.421,500
2020-11-05 09:31:40.610,3.421,1300
2020-11-05 09:31:40.610,3.421,200
2020-11-05 09:31:40.730,3.421,6700
2020-11-05 09:31:40.730,3.421,2600
2020-11-05 09:31:40.730,3.421,24900
2020-11-05 09:31:40.730,3.42,200
2020-11-05 09:31:40.730,3.42,10000
2020-11-05 09:31:40.730,3.42,5600
2020-11-05 09:31:40.960,3.422,400
2020-11-05 09:31:41.240,3.421,300
2020-11-05 09:31:41.240,3.421,200
2020-11-05 09:31:41.240,3.421,600
2020-11-05 09:31:41.300,3.422,200
2020-11-05 09:31:41.300,3.422,1000
2020-11-05 09:31:41.300,3.422,800
2020-11-05 09:31:41.300,3.422,800
2020-11-05 09:31:41.300,3.422,2900
2020-11-05 09:31:41.300,3.422,800
2020-11-05 09:31:41.300,3.422,500
2020-11-05 09:31:41.300,3.422,500
2020-11-05 09:31:41.300,3.422,800
2020-11-05 09:31:41.300,3.422,1100
2020-11-05 09:31:41.300,3.422,800
2020-11-05 09:31:41.300,3.422,100
2020-11-05 09:31:41.300,3.422,800
2020-11-05 09:31:41.300,3.422,1000
2020-11-05 09:31:41.300,3.422,300
2020-11-05 09:31:41.300,3.422,800
2020-11-05 09:31:41.300,3.422,200
2020-11-05 09:31:41.300,3.422,200
2020-11-05 09:31:41.300,3.422,800
2020-11-05 09:31:41.300,3.422,800
2020-11-05 09:31:41.300,3.422,800
2020-11-05 09:31:41.300,3.422,700
2020-11-05 09:31:41.300,3.422,800
2020-11-05 09:31:41.300,3.422,2000
2020-11-05 09:31:41.300,3.423,500
2020-11-05 09:31:41.420,3.421,800
2020-11-05 09:31:41.720,3.42,9400
2020-11-05 09:31:41.720,3.42,1000
2020-11-05 09:31:41.720,3.42,20000
2020-11-05 09:31:41.720,3.42,1200
2020-11-05 09:31:41.720,3.42,3000
2020-11-05 09:31:41.720,3.42,100
2020-11-05 09:31:41.720,3.42,5400
2020-11-05 09:31:41.720,3.42,259900
2020-11-05 09:31:42.470,3.421,2000
2020-11-05 09:31:42.470,3.422,3000
2020-11-05 09:31:42.470,3.423,252600
2020-11-05 09:31:42.470,3.423,500
2020-11-05 09:31:42.470,3.423,14000
2020-11-05 09:31:42.470,3.423,3000
2020-11-05 09:31:42.470,3.423,20000
2020-11-05 09:31:42.470,3.423,4900
2020-11-05 09:31:42.560,3.423,5000
2020-11-05 09:31:42.900,3.423,5300
2020-11-05 09:31:43.520,3.422,5000
2020-11-05 09:31:43.520,3.422,900
2020-11-05 09:31:43.580,3.422,800
2020-11-05 09:31:43.670,3.422,24200
2020-11-05 09:31:43.730,3.422,12700
2020-11-05 09:31:43.930,3.422,4500
2020-11-05 09:31:44.240,3.422,100
2020-11-05 09:31:44.680,3.422,100
2020-11-05 09:31:44.980,3.422,100
2020-11-05 09:31:45.260,3.423,1500
2020-11-05 09:31:45.260,3.422,800
2020-11-05 09:31:45.290,3.422,5400
2020-11-05 09:31:45.540,3.422,100
2020-11-05 09:31:45.540,3.422,6000
2020-11-05 09:31:45.600,3.423,5000
2020-11-05 09:31:45.660,3.422,47000
2020-11-05 09:31:45.780,3.422,100
2020-11-05 09:31:46.220,3.422,10000
2020-11-05 09:31:46.770,3.422,100
2020-11-05 09:31:46.770,3.422,16300
2020-11-05 09:31:46.820,3.422,3200
2020-11-05 09:31:46.850,3.422,3000
2020-11-05 09:31:46.880,3.422,800
2020-11-05 09:31:47.210,3.422,3000
2020-11-05 09:31:47.350,3.422,30000
2020-11-05 09:31:47.380,3.422,10000
2020-11-05 09:31:47.540,3.422,2000
2020-11-05 09:31:47.780,3.422,100
2020-11-05 09:31:49.010,3.422,90000
2020-11-05 09:31:49.100,3.422,300
2020-11-05 09:31:49.220,3.422,23400
2020-11-05 09:31:49.220,3.422,6000
2020-11-05 09:31:49.220,3.421,52400
2020-11-05 09:31:49.220,3.423,3000
2020-11-05 09:31:49.550,3.421,50000
2020-11-05 09:31:49.910,3.421,144300
2020-11-05 09:31:49.940,3.422,100
2020-11-05 09:31:50.620,3.421,15500
2020-11-05 09:31:51.150,3.422,900
2020-11-05 09:31:51.150,3.422,1100
2020-11-05 09:31:51.300,3.421,5000
2020-11-05 09:31:51.880,3.422,1200
2020-11-05 09:31:52.030,3.422,700
2020-11-05 09:31:52.030,3.422,1000
2020-11-05 09:31:52.030,3.422,500
2020-11-05 09:31:52.030,3.422,1000
2020-11-05 09:31:52.030,3.422,100
2020-11-05 09:31:52.030,3.422,5000
2020-11-05 09:31:52.030,3.422,1100
2020-11-05 09:31:52.030,3.422,3000
2020-11-05 09:31:52.030,3.422,3000
2020-11-05 09:31:52.030,3.423,14600
2020-11-05 09:31:52.120,3.422,1000
2020-11-05 09:31:52.120,3.421,14400
2020-11-05 09:31:52.540,3.421,4000
2020-11-05 09:31:52.560,3.421,3000
2020-11-05 09:31:53.140,3.422,3000
2020-11-05 09:31:53.170,3.422,1800
2020-11-05 09:31:54.250,3.421,300
2020-11-05 09:31:54.280,3.421,10000
2020-11-05 09:31:54.370,3.421,1100
2020-11-05 09:31:54.370,3.421,1500
2020-11-05 09:31:54.370,3.421,100
2020-11-05 09:31:54.370,3.421,300
2020-11-05 09:31:54.520,3.422,200
2020-11-05 09:31:54.520,3.422,3000
2020-11-05 09:31:54.520,3.422,5600
2020-11-05 09:31:54.710,3.422,23600
2020-11-05 09:31:54.710,3.422,100
2020-11-05 09:31:54.710,3.422,5000
2020-11-05 09:31:54.710,3.422,7100
2020-11-05 09:31:54.710,3.422,5000
2020-11-05 09:31:54.710,3.422,19800
2020-11-05 09:31:54.750,3.421,3000
2020-11-05 09:31:54.940,3.421,10000
2020-11-05 09:31:55.110,3.421,5800
2020-11-05 09:31:55.650,3.421,18400
2020-11-05 09:31:55.680,3.421,10000
2020-11-05 09:31:56.080,3.421,10000
2020-11-05 09:31:56.320,3.421,2000
2020-11-05 09:31:56.440,3.421,2000
2020-11-05 09:31:56.470,3.421,9200
2020-11-05 09:31:57.100,3.422,2000
2020-11-05 09:31:57.100,3.422,3000
2020-11-05 09:31:57.100,3.422,1500
2020-11-05 09:31:57.100,3.422,1300
2020-11-05 09:31:57.340,3.421,15000
2020-11-05 09:31:57.460,3.421,3000
2020-11-05 09:31:57.960,3.421,15000
2020-11-05 09:31:57.990,3.421,700
2020-11-05 09:31:58.840,3.421,500
2020-11-05 09:31:58.960,3.421,3700
2020-11-05 09:31:58.960,3.422,28700
2020-11-05 09:31:58.960,3.422,2000
2020-11-05 09:31:58.960,3.422,7400
2020-11-05 09:31:58.960,3.422,500
2020-11-05 09:31:58.960,3.422,3100
2020-11-05 09:31:58.960,3.422,8300
2020-11-05 09:31:58.960,3.422,6000
2020-11-05 09:31:58.960,3.422,15000
2020-11-05 09:31:58.960,3.422,1900
2020-11-05 09:31:58.960,3.422,14700
2020-11-05 09:31:58.960,3.422,10000
2020-11-05 09:31:58.960,3.422,200
2020-11-05 09:31:58.960,3.422,2200
2020-11-05 09:31:59.050,3.422,28300
2020-11-05 09:31:59.050,3.422,1700
2020-11-05 09:31:59.290,3.421,41400
2020-11-05 09:31:59.290,3.421,1600
2020-11-05 09:31:59.350,3.421,9000
2020-11-05 09:31:59.460,3.421,2900
2020-11-05 09:31:59.490,3.422,300
2020-11-05 09:31:59.660,3.421,1500
2020-11-05 09:32:00.210,3.421,5900
2020-11-05 09:32:00.270,3.421,20000
2020-11-05 09:32:00.360,3.421,3000
2020-11-05 09:32:00.600,3.421,1500
2020-11-05 09:32:00.630,3.421,200
2020-11-05 09:32:00.750,3.421,4400
2020-11-05 09:32:00.750,3.421,5600
2020-11-05 09:32:00.750,3.421,4400
2020-11-05 09:32:00.750,3.421,600
2020-11-05 09:32:01.220,3.421,4400
2020-11-05 09:32:01.250,3.42,1000
2020-11-05 09:32:01.250,3.42,3000
2020-11-05 09:32:01.250,3.42,300
2020-11-05 09:32:01.250,3.42,40000
2020-11-05 09:32:01.250,3.42,20000
2020-11-05 09:32:01.250,3.42,8000
2020-11-05 09:32:01.250,3.42,10000
2020-11-05 09:32:01.250,3.42,900000
2020-11-05 09:32:01.440,3.42,17700
2020-11-05 09:32:01.440,3.42,5900
2020-11-05 09:32:01.990,3.421,1600
2020-11-05 09:32:01.990,3.421,400
2020-11-05 09:32:01.990,3.421,3900
2020-11-05 09:32:01.990,3.421,2000
2020-11-05 09:32:01.990,3.421,2000
2020-11-05 09:32:01.990,3.421,100
2020-11-05 09:32:02.020,3.421,20000
2020-11-05 09:32:02.100,3.421,29900
2020-11-05 09:32:02.100,3.421,3300
2020-11-05 09:32:02.100,3.421,4500
2020-11-05 09:32:02.100,3.421,200
2020-11-05 09:32:02.100,3.421,200
2020-11-05 09:32:02.100,3.422,14000
2020-11-05 09:32:02.100,3.422,10000
2020-11-05 09:32:02.100,3.422,5000
2020-11-05 09:32:02.100,3.422,100000
2020-11-05 09:32:02.100,3.422,2000
2020-11-05 09:32:02.100,3.422,100
2020-11-05 09:32:02.100,3.422,1000
2020-11-05 09:32:02.100,3.422,1700
2020-11-05 09:32:02.100,3.422,2200
2020-11-05 09:32:02.100,3.423,60700
2020-11-05 09:32:02.100,3.423,3000
2020-11-05 09:32:02.100,3.423,500
2020-11-05 09:32:02.100,3.423,5000
2020-11-05 09:32:02.100,3.423,1000
2020-11-05 09:32:02.100,3.423,55700
2020-11-05 09:32:02.100,3.423,244300
2020-11-05 09:32:02.100,3.423,5000
2020-11-05 09:32:02.100,3.423,2000
2020-11-05 09:32:02.100,3.423,5000
2020-11-05 09:32:02.100,3.423,4300
2020-11-05 09:32:02.100,3.423,5000
2020-11-05 09:32:02.100,3.423,11000
2020-11-05 09:32:02.160,3.423,2000
2020-11-05 09:32:02.280,3.423,3000
2020-11-05 09:32:02.280,3.423,10000
2020-11-05 09:32:02.340,3.423,2100
2020-11-05 09:32:02.410,3.423,5000
2020-11-05 09:32:02.690,3.423,1300
2020-11-05 09:32:02.750,3.421,100
2020-11-05 09:32:02.780,3.421,5000
2020-11-05 09:32:03.080,3.422,700
2020-11-05 09:32:03.110,3.424,600
2020-11-05 09:32:03.110,3.424,5000
2020-11-05 09:32:03.110,3.424,5000
2020-11-05 09:32:03.110,3.424,5000
2020-11-05 09:32:03.110,3.424,6500
2020-11-05 09:32:03.110,3.424,1000
2020-11-05 09:32:03.110,3.424,1000
2020-11-05 09:32:03.110,3.424,2400
2020-11-05 09:32:03.110,3.424,1000
2020-11-05 09:32:03.110,3.424,200
2020-11-05 09:32:03.110,3.424,20000
2020-11-05 09:32:03.110,3.424,15000
2020-11-05 09:32:03.110,3.424,1200
2020-11-05 09:32:03.110,3.424,10000
2020-11-05 09:32:03.110,3.424,2500
2020-11-05 09:32:03.380,3.424,1000
2020-11-05 09:32:03.670,3.424,1000
2020-11-05 09:32:03.810,3.424,20000
2020-11-05 09:32:03.900,3.424,8600
2020-11-05 09:32:03.900,3.424,400
2020-11-05 09:32:03.930,3.424,14800
2020-11-05 09:32:03.990,3.424,1000
2020-11-05 09:32:04.010,3.424,3000
2020-11-05 09:32:04.140,3.424,7400
2020-11-05 09:32:04.270,3.424,5500
2020-11-05 09:32:04.270,3.424,1000
2020-11-05 09:32:04.450,3.424,600
2020-11-05 09:32:04.480,3.424,10000
2020-11-05 09:32:04.580,3.424,3000
2020-11-05 09:32:04.640,3.424,500
2020-11-05 09:32:04.640,3.424,1000
2020-11-05 09:32:04.900,3.424,600
2020-11-05 09:32:05.020,3.424,1000
2020-11-05 09:32:05.230,3.424,300
2020-11-05 09:32:05.650,3.424,5000
2020-11-05 09:32:05.740,3.424,11900
2020-11-05 09:32:05.930,3.424,100
2020-11-05 09:32:05.930,3.424,50500
2020-11-05 09:32:06.000,3.424,3000
2020-11-05 09:32:06.230,3.424,20000
2020-11-05 09:32:06.440,3.424,1000
2020-11-05 09:32:06.600,3.424,51400
2020-11-05 09:32:06.600,3.423,148600
2020-11-05 09:32:06.970,3.423,4500
2020-11-05 09:32:07.090,3.423,6500
2020-11-05 09:32:07.300,3.423,300
2020-11-05 09:32:07.800,3.423,4700
2020-11-05 09:32:07.930,3.424,28900
2020-11-05 09:32:07.930,3.424,100
2020-11-05 09:32:08.230,3.424,10000
2020-11-05 09:32:08.290,3.424,300
2020-11-05 09:32:08.290,3.424,1000
2020-11-05 09:32:08.350,3.424,40000
2020-11-05 09:32:08.470,3.424,100
2020-11-05 09:32:08.620,3.424,7000
2020-11-05 09:32:09.240,3.425,14100
2020-11-05 09:32:09.240,3.425,200
2020-11-05 09:32:09.240,3.425,1000
2020-11-05 09:32:09.240,3.425,1000
2020-11-05 09:32:09.240,3.425,1500
2020-11-05 09:32:09.270,3.424,10000
2020-11-05 09:32:09.570,3.424,1900
2020-11-05 09:32:10.040,3.425,1500
2020-11-05 09:32:10.040,3.425,10000
2020-11-05 09:32:10.040,3.425,200
2020-11-05 09:32:10.040,3.425,200
2020-11-05 09:32:10.040,3.425,22100
2020-11-05 09:32:10.040,3.425,5000
2020-11-05 09:32:10.040,3.425,100
2020-11-05 09:32:10.040,3.425,1000
2020-11-05 09:32:10.040,3.425,6300
2020-11-05 09:32:10.040,3.425,1600
2020-11-05 09:32:10.040,3.425,2000
2020-11-05 09:32:10.040,3.425,3000
2020-11-05 09:32:10.040,3.425,500
2020-11-05 09:32:10.040,3.425,200000
2020-11-05 09:32:10.040,3.425,500
2020-11-05 09:32:10.040,3.425,1000
2020-11-05 09:32:10.040,3.425,6000
2020-11-05 09:32:10.040,3.425,1000
2020-11-05 09:32:10.040,3.425,4000
2020-11-05 09:32:10.040,3.425,2000
2020-11-05 09:32:10.220,3.425,3000
2020-11-05 09:32:10.250,3.426,1000
2020-11-05 09:32:10.510,3.425,10000
2020-11-05 09:32:10.910,3.425,2100
2020-11-05 09:32:11.240,3.425,1000
2020-11-05 09:32:11.890,3.425,3500
2020-11-05 09:32:12.240,3.425,600
2020-11-05 09:32:12.360,3.425,11800
2020-11-05 09:32:12.360,3.425,104800
2020-11-05 09:32:12.490,3.425,4000
2020-11-05 09:32:12.490,3.425,12500
2020-11-05 09:32:12.490,3.425,2100
2020-11-05 09:32:12.550,3.425,2000
2020-11-05 09:32:12.970,3.425,18100
2020-11-05 09:32:13.270,3.425,1000
2020-11-05 09:32:13.300,3.425,5800
2020-11-05 09:32:13.320,3.425,114200
2020-11-05 09:32:13.600,3.425,3000
2020-11-05 09:32:13.920,3.425,2000
2020-11-05 09:32:14.130,3.425,1600
2020-11-05 09:32:14.160,3.425,30000
2020-11-05 09:32:14.380,3.425,3000
2020-11-05 09:32:14.870,3.425,100000
2020-11-05 09:32:15.060,3.425,2000
2020-11-05 09:32:15.570,3.425,20000
2020-11-05 09:32:16.080,3.425,900
2020-11-05 09:32:16.350,3.425,1000
2020-11-05 09:32:16.410,3.425,500
2020-11-05 09:32:16.650,3.425,900
2020-11-05 09:32:16.650,3.425,1000
2020-11-05 09:32:16.750,3.425,173700
2020-11-05 09:32:16.750,3.425,100000
2020-11-05 09:32:16.750,3.425,100000
2020-11-05 09:32:16.750,3.425,800
2020-11-05 09:32:16.750,3.425,300
2020-11-05 09:32:16.750,3.425,50000
2020-11-05 09:32:16.920,3.424,100000
2020-11-05 09:32:16.950,3.425,100
2020-11-05 09:32:17.040,3.424,900
2020-11-05 09:32:17.210,3.424,50000
2020-11-05 09:32:17.360,3.425,300
2020-11-05 09:32:17.730,3.425,300000
2020-11-05 09:32:18.380,3.424,6100
2020-11-05 09:32:18.740,3.425,274800
2020-11-05 09:32:18.740,3.425,300
2020-11-05 09:32:18.740,3.425,5000
2020-11-05 09:32:18.740,3.425,1400
2020-11-05 09:32:19.190,3.425,200
2020-11-05 09:32:20.050,3.425,18300
2020-11-05 09:32:20.050,3.425,81700
2020-11-05 09:32:20.080,3.425,50000
2020-11-05 09:32:20.140,3.426,26200
2020-11-05 09:32:20.140,3.426,2000
2020-11-05 09:32:20.140,3.426,1000
2020-11-05 09:32:20.140,3.426,200
2020-11-05 09:32:20.140,3.426,1700
2020-11-05 09:32:20.140,3.426,2600
2020-11-05 09:32:20.140,3.426,100
2020-11-05 09:32:20.140,3.426,5000
2020-11-05 09:32:20.140,3.426,3000
2020-11-05 09:32:20.140,3.426,1000
2020-11-05 09:32:20.140,3.426,3000
2020-11-05 09:32:20.140,3.426,40000
2020-11-05 09:32:20.140,3.426,9000
2020-11-05 09:32:20.140,3.426,22300
2020-11-05 09:32:20.140,3.426,3300
2020-11-05 09:32:20.140,3.426,100
2020-11-05 09:32:20.140,3.426,100
2020-11-05 09:32:20.140,3.426,800
2020-11-05 09:32:20.140,3.426,2000
2020-11-05 09:32:20.140,3.426,4600
2020-11-05 09:32:20.140,3.426,4500
2020-11-05 09:32:20.620,3.427,30000
2020-11-05 09:32:20.620,3.427,2000
2020-11-05 09:32:20.620,3.427,1000
2020-11-05 09:32:20.620,3.427,1000
2020-11-05 09:32:20.620,3.427,200
2020-11-05 09:32:20.620,3.427,50000
2020-11-05 09:32:20.620,3.427,1000
2020-11-05 09:32:20.620,3.427,100
2020-11-05 09:32:20.620,3.427,100
2020-11-05 09:32:20.620,3.427,150000
2020-11-05 09:32:20.620,3.427,700
2020-11-05 09:32:20.620,3.427,15000
2020-11-05 09:32:20.850,3.427,30000
2020-11-05 09:32:20.910,3.427,9400
2020-11-05 09:32:21.010,3.427,2000
2020-11-05 09:32:21.340,3.427,3000
2020-11-05 09:32:21.640,3.427,4500
2020-11-05 09:32:21.640,3.426,6600
2020-11-05 09:32:21.980,3.426,10000
2020-11-05 09:32:22.390,3.426,20000
2020-11-05 09:32:22.510,3.426,16700
2020-11-05 09:32:22.840,3.427,500
2020-11-05 09:32:22.860,3.427,500
2020-11-05 09:32:23.080,3.427,20000
2020-11-05 09:32:23.320,3.427,100000
2020-11-05 09:32:23.430,3.427,25000
2020-11-05 09:32:23.460,3.427,154000
2020-11-05 09:32:23.550,3.427,58500
2020-11-05 09:32:23.550,3.428,3300
2020-11-05 09:32:23.550,3.428,600
2020-11-05 09:32:23.550,3.428,100
2020-11-05 09:32:23.550,3.428,6000
2020-11-05 09:32:23.550,3.428,10000
2020-11-05 09:32:23.550,3.428,4000
2020-11-05 09:32:23.550,3.428,2300
2020-11-05 09:32:23.550,3.428,10000
2020-11-05 09:32:23.550,3.428,3400
2020-11-05 09:32:23.550,3.428,1000
2020-11-05 09:32:23.550,3.428,700
2020-11-05 09:32:23.550,3.428,5100
2020-11-05 09:32:23.550,3.428,8000
2020-11-05 09:32:23.550,3.428,1000
2020-11-05 09:32:23.550,3.428,17600
2020-11-05 09:32:23.550,3.428,500
2020-11-05 09:32:23.550,3.428,2000
2020-11-05 09:32:23.550,3.428,10000
2020-11-05 09:32:23.550,3.428,10000
2020-11-05 09:32:23.550,3.428,100
2020-11-05 09:32:23.550,3.428,100000
2020-11-05 09:32:23.550,3.428,33400
2020-11-05 09:32:23.550,3.428,1000
2020-11-05 09:32:23.550,3.428,6400
2020-11-05 09:32:23.550,3.428,5000
2020-11-05 09:32:23.710,3.426,2000
2020-11-05 09:32:23.990,3.426,1000
2020-11-05 09:32:24.050,3.426,300
2020-11-05 09:32:24.140,3.426,4500
2020-11-05 09:32:24.320,3.426,5000
2020-11-05 09:32:24.360,3.427,20000
2020-11-05 09:32:24.360,3.428,10500
2020-11-05 09:32:24.360,3.429,75100
2020-11-05 09:32:24.360,3.429,50000
2020-11-05 09:32:24.360,3.429,4200
2020-11-05 09:32:24.360,3.429,20000
2020-11-05 09:32:24.360,3.429,3000
2020-11-05 09:32:24.360,3.429,70000
2020-11-05 09:32:24.360,3.429,1000
2020-11-05 09:32:24.360,3.429,1600
2020-11-05 09:32:24.360,3.429,20000
2020-11-05 09:32:24.360,3.429,500
2020-11-05 09:32:24.360,3.429,10000
2020-11-05 09:32:24.360,3.429,200
2020-11-05 09:32:24.360,3.429,300
2020-11-05 09:32:24.360,3.429,200
2020-11-05 09:32:24.360,3.429,1000
2020-11-05 09:32:24.360,3.429,5000
2020-11-05 09:32:24.360,3.429,5000
2020-11-05 09:32:24.360,3.429,2400
2020-11-05 09:32:24.420,3.426,10000
2020-11-05 09:32:25.510,3.426,4300
2020-11-05 09:32:25.680,3.426,1100
2020-11-05 09:32:25.780,3.427,100000
2020-11-05 09:32:26.780,3.427,300
2020-11-05 09:32:27.030,3.427,10100
2020-11-05 09:32:27.150,3.427,300
2020-11-05 09:32:27.420,3.428,900
2020-11-05 09:32:27.420,3.428,500
2020-11-05 09:32:27.420,3.428,2000
2020-11-05 09:32:27.420,3.428,20000
2020-11-05 09:32:28.400,3.428,1500
2020-11-05 09:32:28.850,3.428,5200
2020-11-05 09:32:29.110,3.428,1000
2020-11-05 09:32:29.290,3.428,14800
2020-11-05 09:32:29.290,3.428,85200
2020-11-05 09:32:29.530,3.428,200
2020-11-05 09:32:29.840,3.428,3500
2020-11-05 09:32:30.450,3.428,500
2020-11-05 09:32:30.480,3.428,10000
2020-11-05 09:32:30.670,3.428,500
2020-11-05 09:32:30.670,3.428,50000
2020-11-05 09:32:30.720,3.428,71000
2020-11-05 09:32:30.720,3.427,100
2020-11-05 09:32:30.840,3.427,100000
2020-11-05 09:32:31.190,3.428,4400
2020-11-05 09:32:31.310,3.428,6500
2020-11-05 09:32:31.520,3.428,5200
2020-11-05 09:32:31.670,3.427,8000
2020-11-05 09:32:31.690,3.427,2000
2020-11-05 09:32:32.680,3.427,400
2020-11-05 09:32:33.080,3.427,3000
2020-11-05 09:32:33.810,3.428,600
2020-11-05 09:32:34.100,3.427,2000
2020-11-05 09:32:34.950,3.427,3900
2020-11-05 09:32:35.510,3.427,500
2020-11-05 09:32:35.600,3.427,3000
2020-11-05 09:32:35.800,3.427,8000
2020-11-05 09:32:35.860,3.428,1200
2020-11-05 09:32:35.980,3.427,22500
2020-11-05 09:32:36.160,3.427,200
2020-11-05 09:32:36.220,3.428,300
2020-11-05 09:32:36.400,3.428,34400
2020-11-05 09:32:37.140,3.427,10000
2020-11-05 09:32:37.350,3.428,300
2020-11-05 09:32:37.620,3.427,25700
2020-11-05 09:32:37.620,3.427,10000
2020-11-05 09:32:37.620,3.427,10000
2020-11-05 09:32:38.080,3.427,3900
2020-11-05 09:32:38.110,3.426,6000
2020-11-05 09:32:39.040,3.427,1300
2020-11-05 09:32:39.400,3.427,300000
2020-11-05 09:32:39.460,3.427,300000
2020-11-05 09:32:39.550,3.427,249100
2020-11-05 09:32:39.550,3.427,55000
2020-11-05 09:32:39.550,3.427,500
2020-11-05 09:32:39.550,3.427,7000
2020-11-05 09:32:39.550,3.428,123000
2020-11-05 09:32:39.550,3.428,4600
2020-11-05 09:32:39.550,3.428,600
2020-11-05 09:32:39.550,3.428,60200
2020-11-05 09:32:39.690,3.428,2000
2020-11-05 09:32:39.750,3.428,600
2020-11-05 09:32:40.160,3.426,1000
2020-11-05 09:32:40.370,3.426,3000
2020-11-05 09:32:40.370,3.426,1000
2020-11-05 09:32:40.370,3.426,40000
2020-11-05 09:32:40.370,3.426,6000
2020-11-05 09:32:40.460,3.427,200
2020-11-05 09:32:40.460,3.427,1000
2020-11-05 09:32:40.460,3.428,8800
2020-11-05 09:32:41.350,3.427,2900
2020-11-05 09:32:41.440,3.426,1500
2020-11-05 09:32:42.430,3.427,2900
2020-11-05 09:32:42.430,3.427,200
2020-11-05 09:32:42.430,3.427,900
2020-11-05 09:32:42.430,3.428,6000
2020-11-05 09:32:43.330,3.426,3000
2020-11-05 09:32:43.570,3.427,2000
2020-11-05 09:32:43.570,3.427,2000
2020-11-05 09:32:45.420,3.427,5000
2020-11-05 09:32:45.480,3.427,11000
2020-11-05 09:32:45.480,3.427,40000
2020-11-05 09:32:45.480,3.427,100
2020-11-05 09:32:45.480,3.427,48900
2020-11-05 09:32:45.690,3.427,1000
2020-11-05 09:32:45.750,3.427,1900
2020-11-05 09:32:45.780,3.428,2000
2020-11-05 09:32:45.780,3.427,20000
2020-11-05 09:32:45.810,3.427,16800
2020-11-05 09:32:45.840,3.428,20400
2020-11-05 09:32:45.840,3.428,10000
2020-11-05 09:32:45.840,3.428,10000
2020-11-05 09:32:45.840,3.428,20300
2020-11-05 09:32:45.840,3.428,1000
2020-11-05 09:32:45.840,3.428,300
2020-11-05 09:32:45.840,3.428,20000
2020-11-05 09:32:45.840,3.428,5000
2020-11-05 09:32:45.840,3.428,10000
2020-11-05 09:32:45.840,3.428,30000
2020-11-05 09:32:45.840,3.428,23000
2020-11-05 09:32:45.900,3.427,200
2020-11-05 09:32:45.900,3.427,15600
2020-11-05 09:32:46.090,3.428,1200
2020-11-05 09:32:46.090,3.428,5000
2020-11-05 09:32:46.090,3.428,1200
2020-11-05 09:32:46.090,3.428,5000
2020-11-05 09:32:46.090,3.428,10000
2020-11-05 09:32:46.090,3.428,7600
2020-11-05 09:32:46.090,3.428,2400
2020-11-05 09:32:46.090,3.428,600
2020-11-05 09:32:46.200,3.428,700
2020-11-05 09:32:46.200,3.428,1000
2020-11-05 09:32:46.200,3.428,300
2020-11-05 09:32:46.200,3.428,3000
2020-11-05 09:32:46.200,3.428,10000
2020-11-05 09:32:46.200,3.428,19700
2020-11-05 09:32:46.380,3.427,800
2020-11-05 09:32:46.480,3.428,2000
2020-11-05 09:32:46.600,3.427,3000
2020-11-05 09:32:46.970,3.428,20000
2020-11-05 09:32:47.140,3.428,108300
2020-11-05 09:32:47.140,3.428,200000
2020-11-05 09:32:47.140,3.429,28600
2020-11-05 09:32:47.140,3.429,20000
2020-11-05 09:32:47.140,3.429,5000
2020-11-05 09:32:47.140,3.429,200
2020-11-05 09:32:47.140,3.429,11900
2020-11-05 09:32:47.140,3.429,9000
2020-11-05 09:32:47.140,3.429,1100
2020-11-05 09:32:47.140,3.429,5000
2020-11-05 09:32:47.140,3.429,10000
2020-11-05 09:32:47.140,3.429,900
2020-11-05 09:32:47.140,3.429,10000
2020-11-05 09:32:47.140,3.429,1000
2020-11-05 09:32:47.140,3.429,2000
2020-11-05 09:32:47.140,3.429,2000
2020-11-05 09:32:47.140,3.429,2600
2020-11-05 09:32:47.140,3.429,13000
2020-11-05 09:32:47.140,3.429,2000
2020-11-05 09:32:47.140,3.429,5000
2020-11-05 09:32:47.140,3.429,3000
2020-11-05 09:32:47.140,3.43,100
2020-11-05 09:32:47.140,3.43,5000
2020-11-05 09:32:47.140,3.43,6000
2020-11-05 09:32:47.140,3.43,5000
2020-11-05 09:32:47.140,3.43,2000
2020-11-05 09:32:47.140,3.43,100
2020-11-05 09:32:47.140,3.43,40000
2020-11-05 09:32:47.140,3.43,200
2020-11-05 09:32:47.140,3.43,200
2020-11-05 09:32:47.140,3.43,3000
2020-11-05 09:32:47.140,3.43,2900
2020-11-05 09:32:47.140,3.43,10000
2020-11-05 09:32:47.140,3.43,10000
2020-11-05 09:32:47.140,3.43,1800
2020-11-05 09:32:47.140,3.43,6000
2020-11-05 09:32:47.140,3.43,23000
2020-11-05 09:32:47.140,3.43,5000
2020-11-05 09:32:47.140,3.43,200
2020-11-05 09:32:47.140,3.43,5000
2020-11-05 09:32:47.140,3.43,100
2020-11-05 09:32:47.140,3.43,5800
2020-11-05 09:32:47.140,3.43,200
2020-11-05 09:32:47.140,3.43,2000
2020-11-05 09:32:47.140,3.43,1000
2020-11-05 09:32:47.140,3.43,3100
2020-11-05 09:32:47.140,3.43,4300
2020-11-05 09:32:47.380,3.428,1500
2020-11-05 09:32:47.380,3.429,3000
2020-11-05 09:32:47.630,3.429,2000
2020-11-05 09:32:47.750,3.43,700
2020-11-05 09:32:47.750,3.43,3000
2020-11-05 09:32:47.750,3.43,3000
2020-11-05 09:32:47.750,3.43,20000
2020-11-05 09:32:47.750,3.43,3000
2020-11-05 09:32:47.750,3.43,10000
2020-11-05 09:32:47.750,3.43,10000
2020-11-05 09:32:47.750,3.43,10000
2020-11-05 09:32:47.750,3.43,50000
2020-11-05 09:32:47.750,3.43,400
2020-11-05 09:32:47.750,3.43,5000
2020-11-05 09:32:47.750,3.43,1000
2020-11-05 09:32:47.750,3.43,1000
2020-11-05 09:32:47.750,3.43,50000
2020-11-05 09:32:47.750,3.43,800
2020-11-05 09:32:47.750,3.43,3000
2020-11-05 09:32:47.750,3.43,200
2020-11-05 09:32:47.750,3.43,1000
2020-11-05 09:32:47.750,3.43,20000
2020-11-05 09:32:47.750,3.43,11800
2020-11-05 09:32:47.750,3.43,2000
2020-11-05 09:32:47.750,3.43,900
2020-11-05 09:32:47.750,3.43,15000
2020-11-05 09:32:47.750,3.43,10000
2020-11-05 09:32:47.750,3.43,5000
2020-11-05 09:32:47.750,3.43,5000
2020-11-05 09:32:47.750,3.43,10700
2020-11-05 09:32:47.750,3.43,1000
2020-11-05 09:32:47.750,3.43,10000
2020-11-05 09:32:47.750,3.43,1500
2020-11-05 09:32:47.750,3.43,200
2020-11-05 09:32:47.750,3.43,100
2020-11-05 09:32:47.750,3.43,10000
2020-11-05 09:32:47.750,3.43,24700
2020-11-05 09:32:47.810,3.429,10000
2020-11-05 09:32:47.810,3.429,200
2020-11-05 09:32:47.840,3.429,50000
2020-11-05 09:32:48.500,3.429,2000
2020-11-05 09:32:48.620,3.429,10000
2020-11-05 09:32:48.740,3.429,200
