ExChangeId,ChannelNo,SeqNo,SecurityID,Trade2_Order1,TradeDate,UpdateTime,Price,Volume,TrdMoney,OrdSide,OrdType,TrdBSFlag,TrdBuyNo,TrdSellNo
1,1,26450,510360,2,20201105,93001110,1.626000,2000,3252.000000,-,-,B,169482,81812
1,1,26497,510360,2,20201105,93001110,1.628000,2000,3256.000000,-,-,B,169679,81313
1,1,64831,510360,2,20201105,93012120,1.631000,1200,1957.200000,-,-,B,273357,73660
1,1,64875,510360,2,20201105,93012150,1.630000,100,163.000000,-,-,S,186347,273377
1,1,65256,510360,2,20201105,93012430,1.631000,100,163.100000,-,-,B,274088,73660
1,1,66013,510360,2,20201105,93013110,1.631000,900,1467.900000,-,-,B,275389,73660
1,1,66560,510360,2,20201105,93013860,1.631000,1200,1957.200000,-,-,B,276274,73660
1,1,66606,510360,2,20201105,93013930,1.631000,300,489.300000,-,-,B,276317,73660
1,1,67082,510360,2,20201105,93014690,1.631000,1000,1631.000000,-,-,B,277099,73660
1,1,68048,510360,2,20201105,93015460,1.631000,900,1467.900000,-,-,B,278321,73660
1,1,68678,510360,2,20201105,93015970,1.631000,2400,3914.400000,-,-,B,279288,73660
1,1,68903,510360,2,20201105,93016280,1.631000,900,1467.900000,-,-,B,279614,73660
1,1,69159,510360,2,20201105,93016660,1.630000,400,652.000000,-,-,S,186347,280069
1,1,69160,510360,2,20201105,93016660,1.629000,500,814.500000,-,-,S,202064,280069
1,1,69161,510360,2,20201105,93016660,1.629000,700,1140.300000,-,-,S,236888,280069
1,1,69480,510360,2,20201105,93017050,1.631000,900,1467.900000,-,-,B,280539,73660
1,1,69678,510360,2,20201105,93017300,1.631000,200,326.200000,-,-,B,280837,73660
1,1,69679,510360,2,20201105,93017300,1.631000,1200,1957.200000,-,-,B,280837,271085
1,1,70336,510360,2,20201105,93018100,1.631000,100,163.100000,-,-,S,280837,281668
1,1,86720,510360,2,20201105,93034860,1.631000,1100,1794.100000,-,-,S,280837,305663
1,1,86721,510360,2,20201105,93034860,1.631000,1900,3098.900000,-,-,S,283591,305663
1,1,93918,510360,2,20201105,93042770,1.646000,3000,4938.000000,-,-,B,316819,235785
1,1,95340,510360,2,20201105,93044900,1.646000,600,987.600000,-,-,S,316819,319583
1,1,95545,510360,2,20201105,93045090,1.646000,100,164.600000,-,-,S,316819,319909
1,1,95594,510360,2,20201105,93045150,1.646000,100,164.600000,-,-,S,316819,320010
1,1,104163,510360,2,20201105,93055720,1.646000,3600,5925.600000,-,-,S,316819,334494
1,1,107137,510360,2,20201105,93059200,1.646000,122600,201799.600000,-,-,S,316819,339299
1,1,113698,510360,2,20201105,93106480,1.644000,3600,5918.400000,-,-,B,350933,339299
1,1,121506,510360,2,20201105,93115740,1.643000,50000,82150.000000,-,-,B,364538,361900
1,1,127584,510360,2,20201105,93123030,1.640000,5000,8200.000000,-,-,S,354378,375042
1,1,130985,510360,2,20201105,93127540,1.643000,1200,1971.600000,-,-,B,380905,361900
1,1,131896,510360,2,20201105,93128920,1.640000,3100,5084.000000,-,-,S,354378,382611
1,1,150685,510360,2,20201105,93153390,1.638000,56500,92547.000000,-,-,S,382727,413882
1,1,160442,510360,2,20201105,93208050,1.638000,5500,9009.000000,-,-,S,428835,431438
1,1,168134,510360,2,20201105,93219180,1.639000,18700,30649.300000,-,-,S,441169,444671
1,1,213588,510360,2,20201105,93332150,1.639000,600,983.400000,-,-,S,441169,525982
1,1,232809,510360,2,20201105,93401380,1.643000,8100,13308.300000,-,-,S,557551,557866
1,1,237741,510360,2,20201105,93407350,1.643000,5700,9365.100000,-,-,S,557551,565891
1,1,239097,510360,2,20201105,93409220,1.644000,7500,12330.000000,-,-,B,568120,369958
1,1,281464,510360,2,20201105,93518400,1.644000,2000,3288.000000,-,-,S,627750,641266
1,1,314990,510360,2,20201105,93614810,1.644000,800,1315.200000,-,-,S,652848,699408
1,1,317801,510360,2,20201105,93619390,1.644000,4400,7233.600000,-,-,S,652848,704296
1,1,319736,510360,2,20201105,93622390,1.644000,600,986.400000,-,-,B,707475,704296
1,1,332490,510360,2,20201105,93644840,1.643000,100,164.300000,-,-,S,643842,730244
1,1,343082,510360,2,20201105,93704970,1.643000,100,164.300000,-,-,S,643842,749347
1,1,345340,510360,2,20201105,93709400,1.643000,1800,2957.400000,-,-,S,643842,753538
1,1,370221,510360,2,20201105,93755730,1.641000,1500,2461.500000,-,-,S,697419,795912
1,1,379297,510360,2,20201105,93814520,1.642000,500,821.000000,-,-,S,811378,812101
1,1,404389,510360,2,20201105,93909780,1.642000,100,164.200000,-,-,S,811378,857158
1,1,411811,510360,2,20201105,93926240,1.642000,3000,4926.000000,-,-,B,870110,867334
1,1,416269,510360,2,20201105,93936150,1.641000,100,164.100000,-,-,S,697419,877821
1,1,439726,510360,2,20201105,94020900,1.640000,3700,6068.000000,-,-,S,873611,917897
1,1,439984,510360,2,20201105,94021470,1.641000,100,164.100000,-,-,B,918378,913116
1,1,439985,510360,2,20201105,94021470,1.641000,1000,1641.000000,-,-,B,918378,914452
1,1,439986,510360,2,20201105,94021470,1.641000,6300,10338.300000,-,-,B,918378,917275
1,1,446933,510360,2,20201105,94033720,1.641000,12600,20676.600000,-,-,S,918378,930071
1,1,458812,510360,2,20201105,94100220,1.641000,5000,8205.000000,-,-,S,918378,951328
1,1,463194,510360,2,20201105,94110200,1.641000,50000,82050.000000,-,-,S,918378,959043
1,1,472212,510360,2,20201105,94133400,1.641000,2000,3282.000000,-,-,S,918378,975995
1,1,475563,510360,2,20201105,94142600,1.641000,50000,82050.000000,-,-,S,918378,982284
1,1,489851,510360,2,20201105,94218060,1.642000,2000,3284.000000,-,-,B,1007984,992056
1,1,502862,510360,2,20201105,94252060,1.643000,400,657.200000,-,-,B,1030783,753538
1,1,502863,510360,2,20201105,94252060,1.643000,5000,8215.000000,-,-,B,1030783,768194
1,1,502864,510360,2,20201105,94252060,1.643000,3000,4929.000000,-,-,B,1030783,774176
1,1,502865,510360,2,20201105,94252060,1.643000,1600,2628.800000,-,-,B,1030783,833624
1,1,502866,510360,2,20201105,94252060,1.643000,1000,1643.000000,-,-,B,1030783,851433
1,1,502867,510360,2,20201105,94252060,1.643000,109000,179087.000000,-,-,B,1030783,1009906
1,1,509885,510360,2,20201105,94310140,1.642000,198000,325116.000000,-,-,S,1007984,1043155
1,1,509886,510360,2,20201105,94310140,1.642000,2000,3284.000000,-,-,S,1008337,1043155
1,1,510047,510360,2,20201105,94310450,1.642000,50000,82100.000000,-,-,B,1043393,1043155
1,1,514831,510360,2,20201105,94324200,1.642000,600,985.200000,-,-,S,1043393,1051947
1,1,521111,510360,2,20201105,94341190,1.642000,20000,32840.000000,-,-,S,1043393,1062686
1,1,539758,510360,2,20201105,94435490,1.643000,9200,15115.600000,-,-,B,1096238,1009906
1,1,547715,510360,2,20201105,94458250,1.642000,900,1477.800000,-,-,S,1098664,1110000
1,1,561991,510360,2,20201105,94527180,1.642000,2000,3284.000000,-,-,S,1098664,1132525
1,1,567554,510360,2,20201105,94539700,1.642000,7100,11658.200000,-,-,S,1098664,1141920
1,1,567555,510360,2,20201105,94539700,1.642000,192900,316741.800000,-,-,S,1122356,1141920
1,1,570577,510360,2,20201105,94545300,1.643000,200000,328600.000000,-,-,B,1146285,1009906
1,1,570680,510360,2,20201105,94545600,1.643000,200000,328600.000000,-,-,B,1146478,1009906
1,1,571303,510360,2,20201105,94546360,1.643000,200000,328600.000000,-,-,B,1147181,1009906
1,1,571355,510360,2,20201105,94546440,1.642000,100,164.200000,-,-,S,1122356,1147240
1,1,571695,510360,2,20201105,94546960,1.643000,200000,328600.000000,-,-,B,1147706,1009906
1,1,571847,510360,2,20201105,94547310,1.643000,71800,117967.400000,-,-,B,1147963,1009906
1,1,571848,510360,2,20201105,94547310,1.643000,10000,16430.000000,-,-,B,1147963,1009907
1,1,571849,510360,2,20201105,94547310,1.643000,118200,194202.600000,-,-,B,1147963,1048760
1,1,572427,510360,2,20201105,94548300,1.643000,131800,216547.400000,-,-,B,1148777,1048760
1,1,581850,510360,2,20201105,94602460,1.644000,150000,246600.000000,-,-,B,1160948,1158571
1,1,587544,510360,2,20201105,94609710,1.645000,1000,1645.000000,-,-,B,1168280,661277
1,1,587545,510360,2,20201105,94609710,1.645000,2300,3783.500000,-,-,B,1168280,962293
1,1,605744,510360,2,20201105,94645180,1.644000,100,164.400000,-,-,S,1160948,1195813
1,1,613185,510360,2,20201105,94702130,1.644000,100,164.400000,-,-,S,1160948,1207774
1,1,616698,510360,2,20201105,94710630,1.644000,45000,73980.000000,-,-,S,1160948,1213787
1,1,626075,510360,2,20201105,94734630,1.644000,3700,6082.800000,-,-,B,1229745,1229253
1,1,631948,510360,2,20201105,94749080,1.644000,100,164.400000,-,-,S,1236272,1239225
1,1,642587,510360,2,20201105,94812260,1.644000,700,1150.800000,-,-,S,1236272,1254997
1,1,647467,510360,2,20201105,94823510,1.644000,3700,6082.800000,-,-,S,1236272,1262646
1,1,687369,510360,2,20201105,95006210,1.643000,3700,6079.100000,-,-,S,1305747,1329109
1,1,696031,510360,2,20201105,95023310,1.643000,300,492.900000,-,-,S,1305747,1342691
1,1,759064,510360,2,20201105,95318260,1.641000,2700,4430.700000,-,-,S,1016717,1452415
1,1,769026,510360,2,20201105,95343260,1.641000,7300,11979.300000,-,-,S,1016717,1468810
1,1,769027,510360,2,20201105,95343260,1.641000,100,164.100000,-,-,S,1104971,1468810
1,1,773411,510360,2,20201105,95355050,1.640000,2000,3280.000000,-,-,S,1019946,1475879
1,1,774511,510360,2,20201105,95357590,1.641000,1200,1969.200000,-,-,B,1477501,1468810
1,1,778473,510360,2,20201105,95406330,1.640000,8000,13120.000000,-,-,S,1019946,1483419
1,1,782990,510360,2,20201105,95413090,1.639000,800,1311.200000,-,-,S,1023163,1489470
1,1,790191,510360,2,20201105,95424480,1.639000,9200,15078.800000,-,-,S,1023163,1499148
1,1,812951,510360,2,20201105,95522670,1.638000,7900,12940.200000,-,-,S,1026302,1537619
1,1,814817,510360,2,20201105,95528350,1.638000,1400,2293.200000,-,-,S,1026302,1541009
1,1,823231,510360,2,20201105,95552800,1.638000,500,819.000000,-,-,S,1026302,1555968
1,1,827543,510360,2,20201105,95606430,1.638000,200,327.600000,-,-,S,1026302,1563795
1,1,827544,510360,2,20201105,95606430,1.638000,500,819.000000,-,-,S,1543677,1563795
1,1,837654,510360,2,20201105,95641930,1.638000,10100,16543.800000,-,-,B,1583185,1563795
1,1,837655,510360,2,20201105,95641930,1.638000,2000,3276.000000,-,-,B,1583185,1569616
1,1,837656,510360,2,20201105,95641930,1.638000,10000,16380.000000,-,-,B,1583185,1574460
1,1,859879,510360,2,20201105,95806900,1.638000,200,327.600000,-,-,S,1583185,1624407
1,1,860129,510360,2,20201105,95807450,1.638000,1900,3112.200000,-,-,S,1583185,1624804
1,1,863506,510360,2,20201105,95819430,1.639000,6200,10161.800000,-,-,B,1630937,1513909
1,1,863507,510360,2,20201105,95819430,1.639000,13600,22290.400000,-,-,B,1630937,1557264
1,1,863508,510360,2,20201105,95819430,1.639000,31300,51300.700000,-,-,B,1630937,1560898
1,1,863509,510360,2,20201105,95819430,1.639000,20000,32780.000000,-,-,B,1630937,1593457
1,1,876019,510360,2,20201105,95909240,1.639000,1000,1639.000000,-,-,S,1635304,1653938
1,1,876020,510360,2,20201105,95909240,1.639000,1000,1639.000000,-,-,S,1641555,1653938
1,1,944394,510360,2,20201105,100247650,1.639000,300,491.700000,-,-,B,1765826,1754282
1,1,951815,510360,2,20201105,100317210,1.638000,1800,2948.400000,-,-,S,1583185,1779007
1,1,974107,510360,2,20201105,100445400,1.638000,500,819.000000,-,-,S,1583185,1816571
1,1,975781,510360,2,20201105,100451980,1.638000,2000,3276.000000,-,-,S,1583185,1819230
1,1,988546,510360,2,20201105,100536040,1.637000,10000,16370.000000,-,-,S,1029713,1839052
1,1,988547,510360,2,20201105,100536040,1.637000,2900,4747.300000,-,-,S,1731308,1839052
1,1,998572,510360,2,20201105,100610340,1.636000,10000,16360.000000,-,-,S,1542261,1855053
1,1,1004997,510360,2,20201105,100631990,1.635000,600,981.000000,-,-,S,1476383,1865237
1,1,1004998,510360,2,20201105,100631990,1.635000,4400,7194.000000,-,-,S,1545508,1865237
1,1,1005860,510360,2,20201105,100635740,1.636000,1200,1963.200000,-,-,B,1866844,1864196
1,1,1020789,510360,2,20201105,100731590,1.635000,5600,9156.000000,-,-,S,1545508,1891665
1,1,1020790,510360,2,20201105,100731590,1.635000,500,817.500000,-,-,S,1551011,1891665
1,1,1035452,510360,2,20201105,100834410,1.635000,500,817.500000,-,-,B,1917234,1891665
1,1,1038600,510360,2,20201105,100849860,1.634000,100,163.400000,-,-,S,1548731,1922679
1,1,1065275,510360,2,20201105,101026030,1.635000,1000,1635.000000,-,-,S,1943206,1965661
1,1,1069830,510360,2,20201105,101041580,1.635000,4000,6540.000000,-,-,S,1943206,1972862
1,1,1090124,510360,2,20201105,101151740,1.634000,9900,16176.600000,-,-,S,1548731,2004673
1,1,1120048,510360,2,20201105,101346120,1.634000,1000,1634.000000,-,-,B,2053813,2012668
1,1,1133100,510360,2,20201105,101443710,1.634000,100,163.400000,-,-,B,2075468,2043173
1,1,1138691,510360,2,20201105,101508010,1.633000,10000,16330.000000,-,-,S,1566498,2085022
1,1,1156350,510360,2,20201105,101616340,1.632000,500,816.000000,-,-,S,1558801,2113029
1,1,1156351,510360,2,20201105,101616340,1.632000,10000,16320.000000,-,-,S,1840954,2113029
1,1,1158854,510360,2,20201105,101625570,1.631000,10000,16310.000000,-,-,S,1857517,2116771
1,1,1167372,510360,2,20201105,101701060,1.630000,10000,16300.000000,-,-,S,800869,2130872
1,1,1167373,510360,2,20201105,101701060,1.630000,300,489.000000,-,-,S,1921401,2130872
1,1,1167374,510360,2,20201105,101701060,1.630000,5000,8150.000000,-,-,S,2085641,2130872
1,1,1167375,510360,2,20201105,101701060,1.630000,100,163.000000,-,-,S,2118035,2130872
1,1,1167874,510360,2,20201105,101702990,1.630000,600,978.000000,-,-,B,2131665,2130872
1,1,1171119,510360,2,20201105,101715560,1.630000,600,978.000000,-,-,S,2131665,2136769
1,1,1173137,510360,2,20201105,101720940,1.630000,29300,47759.000000,-,-,B,2139883,2136769
1,1,1173138,510360,2,20201105,101720940,1.630000,10000,16300.000000,-,-,B,2139883,2139063
1,1,1185926,510360,2,20201105,101810260,1.632000,500,816.000000,-,-,B,2162390,2113029
1,1,1193865,510360,2,20201105,101849350,1.632000,39600,64627.200000,-,-,B,2176806,2113029
1,1,1225276,510360,2,20201105,102055600,1.632000,4500,7344.000000,-,-,B,2228512,2228155
1,1,1239497,510360,2,20201105,102205780,1.633000,1000,1633.000000,-,-,S,2247616,2253636
1,1,1309077,510360,2,20201105,102749090,1.633000,300,489.900000,-,-,S,2247616,2368693
1,1,1320422,510360,2,20201105,102838000,1.634000,3800,6209.200000,-,-,S,2378947,2384764
1,1,1365528,510360,2,20201105,103112100,1.634000,100,163.400000,-,-,B,2451696,2438471
1,1,1382132,510360,2,20201105,103211180,1.633000,100,163.300000,-,-,S,2286742,2477726
1,1,1459505,510360,2,20201105,103916540,1.635000,10300,16840.500000,-,-,B,2610995,2086805
1,1,1467825,510360,2,20201105,104003190,1.635000,100,163.500000,-,-,S,2619894,2624749
1,1,1481269,510360,2,20201105,104100910,1.635000,100,163.500000,-,-,S,2619894,2647007
1,1,1571483,510360,2,20201105,105008590,1.636000,2000,3272.000000,-,-,B,2797639,2251450
1,1,1571484,510360,2,20201105,105008590,1.636000,100,163.600000,-,-,B,2797639,2478987
1,1,1571485,510360,2,20201105,105008590,1.636000,1200,1963.200000,-,-,B,2797639,2611504
1,1,1571486,510360,2,20201105,105008590,1.636000,2000,3272.000000,-,-,B,2797639,2686417
1,1,1577108,510360,2,20201105,105025550,1.637000,2000,3274.000000,-,-,B,2805950,1849148
1,1,1590322,510360,2,20201105,105123380,1.637000,100,163.700000,-,-,B,2826375,2821451
1,1,1620599,510360,2,20201105,105355120,1.634000,100,163.400000,-,-,S,2775735,2873016
1,1,1620600,510360,2,20201105,105355120,1.633000,500,816.500000,-,-,S,2367430,2873016
1,1,1620794,510360,2,20201105,105356080,1.632000,500,816.000000,-,-,S,2274141,2873311
1,1,1620795,510360,2,20201105,105356080,1.632000,100,163.200000,-,-,S,2751965,2873311
1,1,1620796,510360,2,20201105,105356080,1.632000,200000,326400.000000,-,-,S,2854813,2873311
1,1,1622494,510360,2,20201105,105406600,1.632000,200000,326400.000000,-,-,B,2876261,2874850
1,1,1623762,510360,2,20201105,105411560,1.631000,500,815.500000,-,-,S,2245035,2877625
1,1,1623763,510360,2,20201105,105411560,1.631000,200000,326200.000000,-,-,S,2868328,2877625
1,1,1626023,510360,2,20201105,105424560,1.632000,200000,326400.000000,-,-,B,2881292,2877873
1,1,1631634,510360,2,20201105,105454060,1.631000,200000,326200.000000,-,-,S,2889384,2890202
1,1,1642508,510360,2,20201105,105557610,1.631000,200000,326200.000000,-,-,S,2893226,2907896
1,1,1654039,510360,2,20201105,105706040,1.631000,200000,326200.000000,-,-,S,2914770,2927429
1,1,1682929,510360,2,20201105,110008110,1.632000,200000,326400.000000,-,-,S,2953433,2976065
1,1,1683003,510360,2,20201105,110008460,1.632000,100000,163200.000000,-,-,B,2976218,2976065
1,1,1683238,510360,2,20201105,110009610,1.632000,100000,163200.000000,-,-,S,2976218,2976598
1,1,1683252,510360,2,20201105,110009720,1.632000,100000,163200.000000,-,-,B,2976623,2976598
1,1,1683367,510360,2,20201105,110009970,1.632000,100000,163200.000000,-,-,B,2976722,2976598
1,1,1718651,510360,2,20201105,110248690,1.634000,11200,18300.800000,-,-,S,3012673,3031885
1,1,1743275,510360,2,20201105,110523650,1.634000,400,653.600000,-,-,S,3072245,3072614
1,1,1748963,510360,2,20201105,110602520,1.636000,500,818.000000,-,-,B,3082758,3001767
1,1,1794354,510360,2,20201105,111035520,1.635000,9700,15859.500000,-,-,S,3137578,3153165
1,1,1799352,510360,2,20201105,111105450,1.635000,11500,18802.500000,-,-,S,3137578,3161428
1,1,1805732,510360,2,20201105,111135610,1.634000,9600,15686.400000,-,-,S,3077459,3171581
1,1,1813391,510360,2,20201105,111205430,1.633000,8600,14043.800000,-,-,S,3168080,3183323
1,1,1813926,510360,2,20201105,111207840,1.633000,800,1306.400000,-,-,S,3168080,3184015
1,1,1818590,510360,2,20201105,111235310,1.634000,9600,15686.400000,-,-,S,3191010,3191797
1,1,1824048,510360,2,20201105,111305280,1.634000,6100,9967.400000,-,-,S,3193391,3200146
1,1,1830788,510360,2,20201105,111336130,1.635000,8500,13897.500000,-,-,S,3201885,3210231
1,1,1836174,510360,2,20201105,111406060,1.635000,6300,10300.500000,-,-,S,3207843,3218712
1,1,1841322,510360,2,20201105,111436000,1.635000,5300,8665.500000,-,-,S,3207843,3227312
1,1,1847097,510360,2,20201105,111506020,1.636000,10200,16687.200000,-,-,S,3232049,3235972
1,1,1850306,510360,2,20201105,111526240,1.636000,3700,6053.200000,-,-,S,3232049,3241547
1,1,1851876,510360,2,20201105,111535820,1.636000,7900,12924.400000,-,-,S,3232049,3244223
1,1,1854661,510360,2,20201105,111550580,1.637000,5800,9494.600000,-,-,B,3248644,2821451
1,1,1857361,510360,2,20201105,111605850,1.637000,9000,14733.000000,-,-,S,3248644,3253160
1,1,1859508,510360,2,20201105,111617100,1.638000,20000,32760.000000,-,-,B,3256560,1851346
1,1,1859509,510360,2,20201105,111617100,1.638000,5000,8190.000000,-,-,B,3256560,3185579
1,1,1862737,510360,2,20201105,111635780,1.637000,5000,8185.000000,-,-,S,3253703,3261908
1,1,1867502,510360,2,20201105,111704300,1.639000,100,163.900000,-,-,B,3269711,2480369
1,1,1867503,510360,2,20201105,111704300,1.639000,400,655.600000,-,-,B,3269711,3231663
1,1,1867753,510360,2,20201105,111705760,1.637000,7100,11622.700000,-,-,S,3253703,3270160
1,1,1872646,510360,2,20201105,111735680,1.638000,8800,14414.400000,-,-,S,3272216,3278582
1,1,1877062,510360,2,20201105,111805640,1.639000,7500,12292.500000,-,-,S,3278898,3286575
1,1,1881644,510360,2,20201105,111835400,1.639000,4200,6883.800000,-,-,S,3278898,3294444
1,1,1886258,510360,2,20201105,111905420,1.638000,9800,16052.400000,-,-,S,3302129,3302658
1,1,1890611,510360,2,20201105,111936300,1.638000,12300,20147.400000,-,-,S,3302129,3310141
1,1,1895774,510360,2,20201105,112006340,1.638000,12600,20638.800000,-,-,S,3302129,3318256
1,1,1902661,510360,2,20201105,112036180,1.638000,4900,8026.200000,-,-,S,3302129,3328716
1,1,1907502,510360,2,20201105,112106070,1.639000,5600,9178.400000,-,-,S,3329957,3336847
1,1,1913019,510360,2,20201105,112135990,1.638000,9500,15561.000000,-,-,S,3302129,3345375
1,1,1917733,510360,2,20201105,112206030,1.638000,5600,9172.800000,-,-,S,3302129,3353658
1,1,1921803,510360,2,20201105,112235860,1.638000,7600,12448.800000,-,-,S,3302129,3361025
1,1,1923589,510360,2,20201105,112248600,1.639000,1600,2622.400000,-,-,B,3364289,3341074
1,1,1926182,510360,2,20201105,112303630,1.639000,2500,4097.500000,-,-,B,3368707,3367112
1,1,1926605,510360,2,20201105,112305940,1.639000,11400,18684.600000,-,-,S,3368707,3369364
1,1,1931732,510360,2,20201105,112335850,1.639000,7000,11473.000000,-,-,S,3376940,3377531
1,1,1934239,510360,2,20201105,112352600,1.639000,3000,4917.000000,-,-,B,3381838,3381200
1,1,1936383,510360,2,20201105,112405830,1.639000,10800,17701.200000,-,-,S,3381849,3385573
1,1,1941801,510360,2,20201105,112435640,1.639000,9800,16062.200000,-,-,S,3381849,3393676
1,1,1946630,510360,2,20201105,112505710,1.639000,7800,12784.200000,-,-,S,3381849,3401360
1,1,1951041,510360,2,20201105,112535630,1.639000,11800,19340.200000,-,-,S,3381849,3408921
1,1,1955381,510360,2,20201105,112603600,1.640000,2700,4428.000000,-,-,B,3416139,1771543
1,1,1955382,510360,2,20201105,112603600,1.640000,3000,4920.000000,-,-,B,3416139,1839801
1,1,1955383,510360,2,20201105,112603600,1.640000,12500,20500.000000,-,-,B,3416139,1902138
1,1,1955384,510360,2,20201105,112603600,1.640000,4000,6560.000000,-,-,B,3416139,2657810
1,1,1955673,510360,2,20201105,112605490,1.640000,6300,10332.000000,-,-,S,3416139,3416686
1,1,1960844,510360,2,20201105,112636290,1.640000,8300,13612.000000,-,-,S,3419822,3424985
1,1,1966502,510360,2,20201105,112706410,1.640000,10500,17220.000000,-,-,S,3419822,3432882
1,1,1970264,510360,2,20201105,112730680,1.640000,1000,1640.000000,-,-,S,3419822,3439053
1,1,1971018,510360,2,20201105,112736190,1.640000,10800,17712.000000,-,-,S,3419822,3440403
1,1,1973665,510360,2,20201105,112754410,1.640000,10000,16400.000000,-,-,S,3419822,3444896
1,1,1975372,510360,2,20201105,112806290,1.640000,7700,12628.000000,-,-,S,3419822,3447907
1,1,1979702,510360,2,20201105,112836090,1.640000,8300,13612.000000,-,-,S,3419822,3455215
1,1,1983686,510360,2,20201105,112906140,1.640000,6500,10660.000000,-,-,S,3419822,3461814
1,1,1987247,510360,2,20201105,112935910,1.640000,11900,19516.000000,-,-,S,3419822,3468181
1,1,1995118,510360,2,20201105,130001230,1.641000,1000,1641.000000,-,-,B,3486577,1592790
1,1,1995317,510360,2,20201105,130001320,1.641000,1900,3117.900000,-,-,B,3487423,1592790
1,1,1995840,510360,2,20201105,130001450,1.641000,400,656.400000,-,-,B,3489223,1592790
1,1,1995841,510360,2,20201105,130001450,1.641000,900,1476.900000,-,-,B,3489223,2465828
1,1,1997263,510360,2,20201105,130001750,1.641000,1200,1969.200000,-,-,B,3493329,2465828
1,1,2006359,510360,2,20201105,130005190,1.641000,7900,12963.900000,-,-,B,3520483,2465828
1,1,2006360,510360,2,20201105,130005190,1.641000,1200,1969.200000,-,-,B,3520483,3416924
1,1,2006361,510360,2,20201105,130005190,1.641000,8100,13292.100000,-,-,B,3520483,3492398
1,1,2007454,510360,2,20201105,130007250,1.640000,4700,7708.000000,-,-,S,3419822,3522527
1,1,2016660,510360,2,20201105,130036960,1.640000,5100,8364.000000,-,-,S,3419822,3535355
1,1,2022976,510360,2,20201105,130106700,1.640000,10400,17056.000000,-,-,S,3474540,3545230
1,1,2024250,510360,2,20201105,130113880,1.640000,1600,2624.000000,-,-,S,3474540,3547562
1,1,2024251,510360,2,20201105,130113880,1.640000,3400,5576.000000,-,-,S,3538347,3547562
1,1,2028588,510360,2,20201105,130136710,1.640000,5300,8692.000000,-,-,S,3538347,3553842
1,1,2033484,510360,2,20201105,130207530,1.640000,12500,20500.000000,-,-,S,3538347,3561940
1,1,2038385,510360,2,20201105,130237630,1.641000,5700,9353.700000,-,-,S,3569074,3569236
1,1,2041991,510360,2,20201105,130257200,1.642000,700,1149.400000,-,-,B,3574565,1420662
1,1,2041992,510360,2,20201105,130257200,1.642000,100,164.200000,-,-,B,3574565,2482374
1,1,2041993,510360,2,20201105,130257200,1.642000,500,821.000000,-,-,B,3574565,3471191
1,1,2041994,510360,2,20201105,130257200,1.642000,1000,1642.000000,-,-,B,3574565,3474673
1,1,2043583,510360,2,20201105,130307530,1.641000,8400,13784.400000,-,-,S,3571535,3577191
1,1,2049826,510360,2,20201105,130348490,1.641000,10900,17886.900000,-,-,B,3587632,3584955
1,1,2052717,510360,2,20201105,130407440,1.640000,5300,8692.000000,-,-,S,3538347,3592558
1,1,2057360,510360,2,20201105,130437390,1.641000,11400,18707.400000,-,-,S,3598109,3600273
1,1,2062021,510360,2,20201105,130507160,1.641000,7200,11815.200000,-,-,S,3598482,3608157
1,1,2067554,510360,2,20201105,130537330,1.641000,11700,19199.700000,-,-,S,3615705,3617450
1,1,2072918,510360,2,20201105,130607070,1.640000,12800,20992.000000,-,-,S,3538347,3626209
1,1,2078563,510360,2,20201105,130637040,1.640000,12400,20336.000000,-,-,S,3634658,3635777
1,1,2079562,510360,2,20201105,130644480,1.640000,3100,5084.000000,-,-,S,3634658,3637719
1,1,2082653,510360,2,20201105,130706970,1.640000,6900,11316.000000,-,-,S,3634658,3643781
1,1,2086605,510360,2,20201105,130736880,1.640000,8000,13120.000000,-,-,S,3634658,3651356
1,1,2090868,510360,2,20201105,130806800,1.640000,10000,16400.000000,-,-,S,3634658,3659010
1,1,2095045,510360,2,20201105,130836720,1.640000,6300,10332.000000,-,-,S,3634658,3666635
1,1,2095831,510360,2,20201105,130842390,1.640000,1000,1640.000000,-,-,S,3634658,3668057
1,1,2100274,510360,2,20201105,130907710,1.640000,11700,19188.000000,-,-,S,3634658,3674829
1,1,2105027,510360,2,20201105,130937600,1.641000,9300,15261.300000,-,-,S,3680777,3682292
1,1,2111331,510360,2,20201105,131007600,1.641000,5900,9681.900000,-,-,S,3680777,3691252
1,1,2116535,510360,2,20201105,131031210,1.641000,200,328.200000,-,-,S,3683769,3699335
1,1,2117710,510360,2,20201105,131037510,1.641000,9600,15753.600000,-,-,S,3700306,3701274
1,1,2123147,510360,2,20201105,131107470,1.641000,11600,19035.600000,-,-,S,3700306,3710145
1,1,2128793,510360,2,20201105,131137330,1.641000,6200,10174.200000,-,-,S,3700306,3719124
1,1,2134343,510360,2,20201105,131207360,1.641000,9400,15425.400000,-,-,S,3700306,3727941
1,1,2139831,510360,2,20201105,131237280,1.641000,12000,19692.000000,-,-,S,3700306,3737058
1,1,2145585,510360,2,20201105,131307100,1.641000,4600,7548.600000,-,-,S,3700306,3746032
1,1,2151324,510360,2,20201105,131337170,1.641000,11700,19199.700000,-,-,S,3700306,3755199
1,1,2156049,510360,2,20201105,131403820,1.641000,2300,3774.300000,-,-,S,3700306,3763187
1,1,2156688,510360,2,20201105,131406960,1.641000,4600,7548.600000,-,-,S,3700306,3764222
1,1,2162434,510360,2,20201105,131437430,1.641000,5100,8369.100000,-,-,S,3700306,3773047
1,1,2167129,510360,2,20201105,131504620,1.641000,2600,4266.600000,-,-,S,3700306,3780764
1,1,2167700,510360,2,20201105,131507810,1.641000,11800,19363.800000,-,-,S,3700306,3781686
1,1,2171733,510360,2,20201105,131528780,1.641000,7400,12143.400000,-,-,S,3700306,3788284
1,1,2173401,510360,2,20201105,131537820,1.641000,5700,9353.700000,-,-,S,3700306,3791017
1,1,2180032,510360,2,20201105,131607700,1.640000,4800,7872.000000,-,-,S,3634658,3801346
1,1,2185470,510360,2,20201105,131637740,1.640000,9000,14760.000000,-,-,S,3634658,3810510
1,1,2190395,510360,2,20201105,131707560,1.641000,10300,16902.300000,-,-,S,3814825,3819528
1,1,2192664,510360,2,20201105,131720580,1.642000,400,656.800000,-,-,B,3823467,3580292
1,1,2192665,510360,2,20201105,131720580,1.642000,100,164.200000,-,-,B,3823467,3667491
1,1,2195330,510360,2,20201105,131737560,1.641000,5100,8369.100000,-,-,S,3814825,3828099
1,1,2200919,510360,2,20201105,131807400,1.641000,10800,17722.800000,-,-,S,3814825,3836992
1,1,2206043,510360,2,20201105,131837520,1.641000,5400,8861.400000,-,-,S,3814825,3845202
1,1,2210418,510360,2,20201105,131904100,1.641000,27200,44635.200000,-,-,S,3814825,3852232
1,1,2210891,510360,2,20201105,131907320,1.641000,10900,17886.900000,-,-,S,3814825,3853249
1,1,2216795,510360,2,20201105,131937350,1.641000,9800,16081.800000,-,-,S,3814825,3862308
1,1,2222113,510360,2,20201105,132001310,1.642000,2900,4761.800000,-,-,B,3869641,3667491
1,1,2223905,510360,2,20201105,132007140,1.642000,4400,7224.800000,-,-,S,3872057,3872332
1,1,2225234,510360,2,20201105,132011730,1.642000,6200,10180.400000,-,-,S,3872057,3874488
1,1,2231982,510360,2,20201105,132037200,1.642000,11700,19211.400000,-,-,S,3872057,3884615
1,1,2239602,510360,2,20201105,132107950,1.642000,8600,14121.200000,-,-,S,3872057,3896040
1,1,2246852,510360,2,20201105,132138180,1.642000,10100,16584.200000,-,-,S,3872057,3906699
1,1,2254408,510360,2,20201105,132207840,1.642000,10900,17897.800000,-,-,S,3872057,3917537
1,1,2261729,510360,2,20201105,132237910,1.641000,4400,7220.400000,-,-,S,3814825,3929181
1,1,2269001,510360,2,20201105,132307740,1.640000,2000,3280.000000,-,-,S,3725445,3941301
1,1,2269002,510360,2,20201105,132307740,1.640000,4400,7216.000000,-,-,S,3927612,3941301
1,1,2275099,510360,2,20201105,132337880,1.641000,300,492.300000,-,-,S,3949351,3952109
1,1,2280173,510360,2,20201105,132407570,1.640000,12400,20336.000000,-,-,S,3927612,3961312
1,1,2286204,510360,2,20201105,132444810,1.640000,6100,10004.000000,-,-,B,3972084,3970008
1,1,2295377,510360,2,20201105,132537510,1.639000,100,163.900000,-,-,S,3506880,3988273
1,1,2295378,510360,2,20201105,132537510,1.639000,5400,8850.600000,-,-,S,3936332,3988273
1,1,2300212,510360,2,20201105,132607410,1.639000,9900,16226.100000,-,-,S,3936332,3996594
1,1,2300567,510360,2,20201105,132608980,1.639000,100,163.900000,-,-,S,3936332,3997072
1,1,2305938,510360,2,20201105,132637350,1.639000,7400,12128.600000,-,-,S,3936332,4005440
1,1,2309005,510360,2,20201105,132657890,1.640000,10000,16400.000000,-,-,B,4010870,3979943
1,1,2310560,510360,2,20201105,132707330,1.639000,7600,12456.400000,-,-,S,3936332,4013425
1,1,2311981,510360,2,20201105,132715520,1.639000,2000,3278.000000,-,-,S,3936332,4015628
1,1,2315376,510360,2,20201105,132737300,1.639000,8900,14587.100000,-,-,S,3936332,4021237
1,1,2320408,510360,2,20201105,132807240,1.639000,11500,18848.500000,-,-,S,3936332,4029478
1,1,2322932,510360,2,20201105,132823110,1.639000,200,327.800000,-,-,S,3936332,4033779
1,1,2325502,510360,2,20201105,132838140,1.639000,6500,10653.500000,-,-,S,3936332,4037939
1,1,2331223,510360,2,20201105,132908120,1.639000,1000,1639.000000,-,-,S,4015574,4047308
1,1,2338486,510360,2,20201105,132937910,1.637000,10100,16533.700000,-,-,S,4044657,4058614
1,1,2344832,510360,2,20201105,133008020,1.638000,10000,16380.000000,-,-,S,4062380,4068443
1,1,2354025,510360,2,20201105,133037740,1.637000,10600,17352.200000,-,-,S,4081646,4082427
1,1,2355702,510360,2,20201105,133042510,1.637000,3400,5565.800000,-,-,S,4081646,4084856
1,1,2361701,510360,2,20201105,133107800,1.637000,10600,17352.200000,-,-,S,4081646,4094153
1,1,2368044,510360,2,20201105,133137640,1.637000,6400,10476.800000,-,-,S,4082121,4103624
1,1,2368245,510360,2,20201105,133138730,1.637000,1000,1637.000000,-,-,S,4082121,4104035
1,1,2372703,510360,2,20201105,133207710,1.638000,11100,18181.800000,-,-,S,4110305,4112556
1,1,2380683,510360,2,20201105,133251110,1.638000,600,982.800000,-,-,B,4125286,4121508
1,1,2383496,510360,2,20201105,133307500,1.637000,7200,11786.400000,-,-,S,4082121,4130032
1,1,2388353,510360,2,20201105,133337330,1.637000,13000,21281.000000,-,-,S,4082121,4137852
1,1,2392862,510360,2,20201105,133407470,1.637000,5600,9167.200000,-,-,S,4082121,4145565
1,1,2397778,510360,2,20201105,133438170,1.638000,9700,15888.600000,-,-,S,4148904,4153735
1,1,2403432,510360,2,20201105,133508280,1.638000,7800,12776.400000,-,-,S,4151962,4162091
1,1,2407728,510360,2,20201105,133538140,1.638000,11900,19492.200000,-,-,S,4151962,4169729
1,1,2412821,510360,2,20201105,133608160,1.638000,6900,11302.200000,-,-,S,4151962,4177997
1,1,2417473,510360,2,20201105,133637960,1.638000,5600,9172.800000,-,-,S,4151962,4185546
1,1,2421853,510360,2,20201105,133707970,1.638000,9600,15724.800000,-,-,S,4151962,4192958
1,1,2426133,510360,2,20201105,133737760,1.638000,11000,18018.000000,-,-,S,4151962,4200384
1,1,2429896,510360,2,20201105,133807960,1.638000,4400,7207.200000,-,-,S,4151962,4207418
1,1,2434022,510360,2,20201105,133837700,1.638000,7200,11793.600000,-,-,S,4151962,4214495
1,1,2442683,510360,2,20201105,133928770,1.639000,4600,7539.400000,-,-,B,4226756,4221579
1,1,2444121,510360,2,20201105,133937620,1.639000,5200,8522.800000,-,-,S,4227291,4228990
1,1,2449132,510360,2,20201105,134007600,1.638000,9500,15561.000000,-,-,S,4151962,4237141
1,1,2457670,510360,2,20201105,134038760,1.638000,12700,20802.600000,-,-,S,4151962,4250000
1,1,2462555,510360,2,20201105,134108490,1.638000,100,163.800000,-,-,S,4181278,4258503
1,1,2462556,510360,2,20201105,134108490,1.638000,3000,4914.000000,-,-,S,4257746,4258503
1,1,2519457,510360,2,20201105,134727740,1.640000,7000,11480.000000,-,-,B,4355488,3979943
1,1,2519458,510360,2,20201105,134727740,1.640000,4500,7380.000000,-,-,B,4355488,4020361
1,1,2519459,510360,2,20201105,134727740,1.640000,3000,4920.000000,-,-,B,4355488,4102999
1,1,2519460,510360,2,20201105,134727740,1.640000,1700,2788.000000,-,-,B,4355488,4352542
1,1,2553868,510360,2,20201105,135046310,1.641000,60000,98460.000000,-,-,B,4410148,4040224
1,1,2575518,510360,2,20201105,135244760,1.641000,100,164.100000,-,-,S,4426445,4444004
1,1,2588794,510360,2,20201105,135402770,1.642000,3900,6403.800000,-,-,B,4465369,4379610
1,1,2588795,510360,2,20201105,135402770,1.642000,20000,32840.000000,-,-,B,4465369,4458473
1,1,2608525,510360,2,20201105,135527260,1.642000,10000,16420.000000,-,-,S,4483449,4492595
1,1,2617209,510360,2,20201105,135610070,1.642000,500,821.000000,-,-,S,4483449,4506581
1,1,2620863,510360,2,20201105,135629010,1.642000,100,164.200000,-,-,S,4483449,4512536
1,1,2621834,510360,2,20201105,135633300,1.643000,1000,1643.000000,-,-,B,4514047,1438464
1,1,2621835,510360,2,20201105,135633300,1.643000,500,821.500000,-,-,B,4514047,3504357
1,1,2621836,510360,2,20201105,135633300,1.643000,15400,25302.200000,-,-,B,4514047,3708380
1,1,2621837,510360,2,20201105,135633300,1.643000,7000,11501.000000,-,-,B,4514047,3715468
1,1,2621838,510360,2,20201105,135633300,1.643000,100,164.300000,-,-,B,4514047,4049633
1,1,2621839,510360,2,20201105,135633300,1.643000,15000,24645.000000,-,-,B,4514047,4256513
1,1,2626521,510360,2,20201105,135654600,1.644000,100,164.400000,-,-,B,4521204,1351451
1,1,2647740,510360,2,20201105,135822890,1.644000,100,164.400000,-,-,B,4551041,1351451
1,1,2669025,510360,2,20201105,140005230,1.643000,500,821.500000,-,-,S,4540342,4584623
1,1,2673479,510360,2,20201105,140019290,1.644000,667700,1097698.800000,-,-,B,4591100,1351451
1,1,2674275,510360,2,20201105,140021280,1.644000,322100,529532.400000,-,-,B,4592208,1351451
1,1,2674276,510360,2,20201105,140021280,1.644000,10000,16440.000000,-,-,B,4592208,1351452
1,1,2674277,510360,2,20201105,140021280,1.644000,100,164.400000,-,-,B,4592208,1390159
1,1,2674278,510360,2,20201105,140021280,1.644000,150000,246600.000000,-,-,B,4592208,1631573
1,1,2674279,510360,2,20201105,140021280,1.644000,1000,1644.000000,-,-,B,4592208,3474674
1,1,2674280,510360,2,20201105,140021280,1.644000,100,164.400000,-,-,B,4592208,4478362
1,1,2674281,510360,2,20201105,140021280,1.644000,2000,3288.000000,-,-,B,4592208,4564532
1,1,2683593,510360,2,20201105,140049150,1.643000,300,492.900000,-,-,S,4540342,4604984
1,1,2691029,510360,2,20201105,140111180,1.644000,4000,6576.000000,-,-,S,4605861,4614329
1,1,2719612,510360,2,20201105,140257590,1.643000,200,328.600000,-,-,S,4540342,4658478
1,1,2722521,510360,2,20201105,140311150,1.643000,31700,52083.100000,-,-,B,4663745,4663045
1,1,2729118,510360,2,20201105,140345260,1.642000,100,164.200000,-,-,S,4522196,4675478
1,1,2729119,510360,2,20201105,140345260,1.642000,31400,51558.800000,-,-,S,4644811,4675478
1,1,2739312,510360,2,20201105,140443350,1.643000,1000,1643.000000,-,-,B,4693611,4683657
1,1,2743572,510360,2,20201105,140504370,1.643000,500,821.500000,-,-,B,4700319,4699827
1,1,2757496,510360,2,20201105,140620760,1.644000,100,164.400000,-,-,S,4715384,4723664
1,1,2777795,510360,2,20201105,140802240,1.644000,3000,4932.000000,-,-,S,4715384,4752903
1,1,2789507,510360,2,20201105,140904760,1.644000,500,822.000000,-,-,S,4715384,4771388
1,1,2799057,510360,2,20201105,140948110,1.644000,1300,2137.200000,-,-,S,4715384,4785344
1,1,2806753,510360,2,20201105,141013830,1.645000,200,329.000000,-,-,B,4795370,1216536
1,1,2806754,510360,2,20201105,141013830,1.645000,5000,8225.000000,-,-,B,4795370,1340374
1,1,2806755,510360,2,20201105,141013830,1.645000,10000,16450.000000,-,-,B,4795370,1744038
1,1,2806756,510360,2,20201105,141013830,1.645000,18800,30926.000000,-,-,B,4795370,1795784
1,1,2806757,510360,2,20201105,141013830,1.645000,4000,6580.000000,-,-,B,4795370,2071062
1,1,2806758,510360,2,20201105,141013830,1.645000,100,164.500000,-,-,B,4795370,2483565
1,1,2806759,510360,2,20201105,141013830,1.645000,2500,4112.500000,-,-,B,4795370,2564724
1,1,2806760,510360,2,20201105,141013830,1.645000,8000,13160.000000,-,-,B,4795370,3457236
1,1,2806761,510360,2,20201105,141013830,1.645000,400,658.000000,-,-,B,4795370,4167435
1,1,2806762,510360,2,20201105,141013830,1.645000,3000,4935.000000,-,-,B,4795370,4621293
1,1,2806763,510360,2,20201105,141013830,1.645000,600,987.000000,-,-,B,4795370,4773069
1,1,2831129,510360,2,20201105,141155720,1.645000,500,822.500000,-,-,B,4834049,4810695
1,1,2831207,510360,2,20201105,141156070,1.645000,2200,3619.000000,-,-,S,4834049,4834168
1,1,2845582,510360,2,20201105,141312240,1.644000,35100,57704.400000,-,-,S,4715384,4858740
1,1,2845583,510360,2,20201105,141312240,1.644000,6000,9864.000000,-,-,S,4740086,4858740
1,1,2849187,510360,2,20201105,141328490,1.643000,200,328.600000,-,-,S,4707286,4864530
1,1,2852185,510360,2,20201105,141342780,1.643000,1800,2957.400000,-,-,S,4707286,4869712
1,1,2852186,510360,2,20201105,141342780,1.643000,200000,328600.000000,-,-,S,4796705,4869712
1,1,2852226,510360,2,20201105,141342960,1.643000,200000,328600.000000,-,-,B,4869785,4869712
1,1,2852356,510360,2,20201105,141343720,1.643000,200000,328600.000000,-,-,B,4870060,4869712
1,1,2853444,510360,2,20201105,141347800,1.643000,6000,9858.000000,-,-,S,4870176,4871649
1,1,2860759,510360,2,20201105,141422080,1.642000,500,821.000000,-,-,S,4842167,4883640
1,1,2862373,510360,2,20201105,141430360,1.642000,1000,1642.000000,-,-,S,4842167,4886231
1,1,2864930,510360,2,20201105,141445820,1.642000,500,821.000000,-,-,S,4842167,4890775
1,1,2865014,510360,2,20201105,141446650,1.642000,500,821.000000,-,-,S,4842167,4890972
1,1,2866208,510360,2,20201105,141453690,1.642000,4400,7224.800000,-,-,S,4842167,4893089
1,1,2918735,510360,2,20201105,141958180,1.644000,100,164.400000,-,-,B,4978118,4867675
1,1,2960029,510360,2,20201105,142324330,1.644000,3000,4932.000000,-,-,S,4978118,5042895
1,1,2961884,510360,2,20201105,142337660,1.645000,100,164.500000,-,-,B,5046147,5024826
1,1,2977851,510360,2,20201105,142524550,1.644000,100,164.400000,-,-,S,4978118,5073179
1,1,2978661,510360,2,20201105,142529690,1.644000,100,164.400000,-,-,S,4978118,5074461
1,1,2981345,510360,2,20201105,142549380,1.644000,2000,3288.000000,-,-,S,4978118,5079164
1,1,2984526,510360,2,20201105,142610550,1.644000,1700,2794.800000,-,-,S,4978118,5084496
1,1,2986444,510360,2,20201105,142623280,1.644000,3000,4932.000000,-,-,S,4978118,5087741
1,1,2986445,510360,2,20201105,142623280,1.644000,200000,328800.000000,-,-,S,4989276,5087741
1,1,2986501,510360,2,20201105,142623590,1.644000,54100,88940.400000,-,-,B,5087839,5087741
1,1,3009513,510360,2,20201105,142837520,1.644000,100,164.400000,-,-,S,5103854,5123464
1,1,3030343,510360,2,20201105,143026030,1.645000,10000,16450.000000,-,-,B,5154773,5064450
1,1,3030344,510360,2,20201105,143026030,1.645000,6000,9870.000000,-,-,B,5154773,5073082
1,1,3030345,510360,2,20201105,143026030,1.645000,3100,5099.500000,-,-,B,5154773,5090151
1,1,3030346,510360,2,20201105,143026030,1.645000,100,164.500000,-,-,B,5154773,5096654
1,1,3070501,510360,2,20201105,143340930,1.645000,200,329.000000,-,-,B,5216536,5212490
1,1,3073794,510360,2,20201105,143354830,1.644000,300,493.200000,-,-,S,5123967,5221155
1,1,3073795,510360,2,20201105,143354830,1.644000,2500,4110.000000,-,-,S,5131143,5221155
1,1,3073796,510360,2,20201105,143354830,1.644000,100,164.400000,-,-,S,5145078,5221155
1,1,3096580,510360,2,20201105,143544160,1.644000,500,822.000000,-,-,S,5145078,5255821
1,1,3096581,510360,2,20201105,143544160,1.644000,100,164.400000,-,-,S,5151364,5255821
1,1,3103180,510360,2,20201105,143617620,1.642000,20000,32840.000000,-,-,S,5210529,5266384
1,1,3105379,510360,2,20201105,143628870,1.642000,500,821.000000,-,-,S,5210529,5269901
1,1,3109324,510360,2,20201105,143649490,1.642000,500,821.000000,-,-,S,5210529,5276044
1,1,3110934,510360,2,20201105,143656920,1.642000,1000,1642.000000,-,-,S,5210529,5278373
1,1,3114598,510360,2,20201105,143719250,1.642000,1900,3119.800000,-,-,S,5210529,5284683
1,1,3126907,510360,2,20201105,143831940,1.642000,1000,1642.000000,-,-,S,5210529,5304840
1,1,3135538,510360,2,20201105,143917330,1.643000,200000,328600.000000,-,-,S,5317287,5318496
1,1,3135539,510360,2,20201105,143917330,1.642000,175100,287514.200000,-,-,S,5210529,5318496
1,1,3135540,510360,2,20201105,143917330,1.642000,20000,32840.000000,-,-,S,5266541,5318496
1,1,3135541,510360,2,20201105,143917330,1.642000,500,821.000000,-,-,S,5270064,5318496
1,1,3135542,510360,2,20201105,143917330,1.642000,500,821.000000,-,-,S,5276121,5318496
1,1,3135543,510360,2,20201105,143917330,1.642000,1000,1642.000000,-,-,S,5278533,5318496
1,1,3135544,510360,2,20201105,143917330,1.642000,1900,3119.800000,-,-,S,5285191,5318496
1,1,3135545,510360,2,20201105,143917330,1.642000,1000,1642.000000,-,-,S,5304934,5318496
1,1,3135546,510360,2,20201105,143917330,1.642000,200000,328400.000000,-,-,S,5309248,5318496
1,1,3172250,510360,2,20201105,144219220,1.643000,800,1314.400000,-,-,B,5374527,5370021
1,1,3190918,510360,2,20201105,144358040,1.644000,150000,246600.000000,-,-,B,5403083,5317396
1,1,3192949,510360,2,20201105,144407910,1.644000,150000,246600.000000,-,-,B,5406260,5317396
1,1,3195680,510360,2,20201105,144421680,1.644000,150000,246600.000000,-,-,B,5410551,5317396
1,1,3201213,510360,2,20201105,144451980,1.644000,150000,246600.000000,-,-,B,5419601,5317396
1,1,3201378,510360,2,20201105,144453040,1.644000,150000,246600.000000,-,-,B,5419886,5317396
1,1,3202339,510360,2,20201105,144458460,1.643000,1400,2300.200000,-,-,S,5379924,5421344
1,1,3209307,510360,2,20201105,144528110,1.643000,3000,4929.000000,-,-,S,5379924,5432317
1,1,3212148,510360,2,20201105,144540650,1.643000,500,821.500000,-,-,S,5379924,5436265
1,1,3215269,510360,2,20201105,144557320,1.643000,1000,1643.000000,-,-,S,5379924,5441324
1,1,3232591,510360,2,20201105,144723670,1.644000,1700,2794.800000,-,-,B,5468005,5317396
1,1,3247605,510360,2,20201105,144836900,1.644000,5000,8220.000000,-,-,B,5490092,5317396
1,1,3255304,510360,2,20201105,144911550,1.644000,10000,16440.000000,-,-,B,5501415,5317396
1,1,3268402,510360,2,20201105,145005970,1.644000,3000,4932.000000,-,-,B,5520784,5317396
1,1,3282150,510360,2,20201105,145052410,1.644000,2000,3288.000000,-,-,B,5539955,5317396
1,1,3300243,510360,2,20201105,145156700,1.644000,2000,3288.000000,-,-,B,5565665,5317396
1,1,3324567,510360,2,20201105,145319180,1.644000,100,164.400000,-,-,B,5600372,5317396
1,1,3342722,510360,2,20201105,145420720,1.643000,100,164.300000,-,-,S,5405135,5626225
1,1,3342723,510360,2,20201105,145420720,1.643000,900,1478.700000,-,-,S,5531726,5626225
1,1,3348446,510360,2,20201105,145440980,1.644000,2700,4438.800000,-,-,B,5634581,5317396
1,1,3376147,510360,2,20201105,145600230,1.643000,10000,16430.000000,-,-,S,5531726,5671926
1,1,3376770,510360,2,20201105,145601460,1.644000,200000,328800.000000,-,-,B,5672536,5317396
1,1,3376862,510360,2,20201105,145601740,1.644000,13500,22194.000000,-,-,B,5672675,5317396
1,1,3376863,510360,2,20201105,145601740,1.644000,10000,16440.000000,-,-,B,5672675,5317397
1,1,3376864,510360,2,20201105,145601740,1.644000,3800,6247.200000,-,-,B,5672675,5444625
1,1,3376865,510360,2,20201105,145601740,1.644000,6900,11343.600000,-,-,B,5672675,5507151
1,1,3376866,510360,2,20201105,145601740,1.644000,1000,1644.000000,-,-,B,5672675,5613255
1,1,3376867,510360,2,20201105,145601740,1.644000,3000,4932.000000,-,-,B,5672675,5622703
1,1,3386921,510360,2,20201105,145629530,1.644000,20000,32880.000000,-,-,S,5684887,5685375
1,1,3392871,510360,2,20201105,145644910,1.644000,2800,4603.200000,-,-,S,5684887,5692290
1,1,3398204,510360,2,20201105,145717270,1.644000,600,986.400000,-,-,S,5684887,5704505
1,1,3398591,510360,2,20201105,145733350,1.644000,10000,16440.000000,-,-,S,5684887,5709438
1,1,3399349,510360,2,20201105,145816030,1.644000,1400,2301.600000,-,-,S,5684887,5719839
1,1,3400616,510360,2,20201105,145905830,1.645000,200,329.000000,-,-,B,5730872,5236638
1,1,3402179,510360,2,20201105,145959810,1.644000,2600,4274.400000,-,-,S,5684887,5743369
