Datetime,Price,Volume
2020-11-05 09:25:00.380,4.92,1000
2020-11-05 09:25:00.380,4.92,1100
2020-11-05 09:25:00.380,4.92,300
2020-11-05 09:25:00.380,4.92,2600
2020-11-05 09:25:00.380,4.92,7800
2020-11-05 09:25:00.380,4.92,1300
2020-11-05 09:25:00.380,4.92,6800
2020-11-05 09:25:00.380,4.92,4100
2020-11-05 09:25:00.380,4.92,900
2020-11-05 09:25:00.380,4.92,25000
2020-11-05 09:25:00.380,4.92,1000
2020-11-05 09:25:00.380,4.92,500
2020-11-05 09:25:00.380,4.92,200
2020-11-05 09:25:00.380,4.92,12400
2020-11-05 09:25:00.380,4.92,20500
2020-11-05 09:25:00.380,4.92,10000
2020-11-05 09:25:00.380,4.92,4300
2020-11-05 09:25:00.380,4.92,11000
2020-11-05 09:25:00.380,4.92,5000
2020-11-05 09:25:00.380,4.92,200
2020-11-05 09:25:00.380,4.92,5000
2020-11-05 09:25:00.380,4.92,3000
2020-11-05 09:25:00.380,4.92,7200
2020-11-05 09:25:00.380,4.92,600
2020-11-05 09:25:00.380,4.92,200
2020-11-05 09:25:00.380,4.92,600
2020-11-05 09:25:00.380,4.92,100
2020-11-05 09:25:00.380,4.92,200
2020-11-05 09:25:00.380,4.92,400
2020-11-05 09:25:00.380,4.92,200
2020-11-05 09:25:00.380,4.92,300
2020-11-05 09:25:00.380,4.92,8500
2020-11-05 09:25:00.380,4.92,11000
2020-11-05 09:25:00.380,4.92,200
2020-11-05 09:25:00.380,4.92,500
2020-11-05 09:25:00.380,4.92,100
2020-11-05 09:25:00.380,4.92,300
2020-11-05 09:25:00.380,4.92,100
2020-11-05 09:25:00.380,4.92,300
2020-11-05 09:25:00.380,4.92,200
2020-11-05 09:25:00.380,4.92,800
2020-11-05 09:25:00.380,4.92,1000
2020-11-05 09:25:00.380,4.92,100
2020-11-05 09:25:00.380,4.92,100
2020-11-05 09:25:00.380,4.92,100
2020-11-05 09:25:00.380,4.92,100
2020-11-05 09:25:00.380,4.92,200
2020-11-05 09:25:00.380,4.92,200
2020-11-05 09:25:00.380,4.92,2300
2020-11-05 09:25:00.380,4.92,20000
2020-11-05 09:25:00.380,4.92,100
2020-11-05 09:25:00.380,4.92,200
2020-11-05 09:25:00.380,4.92,600
2020-11-05 09:25:00.380,4.92,4200
2020-11-05 09:25:00.380,4.92,100
2020-11-05 09:25:00.380,4.92,2100
2020-11-05 09:25:00.380,4.92,600
2020-11-05 09:25:00.380,4.92,3100
2020-11-05 09:25:00.380,4.92,5400
2020-11-05 09:25:00.380,4.92,3200
2020-11-05 09:25:00.380,4.92,400
2020-11-05 09:25:00.380,4.92,400
2020-11-05 09:25:00.380,4.92,2000
2020-11-05 09:25:00.380,4.92,10000
2020-11-05 09:25:00.380,4.92,2800
2020-11-05 09:25:00.380,4.92,200
2020-11-05 09:25:00.380,4.92,500
2020-11-05 09:25:00.380,4.92,300
2020-11-05 09:25:00.380,4.92,9700
2020-11-05 09:25:00.380,4.92,10000
2020-11-05 09:25:00.380,4.92,300
2020-11-05 09:25:00.380,4.92,200
2020-11-05 09:25:00.380,4.92,100
2020-11-05 09:25:00.380,4.92,100
2020-11-05 09:25:00.380,4.92,600
2020-11-05 09:25:00.380,4.92,400
2020-11-05 09:25:00.380,4.92,200
2020-11-05 09:25:00.380,4.92,200
2020-11-05 09:25:00.380,4.92,2100
2020-11-05 09:25:00.380,4.92,100
2020-11-05 09:25:00.380,4.92,100
2020-11-05 09:25:00.380,4.92,100
2020-11-05 09:25:00.380,4.92,300
2020-11-05 09:25:00.380,4.92,2000
2020-11-05 09:25:00.380,4.92,20500
2020-11-05 09:25:00.380,4.92,100
2020-11-05 09:25:00.380,4.92,200
2020-11-05 09:25:00.380,4.92,100
2020-11-05 09:25:00.380,4.92,5000
2020-11-05 09:25:00.380,4.92,5000
2020-11-05 09:25:00.380,4.92,5000
2020-11-05 09:25:00.380,4.92,5000
2020-11-05 09:25:00.380,4.92,2500
2020-11-05 09:25:00.380,4.92,2500
2020-11-05 09:25:00.380,4.92,2500
2020-11-05 09:25:00.380,4.92,200
2020-11-05 09:25:00.380,4.92,74600
2020-11-05 09:25:00.380,4.92,10000
2020-11-05 09:25:00.380,4.92,1000
2020-11-05 09:25:00.380,4.92,28300
2020-11-05 09:25:00.380,4.92,4000
2020-11-05 09:25:00.380,4.92,5500
2020-11-05 09:25:00.380,4.92,200
2020-11-05 09:25:00.380,4.92,100
2020-11-05 09:25:00.380,4.92,400
2020-11-05 09:25:00.380,4.92,211500
2020-11-05 09:25:00.380,4.92,4000
2020-11-05 09:25:00.380,4.92,7000
2020-11-05 09:25:00.380,4.92,7000
2020-11-05 09:25:00.380,4.92,3000
2020-11-05 09:25:00.380,4.92,1800
2020-11-05 09:25:00.380,4.92,300
2020-11-05 09:25:00.380,4.92,11600
2020-11-05 09:25:00.380,4.92,6300
2020-11-05 09:25:00.380,4.92,1400
2020-11-05 09:25:00.380,4.92,1000
2020-11-05 09:25:00.380,4.92,500
2020-11-05 09:25:00.380,4.92,3900
2020-11-05 09:25:00.380,4.92,1000
2020-11-05 09:25:00.380,4.92,200
2020-11-05 09:25:00.380,4.92,15000
2020-11-05 09:25:00.380,4.92,100
2020-11-05 09:25:00.380,4.92,1000
2020-11-05 09:25:00.380,4.92,2700
2020-11-05 09:25:00.380,4.92,200
2020-11-05 09:25:00.380,4.92,20000
2020-11-05 09:25:00.380,4.92,1500
2020-11-05 09:25:00.380,4.92,2200
2020-11-05 09:25:00.380,4.92,28000
2020-11-05 09:25:00.380,4.92,17600
2020-11-05 09:25:00.380,4.92,3000
2020-11-05 09:25:00.380,4.92,25300
2020-11-05 09:25:00.380,4.92,12600
2020-11-05 09:25:00.380,4.92,700
2020-11-05 09:25:00.380,4.92,100
2020-11-05 09:25:00.380,4.92,1200
2020-11-05 09:25:00.380,4.92,700
2020-11-05 09:25:00.380,4.92,500
2020-11-05 09:25:00.380,4.92,50000
2020-11-05 09:25:00.380,4.92,600
2020-11-05 09:25:00.380,4.92,200
2020-11-05 09:25:00.380,4.92,200
2020-11-05 09:25:00.380,4.92,100
2020-11-05 09:25:00.380,4.92,3000
2020-11-05 09:25:00.380,4.92,700
2020-11-05 09:25:00.380,4.92,200
2020-11-05 09:25:00.380,4.92,2500
2020-11-05 09:25:00.380,4.92,10000
2020-11-05 09:25:00.380,4.92,1700
2020-11-05 09:25:00.380,4.92,700
2020-11-05 09:25:00.380,4.92,1000
2020-11-05 09:25:00.380,4.92,3400
2020-11-05 09:25:00.380,4.92,5000
2020-11-05 09:25:00.380,4.92,800
2020-11-05 09:25:00.380,4.92,10000
2020-11-05 09:25:00.380,4.92,1000
2020-11-05 09:25:00.380,4.92,6000
2020-11-05 09:25:00.380,4.92,2000
2020-11-05 09:25:00.380,4.92,20000
2020-11-05 09:25:00.380,4.92,500
2020-11-05 09:25:00.380,4.92,1600
2020-11-05 09:25:00.380,4.92,6500
2020-11-05 09:25:00.380,4.92,1700
2020-11-05 09:25:00.380,4.92,8900
2020-11-05 09:25:00.380,4.92,2300
2020-11-05 09:25:00.380,4.92,700
2020-11-05 09:25:00.380,4.92,9000
2020-11-05 09:25:00.380,4.92,300
2020-11-05 09:25:00.380,4.92,1300
2020-11-05 09:25:00.380,4.92,5000
2020-11-05 09:25:00.380,4.92,500
2020-11-05 09:25:00.380,4.92,1000
2020-11-05 09:25:00.380,4.92,100
2020-11-05 09:25:00.380,4.92,700
2020-11-05 09:25:00.380,4.92,1700
2020-11-05 09:25:00.380,4.92,2500
2020-11-05 09:25:00.380,4.92,3000
2020-11-05 09:25:00.380,4.92,200
2020-11-05 09:25:00.380,4.92,5700
2020-11-05 09:25:00.380,4.92,10000
2020-11-05 09:25:00.380,4.92,10000
2020-11-05 09:25:00.380,4.92,10000
2020-11-05 09:25:00.380,4.92,5200
2020-11-05 09:25:00.380,4.92,30000
2020-11-05 09:25:00.380,4.92,6000
2020-11-05 09:25:00.380,4.92,3100
2020-11-05 09:25:00.380,4.92,400
2020-11-05 09:25:00.380,4.92,8200
2020-11-05 09:25:00.380,4.92,6400
2020-11-05 09:25:00.380,4.92,700
2020-11-05 09:25:00.380,4.92,3000
2020-11-05 09:25:00.380,4.92,1100
2020-11-05 09:25:00.380,4.92,300
2020-11-05 09:25:00.380,4.92,100
2020-11-05 09:25:00.380,4.92,100
2020-11-05 09:25:00.380,4.92,4300
2020-11-05 09:25:00.380,4.92,2300
2020-11-05 09:25:00.380,4.92,200
2020-11-05 09:25:00.380,4.92,2000
2020-11-05 09:25:00.380,4.92,1300
2020-11-05 09:25:00.380,4.92,100
2020-11-05 09:25:00.380,4.92,5000
2020-11-05 09:25:00.380,4.92,700
2020-11-05 09:25:00.380,4.92,300
2020-11-05 09:25:00.380,4.92,500
2020-11-05 09:25:00.380,4.92,6600
2020-11-05 09:25:00.380,4.92,300
2020-11-05 09:25:00.380,4.92,5500
2020-11-05 09:25:00.380,4.92,2000
2020-11-05 09:25:00.380,4.92,200
2020-11-05 09:25:00.380,4.92,200
2020-11-05 09:25:00.380,4.92,500
2020-11-05 09:25:00.380,4.92,1000
2020-11-05 09:25:00.380,4.92,2000
2020-11-05 09:25:00.380,4.92,500
2020-11-05 09:25:00.380,4.92,5000
2020-11-05 09:25:00.380,4.92,500
2020-11-05 09:25:00.380,4.92,200
2020-11-05 09:25:00.380,4.92,49000
2020-11-05 09:25:00.380,4.92,400
2020-11-05 09:25:00.380,4.92,600
2020-11-05 09:25:00.380,4.92,500
2020-11-05 09:25:00.380,4.92,500
2020-11-05 09:25:00.380,4.92,500
2020-11-05 09:25:00.380,4.92,200
2020-11-05 09:25:00.380,4.92,200
2020-11-05 09:25:00.380,4.92,200
2020-11-05 09:25:00.380,4.92,400
2020-11-05 09:25:00.380,4.92,400
2020-11-05 09:25:00.380,4.92,300
2020-11-05 09:25:00.380,4.92,1300
2020-11-05 09:25:00.380,4.92,300
2020-11-05 09:25:00.380,4.92,100
2020-11-05 09:25:00.380,4.92,2500
2020-11-05 09:25:00.380,4.92,5000
2020-11-05 09:25:00.380,4.92,20000
2020-11-05 09:25:00.380,4.92,1000
2020-11-05 09:25:00.380,4.92,4000
2020-11-05 09:25:00.380,4.92,800
2020-11-05 09:25:00.380,4.92,8900
2020-11-05 09:25:00.380,4.92,4000
2020-11-05 09:25:00.380,4.92,4100
2020-11-05 09:25:00.380,4.92,2900
2020-11-05 09:25:00.380,4.92,600
2020-11-05 09:25:00.380,4.92,20000
2020-11-05 09:25:00.380,4.92,10000
2020-11-05 09:25:00.380,4.92,2300
2020-11-05 09:25:00.380,4.92,100
2020-11-05 09:25:00.380,4.92,700
2020-11-05 09:25:00.380,4.92,4300
2020-11-05 09:25:00.380,4.92,400
2020-11-05 09:25:00.380,4.92,2300
2020-11-05 09:25:00.380,4.92,5700
2020-11-05 09:25:00.380,4.92,500
2020-11-05 09:25:00.380,4.92,2500
2020-11-05 09:25:00.380,4.92,1000
2020-11-05 09:25:00.380,4.92,4000
2020-11-05 09:25:00.380,4.92,9000
2020-11-05 09:25:00.380,4.92,2300
2020-11-05 09:25:00.380,4.92,10000
2020-11-05 09:25:00.380,4.92,1500
2020-11-05 09:25:00.380,4.92,200
2020-11-05 09:25:00.380,4.92,1000
2020-11-05 09:25:00.380,4.92,500
2020-11-05 09:25:00.380,4.92,5000
2020-11-05 09:25:00.380,4.92,8500
2020-11-05 09:25:00.380,4.92,1000
2020-11-05 09:25:00.380,4.92,2000
2020-11-05 09:25:00.380,4.92,7000
2020-11-05 09:25:00.380,4.92,5000
2020-11-05 09:25:00.380,4.92,5000
2020-11-05 09:25:00.380,4.92,100
2020-11-05 09:25:00.380,4.92,7500
2020-11-05 09:25:00.380,4.92,10000
2020-11-05 09:25:00.380,4.92,500
2020-11-05 09:25:00.380,4.92,5500
2020-11-05 09:25:00.380,4.92,300
2020-11-05 09:25:00.380,4.92,1000
2020-11-05 09:25:00.380,4.92,200
2020-11-05 09:25:00.380,4.92,900
2020-11-05 09:25:00.380,4.92,10000
2020-11-05 09:25:00.380,4.92,19100
2020-11-05 09:25:00.380,4.92,100
2020-11-05 09:25:00.380,4.92,1000
2020-11-05 09:25:00.380,4.92,300
2020-11-05 09:25:00.380,4.92,200
2020-11-05 09:25:00.380,4.92,3000
2020-11-05 09:25:00.380,4.92,200
2020-11-05 09:25:00.380,4.92,5000
2020-11-05 09:25:00.380,4.92,100
2020-11-05 09:25:00.380,4.92,20000
2020-11-05 09:25:00.380,4.92,1500
2020-11-05 09:25:00.380,4.92,200
2020-11-05 09:25:00.380,4.92,100
2020-11-05 09:25:00.380,4.92,2000
2020-11-05 09:25:00.380,4.92,1100
2020-11-05 09:25:00.380,4.92,1000
2020-11-05 09:25:00.380,4.92,1000
2020-11-05 09:25:00.380,4.92,5000
2020-11-05 09:25:00.380,4.92,3000
2020-11-05 09:25:00.380,4.92,1000
2020-11-05 09:25:00.380,4.92,10000
2020-11-05 09:25:00.380,4.92,100
2020-11-05 09:25:00.380,4.92,2000
2020-11-05 09:25:00.380,4.92,1000
2020-11-05 09:25:00.380,4.92,500
2020-11-05 09:25:00.380,4.92,10000
2020-11-05 09:25:00.380,4.92,200
2020-11-05 09:25:00.380,4.92,61300
2020-11-05 09:25:00.380,4.92,3000
2020-11-05 09:25:00.380,4.92,78000
2020-11-05 09:25:00.380,4.92,3000
2020-11-05 09:25:00.380,4.92,10000
2020-11-05 09:25:00.380,4.92,1000
2020-11-05 09:25:00.380,4.92,1500
2020-11-05 09:25:00.380,4.92,1900
2020-11-05 09:25:00.380,4.92,4600
2020-11-05 09:25:00.380,4.92,50000
2020-11-05 09:25:00.380,4.92,50000
2020-11-05 09:25:00.380,4.92,95400
2020-11-05 09:25:00.380,4.92,4000
2020-11-05 09:25:00.380,4.92,300
2020-11-05 09:25:00.380,4.92,3000
2020-11-05 09:25:00.380,4.92,200
2020-11-05 09:25:00.380,4.92,3000
2020-11-05 09:25:00.380,4.92,4100
2020-11-05 09:25:00.380,4.92,900
2020-11-05 09:25:00.380,4.92,4000
2020-11-05 09:25:00.380,4.92,500
2020-11-05 09:25:00.380,4.92,10000
2020-11-05 09:25:00.380,4.92,1000
2020-11-05 09:25:00.380,4.92,6500
2020-11-05 09:25:00.380,4.92,100
2020-11-05 09:25:00.380,4.92,2000
2020-11-05 09:25:00.380,4.92,2000
2020-11-05 09:25:00.380,4.92,200
2020-11-05 09:25:00.380,4.92,5000
2020-11-05 09:25:00.380,4.92,1000
2020-11-05 09:25:00.380,4.92,2000
2020-11-05 09:25:00.380,4.92,2900
2020-11-05 09:25:00.380,4.92,3000
2020-11-05 09:25:00.380,4.92,3000
2020-11-05 09:25:00.380,4.92,1000
2020-11-05 09:25:00.380,4.92,500
2020-11-05 09:25:00.380,4.92,4400
2020-11-05 09:25:00.380,4.92,5600
2020-11-05 09:25:00.380,4.92,9000
2020-11-05 09:25:00.380,4.92,3000
2020-11-05 09:25:00.380,4.92,200
2020-11-05 09:25:00.380,4.92,5000
2020-11-05 09:25:00.380,4.92,5000
2020-11-05 09:25:00.380,4.92,200
2020-11-05 09:25:00.380,4.92,500
2020-11-05 09:25:00.380,4.92,4500
2020-11-05 09:25:00.380,4.92,2000
2020-11-05 09:25:00.380,4.92,63000
2020-11-05 09:25:00.380,4.92,1500
2020-11-05 09:25:00.380,4.92,30800
2020-11-05 09:25:00.380,4.92,100
2020-11-05 09:25:00.380,4.92,1000
2020-11-05 09:25:00.380,4.92,100
2020-11-05 09:25:00.380,4.92,1000
2020-11-05 09:25:00.380,4.92,2500
2020-11-05 09:25:00.380,4.92,10000
2020-11-05 09:25:00.380,4.92,10000
2020-11-05 09:25:00.380,4.92,5000
2020-11-05 09:25:00.380,4.92,2100
2020-11-05 09:25:00.380,4.92,500
2020-11-05 09:25:00.380,4.92,2000
2020-11-05 09:25:00.380,4.92,2000
2020-11-05 09:25:00.380,4.92,4900
2020-11-05 09:25:00.380,4.92,100
2020-11-05 09:25:00.380,4.92,2000
2020-11-05 09:25:00.380,4.92,22800
2020-11-05 09:25:00.380,4.92,2500
2020-11-05 09:25:00.380,4.92,1900
2020-11-05 09:25:00.380,4.92,500
2020-11-05 09:25:00.380,4.92,500
2020-11-05 09:25:00.380,4.92,10300
2020-11-05 09:25:00.380,4.92,40000
2020-11-05 09:25:00.380,4.92,2300
2020-11-05 09:25:00.380,4.92,7700
2020-11-05 09:25:00.380,4.92,1200
2020-11-05 09:25:00.380,4.92,2000
2020-11-05 09:25:00.380,4.92,1000
2020-11-05 09:25:00.380,4.92,300
2020-11-05 09:25:00.380,4.92,300
2020-11-05 09:25:00.380,4.92,1000
2020-11-05 09:25:00.380,4.92,1000
2020-11-05 09:25:00.380,4.92,100
2020-11-05 09:25:00.380,4.92,40000
2020-11-05 09:25:00.380,4.92,3000
2020-11-05 09:25:00.380,4.92,1000
2020-11-05 09:25:00.380,4.92,10700
2020-11-05 09:25:00.380,4.92,500
2020-11-05 09:25:00.380,4.92,2500
2020-11-05 09:25:00.380,4.92,22000
2020-11-05 09:25:00.380,4.92,200
2020-11-05 09:25:00.380,4.92,10000
2020-11-05 09:25:00.380,4.92,500
2020-11-05 09:25:00.380,4.92,1000
2020-11-05 09:25:00.380,4.92,31500
2020-11-05 09:25:00.380,4.92,700
2020-11-05 09:25:00.380,4.92,300
2020-11-05 09:25:00.380,4.92,10900
2020-11-05 09:25:00.380,4.92,31000
2020-11-05 09:25:00.380,4.92,1000
2020-11-05 09:25:00.380,4.92,26400
2020-11-05 09:25:00.380,4.92,300
2020-11-05 09:25:00.380,4.92,10000
2020-11-05 09:25:00.380,4.92,200
2020-11-05 09:25:00.380,4.92,1000
2020-11-05 09:25:00.380,4.92,4100
2020-11-05 09:25:00.380,4.92,10000
2020-11-05 09:25:00.380,4.92,2500
2020-11-05 09:25:00.380,4.92,5000
2020-11-05 09:25:00.380,4.92,100
2020-11-05 09:25:00.380,4.92,6200
2020-11-05 09:25:00.380,4.92,100
2020-11-05 09:25:00.380,4.92,200
2020-11-05 09:25:00.380,4.92,500
2020-11-05 09:25:00.380,4.92,3500
2020-11-05 09:25:00.380,4.92,16500
2020-11-05 09:25:00.380,4.92,5000
2020-11-05 09:25:00.380,4.92,8500
2020-11-05 09:25:00.380,4.92,5000
2020-11-05 09:25:00.380,4.92,100
2020-11-05 09:25:00.380,4.92,400
2020-11-05 09:25:00.380,4.92,5000
2020-11-05 09:25:00.380,4.92,81000
2020-11-05 09:25:00.380,4.92,5000
2020-11-05 09:25:00.380,4.92,4000
2020-11-05 09:25:00.380,4.92,25000
2020-11-05 09:25:00.380,4.92,3000
2020-11-05 09:25:00.380,4.92,32400
2020-11-05 09:25:00.380,4.92,5000
2020-11-05 09:25:00.380,4.92,100
2020-11-05 09:25:00.380,4.92,34500
2020-11-05 09:25:00.380,4.92,5000
2020-11-05 09:25:00.380,4.92,800
2020-11-05 09:25:00.380,4.92,59700
2020-11-05 09:25:00.380,4.92,100000
2020-11-05 09:25:00.380,4.92,10000
2020-11-05 09:25:00.380,4.92,2000
2020-11-05 09:25:00.380,4.92,128300
2020-11-05 09:25:00.380,4.92,300000
2020-11-05 09:25:00.380,4.92,8100
2020-11-05 09:25:00.380,4.92,1300
2020-11-05 09:25:00.380,4.92,440000
2020-11-05 09:25:00.380,4.92,4500
2020-11-05 09:25:00.380,4.92,10000
2020-11-05 09:25:00.380,4.92,107800
2020-11-05 09:25:00.380,4.92,22200
2020-11-05 09:25:00.380,4.92,27800
2020-11-05 09:25:00.380,4.92,10000
2020-11-05 09:25:00.380,4.92,6000
2020-11-05 09:25:00.380,4.92,10000
2020-11-05 09:25:00.380,4.92,40000
2020-11-05 09:25:00.380,4.92,1000
2020-11-05 09:25:00.380,4.92,40000
2020-11-05 09:25:00.380,4.92,4700
2020-11-05 09:25:00.380,4.92,1000
2020-11-05 09:25:00.380,4.92,2500
2020-11-05 09:25:00.380,4.92,15000
2020-11-05 09:25:00.380,4.92,5000
2020-11-05 09:25:00.380,4.92,500
2020-11-05 09:25:00.380,4.92,100
2020-11-05 09:25:00.380,4.92,5000
2020-11-05 09:25:00.380,4.92,10000
2020-11-05 09:25:00.380,4.92,10000
2020-11-05 09:25:00.380,4.92,900
2020-11-05 09:25:00.380,4.92,10000
2020-11-05 09:25:00.380,4.92,500
2020-11-05 09:25:00.380,4.92,5000
2020-11-05 09:25:00.380,4.92,10000
2020-11-05 09:25:00.380,4.92,1500
2020-11-05 09:25:00.380,4.92,3300
2020-11-05 09:25:00.380,4.92,200
2020-11-05 09:25:00.380,4.92,10200
2020-11-05 09:25:00.380,4.92,700
2020-11-05 09:25:00.380,4.92,100
2020-11-05 09:25:00.380,4.92,60000
2020-11-05 09:25:00.380,4.92,40000
2020-11-05 09:25:00.380,4.92,1800
2020-11-05 09:25:00.380,4.92,2300
2020-11-05 09:25:00.380,4.92,100
2020-11-05 09:25:00.380,4.92,2000
2020-11-05 09:25:00.380,4.92,200
2020-11-05 09:25:00.380,4.92,2000
2020-11-05 09:25:00.380,4.92,500
2020-11-05 09:25:00.380,4.92,2500
2020-11-05 09:25:00.380,4.92,200
2020-11-05 09:25:00.380,4.92,5000
2020-11-05 09:25:00.380,4.92,200
2020-11-05 09:25:00.380,4.92,3900
2020-11-05 09:25:00.380,4.92,400
2020-11-05 09:25:00.380,4.92,14300
2020-11-05 09:25:00.380,4.92,2100
2020-11-05 09:25:00.380,4.92,1000
2020-11-05 09:25:00.380,4.92,700
2020-11-05 09:25:00.380,4.92,3000
2020-11-05 09:25:00.380,4.92,10000
2020-11-05 09:25:00.380,4.92,300
2020-11-05 09:25:00.380,4.92,3300
2020-11-05 09:25:00.380,4.92,800
2020-11-05 09:25:00.380,4.92,5000
2020-11-05 09:25:00.380,4.92,10000
2020-11-05 09:25:00.380,4.92,300
2020-11-05 09:25:00.380,4.92,2000
2020-11-05 09:25:00.380,4.92,5000
2020-11-05 09:25:00.380,4.92,490100
2020-11-05 09:25:00.380,4.92,260200
2020-11-05 09:25:00.380,4.92,1000
2020-11-05 09:25:00.380,4.92,215000
2020-11-05 09:25:00.380,4.92,1000
2020-11-05 09:25:00.380,4.92,100
2020-11-05 09:25:00.380,4.92,2000
2020-11-05 09:25:00.380,4.92,400
2020-11-05 09:25:00.380,4.92,3100
2020-11-05 09:25:00.380,4.92,1000
2020-11-05 09:25:00.380,4.92,5000
2020-11-05 09:25:00.380,4.92,30000
2020-11-05 09:25:00.380,4.92,600
2020-11-05 09:25:00.380,4.92,100
2020-11-05 09:25:00.380,4.92,500
2020-11-05 09:25:00.380,4.92,60000
2020-11-05 09:25:00.380,4.92,5000
2020-11-05 09:25:00.380,4.92,500
2020-11-05 09:25:00.380,4.92,3500
2020-11-05 09:25:00.380,4.92,100
2020-11-05 09:25:00.380,4.92,1000
2020-11-05 09:25:00.380,4.92,9900
2020-11-05 09:25:00.380,4.92,31300
2020-11-05 09:25:00.380,4.92,5000
2020-11-05 09:25:00.380,4.92,1500
2020-11-05 09:25:00.380,4.92,10000
2020-11-05 09:25:00.380,4.92,25000
2020-11-05 09:25:00.380,4.92,2000
2020-11-05 09:25:00.380,4.92,500
2020-11-05 09:25:00.380,4.92,2000
2020-11-05 09:25:00.380,4.92,1000
2020-11-05 09:25:00.380,4.92,7000
2020-11-05 09:25:00.380,4.92,300
2020-11-05 09:25:00.380,4.92,500
2020-11-05 09:25:00.380,4.92,1000
2020-11-05 09:25:00.380,4.92,10000
2020-11-05 09:25:00.380,4.92,2300
2020-11-05 09:25:00.380,4.92,700
2020-11-05 09:25:00.380,4.92,18000
2020-11-05 09:25:00.380,4.92,200
2020-11-05 09:25:00.380,4.92,600
2020-11-05 09:25:00.380,4.92,15000
2020-11-05 09:25:00.380,4.92,100
2020-11-05 09:25:00.380,4.92,500
2020-11-05 09:25:00.380,4.92,1800
2020-11-05 09:25:00.380,4.92,1500
2020-11-05 09:25:00.380,4.92,100
2020-11-05 09:25:00.380,4.92,10000
2020-11-05 09:25:00.380,4.92,10000
2020-11-05 09:25:00.380,4.92,2000
2020-11-05 09:25:00.380,4.92,1500
2020-11-05 09:25:00.380,4.92,5000
2020-11-05 09:25:00.380,4.92,3000
2020-11-05 09:25:00.380,4.92,5000
2020-11-05 09:25:00.380,4.92,100
2020-11-05 09:25:00.380,4.92,2000
2020-11-05 09:25:00.380,4.92,17500
2020-11-05 09:25:00.380,4.92,1000
2020-11-05 09:25:00.380,4.92,2100
2020-11-05 09:25:00.380,4.92,2500
2020-11-05 09:25:00.380,4.92,14300
2020-11-05 09:25:00.380,4.92,1000
2020-11-05 09:25:00.380,4.92,30000
2020-11-05 09:25:00.380,4.92,2000
2020-11-05 09:25:00.380,4.92,300
2020-11-05 09:25:00.380,4.92,200
2020-11-05 09:25:00.380,4.92,3000
2020-11-05 09:25:00.380,4.92,10000
2020-11-05 09:25:00.380,4.92,1000
2020-11-05 09:25:00.380,4.92,300
2020-11-05 09:25:00.380,4.92,500
2020-11-05 09:25:00.380,4.92,500
2020-11-05 09:25:00.380,4.92,300
2020-11-05 09:25:00.380,4.92,200
2020-11-05 09:25:00.380,4.92,5000
2020-11-05 09:25:00.380,4.92,600
2020-11-05 09:25:00.380,4.92,500
2020-11-05 09:25:00.380,4.92,500
2020-11-05 09:25:00.380,4.92,30200
2020-11-05 09:25:00.380,4.92,150400
2020-11-05 09:25:00.380,4.92,10000
2020-11-05 09:25:00.380,4.92,500
2020-11-05 09:25:00.380,4.92,2200
2020-11-05 09:25:00.380,4.92,2500
2020-11-05 09:25:00.380,4.92,134400
2020-11-05 09:25:00.380,4.92,300000
2020-11-05 09:25:00.380,4.92,300000
2020-11-05 09:25:00.380,4.92,30000
2020-11-05 09:25:00.380,4.92,100
2020-11-05 09:25:00.380,4.92,2000
2020-11-05 09:25:00.380,4.92,50000
2020-11-05 09:25:00.380,4.92,5000
2020-11-05 09:25:00.380,4.92,2000
2020-11-05 09:25:00.380,4.92,15000
2020-11-05 09:25:00.380,4.92,300
2020-11-05 09:25:00.380,4.92,13000
2020-11-05 09:25:00.380,4.92,102900
2020-11-05 09:25:00.380,4.92,20000
2020-11-05 09:25:00.380,4.92,10000
2020-11-05 09:25:00.380,4.92,15300
2020-11-05 09:25:00.380,4.92,500
2020-11-05 09:25:00.380,4.92,2000
2020-11-05 09:25:00.380,4.92,5000
2020-11-05 09:25:00.380,4.92,100
2020-11-05 09:25:00.380,4.92,600
2020-11-05 09:25:00.380,4.92,30000
2020-11-05 09:25:00.380,4.92,1800
2020-11-05 09:25:00.380,4.92,700
2020-11-05 09:25:00.380,4.92,100
2020-11-05 09:25:00.380,4.92,1000
2020-11-05 09:25:00.380,4.92,700
2020-11-05 09:25:00.380,4.92,1000
2020-11-05 09:25:00.380,4.92,3000
2020-11-05 09:25:00.380,4.92,3000
2020-11-05 09:25:00.380,4.92,10000
2020-11-05 09:25:00.380,4.92,500
2020-11-05 09:25:00.380,4.92,800
2020-11-05 09:25:00.380,4.92,1000
2020-11-05 09:25:00.380,4.92,22900
2020-11-05 09:25:00.380,4.92,19700
2020-11-05 09:25:00.380,4.92,300
2020-11-05 09:25:00.380,4.92,1000
2020-11-05 09:25:00.380,4.92,10000
2020-11-05 09:25:00.380,4.92,2300
2020-11-05 09:25:00.380,4.92,1700
2020-11-05 09:25:00.380,4.92,11800
2020-11-05 09:25:00.380,4.92,4000
2020-11-05 09:25:00.380,4.92,3000
2020-11-05 09:25:00.380,4.92,1000
2020-11-05 09:25:00.380,4.92,1000
2020-11-05 09:25:00.380,4.92,2700
2020-11-05 09:25:00.380,4.92,2500
2020-11-05 09:25:00.380,4.92,5000
2020-11-05 09:25:00.380,4.92,300
2020-11-05 09:25:00.380,4.92,1700
2020-11-05 09:25:00.380,4.92,28300
2020-11-05 09:25:00.380,4.92,500
2020-11-05 09:25:00.380,4.92,500
2020-11-05 09:25:00.380,4.92,400
2020-11-05 09:25:00.380,4.92,200
2020-11-05 09:25:00.380,4.92,10000
2020-11-05 09:25:00.380,4.92,2500
2020-11-05 09:25:00.380,4.92,800
2020-11-05 09:25:00.380,4.92,100
2020-11-05 09:25:00.380,4.92,10000
2020-11-05 09:25:00.380,4.92,300
2020-11-05 09:25:00.380,4.92,700
2020-11-05 09:25:00.380,4.92,1000
2020-11-05 09:25:00.380,4.92,2100
2020-11-05 09:25:00.380,4.92,1000
2020-11-05 09:25:00.380,4.92,9900
2020-11-05 09:25:00.380,4.92,20000
2020-11-05 09:25:00.380,4.92,3000
2020-11-05 09:25:00.380,4.92,6100
2020-11-05 09:25:00.380,4.92,2600
2020-11-05 09:25:00.380,4.92,1400
2020-11-05 09:25:00.380,4.92,6000
2020-11-05 09:25:00.380,4.92,1000
2020-11-05 09:25:00.380,4.92,5000
2020-11-05 09:25:00.380,4.92,30000
2020-11-05 09:25:00.380,4.92,15000
2020-11-05 09:25:00.380,4.92,7500
2020-11-05 09:25:00.380,4.92,5000
2020-11-05 09:25:00.380,4.92,500
2020-11-05 09:25:00.380,4.92,10000
2020-11-05 09:25:00.380,4.92,800
2020-11-05 09:25:00.380,4.92,15000
2020-11-05 09:25:00.380,4.92,1300
2020-11-05 09:25:00.380,4.92,300
2020-11-05 09:25:00.380,4.92,2100
2020-11-05 09:25:00.380,4.92,1000
2020-11-05 09:25:00.380,4.92,3500
2020-11-05 09:25:00.380,4.92,100
2020-11-05 09:25:00.380,4.92,1100
2020-11-05 09:25:00.380,4.92,19200
2020-11-05 09:25:00.380,4.92,2100
2020-11-05 09:25:00.380,4.92,2300
2020-11-05 09:25:00.380,4.92,100
2020-11-05 09:25:00.380,4.92,700
2020-11-05 09:25:00.380,4.92,3000
2020-11-05 09:25:00.380,4.92,2000
2020-11-05 09:25:00.380,4.92,5000
2020-11-05 09:25:00.380,4.92,400
2020-11-05 09:25:00.380,4.92,4700
2020-11-05 09:25:00.380,4.92,2500
2020-11-05 09:25:00.380,4.92,2100
2020-11-05 09:25:00.380,4.92,7000
2020-11-05 09:25:00.380,4.92,19000
2020-11-05 09:25:00.380,4.92,200
2020-11-05 09:25:00.380,4.92,1000
2020-11-05 09:25:00.380,4.92,3000
2020-11-05 09:25:00.380,4.92,1000
2020-11-05 09:25:00.380,4.92,5300
2020-11-05 09:25:00.380,4.92,1000
2020-11-05 09:25:00.380,4.92,10000
2020-11-05 09:25:00.380,4.92,5000
2020-11-05 09:25:00.380,4.92,4200
2020-11-05 09:25:00.380,4.92,500
2020-11-05 09:25:00.380,4.92,1500
2020-11-05 09:25:00.380,4.92,100
2020-11-05 09:25:00.380,4.92,3000
2020-11-05 09:25:00.380,4.92,2000
2020-11-05 09:25:00.380,4.92,2000
2020-11-05 09:25:00.380,4.92,3900
2020-11-05 09:25:00.380,4.92,100
2020-11-05 09:25:00.380,4.92,1200
2020-11-05 09:25:00.380,4.92,600
2020-11-05 09:25:00.380,4.92,10000
2020-11-05 09:25:00.380,4.92,300
2020-11-05 09:25:00.380,4.92,10000
2020-11-05 09:25:00.380,4.92,7900
2020-11-05 09:25:00.380,4.92,1000
2020-11-05 09:25:00.380,4.92,20800
2020-11-05 09:25:00.380,4.92,2500
2020-11-05 09:25:00.380,4.92,2100
2020-11-05 09:25:00.380,4.92,4000
2020-11-05 09:25:00.380,4.92,12300
2020-11-05 09:25:00.380,4.92,1000
2020-11-05 09:25:00.380,4.92,8000
2020-11-05 09:25:00.380,4.92,500
2020-11-05 09:25:00.380,4.92,500
2020-11-05 09:25:00.380,4.92,2000
2020-11-05 09:25:00.380,4.92,400
2020-11-05 09:25:00.380,4.92,5000
2020-11-05 09:25:00.380,4.92,2000
2020-11-05 09:25:00.380,4.92,15800
2020-11-05 09:25:00.380,4.92,5000
2020-11-05 09:25:00.380,4.92,1000
2020-11-05 09:25:00.380,4.92,900
2020-11-05 09:25:00.380,4.92,1000
2020-11-05 09:25:00.380,4.92,6000
2020-11-05 09:25:00.380,4.92,13400
2020-11-05 09:25:00.380,4.92,100
2020-11-05 09:30:00.060,4.921,4000
2020-11-05 09:30:00.180,4.921,36000
2020-11-05 09:30:00.180,4.921,100
2020-11-05 09:30:00.180,4.921,7000
2020-11-05 09:30:00.180,4.921,700
2020-11-05 09:30:00.180,4.922,100
2020-11-05 09:30:00.180,4.922,5600
2020-11-05 09:30:00.180,4.922,1000
2020-11-05 09:30:00.180,4.922,200
2020-11-05 09:30:00.180,4.922,1000
2020-11-05 09:30:00.180,4.922,3900
2020-11-05 09:30:00.180,4.922,5000
2020-11-05 09:30:00.180,4.922,100
2020-11-05 09:30:00.180,4.922,10000
2020-11-05 09:30:00.180,4.922,10000
2020-11-05 09:30:00.250,4.923,3000
2020-11-05 09:30:00.250,4.923,100
2020-11-05 09:30:00.250,4.923,1800
2020-11-05 09:30:00.250,4.923,3000
2020-11-05 09:30:00.250,4.923,2300
2020-11-05 09:30:00.250,4.923,4000
2020-11-05 09:30:00.250,4.923,1000
2020-11-05 09:30:00.250,4.924,1300
2020-11-05 09:30:00.290,4.922,32600
2020-11-05 09:30:00.330,4.922,500
2020-11-05 09:30:00.330,4.922,2000
2020-11-05 09:30:00.330,4.922,4200
2020-11-05 09:30:00.390,4.922,5000
2020-11-05 09:30:00.390,4.922,6800
2020-11-05 09:30:00.390,4.922,1200
2020-11-05 09:30:00.390,4.922,800
2020-11-05 09:30:00.390,4.922,1000
2020-11-05 09:30:00.390,4.922,1000
2020-11-05 09:30:00.390,4.924,700
2020-11-05 09:30:00.390,4.924,7000
2020-11-05 09:30:00.390,4.924,5000
2020-11-05 09:30:00.390,4.924,5000
2020-11-05 09:30:00.390,4.924,100
2020-11-05 09:30:00.390,4.924,700
2020-11-05 09:30:00.390,4.924,10000
2020-11-05 09:30:00.390,4.925,1500
2020-11-05 09:30:00.390,4.925,5000
2020-11-05 09:30:00.390,4.925,165500
2020-11-05 09:30:00.390,4.925,2500
2020-11-05 09:30:00.390,4.925,3100
2020-11-05 09:30:00.390,4.925,500
2020-11-05 09:30:00.390,4.925,2600
2020-11-05 09:30:00.390,4.925,10000
2020-11-05 09:30:00.390,4.925,5000
2020-11-05 09:30:00.390,4.926,2500
2020-11-05 09:30:00.390,4.926,600
2020-11-05 09:30:00.390,4.926,1600
2020-11-05 09:30:00.390,4.926,6000
2020-11-05 09:30:00.390,4.926,10000
2020-11-05 09:30:00.390,4.926,6000
2020-11-05 09:30:00.390,4.926,5000
2020-11-05 09:30:00.390,4.927,4000
2020-11-05 09:30:00.390,4.927,1000
2020-11-05 09:30:00.390,4.927,1000
2020-11-05 09:30:00.390,4.927,17000
2020-11-05 09:30:00.390,4.927,3100
2020-11-05 09:30:00.390,4.927,700
2020-11-05 09:30:00.390,4.927,5000
2020-11-05 09:30:00.390,4.927,200
2020-11-05 09:30:00.390,4.927,10000
2020-11-05 09:30:00.390,4.927,1000
2020-11-05 09:30:00.390,4.928,3000
2020-11-05 09:30:00.390,4.928,500
2020-11-05 09:30:00.390,4.928,40000
2020-11-05 09:30:00.390,4.928,4500
2020-11-05 09:30:00.390,4.928,1000
2020-11-05 09:30:00.390,4.928,100
2020-11-05 09:30:00.390,4.928,1700
2020-11-05 09:30:00.390,4.928,2000
2020-11-05 09:30:00.390,4.928,2300
2020-11-05 09:30:00.390,4.928,30000
2020-11-05 09:30:00.390,4.928,1000
2020-11-05 09:30:00.390,4.928,10000
2020-11-05 09:30:00.390,4.928,600
2020-11-05 09:30:00.390,4.928,124600
2020-11-05 09:30:00.390,4.928,75400
2020-11-05 09:30:00.390,4.928,1500
2020-11-05 09:30:00.390,4.929,7000
2020-11-05 09:30:00.390,4.929,2000
2020-11-05 09:30:00.390,4.929,13000
2020-11-05 09:30:00.390,4.929,20300
2020-11-05 09:30:00.390,4.929,1000
2020-11-05 09:30:00.390,4.929,2000
2020-11-05 09:30:00.390,4.929,1800
2020-11-05 09:30:00.390,4.93,5000
2020-11-05 09:30:00.390,4.93,500
2020-11-05 09:30:00.390,4.93,3000
2020-11-05 09:30:00.390,4.93,3600
2020-11-05 09:30:00.390,4.93,20600
2020-11-05 09:30:00.390,4.93,100
2020-11-05 09:30:00.390,4.93,10000
2020-11-05 09:30:00.390,4.93,1000
2020-11-05 09:30:00.390,4.93,3000
2020-11-05 09:30:00.390,4.93,1300
2020-11-05 09:30:00.390,4.93,1000
2020-11-05 09:30:00.390,4.93,2000
2020-11-05 09:30:00.390,4.93,1000
2020-11-05 09:30:00.390,4.93,1000
2020-11-05 09:30:00.390,4.93,2500
2020-11-05 09:30:00.390,4.93,700
2020-11-05 09:30:00.390,4.93,5000
2020-11-05 09:30:00.390,4.93,2000
2020-11-05 09:30:00.390,4.93,500
2020-11-05 09:30:00.390,4.93,500
2020-11-05 09:30:00.390,4.93,3500
2020-11-05 09:30:00.390,4.93,24900
2020-11-05 09:30:00.390,4.93,5000
2020-11-05 09:30:00.390,4.93,1000
2020-11-05 09:30:00.390,4.931,400
2020-11-05 09:30:00.390,4.931,300
2020-11-05 09:30:00.390,4.931,10000
2020-11-05 09:30:00.390,4.932,5200
2020-11-05 09:30:00.390,4.932,600
2020-11-05 09:30:00.390,4.932,5000
2020-11-05 09:30:00.390,4.932,100
2020-11-05 09:30:00.390,4.933,2000
2020-11-05 09:30:00.390,4.933,2500
2020-11-05 09:30:00.390,4.933,4000
2020-11-05 09:30:00.390,4.933,3000
2020-11-05 09:30:00.390,4.933,1100
2020-11-05 09:30:00.390,4.933,2000
2020-11-05 09:30:00.390,4.933,5000
2020-11-05 09:30:00.390,4.933,2300
2020-11-05 09:30:00.390,4.933,700
2020-11-05 09:30:00.390,4.933,2000
2020-11-05 09:30:00.390,4.933,2000
2020-11-05 09:30:00.390,4.933,1000
2020-11-05 09:30:00.390,4.934,7000
2020-11-05 09:30:00.390,4.934,10000
2020-11-05 09:30:00.390,4.935,1000
2020-11-05 09:30:00.390,4.935,2000
2020-11-05 09:30:00.390,4.935,3800
2020-11-05 09:30:00.390,4.935,300
2020-11-05 09:30:00.390,4.925,3000
2020-11-05 09:30:00.390,4.925,30000
2020-11-05 09:30:00.390,4.925,1700
2020-11-05 09:30:00.510,4.925,1300
2020-11-05 09:30:00.510,4.925,1000
2020-11-05 09:30:00.510,4.925,2200
2020-11-05 09:30:00.510,4.925,2000
2020-11-05 09:30:00.510,4.93,400
2020-11-05 09:30:00.510,4.93,5100
2020-11-05 09:30:00.510,4.935,2200
2020-11-05 09:30:00.510,4.935,1500
2020-11-05 09:30:00.510,4.935,500
2020-11-05 09:30:00.510,4.935,1000
2020-11-05 09:30:00.510,4.936,15000
2020-11-05 09:30:00.510,4.936,700
2020-11-05 09:30:00.510,4.936,5000
2020-11-05 09:30:00.510,4.936,2000
2020-11-05 09:30:00.510,4.936,300
2020-11-05 09:30:00.510,4.936,50000
2020-11-05 09:30:00.510,4.936,3000
2020-11-05 09:30:00.510,4.936,2500
2020-11-05 09:30:00.510,4.936,1000
2020-11-05 09:30:00.510,4.936,5000
2020-11-05 09:30:00.620,4.936,50000
2020-11-05 09:30:00.620,4.936,3000
2020-11-05 09:30:00.620,4.936,30000
2020-11-05 09:30:00.620,4.936,200
2020-11-05 09:30:00.620,4.936,10000
2020-11-05 09:30:00.620,4.936,300
2020-11-05 09:30:00.620,4.936,1000
2020-11-05 09:30:00.620,4.936,200
2020-11-05 09:30:00.620,4.936,2000
2020-11-05 09:30:00.620,4.936,2000
2020-11-05 09:30:00.730,4.936,500
2020-11-05 09:30:00.730,4.936,4000
2020-11-05 09:30:00.730,4.936,1000
2020-11-05 09:30:00.730,4.936,4300
2020-11-05 09:30:00.730,4.936,4400
2020-11-05 09:30:00.730,4.936,500
2020-11-05 09:30:00.730,4.936,8600
2020-11-05 09:30:00.730,4.936,200
2020-11-05 09:30:00.730,4.936,1000
2020-11-05 09:30:00.730,4.936,1700
2020-11-05 09:30:00.730,4.936,10000
2020-11-05 09:30:00.730,4.936,200
2020-11-05 09:30:00.730,4.936,10000
2020-11-05 09:30:00.730,4.936,1000
2020-11-05 09:30:00.730,4.936,5000
2020-11-05 09:30:00.850,4.936,5000
2020-11-05 09:30:00.850,4.936,5000
2020-11-05 09:30:00.850,4.936,900
2020-11-05 09:30:00.960,4.936,3000
2020-11-05 09:30:00.960,4.936,4100
2020-11-05 09:30:00.960,4.936,500
2020-11-05 09:30:00.960,4.936,35200
2020-11-05 09:30:00.960,4.93,500
2020-11-05 09:30:00.960,4.929,14300
2020-11-05 09:30:00.960,4.929,1000
2020-11-05 09:30:00.960,4.929,6000
2020-11-05 09:30:00.960,4.929,100
2020-11-05 09:30:00.960,4.929,28600
2020-11-05 09:30:00.960,4.929,25700
2020-11-05 09:30:00.960,4.929,1000
2020-11-05 09:30:00.960,4.929,23300
2020-11-05 09:30:01.070,4.928,1400
2020-11-05 09:30:01.070,4.927,5200
2020-11-05 09:30:01.070,4.927,500
2020-11-05 09:30:01.070,4.927,5000
2020-11-05 09:30:01.070,4.927,10000
2020-11-05 09:30:01.070,4.927,3000
2020-11-05 09:30:01.180,4.927,100
2020-11-05 09:30:01.180,4.929,9700
2020-11-05 09:30:01.180,4.935,100
2020-11-05 09:30:01.180,4.937,700
2020-11-05 09:30:01.180,4.937,1000
2020-11-05 09:30:01.180,4.937,10000
2020-11-05 09:30:01.180,4.937,10000
2020-11-05 09:30:01.180,4.937,300
2020-11-05 09:30:01.180,4.937,18000
2020-11-05 09:30:01.180,4.937,10000
2020-11-05 09:30:01.180,4.938,5000
2020-11-05 09:30:01.180,4.938,20000
2020-11-05 09:30:01.180,4.938,1500
2020-11-05 09:30:01.180,4.938,700
2020-11-05 09:30:01.180,4.938,2300
2020-11-05 09:30:01.180,4.938,2000
2020-11-05 09:30:01.180,4.938,1000
2020-11-05 09:30:01.180,4.938,30000
2020-11-05 09:30:01.180,4.938,200
2020-11-05 09:30:01.180,4.938,177500
2020-11-05 09:30:01.180,4.927,400
2020-11-05 09:30:01.180,4.927,5800
2020-11-05 09:30:01.180,4.926,10000
2020-11-05 09:30:01.180,4.925,34600
2020-11-05 09:30:01.180,4.925,500
2020-11-05 09:30:01.180,4.925,25000
2020-11-05 09:30:01.180,4.923,2000
2020-11-05 09:30:01.180,4.923,21100
2020-11-05 09:30:01.180,4.923,200
2020-11-05 09:30:01.180,4.923,600
2020-11-05 09:30:01.180,4.923,1500
2020-11-05 09:30:01.180,4.923,1300
2020-11-05 09:30:01.180,4.923,200
2020-11-05 09:30:01.180,4.924,2000
2020-11-05 09:30:01.180,4.924,10000
2020-11-05 09:30:01.180,4.924,600
2020-11-05 09:30:01.180,4.924,2000
2020-11-05 09:30:01.180,4.924,200
2020-11-05 09:30:01.300,4.925,2500
2020-11-05 09:30:01.300,4.924,2000
2020-11-05 09:30:01.300,4.924,1000
2020-11-05 09:30:01.300,4.925,2500
2020-11-05 09:30:01.300,4.925,300
2020-11-05 09:30:01.300,4.925,5000
2020-11-05 09:30:01.300,4.927,1000
2020-11-05 09:30:01.300,4.93,200
2020-11-05 09:30:01.300,4.93,1000
2020-11-05 09:30:01.300,4.924,6500
2020-11-05 09:30:01.300,4.924,600
2020-11-05 09:30:01.300,4.924,3100
2020-11-05 09:30:01.300,4.924,90200
2020-11-05 09:30:01.300,4.923,64800
2020-11-05 09:30:01.300,4.922,25600
2020-11-05 09:30:01.300,4.922,7300
2020-11-05 09:30:01.300,4.922,2000
2020-11-05 09:30:01.300,4.924,20000
2020-11-05 09:30:01.300,4.924,4100
2020-11-05 09:30:01.410,4.931,1000
2020-11-05 09:30:01.410,4.934,10000
2020-11-05 09:30:01.410,4.934,9000
2020-11-05 09:30:01.410,4.93,100
2020-11-05 09:30:01.410,4.924,11500
2020-11-05 09:30:01.410,4.924,10000
2020-11-05 09:30:01.410,4.924,2500
2020-11-05 09:30:01.410,4.924,700
2020-11-05 09:30:01.410,4.924,5200
2020-11-05 09:30:01.410,4.925,10000
2020-11-05 09:30:01.410,4.935,10000
2020-11-05 09:30:01.410,4.938,22500
2020-11-05 09:30:01.410,4.938,600
2020-11-05 09:30:01.410,4.938,20000
2020-11-05 09:30:01.410,4.938,500
2020-11-05 09:30:01.410,4.939,1000
2020-11-05 09:30:01.410,4.939,7000
2020-11-05 09:30:01.410,4.939,300
2020-11-05 09:30:01.410,4.939,4500
2020-11-05 09:30:01.410,4.939,4000
2020-11-05 09:30:01.410,4.939,600
2020-11-05 09:30:01.410,4.939,500
2020-11-05 09:30:01.410,4.939,700
2020-11-05 09:30:01.410,4.939,2000
2020-11-05 09:30:01.410,4.939,2000
2020-11-05 09:30:01.410,4.939,10000
2020-11-05 09:30:01.410,4.939,17000
2020-11-05 09:30:01.520,4.939,4000
2020-11-05 09:30:01.520,4.939,1800
2020-11-05 09:30:01.520,4.939,500
2020-11-05 09:30:01.520,4.939,10000
2020-11-05 09:30:01.520,4.94,4300
2020-11-05 09:30:01.520,4.94,4400
2020-11-05 09:30:01.520,4.939,70000
2020-11-05 09:30:01.520,4.939,44600
2020-11-05 09:30:01.520,4.939,30000
2020-11-05 09:30:01.520,4.939,20000
2020-11-05 09:30:01.520,4.939,5900
2020-11-05 09:30:01.520,4.933,2600
2020-11-05 09:30:01.520,4.925,6500
2020-11-05 09:30:01.520,4.925,5200
2020-11-05 09:30:01.520,4.94,1800
2020-11-05 09:30:01.640,4.925,2000
2020-11-05 09:30:01.640,4.93,37000
2020-11-05 09:30:01.640,4.925,10000
2020-11-05 09:30:01.640,4.925,1600
2020-11-05 09:30:01.640,4.925,1500
2020-11-05 09:30:01.640,4.925,500
2020-11-05 09:30:01.750,4.925,600
2020-11-05 09:30:01.750,4.925,1000
2020-11-05 09:30:01.750,4.93,500
2020-11-05 09:30:01.860,4.925,10000
2020-11-05 09:30:01.860,4.925,10000
2020-11-05 09:30:01.860,4.925,171100
2020-11-05 09:30:01.860,4.925,44700
2020-11-05 09:30:01.860,4.925,37900
2020-11-05 09:30:01.860,4.924,46300
2020-11-05 09:30:01.860,4.924,25000
2020-11-05 09:30:01.860,4.924,10900
2020-11-05 09:30:01.860,4.924,19100
2020-11-05 09:30:01.860,4.924,5000
2020-11-05 09:30:01.860,4.924,40000
2020-11-05 09:30:01.860,4.924,800
2020-11-05 09:30:01.860,4.924,5300
2020-11-05 09:30:01.980,4.924,5000
2020-11-05 09:30:01.980,4.924,157700
2020-11-05 09:30:01.980,4.924,5000
2020-11-05 09:30:01.980,4.924,100
2020-11-05 09:30:01.980,4.924,5000
2020-11-05 09:30:01.980,4.925,200
2020-11-05 09:30:01.980,4.925,2200
2020-11-05 09:30:01.980,4.925,3000
2020-11-05 09:30:01.980,4.93,4600
2020-11-05 09:30:01.980,4.924,10000
2020-11-05 09:30:01.980,4.924,10000
2020-11-05 09:30:01.980,4.93,100000
2020-11-05 09:30:01.980,4.924,7000
2020-11-05 09:30:01.980,4.924,1500
2020-11-05 09:30:01.980,4.924,7500
2020-11-05 09:30:01.980,4.924,500
2020-11-05 09:30:01.980,4.924,2100
2020-11-05 09:30:02.090,4.924,300
2020-11-05 09:30:02.090,4.924,1000
2020-11-05 09:30:02.090,4.924,61600
2020-11-05 09:30:02.090,4.922,473100
2020-11-05 09:30:02.090,4.922,2200
2020-11-05 09:30:02.090,4.922,2000
2020-11-05 09:30:02.090,4.922,2200
2020-11-05 09:30:02.090,4.922,300
2020-11-05 09:30:02.090,4.922,6000
2020-11-05 09:30:02.090,4.922,2500
2020-11-05 09:30:02.090,4.922,300000
2020-11-05 09:30:02.090,4.922,5000
2020-11-05 09:30:02.090,4.922,24800
2020-11-05 09:30:02.090,4.922,22200
2020-11-05 09:30:02.090,4.922,98100
2020-11-05 09:30:02.090,4.922,201900
2020-11-05 09:30:02.090,4.922,1000
2020-11-05 09:30:02.090,4.922,10000
2020-11-05 09:30:02.090,4.922,14000
2020-11-05 09:30:02.090,4.921,19600
2020-11-05 09:30:02.090,4.921,300000
2020-11-05 09:30:02.090,4.921,500
2020-11-05 09:30:02.090,4.921,2100
2020-11-05 09:30:02.090,4.921,11400
2020-11-05 09:30:02.090,4.921,30000
2020-11-05 09:30:02.090,4.921,20000
2020-11-05 09:30:02.090,4.921,20000
2020-11-05 09:30:02.090,4.921,10000
2020-11-05 09:30:02.090,4.921,297400
2020-11-05 09:30:02.090,4.921,3000
2020-11-05 09:30:02.090,4.921,200
2020-11-05 09:30:02.090,4.921,7000
2020-11-05 09:30:02.090,4.921,51900
2020-11-05 09:30:02.090,4.921,45000
2020-11-05 09:30:02.090,4.921,10000
2020-11-05 09:30:02.090,4.921,2000
2020-11-05 09:30:02.090,4.923,6000
2020-11-05 09:30:02.090,4.93,54000
2020-11-05 09:30:02.090,4.921,4700
2020-11-05 09:30:02.090,4.925,2000
2020-11-05 09:30:02.090,4.93,298000
2020-11-05 09:30:02.210,4.923,5000
2020-11-05 09:30:02.210,4.921,2500
2020-11-05 09:30:02.210,4.93,54800
2020-11-05 09:30:02.210,4.921,900
2020-11-05 09:30:02.210,4.921,900
2020-11-05 09:30:02.210,4.921,6000
2020-11-05 09:30:02.210,4.921,3800
2020-11-05 09:30:02.210,4.921,3000
2020-11-05 09:30:02.330,4.921,10000
2020-11-05 09:30:02.330,4.921,200
2020-11-05 09:30:02.330,4.921,200
2020-11-05 09:30:02.330,4.921,200
2020-11-05 09:30:02.330,4.921,10000
2020-11-05 09:30:02.330,4.921,221000
2020-11-05 09:30:02.330,4.924,800
2020-11-05 09:30:02.330,4.924,50700
2020-11-05 09:30:02.330,4.925,10000
2020-11-05 09:30:02.330,4.925,200
2020-11-05 09:30:02.330,4.927,1000
2020-11-05 09:30:02.330,4.927,400
2020-11-05 09:30:02.330,4.927,15000
2020-11-05 09:30:02.330,4.927,200
2020-11-05 09:30:02.330,4.927,500
2020-11-05 09:30:02.440,4.927,9000
2020-11-05 09:30:02.440,4.927,400
2020-11-05 09:30:02.440,4.927,3600
2020-11-05 09:30:02.440,4.927,1000
2020-11-05 09:30:02.440,4.928,100
2020-11-05 09:30:02.440,4.927,10000
2020-11-05 09:30:02.440,4.927,2500
2020-11-05 09:30:02.440,4.927,3000
2020-11-05 09:30:02.440,4.927,20000
2020-11-05 09:30:02.560,4.928,3200
2020-11-05 09:30:02.560,4.928,5000
2020-11-05 09:30:02.560,4.928,2000
2020-11-05 09:30:02.560,4.93,22400
2020-11-05 09:30:02.560,4.93,3000
2020-11-05 09:30:02.560,4.93,1000
2020-11-05 09:30:02.560,4.93,600
2020-11-05 09:30:02.560,4.93,64200
2020-11-05 09:30:02.560,4.93,2000
2020-11-05 09:30:02.560,4.93,5000
2020-11-05 09:30:02.560,4.93,10000
2020-11-05 09:30:02.560,4.93,200
2020-11-05 09:30:02.560,4.93,1000
2020-11-05 09:30:02.560,4.932,500
2020-11-05 09:30:02.560,4.933,1700
2020-11-05 09:30:02.560,4.933,3000
2020-11-05 09:30:02.560,4.934,2000
2020-11-05 09:30:02.560,4.934,5000
2020-11-05 09:30:02.560,4.934,20000
2020-11-05 09:30:02.560,4.934,4000
2020-11-05 09:30:02.560,4.934,5000
2020-11-05 09:30:02.560,4.934,5000
2020-11-05 09:30:02.560,4.934,300
2020-11-05 09:30:02.560,4.927,5100
2020-11-05 09:30:02.560,4.927,4900
2020-11-05 09:30:02.670,4.928,5000
2020-11-05 09:30:02.670,4.93,200
2020-11-05 09:30:02.670,4.935,100
2020-11-05 09:30:02.670,4.935,10000
2020-11-05 09:30:02.670,4.938,2800
2020-11-05 09:30:02.670,4.938,5000
2020-11-05 09:30:02.670,4.938,1000
2020-11-05 09:30:02.670,4.938,5000
2020-11-05 09:30:02.670,4.938,2000
2020-11-05 09:30:02.670,4.94,10000
2020-11-05 09:30:02.670,4.938,2000
2020-11-05 09:30:02.670,4.938,1000
2020-11-05 09:30:02.670,4.938,10000
2020-11-05 09:30:02.670,4.938,1000
2020-11-05 09:30:02.670,4.938,10000
2020-11-05 09:30:02.670,4.938,5000
2020-11-05 09:30:02.670,4.938,10000
2020-11-05 09:30:02.790,4.938,300
2020-11-05 09:30:02.790,4.938,1000
2020-11-05 09:30:02.790,4.938,200
2020-11-05 09:30:02.790,4.938,500
2020-11-05 09:30:02.790,4.938,300
2020-11-05 09:30:02.790,4.938,500
2020-11-05 09:30:02.790,4.938,500
2020-11-05 09:30:02.790,4.938,10000
2020-11-05 09:30:02.790,4.938,8900
2020-11-05 09:30:02.790,4.938,7000
2020-11-05 09:30:02.790,4.938,55000
2020-11-05 09:30:02.790,4.938,27400
2020-11-05 09:30:02.790,4.94,19500
2020-11-05 09:30:02.790,4.94,28300
2020-11-05 09:30:02.790,4.938,1000
2020-11-05 09:30:02.790,4.938,2000
2020-11-05 09:30:02.790,4.938,4000
2020-11-05 09:30:02.790,4.938,500
2020-11-05 09:30:02.790,4.938,2000
2020-11-05 09:30:02.900,4.938,60000
2020-11-05 09:30:02.900,4.938,4100
2020-11-05 09:30:02.900,4.938,1000
2020-11-05 09:30:02.900,4.938,5000
2020-11-05 09:30:02.900,4.938,3000
2020-11-05 09:30:02.900,4.938,2000
2020-11-05 09:30:02.900,4.938,2000
2020-11-05 09:30:02.900,4.938,10000
2020-11-05 09:30:02.900,4.938,100
2020-11-05 09:30:02.900,4.938,1000
2020-11-05 09:30:02.900,4.938,400
2020-11-05 09:30:02.900,4.938,500
2020-11-05 09:30:03.020,4.938,200
2020-11-05 09:30:03.020,4.938,2200
2020-11-05 09:30:03.020,4.938,500
2020-11-05 09:30:03.020,4.938,400
2020-11-05 09:30:03.020,4.938,6000
2020-11-05 09:30:03.020,4.938,3000
2020-11-05 09:30:03.020,4.938,2200
2020-11-05 09:30:03.020,4.938,100
2020-11-05 09:30:03.020,4.938,500
2020-11-05 09:30:03.020,4.938,2000
2020-11-05 09:30:03.020,4.938,2600
2020-11-05 09:30:03.020,4.927,64600
2020-11-05 09:30:03.020,4.925,32800
2020-11-05 09:30:03.020,4.925,500
2020-11-05 09:30:03.130,4.925,2400
2020-11-05 09:30:03.130,4.925,2500
2020-11-05 09:30:03.130,4.925,300
2020-11-05 09:30:03.130,4.925,1000
2020-11-05 09:30:03.130,4.925,400
2020-11-05 09:30:03.130,4.925,27900
2020-11-05 09:30:03.130,4.925,5000
2020-11-05 09:30:03.130,4.925,3000
2020-11-05 09:30:03.130,4.925,24100
2020-11-05 09:30:03.260,4.93,300
2020-11-05 09:30:03.260,4.93,3300
2020-11-05 09:30:03.260,4.925,6000
2020-11-05 09:30:03.260,4.93,42200
2020-11-05 09:30:03.260,4.93,3000
2020-11-05 09:30:03.260,4.932,4500
2020-11-05 09:30:03.260,4.932,200
2020-11-05 09:30:03.260,4.932,5000
2020-11-05 09:30:03.260,4.932,10000
2020-11-05 09:30:03.260,4.932,10000
2020-11-05 09:30:03.260,4.939,10000
2020-11-05 09:30:03.260,4.94,11700
2020-11-05 09:30:03.260,4.94,4000
2020-11-05 09:30:03.260,4.94,100
2020-11-05 09:30:03.260,4.94,5200
2020-11-05 09:30:03.260,4.94,1300
2020-11-05 09:30:03.260,4.94,10000
2020-11-05 09:30:03.260,4.94,3000
2020-11-05 09:30:03.260,4.94,2000
2020-11-05 09:30:03.260,4.94,100
2020-11-05 09:30:03.260,4.94,200
2020-11-05 09:30:03.260,4.94,8500
2020-11-05 09:30:03.260,4.94,2500
2020-11-05 09:30:03.260,4.94,500
2020-11-05 09:30:03.260,4.94,100
2020-11-05 09:30:03.260,4.94,4000
2020-11-05 09:30:03.260,4.94,3600
2020-11-05 09:30:03.260,4.94,200
2020-11-05 09:30:03.260,4.94,100
2020-11-05 09:30:03.260,4.94,5000
2020-11-05 09:30:03.260,4.94,2500
2020-11-05 09:30:03.260,4.94,100
2020-11-05 09:30:03.260,4.94,500
2020-11-05 09:30:03.260,4.94,1800
2020-11-05 09:30:03.260,4.94,1000
2020-11-05 09:30:03.260,4.94,1000
2020-11-05 09:30:03.260,4.94,1000
2020-11-05 09:30:03.260,4.94,10000
2020-11-05 09:30:03.260,4.94,3000
2020-11-05 09:30:03.260,4.94,100
2020-11-05 09:30:03.260,4.94,1000
2020-11-05 09:30:03.260,4.94,131000
2020-11-05 09:30:03.260,4.925,10000
2020-11-05 09:30:03.260,4.925,200
2020-11-05 09:30:03.260,4.925,60000
2020-11-05 09:30:03.260,4.925,5000
2020-11-05 09:30:03.260,4.925,100
2020-11-05 09:30:03.260,4.925,10000
2020-11-05 09:30:03.260,4.925,1000
2020-11-05 09:30:03.260,4.925,5000
2020-11-05 09:30:03.370,4.925,500
2020-11-05 09:30:03.370,4.925,700
2020-11-05 09:30:03.370,4.925,4400
2020-11-05 09:30:03.370,4.925,1100
2020-11-05 09:30:03.370,4.925,1900
2020-11-05 09:30:03.370,4.925,10000
2020-11-05 09:30:03.480,4.925,900
2020-11-05 09:30:03.480,4.925,1000
2020-11-05 09:30:03.480,4.925,200
2020-11-05 09:30:03.480,4.925,100
2020-11-05 09:30:03.690,4.925,5000
2020-11-05 09:30:03.690,4.925,1000
2020-11-05 09:30:03.690,4.925,800
2020-11-05 09:30:03.740,4.925,500
2020-11-05 09:30:03.740,4.925,600
2020-11-05 09:30:03.740,4.924,400
2020-11-05 09:30:03.740,4.924,200
2020-11-05 09:30:03.740,4.924,10000
2020-11-05 09:30:03.740,4.925,7700
2020-11-05 09:30:03.740,4.925,700
2020-11-05 09:30:03.740,4.925,10000
2020-11-05 09:30:03.740,4.925,1000
2020-11-05 09:30:03.740,4.925,1000
2020-11-05 09:30:03.740,4.925,1000
2020-11-05 09:30:03.740,4.925,300
2020-11-05 09:30:03.870,4.927,10000
2020-11-05 09:30:03.870,4.927,21200
2020-11-05 09:30:03.870,4.925,15000
2020-11-05 09:30:03.870,4.925,4000
2020-11-05 09:30:03.870,4.925,9300
2020-11-05 09:30:03.870,4.924,30700
2020-11-05 09:30:03.870,4.924,1000
2020-11-05 09:30:03.870,4.924,9000
2020-11-05 09:30:03.870,4.924,3600
2020-11-05 09:30:03.870,4.924,700
2020-11-05 09:30:03.870,4.927,28300
2020-11-05 09:30:03.870,4.927,10000
2020-11-05 09:30:03.870,4.927,3000
2020-11-05 09:30:03.870,4.928,200
2020-11-05 09:30:03.870,4.93,1000
2020-11-05 09:30:03.870,4.93,5000
2020-11-05 09:30:03.870,4.93,20000
2020-11-05 09:30:03.870,4.935,14500
2020-11-05 09:30:03.870,4.935,3000
2020-11-05 09:30:03.870,4.935,5000
2020-11-05 09:30:03.870,4.935,5000
2020-11-05 09:30:03.870,4.938,100
2020-11-05 09:30:03.870,4.939,3000
2020-11-05 09:30:03.870,4.94,69000
2020-11-05 09:30:03.870,4.94,1000
2020-11-05 09:30:03.870,4.94,2000
2020-11-05 09:30:03.870,4.94,1500
2020-11-05 09:30:03.870,4.94,1000
2020-11-05 09:30:03.870,4.941,2000
2020-11-05 09:30:03.870,4.941,1000
2020-11-05 09:30:03.980,4.941,1000
2020-11-05 09:30:03.980,4.941,10000
2020-11-05 09:30:03.980,4.941,2300
2020-11-05 09:30:03.980,4.941,1000
2020-11-05 09:30:03.980,4.941,3000
2020-11-05 09:30:03.980,4.941,100
2020-11-05 09:30:03.980,4.941,4200
2020-11-05 09:30:03.980,4.941,1900
2020-11-05 09:30:03.980,4.941,3000
2020-11-05 09:30:03.980,4.941,20000
2020-11-05 09:30:03.980,4.941,32800
2020-11-05 09:30:03.980,4.941,10000
2020-11-05 09:30:03.980,4.941,10000
2020-11-05 09:30:04.100,4.941,20200
2020-11-05 09:30:04.100,4.941,4900
2020-11-05 09:30:04.100,4.925,5000
2020-11-05 09:30:04.100,4.925,100
2020-11-05 09:30:04.100,4.926,500
2020-11-05 09:30:04.100,4.926,200
2020-11-05 09:30:04.100,4.925,9900
2020-11-05 09:30:04.100,4.925,29900
2020-11-05 09:30:04.100,4.925,100
2020-11-05 09:30:04.210,4.924,2000
2020-11-05 09:30:04.210,4.924,2100
2020-11-05 09:30:04.210,4.924,200
2020-11-05 09:30:04.210,4.924,3700
2020-11-05 09:30:04.210,4.924,100
2020-11-05 09:30:04.210,4.924,1200
2020-11-05 09:30:04.210,4.924,2000
2020-11-05 09:30:04.210,4.924,1000
2020-11-05 09:30:04.210,4.924,2000
2020-11-05 09:30:04.210,4.924,1000
2020-11-05 09:30:04.210,4.924,1200
2020-11-05 09:30:04.210,4.924,300
2020-11-05 09:30:04.210,4.924,200
2020-11-05 09:30:04.210,4.924,500
2020-11-05 09:30:04.210,4.924,1200
2020-11-05 09:30:04.330,4.925,18300
2020-11-05 09:30:04.330,4.924,5600
2020-11-05 09:30:04.330,4.924,3000
2020-11-05 09:30:04.330,4.924,9000
2020-11-05 09:30:04.330,4.925,88083
2020-11-05 09:30:04.330,4.925,300
2020-11-05 09:30:04.330,4.929,100
2020-11-05 09:30:04.330,4.93,300
2020-11-05 09:30:04.330,4.932,10000
2020-11-05 09:30:04.330,4.932,500
2020-11-05 09:30:04.330,4.935,2000
2020-11-05 09:30:04.410,4.936,800
2020-11-05 09:30:04.410,4.936,2000
2020-11-05 09:30:04.410,4.936,300
2020-11-05 09:30:04.410,4.936,5000
2020-11-05 09:30:04.410,4.936,1000
2020-11-05 09:30:04.410,4.936,600
2020-11-05 09:30:04.410,4.936,500
2020-11-05 09:30:04.410,4.936,10000
2020-11-05 09:30:04.410,4.936,200
2020-11-05 09:30:04.410,4.936,500
2020-11-05 09:30:04.410,4.936,1000
2020-11-05 09:30:04.410,4.936,600
2020-11-05 09:30:04.410,4.936,1000
2020-11-05 09:30:04.410,4.936,2000
2020-11-05 09:30:04.410,4.936,5000
2020-11-05 09:30:04.410,4.936,10000
2020-11-05 09:30:04.530,4.936,10000
2020-11-05 09:30:04.530,4.936,400
2020-11-05 09:30:04.530,4.936,12300
2020-11-05 09:30:04.530,4.936,900
2020-11-05 09:30:04.530,4.936,200
2020-11-05 09:30:04.530,4.936,53500
2020-11-05 09:30:04.530,4.936,14600
2020-11-05 09:30:04.530,4.936,62317
2020-11-05 09:30:04.530,4.933,13500
2020-11-05 09:30:04.530,4.924,3000
2020-11-05 09:30:04.530,4.924,6400
2020-11-05 09:30:04.530,4.924,62400
2020-11-05 09:30:04.530,4.924,5000
2020-11-05 09:30:04.530,4.923,32600
2020-11-05 09:30:04.530,4.923,2300
2020-11-05 09:30:04.530,4.923,2000
2020-11-05 09:30:04.650,4.923,1000
2020-11-05 09:30:04.650,4.927,47383
2020-11-05 09:30:04.650,4.927,2000
2020-11-05 09:30:04.650,4.929,100
2020-11-05 09:30:04.650,4.938,3300
2020-11-05 09:30:04.650,4.939,5000
2020-11-05 09:30:04.650,4.94,5000
2020-11-05 09:30:04.650,4.94,3000
2020-11-05 09:30:04.650,4.94,5000
2020-11-05 09:30:04.650,4.94,200
2020-11-05 09:30:04.650,4.94,700
2020-11-05 09:30:04.650,4.94,500
2020-11-05 09:30:04.650,4.94,2100
2020-11-05 09:30:04.650,4.94,2500
2020-11-05 09:30:04.770,4.94,5000
2020-11-05 09:30:04.770,4.94,500
2020-11-05 09:30:04.770,4.94,10000
2020-11-05 09:30:04.770,4.94,5000
2020-11-05 09:30:04.770,4.94,1500
2020-11-05 09:30:04.770,4.94,5000
2020-11-05 09:30:04.770,4.94,100
2020-11-05 09:30:04.880,4.94,1000
2020-11-05 09:30:04.880,4.94,200
2020-11-05 09:30:04.880,4.94,300
2020-11-05 09:30:04.880,4.94,500
2020-11-05 09:30:04.880,4.94,600
2020-11-05 09:30:04.880,4.94,300
2020-11-05 09:30:05.050,4.94,1500
2020-11-05 09:30:05.080,4.94,5000
2020-11-05 09:30:05.080,4.94,1000
2020-11-05 09:30:05.080,4.94,1400
2020-11-05 09:30:05.080,4.94,3000
2020-11-05 09:30:05.080,4.94,4000
2020-11-05 09:30:05.080,4.94,2000
2020-11-05 09:30:05.080,4.942,700
2020-11-05 09:30:05.080,4.942,10000
2020-11-05 09:30:05.080,4.942,3000
2020-11-05 09:30:05.080,4.942,1000
2020-11-05 09:30:05.080,4.942,5300
2020-11-05 09:30:05.080,4.94,2000
2020-11-05 09:30:05.080,4.94,100
2020-11-05 09:30:05.080,4.94,50000
2020-11-05 09:30:05.080,4.94,50000
2020-11-05 09:30:05.080,4.94,2000
2020-11-05 09:30:05.190,4.94,500
2020-11-05 09:30:05.190,4.94,2000
2020-11-05 09:30:05.190,4.94,3000
2020-11-05 09:30:05.190,4.94,5000
2020-11-05 09:30:05.190,4.94,5000
2020-11-05 09:30:05.320,4.94,1000
2020-11-05 09:30:05.320,4.94,54717
2020-11-05 09:30:05.320,4.934,15283
2020-11-05 09:30:05.320,4.942,3000
2020-11-05 09:30:05.320,4.934,500
2020-11-05 09:30:05.320,4.934,2000
2020-11-05 09:30:05.320,4.934,200
2020-11-05 09:30:05.320,4.934,500
2020-11-05 09:30:05.320,4.934,20000
2020-11-05 09:30:05.440,4.934,2100
2020-11-05 09:30:05.440,4.934,1000
2020-11-05 09:30:05.440,4.934,1000
2020-11-05 09:30:05.440,4.934,100
2020-11-05 09:30:05.440,4.934,1000
2020-11-05 09:30:05.440,4.934,100
2020-11-05 09:30:05.440,4.934,20000
2020-11-05 09:30:05.440,4.934,25000
2020-11-05 09:30:05.440,4.934,100
2020-11-05 09:30:05.440,4.934,200
2020-11-05 09:30:05.440,4.934,100
2020-11-05 09:30:05.440,4.934,40000
2020-11-05 09:30:05.440,4.934,2000
2020-11-05 09:30:05.540,4.934,2000
2020-11-05 09:30:05.540,4.934,100
2020-11-05 09:30:05.540,4.934,700
2020-11-05 09:30:05.540,4.934,100
2020-11-05 09:30:05.540,4.934,1700
2020-11-05 09:30:05.540,4.935,5000
2020-11-05 09:30:05.540,4.936,1100
2020-11-05 09:30:05.540,4.936,4000
2020-11-05 09:30:05.540,4.936,20000
2020-11-05 09:30:05.540,4.936,100
2020-11-05 09:30:05.650,4.936,3000
2020-11-05 09:30:05.650,4.936,1000
2020-11-05 09:30:05.650,4.936,2100
2020-11-05 09:30:05.650,4.936,2500
2020-11-05 09:30:05.650,4.936,200
2020-11-05 09:30:05.650,4.936,5000
2020-11-05 09:30:05.650,4.936,2000
2020-11-05 09:30:05.650,4.936,100
2020-11-05 09:30:05.650,4.936,3000
2020-11-05 09:30:05.770,4.936,200
2020-11-05 09:30:05.770,4.936,300
2020-11-05 09:30:05.770,4.938,200
2020-11-05 09:30:05.770,4.938,10000
2020-11-05 09:30:05.770,4.938,100
2020-11-05 09:30:05.770,4.938,1000
2020-11-05 09:30:05.880,4.938,3000
2020-11-05 09:30:05.880,4.938,100
2020-11-05 09:30:05.880,4.938,300
2020-11-05 09:30:05.880,4.938,5000
2020-11-05 09:30:05.880,4.938,100
2020-11-05 09:30:05.880,4.938,200
2020-11-05 09:30:05.880,4.938,3000
2020-11-05 09:30:05.880,4.938,10500
2020-11-05 09:30:05.880,4.938,1100
2020-11-05 09:30:05.880,4.938,2500
2020-11-05 09:30:05.880,4.938,2000
2020-11-05 09:30:05.880,4.938,8000
2020-11-05 09:30:05.880,4.938,300
2020-11-05 09:30:06.020,4.938,1000
2020-11-05 09:30:06.020,4.939,2000
2020-11-05 09:30:06.020,4.94,2000
2020-11-05 09:30:06.020,4.94,100
2020-11-05 09:30:06.020,4.94,5000
2020-11-05 09:30:06.020,4.94,2500
2020-11-05 09:30:06.280,4.94,2500
2020-11-05 09:30:06.280,4.94,50000
2020-11-05 09:30:06.280,4.941,20000
2020-11-05 09:30:06.280,4.942,1700
2020-11-05 09:30:06.280,4.942,10000
2020-11-05 09:30:06.280,4.942,10000
2020-11-05 09:30:06.280,4.943,5000
2020-11-05 09:30:06.280,4.943,1800
2020-11-05 09:30:06.280,4.943,2000
2020-11-05 09:30:06.280,4.943,1100
2020-11-05 09:30:06.280,4.943,20000
2020-11-05 09:30:06.280,4.943,200
2020-11-05 09:30:06.280,4.943,3000
2020-11-05 09:30:06.280,4.943,5000
2020-11-05 09:30:06.280,4.943,50000
2020-11-05 09:30:06.390,4.943,200
2020-11-05 09:30:06.390,4.943,500
2020-11-05 09:30:06.390,4.943,400
2020-11-05 09:30:06.390,4.94,4600
2020-11-05 09:30:06.390,4.94,100
2020-11-05 09:30:06.390,4.94,1100
2020-11-05 09:30:06.390,4.94,5000
2020-11-05 09:30:06.390,4.94,10000
2020-11-05 09:30:06.390,4.94,100
2020-11-05 09:30:06.390,4.94,2000
2020-11-05 09:30:06.390,4.941,100
2020-11-05 09:30:06.500,4.94,200
2020-11-05 09:30:06.500,4.94,150000
2020-11-05 09:30:06.500,4.94,200
2020-11-05 09:30:06.500,4.94,3000
2020-11-05 09:30:06.500,4.94,100
2020-11-05 09:30:06.500,4.94,100
2020-11-05 09:30:06.500,4.94,3000
2020-11-05 09:30:06.500,4.94,1400
2020-11-05 09:30:06.600,4.94,200
2020-11-05 09:30:06.600,4.94,700
2020-11-05 09:30:06.600,4.94,2000
2020-11-05 09:30:06.600,4.94,300
2020-11-05 09:30:06.600,4.94,200
2020-11-05 09:30:06.600,4.94,2300
2020-11-05 09:30:06.710,4.94,10000
2020-11-05 09:30:06.710,4.94,1000
2020-11-05 09:30:06.710,4.94,2000
2020-11-05 09:30:06.710,4.94,100
2020-11-05 09:30:06.710,4.94,400
2020-11-05 09:30:06.710,4.941,900
2020-11-05 09:30:06.710,4.942,2100
2020-11-05 09:30:06.710,4.94,1000
2020-11-05 09:30:06.710,4.94,400
2020-11-05 09:30:06.710,4.94,3500
2020-11-05 09:30:06.770,4.94,1000
2020-11-05 09:30:06.770,4.94,1100
2020-11-05 09:30:06.770,4.94,2000
2020-11-05 09:30:06.770,4.94,200
2020-11-05 09:30:06.820,4.94,700
2020-11-05 09:30:06.820,4.94,2300
2020-11-05 09:30:06.820,4.94,300
2020-11-05 09:30:06.820,4.94,1100
2020-11-05 09:30:06.820,4.94,8000
2020-11-05 09:30:06.820,4.94,400
2020-11-05 09:30:06.820,4.94,2000
2020-11-05 09:30:06.820,4.94,1000
2020-11-05 09:30:06.900,4.94,500
2020-11-05 09:30:06.900,4.94,500
2020-11-05 09:30:06.900,4.94,1000
2020-11-05 09:30:06.900,4.94,100
2020-11-05 09:30:06.900,4.94,8600
2020-11-05 09:30:06.900,4.94,11400
2020-11-05 09:30:06.900,4.94,100
2020-11-05 09:30:06.900,4.94,200
2020-11-05 09:30:06.900,4.942,100
2020-11-05 09:30:06.960,4.94,11600
2020-11-05 09:30:06.960,4.94,1100
2020-11-05 09:30:06.960,4.94,600
2020-11-05 09:30:07.010,4.941,500
2020-11-05 09:30:07.050,4.941,2100
2020-11-05 09:30:07.050,4.941,2900
2020-11-05 09:30:07.050,4.941,11700
2020-11-05 09:30:07.050,4.941,24000
2020-11-05 09:30:07.090,4.941,200
2020-11-05 09:30:07.140,4.941,500
2020-11-05 09:30:07.140,4.941,11700
2020-11-05 09:30:07.140,4.941,500
2020-11-05 09:30:07.140,4.941,500
2020-11-05 09:30:07.170,4.941,400
2020-11-05 09:30:07.220,4.941,15000
2020-11-05 09:30:07.260,4.941,10000
2020-11-05 09:30:07.310,4.941,200
2020-11-05 09:30:07.310,4.941,5000
2020-11-05 09:30:07.310,4.941,100
2020-11-05 09:30:07.310,4.941,100
2020-11-05 09:30:07.350,4.941,5000
2020-11-05 09:30:07.350,4.941,30000
2020-11-05 09:30:07.380,4.941,5000
2020-11-05 09:30:07.380,4.941,1500
2020-11-05 09:30:07.380,4.941,50000
2020-11-05 09:30:07.380,4.941,1200
2020-11-05 09:30:07.380,4.941,1500
2020-11-05 09:30:07.380,4.941,100
2020-11-05 09:30:07.380,4.941,500
2020-11-05 09:30:07.420,4.941,2300
2020-11-05 09:30:07.450,4.941,4200
2020-11-05 09:30:07.450,4.941,48600
2020-11-05 09:30:07.490,4.941,5000
2020-11-05 09:30:07.490,4.942,5800
2020-11-05 09:30:07.490,4.943,100000
2020-11-05 09:30:07.490,4.944,2500
2020-11-05 09:30:07.490,4.944,7000
2020-11-05 09:30:07.490,4.944,10000
2020-11-05 09:30:07.490,4.944,5000
2020-11-05 09:30:07.490,4.944,20000
2020-11-05 09:30:07.490,4.944,10000
2020-11-05 09:30:07.490,4.944,500
2020-11-05 09:30:07.490,4.944,5000
2020-11-05 09:30:07.490,4.944,10500
2020-11-05 09:30:07.490,4.944,20000
2020-11-05 09:30:07.490,4.945,7000
2020-11-05 09:30:07.490,4.945,500
2020-11-05 09:30:07.490,4.945,3000
2020-11-05 09:30:07.490,4.945,600
2020-11-05 09:30:07.490,4.945,700
2020-11-05 09:30:07.490,4.945,2500
2020-11-05 09:30:07.490,4.945,1000
2020-11-05 09:30:07.490,4.945,5300
2020-11-05 09:30:07.490,4.945,5000
2020-11-05 09:30:07.490,4.945,100
2020-11-05 09:30:07.490,4.945,1100
2020-11-05 09:30:07.490,4.945,10000
2020-11-05 09:30:07.490,4.945,100
2020-11-05 09:30:07.490,4.945,3000
2020-11-05 09:30:07.490,4.945,1500
2020-11-05 09:30:07.530,4.945,300
2020-11-05 09:30:07.530,4.945,6300
2020-11-05 09:30:07.530,4.945,100
2020-11-05 09:30:07.530,4.945,100
2020-11-05 09:30:07.560,4.945,1000
2020-11-05 09:30:07.560,4.945,300
2020-11-05 09:30:07.720,4.945,2000
2020-11-05 09:30:07.760,4.945,100
2020-11-05 09:30:07.760,4.946,3000
2020-11-05 09:30:07.760,4.946,2000
2020-11-05 09:30:07.760,4.946,10000
2020-11-05 09:30:07.760,4.947,1000
2020-11-05 09:30:07.760,4.947,10000
2020-11-05 09:30:07.760,4.947,4000
2020-11-05 09:30:07.860,4.945,2000
2020-11-05 09:30:07.900,4.945,400
2020-11-05 09:30:07.900,4.945,1300
2020-11-05 09:30:07.900,4.945,500
2020-11-05 09:30:07.900,4.945,800
2020-11-05 09:30:07.900,4.947,1200
2020-11-05 09:30:07.900,4.945,100
2020-11-05 09:30:07.900,4.945,500
2020-11-05 09:30:07.900,4.945,100
2020-11-05 09:30:07.900,4.945,1500
2020-11-05 09:30:07.900,4.945,2200
2020-11-05 09:30:07.900,4.945,900
2020-11-05 09:30:07.900,4.945,1000
2020-11-05 09:30:07.900,4.945,100
2020-11-05 09:30:07.900,4.945,100
2020-11-05 09:30:07.900,4.945,300
2020-11-05 09:30:07.900,4.945,13600
2020-11-05 09:30:07.900,4.945,2000
2020-11-05 09:30:07.930,4.945,15000
2020-11-05 09:30:07.930,4.945,600
2020-11-05 09:30:07.970,4.947,4800
2020-11-05 09:30:07.970,4.947,10000
2020-11-05 09:30:07.970,4.947,1000
2020-11-05 09:30:07.970,4.948,500
2020-11-05 09:30:07.970,4.948,1100
2020-11-05 09:30:07.970,4.948,1000
2020-11-05 09:30:07.970,4.948,100
2020-11-05 09:30:07.970,4.948,2500
2020-11-05 09:30:08.010,4.945,500
2020-11-05 09:30:08.010,4.945,100
2020-11-05 09:30:08.010,4.945,500
2020-11-05 09:30:08.010,4.945,500
2020-11-05 09:30:08.010,4.945,500
2020-11-05 09:30:08.040,4.945,200
2020-11-05 09:30:08.140,4.945,3300
2020-11-05 09:30:08.140,4.948,7500
2020-11-05 09:30:08.140,4.948,1000
2020-11-05 09:30:08.140,4.948,700
2020-11-05 09:30:08.140,4.948,12000
2020-11-05 09:30:08.140,4.945,3500
2020-11-05 09:30:08.140,4.941,8100
2020-11-05 09:30:08.170,4.941,3400
2020-11-05 09:30:08.210,4.941,5000
2020-11-05 09:30:08.300,4.941,1000
2020-11-05 09:30:08.300,4.941,500
2020-11-05 09:30:08.340,4.941,2000
2020-11-05 09:30:08.370,4.941,6200
2020-11-05 09:30:08.400,4.941,200
2020-11-05 09:30:08.440,4.941,500
2020-11-05 09:30:08.440,4.941,500
2020-11-05 09:30:08.600,4.941,300
2020-11-05 09:30:08.600,4.941,2900
2020-11-05 09:30:08.600,4.941,2000
2020-11-05 09:30:08.600,4.941,300
2020-11-05 09:30:08.690,4.941,1000
2020-11-05 09:30:08.690,4.941,2000
2020-11-05 09:30:08.690,4.941,300
2020-11-05 09:30:08.690,4.941,1000
2020-11-05 09:30:08.690,4.941,600
2020-11-05 09:30:08.690,4.941,2500
2020-11-05 09:30:08.690,4.941,100
2020-11-05 09:30:08.720,4.941,1000
2020-11-05 09:30:08.790,4.941,3000
2020-11-05 09:30:08.790,4.941,500
2020-11-05 09:30:08.790,4.941,14800
2020-11-05 09:30:08.790,4.94,5200
2020-11-05 09:30:08.790,4.94,500
2020-11-05 09:30:08.790,4.94,8000
2020-11-05 09:30:08.810,4.94,500
2020-11-05 09:30:08.850,4.94,300
2020-11-05 09:30:08.850,4.94,1000
2020-11-05 09:30:08.850,4.94,2000
2020-11-05 09:30:08.850,4.94,200
2020-11-05 09:30:08.850,4.94,900
2020-11-05 09:30:08.850,4.94,500
2020-11-05 09:30:08.880,4.94,600
2020-11-05 09:30:08.880,4.94,1100
2020-11-05 09:30:08.920,4.94,500
2020-11-05 09:30:08.920,4.94,5000
2020-11-05 09:30:08.920,4.94,4000
2020-11-05 09:30:08.920,4.94,10000
2020-11-05 09:30:09.020,4.94,1000
2020-11-05 09:30:09.020,4.94,5000
2020-11-05 09:30:09.020,4.94,4000
2020-11-05 09:30:09.020,4.94,100
2020-11-05 09:30:09.040,4.94,200
2020-11-05 09:30:09.150,4.94,100
2020-11-05 09:30:09.150,4.94,3000
2020-11-05 09:30:09.150,4.94,600
2020-11-05 09:30:09.150,4.94,1000
2020-11-05 09:30:09.150,4.94,100
2020-11-05 09:30:09.210,4.94,100
2020-11-05 09:30:09.210,4.94,1000
2020-11-05 09:30:09.210,4.94,200
2020-11-05 09:30:09.210,4.94,100
2020-11-05 09:30:09.240,4.94,2200
2020-11-05 09:30:09.240,4.94,800
2020-11-05 09:30:09.240,4.94,500
2020-11-05 09:30:09.280,4.94,500
2020-11-05 09:30:09.340,4.94,3600
2020-11-05 09:30:09.340,4.94,200
2020-11-05 09:30:09.380,4.94,4000
2020-11-05 09:30:09.380,4.94,1900
2020-11-05 09:30:09.380,4.94,100
2020-11-05 09:30:09.440,4.94,2000
2020-11-05 09:30:09.440,4.94,4500
2020-11-05 09:30:09.480,4.941,100
2020-11-05 09:30:09.580,4.941,1000
2020-11-05 09:30:09.600,4.941,1000
2020-11-05 09:30:09.600,4.941,200
2020-11-05 09:30:09.600,4.942,600
2020-11-05 09:30:09.600,4.943,2600
2020-11-05 09:30:09.630,4.942,200
2020-11-05 09:30:09.630,4.942,4000
2020-11-05 09:30:09.660,4.942,100
2020-11-05 09:30:10.030,4.942,100
2020-11-05 09:30:10.030,4.941,100
2020-11-05 09:30:10.030,4.941,100
2020-11-05 09:30:10.130,4.941,20000
2020-11-05 09:30:10.600,4.942,100000
2020-11-05 09:30:10.810,4.942,100
2020-11-05 09:30:10.910,4.942,5000
2020-11-05 09:30:11.300,4.943,2000
2020-11-05 09:30:11.460,4.941,300
2020-11-05 09:30:11.640,4.941,1800
2020-11-05 09:30:11.770,4.941,400
2020-11-05 09:30:11.860,4.941,6000
2020-11-05 09:30:11.920,4.941,600
2020-11-05 09:30:12.080,4.941,2000
2020-11-05 09:30:12.110,4.943,2700
2020-11-05 09:30:12.180,4.943,500
2020-11-05 09:30:12.280,4.943,1700
2020-11-05 09:30:12.280,4.941,1300
2020-11-05 09:30:12.280,4.941,5000
2020-11-05 09:30:12.310,4.941,600
2020-11-05 09:30:12.310,4.941,500
2020-11-05 09:30:12.490,4.945,200
2020-11-05 09:30:12.490,4.945,2500
2020-11-05 09:30:12.490,4.946,7000
2020-11-05 09:30:12.490,4.946,3500
2020-11-05 09:30:12.660,4.941,100
2020-11-05 09:30:12.660,4.941,200
2020-11-05 09:30:12.840,4.941,3000
2020-11-05 09:30:12.840,4.941,300
2020-11-05 09:30:12.910,4.941,1000
2020-11-05 09:30:13.140,4.94,300
2020-11-05 09:30:13.240,4.94,5000
2020-11-05 09:30:13.300,4.94,500
2020-11-05 09:30:13.430,4.943,500
2020-11-05 09:30:13.520,4.943,400
2020-11-05 09:30:13.550,4.943,300
2020-11-05 09:30:13.550,4.943,1500
2020-11-05 09:30:13.550,4.943,200
2020-11-05 09:30:13.760,4.945,1200
2020-11-05 09:30:13.760,4.945,1800
2020-11-05 09:30:13.760,4.943,200
2020-11-05 09:30:13.790,4.943,300
2020-11-05 09:30:13.960,4.944,5000
2020-11-05 09:30:14.000,4.944,5000
2020-11-05 09:30:14.000,4.944,400
2020-11-05 09:30:14.190,4.944,100
2020-11-05 09:30:14.190,4.944,1000
2020-11-05 09:30:14.190,4.944,3000
2020-11-05 09:30:14.250,4.944,300
2020-11-05 09:30:14.280,4.944,500
2020-11-05 09:30:14.280,4.944,4700
2020-11-05 09:30:14.280,4.943,300
2020-11-05 09:30:14.340,4.943,5000
2020-11-05 09:30:14.340,4.943,400
2020-11-05 09:30:14.340,4.943,2600
2020-11-05 09:30:14.370,4.943,300
2020-11-05 09:30:14.370,4.943,300
2020-11-05 09:30:14.410,4.943,2000
2020-11-05 09:30:14.460,4.943,300
2020-11-05 09:30:14.520,4.943,100
2020-11-05 09:30:14.520,4.943,400
2020-11-05 09:30:14.520,4.943,1600
2020-11-05 09:30:14.550,4.943,200
2020-11-05 09:30:14.650,4.945,1100
2020-11-05 09:30:14.650,4.943,200
2020-11-05 09:30:14.650,4.94,300
2020-11-05 09:30:14.670,4.94,5000
2020-11-05 09:30:14.820,4.94,500
2020-11-05 09:30:14.820,4.94,500
2020-11-05 09:30:14.980,4.94,300
2020-11-05 09:30:14.980,4.94,400
2020-11-05 09:30:14.980,4.94,100
2020-11-05 09:30:15.020,4.94,100
2020-11-05 09:30:15.290,4.94,300
2020-11-05 09:30:15.290,4.94,400
2020-11-05 09:30:15.290,4.94,30000
2020-11-05 09:30:15.290,4.94,15000
2020-11-05 09:30:15.290,4.94,800
2020-11-05 09:30:15.420,4.94,2000
2020-11-05 09:30:15.420,4.94,200
2020-11-05 09:30:15.480,4.943,500
2020-11-05 09:30:15.510,4.94,200
2020-11-05 09:30:15.690,4.94,400
2020-11-05 09:30:15.690,4.94,500
2020-11-05 09:30:15.850,4.94,300
2020-11-05 09:30:15.850,4.942,1100
2020-11-05 09:30:15.920,4.943,300
2020-11-05 09:30:15.950,4.943,500
2020-11-05 09:30:16.070,4.943,500
2020-11-05 09:30:16.070,4.943,200
2020-11-05 09:30:16.260,4.943,400
2020-11-05 09:30:16.260,4.943,500
2020-11-05 09:30:16.260,4.943,700
2020-11-05 09:30:16.360,4.943,100
2020-11-05 09:30:16.420,4.943,400
2020-11-05 09:30:16.480,4.943,1000
2020-11-05 09:30:16.570,4.943,300
2020-11-05 09:30:16.570,4.943,4700
2020-11-05 09:30:16.590,4.943,20000
2020-11-05 09:30:16.680,4.943,800
2020-11-05 09:30:16.730,4.943,2000
2020-11-05 09:30:16.730,4.943,110000
2020-11-05 09:30:16.730,4.943,300
2020-11-05 09:30:16.900,4.943,2000
2020-11-05 09:30:16.900,4.943,5000
2020-11-05 09:30:17.060,4.943,2000
2020-11-05 09:30:17.060,4.943,500
2020-11-05 09:30:17.120,4.943,500
2020-11-05 09:30:17.210,4.943,10000
2020-11-05 09:30:17.330,4.943,1000
2020-11-05 09:30:17.470,4.943,200
2020-11-05 09:30:17.470,4.945,4400
2020-11-05 09:30:17.470,4.945,500
2020-11-05 09:30:17.470,4.946,6500
2020-11-05 09:30:17.470,4.946,18600
2020-11-05 09:30:17.470,4.943,10000
2020-11-05 09:30:17.520,4.943,2000
2020-11-05 09:30:17.520,4.943,2000
2020-11-05 09:30:17.840,4.943,500
2020-11-05 09:30:17.990,4.943,600
2020-11-05 09:30:18.080,4.943,1000
2020-11-05 09:30:18.080,4.943,2400
2020-11-05 09:30:18.140,4.943,20000
2020-11-05 09:30:18.260,4.943,2300
2020-11-05 09:30:18.280,4.943,1000
2020-11-05 09:30:18.450,4.943,1000
2020-11-05 09:30:18.450,4.943,500
2020-11-05 09:30:18.620,4.944,1000
2020-11-05 09:30:18.620,4.944,3900
2020-11-05 09:30:18.680,4.944,200
2020-11-05 09:30:19.310,4.945,2000
2020-11-05 09:30:19.370,4.944,500
2020-11-05 09:30:19.450,4.944,400
2020-11-05 09:30:19.510,4.945,3000
2020-11-05 09:30:19.510,4.945,4200
2020-11-05 09:30:19.510,4.945,1000
2020-11-05 09:30:19.510,4.945,5000
2020-11-05 09:30:19.530,4.945,200
2020-11-05 09:30:19.590,4.945,500
2020-11-05 09:30:19.730,4.945,2000
2020-11-05 09:30:19.800,4.945,100
2020-11-05 09:30:19.880,4.945,600
2020-11-05 09:30:19.940,4.945,600
2020-11-05 09:30:20.000,4.945,2000
2020-11-05 09:30:20.110,4.944,100
2020-11-05 09:30:20.110,4.944,1400
2020-11-05 09:30:20.110,4.943,1600
2020-11-05 09:30:20.170,4.943,3000
2020-11-05 09:30:20.380,4.943,500
2020-11-05 09:30:20.550,4.944,20000
2020-11-05 09:30:20.800,4.944,5000
2020-11-05 09:30:21.470,4.944,1000
2020-11-05 09:30:21.530,4.945,1000
2020-11-05 09:30:21.530,4.945,2500
2020-11-05 09:30:21.660,4.945,9800
2020-11-05 09:30:21.690,4.946,31400
2020-11-05 09:30:21.690,4.946,1000
2020-11-05 09:30:21.690,4.946,4000
2020-11-05 09:30:21.690,4.947,100000
2020-11-05 09:30:21.690,4.947,5000
2020-11-05 09:30:21.690,4.948,154900
2020-11-05 09:30:21.770,4.945,38900
2020-11-05 09:30:21.800,4.945,1200
2020-11-05 09:30:21.860,4.945,5300
2020-11-05 09:30:21.950,4.945,1000
2020-11-05 09:30:21.980,4.945,10000
2020-11-05 09:30:22.010,4.945,400
2020-11-05 09:30:22.160,4.945,1500
2020-11-05 09:30:22.160,4.945,4100
2020-11-05 09:30:22.160,4.944,900
2020-11-05 09:30:22.160,4.948,12800
2020-11-05 09:30:22.160,4.944,800
2020-11-05 09:30:22.160,4.944,300
2020-11-05 09:30:22.160,4.944,200
2020-11-05 09:30:22.190,4.944,1000
2020-11-05 09:30:22.250,4.944,4000
2020-11-05 09:30:22.280,4.944,5000
2020-11-05 09:30:22.340,4.944,500
2020-11-05 09:30:22.400,4.944,500
2020-11-05 09:30:22.400,4.945,200
2020-11-05 09:30:22.400,4.946,5000
2020-11-05 09:30:22.540,4.946,600
2020-11-05 09:30:22.540,4.946,5000
2020-11-05 09:30:22.990,4.946,30000
2020-11-05 09:30:23.880,4.946,59200
2020-11-05 09:30:23.880,4.944,48800
2020-11-05 09:30:23.880,4.943,89900
2020-11-05 09:30:23.880,4.943,50000
2020-11-05 09:30:23.880,4.943,297300
2020-11-05 09:30:23.880,4.943,300000
2020-11-05 09:30:23.880,4.941,154800
2020-11-05 09:30:23.880,4.941,10000
2020-11-05 09:30:24.050,4.948,2000
2020-11-05 09:30:24.270,4.944,1300
2020-11-05 09:30:24.270,4.942,8700
2020-11-05 09:30:24.430,4.942,127000
2020-11-05 09:30:24.430,4.943,500
2020-11-05 09:30:24.520,4.945,500
2020-11-05 09:30:24.520,4.941,3500
2020-11-05 09:30:24.580,4.946,1000
2020-11-05 09:30:24.690,4.946,1000
2020-11-05 09:30:24.720,4.948,10000
2020-11-05 09:30:24.750,4.948,3000
2020-11-05 09:30:24.830,4.946,500
2020-11-05 09:30:24.830,4.945,29500
2020-11-05 09:30:24.920,4.948,10000
2020-11-05 09:30:25.380,4.945,2800
2020-11-05 09:30:25.720,4.945,3000
2020-11-05 09:30:25.720,4.945,3000
2020-11-05 09:30:25.720,4.945,50000
2020-11-05 09:30:25.890,4.946,100
2020-11-05 09:30:25.890,4.946,100
2020-11-05 09:30:26.000,4.945,100
2020-11-05 09:30:26.300,4.945,5900
2020-11-05 09:30:26.570,4.945,500
2020-11-05 09:30:26.570,4.945,900
2020-11-05 09:30:26.600,4.945,2000
2020-11-05 09:30:26.710,4.946,500
2020-11-05 09:30:27.070,4.945,400
2020-11-05 09:30:27.100,4.946,400
2020-11-05 09:30:27.100,4.946,1000
2020-11-05 09:30:27.100,4.946,2000
2020-11-05 09:30:27.140,4.946,100
2020-11-05 09:30:27.230,4.946,2600
2020-11-05 09:30:27.460,4.948,200
2020-11-05 09:30:27.550,4.946,1000
2020-11-05 09:30:27.630,4.948,10000
2020-11-05 09:30:27.690,4.946,1500
2020-11-05 09:30:27.720,4.946,500
2020-11-05 09:30:27.750,4.946,200
2020-11-05 09:30:27.830,4.946,1000
2020-11-05 09:30:27.990,4.946,5900
2020-11-05 09:30:28.240,4.948,65100
2020-11-05 09:30:28.240,4.948,5000
2020-11-05 09:30:28.240,4.948,2000
2020-11-05 09:30:28.240,4.948,5000
2020-11-05 09:30:28.240,4.948,10000
2020-11-05 09:30:28.240,4.948,600
2020-11-05 09:30:28.240,4.948,33800
2020-11-05 09:30:28.240,4.948,5900
2020-11-05 09:30:28.240,4.948,2000
2020-11-05 09:30:28.240,4.948,300
2020-11-05 09:30:28.240,4.948,1200
2020-11-05 09:30:28.240,4.948,5000
2020-11-05 09:30:28.240,4.948,1000
2020-11-05 09:30:28.240,4.948,200
2020-11-05 09:30:28.240,4.948,5000
2020-11-05 09:30:28.240,4.948,10000
2020-11-05 09:30:28.240,4.948,800
2020-11-05 09:30:28.240,4.948,6500
2020-11-05 09:30:28.240,4.949,100
2020-11-05 09:30:28.240,4.949,5000
2020-11-05 09:30:28.240,4.949,5000
2020-11-05 09:30:28.240,4.949,5000
2020-11-05 09:30:28.240,4.949,5000
2020-11-05 09:30:28.240,4.949,7000
2020-11-05 09:30:28.240,4.949,1000
2020-11-05 09:30:28.240,4.949,600
2020-11-05 09:30:28.240,4.949,600
2020-11-05 09:30:28.240,4.949,700
2020-11-05 09:30:28.240,4.949,1800
2020-11-05 09:30:28.240,4.949,1200
2020-11-05 09:30:28.240,4.949,7600
2020-11-05 09:30:28.380,4.949,12100
2020-11-05 09:30:28.590,4.948,500
2020-11-05 09:30:28.960,4.948,1500
2020-11-05 09:30:28.960,4.946,1500
2020-11-05 09:30:29.050,4.946,2000
2020-11-05 09:30:29.140,4.948,20000
2020-11-05 09:30:29.200,4.946,1000
2020-11-05 09:30:29.200,4.946,5000
2020-11-05 09:30:29.350,4.946,2000
2020-11-05 09:30:29.350,4.946,200
2020-11-05 09:30:29.410,4.946,2000
2020-11-05 09:30:29.410,4.946,2000
2020-11-05 09:30:29.590,4.946,5900
2020-11-05 09:30:29.740,4.946,1500
2020-11-05 09:30:29.800,4.948,5800
2020-11-05 09:30:29.830,4.946,500
2020-11-05 09:30:29.830,4.946,2000
2020-11-05 09:30:29.830,4.946,100
2020-11-05 09:30:29.950,4.946,1000
2020-11-05 09:30:30.060,4.946,50000
2020-11-05 09:30:30.170,4.946,7100
2020-11-05 09:30:30.170,4.946,100
2020-11-05 09:30:30.170,4.946,2800
2020-11-05 09:30:30.170,4.946,3000
2020-11-05 09:30:30.260,4.949,300
2020-11-05 09:30:30.260,4.949,3700
2020-11-05 09:30:30.480,4.948,1500
2020-11-05 09:30:30.480,4.946,48500
2020-11-05 09:30:30.550,4.946,3700
2020-11-05 09:30:30.840,4.949,3600
2020-11-05 09:30:31.030,4.946,10000
2020-11-05 09:30:31.030,4.946,1100
2020-11-05 09:30:31.060,4.946,3000
2020-11-05 09:30:31.290,4.948,100
2020-11-05 09:30:31.380,4.946,5000
2020-11-05 09:30:31.450,4.946,1000
2020-11-05 09:30:31.480,4.946,10000
2020-11-05 09:30:32.040,4.946,10000
2020-11-05 09:30:32.040,4.946,400
2020-11-05 09:30:32.100,4.946,500
2020-11-05 09:30:32.280,4.946,1000
2020-11-05 09:30:32.370,4.947,9400
2020-11-05 09:30:32.560,4.946,5000
2020-11-05 09:30:32.620,4.946,4900
2020-11-05 09:30:32.840,4.946,1400
2020-11-05 09:30:32.840,4.946,500
2020-11-05 09:30:32.940,4.946,3000
2020-11-05 09:30:33.130,4.947,600
2020-11-05 09:30:33.130,4.947,100
2020-11-05 09:30:33.130,4.947,1000
2020-11-05 09:30:33.170,4.947,2000
2020-11-05 09:30:33.230,4.947,10000
2020-11-05 09:30:33.230,4.947,2700
2020-11-05 09:30:33.450,4.947,2000
2020-11-05 09:30:33.480,4.947,10000
2020-11-05 09:30:33.690,4.947,1000
2020-11-05 09:30:33.920,4.947,4300
2020-11-05 09:30:33.980,4.947,11300
2020-11-05 09:30:34.010,4.947,100
2020-11-05 09:30:34.050,4.947,20000
2020-11-05 09:30:34.370,4.947,800
2020-11-05 09:30:34.400,4.947,20000
2020-11-05 09:30:34.400,4.947,1100
2020-11-05 09:30:34.490,4.948,200
2020-11-05 09:30:34.490,4.948,30000
2020-11-05 09:30:34.560,4.948,9000
2020-11-05 09:30:34.590,4.948,500
2020-11-05 09:30:34.710,4.948,1000
2020-11-05 09:30:34.740,4.948,500
2020-11-05 09:30:34.870,4.948,15800
2020-11-05 09:30:35.370,4.948,50000
2020-11-05 09:30:35.460,4.949,900
2020-11-05 09:30:35.780,4.948,200
2020-11-05 09:30:35.780,4.948,300
2020-11-05 09:30:35.780,4.948,2700
2020-11-05 09:30:35.980,4.948,300
2020-11-05 09:30:35.980,4.947,5100
2020-11-05 09:30:35.980,4.947,3000
2020-11-05 09:30:36.040,4.947,100
2020-11-05 09:30:36.230,4.947,1800
2020-11-05 09:30:36.230,4.947,200
2020-11-05 09:30:36.230,4.947,100
2020-11-05 09:30:36.330,4.947,2000
2020-11-05 09:30:36.400,4.947,500
2020-11-05 09:30:36.400,4.947,5000
2020-11-05 09:30:36.550,4.947,1000
2020-11-05 09:30:36.550,4.947,4000
2020-11-05 09:30:36.670,4.947,2000
2020-11-05 09:30:36.700,4.947,50000
2020-11-05 09:30:37.000,4.947,1200
2020-11-05 09:30:37.100,4.947,25000
2020-11-05 09:30:37.170,4.948,500
2020-11-05 09:30:37.240,4.947,9000
2020-11-05 09:30:37.510,4.947,600
2020-11-05 09:30:37.510,4.948,200
2020-11-05 09:30:37.600,4.947,1900
2020-11-05 09:30:37.630,4.947,5000
2020-11-05 09:30:37.630,4.948,3600
2020-11-05 09:30:37.630,4.948,10000
2020-11-05 09:30:37.630,4.948,500
2020-11-05 09:30:37.630,4.948,1300
2020-11-05 09:30:37.660,4.948,200
2020-11-05 09:30:37.690,4.948,500
2020-11-05 09:30:37.720,4.948,500
2020-11-05 09:30:37.780,4.949,1800
2020-11-05 09:30:37.780,4.949,11700
2020-11-05 09:30:37.780,4.949,4600
2020-11-05 09:30:37.970,4.948,400
2020-11-05 09:30:38.090,4.948,20000
2020-11-05 09:30:38.120,4.949,400
2020-11-05 09:30:38.120,4.949,1000
2020-11-05 09:30:38.120,4.949,1000
2020-11-05 09:30:38.120,4.949,1000
2020-11-05 09:30:38.120,4.949,1000
2020-11-05 09:30:38.120,4.949,8100
2020-11-05 09:30:38.210,4.948,5000
2020-11-05 09:30:38.270,4.948,1400
2020-11-05 09:30:38.550,4.948,10000
2020-11-05 09:30:38.640,4.949,5000
2020-11-05 09:30:38.700,4.948,1000
2020-11-05 09:30:38.790,4.948,100
2020-11-05 09:30:38.790,4.948,5500
2020-11-05 09:30:38.790,4.948,3000
2020-11-05 09:30:38.790,4.948,6500
2020-11-05 09:30:38.920,4.949,10000
2020-11-05 09:30:38.950,4.948,2500
2020-11-05 09:30:39.050,4.948,2000
2020-11-05 09:30:39.080,4.948,1000
2020-11-05 09:30:39.080,4.948,10200
2020-11-05 09:30:39.230,4.948,10200
2020-11-05 09:30:39.300,4.949,10000
2020-11-05 09:30:39.300,4.949,3900
2020-11-05 09:30:39.300,4.949,5000
2020-11-05 09:30:39.300,4.949,20000
2020-11-05 09:30:39.300,4.949,51900
2020-11-05 09:30:39.300,4.949,100
2020-11-05 09:30:39.420,4.949,4900
2020-11-05 09:30:39.480,4.949,14200
2020-11-05 09:30:39.480,4.949,15800
2020-11-05 09:30:39.700,4.95,3800
2020-11-05 09:30:39.700,4.95,500
2020-11-05 09:30:39.700,4.95,2500
2020-11-05 09:30:39.700,4.95,5000
2020-11-05 09:30:39.700,4.95,300
2020-11-05 09:30:39.700,4.95,100
2020-11-05 09:30:39.700,4.95,2000
2020-11-05 09:30:39.700,4.95,500
2020-11-05 09:30:39.700,4.95,200
2020-11-05 09:30:39.700,4.95,4700
2020-11-05 09:30:39.700,4.95,3000
2020-11-05 09:30:39.700,4.95,3000
2020-11-05 09:30:39.700,4.95,500
2020-11-05 09:30:39.700,4.95,600
2020-11-05 09:30:39.700,4.95,300
2020-11-05 09:30:39.700,4.95,700
2020-11-05 09:30:39.740,4.949,3200
2020-11-05 09:30:39.770,4.949,15000
2020-11-05 09:30:39.890,4.949,2000
2020-11-05 09:30:40.210,4.949,5000
2020-11-05 09:30:40.270,4.95,9300
2020-11-05 09:30:40.270,4.95,5000
2020-11-05 09:30:40.270,4.95,1000
2020-11-05 09:30:40.270,4.95,3000
2020-11-05 09:30:40.270,4.95,1000
2020-11-05 09:30:40.270,4.95,1600
2020-11-05 09:30:40.300,4.949,100
2020-11-05 09:30:40.400,4.949,80000
2020-11-05 09:30:40.650,4.949,12000
2020-11-05 09:30:40.680,4.949,1000
2020-11-05 09:30:40.680,4.95,2000
2020-11-05 09:30:40.800,4.949,5100
2020-11-05 09:30:40.950,4.95,6400
2020-11-05 09:30:40.950,4.95,5000
2020-11-05 09:30:40.950,4.95,5000
2020-11-05 09:30:40.950,4.95,10000
2020-11-05 09:30:40.950,4.95,1000
2020-11-05 09:30:40.950,4.95,71400
2020-11-05 09:30:40.950,4.95,11200
2020-11-05 09:30:41.050,4.949,4400
2020-11-05 09:30:41.050,4.95,5000
2020-11-05 09:30:41.140,4.949,20000
2020-11-05 09:30:41.300,4.949,1000
2020-11-05 09:30:41.330,4.949,200
2020-11-05 09:30:41.500,4.949,70000
2020-11-05 09:30:41.570,4.949,90
2020-11-05 09:30:41.760,4.949,5000
2020-11-05 09:30:42.040,4.949,57510
2020-11-05 09:30:42.040,4.949,10000
2020-11-05 09:30:42.040,4.949,5000
2020-11-05 09:30:42.040,4.949,242490
2020-11-05 09:30:42.070,4.949,3000
2020-11-05 09:30:42.390,4.949,30000
2020-11-05 09:30:42.450,4.949,21810
2020-11-05 09:30:42.450,4.949,20000
2020-11-05 09:30:42.450,4.949,200
2020-11-05 09:30:42.450,4.949,7990
2020-11-05 09:30:42.520,4.949,2000
2020-11-05 09:30:42.550,4.949,30000
2020-11-05 09:30:42.580,4.949,600
2020-11-05 09:30:42.580,4.949,25000
2020-11-05 09:30:42.640,4.949,500
2020-11-05 09:30:42.700,4.949,9500
2020-11-05 09:30:42.780,4.949,500
2020-11-05 09:30:43.170,4.949,23910
2020-11-05 09:30:43.170,4.949,6090
2020-11-05 09:30:43.170,4.949,1500
2020-11-05 09:30:43.200,4.949,10000
2020-11-05 09:30:43.320,4.949,200
2020-11-05 09:30:43.500,4.949,2210
2020-11-05 09:30:43.500,4.949,7790
2020-11-05 09:30:43.680,4.949,1310
2020-11-05 09:30:43.680,4.949,1000
2020-11-05 09:30:43.680,4.949,100
2020-11-05 09:30:44.120,4.949,4000
2020-11-05 09:30:44.230,4.949,4300
2020-11-05 09:30:44.510,4.949,65900
2020-11-05 09:30:44.790,4.948,3000
2020-11-05 09:30:44.920,4.948,2000
2020-11-05 09:30:45.510,4.948,20000
2020-11-05 09:30:45.510,4.948,4300
2020-11-05 09:30:45.610,4.948,2000
2020-11-05 09:30:45.700,4.948,700
2020-11-05 09:30:45.800,4.949,400
2020-11-05 09:30:45.800,4.949,2000
2020-11-05 09:30:45.890,4.949,220990
2020-11-05 09:30:45.890,4.949,100
2020-11-05 09:30:45.890,4.949,100
2020-11-05 09:30:45.890,4.949,1000
2020-11-05 09:30:45.890,4.949,38000
2020-11-05 09:30:45.890,4.95,14400
2020-11-05 09:30:45.890,4.95,200
2020-11-05 09:30:45.890,4.95,30400
2020-11-05 09:30:45.890,4.95,100
2020-11-05 09:30:45.890,4.95,40000
2020-11-05 09:30:45.890,4.95,5000
2020-11-05 09:30:45.890,4.95,10000
2020-11-05 09:30:45.890,4.95,2500
2020-11-05 09:30:45.890,4.95,20000
2020-11-05 09:30:45.890,4.95,400
2020-11-05 09:30:45.890,4.95,200
2020-11-05 09:30:45.890,4.95,2000
2020-11-05 09:30:45.890,4.95,10000
2020-11-05 09:30:45.890,4.95,200
2020-11-05 09:30:45.890,4.95,10400
2020-11-05 09:30:45.890,4.95,5000
2020-11-05 09:30:45.890,4.95,30000
2020-11-05 09:30:45.890,4.95,1300
2020-11-05 09:30:45.890,4.95,10000
2020-11-05 09:30:45.890,4.95,2200
2020-11-05 09:30:45.890,4.95,500
2020-11-05 09:30:45.890,4.95,400
2020-11-05 09:30:45.890,4.95,200
2020-11-05 09:30:45.890,4.95,1000
2020-11-05 09:30:45.890,4.95,40110
2020-11-05 09:30:45.910,4.949,1000
2020-11-05 09:30:45.910,4.949,300
2020-11-05 09:30:45.910,4.949,100
2020-11-05 09:30:46.100,4.949,600
2020-11-05 09:30:46.100,4.95,2890
2020-11-05 09:30:46.100,4.95,2000
2020-11-05 09:30:46.100,4.95,3510
2020-11-05 09:30:46.470,4.948,4000
2020-11-05 09:30:46.470,4.948,500
2020-11-05 09:30:46.500,4.948,2600
2020-11-05 09:30:46.680,4.948,10000
2020-11-05 09:30:46.800,4.948,5000
2020-11-05 09:30:46.920,4.948,2000
2020-11-05 09:30:47.160,4.948,200
2020-11-05 09:30:47.220,4.948,8500
2020-11-05 09:30:47.480,4.948,1600
2020-11-05 09:30:47.610,4.949,11500
2020-11-05 09:30:47.640,4.949,2000
2020-11-05 09:30:47.640,4.949,10100
2020-11-05 09:30:47.640,4.948,2000
2020-11-05 09:30:47.700,4.949,3000
2020-11-05 09:30:47.740,4.948,11500
2020-11-05 09:30:47.740,4.948,8500
2020-11-05 09:30:47.800,4.948,5000
2020-11-05 09:30:47.920,4.948,100
2020-11-05 09:30:47.980,4.948,500
2020-11-05 09:30:47.980,4.948,100
2020-11-05 09:30:48.260,4.948,1800
2020-11-05 09:30:48.260,4.948,200
2020-11-05 09:30:48.260,4.948,20000
2020-11-05 09:30:48.260,4.947,3000
2020-11-05 09:30:48.260,4.946,200
2020-11-05 09:30:48.260,4.946,24800
2020-11-05 09:30:48.520,4.946,5000
2020-11-05 09:30:48.550,4.948,8200
2020-11-05 09:30:48.550,4.948,11800
2020-11-05 09:30:48.770,4.948,700
2020-11-05 09:30:48.800,4.948,1000
2020-11-05 09:30:49.260,4.948,6500
2020-11-05 09:30:49.260,4.948,2000
2020-11-05 09:30:49.260,4.948,500
2020-11-05 09:30:49.260,4.948,500
2020-11-05 09:30:49.260,4.948,100
2020-11-05 09:30:49.260,4.949,20400
2020-11-05 09:30:49.300,4.947,3000
2020-11-05 09:30:49.300,4.947,2000
2020-11-05 09:30:49.360,4.947,100000
2020-11-05 09:30:49.540,4.949,4000
2020-11-05 09:30:49.540,4.949,1800
2020-11-05 09:30:49.630,4.948,200
2020-11-05 09:30:49.900,4.948,1500
2020-11-05 09:30:49.930,4.947,2100
2020-11-05 09:30:49.990,4.948,200
2020-11-05 09:30:50.590,4.948,100
2020-11-05 09:30:50.740,4.948,5000
2020-11-05 09:30:50.740,4.948,500
2020-11-05 09:30:50.740,4.948,4400
2020-11-05 09:30:50.900,4.948,45600
2020-11-05 09:30:50.900,4.948,34400
2020-11-05 09:30:51.100,4.947,4900
2020-11-05 09:30:51.100,4.946,2500
2020-11-05 09:30:51.100,4.946,400
2020-11-05 09:30:51.100,4.946,2200
2020-11-05 09:30:51.160,4.946,100
2020-11-05 09:30:51.190,4.948,5200
2020-11-05 09:30:51.510,4.946,37700
2020-11-05 09:30:51.510,4.946,2000
2020-11-05 09:30:51.510,4.946,1000
2020-11-05 09:30:51.510,4.946,600
2020-11-05 09:30:51.510,4.946,8700
2020-11-05 09:30:51.980,4.948,6000
2020-11-05 09:30:52.010,4.946,2000
2020-11-05 09:30:52.670,4.947,5000
2020-11-05 09:30:52.790,4.948,1300
2020-11-05 09:30:52.820,4.947,5000
2020-11-05 09:30:53.240,4.948,10000
2020-11-05 09:30:54.040,4.947,10400
2020-11-05 09:30:54.500,4.947,500
2020-11-05 09:30:54.660,4.947,600
2020-11-05 09:30:54.660,4.947,2900
2020-11-05 09:30:54.940,4.947,100000
2020-11-05 09:30:54.970,4.947,20000
2020-11-05 09:30:55.120,4.947,30000
2020-11-05 09:30:55.120,4.947,10000
2020-11-05 09:30:55.340,4.947,10000
2020-11-05 09:30:55.340,4.947,3000
2020-11-05 09:30:55.490,4.948,1000
2020-11-05 09:30:55.690,4.947,2000
2020-11-05 09:30:55.930,4.947,23900
2020-11-05 09:30:55.930,4.948,200
2020-11-05 09:30:56.110,4.947,5700
2020-11-05 09:30:56.370,4.947,200000
2020-11-05 09:30:56.370,4.948,2000
2020-11-05 09:30:56.530,4.948,600
2020-11-05 09:30:56.640,4.947,100
2020-11-05 09:30:56.640,4.947,100
2020-11-05 09:30:56.700,4.947,5000
2020-11-05 09:30:56.700,4.948,200
2020-11-05 09:30:56.820,4.948,300
2020-11-05 09:30:57.030,4.947,2000
2020-11-05 09:30:57.210,4.947,100000
2020-11-05 09:30:57.270,4.947,15000
2020-11-05 09:30:57.390,4.947,69800
2020-11-05 09:30:57.390,4.945,100
2020-11-05 09:30:57.390,4.945,1400
2020-11-05 09:30:57.390,4.945,50800
2020-11-05 09:30:57.390,4.945,1000
2020-11-05 09:30:57.390,4.945,4000
2020-11-05 09:30:57.390,4.944,41200
2020-11-05 09:30:57.650,4.947,100
2020-11-05 09:30:57.650,4.947,4900
2020-11-05 09:30:57.890,4.946,4300
2020-11-05 09:30:57.890,4.947,4700
2020-11-05 09:30:57.890,4.943,500
2020-11-05 09:30:57.890,4.943,11500
2020-11-05 09:30:58.280,4.946,1200
2020-11-05 09:30:58.280,4.947,2300
2020-11-05 09:30:58.280,4.947,6500
2020-11-05 09:30:58.930,4.946,10000
2020-11-05 09:30:58.930,4.947,700
2020-11-05 09:30:59.150,4.946,300
2020-11-05 09:30:59.150,4.946,1400
2020-11-05 09:30:59.560,4.945,2000
2020-11-05 09:30:59.660,4.945,200
2020-11-05 09:31:00.590,4.945,400
2020-11-05 09:31:00.810,4.945,2000
2020-11-05 09:31:00.870,4.943,2000
2020-11-05 09:31:01.190,4.943,24200
2020-11-05 09:31:01.220,4.943,2000
2020-11-05 09:31:01.480,4.941,100
2020-11-05 09:31:01.640,4.941,2000
2020-11-05 09:31:01.800,4.94,600
2020-11-05 09:31:01.800,4.94,300
2020-11-05 09:31:01.800,4.94,100
2020-11-05 09:31:01.800,4.94,1000
2020-11-05 09:31:01.830,4.94,100
2020-11-05 09:31:01.830,4.94,200
2020-11-05 09:31:01.920,4.94,1600
2020-11-05 09:31:01.920,4.94,500
2020-11-05 09:31:01.920,4.94,200
2020-11-05 09:31:02.050,4.941,2000
2020-11-05 09:31:02.050,4.941,500
2020-11-05 09:31:02.050,4.941,2500
2020-11-05 09:31:02.750,4.945,800
2020-11-05 09:31:02.780,4.945,4100
2020-11-05 09:31:03.090,4.945,100
2020-11-05 09:31:03.090,4.942,2500
2020-11-05 09:31:03.360,4.945,800
2020-11-05 09:31:04.720,4.944,1000
2020-11-05 09:31:04.880,4.944,1100
2020-11-05 09:31:05.000,4.94,4900
2020-11-05 09:31:05.190,4.944,27900
2020-11-05 09:31:05.190,4.945,1800
2020-11-05 09:31:05.190,4.945,10000
2020-11-05 09:31:05.190,4.945,600
2020-11-05 09:31:05.290,4.943,9200
2020-11-05 09:31:05.290,4.943,1000
2020-11-05 09:31:05.480,4.943,2000
2020-11-05 09:31:05.510,4.945,9400
2020-11-05 09:31:05.510,4.945,5000
2020-11-05 09:31:05.510,4.945,40000
2020-11-05 09:31:05.510,4.945,94300
2020-11-05 09:31:05.700,4.943,47800
2020-11-05 09:31:05.930,4.942,600000
2020-11-05 09:31:05.930,4.94,4300
2020-11-05 09:31:06.030,4.939,300000
2020-11-05 09:31:06.530,4.939,95700
2020-11-05 09:31:06.530,4.941,100
2020-11-05 09:31:06.530,4.942,500
2020-11-05 09:31:06.530,4.942,130000
2020-11-05 09:31:07.080,4.944,700
2020-11-05 09:31:07.080,4.944,4000
2020-11-05 09:31:07.080,4.944,2000
2020-11-05 09:31:07.170,4.945,200
2020-11-05 09:31:07.170,4.944,30000
2020-11-05 09:31:07.200,4.944,5000
2020-11-05 09:31:07.230,4.944,2500
2020-11-05 09:31:07.230,4.944,1100
2020-11-05 09:31:07.320,4.945,1000
2020-11-05 09:31:07.350,4.944,14700
2020-11-05 09:31:07.350,4.943,25300
2020-11-05 09:31:07.420,4.943,500
2020-11-05 09:31:07.420,4.943,1000
2020-11-05 09:31:07.420,4.943,400
2020-11-05 09:31:07.490,4.943,1400
2020-11-05 09:31:07.490,4.943,1000
2020-11-05 09:31:07.490,4.943,200
2020-11-05 09:31:07.490,4.943,200
2020-11-05 09:31:07.650,4.944,9300
2020-11-05 09:31:07.650,4.945,81300
2020-11-05 09:31:07.690,4.941,4000
2020-11-05 09:31:07.720,4.941,900
2020-11-05 09:31:08.000,4.941,2000
2020-11-05 09:31:08.060,4.942,400
2020-11-05 09:31:08.100,4.941,7000
2020-11-05 09:31:08.100,4.941,100
2020-11-05 09:31:08.100,4.941,1000
2020-11-05 09:31:08.100,4.941,600
2020-11-05 09:31:08.210,4.942,500
2020-11-05 09:31:08.210,4.941,10000
2020-11-05 09:31:08.270,4.942,100
2020-11-05 09:31:08.270,4.942,1000
2020-11-05 09:31:08.270,4.945,2900
2020-11-05 09:31:08.560,4.942,10000
2020-11-05 09:31:08.830,4.942,3000
2020-11-05 09:31:09.210,4.942,12000
2020-11-05 09:31:09.770,4.941,20000
2020-11-05 09:31:10.600,4.941,1200
2020-11-05 09:31:10.600,4.941,500
2020-11-05 09:31:10.640,4.942,300
2020-11-05 09:31:10.640,4.942,500
2020-11-05 09:31:10.670,4.942,3300
2020-11-05 09:31:10.730,4.942,2000
2020-11-05 09:31:10.820,4.942,200
2020-11-05 09:31:10.940,4.942,1000
2020-11-05 09:31:11.460,4.942,4000
2020-11-05 09:31:11.690,4.942,5000
2020-11-05 09:31:11.690,4.942,500
2020-11-05 09:31:11.720,4.942,2400
2020-11-05 09:31:11.790,4.942,40000
2020-11-05 09:31:11.860,4.942,200
2020-11-05 09:31:11.860,4.943,500
2020-11-05 09:31:12.190,4.942,25000
2020-11-05 09:31:12.290,4.942,1000
2020-11-05 09:31:12.290,4.942,17800
2020-11-05 09:31:12.320,4.942,800
2020-11-05 09:31:12.380,4.943,11900
2020-11-05 09:31:12.380,4.943,100
2020-11-05 09:31:12.380,4.943,3000
2020-11-05 09:31:12.380,4.943,500
2020-11-05 09:31:12.380,4.944,5000
2020-11-05 09:31:12.380,4.944,4500
2020-11-05 09:31:12.380,4.944,10000
2020-11-05 09:31:12.380,4.944,30000
2020-11-05 09:31:12.380,4.944,154600
2020-11-05 09:31:12.420,4.942,50000
2020-11-05 09:31:12.700,4.942,700
2020-11-05 09:31:12.790,4.942,10000
2020-11-05 09:31:12.930,4.942,1000
2020-11-05 09:31:12.960,4.942,30000
2020-11-05 09:31:13.110,4.942,2000
2020-11-05 09:31:13.220,4.942,1400
2020-11-05 09:31:13.410,4.942,900
2020-11-05 09:31:14.100,4.941,1000
2020-11-05 09:31:14.480,4.941,200
2020-11-05 09:31:14.510,4.94,2200
2020-11-05 09:31:14.510,4.94,100000
2020-11-05 09:31:14.570,4.939,60000
2020-11-05 09:31:14.770,4.939,1700
2020-11-05 09:31:15.360,4.938,1200
2020-11-05 09:31:15.790,4.94,300
2020-11-05 09:31:15.820,4.94,50000
2020-11-05 09:31:16.150,4.94,10000
2020-11-05 09:31:16.150,4.94,500
2020-11-05 09:31:16.150,4.94,1900
2020-11-05 09:31:16.310,4.94,2000
2020-11-05 09:31:16.310,4.94,200
2020-11-05 09:31:16.370,4.94,200
2020-11-05 09:31:16.460,4.94,1000
2020-11-05 09:31:16.680,4.94,200
2020-11-05 09:31:16.680,4.94,600
2020-11-05 09:31:16.710,4.94,2000
2020-11-05 09:31:16.710,4.94,100
2020-11-05 09:31:16.770,4.94,41300
2020-11-05 09:31:16.770,4.938,200
2020-11-05 09:31:16.830,4.938,400
2020-11-05 09:31:16.830,4.938,100
2020-11-05 09:31:16.830,4.938,600
2020-11-05 09:31:16.830,4.938,5000
2020-11-05 09:31:16.860,4.938,100
2020-11-05 09:31:16.860,4.938,500
2020-11-05 09:31:17.890,4.939,200
2020-11-05 09:31:17.930,4.938,4300
2020-11-05 09:31:17.930,4.938,1700
2020-11-05 09:31:18.860,4.938,20000
2020-11-05 09:31:19.100,4.938,100
2020-11-05 09:31:19.160,4.938,4300
2020-11-05 09:31:19.280,4.938,500
2020-11-05 09:31:19.390,4.938,500
2020-11-05 09:31:19.390,4.938,20000
2020-11-05 09:31:19.420,4.938,900
2020-11-05 09:31:19.470,4.938,500
2020-11-05 09:31:19.770,4.938,6400
2020-11-05 09:31:19.770,4.938,300
2020-11-05 09:31:19.860,4.938,4500
2020-11-05 09:31:20.020,4.938,2000
2020-11-05 09:31:20.020,4.938,500
2020-11-05 09:31:20.270,4.938,7000
2020-11-05 09:31:20.330,4.938,2500
2020-11-05 09:31:20.330,4.938,500
2020-11-05 09:31:20.330,4.938,5000
2020-11-05 09:31:20.330,4.939,61000
2020-11-05 09:31:21.320,4.936,1000
2020-11-05 09:31:21.690,4.936,1000
2020-11-05 09:31:21.940,4.938,200
2020-11-05 09:31:21.940,4.938,4800
2020-11-05 09:31:21.960,4.936,300
2020-11-05 09:31:21.960,4.936,100
2020-11-05 09:31:21.960,4.935,3000
2020-11-05 09:31:21.960,4.935,1600
2020-11-05 09:31:22.230,4.938,15200
2020-11-05 09:31:22.230,4.938,100
2020-11-05 09:31:22.230,4.938,500
2020-11-05 09:31:22.230,4.938,200
2020-11-05 09:31:22.230,4.939,4000
2020-11-05 09:31:22.260,4.938,2300
2020-11-05 09:31:22.260,4.939,41900
2020-11-05 09:31:22.320,4.934,2000
2020-11-05 09:31:22.440,4.938,100
2020-11-05 09:31:22.570,4.938,900
2020-11-05 09:31:22.570,4.938,400
2020-11-05 09:31:22.570,4.938,100
2020-11-05 09:31:22.570,4.939,18600
2020-11-05 09:31:22.630,4.939,200
2020-11-05 09:31:23.270,4.935,5000
2020-11-05 09:31:23.270,4.938,5100
2020-11-05 09:31:23.270,4.938,1000
2020-11-05 09:31:23.270,4.938,5500
2020-11-05 09:31:23.270,4.938,300
2020-11-05 09:31:23.270,4.939,27300
2020-11-05 09:31:23.600,4.939,200
2020-11-05 09:31:24.670,4.934,200
2020-11-05 09:31:24.670,4.934,2300
2020-11-05 09:31:24.770,4.936,100
2020-11-05 09:31:24.890,4.934,200
2020-11-05 09:31:26.480,4.936,1000
2020-11-05 09:31:26.720,4.936,2000
2020-11-05 09:31:26.880,4.935,2100
2020-11-05 09:31:27.160,4.935,4600
2020-11-05 09:31:27.350,4.935,17000
2020-11-05 09:31:27.420,4.936,1000
2020-11-05 09:31:27.540,4.936,2100
2020-11-05 09:31:27.700,4.935,5000
2020-11-05 09:31:27.700,4.934,15000
2020-11-05 09:31:27.730,4.934,600
2020-11-05 09:31:27.730,4.934,1500
2020-11-05 09:31:27.920,4.936,8000
2020-11-05 09:31:28.210,4.934,12500
2020-11-05 09:31:28.390,4.936,6800
2020-11-05 09:31:28.390,4.936,1000
2020-11-05 09:31:28.390,4.936,500
2020-11-05 09:31:28.390,4.936,100
2020-11-05 09:31:28.390,4.936,1600
2020-11-05 09:31:28.450,4.934,1700
2020-11-05 09:31:28.540,4.936,3400
2020-11-05 09:31:28.580,4.934,3000
2020-11-05 09:31:28.690,4.936,5000
2020-11-05 09:31:28.780,4.932,2200
2020-11-05 09:31:28.780,4.932,315000
2020-11-05 09:31:28.780,4.932,600000
2020-11-05 09:31:28.900,4.932,1500
2020-11-05 09:31:29.020,4.932,81300
2020-11-05 09:31:29.190,4.932,10000
2020-11-05 09:31:29.260,4.932,3000
2020-11-05 09:31:30.130,4.933,200
2020-11-05 09:31:30.130,4.934,300
2020-11-05 09:31:30.130,4.934,1900
2020-11-05 09:31:30.130,4.934,7600
2020-11-05 09:31:30.360,4.934,200
2020-11-05 09:31:30.540,4.934,800
2020-11-05 09:31:31.620,4.93,500
2020-11-05 09:31:31.620,4.93,100
2020-11-05 09:31:31.620,4.93,400
2020-11-05 09:31:31.620,4.932,100
2020-11-05 09:31:31.620,4.932,400
2020-11-05 09:31:31.650,4.93,500
2020-11-05 09:31:32.040,4.932,1000
2020-11-05 09:31:32.040,4.934,9000
2020-11-05 09:31:32.210,4.934,1000
2020-11-05 09:31:32.730,4.931,3000
2020-11-05 09:31:32.730,4.934,7300
2020-11-05 09:31:32.730,4.934,200
2020-11-05 09:31:32.730,4.934,300
2020-11-05 09:31:32.730,4.934,700
2020-11-05 09:31:32.730,4.934,5000
2020-11-05 09:31:32.730,4.934,5000
2020-11-05 09:31:32.730,4.934,300
2020-11-05 09:31:32.730,4.934,6700
2020-11-05 09:31:32.730,4.934,226400
2020-11-05 09:31:33.110,4.93,300
2020-11-05 09:31:33.110,4.93,200
2020-11-05 09:31:33.110,4.93,600
2020-11-05 09:31:33.110,4.93,600
2020-11-05 09:31:33.110,4.93,900
2020-11-05 09:31:33.110,4.93,200
2020-11-05 09:31:33.110,4.93,100
2020-11-05 09:31:33.110,4.93,300
2020-11-05 09:31:33.110,4.93,300
2020-11-05 09:31:33.140,4.93,200
2020-11-05 09:31:33.140,4.93,100
2020-11-05 09:31:33.140,4.93,100
2020-11-05 09:31:33.140,4.93,300
2020-11-05 09:31:33.140,4.93,200
2020-11-05 09:31:33.320,4.934,10000
2020-11-05 09:31:33.320,4.93,200
2020-11-05 09:31:33.500,4.934,100
2020-11-05 09:31:34.080,4.93,4400
2020-11-05 09:31:34.080,4.93,45600
2020-11-05 09:31:34.200,4.93,5000
2020-11-05 09:31:34.380,4.93,3000
2020-11-05 09:31:35.470,4.931,50000
2020-11-05 09:31:35.470,4.93,2500
2020-11-05 09:31:35.470,4.93,500
2020-11-05 09:31:35.470,4.93,15000
2020-11-05 09:31:35.470,4.93,2200
2020-11-05 09:31:35.470,4.93,300
2020-11-05 09:31:35.470,4.93,500
2020-11-05 09:31:35.720,4.93,54300
2020-11-05 09:31:35.940,4.93,12000
2020-11-05 09:31:36.070,4.928,1300
2020-11-05 09:31:36.290,4.928,1100
2020-11-05 09:31:36.730,4.928,7700
2020-11-05 09:31:37.330,4.93,5000
2020-11-05 09:31:37.820,4.928,141710
2020-11-05 09:31:37.970,4.928,10400
2020-11-05 09:31:38.250,4.929,20000
2020-11-05 09:31:38.500,4.929,1000
2020-11-05 09:31:38.690,4.929,4900
2020-11-05 09:31:39.450,4.927,300
2020-11-05 09:31:40.150,4.928,3000
2020-11-05 09:31:40.240,4.928,2000
2020-11-05 09:31:40.240,4.928,88000
2020-11-05 09:31:41.870,4.928,500
2020-11-05 09:31:42.070,4.927,400
2020-11-05 09:31:42.070,4.927,400
2020-11-05 09:31:42.290,4.927,600
2020-11-05 09:31:42.350,4.927,1200
2020-11-05 09:31:42.450,4.927,1900
2020-11-05 09:31:42.550,4.927,5100
2020-11-05 09:31:42.970,4.928,111500
2020-11-05 09:31:42.970,4.928,20000
2020-11-05 09:31:42.970,4.928,300
2020-11-05 09:31:42.970,4.928,5000
2020-11-05 09:31:42.970,4.928,100
2020-11-05 09:31:42.970,4.928,1000
2020-11-05 09:31:42.970,4.928,10800
2020-11-05 09:31:42.970,4.929,147600
2020-11-05 09:31:42.970,4.927,2700
2020-11-05 09:31:43.070,4.929,2000
2020-11-05 09:31:43.200,4.927,3900
2020-11-05 09:31:43.350,4.927,600
2020-11-05 09:31:43.380,4.927,37100
2020-11-05 09:31:43.570,4.928,50000
2020-11-05 09:31:43.570,4.928,5000
2020-11-05 09:31:43.570,4.928,2600
2020-11-05 09:31:43.600,4.928,15000
2020-11-05 09:31:43.600,4.928,500
2020-11-05 09:31:43.680,4.928,1200
2020-11-05 09:31:43.810,4.929,5700
2020-11-05 09:31:43.870,4.929,1000
2020-11-05 09:31:43.870,4.929,23800
2020-11-05 09:31:44.000,4.928,47400
2020-11-05 09:31:44.150,4.929,292700
2020-11-05 09:31:44.240,4.928,1000
2020-11-05 09:31:44.460,4.928,600
2020-11-05 09:31:44.560,4.928,20700
2020-11-05 09:31:44.650,4.928,20000
2020-11-05 09:31:44.690,4.928,500
2020-11-05 09:31:44.690,4.928,1000
2020-11-05 09:31:44.790,4.928,59000
2020-11-05 09:31:44.820,4.928,1000
2020-11-05 09:31:45.110,4.928,2000
2020-11-05 09:31:45.130,4.929,2500
2020-11-05 09:31:45.170,4.929,5000
2020-11-05 09:31:45.420,4.928,4300
2020-11-05 09:31:45.600,4.928,1000
2020-11-05 09:31:45.850,4.927,2200
2020-11-05 09:31:45.850,4.927,17800
2020-11-05 09:31:46.110,4.927,11800
2020-11-05 09:31:46.130,4.927,5100
2020-11-05 09:31:46.460,4.927,100000
2020-11-05 09:31:46.520,4.927,15700
2020-11-05 09:31:46.640,4.928,100
2020-11-05 09:31:46.640,4.928,100
2020-11-05 09:31:46.640,4.928,200
2020-11-05 09:31:46.880,4.927,100
2020-11-05 09:31:46.880,4.927,2500
2020-11-05 09:31:47.110,4.928,800
2020-11-05 09:31:47.110,4.928,200
2020-11-05 09:31:47.110,4.928,200
2020-11-05 09:31:47.140,4.928,900
2020-11-05 09:31:47.240,4.928,200
2020-11-05 09:31:47.240,4.928,300
2020-11-05 09:31:47.300,4.928,2400
2020-11-05 09:31:47.990,4.928,100
2020-11-05 09:31:48.120,4.928,100
2020-11-05 09:31:48.480,4.928,100
2020-11-05 09:31:48.600,4.927,200
2020-11-05 09:31:48.710,4.928,4800
2020-11-05 09:31:48.710,4.928,200
2020-11-05 09:31:48.860,4.927,500
2020-11-05 09:31:48.990,4.928,4900
2020-11-05 09:31:49.190,4.927,100
2020-11-05 09:31:49.280,4.927,100100
2020-11-05 09:31:49.280,4.928,2000
2020-11-05 09:31:49.330,4.927,6200
2020-11-05 09:31:49.330,4.928,22000
2020-11-05 09:31:49.330,4.928,1200
2020-11-05 09:31:49.330,4.928,2000
2020-11-05 09:31:49.330,4.928,1000
2020-11-05 09:31:49.330,4.928,1000
2020-11-05 09:31:49.330,4.928,1300
2020-11-05 09:31:49.330,4.928,5000
2020-11-05 09:31:49.460,4.928,3000
2020-11-05 09:31:49.550,4.929,56500
2020-11-05 09:31:49.550,4.928,4500
2020-11-05 09:31:49.580,4.928,1000
2020-11-05 09:31:49.630,4.928,100
2020-11-05 09:31:49.630,4.928,20000
2020-11-05 09:31:49.680,4.929,2800
2020-11-05 09:31:50.050,4.929,54400
2020-11-05 09:31:50.080,4.929,1000
2020-11-05 09:31:50.170,4.928,5000
2020-11-05 09:31:50.170,4.928,3000
2020-11-05 09:31:50.290,4.929,4900
2020-11-05 09:31:50.320,4.928,10000
2020-11-05 09:31:50.350,4.928,3900
2020-11-05 09:31:51.040,4.928,1300
2020-11-05 09:31:51.560,4.928,2800
2020-11-05 09:31:51.590,4.928,10400
2020-11-05 09:31:51.750,4.928,100
2020-11-05 09:31:51.810,4.928,4200
2020-11-05 09:31:51.940,4.928,200
2020-11-05 09:31:52.030,4.928,55200
2020-11-05 09:31:52.030,4.928,10000
2020-11-05 09:31:52.030,4.928,10000
2020-11-05 09:31:52.030,4.927,3000
2020-11-05 09:31:52.030,4.927,4200
2020-11-05 09:31:52.030,4.926,50000
2020-11-05 09:31:52.030,4.926,2000
2020-11-05 09:31:52.030,4.926,150000
2020-11-05 09:31:52.030,4.925,2200
2020-11-05 09:31:52.030,4.925,10000
2020-11-05 09:31:52.030,4.925,20000
2020-11-05 09:31:52.030,4.925,2500
2020-11-05 09:31:52.030,4.925,3000
2020-11-05 09:31:52.030,4.925,50000
2020-11-05 09:31:52.030,4.925,600000
2020-11-05 09:31:52.310,4.925,3000
2020-11-05 09:31:52.500,4.924,400
2020-11-05 09:31:53.370,4.925,24900
2020-11-05 09:31:53.630,4.927,4300
2020-11-05 09:31:54.760,4.926,900
2020-11-05 09:31:54.760,4.927,5700
2020-11-05 09:31:54.760,4.927,200
2020-11-05 09:31:54.760,4.927,2500
2020-11-05 09:31:54.760,4.927,2000
2020-11-05 09:31:54.760,4.927,4000
2020-11-05 09:31:54.760,4.927,1000
2020-11-05 09:31:54.760,4.927,3000
2020-11-05 09:31:54.760,4.928,2500
2020-11-05 09:31:54.760,4.928,8200
2020-11-05 09:31:54.910,4.928,10000
2020-11-05 09:31:55.060,4.928,2500
2020-11-05 09:31:55.060,4.928,500
2020-11-05 09:31:55.060,4.928,200
2020-11-05 09:31:55.060,4.928,9000
2020-11-05 09:31:55.060,4.928,2400
2020-11-05 09:31:55.060,4.928,1400
2020-11-05 09:31:55.360,4.927,300
2020-11-05 09:31:55.600,4.927,2000
