Datetime,Price,Volume
2020-11-03 09:25:02.430,3.331,500
2020-11-03 09:25:02.430,3.331,25000
2020-11-03 09:25:02.430,3.331,7500
2020-11-03 09:25:02.430,3.331,7300
2020-11-03 09:25:02.430,3.331,8000
2020-11-03 09:25:02.430,3.331,13900
2020-11-03 09:25:02.430,3.331,10000
2020-11-03 09:25:02.430,3.331,2000
2020-11-03 09:25:02.430,3.331,200
2020-11-03 09:25:02.430,3.331,400
2020-11-03 09:25:02.430,3.331,500
2020-11-03 09:25:02.430,3.331,100
2020-11-03 09:25:02.430,3.331,1800
2020-11-03 09:25:02.430,3.331,700
2020-11-03 09:25:02.430,3.331,200
2020-11-03 09:25:02.430,3.331,300
2020-11-03 09:25:02.430,3.331,1000
2020-11-03 09:25:02.430,3.331,600
2020-11-03 09:25:02.430,3.331,1000
2020-11-03 09:25:02.430,3.331,100
2020-11-03 09:25:02.430,3.331,17200
2020-11-03 09:25:02.430,3.331,19600
2020-11-03 09:25:02.430,3.331,100
2020-11-03 09:25:02.430,3.331,100
2020-11-03 09:25:02.430,3.331,100
2020-11-03 09:25:02.430,3.331,3900
2020-11-03 09:25:02.430,3.331,100
2020-11-03 09:25:02.430,3.331,10000
2020-11-03 09:25:02.430,3.331,12200
2020-11-03 09:25:02.430,3.331,100
2020-11-03 09:25:02.430,3.331,2000
2020-11-03 09:25:02.430,3.331,100
2020-11-03 09:25:02.430,3.331,1700
2020-11-03 09:25:02.430,3.331,8400
2020-11-03 09:25:02.430,3.331,2000
2020-11-03 09:25:02.430,3.331,100
2020-11-03 09:25:02.430,3.331,1400
2020-11-03 09:25:02.430,3.331,1100
2020-11-03 09:25:02.430,3.331,33000
2020-11-03 09:25:02.430,3.331,15000
2020-11-03 09:25:02.430,3.331,10000
2020-11-03 09:25:02.430,3.331,100
2020-11-03 09:25:02.430,3.331,500
2020-11-03 09:25:02.430,3.331,100
2020-11-03 09:25:02.430,3.331,1200
2020-11-03 09:25:02.430,3.331,3500
2020-11-03 09:25:02.430,3.331,5300
2020-11-03 09:25:02.430,3.331,7700
2020-11-03 09:25:02.430,3.331,2300
2020-11-03 09:25:02.430,3.331,10600
2020-11-03 09:25:02.430,3.331,10000
2020-11-03 09:25:02.430,3.331,100
2020-11-03 09:25:02.430,3.331,2000
2020-11-03 09:25:02.430,3.331,2000
2020-11-03 09:25:02.430,3.331,100000
2020-11-03 09:25:02.430,3.331,53000
2020-11-03 09:25:02.430,3.331,47000
2020-11-03 09:25:02.430,3.331,2000
2020-11-03 09:25:02.430,3.331,100
2020-11-03 09:25:02.430,3.331,10000
2020-11-03 09:25:02.430,3.331,5000
2020-11-03 09:25:02.430,3.331,5400
2020-11-03 09:25:02.430,3.331,18700
2020-11-03 09:25:02.430,3.331,11800
2020-11-03 09:25:02.430,3.331,200000
2020-11-03 09:25:02.430,3.331,110000
2020-11-03 09:25:02.430,3.331,78200
2020-11-03 09:25:02.430,3.331,1000
2020-11-03 09:25:02.430,3.331,100
2020-11-03 09:25:02.430,3.331,100
2020-11-03 09:25:02.430,3.331,5000
2020-11-03 09:25:02.430,3.331,1000
2020-11-03 09:25:02.430,3.331,10000
2020-11-03 09:25:02.430,3.331,10000
2020-11-03 09:25:02.430,3.331,300
2020-11-03 09:25:02.430,3.331,27700
2020-11-03 09:25:02.430,3.331,20000
2020-11-03 09:25:02.430,3.331,20000
2020-11-03 09:25:02.430,3.331,12000
2020-11-03 09:25:02.430,3.331,3000
2020-11-03 09:25:02.430,3.331,4100
2020-11-03 09:25:02.430,3.331,10000
2020-11-03 09:25:02.430,3.331,500
2020-11-03 09:25:02.430,3.331,10000
2020-11-03 09:25:02.430,3.331,2600
2020-11-03 09:25:02.430,3.331,2400
2020-11-03 09:25:02.430,3.331,200
2020-11-03 09:25:02.430,3.331,50000
2020-11-03 09:25:02.430,3.331,2600
2020-11-03 09:25:02.430,3.331,300
2020-11-03 09:25:02.430,3.331,700
2020-11-03 09:25:02.430,3.331,2000
2020-11-03 09:25:02.430,3.331,100
2020-11-03 09:25:02.430,3.331,10000
2020-11-03 09:25:02.430,3.331,500
2020-11-03 09:25:02.430,3.331,100
2020-11-03 09:25:02.430,3.331,300
2020-11-03 09:25:02.430,3.331,2000
2020-11-03 09:25:02.430,3.331,300
2020-11-03 09:25:02.430,3.331,5000
2020-11-03 09:25:02.430,3.331,7900
2020-11-03 09:25:02.430,3.331,2200
2020-11-03 09:25:02.430,3.331,1000
2020-11-03 09:25:02.430,3.331,3100
2020-11-03 09:25:02.430,3.331,300
2020-11-03 09:25:02.430,3.331,200
2020-11-03 09:25:02.430,3.331,3100
2020-11-03 09:25:02.430,3.331,3100
2020-11-03 09:25:02.430,3.331,100
2020-11-03 09:25:02.430,3.331,1900
2020-11-03 09:25:02.430,3.331,6100
2020-11-03 09:25:02.430,3.331,10000
2020-11-03 09:25:02.430,3.331,12100
2020-11-03 09:25:02.430,3.331,100
2020-11-03 09:25:02.430,3.331,500
2020-11-03 09:25:02.430,3.331,100
2020-11-03 09:25:02.430,3.331,20000
2020-11-03 09:25:02.430,3.331,700
2020-11-03 09:25:02.430,3.331,400
2020-11-03 09:25:02.430,3.331,1600
2020-11-03 09:25:02.430,3.331,2000
2020-11-03 09:25:02.430,3.331,2000
2020-11-03 09:25:02.430,3.331,1200
2020-11-03 09:25:02.430,3.331,5000
2020-11-03 09:25:02.430,3.331,900
2020-11-03 09:25:02.430,3.331,2000
2020-11-03 09:25:02.430,3.331,100
2020-11-03 09:25:02.430,3.331,10000
2020-11-03 09:25:02.430,3.331,300
2020-11-03 09:25:02.430,3.331,1000
2020-11-03 09:25:02.430,3.331,300
2020-11-03 09:25:02.430,3.331,2000
2020-11-03 09:25:02.430,3.331,5000
2020-11-03 09:25:02.430,3.331,1000
2020-11-03 09:25:02.430,3.331,3100
2020-11-03 09:25:02.430,3.331,100
2020-11-03 09:25:02.430,3.331,100
2020-11-03 09:25:02.430,3.331,200
2020-11-03 09:25:02.430,3.331,10100
2020-11-03 09:25:02.430,3.331,2000
2020-11-03 09:25:02.430,3.331,10100
2020-11-03 09:25:02.430,3.331,5000
2020-11-03 09:25:02.430,3.331,2000
2020-11-03 09:25:02.430,3.331,10000
2020-11-03 09:25:02.430,3.331,10000
2020-11-03 09:25:02.430,3.331,6000
2020-11-03 09:25:02.430,3.331,15000
2020-11-03 09:25:02.430,3.331,3400
2020-11-03 09:25:02.430,3.331,15000
2020-11-03 09:25:02.430,3.331,31000
2020-11-03 09:25:02.430,3.331,25000
2020-11-03 09:25:02.430,3.331,2500
2020-11-03 09:25:02.430,3.331,50000
2020-11-03 09:25:02.430,3.331,5000
2020-11-03 09:25:02.430,3.331,4000
2020-11-03 09:25:02.430,3.331,20000
2020-11-03 09:25:02.430,3.331,500
2020-11-03 09:25:02.430,3.331,10000
2020-11-03 09:25:02.430,3.331,1200
2020-11-03 09:25:02.430,3.331,20000
2020-11-03 09:25:02.430,3.331,4300
2020-11-03 09:25:02.430,3.331,300
2020-11-03 09:30:00.100,3.331,6400
2020-11-03 09:30:00.100,3.331,3900
2020-11-03 09:30:00.100,3.331,3100
2020-11-03 09:30:00.100,3.331,3100
2020-11-03 09:30:00.100,3.331,3100
2020-11-03 09:30:00.100,3.331,100
2020-11-03 09:30:00.100,3.331,12900
2020-11-03 09:30:00.100,3.331,100
2020-11-03 09:30:00.100,3.331,5000
2020-11-03 09:30:00.100,3.331,11000
2020-11-03 09:30:00.380,3.331,251300
2020-11-03 09:30:00.380,3.33,10000
2020-11-03 09:30:00.380,3.33,300
2020-11-03 09:30:00.380,3.33,4500
2020-11-03 09:30:00.380,3.33,34900
2020-11-03 09:30:00.520,3.331,10000
2020-11-03 09:30:00.760,3.331,600
2020-11-03 09:30:00.760,3.33,5000
2020-11-03 09:30:00.760,3.331,5000
2020-11-03 09:30:00.880,3.331,200
2020-11-03 09:30:00.990,3.331,1200
2020-11-03 09:30:00.990,3.33,100
2020-11-03 09:30:01.090,3.331,1000
2020-11-03 09:30:01.300,3.33,11000
2020-11-03 09:30:01.300,3.331,5000
2020-11-03 09:30:01.400,3.331,5000
2020-11-03 09:30:01.400,3.331,5000
2020-11-03 09:30:01.400,3.331,100
2020-11-03 09:30:01.500,3.331,12800
2020-11-03 09:30:01.500,3.331,30000
2020-11-03 09:30:01.730,3.331,100
2020-11-03 09:30:01.730,3.331,20000
2020-11-03 09:30:01.830,3.33,6900
2020-11-03 09:30:01.830,3.33,400
2020-11-03 09:30:01.830,3.331,5000
2020-11-03 09:30:01.830,3.331,1000
2020-11-03 09:30:01.830,3.33,2000
2020-11-03 09:30:01.830,3.33,5300
2020-11-03 09:30:01.930,3.331,199000
2020-11-03 09:30:01.930,3.331,5000
2020-11-03 09:30:01.930,3.331,1000
2020-11-03 09:30:01.930,3.331,1000
2020-11-03 09:30:01.930,3.331,30000
2020-11-03 09:30:01.930,3.331,2000
2020-11-03 09:30:01.930,3.331,20000
2020-11-03 09:30:01.930,3.331,3000
2020-11-03 09:30:01.930,3.332,100
2020-11-03 09:30:01.930,3.332,10000
2020-11-03 09:30:01.930,3.332,100
2020-11-03 09:30:01.930,3.332,11000
2020-11-03 09:30:01.930,3.332,1200
2020-11-03 09:30:01.930,3.332,16600
2020-11-03 09:30:01.930,3.331,100
2020-11-03 09:30:01.930,3.33,900
2020-11-03 09:30:02.240,3.331,10000
2020-11-03 09:30:02.470,3.33,3000
2020-11-03 09:30:02.470,3.331,3300
2020-11-03 09:30:02.470,3.331,200
2020-11-03 09:30:02.600,3.331,27800
2020-11-03 09:30:02.600,3.331,6000
2020-11-03 09:30:02.600,3.331,3000
2020-11-03 09:30:02.880,3.331,3000
2020-11-03 09:30:02.880,3.33,3000
2020-11-03 09:30:02.880,3.331,5000
2020-11-03 09:30:02.880,3.331,1000
2020-11-03 09:30:02.990,3.33,300
2020-11-03 09:30:03.100,3.331,1000
2020-11-03 09:30:03.340,3.33,4600
2020-11-03 09:30:03.460,3.33,20000
2020-11-03 09:30:03.460,3.331,5000
2020-11-03 09:30:03.580,3.331,9700
2020-11-03 09:30:03.580,3.331,1000
2020-11-03 09:30:03.580,3.332,43500
2020-11-03 09:30:03.580,3.332,10000
2020-11-03 09:30:03.580,3.332,235800
2020-11-03 09:30:03.580,3.332,4200
2020-11-03 09:30:03.700,3.332,15000
2020-11-03 09:30:03.930,3.33,1700
2020-11-03 09:30:04.160,3.331,5000
2020-11-03 09:30:04.160,3.331,5000
2020-11-03 09:30:04.160,3.331,15000
2020-11-03 09:30:04.160,3.331,5200
2020-11-03 09:30:04.160,3.332,11500
2020-11-03 09:30:04.280,3.332,30000
2020-11-03 09:30:04.390,3.331,10000
2020-11-03 09:30:04.510,3.332,4500
2020-11-03 09:30:04.510,3.332,5500
2020-11-03 09:30:04.510,3.332,6500
2020-11-03 09:30:04.510,3.332,3000
2020-11-03 09:30:04.510,3.332,500
2020-11-03 09:30:04.630,3.331,114700
2020-11-03 09:30:04.630,3.331,100
2020-11-03 09:30:04.630,3.332,1500
2020-11-03 09:30:04.630,3.332,900
2020-11-03 09:30:04.740,3.331,7600
2020-11-03 09:30:04.740,3.331,1000
2020-11-03 09:30:04.740,3.331,112300
2020-11-03 09:30:04.860,3.332,100
2020-11-03 09:30:04.860,3.332,1000
2020-11-03 09:30:04.860,3.332,200
2020-11-03 09:30:04.970,3.332,3700
2020-11-03 09:30:05.200,3.332,21300
2020-11-03 09:30:05.200,3.332,800
2020-11-03 09:30:05.710,3.332,1000
2020-11-03 09:30:05.710,3.333,3000
2020-11-03 09:30:05.710,3.333,10000
2020-11-03 09:30:05.710,3.333,100
2020-11-03 09:30:05.710,3.333,15000
2020-11-03 09:30:05.710,3.333,1900
2020-11-03 09:30:05.820,3.332,61900
2020-11-03 09:30:05.820,3.332,228100
2020-11-03 09:30:05.940,3.333,4100
2020-11-03 09:30:05.940,3.333,7000
2020-11-03 09:30:05.940,3.333,1000
2020-11-03 09:30:05.940,3.333,5000
2020-11-03 09:30:05.940,3.333,100
2020-11-03 09:30:05.940,3.333,1200
2020-11-03 09:30:05.940,3.333,10000
2020-11-03 09:30:05.940,3.333,600
2020-11-03 09:30:05.940,3.333,2000
2020-11-03 09:30:05.940,3.333,11000
2020-11-03 09:30:05.940,3.333,2000
2020-11-03 09:30:05.940,3.333,2000
2020-11-03 09:30:05.940,3.333,3000
2020-11-03 09:30:05.940,3.333,5000
2020-11-03 09:30:05.940,3.333,25000
2020-11-03 09:30:05.940,3.333,221000
2020-11-03 09:30:05.940,3.333,1700
2020-11-03 09:30:06.050,3.332,10000
2020-11-03 09:30:06.160,3.333,200
2020-11-03 09:30:06.160,3.332,200
2020-11-03 09:30:06.160,3.333,8000
2020-11-03 09:30:06.160,3.332,3000
2020-11-03 09:30:06.390,3.332,5500
2020-11-03 09:30:06.390,3.333,25100
2020-11-03 09:30:06.510,3.333,100
2020-11-03 09:30:06.760,3.333,300000
2020-11-03 09:30:06.870,3.332,22200
2020-11-03 09:30:07.100,3.332,16300
2020-11-03 09:30:07.100,3.332,1000
2020-11-03 09:30:07.100,3.332,18000
2020-11-03 09:30:07.100,3.332,4500
2020-11-03 09:30:07.100,3.331,200
2020-11-03 09:30:07.360,3.331,4000
2020-11-03 09:30:07.360,3.331,500
2020-11-03 09:30:07.490,3.332,5000
2020-11-03 09:30:07.490,3.333,10000
2020-11-03 09:30:07.490,3.332,500
2020-11-03 09:30:07.490,3.332,400
2020-11-03 09:30:07.490,3.331,600
2020-11-03 09:30:07.740,3.332,10000
2020-11-03 09:30:07.740,3.331,18300
2020-11-03 09:30:07.860,3.331,2000
2020-11-03 09:30:08.310,3.333,300000
2020-11-03 09:30:08.550,3.332,500
2020-11-03 09:30:08.890,3.333,1300
2020-11-03 09:30:09.090,3.332,15000
2020-11-03 09:30:09.090,3.333,40000
2020-11-03 09:30:09.220,3.332,14500
2020-11-03 09:30:09.220,3.332,5000
2020-11-03 09:30:09.220,3.332,300000
2020-11-03 09:30:09.220,3.332,800
2020-11-03 09:30:09.220,3.332,40000
2020-11-03 09:30:09.220,3.331,23500
2020-11-03 09:30:09.220,3.331,400
2020-11-03 09:30:09.220,3.331,2000
2020-11-03 09:30:09.220,3.331,2500
2020-11-03 09:30:09.220,3.331,198800
2020-11-03 09:30:09.220,3.331,100
2020-11-03 09:30:09.220,3.331,900
2020-11-03 09:30:09.220,3.331,10000
2020-11-03 09:30:09.220,3.331,7100
2020-11-03 09:30:09.220,3.331,6300
2020-11-03 09:30:09.220,3.331,5400
2020-11-03 09:30:09.220,3.331,30200
2020-11-03 09:30:09.220,3.331,1500
2020-11-03 09:30:09.220,3.331,1200
2020-11-03 09:30:09.220,3.331,1000
2020-11-03 09:30:09.220,3.331,800
2020-11-03 09:30:09.220,3.331,3000
2020-11-03 09:30:09.220,3.331,200
2020-11-03 09:30:09.220,3.331,15000
2020-11-03 09:30:09.220,3.331,31000
2020-11-03 09:30:09.220,3.331,46100
2020-11-03 09:30:09.220,3.331,10000
2020-11-03 09:30:09.220,3.331,2500
2020-11-03 09:30:09.220,3.331,29100
2020-11-03 09:30:09.220,3.331,900
2020-11-03 09:30:09.220,3.331,9100
2020-11-03 09:30:09.220,3.331,1000
2020-11-03 09:30:09.220,3.331,10000
2020-11-03 09:30:09.220,3.331,6000
2020-11-03 09:30:09.220,3.331,100
2020-11-03 09:30:09.220,3.331,5000
2020-11-03 09:30:09.220,3.331,10000
2020-11-03 09:30:09.220,3.331,30000
2020-11-03 09:30:09.220,3.331,1000
2020-11-03 09:30:09.220,3.331,1000
2020-11-03 09:30:09.220,3.331,10000
2020-11-03 09:30:09.220,3.331,3000
2020-11-03 09:30:09.220,3.331,300
2020-11-03 09:30:09.220,3.331,100
2020-11-03 09:30:09.220,3.331,5000
2020-11-03 09:30:09.330,3.33,5000
2020-11-03 09:30:09.530,3.33,400
2020-11-03 09:30:09.530,3.331,4000
2020-11-03 09:30:09.660,3.331,700
2020-11-03 09:30:09.780,3.33,1000
2020-11-03 09:30:09.780,3.331,13900
2020-11-03 09:30:09.910,3.331,286000
2020-11-03 09:30:09.910,3.331,200
2020-11-03 09:30:09.910,3.331,12500
2020-11-03 09:30:10.030,3.331,1300
2020-11-03 09:30:10.030,3.333,20000
2020-11-03 09:30:10.030,3.332,5000
2020-11-03 09:30:10.030,3.333,40000
2020-11-03 09:30:10.150,3.332,1700
2020-11-03 09:30:10.150,3.331,300
2020-11-03 09:30:10.400,3.331,300
2020-11-03 09:30:10.400,3.33,3700
2020-11-03 09:30:10.400,3.333,32600
2020-11-03 09:30:10.400,3.333,11000
2020-11-03 09:30:10.400,3.333,1000
2020-11-03 09:30:10.400,3.333,1000
2020-11-03 09:30:10.400,3.333,12500
2020-11-03 09:30:10.400,3.333,7500
2020-11-03 09:30:10.400,3.333,5000
2020-11-03 09:30:10.470,3.334,100
2020-11-03 09:30:10.470,3.334,200
2020-11-03 09:30:10.470,3.334,10000
2020-11-03 09:30:10.470,3.334,33000
2020-11-03 09:30:10.470,3.334,500
2020-11-03 09:30:10.470,3.334,11000
2020-11-03 09:30:10.470,3.334,1200
2020-11-03 09:30:10.470,3.334,100
2020-11-03 09:30:10.470,3.334,20000
2020-11-03 09:30:10.470,3.334,30000
2020-11-03 09:30:10.470,3.334,50000
2020-11-03 09:30:10.470,3.334,3000
2020-11-03 09:30:10.470,3.334,1400
2020-11-03 09:30:10.470,3.334,1000
2020-11-03 09:30:10.470,3.334,10000
2020-11-03 09:30:10.470,3.334,11000
2020-11-03 09:30:10.470,3.334,68200
2020-11-03 09:30:10.470,3.334,49300
2020-11-03 09:30:10.470,3.333,2500
2020-11-03 09:30:10.600,3.333,1900
2020-11-03 09:30:10.730,3.332,100
2020-11-03 09:30:10.730,3.334,42400
2020-11-03 09:30:10.730,3.334,11000
2020-11-03 09:30:10.730,3.334,5000
2020-11-03 09:30:10.730,3.334,10000
2020-11-03 09:30:10.730,3.335,100
2020-11-03 09:30:10.730,3.335,100
2020-11-03 09:30:10.730,3.335,10000
2020-11-03 09:30:10.730,3.335,10000
2020-11-03 09:30:10.730,3.335,100
2020-11-03 09:30:10.730,3.335,200
2020-11-03 09:30:10.730,3.335,10000
2020-11-03 09:30:10.730,3.335,1000
2020-11-03 09:30:10.860,3.331,3000
2020-11-03 09:30:10.860,3.331,100
2020-11-03 09:30:10.860,3.331,2900
2020-11-03 09:30:10.860,3.332,16900
2020-11-03 09:30:10.860,3.332,10000
2020-11-03 09:30:11.310,3.332,3000
2020-11-03 09:30:11.310,3.335,1000
2020-11-03 09:30:11.310,3.335,2000
2020-11-03 09:30:11.310,3.335,8000
2020-11-03 09:30:11.310,3.335,2000
2020-11-03 09:30:11.310,3.335,11000
2020-11-03 09:30:11.310,3.335,1000
2020-11-03 09:30:11.310,3.335,3000
2020-11-03 09:30:11.310,3.335,10000
2020-11-03 09:30:11.310,3.335,5000
2020-11-03 09:30:11.310,3.335,100000
2020-11-03 09:30:11.310,3.335,150300
2020-11-03 09:30:11.310,3.335,6700
2020-11-03 09:30:11.550,3.332,12000
2020-11-03 09:30:11.840,3.335,18300
2020-11-03 09:30:11.840,3.335,3000
2020-11-03 09:30:11.840,3.335,12200
2020-11-03 09:30:11.840,3.335,10000
2020-11-03 09:30:11.840,3.335,10000
2020-11-03 09:30:11.840,3.335,26300
2020-11-03 09:30:11.840,3.335,4800
2020-11-03 09:30:11.840,3.335,23100
2020-11-03 09:30:11.840,3.335,10000
2020-11-03 09:30:11.840,3.335,1800
2020-11-03 09:30:11.840,3.335,10000
2020-11-03 09:30:11.840,3.335,5500
2020-11-03 09:30:11.840,3.335,900
2020-11-03 09:30:11.840,3.335,10000
2020-11-03 09:30:11.840,3.335,3400
2020-11-03 09:30:11.840,3.335,1000
2020-11-03 09:30:11.840,3.335,1000
2020-11-03 09:30:11.840,3.335,29500
2020-11-03 09:30:11.840,3.335,5000
2020-11-03 09:30:11.840,3.335,6000
2020-11-03 09:30:11.840,3.335,1200
2020-11-03 09:30:11.840,3.335,200
2020-11-03 09:30:11.840,3.335,2800
2020-11-03 09:30:11.970,3.336,2000
2020-11-03 09:30:11.970,3.336,100
2020-11-03 09:30:11.970,3.336,200
2020-11-03 09:30:11.970,3.336,1200
2020-11-03 09:30:11.970,3.336,11000
2020-11-03 09:30:11.970,3.336,600
2020-11-03 09:30:11.970,3.336,4500
2020-11-03 09:30:11.970,3.336,1000
2020-11-03 09:30:11.970,3.336,3000
2020-11-03 09:30:11.970,3.336,40000
2020-11-03 09:30:11.970,3.336,10000
2020-11-03 09:30:11.970,3.336,1000
2020-11-03 09:30:11.970,3.336,14900
2020-11-03 09:30:11.970,3.336,210500
2020-11-03 09:30:11.970,3.336,100000
2020-11-03 09:30:12.080,3.335,23000
2020-11-03 09:30:12.230,3.335,20000
2020-11-03 09:30:12.230,3.335,3300
2020-11-03 09:30:12.230,3.336,30000
2020-11-03 09:30:12.230,3.335,200
2020-11-03 09:30:12.330,3.336,30000
2020-11-03 09:30:12.330,3.336,30000
2020-11-03 09:30:12.330,3.336,40000
2020-11-03 09:30:12.450,3.335,3000
2020-11-03 09:30:12.580,3.335,300
2020-11-03 09:30:12.680,3.335,300
2020-11-03 09:30:12.870,3.335,4500
2020-11-03 09:30:12.870,3.335,1000
2020-11-03 09:30:12.870,3.335,20000
2020-11-03 09:30:13.060,3.335,1000
2020-11-03 09:30:13.180,3.335,27400
2020-11-03 09:30:13.180,3.335,40000
2020-11-03 09:30:13.180,3.335,28400
2020-11-03 09:30:13.180,3.335,100
2020-11-03 09:30:13.430,3.336,500
2020-11-03 09:30:13.430,3.335,3000
2020-11-03 09:30:13.540,3.335,100
2020-11-03 09:30:13.740,3.335,1800
2020-11-03 09:30:13.740,3.335,100
2020-11-03 09:30:13.850,3.335,5000
2020-11-03 09:30:13.850,3.335,3000
2020-11-03 09:30:14.010,3.336,188800
2020-11-03 09:30:14.010,3.336,6000
2020-11-03 09:30:14.010,3.336,1000
2020-11-03 09:30:14.010,3.336,5900
2020-11-03 09:30:14.010,3.336,23300
2020-11-03 09:30:14.010,3.336,5800
2020-11-03 09:30:14.010,3.336,3000
2020-11-03 09:30:14.010,3.336,66200
2020-11-03 09:30:14.240,3.335,7000
2020-11-03 09:30:14.240,3.336,30000
2020-11-03 09:30:14.240,3.335,500
2020-11-03 09:30:14.460,3.335,12000
2020-11-03 09:30:14.460,3.335,16900
2020-11-03 09:30:14.460,3.335,300
2020-11-03 09:30:14.700,3.335,100
2020-11-03 09:30:14.700,3.335,8500
2020-11-03 09:30:14.820,3.335,3000
2020-11-03 09:30:14.940,3.335,100
2020-11-03 09:30:15.210,3.335,5000
2020-11-03 09:30:15.310,3.335,800
2020-11-03 09:30:15.310,3.336,300
2020-11-03 09:30:15.310,3.335,300
2020-11-03 09:30:15.390,3.335,20000
2020-11-03 09:30:15.500,3.335,5000
2020-11-03 09:30:15.780,3.335,300
2020-11-03 09:30:15.780,3.335,15300
2020-11-03 09:30:15.910,3.335,3000
2020-11-03 09:30:16.030,3.335,3100
2020-11-03 09:30:16.030,3.336,100000
2020-11-03 09:30:16.030,3.336,99600
2020-11-03 09:30:16.280,3.335,10000
2020-11-03 09:30:16.280,3.335,100
2020-11-03 09:30:16.370,3.335,1000
2020-11-03 09:30:16.490,3.335,500
2020-11-03 09:30:16.670,3.335,3300
2020-11-03 09:30:16.670,3.335,200
2020-11-03 09:30:16.850,3.335,2600
2020-11-03 09:30:16.850,3.335,53900
2020-11-03 09:30:16.850,3.335,2400
2020-11-03 09:30:16.850,3.336,103900
2020-11-03 09:30:16.850,3.336,400
2020-11-03 09:30:16.850,3.336,5000
2020-11-03 09:30:16.850,3.336,1000
2020-11-03 09:30:17.120,3.336,3800
2020-11-03 09:30:17.630,3.336,95000
2020-11-03 09:30:17.660,3.337,200
2020-11-03 09:30:17.860,3.336,500
2020-11-03 09:30:17.860,3.336,50000
2020-11-03 09:30:17.890,3.336,23300
2020-11-03 09:30:18.160,3.337,200
2020-11-03 09:30:18.160,3.337,300
2020-11-03 09:30:18.160,3.337,100
2020-11-03 09:30:18.160,3.337,10000
2020-11-03 09:30:18.160,3.337,1000
2020-11-03 09:30:18.160,3.337,100
2020-11-03 09:30:18.160,3.337,4800
2020-11-03 09:30:18.160,3.337,10000
2020-11-03 09:30:18.160,3.337,11000
2020-11-03 09:30:18.160,3.337,100
2020-11-03 09:30:18.160,3.337,3400
2020-11-03 09:30:18.160,3.337,3000
2020-11-03 09:30:18.160,3.337,3000
2020-11-03 09:30:18.160,3.337,20000
2020-11-03 09:30:18.160,3.337,5000
2020-11-03 09:30:18.160,3.337,72100
2020-11-03 09:30:18.160,3.337,30000
2020-11-03 09:30:18.160,3.337,101900
2020-11-03 09:30:18.160,3.337,3300
2020-11-03 09:30:18.160,3.337,500
2020-11-03 09:30:18.160,3.337,300
2020-11-03 09:30:18.340,3.337,1400
2020-11-03 09:30:18.790,3.337,1500
2020-11-03 09:30:18.900,3.337,200
2020-11-03 09:30:19.150,3.337,2000
2020-11-03 09:30:19.420,3.337,14800
2020-11-03 09:30:19.420,3.336,15200
2020-11-03 09:30:19.480,3.336,1900
2020-11-03 09:30:19.480,3.336,100
2020-11-03 09:30:19.580,3.336,200
2020-11-03 09:30:19.650,3.336,9200
2020-11-03 09:30:19.650,3.335,800
2020-11-03 09:30:20.490,3.335,300000
2020-11-03 09:30:20.490,3.335,300000
2020-11-03 09:30:20.520,3.335,300000
2020-11-03 09:30:21.030,3.335,100000
2020-11-03 09:30:21.330,3.335,4500
2020-11-03 09:30:23.210,3.336,18700
2020-11-03 09:30:23.380,3.336,14000
2020-11-03 09:30:23.600,3.337,9000
2020-11-03 09:30:23.600,3.337,100000
2020-11-03 09:30:23.810,3.337,4000
2020-11-03 09:30:24.010,3.337,400
2020-11-03 09:30:24.110,3.338,7400
2020-11-03 09:30:24.110,3.338,100
2020-11-03 09:30:24.110,3.338,300
2020-11-03 09:30:24.110,3.338,600
2020-11-03 09:30:24.110,3.338,500
2020-11-03 09:30:24.110,3.338,3000
2020-11-03 09:30:24.110,3.338,5000
2020-11-03 09:30:24.110,3.338,10000
2020-11-03 09:30:24.110,3.338,2000
2020-11-03 09:30:24.110,3.338,1200
2020-11-03 09:30:24.110,3.338,11000
2020-11-03 09:30:24.110,3.338,30000
2020-11-03 09:30:24.110,3.338,1500
2020-11-03 09:30:24.110,3.338,5000
2020-11-03 09:30:24.110,3.338,2000
2020-11-03 09:30:24.110,3.338,3000
2020-11-03 09:30:24.110,3.338,200
2020-11-03 09:30:24.110,3.338,103200
2020-11-03 09:30:24.110,3.338,19100
2020-11-03 09:30:24.110,3.338,3000
2020-11-03 09:30:24.110,3.338,1000
2020-11-03 09:30:24.110,3.338,1000
2020-11-03 09:30:24.110,3.338,800
2020-11-03 09:30:24.110,3.338,3000
2020-11-03 09:30:24.110,3.338,86100
2020-11-03 09:30:24.180,3.337,12400
2020-11-03 09:30:24.580,3.337,1000
2020-11-03 09:30:24.680,3.337,10000
2020-11-03 09:30:24.680,3.337,2500
2020-11-03 09:30:24.710,3.337,2000
2020-11-03 09:30:25.030,3.337,200
2020-11-03 09:30:25.370,3.336,2800
2020-11-03 09:30:25.370,3.335,4500
2020-11-03 09:30:25.990,3.337,9000
2020-11-03 09:30:26.100,3.338,215900
2020-11-03 09:30:26.100,3.338,10500
2020-11-03 09:30:26.100,3.338,200
2020-11-03 09:30:26.100,3.338,2400
2020-11-03 09:30:26.100,3.338,1000
2020-11-03 09:30:26.100,3.338,3000
2020-11-03 09:30:26.100,3.339,10000
2020-11-03 09:30:26.100,3.339,11000
2020-11-03 09:30:26.100,3.339,100
2020-11-03 09:30:26.100,3.339,10000
2020-11-03 09:30:26.100,3.339,5000
2020-11-03 09:30:26.100,3.339,11100
2020-11-03 09:30:26.100,3.339,1000
2020-11-03 09:30:26.100,3.339,300
2020-11-03 09:30:26.100,3.339,700
2020-11-03 09:30:26.100,3.339,5000
2020-11-03 09:30:26.100,3.339,1000
2020-11-03 09:30:26.100,3.339,11000
2020-11-03 09:30:26.100,3.339,800
2020-11-03 09:30:26.380,3.336,20000
2020-11-03 09:30:27.050,3.338,10000
2020-11-03 09:30:27.050,3.338,20000
2020-11-03 09:30:27.150,3.339,3200
2020-11-03 09:30:27.150,3.339,6800
2020-11-03 09:30:27.300,3.338,5900
2020-11-03 09:30:28.120,3.339,93200
2020-11-03 09:30:28.120,3.339,3000
2020-11-03 09:30:28.120,3.339,100000
2020-11-03 09:30:28.120,3.339,7500
2020-11-03 09:30:28.120,3.339,10000
2020-11-03 09:30:28.120,3.339,400
2020-11-03 09:30:28.120,3.339,2000
2020-11-03 09:30:28.120,3.339,200
2020-11-03 09:30:28.120,3.339,5000
2020-11-03 09:30:28.120,3.339,20000
2020-11-03 09:30:28.120,3.339,5000
2020-11-03 09:30:28.120,3.339,300
2020-11-03 09:30:28.120,3.34,2000
2020-11-03 09:30:28.120,3.34,6200
2020-11-03 09:30:28.120,3.34,1500
2020-11-03 09:30:28.120,3.34,100
2020-11-03 09:30:28.120,3.34,10000
2020-11-03 09:30:28.120,3.34,200
2020-11-03 09:30:28.120,3.34,10000
2020-11-03 09:30:28.120,3.34,5000
2020-11-03 09:30:28.120,3.34,200
2020-11-03 09:30:28.120,3.34,10100
2020-11-03 09:30:28.120,3.34,8100
2020-11-03 09:30:28.470,3.338,10000
2020-11-03 09:30:28.570,3.338,25000
2020-11-03 09:30:29.000,3.338,148700
2020-11-03 09:30:29.650,3.338,100
2020-11-03 09:30:29.710,3.338,4500
2020-11-03 09:30:30.000,3.338,6000
2020-11-03 09:30:30.090,3.34,18400
2020-11-03 09:30:30.090,3.34,10000
2020-11-03 09:30:30.090,3.34,10000
2020-11-03 09:30:30.090,3.34,2000
2020-11-03 09:30:30.090,3.34,100
2020-11-03 09:30:30.090,3.34,10000
2020-11-03 09:30:30.090,3.34,20000
2020-11-03 09:30:30.090,3.34,10000
2020-11-03 09:30:30.090,3.34,3000
2020-11-03 09:30:30.090,3.34,6000
2020-11-03 09:30:30.090,3.34,10000
2020-11-03 09:30:30.090,3.34,10000
2020-11-03 09:30:30.090,3.34,3000
2020-11-03 09:30:30.090,3.34,11000
2020-11-03 09:30:30.090,3.34,152100
2020-11-03 09:30:30.090,3.34,3000
2020-11-03 09:30:30.090,3.34,3000
2020-11-03 09:30:30.090,3.34,18400
2020-11-03 09:30:30.870,3.338,300
2020-11-03 09:30:30.940,3.338,1500
2020-11-03 09:30:31.070,3.338,200
2020-11-03 09:30:31.070,3.338,10000
2020-11-03 09:30:31.280,3.338,6900
2020-11-03 09:30:31.380,3.338,4000
2020-11-03 09:30:31.450,3.338,300
2020-11-03 09:30:31.480,3.338,3100
2020-11-03 09:30:31.510,3.339,3000
2020-11-03 09:30:31.510,3.339,3600
2020-11-03 09:30:31.670,3.338,400
2020-11-03 09:30:32.520,3.34,500
2020-11-03 09:30:33.150,3.339,15300
2020-11-03 09:30:33.390,3.339,20000
2020-11-03 09:30:33.430,3.34,300
2020-11-03 09:30:33.430,3.339,100
2020-11-03 09:30:33.690,3.339,3100
2020-11-03 09:30:33.730,3.339,6600
2020-11-03 09:30:33.730,3.338,42200
2020-11-03 09:30:35.090,3.338,900
2020-11-03 09:30:35.090,3.338,6600
2020-11-03 09:30:35.290,3.338,600
2020-11-03 09:30:35.610,3.338,22800
2020-11-03 09:30:35.610,3.338,5600
2020-11-03 09:30:35.610,3.338,1500
2020-11-03 09:30:35.610,3.338,15400
2020-11-03 09:30:35.610,3.337,30000
2020-11-03 09:30:35.610,3.337,165800
2020-11-03 09:30:35.670,3.337,5000
2020-11-03 09:30:35.670,3.337,14900
2020-11-03 09:30:35.990,3.337,22800
2020-11-03 09:30:36.710,3.337,1000
2020-11-03 09:30:38.550,3.337,55400
2020-11-03 09:30:38.710,3.338,5900
2020-11-03 09:30:39.120,3.338,13600
2020-11-03 09:30:39.120,3.338,6600
2020-11-03 09:30:40.750,3.338,3400
2020-11-03 09:30:40.750,3.338,1500
2020-11-03 09:30:40.750,3.338,2900
2020-11-03 09:30:40.750,3.338,12200
2020-11-03 09:30:40.750,3.338,200
2020-11-03 09:30:40.750,3.338,3000
2020-11-03 09:30:40.750,3.338,1000
2020-11-03 09:30:41.150,3.339,7400
2020-11-03 09:30:41.550,3.338,5000
2020-11-03 09:30:41.580,3.338,5000
2020-11-03 09:30:41.610,3.338,10000
2020-11-03 09:30:41.740,3.338,3500
2020-11-03 09:30:42.190,3.338,35800
2020-11-03 09:30:42.410,3.339,5000
2020-11-03 09:30:42.410,3.337,9800
2020-11-03 09:30:42.600,3.338,500
2020-11-03 09:30:43.410,3.337,900
2020-11-03 09:30:43.800,3.337,5000
2020-11-03 09:30:44.000,3.338,10000
2020-11-03 09:30:44.070,3.337,200
2020-11-03 09:30:44.070,3.337,100
2020-11-03 09:30:44.520,3.337,10000
2020-11-03 09:30:45.530,3.337,5000
2020-11-03 09:30:46.250,3.337,4100
2020-11-03 09:30:46.250,3.337,295900
2020-11-03 09:30:46.270,3.338,1000
2020-11-03 09:30:46.270,3.337,4100
2020-11-03 09:30:46.800,3.337,2900
2020-11-03 09:30:47.260,3.336,3000
2020-11-03 09:30:47.260,3.336,18400
2020-11-03 09:30:47.260,3.336,5700
2020-11-03 09:30:47.260,3.336,30000
2020-11-03 09:30:47.260,3.335,600
2020-11-03 09:30:47.260,3.335,100000
2020-11-03 09:30:47.260,3.335,9000
2020-11-03 09:30:47.390,3.337,41300
2020-11-03 09:30:48.170,3.336,100
2020-11-03 09:30:48.170,3.335,51000
2020-11-03 09:30:48.170,3.335,20000
2020-11-03 09:30:49.330,3.334,1100
2020-11-03 09:30:49.330,3.334,2000
2020-11-03 09:30:49.330,3.334,80200
2020-11-03 09:30:49.820,3.334,15800
2020-11-03 09:30:49.820,3.335,30000
2020-11-03 09:30:50.310,3.334,500
2020-11-03 09:30:52.290,3.336,3000
2020-11-03 09:30:52.800,3.335,66900
2020-11-03 09:30:53.600,3.334,6000
2020-11-03 09:30:53.760,3.334,100
2020-11-03 09:30:55.250,3.334,3000
2020-11-03 09:30:55.730,3.336,10000
2020-11-03 09:30:55.950,3.334,1600
2020-11-03 09:30:56.060,3.334,1400
2020-11-03 09:30:56.190,3.335,2900
2020-11-03 09:30:56.290,3.336,10000
2020-11-03 09:30:56.290,3.336,10000
2020-11-03 09:30:56.390,3.336,10000
2020-11-03 09:30:56.680,3.335,1000
2020-11-03 09:30:56.710,3.336,1100
2020-11-03 09:30:56.900,3.336,38900
2020-11-03 09:30:57.620,3.336,100
2020-11-03 09:30:58.000,3.336,500
2020-11-03 09:30:58.070,3.336,1000
2020-11-03 09:30:58.230,3.336,62700
2020-11-03 09:30:58.230,3.336,3400
2020-11-03 09:30:58.550,3.336,1500
2020-11-03 09:30:59.390,3.336,4000
2020-11-03 09:30:59.570,3.336,2000
2020-11-03 09:30:59.600,3.336,10000
2020-11-03 09:30:59.990,3.336,5000
2020-11-03 09:31:00.110,3.336,7000
2020-11-03 09:31:00.240,3.337,1700
2020-11-03 09:31:00.240,3.337,300
2020-11-03 09:31:00.540,3.336,163900
2020-11-03 09:31:00.540,3.336,28700
2020-11-03 09:31:00.540,3.336,707400
2020-11-03 09:31:00.930,3.336,199900
2020-11-03 09:31:00.960,3.335,10000
2020-11-03 09:31:01.930,3.336,300000
2020-11-03 09:31:02.000,3.335,4000
2020-11-03 09:31:02.580,3.335,2000
2020-11-03 09:31:02.580,3.335,2800
2020-11-03 09:31:03.210,3.336,30000
2020-11-03 09:31:03.210,3.335,1000
2020-11-03 09:31:03.800,3.335,15000
2020-11-03 09:31:04.250,3.336,10000
2020-11-03 09:31:04.520,3.335,41200
2020-11-03 09:31:04.520,3.335,20000
2020-11-03 09:31:04.520,3.335,20800
2020-11-03 09:31:04.940,3.335,4100
2020-11-03 09:31:05.380,3.335,100
2020-11-03 09:31:06.240,3.336,220500
2020-11-03 09:31:06.240,3.336,5000
2020-11-03 09:31:06.240,3.336,22500
2020-11-03 09:31:06.240,3.336,9000
2020-11-03 09:31:06.240,3.336,1800
2020-11-03 09:31:06.240,3.336,4500
2020-11-03 09:31:06.240,3.336,10000
2020-11-03 09:31:06.240,3.336,2000
2020-11-03 09:31:06.240,3.336,200
2020-11-03 09:31:06.240,3.336,5000
2020-11-03 09:31:06.240,3.336,19500
2020-11-03 09:31:06.500,3.335,5000
2020-11-03 09:31:06.500,3.335,8800
2020-11-03 09:31:06.670,3.336,25800
2020-11-03 09:31:06.670,3.336,1000
2020-11-03 09:31:06.670,3.337,9700
2020-11-03 09:31:06.670,3.337,10000
2020-11-03 09:31:06.670,3.337,23000
2020-11-03 09:31:06.670,3.337,10000
2020-11-03 09:31:06.670,3.337,3700
2020-11-03 09:31:06.670,3.337,29200
2020-11-03 09:31:06.900,3.337,4600
2020-11-03 09:31:06.900,3.337,2000
2020-11-03 09:31:07.090,3.337,5500
2020-11-03 09:31:07.090,3.337,100
2020-11-03 09:31:07.090,3.337,1000
2020-11-03 09:31:07.090,3.337,500
2020-11-03 09:31:07.090,3.337,200
2020-11-03 09:31:07.090,3.337,4500
2020-11-03 09:31:07.090,3.337,288200
2020-11-03 09:31:07.350,3.336,6000
2020-11-03 09:31:07.480,3.336,7000
2020-11-03 09:31:07.640,3.336,1200
2020-11-03 09:31:07.980,3.336,10000
2020-11-03 09:31:08.140,3.336,41400
2020-11-03 09:31:08.460,3.336,30000
2020-11-03 09:31:09.090,3.337,5000
2020-11-03 09:31:09.450,3.337,9000
2020-11-03 09:31:09.810,3.337,3000
2020-11-03 09:31:09.980,3.337,30700
2020-11-03 09:31:10.050,3.337,100000
2020-11-03 09:31:10.140,3.337,1000
2020-11-03 09:31:10.260,3.337,117400
2020-11-03 09:31:10.710,3.337,100
2020-11-03 09:31:11.060,3.338,4500
2020-11-03 09:31:11.060,3.338,2000
2020-11-03 09:31:11.060,3.338,10700
2020-11-03 09:31:11.060,3.338,10000
2020-11-03 09:31:11.060,3.338,1000
2020-11-03 09:31:11.060,3.338,10000
2020-11-03 09:31:11.060,3.338,10000
2020-11-03 09:31:11.060,3.338,70700
2020-11-03 09:31:11.060,3.338,5000
2020-11-03 09:31:11.060,3.338,3000
2020-11-03 09:31:11.060,3.338,1300
2020-11-03 09:31:11.060,3.338,4500
2020-11-03 09:31:11.060,3.338,110000
2020-11-03 09:31:11.060,3.338,50000
2020-11-03 09:31:11.060,3.338,19900
2020-11-03 09:31:11.060,3.338,10000
2020-11-03 09:31:11.060,3.338,100
2020-11-03 09:31:11.060,3.338,10000
2020-11-03 09:31:11.060,3.338,10000
2020-11-03 09:31:11.060,3.338,5000
2020-11-03 09:31:11.060,3.338,10000
2020-11-03 09:31:11.060,3.338,8000
2020-11-03 09:31:11.060,3.338,2000
2020-11-03 09:31:11.060,3.338,41400
2020-11-03 09:31:11.060,3.338,2000
2020-11-03 09:31:11.060,3.338,30500
2020-11-03 09:31:11.060,3.338,3000
2020-11-03 09:31:11.060,3.338,10000
2020-11-03 09:31:11.060,3.338,1000
2020-11-03 09:31:11.060,3.338,31400
2020-11-03 09:31:11.060,3.338,12900
2020-11-03 09:31:11.130,3.338,10000
2020-11-03 09:31:11.260,3.338,7500
2020-11-03 09:31:11.300,3.338,3000
2020-11-03 09:31:11.890,3.338,600
2020-11-03 09:31:11.960,3.339,100
2020-11-03 09:31:12.020,3.339,100
2020-11-03 09:31:12.020,3.339,100
2020-11-03 09:31:12.020,3.339,100
2020-11-03 09:31:12.020,3.339,100
2020-11-03 09:31:12.020,3.339,100
2020-11-03 09:31:12.020,3.339,100
2020-11-03 09:31:12.080,3.339,100
2020-11-03 09:31:12.080,3.339,100
2020-11-03 09:31:12.080,3.339,100
2020-11-03 09:31:12.080,3.339,100
2020-11-03 09:31:12.080,3.339,100
2020-11-03 09:31:12.080,3.339,100
2020-11-03 09:31:12.080,3.339,100
2020-11-03 09:31:12.080,3.339,100
2020-11-03 09:31:12.110,3.339,100
2020-11-03 09:31:12.110,3.339,100
2020-11-03 09:31:12.110,3.339,100
2020-11-03 09:31:12.110,3.339,100
2020-11-03 09:31:12.110,3.339,100
2020-11-03 09:31:12.150,3.339,100
2020-11-03 09:31:12.150,3.339,100
2020-11-03 09:31:12.150,3.339,100
2020-11-03 09:31:12.150,3.339,100
2020-11-03 09:31:12.150,3.339,100
2020-11-03 09:31:12.210,3.339,100
2020-11-03 09:31:12.210,3.339,100
2020-11-03 09:31:12.250,3.339,100
2020-11-03 09:31:12.250,3.339,100
2020-11-03 09:31:12.250,3.339,100
2020-11-03 09:31:12.250,3.339,100
2020-11-03 09:31:12.320,3.339,100
2020-11-03 09:31:12.320,3.339,100
2020-11-03 09:31:12.320,3.339,100
2020-11-03 09:31:12.320,3.339,100
2020-11-03 09:31:12.320,3.339,100
2020-11-03 09:31:12.320,3.339,100
2020-11-03 09:31:12.320,3.339,100
2020-11-03 09:31:12.320,3.339,100
2020-11-03 09:31:12.390,3.339,100
2020-11-03 09:31:12.390,3.339,100
2020-11-03 09:31:12.420,3.339,100
2020-11-03 09:31:12.450,3.339,100
2020-11-03 09:31:12.450,3.339,100
2020-11-03 09:31:12.450,3.339,100
2020-11-03 09:31:12.450,3.339,100
2020-11-03 09:31:12.520,3.338,50000
2020-11-03 09:31:12.550,3.339,100
2020-11-03 09:31:12.550,3.339,100
2020-11-03 09:31:12.550,3.339,100
2020-11-03 09:31:12.550,3.339,100
2020-11-03 09:31:12.550,3.339,100
2020-11-03 09:31:12.620,3.339,100
2020-11-03 09:31:12.620,3.339,100
2020-11-03 09:31:12.620,3.339,100
2020-11-03 09:31:12.620,3.339,100
2020-11-03 09:31:12.620,3.339,100
2020-11-03 09:31:12.620,3.339,100
2020-11-03 09:31:12.620,3.339,100
2020-11-03 09:31:12.620,3.339,100
2020-11-03 09:31:12.660,3.338,20000
2020-11-03 09:31:12.660,3.339,100
2020-11-03 09:31:12.660,3.339,100
2020-11-03 09:31:12.660,3.339,100
2020-11-03 09:31:12.720,3.339,100
2020-11-03 09:31:12.720,3.339,100
2020-11-03 09:31:12.720,3.339,100
2020-11-03 09:31:12.720,3.339,100
2020-11-03 09:31:12.750,3.339,100
2020-11-03 09:31:12.750,3.339,100
2020-11-03 09:31:12.750,3.339,100
2020-11-03 09:31:12.750,3.339,100
2020-11-03 09:31:12.820,3.339,100
2020-11-03 09:31:12.820,3.339,100
2020-11-03 09:31:12.820,3.339,100
2020-11-03 09:31:12.850,3.339,100
2020-11-03 09:31:12.850,3.339,100
2020-11-03 09:31:12.910,3.339,100
2020-11-03 09:31:12.910,3.339,100
2020-11-03 09:31:12.910,3.339,100
2020-11-03 09:31:12.910,3.339,100
2020-11-03 09:31:12.940,3.339,5300
2020-11-03 09:31:12.940,3.339,3000
2020-11-03 09:31:12.940,3.339,1500
2020-11-03 09:31:12.940,3.339,7200
2020-11-03 09:31:12.940,3.339,1500
2020-11-03 09:31:12.940,3.339,3000
2020-11-03 09:31:12.940,3.339,1500
2020-11-03 09:31:12.980,3.339,100
2020-11-03 09:31:12.980,3.339,100
2020-11-03 09:31:12.980,3.339,100
2020-11-03 09:31:13.010,3.339,100
2020-11-03 09:31:13.010,3.339,100
2020-11-03 09:31:13.010,3.339,100
2020-11-03 09:31:13.040,3.338,10000
2020-11-03 09:31:13.080,3.339,100
2020-11-03 09:31:13.080,3.339,100
2020-11-03 09:31:13.110,3.339,100
2020-11-03 09:31:13.110,3.339,100
2020-11-03 09:31:13.110,3.339,100
2020-11-03 09:31:13.110,3.339,100
2020-11-03 09:31:13.110,3.339,100
2020-11-03 09:31:13.110,3.339,100
2020-11-03 09:31:13.180,3.339,100
2020-11-03 09:31:13.180,3.339,100
2020-11-03 09:31:13.180,3.339,100
2020-11-03 09:31:13.180,3.339,100
2020-11-03 09:31:13.210,3.339,100
2020-11-03 09:31:13.210,3.339,100
2020-11-03 09:31:13.210,3.339,100
2020-11-03 09:31:13.440,3.339,900
2020-11-03 09:31:13.440,3.339,41300
2020-11-03 09:31:13.440,3.339,3000
2020-11-03 09:31:13.440,3.339,254800
2020-11-03 09:31:13.480,3.338,3000
2020-11-03 09:31:13.940,3.338,3000
2020-11-03 09:31:14.190,3.338,700
2020-11-03 09:31:14.480,3.338,1500
2020-11-03 09:31:14.600,3.339,100
2020-11-03 09:31:14.600,3.339,100
2020-11-03 09:31:14.600,3.339,100
2020-11-03 09:31:14.600,3.339,100
2020-11-03 09:31:14.600,3.339,100
2020-11-03 09:31:14.600,3.339,100
2020-11-03 09:31:14.600,3.339,100
2020-11-03 09:31:14.710,3.339,100
2020-11-03 09:31:14.710,3.339,100
2020-11-03 09:31:14.710,3.339,100
2020-11-03 09:31:14.710,3.339,100
2020-11-03 09:31:14.710,3.339,100
2020-11-03 09:31:14.710,3.339,100
2020-11-03 09:31:14.710,3.339,100
2020-11-03 09:31:14.710,3.339,100
2020-11-03 09:31:14.710,3.339,100
2020-11-03 09:31:14.710,3.339,100
2020-11-03 09:31:14.710,3.339,100
2020-11-03 09:31:14.710,3.339,100
2020-11-03 09:31:14.710,3.339,100
2020-11-03 09:31:14.710,3.339,100
2020-11-03 09:31:14.710,3.339,100
2020-11-03 09:31:14.780,3.339,100
2020-11-03 09:31:14.780,3.339,100
2020-11-03 09:31:14.780,3.339,100
2020-11-03 09:31:14.780,3.339,100
2020-11-03 09:31:14.780,3.339,100
2020-11-03 09:31:14.780,3.339,100
2020-11-03 09:31:14.780,3.339,100
2020-11-03 09:31:14.810,3.339,100
2020-11-03 09:31:14.810,3.339,100
2020-11-03 09:31:14.810,3.339,100
2020-11-03 09:31:14.810,3.339,100
2020-11-03 09:31:14.810,3.339,100
2020-11-03 09:31:14.810,3.339,100
2020-11-03 09:31:14.840,3.339,100
2020-11-03 09:31:14.840,3.339,100
2020-11-03 09:31:14.840,3.339,100
2020-11-03 09:31:14.840,3.339,100
2020-11-03 09:31:14.840,3.339,100
2020-11-03 09:31:14.840,3.339,100
2020-11-03 09:31:14.910,3.339,100
2020-11-03 09:31:14.910,3.339,100
2020-11-03 09:31:14.910,3.339,100
2020-11-03 09:31:14.910,3.339,100
2020-11-03 09:31:14.940,3.339,100
2020-11-03 09:31:14.940,3.339,100
2020-11-03 09:31:14.940,3.339,100
2020-11-03 09:31:14.940,3.339,100
2020-11-03 09:31:14.940,3.339,100
2020-11-03 09:31:15.030,3.339,100
2020-11-03 09:31:15.030,3.339,100
2020-11-03 09:31:15.030,3.339,100
2020-11-03 09:31:15.030,3.339,100
2020-11-03 09:31:15.030,3.339,100
2020-11-03 09:31:15.030,3.339,100
2020-11-03 09:31:15.070,3.339,100
2020-11-03 09:31:15.070,3.339,100
2020-11-03 09:31:15.070,3.339,100
2020-11-03 09:31:15.070,3.339,100
2020-11-03 09:31:15.070,3.339,100
2020-11-03 09:31:15.070,3.339,100
2020-11-03 09:31:15.070,3.339,100
2020-11-03 09:31:15.100,3.339,100
2020-11-03 09:31:15.100,3.339,100
2020-11-03 09:31:15.100,3.339,100
2020-11-03 09:31:15.100,3.339,100
2020-11-03 09:31:15.100,3.339,100
2020-11-03 09:31:15.100,3.339,100
2020-11-03 09:31:15.140,3.339,738300
2020-11-03 09:31:15.140,3.339,60000
2020-11-03 09:31:15.140,3.339,5900
2020-11-03 09:31:15.140,3.339,6000
2020-11-03 09:31:15.140,3.339,30000
2020-11-03 09:31:15.140,3.339,59800
2020-11-03 09:31:15.170,3.339,100
2020-11-03 09:31:15.170,3.339,100
2020-11-03 09:31:15.170,3.339,100
2020-11-03 09:31:15.170,3.339,100
2020-11-03 09:31:15.170,3.339,100
2020-11-03 09:31:15.170,3.339,100
2020-11-03 09:31:15.170,3.339,100
2020-11-03 09:31:15.230,3.339,39500
2020-11-03 09:31:15.230,3.339,2000
2020-11-03 09:31:15.230,3.339,5000
2020-11-03 09:31:15.230,3.339,10000
2020-11-03 09:31:15.230,3.339,10000
2020-11-03 09:31:15.230,3.34,100
2020-11-03 09:31:15.230,3.34,100
2020-11-03 09:31:15.230,3.34,100
2020-11-03 09:31:15.230,3.34,100
2020-11-03 09:31:15.260,3.34,100
2020-11-03 09:31:15.260,3.34,100
2020-11-03 09:31:15.260,3.34,100
2020-11-03 09:31:15.260,3.34,100
2020-11-03 09:31:15.330,3.34,100
2020-11-03 09:31:15.330,3.34,100
2020-11-03 09:31:15.330,3.34,100
2020-11-03 09:31:15.330,3.34,100
2020-11-03 09:31:15.330,3.34,100
2020-11-03 09:31:15.400,3.34,100
2020-11-03 09:31:15.400,3.34,100
2020-11-03 09:31:15.400,3.34,100
2020-11-03 09:31:15.400,3.34,100
2020-11-03 09:31:15.400,3.34,100
2020-11-03 09:31:15.400,3.34,100
2020-11-03 09:31:15.400,3.339,700
2020-11-03 09:31:15.430,3.34,100
2020-11-03 09:31:15.430,3.34,100
2020-11-03 09:31:15.430,3.34,100
2020-11-03 09:31:15.430,3.34,100
2020-11-03 09:31:15.430,3.34,100
2020-11-03 09:31:15.530,3.339,232800
2020-11-03 09:31:15.530,3.339,67100
2020-11-03 09:31:15.900,3.339,300000
2020-11-03 09:31:15.900,3.338,700
2020-11-03 09:31:15.900,3.338,200
2020-11-03 09:31:15.990,3.339,11900
2020-11-03 09:31:16.330,3.34,400
2020-11-03 09:31:16.330,3.34,8000
2020-11-03 09:31:16.330,3.34,5000
2020-11-03 09:31:16.330,3.34,10000
2020-11-03 09:31:16.330,3.34,28700
2020-11-03 09:31:16.330,3.34,1400
2020-11-03 09:31:16.330,3.34,3400
2020-11-03 09:31:16.330,3.34,2500
2020-11-03 09:31:16.330,3.34,10000
2020-11-03 09:31:16.330,3.34,50000
2020-11-03 09:31:16.330,3.34,10000
2020-11-03 09:31:16.330,3.34,2000
2020-11-03 09:31:16.330,3.34,300
2020-11-03 09:31:16.330,3.34,100
2020-11-03 09:31:16.330,3.34,100
2020-11-03 09:31:16.330,3.34,700
2020-11-03 09:31:16.330,3.34,100
2020-11-03 09:31:16.330,3.34,15000
2020-11-03 09:31:16.330,3.34,800
2020-11-03 09:31:16.330,3.34,500
2020-11-03 09:31:16.330,3.34,100
2020-11-03 09:31:16.330,3.34,100
2020-11-03 09:31:16.330,3.34,12000
2020-11-03 09:31:16.330,3.34,1000
2020-11-03 09:31:16.330,3.34,500
2020-11-03 09:31:16.330,3.34,5000
2020-11-03 09:31:16.330,3.34,10000
2020-11-03 09:31:16.330,3.34,500
2020-11-03 09:31:16.440,3.34,2000
2020-11-03 09:31:17.060,3.34,9000
2020-11-03 09:31:17.210,3.34,100
2020-11-03 09:31:17.340,3.34,1000
2020-11-03 09:31:17.560,3.34,10000
2020-11-03 09:31:17.650,3.34,900
2020-11-03 09:31:17.650,3.341,4900
2020-11-03 09:31:17.650,3.341,3100
2020-11-03 09:31:17.650,3.341,3100
2020-11-03 09:31:17.650,3.341,3100
2020-11-03 09:31:17.650,3.341,100
2020-11-03 09:31:17.650,3.341,300
2020-11-03 09:31:17.650,3.341,3000
2020-11-03 09:31:17.650,3.341,2000
2020-11-03 09:31:17.650,3.341,600
2020-11-03 09:31:17.650,3.341,500
2020-11-03 09:31:17.650,3.341,5000
2020-11-03 09:31:17.650,3.341,11000
2020-11-03 09:31:17.650,3.341,10000
2020-11-03 09:31:17.650,3.341,5000
2020-11-03 09:31:17.650,3.341,3000
2020-11-03 09:31:17.650,3.341,200
2020-11-03 09:31:17.650,3.341,1000
2020-11-03 09:31:17.740,3.341,1000
2020-11-03 09:31:17.880,3.341,10000
2020-11-03 09:31:18.340,3.341,124100
2020-11-03 09:31:18.730,3.341,9600
2020-11-03 09:31:19.280,3.341,500
2020-11-03 09:31:20.100,3.342,5000
2020-11-03 09:31:20.100,3.342,100
2020-11-03 09:31:20.100,3.342,10000
2020-11-03 09:31:20.100,3.342,2400
2020-11-03 09:31:20.100,3.342,10000
2020-11-03 09:31:20.100,3.342,11000
2020-11-03 09:31:20.100,3.342,3000
2020-11-03 09:31:20.100,3.342,30000
2020-11-03 09:31:20.100,3.342,6000
2020-11-03 09:31:20.100,3.342,5000
2020-11-03 09:31:20.100,3.342,10000
2020-11-03 09:31:20.100,3.342,5000
2020-11-03 09:31:20.100,3.342,6600
2020-11-03 09:31:20.100,3.342,7000
2020-11-03 09:31:20.100,3.342,100
2020-11-03 09:31:20.100,3.342,28600
2020-11-03 09:31:20.100,3.342,5000
2020-11-03 09:31:20.100,3.342,1000
2020-11-03 09:31:20.100,3.342,5000
2020-11-03 09:31:20.480,3.342,1000
2020-11-03 09:31:20.510,3.343,100
2020-11-03 09:31:20.510,3.343,6000
2020-11-03 09:31:20.510,3.343,60000
2020-11-03 09:31:20.510,3.343,50000
2020-11-03 09:31:20.510,3.343,1500
2020-11-03 09:31:20.510,3.343,2000
2020-11-03 09:31:20.510,3.343,180400
2020-11-03 09:31:20.540,3.342,3000
2020-11-03 09:31:20.940,3.342,20000
2020-11-03 09:31:21.780,3.342,1000
2020-11-03 09:31:22.150,3.343,219600
2020-11-03 09:31:22.150,3.343,8000
2020-11-03 09:31:22.150,3.343,5000
2020-11-03 09:31:22.150,3.343,2000
2020-11-03 09:31:22.150,3.343,2000
2020-11-03 09:31:22.150,3.343,2000
2020-11-03 09:31:22.150,3.343,11000
2020-11-03 09:31:22.150,3.343,3000
2020-11-03 09:31:22.150,3.343,2000
2020-11-03 09:31:22.150,3.343,200
2020-11-03 09:31:22.150,3.343,10400
2020-11-03 09:31:22.150,3.343,11000
2020-11-03 09:31:22.150,3.343,3100
2020-11-03 09:31:22.150,3.343,3000
2020-11-03 09:31:22.150,3.343,300
2020-11-03 09:31:22.150,3.343,2300
2020-11-03 09:31:22.150,3.343,3000
2020-11-03 09:31:22.150,3.343,100
2020-11-03 09:31:22.150,3.343,10000
2020-11-03 09:31:22.150,3.343,100
2020-11-03 09:31:22.150,3.343,300
2020-11-03 09:31:22.440,3.344,5000
2020-11-03 09:31:22.440,3.344,100
2020-11-03 09:31:22.440,3.344,200
2020-11-03 09:31:22.440,3.344,5000
2020-11-03 09:31:22.440,3.344,13100
2020-11-03 09:31:22.440,3.344,20000
2020-11-03 09:31:22.440,3.344,2200
2020-11-03 09:31:22.440,3.344,10000
2020-11-03 09:31:22.440,3.344,5000
2020-11-03 09:31:22.440,3.344,11000
2020-11-03 09:31:22.440,3.344,3000
2020-11-03 09:31:22.440,3.344,500
2020-11-03 09:31:22.440,3.344,30000
2020-11-03 09:31:22.440,3.344,300
2020-11-03 09:31:22.440,3.344,6900
2020-11-03 09:31:22.440,3.344,5000
2020-11-03 09:31:22.440,3.344,5600
2020-11-03 09:31:22.440,3.344,1000
2020-11-03 09:31:22.820,3.343,100
2020-11-03 09:31:23.270,3.343,1500
2020-11-03 09:31:23.270,3.343,8500
2020-11-03 09:31:23.470,3.343,20000
2020-11-03 09:31:23.920,3.344,500
2020-11-03 09:31:23.920,3.345,1500
2020-11-03 09:31:23.920,3.345,100
2020-11-03 09:31:23.920,3.345,3000
2020-11-03 09:31:23.920,3.345,9900
2020-11-03 09:31:23.920,3.345,5000
2020-11-03 09:31:23.920,3.345,500
2020-11-03 09:31:23.920,3.345,100
2020-11-03 09:31:23.920,3.345,100
2020-11-03 09:31:23.920,3.345,200
2020-11-03 09:31:23.920,3.345,5000
2020-11-03 09:31:23.920,3.345,500
2020-11-03 09:31:23.920,3.345,35700
2020-11-03 09:31:23.920,3.345,20000
2020-11-03 09:31:23.920,3.345,59000
2020-11-03 09:31:23.920,3.345,700
2020-11-03 09:31:23.920,3.345,100
2020-11-03 09:31:23.920,3.345,5200
2020-11-03 09:31:24.190,3.343,2000
2020-11-03 09:31:24.310,3.343,1500
2020-11-03 09:31:24.380,3.343,10000
2020-11-03 09:31:24.510,3.343,3800
2020-11-03 09:31:24.700,3.343,50000
2020-11-03 09:31:24.960,3.343,5000
2020-11-03 09:31:25.020,3.343,2300
2020-11-03 09:31:25.550,3.343,3000
2020-11-03 09:31:25.590,3.343,2300
2020-11-03 09:31:25.590,3.343,2300
2020-11-03 09:31:25.650,3.343,7500
2020-11-03 09:31:25.710,3.343,5000
2020-11-03 09:31:25.910,3.343,200
2020-11-03 09:31:26.320,3.344,4000
2020-11-03 09:31:26.500,3.343,100000
2020-11-03 09:31:26.940,3.344,300
2020-11-03 09:31:27.000,3.343,10000
2020-11-03 09:31:27.100,3.343,5000
2020-11-03 09:31:27.200,3.343,1500
2020-11-03 09:31:27.200,3.343,4000
2020-11-03 09:31:27.200,3.343,3000
2020-11-03 09:31:27.360,3.343,10000
2020-11-03 09:31:27.560,3.343,5000
2020-11-03 09:31:27.910,3.343,5000
2020-11-03 09:31:28.770,3.343,2000
2020-11-03 09:31:28.990,3.343,200
2020-11-03 09:31:29.020,3.343,6400
2020-11-03 09:31:29.090,3.343,900
2020-11-03 09:31:29.150,3.344,300000
2020-11-03 09:31:29.190,3.343,5000
2020-11-03 09:31:29.450,3.343,9000
2020-11-03 09:31:29.650,3.344,56700
2020-11-03 09:31:29.650,3.344,3000
2020-11-03 09:31:29.650,3.344,300
2020-11-03 09:31:29.650,3.345,5800
2020-11-03 09:31:29.650,3.345,1300
2020-11-03 09:31:29.650,3.345,9100
2020-11-03 09:31:29.650,3.345,150000
2020-11-03 09:31:29.650,3.345,3000
2020-11-03 09:31:29.650,3.345,5000
2020-11-03 09:31:29.650,3.345,500
2020-11-03 09:31:29.650,3.345,100
2020-11-03 09:31:29.650,3.345,4200
2020-11-03 09:31:29.650,3.345,1700
2020-11-03 09:31:29.650,3.345,3000
2020-11-03 09:31:29.650,3.345,20700
2020-11-03 09:31:29.650,3.345,3000
2020-11-03 09:31:29.650,3.345,2000
2020-11-03 09:31:29.650,3.345,900
2020-11-03 09:31:29.650,3.345,1600
2020-11-03 09:31:29.650,3.345,7000
2020-11-03 09:31:29.650,3.345,5000
2020-11-03 09:31:29.650,3.345,10000
2020-11-03 09:31:29.650,3.345,1000
2020-11-03 09:31:29.650,3.345,5100
2020-11-03 09:31:29.810,3.343,3700
2020-11-03 09:31:29.810,3.343,2900
2020-11-03 09:31:30.020,3.343,3000
2020-11-03 09:31:30.220,3.344,5000
2020-11-03 09:31:30.220,3.345,4900
2020-11-03 09:31:30.220,3.345,20000
2020-11-03 09:31:30.220,3.345,100
2020-11-03 09:31:30.220,3.345,100
2020-11-03 09:31:30.220,3.345,40000
2020-11-03 09:31:30.220,3.345,15300
2020-11-03 09:31:30.320,3.345,3000
2020-11-03 09:31:30.450,3.345,5000
2020-11-03 09:31:30.450,3.345,100000
2020-11-03 09:31:30.550,3.345,3000
2020-11-03 09:31:30.630,3.345,103600
2020-11-03 09:31:30.630,3.345,30000
2020-11-03 09:31:30.820,3.343,7700
2020-11-03 09:31:30.930,3.343,3000
2020-11-03 09:31:31.050,3.343,8000
2020-11-03 09:31:31.310,3.343,5000
2020-11-03 09:31:31.470,3.343,500
2020-11-03 09:31:31.510,3.343,1500
2020-11-03 09:31:32.010,3.343,5100
2020-11-03 09:31:32.510,3.343,10000
2020-11-03 09:31:32.510,3.344,5900
2020-11-03 09:31:32.510,3.344,5000
2020-11-03 09:31:32.540,3.344,1500
2020-11-03 09:31:32.600,3.344,100
2020-11-03 09:31:32.710,3.344,12300
2020-11-03 09:31:32.710,3.344,1600
2020-11-03 09:31:32.770,3.344,100
2020-11-03 09:31:32.950,3.344,3100
2020-11-03 09:31:33.020,3.344,1200
2020-11-03 09:31:33.240,3.344,1000
2020-11-03 09:31:33.270,3.344,10000
2020-11-03 09:31:33.310,3.344,200
2020-11-03 09:31:33.610,3.344,38000
2020-11-03 09:31:33.610,3.344,10000
2020-11-03 09:31:34.030,3.343,400
2020-11-03 09:31:34.140,3.343,5000
2020-11-03 09:31:34.200,3.344,700
2020-11-03 09:31:34.230,3.343,4500
2020-11-03 09:31:34.460,3.343,100
2020-11-03 09:31:34.460,3.343,400
2020-11-03 09:31:34.460,3.343,400
2020-11-03 09:31:34.460,3.343,11100
2020-11-03 09:31:34.590,3.343,2000
2020-11-03 09:31:34.810,3.343,100
2020-11-03 09:31:34.810,3.343,8100
2020-11-03 09:31:35.190,3.343,50000
2020-11-03 09:31:35.250,3.344,300
2020-11-03 09:31:35.370,3.343,20000
2020-11-03 09:31:35.440,3.343,1500
2020-11-03 09:31:35.700,3.343,151200
2020-11-03 09:31:36.220,3.343,10000
2020-11-03 09:31:36.630,3.343,2000
2020-11-03 09:31:36.780,3.344,1000
2020-11-03 09:31:36.780,3.344,1000
2020-11-03 09:31:36.780,3.344,3000
2020-11-03 09:31:36.780,3.344,1000
2020-11-03 09:31:36.780,3.344,30000
2020-11-03 09:31:36.780,3.344,3000
2020-11-03 09:31:36.780,3.344,1700
2020-11-03 09:31:36.780,3.344,6100
2020-11-03 09:31:36.780,3.344,22000
2020-11-03 09:31:36.860,3.344,2000
2020-11-03 09:31:37.020,3.343,2500
2020-11-03 09:31:37.080,3.343,25000
2020-11-03 09:31:37.470,3.343,16500
2020-11-03 09:31:39.170,3.343,100100
2020-11-03 09:31:39.360,3.342,200
2020-11-03 09:31:39.620,3.343,48400
2020-11-03 09:31:39.620,3.343,1000
2020-11-03 09:31:39.620,3.343,10000
2020-11-03 09:31:39.620,3.343,4000
2020-11-03 09:31:39.620,3.343,74800
2020-11-03 09:31:39.620,3.343,60000
2020-11-03 09:31:39.620,3.343,77000
2020-11-03 09:31:39.650,3.344,10000
2020-11-03 09:31:39.840,3.344,900
2020-11-03 09:31:40.090,3.344,300000
2020-11-03 09:31:40.130,3.344,127200
2020-11-03 09:31:40.130,3.344,10000
2020-11-03 09:31:40.130,3.344,1000
2020-11-03 09:31:40.130,3.344,1000
2020-11-03 09:31:40.130,3.344,900
2020-11-03 09:31:40.130,3.344,1200
2020-11-03 09:31:40.130,3.344,158700
2020-11-03 09:31:40.380,3.343,100000
2020-11-03 09:31:40.420,3.343,5000
2020-11-03 09:31:40.530,3.343,10800
2020-11-03 09:31:40.790,3.343,5000
2020-11-03 09:31:41.410,3.343,200
2020-11-03 09:31:41.900,3.343,2000
2020-11-03 09:31:41.970,3.344,24900
2020-11-03 09:31:41.970,3.344,4700
2020-11-03 09:31:42.330,3.343,5000
2020-11-03 09:31:42.730,3.344,3000
2020-11-03 09:31:42.860,3.344,12500
2020-11-03 09:31:42.860,3.344,10000
2020-11-03 09:31:42.860,3.344,7500
2020-11-03 09:31:43.090,3.343,2400
2020-11-03 09:31:43.090,3.343,1300
2020-11-03 09:31:43.150,3.344,2500
2020-11-03 09:31:43.150,3.344,3100
2020-11-03 09:31:43.180,3.344,1000
2020-11-03 09:31:43.640,3.344,50000
2020-11-03 09:31:43.830,3.344,50000
2020-11-03 09:31:43.880,3.344,200
2020-11-03 09:31:43.880,3.344,110000
2020-11-03 09:31:44.070,3.344,20000
2020-11-03 09:31:44.070,3.344,4000
2020-11-03 09:31:44.140,3.344,1600
2020-11-03 09:31:44.230,3.344,300
2020-11-03 09:31:44.260,3.344,6500
2020-11-03 09:31:44.360,3.344,21100
2020-11-03 09:31:44.650,3.344,22500
2020-11-03 09:31:44.650,3.343,18700
2020-11-03 09:31:44.650,3.343,13800
2020-11-03 09:31:45.090,3.344,200
2020-11-03 09:31:45.090,3.344,1600
2020-11-03 09:31:45.220,3.344,18400
2020-11-03 09:31:45.220,3.344,5000
2020-11-03 09:31:45.220,3.345,3000
2020-11-03 09:31:45.220,3.345,50000
2020-11-03 09:31:45.220,3.345,30000
2020-11-03 09:31:45.220,3.345,15300
2020-11-03 09:31:45.220,3.345,200
2020-11-03 09:31:45.220,3.345,3100
2020-11-03 09:31:45.220,3.345,5000
2020-11-03 09:31:45.220,3.345,1000
2020-11-03 09:31:45.220,3.345,169000
2020-11-03 09:31:45.420,3.343,500
2020-11-03 09:31:46.090,3.344,30000
2020-11-03 09:31:46.090,3.344,8000
2020-11-03 09:31:46.090,3.344,100
2020-11-03 09:31:46.090,3.344,15000
2020-11-03 09:31:46.090,3.344,10000
2020-11-03 09:31:46.090,3.345,236900
2020-11-03 09:31:47.350,3.343,300
2020-11-03 09:31:48.010,3.344,10400
2020-11-03 09:31:48.010,3.344,3000
2020-11-03 09:31:48.010,3.344,6100
2020-11-03 09:31:48.010,3.344,6000
2020-11-03 09:31:48.010,3.344,19900
2020-11-03 09:31:48.010,3.344,50000
2020-11-03 09:31:48.100,3.344,100000
2020-11-03 09:31:48.190,3.344,12100
2020-11-03 09:31:48.270,3.344,5000
2020-11-03 09:31:48.360,3.344,10000
2020-11-03 09:31:48.460,3.344,2000
2020-11-03 09:31:48.710,3.344,2800
2020-11-03 09:31:49.430,3.344,1000
2020-11-03 09:31:50.060,3.344,1100
2020-11-03 09:31:50.280,3.344,3000
2020-11-03 09:31:50.470,3.344,2500
2020-11-03 09:31:50.470,3.344,15000
2020-11-03 09:31:50.630,3.343,1000
2020-11-03 09:31:50.850,3.343,3000
2020-11-03 09:31:51.320,3.343,1000
2020-11-03 09:31:51.400,3.344,600
2020-11-03 09:31:52.290,3.344,3600
2020-11-03 09:31:53.510,3.344,10000
2020-11-03 09:31:53.770,3.344,18300
2020-11-03 09:31:53.770,3.344,18000
2020-11-03 09:31:53.770,3.344,63700
2020-11-03 09:31:54.050,3.344,3000
2020-11-03 09:31:55.170,3.343,1700
2020-11-03 09:31:55.340,3.343,5000
2020-11-03 09:31:55.340,3.344,20000
2020-11-03 09:31:55.590,3.343,19900
2020-11-03 09:31:55.590,3.343,16700
2020-11-03 09:31:56.230,3.344,700
2020-11-03 09:31:56.420,3.344,4500
2020-11-03 09:31:56.980,3.343,7700
2020-11-03 09:31:57.580,3.343,1500
2020-11-03 09:31:57.680,3.343,185900
2020-11-03 09:31:57.750,3.343,13000
2020-11-03 09:31:58.000,3.344,90900
2020-11-03 09:31:58.000,3.344,5000
2020-11-03 09:31:58.000,3.344,1600
2020-11-03 09:31:58.000,3.344,5000
2020-11-03 09:31:58.000,3.344,30000
2020-11-03 09:31:58.000,3.344,25000
2020-11-03 09:31:58.000,3.344,200
2020-11-03 09:31:58.000,3.344,11800
2020-11-03 09:31:58.000,3.344,2000
2020-11-03 09:31:58.000,3.344,30000
2020-11-03 09:31:58.000,3.344,73500
2020-11-03 09:31:58.000,3.344,3900
2020-11-03 09:31:58.000,3.344,3000
2020-11-03 09:31:58.000,3.344,3000
2020-11-03 09:31:58.000,3.344,300
2020-11-03 09:31:58.000,3.344,14800
2020-11-03 09:31:58.660,3.344,18200
2020-11-03 09:31:58.660,3.344,30000
2020-11-03 09:31:58.660,3.344,1000
2020-11-03 09:31:58.660,3.345,2500
2020-11-03 09:31:58.660,3.345,1000
2020-11-03 09:31:58.660,3.345,5000
2020-11-03 09:31:58.660,3.345,5000
2020-11-03 09:31:58.660,3.345,39500
2020-11-03 09:31:58.660,3.345,200
2020-11-03 09:31:58.660,3.345,1600
2020-11-03 09:31:58.660,3.345,101600
2020-11-03 09:31:58.660,3.345,18000
2020-11-03 09:31:58.660,3.345,76400
2020-11-03 09:31:58.830,3.343,26000
2020-11-03 09:31:59.380,3.343,65500
2020-11-03 09:31:59.510,3.343,2300
2020-11-03 09:31:59.670,3.344,10000
2020-11-03 09:31:59.670,3.345,400
2020-11-03 09:31:59.670,3.345,10000
2020-11-03 09:31:59.670,3.345,2000
2020-11-03 09:31:59.670,3.345,10000
2020-11-03 09:31:59.670,3.345,50000
2020-11-03 09:31:59.670,3.345,217600
2020-11-03 09:31:59.990,3.343,20000
2020-11-03 09:32:00.020,3.343,2000
2020-11-03 09:32:00.250,3.344,4500
2020-11-03 09:32:00.250,3.344,5000
2020-11-03 09:32:00.420,3.343,10000
2020-11-03 09:32:00.630,3.343,22100
2020-11-03 09:32:00.630,3.343,3000
2020-11-03 09:32:00.630,3.343,1000
2020-11-03 09:32:00.630,3.343,3700
2020-11-03 09:32:00.630,3.343,200
2020-11-03 09:32:00.670,3.344,5000
2020-11-03 09:32:00.670,3.344,100
2020-11-03 09:32:00.670,3.344,3200
2020-11-03 09:32:00.670,3.345,276500
2020-11-03 09:32:00.670,3.345,4000
2020-11-03 09:32:00.670,3.345,200
2020-11-03 09:32:00.670,3.345,5000
2020-11-03 09:32:00.670,3.345,6000
2020-11-03 09:32:00.670,3.343,3000
2020-11-03 09:32:00.890,3.344,300
2020-11-03 09:32:01.200,3.344,3300
2020-11-03 09:32:01.330,3.343,4500
2020-11-03 09:32:02.100,3.343,300
2020-11-03 09:32:02.420,3.343,1000
2020-11-03 09:32:02.780,3.343,1000
2020-11-03 09:32:02.780,3.343,3500
2020-11-03 09:32:03.440,3.344,5000
2020-11-03 09:32:03.630,3.344,1400
2020-11-03 09:32:03.630,3.344,1000
2020-11-03 09:32:03.630,3.344,10000
2020-11-03 09:32:03.630,3.344,19500
2020-11-03 09:32:03.630,3.344,30500
2020-11-03 09:32:03.630,3.344,3000
2020-11-03 09:32:03.630,3.344,10000
2020-11-03 09:32:03.630,3.344,11700
2020-11-03 09:32:03.630,3.344,15500
2020-11-03 09:32:03.630,3.344,7100
2020-11-03 09:32:03.630,3.344,5000
2020-11-03 09:32:03.630,3.344,1000
2020-11-03 09:32:03.920,3.345,100
2020-11-03 09:32:03.970,3.344,8000
2020-11-03 09:32:04.020,3.344,4500
2020-11-03 09:32:04.020,3.344,4000
2020-11-03 09:32:04.070,3.344,1000
2020-11-03 09:32:04.140,3.344,3000
2020-11-03 09:32:04.190,3.344,3000
2020-11-03 09:32:04.250,3.344,2500
2020-11-03 09:32:04.440,3.344,5000
2020-11-03 09:32:04.630,3.344,3000
2020-11-03 09:32:04.630,3.344,5600
2020-11-03 09:32:04.770,3.344,9700
2020-11-03 09:32:04.870,3.344,300
2020-11-03 09:32:05.770,3.344,3000
2020-11-03 09:32:05.770,3.344,20000
2020-11-03 09:32:05.810,3.344,10000
2020-11-03 09:32:05.840,3.344,30000
2020-11-03 09:32:05.900,3.344,500
2020-11-03 09:32:05.930,3.344,1000
2020-11-03 09:32:06.250,3.344,200
2020-11-03 09:32:06.250,3.344,800
2020-11-03 09:32:06.290,3.344,1000
2020-11-03 09:32:06.380,3.344,100100
2020-11-03 09:32:06.380,3.344,1400
2020-11-03 09:32:06.380,3.344,27100
2020-11-03 09:32:06.560,3.344,2900
2020-11-03 09:32:07.890,3.344,20000
2020-11-03 09:32:08.010,3.343,5000
2020-11-03 09:32:08.050,3.343,1000
2020-11-03 09:32:08.500,3.344,20000
2020-11-03 09:32:08.500,3.344,1000
2020-11-03 09:32:09.530,3.344,2000
2020-11-03 09:32:09.730,3.344,3600
2020-11-03 09:32:09.850,3.343,500
2020-11-03 09:32:09.850,3.343,4000
2020-11-03 09:32:10.680,3.343,1000
2020-11-03 09:32:10.870,3.343,100
2020-11-03 09:32:11.700,3.344,3500
2020-11-03 09:32:11.700,3.343,4900
2020-11-03 09:32:11.700,3.343,100
2020-11-03 09:32:12.920,3.343,100
2020-11-03 09:32:13.050,3.343,1500
2020-11-03 09:32:13.240,3.344,5800
2020-11-03 09:32:13.440,3.343,17100
2020-11-03 09:32:14.050,3.343,7300
2020-11-03 09:32:14.080,3.344,1200
2020-11-03 09:32:14.080,3.344,3000
2020-11-03 09:32:14.080,3.344,2000
2020-11-03 09:32:14.080,3.344,7000
2020-11-03 09:32:14.080,3.344,200
2020-11-03 09:32:14.080,3.344,4500
2020-11-03 09:32:14.080,3.344,2100
2020-11-03 09:32:14.240,3.343,17100
2020-11-03 09:32:14.450,3.343,56800
2020-11-03 09:32:14.450,3.343,7000
2020-11-03 09:32:14.450,3.343,2300
2020-11-03 09:32:14.580,3.343,3000
2020-11-03 09:32:15.580,3.343,900
2020-11-03 09:32:15.960,3.343,400
2020-11-03 09:32:15.960,3.343,100
2020-11-03 09:32:16.560,3.343,4500
2020-11-03 09:32:16.590,3.343,193000
2020-11-03 09:32:17.240,3.343,300
2020-11-03 09:32:17.420,3.343,600
2020-11-03 09:32:17.480,3.342,300
2020-11-03 09:32:17.480,3.342,400
2020-11-03 09:32:17.880,3.342,6600
2020-11-03 09:32:19.260,3.342,3600
2020-11-03 09:32:20.240,3.342,39800
2020-11-03 09:32:20.240,3.342,1000
2020-11-03 09:32:20.360,3.342,5000
2020-11-03 09:32:21.340,3.342,4100
2020-11-03 09:32:21.560,3.342,23300
2020-11-03 09:32:21.940,3.342,1000
2020-11-03 09:32:22.410,3.342,35000
2020-11-03 09:32:22.670,3.342,14600
2020-11-03 09:32:22.700,3.342,200
2020-11-03 09:32:22.890,3.342,5000
2020-11-03 09:32:23.560,3.343,300000
2020-11-03 09:32:24.200,3.343,300000
2020-11-03 09:32:24.240,3.342,5000
2020-11-03 09:32:24.930,3.342,300
2020-11-03 09:32:25.300,3.342,7000
2020-11-03 09:32:25.630,3.342,20000
2020-11-03 09:32:25.880,3.342,5000
2020-11-03 09:32:25.910,3.343,2000
2020-11-03 09:32:26.120,3.342,100000
2020-11-03 09:32:26.330,3.342,10000
2020-11-03 09:32:26.450,3.342,3000
2020-11-03 09:32:26.540,3.342,4600
2020-11-03 09:32:26.610,3.343,4100
2020-11-03 09:32:26.610,3.343,10000
2020-11-03 09:32:26.610,3.343,5000
2020-11-03 09:32:26.610,3.343,6000
2020-11-03 09:32:26.610,3.343,600
2020-11-03 09:32:26.610,3.343,10000
2020-11-03 09:32:26.610,3.343,300
2020-11-03 09:32:26.610,3.343,4800
2020-11-03 09:32:26.610,3.343,200
2020-11-03 09:32:26.610,3.343,2000
2020-11-03 09:32:26.610,3.343,2000
2020-11-03 09:32:26.610,3.343,1000
2020-11-03 09:32:26.610,3.343,300
2020-11-03 09:32:26.610,3.343,6000
2020-11-03 09:32:26.610,3.343,190500
2020-11-03 09:32:26.660,3.342,7200
2020-11-03 09:32:26.700,3.342,2000
2020-11-03 09:32:27.040,3.342,6900
2020-11-03 09:32:27.040,3.342,13300
2020-11-03 09:32:27.570,3.342,3000
2020-11-03 09:32:28.550,3.341,24300
2020-11-03 09:32:28.710,3.342,1500
2020-11-03 09:32:30.470,3.341,9000
2020-11-03 09:32:30.530,3.341,16700
2020-11-03 09:32:30.530,3.341,3500
2020-11-03 09:32:30.530,3.341,72500
2020-11-03 09:32:31.130,3.342,5000
2020-11-03 09:32:31.130,3.341,5000
2020-11-03 09:32:31.230,3.341,10000
2020-11-03 09:32:31.450,3.342,20300
2020-11-03 09:32:31.450,3.342,10000
2020-11-03 09:32:31.450,3.342,14000
2020-11-03 09:32:31.450,3.342,200
2020-11-03 09:32:31.450,3.342,30000
2020-11-03 09:32:31.450,3.342,8000
2020-11-03 09:32:31.450,3.342,2200
2020-11-03 09:32:31.450,3.342,7900
2020-11-03 09:32:31.450,3.342,2500
2020-11-03 09:32:31.450,3.342,15000
2020-11-03 09:32:31.450,3.342,3000
2020-11-03 09:32:31.450,3.342,100
2020-11-03 09:32:31.570,3.342,33700
2020-11-03 09:32:32.170,3.342,10900
2020-11-03 09:32:32.170,3.343,1500
2020-11-03 09:32:32.420,3.343,58500
2020-11-03 09:32:32.420,3.343,10000
2020-11-03 09:32:32.420,3.343,1000
2020-11-03 09:32:32.420,3.343,16400
2020-11-03 09:32:32.420,3.343,5000
2020-11-03 09:32:32.420,3.343,13400
2020-11-03 09:32:32.420,3.343,20000
2020-11-03 09:32:32.420,3.343,3000
2020-11-03 09:32:32.420,3.343,100
2020-11-03 09:32:32.420,3.343,4100
2020-11-03 09:32:32.420,3.343,600
2020-11-03 09:32:32.420,3.343,10000
2020-11-03 09:32:32.570,3.343,5800
2020-11-03 09:32:32.770,3.343,5000
2020-11-03 09:32:33.200,3.343,10000
2020-11-03 09:32:33.230,3.343,200
2020-11-03 09:32:33.450,3.343,20000
2020-11-03 09:32:33.540,3.343,50000
2020-11-03 09:32:33.710,3.343,100
2020-11-03 09:32:33.710,3.343,41700
2020-11-03 09:32:34.000,3.343,10000
2020-11-03 09:32:34.170,3.343,1000
2020-11-03 09:32:34.450,3.343,5000
2020-11-03 09:32:34.690,3.343,1000
2020-11-03 09:32:34.950,3.343,2000
2020-11-03 09:32:35.200,3.343,2900
2020-11-03 09:32:35.200,3.343,3200
2020-11-03 09:32:35.200,3.343,6800
2020-11-03 09:32:35.430,3.343,10700
2020-11-03 09:32:35.430,3.343,2500
2020-11-03 09:32:35.700,3.342,10000
2020-11-03 09:32:36.630,3.342,2000
2020-11-03 09:32:37.050,3.343,100
2020-11-03 09:32:37.340,3.342,300
2020-11-03 09:32:37.500,3.342,2000
2020-11-03 09:32:38.450,3.342,127900
2020-11-03 09:32:38.450,3.342,30000
2020-11-03 09:32:38.450,3.342,10000
2020-11-03 09:32:38.450,3.342,40000
2020-11-03 09:32:39.580,3.342,400
2020-11-03 09:32:39.700,3.342,3300
2020-11-03 09:32:39.900,3.342,4000
2020-11-03 09:32:40.450,3.342,4000
2020-11-03 09:32:41.880,3.342,8500
2020-11-03 09:32:44.070,3.341,8000
2020-11-03 09:32:44.140,3.341,400
2020-11-03 09:32:44.260,3.342,500
2020-11-03 09:32:44.350,3.342,177800
2020-11-03 09:32:44.350,3.342,900
2020-11-03 09:32:44.350,3.342,100
2020-11-03 09:32:44.350,3.342,10000
2020-11-03 09:32:44.350,3.342,10000
2020-11-03 09:32:44.350,3.342,10000
2020-11-03 09:32:44.350,3.342,6000
2020-11-03 09:32:44.570,3.342,75000
2020-11-03 09:32:44.920,3.342,100
2020-11-03 09:32:45.200,3.342,1500
2020-11-03 09:32:45.260,3.342,1700
2020-11-03 09:32:45.600,3.342,4700
2020-11-03 09:32:45.690,3.342,2000
2020-11-03 09:32:45.910,3.342,200
2020-11-03 09:32:45.910,3.342,1000
2020-11-03 09:32:45.910,3.341,28800
2020-11-03 09:32:46.800,3.341,3000
2020-11-03 09:32:47.330,3.343,7400
2020-11-03 09:32:47.330,3.343,2600
2020-11-03 09:32:48.410,3.341,1800
2020-11-03 09:32:48.440,3.341,2900
2020-11-03 09:32:49.360,3.341,5000
2020-11-03 09:32:49.790,3.342,1000
2020-11-03 09:32:50.550,3.341,100
2020-11-03 09:32:50.650,3.341,6500
2020-11-03 09:32:51.400,3.341,43500
2020-11-03 09:32:51.580,3.341,16500
2020-11-03 09:32:51.580,3.342,2000
2020-11-03 09:32:51.580,3.342,20000
2020-11-03 09:32:51.580,3.342,3500
2020-11-03 09:32:51.580,3.342,3300
2020-11-03 09:32:51.580,3.342,1000
2020-11-03 09:32:51.580,3.342,19200
2020-11-03 09:32:51.640,3.342,17600
2020-11-03 09:32:51.640,3.342,1500
2020-11-03 09:32:51.640,3.342,3000
2020-11-03 09:32:52.120,3.342,1200
2020-11-03 09:32:52.250,3.342,4700
2020-11-03 09:32:52.280,3.342,33800
2020-11-03 09:32:52.350,3.342,30300
2020-11-03 09:32:52.880,3.342,4000
2020-11-03 09:32:53.010,3.342,10000
2020-11-03 09:32:53.080,3.342,2900
2020-11-03 09:32:53.180,3.342,3000
2020-11-03 09:32:53.210,3.343,5000
2020-11-03 09:32:53.330,3.342,20000
2020-11-03 09:32:53.530,3.342,14700
2020-11-03 09:32:53.960,3.342,1000
2020-11-03 09:32:54.100,3.342,500
2020-11-03 09:32:55.140,3.342,3500
2020-11-03 09:32:55.200,3.342,1000
2020-11-03 09:32:55.240,3.342,147300
2020-11-03 09:32:55.300,3.342,900
2020-11-03 09:32:56.030,3.341,3700
2020-11-03 09:32:57.110,3.341,3000
2020-11-03 09:32:57.200,3.341,5000
2020-11-03 09:32:57.360,3.342,47700
2020-11-03 09:32:57.430,3.341,1000
2020-11-03 09:32:57.850,3.342,3000
2020-11-03 09:32:58.110,3.341,2000
2020-11-03 09:32:58.110,3.341,15300
2020-11-03 09:32:58.110,3.341,2300
2020-11-03 09:32:59.220,3.341,1000
2020-11-03 09:33:01.900,3.341,1500
2020-11-03 09:33:01.900,3.341,8600
2020-11-03 09:33:01.900,3.341,4900
2020-11-03 09:33:02.360,3.341,100
2020-11-03 09:33:02.360,3.341,500
2020-11-03 09:33:02.480,3.34,10000
2020-11-03 09:33:02.540,3.34,2800
2020-11-03 09:33:02.570,3.341,1000
2020-11-03 09:33:02.950,3.341,1500
2020-11-03 09:33:02.950,3.341,8200
2020-11-03 09:33:02.950,3.341,6000
2020-11-03 09:33:03.390,3.341,6000
2020-11-03 09:33:03.560,3.341,92700
2020-11-03 09:33:03.620,3.341,165000
2020-11-03 09:33:03.740,3.341,10000
2020-11-03 09:33:03.800,3.342,21200
2020-11-03 09:33:03.800,3.341,10600
2020-11-03 09:33:03.800,3.341,39400
2020-11-03 09:33:04.280,3.341,9000
2020-11-03 09:33:04.820,3.341,10000
2020-11-03 09:33:04.970,3.341,39700
2020-11-03 09:33:05.060,3.341,100
2020-11-03 09:33:05.600,3.341,3700
2020-11-03 09:33:06.060,3.341,400
2020-11-03 09:33:06.150,3.341,6000
2020-11-03 09:33:06.180,3.341,300
2020-11-03 09:33:06.440,3.341,50000
2020-11-03 09:33:06.560,3.341,3000
2020-11-03 09:33:07.070,3.341,4000
2020-11-03 09:33:07.400,3.341,7300
2020-11-03 09:33:07.700,3.341,1200
2020-11-03 09:33:07.950,3.341,3000
2020-11-03 09:33:08.240,3.341,122300
2020-11-03 09:33:08.690,3.341,600
2020-11-03 09:33:08.690,3.341,400
2020-11-03 09:33:08.960,3.342,182500
2020-11-03 09:33:08.960,3.342,5000
2020-11-03 09:33:08.960,3.342,20000
2020-11-03 09:33:08.960,3.342,78200
2020-11-03 09:33:08.960,3.342,4000
2020-11-03 09:33:08.960,3.342,3400
2020-11-03 09:33:08.960,3.342,6900
2020-11-03 09:33:08.960,3.341,3000
2020-11-03 09:33:09.120,3.341,100
2020-11-03 09:33:09.120,3.341,1500
2020-11-03 09:33:09.120,3.341,5000
2020-11-03 09:33:09.250,3.34,55000
2020-11-03 09:33:10.340,3.34,900
2020-11-03 09:33:10.500,3.34,30100
2020-11-03 09:33:10.500,3.34,69900
2020-11-03 09:33:10.720,3.341,3800
2020-11-03 09:33:10.720,3.341,1200
2020-11-03 09:33:11.170,3.341,1000
2020-11-03 09:33:11.170,3.341,2800
2020-11-03 09:33:11.170,3.341,400
2020-11-03 09:33:11.170,3.341,2600
2020-11-03 09:33:11.170,3.341,5000
2020-11-03 09:33:11.170,3.341,12200
2020-11-03 09:33:11.170,3.342,9800
2020-11-03 09:33:13.060,3.34,2000
2020-11-03 09:33:13.060,3.34,3100
2020-11-03 09:33:13.640,3.341,4600
2020-11-03 09:33:13.730,3.34,2400
2020-11-03 09:33:13.920,3.34,30000
2020-11-03 09:33:14.020,3.34,9000
2020-11-03 09:33:14.110,3.341,45400
2020-11-03 09:33:14.110,3.341,50000
2020-11-03 09:33:14.180,3.342,19400
2020-11-03 09:33:14.180,3.342,7000
2020-11-03 09:33:14.180,3.342,10000
2020-11-03 09:33:14.180,3.342,3400
2020-11-03 09:33:14.180,3.342,5500
2020-11-03 09:33:14.180,3.342,100
2020-11-03 09:33:14.180,3.342,800
2020-11-03 09:33:14.180,3.342,3800
2020-11-03 09:33:14.330,3.341,10000
2020-11-03 09:33:14.330,3.341,7500
2020-11-03 09:33:14.430,3.341,100000
2020-11-03 09:33:14.580,3.342,500
2020-11-03 09:33:14.610,3.341,1200
2020-11-03 09:33:14.810,3.341,300
2020-11-03 09:33:14.880,3.341,3100
2020-11-03 09:33:15.130,3.341,200
2020-11-03 09:33:15.360,3.341,30000
2020-11-03 09:33:15.610,3.341,5000
2020-11-03 09:33:16.040,3.341,47300
2020-11-03 09:33:16.040,3.34,2700
2020-11-03 09:33:17.840,3.34,19800
2020-11-03 09:33:18.240,3.341,303200
2020-11-03 09:33:18.390,3.341,196800
2020-11-03 09:33:18.390,3.341,26000
2020-11-03 09:33:18.390,3.341,3000
2020-11-03 09:33:18.390,3.341,60000
2020-11-03 09:33:19.100,3.341,14200
2020-11-03 09:33:19.100,3.341,3000
2020-11-03 09:33:19.100,3.34,26800
2020-11-03 09:33:19.390,3.34,3000
2020-11-03 09:33:20.190,3.341,15000
2020-11-03 09:33:20.490,3.34,2000
2020-11-03 09:33:21.190,3.34,4000
2020-11-03 09:33:21.660,3.34,300
2020-11-03 09:33:21.750,3.34,2000
2020-11-03 09:33:21.880,3.34,5900
2020-11-03 09:33:22.250,3.34,5600
2020-11-03 09:33:22.250,3.34,5000
2020-11-03 09:33:22.460,3.34,1100
2020-11-03 09:33:22.770,3.341,400
2020-11-03 09:33:23.050,3.34,17200
2020-11-03 09:33:23.740,3.34,200
2020-11-03 09:33:23.990,3.34,200
2020-11-03 09:33:24.250,3.34,3000
2020-11-03 09:33:24.680,3.34,4500
2020-11-03 09:33:25.270,3.34,5000
2020-11-03 09:33:25.760,3.34,3200
2020-11-03 09:33:25.860,3.34,20000
2020-11-03 09:33:26.760,3.34,1500
2020-11-03 09:33:26.820,3.34,2000
2020-11-03 09:33:27.170,3.34,10800
2020-11-03 09:33:27.170,3.34,37800
2020-11-03 09:33:27.170,3.34,2200
2020-11-03 09:33:27.360,3.34,5000
2020-11-03 09:33:27.990,3.34,4700
2020-11-03 09:33:27.990,3.34,300
2020-11-03 09:33:28.190,3.34,1000
2020-11-03 09:33:28.650,3.34,7400
2020-11-03 09:33:29.240,3.341,2000
2020-11-03 09:33:29.790,3.34,30000
2020-11-03 09:33:30.300,3.34,5500
2020-11-03 09:33:30.300,3.34,50000
2020-11-03 09:33:30.300,3.34,57200
2020-11-03 09:33:30.360,3.34,10000
2020-11-03 09:33:30.390,3.34,20000
2020-11-03 09:33:30.520,3.34,12800
2020-11-03 09:33:30.520,3.34,15300
2020-11-03 09:33:30.520,3.34,4200
2020-11-03 09:33:30.520,3.34,10000
2020-11-03 09:33:32.510,3.339,5000
2020-11-03 09:33:36.410,3.339,3000
2020-11-03 09:33:37.600,3.339,8000
2020-11-03 09:33:37.670,3.34,10000
2020-11-03 09:33:38.460,3.339,6000
2020-11-03 09:33:38.490,3.34,8000
2020-11-03 09:33:38.620,3.339,18000
2020-11-03 09:33:38.710,3.339,13100
2020-11-03 09:33:38.840,3.339,9500
2020-11-03 09:33:38.840,3.34,1000
2020-11-03 09:33:39.140,3.339,225500
2020-11-03 09:33:39.140,3.339,200
2020-11-03 09:33:39.140,3.339,3700
2020-11-03 09:33:39.140,3.339,4000
2020-11-03 09:33:39.140,3.339,10000
2020-11-03 09:33:39.140,3.339,10000
2020-11-03 09:33:42.230,3.338,1000
2020-11-03 09:33:42.230,3.339,100
2020-11-03 09:33:43.100,3.338,3000
2020-11-03 09:33:45.540,3.338,7000
2020-11-03 09:33:45.540,3.338,50000
2020-11-03 09:33:45.540,3.339,43000
2020-11-03 09:33:47.300,3.337,1000
2020-11-03 09:33:47.790,3.337,200
2020-11-03 09:33:50.180,3.338,6300
2020-11-03 09:33:50.180,3.338,3700
2020-11-03 09:33:50.320,3.337,1000
2020-11-03 09:33:50.660,3.337,31600
2020-11-03 09:33:50.660,3.337,600
2020-11-03 09:33:50.660,3.337,5100
2020-11-03 09:33:50.760,3.337,200
2020-11-03 09:33:51.800,3.338,300
2020-11-03 09:33:53.020,3.337,4500
2020-11-03 09:33:53.210,3.338,500
2020-11-03 09:33:54.210,3.337,1000
2020-11-03 09:33:54.590,3.337,29200
2020-11-03 09:33:54.590,3.337,100
2020-11-03 09:33:54.590,3.337,100
2020-11-03 09:33:54.590,3.337,270600
2020-11-03 09:33:54.860,3.337,29400
2020-11-03 09:33:54.860,3.337,120600
2020-11-03 09:33:55.020,3.337,4000
2020-11-03 09:33:55.140,3.338,3500
2020-11-03 09:33:55.140,3.338,2000
2020-11-03 09:33:55.140,3.338,20000
2020-11-03 09:33:55.140,3.338,40000
2020-11-03 09:33:55.140,3.338,3000
2020-11-03 09:33:55.140,3.338,60100
2020-11-03 09:33:55.570,3.338,19900
2020-11-03 09:33:55.570,3.338,2000
2020-11-03 09:33:55.570,3.338,500
2020-11-03 09:33:55.570,3.338,1000
2020-11-03 09:33:55.570,3.338,3000
2020-11-03 09:33:55.570,3.338,1000
2020-11-03 09:33:55.910,3.338,4900
2020-11-03 09:33:56.080,3.338,50600
2020-11-03 09:33:57.830,3.338,10000
2020-11-03 09:33:57.980,3.338,1000
2020-11-03 09:33:58.560,3.338,30600
2020-11-03 09:33:58.600,3.338,20000
2020-11-03 09:33:59.130,3.338,2000
2020-11-03 09:33:59.630,3.338,800
2020-11-03 09:34:00.070,3.338,2000
2020-11-03 09:34:00.380,3.338,800
2020-11-03 09:34:01.130,3.338,200
2020-11-03 09:34:01.290,3.338,12000
2020-11-03 09:34:01.560,3.338,10000
2020-11-03 09:34:01.650,3.338,20000
2020-11-03 09:34:02.300,3.339,5000
2020-11-03 09:34:02.680,3.339,400
2020-11-03 09:34:02.680,3.339,400
2020-11-03 09:34:02.680,3.339,29200
2020-11-03 09:34:03.180,3.338,10000
2020-11-03 09:34:04.270,3.338,1000
2020-11-03 09:34:04.300,3.338,17400
2020-11-03 09:34:04.580,3.338,7000
2020-11-03 09:34:04.860,3.339,1500
2020-11-03 09:34:05.760,3.338,5000
2020-11-03 09:34:05.980,3.338,20000
2020-11-03 09:34:06.140,3.338,20800
2020-11-03 09:34:06.650,3.339,9300
2020-11-03 09:34:06.650,3.339,7000
2020-11-03 09:34:06.650,3.339,1300
2020-11-03 09:34:06.650,3.339,200
2020-11-03 09:34:06.650,3.339,9100
2020-11-03 09:34:06.650,3.339,10800
2020-11-03 09:34:06.650,3.339,6200
2020-11-03 09:34:06.650,3.339,29900
2020-11-03 09:34:06.650,3.339,8800
2020-11-03 09:34:06.650,3.339,5500
2020-11-03 09:34:06.650,3.339,1000
2020-11-03 09:34:06.650,3.339,500
2020-11-03 09:34:06.650,3.339,20000
2020-11-03 09:34:06.850,3.339,50000
2020-11-03 09:34:06.880,3.339,5600
2020-11-03 09:34:07.300,3.338,12000
2020-11-03 09:34:09.090,3.338,14500
2020-11-03 09:34:09.090,3.338,25500
2020-11-03 09:34:09.570,3.338,20000
2020-11-03 09:34:09.670,3.339,1000
2020-11-03 09:34:09.760,3.339,200
2020-11-03 09:34:09.760,3.338,10200
2020-11-03 09:34:10.560,3.338,4100
2020-11-03 09:34:10.790,3.338,4000
2020-11-03 09:34:11.490,3.338,700
2020-11-03 09:34:11.750,3.338,1500
2020-11-03 09:34:12.730,3.338,10000
2020-11-03 09:34:12.890,3.338,9000
2020-11-03 09:34:13.180,3.338,8900
2020-11-03 09:34:14.740,3.338,10000
2020-11-03 09:34:15.090,3.338,3100
2020-11-03 09:34:15.880,3.338,10300
2020-11-03 09:34:16.880,3.338,700
2020-11-03 09:34:17.130,3.338,2000
2020-11-03 09:34:17.380,3.338,100
2020-11-03 09:34:17.720,3.338,1000
2020-11-03 09:34:18.890,3.338,500
2020-11-03 09:34:19.970,3.338,2000
2020-11-03 09:34:21.580,3.338,29700
2020-11-03 09:34:23.050,3.339,9100
2020-11-03 09:34:23.050,3.339,12000
2020-11-03 09:34:23.050,3.339,2000
2020-11-03 09:34:23.050,3.339,10000
2020-11-03 09:34:24.570,3.339,3300
2020-11-03 09:34:24.940,3.339,1600
2020-11-03 09:34:25.350,3.339,1700
2020-11-03 09:34:25.380,3.339,8000
2020-11-03 09:34:25.950,3.339,9000
2020-11-03 09:34:26.450,3.34,3600
2020-11-03 09:34:26.450,3.34,2100
2020-11-03 09:34:26.450,3.34,100
2020-11-03 09:34:26.450,3.34,10000
2020-11-03 09:34:26.450,3.34,8400
2020-11-03 09:34:26.450,3.34,100
2020-11-03 09:34:26.450,3.34,2000
2020-11-03 09:34:26.450,3.34,10000
2020-11-03 09:34:26.560,3.339,2000
2020-11-03 09:34:26.780,3.339,5000
2020-11-03 09:34:27.020,3.34,1000
2020-11-03 09:34:27.080,3.339,30700
2020-11-03 09:34:27.180,3.339,6500
2020-11-03 09:34:28.050,3.34,9000
2020-11-03 09:34:28.050,3.34,1000
2020-11-03 09:34:28.480,3.339,2500
2020-11-03 09:34:29.050,3.339,3700
2020-11-03 09:34:29.920,3.339,5000
2020-11-03 09:34:29.970,3.339,5000
2020-11-03 09:34:31.510,3.34,5000
2020-11-03 09:34:34.100,3.339,182900
2020-11-03 09:34:34.100,3.339,10000
2020-11-03 09:34:34.100,3.339,5000
2020-11-03 09:34:34.100,3.339,15000
2020-11-03 09:34:34.100,3.339,13900
2020-11-03 09:34:34.100,3.339,1500
2020-11-03 09:34:34.490,3.339,10000
2020-11-03 09:34:34.760,3.339,8000
2020-11-03 09:34:36.540,3.338,400
2020-11-03 09:34:37.430,3.339,2000
2020-11-03 09:34:37.640,3.339,1000
2020-11-03 09:34:37.640,3.338,8000
2020-11-03 09:34:38.330,3.34,1000
2020-11-03 09:34:39.030,3.339,100
2020-11-03 09:34:40.600,3.339,1200
2020-11-03 09:34:40.600,3.339,3000
2020-11-03 09:34:40.600,3.339,5800
2020-11-03 09:34:40.870,3.339,2200
2020-11-03 09:34:40.870,3.34,1800
2020-11-03 09:34:41.070,3.338,80000
2020-11-03 09:34:41.870,3.339,2500
2020-11-03 09:34:41.960,3.339,125300
2020-11-03 09:34:42.330,3.339,40000
2020-11-03 09:34:42.610,3.34,6000
2020-11-03 09:34:42.930,3.339,5000
2020-11-03 09:34:43.230,3.339,5000
2020-11-03 09:34:44.560,3.339,2000
2020-11-03 09:34:45.400,3.339,200
2020-11-03 09:34:46.480,3.339,7700
2020-11-03 09:34:47.080,3.34,10400
2020-11-03 09:34:48.170,3.339,32500
2020-11-03 09:34:48.470,3.339,1000
2020-11-03 09:34:49.380,3.339,78800
2020-11-03 09:34:49.380,3.339,20000
2020-11-03 09:34:49.380,3.339,20000
2020-11-03 09:34:49.380,3.339,1800
2020-11-03 09:34:49.380,3.339,6000
2020-11-03 09:34:49.380,3.339,1000
2020-11-03 09:34:49.380,3.339,500
2020-11-03 09:34:50.170,3.339,8900
2020-11-03 09:34:50.450,3.338,1000
2020-11-03 09:34:52.030,3.339,5000
2020-11-03 09:34:52.190,3.339,15000
2020-11-03 09:34:53.750,3.339,400
2020-11-03 09:34:54.190,3.338,3000
2020-11-03 09:34:54.250,3.339,1000
2020-11-03 09:34:55.340,3.339,1500
2020-11-03 09:34:55.970,3.339,2700
2020-11-03 09:34:56.370,3.339,4300
2020-11-03 09:34:56.750,3.338,2500
2020-11-03 09:34:57.680,3.339,100
2020-11-03 09:34:57.720,3.339,2000
2020-11-03 09:34:57.870,3.339,131000
2020-11-03 09:34:57.870,3.339,900
2020-11-03 09:34:57.870,3.339,10000
2020-11-03 09:34:57.870,3.339,10000
2020-11-03 09:34:57.870,3.339,1000
2020-11-03 09:34:57.870,3.339,300
2020-11-03 09:35:01.450,3.34,64800
2020-11-03 09:35:01.450,3.34,5000
2020-11-03 09:35:01.450,3.34,19800
2020-11-03 09:35:01.450,3.34,2000
2020-11-03 09:35:01.450,3.34,5000
2020-11-03 09:35:01.450,3.34,5000
2020-11-03 09:35:01.450,3.34,5000
2020-11-03 09:35:01.450,3.34,4000
2020-11-03 09:35:01.450,3.34,5000
2020-11-03 09:35:01.450,3.34,50000
2020-11-03 09:35:01.450,3.34,13000
2020-11-03 09:35:01.450,3.34,8000
2020-11-03 09:35:01.450,3.34,5000
2020-11-03 09:35:01.450,3.34,1000
2020-11-03 09:35:01.450,3.34,5000
2020-11-03 09:35:01.450,3.34,1000
2020-11-03 09:35:01.450,3.34,1000
2020-11-03 09:35:01.450,3.34,5000
2020-11-03 09:35:01.450,3.34,5000
2020-11-03 09:35:01.450,3.34,2000
2020-11-03 09:35:01.450,3.34,16000
2020-11-03 09:35:01.450,3.34,1000
2020-11-03 09:35:01.450,3.34,31500
2020-11-03 09:35:01.450,3.34,2500
2020-11-03 09:35:01.450,3.34,10000
2020-11-03 09:35:01.450,3.34,7700
2020-11-03 09:35:01.450,3.34,19700
2020-11-03 09:35:02.630,3.339,3100
2020-11-03 09:35:03.410,3.34,300
2020-11-03 09:35:03.410,3.34,60000
2020-11-03 09:35:03.410,3.34,4700
2020-11-03 09:35:03.410,3.34,3500
2020-11-03 09:35:03.410,3.34,1000
2020-11-03 09:35:03.410,3.34,1000
2020-11-03 09:35:03.410,3.34,3000
2020-11-03 09:35:03.410,3.34,10000
2020-11-03 09:35:03.410,3.34,3700
2020-11-03 09:35:03.410,3.34,2900
2020-11-03 09:35:03.410,3.34,4500
2020-11-03 09:35:03.440,3.34,2000
2020-11-03 09:35:03.620,3.34,20000
2020-11-03 09:35:04.220,3.34,1200
2020-11-03 09:35:05.000,3.341,55500
2020-11-03 09:35:05.000,3.341,32500
2020-11-03 09:35:05.000,3.341,300
2020-11-03 09:35:05.000,3.341,10300
2020-11-03 09:35:05.000,3.341,8000
2020-11-03 09:35:05.000,3.341,50000
2020-11-03 09:35:05.000,3.341,3000
2020-11-03 09:35:05.000,3.341,2000
2020-11-03 09:35:05.000,3.341,3000
2020-11-03 09:35:05.000,3.341,10000
2020-11-03 09:35:05.000,3.341,9100
2020-11-03 09:35:05.000,3.341,5000
2020-11-03 09:35:05.000,3.341,29600
2020-11-03 09:35:05.000,3.341,81700
2020-11-03 09:35:05.180,3.341,6000
2020-11-03 09:35:05.240,3.341,3000
2020-11-03 09:35:05.760,3.341,50000
2020-11-03 09:35:07.360,3.341,2000
2020-11-03 09:35:07.740,3.342,5700
2020-11-03 09:35:07.740,3.342,1000
2020-11-03 09:35:07.740,3.342,5000
2020-11-03 09:35:07.740,3.342,36900
2020-11-03 09:35:07.740,3.342,10000
2020-11-03 09:35:07.740,3.342,3000
2020-11-03 09:35:07.740,3.342,238400
2020-11-03 09:35:08.060,3.341,200
2020-11-03 09:35:08.580,3.341,6000
2020-11-03 09:35:08.700,3.341,5000
2020-11-03 09:35:08.800,3.341,20000
2020-11-03 09:35:08.830,3.342,61600
2020-11-03 09:35:08.830,3.342,1000
2020-11-03 09:35:08.830,3.342,6000
2020-11-03 09:35:08.830,3.342,5000
2020-11-03 09:35:08.830,3.342,6200
2020-11-03 09:35:08.830,3.342,9000
2020-11-03 09:35:08.830,3.342,1400
2020-11-03 09:35:08.830,3.342,142600
2020-11-03 09:35:09.550,3.342,100
2020-11-03 09:35:10.760,3.342,10000
2020-11-03 09:35:15.550,3.341,1000
2020-11-03 09:35:15.550,3.342,13100
2020-11-03 09:35:16.100,3.341,1000
2020-11-03 09:35:16.260,3.342,24200
2020-11-03 09:35:16.320,3.342,9100
2020-11-03 09:35:16.800,3.342,3200
2020-11-03 09:35:17.080,3.342,500
2020-11-03 09:35:19.060,3.341,9700
2020-11-03 09:35:19.290,3.341,5000
2020-11-03 09:35:19.770,3.341,5000
2020-11-03 09:35:20.320,3.342,15000
2020-11-03 09:35:20.640,3.342,200
2020-11-03 09:35:20.850,3.342,2700
2020-11-03 09:35:22.650,3.342,49900
2020-11-03 09:35:23.620,3.342,5000
2020-11-03 09:35:24.580,3.342,7000
2020-11-03 09:35:25.320,3.342,5000
2020-11-03 09:35:25.480,3.342,7100
2020-11-03 09:35:25.540,3.342,500
2020-11-03 09:35:25.570,3.342,2000
2020-11-03 09:35:25.630,3.342,300
2020-11-03 09:35:26.240,3.342,2500
2020-11-03 09:35:26.240,3.342,2500
2020-11-03 09:35:27.530,3.341,6200
2020-11-03 09:35:27.560,3.341,2000
2020-11-03 09:35:27.710,3.342,3200
2020-11-03 09:35:27.900,3.341,7000
2020-11-03 09:35:28.530,3.342,2400
2020-11-03 09:35:28.530,3.342,8000
2020-11-03 09:35:28.530,3.342,4600
2020-11-03 09:35:29.100,3.341,9500
2020-11-03 09:35:29.130,3.341,1800
2020-11-03 09:35:29.810,3.341,500
2020-11-03 09:35:30.110,3.341,10000
2020-11-03 09:35:30.580,3.342,1400
2020-11-03 09:35:30.580,3.342,300
2020-11-03 09:35:30.580,3.342,600
2020-11-03 09:35:30.580,3.342,2700
2020-11-03 09:35:30.780,3.342,2000
2020-11-03 09:35:31.810,3.342,300
2020-11-03 09:35:32.190,3.342,5000
2020-11-03 09:35:33.130,3.342,4500
2020-11-03 09:35:33.360,3.341,30000
2020-11-03 09:35:34.270,3.342,2000
2020-11-03 09:35:35.490,3.342,2000
2020-11-03 09:35:36.670,3.342,19500
2020-11-03 09:35:37.120,3.342,6600
2020-11-03 09:35:37.420,3.342,10000
2020-11-03 09:35:37.730,3.342,5400
2020-11-03 09:35:37.730,3.342,5000
2020-11-03 09:35:37.730,3.342,5000
2020-11-03 09:35:37.730,3.342,20000
2020-11-03 09:35:37.730,3.342,20000
2020-11-03 09:35:37.730,3.342,6700
2020-11-03 09:35:38.040,3.342,20000
2020-11-03 09:35:38.700,3.341,3000
2020-11-03 09:35:39.000,3.342,3300
2020-11-03 09:35:39.000,3.342,1000
2020-11-03 09:35:39.000,3.342,5700
2020-11-03 09:35:39.000,3.342,10000
2020-11-03 09:35:39.150,3.341,3000
2020-11-03 09:35:39.530,3.341,5500
2020-11-03 09:35:39.560,3.342,1100
2020-11-03 09:35:40.050,3.342,17800
2020-11-03 09:35:40.050,3.342,300
2020-11-03 09:35:41.710,3.341,3000
2020-11-03 09:35:41.810,3.341,1000
2020-11-03 09:35:41.810,3.342,1000
2020-11-03 09:35:42.100,3.342,10000
2020-11-03 09:35:42.350,3.342,100
2020-11-03 09:35:42.410,3.342,6000
2020-11-03 09:35:42.930,3.341,4000
2020-11-03 09:35:42.970,3.342,100
2020-11-03 09:35:43.060,3.342,100
2020-11-03 09:35:43.410,3.341,5000
2020-11-03 09:35:43.650,3.341,2000
2020-11-03 09:35:43.930,3.341,5000
2020-11-03 09:35:44.270,3.341,2400
2020-11-03 09:35:44.270,3.342,3000
2020-11-03 09:35:44.890,3.342,300
2020-11-03 09:35:45.990,3.341,3000
2020-11-03 09:35:46.380,3.341,3000
2020-11-03 09:35:47.170,3.342,4500
2020-11-03 09:35:47.170,3.342,1000
2020-11-03 09:35:47.170,3.342,4500
2020-11-03 09:35:47.200,3.342,500
2020-11-03 09:35:47.200,3.342,19500
2020-11-03 09:35:48.520,3.342,10000
2020-11-03 09:35:48.620,3.341,2000
2020-11-03 09:35:48.680,3.341,84500
2020-11-03 09:35:48.680,3.342,2000
2020-11-03 09:35:49.520,3.342,58500
2020-11-03 09:35:49.520,3.342,10600
2020-11-03 09:35:49.520,3.342,35000
2020-11-03 09:35:49.520,3.342,5000
2020-11-03 09:35:49.520,3.342,100000
2020-11-03 09:35:49.520,3.342,2000
2020-11-03 09:35:49.520,3.342,3300
2020-11-03 09:35:49.520,3.342,3000
2020-11-03 09:35:49.520,3.342,73800
2020-11-03 09:35:49.520,3.342,8800
2020-11-03 09:35:50.140,3.341,45000
2020-11-03 09:35:50.610,3.342,400
2020-11-03 09:35:50.880,3.342,2700
2020-11-03 09:35:53.590,3.343,2200
2020-11-03 09:35:53.780,3.342,20000
2020-11-03 09:35:53.810,3.343,3800
2020-11-03 09:35:53.810,3.343,4800
2020-11-03 09:35:53.810,3.343,100
2020-11-03 09:35:53.810,3.343,15000
2020-11-03 09:35:53.810,3.343,15000
2020-11-03 09:35:53.810,3.343,7500
2020-11-03 09:35:53.810,3.343,1000
2020-11-03 09:35:53.810,3.343,1000
2020-11-03 09:35:53.810,3.343,1000
2020-11-03 09:35:53.810,3.343,500
2020-11-03 09:35:53.810,3.343,5000
2020-11-03 09:35:53.810,3.343,10000
2020-11-03 09:35:53.810,3.343,10000
2020-11-03 09:35:53.810,3.343,3000
2020-11-03 09:35:53.810,3.343,1300
2020-11-03 09:35:53.810,3.343,200
2020-11-03 09:35:53.810,3.343,9500
2020-11-03 09:35:53.810,3.343,60000
2020-11-03 09:35:53.810,3.343,3500
2020-11-03 09:35:53.810,3.343,100
2020-11-03 09:35:53.810,3.343,10000
2020-11-03 09:35:53.810,3.343,1500
2020-11-03 09:35:53.810,3.343,100000
2020-11-03 09:35:53.810,3.343,20000
2020-11-03 09:35:53.810,3.343,1000
2020-11-03 09:35:53.810,3.343,10000
2020-11-03 09:35:53.810,3.343,5200
2020-11-03 09:35:54.430,3.343,8200
2020-11-03 09:35:54.430,3.343,6300
2020-11-03 09:35:54.430,3.343,5000
2020-11-03 09:35:54.430,3.343,20000
2020-11-03 09:35:54.430,3.343,10000
2020-11-03 09:35:54.430,3.343,500
2020-11-03 09:35:54.430,3.343,1000
2020-11-03 09:35:56.070,3.343,300
2020-11-03 09:35:57.770,3.343,100
2020-11-03 09:35:57.900,3.343,4700
2020-11-03 09:35:57.960,3.343,4900
2020-11-03 09:35:58.370,3.343,2100
2020-11-03 09:35:58.720,3.343,1000
2020-11-03 09:35:59.420,3.343,60000
2020-11-03 09:36:00.100,3.344,1000
2020-11-03 09:36:01.270,3.343,3000
2020-11-03 09:36:01.340,3.343,5000
2020-11-03 09:36:02.530,3.343,2000
2020-11-03 09:36:03.160,3.344,6900
2020-11-03 09:36:03.160,3.344,100
2020-11-03 09:36:03.160,3.344,100
2020-11-03 09:36:03.160,3.344,10000
2020-11-03 09:36:03.160,3.344,5000
2020-11-03 09:36:03.160,3.344,20000
2020-11-03 09:36:03.160,3.344,1700
2020-11-03 09:36:03.160,3.344,1000
2020-11-03 09:36:03.160,3.344,3000
2020-11-03 09:36:03.160,3.344,8100
2020-11-03 09:36:03.160,3.344,7700
2020-11-03 09:36:03.160,3.344,4500
2020-11-03 09:36:03.160,3.344,53700
2020-11-03 09:36:03.160,3.344,147500
2020-11-03 09:36:03.160,3.344,5000
2020-11-03 09:36:03.160,3.344,2000
2020-11-03 09:36:03.160,3.344,1800
2020-11-03 09:36:03.160,3.344,1900
2020-11-03 09:36:03.290,3.343,500
2020-11-03 09:36:04.170,3.344,8100
2020-11-03 09:36:04.170,3.344,2700
2020-11-03 09:36:04.170,3.344,2000
2020-11-03 09:36:04.170,3.344,7000
2020-11-03 09:36:04.170,3.344,5000
2020-11-03 09:36:04.170,3.344,5000
2020-11-03 09:36:04.170,3.344,7300
2020-11-03 09:36:04.170,3.344,900
2020-11-03 09:36:04.170,3.344,200
2020-11-03 09:36:04.170,3.344,1000
2020-11-03 09:36:04.170,3.344,3700
2020-11-03 09:36:04.170,3.344,5000
2020-11-03 09:36:04.170,3.344,50000
2020-11-03 09:36:04.170,3.344,1700
2020-11-03 09:36:04.170,3.344,5000
2020-11-03 09:36:04.170,3.344,8000
2020-11-03 09:36:04.170,3.344,10000
2020-11-03 09:36:04.170,3.344,9800
2020-11-03 09:36:04.170,3.344,1600
2020-11-03 09:36:04.170,3.344,13000
2020-11-03 09:36:04.170,3.344,1700
2020-11-03 09:36:04.170,3.344,8000
2020-11-03 09:36:04.170,3.344,8000
2020-11-03 09:36:04.170,3.344,10000
2020-11-03 09:36:04.170,3.344,6100
2020-11-03 09:36:04.170,3.344,1000
2020-11-03 09:36:04.170,3.344,6500
2020-11-03 09:36:04.500,3.344,200
2020-11-03 09:36:05.520,3.344,300
2020-11-03 09:36:05.710,3.345,23900
2020-11-03 09:36:05.710,3.345,3000
2020-11-03 09:36:05.710,3.345,5000
2020-11-03 09:36:05.710,3.345,600
2020-11-03 09:36:05.710,3.345,17600
2020-11-03 09:36:05.710,3.345,2000
2020-11-03 09:36:05.710,3.345,500
2020-11-03 09:36:05.710,3.345,8000
2020-11-03 09:36:05.710,3.345,50000
2020-11-03 09:36:05.710,3.345,10000
2020-11-03 09:36:05.710,3.345,5000
2020-11-03 09:36:05.710,3.345,30000
2020-11-03 09:36:05.710,3.345,3000
2020-11-03 09:36:05.710,3.345,2000
2020-11-03 09:36:05.710,3.345,5000
2020-11-03 09:36:05.710,3.345,30000
2020-11-03 09:36:05.710,3.345,10000
2020-11-03 09:36:05.710,3.345,9000
2020-11-03 09:36:05.710,3.345,5000
2020-11-03 09:36:05.710,3.345,1400
2020-11-03 09:36:05.710,3.345,1000
2020-11-03 09:36:05.710,3.345,15100
2020-11-03 09:36:05.710,3.345,300
2020-11-03 09:36:05.710,3.345,100
2020-11-03 09:36:05.710,3.345,4400
2020-11-03 09:36:05.710,3.345,1000
2020-11-03 09:36:05.710,3.345,11100
2020-11-03 09:36:05.710,3.345,5000
2020-11-03 09:36:05.710,3.345,2000
2020-11-03 09:36:05.710,3.345,1500
2020-11-03 09:36:05.710,3.345,400
2020-11-03 09:36:05.710,3.345,12600
2020-11-03 09:36:05.710,3.345,2900
2020-11-03 09:36:05.710,3.345,21600
2020-11-03 09:36:06.240,3.344,10000
2020-11-03 09:36:06.720,3.344,100
2020-11-03 09:36:07.030,3.345,17500
2020-11-03 09:36:07.030,3.345,10000
2020-11-03 09:36:07.030,3.345,1700
2020-11-03 09:36:07.030,3.345,10000
2020-11-03 09:36:07.030,3.345,900
2020-11-03 09:36:07.030,3.345,2000
2020-11-03 09:36:07.030,3.345,3000
2020-11-03 09:36:07.030,3.345,3600
2020-11-03 09:36:07.030,3.345,500
2020-11-03 09:36:07.030,3.345,6000
2020-11-03 09:36:07.030,3.345,1000
2020-11-03 09:36:07.030,3.345,5100
2020-11-03 09:36:07.030,3.345,4000
2020-11-03 09:36:07.030,3.345,8300
2020-11-03 09:36:07.030,3.345,700
2020-11-03 09:36:07.030,3.345,100
2020-11-03 09:36:07.030,3.345,22400
2020-11-03 09:36:07.030,3.345,2000
2020-11-03 09:36:07.030,3.345,3100
2020-11-03 09:36:07.030,3.345,10000
2020-11-03 09:36:07.030,3.345,9500
2020-11-03 09:36:07.030,3.345,138200
2020-11-03 09:36:07.030,3.345,900
2020-11-03 09:36:07.030,3.345,3000
2020-11-03 09:36:07.030,3.345,10000
2020-11-03 09:36:07.030,3.345,1000
2020-11-03 09:36:07.030,3.345,10000
2020-11-03 09:36:07.030,3.345,8900
2020-11-03 09:36:07.030,3.345,6600
2020-11-03 09:36:07.320,3.345,3400
2020-11-03 09:36:07.320,3.345,10000
2020-11-03 09:36:07.320,3.345,10000
2020-11-03 09:36:07.320,3.345,10000
2020-11-03 09:36:07.320,3.345,4000
2020-11-03 09:36:07.320,3.345,700
2020-11-03 09:36:07.320,3.345,400
2020-11-03 09:36:07.320,3.345,4500
2020-11-03 09:36:08.080,3.345,5000
2020-11-03 09:36:08.530,3.345,14800
2020-11-03 09:36:09.090,3.346,100
2020-11-03 09:36:09.090,3.346,200
2020-11-03 09:36:09.090,3.346,60000
2020-11-03 09:36:09.090,3.346,19000
2020-11-03 09:36:09.090,3.346,500
2020-11-03 09:36:09.090,3.346,14000
2020-11-03 09:36:09.090,3.346,5000
2020-11-03 09:36:09.090,3.346,500
2020-11-03 09:36:09.090,3.346,500
2020-11-03 09:36:09.090,3.346,1000
2020-11-03 09:36:09.090,3.346,17600
2020-11-03 09:36:09.090,3.346,4900
2020-11-03 09:36:09.090,3.346,5000
2020-11-03 09:36:09.090,3.346,5000
2020-11-03 09:36:09.090,3.346,5000
2020-11-03 09:36:09.090,3.346,5000
2020-11-03 09:36:09.090,3.346,108700
2020-11-03 09:36:09.310,3.345,200
2020-11-03 09:36:09.380,3.345,1000
2020-11-03 09:36:11.680,3.345,27000
2020-11-03 09:36:11.860,3.346,7300
2020-11-03 09:36:11.860,3.346,100
2020-11-03 09:36:11.860,3.346,2600
2020-11-03 09:36:11.890,3.345,200
2020-11-03 09:36:13.450,3.345,500
2020-11-03 09:36:13.910,3.345,30000
2020-11-03 09:36:13.970,3.345,3700
2020-11-03 09:36:14.360,3.346,300
2020-11-03 09:36:14.810,3.346,2100
2020-11-03 09:36:14.810,3.346,1100
2020-11-03 09:36:14.810,3.346,20000
2020-11-03 09:36:14.810,3.346,10000
2020-11-03 09:36:14.810,3.346,6500
2020-11-03 09:36:14.810,3.346,4000
2020-11-03 09:36:14.810,3.346,100
2020-11-03 09:36:14.810,3.346,2000
2020-11-03 09:36:14.810,3.346,54200
2020-11-03 09:36:14.870,3.346,11600
2020-11-03 09:36:15.100,3.345,100
2020-11-03 09:36:15.130,3.346,2300
2020-11-03 09:36:15.160,3.345,7000
2020-11-03 09:36:15.230,3.345,1000
2020-11-03 09:36:15.710,3.345,9600
2020-11-03 09:36:15.800,3.345,5000
2020-11-03 09:36:15.990,3.346,200
2020-11-03 09:36:16.050,3.345,2200
2020-11-03 09:36:16.320,3.345,1900
2020-11-03 09:36:16.410,3.345,30000
2020-11-03 09:36:16.530,3.345,6000
2020-11-03 09:36:17.140,3.345,800
2020-11-03 09:36:17.140,3.345,5000
2020-11-03 09:36:17.330,3.346,100
2020-11-03 09:36:17.750,3.345,2000
2020-11-03 09:36:17.850,3.346,1500
2020-11-03 09:36:17.940,3.345,2000
2020-11-03 09:36:18.100,3.345,6800
2020-11-03 09:36:18.220,3.345,5000
2020-11-03 09:36:18.250,3.345,500
2020-11-03 09:36:18.540,3.346,900
2020-11-03 09:36:18.540,3.346,100
2020-11-03 09:36:19.060,3.345,100
2020-11-03 09:36:19.630,3.346,3900
2020-11-03 09:36:19.630,3.346,200
2020-11-03 09:36:19.630,3.346,2000
2020-11-03 09:36:19.630,3.346,8800
2020-11-03 09:36:20.360,3.345,3500
2020-11-03 09:36:20.450,3.345,20000
2020-11-03 09:36:20.580,3.345,1000
2020-11-03 09:36:20.700,3.345,3000
2020-11-03 09:36:20.760,3.345,1100
2020-11-03 09:36:20.990,3.346,200
2020-11-03 09:36:20.990,3.346,20000
2020-11-03 09:36:20.990,3.346,30000
2020-11-03 09:36:20.990,3.346,2000
2020-11-03 09:36:20.990,3.346,5000
2020-11-03 09:36:20.990,3.346,6300
2020-11-03 09:36:20.990,3.346,100
2020-11-03 09:36:20.990,3.346,1000
2020-11-03 09:36:20.990,3.346,5000
2020-11-03 09:36:20.990,3.347,400
2020-11-03 09:36:20.990,3.347,400
2020-11-03 09:36:20.990,3.347,100
2020-11-03 09:36:20.990,3.347,10000
2020-11-03 09:36:20.990,3.347,100
2020-11-03 09:36:20.990,3.347,10000
2020-11-03 09:36:20.990,3.347,10000
2020-11-03 09:36:20.990,3.347,2000
2020-11-03 09:36:20.990,3.347,10000
2020-11-03 09:36:20.990,3.347,2000
2020-11-03 09:36:20.990,3.347,100
2020-11-03 09:36:20.990,3.347,3000
2020-11-03 09:36:20.990,3.347,14000
2020-11-03 09:36:20.990,3.347,3000
2020-11-03 09:36:20.990,3.347,15300
2020-11-03 09:36:21.200,3.345,10000
2020-11-03 09:36:21.340,3.345,600
2020-11-03 09:36:21.820,3.345,3000
2020-11-03 09:36:21.950,3.346,1900
2020-11-03 09:36:22.760,3.346,18900
2020-11-03 09:36:23.530,3.346,2800
2020-11-03 09:36:23.680,3.346,100
2020-11-03 09:36:23.840,3.346,100
2020-11-03 09:36:23.840,3.346,200
2020-11-03 09:36:23.990,3.346,9100
2020-11-03 09:36:24.460,3.346,100
2020-11-03 09:36:24.650,3.346,1500
2020-11-03 09:36:24.840,3.346,400
2020-11-03 09:36:26.270,3.346,1900
2020-11-03 09:36:26.390,3.346,5000
2020-11-03 09:36:27.070,3.346,10000
2020-11-03 09:36:27.570,3.346,8000
2020-11-03 09:36:27.570,3.346,100
2020-11-03 09:36:27.570,3.346,33900
2020-11-03 09:36:27.570,3.346,900
2020-11-03 09:36:27.640,3.346,6000
2020-11-03 09:36:28.090,3.346,11100
2020-11-03 09:36:28.090,3.346,100
2020-11-03 09:36:28.090,3.346,10600
2020-11-03 09:36:28.410,3.346,2100
2020-11-03 09:36:28.510,3.347,30000
2020-11-03 09:36:28.700,3.346,500
2020-11-03 09:36:29.990,3.346,5600
2020-11-03 09:36:29.990,3.346,10000
2020-11-03 09:36:30.720,3.346,10000
2020-11-03 09:36:30.840,3.346,18200
2020-11-03 09:36:30.900,3.346,300
2020-11-03 09:36:32.460,3.345,5000
2020-11-03 09:36:32.820,3.346,1000
2020-11-03 09:36:32.940,3.346,5000
2020-11-03 09:36:34.270,3.345,192700
2020-11-03 09:36:34.270,3.345,14700
2020-11-03 09:36:34.270,3.345,10000
2020-11-03 09:36:34.270,3.345,6000
2020-11-03 09:36:34.270,3.345,1500
2020-11-03 09:36:34.270,3.345,75100
2020-11-03 09:36:34.740,3.345,53000
2020-11-03 09:36:34.740,3.345,2000
2020-11-03 09:36:34.740,3.345,5000
2020-11-03 09:36:34.770,3.345,30000
2020-11-03 09:36:34.770,3.345,10000
2020-11-03 09:36:34.860,3.344,1700
2020-11-03 09:36:35.840,3.345,6500
2020-11-03 09:36:36.160,3.345,1500
2020-11-03 09:36:36.570,3.345,14500
2020-11-03 09:36:36.670,3.345,6500
2020-11-03 09:36:36.790,3.345,500
2020-11-03 09:36:36.850,3.345,100
2020-11-03 09:36:36.880,3.345,10000
2020-11-03 09:36:36.910,3.345,4000
2020-11-03 09:36:37.400,3.344,8100
2020-11-03 09:36:37.590,3.345,200
2020-11-03 09:36:37.590,3.345,100
2020-11-03 09:36:38.350,3.345,11800
2020-11-03 09:36:38.350,3.345,12200
2020-11-03 09:36:38.740,3.344,91300
2020-11-03 09:36:38.740,3.344,1000
2020-11-03 09:36:38.740,3.344,7700
2020-11-03 09:36:42.590,3.345,1800
2020-11-03 09:36:42.880,3.344,5000
2020-11-03 09:36:42.910,3.344,5000
2020-11-03 09:36:43.620,3.345,500
2020-11-03 09:36:43.810,3.345,200
2020-11-03 09:36:44.430,3.345,260000
2020-11-03 09:36:45.400,3.344,13000
2020-11-03 09:36:46.150,3.345,25300
2020-11-03 09:36:46.150,3.345,2000
2020-11-03 09:36:46.150,3.345,13600
2020-11-03 09:36:46.150,3.345,5000
2020-11-03 09:36:46.150,3.345,5000
2020-11-03 09:36:46.150,3.345,4000
2020-11-03 09:36:46.150,3.345,100
2020-11-03 09:36:46.150,3.345,100
2020-11-03 09:36:46.150,3.345,1700
2020-11-03 09:36:46.150,3.345,8000
2020-11-03 09:36:46.150,3.345,17000
2020-11-03 09:36:46.150,3.345,37200
2020-11-03 09:36:46.150,3.345,1000
2020-11-03 09:36:46.150,3.345,1800
2020-11-03 09:36:46.150,3.345,5600
2020-11-03 09:36:46.670,3.346,500
2020-11-03 09:36:47.030,3.345,8000
2020-11-03 09:36:47.330,3.345,10000
2020-11-03 09:36:47.770,3.345,4000
2020-11-03 09:36:48.390,3.345,300
2020-11-03 09:36:48.390,3.345,1200
2020-11-03 09:36:49.230,3.345,150300
2020-11-03 09:36:49.500,3.345,5000
2020-11-03 09:36:49.740,3.346,600
2020-11-03 09:36:50.860,3.345,1800
2020-11-03 09:36:51.310,3.345,5000
2020-11-03 09:36:51.310,3.345,16000
2020-11-03 09:36:51.500,3.345,6000
2020-11-03 09:36:51.590,3.345,5000
2020-11-03 09:36:51.810,3.346,300
2020-11-03 09:36:52.040,3.345,5000
2020-11-03 09:36:52.320,3.345,5000
2020-11-03 09:36:53.250,3.345,49700
2020-11-03 09:36:53.280,3.345,6900
2020-11-03 09:36:53.340,3.345,5000
2020-11-03 09:36:53.430,3.345,2000
2020-11-03 09:36:53.560,3.346,3100
2020-11-03 09:36:53.820,3.345,200
2020-11-03 09:36:53.900,3.346,1000
2020-11-03 09:36:53.900,3.346,2000
2020-11-03 09:36:53.960,3.346,500
2020-11-03 09:36:53.960,3.346,300
2020-11-03 09:36:53.960,3.346,3000
2020-11-03 09:36:53.960,3.346,100
2020-11-03 09:36:53.960,3.346,84500
2020-11-03 09:36:54.190,3.346,3500
2020-11-03 09:36:54.470,3.345,10000
2020-11-03 09:36:55.080,3.345,3300
2020-11-03 09:36:55.480,3.345,22700
2020-11-03 09:36:55.480,3.345,10000
2020-11-03 09:36:55.480,3.345,5800
2020-11-03 09:36:55.810,3.345,2000
2020-11-03 09:36:56.030,3.345,1400
2020-11-03 09:36:57.070,3.345,800
2020-11-03 09:36:57.070,3.345,2200
2020-11-03 09:36:57.100,3.346,3400
2020-11-03 09:36:57.190,3.345,1000
2020-11-03 09:36:57.560,3.345,3000
2020-11-03 09:36:57.590,3.345,4900
2020-11-03 09:36:57.650,3.345,1000
2020-11-03 09:36:58.670,3.345,8000
2020-11-03 09:36:59.020,3.345,5000
2020-11-03 09:36:59.050,3.345,60000
2020-11-03 09:36:59.110,3.346,83100
2020-11-03 09:36:59.110,3.346,100
2020-11-03 09:36:59.110,3.346,10000
2020-11-03 09:36:59.110,3.346,30000
2020-11-03 09:36:59.110,3.346,2000
2020-11-03 09:36:59.110,3.346,100
2020-11-03 09:36:59.110,3.346,20000
2020-11-03 09:36:59.110,3.346,3000
2020-11-03 09:36:59.110,3.346,10000
2020-11-03 09:36:59.110,3.346,3700
2020-11-03 09:36:59.110,3.346,2000
2020-11-03 09:36:59.110,3.346,2500
2020-11-03 09:36:59.110,3.346,5000
2020-11-03 09:36:59.410,3.346,3000
2020-11-03 09:36:59.840,3.346,14500
2020-11-03 09:36:59.960,3.346,2000
2020-11-03 09:37:00.110,3.346,500
2020-11-03 09:37:00.350,3.346,5000
2020-11-03 09:37:02.090,3.346,5000
2020-11-03 09:37:04.480,3.346,600
2020-11-03 09:37:04.710,3.346,100
2020-11-03 09:37:05.090,3.347,12000
2020-11-03 09:37:05.090,3.347,1000
2020-11-03 09:37:05.090,3.347,200
2020-11-03 09:37:05.090,3.347,46800
2020-11-03 09:37:06.190,3.346,400
2020-11-03 09:37:07.650,3.346,500
2020-11-03 09:37:07.680,3.346,96900
2020-11-03 09:37:07.680,3.346,10000
2020-11-03 09:37:07.680,3.346,5000
2020-11-03 09:37:07.680,3.346,8500
2020-11-03 09:37:07.680,3.346,6200
2020-11-03 09:37:07.870,3.346,16900
2020-11-03 09:37:08.270,3.347,30000
2020-11-03 09:37:09.860,3.347,23200
2020-11-03 09:37:09.860,3.347,300
2020-11-03 09:37:09.860,3.347,4000
2020-11-03 09:37:09.860,3.347,3000
2020-11-03 09:37:09.860,3.347,1000
2020-11-03 09:37:09.860,3.347,5500
2020-11-03 09:37:09.860,3.347,12800
2020-11-03 09:37:09.860,3.347,2000
2020-11-03 09:37:09.860,3.347,100
2020-11-03 09:37:09.860,3.347,1200
2020-11-03 09:37:09.860,3.347,5000
2020-11-03 09:37:09.860,3.347,5000
2020-11-03 09:37:09.860,3.347,100
2020-11-03 09:37:09.860,3.347,2000
2020-11-03 09:37:09.860,3.347,1000
2020-11-03 09:37:09.860,3.347,5000
2020-11-03 09:37:09.860,3.347,5500
2020-11-03 09:37:09.860,3.347,5000
2020-11-03 09:37:09.860,3.347,1700
2020-11-03 09:37:09.860,3.347,100
2020-11-03 09:37:09.860,3.347,5000
2020-11-03 09:37:09.860,3.347,1500
2020-11-03 09:37:09.890,3.347,9500
2020-11-03 09:37:10.480,3.346,800
2020-11-03 09:37:10.480,3.346,2000
2020-11-03 09:37:10.480,3.346,500
2020-11-03 09:37:10.480,3.346,26700
2020-11-03 09:37:10.540,3.347,1000
2020-11-03 09:37:10.580,3.346,4500
2020-11-03 09:37:10.630,3.347,3300
2020-11-03 09:37:10.630,3.347,200
2020-11-03 09:37:10.630,3.347,3000
2020-11-03 09:37:10.630,3.347,20000
2020-11-03 09:37:10.630,3.347,13500
2020-11-03 09:37:11.950,3.346,1500
2020-11-03 09:37:12.010,3.346,17300
2020-11-03 09:37:13.550,3.346,30000
2020-11-03 09:37:14.280,3.346,500
2020-11-03 09:37:14.400,3.346,100
2020-11-03 09:37:17.160,3.346,1000
2020-11-03 09:37:17.820,3.345,5000
2020-11-03 09:37:18.600,3.346,25500
2020-11-03 09:37:18.600,3.346,30000
2020-11-03 09:37:18.600,3.346,4500
2020-11-03 09:37:18.700,3.346,5500
2020-11-03 09:37:18.700,3.346,5000
2020-11-03 09:37:18.700,3.346,8000
2020-11-03 09:37:18.700,3.346,100
2020-11-03 09:37:18.700,3.346,2000
2020-11-03 09:37:18.700,3.346,4700
