Datetime,Price,Volume
2020-11-03 09:25:00.670,4.8,300
2020-11-03 09:25:00.670,4.8,20400
2020-11-03 09:25:00.670,4.8,4600
2020-11-03 09:25:00.670,4.8,4800
2020-11-03 09:25:00.670,4.8,3700
2020-11-03 09:25:00.670,4.8,2600
2020-11-03 09:25:00.670,4.8,7400
2020-11-03 09:25:00.670,4.8,5000
2020-11-03 09:25:00.670,4.8,2900
2020-11-03 09:25:00.670,4.8,2100
2020-11-03 09:25:00.670,4.8,4700
2020-11-03 09:25:00.670,4.8,8000
2020-11-03 09:25:00.670,4.8,2300
2020-11-03 09:25:00.670,4.8,200
2020-11-03 09:25:00.670,4.8,800
2020-11-03 09:25:00.670,4.8,4300
2020-11-03 09:25:00.670,4.8,1500
2020-11-03 09:25:00.670,4.8,1500
2020-11-03 09:25:00.670,4.8,2300
2020-11-03 09:25:00.670,4.8,3700
2020-11-03 09:25:00.670,4.8,100
2020-11-03 09:25:00.670,4.8,500
2020-11-03 09:25:00.670,4.8,1800
2020-11-03 09:25:00.670,4.8,45000
2020-11-03 09:25:00.670,4.8,15000
2020-11-03 09:25:00.670,4.8,7700
2020-11-03 09:25:00.670,4.8,12300
2020-11-03 09:25:00.670,4.8,10000
2020-11-03 09:25:00.670,4.8,2000
2020-11-03 09:25:00.670,4.8,300
2020-11-03 09:25:00.670,4.8,14500
2020-11-03 09:25:00.670,4.8,20000
2020-11-03 09:25:00.670,4.8,60000
2020-11-03 09:25:00.670,4.8,10500
2020-11-03 09:25:00.670,4.8,200
2020-11-03 09:25:00.670,4.8,100
2020-11-03 09:25:00.670,4.8,25000
2020-11-03 09:25:00.670,4.8,29300
2020-11-03 09:25:00.670,4.8,3000
2020-11-03 09:25:00.670,4.8,10000
2020-11-03 09:25:00.670,4.8,23700
2020-11-03 09:25:00.670,4.8,4200
2020-11-03 09:25:00.670,4.8,100
2020-11-03 09:25:00.670,4.8,400
2020-11-03 09:25:00.670,4.8,3200
2020-11-03 09:25:00.670,4.8,1800
2020-11-03 09:25:00.670,4.8,43300
2020-11-03 09:25:00.670,4.8,900
2020-11-03 09:25:00.670,4.8,200
2020-11-03 09:25:00.670,4.8,3800
2020-11-03 09:25:00.670,4.8,5000
2020-11-03 09:25:00.670,4.8,1200
2020-11-03 09:25:00.670,4.8,1500
2020-11-03 09:25:00.670,4.8,100
2020-11-03 09:25:00.670,4.8,500
2020-11-03 09:25:00.670,4.8,1000
2020-11-03 09:25:00.670,4.8,100
2020-11-03 09:25:00.670,4.8,700
2020-11-03 09:25:00.670,4.8,300
2020-11-03 09:25:00.670,4.8,100
2020-11-03 09:25:00.670,4.8,700
2020-11-03 09:25:00.670,4.8,100
2020-11-03 09:25:00.670,4.8,500
2020-11-03 09:25:00.670,4.8,100
2020-11-03 09:25:00.670,4.8,100
2020-11-03 09:25:00.670,4.8,500
2020-11-03 09:25:00.670,4.8,400
2020-11-03 09:25:00.670,4.8,300
2020-11-03 09:25:00.670,4.8,200
2020-11-03 09:25:00.670,4.8,200
2020-11-03 09:25:00.670,4.8,100
2020-11-03 09:25:00.670,4.8,100
2020-11-03 09:25:00.670,4.8,100
2020-11-03 09:25:00.670,4.8,100
2020-11-03 09:25:00.670,4.8,200
2020-11-03 09:25:00.670,4.8,100
2020-11-03 09:25:00.670,4.8,7500
2020-11-03 09:25:00.670,4.8,300
2020-11-03 09:25:00.670,4.8,6800
2020-11-03 09:25:00.670,4.8,5200
2020-11-03 09:25:00.670,4.8,500
2020-11-03 09:25:00.670,4.8,6500
2020-11-03 09:25:00.670,4.8,100
2020-11-03 09:25:00.670,4.8,100
2020-11-03 09:25:00.670,4.8,3000
2020-11-03 09:25:00.670,4.8,100
2020-11-03 09:25:00.670,4.8,10600
2020-11-03 09:25:00.670,4.8,4400
2020-11-03 09:25:00.670,4.8,10000
2020-11-03 09:25:00.670,4.8,600
2020-11-03 09:25:00.670,4.8,25000
2020-11-03 09:25:00.670,4.8,7500
2020-11-03 09:25:00.670,4.8,100
2020-11-03 09:25:00.670,4.8,10000
2020-11-03 09:25:00.670,4.8,2000
2020-11-03 09:25:00.670,4.8,3000
2020-11-03 09:25:00.670,4.8,100
2020-11-03 09:25:00.670,4.8,100
2020-11-03 09:25:00.670,4.8,100
2020-11-03 09:25:00.670,4.8,100
2020-11-03 09:25:00.670,4.8,300
2020-11-03 09:25:00.670,4.8,1100
2020-11-03 09:25:00.670,4.8,1900
2020-11-03 09:25:00.670,4.8,48100
2020-11-03 09:25:00.670,4.8,1900
2020-11-03 09:25:00.670,4.8,300
2020-11-03 09:25:00.670,4.8,1000
2020-11-03 09:25:00.670,4.8,300
2020-11-03 09:25:00.670,4.8,2500
2020-11-03 09:25:00.670,4.8,100
2020-11-03 09:25:00.670,4.8,100
2020-11-03 09:25:00.670,4.8,800
2020-11-03 09:25:00.670,4.8,1000
2020-11-03 09:25:00.670,4.8,100
2020-11-03 09:25:00.670,4.8,100
2020-11-03 09:25:00.670,4.8,100
2020-11-03 09:25:00.670,4.8,5000
2020-11-03 09:25:00.670,4.8,100
2020-11-03 09:25:00.670,4.8,800
2020-11-03 09:25:00.670,4.8,3000
2020-11-03 09:25:00.670,4.8,1200
2020-11-03 09:25:00.670,4.8,19700
2020-11-03 09:25:00.670,4.8,2000
2020-11-03 09:25:00.670,4.8,16100
2020-11-03 09:25:00.670,4.8,5000
2020-11-03 09:25:00.670,4.8,1000
2020-11-03 09:25:00.670,4.8,16900
2020-11-03 09:25:00.670,4.8,12000
2020-11-03 09:25:00.670,4.8,21100
2020-11-03 09:25:00.670,4.8,17900
2020-11-03 09:25:00.670,4.8,6000
2020-11-03 09:25:00.670,4.8,26100
2020-11-03 09:25:00.670,4.8,5000
2020-11-03 09:25:00.670,4.8,4300
2020-11-03 09:25:00.670,4.8,700
2020-11-03 09:25:00.670,4.8,1000
2020-11-03 09:25:00.670,4.8,1200
2020-11-03 09:25:00.670,4.8,100
2020-11-03 09:25:00.670,4.8,1000
2020-11-03 09:25:00.670,4.8,16000
2020-11-03 09:25:00.670,4.8,2500
2020-11-03 09:25:00.670,4.8,2000
2020-11-03 09:25:00.670,4.8,700
2020-11-03 09:25:00.670,4.8,100
2020-11-03 09:25:00.670,4.8,500
2020-11-03 09:25:00.670,4.8,5000
2020-11-03 09:25:00.670,4.8,20000
2020-11-03 09:25:00.670,4.8,3200
2020-11-03 09:25:00.670,4.8,16800
2020-11-03 09:25:00.670,4.8,40000
2020-11-03 09:25:00.670,4.8,20000
2020-11-03 09:25:00.670,4.8,23200
2020-11-03 09:25:00.670,4.8,50000
2020-11-03 09:25:00.670,4.8,50000
2020-11-03 09:25:00.670,4.8,6800
2020-11-03 09:25:00.670,4.8,1000
2020-11-03 09:25:00.670,4.8,400
2020-11-03 09:25:00.670,4.8,500
2020-11-03 09:25:00.670,4.8,1000
2020-11-03 09:25:00.670,4.8,300
2020-11-03 09:25:00.670,4.8,200
2020-11-03 09:25:00.670,4.8,5000
2020-11-03 09:25:00.670,4.8,4500
2020-11-03 09:25:00.670,4.8,15500
2020-11-03 09:25:00.670,4.8,20000
2020-11-03 09:25:00.670,4.8,4500
2020-11-03 09:25:00.670,4.8,500
2020-11-03 09:25:00.670,4.8,3600
2020-11-03 09:25:00.670,4.8,6400
2020-11-03 09:25:00.670,4.8,10000
2020-11-03 09:25:00.670,4.8,15000
2020-11-03 09:25:00.670,4.8,1000
2020-11-03 09:25:00.670,4.8,10000
2020-11-03 09:25:00.670,4.8,1900
2020-11-03 09:25:00.670,4.8,8200
2020-11-03 09:25:00.670,4.8,1800
2020-11-03 09:25:00.670,4.8,6500
2020-11-03 09:25:00.670,4.8,100
2020-11-03 09:25:00.670,4.8,1600
2020-11-03 09:25:00.670,4.8,200
2020-11-03 09:25:00.670,4.8,400
2020-11-03 09:25:00.670,4.8,300
2020-11-03 09:25:00.670,4.8,25000
2020-11-03 09:25:00.670,4.8,2500
2020-11-03 09:25:00.670,4.8,2000
2020-11-03 09:25:00.670,4.8,4400
2020-11-03 09:25:00.670,4.8,300
2020-11-03 09:25:00.670,4.8,1000
2020-11-03 09:25:00.670,4.8,10000
2020-11-03 09:25:00.670,4.8,200
2020-11-03 09:25:00.670,4.8,300
2020-11-03 09:25:00.670,4.8,19600
2020-11-03 09:25:00.670,4.8,500
2020-11-03 09:25:00.670,4.8,59200
2020-11-03 09:25:00.670,4.8,1000
2020-11-03 09:25:00.670,4.8,800
2020-11-03 09:25:00.670,4.8,1000
2020-11-03 09:25:00.670,4.8,3000
2020-11-03 09:25:00.670,4.8,100
2020-11-03 09:25:00.670,4.8,100
2020-11-03 09:25:00.670,4.8,1200
2020-11-03 09:25:00.670,4.8,3000
2020-11-03 09:25:00.670,4.8,100
2020-11-03 09:25:00.670,4.8,2000
2020-11-03 09:25:00.670,4.8,6400
2020-11-03 09:25:00.670,4.8,3600
2020-11-03 09:25:00.670,4.8,200
2020-11-03 09:25:00.670,4.8,2000
2020-11-03 09:25:00.670,4.8,5000
2020-11-03 09:25:00.670,4.8,60700
2020-11-03 09:25:00.670,4.8,3000
2020-11-03 09:25:00.670,4.8,200
2020-11-03 09:25:00.670,4.8,5300
2020-11-03 09:25:00.670,4.8,53300
2020-11-03 09:25:00.670,4.8,2100
2020-11-03 09:25:00.670,4.8,200
2020-11-03 09:25:00.670,4.8,600
2020-11-03 09:25:00.670,4.8,5000
2020-11-03 09:25:00.670,4.8,5000
2020-11-03 09:25:00.670,4.8,200
2020-11-03 09:25:00.670,4.8,53300
2020-11-03 09:25:00.670,4.8,1000
2020-11-03 09:25:00.670,4.8,100
2020-11-03 09:25:00.670,4.8,2000
2020-11-03 09:25:00.670,4.8,104300
2020-11-03 09:30:00.050,4.8,138400
2020-11-03 09:30:00.050,4.8,300
2020-11-03 09:30:00.100,4.8,300000
2020-11-03 09:30:00.190,4.8,54200
2020-11-03 09:30:00.190,4.8,600
2020-11-03 09:30:00.190,4.8,4000
2020-11-03 09:30:00.190,4.8,2500
2020-11-03 09:30:00.190,4.8,75900
2020-11-03 09:30:00.190,4.8,10000
2020-11-03 09:30:00.190,4.8,500
2020-11-03 09:30:00.190,4.8,2000
2020-11-03 09:30:00.190,4.8,2600
2020-11-03 09:30:00.190,4.8,2500
2020-11-03 09:30:00.190,4.8,2000
2020-11-03 09:30:00.190,4.8,6900
2020-11-03 09:30:00.220,4.801,200
2020-11-03 09:30:00.390,4.8,4600
2020-11-03 09:30:00.460,4.8,100
2020-11-03 09:30:00.460,4.801,2300
2020-11-03 09:30:00.460,4.801,800
2020-11-03 09:30:00.460,4.801,100
2020-11-03 09:30:00.460,4.801,100
2020-11-03 09:30:00.460,4.801,300
2020-11-03 09:30:00.590,4.8,200
2020-11-03 09:30:00.670,4.8,2500
2020-11-03 09:30:00.670,4.8,30000
2020-11-03 09:30:00.760,4.801,1100
2020-11-03 09:30:00.760,4.801,1400
2020-11-03 09:30:00.760,4.801,2500
2020-11-03 09:30:00.760,4.801,2400
2020-11-03 09:30:00.760,4.802,100
2020-11-03 09:30:00.760,4.802,5000
2020-11-03 09:30:00.760,4.802,3000
2020-11-03 09:30:00.760,4.802,200
2020-11-03 09:30:00.760,4.803,1000
2020-11-03 09:30:00.760,4.802,3000
2020-11-03 09:30:00.760,4.802,29200
2020-11-03 09:30:00.990,4.802,2000
2020-11-03 09:30:00.990,4.802,300
2020-11-03 09:30:00.990,4.802,100
2020-11-03 09:30:01.110,4.802,10000
2020-11-03 09:30:01.110,4.802,8000
2020-11-03 09:30:01.110,4.802,157500
2020-11-03 09:30:01.110,4.803,1000
2020-11-03 09:30:01.110,4.802,70200
2020-11-03 09:30:01.110,4.8,600
2020-11-03 09:30:01.230,4.801,4000
2020-11-03 09:30:01.230,4.803,1000
2020-11-03 09:30:01.230,4.803,500
2020-11-03 09:30:01.230,4.803,5000
2020-11-03 09:30:01.230,4.803,2500
2020-11-03 09:30:01.230,4.803,5500
2020-11-03 09:30:01.230,4.803,10000
2020-11-03 09:30:01.230,4.804,1000
2020-11-03 09:30:01.230,4.804,500
2020-11-03 09:30:01.230,4.804,10000
2020-11-03 09:30:01.230,4.804,3000
2020-11-03 09:30:01.360,4.801,100
2020-11-03 09:30:01.360,4.802,800
2020-11-03 09:30:01.720,4.801,15000
2020-11-03 09:30:01.720,4.801,6000
2020-11-03 09:30:01.840,4.801,27500
2020-11-03 09:30:01.840,4.801,2500
2020-11-03 09:30:01.950,4.801,4300
2020-11-03 09:30:01.950,4.801,15000
2020-11-03 09:30:02.060,4.802,4200
2020-11-03 09:30:02.060,4.802,300
2020-11-03 09:30:02.060,4.802,4900
2020-11-03 09:30:02.140,4.802,7000
2020-11-03 09:30:02.210,4.802,1000
2020-11-03 09:30:02.210,4.802,5000
2020-11-03 09:30:02.280,4.802,1100
2020-11-03 09:30:02.280,4.802,7000
2020-11-03 09:30:02.480,4.802,14800
2020-11-03 09:30:02.480,4.802,1700
2020-11-03 09:30:02.600,4.802,6000
2020-11-03 09:30:02.710,4.802,4000
2020-11-03 09:30:02.710,4.802,4100
2020-11-03 09:30:02.710,4.802,4000
2020-11-03 09:30:02.710,4.803,100
2020-11-03 09:30:02.710,4.804,2000
2020-11-03 09:30:02.710,4.804,700
2020-11-03 09:30:02.790,4.802,3000
2020-11-03 09:30:02.790,4.802,500
2020-11-03 09:30:02.790,4.804,2200
2020-11-03 09:30:02.790,4.804,700
2020-11-03 09:30:02.790,4.804,300
2020-11-03 09:30:02.790,4.804,1000
2020-11-03 09:30:02.790,4.804,2000
2020-11-03 09:30:02.840,4.802,50300
2020-11-03 09:30:02.920,4.804,3000
2020-11-03 09:30:02.920,4.804,7000
2020-11-03 09:30:03.220,4.803,1000
2020-11-03 09:30:03.270,4.803,3000
2020-11-03 09:30:03.560,4.803,500
2020-11-03 09:30:03.790,4.803,2700
2020-11-03 09:30:03.860,4.803,17300
2020-11-03 09:30:03.860,4.803,3600
2020-11-03 09:30:03.940,4.804,2000
2020-11-03 09:30:04.050,4.803,100
2020-11-03 09:30:04.050,4.803,26300
2020-11-03 09:30:04.050,4.802,3000
2020-11-03 09:30:04.050,4.802,20700
2020-11-03 09:30:04.130,4.802,5000
2020-11-03 09:30:04.440,4.802,400
2020-11-03 09:30:04.440,4.804,6000
2020-11-03 09:30:04.440,4.804,3000
2020-11-03 09:30:04.440,4.804,500
2020-11-03 09:30:04.440,4.804,6000
2020-11-03 09:30:04.440,4.804,200
2020-11-03 09:30:04.440,4.804,5000
2020-11-03 09:30:04.440,4.804,10000
2020-11-03 09:30:04.440,4.804,200
2020-11-03 09:30:04.440,4.804,6000
2020-11-03 09:30:04.440,4.805,100
2020-11-03 09:30:04.440,4.805,100
2020-11-03 09:30:04.440,4.805,6000
2020-11-03 09:30:04.440,4.805,100
2020-11-03 09:30:04.440,4.805,1200
2020-11-03 09:30:04.440,4.805,1100
2020-11-03 09:30:04.440,4.805,5000
2020-11-03 09:30:04.440,4.805,200
2020-11-03 09:30:04.440,4.805,500
2020-11-03 09:30:04.440,4.805,100
2020-11-03 09:30:04.440,4.805,300
2020-11-03 09:30:04.440,4.805,200
2020-11-03 09:30:04.440,4.805,30000
2020-11-03 09:30:04.440,4.805,100
2020-11-03 09:30:04.440,4.805,1000
2020-11-03 09:30:04.440,4.805,2000
2020-11-03 09:30:04.440,4.805,500
2020-11-03 09:30:04.440,4.805,100
2020-11-03 09:30:04.440,4.805,3000
2020-11-03 09:30:04.440,4.806,3000
2020-11-03 09:30:04.440,4.806,1000
2020-11-03 09:30:04.440,4.806,1000
2020-11-03 09:30:04.440,4.806,3800
2020-11-03 09:30:04.440,4.806,13000
2020-11-03 09:30:04.440,4.807,2500
2020-11-03 09:30:04.440,4.807,16000
2020-11-03 09:30:04.440,4.807,2500
2020-11-03 09:30:04.440,4.807,600
2020-11-03 09:30:04.440,4.807,700
2020-11-03 09:30:04.440,4.807,1000
2020-11-03 09:30:04.440,4.807,5000
2020-11-03 09:30:04.440,4.807,7000
2020-11-03 09:30:04.440,4.807,5000
2020-11-03 09:30:04.440,4.807,1300
2020-11-03 09:30:04.440,4.808,5000
2020-11-03 09:30:04.440,4.808,5000
2020-11-03 09:30:04.440,4.808,2500
2020-11-03 09:30:04.440,4.808,3800
2020-11-03 09:30:04.440,4.808,300
2020-11-03 09:30:04.440,4.808,4200
2020-11-03 09:30:04.440,4.808,5000
2020-11-03 09:30:04.440,4.808,500
2020-11-03 09:30:04.440,4.808,6000
2020-11-03 09:30:04.440,4.808,500
2020-11-03 09:30:04.440,4.808,10000
2020-11-03 09:30:04.440,4.808,20000
2020-11-03 09:30:04.440,4.808,25000
2020-11-03 09:30:04.440,4.808,5000
2020-11-03 09:30:04.440,4.808,10000
2020-11-03 09:30:04.440,4.808,9000
2020-11-03 09:30:04.440,4.808,10000
2020-11-03 09:30:04.440,4.809,2000
2020-11-03 09:30:04.440,4.809,1100
2020-11-03 09:30:04.440,4.809,23200
2020-11-03 09:30:05.140,4.806,500
2020-11-03 09:30:05.440,4.808,25000
2020-11-03 09:30:05.440,4.809,48200
2020-11-03 09:30:05.440,4.809,31000
2020-11-03 09:30:05.440,4.809,23800
2020-11-03 09:30:05.440,4.809,2500
2020-11-03 09:30:05.440,4.809,2200
2020-11-03 09:30:05.440,4.809,100
2020-11-03 09:30:05.440,4.809,500
2020-11-03 09:30:05.440,4.809,5000
2020-11-03 09:30:05.440,4.809,100
2020-11-03 09:30:05.440,4.809,1000
2020-11-03 09:30:05.440,4.809,50000
2020-11-03 09:30:05.440,4.809,1300
2020-11-03 09:30:05.550,4.809,3000
2020-11-03 09:30:06.010,4.809,1000
2020-11-03 09:30:06.080,4.809,300
2020-11-03 09:30:06.110,4.809,200
2020-11-03 09:30:06.320,4.809,12000
2020-11-03 09:30:06.480,4.809,2500
2020-11-03 09:30:06.670,4.809,1000
2020-11-03 09:30:06.670,4.81,3300
2020-11-03 09:30:06.670,4.81,700
2020-11-03 09:30:06.710,4.81,3000
2020-11-03 09:30:06.770,4.809,2000
2020-11-03 09:30:06.910,4.81,2800
2020-11-03 09:30:06.910,4.81,1200
2020-11-03 09:30:06.980,4.809,1000
2020-11-03 09:30:07.220,4.809,87400
2020-11-03 09:30:07.220,4.808,62600
2020-11-03 09:30:07.320,4.808,3000
2020-11-03 09:30:07.320,4.808,1000
2020-11-03 09:30:07.680,4.809,2000
2020-11-03 09:30:07.750,4.809,10000
2020-11-03 09:30:07.780,4.809,100
2020-11-03 09:30:08.010,4.809,3000
2020-11-03 09:30:08.050,4.809,100
2020-11-03 09:30:08.460,4.81,800
2020-11-03 09:30:08.460,4.81,100
2020-11-03 09:30:08.460,4.81,500
2020-11-03 09:30:08.460,4.81,3200
2020-11-03 09:30:08.460,4.81,300
2020-11-03 09:30:08.560,4.81,2500
2020-11-03 09:30:08.560,4.81,500
2020-11-03 09:30:08.560,4.81,100
2020-11-03 09:30:08.560,4.81,2000
2020-11-03 09:30:08.560,4.81,80000
2020-11-03 09:30:08.560,4.81,3000
2020-11-03 09:30:08.560,4.81,400
2020-11-03 09:30:08.560,4.81,1100
2020-11-03 09:30:08.560,4.81,200
2020-11-03 09:30:08.560,4.81,4000
2020-11-03 09:30:08.560,4.81,5000
2020-11-03 09:30:08.560,4.81,800
2020-11-03 09:30:08.560,4.81,6000
2020-11-03 09:30:08.560,4.81,10000
2020-11-03 09:30:08.560,4.81,300
2020-11-03 09:30:08.560,4.81,1000
2020-11-03 09:30:08.560,4.81,23800
2020-11-03 09:30:08.560,4.81,2000
2020-11-03 09:30:08.560,4.81,500
2020-11-03 09:30:08.560,4.81,3000
2020-11-03 09:30:08.560,4.81,200
2020-11-03 09:30:08.560,4.81,2000
2020-11-03 09:30:08.560,4.81,4000
2020-11-03 09:30:08.560,4.81,600
2020-11-03 09:30:08.560,4.81,300
2020-11-03 09:30:08.560,4.81,200
2020-11-03 09:30:08.560,4.81,1200
2020-11-03 09:30:08.560,4.81,6000
2020-11-03 09:30:08.560,4.81,3000
2020-11-03 09:30:08.560,4.81,100
2020-11-03 09:30:08.560,4.81,5000
2020-11-03 09:30:08.560,4.81,1000
2020-11-03 09:30:08.560,4.81,2000
2020-11-03 09:30:08.560,4.81,3000
2020-11-03 09:30:08.560,4.81,300
2020-11-03 09:30:08.560,4.81,500
2020-11-03 09:30:08.560,4.81,5000
2020-11-03 09:30:08.560,4.81,1000
2020-11-03 09:30:08.560,4.81,200
2020-11-03 09:30:08.560,4.81,1400
2020-11-03 09:30:08.750,4.81,20000
2020-11-03 09:30:08.970,4.81,300
2020-11-03 09:30:08.970,4.81,12600
2020-11-03 09:30:09.040,4.809,5000
2020-11-03 09:30:09.270,4.809,900
2020-11-03 09:30:09.900,4.81,12200
2020-11-03 09:30:09.900,4.811,10000
2020-11-03 09:30:09.900,4.812,100
2020-11-03 09:30:09.900,4.812,10000
2020-11-03 09:30:09.900,4.812,300
2020-11-03 09:30:09.900,4.812,1200
2020-11-03 09:30:09.900,4.812,12900
2020-11-03 09:30:09.900,4.813,7600
2020-11-03 09:30:10.140,4.808,4000
2020-11-03 09:30:10.140,4.808,5000
2020-11-03 09:30:10.460,4.808,100
2020-11-03 09:30:11.000,4.808,18000
2020-11-03 09:30:11.210,4.808,22900
2020-11-03 09:30:11.210,4.808,700
2020-11-03 09:30:11.210,4.807,7000
2020-11-03 09:30:11.240,4.807,100
2020-11-03 09:30:11.310,4.807,20000
2020-11-03 09:30:11.350,4.807,700
2020-11-03 09:30:11.610,4.809,500
2020-11-03 09:30:11.710,4.809,500
2020-11-03 09:30:11.870,4.809,6300
2020-11-03 09:30:12.550,4.808,10000
2020-11-03 09:30:12.620,4.808,20000
2020-11-03 09:30:12.790,4.808,1400
2020-11-03 09:30:12.920,4.81,3500
2020-11-03 09:30:13.090,4.81,30000
2020-11-03 09:30:13.190,4.807,1500
2020-11-03 09:30:13.350,4.807,2000
2020-11-03 09:30:13.440,4.807,200
2020-11-03 09:30:13.580,4.807,300
2020-11-03 09:30:14.190,4.807,9900
2020-11-03 09:30:14.260,4.807,50000
2020-11-03 09:30:14.290,4.807,18300
2020-11-03 09:30:14.290,4.807,31700
2020-11-03 09:30:14.320,4.807,4100
2020-11-03 09:30:14.480,4.808,3300
2020-11-03 09:30:14.480,4.808,2600
2020-11-03 09:30:14.480,4.809,31300
2020-11-03 09:30:14.480,4.809,10000
2020-11-03 09:30:14.480,4.809,2000
2020-11-03 09:30:14.480,4.81,54100
2020-11-03 09:30:14.540,4.81,12400
2020-11-03 09:30:14.540,4.81,2000
2020-11-03 09:30:14.540,4.81,1000
2020-11-03 09:30:14.540,4.813,48500
2020-11-03 09:30:14.540,4.813,700
2020-11-03 09:30:14.540,4.813,7000
2020-11-03 09:30:14.540,4.813,28400
2020-11-03 09:30:15.490,4.808,100
2020-11-03 09:30:15.560,4.806,2000
2020-11-03 09:30:15.700,4.806,1000
2020-11-03 09:30:15.730,4.806,1400
2020-11-03 09:30:15.840,4.806,1600
2020-11-03 09:30:15.840,4.806,2400
2020-11-03 09:30:15.840,4.806,50000
2020-11-03 09:30:15.900,4.808,1900
2020-11-03 09:30:15.900,4.809,900
2020-11-03 09:30:15.900,4.809,200
2020-11-03 09:30:15.900,4.81,1000
2020-11-03 09:30:15.900,4.811,2000
2020-11-03 09:30:15.900,4.812,2300
2020-11-03 09:30:15.900,4.812,1700
2020-11-03 09:30:15.940,4.812,3400
2020-11-03 09:30:16.480,4.808,2300
2020-11-03 09:30:16.550,4.81,500
2020-11-03 09:30:16.640,4.808,50000
2020-11-03 09:30:16.640,4.804,800
2020-11-03 09:30:16.640,4.804,1200
2020-11-03 09:30:16.710,4.81,1000
2020-11-03 09:30:16.710,4.81,500
2020-11-03 09:30:16.710,4.81,1500
2020-11-03 09:30:16.710,4.81,1500
2020-11-03 09:30:16.710,4.812,5500
2020-11-03 09:30:16.770,4.804,2000
2020-11-03 09:30:16.770,4.804,2000
2020-11-03 09:30:16.830,4.804,2000
2020-11-03 09:30:17.010,4.804,2600
2020-11-03 09:30:17.070,4.804,2400
2020-11-03 09:30:17.100,4.804,11700
2020-11-03 09:30:17.300,4.804,1000
2020-11-03 09:30:17.300,4.803,6000
2020-11-03 09:30:17.430,4.806,800
2020-11-03 09:30:17.430,4.806,3000
2020-11-03 09:30:17.430,4.808,13200
2020-11-03 09:30:17.530,4.803,100
2020-11-03 09:30:17.650,4.803,100
2020-11-03 09:30:17.650,4.808,1100
2020-11-03 09:30:17.740,4.805,500
2020-11-03 09:30:17.860,4.806,3100
2020-11-03 09:30:17.860,4.808,16700
2020-11-03 09:30:18.610,4.805,1500
2020-11-03 09:30:19.000,4.806,1000
2020-11-03 09:30:19.340,4.806,1000
2020-11-03 09:30:19.820,4.808,10000
2020-11-03 09:30:19.970,4.808,6400
2020-11-03 09:30:20.160,4.806,1000
2020-11-03 09:30:20.160,4.808,200000
2020-11-03 09:30:20.370,4.806,600
2020-11-03 09:30:20.450,4.808,200
2020-11-03 09:30:20.760,4.806,500
2020-11-03 09:30:20.790,4.806,2000
2020-11-03 09:30:21.000,4.806,200
2020-11-03 09:30:21.000,4.807,1000
2020-11-03 09:30:21.000,4.808,200
2020-11-03 09:30:21.000,4.806,500
2020-11-03 09:30:21.070,4.806,100
2020-11-03 09:30:21.100,4.806,4100
2020-11-03 09:30:21.130,4.806,300
2020-11-03 09:30:21.260,4.806,3700
2020-11-03 09:30:21.520,4.806,4100
2020-11-03 09:30:21.940,4.808,4100
2020-11-03 09:30:22.080,4.806,78800
2020-11-03 09:30:22.170,4.806,2100
2020-11-03 09:30:22.170,4.804,2000
2020-11-03 09:30:23.430,4.808,8100
2020-11-03 09:30:23.520,4.804,50000
2020-11-03 09:30:23.960,4.808,100
2020-11-03 09:30:24.690,4.806,500
2020-11-03 09:30:24.750,4.805,500
2020-11-03 09:30:24.930,4.805,1000
2020-11-03 09:30:25.080,4.805,600
2020-11-03 09:30:25.080,4.805,1000
2020-11-03 09:30:25.080,4.805,200
2020-11-03 09:30:25.080,4.805,500
2020-11-03 09:30:25.140,4.805,400
2020-11-03 09:30:25.140,4.805,1000
2020-11-03 09:30:25.170,4.805,1000
2020-11-03 09:30:25.510,4.805,2000
2020-11-03 09:30:25.670,4.804,10100
2020-11-03 09:30:25.700,4.806,1500
2020-11-03 09:30:25.700,4.806,3000
2020-11-03 09:30:25.700,4.806,2000
2020-11-03 09:30:25.700,4.806,593500
2020-11-03 09:30:25.730,4.806,41500
2020-11-03 09:30:26.130,4.806,291800
2020-11-03 09:30:26.320,4.804,1000
2020-11-03 09:30:26.750,4.806,3500
2020-11-03 09:30:27.570,4.805,22300
2020-11-03 09:30:27.570,4.806,69700
2020-11-03 09:30:27.570,4.806,1000
2020-11-03 09:30:27.570,4.806,31300
2020-11-03 09:30:27.570,4.806,10000
2020-11-03 09:30:27.570,4.807,17700
2020-11-03 09:30:27.570,4.807,500
2020-11-03 09:30:27.570,4.807,3000
2020-11-03 09:30:27.570,4.807,21800
2020-11-03 09:30:27.570,4.808,39900
2020-11-03 09:30:27.570,4.808,40000
2020-11-03 09:30:27.570,4.808,24100
2020-11-03 09:30:27.570,4.808,50000
2020-11-03 09:30:27.570,4.808,25000
2020-11-03 09:30:27.570,4.808,600
2020-11-03 09:30:27.570,4.808,1000
2020-11-03 09:30:27.570,4.808,2500
2020-11-03 09:30:27.570,4.808,3300
2020-11-03 09:30:27.570,4.809,20000
2020-11-03 09:30:27.570,4.809,5000
2020-11-03 09:30:27.570,4.809,5000
2020-11-03 09:30:27.570,4.809,7000
2020-11-03 09:30:27.570,4.809,5000
2020-11-03 09:30:27.570,4.809,500
2020-11-03 09:30:27.570,4.809,600
2020-11-03 09:30:27.570,4.809,1000
2020-11-03 09:30:27.570,4.809,5000
2020-11-03 09:30:27.850,4.809,10000
2020-11-03 09:30:28.470,4.809,10000
2020-11-03 09:30:28.550,4.809,600
2020-11-03 09:30:28.610,4.81,1000
2020-11-03 09:30:28.610,4.81,3000
2020-11-03 09:30:28.610,4.81,10000
2020-11-03 09:30:28.610,4.81,5000
2020-11-03 09:30:28.930,4.81,11300
2020-11-03 09:30:29.400,4.81,50000
2020-11-03 09:30:29.720,4.809,3700
2020-11-03 09:30:29.750,4.809,1000
2020-11-03 09:30:30.230,4.811,300
2020-11-03 09:30:30.700,4.809,4100
2020-11-03 09:30:30.880,4.809,184100
2020-11-03 09:30:31.170,4.811,700
2020-11-03 09:30:31.170,4.812,1900
2020-11-03 09:30:31.170,4.812,2500
2020-11-03 09:30:31.170,4.812,10000
2020-11-03 09:30:31.170,4.812,4000
2020-11-03 09:30:31.170,4.812,40000
2020-11-03 09:30:31.170,4.812,50000
2020-11-03 09:30:31.170,4.812,300
2020-11-03 09:30:31.170,4.812,5000
2020-11-03 09:30:31.170,4.812,185600
2020-11-03 09:30:31.270,4.809,200
2020-11-03 09:30:31.920,4.809,180000
2020-11-03 09:30:32.430,4.81,3000
2020-11-03 09:30:32.430,4.812,1200
2020-11-03 09:30:32.950,4.808,4000
2020-11-03 09:30:33.040,4.808,1000
2020-11-03 09:30:33.040,4.808,3100
2020-11-03 09:30:33.540,4.808,500
2020-11-03 09:30:34.200,4.808,1000
2020-11-03 09:30:34.720,4.808,400
2020-11-03 09:30:34.720,4.808,1600
2020-11-03 09:30:34.830,4.809,500
2020-11-03 09:30:35.070,4.809,9500
2020-11-03 09:30:35.470,4.809,300
2020-11-03 09:30:36.000,4.808,200000
2020-11-03 09:30:36.090,4.809,800
2020-11-03 09:30:36.350,4.809,200
2020-11-03 09:30:36.710,4.808,8600
2020-11-03 09:30:37.350,4.809,100
2020-11-03 09:30:37.410,4.809,20000
2020-11-03 09:30:37.920,4.808,2100
2020-11-03 09:30:38.200,4.808,46600
2020-11-03 09:30:38.350,4.808,10000
2020-11-03 09:30:38.730,4.808,6000
2020-11-03 09:30:38.970,4.808,27400
2020-11-03 09:30:38.970,4.808,1600
2020-11-03 09:30:38.970,4.805,3000
2020-11-03 09:30:38.970,4.805,46800
2020-11-03 09:30:40.440,4.808,2000
2020-11-03 09:30:40.440,4.808,10000
2020-11-03 09:30:40.440,4.808,500
2020-11-03 09:30:41.270,4.808,1200
2020-11-03 09:30:41.270,4.808,3100
2020-11-03 09:30:41.620,4.805,400
2020-11-03 09:30:42.160,4.808,100
2020-11-03 09:30:43.290,4.807,4000
2020-11-03 09:30:44.630,4.804,500
2020-11-03 09:30:44.630,4.804,2200
2020-11-03 09:30:44.630,4.803,7300
2020-11-03 09:30:45.970,4.805,100
2020-11-03 09:30:45.970,4.805,3000
2020-11-03 09:30:46.620,4.805,65800
2020-11-03 09:30:47.060,4.805,1100
2020-11-03 09:30:47.510,4.804,2700
2020-11-03 09:30:49.870,4.804,2500
2020-11-03 09:30:50.130,4.804,197500
2020-11-03 09:30:50.510,4.804,800
2020-11-03 09:30:50.940,4.804,1800
2020-11-03 09:30:50.940,4.804,5500
2020-11-03 09:30:52.220,4.804,500
2020-11-03 09:30:52.460,4.804,100
2020-11-03 09:30:52.620,4.804,1000
2020-11-03 09:30:53.120,4.803,1000
2020-11-03 09:30:53.420,4.804,8600
2020-11-03 09:30:53.420,4.804,1400
2020-11-03 09:30:54.340,4.804,3200
2020-11-03 09:30:54.500,4.803,8800
2020-11-03 09:30:54.500,4.803,1200
2020-11-03 09:30:55.090,4.803,500
2020-11-03 09:30:55.730,4.803,98300
2020-11-03 09:30:55.730,4.803,100
2020-11-03 09:30:55.870,4.803,2200
2020-11-03 09:30:56.760,4.802,300
2020-11-03 09:30:58.300,4.802,12200
2020-11-03 09:30:58.300,4.802,49600
2020-11-03 09:30:59.650,4.803,500
2020-11-03 09:30:59.650,4.803,1900
2020-11-03 09:30:59.650,4.803,600
2020-11-03 09:30:59.970,4.803,100
2020-11-03 09:31:00.210,4.803,200
2020-11-03 09:31:00.950,4.803,100
2020-11-03 09:31:00.950,4.803,11400
2020-11-03 09:31:00.980,4.803,8600
2020-11-03 09:31:00.980,4.803,31200
2020-11-03 09:31:00.980,4.803,1000
2020-11-03 09:31:00.980,4.803,2200
2020-11-03 09:31:00.980,4.803,17600
2020-11-03 09:31:00.980,4.803,20000
2020-11-03 09:31:00.980,4.804,31400
2020-11-03 09:31:00.980,4.804,11300
2020-11-03 09:31:00.980,4.804,97000
2020-11-03 09:31:01.840,4.803,7600
2020-11-03 09:31:02.290,4.804,100
2020-11-03 09:31:03.500,4.803,3100
2020-11-03 09:31:03.750,4.803,200
2020-11-03 09:31:03.750,4.803,10000
2020-11-03 09:31:04.000,4.803,3100
2020-11-03 09:31:04.080,4.803,100
2020-11-03 09:31:04.140,4.804,1100
2020-11-03 09:31:04.140,4.804,3900
2020-11-03 09:31:04.420,4.803,3100
2020-11-03 09:31:04.560,4.803,600
2020-11-03 09:31:04.950,4.803,3100
2020-11-03 09:31:05.240,4.803,3100
2020-11-03 09:31:05.760,4.803,3100
2020-11-03 09:31:06.320,4.803,2900
2020-11-03 09:31:06.320,4.803,5000
2020-11-03 09:31:06.820,4.803,2900
2020-11-03 09:31:07.120,4.803,12900
2020-11-03 09:31:07.120,4.803,2400
2020-11-03 09:31:07.120,4.803,4700
2020-11-03 09:31:07.180,4.804,1100
2020-11-03 09:31:07.180,4.804,13900
2020-11-03 09:31:07.340,4.803,2900
2020-11-03 09:31:07.340,4.803,1400
2020-11-03 09:31:07.400,4.803,5500
2020-11-03 09:31:07.610,4.803,1600
2020-11-03 09:31:07.640,4.803,100
2020-11-03 09:31:07.700,4.804,6100
2020-11-03 09:31:07.700,4.804,2000
2020-11-03 09:31:07.700,4.804,200
2020-11-03 09:31:07.700,4.804,20000
2020-11-03 09:31:07.700,4.805,12200
2020-11-03 09:31:07.760,4.804,1100
2020-11-03 09:31:07.760,4.803,40700
2020-11-03 09:31:07.790,4.803,2900
2020-11-03 09:31:08.060,4.803,1500
2020-11-03 09:31:08.340,4.803,2900
2020-11-03 09:31:08.550,4.803,3500
2020-11-03 09:31:08.740,4.803,11400
2020-11-03 09:31:08.770,4.803,200
2020-11-03 09:31:08.820,4.803,15000
2020-11-03 09:31:08.880,4.803,3000
2020-11-03 09:31:08.940,4.804,500
2020-11-03 09:31:08.940,4.804,7500
2020-11-03 09:31:10.330,4.804,1000
2020-11-03 09:31:10.390,4.803,2500
2020-11-03 09:31:10.450,4.804,500
2020-11-03 09:31:10.540,4.804,100
2020-11-03 09:31:10.660,4.804,300
2020-11-03 09:31:11.330,4.803,6000
2020-11-03 09:31:11.520,4.804,1800
2020-11-03 09:31:11.640,4.803,8000
2020-11-03 09:31:11.940,4.803,40000
2020-11-03 09:31:12.350,4.803,3000
2020-11-03 09:31:12.620,4.803,6000
2020-11-03 09:31:13.330,4.803,2000
2020-11-03 09:31:13.420,4.804,1100
2020-11-03 09:31:14.000,4.803,30000
2020-11-03 09:31:14.060,4.803,2800
2020-11-03 09:31:14.060,4.803,4100
2020-11-03 09:31:14.650,4.804,14500
2020-11-03 09:31:14.650,4.804,5500
2020-11-03 09:31:14.890,4.803,2000
2020-11-03 09:31:15.140,4.804,4500
2020-11-03 09:31:15.140,4.804,150000
2020-11-03 09:31:15.140,4.804,1000
2020-11-03 09:31:15.140,4.804,600
2020-11-03 09:31:15.820,4.803,1900
2020-11-03 09:31:15.820,4.803,3100
2020-11-03 09:31:15.850,4.805,200
2020-11-03 09:31:16.110,4.805,100
2020-11-03 09:31:16.380,4.804,30000
2020-11-03 09:31:16.380,4.804,4000
2020-11-03 09:31:16.380,4.804,10000
2020-11-03 09:31:16.380,4.803,2900
2020-11-03 09:31:16.380,4.803,1000
2020-11-03 09:31:16.380,4.803,2100
2020-11-03 09:31:16.670,4.805,7700
2020-11-03 09:31:16.670,4.805,2000
2020-11-03 09:31:16.670,4.805,1000
2020-11-03 09:31:16.670,4.805,100
2020-11-03 09:31:16.670,4.805,200
2020-11-03 09:31:16.670,4.805,3000
2020-11-03 09:31:16.670,4.805,1000
2020-11-03 09:31:17.270,4.804,1600
2020-11-03 09:31:18.110,4.805,5000
2020-11-03 09:31:18.410,4.804,8900
2020-11-03 09:31:18.410,4.804,8700
2020-11-03 09:31:18.800,4.805,10000
2020-11-03 09:31:18.950,4.805,2500
2020-11-03 09:31:19.180,4.805,10000
2020-11-03 09:31:19.330,4.807,300000
2020-11-03 09:31:19.890,4.805,1700
2020-11-03 09:31:19.890,4.804,1300
2020-11-03 09:31:20.400,4.808,100
2020-11-03 09:31:20.400,4.808,400
2020-11-03 09:31:20.430,4.804,700
2020-11-03 09:31:20.670,4.805,3000
2020-11-03 09:31:21.090,4.805,4300
2020-11-03 09:31:21.090,4.804,5700
2020-11-03 09:31:21.620,4.804,1000
2020-11-03 09:31:21.680,4.804,5000
2020-11-03 09:31:22.680,4.806,900
2020-11-03 09:31:23.230,4.807,100
2020-11-03 09:31:23.730,4.807,14900
2020-11-03 09:31:23.730,4.807,100
2020-11-03 09:31:24.210,4.806,100
2020-11-03 09:31:24.900,4.807,58300
2020-11-03 09:31:24.900,4.808,600
2020-11-03 09:31:24.900,4.808,500
2020-11-03 09:31:24.900,4.808,400
2020-11-03 09:31:24.900,4.808,3000
2020-11-03 09:31:24.900,4.808,20000
2020-11-03 09:31:24.900,4.808,8800
2020-11-03 09:31:24.900,4.808,800
2020-11-03 09:31:25.210,4.805,1000
2020-11-03 09:31:25.550,4.805,800
2020-11-03 09:31:25.620,4.805,200
2020-11-03 09:31:25.620,4.805,4800
2020-11-03 09:31:26.290,4.807,2000
2020-11-03 09:31:26.290,4.808,1200
2020-11-03 09:31:26.290,4.808,2000
2020-11-03 09:31:26.290,4.808,2000
2020-11-03 09:31:26.290,4.808,2000
2020-11-03 09:31:26.320,4.805,1000
2020-11-03 09:31:26.560,4.805,1000
2020-11-03 09:31:26.560,4.805,60000
2020-11-03 09:31:26.750,4.808,1300
2020-11-03 09:31:27.730,4.807,3000
2020-11-03 09:31:28.400,4.807,800
2020-11-03 09:31:29.460,4.806,100
2020-11-03 09:31:29.580,4.804,20000
2020-11-03 09:31:30.190,4.806,300
2020-11-03 09:31:30.250,4.806,10000
2020-11-03 09:31:31.750,4.806,100
2020-11-03 09:31:32.600,4.805,5000
2020-11-03 09:31:32.900,4.805,5000
2020-11-03 09:31:33.200,4.806,300
2020-11-03 09:31:33.510,4.804,5000
2020-11-03 09:31:33.510,4.804,200
2020-11-03 09:31:33.510,4.804,2000
2020-11-03 09:31:33.510,4.804,13500
2020-11-03 09:31:33.610,4.807,5000
2020-11-03 09:31:36.600,4.805,1100
2020-11-03 09:31:36.600,4.806,5900
2020-11-03 09:31:39.030,4.806,500
2020-11-03 09:31:39.300,4.806,10000
2020-11-03 09:31:39.710,4.806,1200
2020-11-03 09:31:39.710,4.806,10000
2020-11-03 09:31:39.710,4.806,200
2020-11-03 09:31:39.710,4.806,100
2020-11-03 09:31:39.710,4.806,200
2020-11-03 09:31:39.710,4.807,6900
2020-11-03 09:31:39.710,4.807,2300
2020-11-03 09:31:39.710,4.807,2000
2020-11-03 09:31:39.710,4.807,500
2020-11-03 09:31:39.710,4.807,2000
2020-11-03 09:31:39.710,4.807,2000
2020-11-03 09:31:39.710,4.807,30000
2020-11-03 09:31:39.710,4.807,19800
2020-11-03 09:31:39.710,4.807,2600
2020-11-03 09:31:39.710,4.807,1200
2020-11-03 09:31:40.290,4.807,3000
2020-11-03 09:31:40.450,4.807,2200
2020-11-03 09:31:40.600,4.806,6200
2020-11-03 09:31:40.600,4.806,3800
2020-11-03 09:31:41.240,4.806,3000
2020-11-03 09:31:42.240,4.806,72200
2020-11-03 09:31:42.910,4.807,2000
2020-11-03 09:31:42.910,4.807,4100
2020-11-03 09:31:42.910,4.807,4800
2020-11-03 09:31:42.910,4.808,1300
2020-11-03 09:31:42.910,4.806,10000
2020-11-03 09:31:43.890,4.807,1700
2020-11-03 09:31:45.020,4.807,3000
2020-11-03 09:31:45.370,4.806,10000
2020-11-03 09:31:45.850,4.806,1100
2020-11-03 09:31:46.060,4.807,9200
2020-11-03 09:31:46.730,4.806,2700
2020-11-03 09:31:48.810,4.806,77000
2020-11-03 09:31:48.920,4.807,5500
2020-11-03 09:31:48.920,4.807,1200
2020-11-03 09:31:48.920,4.807,1000
2020-11-03 09:31:48.920,4.807,1100
2020-11-03 09:31:49.130,4.807,500
2020-11-03 09:31:49.130,4.806,500
2020-11-03 09:31:49.280,4.808,2500
2020-11-03 09:31:49.280,4.808,600
2020-11-03 09:31:49.280,4.808,2900
2020-11-03 09:31:50.940,4.807,1000
2020-11-03 09:31:51.320,4.807,4000
2020-11-03 09:31:51.350,4.807,1800
2020-11-03 09:31:51.350,4.807,5000
2020-11-03 09:31:51.710,4.806,200
2020-11-03 09:31:51.710,4.806,17700
2020-11-03 09:31:51.800,4.807,100
2020-11-03 09:31:51.890,4.807,2000
2020-11-03 09:31:52.460,4.807,4400
2020-11-03 09:31:53.180,4.807,1000
2020-11-03 09:31:53.530,4.807,2500
2020-11-03 09:31:55.020,4.806,100
2020-11-03 09:31:55.080,4.806,1200
2020-11-03 09:31:55.820,4.807,13200
2020-11-03 09:31:55.820,4.807,6800
2020-11-03 09:31:56.550,4.806,10000
2020-11-03 09:31:57.650,4.807,5000
2020-11-03 09:31:58.550,4.807,3900
2020-11-03 09:31:58.550,4.807,2000
2020-11-03 09:31:58.550,4.807,1500
2020-11-03 09:31:58.550,4.807,1000
2020-11-03 09:31:58.580,4.806,100
2020-11-03 09:31:59.100,4.807,5000
2020-11-03 09:31:59.500,4.806,200
2020-11-03 09:31:59.500,4.807,200
2020-11-03 09:32:00.150,4.807,20000
2020-11-03 09:32:00.230,4.807,300
2020-11-03 09:32:00.360,4.807,20000
2020-11-03 09:32:00.990,4.807,3500
2020-11-03 09:32:00.990,4.807,5000
2020-11-03 09:32:00.990,4.807,5000
2020-11-03 09:32:00.990,4.807,6500
2020-11-03 09:32:01.200,4.806,1000
2020-11-03 09:32:01.290,4.806,2000
2020-11-03 09:32:01.960,4.807,10300
2020-11-03 09:32:01.960,4.807,7500
2020-11-03 09:32:01.960,4.807,2200
2020-11-03 09:32:02.110,4.807,700
2020-11-03 09:32:02.110,4.807,300
2020-11-03 09:32:02.250,4.807,700
2020-11-03 09:32:02.250,4.808,7100
2020-11-03 09:32:02.250,4.808,5000
2020-11-03 09:32:02.250,4.808,2000
2020-11-03 09:32:02.250,4.808,500
2020-11-03 09:32:02.250,4.808,3000
2020-11-03 09:32:02.250,4.808,1700
2020-11-03 09:32:02.310,4.808,2000
2020-11-03 09:32:02.610,4.807,1000
2020-11-03 09:32:02.610,4.806,300
2020-11-03 09:32:03.120,4.808,100
2020-11-03 09:32:03.470,4.808,6200
2020-11-03 09:32:03.470,4.808,13800
2020-11-03 09:32:03.640,4.807,100
2020-11-03 09:32:03.720,4.807,1000
2020-11-03 09:32:04.240,4.807,100
2020-11-03 09:32:05.650,4.807,100
2020-11-03 09:32:06.900,4.808,1200
2020-11-03 09:32:06.900,4.807,700
2020-11-03 09:32:06.900,4.807,400
2020-11-03 09:32:06.900,4.807,2000
2020-11-03 09:32:06.900,4.807,100
2020-11-03 09:32:06.900,4.806,7400
2020-11-03 09:32:06.900,4.806,400
2020-11-03 09:32:06.900,4.806,9000
2020-11-03 09:32:07.020,4.806,1000
2020-11-03 09:32:07.020,4.806,3700
2020-11-03 09:32:07.020,4.806,2000
2020-11-03 09:32:07.410,4.806,1000
2020-11-03 09:32:07.670,4.805,100
2020-11-03 09:32:07.670,4.805,2200
2020-11-03 09:32:09.050,4.805,10000
2020-11-03 09:32:09.200,4.805,2000
2020-11-03 09:32:09.360,4.804,500
2020-11-03 09:32:09.360,4.804,5000
2020-11-03 09:32:09.360,4.804,500
2020-11-03 09:32:09.970,4.804,1000
2020-11-03 09:32:12.050,4.805,700
2020-11-03 09:32:12.050,4.805,9300
2020-11-03 09:32:12.850,4.805,200
2020-11-03 09:32:13.240,4.805,5000
2020-11-03 09:32:14.780,4.805,200
2020-11-03 09:32:15.090,4.805,200
2020-11-03 09:32:16.450,4.803,2900
2020-11-03 09:32:16.450,4.803,200
2020-11-03 09:32:16.450,4.803,2100
2020-11-03 09:32:16.450,4.803,8200
2020-11-03 09:32:17.780,4.803,2300
2020-11-03 09:32:17.780,4.804,6900
2020-11-03 09:32:18.490,4.802,7300
2020-11-03 09:32:19.940,4.804,8700
2020-11-03 09:32:19.940,4.804,500
2020-11-03 09:32:19.940,4.804,200
2020-11-03 09:32:20.370,4.805,100
2020-11-03 09:32:21.340,4.803,18700
2020-11-03 09:32:22.860,4.804,2700
2020-11-03 09:32:22.860,4.804,2000
2020-11-03 09:32:23.160,4.803,100
2020-11-03 09:32:23.180,4.805,5000
2020-11-03 09:32:23.220,4.803,3100
2020-11-03 09:32:23.870,4.803,6900
2020-11-03 09:32:25.150,4.802,100
2020-11-03 09:32:25.290,4.803,200
2020-11-03 09:32:25.470,4.803,9800
2020-11-03 09:32:25.740,4.803,1000
2020-11-03 09:32:26.540,4.804,2000
2020-11-03 09:32:26.890,4.804,3000
2020-11-03 09:32:26.890,4.803,27000
2020-11-03 09:32:27.080,4.804,100
2020-11-03 09:32:27.780,4.804,1000
2020-11-03 09:32:28.890,4.804,500
2020-11-03 09:32:29.200,4.805,3000
2020-11-03 09:32:29.760,4.804,10000
2020-11-03 09:32:30.190,4.805,200
2020-11-03 09:32:30.620,4.804,1000
2020-11-03 09:32:32.400,4.804,3500
2020-11-03 09:32:32.600,4.804,400
2020-11-03 09:32:32.600,4.804,5000
2020-11-03 09:32:32.600,4.804,1400
2020-11-03 09:32:33.880,4.804,2900
2020-11-03 09:32:33.880,4.804,2200
2020-11-03 09:32:33.880,4.804,3000
2020-11-03 09:32:33.880,4.804,3000
2020-11-03 09:32:34.030,4.804,300
2020-11-03 09:32:34.130,4.804,300
2020-11-03 09:32:34.320,4.805,5800
2020-11-03 09:32:34.320,4.805,200
2020-11-03 09:32:34.320,4.805,1000
2020-11-03 09:32:34.320,4.805,1100
2020-11-03 09:32:34.320,4.805,1900
2020-11-03 09:32:34.580,4.804,500
2020-11-03 09:32:34.670,4.805,12000
2020-11-03 09:32:34.670,4.805,900
2020-11-03 09:32:34.670,4.805,2000
2020-11-03 09:32:34.670,4.805,4200
2020-11-03 09:32:35.460,4.805,6300
2020-11-03 09:32:35.600,4.805,400
2020-11-03 09:32:36.280,4.804,20000
2020-11-03 09:32:36.690,4.804,7400
2020-11-03 09:32:37.590,4.804,40800
2020-11-03 09:32:37.680,4.804,1200
2020-11-03 09:32:38.160,4.805,5800
2020-11-03 09:32:38.160,4.805,5100
2020-11-03 09:32:38.160,4.805,5000
2020-11-03 09:32:38.160,4.805,4000
2020-11-03 09:32:38.160,4.805,100
2020-11-03 09:32:38.400,4.804,10000
2020-11-03 09:32:40.360,4.804,2000
2020-11-03 09:32:40.640,4.805,800
2020-11-03 09:32:41.330,4.805,3600
2020-11-03 09:32:41.330,4.805,1000
2020-11-03 09:32:44.270,4.804,2000
2020-11-03 09:32:44.270,4.804,500
2020-11-03 09:32:44.500,4.803,1100
2020-11-03 09:32:44.500,4.803,5000
2020-11-03 09:32:44.500,4.803,2000
2020-11-03 09:32:44.500,4.803,1900
2020-11-03 09:32:45.100,4.804,500
2020-11-03 09:32:45.400,4.804,2600
2020-11-03 09:32:47.100,4.804,100
2020-11-03 09:32:49.490,4.803,20000
2020-11-03 09:32:49.490,4.803,5000
2020-11-03 09:32:51.090,4.804,500
2020-11-03 09:32:52.290,4.804,2400
2020-11-03 09:32:52.290,4.804,2900
2020-11-03 09:32:52.290,4.804,1100
2020-11-03 09:32:52.290,4.804,2000
2020-11-03 09:32:52.290,4.804,1000
2020-11-03 09:32:52.290,4.804,600
2020-11-03 09:32:53.420,4.803,2000
2020-11-03 09:32:53.680,4.803,200
2020-11-03 09:32:53.770,4.804,100
2020-11-03 09:32:53.880,4.804,1000
2020-11-03 09:32:54.040,4.804,300
2020-11-03 09:32:54.200,4.803,700
2020-11-03 09:32:55.300,4.803,21100
2020-11-03 09:32:56.380,4.803,1200
2020-11-03 09:32:56.550,4.803,8000
2020-11-03 09:32:58.750,4.803,1800
2020-11-03 09:32:58.750,4.803,3000
2020-11-03 09:32:58.750,4.803,2700
2020-11-03 09:32:59.220,4.803,2000
2020-11-03 09:32:59.790,4.803,1100
2020-11-03 09:32:59.880,4.803,7000
2020-11-03 09:33:00.190,4.803,300
2020-11-03 09:33:02.050,4.802,3300
2020-11-03 09:33:02.930,4.802,20000
2020-11-03 09:33:03.850,4.802,300
2020-11-03 09:33:04.440,4.802,1500
2020-11-03 09:33:04.530,4.802,2000
2020-11-03 09:33:05.130,4.803,8000
2020-11-03 09:33:05.700,4.802,3900
2020-11-03 09:33:05.700,4.802,100
2020-11-03 09:33:06.150,4.803,10000
2020-11-03 09:33:06.180,4.802,1000
2020-11-03 09:33:06.180,4.802,3800
2020-11-03 09:33:06.180,4.802,200
2020-11-03 09:33:06.440,4.802,200
2020-11-03 09:33:06.920,4.803,400
2020-11-03 09:33:07.690,4.802,200
2020-11-03 09:33:08.430,4.803,400
2020-11-03 09:33:08.560,4.802,1600
2020-11-03 09:33:08.740,4.803,168100
2020-11-03 09:33:08.740,4.803,20000
2020-11-03 09:33:08.740,4.803,2000
2020-11-03 09:33:08.740,4.803,400
2020-11-03 09:33:08.740,4.803,300
2020-11-03 09:33:08.740,4.803,13000
2020-11-03 09:33:08.740,4.803,2000
2020-11-03 09:33:08.740,4.803,500
2020-11-03 09:33:08.740,4.803,500
2020-11-03 09:33:08.740,4.803,20000
2020-11-03 09:33:08.740,4.803,900
2020-11-03 09:33:08.740,4.803,2000
2020-11-03 09:33:08.740,4.803,300
2020-11-03 09:33:08.740,4.803,6000
2020-11-03 09:33:08.820,4.803,1100
2020-11-03 09:33:09.120,4.803,17600
2020-11-03 09:33:10.220,4.803,2100
2020-11-03 09:33:10.490,4.803,3700
2020-11-03 09:33:10.840,4.804,400
2020-11-03 09:33:10.840,4.804,100
2020-11-03 09:33:10.840,4.804,400
2020-11-03 09:33:10.930,4.803,300
2020-11-03 09:33:11.040,4.803,1000
2020-11-03 09:33:11.910,4.803,20000
2020-11-03 09:33:13.220,4.804,500
2020-11-03 09:33:15.230,4.803,18200
2020-11-03 09:33:15.230,4.803,40600
2020-11-03 09:33:16.330,4.803,500
2020-11-03 09:33:16.600,4.803,500
2020-11-03 09:33:16.600,4.803,200
2020-11-03 09:33:16.600,4.803,2000
2020-11-03 09:33:16.600,4.803,17300
2020-11-03 09:33:17.510,4.804,3300
2020-11-03 09:33:17.510,4.804,4400
2020-11-03 09:33:17.510,4.804,10000
2020-11-03 09:33:17.510,4.804,17700
2020-11-03 09:33:17.510,4.804,1000
2020-11-03 09:33:17.510,4.804,20000
2020-11-03 09:33:17.510,4.804,400
2020-11-03 09:33:17.510,4.804,1000
2020-11-03 09:33:17.510,4.804,11000
2020-11-03 09:33:17.510,4.804,200
2020-11-03 09:33:17.510,4.804,2000
2020-11-03 09:33:17.510,4.804,1700
2020-11-03 09:33:17.830,4.803,3800
2020-11-03 09:33:17.830,4.802,300
2020-11-03 09:33:17.830,4.802,5900
2020-11-03 09:33:19.540,4.802,4100
2020-11-03 09:33:19.540,4.802,600
2020-11-03 09:33:19.540,4.802,1000
2020-11-03 09:33:19.540,4.802,500
2020-11-03 09:33:19.540,4.801,8400
2020-11-03 09:33:19.540,4.801,400
2020-11-03 09:33:21.580,4.803,20000
2020-11-03 09:33:21.580,4.803,800
2020-11-03 09:33:22.560,4.803,1300
2020-11-03 09:33:22.560,4.803,200
2020-11-03 09:33:22.800,4.804,12900
2020-11-03 09:33:23.900,4.804,100
2020-11-03 09:33:24.160,4.804,300
2020-11-03 09:33:24.440,4.803,6500
2020-11-03 09:33:24.440,4.803,9900
2020-11-03 09:33:24.440,4.803,100
2020-11-03 09:33:25.330,4.802,100
2020-11-03 09:33:26.900,4.802,2400
2020-11-03 09:33:28.440,4.801,24000
2020-11-03 09:33:29.270,4.801,2000
2020-11-03 09:33:29.270,4.802,200
2020-11-03 09:33:29.660,4.802,1100
2020-11-03 09:33:30.200,4.802,200
2020-11-03 09:33:30.440,4.802,1000
2020-11-03 09:33:30.470,4.802,1000
2020-11-03 09:33:30.730,4.802,4000
2020-11-03 09:33:31.110,4.802,300
2020-11-03 09:33:31.260,4.802,5900
2020-11-03 09:33:31.260,4.801,30400
2020-11-03 09:33:32.650,4.801,239600
2020-11-03 09:33:32.650,4.801,1000
2020-11-03 09:33:32.650,4.801,2000
2020-11-03 09:33:32.650,4.801,500
2020-11-03 09:33:32.650,4.801,100
2020-11-03 09:33:33.150,4.801,9900
2020-11-03 09:33:33.150,4.801,6900
2020-11-03 09:33:33.580,4.801,23100
2020-11-03 09:33:33.580,4.801,10000
2020-11-03 09:33:33.580,4.801,100
2020-11-03 09:33:33.960,4.801,100
2020-11-03 09:33:34.680,4.801,6000
2020-11-03 09:33:34.880,4.801,600
2020-11-03 09:33:36.920,4.801,100
2020-11-03 09:33:36.920,4.802,1400
2020-11-03 09:33:36.980,4.802,1000
2020-11-03 09:33:36.980,4.802,19000
2020-11-03 09:33:37.270,4.801,100
2020-11-03 09:33:38.250,4.801,400
2020-11-03 09:33:38.990,4.8,100
2020-11-03 09:33:38.990,4.8,1700
2020-11-03 09:33:38.990,4.8,200
2020-11-03 09:33:38.990,4.8,300
2020-11-03 09:33:39.700,4.8,2000
2020-11-03 09:33:40.380,4.801,300
2020-11-03 09:33:40.530,4.801,200
2020-11-03 09:33:40.650,4.8,1000
2020-11-03 09:33:40.730,4.8,33200
2020-11-03 09:33:41.020,4.801,16100
2020-11-03 09:33:41.020,4.801,1000
2020-11-03 09:33:41.020,4.801,3000
2020-11-03 09:33:41.020,4.801,2100
2020-11-03 09:33:41.020,4.801,2700
2020-11-03 09:33:41.020,4.801,25100
2020-11-03 09:33:41.510,4.8,500
2020-11-03 09:33:41.700,4.8,1000
2020-11-03 09:33:41.840,4.8,500
2020-11-03 09:33:42.020,4.801,2100
2020-11-03 09:33:42.290,4.801,2500
2020-11-03 09:33:42.820,4.801,9900
2020-11-03 09:33:42.940,4.8,14800
2020-11-03 09:33:42.940,4.8,50000
2020-11-03 09:33:42.940,4.8,700
2020-11-03 09:33:42.940,4.8,200
2020-11-03 09:33:42.940,4.8,1600
2020-11-03 09:33:42.940,4.8,2000
2020-11-03 09:33:42.940,4.8,400
2020-11-03 09:33:42.940,4.8,200
2020-11-03 09:33:42.940,4.8,500
2020-11-03 09:33:42.940,4.8,5600
2020-11-03 09:33:42.940,4.8,10000
2020-11-03 09:33:42.940,4.8,200
2020-11-03 09:33:42.940,4.8,900
2020-11-03 09:33:42.940,4.8,2000
2020-11-03 09:33:42.940,4.8,500
2020-11-03 09:33:42.940,4.8,900
2020-11-03 09:33:42.940,4.8,24300
2020-11-03 09:33:43.090,4.8,100
2020-11-03 09:33:43.430,4.8,10000
2020-11-03 09:33:43.760,4.8,15600
2020-11-03 09:33:43.760,4.8,700
2020-11-03 09:33:43.760,4.8,10000
2020-11-03 09:33:43.760,4.8,100
2020-11-03 09:33:43.760,4.8,200
2020-11-03 09:33:43.760,4.8,500
2020-11-03 09:33:43.760,4.8,3000
2020-11-03 09:33:43.760,4.8,10000
2020-11-03 09:33:43.760,4.8,100
2020-11-03 09:33:43.760,4.8,200
2020-11-03 09:33:43.760,4.8,500
2020-11-03 09:33:43.760,4.8,200
2020-11-03 09:33:43.760,4.8,100
2020-11-03 09:33:43.760,4.8,8000
2020-11-03 09:33:43.760,4.8,1000
2020-11-03 09:33:43.760,4.8,49800
2020-11-03 09:33:43.850,4.8,200
2020-11-03 09:33:43.850,4.8,800
2020-11-03 09:33:44.050,4.801,1200
2020-11-03 09:33:44.150,4.8,300
2020-11-03 09:33:45.070,4.801,1000
2020-11-03 09:33:45.070,4.801,1000
2020-11-03 09:33:45.130,4.801,1000
2020-11-03 09:33:45.660,4.8,18900
2020-11-03 09:33:45.660,4.8,100
2020-11-03 09:33:45.660,4.8,30000
2020-11-03 09:33:45.660,4.8,800
2020-11-03 09:33:45.660,4.8,4000
2020-11-03 09:33:45.660,4.8,10000
2020-11-03 09:33:45.660,4.8,100
2020-11-03 09:33:45.660,4.8,1000
2020-11-03 09:33:45.660,4.8,100
2020-11-03 09:33:45.660,4.8,35000
2020-11-03 09:33:45.950,4.801,8800
2020-11-03 09:33:47.280,4.8,10000
2020-11-03 09:33:47.930,4.8,18600
2020-11-03 09:33:48.240,4.8,2400
2020-11-03 09:33:48.800,4.8,2000
2020-11-03 09:33:48.880,4.8,5200
2020-11-03 09:33:48.940,4.8,2000
2020-11-03 09:33:49.180,4.8,4000
2020-11-03 09:33:49.180,4.8,7700
2020-11-03 09:33:49.310,4.8,3000
2020-11-03 09:33:49.790,4.8,3000
2020-11-03 09:33:50.440,4.8,40000
2020-11-03 09:33:50.530,4.8,1000
2020-11-03 09:33:50.660,4.8,200
2020-11-03 09:33:52.040,4.8,300
2020-11-03 09:33:53.130,4.8,24400
2020-11-03 09:33:53.240,4.8,1300
2020-11-03 09:33:54.600,4.801,100
2020-11-03 09:33:54.600,4.801,4900
2020-11-03 09:33:55.490,4.801,200
2020-11-03 09:33:56.560,4.8,100
2020-11-03 09:33:56.680,4.8,500
2020-11-03 09:33:57.490,4.8,3500
2020-11-03 09:33:57.990,4.801,200
2020-11-03 09:33:58.100,4.8,3000
2020-11-03 09:33:58.190,4.8,4200
2020-11-03 09:33:58.190,4.8,1000
2020-11-03 09:33:58.190,4.8,100
2020-11-03 09:33:58.190,4.8,500
2020-11-03 09:33:58.190,4.8,200
2020-11-03 09:33:58.190,4.8,500
2020-11-03 09:33:58.190,4.8,200
2020-11-03 09:33:58.190,4.8,100
2020-11-03 09:33:58.190,4.8,100
2020-11-03 09:33:58.190,4.8,3100
2020-11-03 09:33:58.240,4.8,1000
2020-11-03 09:33:58.590,4.8,2400
2020-11-03 09:33:58.590,4.8,400
2020-11-03 09:33:58.590,4.8,2200
2020-11-03 09:33:58.810,4.8,2800
2020-11-03 09:33:58.810,4.8,2200
2020-11-03 09:33:59.100,4.8,800
2020-11-03 09:33:59.100,4.8,1200
2020-11-03 09:33:59.310,4.801,1000
2020-11-03 09:34:00.220,4.801,300
2020-11-03 09:34:00.490,4.8,1300
2020-11-03 09:34:00.490,4.8,4600
2020-11-03 09:34:00.490,4.8,200
2020-11-03 09:34:00.490,4.8,1100
2020-11-03 09:34:00.490,4.8,3400
2020-11-03 09:34:00.860,4.8,500
2020-11-03 09:34:01.650,4.801,500
2020-11-03 09:34:01.650,4.801,2000
2020-11-03 09:34:01.650,4.801,3000
2020-11-03 09:34:01.650,4.801,17700
2020-11-03 09:34:01.650,4.801,500
2020-11-03 09:34:01.650,4.801,1500
2020-11-03 09:34:01.650,4.801,5000
2020-11-03 09:34:01.650,4.801,50000
2020-11-03 09:34:01.650,4.801,5900
2020-11-03 09:34:01.650,4.801,113900
2020-11-03 09:34:02.020,4.801,200
2020-11-03 09:34:02.040,4.8,2400
2020-11-03 09:34:02.070,4.801,35900
2020-11-03 09:34:02.070,4.801,2600
2020-11-03 09:34:02.070,4.801,2000
2020-11-03 09:34:02.070,4.801,5000
2020-11-03 09:34:02.540,4.801,16000
2020-11-03 09:34:03.460,4.801,10000
2020-11-03 09:34:04.200,4.802,4500
2020-11-03 09:34:04.200,4.802,2000
2020-11-03 09:34:04.200,4.802,7000
2020-11-03 09:34:04.690,4.801,200
2020-11-03 09:34:05.030,4.801,300
2020-11-03 09:34:05.420,4.802,500
2020-11-03 09:34:05.570,4.801,500
2020-11-03 09:34:05.930,4.801,27200
2020-11-03 09:34:06.740,4.801,500
2020-11-03 09:34:06.860,4.801,1000
2020-11-03 09:34:07.240,4.802,100
2020-11-03 09:34:08.140,4.801,1000
2020-11-03 09:34:08.290,4.802,300
2020-11-03 09:34:08.520,4.801,2000
2020-11-03 09:34:10.040,4.801,600
2020-11-03 09:34:10.100,4.802,500
2020-11-03 09:34:10.340,4.801,10000
2020-11-03 09:34:11.380,4.801,300
2020-11-03 09:34:11.720,4.801,128000
2020-11-03 09:34:13.510,4.802,1600
2020-11-03 09:34:13.510,4.802,2800
2020-11-03 09:34:13.670,4.801,16300
2020-11-03 09:34:13.670,4.801,700
2020-11-03 09:34:13.670,4.801,3600
2020-11-03 09:34:13.670,4.801,1400
2020-11-03 09:34:13.670,4.801,200
2020-11-03 09:34:13.670,4.801,101100
2020-11-03 09:34:13.670,4.801,500
2020-11-03 09:34:14.020,4.801,2000
2020-11-03 09:34:15.340,4.8,700
2020-11-03 09:34:15.340,4.8,300
2020-11-03 09:34:17.190,4.801,100
2020-11-03 09:34:17.650,4.801,100
2020-11-03 09:34:19.770,4.801,200
2020-11-03 09:34:19.770,4.801,4800
2020-11-03 09:34:20.040,4.801,200
2020-11-03 09:34:20.190,4.801,5800
2020-11-03 09:34:21.220,4.801,600
2020-11-03 09:34:21.660,4.801,100
2020-11-03 09:34:21.830,4.802,2000
2020-11-03 09:34:21.980,4.801,3000
2020-11-03 09:34:22.330,4.802,100
2020-11-03 09:34:22.390,4.801,300
2020-11-03 09:34:23.430,4.802,45100
2020-11-03 09:34:23.430,4.802,8100
2020-11-03 09:34:23.430,4.802,500
2020-11-03 09:34:23.430,4.802,6600
2020-11-03 09:34:23.430,4.802,4000
2020-11-03 09:34:23.430,4.802,17400
2020-11-03 09:34:23.580,4.801,10200
2020-11-03 09:34:23.580,4.801,15100
2020-11-03 09:34:25.020,4.801,4900
2020-11-03 09:34:25.020,4.801,6000
2020-11-03 09:34:25.310,4.801,4600
2020-11-03 09:34:25.770,4.802,200
2020-11-03 09:34:26.000,4.802,600
2020-11-03 09:34:26.320,4.802,400
2020-11-03 09:34:26.320,4.802,4600
2020-11-03 09:34:27.770,4.801,3800
2020-11-03 09:34:27.770,4.8,700
2020-11-03 09:34:27.770,4.8,500
2020-11-03 09:34:27.830,4.801,2500
2020-11-03 09:34:28.170,4.8,4500
2020-11-03 09:34:28.170,4.8,500
2020-11-03 09:34:29.600,4.801,500
2020-11-03 09:34:29.840,4.801,4000
2020-11-03 09:34:30.270,4.801,300
2020-11-03 09:34:30.390,4.801,2900
2020-11-03 09:34:32.760,4.801,400
2020-11-03 09:34:33.840,4.801,100
2020-11-03 09:34:33.930,4.801,300
2020-11-03 09:34:34.500,4.801,400
2020-11-03 09:34:34.720,4.801,100
2020-11-03 09:34:34.910,4.801,500
2020-11-03 09:34:35.290,4.801,100
2020-11-03 09:34:35.290,4.801,400
2020-11-03 09:34:35.350,4.801,15100
2020-11-03 09:34:35.350,4.801,400
2020-11-03 09:34:35.350,4.801,2500
2020-11-03 09:34:35.350,4.801,1400
2020-11-03 09:34:35.350,4.801,2000
2020-11-03 09:34:35.350,4.801,1400
2020-11-03 09:34:37.000,4.801,1900
2020-11-03 09:34:37.000,4.802,500
2020-11-03 09:34:38.050,4.801,100
2020-11-03 09:34:38.080,4.801,86900
2020-11-03 09:34:38.110,4.801,2600
2020-11-03 09:34:38.200,4.801,10000
2020-11-03 09:34:38.250,4.801,3000
2020-11-03 09:34:40.190,4.801,3400
2020-11-03 09:34:41.170,4.801,4300
2020-11-03 09:34:42.610,4.801,19600
2020-11-03 09:34:43.030,4.801,6000
2020-11-03 09:34:43.450,4.802,300
2020-11-03 09:34:45.550,4.801,15000
2020-11-03 09:34:48.490,4.802,4600
2020-11-03 09:34:48.490,4.802,12400
2020-11-03 09:34:48.850,4.802,3600
2020-11-03 09:34:51.100,4.802,200
2020-11-03 09:34:52.290,4.801,1000
2020-11-03 09:34:52.580,4.801,2500
2020-11-03 09:34:53.780,4.801,7100
2020-11-03 09:34:53.840,4.801,31500
2020-11-03 09:34:55.260,4.802,3800
2020-11-03 09:34:55.260,4.802,5000
2020-11-03 09:34:55.260,4.802,2000
2020-11-03 09:34:55.260,4.802,3000
2020-11-03 09:34:55.260,4.802,2000
2020-11-03 09:34:55.260,4.802,16700
2020-11-03 09:34:55.260,4.802,2000
2020-11-03 09:34:55.260,4.802,700
2020-11-03 09:34:55.260,4.802,2800
2020-11-03 09:34:55.260,4.802,7800
2020-11-03 09:34:55.650,4.801,30000
2020-11-03 09:34:57.290,4.802,3700
2020-11-03 09:34:58.240,4.802,1000
2020-11-03 09:34:58.270,4.802,3100
2020-11-03 09:34:58.270,4.802,3800
2020-11-03 09:34:58.270,4.802,100
2020-11-03 09:34:58.270,4.802,1700
2020-11-03 09:34:58.270,4.802,5600
2020-11-03 09:34:59.530,4.802,2500
2020-11-03 09:34:59.590,4.803,1000
2020-11-03 09:35:00.280,4.803,200
2020-11-03 09:35:01.130,4.802,1900
2020-11-03 09:35:01.520,4.803,2100
2020-11-03 09:35:01.520,4.803,500
2020-11-03 09:35:01.520,4.803,5000
2020-11-03 09:35:01.520,4.803,300
2020-11-03 09:35:01.520,4.803,4200
2020-11-03 09:35:01.520,4.803,3000
2020-11-03 09:35:01.520,4.803,3000
2020-11-03 09:35:01.520,4.803,45000
2020-11-03 09:35:01.520,4.803,2000
2020-11-03 09:35:01.520,4.803,500
2020-11-03 09:35:01.520,4.803,2000
2020-11-03 09:35:01.520,4.803,2700
2020-11-03 09:35:01.520,4.803,11100
2020-11-03 09:35:01.520,4.803,1000
2020-11-03 09:35:01.520,4.803,10000
2020-11-03 09:35:01.520,4.803,900
2020-11-03 09:35:01.520,4.803,17700
2020-11-03 09:35:01.520,4.804,2500
2020-11-03 09:35:01.520,4.804,5100
2020-11-03 09:35:01.520,4.804,2500
2020-11-03 09:35:01.520,4.804,5700
2020-11-03 09:35:01.520,4.804,10000
2020-11-03 09:35:01.520,4.804,3600
2020-11-03 09:35:01.520,4.804,2000
2020-11-03 09:35:01.520,4.804,7700
2020-11-03 09:35:02.330,4.804,22300
2020-11-03 09:35:02.330,4.804,2100
2020-11-03 09:35:04.270,4.804,20000
2020-11-03 09:35:06.130,4.804,5000
2020-11-03 09:35:07.130,4.804,400
2020-11-03 09:35:07.200,4.805,5000
2020-11-03 09:35:07.200,4.805,1000
2020-11-03 09:35:07.200,4.805,2000
2020-11-03 09:35:07.200,4.805,25000
2020-11-03 09:35:07.200,4.805,2000
2020-11-03 09:35:07.200,4.805,4200
2020-11-03 09:35:07.200,4.805,200
2020-11-03 09:35:07.200,4.805,1000
2020-11-03 09:35:07.200,4.805,11900
2020-11-03 09:35:08.060,4.804,300
2020-11-03 09:35:08.290,4.804,500
2020-11-03 09:35:11.490,4.805,100
2020-11-03 09:35:11.870,4.804,1000
2020-11-03 09:35:11.960,4.805,4600
2020-11-03 09:35:11.960,4.805,1000
2020-11-03 09:35:11.960,4.805,400
2020-11-03 09:35:11.960,4.805,2000
2020-11-03 09:35:11.960,4.805,5000
2020-11-03 09:35:11.960,4.805,200
2020-11-03 09:35:11.960,4.805,1000
2020-11-03 09:35:11.960,4.805,5800
2020-11-03 09:35:16.470,4.805,200
2020-11-03 09:35:17.000,4.805,2000
2020-11-03 09:35:17.300,4.805,2000
2020-11-03 09:35:17.300,4.805,3000
2020-11-03 09:35:18.080,4.805,1000
2020-11-03 09:35:18.080,4.805,2900
2020-11-03 09:35:18.080,4.805,1100
2020-11-03 09:35:18.690,4.804,7000
2020-11-03 09:35:19.570,4.805,1100
2020-11-03 09:35:20.640,4.805,1800
2020-11-03 09:35:20.640,4.805,200
2020-11-03 09:35:21.290,4.805,5800
2020-11-03 09:35:21.290,4.805,1000
2020-11-03 09:35:21.290,4.805,3200
2020-11-03 09:35:21.640,4.805,6800
2020-11-03 09:35:21.640,4.805,10600
2020-11-03 09:35:21.640,4.805,500
2020-11-03 09:35:21.640,4.805,2500
2020-11-03 09:35:21.640,4.805,1000
2020-11-03 09:35:21.640,4.805,4000
2020-11-03 09:35:21.640,4.805,4600
2020-11-03 09:35:22.310,4.804,500
2020-11-03 09:35:22.310,4.804,800
2020-11-03 09:35:22.910,4.805,100
2020-11-03 09:35:22.970,4.805,100
2020-11-03 09:35:23.390,4.804,1700
2020-11-03 09:35:23.450,4.805,400
2020-11-03 09:35:25.260,4.804,2500
2020-11-03 09:35:25.260,4.804,500
2020-11-03 09:35:25.260,4.804,1600
2020-11-03 09:35:25.260,4.804,300
2020-11-03 09:35:25.260,4.804,16000
2020-11-03 09:35:25.590,4.804,1800
2020-11-03 09:35:25.890,4.805,1000
2020-11-03 09:35:26.600,4.805,3800
2020-11-03 09:35:26.600,4.805,2000
2020-11-03 09:35:26.600,4.805,500
2020-11-03 09:35:26.600,4.805,1500
2020-11-03 09:35:26.600,4.805,4000
2020-11-03 09:35:26.600,4.805,3000
2020-11-03 09:35:26.600,4.805,100
2020-11-03 09:35:26.600,4.805,4300
2020-11-03 09:35:26.600,4.805,100
2020-11-03 09:35:26.600,4.805,500
2020-11-03 09:35:26.600,4.805,15700
2020-11-03 09:35:26.600,4.805,45400
2020-11-03 09:35:26.600,4.805,5000
2020-11-03 09:35:26.600,4.805,100
2020-11-03 09:35:26.600,4.805,2000
2020-11-03 09:35:26.600,4.805,1200
2020-11-03 09:35:26.600,4.805,2300
2020-11-03 09:35:27.010,4.805,15000
2020-11-03 09:35:28.530,4.805,23700
2020-11-03 09:35:29.410,4.805,10000
2020-11-03 09:35:30.170,4.806,300
2020-11-03 09:35:31.050,4.805,159800
2020-11-03 09:35:31.050,4.805,100
2020-11-03 09:35:31.050,4.805,140100
2020-11-03 09:35:31.840,4.805,7500
2020-11-03 09:35:32.320,4.805,152400
2020-11-03 09:35:32.320,4.805,2000
2020-11-03 09:35:32.360,4.805,5700
2020-11-03 09:35:33.190,4.805,2500
2020-11-03 09:35:34.300,4.805,1900
2020-11-03 09:35:34.790,4.805,800
2020-11-03 09:35:34.790,4.805,100
2020-11-03 09:35:35.260,4.804,900
2020-11-03 09:35:35.690,4.804,11300
2020-11-03 09:35:35.690,4.804,5000
2020-11-03 09:35:35.690,4.804,3200
2020-11-03 09:35:36.340,4.805,2000
2020-11-03 09:35:36.670,4.805,500
2020-11-03 09:35:37.450,4.805,9900
2020-11-03 09:35:38.080,4.805,200
2020-11-03 09:35:38.260,4.805,1200
2020-11-03 09:35:39.200,4.805,7200
2020-11-03 09:35:39.900,4.805,5000
2020-11-03 09:35:40.080,4.805,8600
2020-11-03 09:35:40.080,4.805,500
2020-11-03 09:35:40.080,4.805,3000
2020-11-03 09:35:40.080,4.805,1000
2020-11-03 09:35:40.080,4.805,200
2020-11-03 09:35:40.080,4.805,36700
2020-11-03 09:35:40.440,4.804,800
2020-11-03 09:35:40.840,4.804,1000
2020-11-03 09:35:41.310,4.805,1000
2020-11-03 09:35:44.420,4.805,5000
2020-11-03 09:35:44.860,4.805,5400
2020-11-03 09:35:45.730,4.804,200
2020-11-03 09:35:45.730,4.805,100
2020-11-03 09:35:46.380,4.805,5000
2020-11-03 09:35:46.440,4.804,1300
2020-11-03 09:35:46.890,4.805,200
2020-11-03 09:35:47.090,4.804,1300
2020-11-03 09:35:47.950,4.804,2200
2020-11-03 09:35:47.950,4.804,2000
2020-11-03 09:35:47.950,4.804,800
2020-11-03 09:35:49.050,4.805,800
2020-11-03 09:35:49.170,4.805,900
2020-11-03 09:35:49.930,4.805,1000
2020-11-03 09:35:50.500,4.804,200
2020-11-03 09:35:51.960,4.805,15200
2020-11-03 09:35:51.960,4.805,1000
2020-11-03 09:35:51.960,4.805,2200
2020-11-03 09:35:51.960,4.805,3000
2020-11-03 09:35:51.960,4.805,40900
2020-11-03 09:35:51.960,4.805,10000
2020-11-03 09:35:51.960,4.805,5000
2020-11-03 09:35:51.960,4.805,15700
2020-11-03 09:35:51.960,4.805,1000
2020-11-03 09:35:51.960,4.805,30000
2020-11-03 09:35:51.960,4.805,500
2020-11-03 09:35:51.960,4.805,7800
2020-11-03 09:35:51.960,4.805,6400
2020-11-03 09:35:51.960,4.805,200
2020-11-03 09:35:51.960,4.806,1800
2020-11-03 09:35:51.960,4.806,500
2020-11-03 09:35:51.960,4.806,6100
2020-11-03 09:35:51.960,4.806,2800
2020-11-03 09:35:52.250,4.805,5000
2020-11-03 09:35:53.190,4.805,2000
2020-11-03 09:35:53.250,4.805,2000
2020-11-03 09:35:53.520,4.806,2800
2020-11-03 09:35:54.150,4.805,500
2020-11-03 09:35:54.300,4.805,4200
2020-11-03 09:35:54.570,4.806,24400
2020-11-03 09:35:54.570,4.806,1000
2020-11-03 09:35:54.570,4.806,100
2020-11-03 09:35:54.570,4.806,2000
2020-11-03 09:35:54.570,4.806,2000
2020-11-03 09:35:54.570,4.806,3000
2020-11-03 09:35:54.570,4.806,6500
2020-11-03 09:35:54.570,4.806,20000
2020-11-03 09:35:54.570,4.806,5000
2020-11-03 09:35:54.570,4.806,20000
2020-11-03 09:35:54.570,4.806,10000
2020-11-03 09:35:54.570,4.806,2000
2020-11-03 09:35:54.570,4.806,100
2020-11-03 09:35:54.570,4.806,10000
2020-11-03 09:35:54.570,4.806,300
2020-11-03 09:35:54.570,4.806,300
2020-11-03 09:35:54.570,4.806,300
2020-11-03 09:35:54.570,4.806,300
2020-11-03 09:35:54.570,4.806,300
2020-11-03 09:35:54.570,4.806,300
2020-11-03 09:35:54.570,4.806,6000
2020-11-03 09:35:54.570,4.806,2000
2020-11-03 09:35:54.570,4.806,16600
2020-11-03 09:35:54.570,4.806,300
2020-11-03 09:35:54.570,4.806,600
2020-11-03 09:35:57.200,4.806,1000
2020-11-03 09:36:00.110,4.807,600
2020-11-03 09:36:00.110,4.807,1900
2020-11-03 09:36:00.110,4.807,600
2020-11-03 09:36:00.110,4.807,1300
2020-11-03 09:36:00.140,4.806,2000
2020-11-03 09:36:00.170,4.807,200
2020-11-03 09:36:03.550,4.806,100
2020-11-03 09:36:03.880,4.807,8500
2020-11-03 09:36:03.880,4.807,1000
2020-11-03 09:36:03.880,4.807,5000
2020-11-03 09:36:03.880,4.807,5800
2020-11-03 09:36:03.880,4.807,10000
2020-11-03 09:36:03.880,4.807,10000
2020-11-03 09:36:03.880,4.807,4300
2020-11-03 09:36:03.880,4.807,400
2020-11-03 09:36:04.510,4.808,5000
2020-11-03 09:36:04.510,4.808,300
2020-11-03 09:36:04.510,4.808,1000
2020-11-03 09:36:04.510,4.808,1000
2020-11-03 09:36:04.510,4.808,10000
2020-11-03 09:36:04.510,4.808,10000
2020-11-03 09:36:04.510,4.808,1100
2020-11-03 09:36:04.510,4.808,10000
2020-11-03 09:36:04.510,4.808,59900
2020-11-03 09:36:04.510,4.808,5500
2020-11-03 09:36:04.510,4.808,46300
2020-11-03 09:36:04.780,4.808,2600
2020-11-03 09:36:04.950,4.807,9500
2020-11-03 09:36:04.950,4.807,400
2020-11-03 09:36:04.950,4.807,20100
2020-11-03 09:36:05.210,4.808,1100
2020-11-03 09:36:05.210,4.808,100
2020-11-03 09:36:05.210,4.808,1400
2020-11-03 09:36:05.210,4.808,2000
2020-11-03 09:36:05.210,4.808,200
2020-11-03 09:36:05.210,4.808,4300
2020-11-03 09:36:05.210,4.808,5000
2020-11-03 09:36:05.210,4.808,20000
2020-11-03 09:36:05.210,4.808,500
2020-11-03 09:36:05.210,4.808,16700
2020-11-03 09:36:05.210,4.808,50000
2020-11-03 09:36:05.210,4.808,10000
2020-11-03 09:36:05.210,4.808,200
2020-11-03 09:36:05.210,4.808,2200
2020-11-03 09:36:05.210,4.808,3000
2020-11-03 09:36:05.210,4.808,1000
2020-11-03 09:36:05.390,4.808,16700
2020-11-03 09:36:06.670,4.809,5000
2020-11-03 09:36:06.670,4.809,2000
2020-11-03 09:36:06.670,4.809,500
2020-11-03 09:36:06.670,4.809,30000
2020-11-03 09:36:06.670,4.809,10000
2020-11-03 09:36:06.670,4.809,5000
2020-11-03 09:36:06.670,4.809,3000
2020-11-03 09:36:06.670,4.809,20000
2020-11-03 09:36:06.670,4.809,200
2020-11-03 09:36:06.670,4.809,200
2020-11-03 09:36:06.670,4.809,900
2020-11-03 09:36:06.670,4.809,2000
2020-11-03 09:36:06.670,4.809,30900
2020-11-03 09:36:06.670,4.809,4200
2020-11-03 09:36:06.670,4.809,1900
2020-11-03 09:36:07.890,4.81,500
2020-11-03 09:36:07.890,4.81,500
2020-11-03 09:36:07.890,4.81,10000
2020-11-03 09:36:07.890,4.81,7100
2020-11-03 09:36:08.660,4.81,7900
2020-11-03 09:36:08.660,4.81,3600
2020-11-03 09:36:08.660,4.81,500
2020-11-03 09:36:08.660,4.81,1000
2020-11-03 09:36:08.660,4.81,5000
2020-11-03 09:36:08.660,4.81,200
2020-11-03 09:36:08.660,4.81,3000
2020-11-03 09:36:08.660,4.81,500
2020-11-03 09:36:08.660,4.81,4000
2020-11-03 09:36:08.660,4.81,5000
2020-11-03 09:36:08.660,4.81,5000
2020-11-03 09:36:08.660,4.81,5000
2020-11-03 09:36:08.660,4.81,3000
2020-11-03 09:36:08.660,4.81,6200
2020-11-03 09:36:08.660,4.81,2000
2020-11-03 09:36:08.660,4.81,1500
2020-11-03 09:36:08.660,4.81,500
2020-11-03 09:36:08.660,4.81,500
2020-11-03 09:36:08.660,4.81,1000
2020-11-03 09:36:08.660,4.81,300
2020-11-03 09:36:08.660,4.81,200
2020-11-03 09:36:08.660,4.81,2500
2020-11-03 09:36:08.660,4.81,2000
2020-11-03 09:36:08.660,4.81,300
2020-11-03 09:36:08.660,4.81,1000
2020-11-03 09:36:08.660,4.81,300
2020-11-03 09:36:08.660,4.81,10000
2020-11-03 09:36:08.660,4.81,1000
2020-11-03 09:36:08.660,4.81,100
2020-11-03 09:36:08.660,4.81,5000
2020-11-03 09:36:08.660,4.81,1000
2020-11-03 09:36:08.660,4.81,20000
2020-11-03 09:36:08.660,4.81,5000
2020-11-03 09:36:08.660,4.81,3000
2020-11-03 09:36:08.660,4.81,20000
2020-11-03 09:36:08.660,4.81,2000
2020-11-03 09:36:08.660,4.81,2500
2020-11-03 09:36:08.660,4.81,5000
2020-11-03 09:36:08.660,4.81,2200
2020-11-03 09:36:08.660,4.81,100
2020-11-03 09:36:08.660,4.81,2000
2020-11-03 09:36:08.660,4.81,1000
2020-11-03 09:36:08.660,4.81,1000
2020-11-03 09:36:08.660,4.81,8000
2020-11-03 09:36:08.660,4.81,10000
2020-11-03 09:36:08.660,4.81,1000
2020-11-03 09:36:08.660,4.81,10200
2020-11-03 09:36:08.660,4.81,1000
2020-11-03 09:36:08.660,4.81,6500
2020-11-03 09:36:08.660,4.81,10100
2020-11-03 09:36:08.660,4.81,1500
2020-11-03 09:36:08.660,4.81,2100
2020-11-03 09:36:08.660,4.81,500
2020-11-03 09:36:08.660,4.81,300
2020-11-03 09:36:08.660,4.81,8700
2020-11-03 09:36:09.200,4.811,10000
2020-11-03 09:36:09.200,4.811,300
2020-11-03 09:36:09.200,4.811,6500
2020-11-03 09:36:09.200,4.811,300
2020-11-03 09:36:09.200,4.811,19900
2020-11-03 09:36:09.200,4.811,3000
2020-11-03 09:36:09.200,4.811,5000
2020-11-03 09:36:09.200,4.811,10000
2020-11-03 09:36:09.200,4.811,400
2020-11-03 09:36:09.200,4.811,200
2020-11-03 09:36:09.200,4.811,2500
2020-11-03 09:36:09.200,4.811,10000
2020-11-03 09:36:09.200,4.811,2500
2020-11-03 09:36:09.200,4.811,60000
2020-11-03 09:36:09.200,4.812,50000
2020-11-03 09:36:09.200,4.812,5000
2020-11-03 09:36:09.200,4.812,14400
2020-11-03 09:36:10.150,4.81,10000
2020-11-03 09:36:11.190,4.812,3600
2020-11-03 09:36:11.190,4.812,296400
2020-11-03 09:36:11.720,4.812,400
2020-11-03 09:36:13.540,4.81,10000
2020-11-03 09:36:13.700,4.811,400
2020-11-03 09:36:13.700,4.812,5400
2020-11-03 09:36:13.970,4.81,2000
2020-11-03 09:36:14.370,4.812,300000
2020-11-03 09:36:14.480,4.812,25800
2020-11-03 09:36:14.630,4.81,500
2020-11-03 09:36:15.580,4.812,172000
2020-11-03 09:36:15.580,4.812,50000
2020-11-03 09:36:15.580,4.812,200
2020-11-03 09:36:15.580,4.812,77800
2020-11-03 09:36:15.990,4.812,5500
2020-11-03 09:36:15.990,4.812,100000
2020-11-03 09:36:15.990,4.812,2000
2020-11-03 09:36:15.990,4.812,3000
2020-11-03 09:36:15.990,4.812,1000
2020-11-03 09:36:15.990,4.812,3000
2020-11-03 09:36:15.990,4.812,300
2020-11-03 09:36:16.250,4.812,30000
2020-11-03 09:36:16.500,4.812,4900
2020-11-03 09:36:16.590,4.812,2000
2020-11-03 09:36:16.620,4.81,200
2020-11-03 09:36:16.960,4.812,62800
2020-11-03 09:36:16.960,4.812,10000
2020-11-03 09:36:16.960,4.812,8500
2020-11-03 09:36:16.960,4.812,118700
2020-11-03 09:36:17.400,4.812,20000
2020-11-03 09:36:17.850,4.81,1000
2020-11-03 09:36:17.850,4.81,1000
2020-11-03 09:36:17.880,4.81,1000
2020-11-03 09:36:18.380,4.81,2000
2020-11-03 09:36:18.750,4.812,6200
2020-11-03 09:36:18.990,4.81,100
2020-11-03 09:36:19.730,4.81,2000
2020-11-03 09:36:19.880,4.812,55100
2020-11-03 09:36:19.880,4.812,3000
2020-11-03 09:36:19.880,4.812,3000
2020-11-03 09:36:19.880,4.812,5000
2020-11-03 09:36:19.880,4.812,100
2020-11-03 09:36:19.880,4.812,8000
2020-11-03 09:36:19.880,4.812,1000
2020-11-03 09:36:19.880,4.812,1100
2020-11-03 09:36:20.520,4.812,500
2020-11-03 09:36:20.790,4.812,1000
2020-11-03 09:36:21.980,4.812,57000
2020-11-03 09:36:22.650,4.812,59700
2020-11-03 09:36:22.950,4.812,100
2020-11-03 09:36:22.950,4.812,7500
2020-11-03 09:36:24.200,4.812,20000
2020-11-03 09:36:25.300,4.812,2000
2020-11-03 09:36:25.390,4.813,91600
2020-11-03 09:36:25.390,4.813,2000
2020-11-03 09:36:25.390,4.813,600
2020-11-03 09:36:25.390,4.813,12000
2020-11-03 09:36:25.390,4.813,30000
2020-11-03 09:36:25.390,4.813,500
2020-11-03 09:36:25.390,4.813,1000
2020-11-03 09:36:25.390,4.813,1000
2020-11-03 09:36:25.390,4.813,300
2020-11-03 09:36:25.390,4.813,3000
2020-11-03 09:36:25.390,4.813,8000
2020-11-03 09:36:25.390,4.813,1000
2020-11-03 09:36:25.390,4.813,3000
2020-11-03 09:36:25.390,4.813,2000
2020-11-03 09:36:25.390,4.813,200
2020-11-03 09:36:25.390,4.813,20000
2020-11-03 09:36:25.390,4.813,10000
2020-11-03 09:36:25.390,4.813,10000
2020-11-03 09:36:25.390,4.813,9000
2020-11-03 09:36:25.390,4.813,17600
2020-11-03 09:36:25.750,4.813,2000
2020-11-03 09:36:25.970,4.813,10200
2020-11-03 09:36:26.590,4.813,7800
2020-11-03 09:36:27.070,4.813,1000
2020-11-03 09:36:27.130,4.813,10000
2020-11-03 09:36:27.450,4.813,10000
2020-11-03 09:36:27.510,4.813,400
2020-11-03 09:36:27.610,4.814,1000
2020-11-03 09:36:27.610,4.814,3000
2020-11-03 09:36:27.670,4.813,1000
2020-11-03 09:36:27.700,4.813,2300
2020-11-03 09:36:27.890,4.813,20000
2020-11-03 09:36:28.010,4.813,1100
2020-11-03 09:36:28.680,4.813,11400
2020-11-03 09:36:28.680,4.813,18600
2020-11-03 09:36:28.680,4.813,10000
2020-11-03 09:36:28.700,4.813,1000
2020-11-03 09:36:28.970,4.813,400
2020-11-03 09:36:28.970,4.814,7000
2020-11-03 09:36:28.970,4.814,3000
2020-11-03 09:36:29.390,4.814,7000
2020-11-03 09:36:29.390,4.814,1000
2020-11-03 09:36:29.390,4.814,2000
2020-11-03 09:36:29.650,4.813,100
2020-11-03 09:36:29.680,4.813,2000
2020-11-03 09:36:29.990,4.813,2000
2020-11-03 09:36:30.160,4.814,2400
2020-11-03 09:36:30.220,4.814,300
2020-11-03 09:36:30.320,4.813,2000
2020-11-03 09:36:30.690,4.813,263900
2020-11-03 09:36:30.690,4.813,36100
2020-11-03 09:36:30.690,4.813,10000
2020-11-03 09:36:31.180,4.814,300
2020-11-03 09:36:31.180,4.814,2000
2020-11-03 09:36:31.180,4.814,20000
2020-11-03 09:36:31.180,4.814,7700
2020-11-03 09:36:31.880,4.813,3800
2020-11-03 09:36:32.020,4.813,3000
2020-11-03 09:36:32.080,4.814,7700
2020-11-03 09:36:32.290,4.813,100
2020-11-03 09:36:32.590,4.814,300
2020-11-03 09:36:33.190,4.814,14700
2020-11-03 09:36:33.190,4.814,5000
2020-11-03 09:36:33.190,4.814,2000
2020-11-03 09:36:33.650,4.813,1300
2020-11-03 09:36:33.900,4.814,10000
2020-11-03 09:36:34.110,4.814,5000
2020-11-03 09:36:34.870,4.813,245700
2020-11-03 09:36:34.870,4.813,8000
2020-11-03 09:36:34.870,4.813,47600
2020-11-03 09:36:34.990,4.813,23200
2020-11-03 09:36:35.660,4.814,4300
2020-11-03 09:36:35.660,4.814,700
2020-11-03 09:36:37.280,4.813,3700
2020-11-03 09:36:37.340,4.813,800
2020-11-03 09:36:37.570,4.813,224700
2020-11-03 09:36:37.570,4.813,75300
2020-11-03 09:36:37.610,4.813,6700
2020-11-03 09:36:37.610,4.813,218000
2020-11-03 09:36:37.610,4.813,97000
2020-11-03 09:36:37.650,4.813,203000
2020-11-03 09:36:37.650,4.813,97000
2020-11-03 09:36:37.700,4.813,172100
2020-11-03 09:36:37.940,4.813,30900
2020-11-03 09:36:37.940,4.813,14400
2020-11-03 09:36:37.940,4.813,93100
2020-11-03 09:36:38.150,4.814,74300
2020-11-03 09:36:38.150,4.814,900
2020-11-03 09:36:38.150,4.814,5000
2020-11-03 09:36:38.150,4.814,18400
2020-11-03 09:36:38.230,4.813,100000
2020-11-03 09:36:38.230,4.813,4900
2020-11-03 09:36:38.230,4.813,15800
2020-11-03 09:36:38.230,4.812,75900
2020-11-03 09:36:38.230,4.812,3400
2020-11-03 09:36:38.810,4.813,10800
2020-11-03 09:36:39.370,4.813,1800
2020-11-03 09:36:40.240,4.813,1500
2020-11-03 09:36:40.730,4.813,5000
2020-11-03 09:36:41.000,4.813,3000
2020-11-03 09:36:41.450,4.812,1000
2020-11-03 09:36:42.060,4.813,7400
2020-11-03 09:36:42.340,4.813,200
2020-11-03 09:36:42.580,4.813,200
2020-11-03 09:36:42.710,4.813,10000
2020-11-03 09:36:43.100,4.813,15800
2020-11-03 09:36:43.970,4.812,10500
2020-11-03 09:36:44.300,4.813,700
2020-11-03 09:36:45.220,4.813,200
2020-11-03 09:36:46.140,4.813,700
2020-11-03 09:36:46.290,4.812,2100
2020-11-03 09:36:47.110,4.813,900
2020-11-03 09:36:47.430,4.812,2600
2020-11-03 09:36:48.010,4.812,600
2020-11-03 09:36:48.010,4.812,400
2020-11-03 09:36:48.010,4.812,300
2020-11-03 09:36:48.150,4.812,200
2020-11-03 09:36:48.530,4.812,2000
2020-11-03 09:36:48.740,4.812,2200
2020-11-03 09:36:48.740,4.812,10000
2020-11-03 09:36:48.740,4.812,79700
2020-11-03 09:36:49.820,4.813,5900
2020-11-03 09:36:50.110,4.813,800
2020-11-03 09:36:50.410,4.813,4000
2020-11-03 09:36:50.410,4.813,100
2020-11-03 09:36:50.410,4.813,3000
2020-11-03 09:36:50.410,4.813,3800
2020-11-03 09:36:50.410,4.813,12500
2020-11-03 09:36:50.410,4.813,5000
2020-11-03 09:36:50.410,4.813,1000
2020-11-03 09:36:50.410,4.813,1000
2020-11-03 09:36:50.410,4.813,3000
2020-11-03 09:36:50.410,4.813,200
2020-11-03 09:36:50.410,4.813,2000
2020-11-03 09:36:51.970,4.813,500
2020-11-03 09:36:51.970,4.813,300
2020-11-03 09:36:51.970,4.813,9200
2020-11-03 09:36:52.440,4.812,5000
2020-11-03 09:36:52.610,4.812,117400
2020-11-03 09:36:53.420,4.812,8000
2020-11-03 09:36:53.860,4.812,7400
2020-11-03 09:36:54.070,4.812,3000
2020-11-03 09:36:54.370,4.812,2300
2020-11-03 09:36:54.490,4.812,20000
2020-11-03 09:36:55.060,4.812,8400
2020-11-03 09:36:55.090,4.812,1300
2020-11-03 09:36:55.280,4.812,11500
2020-11-03 09:36:56.060,4.812,200
2020-11-03 09:36:56.060,4.812,2800
2020-11-03 09:36:56.180,4.81,5000
2020-11-03 09:36:56.750,4.812,1000
2020-11-03 09:36:57.180,4.811,32400
2020-11-03 09:36:59.390,4.812,500
2020-11-03 09:37:00.000,4.812,1000
2020-11-03 09:37:00.000,4.812,9000
2020-11-03 09:37:00.240,4.812,300
2020-11-03 09:37:00.270,4.812,6000
2020-11-03 09:37:01.140,4.812,14700
2020-11-03 09:37:01.140,4.812,5300
2020-11-03 09:37:01.400,4.812,5000
2020-11-03 09:37:01.640,4.812,200
2020-11-03 09:37:01.720,4.811,2000
2020-11-03 09:37:02.000,4.811,3500
2020-11-03 09:37:03.390,4.811,2000
2020-11-03 09:37:04.410,4.811,6300
2020-11-03 09:37:04.730,4.81,15200
2020-11-03 09:37:04.730,4.81,700
2020-11-03 09:37:04.730,4.81,25000
2020-11-03 09:37:04.730,4.81,43500
2020-11-03 09:37:04.730,4.81,600
2020-11-03 09:37:04.730,4.81,100000
2020-11-03 09:37:04.730,4.81,1100
2020-11-03 09:37:04.730,4.81,1900
2020-11-03 09:37:04.730,4.81,10000
2020-11-03 09:37:04.730,4.81,4000
2020-11-03 09:37:04.730,4.81,98000
2020-11-03 09:37:06.680,4.811,500
2020-11-03 09:37:06.970,4.811,1200
2020-11-03 09:37:06.970,4.811,11100
2020-11-03 09:37:06.970,4.812,200
2020-11-03 09:37:07.140,4.812,800
2020-11-03 09:37:07.140,4.812,20000
2020-11-03 09:37:07.140,4.812,300
2020-11-03 09:37:07.140,4.812,10000
2020-11-03 09:37:07.140,4.812,10000
2020-11-03 09:37:07.140,4.812,2000
2020-11-03 09:37:07.140,4.812,25000
2020-11-03 09:37:07.310,4.812,5000
2020-11-03 09:37:08.560,4.812,2500
2020-11-03 09:37:08.860,4.812,400
2020-11-03 09:37:08.920,4.813,10000
2020-11-03 09:37:09.300,4.812,300
2020-11-03 09:37:09.320,4.812,400
2020-11-03 09:37:09.320,4.812,23900
2020-11-03 09:37:09.320,4.812,5000
2020-11-03 09:37:10.480,4.811,4000
2020-11-03 09:37:10.840,4.811,200
2020-11-03 09:37:11.400,4.81,300
2020-11-03 09:37:11.400,4.81,400
2020-11-03 09:37:12.390,4.81,300
2020-11-03 09:37:12.390,4.811,1700
2020-11-03 09:37:12.680,4.811,500
2020-11-03 09:37:13.460,4.81,1000
2020-11-03 09:37:13.460,4.811,72300
2020-11-03 09:37:14.000,4.811,200
2020-11-03 09:37:14.740,4.811,1000
2020-11-03 09:37:15.220,4.809,2000
2020-11-03 09:37:16.060,4.81,5000
2020-11-03 09:37:16.210,4.809,3500
2020-11-03 09:37:16.470,4.81,1000
2020-11-03 09:37:17.050,4.81,2500
2020-11-03 09:37:17.050,4.81,100
2020-11-03 09:37:17.050,4.811,100
2020-11-03 09:37:17.390,4.811,30000
2020-11-03 09:37:17.510,4.811,15400
2020-11-03 09:37:17.510,4.811,1200
2020-11-03 09:37:18.610,4.809,500
2020-11-03 09:37:18.720,4.811,100
2020-11-03 09:37:20.040,4.811,3000
2020-11-03 09:37:22.500,4.81,300
2020-11-03 09:37:22.500,4.809,9700
2020-11-03 09:37:22.910,4.811,6900
2020-11-03 09:37:23.390,4.81,2100
2020-11-03 09:37:24.040,4.81,2900
2020-11-03 09:37:24.040,4.81,9900
2020-11-03 09:37:24.040,4.81,7200
2020-11-03 09:37:24.220,4.81,2000
2020-11-03 09:37:24.320,4.81,8500
2020-11-03 09:37:26.080,4.811,100
2020-11-03 09:37:26.670,4.811,2400
2020-11-03 09:37:26.670,4.811,1200
2020-11-03 09:37:26.670,4.811,15600
2020-11-03 09:37:26.670,4.811,10000
2020-11-03 09:37:26.670,4.811,2000
2020-11-03 09:37:26.670,4.811,5000
2020-11-03 09:37:26.670,4.811,4000
2020-11-03 09:37:26.670,4.811,100
2020-11-03 09:37:26.670,4.811,19900
2020-11-03 09:37:26.670,4.811,500
2020-11-03 09:37:26.670,4.811,5000
2020-11-03 09:37:26.670,4.811,158300
2020-11-03 09:37:26.810,4.811,5000
2020-11-03 09:37:27.450,4.811,1000
2020-11-03 09:37:27.900,4.811,4000
2020-11-03 09:37:28.000,4.811,20000
2020-11-03 09:37:28.240,4.811,1700
2020-11-03 09:37:28.240,4.81,1000
2020-11-03 09:37:28.240,4.81,7300
2020-11-03 09:37:28.460,4.81,11100
2020-11-03 09:37:28.460,4.81,100
2020-11-03 09:37:28.460,4.81,35300
2020-11-03 09:37:30.050,4.811,9000
2020-11-03 09:37:30.050,4.811,1000
2020-11-03 09:37:30.200,4.812,100
2020-11-03 09:37:30.200,4.812,100
2020-11-03 09:37:30.280,4.811,500
2020-11-03 09:37:30.310,4.811,2100
2020-11-03 09:37:30.940,4.811,1000
2020-11-03 09:37:30.940,4.811,5000
2020-11-03 09:37:31.000,4.812,4900
2020-11-03 09:37:31.000,4.812,2000
2020-11-03 09:37:31.000,4.812,40000
2020-11-03 09:37:31.000,4.812,1000
2020-11-03 09:37:31.000,4.812,100
2020-11-03 09:37:31.830,4.811,10400
2020-11-03 09:37:31.830,4.811,9600
2020-11-03 09:37:31.860,4.812,1900
2020-11-03 09:37:31.860,4.812,500
2020-11-03 09:37:31.860,4.812,1900
2020-11-03 09:37:31.860,4.812,8100
2020-11-03 09:37:31.860,4.812,500
2020-11-03 09:37:31.860,4.812,4000
2020-11-03 09:37:31.860,4.812,500
2020-11-03 09:37:31.860,4.812,500
2020-11-03 09:37:31.860,4.812,600
2020-11-03 09:37:31.860,4.812,5000
2020-11-03 09:37:31.860,4.812,2000
2020-11-03 09:37:31.860,4.812,15000
2020-11-03 09:37:31.860,4.812,16700
2020-11-03 09:37:33.040,4.812,5000
2020-11-03 09:37:33.220,4.812,10000
2020-11-03 09:37:33.620,4.812,4700
2020-11-03 09:37:35.220,4.812,1000
2020-11-03 09:37:35.600,4.812,2700
2020-11-03 09:37:35.600,4.812,7300
2020-11-03 09:37:35.810,4.812,200
2020-11-03 09:37:36.320,4.812,4800
2020-11-03 09:37:37.260,4.812,1000
2020-11-03 09:37:38.390,4.811,2000
2020-11-03 09:37:38.440,4.811,20000
2020-11-03 09:37:38.610,4.811,800
2020-11-03 09:37:39.650,4.811,1000
2020-11-03 09:37:39.850,4.812,3300
2020-11-03 09:37:40.440,4.811,1000
2020-11-03 09:37:41.630,4.811,10000
2020-11-03 09:37:41.800,4.812,900
2020-11-03 09:37:41.800,4.812,4100
2020-11-03 09:37:43.130,4.811,1000
2020-11-03 09:37:44.440,4.812,200
2020-11-03 09:37:44.690,4.812,15000
2020-11-03 09:37:45.110,4.811,4600
2020-11-03 09:37:45.110,4.811,5300
2020-11-03 09:37:46.650,4.811,5000
2020-11-03 09:37:47.810,4.811,100
2020-11-03 09:37:47.810,4.811,100
2020-11-03 09:37:47.890,4.811,1000
2020-11-03 09:37:47.890,4.812,700
2020-11-03 09:37:47.890,4.812,100
2020-11-03 09:37:48.230,4.811,20000
2020-11-03 09:37:48.230,4.811,10000
2020-11-03 09:37:50.330,4.811,1000
2020-11-03 09:37:51.740,4.811,5000
2020-11-03 09:37:51.900,4.811,5700
2020-11-03 09:37:52.160,4.812,10800
2020-11-03 09:37:52.290,4.812,900
2020-11-03 09:37:52.540,4.811,25700
2020-11-03 09:37:52.540,4.811,10000
2020-11-03 09:37:54.200,4.811,6700
2020-11-03 09:37:56.220,4.811,900
2020-11-03 09:37:56.880,4.811,100
2020-11-03 09:37:58.510,4.81,600
2020-11-03 09:37:58.510,4.81,1400
2020-11-03 09:37:58.510,4.81,2200
2020-11-03 09:37:58.510,4.81,13000
2020-11-03 09:37:58.510,4.81,2800
2020-11-03 09:37:59.100,4.811,300000
2020-11-03 09:37:59.570,4.811,195000
2020-11-03 09:37:59.570,4.811,900
2020-11-03 09:37:59.570,4.811,500
2020-11-03 09:37:59.570,4.811,100
2020-11-03 09:37:59.570,4.811,2000
2020-11-03 09:37:59.570,4.811,10000
2020-11-03 09:37:59.570,4.811,1100
2020-11-03 09:37:59.570,4.811,100
2020-11-03 09:37:59.570,4.811,2400
2020-11-03 09:37:59.570,4.811,2000
2020-11-03 09:37:59.570,4.811,600
2020-11-03 09:37:59.570,4.811,5000
2020-11-03 09:37:59.660,4.811,2100
2020-11-03 09:38:00.000,4.811,800
2020-11-03 09:38:00.210,4.812,300
2020-11-03 09:38:00.210,4.812,300
2020-11-03 09:38:00.640,4.812,33000
2020-11-03 09:38:00.640,4.812,300
2020-11-03 09:38:00.640,4.812,200
2020-11-03 09:38:00.640,4.812,5000
2020-11-03 09:38:00.640,4.812,3800
2020-11-03 09:38:00.640,4.812,5500
2020-11-03 09:38:00.640,4.812,500
2020-11-03 09:38:00.640,4.812,12900
2020-11-03 09:38:00.640,4.812,1500
2020-11-03 09:38:00.640,4.812,1000
2020-11-03 09:38:00.640,4.812,1100
2020-11-03 09:38:00.640,4.812,10000
2020-11-03 09:38:00.640,4.812,15700
2020-11-03 09:38:00.640,4.812,500
2020-11-03 09:38:00.640,4.812,5000
2020-11-03 09:38:00.640,4.812,20000
2020-11-03 09:38:00.640,4.812,10000
2020-11-03 09:38:00.640,4.812,200
2020-11-03 09:38:00.640,4.812,10000
2020-11-03 09:38:02.060,4.812,5000
2020-11-03 09:38:02.720,4.813,900
2020-11-03 09:38:02.720,4.813,3000
2020-11-03 09:38:02.720,4.813,2000
2020-11-03 09:38:02.720,4.813,400
2020-11-03 09:38:02.720,4.813,7600
2020-11-03 09:38:02.720,4.813,1000
2020-11-03 09:38:02.720,4.813,30000
2020-11-03 09:38:02.720,4.813,2000
2020-11-03 09:38:02.720,4.813,2000
2020-11-03 09:38:02.720,4.813,1000
2020-11-03 09:38:02.720,4.813,205700
2020-11-03 09:38:02.720,4.813,100
2020-11-03 09:38:02.720,4.813,2000
2020-11-03 09:38:02.720,4.813,42300
2020-11-03 09:38:02.750,4.812,300000
2020-11-03 09:38:02.950,4.813,7700
2020-11-03 09:38:02.950,4.813,10000
2020-11-03 09:38:02.950,4.813,5000
2020-11-03 09:38:02.950,4.813,2000
2020-11-03 09:38:02.950,4.813,500
2020-11-03 09:38:02.950,4.813,10000
2020-11-03 09:38:02.950,4.813,30300
2020-11-03 09:38:02.950,4.813,1000
2020-11-03 09:38:02.950,4.813,2200
2020-11-03 09:38:02.950,4.813,300
2020-11-03 09:38:02.950,4.813,400
2020-11-03 09:38:02.950,4.813,5000
2020-11-03 09:38:02.950,4.813,5000
2020-11-03 09:38:02.950,4.813,60000
2020-11-03 09:38:02.950,4.813,200
2020-11-03 09:38:02.950,4.813,4000
2020-11-03 09:38:03.070,4.813,15700
2020-11-03 09:38:03.620,4.812,10000
2020-11-03 09:38:03.620,4.813,900
2020-11-03 09:38:04.150,4.814,1600
2020-11-03 09:38:04.150,4.814,25900
2020-11-03 09:38:04.150,4.814,3400
2020-11-03 09:38:04.150,4.814,300
2020-11-03 09:38:04.150,4.814,30000
2020-11-03 09:38:04.150,4.814,200
2020-11-03 09:38:04.150,4.814,5000
2020-11-03 09:38:04.150,4.814,2000
2020-11-03 09:38:04.150,4.814,1100
2020-11-03 09:38:04.150,4.814,4000
2020-11-03 09:38:04.150,4.814,1000
2020-11-03 09:38:04.150,4.814,30000
2020-11-03 09:38:04.150,4.814,100
2020-11-03 09:38:04.150,4.814,195400
2020-11-03 09:38:04.830,4.813,5000
2020-11-03 09:38:04.980,4.813,20000
2020-11-03 09:38:05.120,4.813,33000
2020-11-03 09:38:05.670,4.813,1500
2020-11-03 09:38:06.490,4.813,5600
2020-11-03 09:38:07.000,4.813,1000
2020-11-03 09:38:07.730,4.813,5700
2020-11-03 09:38:08.150,4.813,5000
2020-11-03 09:38:09.960,4.814,38000
2020-11-03 09:38:10.490,4.813,20000
2020-11-03 09:38:10.520,4.814,16600
2020-11-03 09:38:10.520,4.814,2000
2020-11-03 09:38:10.520,4.814,2000
2020-11-03 09:38:10.520,4.814,3200
2020-11-03 09:38:10.520,4.814,100
2020-11-03 09:38:10.520,4.814,20000
2020-11-03 09:38:10.520,4.814,500
2020-11-03 09:38:10.520,4.814,26000
2020-11-03 09:38:10.520,4.814,500
2020-11-03 09:38:10.520,4.814,300
2020-11-03 09:38:10.520,4.814,9900
2020-11-03 09:38:10.520,4.814,500
2020-11-03 09:38:10.520,4.814,3000
2020-11-03 09:38:11.310,4.814,1000
2020-11-03 09:38:11.490,4.814,5000
2020-11-03 09:38:12.320,4.814,1000
2020-11-03 09:38:12.770,4.814,10000
2020-11-03 09:38:13.560,4.814,20000
2020-11-03 09:38:14.280,4.814,1100
2020-11-03 09:38:14.390,4.814,5000
2020-11-03 09:38:15.560,4.815,100
2020-11-03 09:38:15.840,4.814,4000
2020-11-03 09:38:16.630,4.815,400
2020-11-03 09:38:16.630,4.815,200
2020-11-03 09:38:16.630,4.815,100
2020-11-03 09:38:16.630,4.815,200
2020-11-03 09:38:16.630,4.815,7000
2020-11-03 09:38:16.630,4.815,1000
2020-11-03 09:38:16.630,4.815,200
2020-11-03 09:38:16.630,4.815,1000
2020-11-03 09:38:16.630,4.815,1400
2020-11-03 09:38:16.630,4.815,2000
2020-11-03 09:38:16.630,4.815,3000
2020-11-03 09:38:16.630,4.815,5000
2020-11-03 09:38:16.630,4.815,4200
2020-11-03 09:38:16.630,4.815,500
2020-11-03 09:38:16.630,4.815,5000
2020-11-03 09:38:16.630,4.815,10000
2020-11-03 09:38:16.630,4.815,800
2020-11-03 09:38:16.630,4.815,3300
2020-11-03 09:38:16.710,4.814,4900
2020-11-03 09:38:16.820,4.814,7200
2020-11-03 09:38:17.110,4.814,500
2020-11-03 09:38:17.370,4.815,400
2020-11-03 09:38:18.140,4.814,100
2020-11-03 09:38:19.300,4.814,1000
2020-11-03 09:38:19.570,4.814,2000
2020-11-03 09:38:19.660,4.815,400
2020-11-03 09:38:20.050,4.815,1000
2020-11-03 09:38:20.050,4.815,6500
2020-11-03 09:38:20.480,4.814,20000
2020-11-03 09:38:21.170,4.814,21000
2020-11-03 09:38:21.580,4.814,200
2020-11-03 09:38:21.670,4.815,3000
2020-11-03 09:38:21.970,4.814,1100
2020-11-03 09:38:22.340,4.814,900
2020-11-03 09:38:22.340,4.814,9100
2020-11-03 09:38:22.560,4.814,6700
2020-11-03 09:38:23.320,4.814,5000
2020-11-03 09:38:23.510,4.815,1000
2020-11-03 09:38:23.770,4.815,14400
2020-11-03 09:38:23.770,4.815,5500
2020-11-03 09:38:23.770,4.815,500
2020-11-03 09:38:23.770,4.815,1000
2020-11-03 09:38:23.770,4.815,4000
2020-11-03 09:38:23.770,4.815,15000
2020-11-03 09:38:23.770,4.815,500
2020-11-03 09:38:23.770,4.815,100
2020-11-03 09:38:23.770,4.815,20000
2020-11-03 09:38:23.770,4.815,2600
2020-11-03 09:38:23.770,4.815,10000
2020-11-03 09:38:23.770,4.815,100
2020-11-03 09:38:23.770,4.815,1000
2020-11-03 09:38:23.770,4.815,1700
2020-11-03 09:38:23.770,4.815,1000
2020-11-03 09:38:23.770,4.815,35000
2020-11-03 09:38:23.770,4.815,5000
2020-11-03 09:38:23.770,4.815,500
2020-11-03 09:38:23.770,4.815,1100
2020-11-03 09:38:23.770,4.815,3000
2020-11-03 09:38:23.770,4.815,5000
2020-11-03 09:38:23.770,4.815,2500
2020-11-03 09:38:23.770,4.815,1000
2020-11-03 09:38:23.770,4.815,500
2020-11-03 09:38:23.770,4.815,5000
2020-11-03 09:38:23.770,4.815,500
2020-11-03 09:38:23.770,4.815,2000
2020-11-03 09:38:23.770,4.815,500
2020-11-03 09:38:23.770,4.815,1000
2020-11-03 09:38:23.770,4.815,1200
2020-11-03 09:38:23.770,4.815,500
2020-11-03 09:38:23.770,4.815,10000
2020-11-03 09:38:23.770,4.815,10000
2020-11-03 09:38:23.770,4.815,30000
2020-11-03 09:38:23.770,4.815,100
2020-11-03 09:38:23.770,4.815,2300
2020-11-03 09:38:23.770,4.815,2000
2020-11-03 09:38:23.770,4.815,200
2020-11-03 09:38:23.770,4.815,15700
2020-11-03 09:38:23.770,4.815,500
2020-11-03 09:38:23.770,4.815,200
2020-11-03 09:38:23.850,4.815,600
2020-11-03 09:38:23.980,4.815,2000
2020-11-03 09:38:26.740,4.814,100
2020-11-03 09:38:27.590,4.814,300
2020-11-03 09:38:27.650,4.814,3000
2020-11-03 09:38:27.650,4.814,10600
2020-11-03 09:38:27.900,4.814,5000
2020-11-03 09:38:28.200,4.814,2000
2020-11-03 09:38:28.350,4.815,1000
2020-11-03 09:38:28.350,4.815,1000
2020-11-03 09:38:29.480,4.814,3400
2020-11-03 09:38:29.480,4.814,800
2020-11-03 09:38:29.480,4.814,1000
2020-11-03 09:38:29.480,4.814,300
2020-11-03 09:38:30.050,4.814,100
2020-11-03 09:38:30.250,4.814,200
2020-11-03 09:38:30.280,4.814,100
2020-11-03 09:38:31.550,4.814,2100
2020-11-03 09:38:31.550,4.814,2000
2020-11-03 09:38:31.550,4.814,13800
2020-11-03 09:38:33.140,4.814,100
2020-11-03 09:38:34.980,4.814,16100
2020-11-03 09:38:34.980,4.814,200
2020-11-03 09:38:34.980,4.814,10300
2020-11-03 09:38:34.980,4.814,100
2020-11-03 09:38:34.980,4.814,1000
2020-11-03 09:38:34.980,4.814,15000
2020-11-03 09:38:35.440,4.814,16700
2020-11-03 09:38:35.510,4.814,100
2020-11-03 09:38:35.510,4.815,1200
2020-11-03 09:38:36.380,4.815,200
2020-11-03 09:38:36.380,4.815,3800
2020-11-03 09:38:36.380,4.815,1000
2020-11-03 09:38:36.720,4.814,40500
2020-11-03 09:38:36.720,4.813,500
2020-11-03 09:38:36.720,4.813,9000
2020-11-03 09:38:37.260,4.814,47000
2020-11-03 09:38:37.750,4.814,2000
2020-11-03 09:38:40.790,4.814,4500
2020-11-03 09:38:40.790,4.814,400
2020-11-03 09:38:40.790,4.814,100
2020-11-03 09:38:41.130,4.814,900
2020-11-03 09:38:41.480,4.815,1000
2020-11-03 09:38:41.480,4.815,1000
2020-11-03 09:38:41.480,4.815,1000
2020-11-03 09:38:41.890,4.814,17900
2020-11-03 09:38:42.200,4.814,200
2020-11-03 09:38:42.310,4.814,1600
2020-11-03 09:38:42.310,4.814,800
2020-11-03 09:38:43.070,4.814,9200
2020-11-03 09:38:43.440,4.814,3000
2020-11-03 09:38:43.520,4.813,100
2020-11-03 09:38:43.690,4.814,15400
2020-11-03 09:38:44.090,4.814,10000
2020-11-03 09:38:44.340,4.814,200
2020-11-03 09:38:44.940,4.814,24400
2020-11-03 09:38:44.940,4.814,19600
2020-11-03 09:38:45.450,4.814,500
2020-11-03 09:38:46.250,4.815,100
2020-11-03 09:38:46.900,4.814,4500
2020-11-03 09:38:47.680,4.814,2000
2020-11-03 09:38:47.850,4.815,900
2020-11-03 09:38:47.850,4.815,200
2020-11-03 09:38:47.850,4.815,1400
2020-11-03 09:38:47.850,4.815,10000
2020-11-03 09:38:47.850,4.815,10000
2020-11-03 09:38:47.850,4.815,800
2020-11-03 09:38:48.180,4.815,30000
2020-11-03 09:38:48.530,4.815,46000
2020-11-03 09:38:48.530,4.815,2700
2020-11-03 09:38:48.850,4.815,100
2020-11-03 09:38:49.180,4.814,1000
2020-11-03 09:38:49.690,4.815,5600
2020-11-03 09:38:50.150,4.814,2000
2020-11-03 09:38:50.750,4.815,2100
2020-11-03 09:38:51.230,4.814,3000
2020-11-03 09:38:51.290,4.814,1300
2020-11-03 09:38:51.560,4.815,1700
2020-11-03 09:38:51.790,4.814,3000
2020-11-03 09:38:52.120,4.814,5000
2020-11-03 09:38:52.340,4.815,2100
2020-11-03 09:38:52.570,4.815,100
2020-11-03 09:38:52.570,4.814,20000
2020-11-03 09:38:53.040,4.815,10000
2020-11-03 09:38:53.160,4.815,100
2020-11-03 09:38:53.810,4.815,1000
2020-11-03 09:38:54.620,4.814,1000
2020-11-03 09:38:54.620,4.814,100
2020-11-03 09:38:54.620,4.814,2100
2020-11-03 09:38:54.620,4.814,5200
2020-11-03 09:38:54.620,4.814,91600
2020-11-03 09:38:54.820,4.814,7000
2020-11-03 09:38:55.270,4.815,4500
2020-11-03 09:38:55.270,4.815,500
2020-11-03 09:38:55.270,4.815,1000
2020-11-03 09:38:55.270,4.815,1100
2020-11-03 09:38:55.270,4.815,5000
2020-11-03 09:38:55.270,4.815,800
2020-11-03 09:38:55.270,4.815,35000
2020-11-03 09:38:55.270,4.815,30000
2020-11-03 09:38:55.270,4.815,4000
2020-11-03 09:38:55.270,4.815,2500
2020-11-03 09:38:55.270,4.815,2000
2020-11-03 09:38:55.270,4.815,5000
2020-11-03 09:38:55.270,4.815,5000
2020-11-03 09:38:55.270,4.815,10000
2020-11-03 09:38:55.270,4.815,14600
2020-11-03 09:38:56.430,4.815,200
2020-11-03 09:38:56.490,4.814,1500
2020-11-03 09:38:56.640,4.814,1200
2020-11-03 09:38:56.640,4.814,1300
2020-11-03 09:38:56.700,4.815,200
2020-11-03 09:38:56.700,4.814,3200
2020-11-03 09:38:56.700,4.814,1800
2020-11-03 09:38:57.020,4.815,100
2020-11-03 09:38:57.020,4.814,3200
2020-11-03 09:38:57.020,4.814,6800
2020-11-03 09:38:59.730,4.815,2000
2020-11-03 09:39:00.250,4.815,300
2020-11-03 09:39:00.800,4.815,200
2020-11-03 09:39:00.800,4.815,800
2020-11-03 09:39:01.130,4.815,3200
2020-11-03 09:39:01.130,4.815,2500
2020-11-03 09:39:01.130,4.815,1200
2020-11-03 09:39:01.880,4.815,100
2020-11-03 09:39:03.450,4.814,3000
2020-11-03 09:39:04.050,4.814,600
2020-11-03 09:39:04.610,4.815,100
2020-11-03 09:39:04.870,4.814,2000
2020-11-03 09:39:04.920,4.815,3000
2020-11-03 09:39:05.070,4.815,100
2020-11-03 09:39:05.800,4.815,100
2020-11-03 09:39:05.800,4.815,100
2020-11-03 09:39:05.800,4.815,100
2020-11-03 09:39:05.800,4.815,100
2020-11-03 09:39:05.860,4.815,100
2020-11-03 09:39:05.860,4.815,100
2020-11-03 09:39:05.860,4.815,100
2020-11-03 09:39:05.860,4.815,100
2020-11-03 09:39:05.860,4.815,100
2020-11-03 09:39:05.860,4.815,100
2020-11-03 09:39:05.860,4.815,100
2020-11-03 09:39:05.860,4.815,100
2020-11-03 09:39:05.920,4.815,100
2020-11-03 09:39:05.920,4.815,100
2020-11-03 09:39:05.920,4.815,100
2020-11-03 09:39:05.920,4.815,100
2020-11-03 09:39:05.920,4.815,100
2020-11-03 09:39:05.950,4.815,100
2020-11-03 09:39:05.950,4.815,100
2020-11-03 09:39:05.950,4.815,100
2020-11-03 09:39:05.950,4.815,100
2020-11-03 09:39:05.950,4.815,100
2020-11-03 09:39:05.950,4.815,100
2020-11-03 09:39:05.950,4.815,100
2020-11-03 09:39:06.010,4.815,100
2020-11-03 09:39:06.010,4.815,100
2020-11-03 09:39:06.010,4.815,100
2020-11-03 09:39:06.010,4.815,100
2020-11-03 09:39:06.010,4.815,100
2020-11-03 09:39:06.010,4.815,100
2020-11-03 09:39:06.070,4.815,100
2020-11-03 09:39:06.070,4.815,100
2020-11-03 09:39:06.070,4.815,100
2020-11-03 09:39:06.070,4.815,100
2020-11-03 09:39:06.070,4.815,100
2020-11-03 09:39:06.150,4.815,100
2020-11-03 09:39:06.210,4.815,100
2020-11-03 09:39:06.210,4.815,100
2020-11-03 09:39:06.210,4.815,100
2020-11-03 09:39:06.210,4.815,100
2020-11-03 09:39:06.210,4.815,100
2020-11-03 09:39:06.210,4.815,100
2020-11-03 09:39:06.210,4.815,100
2020-11-03 09:39:06.210,4.815,100
2020-11-03 09:39:06.210,4.815,100
2020-11-03 09:39:06.210,4.815,100
2020-11-03 09:39:06.210,4.815,100
2020-11-03 09:39:06.210,4.815,100
2020-11-03 09:39:06.210,4.815,100
2020-11-03 09:39:06.210,4.815,100
2020-11-03 09:39:06.210,4.815,100
2020-11-03 09:39:06.210,4.815,100
2020-11-03 09:39:06.210,4.815,100
2020-11-03 09:39:06.210,4.815,100
2020-11-03 09:39:06.240,4.815,100
2020-11-03 09:39:06.240,4.815,100
2020-11-03 09:39:06.240,4.815,100
2020-11-03 09:39:06.240,4.815,100
2020-11-03 09:39:06.240,4.815,100
2020-11-03 09:39:06.240,4.815,100
2020-11-03 09:39:06.240,4.815,100
2020-11-03 09:39:06.300,4.815,100
2020-11-03 09:39:06.300,4.815,100
2020-11-03 09:39:06.300,4.815,100
2020-11-03 09:39:06.300,4.815,100
2020-11-03 09:39:06.300,4.815,100
2020-11-03 09:39:06.300,4.815,100
2020-11-03 09:39:06.300,4.815,100
2020-11-03 09:39:06.300,4.815,100
2020-11-03 09:39:06.450,4.815,100
2020-11-03 09:39:06.450,4.815,100
2020-11-03 09:39:06.450,4.815,100
2020-11-03 09:39:06.450,4.815,100
2020-11-03 09:39:06.450,4.815,100
2020-11-03 09:39:06.450,4.815,100
2020-11-03 09:39:06.450,4.815,100
2020-11-03 09:39:06.450,4.815,100
2020-11-03 09:39:06.450,4.815,100
2020-11-03 09:39:06.450,4.815,100
2020-11-03 09:39:06.560,4.815,100
2020-11-03 09:39:06.590,4.815,100
2020-11-03 09:39:06.590,4.815,100
2020-11-03 09:39:06.590,4.815,100
2020-11-03 09:39:06.590,4.815,100
2020-11-03 09:39:06.590,4.815,100
2020-11-03 09:39:06.590,4.815,100
2020-11-03 09:39:06.590,4.815,100
2020-11-03 09:39:06.590,4.815,100
2020-11-03 09:39:06.620,4.815,100
2020-11-03 09:39:06.620,4.815,100
2020-11-03 09:39:07.150,4.815,200
2020-11-03 09:39:08.120,4.815,100
2020-11-03 09:39:08.120,4.815,100
2020-11-03 09:39:08.120,4.815,100
2020-11-03 09:39:08.120,4.815,100
2020-11-03 09:39:08.180,4.815,100
2020-11-03 09:39:08.180,4.815,100
2020-11-03 09:39:08.210,4.815,100
2020-11-03 09:39:08.210,4.815,100
2020-11-03 09:39:08.210,4.815,100
2020-11-03 09:39:08.210,4.815,100
2020-11-03 09:39:08.210,4.815,100
2020-11-03 09:39:08.240,4.815,15200
2020-11-03 09:39:08.240,4.815,3000
2020-11-03 09:39:08.240,4.815,100
2020-11-03 09:39:08.240,4.815,2000
2020-11-03 09:39:08.240,4.815,18700
2020-11-03 09:39:08.260,4.815,100
2020-11-03 09:39:08.260,4.815,100
2020-11-03 09:39:08.260,4.815,100
2020-11-03 09:39:08.350,4.815,100
2020-11-03 09:39:08.350,4.815,100
2020-11-03 09:39:08.350,4.815,100
2020-11-03 09:39:08.350,4.815,100
2020-11-03 09:39:08.400,4.815,100
2020-11-03 09:39:08.400,4.815,100
2020-11-03 09:39:08.400,4.815,100
2020-11-03 09:39:08.400,4.815,100
2020-11-03 09:39:08.400,4.815,100
2020-11-03 09:39:08.400,4.815,100
2020-11-03 09:39:08.400,4.815,100
2020-11-03 09:39:08.400,4.815,100
2020-11-03 09:39:08.520,4.815,100
2020-11-03 09:39:08.520,4.815,100
2020-11-03 09:39:08.520,4.815,100
2020-11-03 09:39:08.520,4.815,100
2020-11-03 09:39:08.520,4.815,100
2020-11-03 09:39:08.520,4.815,100
2020-11-03 09:39:08.520,4.815,100
2020-11-03 09:39:08.570,4.815,100
2020-11-03 09:39:08.570,4.815,100
2020-11-03 09:39:08.630,4.815,100
2020-11-03 09:39:08.630,4.815,100
2020-11-03 09:39:08.630,4.815,100
2020-11-03 09:39:08.630,4.815,100
2020-11-03 09:39:08.700,4.815,1400
2020-11-03 09:39:08.700,4.815,100
2020-11-03 09:39:08.700,4.815,100
2020-11-03 09:39:08.700,4.815,100
2020-11-03 09:39:08.700,4.815,100
2020-11-03 09:39:08.700,4.815,100
2020-11-03 09:39:08.700,4.815,100
2020-11-03 09:39:08.760,4.815,100
2020-11-03 09:39:08.760,4.815,100
2020-11-03 09:39:08.760,4.814,500
2020-11-03 09:39:08.760,4.815,100
2020-11-03 09:39:08.760,4.815,100
2020-11-03 09:39:08.760,4.815,100
2020-11-03 09:39:08.760,4.815,100
2020-11-03 09:39:08.760,4.815,100
2020-11-03 09:39:08.760,4.815,100
2020-11-03 09:39:08.760,4.815,1000
2020-11-03 09:39:08.820,4.815,100
2020-11-03 09:39:08.820,4.815,100
2020-11-03 09:39:08.820,4.815,100
2020-11-03 09:39:08.820,4.815,100
2020-11-03 09:39:08.890,4.815,100
2020-11-03 09:39:08.890,4.815,100
2020-11-03 09:39:08.890,4.815,100
2020-11-03 09:39:08.890,4.815,100
2020-11-03 09:39:08.950,4.815,100
2020-11-03 09:39:08.950,4.815,100
2020-11-03 09:39:08.950,4.815,100
2020-11-03 09:39:08.950,4.815,100
2020-11-03 09:39:08.970,4.815,100
2020-11-03 09:39:08.970,4.815,100
2020-11-03 09:39:08.970,4.815,100
2020-11-03 09:39:08.970,4.815,100
2020-11-03 09:39:09.030,4.815,100
2020-11-03 09:39:09.030,4.815,100
2020-11-03 09:39:09.030,4.815,100
2020-11-03 09:39:09.030,4.815,100
2020-11-03 09:39:09.030,4.815,100
2020-11-03 09:39:09.030,4.815,100
2020-11-03 09:39:09.060,4.815,100
2020-11-03 09:39:09.060,4.815,100
2020-11-03 09:39:09.060,4.815,100
2020-11-03 09:39:09.060,4.815,100
2020-11-03 09:39:09.090,4.814,10000
2020-11-03 09:39:09.120,4.815,100
2020-11-03 09:39:09.120,4.815,100
2020-11-03 09:39:09.120,4.815,100
2020-11-03 09:39:09.120,4.815,100
2020-11-03 09:39:09.120,4.815,100
2020-11-03 09:39:09.120,4.815,100
2020-11-03 09:39:09.120,4.815,100
2020-11-03 09:39:09.120,4.815,100
2020-11-03 09:39:09.120,4.815,100
2020-11-03 09:39:09.120,4.815,100
2020-11-03 09:39:09.120,4.815,100
2020-11-03 09:39:09.210,4.814,4000
2020-11-03 09:39:09.800,4.815,21000
2020-11-03 09:39:09.800,4.815,3000
2020-11-03 09:39:09.800,4.815,1000
2020-11-03 09:39:09.920,4.815,1000
2020-11-03 09:39:10.180,4.815,500
2020-11-03 09:39:10.480,4.815,10900
2020-11-03 09:39:11.660,4.815,3000
2020-11-03 09:39:11.980,4.814,100
2020-11-03 09:39:12.470,4.815,2500
2020-11-03 09:39:14.320,4.815,300
2020-11-03 09:39:14.320,4.815,400
2020-11-03 09:39:14.320,4.815,300
2020-11-03 09:39:15.170,4.815,200
2020-11-03 09:39:16.910,4.814,10000
2020-11-03 09:39:17.150,4.814,4000
2020-11-03 09:39:17.850,4.815,4500
2020-11-03 09:39:17.850,4.815,2000
2020-11-03 09:39:17.850,4.815,10000
2020-11-03 09:39:17.850,4.815,1900
2020-11-03 09:39:17.850,4.815,2000
2020-11-03 09:39:17.910,4.815,1000
2020-11-03 09:39:18.610,4.815,1000
2020-11-03 09:39:18.900,4.815,3000
2020-11-03 09:39:19.490,4.815,5300
2020-11-03 09:39:19.490,4.814,18900
2020-11-03 09:39:19.900,4.815,1000
2020-11-03 09:39:21.980,4.815,3000
2020-11-03 09:39:22.270,4.815,3000
2020-11-03 09:39:22.360,4.814,10000
2020-11-03 09:39:23.060,4.815,8000
2020-11-03 09:39:23.060,4.815,2000
2020-11-03 09:39:25.220,4.815,1200
2020-11-03 09:39:25.220,4.815,1400
2020-11-03 09:39:26.190,4.814,10000
2020-11-03 09:39:26.820,4.815,2700
2020-11-03 09:39:26.820,4.815,600
2020-11-03 09:39:26.820,4.815,100
2020-11-03 09:39:27.450,4.814,100
2020-11-03 09:39:27.970,4.814,1800
2020-11-03 09:39:28.210,4.814,500
2020-11-03 09:39:29.000,4.814,3000
2020-11-03 09:39:30.250,4.815,300
2020-11-03 09:39:30.630,4.814,1000
2020-11-03 09:39:31.290,4.815,200
2020-11-03 09:39:32.830,4.814,300
2020-11-03 09:39:33.200,4.815,1400
2020-11-03 09:39:33.200,4.815,1000
2020-11-03 09:39:33.200,4.815,500
2020-11-03 09:39:33.200,4.815,1000
2020-11-03 09:39:33.200,4.815,4500
2020-11-03 09:39:33.200,4.815,200
2020-11-03 09:39:33.200,4.815,15700
2020-11-03 09:39:33.200,4.815,1000
2020-11-03 09:39:33.200,4.815,2000
2020-11-03 09:39:33.200,4.815,3600
2020-11-03 09:39:33.200,4.815,15000
2020-11-03 09:39:33.200,4.815,30000
2020-11-03 09:39:33.200,4.815,5000
2020-11-03 09:39:33.200,4.815,1000
2020-11-03 09:39:33.200,4.815,7000
2020-11-03 09:39:33.200,4.815,2500
2020-11-03 09:39:33.200,4.815,2000
2020-11-03 09:39:33.200,4.815,1000
2020-11-03 09:39:33.200,4.815,1100
2020-11-03 09:39:33.200,4.815,1600
2020-11-03 09:39:33.200,4.815,800
2020-11-03 09:39:35.020,4.815,4700
2020-11-03 09:39:35.020,4.815,100
2020-11-03 09:39:35.020,4.815,1000
2020-11-03 09:39:35.020,4.815,100
2020-11-03 09:39:35.020,4.815,2500
2020-11-03 09:39:35.020,4.815,300
2020-11-03 09:39:35.020,4.815,2000
2020-11-03 09:39:35.020,4.815,1500
2020-11-03 09:39:35.020,4.815,200
2020-11-03 09:39:35.020,4.815,7600
2020-11-03 09:39:35.980,4.814,3000
2020-11-03 09:39:37.170,4.814,800
2020-11-03 09:39:37.560,4.814,10400
2020-11-03 09:39:37.940,4.815,5000
2020-11-03 09:39:38.230,4.815,5000
2020-11-03 09:39:38.230,4.815,5800
2020-11-03 09:39:38.750,4.814,1000
2020-11-03 09:39:39.040,4.815,3100
2020-11-03 09:39:40.520,4.814,5000
2020-11-03 09:39:42.680,4.814,200
2020-11-03 09:39:43.250,4.814,4200
2020-11-03 09:39:43.420,4.815,500
2020-11-03 09:39:43.480,4.814,79600
2020-11-03 09:39:43.560,4.814,500
2020-11-03 09:39:43.630,4.815,1100
2020-11-03 09:39:44.240,4.814,600
2020-11-03 09:39:44.320,4.814,9000
2020-11-03 09:39:45.360,4.814,9400
2020-11-03 09:39:45.650,4.814,5000
2020-11-03 09:39:45.790,4.815,9500
2020-11-03 09:39:45.790,4.815,6000
2020-11-03 09:39:45.790,4.815,5000
2020-11-03 09:39:45.790,4.815,2000
2020-11-03 09:39:45.790,4.815,2500
2020-11-03 09:39:46.340,4.814,1000
2020-11-03 09:39:47.160,4.815,1300
2020-11-03 09:39:47.160,4.815,10000
2020-11-03 09:39:47.160,4.815,200
2020-11-03 09:39:47.180,4.815,300
2020-11-03 09:39:47.480,4.814,1200
2020-11-03 09:39:47.980,4.815,4500
2020-11-03 09:39:47.980,4.815,100
2020-11-03 09:39:47.980,4.815,8000
2020-11-03 09:39:47.980,4.815,20000
2020-11-03 09:39:47.980,4.815,300
2020-11-03 09:39:47.980,4.815,200
2020-11-03 09:39:47.980,4.815,6900
2020-11-03 09:39:48.070,4.815,2700
2020-11-03 09:39:48.300,4.814,200
2020-11-03 09:39:48.610,4.814,33000
2020-11-03 09:39:49.110,4.815,100
2020-11-03 09:39:49.890,4.815,1900
2020-11-03 09:39:50.580,4.814,200
2020-11-03 09:39:50.990,4.814,49100
2020-11-03 09:39:50.990,4.814,20000
2020-11-03 09:39:50.990,4.814,100
2020-11-03 09:39:50.990,4.814,100
2020-11-03 09:39:50.990,4.814,1000
2020-11-03 09:39:50.990,4.814,2000
2020-11-03 09:39:50.990,4.814,1000
2020-11-03 09:39:50.990,4.814,500
2020-11-03 09:39:50.990,4.814,2300
2020-11-03 09:39:51.620,4.814,5000
2020-11-03 09:39:53.160,4.814,5000
2020-11-03 09:39:53.350,4.813,900
2020-11-03 09:39:53.350,4.813,1100
2020-11-03 09:39:53.630,4.814,200
2020-11-03 09:39:54.050,4.814,12000
2020-11-03 09:39:54.740,4.813,900
2020-11-03 09:39:54.740,4.813,2400
2020-11-03 09:39:55.240,4.813,800
2020-11-03 09:39:56.460,4.812,200
2020-11-03 09:39:56.460,4.812,2000
2020-11-03 09:39:56.460,4.812,100
2020-11-03 09:39:56.460,4.812,500
2020-11-03 09:39:56.460,4.812,2900
2020-11-03 09:39:56.960,4.813,7000
2020-11-03 09:39:59.410,4.811,1500
2020-11-03 09:39:59.500,4.812,100
2020-11-03 09:40:00.030,4.812,200
2020-11-03 09:40:00.260,4.812,200
2020-11-03 09:40:00.260,4.812,3700
2020-11-03 09:40:00.260,4.813,1300
2020-11-03 09:40:00.360,4.813,1700
2020-11-03 09:40:00.360,4.813,8300
2020-11-03 09:40:00.870,4.811,100
2020-11-03 09:40:01.970,4.812,2000
2020-11-03 09:40:02.070,4.812,1000
2020-11-03 09:40:02.700,4.812,300
