Datetime,Price,Volume
2020-09-04 09:25:00.150,3.347,500
2020-09-04 09:25:00.150,3.347,500
2020-09-04 09:25:00.150,3.347,7200
2020-09-04 09:25:00.150,3.347,5500
2020-09-04 09:25:00.150,3.347,3600
2020-09-04 09:25:00.150,3.347,10000
2020-09-04 09:25:00.150,3.347,1800
2020-09-04 09:25:00.150,3.347,100
2020-09-04 09:25:00.150,3.347,1800
2020-09-04 09:25:00.150,3.347,300
2020-09-04 09:25:00.150,3.347,29200
2020-09-04 09:25:00.150,3.347,24800
2020-09-04 09:25:00.150,3.347,50200
2020-09-04 09:25:00.150,3.347,44300
2020-09-04 09:25:00.150,3.347,9000
2020-09-04 09:25:00.150,3.347,1300
2020-09-04 09:25:00.150,3.347,500
2020-09-04 09:25:00.150,3.347,15000
2020-09-04 09:25:00.150,3.347,100
2020-09-04 09:25:00.150,3.347,4000
2020-09-04 09:25:00.150,3.347,11200
2020-09-04 09:25:00.150,3.347,1200
2020-09-04 09:25:00.150,3.347,700
2020-09-04 09:25:00.150,3.347,2900
2020-09-04 09:25:00.150,3.347,9800
2020-09-04 09:25:00.150,3.347,100
2020-09-04 09:25:00.150,3.347,100
2020-09-04 09:25:00.150,3.347,600
2020-09-04 09:25:00.150,3.347,300
2020-09-04 09:25:00.150,3.347,300
2020-09-04 09:25:00.150,3.347,200
2020-09-04 09:25:00.150,3.347,100
2020-09-04 09:25:00.150,3.347,100
2020-09-04 09:25:00.150,3.347,100
2020-09-04 09:25:00.150,3.347,200
2020-09-04 09:25:00.150,3.347,2100
2020-09-04 09:25:00.150,3.347,400
2020-09-04 09:25:00.150,3.347,100
2020-09-04 09:25:00.150,3.347,1800
2020-09-04 09:25:00.150,3.347,1000
2020-09-04 09:25:00.150,3.347,600
2020-09-04 09:25:00.150,3.347,100
2020-09-04 09:25:00.150,3.347,200
2020-09-04 09:25:00.150,3.347,100
2020-09-04 09:25:00.150,3.347,200
2020-09-04 09:25:00.150,3.347,100
2020-09-04 09:25:00.150,3.347,100
2020-09-04 09:25:00.150,3.347,200
2020-09-04 09:25:00.150,3.347,100
2020-09-04 09:25:00.150,3.347,200
2020-09-04 09:25:00.150,3.347,100
2020-09-04 09:25:00.150,3.347,100
2020-09-04 09:25:00.150,3.347,200
2020-09-04 09:25:00.150,3.347,100
2020-09-04 09:25:00.150,3.347,3000
2020-09-04 09:25:00.150,3.347,1000
2020-09-04 09:25:00.150,3.347,200
2020-09-04 09:25:00.150,3.347,200
2020-09-04 09:25:00.150,3.347,1000
2020-09-04 09:25:00.150,3.347,100
2020-09-04 09:25:00.150,3.347,1000
2020-09-04 09:25:00.150,3.347,100
2020-09-04 09:25:00.150,3.347,300
2020-09-04 09:25:00.150,3.347,2000
2020-09-04 09:25:00.150,3.347,200
2020-09-04 09:25:00.150,3.347,100
2020-09-04 09:25:00.150,3.347,300
2020-09-04 09:25:00.150,3.347,1000
2020-09-04 09:25:00.150,3.347,200
2020-09-04 09:25:00.150,3.347,100
2020-09-04 09:25:00.150,3.347,200
2020-09-04 09:25:00.150,3.347,1000
2020-09-04 09:25:00.150,3.347,6500
2020-09-04 09:25:00.150,3.347,3500
2020-09-04 09:25:00.150,3.347,100
2020-09-04 09:25:00.150,3.347,200
2020-09-04 09:25:00.150,3.347,200
2020-09-04 09:25:00.150,3.347,100
2020-09-04 09:25:00.150,3.347,1000
2020-09-04 09:25:00.150,3.347,200
2020-09-04 09:25:00.150,3.347,100
2020-09-04 09:25:00.150,3.347,1000
2020-09-04 09:25:00.150,3.347,1100
2020-09-04 09:25:00.150,3.347,200
2020-09-04 09:25:00.150,3.347,100
2020-09-04 09:25:00.150,3.347,1200
2020-09-04 09:25:00.150,3.347,800
2020-09-04 09:25:00.150,3.347,1000
2020-09-04 09:25:00.150,3.347,4200
2020-09-04 09:25:00.150,3.347,3000
2020-09-04 09:25:00.150,3.347,11800
2020-09-04 09:25:00.150,3.347,11300
2020-09-04 09:25:00.150,3.347,18100
2020-09-04 09:25:00.150,3.347,700
2020-09-04 09:25:00.150,3.347,200
2020-09-04 09:25:00.150,3.347,100000
2020-09-04 09:25:00.150,3.347,3000
2020-09-04 09:25:00.150,3.347,46800
2020-09-04 09:25:00.150,3.347,3600
2020-09-04 09:25:00.150,3.347,60000
2020-09-04 09:25:00.150,3.347,37300
2020-09-04 09:25:00.150,3.347,15000
2020-09-04 09:25:00.150,3.347,700
2020-09-04 09:25:00.150,3.347,100
2020-09-04 09:25:00.150,3.347,500
2020-09-04 09:25:00.150,3.347,700
2020-09-04 09:25:00.150,3.347,100
2020-09-04 09:25:00.150,3.347,3000
2020-09-04 09:25:00.150,3.347,9000
2020-09-04 09:25:00.150,3.347,23600
2020-09-04 09:25:00.150,3.347,1500
2020-09-04 09:25:00.150,3.347,13900
2020-09-04 09:25:00.150,3.347,20000
2020-09-04 09:25:00.150,3.347,20000
2020-09-04 09:25:00.150,3.347,200
2020-09-04 09:25:00.150,3.347,100
2020-09-04 09:25:00.150,3.347,1000
2020-09-04 09:25:00.150,3.347,300
2020-09-04 09:25:00.150,3.347,100
2020-09-04 09:25:00.150,3.347,300
2020-09-04 09:25:00.150,3.347,5000
2020-09-04 09:25:00.150,3.347,2000
2020-09-04 09:25:00.150,3.347,200
2020-09-04 09:25:00.150,3.347,100
2020-09-04 09:25:00.150,3.347,1000
2020-09-04 09:25:00.150,3.347,3000
2020-09-04 09:25:00.150,3.347,15000
2020-09-04 09:25:00.150,3.347,3000
2020-09-04 09:25:00.150,3.347,1000
2020-09-04 09:25:00.150,3.347,200
2020-09-04 09:25:00.150,3.347,100
2020-09-04 09:25:00.150,3.347,1000
2020-09-04 09:25:00.150,3.347,1000
2020-09-04 09:25:00.150,3.347,100
2020-09-04 09:25:00.150,3.347,2000
2020-09-04 09:25:00.150,3.347,50000
2020-09-04 09:25:00.150,3.347,2500
2020-09-04 09:25:00.150,3.347,118800
2020-09-04 09:25:00.150,3.347,10000
2020-09-04 09:25:00.150,3.347,6500
2020-09-04 09:25:00.150,3.347,200
2020-09-04 09:25:00.150,3.347,100
2020-09-04 09:25:00.150,3.347,1000
2020-09-04 09:25:00.150,3.347,10000
2020-09-04 09:25:00.150,3.347,300000
2020-09-04 09:25:00.150,3.347,8700
2020-09-04 09:25:00.150,3.347,1000
2020-09-04 09:25:00.150,3.347,200
2020-09-04 09:25:00.150,3.347,400
2020-09-04 09:25:00.150,3.347,5900
2020-09-04 09:25:00.150,3.347,100
2020-09-04 09:25:00.150,3.347,2500
2020-09-04 09:25:00.150,3.347,1500
2020-09-04 09:25:00.150,3.347,1500
2020-09-04 09:25:00.150,3.347,100
2020-09-04 09:25:00.150,3.347,900
2020-09-04 09:25:00.150,3.347,600
2020-09-04 09:25:00.150,3.347,20000
2020-09-04 09:25:00.150,3.347,10000
2020-09-04 09:25:00.150,3.347,20000
2020-09-04 09:25:00.150,3.347,10000
2020-09-04 09:25:00.150,3.347,2000
2020-09-04 09:25:00.150,3.347,200
2020-09-04 09:25:00.150,3.347,1100
2020-09-04 09:25:00.150,3.347,1000
2020-09-04 09:25:00.150,3.347,100
2020-09-04 09:25:00.150,3.347,1000
2020-09-04 09:25:00.150,3.347,1000
2020-09-04 09:25:00.150,3.347,100
2020-09-04 09:25:00.150,3.347,1000
2020-09-04 09:25:00.150,3.347,1000
2020-09-04 09:25:00.150,3.347,10000
2020-09-04 09:25:00.150,3.347,15000
2020-09-04 09:25:00.150,3.347,10000
2020-09-04 09:25:00.150,3.347,10000
2020-09-04 09:25:00.150,3.347,15000
2020-09-04 09:25:00.150,3.347,5000
2020-09-04 09:25:00.150,3.347,20000
2020-09-04 09:25:00.150,3.347,2800
2020-09-04 09:25:00.150,3.347,10000
2020-09-04 09:25:00.150,3.347,600
2020-09-04 09:25:00.150,3.347,200
2020-09-04 09:25:00.150,3.347,100
2020-09-04 09:25:00.150,3.347,200
2020-09-04 09:25:00.150,3.347,200
2020-09-04 09:25:00.150,3.347,100
2020-09-04 09:25:00.150,3.347,300
2020-09-04 09:25:00.150,3.347,2000
2020-09-04 09:25:00.150,3.347,1400
2020-09-04 09:25:00.150,3.347,200
2020-09-04 09:25:00.150,3.347,100
2020-09-04 09:25:00.150,3.347,1000
2020-09-04 09:25:00.150,3.347,2000
2020-09-04 09:25:00.150,3.347,6000
2020-09-04 09:25:00.150,3.347,100
2020-09-04 09:25:00.150,3.347,200
2020-09-04 09:25:00.150,3.347,5000
2020-09-04 09:25:00.150,3.347,39200
2020-09-04 09:25:00.150,3.347,1000
2020-09-04 09:25:00.150,3.347,100
2020-09-04 09:25:00.150,3.347,2000
2020-09-04 09:25:00.150,3.347,200
2020-09-04 09:25:00.150,3.347,3000
2020-09-04 09:25:00.150,3.347,1000
2020-09-04 09:25:00.150,3.347,100
2020-09-04 09:25:00.150,3.347,1000
2020-09-04 09:25:00.150,3.347,500
2020-09-04 09:25:00.150,3.347,2000
2020-09-04 09:25:00.150,3.347,20000
2020-09-04 09:25:00.150,3.347,60000
2020-09-04 09:25:00.150,3.347,100
2020-09-04 09:25:00.150,3.347,10000
2020-09-04 09:25:00.150,3.347,800
2020-09-04 09:25:00.150,3.347,12000
2020-09-04 09:25:00.150,3.347,5000
2020-09-04 09:25:00.150,3.347,5700
2020-09-04 09:25:00.150,3.347,200
2020-09-04 09:25:00.150,3.347,100
2020-09-04 09:25:00.150,3.347,1000
2020-09-04 09:25:00.150,3.347,300000
2020-09-04 09:25:00.150,3.347,1000
2020-09-04 09:25:00.150,3.347,10000
2020-09-04 09:25:00.150,3.347,6000
2020-09-04 09:25:00.150,3.347,1100
2020-09-04 09:25:00.150,3.347,200
2020-09-04 09:25:00.150,3.347,10000
2020-09-04 09:25:00.150,3.347,100
2020-09-04 09:25:00.150,3.347,1000
2020-09-04 09:25:00.150,3.347,500
2020-09-04 09:25:00.150,3.347,50000
2020-09-04 09:25:00.150,3.347,1500
2020-09-04 09:25:00.150,3.347,6300
2020-09-04 09:25:00.150,3.347,200
2020-09-04 09:25:00.150,3.347,100
2020-09-04 09:25:00.150,3.347,100
2020-09-04 09:25:00.150,3.347,1000
2020-09-04 09:25:00.150,3.347,5000
2020-09-04 09:25:00.150,3.347,15000
2020-09-04 09:25:00.150,3.347,100
2020-09-04 09:25:00.150,3.347,1500
2020-09-04 09:25:00.150,3.347,100
2020-09-04 09:25:00.150,3.347,1000
2020-09-04 09:25:00.150,3.347,1000
2020-09-04 09:25:00.150,3.347,100000
2020-09-04 09:25:00.150,3.347,1500
2020-09-04 09:25:00.150,3.347,10000
2020-09-04 09:25:00.150,3.347,24100
2020-09-04 09:25:00.150,3.347,50300
2020-09-04 09:25:00.150,3.347,100
2020-09-04 09:25:00.150,3.347,200
2020-09-04 09:25:00.150,3.347,100
2020-09-04 09:25:00.150,3.347,1000
2020-09-04 09:25:00.150,3.347,600
2020-09-04 09:25:00.150,3.347,8000
2020-09-04 09:25:00.150,3.347,2300
2020-09-04 09:25:00.150,3.347,1200
2020-09-04 09:25:00.150,3.347,5000
2020-09-04 09:25:00.150,3.347,2000
2020-09-04 09:25:00.150,3.347,200
2020-09-04 09:25:00.150,3.347,10000
2020-09-04 09:25:00.150,3.347,10000
2020-09-04 09:25:00.150,3.347,100
2020-09-04 09:25:00.150,3.347,1000
2020-09-04 09:25:00.150,3.347,600
2020-09-04 09:25:00.150,3.347,20000
2020-09-04 09:25:00.150,3.347,8000
2020-09-04 09:25:00.150,3.347,2000
2020-09-04 09:25:00.150,3.347,3000
2020-09-04 09:25:00.150,3.347,200
2020-09-04 09:25:00.150,3.347,100
2020-09-04 09:25:00.150,3.347,6000
2020-09-04 09:25:00.150,3.347,1000
2020-09-04 09:25:00.150,3.347,1000
2020-09-04 09:25:00.150,3.347,10000
2020-09-04 09:25:00.150,3.347,3000
2020-09-04 09:25:00.150,3.347,3000
2020-09-04 09:25:00.150,3.347,15700
2020-09-04 09:25:00.150,3.347,8000
2020-09-04 09:25:00.150,3.347,6000
2020-09-04 09:25:00.150,3.347,10000
2020-09-04 09:25:00.150,3.347,55000
2020-09-04 09:25:00.150,3.347,200
2020-09-04 09:25:00.150,3.347,11000
2020-09-04 09:25:00.150,3.347,100
2020-09-04 09:25:00.150,3.347,8000
2020-09-04 09:25:00.150,3.347,1000
2020-09-04 09:25:00.150,3.347,500
2020-09-04 09:25:00.150,3.347,14000
2020-09-04 09:25:00.150,3.347,700
2020-09-04 09:25:00.150,3.347,600
2020-09-04 09:25:00.150,3.347,100000
2020-09-04 09:25:00.150,3.347,1000
2020-09-04 09:25:00.150,3.347,20000
2020-09-04 09:25:00.150,3.347,100
2020-09-04 09:25:00.150,3.347,8000
2020-09-04 09:25:00.150,3.347,1000
2020-09-04 09:25:00.150,3.347,500
2020-09-04 09:25:00.150,3.347,1100
2020-09-04 09:25:00.150,3.347,20000
2020-09-04 09:25:00.150,3.347,4000
2020-09-04 09:25:00.150,3.347,600
2020-09-04 09:25:00.150,3.347,700
2020-09-04 09:25:00.150,3.347,200
2020-09-04 09:25:00.150,3.347,10000
2020-09-04 09:25:00.150,3.347,400
2020-09-04 09:25:00.150,3.347,1000
2020-09-04 09:25:00.150,3.347,1500
2020-09-04 09:25:00.150,3.347,1000
2020-09-04 09:25:00.150,3.347,100
2020-09-04 09:25:00.150,3.347,1000
2020-09-04 09:25:00.150,3.347,100
2020-09-04 09:25:00.150,3.347,1000
2020-09-04 09:25:00.150,3.347,1600
2020-09-04 09:25:00.150,3.347,2000
2020-09-04 09:25:00.150,3.347,800
2020-09-04 09:25:00.150,3.347,4000
2020-09-04 09:25:00.150,3.347,10000
2020-09-04 09:25:00.150,3.347,5600
2020-09-04 09:25:00.150,3.347,10000
2020-09-04 09:25:00.150,3.347,1000
2020-09-04 09:25:00.150,3.347,2000
2020-09-04 09:25:00.150,3.347,15000
2020-09-04 09:25:00.150,3.347,300
2020-09-04 09:25:00.150,3.347,500
2020-09-04 09:25:00.150,3.347,1000
2020-09-04 09:25:00.150,3.347,20000
2020-09-04 09:25:00.150,3.347,500
2020-09-04 09:25:00.150,3.347,5000
2020-09-04 09:25:00.150,3.347,10000
2020-09-04 09:25:00.150,3.347,1000
2020-09-04 09:25:00.150,3.347,100
2020-09-04 09:25:00.150,3.347,3000
2020-09-04 09:25:00.150,3.347,200
2020-09-04 09:25:00.150,3.347,1000
2020-09-04 09:25:00.150,3.347,10000
2020-09-04 09:25:00.150,3.347,200
2020-09-04 09:25:00.150,3.347,20000
2020-09-04 09:25:00.150,3.347,10000
2020-09-04 09:25:00.150,3.347,4500
2020-09-04 09:25:00.150,3.347,8000
2020-09-04 09:25:00.150,3.347,2000
2020-09-04 09:25:00.150,3.347,3000
2020-09-04 09:25:00.150,3.347,2000
2020-09-04 09:25:00.150,3.347,5000
2020-09-04 09:25:00.150,3.347,100
2020-09-04 09:25:00.150,3.347,200
2020-09-04 09:25:00.150,3.347,100
2020-09-04 09:25:00.150,3.347,1000
2020-09-04 09:25:00.150,3.347,6000
2020-09-04 09:25:00.150,3.347,8000
2020-09-04 09:25:00.150,3.347,300
2020-09-04 09:25:00.150,3.347,2000
2020-09-04 09:25:00.150,3.347,100
2020-09-04 09:25:00.150,3.347,150600
2020-09-04 09:25:00.150,3.347,200
2020-09-04 09:25:00.150,3.347,3000
2020-09-04 09:25:00.150,3.347,100
2020-09-04 09:25:00.150,3.347,1000
2020-09-04 09:25:00.150,3.347,8800
2020-09-04 09:25:00.150,3.347,16800
2020-09-04 09:25:00.150,3.347,800
2020-09-04 09:25:00.150,3.347,2600
2020-09-04 09:25:00.150,3.347,2000
2020-09-04 09:25:00.150,3.347,8000
2020-09-04 09:25:00.150,3.347,200
2020-09-04 09:25:00.150,3.347,100
2020-09-04 09:25:00.150,3.347,1000
2020-09-04 09:25:00.150,3.347,300
2020-09-04 09:25:00.150,3.347,2000
2020-09-04 09:25:00.150,3.347,100
2020-09-04 09:25:00.150,3.347,500
2020-09-04 09:25:00.150,3.347,8000
2020-09-04 09:25:00.150,3.347,62700
2020-09-04 09:25:00.150,3.347,30300
2020-09-04 09:25:00.150,3.347,6000
2020-09-04 09:25:00.150,3.347,1800
2020-09-04 09:25:00.150,3.347,2800
2020-09-04 09:25:00.150,3.347,200
2020-09-04 09:25:00.150,3.347,500
2020-09-04 09:25:00.150,3.347,12000
2020-09-04 09:25:00.150,3.347,100
2020-09-04 09:25:00.150,3.347,4300
2020-09-04 09:25:00.150,3.347,1000
2020-09-04 09:25:00.150,3.347,500
2020-09-04 09:25:00.150,3.347,600
2020-09-04 09:25:00.150,3.347,58000
2020-09-04 09:25:00.150,3.347,1500
2020-09-04 09:25:00.150,3.347,1000
2020-09-04 09:25:00.150,3.347,6000
2020-09-04 09:25:00.150,3.347,300
2020-09-04 09:25:00.150,3.347,50000
2020-09-04 09:25:00.150,3.347,8000
2020-09-04 09:25:00.150,3.347,100
2020-09-04 09:25:00.150,3.347,100
2020-09-04 09:25:00.150,3.347,200
2020-09-04 09:25:00.150,3.347,500
2020-09-04 09:25:00.150,3.347,100
2020-09-04 09:25:00.150,3.347,100
2020-09-04 09:25:00.150,3.347,1000
2020-09-04 09:25:00.150,3.347,15000
2020-09-04 09:25:00.150,3.347,100
2020-09-04 09:25:00.150,3.347,1100
2020-09-04 09:25:00.150,3.347,900
2020-09-04 09:25:00.150,3.347,8000
2020-09-04 09:25:00.150,3.347,2000
2020-09-04 09:25:00.150,3.347,100
2020-09-04 09:25:00.150,3.347,200
2020-09-04 09:25:00.150,3.347,100
2020-09-04 09:25:00.150,3.347,1000
2020-09-04 09:25:00.150,3.347,500
2020-09-04 09:25:00.150,3.347,1000
2020-09-04 09:25:00.150,3.347,600
2020-09-04 09:25:00.150,3.347,100
2020-09-04 09:25:00.150,3.347,8000
2020-09-04 09:25:00.150,3.347,2000
2020-09-04 09:25:00.150,3.347,1500
2020-09-04 09:25:00.150,3.347,239100
2020-09-04 09:25:00.150,3.347,4200
2020-09-04 09:25:00.150,3.347,5000
2020-09-04 09:25:00.150,3.347,2000
2020-09-04 09:25:00.150,3.347,6000
2020-09-04 09:25:00.150,3.347,200
2020-09-04 09:25:00.150,3.347,3800
2020-09-04 09:25:00.150,3.347,2000
2020-09-04 09:25:00.150,3.347,100
2020-09-04 09:25:00.150,3.347,700
2020-09-04 09:25:00.150,3.347,1000
2020-09-04 09:25:00.150,3.347,400
2020-09-04 09:25:00.150,3.347,400
2020-09-04 09:25:00.150,3.347,300
2020-09-04 09:25:00.150,3.347,100000
2020-09-04 09:25:00.150,3.347,30000
2020-09-04 09:25:00.150,3.347,8000
2020-09-04 09:25:00.150,3.347,400
2020-09-04 09:25:00.150,3.347,20000
2020-09-04 09:25:00.150,3.347,6000
2020-09-04 09:25:00.150,3.347,5000
2020-09-04 09:25:00.150,3.347,200
2020-09-04 09:25:00.150,3.347,10000
2020-09-04 09:25:00.150,3.347,100
2020-09-04 09:25:00.150,3.347,1000
2020-09-04 09:25:00.150,3.347,1000
2020-09-04 09:25:00.150,3.347,2000
2020-09-04 09:25:00.150,3.347,1000
2020-09-04 09:25:00.150,3.347,1000
2020-09-04 09:25:00.150,3.347,8000
2020-09-04 09:25:00.150,3.347,100
2020-09-04 09:25:00.150,3.347,3300
2020-09-04 09:25:00.150,3.347,200
2020-09-04 09:25:00.150,3.347,13000
2020-09-04 09:25:00.150,3.347,100
2020-09-04 09:25:00.150,3.347,1000
2020-09-04 09:25:00.150,3.347,500
2020-09-04 09:25:00.150,3.347,1000
2020-09-04 09:25:00.150,3.347,500
2020-09-04 09:25:00.150,3.347,2000
2020-09-04 09:25:00.150,3.347,15000
2020-09-04 09:25:00.150,3.347,5000
2020-09-04 09:25:00.150,3.347,600
2020-09-04 09:25:00.150,3.347,500
2020-09-04 09:25:00.150,3.347,10000
2020-09-04 09:25:00.150,3.347,1000
2020-09-04 09:25:00.150,3.347,20000
2020-09-04 09:25:00.150,3.347,5000
2020-09-04 09:25:00.150,3.347,1000
2020-09-04 09:25:00.150,3.347,8000
2020-09-04 09:25:00.150,3.347,3500
2020-09-04 09:25:00.150,3.347,2000
2020-09-04 09:25:00.150,3.347,2000
2020-09-04 09:25:00.150,3.347,700
2020-09-04 09:25:00.150,3.347,50000
2020-09-04 09:25:00.150,3.347,100
2020-09-04 09:25:00.150,3.347,10000
2020-09-04 09:25:00.150,3.347,400
2020-09-04 09:25:00.150,3.347,2000
2020-09-04 09:25:00.150,3.347,600
2020-09-04 09:25:00.150,3.347,10000
2020-09-04 09:25:00.150,3.347,400
2020-09-04 09:25:00.150,3.347,200
2020-09-04 09:25:00.150,3.347,5000
2020-09-04 09:25:00.150,3.347,1000
2020-09-04 09:25:00.150,3.347,100
2020-09-04 09:25:00.150,3.347,500
2020-09-04 09:25:00.150,3.347,1500
2020-09-04 09:25:00.150,3.347,2000
2020-09-04 09:25:00.150,3.347,1000
2020-09-04 09:25:00.150,3.347,100
2020-09-04 09:25:00.150,3.347,1000
2020-09-04 09:25:00.150,3.347,1500
2020-09-04 09:25:00.150,3.347,1500
2020-09-04 09:25:00.150,3.347,5000
2020-09-04 09:25:00.150,3.347,17200
2020-09-04 09:25:00.150,3.347,4800
2020-09-04 09:25:00.150,3.347,1500
2020-09-04 09:25:00.150,3.347,2500
2020-09-04 09:25:00.150,3.347,91200
2020-09-04 09:25:00.150,3.347,2000
2020-09-04 09:25:00.150,3.347,100
2020-09-04 09:25:00.150,3.347,2500
2020-09-04 09:25:00.150,3.347,10000
2020-09-04 09:25:00.150,3.347,5000
2020-09-04 09:25:00.150,3.347,2000
2020-09-04 09:25:00.150,3.347,100
2020-09-04 09:25:00.150,3.347,1000
2020-09-04 09:25:00.150,3.347,10000
2020-09-04 09:25:00.150,3.347,1000
2020-09-04 09:25:00.150,3.347,10000
2020-09-04 09:25:00.150,3.347,15000
2020-09-04 09:25:00.150,3.347,5000
2020-09-04 09:25:00.150,3.347,25100
2020-09-04 09:25:00.150,3.347,3000
2020-09-04 09:25:00.150,3.347,600
2020-09-04 09:25:00.150,3.347,500
2020-09-04 09:25:00.150,3.347,100
2020-09-04 09:25:00.150,3.347,8000
2020-09-04 09:25:00.150,3.347,1000
2020-09-04 09:25:00.150,3.347,2000
2020-09-04 09:25:00.150,3.347,200
2020-09-04 09:25:00.150,3.347,20000
2020-09-04 09:25:00.150,3.347,400
2020-09-04 09:25:00.150,3.347,10000
2020-09-04 09:25:00.150,3.347,13000
2020-09-04 09:25:00.150,3.347,4500
2020-09-04 09:25:00.150,3.347,2500
2020-09-04 09:25:00.150,3.347,1600
2020-09-04 09:25:00.150,3.347,200
2020-09-04 09:25:00.150,3.347,1500
2020-09-04 09:25:00.150,3.347,6000
2020-09-04 09:25:00.150,3.347,3000
2020-09-04 09:25:00.150,3.347,1200
2020-09-04 09:25:00.150,3.347,200
2020-09-04 09:25:00.150,3.347,600
2020-09-04 09:25:00.150,3.347,100
2020-09-04 09:25:00.150,3.347,5000
2020-09-04 09:25:00.150,3.347,2800
2020-09-04 09:25:00.150,3.347,2000
2020-09-04 09:25:00.150,3.347,10000
2020-09-04 09:25:00.150,3.347,200
2020-09-04 09:30:00.090,3.347,110000
2020-09-04 09:30:00.220,3.347,20000
2020-09-04 09:30:00.260,3.347,300
2020-09-04 09:30:00.290,3.347,1000
2020-09-04 09:30:00.400,3.347,1000
2020-09-04 09:30:00.400,3.347,100
2020-09-04 09:30:00.400,3.346,900
2020-09-04 09:30:00.400,3.347,7900
2020-09-04 09:30:00.400,3.346,2300
2020-09-04 09:30:00.520,3.347,5000
2020-09-04 09:30:00.520,3.347,1000
2020-09-04 09:30:00.520,3.347,5000
2020-09-04 09:30:00.520,3.347,10000
2020-09-04 09:30:00.520,3.346,6800
2020-09-04 09:30:00.520,3.346,200
2020-09-04 09:30:00.520,3.346,500
2020-09-04 09:30:00.520,3.346,1700
2020-09-04 09:30:00.520,3.346,500
2020-09-04 09:30:00.520,3.346,4800
2020-09-04 09:30:00.520,3.346,1000
2020-09-04 09:30:00.520,3.346,5000
2020-09-04 09:30:00.520,3.346,9500
2020-09-04 09:30:00.520,3.346,6000
2020-09-04 09:30:00.520,3.347,50000
2020-09-04 09:30:00.520,3.347,30000
2020-09-04 09:30:00.520,3.346,400
2020-09-04 09:30:00.760,3.346,100
2020-09-04 09:30:00.760,3.346,1200
2020-09-04 09:30:00.760,3.347,22500
2020-09-04 09:30:00.760,3.347,1500
2020-09-04 09:30:00.760,3.347,90000
2020-09-04 09:30:00.760,3.347,15000
2020-09-04 09:30:00.760,3.346,5500
2020-09-04 09:30:00.760,3.347,9000
2020-09-04 09:30:00.760,3.346,7300
2020-09-04 09:30:00.760,3.345,100
2020-09-04 09:30:00.760,3.345,200
2020-09-04 09:30:00.760,3.345,400
2020-09-04 09:30:00.760,3.345,2000
2020-09-04 09:30:00.760,3.347,6000
2020-09-04 09:30:00.900,3.347,2000
2020-09-04 09:30:00.900,3.347,2000
2020-09-04 09:30:00.900,3.347,2000
2020-09-04 09:30:01.020,3.345,5000
2020-09-04 09:30:01.020,3.346,2900
2020-09-04 09:30:01.020,3.347,17100
2020-09-04 09:30:01.020,3.346,1400
2020-09-04 09:30:01.020,3.346,3000
2020-09-04 09:30:01.020,3.347,5600
2020-09-04 09:30:01.110,3.347,100
2020-09-04 09:30:01.110,3.345,2500
2020-09-04 09:30:01.110,3.347,500
2020-09-04 09:30:01.110,3.347,1200
2020-09-04 09:30:01.110,3.347,700
2020-09-04 09:30:01.110,3.347,300
2020-09-04 09:30:01.110,3.347,30000
2020-09-04 09:30:01.110,3.347,5000
2020-09-04 09:30:01.250,3.347,200
2020-09-04 09:30:01.250,3.345,500
2020-09-04 09:30:01.250,3.345,100
2020-09-04 09:30:01.250,3.345,1000
2020-09-04 09:30:01.250,3.345,10000
2020-09-04 09:30:01.250,3.345,15000
2020-09-04 09:30:01.250,3.345,3400
2020-09-04 09:30:01.250,3.345,100
2020-09-04 09:30:01.250,3.345,1000
2020-09-04 09:30:01.250,3.345,18900
2020-09-04 09:30:01.250,3.347,1000
2020-09-04 09:30:01.250,3.347,500
2020-09-04 09:30:01.250,3.347,2000
2020-09-04 09:30:01.310,3.345,14000
2020-09-04 09:30:01.310,3.347,1000
2020-09-04 09:30:01.310,3.345,7000
2020-09-04 09:30:01.310,3.347,24200
2020-09-04 09:30:01.310,3.347,15000
2020-09-04 09:30:01.380,3.346,300
2020-09-04 09:30:01.380,3.346,300
2020-09-04 09:30:01.380,3.347,9000
2020-09-04 09:30:01.440,3.347,10000
2020-09-04 09:30:01.440,3.346,19400
2020-09-04 09:30:01.440,3.346,2300
2020-09-04 09:30:01.440,3.347,100
2020-09-04 09:30:01.490,3.346,1400
2020-09-04 09:30:01.490,3.346,10000
2020-09-04 09:30:01.490,3.345,13500
2020-09-04 09:30:01.490,3.347,10000
2020-09-04 09:30:01.570,3.346,3000
2020-09-04 09:30:01.570,3.347,5000
2020-09-04 09:30:01.630,3.347,8000
2020-09-04 09:30:01.630,3.347,800
2020-09-04 09:30:01.630,3.347,2000
2020-09-04 09:30:01.630,3.347,300
2020-09-04 09:30:01.630,3.347,100
2020-09-04 09:30:01.740,3.347,100
2020-09-04 09:30:01.740,3.347,3100
2020-09-04 09:30:01.740,3.347,200
2020-09-04 09:30:01.820,3.347,5000
2020-09-04 09:30:01.820,3.347,500
2020-09-04 09:30:01.820,3.347,500
2020-09-04 09:30:01.860,3.346,5200
2020-09-04 09:30:01.860,3.347,300
2020-09-04 09:30:01.860,3.347,400
2020-09-04 09:30:01.860,3.347,3600
2020-09-04 09:30:01.860,3.347,3700
2020-09-04 09:30:01.860,3.347,2000
2020-09-04 09:30:01.860,3.347,1500
2020-09-04 09:30:01.860,3.347,400
2020-09-04 09:30:01.860,3.347,18400
2020-09-04 09:30:01.940,3.347,10000
2020-09-04 09:30:01.940,3.347,3000
2020-09-04 09:30:01.940,3.346,2800
2020-09-04 09:30:01.940,3.345,7700
2020-09-04 09:30:01.940,3.345,8000
2020-09-04 09:30:02.080,3.346,1500
2020-09-04 09:30:02.080,3.346,700
2020-09-04 09:30:02.080,3.346,300
2020-09-04 09:30:02.080,3.345,14600
2020-09-04 09:30:02.080,3.345,16300
2020-09-04 09:30:02.080,3.345,3000
2020-09-04 09:30:02.080,3.345,8000
2020-09-04 09:30:02.080,3.345,3500
2020-09-04 09:30:02.080,3.345,3000
2020-09-04 09:30:02.080,3.345,30000
2020-09-04 09:30:02.080,3.344,200
2020-09-04 09:30:02.080,3.344,4000
2020-09-04 09:30:02.080,3.344,2000
2020-09-04 09:30:02.080,3.344,600
2020-09-04 09:30:02.080,3.344,7700
2020-09-04 09:30:02.080,3.345,10000
2020-09-04 09:30:02.080,3.345,100
2020-09-04 09:30:02.080,3.345,18700
2020-09-04 09:30:02.210,3.345,700
2020-09-04 09:30:02.210,3.345,500
2020-09-04 09:30:02.210,3.345,15000
2020-09-04 09:30:02.210,3.344,10000
2020-09-04 09:30:02.210,3.345,300
2020-09-04 09:30:02.210,3.345,1500
2020-09-04 09:30:02.210,3.345,5000
2020-09-04 09:30:02.210,3.345,1500
2020-09-04 09:30:02.210,3.345,10000
2020-09-04 09:30:02.310,3.345,10000
2020-09-04 09:30:02.310,3.345,15800
2020-09-04 09:30:02.310,3.345,3000
2020-09-04 09:30:02.310,3.345,1000
2020-09-04 09:30:02.310,3.345,100
2020-09-04 09:30:02.310,3.345,5000
2020-09-04 09:30:02.310,3.345,2900
2020-09-04 09:30:02.410,3.345,200
2020-09-04 09:30:02.410,3.345,200
2020-09-04 09:30:02.410,3.345,13400
2020-09-04 09:30:02.410,3.345,4400
2020-09-04 09:30:02.410,3.345,4000
2020-09-04 09:30:02.410,3.345,32900
2020-09-04 09:30:02.410,3.345,100
2020-09-04 09:30:02.490,3.345,300
2020-09-04 09:30:02.490,3.345,1100
2020-09-04 09:30:02.490,3.345,400
2020-09-04 09:30:02.490,3.346,3700
2020-09-04 09:30:02.490,3.346,800
2020-09-04 09:30:02.490,3.346,500
2020-09-04 09:30:02.490,3.346,3000
2020-09-04 09:30:02.540,3.346,2300
2020-09-04 09:30:02.540,3.346,4700
2020-09-04 09:30:02.590,3.346,900
2020-09-04 09:30:02.590,3.346,1000
2020-09-04 09:30:02.590,3.345,100
2020-09-04 09:30:02.590,3.344,6800
2020-09-04 09:30:02.590,3.344,100
2020-09-04 09:30:02.590,3.346,2000
2020-09-04 09:30:02.620,3.346,3500
2020-09-04 09:30:02.620,3.346,1300
2020-09-04 09:30:02.620,3.346,200
2020-09-04 09:30:02.660,3.346,3000
2020-09-04 09:30:02.660,3.346,100
2020-09-04 09:30:02.660,3.346,400
2020-09-04 09:30:02.660,3.346,1100
2020-09-04 09:30:02.660,3.346,8200
2020-09-04 09:30:02.700,3.346,300
2020-09-04 09:30:02.740,3.345,200
2020-09-04 09:30:02.740,3.345,1000
2020-09-04 09:30:02.740,3.345,3000
2020-09-04 09:30:02.910,3.345,200
2020-09-04 09:30:02.950,3.345,300
2020-09-04 09:30:02.950,3.345,3700
2020-09-04 09:30:02.950,3.345,300
2020-09-04 09:30:02.950,3.346,7700
2020-09-04 09:30:02.950,3.345,2000
2020-09-04 09:30:02.950,3.345,500
2020-09-04 09:30:03.080,3.345,10000
2020-09-04 09:30:03.080,3.345,5000
2020-09-04 09:30:03.080,3.344,5000
2020-09-04 09:30:03.080,3.344,1000
2020-09-04 09:30:03.080,3.344,300
2020-09-04 09:30:03.080,3.344,8000
2020-09-04 09:30:03.080,3.343,2000
2020-09-04 09:30:03.080,3.343,200
2020-09-04 09:30:03.080,3.343,3800
2020-09-04 09:30:03.080,3.343,2000
2020-09-04 09:30:03.080,3.343,1500
2020-09-04 09:30:03.080,3.343,1500
2020-09-04 09:30:03.080,3.343,10000
2020-09-04 09:30:03.080,3.343,5000
2020-09-04 09:30:03.080,3.343,45200
2020-09-04 09:30:03.080,3.343,10000
2020-09-04 09:30:03.080,3.343,1000
2020-09-04 09:30:03.080,3.343,3700
2020-09-04 09:30:03.080,3.343,8000
2020-09-04 09:30:03.080,3.343,1000
2020-09-04 09:30:03.080,3.343,200
2020-09-04 09:30:03.080,3.342,1900
2020-09-04 09:30:03.080,3.342,200
2020-09-04 09:30:03.080,3.342,2200
2020-09-04 09:30:03.080,3.345,1500
2020-09-04 09:30:03.080,3.345,12200
2020-09-04 09:30:03.080,3.346,2300
2020-09-04 09:30:03.080,3.346,5500
2020-09-04 09:30:03.080,3.346,1000
2020-09-04 09:30:03.200,3.346,100
2020-09-04 09:30:03.200,3.346,100
2020-09-04 09:30:03.200,3.342,3300
2020-09-04 09:30:03.200,3.346,600
2020-09-04 09:30:03.200,3.344,700
2020-09-04 09:30:03.200,3.342,6500
2020-09-04 09:30:03.200,3.342,800
2020-09-04 09:30:03.200,3.346,1000
2020-09-04 09:30:03.200,3.346,1000
2020-09-04 09:30:03.200,3.346,1000
2020-09-04 09:30:03.270,3.346,5000
2020-09-04 09:30:03.270,3.346,11900
2020-09-04 09:30:03.320,3.346,1000
2020-09-04 09:30:03.350,3.343,200
2020-09-04 09:30:03.350,3.346,4800
2020-09-04 09:30:03.350,3.346,2200
2020-09-04 09:30:03.350,3.346,4800
2020-09-04 09:30:03.350,3.346,2500
2020-09-04 09:30:03.350,3.346,52700
2020-09-04 09:30:03.390,3.345,500
2020-09-04 09:30:03.430,3.342,5200
2020-09-04 09:30:03.430,3.342,1000
2020-09-04 09:30:03.430,3.342,54800
2020-09-04 09:30:03.470,3.345,3400
2020-09-04 09:30:03.470,3.345,6600
2020-09-04 09:30:03.580,3.345,500
2020-09-04 09:30:03.580,3.345,300
2020-09-04 09:30:03.580,3.343,500
2020-09-04 09:30:03.640,3.345,15000
2020-09-04 09:30:03.640,3.345,8900
2020-09-04 09:30:03.640,3.345,1000
2020-09-04 09:30:03.640,3.345,1500
2020-09-04 09:30:03.640,3.344,2500
2020-09-04 09:30:03.640,3.345,2500
2020-09-04 09:30:03.710,3.345,15000
2020-09-04 09:30:03.710,3.345,200
2020-09-04 09:30:03.710,3.345,900
2020-09-04 09:30:03.770,3.345,3000
2020-09-04 09:30:03.770,3.345,8900
2020-09-04 09:30:03.810,3.345,2000
2020-09-04 09:30:03.860,3.345,400
2020-09-04 09:30:03.860,3.345,3000
2020-09-04 09:30:03.860,3.345,47300
2020-09-04 09:30:03.860,3.345,10000
2020-09-04 09:30:03.860,3.346,42700
2020-09-04 09:30:03.860,3.346,11600
2020-09-04 09:30:03.900,3.346,5000
2020-09-04 09:30:03.900,3.344,1500
2020-09-04 09:30:03.900,3.344,100
2020-09-04 09:30:03.970,3.344,3000
2020-09-04 09:30:04.010,3.344,5000
2020-09-04 09:30:04.010,3.344,1000
2020-09-04 09:30:04.060,3.344,5000
2020-09-04 09:30:04.260,3.343,2600
2020-09-04 09:30:04.260,3.342,45200
2020-09-04 09:30:04.260,3.342,3000
2020-09-04 09:30:04.260,3.342,8100
2020-09-04 09:30:04.260,3.342,2800
2020-09-04 09:30:04.260,3.342,200
2020-09-04 09:30:04.260,3.342,8000
2020-09-04 09:30:04.260,3.342,1000
2020-09-04 09:30:04.260,3.342,1000
2020-09-04 09:30:04.260,3.342,1000
2020-09-04 09:30:04.260,3.341,200
2020-09-04 09:30:04.260,3.341,3000
2020-09-04 09:30:04.260,3.341,3000
2020-09-04 09:30:04.260,3.341,10000
2020-09-04 09:30:04.260,3.341,7000
2020-09-04 09:30:04.260,3.341,500
2020-09-04 09:30:04.260,3.341,1000
2020-09-04 09:30:04.260,3.341,16000
2020-09-04 09:30:04.260,3.341,10000
2020-09-04 09:30:04.260,3.341,600
2020-09-04 09:30:04.260,3.341,1000
2020-09-04 09:30:04.260,3.341,6000
2020-09-04 09:30:04.260,3.341,10000
2020-09-04 09:30:04.260,3.341,600
2020-09-04 09:30:04.260,3.341,50000
2020-09-04 09:30:04.260,3.341,10000
2020-09-04 09:30:04.260,3.341,1000
2020-09-04 09:30:04.260,3.341,5000
2020-09-04 09:30:04.260,3.341,100
2020-09-04 09:30:04.260,3.341,100
2020-09-04 09:30:04.260,3.341,9600
2020-09-04 09:30:04.260,3.341,5000
2020-09-04 09:30:04.260,3.341,2000
2020-09-04 09:30:04.260,3.341,20000
2020-09-04 09:30:04.260,3.341,2000
2020-09-04 09:30:04.260,3.341,8000
2020-09-04 09:30:04.260,3.341,500
2020-09-04 09:30:04.260,3.341,10000
2020-09-04 09:30:04.260,3.341,10000
2020-09-04 09:30:04.260,3.341,10000
2020-09-04 09:30:04.260,3.34,4000
2020-09-04 09:30:04.260,3.34,600
2020-09-04 09:30:04.260,3.34,100
2020-09-04 09:30:04.260,3.34,10200
2020-09-04 09:30:04.260,3.344,40000
2020-09-04 09:30:04.260,3.344,30000
2020-09-04 09:30:04.260,3.344,3000
2020-09-04 09:30:04.260,3.344,1000
2020-09-04 09:30:04.260,3.344,1000
2020-09-04 09:30:04.260,3.344,500
2020-09-04 09:30:04.380,3.344,25200
2020-09-04 09:30:04.380,3.344,3000
2020-09-04 09:30:04.440,3.344,6000
2020-09-04 09:30:04.560,3.344,30000
2020-09-04 09:30:04.560,3.344,5000
2020-09-04 09:30:04.610,3.344,26700
2020-09-04 09:30:04.610,3.346,3700
2020-09-04 09:30:04.610,3.346,10000
2020-09-04 09:30:04.610,3.346,1000
2020-09-04 09:30:04.640,3.346,5000
2020-09-04 09:30:04.640,3.343,6000
2020-09-04 09:30:04.640,3.342,3600
2020-09-04 09:30:04.640,3.342,6000
2020-09-04 09:30:04.640,3.342,20000
2020-09-04 09:30:04.640,3.34,9800
2020-09-04 09:30:04.640,3.34,600
2020-09-04 09:30:04.640,3.34,200
2020-09-04 09:30:04.640,3.34,1000
2020-09-04 09:30:04.640,3.34,1500
2020-09-04 09:30:04.640,3.34,10000
2020-09-04 09:30:04.640,3.34,1000
2020-09-04 09:30:04.640,3.34,1000
2020-09-04 09:30:04.640,3.34,100
2020-09-04 09:30:04.640,3.34,1000
2020-09-04 09:30:04.640,3.34,100
2020-09-04 09:30:04.640,3.34,3400
2020-09-04 09:30:04.640,3.346,200
2020-09-04 09:30:04.640,3.346,900
2020-09-04 09:30:04.640,3.346,3900
2020-09-04 09:30:04.680,3.346,6400
2020-09-04 09:30:04.680,3.346,2000
2020-09-04 09:30:04.680,3.346,11600
2020-09-04 09:30:04.710,3.346,200
2020-09-04 09:30:04.740,3.345,57400
2020-09-04 09:30:04.810,3.346,500
2020-09-04 09:30:04.950,3.346,3800
2020-09-04 09:30:04.950,3.346,200
2020-09-04 09:30:04.950,3.346,100
2020-09-04 09:30:04.950,3.345,5800
2020-09-04 09:30:05.000,3.345,800
2020-09-04 09:30:05.000,3.346,200
2020-09-04 09:30:05.000,3.346,200
2020-09-04 09:30:05.090,3.346,200
2020-09-04 09:30:05.090,3.346,800
2020-09-04 09:30:05.090,3.346,700
2020-09-04 09:30:05.090,3.346,1000
2020-09-04 09:30:05.090,3.346,300
2020-09-04 09:30:05.170,3.346,600
2020-09-04 09:30:05.170,3.345,5500
2020-09-04 09:30:05.170,3.346,1500
2020-09-04 09:30:05.230,3.346,500
2020-09-04 09:30:05.230,3.346,10000
2020-09-04 09:30:05.230,3.346,100
2020-09-04 09:30:05.230,3.346,9900
2020-09-04 09:30:05.230,3.345,20000
2020-09-04 09:30:05.280,3.346,5000
2020-09-04 09:30:05.280,3.346,100
2020-09-04 09:30:05.280,3.346,5000
2020-09-04 09:30:05.330,3.346,400
2020-09-04 09:30:05.330,3.346,300
2020-09-04 09:30:05.330,3.346,5200
2020-09-04 09:30:05.450,3.346,2100
2020-09-04 09:30:05.450,3.346,400
2020-09-04 09:30:05.490,3.346,20000
2020-09-04 09:30:05.490,3.345,20000
2020-09-04 09:30:05.490,3.346,2000
2020-09-04 09:30:05.600,3.346,2000
2020-09-04 09:30:05.600,3.346,1000
2020-09-04 09:30:05.600,3.346,300
2020-09-04 09:30:05.600,3.346,200
2020-09-04 09:30:05.630,3.346,200
2020-09-04 09:30:05.630,3.346,500
2020-09-04 09:30:05.710,3.346,2000
2020-09-04 09:30:05.710,3.346,3200
2020-09-04 09:30:05.750,3.345,1000
2020-09-04 09:30:05.820,3.346,400
2020-09-04 09:30:05.820,3.346,45500
2020-09-04 09:30:05.850,3.346,8600
2020-09-04 09:30:05.850,3.346,10000
2020-09-04 09:30:05.890,3.345,500
2020-09-04 09:30:05.890,3.346,10000
2020-09-04 09:30:06.130,3.346,5000
2020-09-04 09:30:06.210,3.346,5000
2020-09-04 09:30:06.210,3.346,3300
2020-09-04 09:30:06.210,3.346,200
2020-09-04 09:30:06.210,3.346,200
2020-09-04 09:30:06.210,3.346,200
2020-09-04 09:30:06.210,3.346,1000
2020-09-04 09:30:06.310,3.346,2000
2020-09-04 09:30:06.310,3.345,500
2020-09-04 09:30:06.310,3.346,1000
2020-09-04 09:30:06.360,3.346,3100
2020-09-04 09:30:06.490,3.346,10000
2020-09-04 09:30:06.490,3.345,15000
2020-09-04 09:30:06.520,3.346,1000
2020-09-04 09:30:06.670,3.346,1000
2020-09-04 09:30:06.790,3.346,10000
2020-09-04 09:30:06.970,3.346,1000
2020-09-04 09:30:06.970,3.346,100
2020-09-04 09:30:06.970,3.346,76700
2020-09-04 09:30:06.970,3.346,2800
2020-09-04 09:30:06.970,3.346,6400
2020-09-04 09:30:06.970,3.346,100
2020-09-04 09:30:06.970,3.346,2000
2020-09-04 09:30:06.970,3.346,91600
2020-09-04 09:30:06.970,3.346,50000
2020-09-04 09:30:06.970,3.346,15000
2020-09-04 09:30:06.970,3.346,12800
2020-09-04 09:30:06.970,3.346,16900
2020-09-04 09:30:06.970,3.346,2000
2020-09-04 09:30:06.970,3.346,10200
2020-09-04 09:30:06.970,3.346,7000
2020-09-04 09:30:06.970,3.346,3000
2020-09-04 09:30:06.970,3.346,4500
2020-09-04 09:30:06.970,3.346,60000
2020-09-04 09:30:06.970,3.346,108300
2020-09-04 09:30:06.970,3.346,40900
2020-09-04 09:30:06.970,3.346,3000
2020-09-04 09:30:06.970,3.346,500
2020-09-04 09:30:07.060,3.346,100
2020-09-04 09:30:07.170,3.346,20000
2020-09-04 09:30:07.170,3.346,5000
2020-09-04 09:30:07.170,3.346,30000
2020-09-04 09:30:07.170,3.346,1000
2020-09-04 09:30:07.170,3.346,13600
2020-09-04 09:30:07.210,3.345,5000
2020-09-04 09:30:07.210,3.345,100
2020-09-04 09:30:07.210,3.345,3000
2020-09-04 09:30:07.210,3.345,100
2020-09-04 09:30:07.210,3.345,2000
2020-09-04 09:30:07.210,3.345,7300
2020-09-04 09:30:07.260,3.345,4700
2020-09-04 09:30:07.260,3.344,1300
2020-09-04 09:30:07.330,3.346,15000
2020-09-04 09:30:07.360,3.346,3600
2020-09-04 09:30:07.360,3.346,1700
2020-09-04 09:30:07.360,3.346,1000
2020-09-04 09:30:07.360,3.346,1000
2020-09-04 09:30:07.360,3.346,10900
2020-09-04 09:30:07.460,3.346,1000
2020-09-04 09:30:07.500,3.346,800
2020-09-04 09:30:07.580,3.346,2200
2020-09-04 09:30:07.580,3.346,2800
2020-09-04 09:30:07.660,3.346,2200
2020-09-04 09:30:07.660,3.346,4800
2020-09-04 09:30:07.740,3.346,100
2020-09-04 09:30:07.740,3.346,3000
2020-09-04 09:30:07.740,3.346,2000
2020-09-04 09:30:07.740,3.346,1000
2020-09-04 09:30:07.780,3.346,1000
2020-09-04 09:30:07.780,3.346,1000
2020-09-04 09:30:07.870,3.346,20000
2020-09-04 09:30:07.940,3.345,500
2020-09-04 09:30:07.940,3.344,700
2020-09-04 09:30:07.940,3.344,8700
2020-09-04 09:30:07.980,3.346,900
2020-09-04 09:30:08.020,3.346,2000
2020-09-04 09:30:08.020,3.346,2000
2020-09-04 09:30:08.020,3.346,500
2020-09-04 09:30:08.170,3.346,5000
2020-09-04 09:30:08.230,3.346,10000
2020-09-04 09:30:08.270,3.346,3000
2020-09-04 09:30:08.310,3.346,100
2020-09-04 09:30:08.340,3.346,5000
2020-09-04 09:30:08.380,3.346,100
2020-09-04 09:30:08.410,3.346,10000
2020-09-04 09:30:08.410,3.346,1000
2020-09-04 09:30:08.410,3.346,30000
2020-09-04 09:30:08.450,3.346,300
2020-09-04 09:30:08.450,3.346,5000
2020-09-04 09:30:08.480,3.346,20000
2020-09-04 09:30:08.480,3.346,400
2020-09-04 09:30:08.510,3.346,1500
2020-09-04 09:30:08.510,3.346,2000
2020-09-04 09:30:08.580,3.346,500
2020-09-04 09:30:08.580,3.346,500
2020-09-04 09:30:08.650,3.346,500
2020-09-04 09:30:08.650,3.346,3000
2020-09-04 09:30:08.650,3.345,500
2020-09-04 09:30:08.650,3.345,15200
2020-09-04 09:30:08.690,3.346,11900
2020-09-04 09:30:08.720,3.346,1000
2020-09-04 09:30:08.720,3.346,1000
2020-09-04 09:30:08.770,3.346,29900
2020-09-04 09:30:08.770,3.346,2000
2020-09-04 09:30:08.800,3.345,4800
2020-09-04 09:30:08.800,3.345,15200
2020-09-04 09:30:08.980,3.346,5000
2020-09-04 09:30:08.980,3.346,1000
2020-09-04 09:30:09.010,3.346,1500
2020-09-04 09:30:09.050,3.346,200
2020-09-04 09:30:09.050,3.346,10000
2020-09-04 09:30:09.090,3.346,17500
2020-09-04 09:30:09.090,3.345,3200
2020-09-04 09:30:09.120,3.346,900
2020-09-04 09:30:09.160,3.346,2500
2020-09-04 09:30:09.160,3.346,3000
2020-09-04 09:30:09.200,3.346,10000
2020-09-04 09:30:09.200,3.346,50000
2020-09-04 09:30:09.240,3.346,100
2020-09-04 09:30:09.290,3.346,10000
2020-09-04 09:30:09.290,3.346,6300
2020-09-04 09:30:09.290,3.346,2000
2020-09-04 09:30:09.290,3.346,1800
2020-09-04 09:30:09.290,3.346,300
2020-09-04 09:30:09.320,3.346,3000
2020-09-04 09:30:09.320,3.346,2000
2020-09-04 09:30:09.320,3.346,1200
2020-09-04 09:30:09.320,3.346,45000
2020-09-04 09:30:09.320,3.346,1900
2020-09-04 09:30:09.320,3.346,3800
2020-09-04 09:30:09.320,3.347,200
2020-09-04 09:30:09.320,3.346,10000
2020-09-04 09:30:09.320,3.347,1400
2020-09-04 09:30:09.360,3.346,20000
2020-09-04 09:30:09.390,3.347,100
2020-09-04 09:30:09.390,3.346,5000
2020-09-04 09:30:09.390,3.347,3000
2020-09-04 09:30:09.390,3.347,2000
2020-09-04 09:30:09.430,3.347,1000
2020-09-04 09:30:09.430,3.346,10000
2020-09-04 09:30:09.470,3.346,2500
2020-09-04 09:30:09.500,3.347,10900
2020-09-04 09:30:09.500,3.347,10000
2020-09-04 09:30:09.500,3.347,400
2020-09-04 09:30:09.500,3.347,700
2020-09-04 09:30:09.500,3.347,5500
2020-09-04 09:30:09.500,3.346,12000
2020-09-04 09:30:09.500,3.347,300
2020-09-04 09:30:09.530,3.346,14300
2020-09-04 09:30:09.530,3.346,10000
2020-09-04 09:30:09.530,3.346,15000
2020-09-04 09:30:09.640,3.347,700
2020-09-04 09:30:09.640,3.347,500
2020-09-04 09:30:09.640,3.346,1900
2020-09-04 09:30:09.750,3.347,3000
2020-09-04 09:30:09.750,3.347,12000
2020-09-04 09:30:09.750,3.347,2000
2020-09-04 09:30:09.750,3.347,5000
2020-09-04 09:30:09.750,3.347,13000
2020-09-04 09:30:09.750,3.347,300
2020-09-04 09:30:09.750,3.347,50000
2020-09-04 09:30:09.830,3.347,300
2020-09-04 09:30:10.220,3.347,3000
2020-09-04 09:30:10.290,3.348,200
2020-09-04 09:30:10.290,3.348,3000
2020-09-04 09:30:10.290,3.347,500
2020-09-04 09:30:10.290,3.347,13700
2020-09-04 09:30:10.510,3.347,20000
2020-09-04 09:30:10.510,3.347,5000
2020-09-04 09:30:10.510,3.347,80300
2020-09-04 09:30:10.560,3.347,2000
2020-09-04 09:30:10.730,3.348,6800
2020-09-04 09:30:10.730,3.349,4400
2020-09-04 09:30:10.730,3.349,3700
2020-09-04 09:30:10.780,3.349,2900
2020-09-04 09:30:10.920,3.347,3600
2020-09-04 09:30:11.220,3.348,300
2020-09-04 09:30:11.220,3.347,700
2020-09-04 09:30:11.250,3.349,1400
2020-09-04 09:30:11.250,3.349,700
2020-09-04 09:30:11.250,3.347,700
2020-09-04 09:30:11.290,3.347,300
2020-09-04 09:30:11.540,3.349,700
2020-09-04 09:30:11.670,3.349,600
2020-09-04 09:30:11.670,3.349,800
2020-09-04 09:30:11.670,3.348,500
2020-09-04 09:30:11.670,3.347,29500
2020-09-04 09:30:11.980,3.349,1000
2020-09-04 09:30:11.980,3.347,12200
2020-09-04 09:30:12.070,3.347,10000
2020-09-04 09:30:12.070,3.349,1000
2020-09-04 09:30:12.180,3.349,500
2020-09-04 09:30:12.310,3.349,2000
2020-09-04 09:30:12.340,3.349,4700
2020-09-04 09:30:12.340,3.349,20000
2020-09-04 09:30:12.340,3.349,200
2020-09-04 09:30:12.340,3.349,5100
2020-09-04 09:30:12.440,3.348,32800
2020-09-04 09:30:12.440,3.348,17200
2020-09-04 09:30:12.440,3.348,50000
2020-09-04 09:30:12.540,3.349,30000
2020-09-04 09:30:13.200,3.348,10000
2020-09-04 09:30:13.230,3.349,500
2020-09-04 09:30:13.230,3.349,500
2020-09-04 09:30:13.230,3.349,500
2020-09-04 09:30:13.230,3.349,500
2020-09-04 09:30:13.230,3.349,500
2020-09-04 09:30:13.480,3.349,62400
2020-09-04 09:30:13.480,3.349,100000
2020-09-04 09:30:13.480,3.349,5000
2020-09-04 09:30:13.480,3.349,50000
2020-09-04 09:30:13.660,3.349,16400
2020-09-04 09:30:13.870,3.35,3000
2020-09-04 09:30:13.870,3.35,500
2020-09-04 09:30:14.070,3.35,3500
2020-09-04 09:30:14.630,3.349,4000
2020-09-04 09:30:15.170,3.349,160000
2020-09-04 09:30:15.270,3.349,500
2020-09-04 09:30:15.270,3.35,5900
2020-09-04 09:30:15.270,3.35,2000
2020-09-04 09:30:15.270,3.35,700
2020-09-04 09:30:15.270,3.35,1500
2020-09-04 09:30:15.270,3.35,19900
2020-09-04 09:30:15.270,3.35,10000
2020-09-04 09:30:15.340,3.35,34800
2020-09-04 09:30:15.340,3.35,2000
2020-09-04 09:30:15.340,3.35,10000
2020-09-04 09:30:15.340,3.35,1000
2020-09-04 09:30:15.340,3.35,5000
2020-09-04 09:30:15.340,3.35,4000
2020-09-04 09:30:15.340,3.35,3000
2020-09-04 09:30:15.760,3.349,4500
2020-09-04 09:30:15.760,3.35,17000
2020-09-04 09:30:15.760,3.35,700
2020-09-04 09:30:15.760,3.35,22300
2020-09-04 09:30:15.780,3.35,27700
2020-09-04 09:30:15.780,3.352,2300
2020-09-04 09:30:15.780,3.352,12700
2020-09-04 09:30:15.780,3.352,17300
2020-09-04 09:30:15.780,3.352,82700
2020-09-04 09:30:15.780,3.352,100000
2020-09-04 09:30:15.920,3.353,20000
2020-09-04 09:30:15.920,3.353,280000
2020-09-04 09:30:16.030,3.353,200
2020-09-04 09:30:16.140,3.352,1000
2020-09-04 09:30:16.320,3.353,300000
2020-09-04 09:30:16.480,3.35,2000
2020-09-04 09:30:16.480,3.349,4400
2020-09-04 09:30:16.540,3.349,109500
2020-09-04 09:30:16.540,3.349,4200
2020-09-04 09:30:16.710,3.352,12800
2020-09-04 09:30:16.900,3.352,12800
2020-09-04 09:30:16.960,3.35,20000
2020-09-04 09:30:16.960,3.349,5800
2020-09-04 09:30:16.960,3.349,30000
2020-09-04 09:30:16.960,3.349,30000
2020-09-04 09:30:16.960,3.349,10000
2020-09-04 09:30:16.960,3.349,1500
2020-09-04 09:30:16.960,3.349,31300
2020-09-04 09:30:16.960,3.349,20000
2020-09-04 09:30:16.960,3.348,1000
2020-09-04 09:30:16.960,3.348,186500
2020-09-04 09:30:17.130,3.348,20000
2020-09-04 09:30:17.530,3.35,3000
2020-09-04 09:30:17.760,3.351,600
2020-09-04 09:30:17.760,3.349,1200
2020-09-04 09:30:17.860,3.349,294800
2020-09-04 09:30:17.860,3.348,10200
2020-09-04 09:30:17.860,3.348,30000
2020-09-04 09:30:17.860,3.347,1100
2020-09-04 09:30:18.270,3.35,5000
2020-09-04 09:30:18.360,3.353,49800
2020-09-04 09:30:18.360,3.354,24000
2020-09-04 09:30:18.360,3.354,20000
2020-09-04 09:30:18.360,3.354,1900
2020-09-04 09:30:18.360,3.354,600
2020-09-04 09:30:18.360,3.354,3700
2020-09-04 09:30:18.420,3.354,96300
2020-09-04 09:30:18.800,3.354,1000
2020-09-04 09:30:18.850,3.354,89500
2020-09-04 09:30:18.990,3.354,1000
2020-09-04 09:30:19.480,3.355,300
2020-09-04 09:30:20.580,3.354,50000
2020-09-04 09:30:20.640,3.355,3000
2020-09-04 09:30:21.360,3.353,22100
2020-09-04 09:30:22.080,3.355,173500
2020-09-04 09:30:22.820,3.355,200
2020-09-04 09:30:23.400,3.355,1000
2020-09-04 09:30:23.540,3.355,1500
2020-09-04 09:30:24.690,3.354,10000
2020-09-04 09:30:25.640,3.353,5000
2020-09-04 09:30:25.640,3.353,3000
2020-09-04 09:30:25.950,3.352,400
2020-09-04 09:30:25.950,3.351,2600
2020-09-04 09:30:27.150,3.353,2000
2020-09-04 09:30:27.240,3.353,5800
2020-09-04 09:30:27.240,3.354,24200
2020-09-04 09:30:27.630,3.354,5000
2020-09-04 09:30:28.030,3.354,5000
2020-09-04 09:30:28.140,3.354,500
2020-09-04 09:30:28.210,3.354,20000
2020-09-04 09:30:28.280,3.352,37600
2020-09-04 09:30:28.550,3.354,60900
2020-09-04 09:30:28.760,3.354,3000
2020-09-04 09:30:28.780,3.354,3000
2020-09-04 09:30:28.810,3.354,42500
2020-09-04 09:30:29.220,3.354,1000
2020-09-04 09:30:29.560,3.354,500
2020-09-04 09:30:29.710,3.354,20000
2020-09-04 09:30:29.990,3.354,100
2020-09-04 09:30:30.220,3.354,6300
2020-09-04 09:30:30.340,3.354,400
2020-09-04 09:30:30.640,3.354,20000
2020-09-04 09:30:30.700,3.354,5000
2020-09-04 09:30:31.560,3.354,10000
2020-09-04 09:30:31.670,3.354,12000
2020-09-04 09:30:32.060,3.353,800
2020-09-04 09:30:32.060,3.353,19200
2020-09-04 09:30:32.230,3.354,3000
2020-09-04 09:30:32.290,3.353,800
2020-09-04 09:30:32.290,3.353,5200
2020-09-04 09:30:33.050,3.353,14800
2020-09-04 09:30:33.050,3.353,10000
2020-09-04 09:30:33.050,3.353,1100
2020-09-04 09:30:33.200,3.353,74100
2020-09-04 09:30:33.200,3.354,47600
2020-09-04 09:30:33.200,3.354,20000
2020-09-04 09:30:33.200,3.354,158300
2020-09-04 09:30:33.710,3.354,500
2020-09-04 09:30:33.710,3.354,500
2020-09-04 09:30:33.950,3.354,1500
2020-09-04 09:30:34.040,3.354,5000
2020-09-04 09:30:34.810,3.353,1100
2020-09-04 09:30:34.810,3.353,5000
2020-09-04 09:30:34.810,3.353,3000
2020-09-04 09:30:34.810,3.353,10900
2020-09-04 09:30:34.890,3.354,3200
2020-09-04 09:30:35.040,3.354,300
2020-09-04 09:30:36.230,3.354,1000
2020-09-04 09:30:36.270,3.354,10000
2020-09-04 09:30:36.300,3.354,10000
2020-09-04 09:30:36.300,3.354,100
2020-09-04 09:30:36.500,3.354,6000
2020-09-04 09:30:37.080,3.354,6100
2020-09-04 09:30:37.300,3.354,200
2020-09-04 09:30:37.450,3.354,600
2020-09-04 09:30:38.000,3.354,1000
2020-09-04 09:30:38.250,3.354,600
2020-09-04 09:30:38.360,3.354,900
2020-09-04 09:30:38.460,3.354,5000
2020-09-04 09:30:38.550,3.353,200
2020-09-04 09:30:38.820,3.354,200
2020-09-04 09:30:38.860,3.354,600
2020-09-04 09:30:39.220,3.354,20000
2020-09-04 09:30:39.490,3.354,3500
2020-09-04 09:30:40.160,3.354,200
2020-09-04 09:30:40.320,3.354,7000
2020-09-04 09:30:40.350,3.354,100
2020-09-04 09:30:40.520,3.353,1100
2020-09-04 09:30:40.540,3.354,1400
2020-09-04 09:30:40.650,3.353,1700
2020-09-04 09:30:40.650,3.353,500
2020-09-04 09:30:40.650,3.353,3000
2020-09-04 09:30:40.650,3.353,2700
2020-09-04 09:30:40.650,3.353,1000
2020-09-04 09:30:40.680,3.353,1800
2020-09-04 09:30:40.680,3.354,200
2020-09-04 09:30:40.760,3.354,2400
2020-09-04 09:30:41.130,3.353,10000
2020-09-04 09:30:41.360,3.354,2900
2020-09-04 09:30:41.530,3.354,3400
2020-09-04 09:30:41.710,3.354,6900
2020-09-04 09:30:41.830,3.354,500
2020-09-04 09:30:41.830,3.354,500
2020-09-04 09:30:42.250,3.354,1000
2020-09-04 09:30:42.540,3.353,50000
2020-09-04 09:30:42.890,3.354,5000
2020-09-04 09:30:42.890,3.354,5000
2020-09-04 09:30:43.180,3.354,1500
2020-09-04 09:30:43.310,3.354,300
2020-09-04 09:30:43.920,3.353,27200
2020-09-04 09:30:43.920,3.353,5000
2020-09-04 09:30:43.920,3.353,2100
2020-09-04 09:30:43.920,3.353,300
2020-09-04 09:30:43.920,3.353,1000
2020-09-04 09:30:43.920,3.353,700
2020-09-04 09:30:43.920,3.353,500
2020-09-04 09:30:43.920,3.353,30000
2020-09-04 09:30:43.920,3.353,5000
2020-09-04 09:30:43.920,3.353,3000
2020-09-04 09:30:43.920,3.353,1000
2020-09-04 09:30:43.920,3.353,8000
2020-09-04 09:30:43.920,3.353,200
2020-09-04 09:30:44.360,3.353,100
2020-09-04 09:30:44.510,3.353,90000
2020-09-04 09:30:44.850,3.353,5000
2020-09-04 09:30:44.870,3.353,100
2020-09-04 09:30:44.980,3.353,1300
2020-09-04 09:30:45.010,3.353,30000
2020-09-04 09:30:45.110,3.353,6300
2020-09-04 09:30:45.110,3.353,9100
2020-09-04 09:30:45.110,3.354,4300
2020-09-04 09:30:45.110,3.354,300
2020-09-04 09:30:45.140,3.354,5000
2020-09-04 09:30:45.800,3.353,200
2020-09-04 09:30:46.310,3.354,7000
2020-09-04 09:30:46.480,3.354,5100
2020-09-04 09:30:46.480,3.354,4900
2020-09-04 09:30:46.480,3.354,5100
2020-09-04 09:30:46.860,3.353,5000
2020-09-04 09:30:47.130,3.354,800
2020-09-04 09:30:47.300,3.353,8100
2020-09-04 09:30:47.300,3.353,30000
2020-09-04 09:30:47.300,3.353,11900
2020-09-04 09:30:47.640,3.354,300
2020-09-04 09:30:47.700,3.354,3000
2020-09-04 09:30:47.930,3.353,8100
2020-09-04 09:30:47.930,3.353,24600
2020-09-04 09:30:48.120,3.354,30000
2020-09-04 09:30:48.520,3.354,1000
2020-09-04 09:30:48.610,3.354,8000
2020-09-04 09:30:49.260,3.354,10000
2020-09-04 09:30:49.900,3.354,100
2020-09-04 09:30:50.050,3.354,300
2020-09-04 09:30:50.330,3.353,5400
2020-09-04 09:30:50.330,3.353,4000
2020-09-04 09:30:50.360,3.354,600
2020-09-04 09:30:50.390,3.353,5500
2020-09-04 09:30:50.620,3.354,1500
2020-09-04 09:30:50.620,3.354,1000
2020-09-04 09:30:51.220,3.353,20500
2020-09-04 09:30:51.220,3.353,24000
2020-09-04 09:30:51.220,3.353,10000
2020-09-04 09:30:51.220,3.353,90000
2020-09-04 09:30:51.220,3.353,100
2020-09-04 09:30:51.220,3.353,100
2020-09-04 09:30:51.220,3.353,2000
2020-09-04 09:30:51.220,3.353,200
2020-09-04 09:30:51.220,3.353,5000
2020-09-04 09:30:51.220,3.353,1000
2020-09-04 09:30:51.220,3.352,500
2020-09-04 09:30:51.220,3.352,500
2020-09-04 09:30:51.220,3.352,700
2020-09-04 09:30:51.220,3.352,5000
2020-09-04 09:30:51.220,3.352,4700
2020-09-04 09:30:51.910,3.352,3300
2020-09-04 09:30:51.910,3.352,100
2020-09-04 09:30:52.580,3.354,1000
2020-09-04 09:30:52.630,3.353,300
2020-09-04 09:30:52.760,3.353,5000
2020-09-04 09:30:52.760,3.354,100
2020-09-04 09:30:53.180,3.354,50000
2020-09-04 09:30:53.620,3.353,100
2020-09-04 09:30:53.620,3.353,5000
2020-09-04 09:30:53.800,3.354,50000
2020-09-04 09:30:53.800,3.354,10000
2020-09-04 09:30:53.820,3.353,100
2020-09-04 09:30:53.820,3.353,4000
2020-09-04 09:30:53.820,3.353,1900
2020-09-04 09:30:54.160,3.354,600
2020-09-04 09:30:54.200,3.354,3300
2020-09-04 09:30:54.370,3.354,3000
2020-09-04 09:30:54.570,3.353,2700
2020-09-04 09:30:54.710,3.354,2000
2020-09-04 09:30:54.880,3.353,300
2020-09-04 09:30:55.100,3.354,10000
2020-09-04 09:30:55.100,3.354,8300
2020-09-04 09:30:55.100,3.354,1700
2020-09-04 09:30:55.400,3.354,300
2020-09-04 09:30:55.400,3.354,300
2020-09-04 09:30:55.400,3.354,200
2020-09-04 09:30:55.400,3.354,4600
2020-09-04 09:30:55.570,3.354,5400
2020-09-04 09:30:55.570,3.354,200
2020-09-04 09:30:55.570,3.354,5000
2020-09-04 09:30:56.830,3.355,6000
2020-09-04 09:30:56.980,3.354,15400
2020-09-04 09:30:56.980,3.354,5000
2020-09-04 09:30:56.980,3.354,1000
2020-09-04 09:30:56.980,3.353,18600
2020-09-04 09:30:56.980,3.353,600
2020-09-04 09:30:56.980,3.353,11900
2020-09-04 09:30:57.400,3.354,1000
2020-09-04 09:30:57.400,3.353,3100
2020-09-04 09:30:57.400,3.353,8200
2020-09-04 09:30:59.380,3.355,50000
2020-09-04 09:31:00.030,3.354,12600
2020-09-04 09:31:00.030,3.354,3000
2020-09-04 09:31:00.030,3.354,3200
2020-09-04 09:31:00.030,3.354,5000
2020-09-04 09:31:00.030,3.354,6100
2020-09-04 09:31:00.030,3.354,5000
2020-09-04 09:31:00.030,3.354,15100
2020-09-04 09:31:00.500,3.354,50000
2020-09-04 09:31:00.570,3.354,5000
2020-09-04 09:31:00.770,3.354,19900
2020-09-04 09:31:00.770,3.354,5000
2020-09-04 09:31:01.990,3.355,600
2020-09-04 09:31:02.010,3.354,2000
2020-09-04 09:31:02.010,3.354,700
2020-09-04 09:31:02.010,3.354,300
2020-09-04 09:31:02.010,3.354,50000
2020-09-04 09:31:02.010,3.354,1000
2020-09-04 09:31:02.010,3.354,23000
2020-09-04 09:31:02.390,3.354,1500
2020-09-04 09:31:02.580,3.354,51100
2020-09-04 09:31:02.700,3.353,11800
2020-09-04 09:31:02.700,3.353,500
2020-09-04 09:31:02.700,3.353,5000
2020-09-04 09:31:02.700,3.353,5000
2020-09-04 09:31:02.700,3.353,2000
2020-09-04 09:31:02.700,3.353,30000
2020-09-04 09:31:02.700,3.353,5000
2020-09-04 09:31:02.700,3.353,6200
2020-09-04 09:31:02.700,3.353,5000
2020-09-04 09:31:02.700,3.353,5000
2020-09-04 09:31:02.700,3.353,5000
2020-09-04 09:31:02.700,3.353,1000
2020-09-04 09:31:02.700,3.353,1100
2020-09-04 09:31:02.900,3.354,3000
2020-09-04 09:31:03.010,3.354,200
2020-09-04 09:31:03.040,3.354,500
2020-09-04 09:31:03.040,3.354,5000
2020-09-04 09:31:03.070,3.352,4900
2020-09-04 09:31:03.070,3.352,10000
2020-09-04 09:31:03.070,3.352,4400
2020-09-04 09:31:03.070,3.352,3900
2020-09-04 09:31:03.070,3.352,30000
2020-09-04 09:31:03.070,3.352,500
2020-09-04 09:31:03.070,3.352,15000
2020-09-04 09:31:03.070,3.352,18700
2020-09-04 09:31:03.070,3.354,5000
2020-09-04 09:31:03.250,3.353,200
2020-09-04 09:31:03.250,3.352,40800
2020-09-04 09:31:03.600,3.354,10000
2020-09-04 09:31:03.800,3.354,1500
2020-09-04 09:31:03.970,3.354,5000
2020-09-04 09:31:04.020,3.354,2000
2020-09-04 09:31:04.150,3.354,50000
2020-09-04 09:31:04.210,3.354,1000
2020-09-04 09:31:04.240,3.354,1600
2020-09-04 09:31:04.480,3.354,300
2020-09-04 09:31:04.500,3.354,2000
2020-09-04 09:31:04.680,3.353,2000
2020-09-04 09:31:04.680,3.353,1000
2020-09-04 09:31:04.900,3.353,1000
2020-09-04 09:31:04.930,3.353,2300
2020-09-04 09:31:05.350,3.353,23700
2020-09-04 09:31:05.350,3.353,66300
2020-09-04 09:31:05.750,3.353,10000
2020-09-04 09:31:05.840,3.353,1000
2020-09-04 09:31:06.070,3.353,1000
2020-09-04 09:31:06.100,3.353,900
2020-09-04 09:31:06.240,3.353,10000
2020-09-04 09:31:07.030,3.352,1000
2020-09-04 09:31:07.280,3.352,10000
2020-09-04 09:31:07.380,3.352,5000
2020-09-04 09:31:07.510,3.352,3000
2020-09-04 09:31:07.630,3.352,20000
2020-09-04 09:31:07.850,3.353,2000
2020-09-04 09:31:08.430,3.353,2000
2020-09-04 09:31:08.610,3.353,1000
2020-09-04 09:31:08.990,3.352,64100
2020-09-04 09:31:09.020,3.353,5000
2020-09-04 09:31:09.270,3.352,25900
2020-09-04 09:31:09.710,3.352,100
2020-09-04 09:31:09.950,3.352,2700
2020-09-04 09:31:10.030,3.352,100
2020-09-04 09:31:10.310,3.352,2000
2020-09-04 09:31:10.560,3.352,19200
2020-09-04 09:31:10.560,3.352,1200
2020-09-04 09:31:10.630,3.353,7200
2020-09-04 09:31:10.840,3.353,10000
2020-09-04 09:31:10.870,3.353,600
2020-09-04 09:31:11.090,3.352,78800
2020-09-04 09:31:11.180,3.352,62100
2020-09-04 09:31:11.460,3.352,500
2020-09-04 09:31:11.550,3.351,2000
2020-09-04 09:31:12.210,3.352,500
2020-09-04 09:31:12.240,3.352,1000
2020-09-04 09:31:12.530,3.352,1500
2020-09-04 09:31:13.010,3.352,50000
2020-09-04 09:31:13.090,3.352,2000
2020-09-04 09:31:13.120,3.352,2000
2020-09-04 09:31:13.760,3.352,4800
2020-09-04 09:31:14.320,3.352,5000
2020-09-04 09:31:14.560,3.352,700
2020-09-04 09:31:14.760,3.352,6000
2020-09-04 09:31:15.310,3.351,1000
2020-09-04 09:31:15.310,3.351,300
2020-09-04 09:31:15.310,3.351,5000
2020-09-04 09:31:15.310,3.351,9300
2020-09-04 09:31:15.740,3.352,5000
2020-09-04 09:31:15.900,3.352,1500
2020-09-04 09:31:16.210,3.352,1000
2020-09-04 09:31:16.380,3.351,700
2020-09-04 09:31:16.380,3.351,5000
2020-09-04 09:31:16.380,3.351,500
2020-09-04 09:31:16.380,3.351,5000
2020-09-04 09:31:16.380,3.351,10000
2020-09-04 09:31:16.380,3.351,1000
2020-09-04 09:31:16.380,3.351,1000
2020-09-04 09:31:16.380,3.351,7000
2020-09-04 09:31:16.380,3.351,20000
2020-09-04 09:31:16.380,3.351,10000
2020-09-04 09:31:16.820,3.351,2500
2020-09-04 09:31:17.010,3.351,10000
2020-09-04 09:31:17.270,3.351,7300
2020-09-04 09:31:17.270,3.351,12700
2020-09-04 09:31:17.270,3.351,300
2020-09-04 09:31:17.390,3.351,10200
2020-09-04 09:31:17.710,3.351,50000
2020-09-04 09:31:17.860,3.351,100000
2020-09-04 09:31:17.920,3.35,1000
2020-09-04 09:31:17.920,3.35,500
2020-09-04 09:31:17.920,3.35,200
2020-09-04 09:31:17.920,3.35,7400
2020-09-04 09:31:17.920,3.35,20000
2020-09-04 09:31:17.920,3.35,3600
2020-09-04 09:31:18.050,3.351,500
2020-09-04 09:31:18.300,3.351,1000
2020-09-04 09:31:18.550,3.351,9000
2020-09-04 09:31:18.820,3.35,11400
2020-09-04 09:31:18.820,3.35,5000
2020-09-04 09:31:18.820,3.35,3000
2020-09-04 09:31:18.820,3.35,60000
2020-09-04 09:31:18.820,3.35,2000
2020-09-04 09:31:18.820,3.35,800
2020-09-04 09:31:18.820,3.35,2900
2020-09-04 09:31:18.820,3.35,10000
2020-09-04 09:31:18.820,3.35,50000
2020-09-04 09:31:18.820,3.35,5000
2020-09-04 09:31:18.820,3.35,3000
2020-09-04 09:31:18.820,3.35,500
2020-09-04 09:31:18.820,3.35,2900
2020-09-04 09:31:18.820,3.35,1000
2020-09-04 09:31:18.820,3.35,800
2020-09-04 09:31:18.820,3.35,1000
2020-09-04 09:31:18.820,3.35,2000
2020-09-04 09:31:18.820,3.35,300
2020-09-04 09:31:18.820,3.35,100
2020-09-04 09:31:18.820,3.35,50000
2020-09-04 09:31:18.820,3.35,7000
2020-09-04 09:31:18.820,3.35,500
2020-09-04 09:31:18.820,3.35,300
2020-09-04 09:31:18.820,3.35,50000
2020-09-04 09:31:18.820,3.35,700
2020-09-04 09:31:18.820,3.35,500
2020-09-04 09:31:18.820,3.35,3000
2020-09-04 09:31:18.820,3.35,2000
2020-09-04 09:31:18.820,3.349,10000
2020-09-04 09:31:18.820,3.349,10000
2020-09-04 09:31:18.820,3.349,4300
2020-09-04 09:31:18.890,3.351,200
2020-09-04 09:31:19.080,3.35,1400
2020-09-04 09:31:19.370,3.35,200
2020-09-04 09:31:19.460,3.35,5000
2020-09-04 09:31:19.560,3.35,500
2020-09-04 09:31:19.640,3.35,8000
2020-09-04 09:31:20.020,3.35,3000
2020-09-04 09:31:21.580,3.35,10000
2020-09-04 09:31:21.750,3.349,14600
2020-09-04 09:31:21.770,3.35,10000
2020-09-04 09:31:21.800,3.35,300
2020-09-04 09:31:21.860,3.35,300
2020-09-04 09:31:21.960,3.35,10000
2020-09-04 09:31:22.450,3.35,5000
2020-09-04 09:31:23.120,3.35,5000
2020-09-04 09:31:23.520,3.35,4000
2020-09-04 09:31:23.600,3.35,2000
2020-09-04 09:31:23.900,3.35,10000
2020-09-04 09:31:24.110,3.35,300
2020-09-04 09:31:24.240,3.35,1000
2020-09-04 09:31:24.270,3.349,1100
2020-09-04 09:31:24.270,3.349,2000
2020-09-04 09:31:24.270,3.349,1600
2020-09-04 09:31:24.730,3.35,9000
2020-09-04 09:31:25.280,3.349,2200
2020-09-04 09:31:25.700,3.349,2900
2020-09-04 09:31:25.700,3.349,500
2020-09-04 09:31:25.700,3.349,6000
2020-09-04 09:31:25.700,3.349,200
2020-09-04 09:31:25.700,3.349,300
2020-09-04 09:31:25.700,3.349,5000
2020-09-04 09:31:25.700,3.348,1000
2020-09-04 09:31:25.700,3.348,4000
2020-09-04 09:31:25.700,3.348,100
2020-09-04 09:31:26.150,3.349,1400
2020-09-04 09:31:26.710,3.349,30000
2020-09-04 09:31:26.710,3.349,18600
2020-09-04 09:31:26.710,3.349,11400
2020-09-04 09:31:26.710,3.349,10000
2020-09-04 09:31:26.710,3.349,2000
2020-09-04 09:31:27.090,3.349,10000
2020-09-04 09:31:27.440,3.349,1100
2020-09-04 09:31:27.470,3.348,400
2020-09-04 09:31:27.470,3.348,3000
2020-09-04 09:31:27.470,3.348,200
2020-09-04 09:31:27.470,3.348,500
2020-09-04 09:31:27.470,3.348,500
2020-09-04 09:31:27.470,3.348,3900
2020-09-04 09:31:27.470,3.348,200
2020-09-04 09:31:27.470,3.348,5000
2020-09-04 09:31:27.470,3.348,100
2020-09-04 09:31:27.470,3.347,3900
2020-09-04 09:31:27.470,3.347,100
2020-09-04 09:31:27.470,3.347,500
2020-09-04 09:31:27.470,3.347,1700
2020-09-04 09:31:27.850,3.349,500
2020-09-04 09:31:28.550,3.349,4500
2020-09-04 09:31:29.020,3.349,13200
2020-09-04 09:31:29.280,3.349,30600
2020-09-04 09:31:29.280,3.349,3500
2020-09-04 09:31:29.280,3.35,13200
2020-09-04 09:31:29.460,3.347,4300
2020-09-04 09:31:29.460,3.347,5000
2020-09-04 09:31:29.460,3.347,2200
2020-09-04 09:31:29.460,3.347,1400
2020-09-04 09:31:29.460,3.347,5000
2020-09-04 09:31:29.460,3.347,400
2020-09-04 09:31:29.460,3.347,10000
2020-09-04 09:31:29.460,3.347,7300
2020-09-04 09:31:29.460,3.347,1000
2020-09-04 09:31:29.460,3.347,1000
2020-09-04 09:31:29.460,3.347,200
2020-09-04 09:31:29.460,3.347,5000
2020-09-04 09:31:29.460,3.347,200
2020-09-04 09:31:29.460,3.347,500
2020-09-04 09:31:29.460,3.347,6000
2020-09-04 09:31:29.460,3.347,500
2020-09-04 09:31:30.020,3.35,1000
2020-09-04 09:31:30.020,3.35,3100
2020-09-04 09:31:30.440,3.349,100
2020-09-04 09:31:30.440,3.35,5100
2020-09-04 09:31:30.440,3.348,200
2020-09-04 09:31:30.730,3.348,10000
2020-09-04 09:31:31.310,3.349,100000
2020-09-04 09:31:31.390,3.349,4500
2020-09-04 09:31:31.390,3.35,500
2020-09-04 09:31:31.910,3.35,20000
2020-09-04 09:31:32.060,3.349,1000
2020-09-04 09:31:32.450,3.349,200
2020-09-04 09:31:32.670,3.349,8800
2020-09-04 09:31:32.670,3.349,1200
2020-09-04 09:31:32.810,3.349,800
2020-09-04 09:31:32.810,3.349,2200
2020-09-04 09:31:32.870,3.348,22400
2020-09-04 09:31:32.870,3.348,18400
2020-09-04 09:31:33.070,3.349,300
2020-09-04 09:31:33.100,3.349,200
2020-09-04 09:31:33.150,3.348,3000
2020-09-04 09:31:33.890,3.349,1500
2020-09-04 09:31:34.240,3.348,400
2020-09-04 09:31:34.410,3.349,5000
2020-09-04 09:31:35.560,3.349,800
2020-09-04 09:31:35.560,3.349,6000
2020-09-04 09:31:35.560,3.349,6900
2020-09-04 09:31:35.560,3.349,8500
2020-09-04 09:31:35.660,3.349,50000
2020-09-04 09:31:35.660,3.349,16500
2020-09-04 09:31:35.660,3.349,33500
2020-09-04 09:31:35.660,3.349,30000
2020-09-04 09:31:35.660,3.349,30000
2020-09-04 09:31:36.090,3.349,26500
2020-09-04 09:31:36.090,3.35,23500
2020-09-04 09:31:37.060,3.349,3000
2020-09-04 09:31:37.060,3.349,600
2020-09-04 09:31:37.140,3.348,2000
2020-09-04 09:31:37.140,3.348,28000
2020-09-04 09:31:37.670,3.349,3000
2020-09-04 09:31:38.020,3.349,6700
2020-09-04 09:31:38.190,3.349,3000
2020-09-04 09:31:39.120,3.349,3700
2020-09-04 09:31:39.120,3.349,46300
2020-09-04 09:31:39.680,3.349,3000
2020-09-04 09:31:40.050,3.349,10000
2020-09-04 09:31:41.070,3.349,5000
2020-09-04 09:31:42.580,3.349,10000
2020-09-04 09:31:43.100,3.349,900
2020-09-04 09:31:43.120,3.348,800
2020-09-04 09:31:43.310,3.349,1000
2020-09-04 09:31:44.410,3.349,1500
2020-09-04 09:31:44.470,3.349,6000
2020-09-04 09:31:44.620,3.348,52500
2020-09-04 09:31:44.660,3.349,7700
2020-09-04 09:31:44.660,3.349,3000
2020-09-04 09:31:44.660,3.349,1000
2020-09-04 09:31:44.660,3.349,18300
2020-09-04 09:31:44.660,3.349,17900
2020-09-04 09:31:44.660,3.349,2100
2020-09-04 09:31:44.660,3.349,30000
2020-09-04 09:31:45.010,3.349,2000
2020-09-04 09:31:45.290,3.349,200
2020-09-04 09:31:45.290,3.349,5000
2020-09-04 09:31:45.350,3.349,5000
2020-09-04 09:31:45.440,3.348,5000
2020-09-04 09:31:45.870,3.349,1000
2020-09-04 09:31:46.100,3.349,2000
2020-09-04 09:31:46.300,3.348,13700
2020-09-04 09:31:46.300,3.348,2000
2020-09-04 09:31:46.300,3.348,1000
2020-09-04 09:31:46.300,3.348,4000
2020-09-04 09:31:46.300,3.348,29300
2020-09-04 09:31:46.500,3.349,2000
2020-09-04 09:31:46.820,3.349,3000
2020-09-04 09:31:46.900,3.348,1500
2020-09-04 09:31:47.210,3.348,3600
2020-09-04 09:31:47.210,3.348,500
2020-09-04 09:31:47.210,3.348,300
2020-09-04 09:31:47.360,3.348,200
2020-09-04 09:31:47.380,3.348,58300
2020-09-04 09:31:47.380,3.349,41700
2020-09-04 09:31:47.600,3.347,2500
2020-09-04 09:31:47.600,3.347,2900
2020-09-04 09:31:47.600,3.347,1400
2020-09-04 09:31:47.600,3.347,3000
2020-09-04 09:31:47.600,3.347,1000
2020-09-04 09:31:47.600,3.347,5000
2020-09-04 09:31:47.600,3.347,500
2020-09-04 09:31:47.600,3.347,33700
2020-09-04 09:31:47.670,3.349,100
2020-09-04 09:31:47.770,3.349,18700
2020-09-04 09:31:47.830,3.348,200
2020-09-04 09:31:47.830,3.348,2700
2020-09-04 09:31:48.430,3.347,3100
2020-09-04 09:31:48.560,3.348,7100
2020-09-04 09:31:48.560,3.349,22900
2020-09-04 09:31:48.780,3.348,5000
2020-09-04 09:31:48.860,3.348,1000
2020-09-04 09:31:49.150,3.348,5000
2020-09-04 09:31:49.530,3.348,4400
2020-09-04 09:31:49.770,3.348,1000
2020-09-04 09:31:49.910,3.348,2000
2020-09-04 09:31:50.170,3.348,1000
2020-09-04 09:31:50.340,3.348,300
2020-09-04 09:31:50.570,3.347,30000
2020-09-04 09:31:50.820,3.348,13000
2020-09-04 09:31:50.910,3.348,29500
2020-09-04 09:31:50.910,3.348,3500
2020-09-04 09:31:50.910,3.349,14900
2020-09-04 09:31:50.910,3.349,2100
2020-09-04 09:31:51.500,3.347,3200
2020-09-04 09:31:51.700,3.348,100
2020-09-04 09:31:51.790,3.349,100
2020-09-04 09:31:51.870,3.349,6000
2020-09-04 09:31:52.070,3.349,500
2020-09-04 09:31:52.500,3.348,2500
2020-09-04 09:31:52.730,3.349,1300
2020-09-04 09:31:52.730,3.349,8700
2020-09-04 09:31:52.880,3.349,6900
2020-09-04 09:31:53.630,3.348,12400
2020-09-04 09:31:53.630,3.348,2000
2020-09-04 09:31:53.630,3.348,2000
2020-09-04 09:31:53.630,3.347,13600
2020-09-04 09:31:54.300,3.348,200
2020-09-04 09:31:55.210,3.348,300
2020-09-04 09:31:55.210,3.348,3000
2020-09-04 09:31:55.270,3.348,1500
2020-09-04 09:31:55.270,3.348,1000
2020-09-04 09:31:55.320,3.347,200000
2020-09-04 09:31:55.380,3.348,1000
2020-09-04 09:31:55.990,3.348,3000
2020-09-04 09:31:57.270,3.347,1700
2020-09-04 09:31:57.550,3.348,600
2020-09-04 09:31:58.550,3.348,5000
2020-09-04 09:31:58.700,3.348,100
2020-09-04 09:31:58.950,3.348,4000
2020-09-04 09:31:59.260,3.347,20000
2020-09-04 09:31:59.370,3.347,3500
2020-09-04 09:31:59.850,3.348,10000
2020-09-04 09:31:59.910,3.348,2200
2020-09-04 09:32:00.130,3.348,200
2020-09-04 09:32:00.240,3.348,20000
2020-09-04 09:32:00.270,3.348,500
2020-09-04 09:32:00.270,3.347,30000
2020-09-04 09:32:00.380,3.347,200
2020-09-04 09:32:00.980,3.348,3000
2020-09-04 09:32:02.260,3.348,7000
2020-09-04 09:32:02.350,3.348,300
2020-09-04 09:32:02.400,3.348,400
2020-09-04 09:32:02.490,3.348,2000
2020-09-04 09:32:03.270,3.347,12000
2020-09-04 09:32:03.660,3.348,50000
2020-09-04 09:32:03.820,3.348,1500
2020-09-04 09:32:03.900,3.347,249000
2020-09-04 09:32:03.900,3.347,300
2020-09-04 09:32:03.900,3.347,100
2020-09-04 09:32:03.900,3.347,33179
2020-09-04 09:32:03.960,3.348,7400
2020-09-04 09:32:04.040,3.347,41521
2020-09-04 09:32:04.040,3.347,30000
2020-09-04 09:32:04.040,3.347,8900
2020-09-04 09:32:04.040,3.347,6100
2020-09-04 09:32:04.040,3.347,10000
2020-09-04 09:32:04.040,3.347,2000
2020-09-04 09:32:04.040,3.347,1000
2020-09-04 09:32:04.040,3.347,1000
2020-09-04 09:32:04.040,3.347,2000
2020-09-04 09:32:04.040,3.347,20000
2020-09-04 09:32:04.040,3.347,5200
2020-09-04 09:32:04.040,3.347,50000
2020-09-04 09:32:04.040,3.347,200
2020-09-04 09:32:04.040,3.347,100
2020-09-04 09:32:04.040,3.347,500
2020-09-04 09:32:04.040,3.347,1000
2020-09-04 09:32:04.040,3.347,30000
2020-09-04 09:32:04.040,3.347,12300
2020-09-04 09:32:04.040,3.347,19900
2020-09-04 09:32:04.040,3.347,2000
2020-09-04 09:32:04.040,3.347,1700
2020-09-04 09:32:04.040,3.347,2000
2020-09-04 09:32:04.040,3.347,5000
2020-09-04 09:32:04.040,3.347,10000
2020-09-04 09:32:04.040,3.347,300
2020-09-04 09:32:04.040,3.347,100
2020-09-04 09:32:04.070,3.347,15000
2020-09-04 09:32:04.120,3.347,600
2020-09-04 09:32:04.200,3.347,800
2020-09-04 09:32:04.260,3.346,500
2020-09-04 09:32:04.260,3.346,1100
2020-09-04 09:32:04.260,3.346,1000
2020-09-04 09:32:04.260,3.346,2000
2020-09-04 09:32:04.260,3.346,1600
2020-09-04 09:32:04.260,3.346,3800
2020-09-04 09:32:04.290,3.347,3000
2020-09-04 09:32:04.340,3.347,4400
2020-09-04 09:32:04.650,3.347,5000
2020-09-04 09:32:04.680,3.347,700
2020-09-04 09:32:05.050,3.347,500
2020-09-04 09:32:05.630,3.347,3000
2020-09-04 09:32:05.900,3.346,16200
2020-09-04 09:32:05.900,3.346,500
2020-09-04 09:32:05.900,3.346,1000
2020-09-04 09:32:05.900,3.346,300
2020-09-04 09:32:05.900,3.346,10000
2020-09-04 09:32:05.900,3.346,5000
2020-09-04 09:32:05.900,3.346,1000
2020-09-04 09:32:05.900,3.346,10000
2020-09-04 09:32:05.900,3.346,1000
2020-09-04 09:32:05.900,3.346,1000
2020-09-04 09:32:05.900,3.346,1000
2020-09-04 09:32:05.900,3.346,3000
2020-09-04 09:32:05.900,3.346,1000
2020-09-04 09:32:05.900,3.346,10000
2020-09-04 09:32:05.900,3.346,10000
2020-09-04 09:32:05.900,3.346,2000
2020-09-04 09:32:05.900,3.346,6800
2020-09-04 09:32:05.900,3.346,2000
2020-09-04 09:32:05.900,3.346,1000
2020-09-04 09:32:05.900,3.346,300
2020-09-04 09:32:05.900,3.346,100
2020-09-04 09:32:05.900,3.346,2000
2020-09-04 09:32:05.900,3.346,800
2020-09-04 09:32:05.900,3.346,1000
2020-09-04 09:32:05.900,3.346,10000
2020-09-04 09:32:05.900,3.346,1000
2020-09-04 09:32:05.900,3.346,5000
2020-09-04 09:32:05.930,3.346,1100
2020-09-04 09:32:05.960,3.346,3000
2020-09-04 09:32:06.070,3.346,400
2020-09-04 09:32:07.040,3.346,200
2020-09-04 09:32:07.300,3.346,10000
2020-09-04 09:32:07.500,3.346,8000
2020-09-04 09:32:07.840,3.346,3000
2020-09-04 09:32:08.050,3.346,6000
2020-09-04 09:32:08.280,3.346,150000
2020-09-04 09:32:08.280,3.346,500
2020-09-04 09:32:08.340,3.346,500
2020-09-04 09:32:08.400,3.346,100
2020-09-04 09:32:08.700,3.346,13600
2020-09-04 09:32:09.080,3.346,10000
2020-09-04 09:32:09.080,3.346,3000
2020-09-04 09:32:09.080,3.346,6000
2020-09-04 09:32:09.480,3.346,500
2020-09-04 09:32:09.530,3.346,3500
2020-09-04 09:32:09.530,3.346,9000
2020-09-04 09:32:09.590,3.346,7000
2020-09-04 09:32:09.920,3.346,10000
2020-09-04 09:32:10.230,3.346,200
2020-09-04 09:32:10.670,3.346,6800
2020-09-04 09:32:10.760,3.346,1200
2020-09-04 09:32:10.860,3.346,200
2020-09-04 09:32:11.090,3.346,10000
2020-09-04 09:32:11.250,3.346,700
2020-09-04 09:32:11.280,3.345,20000
2020-09-04 09:32:11.360,3.346,1000
2020-09-04 09:32:11.560,3.345,100000
2020-09-04 09:32:11.560,3.345,2000
2020-09-04 09:32:11.560,3.345,500
2020-09-04 09:32:11.560,3.345,3000
2020-09-04 09:32:11.560,3.345,500
2020-09-04 09:32:11.560,3.345,500
2020-09-04 09:32:11.560,3.345,10000
2020-09-04 09:32:11.560,3.345,10000
2020-09-04 09:32:11.560,3.345,50000
2020-09-04 09:32:11.560,3.345,5000
2020-09-04 09:32:11.560,3.345,300
2020-09-04 09:32:11.560,3.345,100
2020-09-04 09:32:11.560,3.345,10000
2020-09-04 09:32:11.560,3.345,1000
2020-09-04 09:32:11.560,3.345,2000
2020-09-04 09:32:11.560,3.345,1000
2020-09-04 09:32:11.560,3.345,200
2020-09-04 09:32:11.560,3.345,2000
2020-09-04 09:32:11.560,3.345,1000
2020-09-04 09:32:11.560,3.345,5000
2020-09-04 09:32:11.560,3.345,10000
2020-09-04 09:32:11.560,3.345,600
2020-09-04 09:32:11.560,3.345,5000
2020-09-04 09:32:11.560,3.345,500
2020-09-04 09:32:11.560,3.345,11800
2020-09-04 09:32:11.730,3.346,1400
2020-09-04 09:32:12.170,3.346,2000
2020-09-04 09:32:12.490,3.345,10000
2020-09-04 09:32:12.770,3.345,3400
2020-09-04 09:32:12.770,3.345,200
2020-09-04 09:32:12.770,3.345,5000
2020-09-04 09:32:12.770,3.345,5000
2020-09-04 09:32:12.770,3.345,10000
2020-09-04 09:32:12.770,3.345,1000
2020-09-04 09:32:12.770,3.345,4800
2020-09-04 09:32:12.770,3.345,2000
2020-09-04 09:32:12.770,3.345,3000
2020-09-04 09:32:12.770,3.345,1500
2020-09-04 09:32:12.770,3.345,100
2020-09-04 09:32:12.770,3.345,1500
2020-09-04 09:32:12.770,3.345,3000
2020-09-04 09:32:12.770,3.345,50000
2020-09-04 09:32:12.770,3.345,100
2020-09-04 09:32:12.800,3.345,5000
2020-09-04 09:32:13.010,3.345,1100
2020-09-04 09:32:13.330,3.345,3200
2020-09-04 09:32:13.630,3.345,200
2020-09-04 09:32:13.780,3.345,5000
2020-09-04 09:32:13.940,3.345,600
2020-09-04 09:32:14.020,3.345,7300
2020-09-04 09:32:14.220,3.344,500
2020-09-04 09:32:14.220,3.344,400
2020-09-04 09:32:14.220,3.344,5000
2020-09-04 09:32:14.220,3.344,3000
2020-09-04 09:32:14.220,3.344,4000
2020-09-04 09:32:14.220,3.344,800
2020-09-04 09:32:14.220,3.344,5000
2020-09-04 09:32:14.220,3.344,500
2020-09-04 09:32:14.220,3.344,3000
2020-09-04 09:32:14.220,3.344,500
2020-09-04 09:32:14.220,3.344,1300
2020-09-04 09:32:14.220,3.344,5000
2020-09-04 09:32:14.220,3.344,6500
2020-09-04 09:32:14.220,3.344,500
2020-09-04 09:32:14.220,3.344,1000
2020-09-04 09:32:14.220,3.344,100
2020-09-04 09:32:14.220,3.344,5000
2020-09-04 09:32:14.220,3.344,100
2020-09-04 09:32:14.500,3.344,2000
2020-09-04 09:32:14.800,3.344,55800
2020-09-04 09:32:14.800,3.345,144200
2020-09-04 09:32:14.940,3.345,1400
2020-09-04 09:32:15.120,3.345,1000
2020-09-04 09:32:15.550,3.345,2000
2020-09-04 09:32:15.990,3.345,20000
2020-09-04 09:32:16.210,3.345,8300
2020-09-04 09:32:16.240,3.345,500
2020-09-04 09:32:17.160,3.345,3000
2020-09-04 09:32:17.240,3.345,6600
2020-09-04 09:32:17.240,3.345,3400
2020-09-04 09:32:17.530,3.345,3500
2020-09-04 09:32:17.940,3.344,500
2020-09-04 09:32:17.940,3.344,9500
2020-09-04 09:32:18.010,3.345,100
2020-09-04 09:32:18.140,3.344,8400
2020-09-04 09:32:18.140,3.344,100
2020-09-04 09:32:18.140,3.343,30000
2020-09-04 09:32:18.140,3.343,5000
2020-09-04 09:32:18.140,3.343,200
2020-09-04 09:32:18.140,3.343,30000
2020-09-04 09:32:18.140,3.343,400
2020-09-04 09:32:18.140,3.343,5000
2020-09-04 09:32:18.140,3.343,10000
2020-09-04 09:32:18.140,3.343,500
2020-09-04 09:32:18.140,3.343,5000
2020-09-04 09:32:18.140,3.343,5000
2020-09-04 09:32:18.140,3.343,5000
2020-09-04 09:32:18.140,3.343,9100
2020-09-04 09:32:18.140,3.343,500
2020-09-04 09:32:18.140,3.343,2700
2020-09-04 09:32:18.140,3.343,14900
2020-09-04 09:32:18.140,3.343,1600
2020-09-04 09:32:18.160,3.343,5000
2020-09-04 09:32:18.280,3.343,5000
2020-09-04 09:32:18.500,3.343,800
2020-09-04 09:32:18.530,3.343,3000
2020-09-04 09:32:18.860,3.343,500
2020-09-04 09:32:19.390,3.343,19100
2020-09-04 09:32:19.470,3.343,3300
2020-09-04 09:32:19.650,3.343,1000
2020-09-04 09:32:19.800,3.343,1000
2020-09-04 09:32:20.220,3.343,100
2020-09-04 09:32:20.280,3.343,1700
2020-09-04 09:32:20.450,3.343,12000
2020-09-04 09:32:20.580,3.342,1000
2020-09-04 09:32:20.580,3.342,2000
2020-09-04 09:32:20.580,3.342,28000
2020-09-04 09:32:20.580,3.342,300
2020-09-04 09:32:20.580,3.342,1200
2020-09-04 09:32:20.580,3.342,12000
2020-09-04 09:32:20.580,3.342,5000
2020-09-04 09:32:20.580,3.342,100
2020-09-04 09:32:20.580,3.342,300
2020-09-04 09:32:20.580,3.342,200000
2020-09-04 09:32:20.580,3.342,3000
2020-09-04 09:32:20.580,3.342,15000
2020-09-04 09:32:20.580,3.342,100
2020-09-04 09:32:20.580,3.342,1500
2020-09-04 09:32:20.580,3.342,17400
2020-09-04 09:32:20.580,3.342,5000
2020-09-04 09:32:20.580,3.342,200
2020-09-04 09:32:20.580,3.342,7800
2020-09-04 09:32:20.580,3.342,100
2020-09-04 09:32:20.780,3.343,3000
2020-09-04 09:32:21.200,3.343,1200
2020-09-04 09:32:21.220,3.343,1000
2020-09-04 09:32:21.520,3.343,5000
2020-09-04 09:32:21.910,3.343,1000
2020-09-04 09:32:22.170,3.343,2000
2020-09-04 09:32:22.300,3.343,5000
2020-09-04 09:32:22.460,3.342,7700
2020-09-04 09:32:22.490,3.343,5000
2020-09-04 09:32:22.790,3.343,5000
2020-09-04 09:32:22.900,3.343,3000
2020-09-04 09:32:22.990,3.343,1000
2020-09-04 09:32:23.530,3.343,30000
2020-09-04 09:32:23.620,3.343,100
2020-09-04 09:32:23.700,3.343,100
2020-09-04 09:32:24.480,3.343,2200
2020-09-04 09:32:24.520,3.343,100
2020-09-04 09:32:24.800,3.342,2200
2020-09-04 09:32:24.800,3.342,500
2020-09-04 09:32:24.800,3.342,2100
2020-09-04 09:32:25.260,3.343,7900
2020-09-04 09:32:25.380,3.343,10000
2020-09-04 09:32:25.690,3.343,10000
2020-09-04 09:32:25.950,3.343,1000
2020-09-04 09:32:26.450,3.342,2000
2020-09-04 09:32:26.980,3.343,2500
2020-09-04 09:32:27.790,3.342,100
2020-09-04 09:32:28.450,3.343,300
2020-09-04 09:32:28.680,3.343,3000
2020-09-04 09:32:29.160,3.342,800
2020-09-04 09:32:29.160,3.342,4200
2020-09-04 09:32:29.690,3.343,14800
2020-09-04 09:32:29.690,3.343,7200
2020-09-04 09:32:30.180,3.344,9500
2020-09-04 09:32:30.360,3.343,30000
2020-09-04 09:32:30.860,3.343,10000
2020-09-04 09:32:31.420,3.344,200
2020-09-04 09:32:31.750,3.343,500
2020-09-04 09:32:31.830,3.343,37500
2020-09-04 09:32:31.830,3.343,2500
2020-09-04 09:32:32.080,3.343,400
2020-09-04 09:32:32.320,3.343,3200
2020-09-04 09:32:32.380,3.343,7000
2020-09-04 09:32:32.810,3.343,7700
2020-09-04 09:32:32.960,3.343,1600
2020-09-04 09:32:33.250,3.343,500
2020-09-04 09:32:34.260,3.343,1000
2020-09-04 09:32:34.930,3.343,1000
2020-09-04 09:32:34.950,3.344,200
2020-09-04 09:32:35.210,3.344,4500
2020-09-04 09:32:36.000,3.343,300
2020-09-04 09:32:37.690,3.344,11400
2020-09-04 09:32:38.050,3.343,4800
2020-09-04 09:32:38.050,3.343,100
2020-09-04 09:32:38.050,3.343,3000
2020-09-04 09:32:38.050,3.343,1200
2020-09-04 09:32:38.700,3.343,800
2020-09-04 09:32:38.700,3.343,3000
2020-09-04 09:32:38.700,3.343,6200
2020-09-04 09:32:39.020,3.344,5000
2020-09-04 09:32:39.220,3.344,10000
2020-09-04 09:32:39.300,3.343,600
2020-09-04 09:32:39.530,3.344,300
2020-09-04 09:32:39.820,3.344,2000
2020-09-04 09:32:39.850,3.344,2000
2020-09-04 09:32:40.320,3.344,900
2020-09-04 09:32:40.520,3.344,300
2020-09-04 09:32:40.620,3.344,3000
2020-09-04 09:32:40.770,3.344,1000
2020-09-04 09:32:41.020,3.343,2300
2020-09-04 09:32:41.020,3.343,3000
2020-09-04 09:32:41.020,3.343,10000
2020-09-04 09:32:41.020,3.343,2000
2020-09-04 09:32:41.020,3.343,1500
2020-09-04 09:32:41.020,3.343,500
2020-09-04 09:32:41.020,3.343,5000
2020-09-04 09:32:41.020,3.343,15000
2020-09-04 09:32:41.020,3.343,5000
2020-09-04 09:32:41.020,3.343,5000
2020-09-04 09:32:41.020,3.343,10000
2020-09-04 09:32:41.020,3.343,10000
2020-09-04 09:32:41.020,3.343,200
2020-09-04 09:32:41.020,3.343,31100
2020-09-04 09:32:41.020,3.343,4000
2020-09-04 09:32:41.020,3.343,100
2020-09-04 09:32:41.020,3.343,500
2020-09-04 09:32:41.260,3.343,1000
2020-09-04 09:32:41.650,3.343,600
2020-09-04 09:32:41.710,3.343,500
2020-09-04 09:32:42.070,3.343,5000
2020-09-04 09:32:42.140,3.342,9900
2020-09-04 09:32:42.200,3.342,5900
2020-09-04 09:32:42.200,3.342,500
2020-09-04 09:32:42.200,3.342,3500
2020-09-04 09:32:42.270,3.343,10000
2020-09-04 09:32:42.380,3.343,100
2020-09-04 09:32:42.540,3.342,6500
2020-09-04 09:32:42.540,3.342,100
2020-09-04 09:32:42.540,3.342,10000
2020-09-04 09:32:42.540,3.342,15000
2020-09-04 09:32:42.540,3.342,100
2020-09-04 09:32:42.540,3.342,2900
2020-09-04 09:32:42.540,3.342,300
2020-09-04 09:32:42.540,3.342,200
2020-09-04 09:32:42.540,3.342,800
2020-09-04 09:32:43.030,3.343,2000
2020-09-04 09:32:43.900,3.343,1800
2020-09-04 09:32:44.300,3.343,2000
2020-09-04 09:32:44.360,3.343,1000
2020-09-04 09:32:44.550,3.343,3000
2020-09-04 09:32:44.720,3.343,2000
2020-09-04 09:32:44.810,3.343,1000
2020-09-04 09:32:45.230,3.343,1000
2020-09-04 09:32:45.370,3.343,2000
2020-09-04 09:32:45.580,3.343,5000
2020-09-04 09:32:45.680,3.342,3200
2020-09-04 09:32:45.680,3.342,100
2020-09-04 09:32:45.860,3.343,5000
2020-09-04 09:32:46.180,3.343,5000
2020-09-04 09:32:46.640,3.343,8000
2020-09-04 09:32:46.920,3.343,200
2020-09-04 09:32:47.010,3.343,2000
2020-09-04 09:32:47.180,3.343,300
2020-09-04 09:32:47.270,3.343,12000
2020-09-04 09:32:47.430,3.343,100
2020-09-04 09:32:47.740,3.342,500
2020-09-04 09:32:47.740,3.342,500
2020-09-04 09:32:47.840,3.343,20000
2020-09-04 09:32:48.340,3.343,1500
2020-09-04 09:32:48.340,3.343,30100
2020-09-04 09:32:48.360,3.342,1500
2020-09-04 09:32:48.360,3.342,1000
2020-09-04 09:32:48.360,3.342,1000
2020-09-04 09:32:48.360,3.342,5000
2020-09-04 09:32:48.360,3.342,2000
2020-09-04 09:32:48.360,3.342,15000
2020-09-04 09:32:48.360,3.342,5000
2020-09-04 09:32:48.360,3.342,500
2020-09-04 09:32:48.360,3.342,3000
2020-09-04 09:32:48.390,3.342,1000
2020-09-04 09:32:48.470,3.342,1300
2020-09-04 09:32:48.800,3.342,6000
2020-09-04 09:32:48.800,3.341,500
2020-09-04 09:32:49.520,3.342,5000
2020-09-04 09:32:49.740,3.342,10000
2020-09-04 09:32:50.000,3.342,400
2020-09-04 09:32:50.270,3.342,3000
2020-09-04 09:32:50.290,3.342,200
2020-09-04 09:32:50.360,3.342,1200
2020-09-04 09:32:50.440,3.342,27900
2020-09-04 09:32:50.440,3.342,10000
2020-09-04 09:32:50.680,3.342,262100
2020-09-04 09:32:50.680,3.342,20000
2020-09-04 09:32:50.680,3.342,10000
2020-09-04 09:32:50.680,3.341,7900
2020-09-04 09:32:51.090,3.343,30000
2020-09-04 09:32:51.110,3.343,100
2020-09-04 09:32:52.010,3.343,2000
2020-09-04 09:32:52.160,3.343,20000
2020-09-04 09:32:52.330,3.343,300
2020-09-04 09:32:52.650,3.343,500
2020-09-04 09:32:52.800,3.342,1000
2020-09-04 09:32:52.800,3.342,300
2020-09-04 09:32:52.800,3.342,2000
2020-09-04 09:32:53.560,3.342,5000
2020-09-04 09:32:53.620,3.342,9700
2020-09-04 09:32:53.620,3.342,2300
2020-09-04 09:32:53.620,3.342,8000
2020-09-04 09:32:54.360,3.342,2000
2020-09-04 09:32:54.360,3.342,800
2020-09-04 09:32:54.360,3.342,4500
2020-09-04 09:32:54.390,3.341,6500
2020-09-04 09:32:54.390,3.341,900
2020-09-04 09:32:54.390,3.341,1000
2020-09-04 09:32:54.390,3.341,3800
2020-09-04 09:32:54.390,3.341,3000
2020-09-04 09:32:54.390,3.341,2700
2020-09-04 09:32:54.610,3.342,17200
2020-09-04 09:32:54.840,3.343,2800
2020-09-04 09:32:55.000,3.343,5000
2020-09-04 09:32:55.030,3.342,2800
2020-09-04 09:32:55.030,3.342,4600
2020-09-04 09:32:55.230,3.341,500
2020-09-04 09:32:55.230,3.341,6000
2020-09-04 09:32:55.430,3.342,8700
2020-09-04 09:32:55.430,3.342,6300
2020-09-04 09:32:55.750,3.342,3700
2020-09-04 09:32:55.750,3.343,16300
2020-09-04 09:32:56.100,3.343,1000
2020-09-04 09:32:56.250,3.343,1000
2020-09-04 09:32:56.310,3.343,3600
2020-09-04 09:32:56.310,3.343,10000
2020-09-04 09:32:56.310,3.343,31900
2020-09-04 09:32:56.340,3.343,6000
2020-09-04 09:32:56.850,3.342,300
2020-09-04 09:32:56.850,3.342,3000
2020-09-04 09:32:56.990,3.343,100
2020-09-04 09:32:57.090,3.342,4500
2020-09-04 09:32:57.090,3.341,800
2020-09-04 09:32:57.090,3.341,14700
2020-09-04 09:32:57.220,3.343,30000
2020-09-04 09:32:57.220,3.343,10000
2020-09-04 09:32:57.220,3.343,30000
2020-09-04 09:32:57.220,3.343,30000
2020-09-04 09:32:57.220,3.343,20000
2020-09-04 09:32:57.220,3.343,22000
2020-09-04 09:32:57.220,3.343,1000
2020-09-04 09:32:57.220,3.343,2500
2020-09-04 09:32:57.220,3.343,4500
2020-09-04 09:32:57.220,3.343,10000
2020-09-04 09:32:58.010,3.343,10000
2020-09-04 09:32:58.330,3.343,5000
2020-09-04 09:32:58.560,3.343,200
2020-09-04 09:32:58.660,3.342,6900
2020-09-04 09:32:59.200,3.343,1500
2020-09-04 09:32:59.330,3.342,5000
2020-09-04 09:32:59.580,3.343,700
2020-09-04 09:32:59.630,3.343,10000
2020-09-04 09:32:59.630,3.343,5700
2020-09-04 09:32:59.630,3.343,200
2020-09-04 09:32:59.630,3.343,24100
2020-09-04 09:32:59.630,3.343,20000
2020-09-04 09:32:59.630,3.343,30000
2020-09-04 09:32:59.630,3.343,20000
2020-09-04 09:32:59.630,3.343,30000
2020-09-04 09:32:59.630,3.343,30000
2020-09-04 09:32:59.630,3.343,30000
2020-09-04 09:32:59.630,3.343,15900
2020-09-04 09:33:00.010,3.343,2000
2020-09-04 09:33:00.960,3.343,5000
2020-09-04 09:33:02.020,3.343,400
2020-09-04 09:33:02.260,3.343,6700
2020-09-04 09:33:02.260,3.343,30000
2020-09-04 09:33:02.260,3.343,1000
2020-09-04 09:33:02.260,3.343,3100
2020-09-04 09:33:02.260,3.343,67900
2020-09-04 09:33:02.620,3.344,20000
2020-09-04 09:33:02.640,3.344,200
2020-09-04 09:33:02.640,3.344,9800
2020-09-04 09:33:02.640,3.344,8700
2020-09-04 09:33:02.640,3.344,3800
2020-09-04 09:33:02.640,3.344,7500
2020-09-04 09:33:02.900,3.343,10000
2020-09-04 09:33:03.470,3.343,3000
2020-09-04 09:33:04.100,3.344,3000
2020-09-04 09:33:04.460,3.344,5000
2020-09-04 09:33:04.680,3.344,3000
2020-09-04 09:33:05.310,3.344,700
2020-09-04 09:33:05.310,3.343,1700
2020-09-04 09:33:05.720,3.343,3000
2020-09-04 09:33:07.150,3.343,10000
2020-09-04 09:33:07.280,3.344,800
2020-09-04 09:33:08.280,3.344,200
2020-09-04 09:33:08.280,3.343,800
2020-09-04 09:33:08.560,3.344,1000
2020-09-04 09:33:08.560,3.343,22400
2020-09-04 09:33:11.690,3.345,3000
2020-09-04 09:33:11.690,3.345,20400
2020-09-04 09:33:11.690,3.345,1200
2020-09-04 09:33:11.690,3.345,5400
2020-09-04 09:33:11.690,3.345,10000
2020-09-04 09:33:13.340,3.344,9000
2020-09-04 09:33:13.690,3.344,11000
2020-09-04 09:33:13.690,3.344,9200
2020-09-04 09:33:14.230,3.345,3500
2020-09-04 09:33:14.480,3.345,6000
2020-09-04 09:33:15.230,3.345,1100
2020-09-04 09:33:16.100,3.345,10000
2020-09-04 09:33:16.380,3.345,300
2020-09-04 09:33:16.600,3.347,4179
2020-09-04 09:33:16.600,3.347,3121
2020-09-04 09:33:18.400,3.345,12500
2020-09-04 09:33:19.600,3.346,2300
2020-09-04 09:33:19.630,3.345,156100
2020-09-04 09:33:19.630,3.345,1000
2020-09-04 09:33:19.630,3.345,10000
2020-09-04 09:33:19.630,3.345,100
2020-09-04 09:33:19.630,3.345,500
2020-09-04 09:33:19.630,3.345,5000
2020-09-04 09:33:19.630,3.345,300000
2020-09-04 09:33:19.630,3.344,800
2020-09-04 09:33:19.630,3.344,5000
2020-09-04 09:33:19.630,3.344,200
2020-09-04 09:33:19.630,3.344,500
2020-09-04 09:33:19.630,3.344,100
2020-09-04 09:33:19.630,3.344,1200
2020-09-04 09:33:19.630,3.344,5000
2020-09-04 09:33:19.630,3.344,5000
2020-09-04 09:33:19.630,3.344,2000
2020-09-04 09:33:19.630,3.344,1500
2020-09-04 09:33:19.630,3.344,27300
2020-09-04 09:33:19.740,3.344,2600
2020-09-04 09:33:19.970,3.346,25800
2020-09-04 09:33:19.970,3.347,4200
2020-09-04 09:33:20.610,3.347,20000
2020-09-04 09:33:21.550,3.346,2000
2020-09-04 09:33:21.550,3.346,1600
2020-09-04 09:33:21.550,3.345,6400
2020-09-04 09:33:21.550,3.345,500
2020-09-04 09:33:21.800,3.345,300
2020-09-04 09:33:22.120,3.347,30000
2020-09-04 09:33:22.120,3.347,30000
2020-09-04 09:33:22.120,3.347,30000
2020-09-04 09:33:22.120,3.347,2000
2020-09-04 09:33:22.120,3.345,2300
2020-09-04 09:33:22.250,3.345,2200
2020-09-04 09:33:22.580,3.347,5000
2020-09-04 09:33:22.760,3.347,4000
2020-09-04 09:33:23.220,3.347,20000
2020-09-04 09:33:23.390,3.346,500
2020-09-04 09:33:24.800,3.347,5000
2020-09-04 09:33:24.800,3.346,4500
2020-09-04 09:33:24.800,3.346,1000
2020-09-04 09:33:24.800,3.346,1000
2020-09-04 09:33:24.800,3.345,28300
2020-09-04 09:33:24.800,3.345,2800
2020-09-04 09:33:24.800,3.345,4000
2020-09-04 09:33:24.800,3.345,3000
2020-09-04 09:33:24.800,3.345,45100
2020-09-04 09:33:24.800,3.345,1600
2020-09-04 09:33:24.800,3.345,20000
2020-09-04 09:33:24.800,3.345,100
2020-09-04 09:33:24.800,3.345,1000
2020-09-04 09:33:24.800,3.345,300000
2020-09-04 09:33:24.800,3.345,10000
2020-09-04 09:33:24.800,3.345,4300
2020-09-04 09:33:24.800,3.345,2000
2020-09-04 09:33:24.880,3.345,23800
2020-09-04 09:33:25.240,3.345,3400
2020-09-04 09:33:25.260,3.345,3100
2020-09-04 09:33:25.460,3.345,700
2020-09-04 09:33:25.720,3.345,15000
2020-09-04 09:33:25.910,3.345,100
2020-09-04 09:33:25.910,3.345,100
2020-09-04 09:33:26.010,3.345,5000
2020-09-04 09:33:26.120,3.345,500
2020-09-04 09:33:26.180,3.345,30000
2020-09-04 09:33:26.180,3.345,30000
2020-09-04 09:33:26.180,3.345,10000
2020-09-04 09:33:26.180,3.345,30000
2020-09-04 09:33:26.180,3.345,30000
2020-09-04 09:33:26.180,3.345,30000
2020-09-04 09:33:26.180,3.345,20000
2020-09-04 09:33:26.180,3.345,30000
2020-09-04 09:33:26.180,3.345,10000
2020-09-04 09:33:26.180,3.345,30000
2020-09-04 09:33:26.180,3.345,30000
2020-09-04 09:33:26.180,3.345,30000
2020-09-04 09:33:26.180,3.345,30000
2020-09-04 09:33:26.180,3.345,30000
2020-09-04 09:33:26.180,3.345,20000
2020-09-04 09:33:26.180,3.345,20000
2020-09-04 09:33:26.200,3.345,104600
2020-09-04 09:33:26.200,3.345,2000
2020-09-04 09:33:26.920,3.347,1500
2020-09-04 09:33:26.920,3.345,39200
2020-09-04 09:33:27.850,3.346,15300
2020-09-04 09:33:27.900,3.346,200
2020-09-04 09:33:28.290,3.347,5300
2020-09-04 09:33:28.920,3.347,4700
2020-09-04 09:33:28.920,3.346,10300
2020-09-04 09:33:30.110,3.347,100
2020-09-04 09:33:31.150,3.348,20000
2020-09-04 09:33:31.820,3.347,3000
2020-09-04 09:33:31.820,3.347,5000
2020-09-04 09:33:31.820,3.347,400
2020-09-04 09:33:31.870,3.347,5000
2020-09-04 09:33:32.210,3.347,6600
2020-09-04 09:33:32.460,3.348,800
2020-09-04 09:33:32.460,3.348,1000
2020-09-04 09:33:32.460,3.348,8200
2020-09-04 09:33:32.500,3.348,100
2020-09-04 09:33:32.800,3.348,1700
2020-09-04 09:33:32.800,3.349,300
2020-09-04 09:33:32.800,3.349,5200
2020-09-04 09:33:32.800,3.349,92800
2020-09-04 09:33:33.060,3.349,100
2020-09-04 09:33:33.590,3.348,15000
2020-09-04 09:33:33.590,3.347,59800
2020-09-04 09:33:33.590,3.347,30000
2020-09-04 09:33:34.150,3.347,8200
2020-09-04 09:33:34.680,3.347,31800
2020-09-04 09:33:34.680,3.347,10000
2020-09-04 09:33:34.970,3.347,2000
2020-09-04 09:33:35.180,3.347,32100
2020-09-04 09:33:36.740,3.348,500
2020-09-04 09:33:36.740,3.347,400
2020-09-04 09:33:36.860,3.348,2600
2020-09-04 09:33:36.860,3.347,2400
2020-09-04 09:33:38.100,3.349,207100
2020-09-04 09:33:38.100,3.35,500
2020-09-04 09:33:38.100,3.35,10000
2020-09-04 09:33:38.100,3.35,10000
2020-09-04 09:33:38.100,3.35,1000
2020-09-04 09:33:38.100,3.35,10000
2020-09-04 09:33:38.100,3.35,8500
2020-09-04 09:33:38.100,3.35,100000
2020-09-04 09:33:38.190,3.35,32100
2020-09-04 09:33:38.600,3.35,300000
2020-09-04 09:33:38.960,3.35,200
2020-09-04 09:33:39.000,3.35,24000
2020-09-04 09:33:39.060,3.35,10000
2020-09-04 09:33:41.140,3.351,1800
2020-09-04 09:33:41.140,3.351,1000
2020-09-04 09:33:41.140,3.351,2000
2020-09-04 09:33:41.220,3.35,286600
2020-09-04 09:33:41.330,3.349,2000
2020-09-04 09:33:41.330,3.349,5000
2020-09-04 09:33:41.330,3.349,1000
2020-09-04 09:33:41.480,3.349,8100
2020-09-04 09:33:41.510,3.348,100
2020-09-04 09:33:41.770,3.349,3000
2020-09-04 09:33:43.260,3.349,10000
2020-09-04 09:33:43.880,3.349,1000
2020-09-04 09:33:44.180,3.349,1300
2020-09-04 09:33:45.600,3.349,10000
2020-09-04 09:33:45.600,3.349,800
2020-09-04 09:33:45.750,3.349,400
2020-09-04 09:33:45.780,3.349,300
2020-09-04 09:33:45.920,3.349,1600
2020-09-04 09:33:45.970,3.349,200
2020-09-04 09:33:46.640,3.349,10000
2020-09-04 09:33:46.910,3.349,1000
2020-09-04 09:33:47.350,3.349,100
2020-09-04 09:33:48.080,3.349,5900
2020-09-04 09:33:48.160,3.349,300
2020-09-04 09:33:48.490,3.349,59700
2020-09-04 09:33:48.520,3.349,1000
2020-09-04 09:33:48.610,3.348,2900
2020-09-04 09:33:48.610,3.348,900
2020-09-04 09:33:48.610,3.348,10000
2020-09-04 09:33:48.610,3.348,3000
2020-09-04 09:33:48.610,3.348,5300
2020-09-04 09:33:48.610,3.348,100
2020-09-04 09:33:48.610,3.348,5000
2020-09-04 09:33:48.610,3.348,1000
2020-09-04 09:33:48.610,3.348,1800
2020-09-04 09:33:48.640,3.349,2600
2020-09-04 09:33:48.640,3.349,500
2020-09-04 09:33:48.750,3.349,1000
2020-09-04 09:33:48.750,3.349,22000
2020-09-04 09:33:49.020,3.349,2600
2020-09-04 09:33:49.310,3.348,200
2020-09-04 09:33:49.310,3.348,300
2020-09-04 09:33:49.470,3.349,200
2020-09-04 09:33:49.620,3.349,7600
2020-09-04 09:33:50.000,3.349,14300
2020-09-04 09:33:50.250,3.349,9000
2020-09-04 09:33:50.480,3.349,1100
2020-09-04 09:33:50.640,3.349,500
2020-09-04 09:33:50.750,3.348,4700
2020-09-04 09:33:50.750,3.348,900
2020-09-04 09:33:50.750,3.348,5000
2020-09-04 09:33:50.750,3.348,9000
2020-09-04 09:33:50.750,3.348,5000
2020-09-04 09:33:50.750,3.348,32800
2020-09-04 09:33:50.750,3.348,59800
2020-09-04 09:33:50.750,3.348,300
2020-09-04 09:33:50.750,3.348,1000
2020-09-04 09:33:50.750,3.348,10000
2020-09-04 09:33:50.750,3.348,20000
2020-09-04 09:33:50.750,3.348,4000
2020-09-04 09:33:50.750,3.348,1500
2020-09-04 09:33:50.750,3.348,10000
2020-09-04 09:33:50.750,3.348,7500
2020-09-04 09:33:50.750,3.348,12000
2020-09-04 09:33:50.780,3.348,4000
2020-09-04 09:33:50.780,3.347,500
2020-09-04 09:33:50.780,3.347,3900
2020-09-04 09:33:50.780,3.347,1100
2020-09-04 09:33:50.780,3.347,3000
2020-09-04 09:33:50.780,3.347,600
2020-09-04 09:33:50.780,3.347,800
2020-09-04 09:33:50.780,3.347,10000
2020-09-04 09:33:50.780,3.347,10000
2020-09-04 09:33:50.780,3.347,5000
2020-09-04 09:33:50.780,3.347,800
2020-09-04 09:33:50.780,3.347,2500
2020-09-04 09:33:50.780,3.347,2000
2020-09-04 09:33:50.780,3.347,100000
2020-09-04 09:33:50.780,3.347,2000
2020-09-04 09:33:50.840,3.346,500
2020-09-04 09:33:50.860,3.347,5000
2020-09-04 09:33:50.950,3.347,1000
2020-09-04 09:33:51.010,3.347,30000
2020-09-04 09:33:51.010,3.347,5000
2020-09-04 09:33:51.030,3.347,4500
2020-09-04 09:33:51.190,3.347,10000
2020-09-04 09:33:51.220,3.347,1000
2020-09-04 09:33:51.390,3.346,1800
2020-09-04 09:33:51.620,3.347,1600
2020-09-04 09:33:51.770,3.347,5000
2020-09-04 09:33:51.790,3.347,10000
2020-09-04 09:33:52.160,3.347,100
2020-09-04 09:33:52.160,3.347,700
2020-09-04 09:33:52.260,3.347,12000
2020-09-04 09:33:52.460,3.347,5000
2020-09-04 09:33:52.500,3.347,1000
2020-09-04 09:33:52.750,3.347,1000
2020-09-04 09:33:52.750,3.347,2000
2020-09-04 09:33:52.790,3.347,200
2020-09-04 09:33:53.170,3.347,30000
2020-09-04 09:33:53.170,3.347,30000
2020-09-04 09:33:53.170,3.347,10000
2020-09-04 09:33:53.230,3.347,30000
2020-09-04 09:33:53.230,3.347,30000
2020-09-04 09:33:53.230,3.347,10000
2020-09-04 09:33:53.230,3.347,30000
2020-09-04 09:33:53.230,3.347,10000
2020-09-04 09:33:53.230,3.347,30000
2020-09-04 09:33:53.230,3.347,30000
2020-09-04 09:33:53.230,3.347,30000
2020-09-04 09:33:53.230,3.347,10000
2020-09-04 09:33:53.230,3.347,30000
2020-09-04 09:33:53.230,3.347,30000
2020-09-04 09:33:53.230,3.347,30000
2020-09-04 09:33:53.230,3.347,20000
2020-09-04 09:33:53.230,3.347,10000
2020-09-04 09:33:53.230,3.347,20000
2020-09-04 09:33:53.230,3.347,30000
2020-09-04 09:33:53.230,3.347,10000
2020-09-04 09:33:53.230,3.347,20000
2020-09-04 09:33:53.230,3.347,30000
2020-09-04 09:33:53.230,3.347,30000
2020-09-04 09:33:53.550,3.347,139800
2020-09-04 09:33:53.840,3.348,5000
2020-09-04 09:33:53.840,3.348,5000
2020-09-04 09:33:54.010,3.348,2000
2020-09-04 09:33:54.060,3.348,600
2020-09-04 09:33:54.220,3.348,1000
2020-09-04 09:33:54.770,3.348,6900
2020-09-04 09:33:55.060,3.348,1000
2020-09-04 09:33:55.060,3.348,2000
2020-09-04 09:33:55.170,3.348,89000
2020-09-04 09:33:55.170,3.349,115900
2020-09-04 09:33:55.170,3.349,21700
2020-09-04 09:33:55.540,3.348,2500
2020-09-04 09:33:56.200,3.348,1000
2020-09-04 09:33:56.200,3.348,10000
2020-09-04 09:33:56.730,3.348,200
2020-09-04 09:33:56.870,3.348,1600
2020-09-04 09:33:56.870,3.349,3400
2020-09-04 09:33:57.020,3.349,10000
2020-09-04 09:33:57.700,3.349,1000
2020-09-04 09:33:57.800,3.348,1000
2020-09-04 09:33:57.800,3.348,1800
2020-09-04 09:33:57.830,3.349,5000
2020-09-04 09:33:58.470,3.349,15000
2020-09-04 09:33:58.670,3.348,3200
2020-09-04 09:33:58.670,3.347,8200
2020-09-04 09:33:58.910,3.349,10000
2020-09-04 09:33:59.360,3.349,5000
2020-09-04 09:33:59.410,3.349,5000
2020-09-04 09:33:59.810,3.349,700
2020-09-04 09:33:59.840,3.349,2000
2020-09-04 09:33:59.840,3.347,6200
2020-09-04 09:33:59.890,3.349,2000
2020-09-04 09:34:00.100,3.349,3000
2020-09-04 09:34:00.190,3.349,1000
2020-09-04 09:34:00.600,3.349,100
2020-09-04 09:34:00.780,3.349,100
2020-09-04 09:34:01.210,3.349,1500
2020-09-04 09:34:02.060,3.349,6000
2020-09-04 09:34:02.280,3.348,1000
2020-09-04 09:34:02.280,3.348,1000
2020-09-04 09:34:02.590,3.348,200
2020-09-04 09:34:02.590,3.348,3000
2020-09-04 09:34:02.590,3.348,169000
2020-09-04 09:34:02.590,3.348,10000
2020-09-04 09:34:02.620,3.348,1000
2020-09-04 09:34:02.880,3.348,3900
2020-09-04 09:34:03.220,3.348,15000
2020-09-04 09:34:03.270,3.348,2700
2020-09-04 09:34:03.270,3.347,15600
2020-09-04 09:34:03.270,3.347,6000
2020-09-04 09:34:03.270,3.347,600
2020-09-04 09:34:03.270,3.347,2000
2020-09-04 09:34:03.270,3.347,3000
2020-09-04 09:34:03.270,3.347,2000
2020-09-04 09:34:03.270,3.347,20000
2020-09-04 09:34:03.270,3.347,1000
2020-09-04 09:34:03.270,3.347,500
2020-09-04 09:34:03.270,3.347,4000
2020-09-04 09:34:03.270,3.347,1700
2020-09-04 09:34:03.270,3.347,3100
2020-09-04 09:34:03.270,3.347,900
2020-09-04 09:34:03.270,3.347,10000
2020-09-04 09:34:03.270,3.347,5000
2020-09-04 09:34:03.270,3.347,6000
2020-09-04 09:34:03.270,3.347,2000
2020-09-04 09:34:03.350,3.347,14800
2020-09-04 09:34:03.410,3.347,11100
2020-09-04 09:34:04.090,3.347,7200
2020-09-04 09:34:04.120,3.347,10000
2020-09-04 09:34:04.420,3.348,2000
2020-09-04 09:34:04.630,3.348,30000
2020-09-04 09:34:05.720,3.348,2000
2020-09-04 09:34:05.750,3.348,600
2020-09-04 09:34:05.890,3.347,6000
2020-09-04 09:34:05.890,3.347,5500
2020-09-04 09:34:06.170,3.347,10000
2020-09-04 09:34:06.290,3.347,3000
2020-09-04 09:34:06.470,3.347,50000
2020-09-04 09:34:06.670,3.347,1000
2020-09-04 09:34:06.690,3.347,3000
2020-09-04 09:34:06.870,3.347,2500
2020-09-04 09:34:06.930,3.347,2500
2020-09-04 09:34:07.650,3.347,1000
2020-09-04 09:34:07.720,3.347,300
2020-09-04 09:34:08.080,3.347,30000
2020-09-04 09:34:08.120,3.347,30000
2020-09-04 09:34:08.290,3.347,3000
2020-09-04 09:34:08.610,3.347,5000
2020-09-04 09:34:08.640,3.347,10000
2020-09-04 09:34:08.690,3.347,1000
2020-09-04 09:34:09.110,3.347,30000
2020-09-04 09:34:09.250,3.347,30000
2020-09-04 09:34:09.250,3.347,30000
2020-09-04 09:34:09.250,3.347,30000
2020-09-04 09:34:09.250,3.347,10000
2020-09-04 09:34:09.250,3.347,7100
2020-09-04 09:34:09.250,3.347,1200
2020-09-04 09:34:09.330,3.348,3000
2020-09-04 09:34:09.440,3.348,3000
2020-09-04 09:34:09.500,3.348,54600
2020-09-04 09:34:09.500,3.348,96600
2020-09-04 09:34:09.660,3.348,3900
2020-09-04 09:34:10.090,3.348,100
2020-09-04 09:34:10.350,3.348,20000
2020-09-04 09:34:10.880,3.348,10000
2020-09-04 09:34:11.620,3.348,200
2020-09-04 09:34:11.670,3.348,1000
2020-09-04 09:34:11.700,3.348,20000
2020-09-04 09:34:11.700,3.348,30000
2020-09-04 09:34:11.700,3.348,20000
2020-09-04 09:34:11.790,3.348,6500
2020-09-04 09:34:12.780,3.347,3200
2020-09-04 09:34:12.860,3.348,5900
2020-09-04 09:34:13.550,3.347,1000
2020-09-04 09:34:13.630,3.348,1000
2020-09-04 09:34:13.800,3.348,8000
2020-09-04 09:34:13.960,3.347,5000
2020-09-04 09:34:13.960,3.348,20000
2020-09-04 09:34:14.180,3.348,3000
2020-09-04 09:34:15.310,3.348,17900
2020-09-04 09:34:15.310,3.348,1100
2020-09-04 09:34:15.590,3.348,3000
2020-09-04 09:34:16.090,3.348,100
2020-09-04 09:34:16.090,3.348,200
2020-09-04 09:34:16.120,3.348,2000
2020-09-04 09:34:16.200,3.348,1000
2020-09-04 09:34:16.300,3.348,2600
2020-09-04 09:34:16.300,3.348,7400
2020-09-04 09:34:16.370,3.348,1000
2020-09-04 09:34:16.530,3.348,1000
2020-09-04 09:34:16.580,3.348,7000
2020-09-04 09:34:16.690,3.348,100
2020-09-04 09:34:17.440,3.349,3300
2020-09-04 09:34:17.440,3.349,6700
2020-09-04 09:34:17.600,3.349,1300
2020-09-04 09:34:17.870,3.349,100
2020-09-04 09:34:19.080,3.348,3800
2020-09-04 09:34:19.540,3.348,7600
2020-09-04 09:34:19.540,3.348,500
2020-09-04 09:34:19.540,3.348,1900
2020-09-04 09:34:19.770,3.349,5000
2020-09-04 09:34:19.880,3.348,200
2020-09-04 09:34:19.900,3.348,900
2020-09-04 09:34:19.900,3.348,2000
2020-09-04 09:34:19.900,3.348,1300
2020-09-04 09:34:19.900,3.347,2500
2020-09-04 09:34:19.900,3.347,30000
2020-09-04 09:34:19.900,3.347,13300
2020-09-04 09:34:20.290,3.349,6700
2020-09-04 09:34:20.710,3.349,30500
2020-09-04 09:34:21.200,3.348,2000
2020-09-04 09:34:21.200,3.348,1000
2020-09-04 09:34:21.200,3.348,600
2020-09-04 09:34:21.200,3.348,900
2020-09-04 09:34:21.200,3.348,1000
2020-09-04 09:34:21.200,3.348,100
2020-09-04 09:34:21.360,3.348,10000
2020-09-04 09:34:21.460,3.348,2000
2020-09-04 09:34:21.590,3.348,10000
2020-09-04 09:34:21.810,3.348,3000
2020-09-04 09:34:22.260,3.348,3800
2020-09-04 09:34:22.260,3.349,6200
2020-09-04 09:34:23.520,3.349,18300
2020-09-04 09:34:23.630,3.348,2800
2020-09-04 09:34:23.630,3.348,11500
2020-09-04 09:34:24.760,3.349,100
2020-09-04 09:34:24.970,3.349,5000
2020-09-04 09:34:25.020,3.349,400
2020-09-04 09:34:25.270,3.348,600
2020-09-04 09:34:25.350,3.349,2000
2020-09-04 09:34:27.070,3.348,2300
2020-09-04 09:34:27.260,3.349,6800
2020-09-04 09:34:27.780,3.348,25600
2020-09-04 09:34:27.780,3.348,200
2020-09-04 09:34:27.780,3.348,100
2020-09-04 09:34:27.780,3.348,100
2020-09-04 09:34:27.780,3.348,3600
2020-09-04 09:34:27.780,3.348,2000
2020-09-04 09:34:27.780,3.348,1000
2020-09-04 09:34:27.780,3.348,3000
2020-09-04 09:34:27.780,3.348,22800
2020-09-04 09:34:27.780,3.348,500
2020-09-04 09:34:27.780,3.348,2400
2020-09-04 09:34:27.780,3.348,2000
2020-09-04 09:34:27.780,3.348,1000
2020-09-04 09:34:27.780,3.348,5000
2020-09-04 09:34:27.780,3.348,50000
2020-09-04 09:34:27.780,3.348,100000
2020-09-04 09:34:27.780,3.348,3000
2020-09-04 09:34:27.780,3.348,20000
2020-09-04 09:34:27.830,3.348,1000
2020-09-04 09:34:28.240,3.348,2000
2020-09-04 09:34:28.610,3.348,3000
2020-09-04 09:34:29.080,3.348,3000
2020-09-04 09:34:29.610,3.348,200
2020-09-04 09:34:29.740,3.347,5000
2020-09-04 09:34:29.740,3.347,3100
2020-09-04 09:34:29.740,3.347,2400
2020-09-04 09:34:30.000,3.348,1000
2020-09-04 09:34:30.220,3.348,1000
2020-09-04 09:34:30.650,3.348,100
2020-09-04 09:34:30.960,3.348,5000
2020-09-04 09:34:31.020,3.348,2000
2020-09-04 09:34:31.150,3.348,30000
2020-09-04 09:34:31.150,3.348,7200
2020-09-04 09:34:31.150,3.348,12800
2020-09-04 09:34:31.150,3.348,30000
2020-09-04 09:34:31.150,3.348,10000
2020-09-04 09:34:31.150,3.348,30000
2020-09-04 09:34:31.210,3.348,30000
2020-09-04 09:34:31.230,3.348,3000
2020-09-04 09:34:31.290,3.348,184200
2020-09-04 09:34:31.290,3.348,815800
2020-09-04 09:34:31.290,3.348,5000
2020-09-04 09:34:31.520,3.348,100
2020-09-04 09:34:31.810,3.348,6700
2020-09-04 09:34:31.920,3.348,300
2020-09-04 09:34:32.100,3.348,100
2020-09-04 09:34:33.060,3.348,6000
2020-09-04 09:34:33.250,3.348,20000
2020-09-04 09:34:33.730,3.348,3000
2020-09-04 09:34:33.880,3.348,2000
2020-09-04 09:34:34.020,3.348,200
2020-09-04 09:34:34.220,3.347,2600
2020-09-04 09:34:34.220,3.347,6200
2020-09-04 09:34:34.220,3.347,3000
2020-09-04 09:34:34.220,3.347,2000
2020-09-04 09:34:34.220,3.347,5000
2020-09-04 09:34:34.220,3.347,1200
2020-09-04 09:34:34.270,3.348,3000
2020-09-04 09:34:34.450,3.348,1000
2020-09-04 09:34:34.450,3.348,200
2020-09-04 09:34:34.520,3.348,3000
2020-09-04 09:34:35.200,3.348,20000
2020-09-04 09:34:35.200,3.348,8000
2020-09-04 09:34:36.700,3.348,500
2020-09-04 09:34:36.700,3.348,2000
2020-09-04 09:34:36.700,3.349,22500
2020-09-04 09:34:36.760,3.348,100
2020-09-04 09:34:36.760,3.347,1600
2020-09-04 09:34:37.110,3.349,10000
2020-09-04 09:34:37.390,3.349,78400
2020-09-04 09:34:37.390,3.349,5000
2020-09-04 09:34:37.390,3.349,53700
2020-09-04 09:34:37.390,3.349,1900
2020-09-04 09:34:37.390,3.349,2900
2020-09-04 09:34:37.390,3.349,20000
2020-09-04 09:34:37.390,3.349,400000
2020-09-04 09:34:41.180,3.349,100
2020-09-04 09:34:42.180,3.35,10000
2020-09-04 09:34:42.180,3.35,10000
2020-09-04 09:34:42.180,3.35,1000
2020-09-04 09:34:42.180,3.35,9000
2020-09-04 09:34:42.180,3.35,6000
2020-09-04 09:34:42.180,3.35,3200
2020-09-04 09:34:42.180,3.35,400
2020-09-04 09:34:42.180,3.35,10400
2020-09-04 09:34:43.750,3.349,6200
2020-09-04 09:34:44.400,3.35,10000
2020-09-04 09:34:44.660,3.35,1000
2020-09-04 09:34:46.740,3.349,200
2020-09-04 09:34:47.430,3.35,3600
2020-09-04 09:34:47.430,3.35,5500
2020-09-04 09:34:47.430,3.35,20900
2020-09-04 09:34:47.540,3.35,10000
2020-09-04 09:34:47.540,3.35,9100
2020-09-04 09:34:50.580,3.35,900
2020-09-04 09:34:50.580,3.35,20000
2020-09-04 09:34:50.580,3.35,20000
2020-09-04 09:34:50.580,3.349,9100
2020-09-04 09:34:51.040,3.351,3000
2020-09-04 09:34:51.440,3.35,7300
2020-09-04 09:34:51.800,3.351,1000
2020-09-04 09:34:51.960,3.351,1000
2020-09-04 09:34:52.100,3.35,1000
2020-09-04 09:34:53.970,3.351,2700
2020-09-04 09:34:53.970,3.351,20800
