ExChangeId,ChannelNo,SeqNo,SecurityID,Trade2_Order1,TradeDate,UpdateTime,Price,Volume,TrdMoney,OrdSide,OrdType,TrdBSFlag,TrdBuyNo,TrdSellNo
1,1,9269,510360,2,20200904,92500150,1.600000,1500,2400.000000,-,-,N,203271,161034
1,1,9270,510360,2,20200904,92500150,1.600000,1500,2400.000000,-,-,N,203271,30659
1,1,9271,510360,2,20200904,92500150,1.600000,100,160.000000,-,-,N,11830,30659
1,1,9272,510360,2,20200904,92500150,1.600000,600,960.000000,-,-,N,125458,30659
1,1,45197,510360,2,20200904,93001590,1.600000,1000,1600.000000,-,-,B,226275,30659
1,1,50128,510360,2,20200904,93002390,1.600000,1800,2880.000000,-,-,B,237925,30659
1,1,59769,510360,2,20200904,93004170,1.609000,4400,7079.600000,-,-,S,250645,262067
1,1,59770,510360,2,20200904,93004170,1.600000,3200,5120.000000,-,-,S,237925,262067
1,1,59771,510360,2,20200904,93004170,1.599000,1500,2398.500000,-,-,S,194195,262067
1,1,79202,510360,2,20200904,93007800,1.600000,3000,4800.000000,-,-,S,287906,308550
1,1,79203,510360,2,20200904,93007800,1.600000,3000,4800.000000,-,-,S,291652,308550
1,1,81836,510360,2,20200904,93008210,1.600000,10000,16000.000000,-,-,B,313928,308550
1,1,85286,510360,2,20200904,93009050,1.600000,10000,16000.000000,-,-,B,321942,308550
1,1,89875,510360,2,20200904,93010410,1.600000,100,160.000000,-,-,B,331234,308550
1,1,90830,510360,2,20200904,93010680,1.600000,600,960.000000,-,-,B,332250,308550
1,1,91815,510360,2,20200904,93011060,1.600000,3000,4800.000000,-,-,B,334126,308550
1,1,93353,510360,2,20200904,93011780,1.600000,200,320.000000,-,-,B,336779,308550
1,1,126103,510360,2,20200904,93036210,1.600000,200,320.000000,-,-,B,387541,308550
1,1,150279,510360,2,20200904,93059910,1.600000,6300,10080.000000,-,-,B,425415,308550
1,1,157272,510360,2,20200904,93105520,1.597000,9300,14852.100000,-,-,S,321954,435764
1,1,162895,510360,2,20200904,93110110,1.597000,300,479.100000,-,-,B,444017,439300
1,1,166561,510360,2,20200904,93113440,1.597000,3900,6228.300000,-,-,B,449812,439300
1,1,169685,510360,2,20200904,93116550,1.597000,3900,6228.300000,-,-,B,455222,439300
1,1,184008,510360,2,20200904,93130690,1.597000,400,638.800000,-,-,B,478733,439300
1,1,184903,510360,2,20200904,93131600,1.597000,300,479.100000,-,-,B,480011,439300
1,1,186339,510360,2,20200904,93132890,1.597000,30600,48868.200000,-,-,B,482212,439300
1,1,186879,510360,2,20200904,93133420,1.597000,30600,48868.200000,-,-,B,483135,439300
1,1,187607,510360,2,20200904,93134320,1.597000,200,319.400000,-,-,B,484317,439300
1,1,187608,510360,2,20200904,93134320,1.597000,3500,5589.500000,-,-,B,484318,439300
1,1,201788,510360,2,20200904,93148820,1.597000,1000,1597.000000,-,-,B,507453,439300
1,1,204088,510360,2,20200904,93151450,1.596000,100,159.600000,-,-,S,508543,511437
1,1,216355,510360,2,20200904,93204280,1.596000,2000,3192.000000,-,-,B,530703,526245
1,1,217327,510360,2,20200904,93205240,1.596000,4000,6384.000000,-,-,B,532270,526245
1,1,218132,510360,2,20200904,93205960,1.596000,100,159.600000,-,-,B,533606,526245
1,1,226763,510360,2,20200904,93214510,1.595000,2000,3190.000000,-,-,S,423803,547319
1,1,226764,510360,2,20200904,93214510,1.595000,10000,15950.000000,-,-,S,501432,547319
1,1,226765,510360,2,20200904,93214510,1.595000,3000,4785.000000,-,-,S,534767,547319
1,1,226766,510360,2,20200904,93214510,1.595000,10000,15950.000000,-,-,S,538898,547319
1,1,232119,510360,2,20200904,93219560,1.595000,100,159.500000,-,-,B,555425,547319
1,1,236648,510360,2,20200904,93223540,1.594000,4100,6535.400000,-,-,S,406488,562120
1,1,249847,510360,2,20200904,93237840,1.594000,600,956.400000,-,-,B,582758,562120
1,1,265185,510360,2,20200904,93255350,1.595000,15700,25041.500000,-,-,B,607367,547319
1,1,306854,510360,2,20200904,93342590,1.598000,2000,3196.000000,-,-,S,677191,679684
1,1,334715,510360,2,20200904,93419580,1.598000,5000,7990.000000,-,-,B,729609,679684
1,1,353070,510360,2,20200904,93447840,1.598000,100,159.800000,-,-,B,763260,679684
1,1,353395,510360,2,20200904,93448480,1.598000,10000,15980.000000,-,-,B,763968,679684
1,1,354981,510360,2,20200904,93451180,1.598000,5000,7990.000000,-,-,B,767040,679684
1,1,362790,510360,2,20200904,93503440,1.598000,577900,923484.200000,-,-,B,781222,679684
1,1,362791,510360,2,20200904,93503440,1.598000,2000,3196.000000,-,-,B,781222,680250
1,1,362792,510360,2,20200904,93503440,1.598000,5000,7990.000000,-,-,B,781222,730089
1,1,362793,510360,2,20200904,93503440,1.598000,100,159.800000,-,-,B,781222,763739
1,1,362794,510360,2,20200904,93503440,1.598000,10000,15980.000000,-,-,B,781222,766007
1,1,362795,510360,2,20200904,93503440,1.598000,5000,7990.000000,-,-,B,781222,767433
1,1,363145,510360,2,20200904,93503880,1.598000,15000,23970.000000,-,-,S,781222,781671
1,1,363175,510360,2,20200904,93503910,1.598000,10000,15980.000000,-,-,S,781222,781720
1,1,379696,510360,2,20200904,93520850,1.596000,3000,4788.000000,-,-,S,745988,806781
1,1,400017,510360,2,20200904,93551390,1.595000,2000,3190.000000,-,-,S,627772,840855
1,1,414555,510360,2,20200904,93612730,1.595000,1200,1914.000000,-,-,S,627772,865296
1,1,414556,510360,2,20200904,93612730,1.595000,700,1116.500000,-,-,S,636650,865296
1,1,415270,510360,2,20200904,93614170,1.595000,300,478.500000,-,-,S,636650,866700
1,1,415271,510360,2,20200904,93614170,1.595000,900,1435.500000,-,-,S,678070,866700
1,1,418329,510360,2,20200904,93619210,1.595000,1100,1754.500000,-,-,S,678070,871888
1,1,418330,510360,2,20200904,93619210,1.595000,11200,17864.000000,-,-,S,747603,871888
1,1,418331,510360,2,20200904,93619210,1.595000,15000,23925.000000,-,-,S,864722,871888
1,1,419089,510360,2,20200904,93620340,1.595000,500000,797500.000000,-,-,B,873260,871888
1,1,422151,510360,2,20200904,93625540,1.595000,15000,23925.000000,-,-,B,878477,871888
1,1,422377,510360,2,20200904,93625810,1.594000,100,159.400000,-,-,S,720346,878824
1,1,429315,510360,2,20200904,93636780,1.595000,100,159.500000,-,-,B,890320,874297
1,1,441571,510360,2,20200904,93654770,1.595000,12200,19459.000000,-,-,B,910546,874297
1,1,442492,510360,2,20200904,93656240,1.595000,12300,19618.500000,-,-,B,912242,874297
1,1,443227,510360,2,20200904,93657350,1.595000,75400,120263.000000,-,-,B,913511,874297
1,1,443552,510360,2,20200904,93657870,1.598000,9300,14861.400000,-,-,B,914009,909925
1,1,448809,510360,2,20200904,93706140,1.598000,1000,1598.000000,-,-,B,922722,909925
1,1,454794,510360,2,20200904,93716490,1.598000,1400,2237.200000,-,-,B,933586,909925
1,1,455168,510360,2,20200904,93717090,1.595000,1800,2871.000000,-,-,S,913511,934296
1,1,472020,510360,2,20200904,93747520,1.595000,1900,3030.500000,-,-,S,922418,965071
1,1,472021,510360,2,20200904,93747520,1.595000,1000,1595.000000,-,-,S,959933,965071
1,1,472022,510360,2,20200904,93747520,1.595000,3000,4785.000000,-,-,S,963895,965071
1,1,480281,510360,2,20200904,93803960,1.595000,2000,3190.000000,-,-,S,963895,980588
1,1,481232,510360,2,20200904,93805830,1.597000,1000,1597.000000,-,-,B,982310,962890
1,1,496214,510360,2,20200904,93835300,1.595000,100,159.500000,-,-,S,985572,1008036
1,1,496215,510360,2,20200904,93835300,1.595000,500,797.500000,-,-,S,996848,1008036
1,1,500994,510360,2,20200904,93845300,1.596000,500,798.000000,-,-,B,1016356,990667
1,1,519549,510360,2,20200904,93922060,1.597000,1000,1597.000000,-,-,B,1048179,962890
1,1,522752,510360,2,20200904,93928950,1.597000,10000,15970.000000,-,-,B,1053968,962890
1,1,526060,510360,2,20200904,93936170,1.597000,5000,7985.000000,-,-,B,1059946,962890
1,1,527349,510360,2,20200904,93939430,1.596000,6500,10374.000000,-,-,S,1016356,1062534
1,1,527350,510360,2,20200904,93939430,1.596000,5000,7980.000000,-,-,S,1039877,1062534
1,1,540931,510360,2,20200904,94003450,1.595000,500,797.500000,-,-,S,996848,1084649
1,1,540932,510360,2,20200904,94003450,1.595000,2000,3190.000000,-,-,S,1006332,1084649
1,1,547179,510360,2,20200904,94010590,1.594000,200,318.800000,-,-,S,739622,1092815
1,1,547180,510360,2,20200904,94010590,1.594000,10000,15940.000000,-,-,S,940522,1092815
1,1,547181,510360,2,20200904,94010590,1.594000,100000,159400.000000,-,-,S,1087372,1092815
1,1,547182,510360,2,20200904,94010590,1.594000,1900,3028.600000,-,-,S,1092519,1092815
1,1,555977,510360,2,20200904,94021440,1.593000,3000,4779.000000,-,-,S,630457,1104736
1,1,555978,510360,2,20200904,94021440,1.593000,30000,47790.000000,-,-,S,728134,1104736
1,1,559506,510360,2,20200904,94026520,1.592000,200,318.400000,-,-,S,414127,1109563
1,1,559507,510360,2,20200904,94026520,1.592000,500,796.000000,-,-,S,981161,1109563
1,1,559508,510360,2,20200904,94026520,1.592000,1000,1592.000000,-,-,S,1085739,1109563
1,1,569271,510360,2,20200904,94042040,1.593000,1800,2867.400000,-,-,B,1124018,1104736
1,1,591558,510360,2,20200904,94120070,1.591000,500,795.500000,-,-,B,1156604,1156113
1,1,631280,510360,2,20200904,94229440,1.593000,500,796.500000,-,-,B,1220365,1119091
1,1,634195,510360,2,20200904,94235770,1.593000,200,318.600000,-,-,B,1225570,1119091
1,1,645504,510360,2,20200904,94300190,1.593000,5000,7965.000000,-,-,B,1245189,1119091
1,1,651727,510360,2,20200904,94313070,1.593000,1300,2070.900000,-,-,B,1255550,1119091
1,1,651728,510360,2,20200904,94313070,1.593000,1700,2708.100000,-,-,B,1255550,1177132
1,1,652774,510360,2,20200904,94315040,1.593000,1000,1593.000000,-,-,B,1257163,1177132
1,1,653868,510360,2,20200904,94317310,1.593000,3000,4779.000000,-,-,B,1258991,1177132
1,1,655152,510360,2,20200904,94320150,1.593000,5000,7965.000000,-,-,B,1261157,1177132
1,1,658782,510360,2,20200904,94327600,1.593000,400,637.200000,-,-,B,1267098,1177132
1,1,676769,510360,2,20200904,94408450,1.591000,2000,3182.000000,-,-,B,1298329,1297720
1,1,678460,510360,2,20200904,94411590,1.591000,4000,6364.000000,-,-,B,1300778,1297720
1,1,696182,510360,2,20200904,94448610,1.591000,2000,3182.000000,-,-,S,1321637,1330108
1,1,697286,510360,2,20200904,94451410,1.591000,1600,2545.600000,-,-,B,1332064,1330108
1,1,702139,510360,2,20200904,94501400,1.591000,600,954.600000,-,-,B,1339998,1330108
1,1,703650,510360,2,20200904,94504450,1.592000,1100,1751.200000,-,-,B,1342724,1277012
1,1,720248,510360,2,20200904,94536940,1.592000,900,1432.800000,-,-,B,1370380,1277012
1,1,735192,510360,2,20200904,94603110,1.593000,300,477.900000,-,-,B,1394222,1177132
1,1,748595,510360,2,20200904,94629870,1.593000,28600,45559.800000,-,-,B,1417786,1177132
1,1,751902,510360,2,20200904,94637450,1.596000,10000,15960.000000,-,-,B,1424225,1398544
1,1,763103,510360,2,20200904,94700430,1.594000,10800,17215.200000,-,-,S,1433417,1443979
1,1,770455,510360,2,20200904,94716010,1.597000,700,1117.900000,-,-,B,1456896,1417784
1,1,777874,510360,2,20200904,94731990,1.597000,4000,6388.000000,-,-,B,1469769,1417784
1,1,790439,510360,2,20200904,94804040,1.595000,100,159.500000,-,-,S,1482056,1493459
1,1,794675,510360,2,20200904,94813890,1.597000,1500,2395.500000,-,-,B,1501047,1464644
1,1,800727,510360,2,20200904,94828240,1.597000,4800,7665.600000,-,-,B,1511983,1464644
1,1,834298,510360,2,20200904,94950180,1.600000,5900,9440.000000,-,-,B,1570551,308550
1,1,834299,510360,2,20200904,94950180,1.600000,4100,6560.000000,-,-,B,1570551,680353
1,1,843884,510360,2,20200904,95012450,1.600000,500,800.000000,-,-,B,1587486,680353
1,1,844652,510360,2,20200904,95014320,1.600000,700,1120.000000,-,-,B,1588807,680353
1,1,844653,510360,2,20200904,95014320,1.600000,500,800.000000,-,-,B,1588807,937022
1,1,853542,510360,2,20200904,95034680,1.601000,100,160.100000,-,-,B,1603730,312226
1,1,861725,510360,2,20200904,95055800,1.601000,700,1120.700000,-,-,B,1618701,312226
1,1,868235,510360,2,20200904,95112610,1.601000,500,800.500000,-,-,B,1630368,312226
1,1,876883,510360,2,20200904,95135590,1.600000,1800,2880.000000,-,-,S,1588807,1645675
1,1,876884,510360,2,20200904,95135590,1.600000,500,800.000000,-,-,S,1594157,1645675
1,1,876885,510360,2,20200904,95135590,1.600000,5000,8000.000000,-,-,S,1613495,1645675
1,1,876886,510360,2,20200904,95135590,1.600000,1000,1600.000000,-,-,S,1637111,1645675
1,1,881913,510360,2,20200904,95150600,1.600000,5000,8000.000000,-,-,S,1652722,1654775
1,1,899463,510360,2,20200904,95240680,1.599000,10000,15990.000000,-,-,S,1567919,1684683
1,1,899464,510360,2,20200904,95240680,1.599000,1000,1599.000000,-,-,S,1661061,1684683
1,1,899616,510360,2,20200904,95241240,1.599000,5000,7995.000000,-,-,B,1684988,1684683
1,1,919409,510360,2,20200904,95345320,1.599000,400,639.600000,-,-,B,1720209,1684683
1,1,925914,510360,2,20200904,95407560,1.598000,100,159.800000,-,-,S,1604506,1731478
1,1,925915,510360,2,20200904,95407560,1.598000,1000,1598.000000,-,-,S,1686390,1731478
1,1,935491,510360,2,20200904,95440280,1.598000,2000,3196.000000,-,-,B,1748840,1731478
1,1,941470,510360,2,20200904,95459810,1.598000,3000,4794.000000,-,-,S,1748840,1759041
1,1,955391,510360,2,20200904,95538850,1.597000,5000,7985.000000,-,-,S,1515588,1781828
1,1,958935,510360,2,20200904,95549280,1.597000,4400,7026.800000,-,-,B,1787415,1781828
1,1,961383,510360,2,20200904,95557760,1.597000,600,958.200000,-,-,B,1791833,1781828
1,1,964663,510360,2,20200904,95608190,1.597000,1700,2714.900000,-,-,B,1797571,1781828
1,1,965558,510360,2,20200904,95611740,1.597000,200,319.400000,-,-,B,1799311,1781828
1,1,965646,510360,2,20200904,95612010,1.597000,3000,4791.000000,-,-,B,1799456,1781828
1,1,967750,510360,2,20200904,95619440,1.597000,200,319.400000,-,-,B,1803171,1781828
1,1,990949,510360,2,20200904,95730880,1.598000,1000,1598.000000,-,-,S,1839156,1841250
1,1,1001057,510360,2,20200904,95806830,1.598000,6000,9588.000000,-,-,B,1858874,1850293
1,1,1009260,510360,2,20200904,95831050,1.597000,200,319.400000,-,-,S,1841524,1871989
1,1,1009516,510360,2,20200904,95831860,1.597000,10000,15970.000000,-,-,B,1872406,1871989
1,1,1023085,510360,2,20200904,95913270,1.596000,3000,4788.000000,-,-,S,1507342,1894213
1,1,1023086,510360,2,20200904,95913270,1.596000,20000,31920.000000,-,-,S,1701007,1894213
1,1,1026980,510360,2,20200904,95924700,1.596000,20000,31920.000000,-,-,B,1900506,1899124
1,1,1033914,510360,2,20200904,95946750,1.596000,15600,24897.600000,-,-,B,1911327,1906170
1,1,1036984,510360,2,20200904,95957100,1.596000,300,478.800000,-,-,B,1916350,1906170
1,1,1039646,510360,2,20200904,100005230,1.596000,100,159.600000,-,-,B,1920808,1906170
1,1,1045126,510360,2,20200904,100017790,1.596000,500,798.000000,-,-,B,1928958,1906170
1,1,1046397,510360,2,20200904,100020950,1.596000,2000,3192.000000,-,-,B,1930890,1906170
1,1,1094785,510360,2,20200904,100230760,1.596000,300,478.800000,-,-,B,2010448,2004857
1,1,1097657,510360,2,20200904,100238720,1.596000,800,1276.800000,-,-,B,2015035,2004857
1,1,1104680,510360,2,20200904,100257450,1.595000,100,159.500000,-,-,S,1482056,2025295
1,1,1104681,510360,2,20200904,100257450,1.595000,1500,2392.500000,-,-,S,1593213,2025295
1,1,1104682,510360,2,20200904,100257450,1.595000,3000,4785.000000,-,-,S,1821045,2025295
1,1,1104683,510360,2,20200904,100257450,1.595000,200,319.000000,-,-,S,1831688,2025295
1,1,1104684,510360,2,20200904,100257450,1.595000,2000,3190.000000,-,-,S,1935358,2025295
1,1,1104685,510360,2,20200904,100257450,1.595000,300,478.500000,-,-,S,1943941,2025295
1,1,1104686,510360,2,20200904,100257450,1.595000,3500,5582.500000,-,-,S,1971007,2025295
1,1,1104687,510360,2,20200904,100257450,1.595000,3000,4785.000000,-,-,S,1992720,2025295
1,1,1116476,510360,2,20200904,100331460,1.594000,3500,5579.000000,-,-,S,1483587,2044065
1,1,1148700,510360,2,20200904,100517350,1.594000,20000,31880.000000,-,-,B,2097283,2046381
1,1,1152235,510360,2,20200904,100529000,1.594000,2000,3188.000000,-,-,B,2103173,2046381
1,1,1155739,510360,2,20200904,100540680,1.593000,5000,7965.000000,-,-,S,1427615,2108869
1,1,1155740,510360,2,20200904,100540680,1.593000,2000,3186.000000,-,-,S,1437645,2108869
1,1,1155741,510360,2,20200904,100540680,1.593000,300,477.900000,-,-,S,1565645,2108869
1,1,1155742,510360,2,20200904,100540680,1.593000,11700,18638.100000,-,-,S,2103930,2108869
1,1,1189685,510360,2,20200904,100729030,1.595000,5000,7975.000000,-,-,B,2164607,2154442
1,1,1199322,510360,2,20200904,100806150,1.595000,1000,1595.000000,-,-,B,2181763,2154442
1,1,1223549,510360,2,20200904,100943370,1.595000,100,159.500000,-,-,S,2222013,2224530
1,1,1223962,510360,2,20200904,100945490,1.595000,600,957.000000,-,-,B,2225361,2224530
1,1,1224321,510360,2,20200904,100947260,1.595000,600,957.000000,-,-,B,2226073,2224530
1,1,1224444,510360,2,20200904,100947590,1.595000,4700,7496.500000,-,-,B,2226227,2224530
1,1,1224445,510360,2,20200904,100947590,1.596000,14000,22344.000000,-,-,B,2226227,2198207
1,1,1236922,510360,2,20200904,101028850,1.595000,500,797.500000,-,-,S,2235659,2247837
1,1,1267991,510360,2,20200904,101211930,1.593000,20000,31860.000000,-,-,S,2168534,2296757
1,1,1267992,510360,2,20200904,101211930,1.593000,4100,6531.300000,-,-,S,2187677,2296757
1,1,1267993,510360,2,20200904,101211930,1.593000,20000,31860.000000,-,-,S,2223150,2296757
1,1,1273009,510360,2,20200904,101227260,1.593000,1000,1593.000000,-,-,B,2304283,2296757
1,1,1297831,510360,2,20200904,101351380,1.592000,100,159.200000,-,-,S,1661888,2344174
1,1,1354048,510360,2,20200904,101746200,1.598000,3000,4794.000000,-,-,B,2444098,2433717
1,1,1425677,510360,2,20200904,102321180,1.599000,11300,18068.700000,-,-,B,2574146,2573240
1,1,1433555,510360,2,20200904,102353680,1.598000,2800,4474.400000,-,-,B,2587655,2584182
1,1,1457201,510360,2,20200904,102617330,1.598000,2000,3196.000000,-,-,S,2600745,2633009
1,1,1457202,510360,2,20200904,102617330,1.598000,2400,3835.200000,-,-,S,2617272,2633009
1,1,1458820,510360,2,20200904,102627540,1.598000,7600,12144.800000,-,-,S,2617272,2635923
1,1,1458821,510360,2,20200904,102627540,1.598000,500,799.000000,-,-,S,2621963,2635923
1,1,1458822,510360,2,20200904,102627540,1.598000,1500,2397.000000,-,-,S,2632680,2635923
1,1,1463652,510360,2,20200904,102654920,1.598000,3000,4794.000000,-,-,B,2644362,2636852
1,1,1469803,510360,2,20200904,102732510,1.597000,500,798.500000,-,-,S,2627270,2655646
1,1,1469804,510360,2,20200904,102732510,1.597000,600,958.200000,-,-,S,2643792,2655646
1,1,1516335,510360,2,20200904,103149420,1.599000,500,799.500000,-,-,B,2739185,2592912
1,1,1534129,510360,2,20200904,103339170,1.599000,1500,2398.500000,-,-,S,2739185,2772451
1,1,1534130,510360,2,20200904,103339170,1.599000,3000,4797.000000,-,-,S,2750829,2772451
1,1,1568017,510360,2,20200904,103724900,1.598000,2900,4634.200000,-,-,S,2720620,2833500
1,1,1568229,510360,2,20200904,103726240,1.598000,1500,2397.000000,-,-,S,2720620,2833864
1,1,1571679,510360,2,20200904,103743330,1.598000,10600,16938.800000,-,-,S,2720620,2839058
1,1,1571680,510360,2,20200904,103743330,1.598000,6700,10706.600000,-,-,S,2782660,2839058
1,1,1571681,510360,2,20200904,103743330,1.598000,2000,3196.000000,-,-,S,2821929,2839058
1,1,1573447,510360,2,20200904,103752550,1.597000,300,479.100000,-,-,S,2724504,2841687
1,1,1573448,510360,2,20200904,103752550,1.597000,1000,1597.000000,-,-,S,2730905,2841687
1,1,1603012,510360,2,20200904,104044680,1.598000,300,479.400000,-,-,B,2890591,2840212
1,1,1617172,510360,2,20200904,104205030,1.597000,1000,1597.000000,-,-,B,2914081,2907983
1,1,1623107,510360,2,20200904,104245290,1.597000,200,319.400000,-,-,B,2924198,2907983
1,1,1645440,510360,2,20200904,104520960,1.597000,50000,79850.000000,-,-,S,2951468,2964176
1,1,1654021,510360,2,20200904,104610960,1.596000,100,159.600000,-,-,S,2648807,2977522
1,1,1654022,510360,2,20200904,104610960,1.596000,200,319.200000,-,-,S,2836237,2977522
1,1,1654023,510360,2,20200904,104610960,1.596000,2000,3192.000000,-,-,S,2868592,2977522
1,1,1665475,510360,2,20200904,104720860,1.596000,1600,2553.600000,-,-,B,2994793,2982597
1,1,1669917,510360,2,20200904,104744710,1.596000,1600,2553.600000,-,-,B,3000494,2982597
1,1,1672895,510360,2,20200904,104801030,1.595000,900,1435.500000,-,-,S,2458465,3004656
1,1,1672896,510360,2,20200904,104801030,1.595000,200000,319000.000000,-,-,S,2860187,3004656
1,1,1672897,510360,2,20200904,104801030,1.595000,60000,95700.000000,-,-,S,2954630,3004656
1,1,1672898,510360,2,20200904,104801030,1.595000,5000,7975.000000,-,-,S,2994351,3004656
1,1,1676198,510360,2,20200904,104820990,1.595000,800,1276.000000,-,-,B,3009890,3009643
1,1,1678909,510360,2,20200904,104836520,1.595000,100,159.500000,-,-,B,3013909,3009643
1,1,1686606,510360,2,20200904,104928060,1.593000,1500,2389.500000,-,-,S,2349068,3026637
1,1,1686834,510360,2,20200904,104929300,1.595000,200,319.000000,-,-,B,3026938,3009643
1,1,1712084,510360,2,20200904,105152680,1.595000,1200,1914.000000,-,-,B,3067720,3009643
1,1,1726268,510360,2,20200904,105317680,1.595000,900,1435.500000,-,-,B,3093482,3070100
1,1,1732756,510360,2,20200904,105413640,1.595000,1600,2552.000000,-,-,B,3106280,3070100
1,1,1732770,510360,2,20200904,105413850,1.595000,200,319.000000,-,-,S,3106280,3106317
1,1,1746515,510360,2,20200904,105532730,1.594000,100,159.400000,-,-,S,3082703,3127111
1,1,1756788,510360,2,20200904,105638660,1.594000,300,478.200000,-,-,B,3141621,3136628
1,1,1787783,510360,2,20200904,110020890,1.595000,2000,3190.000000,-,-,B,3193689,3119601
1,1,1792222,510360,2,20200904,110053010,1.595000,1000,1595.000000,-,-,S,3198837,3202057
1,1,1796652,510360,2,20200904,110127890,1.595000,1500,2392.500000,-,-,B,3210644,3209828
1,1,1803234,510360,2,20200904,110215640,1.595000,3800,6061.000000,-,-,B,3221935,3211152
1,1,1807618,510360,2,20200904,110246890,1.595000,1000,1595.000000,-,-,B,3228614,3211152
1,1,1814326,510360,2,20200904,110335930,1.594000,1000,1594.000000,-,-,S,3232536,3239508
1,1,1852109,510360,2,20200904,110829960,1.593000,1100,1752.300000,-,-,S,2349068,3302896
1,1,1852110,510360,2,20200904,110829960,1.593000,600,955.800000,-,-,S,2989370,3302896
1,1,1859299,510360,2,20200904,110921720,1.593000,600,955.800000,-,-,S,2989370,3313894
1,1,1859300,510360,2,20200904,110921720,1.593000,3000,4779.000000,-,-,S,3031967,3313894
1,1,1859301,510360,2,20200904,110921720,1.593000,10000,15930.000000,-,-,S,3120654,3313894
1,1,1859302,510360,2,20200904,110921720,1.593000,5000,7965.000000,-,-,S,3182841,3313894
1,1,1859303,510360,2,20200904,110921720,1.593000,8800,14018.400000,-,-,S,3262382,3313894
1,1,1859304,510360,2,20200904,110921720,1.593000,200,318.600000,-,-,S,3293145,3313894
1,1,1859305,510360,2,20200904,110921720,1.593000,1100,1752.300000,-,-,S,3309269,3313894
1,1,1867698,510360,2,20200904,111011330,1.593000,13300,21186.900000,-,-,B,3325882,3320318
1,1,1877622,510360,2,20200904,111103370,1.593000,2000,3186.000000,-,-,B,3340998,3321730
1,1,1885832,510360,2,20200904,111153780,1.592000,400,636.800000,-,-,S,1661888,3352758
1,1,1885833,510360,2,20200904,111153780,1.592000,800,1273.600000,-,-,S,1727304,3352758
1,1,1885834,510360,2,20200904,111153780,1.592000,20800,33113.600000,-,-,S,1846342,3352758
1,1,1885835,510360,2,20200904,111153780,1.592000,1000,1592.000000,-,-,S,1891109,3352758
1,1,1885836,510360,2,20200904,111153780,1.592000,100,159.200000,-,-,S,2193590,3352758
1,1,1885837,510360,2,20200904,111153780,1.592000,1000,1592.000000,-,-,S,2271578,3352758
1,1,1885838,510360,2,20200904,111153780,1.592000,1600,2547.200000,-,-,S,2364930,3352758
1,1,1885839,510360,2,20200904,111153780,1.592000,1000,1592.000000,-,-,S,2443465,3352758
1,1,1885840,510360,2,20200904,111153780,1.592000,500,796.000000,-,-,S,2966724,3352758
1,1,1885841,510360,2,20200904,111153780,1.592000,572800,911897.600000,-,-,S,3071485,3352758
1,1,1885883,510360,2,20200904,111154090,1.592000,500,796.000000,-,-,S,3071485,3352812
1,1,1885960,510360,2,20200904,111154780,1.592000,416700,663386.400000,-,-,S,3071485,3352957
1,1,1885961,510360,2,20200904,111154780,1.592000,10000,15920.000000,-,-,S,3071486,3352957
1,1,1885962,510360,2,20200904,111154780,1.592000,1500,2388.000000,-,-,S,3350001,3352957
1,1,1900365,510360,2,20200904,111304820,1.591000,10000,15910.000000,-,-,S,1500437,3370974
1,1,1900366,510360,2,20200904,111304820,1.591000,5000,7955.000000,-,-,S,1549504,3370974
1,1,1900367,510360,2,20200904,111304820,1.591000,1000,1591.000000,-,-,S,1577658,3370974
1,1,1900368,510360,2,20200904,111304820,1.591000,300,477.300000,-,-,S,1675878,3370974
1,1,1900369,510360,2,20200904,111304820,1.591000,10000,15910.000000,-,-,S,2228948,3370974
1,1,1900370,510360,2,20200904,111304820,1.591000,200,318.200000,-,-,S,2365823,3370974
1,1,1900371,510360,2,20200904,111304820,1.591000,5900,9386.900000,-,-,S,2696904,3370974
1,1,1900372,510360,2,20200904,111304820,1.591000,1000,1591.000000,-,-,S,2821817,3370974
1,1,1900373,510360,2,20200904,111304820,1.591000,50200,79868.200000,-,-,S,3295138,3370974
1,1,1900374,510360,2,20200904,111304820,1.591000,300,477.300000,-,-,S,3363956,3370974
1,1,1900375,510360,2,20200904,111304820,1.591000,100,159.100000,-,-,S,3365994,3370974
1,1,1900376,510360,2,20200904,111304820,1.591000,26000,41366.000000,-,-,S,3366756,3370974
1,1,1915189,510360,2,20200904,111410660,1.591000,3000,4773.000000,-,-,B,3389063,3373648
1,1,1928381,510360,2,20200904,111531740,1.591000,300,477.300000,-,-,B,3410946,3408696
1,1,1932609,510360,2,20200904,111558930,1.591000,3700,5886.700000,-,-,S,3415458,3417301
1,1,1951888,510360,2,20200904,111750850,1.593000,1000,1593.000000,-,-,B,3449846,3321730
1,1,1955932,510360,2,20200904,111822230,1.593000,2000,3186.000000,-,-,B,3457924,3321730
1,1,1956469,510360,2,20200904,111826310,1.593000,2200,3504.600000,-,-,B,3458787,3321730
1,1,1962802,510360,2,20200904,111918130,1.593000,2800,4460.400000,-,-,B,3470433,3321730
1,1,1969754,510360,2,20200904,112009350,1.594000,600,956.400000,-,-,B,3482983,3239508
1,1,1970004,510360,2,20200904,112010660,1.594000,700,1115.800000,-,-,B,3483475,3239508
1,1,1970193,510360,2,20200904,112011490,1.594000,3800,6057.200000,-,-,B,3483763,3239508
1,1,1970362,510360,2,20200904,112012210,1.595000,600,957.000000,-,-,B,3484058,3231210
1,1,1979234,510360,2,20200904,112118850,1.595000,100,159.500000,-,-,B,3501398,3231210
1,1,2000124,510360,2,20200904,112428620,1.595000,6900,11005.500000,-,-,B,3539868,3231210
1,1,2032446,510360,2,20200904,112945030,1.596000,3000,4788.000000,-,-,B,3596256,3587006
1,1,2033197,510360,2,20200904,112956030,1.596000,2200,3511.200000,-,-,B,3597640,3587006
1,1,2034756,510360,2,20200904,130000510,1.596000,1100,1755.600000,-,-,B,3601484,3587006
1,1,2035006,510360,2,20200904,130000510,1.596000,300,478.800000,-,-,B,3602300,3587006
1,1,2036151,510360,2,20200904,130000840,1.596000,100,159.600000,-,-,B,3606244,3587006
1,1,2045440,510360,2,20200904,130006790,1.596000,600,957.600000,-,-,B,3634755,3587006
1,1,2052036,510360,2,20200904,130031320,1.595000,300,478.500000,-,-,S,3545468,3648135
1,1,2052037,510360,2,20200904,130031320,1.595000,3000,4785.000000,-,-,S,3585509,3648135
1,1,2057575,510360,2,20200904,130058250,1.594000,1000,1594.000000,-,-,S,3608841,3656240
1,1,2057576,510360,2,20200904,130058250,1.594000,200,318.800000,-,-,S,3616224,3656240
1,1,2057577,510360,2,20200904,130058250,1.594000,1000,1594.000000,-,-,S,3622202,3656240
1,1,2090120,510360,2,20200904,130430860,1.598000,500,799.000000,-,-,B,3711780,3509379
1,1,2090121,510360,2,20200904,130430860,1.598000,1100,1757.800000,-,-,B,3711780,3692366
1,1,2099713,510360,2,20200904,130535780,1.598000,10000,15980.000000,-,-,B,3728448,3692366
1,1,2108211,510360,2,20200904,130634620,1.598000,800,1278.400000,-,-,B,3744327,3737777
1,1,2111361,510360,2,20200904,130701390,1.598000,200,319.600000,-,-,B,3750305,3737777
1,1,2124888,510360,2,20200904,130846760,1.596000,1300,2074.800000,-,-,S,3743857,3774144
1,1,2124889,510360,2,20200904,130846760,1.596000,20000,31920.000000,-,-,S,3761569,3774144
1,1,2139206,510360,2,20200904,131026550,1.596000,100,159.600000,-,-,B,3799910,3799224
1,1,2139635,510360,2,20200904,131029560,1.597000,1400,2235.800000,-,-,B,3800652,3751860
1,1,2150273,510360,2,20200904,131139530,1.596000,100,159.600000,-,-,B,3819588,3803013
1,1,2153876,510360,2,20200904,131206350,1.596000,4900,7820.400000,-,-,S,3819588,3825980
1,1,2153877,510360,2,20200904,131206350,1.596000,10000,15960.000000,-,-,S,3822236,3825980
1,1,2158823,510360,2,20200904,131239160,1.596000,1000,1596.000000,-,-,B,3834511,3828028
1,1,2187410,510360,2,20200904,131559010,1.595000,100,159.500000,-,-,B,3881404,3846854
1,1,2209401,510360,2,20200904,131827320,1.594000,500,797.000000,-,-,S,3742781,3916405
1,1,2209402,510360,2,20200904,131827320,1.594000,3500,5579.000000,-,-,S,3838232,3916405
1,1,2217282,510360,2,20200904,131927910,1.594000,1000,1594.000000,-,-,S,3838232,3929934
1,1,2222178,510360,2,20200904,132002080,1.594000,1700,2709.800000,-,-,S,3838232,3938053
1,1,2222179,510360,2,20200904,132002080,1.594000,200,318.800000,-,-,S,3920983,3938053
1,1,2222180,510360,2,20200904,132002080,1.594000,1900,3028.600000,-,-,S,3928103,3938053
1,1,2238603,510360,2,20200904,132135080,1.593000,100,159.300000,-,-,S,3504576,3964033
1,1,2238604,510360,2,20200904,132135080,1.593000,118300,188451.900000,-,-,S,3739889,3964033
1,1,2238605,510360,2,20200904,132135080,1.593000,40000,63720.000000,-,-,S,3936630,3964033
1,1,2239167,510360,2,20200904,132137850,1.593000,3200,5097.600000,-,-,B,3964847,3964628
1,1,2261261,510360,2,20200904,132414480,1.594000,2300,3666.200000,-,-,B,4001915,3939465
1,1,2291202,510360,2,20200904,132802480,1.594000,1300,2072.200000,-,-,B,4052504,3939465
1,1,2295068,510360,2,20200904,132826290,1.594000,3000,4782.000000,-,-,B,4057861,3939465
1,1,2300291,510360,2,20200904,132905120,1.594000,700,1115.800000,-,-,B,4066422,3939465
1,1,2310996,510360,2,20200904,133007140,1.594000,10000,15940.000000,-,-,B,4083612,3997315
1,1,2310997,510360,2,20200904,133007140,1.594000,300,478.200000,-,-,B,4083612,4042985
1,1,2310998,510360,2,20200904,133007140,1.595000,5500,8772.500000,-,-,B,4083612,4032759
1,1,2334951,510360,2,20200904,133215710,1.595000,4100,6539.500000,-,-,B,4126087,4032759
1,1,2335090,510360,2,20200904,133216700,1.595000,400,638.000000,-,-,B,4126338,4032759
1,1,2344650,510360,2,20200904,133329320,1.595000,2200,3509.000000,-,-,S,4138219,4143689
1,1,2350891,510360,2,20200904,133424200,1.596000,1000,1596.000000,-,-,B,4155761,4082306
1,1,2352888,510360,2,20200904,133438700,1.595000,2800,4466.000000,-,-,S,4138219,4159405
1,1,2352889,510360,2,20200904,133438700,1.595000,6300,10048.500000,-,-,S,4142534,4159405
1,1,2359062,510360,2,20200904,133524160,1.595000,2000,3190.000000,-,-,B,4170257,4159405
1,1,2420949,510360,2,20200904,134224710,1.596000,900,1436.400000,-,-,B,4275209,4223597
1,1,2428501,510360,2,20200904,134325970,1.596000,500,798.000000,-,-,B,4289432,4223597
1,1,2438988,510360,2,20200904,134456340,1.596000,8600,13725.600000,-,-,B,4308966,4223597
1,1,2452407,510360,2,20200904,134631870,1.599000,10000,15990.000000,-,-,B,4332250,4242756
1,1,2486064,510360,2,20200904,135015750,1.600000,1000,1600.000000,-,-,B,4388955,2351637
1,1,2486065,510360,2,20200904,135015750,1.600000,9000,14400.000000,-,-,B,4388955,4360989
1,1,2495717,510360,2,20200904,135114070,1.598000,5000,7990.000000,-,-,S,4354617,4405131
1,1,2498233,510360,2,20200904,135128450,1.595000,500,797.500000,-,-,S,4276788,4409133
1,1,2505842,510360,2,20200904,135223410,1.598000,100,159.800000,-,-,B,4422038,4416274
1,1,2511976,510360,2,20200904,135319630,1.598000,3100,4953.800000,-,-,B,4433388,4416274
1,1,2520218,510360,2,20200904,135433150,1.598000,100,159.800000,-,-,B,4448492,4443263
1,1,2520311,510360,2,20200904,135434010,1.598000,100,159.800000,-,-,B,4448665,4443263
1,1,2520452,510360,2,20200904,135435220,1.598000,100,159.800000,-,-,B,4448921,4443263
1,1,2525168,510360,2,20200904,135515010,1.598000,300,479.400000,-,-,B,4456801,4443263
1,1,2541613,510360,2,20200904,135732760,1.598000,2000,3196.000000,-,-,B,4485054,4443263
1,1,2561826,510360,2,20200904,140027550,1.598000,1000,1598.000000,-,-,B,4519412,4498400
1,1,2569478,510360,2,20200904,140113820,1.597000,800,1277.600000,-,-,S,4433878,4531581
1,1,2569479,510360,2,20200904,140113820,1.597000,1600,2555.200000,-,-,S,4481888,4531581
1,1,2612232,510360,2,20200904,140600660,1.598000,2000,3196.000000,-,-,B,4599478,4498400
1,1,2627271,510360,2,20200904,140822550,1.598000,200,319.600000,-,-,B,4627919,4612821
1,1,2646407,510360,2,20200904,141055040,1.599000,5000,7995.000000,-,-,B,4658665,4626210
1,1,2655123,510360,2,20200904,141157980,1.599000,2500,3997.500000,-,-,B,4673431,4626210
1,1,2661624,510360,2,20200904,141248590,1.599000,100,159.900000,-,-,B,4684952,4626210
1,1,2666311,510360,2,20200904,141321900,1.599000,300,479.700000,-,-,B,4692522,4626210
1,1,2667720,510360,2,20200904,141334480,1.599000,500,799.500000,-,-,B,4695189,4626210
1,1,2671395,510360,2,20200904,141401790,1.599000,1600,2558.400000,-,-,B,4701480,4626210
1,1,2671396,510360,2,20200904,141401790,1.599000,2200,3517.800000,-,-,B,4701480,4629085
1,1,2673897,510360,2,20200904,141416510,1.599000,7800,12472.200000,-,-,B,4705459,4629085
1,1,2677333,510360,2,20200904,141440420,1.600000,200,320.000000,-,-,B,4710940,4680736
1,1,2688684,510360,2,20200904,141550610,1.601000,4000,6404.000000,-,-,B,4728937,2534148
1,1,2708823,510360,2,20200904,141822150,1.601000,2500,4002.500000,-,-,S,4728937,4763530
1,1,2710714,510360,2,20200904,141835990,1.601000,800,1280.800000,-,-,B,4766656,4763530
1,1,2734581,510360,2,20200904,142114200,1.602000,100,160.200000,-,-,B,4805491,829483
1,1,2741804,510360,2,20200904,142204460,1.602000,200,320.400000,-,-,B,4817956,829483
1,1,2760806,510360,2,20200904,142408360,1.601000,11700,18731.700000,-,-,S,4766656,4848969
1,1,2760807,510360,2,20200904,142408360,1.601000,5000,8005.000000,-,-,S,4775066,4848969
1,1,2760808,510360,2,20200904,142408360,1.601000,1000,1601.000000,-,-,S,4783696,4848969
1,1,2760809,510360,2,20200904,142408360,1.601000,1000,1601.000000,-,-,S,4800359,4848969
1,1,2796491,510360,2,20200904,142737450,1.602000,200,320.400000,-,-,B,4904405,829483
1,1,2796492,510360,2,20200904,142737450,1.602000,400,640.800000,-,-,B,4904405,4647468
1,1,2800475,510360,2,20200904,142812550,1.602000,700,1121.400000,-,-,B,4911833,4647468
1,1,2800476,510360,2,20200904,142812550,1.602000,2300,3684.600000,-,-,B,4911833,4836728
1,1,2827134,510360,2,20200904,143108880,1.600000,600,960.000000,-,-,S,4710940,4954756
1,1,2837069,510360,2,20200904,143209480,1.601000,1100,1761.100000,-,-,B,4971059,4958727
1,1,2842089,510360,2,20200904,143241840,1.601000,700,1120.700000,-,-,B,4979275,4958727
1,1,2843696,510360,2,20200904,143252410,1.600000,1400,2240.000000,-,-,S,4710940,4981853
1,1,2850052,510360,2,20200904,143336400,1.601000,100,160.100000,-,-,B,4992577,4958727
1,1,2852050,510360,2,20200904,143349610,1.601000,8100,12968.100000,-,-,B,4995898,4958727
1,1,2862249,510360,2,20200904,143451300,1.602000,100,160.200000,-,-,B,5012123,4866166
1,1,2865869,510360,2,20200904,143510540,1.602000,4000,6408.000000,-,-,B,5017805,4866166
1,1,2870657,510360,2,20200904,143539060,1.602000,5900,9451.800000,-,-,B,5026230,4866166
1,1,2876452,510360,2,20200904,143613520,1.604000,100,160.400000,-,-,B,5035887,840487
1,1,2882280,510360,2,20200904,143650540,1.604000,100,160.400000,-,-,B,5045498,840487
1,1,2891832,510360,2,20200904,143741960,1.603000,1000,1603.000000,-,-,B,5060491,5052209
1,1,2912930,510360,2,20200904,143957720,1.604000,300,481.200000,-,-,B,5096013,840487
1,1,2912931,510360,2,20200904,143957720,1.604000,1000,1604.000000,-,-,B,5096013,4949978
1,1,2929566,510360,2,20200904,144118810,1.604000,300,481.200000,-,-,B,5122327,4949978
1,1,3000586,510360,2,20200904,144646670,1.606000,200,321.200000,-,-,B,5228579,850182
1,1,3022457,510360,2,20200904,144814470,1.606000,300,481.800000,-,-,B,5259979,850182
1,1,3032784,510360,2,20200904,144857820,1.607000,1000,1607.000000,-,-,B,5274816,4958725
1,1,3057772,510360,2,20200904,145025310,1.607000,200,321.400000,-,-,B,5310862,4958725
1,1,3077417,510360,2,20200904,145137610,1.607000,600,964.200000,-,-,B,5339959,4958725
1,1,3107418,510360,2,20200904,145317940,1.606000,100,160.600000,-,-,S,5265271,5381664
1,1,3107419,510360,2,20200904,145317940,1.606000,100,160.600000,-,-,S,5285648,5381664
1,1,3107420,510360,2,20200904,145317940,1.606000,3000,4818.000000,-,-,S,5354239,5381664
1,1,3123540,510360,2,20200904,145411150,1.606000,28800,46252.800000,-,-,B,5404014,5388347
1,1,3125938,510360,2,20200904,145420400,1.606000,500,803.000000,-,-,B,5407774,5388347
1,1,3150277,510360,2,20200904,145530910,1.605000,100,160.500000,-,-,B,5440820,5438630
1,1,3179803,510360,2,20200904,145651190,1.605000,600,963.000000,-,-,B,5478427,5438630
1,1,3182730,510360,2,20200904,145718640,1.605000,4000,6420.000000,-,-,B,5489720,5438630
1,1,3182818,510360,2,20200904,145726510,1.605000,1100,1765.500000,-,-,B,5492505,5438630
1,1,3182997,510360,2,20200904,145734170,1.605000,30000,48150.000000,-,-,B,5494821,5438630
1,1,3183025,510360,2,20200904,145736190,1.605000,100,160.500000,-,-,B,5495421,5438630
1,1,3184863,510360,2,20200904,145921140,1.605000,300,481.500000,-,-,B,5518341,5438630
1,1,3185011,510360,2,20200904,145927640,1.604000,1000,1604.000000,-,-,S,5199377,5519739
