Datetime,Price,Volume
2020-09-04 09:25:00.400,4.81,98
2020-09-04 09:25:00.400,4.81,202
2020-09-04 09:25:00.400,4.81,20300
2020-09-04 09:25:00.400,4.81,17700
2020-09-04 09:25:00.400,4.81,200
2020-09-04 09:25:00.400,4.81,200
2020-09-04 09:25:00.400,4.81,200
2020-09-04 09:25:00.400,4.81,600
2020-09-04 09:25:00.400,4.81,10000
2020-09-04 09:25:00.400,4.81,600
2020-09-04 09:25:00.400,4.81,100
2020-09-04 09:25:00.400,4.81,500
2020-09-04 09:25:00.400,4.81,600
2020-09-04 09:25:00.400,4.81,600
2020-09-04 09:25:00.400,4.81,600
2020-09-04 09:25:00.400,4.81,600
2020-09-04 09:25:00.400,4.81,800
2020-09-04 09:25:00.400,4.81,100
2020-09-04 09:25:00.400,4.81,2800
2020-09-04 09:25:00.400,4.81,10000
2020-09-04 09:25:00.400,4.81,600
2020-09-04 09:25:00.400,4.81,200
2020-09-04 09:25:00.400,4.81,100
2020-09-04 09:25:00.400,4.81,100
2020-09-04 09:25:00.400,4.81,10600
2020-09-04 09:25:00.400,4.81,100
2020-09-04 09:25:00.400,4.81,200
2020-09-04 09:25:00.400,4.81,300
2020-09-04 09:25:00.400,4.81,200
2020-09-04 09:25:00.400,4.81,200
2020-09-04 09:25:00.400,4.81,300
2020-09-04 09:25:00.400,4.81,100
2020-09-04 09:25:00.400,4.81,100
2020-09-04 09:25:00.400,4.81,100
2020-09-04 09:25:00.400,4.81,100
2020-09-04 09:25:00.400,4.81,500
2020-09-04 09:25:00.400,4.81,500
2020-09-04 09:25:00.400,4.81,400
2020-09-04 09:25:00.400,4.81,500
2020-09-04 09:25:00.400,4.81,800
2020-09-04 09:25:00.400,4.81,100
2020-09-04 09:25:00.400,4.81,200
2020-09-04 09:25:00.400,4.81,1000
2020-09-04 09:25:00.400,4.81,600
2020-09-04 09:25:00.400,4.81,200
2020-09-04 09:25:00.400,4.81,300
2020-09-04 09:25:00.400,4.81,500
2020-09-04 09:25:00.400,4.81,200
2020-09-04 09:25:00.400,4.81,600
2020-09-04 09:25:00.400,4.81,400
2020-09-04 09:25:00.400,4.81,1000
2020-09-04 09:25:00.400,4.81,400
2020-09-04 09:25:00.400,4.81,200
2020-09-04 09:25:00.400,4.81,200
2020-09-04 09:25:00.400,4.81,500
2020-09-04 09:25:00.400,4.81,100
2020-09-04 09:25:00.400,4.81,700
2020-09-04 09:25:00.400,4.81,200
2020-09-04 09:25:00.400,4.81,100
2020-09-04 09:25:00.400,4.81,100
2020-09-04 09:25:00.400,4.81,100
2020-09-04 09:25:00.400,4.81,100
2020-09-04 09:25:00.400,4.81,500
2020-09-04 09:25:00.400,4.81,200
2020-09-04 09:25:00.400,4.81,400
2020-09-04 09:25:00.400,4.81,300
2020-09-04 09:25:00.400,4.81,1100
2020-09-04 09:25:00.400,4.81,100
2020-09-04 09:25:00.400,4.81,100
2020-09-04 09:25:00.400,4.81,100
2020-09-04 09:25:00.400,4.81,300
2020-09-04 09:25:00.400,4.81,100
2020-09-04 09:25:00.400,4.81,200
2020-09-04 09:25:00.400,4.81,100
2020-09-04 09:25:00.400,4.81,400
2020-09-04 09:25:00.400,4.81,100
2020-09-04 09:25:00.400,4.81,100
2020-09-04 09:25:00.400,4.81,400
2020-09-04 09:25:00.400,4.81,600
2020-09-04 09:25:00.400,4.81,2000
2020-09-04 09:25:00.400,4.81,100
2020-09-04 09:25:00.400,4.81,200
2020-09-04 09:25:00.400,4.81,100
2020-09-04 09:25:00.400,4.81,100
2020-09-04 09:25:00.400,4.81,100
2020-09-04 09:25:00.400,4.81,100
2020-09-04 09:25:00.400,4.81,1000
2020-09-04 09:25:00.400,4.81,1000
2020-09-04 09:25:00.400,4.81,600
2020-09-04 09:25:00.400,4.81,600
2020-09-04 09:25:00.400,4.81,500
2020-09-04 09:25:00.400,4.81,3000
2020-09-04 09:25:00.400,4.81,2000
2020-09-04 09:25:00.400,4.81,25900
2020-09-04 09:25:00.400,4.81,100
2020-09-04 09:25:00.400,4.81,5000
2020-09-04 09:25:00.400,4.81,600
2020-09-04 09:25:00.400,4.81,30000
2020-09-04 09:25:00.400,4.81,6400
2020-09-04 09:25:00.400,4.81,3600
2020-09-04 09:25:00.400,4.81,600
2020-09-04 09:25:00.400,4.81,2400
2020-09-04 09:25:00.400,4.81,1800
2020-09-04 09:25:00.400,4.81,300
2020-09-04 09:25:00.400,4.81,3600
2020-09-04 09:25:00.400,4.81,1100
2020-09-04 09:25:00.400,4.81,2500
2020-09-04 09:25:00.400,4.81,7000
2020-09-04 09:25:00.400,4.81,600
2020-09-04 09:25:00.400,4.81,6500
2020-09-04 09:25:00.400,4.81,2300
2020-09-04 09:25:00.400,4.81,2500
2020-09-04 09:25:00.400,4.81,400
2020-09-04 09:25:00.400,4.81,19600
2020-09-04 09:25:00.400,4.81,5000
2020-09-04 09:25:00.400,4.81,3500
2020-09-04 09:25:00.400,4.81,20000
2020-09-04 09:25:00.400,4.81,4200
2020-09-04 09:25:00.400,4.81,3900
2020-09-04 09:25:00.400,4.81,1700
2020-09-04 09:25:00.400,4.81,3000
2020-09-04 09:25:00.400,4.81,6000
2020-09-04 09:25:00.400,4.81,15000
2020-09-04 09:25:00.400,4.81,5200
2020-09-04 09:25:00.400,4.81,11000
2020-09-04 09:25:00.400,4.81,1900
2020-09-04 09:25:00.400,4.81,15000
2020-09-04 09:25:00.400,4.81,700
2020-09-04 09:25:00.400,4.81,2000
2020-09-04 09:25:00.400,4.81,600
2020-09-04 09:25:00.400,4.81,10000
2020-09-04 09:25:00.400,4.81,10000
2020-09-04 09:25:00.400,4.81,200
2020-09-04 09:25:00.400,4.81,100
2020-09-04 09:25:00.400,4.81,100
2020-09-04 09:25:00.400,4.81,200
2020-09-04 09:25:00.400,4.81,400
2020-09-04 09:25:00.400,4.81,7000
2020-09-04 09:25:00.400,4.81,600
2020-09-04 09:25:00.400,4.81,2500
2020-09-04 09:25:00.400,4.81,500
2020-09-04 09:25:00.400,4.81,200
2020-09-04 09:25:00.400,4.81,5000
2020-09-04 09:25:00.400,4.81,1000
2020-09-04 09:25:00.400,4.81,600
2020-09-04 09:25:00.400,4.81,10000
2020-09-04 09:25:00.400,4.81,5000
2020-09-04 09:25:00.400,4.81,700
2020-09-04 09:25:00.400,4.81,5000
2020-09-04 09:25:00.400,4.81,5000
2020-09-04 09:25:00.400,4.81,100
2020-09-04 09:25:00.400,4.81,6500
2020-09-04 09:25:00.400,4.81,5200
2020-09-04 09:25:00.400,4.81,4100
2020-09-04 09:25:00.400,4.81,200
2020-09-04 09:25:00.400,4.81,200
2020-09-04 09:25:00.400,4.81,20000
2020-09-04 09:25:00.400,4.81,6400
2020-09-04 09:25:00.400,4.81,100
2020-09-04 09:25:00.400,4.81,200
2020-09-04 09:25:00.400,4.81,900
2020-09-04 09:25:00.400,4.81,1000
2020-09-04 09:25:00.400,4.81,1000
2020-09-04 09:25:00.400,4.81,400
2020-09-04 09:25:00.400,4.81,300
2020-09-04 09:25:00.400,4.81,10000
2020-09-04 09:25:00.400,4.81,2500
2020-09-04 09:25:00.400,4.81,4000
2020-09-04 09:25:00.400,4.81,13000
2020-09-04 09:25:00.400,4.81,200
2020-09-04 09:25:00.400,4.81,14500
2020-09-04 09:25:00.400,4.81,4200
2020-09-04 09:25:00.400,4.81,5600
2020-09-04 09:25:00.400,4.81,100
2020-09-04 09:25:00.400,4.81,19300
2020-09-04 09:25:00.400,4.81,2000
2020-09-04 09:25:00.400,4.81,51000
2020-09-04 09:25:00.400,4.81,4700
2020-09-04 09:25:00.400,4.81,3900
2020-09-04 09:25:00.400,4.81,22300
2020-09-04 09:25:00.400,4.81,2200
2020-09-04 09:25:00.400,4.81,4800
2020-09-04 09:25:00.400,4.81,200
2020-09-04 09:25:00.400,4.81,100
2020-09-04 09:25:00.400,4.81,600
2020-09-04 09:25:00.400,4.81,9400
2020-09-04 09:25:00.400,4.81,5000
2020-09-04 09:25:00.400,4.81,6600
2020-09-04 09:25:00.400,4.81,4000
2020-09-04 09:25:00.400,4.81,10000
2020-09-04 09:25:00.400,4.81,300
2020-09-04 09:25:00.400,4.81,2500
2020-09-04 09:25:00.400,4.81,100
2020-09-04 09:25:00.400,4.81,600
2020-09-04 09:25:00.400,4.81,300
2020-09-04 09:25:00.400,4.81,10000
2020-09-04 09:25:00.400,4.81,300
2020-09-04 09:25:00.400,4.81,20000
2020-09-04 09:25:00.400,4.81,300
2020-09-04 09:25:00.400,4.81,500
2020-09-04 09:25:00.400,4.81,2500
2020-09-04 09:25:00.400,4.81,1000
2020-09-04 09:25:00.400,4.81,600
2020-09-04 09:25:00.400,4.81,3300
2020-09-04 09:25:00.400,4.81,500
2020-09-04 09:25:00.400,4.81,200
2020-09-04 09:25:00.400,4.81,1900
2020-09-04 09:25:00.400,4.81,40600
2020-09-04 09:25:00.400,4.81,500
2020-09-04 09:25:00.400,4.81,100
2020-09-04 09:25:00.400,4.81,600
2020-09-04 09:25:00.400,4.81,2000
2020-09-04 09:25:00.400,4.81,700
2020-09-04 09:25:00.400,4.81,900
2020-09-04 09:25:00.400,4.81,6000
2020-09-04 09:25:00.400,4.81,7400
2020-09-04 09:25:00.400,4.81,27600
2020-09-04 09:25:00.400,4.81,10000
2020-09-04 09:25:00.400,4.81,10000
2020-09-04 09:25:00.400,4.81,2400
2020-09-04 09:25:00.400,4.81,300
2020-09-04 09:25:00.400,4.81,500
2020-09-04 09:25:00.400,4.81,700
2020-09-04 09:25:00.400,4.81,2000
2020-09-04 09:25:00.400,4.81,9900
2020-09-04 09:25:00.400,4.81,16900
2020-09-04 09:25:00.400,4.81,200
2020-09-04 09:25:00.400,4.81,140000
2020-09-04 09:25:00.400,4.81,500
2020-09-04 09:25:00.400,4.81,100
2020-09-04 09:25:00.400,4.81,2000
2020-09-04 09:25:00.400,4.81,3000
2020-09-04 09:25:00.400,4.81,300
2020-09-04 09:25:00.400,4.81,2100
2020-09-04 09:25:00.400,4.81,8300
2020-09-04 09:25:00.400,4.81,2000
2020-09-04 09:25:00.400,4.81,5000
2020-09-04 09:25:00.400,4.81,10100
2020-09-04 09:25:00.400,4.81,2500
2020-09-04 09:25:00.400,4.81,1000
2020-09-04 09:25:00.400,4.81,10000
2020-09-04 09:25:00.400,4.81,6500
2020-09-04 09:25:00.400,4.81,5200
2020-09-04 09:25:00.400,4.81,500
2020-09-04 09:25:00.400,4.81,3000
2020-09-04 09:25:00.400,4.81,4100
2020-09-04 09:25:00.400,4.81,10000
2020-09-04 09:25:00.400,4.81,300
2020-09-04 09:25:00.400,4.81,5000
2020-09-04 09:25:00.400,4.81,500
2020-09-04 09:25:00.400,4.81,500
2020-09-04 09:25:00.400,4.81,2000
2020-09-04 09:25:00.400,4.81,1000
2020-09-04 09:25:00.400,4.81,3000
2020-09-04 09:25:00.400,4.81,200
2020-09-04 09:25:00.400,4.81,200
2020-09-04 09:25:00.400,4.81,100
2020-09-04 09:25:00.400,4.81,100
2020-09-04 09:25:00.400,4.81,200
2020-09-04 09:25:00.400,4.81,2000
2020-09-04 09:25:00.400,4.81,3000
2020-09-04 09:25:00.400,4.81,1100
2020-09-04 09:25:00.400,4.81,20000
2020-09-04 09:25:00.400,4.81,1000
2020-09-04 09:25:00.400,4.81,1000
2020-09-04 09:25:00.400,4.81,300
2020-09-04 09:25:00.400,4.81,5000
2020-09-04 09:25:00.400,4.81,300
2020-09-04 09:25:00.400,4.81,2500
2020-09-04 09:25:00.400,4.81,6000
2020-09-04 09:25:00.400,4.81,40000
2020-09-04 09:25:00.400,4.81,500
2020-09-04 09:25:00.400,4.81,200
2020-09-04 09:25:00.400,4.81,10100
2020-09-04 09:25:00.400,4.81,3600
2020-09-04 09:25:00.400,4.81,6400
2020-09-04 09:25:00.400,4.81,2600
2020-09-04 09:25:00.400,4.81,2400
2020-09-04 09:25:00.400,4.81,10000
2020-09-04 09:25:00.400,4.81,10000
2020-09-04 09:25:00.400,4.81,2000
2020-09-04 09:25:00.400,4.81,10600
2020-09-04 09:25:00.400,4.81,3000
2020-09-04 09:25:00.400,4.81,2900
2020-09-04 09:25:00.400,4.81,10000
2020-09-04 09:25:00.400,4.81,43400
2020-09-04 09:25:00.400,4.81,5500
2020-09-04 09:25:00.400,4.81,5000
2020-09-04 09:25:00.400,4.81,56500
2020-09-04 09:25:00.400,4.81,28600
2020-09-04 09:25:00.400,4.81,4500
2020-09-04 09:25:00.400,4.81,200
2020-09-04 09:25:00.400,4.81,39600
2020-09-04 09:25:00.400,4.81,1000
2020-09-04 09:25:00.400,4.81,2000
2020-09-04 09:25:00.400,4.81,400
2020-09-04 09:25:00.400,4.81,1100
2020-09-04 09:25:00.400,4.81,4000
2020-09-04 09:25:00.400,4.81,10000
2020-09-04 09:25:00.400,4.81,3000
2020-09-04 09:25:00.400,4.81,2500
2020-09-04 09:25:00.400,4.81,51100
2020-09-04 09:25:00.400,4.81,2000
2020-09-04 09:25:00.400,4.81,15000
2020-09-04 09:25:00.400,4.81,13100
2020-09-04 09:25:00.400,4.81,8000
2020-09-04 09:25:00.400,4.81,1500
2020-09-04 09:25:00.400,4.81,9000
2020-09-04 09:25:00.400,4.81,13000
2020-09-04 09:25:00.400,4.81,28900
2020-09-04 09:25:00.400,4.81,1100
2020-09-04 09:25:00.400,4.81,1000
2020-09-04 09:25:00.400,4.81,600
2020-09-04 09:25:00.400,4.81,5000
2020-09-04 09:25:00.400,4.81,11300
2020-09-04 09:25:00.400,4.81,5000
2020-09-04 09:25:00.400,4.81,200
2020-09-04 09:25:00.400,4.81,500
2020-09-04 09:25:00.400,4.81,200
2020-09-04 09:25:00.400,4.81,100
2020-09-04 09:25:00.400,4.81,4200
2020-09-04 09:25:00.400,4.81,1200
2020-09-04 09:25:00.400,4.81,10000
2020-09-04 09:25:00.400,4.81,18000
2020-09-04 09:25:00.400,4.81,600
2020-09-04 09:25:00.400,4.81,100
2020-09-04 09:25:00.400,4.81,3500
2020-09-04 09:25:00.400,4.81,7500
2020-09-04 09:25:00.400,4.81,1000
2020-09-04 09:25:00.400,4.81,4000
2020-09-04 09:25:00.400,4.81,200
2020-09-04 09:25:00.400,4.81,1000
2020-09-04 09:25:00.400,4.81,200
2020-09-04 09:25:00.400,4.81,2500
2020-09-04 09:25:00.400,4.81,5000
2020-09-04 09:25:00.400,4.81,10000
2020-09-04 09:25:00.400,4.81,5000
2020-09-04 09:25:00.400,4.81,5400
2020-09-04 09:25:00.400,4.81,5000
2020-09-04 09:25:00.400,4.81,2100
2020-09-04 09:25:00.400,4.81,6500
2020-09-04 09:25:00.400,4.81,3100
2020-09-04 09:25:00.400,4.81,6900
2020-09-04 09:25:00.400,4.81,4100
2020-09-04 09:25:00.400,4.81,4900
2020-09-04 09:25:00.400,4.81,2500
2020-09-04 09:25:00.400,4.81,1400
2020-09-04 09:25:00.400,4.81,8600
2020-09-04 09:25:00.400,4.81,23000
2020-09-04 09:25:00.400,4.81,200
2020-09-04 09:25:00.400,4.81,89500
2020-09-04 09:25:00.400,4.81,2000
2020-09-04 09:25:00.400,4.81,11000
2020-09-04 09:25:00.400,4.81,3000
2020-09-04 09:25:00.400,4.81,600
2020-09-04 09:25:00.400,4.81,5000
2020-09-04 09:25:00.400,4.81,1000
2020-09-04 09:25:00.400,4.81,300
2020-09-04 09:25:00.400,4.81,2500
2020-09-04 09:25:00.400,4.81,3000
2020-09-04 09:25:00.400,4.81,2000
2020-09-04 09:25:00.400,4.81,5300
2020-09-04 09:25:00.400,4.81,11000
2020-09-04 09:25:00.400,4.81,10000
2020-09-04 09:25:00.400,4.81,500
2020-09-04 09:25:00.400,4.81,2000
2020-09-04 09:25:00.400,4.81,1000
2020-09-04 09:25:00.400,4.81,1500
2020-09-04 09:25:00.400,4.81,1600
2020-09-04 09:25:00.400,4.81,100
2020-09-04 09:25:00.400,4.81,3000
2020-09-04 09:25:00.400,4.81,40000
2020-09-04 09:25:00.400,4.81,40000
2020-09-04 09:25:00.400,4.81,6500
2020-09-04 09:25:00.400,4.81,5200
2020-09-04 09:25:00.400,4.81,1000
2020-09-04 09:25:00.400,4.81,2000
2020-09-04 09:25:00.400,4.81,2000
2020-09-04 09:25:00.400,4.81,10000
2020-09-04 09:25:00.400,4.81,5600
2020-09-04 09:25:00.400,4.81,5000
2020-09-04 09:25:00.400,4.81,8200
2020-09-04 09:25:00.400,4.81,1200
2020-09-04 09:25:00.400,4.81,2000
2020-09-04 09:25:00.400,4.81,6800
2020-09-04 09:25:00.400,4.81,3200
2020-09-04 09:25:00.400,4.81,200
2020-09-04 09:25:00.400,4.81,1200
2020-09-04 09:25:00.400,4.81,200
2020-09-04 09:25:00.400,4.81,600
2020-09-04 09:25:00.400,4.81,1200
2020-09-04 09:25:00.400,4.81,2000
2020-09-04 09:25:00.400,4.81,500
2020-09-04 09:25:00.400,4.81,1000
2020-09-04 09:25:00.400,4.81,300
2020-09-04 09:25:00.400,4.81,100
2020-09-04 09:25:00.400,4.81,100
2020-09-04 09:25:00.400,4.81,1000
2020-09-04 09:25:00.400,4.81,3000
2020-09-04 09:25:00.400,4.81,5400
2020-09-04 09:25:00.400,4.81,140000
2020-09-04 09:25:00.400,4.81,2000
2020-09-04 09:25:00.400,4.81,500
2020-09-04 09:25:00.400,4.81,200
2020-09-04 09:25:00.400,4.81,15000
2020-09-04 09:25:00.400,4.81,2500
2020-09-04 09:25:00.400,4.81,4100
2020-09-04 09:25:00.400,4.81,200
2020-09-04 09:25:00.400,4.81,200
2020-09-04 09:25:00.400,4.81,500
2020-09-04 09:25:00.400,4.81,500
2020-09-04 09:25:00.400,4.81,10000
2020-09-04 09:25:00.400,4.81,4000
2020-09-04 09:25:00.400,4.81,8400
2020-09-04 09:25:00.400,4.81,200
2020-09-04 09:25:00.400,4.81,1200
2020-09-04 09:25:00.400,4.81,300
2020-09-04 09:25:00.400,4.81,200
2020-09-04 09:25:00.400,4.81,200
2020-09-04 09:25:00.400,4.81,100
2020-09-04 09:25:00.400,4.81,2000
2020-09-04 09:25:00.400,4.81,300
2020-09-04 09:25:00.400,4.81,6000
2020-09-04 09:25:00.400,4.81,2100
2020-09-04 09:25:00.400,4.81,10000
2020-09-04 09:25:00.400,4.81,100
2020-09-04 09:25:00.400,4.81,1000
2020-09-04 09:25:00.400,4.81,10000
2020-09-04 09:25:00.400,4.81,50000
2020-09-04 09:25:00.400,4.81,100
2020-09-04 09:25:00.400,4.81,30000
2020-09-04 09:25:00.400,4.81,1000
2020-09-04 09:25:00.400,4.81,2000
2020-09-04 09:25:00.400,4.81,100
2020-09-04 09:25:00.400,4.81,1000
2020-09-04 09:25:00.400,4.81,4000
2020-09-04 09:25:00.400,4.81,100
2020-09-04 09:25:00.400,4.81,1000
2020-09-04 09:25:00.400,4.81,1100
2020-09-04 09:25:00.400,4.81,10000
2020-09-04 09:25:00.400,4.81,100
2020-09-04 09:25:00.400,4.81,300
2020-09-04 09:25:00.400,4.81,5000
2020-09-04 09:25:00.400,4.81,700
2020-09-04 09:25:00.400,4.81,1000
2020-09-04 09:25:00.400,4.81,30000
2020-09-04 09:25:00.400,4.81,5000
2020-09-04 09:25:00.400,4.81,800
2020-09-04 09:25:00.400,4.81,400
2020-09-04 09:25:00.400,4.81,100
2020-09-04 09:25:00.400,4.81,100
2020-09-04 09:25:00.400,4.81,200
2020-09-04 09:25:00.400,4.81,1000
2020-09-04 09:25:00.400,4.81,1000
2020-09-04 09:25:00.400,4.81,800
2020-09-04 09:25:00.400,4.81,1000
2020-09-04 09:25:00.400,4.81,5000
2020-09-04 09:25:00.400,4.81,200
2020-09-04 09:25:00.400,4.81,43400
2020-09-04 09:25:00.400,4.81,2000
2020-09-04 09:25:00.400,4.81,500
2020-09-04 09:25:00.400,4.81,1000
2020-09-04 09:25:00.400,4.81,483205
2020-09-04 09:25:00.400,4.81,416795
2020-09-04 09:25:00.400,4.81,10000
2020-09-04 09:25:00.400,4.81,25000
2020-09-04 09:25:00.400,4.81,200
2020-09-04 09:25:00.400,4.81,22700
2020-09-04 09:25:00.400,4.81,200
2020-09-04 09:25:00.400,4.81,100
2020-09-04 09:25:00.400,4.81,10000
2020-09-04 09:25:00.400,4.81,2000
2020-09-04 09:25:00.400,4.81,100
2020-09-04 09:25:00.400,4.81,100
2020-09-04 09:25:00.400,4.81,10000
2020-09-04 09:25:00.400,4.81,5000
2020-09-04 09:25:00.400,4.81,5000
2020-09-04 09:25:00.400,4.81,200
2020-09-04 09:25:00.400,4.81,500
2020-09-04 09:25:00.400,4.81,2000
2020-09-04 09:25:00.400,4.81,100
2020-09-04 09:25:00.400,4.81,10000
2020-09-04 09:25:00.400,4.81,3000
2020-09-04 09:25:00.400,4.81,400
2020-09-04 09:25:00.400,4.81,5000
2020-09-04 09:25:00.400,4.81,100
2020-09-04 09:25:00.400,4.81,200
2020-09-04 09:25:00.400,4.81,4200
2020-09-04 09:25:00.400,4.81,2000
2020-09-04 09:25:00.400,4.81,21000
2020-09-04 09:25:00.400,4.81,40000
2020-09-04 09:25:00.400,4.81,100
2020-09-04 09:25:00.400,4.81,2100
2020-09-04 09:25:00.400,4.81,10000
2020-09-04 09:25:00.400,4.81,700
2020-09-04 09:25:00.400,4.81,300
2020-09-04 09:25:00.400,4.81,1300
2020-09-04 09:25:00.400,4.81,3300
2020-09-04 09:25:00.400,4.81,100
2020-09-04 09:25:00.400,4.81,1000
2020-09-04 09:25:00.400,4.81,1000
2020-09-04 09:25:00.400,4.81,1100
2020-09-04 09:25:00.400,4.81,6000
2020-09-04 09:25:00.400,4.81,10000
2020-09-04 09:25:00.400,4.81,5200
2020-09-04 09:25:00.400,4.81,1000
2020-09-04 09:25:00.400,4.81,200
2020-09-04 09:25:00.400,4.81,5000
2020-09-04 09:25:00.400,4.81,600
2020-09-04 09:25:00.400,4.81,500
2020-09-04 09:25:00.400,4.81,1000
2020-09-04 09:25:00.400,4.81,4400
2020-09-04 09:25:00.400,4.81,10000
2020-09-04 09:25:00.400,4.81,1900
2020-09-04 09:25:00.400,4.81,400
2020-09-04 09:25:00.400,4.81,20600
2020-09-04 09:25:00.400,4.81,2500
2020-09-04 09:25:00.400,4.81,1000
2020-09-04 09:25:00.400,4.81,1800
2020-09-04 09:25:00.400,4.81,2000
2020-09-04 09:25:00.400,4.81,10000
2020-09-04 09:25:00.400,4.81,1000
2020-09-04 09:25:00.400,4.81,2000
2020-09-04 09:25:00.400,4.81,500
2020-09-04 09:25:00.400,4.81,300
2020-09-04 09:25:00.400,4.81,300
2020-09-04 09:25:00.400,4.81,300
2020-09-04 09:25:00.400,4.81,2500
2020-09-04 09:25:00.400,4.81,4300
2020-09-04 09:25:00.400,4.81,200
2020-09-04 09:25:00.400,4.81,300
2020-09-04 09:25:00.400,4.81,5000
2020-09-04 09:25:00.400,4.81,300
2020-09-04 09:25:00.400,4.81,2000
2020-09-04 09:25:00.400,4.81,2000
2020-09-04 09:25:00.400,4.81,14000
2020-09-04 09:25:00.400,4.81,10000
2020-09-04 09:25:00.400,4.81,500
2020-09-04 09:25:00.400,4.81,1900
2020-09-04 09:25:00.400,4.81,10000
2020-09-04 09:25:00.400,4.81,100
2020-09-04 09:25:00.400,4.81,2500
2020-09-04 09:25:00.400,4.81,5000
2020-09-04 09:25:00.400,4.81,13000
2020-09-04 09:25:00.400,4.81,5000
2020-09-04 09:25:00.400,4.81,10000
2020-09-04 09:25:00.400,4.81,100
2020-09-04 09:25:00.400,4.81,300
2020-09-04 09:25:00.400,4.81,1600
2020-09-04 09:25:00.400,4.81,700
2020-09-04 09:25:00.400,4.81,1400
2020-09-04 09:25:00.400,4.81,200
2020-09-04 09:25:00.400,4.81,10000
2020-09-04 09:25:00.400,4.81,7500
2020-09-04 09:25:00.400,4.81,300
2020-09-04 09:25:00.400,4.81,100
2020-09-04 09:25:00.400,4.81,600
2020-09-04 09:25:00.400,4.81,10000
2020-09-04 09:25:00.400,4.81,400
2020-09-04 09:25:00.400,4.81,3000
2020-09-04 09:25:00.400,4.81,2000
2020-09-04 09:25:00.400,4.81,10000
2020-09-04 09:25:00.400,4.81,3000
2020-09-04 09:25:00.400,4.81,2000
2020-09-04 09:25:00.400,4.81,400
2020-09-04 09:25:00.400,4.81,26700
2020-09-04 09:25:00.400,4.81,25705
2020-09-04 09:25:00.400,4.81,11000
2020-09-04 09:25:00.400,4.81,900
2020-09-04 09:25:00.400,4.81,1500
2020-09-04 09:25:00.400,4.81,31595
2020-09-04 09:25:00.400,4.81,3800
2020-09-04 09:25:00.400,4.81,500
2020-09-04 09:25:00.400,4.81,2000
2020-09-04 09:25:00.400,4.81,5000
2020-09-04 09:25:00.400,4.81,100
2020-09-04 09:25:00.400,4.81,3000
2020-09-04 09:25:00.400,4.81,10000
2020-09-04 09:25:00.400,4.81,2805
2020-09-04 09:25:00.400,4.81,5000
2020-09-04 09:25:00.400,4.81,15195
2020-09-04 09:25:00.400,4.81,20000
2020-09-04 09:25:00.400,4.81,6300
2020-09-04 09:25:00.400,4.81,4000
2020-09-04 09:25:00.400,4.81,7600
2020-09-04 09:25:00.400,4.81,5000
2020-09-04 09:25:00.400,4.81,4000
2020-09-04 09:25:00.400,4.81,1500
2020-09-04 09:25:00.400,4.81,8800
2020-09-04 09:25:00.400,4.81,2000
2020-09-04 09:25:00.400,4.81,2000
2020-09-04 09:25:00.400,4.81,1000
2020-09-04 09:25:00.400,4.81,8800
2020-09-04 09:25:00.400,4.81,700
2020-09-04 09:25:00.400,4.81,1000
2020-09-04 09:25:00.400,4.81,200
2020-09-04 09:25:00.400,4.81,200
2020-09-04 09:25:00.400,4.81,100
2020-09-04 09:25:00.400,4.81,600
2020-09-04 09:25:00.400,4.81,12000
2020-09-04 09:25:00.400,4.81,2800
2020-09-04 09:25:00.400,4.81,200
2020-09-04 09:25:00.400,4.81,3500
2020-09-04 09:25:00.400,4.81,1000
2020-09-04 09:25:00.400,4.81,800
2020-09-04 09:25:00.400,4.81,1000
2020-09-04 09:25:00.400,4.81,1000
2020-09-04 09:25:00.400,4.81,500
2020-09-04 09:25:00.400,4.81,3000
2020-09-04 09:25:00.400,4.81,3000
2020-09-04 09:25:00.400,4.81,2000
2020-09-04 09:25:00.400,4.81,3400
2020-09-04 09:25:00.400,4.81,6500
2020-09-04 09:25:00.400,4.81,500
2020-09-04 09:25:00.400,4.81,500
2020-09-04 09:25:00.400,4.81,500
2020-09-04 09:25:00.400,4.81,2000
2020-09-04 09:25:00.400,4.81,100
2020-09-04 09:25:00.400,4.81,300
2020-09-04 09:25:00.400,4.81,200
2020-09-04 09:25:00.400,4.81,300
2020-09-04 09:25:00.400,4.81,5200
2020-09-04 09:25:00.400,4.81,200
2020-09-04 09:25:00.400,4.81,5000
2020-09-04 09:25:00.400,4.81,200
2020-09-04 09:25:00.400,4.81,9000
2020-09-04 09:25:00.400,4.81,200
2020-09-04 09:25:00.400,4.81,30000
2020-09-04 09:25:00.400,4.81,100
2020-09-04 09:25:00.400,4.81,400
2020-09-04 09:25:00.400,4.81,90000
2020-09-04 09:25:00.400,4.81,300
2020-09-04 09:25:00.400,4.81,5000
2020-09-04 09:25:00.400,4.81,3000
2020-09-04 09:25:00.400,4.81,5000
2020-09-04 09:25:00.400,4.81,200
2020-09-04 09:25:00.400,4.81,1000
2020-09-04 09:25:00.400,4.81,2000
2020-09-04 09:25:00.400,4.81,20000
2020-09-04 09:25:00.400,4.81,8400
2020-09-04 09:25:00.400,4.81,2500
2020-09-04 09:25:00.400,4.81,10000
2020-09-04 09:25:00.400,4.81,3000
2020-09-04 09:25:00.400,4.81,5000
2020-09-04 09:25:00.400,4.81,1000
2020-09-04 09:25:00.400,4.81,100
2020-09-04 09:25:00.400,4.81,6000
2020-09-04 09:25:00.400,4.81,600
2020-09-04 09:25:00.400,4.81,1000
2020-09-04 09:25:00.400,4.81,2400
2020-09-04 09:25:00.400,4.81,100
2020-09-04 09:25:00.400,4.81,100
2020-09-04 09:25:00.400,4.81,500
2020-09-04 09:25:00.400,4.81,50000
2020-09-04 09:25:00.400,4.81,200
2020-09-04 09:25:00.400,4.81,100
2020-09-04 09:25:00.400,4.81,200
2020-09-04 09:25:00.400,4.81,100
2020-09-04 09:25:00.400,4.81,1000
2020-09-04 09:25:00.400,4.81,2000
2020-09-04 09:25:00.400,4.81,1000
2020-09-04 09:25:00.400,4.81,500
2020-09-04 09:25:00.400,4.81,200
2020-09-04 09:25:00.400,4.81,8000
2020-09-04 09:25:00.400,4.81,100
2020-09-04 09:25:00.400,4.81,400
2020-09-04 09:25:00.400,4.81,200
2020-09-04 09:25:00.400,4.81,100
2020-09-04 09:25:00.400,4.81,1600
2020-09-04 09:25:00.400,4.81,2000
2020-09-04 09:25:00.400,4.81,1000
2020-09-04 09:25:00.400,4.81,1800
2020-09-04 09:25:00.400,4.81,4100
2020-09-04 09:25:00.400,4.81,2000
2020-09-04 09:25:00.400,4.81,500
2020-09-04 09:25:00.400,4.81,1300
2020-09-04 09:25:00.400,4.81,2000
2020-09-04 09:25:00.400,4.81,100
2020-09-04 09:25:00.400,4.81,10000
2020-09-04 09:25:00.400,4.81,1000
2020-09-04 09:25:00.400,4.81,20000
2020-09-04 09:25:00.400,4.81,500
2020-09-04 09:25:00.400,4.81,10000
2020-09-04 09:25:00.400,4.81,1500
2020-09-04 09:25:00.400,4.81,300
2020-09-04 09:25:00.400,4.81,600
2020-09-04 09:25:00.400,4.81,2000
2020-09-04 09:25:00.400,4.81,1000
2020-09-04 09:25:00.400,4.81,2000
2020-09-04 09:25:00.400,4.81,2000
2020-09-04 09:25:00.400,4.81,10000
2020-09-04 09:25:00.400,4.81,5000
2020-09-04 09:25:00.400,4.81,10000
2020-09-04 09:25:00.400,4.81,3000
2020-09-04 09:25:00.400,4.81,300
2020-09-04 09:25:00.400,4.81,1200
2020-09-04 09:25:00.400,4.81,200
2020-09-04 09:25:00.400,4.81,2800
2020-09-04 09:25:00.400,4.81,1000
2020-09-04 09:25:00.400,4.81,5000
2020-09-04 09:25:00.400,4.81,3000
2020-09-04 09:25:00.400,4.81,2100
2020-09-04 09:25:00.400,4.81,30000
2020-09-04 09:25:00.400,4.81,600
2020-09-04 09:25:00.400,4.81,100
2020-09-04 09:25:00.400,4.81,200
2020-09-04 09:25:00.400,4.81,5000
2020-09-04 09:25:00.400,4.81,400
2020-09-04 09:25:00.400,4.81,500
2020-09-04 09:25:00.400,4.81,1600
2020-09-04 09:25:00.400,4.81,65300
2020-09-04 09:25:00.400,4.81,100
2020-09-04 09:25:00.400,4.81,1500
2020-09-04 09:25:00.400,4.81,400
2020-09-04 09:25:00.400,4.81,1000
2020-09-04 09:25:00.400,4.81,20000
2020-09-04 09:25:00.400,4.81,2000
2020-09-04 09:25:00.400,4.81,1000
2020-09-04 09:25:00.400,4.81,300
2020-09-04 09:25:00.400,4.81,500
2020-09-04 09:25:00.400,4.81,100
2020-09-04 09:25:00.400,4.81,100
2020-09-04 09:25:00.400,4.81,10000
2020-09-04 09:25:00.400,4.81,100
2020-09-04 09:25:00.400,4.81,2000
2020-09-04 09:25:00.400,4.81,300
2020-09-04 09:25:00.400,4.81,300
2020-09-04 09:25:00.400,4.81,15700
2020-09-04 09:25:00.400,4.81,2000
2020-09-04 09:25:00.400,4.81,300
2020-09-04 09:25:00.400,4.81,20000
2020-09-04 09:25:00.400,4.81,2000
2020-09-04 09:25:00.400,4.81,5000
2020-09-04 09:25:00.400,4.81,3000
2020-09-04 09:25:00.400,4.81,100
2020-09-04 09:25:00.400,4.81,2000
2020-09-04 09:25:00.400,4.81,6300
2020-09-04 09:25:00.400,4.81,5000
2020-09-04 09:25:00.400,4.81,9200
2020-09-04 09:25:00.400,4.81,3000
2020-09-04 09:25:00.400,4.81,30000
2020-09-04 09:25:00.400,4.81,15000
2020-09-04 09:25:00.400,4.81,4000
2020-09-04 09:25:00.400,4.81,200
2020-09-04 09:25:00.400,4.81,800
2020-09-04 09:25:00.400,4.81,10000
2020-09-04 09:25:00.400,4.81,3500
2020-09-04 09:25:00.400,4.81,1000
2020-09-04 09:25:00.400,4.81,5000
2020-09-04 09:25:00.400,4.81,6500
2020-09-04 09:25:00.400,4.81,1100
2020-09-04 09:25:00.400,4.81,1000
2020-09-04 09:25:00.400,4.81,2000
2020-09-04 09:25:00.400,4.81,3000
2020-09-04 09:25:00.400,4.81,3000
2020-09-04 09:25:00.400,4.81,400
2020-09-04 09:25:00.400,4.81,5000
2020-09-04 09:25:00.400,4.81,5000
2020-09-04 09:25:00.400,4.81,1000
2020-09-04 09:25:00.400,4.81,500
2020-09-04 09:25:00.400,4.81,5200
2020-09-04 09:25:00.400,4.81,20000
2020-09-04 09:25:00.400,4.81,1000
2020-09-04 09:25:00.400,4.81,1000
2020-09-04 09:25:00.400,4.81,1500
2020-09-04 09:25:00.400,4.81,500
2020-09-04 09:25:00.400,4.81,200
2020-09-04 09:25:00.400,4.81,2000
2020-09-04 09:25:00.400,4.81,400
2020-09-04 09:25:00.400,4.81,300
2020-09-04 09:25:00.400,4.81,4000
2020-09-04 09:25:00.400,4.81,10000
2020-09-04 09:25:00.400,4.81,200
2020-09-04 09:25:00.400,4.81,5000
2020-09-04 09:25:00.400,4.81,2000
2020-09-04 09:25:00.400,4.81,5105
2020-09-04 09:25:00.400,4.81,14895
2020-09-04 09:25:00.400,4.81,1100
2020-09-04 09:25:00.400,4.81,1900
2020-09-04 09:25:00.400,4.81,70800
2020-09-04 09:25:00.400,4.81,200
2020-09-04 09:25:00.400,4.81,35000
2020-09-04 09:25:00.400,4.81,3000
2020-09-04 09:25:00.400,4.81,200
2020-09-04 09:25:00.400,4.81,600
2020-09-04 09:25:00.400,4.81,300
2020-09-04 09:25:00.400,4.81,10000
2020-09-04 09:25:00.400,4.81,4200
2020-09-04 09:25:00.400,4.81,10000
2020-09-04 09:25:00.400,4.81,200
2020-09-04 09:25:00.400,4.81,10000
2020-09-04 09:25:00.400,4.81,2000
2020-09-04 09:25:00.400,4.81,20000
2020-09-04 09:25:00.400,4.81,22000
2020-09-04 09:25:00.400,4.81,100
2020-09-04 09:25:00.400,4.81,1800
2020-09-04 09:25:00.400,4.81,5000
2020-09-04 09:25:00.400,4.81,100
2020-09-04 09:25:00.400,4.81,5000
2020-09-04 09:25:00.400,4.81,5000
2020-09-04 09:25:00.400,4.81,30000
2020-09-04 09:25:00.400,4.81,3000
2020-09-04 09:25:00.400,4.81,200
2020-09-04 09:25:00.400,4.81,1000
2020-09-04 09:25:00.400,4.81,8700
2020-09-04 09:25:00.400,4.81,1400
2020-09-04 09:25:00.400,4.81,1000
2020-09-04 09:25:00.400,4.81,100
2020-09-04 09:25:00.400,4.81,12000
2020-09-04 09:25:00.400,4.81,20700
2020-09-04 09:25:00.400,4.81,100
2020-09-04 09:25:00.400,4.81,600
2020-09-04 09:25:00.400,4.81,14800
2020-09-04 09:25:00.400,4.81,20000
2020-09-04 09:25:00.400,4.81,3000
2020-09-04 09:25:00.400,4.81,1900
2020-09-04 09:25:00.400,4.81,15000
2020-09-04 09:25:00.400,4.81,400
2020-09-04 09:25:00.400,4.81,200
2020-09-04 09:25:00.400,4.81,1400
2020-09-04 09:25:00.400,4.81,20000
2020-09-04 09:25:00.400,4.81,2000
2020-09-04 09:25:00.400,4.81,2000
2020-09-04 09:25:00.400,4.81,2000
2020-09-04 09:25:00.400,4.81,5000
2020-09-04 09:25:00.400,4.81,2000
2020-09-04 09:25:00.400,4.81,2000
2020-09-04 09:25:00.400,4.81,200
2020-09-04 09:25:00.400,4.81,100
2020-09-04 09:25:00.400,4.81,2000
2020-09-04 09:25:00.400,4.81,1000
2020-09-04 09:25:00.400,4.81,3000
2020-09-04 09:25:00.400,4.81,20000
2020-09-04 09:25:00.400,4.81,5900
2020-09-04 09:25:00.400,4.81,3400
2020-09-04 09:25:00.400,4.81,2000
2020-09-04 09:25:00.400,4.81,100
2020-09-04 09:25:00.400,4.81,600
2020-09-04 09:25:00.400,4.81,600
2020-09-04 09:25:00.400,4.81,1500
2020-09-04 09:25:00.400,4.81,600
2020-09-04 09:25:00.400,4.81,6900
2020-09-04 09:25:00.400,4.81,1000
2020-09-04 09:25:00.400,4.81,10000
2020-09-04 09:25:00.400,4.81,300
2020-09-04 09:25:00.400,4.81,2000
2020-09-04 09:25:00.400,4.81,100
2020-09-04 09:25:00.400,4.81,3000
2020-09-04 09:25:00.400,4.81,5000
2020-09-04 09:25:00.400,4.81,2000
2020-09-04 09:25:00.400,4.81,1100
2020-09-04 09:25:00.400,4.81,1000
2020-09-04 09:25:00.400,4.81,100
2020-09-04 09:25:00.400,4.81,100
2020-09-04 09:25:00.400,4.81,4800
2020-09-04 09:25:00.400,4.81,25700
2020-09-04 09:25:00.400,4.81,4000
2020-09-04 09:25:00.400,4.81,100
2020-09-04 09:25:00.400,4.81,100
2020-09-04 09:25:00.400,4.81,100
2020-09-04 09:25:00.400,4.81,4100
2020-09-04 09:25:00.400,4.81,3500
2020-09-04 09:25:00.400,4.81,5000
2020-09-04 09:25:00.400,4.81,6500
2020-09-04 09:25:00.400,4.81,500
2020-09-04 09:25:00.400,4.81,200
2020-09-04 09:25:00.400,4.81,1000
2020-09-04 09:25:00.400,4.81,2000
2020-09-04 09:25:00.400,4.81,2000
2020-09-04 09:25:00.400,4.81,2000
2020-09-04 09:25:00.400,4.81,400
2020-09-04 09:25:00.400,4.81,100
2020-09-04 09:25:00.400,4.81,10000
2020-09-04 09:25:00.400,4.81,800
2020-09-04 09:25:00.400,4.81,4000
2020-09-04 09:25:00.400,4.81,5200
2020-09-04 09:25:00.400,4.81,600
2020-09-04 09:25:00.400,4.81,3000
2020-09-04 09:25:00.400,4.81,2000
2020-09-04 09:25:00.400,4.81,200
2020-09-04 09:25:00.400,4.81,5500
2020-09-04 09:25:00.400,4.81,2000
2020-09-04 09:25:00.400,4.81,5000
2020-09-04 09:25:00.400,4.81,72800
2020-09-04 09:25:00.400,4.81,31200
2020-09-04 09:25:00.400,4.81,1000
2020-09-04 09:25:00.400,4.81,500
2020-09-04 09:25:00.400,4.81,2000
2020-09-04 09:25:00.400,4.81,300
2020-09-04 09:25:00.400,4.81,10000
2020-09-04 09:25:00.400,4.81,2500
2020-09-04 09:25:00.400,4.81,1000
2020-09-04 09:25:00.400,4.81,5000
2020-09-04 09:25:00.400,4.81,6000
2020-09-04 09:25:00.400,4.81,10000
2020-09-04 09:25:00.400,4.81,200
2020-09-04 09:25:00.400,4.81,3000
2020-09-04 09:30:00.050,4.81,186605
2020-09-04 09:30:00.050,4.81,113395
2020-09-04 09:30:00.050,4.808,3500
2020-09-04 09:30:00.050,4.808,2400
2020-09-04 09:30:00.050,4.808,10000
2020-09-04 09:30:00.050,4.807,1000
2020-09-04 09:30:00.050,4.807,200
2020-09-04 09:30:00.050,4.807,600
2020-09-04 09:30:00.050,4.807,20000
2020-09-04 09:30:00.050,4.807,2100
2020-09-04 09:30:00.050,4.806,3300
2020-09-04 09:30:00.050,4.806,5000
2020-09-04 09:30:00.050,4.806,200
2020-09-04 09:30:00.050,4.805,6000
2020-09-04 09:30:00.050,4.805,500
2020-09-04 09:30:00.050,4.805,500
2020-09-04 09:30:00.050,4.805,100
2020-09-04 09:30:00.050,4.805,2500
2020-09-04 09:30:00.050,4.804,1000
2020-09-04 09:30:00.050,4.804,1000
2020-09-04 09:30:00.050,4.804,2000
2020-09-04 09:30:00.050,4.804,600
2020-09-04 09:30:00.050,4.803,1000
2020-09-04 09:30:00.050,4.803,3000
2020-09-04 09:30:00.050,4.803,10000
2020-09-04 09:30:00.050,4.803,300
2020-09-04 09:30:00.050,4.803,2100
2020-09-04 09:30:00.050,4.803,2500
2020-09-04 09:30:00.050,4.803,2000
2020-09-04 09:30:00.050,4.803,20000
2020-09-04 09:30:00.050,4.803,3400
2020-09-04 09:30:00.050,4.803,3100
2020-09-04 09:30:00.050,4.803,62800
2020-09-04 09:30:00.050,4.803,2000
2020-09-04 09:30:00.050,4.802,5000
2020-09-04 09:30:00.050,4.802,10000
2020-09-04 09:30:00.050,4.802,500
2020-09-04 09:30:00.050,4.802,50000
2020-09-04 09:30:00.050,4.802,4500
2020-09-04 09:30:00.050,4.802,3000
2020-09-04 09:30:00.050,4.802,200
2020-09-04 09:30:00.050,4.802,5000
2020-09-04 09:30:00.050,4.801,2000
2020-09-04 09:30:00.050,4.801,2000
2020-09-04 09:30:00.050,4.801,100
2020-09-04 09:30:00.050,4.801,400
2020-09-04 09:30:00.050,4.801,9500
2020-09-04 09:30:00.050,4.801,700
2020-09-04 09:30:00.050,4.801,10000
2020-09-04 09:30:00.050,4.801,400
2020-09-04 09:30:00.050,4.801,200
2020-09-04 09:30:00.050,4.801,1500
2020-09-04 09:30:00.050,4.801,600
2020-09-04 09:30:00.050,4.801,1500
2020-09-04 09:30:00.050,4.801,3000
2020-09-04 09:30:00.050,4.801,2000
2020-09-04 09:30:00.050,4.801,10000
2020-09-04 09:30:00.050,4.801,20000
2020-09-04 09:30:00.050,4.801,2000
2020-09-04 09:30:00.050,4.801,8000
2020-09-04 09:30:00.050,4.8,500
2020-09-04 09:30:00.050,4.8,300
2020-09-04 09:30:00.050,4.8,4000
2020-09-04 09:30:00.050,4.8,1000
2020-09-04 09:30:00.050,4.8,1500
2020-09-04 09:30:00.050,4.8,500
2020-09-04 09:30:00.050,4.8,1000
2020-09-04 09:30:00.050,4.8,500
2020-09-04 09:30:00.050,4.8,1000
2020-09-04 09:30:00.050,4.8,2000
2020-09-04 09:30:00.050,4.8,5000
2020-09-04 09:30:00.050,4.8,3000
2020-09-04 09:30:00.050,4.8,3000
2020-09-04 09:30:00.050,4.8,2500
2020-09-04 09:30:00.050,4.8,800
2020-09-04 09:30:00.050,4.8,2000
2020-09-04 09:30:00.050,4.8,3000
2020-09-04 09:30:00.050,4.8,2500
2020-09-04 09:30:00.050,4.8,6900
2020-09-04 09:30:00.050,4.8,5000
2020-09-04 09:30:00.050,4.8,3500
2020-09-04 09:30:00.050,4.8,5000
2020-09-04 09:30:00.050,4.8,200
2020-09-04 09:30:00.050,4.8,800
2020-09-04 09:30:00.050,4.8,3000
2020-09-04 09:30:00.050,4.8,700
2020-09-04 09:30:00.050,4.8,10000
2020-09-04 09:30:00.050,4.8,300
2020-09-04 09:30:00.050,4.8,2100
2020-09-04 09:30:00.050,4.8,200
2020-09-04 09:30:00.050,4.8,6400
2020-09-04 09:30:00.050,4.8,1000
2020-09-04 09:30:00.050,4.8,100
2020-09-04 09:30:00.050,4.8,800
2020-09-04 09:30:00.050,4.8,100
2020-09-04 09:30:00.050,4.8,2500
2020-09-04 09:30:00.050,4.8,100
2020-09-04 09:30:00.050,4.8,2000
2020-09-04 09:30:00.050,4.8,100
2020-09-04 09:30:00.050,4.8,10000
2020-09-04 09:30:00.050,4.8,2000
2020-09-04 09:30:00.050,4.8,100
2020-09-04 09:30:00.050,4.8,5000
2020-09-04 09:30:00.050,4.8,500
2020-09-04 09:30:00.050,4.8,100
2020-09-04 09:30:00.050,4.8,1300
2020-09-04 09:30:00.050,4.8,2000
2020-09-04 09:30:00.050,4.8,6500
2020-09-04 09:30:00.050,4.8,1000
2020-09-04 09:30:00.050,4.8,300
2020-09-04 09:30:00.050,4.8,5100
2020-09-04 09:30:00.050,4.8,200
2020-09-04 09:30:00.050,4.8,100
2020-09-04 09:30:00.050,4.8,500
2020-09-04 09:30:00.050,4.8,5000
2020-09-04 09:30:00.050,4.8,1000
2020-09-04 09:30:00.050,4.8,2500
2020-09-04 09:30:00.050,4.8,1600
2020-09-04 09:30:00.050,4.8,2500
2020-09-04 09:30:00.050,4.8,1000
2020-09-04 09:30:00.050,4.8,1400
2020-09-04 09:30:00.050,4.8,200
2020-09-04 09:30:00.050,4.8,15000
2020-09-04 09:30:00.050,4.8,10000
2020-09-04 09:30:00.050,4.8,1200
2020-09-04 09:30:00.050,4.8,400
2020-09-04 09:30:00.050,4.8,3000
2020-09-04 09:30:00.050,4.8,3000
2020-09-04 09:30:00.050,4.8,3000
2020-09-04 09:30:00.050,4.8,2000
2020-09-04 09:30:00.050,4.8,2000
2020-09-04 09:30:00.050,4.8,5000
2020-09-04 09:30:00.050,4.8,1000
2020-09-04 09:30:00.050,4.8,1000
2020-09-04 09:30:00.050,4.8,10800
2020-09-04 09:30:00.050,4.8,200
2020-09-04 09:30:00.050,4.8,5000
2020-09-04 09:30:00.050,4.8,2000
2020-09-04 09:30:00.050,4.8,1000
2020-09-04 09:30:00.050,4.8,10000
2020-09-04 09:30:00.050,4.8,2000
2020-09-04 09:30:00.050,4.8,500
2020-09-04 09:30:00.050,4.8,300
2020-09-04 09:30:00.050,4.8,2600
2020-09-04 09:30:00.050,4.8,37400
2020-09-04 09:30:00.050,4.8,300
2020-09-04 09:30:00.050,4.8,1000
2020-09-04 09:30:00.050,4.8,20000
2020-09-04 09:30:00.050,4.8,1000
2020-09-04 09:30:00.050,4.8,3000
2020-09-04 09:30:00.050,4.8,4000
2020-09-04 09:30:00.050,4.8,3300
2020-09-04 09:30:00.050,4.8,5000
2020-09-04 09:30:00.050,4.8,4100
2020-09-04 09:30:00.050,4.8,200
2020-09-04 09:30:00.050,4.8,500
2020-09-04 09:30:00.050,4.8,4000
2020-09-04 09:30:00.050,4.8,10000
2020-09-04 09:30:00.050,4.8,200
2020-09-04 09:30:00.050,4.8,500
2020-09-04 09:30:00.050,4.8,10000
2020-09-04 09:30:00.050,4.8,5000
2020-09-04 09:30:00.050,4.8,5000
2020-09-04 09:30:00.050,4.8,200
2020-09-04 09:30:00.050,4.8,10300
2020-09-04 09:30:00.080,4.8,57100
2020-09-04 09:30:00.080,4.8,51700
2020-09-04 09:30:00.210,4.8,6500
2020-09-04 09:30:00.210,4.8,51100
2020-09-04 09:30:00.280,4.8,5000
2020-09-04 09:30:00.330,4.8,3000
2020-09-04 09:30:00.330,4.8,50000
2020-09-04 09:30:00.330,4.8,6900
2020-09-04 09:30:00.420,4.8,7000
2020-09-04 09:30:00.420,4.8,200
2020-09-04 09:30:00.420,4.8,200
2020-09-04 09:30:00.420,4.8,5000
2020-09-04 09:30:00.420,4.8,2000
2020-09-04 09:30:00.420,4.8,4000
2020-09-04 09:30:00.420,4.8,4700
2020-09-04 09:30:00.420,4.8,5000
2020-09-04 09:30:00.420,4.8,500
2020-09-04 09:30:00.420,4.8,10000
2020-09-04 09:30:00.420,4.8,15000
2020-09-04 09:30:00.420,4.8,40000
2020-09-04 09:30:00.420,4.8,2100
2020-09-04 09:30:00.420,4.8,10000
2020-09-04 09:30:00.420,4.8,5000
2020-09-04 09:30:00.420,4.8,15000
2020-09-04 09:30:00.530,4.8,2000
2020-09-04 09:30:00.530,4.8,5000
2020-09-04 09:30:00.530,4.8,4000
2020-09-04 09:30:00.530,4.8,500
2020-09-04 09:30:00.530,4.8,1100
2020-09-04 09:30:00.530,4.8,200
2020-09-04 09:30:00.530,4.8,2000
2020-09-04 09:30:00.530,4.8,300
2020-09-04 09:30:00.530,4.8,2000
2020-09-04 09:30:00.530,4.8,2000
2020-09-04 09:30:00.530,4.8,1000
2020-09-04 09:30:00.530,4.8,500
2020-09-04 09:30:00.530,4.8,100
2020-09-04 09:30:00.650,4.8,10000
2020-09-04 09:30:00.650,4.8,500
2020-09-04 09:30:00.650,4.8,500
2020-09-04 09:30:00.650,4.8,6500
2020-09-04 09:30:00.650,4.8,3500
2020-09-04 09:30:00.650,4.8,14000
2020-09-04 09:30:00.650,4.8,1000
2020-09-04 09:30:00.650,4.8,1100
2020-09-04 09:30:00.770,4.8,500
2020-09-04 09:30:00.770,4.8,600
2020-09-04 09:30:00.770,4.8,1000
2020-09-04 09:30:00.770,4.8,10000
2020-09-04 09:30:00.770,4.8,100
2020-09-04 09:30:00.770,4.8,1000
2020-09-04 09:30:00.770,4.8,70100
2020-09-04 09:30:00.770,4.8,27500
2020-09-04 09:30:00.770,4.8,2500
2020-09-04 09:30:00.770,4.8,500
2020-09-04 09:30:00.770,4.8,20000
2020-09-04 09:30:00.770,4.8,10000
2020-09-04 09:30:00.770,4.8,121100
2020-09-04 09:30:00.770,4.8,178900
2020-09-04 09:30:00.770,4.8,10000
2020-09-04 09:30:00.770,4.8,283700
2020-09-04 09:30:00.770,4.8,700
2020-09-04 09:30:00.770,4.8,2000
2020-09-04 09:30:00.770,4.8,2000
2020-09-04 09:30:00.770,4.8,5000
2020-09-04 09:30:00.880,4.8,2500
2020-09-04 09:30:00.880,4.8,1000
2020-09-04 09:30:00.880,4.8,1000
2020-09-04 09:30:00.880,4.8,2300
2020-09-04 09:30:00.880,4.8,100
2020-09-04 09:30:00.880,4.8,2100
2020-09-04 09:30:00.880,4.8,1000
2020-09-04 09:30:00.880,4.8,2500
2020-09-04 09:30:00.990,4.8,20000
2020-09-04 09:30:00.990,4.8,2100
2020-09-04 09:30:00.990,4.8,3500
2020-09-04 09:30:00.990,4.8,15000
2020-09-04 09:30:00.990,4.8,5000
2020-09-04 09:30:00.990,4.8,2300
2020-09-04 09:30:00.990,4.8,10300
2020-09-04 09:30:00.990,4.8,10300
2020-09-04 09:30:00.990,4.8,400
2020-09-04 09:30:00.990,4.8,2100
2020-09-04 09:30:00.990,4.8,30000
2020-09-04 09:30:00.990,4.8,75000
2020-09-04 09:30:00.990,4.8,300
2020-09-04 09:30:01.110,4.8,600
2020-09-04 09:30:01.110,4.8,10000
2020-09-04 09:30:01.110,4.8,3500
2020-09-04 09:30:01.110,4.8,300
2020-09-04 09:30:01.110,4.8,8900
2020-09-04 09:30:01.110,4.8,205600
2020-09-04 09:30:01.110,4.804,1200
2020-09-04 09:30:01.110,4.805,600
2020-09-04 09:30:01.110,4.806,2600
2020-09-04 09:30:01.110,4.807,31600
2020-09-04 09:30:01.110,4.807,1000
2020-09-04 09:30:01.110,4.808,5100
2020-09-04 09:30:01.110,4.808,1300
2020-09-04 09:30:01.110,4.808,10000
2020-09-04 09:30:01.110,4.808,1000
2020-09-04 09:30:01.110,4.808,10800
2020-09-04 09:30:01.110,4.808,29200
2020-09-04 09:30:01.110,4.808,4000
2020-09-04 09:30:01.110,4.808,3000
2020-09-04 09:30:01.110,4.808,3000
2020-09-04 09:30:01.110,4.808,500
2020-09-04 09:30:01.110,4.806,2500
2020-09-04 09:30:01.110,4.808,500
2020-09-04 09:30:01.110,4.808,3800
2020-09-04 09:30:01.240,4.808,500
2020-09-04 09:30:01.240,4.808,1000
2020-09-04 09:30:01.240,4.808,1000
2020-09-04 09:30:01.240,4.808,9000
2020-09-04 09:30:01.300,4.808,2500
2020-09-04 09:30:01.300,4.808,10000
2020-09-04 09:30:01.300,4.808,300
2020-09-04 09:30:01.300,4.808,2000
2020-09-04 09:30:01.300,4.808,200
2020-09-04 09:30:01.300,4.806,7900
2020-09-04 09:30:01.300,4.801,3000
2020-09-04 09:30:01.300,4.801,29100
2020-09-04 09:30:01.300,4.808,10000
2020-09-04 09:30:01.300,4.808,35400
2020-09-04 09:30:01.300,4.808,23500
2020-09-04 09:30:01.300,4.808,20000
2020-09-04 09:30:01.300,4.808,5000
2020-09-04 09:30:01.300,4.808,100
2020-09-04 09:30:01.300,4.808,156700
2020-09-04 09:30:01.300,4.808,1000
2020-09-04 09:30:01.300,4.808,10000
2020-09-04 09:30:01.300,4.808,2400
2020-09-04 09:30:01.300,4.808,4400
2020-09-04 09:30:01.300,4.808,100
2020-09-04 09:30:01.300,4.808,5100
2020-09-04 09:30:01.300,4.809,10000
2020-09-04 09:30:01.300,4.81,2000
2020-09-04 09:30:01.410,4.81,500000
2020-09-04 09:30:01.410,4.809,3000
2020-09-04 09:30:01.410,4.81,2000
2020-09-04 09:30:01.410,4.81,2000
2020-09-04 09:30:01.410,4.809,500
2020-09-04 09:30:01.410,4.81,1000
2020-09-04 09:30:01.410,4.81,30000
2020-09-04 09:30:01.410,4.809,5000
2020-09-04 09:30:01.410,4.809,5400
2020-09-04 09:30:01.410,4.81,3500
2020-09-04 09:30:01.410,4.81,300
2020-09-04 09:30:01.530,4.809,15000
2020-09-04 09:30:01.530,4.81,10000
2020-09-04 09:30:01.530,4.809,5400
2020-09-04 09:30:01.530,4.81,2000
2020-09-04 09:30:01.530,4.81,5000
2020-09-04 09:30:01.530,4.81,300
2020-09-04 09:30:01.530,4.81,10000
2020-09-04 09:30:01.530,4.81,200
2020-09-04 09:30:01.530,4.81,100
2020-09-04 09:30:01.530,4.809,5900
2020-09-04 09:30:01.670,4.81,183000
2020-09-04 09:30:01.670,4.81,21000
2020-09-04 09:30:01.670,4.809,2500
2020-09-04 09:30:01.670,4.81,14205
2020-09-04 09:30:01.670,4.81,5595
2020-09-04 09:30:01.670,4.81,20000
2020-09-04 09:30:01.670,4.81,7000
2020-09-04 09:30:01.670,4.81,20000
2020-09-04 09:30:01.670,4.81,10000
2020-09-04 09:30:01.670,4.81,100
2020-09-04 09:30:01.670,4.81,5000
2020-09-04 09:30:01.670,4.809,10000
2020-09-04 09:30:01.670,4.81,10000
2020-09-04 09:30:01.670,4.809,4000
2020-09-04 09:30:01.670,4.81,24600
2020-09-04 09:30:01.670,4.81,9100
2020-09-04 09:30:01.770,4.809,500
2020-09-04 09:30:01.770,4.81,300
2020-09-04 09:30:01.770,4.81,300000
2020-09-04 09:30:01.770,4.81,500
2020-09-04 09:30:01.770,4.81,1100
2020-09-04 09:30:01.770,4.81,10000
2020-09-04 09:30:01.770,4.81,1000
2020-09-04 09:30:01.770,4.81,5000
2020-09-04 09:30:01.770,4.809,5000
2020-09-04 09:30:01.770,4.81,10300
2020-09-04 09:30:01.770,4.809,3000
2020-09-04 09:30:01.770,4.81,1000
2020-09-04 09:30:01.770,4.81,2000
2020-09-04 09:30:01.890,4.81,2100
2020-09-04 09:30:01.890,4.81,300
2020-09-04 09:30:01.890,4.81,45000
2020-09-04 09:30:01.890,4.81,2000
2020-09-04 09:30:01.890,4.81,2000
2020-09-04 09:30:01.890,4.81,2000
2020-09-04 09:30:01.890,4.81,25000
2020-09-04 09:30:01.890,4.81,2000
2020-09-04 09:30:01.890,4.81,5000
2020-09-04 09:30:01.890,4.81,400
2020-09-04 09:30:01.890,4.809,12000
2020-09-04 09:30:01.890,4.81,290100
2020-09-04 09:30:01.890,4.809,10000
2020-09-04 09:30:01.890,4.81,600
2020-09-04 09:30:02.010,4.81,2000
2020-09-04 09:30:02.010,4.81,50000
2020-09-04 09:30:02.010,4.81,10000
2020-09-04 09:30:02.010,4.81,500
2020-09-04 09:30:02.010,4.809,4000
2020-09-04 09:30:02.010,4.81,100
2020-09-04 09:30:02.010,4.81,900
2020-09-04 09:30:02.010,4.81,100
2020-09-04 09:30:02.010,4.81,4000
2020-09-04 09:30:02.010,4.809,2800
2020-09-04 09:30:02.010,4.808,1200
2020-09-04 09:30:02.150,4.808,300
2020-09-04 09:30:02.150,4.81,800
2020-09-04 09:30:02.150,4.81,500
2020-09-04 09:30:02.150,4.81,1500
2020-09-04 09:30:02.150,4.81,1000
2020-09-04 09:30:02.150,4.81,500
2020-09-04 09:30:02.150,4.81,300
2020-09-04 09:30:02.150,4.81,5600
2020-09-04 09:30:02.150,4.81,3105
2020-09-04 09:30:02.150,4.81,9000
2020-09-04 09:30:02.150,4.81,63000
2020-09-04 09:30:02.150,4.81,4895
2020-09-04 09:30:02.150,4.81,10000
2020-09-04 09:30:02.300,4.81,500
2020-09-04 09:30:02.300,4.81,2000
2020-09-04 09:30:02.300,4.808,22000
2020-09-04 09:30:02.300,4.81,1000
2020-09-04 09:30:02.300,4.809,10000
2020-09-04 09:30:02.300,4.81,100
2020-09-04 09:30:02.300,4.81,1000
2020-09-04 09:30:02.300,4.81,7000
2020-09-04 09:30:02.300,4.81,10000
2020-09-04 09:30:02.300,4.81,2000
2020-09-04 09:30:02.300,4.81,2400
2020-09-04 09:30:02.300,4.81,500
2020-09-04 09:30:02.410,4.81,500
2020-09-04 09:30:02.410,4.809,3000
2020-09-04 09:30:02.410,4.81,40000
2020-09-04 09:30:02.410,4.81,2000
2020-09-04 09:30:02.410,4.81,1100
2020-09-04 09:30:02.410,4.81,500
2020-09-04 09:30:02.410,4.809,5000
2020-09-04 09:30:02.410,4.809,1000
2020-09-04 09:30:02.410,4.81,100
2020-09-04 09:30:02.410,4.809,2000
2020-09-04 09:30:02.410,4.81,15000
2020-09-04 09:30:02.520,4.809,11600
2020-09-04 09:30:02.520,4.81,300
2020-09-04 09:30:02.520,4.81,42100
2020-09-04 09:30:02.520,4.809,10000
2020-09-04 09:30:02.520,4.81,3000
2020-09-04 09:30:02.520,4.81,1405
2020-09-04 09:30:02.520,4.81,200
2020-09-04 09:30:02.520,4.81,2000
2020-09-04 09:30:02.520,4.81,20000
2020-09-04 09:30:02.520,4.81,10000
2020-09-04 09:30:02.520,4.81,10000
2020-09-04 09:30:02.520,4.81,200
2020-09-04 09:30:02.520,4.81,1500
2020-09-04 09:30:02.520,4.812,4695
2020-09-04 09:30:02.520,4.81,100
2020-09-04 09:30:02.520,4.81,2000
2020-09-04 09:30:02.520,4.81,18000
2020-09-04 09:30:02.520,4.81,10000
2020-09-04 09:30:02.520,4.81,1000
2020-09-04 09:30:02.520,4.81,1000
2020-09-04 09:30:02.650,4.812,4000
2020-09-04 09:30:02.650,4.812,1405
2020-09-04 09:30:02.650,4.812,1100
2020-09-04 09:30:02.650,4.813,1495
2020-09-04 09:30:02.650,4.81,11100
2020-09-04 09:30:02.770,4.81,4600
2020-09-04 09:30:02.770,4.81,4500
2020-09-04 09:30:02.770,4.811,5100
2020-09-04 09:30:02.920,4.811,2500
2020-09-04 09:30:02.920,4.813,2500
2020-09-04 09:30:02.920,4.811,4000
2020-09-04 09:30:02.920,4.811,8400
2020-09-04 09:30:02.920,4.81,1300
2020-09-04 09:30:02.920,4.813,300
2020-09-04 09:30:02.920,4.81,7500
2020-09-04 09:30:02.920,4.81,2600
2020-09-04 09:30:02.920,4.81,2000
2020-09-04 09:30:02.920,4.81,200
2020-09-04 09:30:02.920,4.81,10300
2020-09-04 09:30:02.920,4.81,100
2020-09-04 09:30:02.920,4.81,500
2020-09-04 09:30:02.920,4.81,2000
2020-09-04 09:30:02.920,4.81,100
2020-09-04 09:30:02.920,4.81,4700
2020-09-04 09:30:03.030,4.81,300
2020-09-04 09:30:03.030,4.81,15000
2020-09-04 09:30:03.030,4.81,5000
2020-09-04 09:30:03.030,4.81,19900
2020-09-04 09:30:03.030,4.81,4000
2020-09-04 09:30:03.030,4.81,27800
2020-09-04 09:30:03.030,4.81,1400
2020-09-04 09:30:03.030,4.81,200
2020-09-04 09:30:03.030,4.81,118000
2020-09-04 09:30:03.030,4.81,1000
2020-09-04 09:30:03.030,4.813,95705
2020-09-04 09:30:03.030,4.813,30000
2020-09-04 09:30:03.030,4.813,78100
2020-09-04 09:30:03.030,4.814,2500
2020-09-04 09:30:03.030,4.813,200
2020-09-04 09:30:03.160,4.814,4100
2020-09-04 09:30:03.160,4.813,500
2020-09-04 09:30:03.160,4.813,30000
2020-09-04 09:30:03.160,4.813,400
2020-09-04 09:30:03.160,4.813,1000
2020-09-04 09:30:03.290,4.814,13000
2020-09-04 09:30:03.290,4.813,6900
2020-09-04 09:30:03.290,4.814,20400
2020-09-04 09:30:03.290,4.815,26400
2020-09-04 09:30:03.290,4.815,70000
2020-09-04 09:30:03.290,4.816,3200
2020-09-04 09:30:03.290,4.816,10100
2020-09-04 09:30:03.290,4.817,76225
2020-09-04 09:30:03.290,4.817,600
2020-09-04 09:30:03.290,4.817,16900
2020-09-04 09:30:03.290,4.817,10000
2020-09-04 09:30:03.290,4.817,1100
2020-09-04 09:30:03.290,4.817,400
2020-09-04 09:30:03.290,4.817,1400
2020-09-04 09:30:03.290,4.818,20000
2020-09-04 09:30:03.290,4.819,1000
2020-09-04 09:30:03.290,4.82,42275
2020-09-04 09:30:03.290,4.813,400
2020-09-04 09:30:03.290,4.813,3600
2020-09-04 09:30:03.290,4.82,10000
2020-09-04 09:30:03.290,4.813,2400
2020-09-04 09:30:03.290,4.813,9800
2020-09-04 09:30:03.400,4.813,40995
2020-09-04 09:30:03.400,4.812,22805
2020-09-04 09:30:03.400,4.82,18125
2020-09-04 09:30:03.400,4.82,56875
2020-09-04 09:30:03.400,4.812,100
2020-09-04 09:30:03.520,4.812,200
2020-09-04 09:30:03.710,4.812,18395
2020-09-04 09:30:03.710,4.812,12605
2020-09-04 09:30:03.710,4.813,700
2020-09-04 09:30:03.710,4.813,1400
2020-09-04 09:30:03.710,4.812,2600
2020-09-04 09:30:03.710,4.812,1900
2020-09-04 09:30:03.710,4.812,500
2020-09-04 09:30:03.710,4.812,600
2020-09-04 09:30:03.710,4.82,6525
2020-09-04 09:30:03.710,4.82,15175
2020-09-04 09:30:03.710,4.815,17100
2020-09-04 09:30:03.830,4.815,2900
2020-09-04 09:30:04.070,4.82,10000
2020-09-04 09:30:04.070,4.815,14500
2020-09-04 09:30:04.070,4.815,3800
2020-09-04 09:30:04.070,4.815,31600
2020-09-04 09:30:04.180,4.815,9500
2020-09-04 09:30:04.180,4.815,1000
2020-09-04 09:30:04.180,4.815,100
2020-09-04 09:30:04.180,4.815,500
2020-09-04 09:30:04.180,4.815,2100
2020-09-04 09:30:04.310,4.815,120000
2020-09-04 09:30:04.310,4.815,25000
2020-09-04 09:30:04.310,4.815,71900
2020-09-04 09:30:04.310,4.815,19600
2020-09-04 09:30:04.440,4.815,900
2020-09-04 09:30:04.440,4.815,3200
2020-09-04 09:30:04.440,4.815,1200
2020-09-04 09:30:04.560,4.815,2000
2020-09-04 09:30:04.560,4.82,2500
2020-09-04 09:30:04.680,4.815,100
2020-09-04 09:30:04.680,4.82,50100
2020-09-04 09:30:04.680,4.815,2000
2020-09-04 09:30:04.680,4.815,14400
2020-09-04 09:30:04.680,4.815,164500
2020-09-04 09:30:04.680,4.815,5000
2020-09-04 09:30:04.810,4.815,4100
2020-09-04 09:30:04.810,4.815,3300
2020-09-04 09:30:04.810,4.815,21000
2020-09-04 09:30:05.010,4.815,15000
2020-09-04 09:30:05.010,4.82,14500
2020-09-04 09:30:05.010,4.815,500
2020-09-04 09:30:05.010,4.815,5000
2020-09-04 09:30:05.010,4.815,30100
2020-09-04 09:30:05.010,4.815,4700
2020-09-04 09:30:05.130,4.815,500
2020-09-04 09:30:05.190,4.815,400
2020-09-04 09:30:05.300,4.815,200
2020-09-04 09:30:05.300,4.815,1000
2020-09-04 09:30:05.300,4.815,1300
2020-09-04 09:30:05.300,4.814,2100
2020-09-04 09:30:05.300,4.813,39600
2020-09-04 09:30:05.450,4.813,500
2020-09-04 09:30:05.520,4.815,100
2020-09-04 09:30:05.520,4.815,1500
2020-09-04 09:30:05.520,4.813,38500
2020-09-04 09:30:05.590,4.813,6300
2020-09-04 09:30:05.590,4.813,64200
2020-09-04 09:30:05.590,4.813,6500
2020-09-04 09:30:05.720,4.817,6000
2020-09-04 09:30:05.720,4.818,300
2020-09-04 09:30:05.720,4.817,25700
2020-09-04 09:30:05.840,4.819,8800
2020-09-04 09:30:05.840,4.82,5000
2020-09-04 09:30:05.840,4.82,2725
2020-09-04 09:30:05.840,4.82,75
2020-09-04 09:30:06.070,4.819,20000
2020-09-04 09:30:06.070,4.819,1600
2020-09-04 09:30:06.070,4.82,1000
2020-09-04 09:30:06.070,4.82,100
2020-09-04 09:30:06.070,4.82,100
2020-09-04 09:30:06.070,4.82,100
2020-09-04 09:30:06.070,4.819,9600
2020-09-04 09:30:06.070,4.819,55000
2020-09-04 09:30:06.070,4.817,165600
2020-09-04 09:30:06.260,4.817,6700
2020-09-04 09:30:06.260,4.82,2500
2020-09-04 09:30:06.260,4.82,2000
2020-09-04 09:30:06.260,4.817,100
2020-09-04 09:30:06.260,4.817,1000
2020-09-04 09:30:06.380,4.817,2000
2020-09-04 09:30:06.380,4.817,10000
2020-09-04 09:30:06.380,4.817,10000
2020-09-04 09:30:06.380,4.817,1200
2020-09-04 09:30:06.380,4.817,12600
2020-09-04 09:30:06.510,4.817,5600
2020-09-04 09:30:06.510,4.817,24000
2020-09-04 09:30:06.620,4.817,24500
2020-09-04 09:30:06.620,4.815,32000
2020-09-04 09:30:06.620,4.815,8000
2020-09-04 09:30:06.620,4.815,2000
2020-09-04 09:30:06.620,4.815,3000
2020-09-04 09:30:06.620,4.814,3000
2020-09-04 09:30:06.620,4.813,28100
2020-09-04 09:30:06.620,4.813,100
2020-09-04 09:30:06.620,4.813,19800
2020-09-04 09:30:06.620,4.815,5000
2020-09-04 09:30:06.730,4.815,1000
2020-09-04 09:30:06.730,4.815,1000
2020-09-04 09:30:06.730,4.813,4000
2020-09-04 09:30:06.790,4.813,1500
2020-09-04 09:30:06.790,4.813,3100
2020-09-04 09:30:06.790,4.813,800
2020-09-04 09:30:06.790,4.813,4200
2020-09-04 09:30:06.900,4.813,600
2020-09-04 09:30:06.900,4.82,300
2020-09-04 09:30:06.900,4.816,100
2020-09-04 09:30:06.900,4.816,400
2020-09-04 09:30:06.900,4.816,3500
2020-09-04 09:30:06.900,4.813,16500
2020-09-04 09:30:06.900,4.813,2000
2020-09-04 09:30:07.040,4.813,900
2020-09-04 09:30:07.040,4.813,100
2020-09-04 09:30:07.040,4.813,2300
2020-09-04 09:30:07.100,4.813,60400
2020-09-04 09:30:07.100,4.813,2000
2020-09-04 09:30:07.100,4.813,29700
2020-09-04 09:30:07.100,4.813,2100
2020-09-04 09:30:07.210,4.82,200
2020-09-04 09:30:07.210,4.813,18200
2020-09-04 09:30:07.210,4.813,5000
2020-09-04 09:30:07.210,4.813,1000
2020-09-04 09:30:07.210,4.813,1000
2020-09-04 09:30:07.210,4.812,500
2020-09-04 09:30:07.210,4.812,10000
2020-09-04 09:30:07.210,4.812,17700
2020-09-04 09:30:07.210,4.82,93625
2020-09-04 09:30:07.210,4.82,6500
2020-09-04 09:30:07.210,4.82,73700
2020-09-04 09:30:07.210,4.82,5200
2020-09-04 09:30:07.210,4.821,2000
2020-09-04 09:30:07.210,4.821,700
2020-09-04 09:30:07.210,4.821,2000
2020-09-04 09:30:07.210,4.822,5500
2020-09-04 09:30:07.210,4.822,2000
2020-09-04 09:30:07.210,4.822,100
2020-09-04 09:30:07.210,4.822,2700
2020-09-04 09:30:07.330,4.821,1400
2020-09-04 09:30:07.530,4.821,5000
2020-09-04 09:30:07.530,4.821,5000
2020-09-04 09:30:07.530,4.821,4600
2020-09-04 09:30:07.530,4.821,31000
2020-09-04 09:30:07.530,4.821,6000
2020-09-04 09:30:07.530,4.821,10000
2020-09-04 09:30:07.640,4.821,1000
2020-09-04 09:30:07.640,4.821,6000
2020-09-04 09:30:07.640,4.821,1000
2020-09-04 09:30:07.640,4.821,20000
2020-09-04 09:30:07.640,4.821,2100
2020-09-04 09:30:07.640,4.821,25000
2020-09-04 09:30:07.640,4.821,10000
2020-09-04 09:30:07.640,4.822,2700
2020-09-04 09:30:07.760,4.821,50000
2020-09-04 09:30:07.760,4.821,100
2020-09-04 09:30:07.760,4.821,1400
2020-09-04 09:30:07.890,4.821,1000
2020-09-04 09:30:07.890,4.821,3000
2020-09-04 09:30:07.890,4.822,200
2020-09-04 09:30:07.890,4.821,50000
2020-09-04 09:30:07.890,4.821,50000
2020-09-04 09:30:07.890,4.821,26700
2020-09-04 09:30:07.890,4.821,1200
2020-09-04 09:30:07.890,4.82,22100
2020-09-04 09:30:07.890,4.821,200
2020-09-04 09:30:07.890,4.821,200
2020-09-04 09:30:07.890,4.82,1400
2020-09-04 09:30:08.030,4.82,300
2020-09-04 09:30:08.030,4.82,10000
2020-09-04 09:30:08.100,4.82,5000
2020-09-04 09:30:08.100,4.82,5000
2020-09-04 09:30:08.150,4.82,42000
2020-09-04 09:30:08.150,4.821,2100
2020-09-04 09:30:08.200,4.82,3000
2020-09-04 09:30:08.200,4.821,21000
2020-09-04 09:30:08.250,4.82,20000
2020-09-04 09:30:08.290,4.82,20000
2020-09-04 09:30:08.290,4.82,3000
2020-09-04 09:30:08.330,4.82,4175
2020-09-04 09:30:08.330,4.82,5025
2020-09-04 09:30:08.330,4.82,60100
2020-09-04 09:30:08.330,4.821,1000
2020-09-04 09:30:08.330,4.821,100
2020-09-04 09:30:08.410,4.82,3000
2020-09-04 09:30:08.410,4.82,1800
2020-09-04 09:30:08.450,4.821,25400
2020-09-04 09:30:08.450,4.822,16400
2020-09-04 09:30:08.450,4.822,4200
2020-09-04 09:30:08.450,4.822,73800
2020-09-04 09:30:08.450,4.824,400
2020-09-04 09:30:08.490,4.822,900
2020-09-04 09:30:08.530,4.822,100
2020-09-04 09:30:08.580,4.822,9300
2020-09-04 09:30:08.620,4.824,1000
2020-09-04 09:30:08.620,4.822,3000
2020-09-04 09:30:08.620,4.824,3000
2020-09-04 09:30:08.710,4.822,50000
2020-09-04 09:30:08.710,4.822,28300
2020-09-04 09:30:08.710,4.822,50000
2020-09-04 09:30:08.710,4.822,50000
2020-09-04 09:30:08.710,4.822,800
2020-09-04 09:30:08.750,4.822,2800
2020-09-04 09:30:08.750,4.82,20075
2020-09-04 09:30:08.750,4.817,12125
2020-09-04 09:30:08.830,4.817,3000
2020-09-04 09:30:08.870,4.82,100
2020-09-04 09:30:08.870,4.817,200
2020-09-04 09:30:08.870,4.817,100
2020-09-04 09:30:08.950,4.817,10000
2020-09-04 09:30:09.090,4.82,2000
2020-09-04 09:30:09.090,4.817,1400
2020-09-04 09:30:09.130,4.817,200
2020-09-04 09:30:09.200,4.823,1200
2020-09-04 09:30:09.240,4.823,3000
2020-09-04 09:30:09.280,4.817,20000
2020-09-04 09:30:09.320,4.823,200
2020-09-04 09:30:09.350,4.823,1200
2020-09-04 09:30:09.350,4.823,2000
2020-09-04 09:30:09.380,4.823,200
2020-09-04 09:30:09.380,4.823,2000
2020-09-04 09:30:09.380,4.82,1000
2020-09-04 09:30:09.380,4.819,200
2020-09-04 09:30:09.380,4.817,100
2020-09-04 09:30:09.380,4.823,2000
2020-09-04 09:30:09.490,4.817,500
2020-09-04 09:30:09.490,4.817,5000
2020-09-04 09:30:09.600,4.817,117300
2020-09-04 09:30:09.710,4.824,100
2020-09-04 09:30:09.740,4.817,12100
2020-09-04 09:30:09.740,4.817,1200
2020-09-04 09:30:09.780,4.817,100
2020-09-04 09:30:09.810,4.824,1000
2020-09-04 09:30:09.950,4.817,109700
2020-09-04 09:30:10.030,4.817,6975
2020-09-04 09:30:10.030,4.815,3000
2020-09-04 09:30:10.030,4.815,19025
2020-09-04 09:30:10.030,4.824,1200
2020-09-04 09:30:10.090,4.824,21700
2020-09-04 09:30:10.190,4.815,22575
2020-09-04 09:30:10.190,4.815,5000
2020-09-04 09:30:10.190,4.815,15000
2020-09-04 09:30:10.190,4.815,1700
2020-09-04 09:30:10.190,4.814,14225
2020-09-04 09:30:10.270,4.82,3500
2020-09-04 09:30:10.510,4.824,100
2020-09-04 09:30:10.730,4.824,500
2020-09-04 09:30:10.730,4.82,1000
2020-09-04 09:30:10.760,4.82,1000
2020-09-04 09:30:10.820,4.82,4600
2020-09-04 09:30:10.820,4.815,13500
2020-09-04 09:30:10.970,4.815,10000
2020-09-04 09:30:11.000,4.815,2000
2020-09-04 09:30:11.040,4.824,500
2020-09-04 09:30:11.100,4.82,400
2020-09-04 09:30:11.100,4.814,23900
2020-09-04 09:30:11.130,4.824,100
2020-09-04 09:30:11.220,4.824,200
2020-09-04 09:30:11.220,4.824,2000
2020-09-04 09:30:11.220,4.814,57600
2020-09-04 09:30:11.240,4.814,4275
2020-09-04 09:30:11.240,4.814,4125
2020-09-04 09:30:11.500,4.815,3000
2020-09-04 09:30:11.630,4.817,173800
2020-09-04 09:30:11.960,4.816,400
2020-09-04 09:30:11.960,4.816,1100
2020-09-04 09:30:11.960,4.816,500
2020-09-04 09:30:12.030,4.817,10000
2020-09-04 09:30:12.030,4.816,800
2020-09-04 09:30:12.030,4.817,2000
2020-09-04 09:30:12.030,4.817,300000
2020-09-04 09:30:12.130,4.817,173800
2020-09-04 09:30:12.130,4.817,4000
2020-09-04 09:30:12.250,4.817,236400
2020-09-04 09:30:12.250,4.817,48400
2020-09-04 09:30:12.280,4.824,18200
2020-09-04 09:30:12.480,4.825,3000
2020-09-04 09:30:12.640,4.824,253000
2020-09-04 09:30:12.640,4.82,15200
2020-09-04 09:30:12.640,4.82,5000
2020-09-04 09:30:12.790,4.817,10000
2020-09-04 09:30:12.790,4.817,800
2020-09-04 09:30:12.860,4.817,100
2020-09-04 09:30:12.890,4.817,1000
2020-09-04 09:30:12.890,4.816,4000
2020-09-04 09:30:13.050,4.817,2500
2020-09-04 09:30:13.320,4.817,100
2020-09-04 09:30:13.450,4.817,400
2020-09-04 09:30:13.480,4.817,200
2020-09-04 09:30:13.480,4.817,200
2020-09-04 09:30:13.480,4.817,200
2020-09-04 09:30:13.480,4.817,200
2020-09-04 09:30:13.480,4.817,200
2020-09-04 09:30:13.540,4.816,100
2020-09-04 09:30:13.590,4.817,2500
2020-09-04 09:30:13.820,4.816,3400
2020-09-04 09:30:13.820,4.816,100000
2020-09-04 09:30:14.000,4.816,63500
2020-09-04 09:30:14.000,4.815,17000
2020-09-04 09:30:14.000,4.815,300
2020-09-04 09:30:14.300,4.815,19200
2020-09-04 09:30:14.300,4.815,100000
2020-09-04 09:30:14.300,4.817,195800
2020-09-04 09:30:14.330,4.814,10000
2020-09-04 09:30:14.330,4.817,3000
2020-09-04 09:30:14.330,4.817,100
2020-09-04 09:30:14.400,4.814,15875
2020-09-04 09:30:14.400,4.814,400
2020-09-04 09:30:14.400,4.814,600
2020-09-04 09:30:14.400,4.814,300
2020-09-04 09:30:14.400,4.813,3000
2020-09-04 09:30:14.400,4.813,200
2020-09-04 09:30:14.400,4.813,2000
2020-09-04 09:30:14.400,4.813,1200
2020-09-04 09:30:14.400,4.813,600
2020-09-04 09:30:14.400,4.813,5000
2020-09-04 09:30:14.400,4.813,2000
2020-09-04 09:30:14.400,4.813,2000
2020-09-04 09:30:14.400,4.813,100
2020-09-04 09:30:14.400,4.813,5000
2020-09-04 09:30:14.400,4.813,300
2020-09-04 09:30:14.420,4.813,2000
2020-09-04 09:30:14.620,4.813,17000
2020-09-04 09:30:14.910,4.812,2300
2020-09-04 09:30:14.910,4.812,1000
2020-09-04 09:30:14.910,4.812,500
2020-09-04 09:30:14.910,4.812,200
2020-09-04 09:30:14.910,4.812,200
2020-09-04 09:30:14.910,4.812,1000
2020-09-04 09:30:14.910,4.812,10000
2020-09-04 09:30:14.910,4.812,10000
2020-09-04 09:30:14.910,4.812,100
2020-09-04 09:30:14.910,4.812,5000
2020-09-04 09:30:14.910,4.812,700
2020-09-04 09:30:14.910,4.812,2000
2020-09-04 09:30:14.910,4.812,300
2020-09-04 09:30:14.910,4.812,2000
2020-09-04 09:30:14.910,4.812,500
2020-09-04 09:30:14.910,4.812,1000
2020-09-04 09:30:14.910,4.811,4000
2020-09-04 09:30:14.910,4.811,5000
2020-09-04 09:30:14.910,4.811,15000
2020-09-04 09:30:14.910,4.811,600
2020-09-04 09:30:14.910,4.811,100
2020-09-04 09:30:14.910,4.811,7000
2020-09-04 09:30:14.910,4.811,2000
2020-09-04 09:30:14.910,4.811,5000
2020-09-04 09:30:14.910,4.811,100
2020-09-04 09:30:14.910,4.811,500
2020-09-04 09:30:14.910,4.811,10000
2020-09-04 09:30:14.910,4.811,10000
2020-09-04 09:30:14.910,4.811,20000
2020-09-04 09:30:14.910,4.811,8200
2020-09-04 09:30:14.910,4.811,2000
2020-09-04 09:30:14.910,4.811,100
2020-09-04 09:30:14.910,4.811,16600
2020-09-04 09:30:14.910,4.811,2200
2020-09-04 09:30:14.910,4.811,7300
2020-09-04 09:30:14.910,4.811,100
2020-09-04 09:30:14.910,4.811,300
2020-09-04 09:30:14.910,4.811,3700
2020-09-04 09:30:14.910,4.811,900
2020-09-04 09:30:14.910,4.811,50000
2020-09-04 09:30:14.910,4.811,600
2020-09-04 09:30:14.910,4.811,1000
2020-09-04 09:30:14.910,4.81,22800
2020-09-04 09:30:14.910,4.81,100
2020-09-04 09:30:14.910,4.81,10000
2020-09-04 09:30:14.910,4.81,1000
2020-09-04 09:30:14.910,4.81,200
2020-09-04 09:30:14.910,4.81,1000
2020-09-04 09:30:14.910,4.81,5000
2020-09-04 09:30:14.910,4.81,20000
2020-09-04 09:30:14.910,4.81,1000
2020-09-04 09:30:14.910,4.81,100
2020-09-04 09:30:14.910,4.81,3200
2020-09-04 09:30:14.910,4.81,3000
2020-09-04 09:30:14.910,4.81,5000
2020-09-04 09:30:14.910,4.81,208000
2020-09-04 09:30:14.910,4.81,5000
2020-09-04 09:30:14.910,4.81,200
2020-09-04 09:30:14.910,4.81,300
2020-09-04 09:30:14.910,4.81,2000
2020-09-04 09:30:14.910,4.81,1500
2020-09-04 09:30:14.910,4.81,3000
2020-09-04 09:30:14.910,4.81,1000
2020-09-04 09:30:14.910,4.81,5000
2020-09-04 09:30:14.910,4.81,1100
2020-09-04 09:30:14.910,4.81,10000
2020-09-04 09:30:14.910,4.81,12600
2020-09-04 09:30:14.910,4.81,2000
2020-09-04 09:30:14.910,4.81,2000
2020-09-04 09:30:14.910,4.81,30000
2020-09-04 09:30:14.910,4.81,100
2020-09-04 09:30:14.910,4.81,3000
2020-09-04 09:30:14.910,4.81,3000
2020-09-04 09:30:14.910,4.81,1000
2020-09-04 09:30:14.910,4.81,100
2020-09-04 09:30:14.910,4.81,600
2020-09-04 09:30:14.910,4.81,800
2020-09-04 09:30:14.910,4.81,2000
2020-09-04 09:30:14.910,4.81,800
2020-09-04 09:30:14.910,4.81,1000
2020-09-04 09:30:14.910,4.81,1500
2020-09-04 09:30:14.910,4.81,3000
2020-09-04 09:30:14.910,4.81,2500
2020-09-04 09:30:14.910,4.81,5000
2020-09-04 09:30:14.910,4.81,10000
2020-09-04 09:30:14.910,4.81,300000
2020-09-04 09:30:14.910,4.81,400
2020-09-04 09:30:15.010,4.813,200
2020-09-04 09:30:15.040,4.813,700
2020-09-04 09:30:15.160,4.813,5000
2020-09-04 09:30:15.160,4.813,200
2020-09-04 09:30:15.250,4.813,100
2020-09-04 09:30:15.250,4.813,3000
2020-09-04 09:30:15.280,4.813,10000
2020-09-04 09:30:15.310,4.813,10000
2020-09-04 09:30:15.490,4.813,300000
2020-09-04 09:30:15.530,4.813,10100
2020-09-04 09:30:15.590,4.81,16600
2020-09-04 09:30:15.590,4.81,13300
2020-09-04 09:30:15.630,4.81,21900
2020-09-04 09:30:15.730,4.813,100
2020-09-04 09:30:15.760,4.813,200
2020-09-04 09:30:15.760,4.813,300
2020-09-04 09:30:15.790,4.813,52525
2020-09-04 09:30:15.790,4.813,247475
2020-09-04 09:30:15.970,4.813,4000
2020-09-04 09:30:16.040,4.81,1400
2020-09-04 09:30:16.040,4.813,200
2020-09-04 09:30:16.040,4.813,200
2020-09-04 09:30:16.070,4.813,2100
2020-09-04 09:30:16.070,4.813,3000
2020-09-04 09:30:16.180,4.813,1000
2020-09-04 09:30:16.250,4.813,2700
2020-09-04 09:30:16.250,4.813,2000
2020-09-04 09:30:16.470,4.813,2500
2020-09-04 09:30:16.500,4.81,4000
2020-09-04 09:30:16.560,4.81,200
2020-09-04 09:30:16.600,4.813,5000
2020-09-04 09:30:16.660,4.813,70000
2020-09-04 09:30:16.800,4.813,2000
2020-09-04 09:30:16.890,4.811,40000
2020-09-04 09:30:16.890,4.81,10000
2020-09-04 09:30:16.890,4.81,50000
2020-09-04 09:30:16.950,4.813,3000
2020-09-04 09:30:16.950,4.812,25000
2020-09-04 09:30:16.950,4.81,54100
2020-09-04 09:30:16.950,4.813,5000
2020-09-04 09:30:16.980,4.813,5900
2020-09-04 09:30:17.020,4.81,50000
2020-09-04 09:30:17.020,4.813,10000
2020-09-04 09:30:17.020,4.813,83925
2020-09-04 09:30:17.020,4.817,409500
2020-09-04 09:30:17.020,4.817,100
2020-09-04 09:30:17.020,4.819,1000
2020-09-04 09:30:17.020,4.819,2800
2020-09-04 09:30:17.020,4.822,100000
2020-09-04 09:30:17.020,4.822,2675
2020-09-04 09:30:17.110,4.822,1000
2020-09-04 09:30:17.170,4.81,4200
2020-09-04 09:30:17.290,4.81,8900
2020-09-04 09:30:17.320,4.811,10000
2020-09-04 09:30:17.420,4.811,90000
2020-09-04 09:30:17.420,4.822,96325
2020-09-04 09:30:17.420,4.822,100000
2020-09-04 09:30:17.420,4.824,13675
2020-09-04 09:30:17.570,4.824,26325
2020-09-04 09:30:17.730,4.824,700
2020-09-04 09:30:18.230,4.824,16500
2020-09-04 09:30:18.300,4.825,7000
2020-09-04 09:30:18.300,4.825,800
2020-09-04 09:30:18.300,4.825,500
2020-09-04 09:30:18.300,4.825,100000
2020-09-04 09:30:18.300,4.825,1000
2020-09-04 09:30:18.300,4.825,19000
2020-09-04 09:30:18.420,4.823,1000
2020-09-04 09:30:18.420,4.823,9000
2020-09-04 09:30:18.710,4.825,21700
2020-09-04 09:30:18.800,4.825,9300
2020-09-04 09:30:18.800,4.825,20000
2020-09-04 09:30:18.920,4.825,270700
2020-09-04 09:30:18.920,4.824,99000
2020-09-04 09:30:18.920,4.823,530300
2020-09-04 09:30:18.980,4.823,60700
2020-09-04 09:30:18.980,4.819,30000
2020-09-04 09:30:18.980,4.818,2000
2020-09-04 09:30:18.980,4.818,1200
2020-09-04 09:30:18.980,4.817,400
2020-09-04 09:30:18.980,4.817,2000
2020-09-04 09:30:18.980,4.815,1000
2020-09-04 09:30:18.980,4.815,2700
2020-09-04 09:30:19.090,4.82,5000
2020-09-04 09:30:19.090,4.815,2800
2020-09-04 09:30:19.090,4.813,6000
2020-09-04 09:30:19.090,4.813,300000
2020-09-04 09:30:19.090,4.813,400
2020-09-04 09:30:19.090,4.813,10000
2020-09-04 09:30:19.090,4.813,100
2020-09-04 09:30:19.090,4.813,300000
2020-09-04 09:30:19.090,4.811,5000
2020-09-04 09:30:19.090,4.811,1000
2020-09-04 09:30:19.180,4.811,2000
2020-09-04 09:30:19.230,4.811,15000
2020-09-04 09:30:19.290,4.81,2000
2020-09-04 09:30:19.330,4.811,100
2020-09-04 09:30:19.330,4.811,20000
2020-09-04 09:30:19.470,4.811,232600
2020-09-04 09:30:19.600,4.823,10000
2020-09-04 09:30:20.270,4.82,69200
2020-09-04 09:30:20.340,4.82,32900
2020-09-04 09:30:20.340,4.823,50000
2020-09-04 09:30:21.010,4.821,40000
2020-09-04 09:30:21.010,4.821,500
2020-09-04 09:30:21.150,4.823,3000
2020-09-04 09:30:21.150,4.821,100
2020-09-04 09:30:21.510,4.823,2000
2020-09-04 09:30:21.610,4.819,20100
2020-09-04 09:30:21.720,4.819,3300
2020-09-04 09:30:21.740,4.819,2000
2020-09-04 09:30:21.910,4.824,1000
2020-09-04 09:30:22.410,4.824,3000
2020-09-04 09:30:23.580,4.818,1500
2020-09-04 09:30:23.580,4.817,8500
2020-09-04 09:30:23.820,4.817,100
2020-09-04 09:30:24.370,4.819,500
2020-09-04 09:30:24.780,4.82,300
2020-09-04 09:30:24.780,4.82,2500
2020-09-04 09:30:25.350,4.817,10000
2020-09-04 09:30:25.950,4.819,6000
2020-09-04 09:30:26.340,4.819,1000
2020-09-04 09:30:26.410,4.82,400
2020-09-04 09:30:26.890,4.817,4800
2020-09-04 09:30:26.890,4.82,5000
2020-09-04 09:30:27.690,4.82,4000
2020-09-04 09:30:27.920,4.82,500
2020-09-04 09:30:28.010,4.82,100
2020-09-04 09:30:28.190,4.82,500
2020-09-04 09:30:28.340,4.82,200
2020-09-04 09:30:28.370,4.82,7100
2020-09-04 09:30:28.370,4.82,293000
2020-09-04 09:30:28.540,4.821,300
2020-09-04 09:30:28.580,4.821,300
2020-09-04 09:30:28.580,4.821,9400
2020-09-04 09:30:28.580,4.822,4000
2020-09-04 09:30:28.580,4.823,6600
2020-09-04 09:30:28.600,4.823,300000
2020-09-04 09:30:28.720,4.822,100
2020-09-04 09:30:28.810,4.823,500
2020-09-04 09:30:28.830,4.823,10000
2020-09-04 09:30:28.930,4.823,20000
2020-09-04 09:30:28.930,4.82,20000
2020-09-04 09:30:28.930,4.823,2500
2020-09-04 09:30:29.190,4.823,20000
2020-09-04 09:30:29.190,4.82,49500
2020-09-04 09:30:29.650,4.817,26600
2020-09-04 09:30:29.650,4.817,1000
2020-09-04 09:30:29.650,4.817,2000
2020-09-04 09:30:29.650,4.817,5000
2020-09-04 09:30:29.650,4.817,5000
2020-09-04 09:30:29.650,4.817,5000
2020-09-04 09:30:29.840,4.82,800
2020-09-04 09:30:30.090,4.82,5000
2020-09-04 09:30:30.210,4.818,21000
2020-09-04 09:30:30.210,4.817,25000
2020-09-04 09:30:30.210,4.817,500
2020-09-04 09:30:30.210,4.817,4100
2020-09-04 09:30:30.210,4.816,2000
2020-09-04 09:30:30.210,4.816,100
2020-09-04 09:30:30.210,4.816,100
2020-09-04 09:30:30.210,4.816,600000
2020-09-04 09:30:30.210,4.816,10000
2020-09-04 09:30:30.210,4.815,500
2020-09-04 09:30:30.210,4.815,2500
2020-09-04 09:30:30.210,4.815,6000
2020-09-04 09:30:30.210,4.814,100
2020-09-04 09:30:30.210,4.814,2000
2020-09-04 09:30:30.210,4.814,500
2020-09-04 09:30:30.210,4.813,2000
2020-09-04 09:30:30.210,4.813,1000
2020-09-04 09:30:30.210,4.813,1300
2020-09-04 09:30:30.210,4.813,221300
2020-09-04 09:30:30.270,4.817,10000
2020-09-04 09:30:30.270,4.817,100
2020-09-04 09:30:30.420,4.817,200
2020-09-04 09:30:30.460,4.817,21300
2020-09-04 09:30:30.460,4.82,28100
2020-09-04 09:30:30.720,4.82,1000
2020-09-04 09:30:30.840,4.82,1000
2020-09-04 09:30:30.840,4.82,3000
2020-09-04 09:30:30.870,4.82,1500
2020-09-04 09:30:30.900,4.82,1000
2020-09-04 09:30:30.900,4.82,6300
2020-09-04 09:30:30.990,4.82,100
2020-09-04 09:30:31.080,4.82,2700
2020-09-04 09:30:31.080,4.82,5300
2020-09-04 09:30:31.190,4.817,1000
2020-09-04 09:30:31.190,4.815,7200
2020-09-04 09:30:31.190,4.82,200
2020-09-04 09:30:31.220,4.816,20000
2020-09-04 09:30:31.280,4.816,100
2020-09-04 09:30:31.340,4.816,500
2020-09-04 09:30:31.370,4.816,500
2020-09-04 09:30:31.370,4.816,8700
2020-09-04 09:30:31.390,4.816,300
2020-09-04 09:30:31.490,4.816,100
2020-09-04 09:30:31.650,4.816,2000
2020-09-04 09:30:31.650,4.816,3000
2020-09-04 09:30:31.740,4.816,5000
2020-09-04 09:30:31.820,4.816,20000
2020-09-04 09:30:31.940,4.816,300
2020-09-04 09:30:32.030,4.816,2500
2020-09-04 09:30:32.060,4.816,100
2020-09-04 09:30:32.120,4.816,1000
2020-09-04 09:30:32.180,4.816,10000
2020-09-04 09:30:32.270,4.816,1000
2020-09-04 09:30:32.300,4.816,400
2020-09-04 09:30:32.360,4.816,5000
2020-09-04 09:30:32.360,4.816,10000
2020-09-04 09:30:32.430,4.816,300000
2020-09-04 09:30:32.490,4.816,2100
2020-09-04 09:30:32.520,4.816,1600
2020-09-04 09:30:32.700,4.816,1000
2020-09-04 09:30:32.750,4.816,36800
2020-09-04 09:30:32.810,4.816,10000
2020-09-04 09:30:32.870,4.816,2000
2020-09-04 09:30:33.030,4.816,100
2020-09-04 09:30:33.030,4.816,30000
2020-09-04 09:30:33.030,4.816,100
2020-09-04 09:30:33.100,4.816,2400
2020-09-04 09:30:33.190,4.816,500
2020-09-04 09:30:33.220,4.816,3000
2020-09-04 09:30:33.310,4.816,300000
2020-09-04 09:30:33.430,4.816,20000
2020-09-04 09:30:33.530,4.816,18300
2020-09-04 09:30:33.530,4.816,2000
2020-09-04 09:30:33.610,4.816,6000
2020-09-04 09:30:33.640,4.816,500
2020-09-04 09:30:33.790,4.816,200
2020-09-04 09:30:33.790,4.816,200
2020-09-04 09:30:33.790,4.816,200
2020-09-04 09:30:33.960,4.816,19800
2020-09-04 09:30:34.200,4.816,10100
2020-09-04 09:30:34.350,4.816,6000
2020-09-04 09:30:34.380,4.816,2300
2020-09-04 09:30:34.380,4.816,10000
2020-09-04 09:30:34.530,4.816,2000
2020-09-04 09:30:34.700,4.816,12000
2020-09-04 09:30:34.780,4.816,1000
2020-09-04 09:30:34.840,4.816,9300
2020-09-04 09:30:34.840,4.818,700
2020-09-04 09:30:34.870,4.818,2500
2020-09-04 09:30:35.050,4.818,500
2020-09-04 09:30:35.160,4.818,10000
2020-09-04 09:30:35.360,4.818,30000
2020-09-04 09:30:35.390,4.818,7000
2020-09-04 09:30:35.420,4.818,2000
2020-09-04 09:30:35.420,4.818,5200
2020-09-04 09:30:35.510,4.818,10900
2020-09-04 09:30:35.650,4.818,20000
2020-09-04 09:30:35.650,4.818,4500
2020-09-04 09:30:35.730,4.818,1000
2020-09-04 09:30:35.850,4.818,3000
2020-09-04 09:30:35.850,4.817,500
2020-09-04 09:30:35.850,4.817,400
2020-09-04 09:30:35.850,4.817,10000
2020-09-04 09:30:35.970,4.817,2500
2020-09-04 09:30:36.030,4.817,7100
2020-09-04 09:30:36.380,4.818,108300
2020-09-04 09:30:36.460,4.818,3200
2020-09-04 09:30:36.620,4.817,1400
2020-09-04 09:30:36.700,4.817,10000
2020-09-04 09:30:36.720,4.818,200
2020-09-04 09:30:36.720,4.818,6300
2020-09-04 09:30:36.870,4.818,4500
2020-09-04 09:30:36.900,4.817,34600
2020-09-04 09:30:36.900,4.817,100
2020-09-04 09:30:36.900,4.816,500
2020-09-04 09:30:36.900,4.816,2000
2020-09-04 09:30:36.900,4.816,10000
2020-09-04 09:30:36.900,4.816,5000
2020-09-04 09:30:36.900,4.816,800
2020-09-04 09:30:36.900,4.815,12800
2020-09-04 09:30:36.900,4.815,2000
2020-09-04 09:30:36.900,4.815,10000
2020-09-04 09:30:36.900,4.815,2000
2020-09-04 09:30:36.900,4.815,600000
2020-09-04 09:30:36.900,4.815,600
2020-09-04 09:30:36.900,4.815,800
2020-09-04 09:30:36.900,4.815,3000
2020-09-04 09:30:36.900,4.815,4000
2020-09-04 09:30:37.050,4.815,15000
2020-09-04 09:30:37.050,4.815,10000
2020-09-04 09:30:37.050,4.815,2000
2020-09-04 09:30:37.050,4.815,4400
2020-09-04 09:30:37.080,4.815,10000
2020-09-04 09:30:37.140,4.815,100
2020-09-04 09:30:37.140,4.815,3000
2020-09-04 09:30:37.140,4.815,100
2020-09-04 09:30:37.140,4.815,100
2020-09-04 09:30:37.140,4.815,100
2020-09-04 09:30:37.280,4.815,22600
2020-09-04 09:30:37.350,4.815,10000
2020-09-04 09:30:37.380,4.815,2000
2020-09-04 09:30:37.440,4.815,2000
2020-09-04 09:30:37.500,4.815,30000
2020-09-04 09:30:37.550,4.815,30000
2020-09-04 09:30:37.580,4.815,1000
2020-09-04 09:30:37.580,4.815,100
2020-09-04 09:30:37.580,4.815,3000
2020-09-04 09:30:37.690,4.815,6000
2020-09-04 09:30:37.750,4.815,2000
2020-09-04 09:30:37.810,4.815,10000
2020-09-04 09:30:37.810,4.815,200
2020-09-04 09:30:37.980,4.815,11200
2020-09-04 09:30:37.980,4.815,18600
2020-09-04 09:30:38.000,4.815,4800
2020-09-04 09:30:38.040,4.815,21700
2020-09-04 09:30:38.060,4.815,2000
2020-09-04 09:30:38.060,4.815,1700
2020-09-04 09:30:38.120,4.814,200
2020-09-04 09:30:38.120,4.814,10000
2020-09-04 09:30:38.120,4.814,1200
2020-09-04 09:30:38.120,4.814,8900
2020-09-04 09:30:38.270,4.815,2000
2020-09-04 09:30:38.270,4.815,1000
2020-09-04 09:30:38.380,4.815,10000
2020-09-04 09:30:38.410,4.815,1000
2020-09-04 09:30:38.470,4.815,4500
2020-09-04 09:30:38.530,4.815,4300
2020-09-04 09:30:38.530,4.817,4900
2020-09-04 09:30:38.530,4.817,5000
2020-09-04 09:30:38.530,4.817,14700
2020-09-04 09:30:38.530,4.817,3600
2020-09-04 09:30:38.530,4.818,800
2020-09-04 09:30:38.900,4.818,10000
2020-09-04 09:30:38.900,4.817,3400
2020-09-04 09:30:38.960,4.818,5000
2020-09-04 09:30:39.220,4.817,4100
2020-09-04 09:30:39.290,4.818,100
2020-09-04 09:30:39.350,4.818,500
2020-09-04 09:30:39.370,4.818,30000
2020-09-04 09:30:39.470,4.818,300000
2020-09-04 09:30:39.500,4.818,5000
2020-09-04 09:30:39.670,4.818,300000
2020-09-04 09:30:39.730,4.818,10000
2020-09-04 09:30:39.920,4.818,5100
2020-09-04 09:30:40.080,4.818,500
2020-09-04 09:30:40.110,4.818,4100
2020-09-04 09:30:40.140,4.818,1600
2020-09-04 09:30:40.170,4.818,4000
2020-09-04 09:30:40.170,4.817,2800
2020-09-04 09:30:40.170,4.817,5000
2020-09-04 09:30:40.170,4.817,10000
2020-09-04 09:30:40.170,4.816,7600
2020-09-04 09:30:40.170,4.816,3000
2020-09-04 09:30:40.170,4.816,500
2020-09-04 09:30:40.170,4.816,100
2020-09-04 09:30:40.170,4.816,1000
2020-09-04 09:30:40.170,4.815,2000
2020-09-04 09:30:40.170,4.815,468000
2020-09-04 09:30:40.200,4.818,2000
2020-09-04 09:30:40.320,4.818,200
2020-09-04 09:30:40.380,4.816,2000
2020-09-04 09:30:40.380,4.815,19400
2020-09-04 09:30:40.520,4.816,13000
2020-09-04 09:30:40.660,4.818,1300
2020-09-04 09:30:40.880,4.82,2500
2020-09-04 09:30:40.910,4.818,9100
2020-09-04 09:30:40.910,4.817,2000
2020-09-04 09:30:41.060,4.817,1000
2020-09-04 09:30:41.090,4.817,200
2020-09-04 09:30:41.200,4.817,1500
2020-09-04 09:30:41.300,4.816,2300
2020-09-04 09:30:41.360,4.816,1000
2020-09-04 09:30:41.410,4.816,400
2020-09-04 09:30:41.440,4.816,9800
2020-09-04 09:30:41.440,4.817,23200
2020-09-04 09:30:41.560,4.817,3000
2020-09-04 09:30:41.590,4.817,1000
2020-09-04 09:30:41.660,4.817,38400
2020-09-04 09:30:41.680,4.817,5000
2020-09-04 09:30:41.710,4.817,3000
2020-09-04 09:30:41.930,4.817,20000
2020-09-04 09:30:41.960,4.817,4200
2020-09-04 09:30:42.170,4.817,1000
2020-09-04 09:30:42.170,4.817,100
2020-09-04 09:30:42.170,4.817,11500
2020-09-04 09:30:42.310,4.817,23900
2020-09-04 09:30:42.500,4.817,5000
2020-09-04 09:30:42.500,4.817,200
2020-09-04 09:30:42.530,4.817,4000
2020-09-04 09:30:42.530,4.817,21300
2020-09-04 09:30:42.530,4.817,38700
2020-09-04 09:30:42.560,4.817,2500
2020-09-04 09:30:42.580,4.817,4100
2020-09-04 09:30:42.580,4.817,22000
2020-09-04 09:30:42.910,4.817,2000
2020-09-04 09:30:42.910,4.817,10000
2020-09-04 09:30:42.940,4.817,2100
2020-09-04 09:30:42.940,4.817,2000
2020-09-04 09:30:43.040,4.817,5000
2020-09-04 09:30:43.130,4.817,1000
2020-09-04 09:30:43.160,4.817,5000
2020-09-04 09:30:43.160,4.817,300
2020-09-04 09:30:43.160,4.817,100
2020-09-04 09:30:43.480,4.817,5000
2020-09-04 09:30:43.510,4.817,3900
2020-09-04 09:30:43.510,4.817,5000
2020-09-04 09:30:43.640,4.817,900
2020-09-04 09:30:43.780,4.817,7800
2020-09-04 09:30:43.780,4.817,5000
2020-09-04 09:30:43.780,4.818,10000
2020-09-04 09:30:43.870,4.818,3000
2020-09-04 09:30:44.170,4.818,98200
2020-09-04 09:30:44.250,4.82,5700
2020-09-04 09:30:44.280,4.818,276000
2020-09-04 09:30:44.280,4.818,2000
2020-09-04 09:30:44.280,4.817,1300
2020-09-04 09:30:44.280,4.817,5000
2020-09-04 09:30:44.280,4.817,4100
2020-09-04 09:30:44.280,4.816,100
2020-09-04 09:30:44.280,4.816,200
2020-09-04 09:30:44.280,4.816,100
2020-09-04 09:30:44.280,4.816,500
2020-09-04 09:30:44.280,4.816,2100
2020-09-04 09:30:44.280,4.816,10000
2020-09-04 09:30:44.280,4.816,10000
2020-09-04 09:30:44.280,4.816,2000
2020-09-04 09:30:44.280,4.816,19700
2020-09-04 09:30:44.280,4.816,1000
2020-09-04 09:30:44.280,4.816,100
2020-09-04 09:30:44.280,4.816,2400
2020-09-04 09:30:44.280,4.816,800
2020-09-04 09:30:44.280,4.816,600
2020-09-04 09:30:44.310,4.816,100
2020-09-04 09:30:44.340,4.816,1000
2020-09-04 09:30:44.340,4.816,5000
2020-09-04 09:30:44.400,4.816,1100
2020-09-04 09:30:44.510,4.816,1100
2020-09-04 09:30:44.770,4.816,1000
2020-09-04 09:30:44.770,4.816,1000
2020-09-04 09:30:45.000,4.816,2100
2020-09-04 09:30:45.000,4.816,1000
2020-09-04 09:30:45.070,4.816,8000
2020-09-04 09:30:45.130,4.816,21700
2020-09-04 09:30:45.130,4.816,1000
2020-09-04 09:30:45.250,4.816,1700
2020-09-04 09:30:45.420,4.816,4000
2020-09-04 09:30:45.440,4.816,700
2020-09-04 09:30:45.660,4.816,10000
2020-09-04 09:30:45.900,4.816,4500
2020-09-04 09:30:45.980,4.816,6600
2020-09-04 09:30:46.140,4.816,1500
2020-09-04 09:30:46.140,4.816,1000
2020-09-04 09:30:46.220,4.816,5000
2020-09-04 09:30:46.280,4.816,34700
2020-09-04 09:30:46.310,4.816,500
2020-09-04 09:30:46.400,4.816,200
2020-09-04 09:30:46.460,4.816,8300
2020-09-04 09:30:46.580,4.816,600
2020-09-04 09:30:46.580,4.816,600
2020-09-04 09:30:46.580,4.816,2000
2020-09-04 09:30:46.610,4.816,500
2020-09-04 09:30:46.690,4.816,500
2020-09-04 09:30:46.850,4.816,5000
2020-09-04 09:30:46.850,4.816,1000
2020-09-04 09:30:46.850,4.816,1500
2020-09-04 09:30:46.980,4.816,2500
2020-09-04 09:30:47.060,4.816,6900
2020-09-04 09:30:47.330,4.816,4500
2020-09-04 09:30:47.360,4.816,700
2020-09-04 09:30:47.530,4.816,500
2020-09-04 09:30:47.530,4.816,2400
2020-09-04 09:30:47.580,4.816,500
2020-09-04 09:30:47.730,4.816,3600
2020-09-04 09:30:47.930,4.816,20000
2020-09-04 09:30:47.970,4.816,6300
2020-09-04 09:30:48.160,4.816,5000
2020-09-04 09:30:48.220,4.816,6300
2020-09-04 09:30:48.340,4.816,3000
2020-09-04 09:30:48.420,4.816,30000
2020-09-04 09:30:48.510,4.816,15000
2020-09-04 09:30:48.510,4.816,20000
2020-09-04 09:30:48.570,4.816,100
2020-09-04 09:30:48.770,4.816,5300
2020-09-04 09:30:48.800,4.816,1500
2020-09-04 09:30:48.880,4.816,300
2020-09-04 09:30:48.940,4.815,4000
2020-09-04 09:30:48.940,4.815,37900
2020-09-04 09:30:49.050,4.816,10000
2020-09-04 09:30:49.050,4.816,4500
2020-09-04 09:30:49.140,4.816,3000
2020-09-04 09:30:49.140,4.816,275600
2020-09-04 09:30:49.140,4.816,24400
2020-09-04 09:30:49.140,4.816,5000
2020-09-04 09:30:49.230,4.816,500
2020-09-04 09:30:49.500,4.816,1200
2020-09-04 09:30:49.750,4.816,10000
2020-09-04 09:30:49.940,4.816,3400
2020-09-04 09:30:49.940,4.816,100
2020-09-04 09:30:49.940,4.816,3400
2020-09-04 09:30:49.940,4.816,17200
2020-09-04 09:30:50.000,4.817,69300
2020-09-04 09:30:50.000,4.817,20000
2020-09-04 09:30:50.000,4.819,210700
2020-09-04 09:30:50.530,4.819,2000
2020-09-04 09:30:50.530,4.819,5000
2020-09-04 09:30:50.530,4.819,14000
2020-09-04 09:30:50.770,4.819,1700
2020-09-04 09:30:51.270,4.818,600
2020-09-04 09:30:51.330,4.819,66600
2020-09-04 09:30:51.330,4.819,228400
2020-09-04 09:30:51.460,4.818,1600
2020-09-04 09:30:51.890,4.819,10000
2020-09-04 09:30:52.110,4.818,1000
2020-09-04 09:30:52.130,4.818,5300
2020-09-04 09:30:52.310,4.82,20000
2020-09-04 09:30:52.940,4.818,8400
2020-09-04 09:30:52.940,4.818,1600
2020-09-04 09:30:53.230,4.82,3800
2020-09-04 09:30:53.230,4.819,1000
2020-09-04 09:30:53.230,4.818,1000
2020-09-04 09:30:53.550,4.82,62500
2020-09-04 09:30:53.550,4.82,600
2020-09-04 09:30:53.550,4.82,2000
2020-09-04 09:30:53.550,4.821,1000
2020-09-04 09:30:53.550,4.822,100
2020-09-04 09:30:53.550,4.822,233800
2020-09-04 09:30:53.930,4.82,300
2020-09-04 09:30:53.930,4.822,21400
2020-09-04 09:30:53.930,4.818,400
2020-09-04 09:30:53.930,4.818,5000
2020-09-04 09:30:53.930,4.818,14600
2020-09-04 09:30:53.930,4.818,5400
2020-09-04 09:30:53.930,4.818,6200
2020-09-04 09:30:53.930,4.818,12700
2020-09-04 09:30:53.930,4.818,3800
2020-09-04 09:30:53.930,4.818,82400
2020-09-04 09:30:54.510,4.822,44800
2020-09-04 09:30:54.510,4.822,255200
2020-09-04 09:30:55.580,4.821,1000
2020-09-04 09:30:55.580,4.821,100
2020-09-04 09:30:55.750,4.821,100
2020-09-04 09:30:56.050,4.82,100
2020-09-04 09:30:56.590,4.821,5000
2020-09-04 09:30:56.960,4.821,5000
2020-09-04 09:30:56.960,4.82,13400
2020-09-04 09:30:57.240,4.82,500
2020-09-04 09:30:57.370,4.821,1000
2020-09-04 09:30:57.430,4.821,500
2020-09-04 09:30:57.540,4.82,13200
2020-09-04 09:30:57.540,4.82,4700
2020-09-04 09:30:57.540,4.82,1600
2020-09-04 09:30:57.860,4.821,2000
2020-09-04 09:30:58.010,4.821,500
2020-09-04 09:30:58.040,4.821,6200
2020-09-04 09:30:58.180,4.821,1000
2020-09-04 09:30:58.360,4.82,1800
2020-09-04 09:30:58.510,4.82,200
2020-09-04 09:30:58.510,4.821,500
2020-09-04 09:30:59.060,4.821,500
2020-09-04 09:30:59.090,4.821,500
2020-09-04 09:30:59.280,4.82,1400
2020-09-04 09:30:59.280,4.82,14000
2020-09-04 09:30:59.280,4.82,1000
2020-09-04 09:30:59.280,4.82,10000
2020-09-04 09:30:59.280,4.82,2000
2020-09-04 09:30:59.280,4.82,50000
2020-09-04 09:30:59.490,4.819,1000
2020-09-04 09:30:59.490,4.819,3700
2020-09-04 09:30:59.490,4.819,5000
2020-09-04 09:30:59.490,4.819,300
2020-09-04 09:30:59.620,4.82,600
2020-09-04 09:30:59.880,4.82,5000
2020-09-04 09:30:59.910,4.82,300
2020-09-04 09:31:00.220,4.819,4700
2020-09-04 09:31:00.220,4.819,27000
2020-09-04 09:31:00.370,4.82,15700
2020-09-04 09:31:00.370,4.82,2300
2020-09-04 09:31:00.370,4.821,276100
2020-09-04 09:31:00.370,4.821,5900
2020-09-04 09:31:00.550,4.821,2000
2020-09-04 09:31:00.730,4.821,200
2020-09-04 09:31:00.820,4.821,291900
2020-09-04 09:31:00.820,4.822,44800
2020-09-04 09:31:00.820,4.822,300000
2020-09-04 09:31:00.820,4.823,270700
2020-09-04 09:31:00.820,4.823,20000
2020-09-04 09:31:00.820,4.823,600
2020-09-04 09:31:00.820,4.823,72000
2020-09-04 09:31:01.050,4.822,800
2020-09-04 09:31:01.050,4.822,6200
2020-09-04 09:31:01.050,4.822,200
2020-09-04 09:31:01.050,4.821,100
2020-09-04 09:31:01.050,4.82,2000
2020-09-04 09:31:01.050,4.819,15300
2020-09-04 09:31:01.230,4.822,7000
2020-09-04 09:31:01.490,4.821,1000
2020-09-04 09:31:01.580,4.821,400
2020-09-04 09:31:01.640,4.821,500
2020-09-04 09:31:01.840,4.82,500
2020-09-04 09:31:01.870,4.82,1100
2020-09-04 09:31:01.990,4.819,2000
2020-09-04 09:31:02.050,4.82,500
2020-09-04 09:31:02.050,4.82,20000
2020-09-04 09:31:02.230,4.82,5000
2020-09-04 09:31:02.290,4.82,2500
2020-09-04 09:31:02.310,4.82,50000
2020-09-04 09:31:02.310,4.82,10000
2020-09-04 09:31:02.340,4.819,10000
2020-09-04 09:31:02.800,4.819,395700
2020-09-04 09:31:02.800,4.819,3000
2020-09-04 09:31:02.800,4.819,20000
2020-09-04 09:31:02.800,4.819,200
2020-09-04 09:31:02.800,4.819,1000
2020-09-04 09:31:02.800,4.819,1000
2020-09-04 09:31:02.800,4.819,10000
2020-09-04 09:31:02.800,4.819,100
2020-09-04 09:31:02.920,4.818,600
2020-09-04 09:31:03.020,4.82,500
2020-09-04 09:31:03.040,4.82,16400
2020-09-04 09:31:03.180,4.82,45000
2020-09-04 09:31:03.210,4.82,5100
2020-09-04 09:31:03.330,4.82,2000
2020-09-04 09:31:03.450,4.82,50000
2020-09-04 09:31:03.450,4.82,3000
2020-09-04 09:31:03.650,4.82,1000
2020-09-04 09:31:03.670,4.82,10000
2020-09-04 09:31:03.760,4.82,77400
2020-09-04 09:31:03.760,4.82,8000
2020-09-04 09:31:03.760,4.82,70000
2020-09-04 09:31:03.760,4.82,6500
2020-09-04 09:31:03.760,4.821,16800
2020-09-04 09:31:03.760,4.822,154200
2020-09-04 09:31:03.850,4.82,2400
2020-09-04 09:31:04.000,4.819,1000
2020-09-04 09:31:04.000,4.819,9600
2020-09-04 09:31:04.000,4.819,2500
2020-09-04 09:31:04.000,4.819,1500
2020-09-04 09:31:04.000,4.818,217000
2020-09-04 09:31:04.000,4.818,3000
2020-09-04 09:31:04.000,4.818,3000
2020-09-04 09:31:04.000,4.818,5000
2020-09-04 09:31:04.000,4.818,1000
2020-09-04 09:31:04.000,4.818,5000
2020-09-04 09:31:04.000,4.818,1000
2020-09-04 09:31:04.000,4.818,3000
2020-09-04 09:31:04.000,4.818,150000
2020-09-04 09:31:04.000,4.818,43100
2020-09-04 09:31:04.000,4.818,1000
2020-09-04 09:31:04.000,4.818,200
2020-09-04 09:31:04.000,4.818,3000
2020-09-04 09:31:04.000,4.818,112200
2020-09-04 09:31:04.140,4.818,200
2020-09-04 09:31:04.190,4.818,2000
2020-09-04 09:31:04.220,4.818,4000
2020-09-04 09:31:04.250,4.818,2000
2020-09-04 09:31:04.410,4.818,2000
2020-09-04 09:31:04.620,4.818,10000
2020-09-04 09:31:04.620,4.818,200
2020-09-04 09:31:04.620,4.818,200
2020-09-04 09:31:04.620,4.818,200
2020-09-04 09:31:04.720,4.818,19000
2020-09-04 09:31:04.720,4.818,3000
2020-09-04 09:31:04.740,4.818,3300
2020-09-04 09:31:04.990,4.818,1700
2020-09-04 09:31:05.050,4.818,100
2020-09-04 09:31:05.130,4.818,5000
2020-09-04 09:31:05.190,4.818,500
2020-09-04 09:31:05.290,4.818,200
2020-09-04 09:31:05.310,4.818,10000
2020-09-04 09:31:05.430,4.818,1000
2020-09-04 09:31:05.430,4.818,273300
2020-09-04 09:31:05.430,4.818,26700
2020-09-04 09:31:05.520,4.818,5000
2020-09-04 09:31:05.660,4.818,9000
2020-09-04 09:31:05.720,4.818,10000
2020-09-04 09:31:05.750,4.817,4400
2020-09-04 09:31:05.750,4.817,100
2020-09-04 09:31:05.750,4.817,20000
2020-09-04 09:31:05.750,4.817,10000
2020-09-04 09:31:05.750,4.817,200
2020-09-04 09:31:05.750,4.817,3000
2020-09-04 09:31:05.750,4.817,50000
2020-09-04 09:31:05.750,4.817,11000
2020-09-04 09:31:05.750,4.817,100
2020-09-04 09:31:05.750,4.817,200
2020-09-04 09:31:05.750,4.817,20000
2020-09-04 09:31:05.750,4.817,5000
2020-09-04 09:31:05.750,4.817,1000
2020-09-04 09:31:05.750,4.817,5000
2020-09-04 09:31:05.750,4.817,3000
2020-09-04 09:31:05.750,4.817,6100
2020-09-04 09:31:05.840,4.818,10000
2020-09-04 09:31:05.840,4.818,100
2020-09-04 09:31:05.870,4.818,800
2020-09-04 09:31:05.930,4.818,1000
2020-09-04 09:31:06.110,4.818,7700
2020-09-04 09:31:06.110,4.818,2000
2020-09-04 09:31:06.140,4.818,5000
2020-09-04 09:31:06.230,4.818,10200
2020-09-04 09:31:06.420,4.818,10000
2020-09-04 09:31:06.420,4.818,2500
2020-09-04 09:31:06.450,4.819,700
2020-09-04 09:31:06.570,4.818,7500
2020-09-04 09:31:06.570,4.818,3200
2020-09-04 09:31:06.730,4.819,4000
2020-09-04 09:31:06.840,4.819,10000
2020-09-04 09:31:06.860,4.819,120000
2020-09-04 09:31:06.860,4.819,50000
2020-09-04 09:31:06.950,4.819,1100
2020-09-04 09:31:07.160,4.819,5000
2020-09-04 09:31:07.160,4.819,40000
2020-09-04 09:31:07.250,4.819,900
2020-09-04 09:31:07.450,4.819,1700
2020-09-04 09:31:07.450,4.819,1000
2020-09-04 09:31:07.450,4.819,1000
2020-09-04 09:31:07.480,4.818,1800
2020-09-04 09:31:07.480,4.818,2000
2020-09-04 09:31:07.480,4.818,10000
2020-09-04 09:31:07.480,4.818,10000
2020-09-04 09:31:07.480,4.818,10000
2020-09-04 09:31:07.480,4.818,500
2020-09-04 09:31:07.480,4.818,10000
2020-09-04 09:31:07.480,4.818,10000
2020-09-04 09:31:07.520,4.818,100
2020-09-04 09:31:07.600,4.818,100
2020-09-04 09:31:07.670,4.818,5000
2020-09-04 09:31:07.760,4.818,900
2020-09-04 09:31:07.820,4.818,5000
2020-09-04 09:31:07.820,4.818,2000
2020-09-04 09:31:07.900,4.818,5000
2020-09-04 09:31:07.930,4.818,10000
2020-09-04 09:31:07.930,4.818,10000
2020-09-04 09:31:08.020,4.818,20000
2020-09-04 09:31:08.090,4.818,1000
2020-09-04 09:31:08.180,4.818,6000
2020-09-04 09:31:08.330,4.818,400
2020-09-04 09:31:08.330,4.818,10000
2020-09-04 09:31:08.360,4.817,300
2020-09-04 09:31:08.430,4.818,10000
2020-09-04 09:31:08.430,4.818,9000
2020-09-04 09:31:08.530,4.818,5000
2020-09-04 09:31:08.590,4.818,300
2020-09-04 09:31:08.770,4.818,1000
2020-09-04 09:31:09.020,4.818,10000
2020-09-04 09:31:09.080,4.817,1900
2020-09-04 09:31:09.080,4.818,200
2020-09-04 09:31:09.080,4.818,2400
2020-09-04 09:31:09.180,4.818,10000
2020-09-04 09:31:09.260,4.818,600000
2020-09-04 09:31:09.290,4.818,2000
2020-09-04 09:31:09.460,4.818,2000
2020-09-04 09:31:09.660,4.817,41700
2020-09-04 09:31:09.660,4.817,5900
2020-09-04 09:31:09.660,4.817,35000
2020-09-04 09:31:09.660,4.817,100
2020-09-04 09:31:09.660,4.817,1800
2020-09-04 09:31:09.660,4.817,500
2020-09-04 09:31:09.660,4.817,3000
2020-09-04 09:31:09.690,4.817,2000
2020-09-04 09:31:09.780,4.817,20700
2020-09-04 09:31:09.810,4.817,2000
2020-09-04 09:31:09.870,4.817,600
2020-09-04 09:31:09.990,4.817,200
2020-09-04 09:31:10.080,4.817,100
2020-09-04 09:31:10.120,4.817,2200
2020-09-04 09:31:10.140,4.817,50000
2020-09-04 09:31:10.180,4.817,1000
2020-09-04 09:31:10.210,4.816,10000
2020-09-04 09:31:10.210,4.816,100
2020-09-04 09:31:10.210,4.816,100
2020-09-04 09:31:10.210,4.816,300
2020-09-04 09:31:10.210,4.816,20000
2020-09-04 09:31:10.210,4.816,300
2020-09-04 09:31:10.210,4.816,4000
2020-09-04 09:31:10.210,4.816,17100
2020-09-04 09:31:10.210,4.816,20000
2020-09-04 09:31:10.210,4.816,1500
2020-09-04 09:31:10.210,4.816,5000
2020-09-04 09:31:10.210,4.816,400
2020-09-04 09:31:10.210,4.816,500
2020-09-04 09:31:10.210,4.816,200
2020-09-04 09:31:10.210,4.816,100
2020-09-04 09:31:10.210,4.816,300000
2020-09-04 09:31:10.210,4.816,500
2020-09-04 09:31:10.210,4.816,1000
2020-09-04 09:31:10.210,4.816,10000
2020-09-04 09:31:10.210,4.816,500
2020-09-04 09:31:10.210,4.816,200
2020-09-04 09:31:10.210,4.816,400
2020-09-04 09:31:10.210,4.816,700
2020-09-04 09:31:10.210,4.816,100
2020-09-04 09:31:10.210,4.816,6800
2020-09-04 09:31:10.210,4.816,200
2020-09-04 09:31:10.210,4.816,2500
2020-09-04 09:31:10.210,4.816,5000
2020-09-04 09:31:10.210,4.816,20000
2020-09-04 09:31:10.210,4.816,900
2020-09-04 09:31:10.210,4.816,100
2020-09-04 09:31:10.210,4.816,2000
2020-09-04 09:31:10.210,4.816,12900
2020-09-04 09:31:10.210,4.816,14300
2020-09-04 09:31:10.210,4.816,2500
2020-09-04 09:31:10.210,4.816,1500
2020-09-04 09:31:10.210,4.816,3000
2020-09-04 09:31:10.210,4.816,5000
2020-09-04 09:31:10.210,4.816,1000
2020-09-04 09:31:10.210,4.816,15000
2020-09-04 09:31:10.210,4.816,2100
2020-09-04 09:31:10.210,4.816,300
2020-09-04 09:31:10.210,4.816,1600
2020-09-04 09:31:10.210,4.816,200
2020-09-04 09:31:10.210,4.816,10000
2020-09-04 09:31:10.210,4.816,10000
2020-09-04 09:31:10.210,4.816,1000
2020-09-04 09:31:10.210,4.816,1000
2020-09-04 09:31:10.210,4.816,800
2020-09-04 09:31:10.210,4.816,2000
2020-09-04 09:31:10.210,4.816,200
2020-09-04 09:31:10.210,4.816,1000
2020-09-04 09:31:10.210,4.816,1500
2020-09-04 09:31:10.210,4.816,600
2020-09-04 09:31:10.210,4.816,92900
2020-09-04 09:31:10.210,4.816,1000
2020-09-04 09:31:10.240,4.816,3700
2020-09-04 09:31:10.330,4.815,40000
2020-09-04 09:31:10.360,4.816,2000
2020-09-04 09:31:10.440,4.816,500
2020-09-04 09:31:10.730,4.816,3000
2020-09-04 09:31:10.760,4.816,14300
2020-09-04 09:31:10.820,4.816,1300
2020-09-04 09:31:11.090,4.816,1200
2020-09-04 09:31:11.090,4.816,5000
2020-09-04 09:31:11.120,4.816,100000
2020-09-04 09:31:11.180,4.816,157100
2020-09-04 09:31:11.180,4.817,133200
2020-09-04 09:31:11.180,4.817,2000
2020-09-04 09:31:11.180,4.818,7700
2020-09-04 09:31:11.300,4.818,5300
2020-09-04 09:31:11.610,4.818,26000
2020-09-04 09:31:11.700,4.818,400
2020-09-04 09:31:11.900,4.818,3000
2020-09-04 09:31:11.900,4.818,1000
2020-09-04 09:31:11.900,4.818,30000
2020-09-04 09:31:12.120,4.818,1000
2020-09-04 09:31:12.270,4.818,100
2020-09-04 09:31:12.310,4.818,1000
2020-09-04 09:31:12.390,4.818,10000
2020-09-04 09:31:12.480,4.818,400
2020-09-04 09:31:12.720,4.817,2000
2020-09-04 09:31:12.720,4.817,1000
2020-09-04 09:31:12.720,4.816,10000
2020-09-04 09:31:12.720,4.816,3000
2020-09-04 09:31:12.720,4.815,63300
2020-09-04 09:31:12.940,4.818,3100
2020-09-04 09:31:12.940,4.818,100
2020-09-04 09:31:13.130,4.819,30000
2020-09-04 09:31:13.130,4.819,500
2020-09-04 09:31:13.190,4.818,800
2020-09-04 09:31:13.190,4.817,4500
2020-09-04 09:31:13.440,4.816,300
2020-09-04 09:31:13.440,4.816,500
2020-09-04 09:31:13.600,4.816,5000
2020-09-04 09:31:13.770,4.816,300
2020-09-04 09:31:13.800,4.816,200
2020-09-04 09:31:13.860,4.816,9100
2020-09-04 09:31:13.860,4.819,5900
2020-09-04 09:31:13.910,4.819,100
2020-09-04 09:31:14.090,4.819,300
2020-09-04 09:31:14.410,4.819,600
2020-09-04 09:31:14.410,4.819,3000
2020-09-04 09:31:14.820,4.818,1000
2020-09-04 09:31:14.820,4.818,5000
2020-09-04 09:31:14.820,4.818,500
2020-09-04 09:31:14.820,4.818,5000
2020-09-04 09:31:14.820,4.818,20000
2020-09-04 09:31:14.820,4.818,2000
2020-09-04 09:31:14.820,4.818,200
2020-09-04 09:31:14.820,4.818,50000
2020-09-04 09:31:14.880,4.815,58800
2020-09-04 09:31:14.880,4.815,30000
2020-09-04 09:31:14.880,4.815,86100
2020-09-04 09:31:14.880,4.815,5000
2020-09-04 09:31:14.880,4.815,5000
2020-09-04 09:31:14.880,4.815,700
2020-09-04 09:31:14.880,4.815,100
2020-09-04 09:31:14.880,4.815,3000
2020-09-04 09:31:14.880,4.815,100
2020-09-04 09:31:14.880,4.815,2500
2020-09-04 09:31:14.880,4.815,1000
2020-09-04 09:31:14.880,4.815,900
2020-09-04 09:31:14.880,4.815,7200
2020-09-04 09:31:14.880,4.815,200
2020-09-04 09:31:14.880,4.815,300
2020-09-04 09:31:14.880,4.815,5000
2020-09-04 09:31:14.880,4.815,1800
2020-09-04 09:31:14.880,4.815,2000
2020-09-04 09:31:14.880,4.815,5000
2020-09-04 09:31:14.880,4.815,2000
2020-09-04 09:31:14.880,4.815,200
2020-09-04 09:31:14.880,4.815,1100
2020-09-04 09:31:14.880,4.815,10000
2020-09-04 09:31:14.880,4.815,500
2020-09-04 09:31:14.880,4.815,2500
2020-09-04 09:31:14.880,4.815,200
2020-09-04 09:31:14.880,4.815,5000
2020-09-04 09:31:14.880,4.815,10000
2020-09-04 09:31:14.880,4.815,500
2020-09-04 09:31:14.880,4.815,3000
2020-09-04 09:31:14.880,4.815,100
2020-09-04 09:31:14.880,4.815,200
2020-09-04 09:31:14.880,4.815,78500
2020-09-04 09:31:14.880,4.815,3100
2020-09-04 09:31:14.880,4.815,1000
2020-09-04 09:31:14.880,4.815,2000
2020-09-04 09:31:14.880,4.815,10000
2020-09-04 09:31:14.910,4.815,5000
2020-09-04 09:31:14.940,4.815,1900
2020-09-04 09:31:14.980,4.815,10000
2020-09-04 09:31:15.010,4.815,200
2020-09-04 09:31:15.080,4.815,2000
2020-09-04 09:31:15.180,4.815,2000
2020-09-04 09:31:15.260,4.815,5000
2020-09-04 09:31:15.330,4.815,2000
2020-09-04 09:31:15.420,4.815,10300
2020-09-04 09:31:15.450,4.815,500
2020-09-04 09:31:15.650,4.815,5000
2020-09-04 09:31:15.770,4.815,1000
2020-09-04 09:31:15.840,4.815,200
2020-09-04 09:31:15.980,4.815,1000
2020-09-04 09:31:16.010,4.815,6000
2020-09-04 09:31:16.090,4.815,500
2020-09-04 09:31:16.090,4.815,200
2020-09-04 09:31:16.120,4.815,200
2020-09-04 09:31:16.160,4.815,200
2020-09-04 09:31:16.480,4.815,1000
2020-09-04 09:31:16.540,4.815,10000
2020-09-04 09:31:16.580,4.815,400
2020-09-04 09:31:16.580,4.815,1000
2020-09-04 09:31:16.790,4.815,100100
2020-09-04 09:31:16.850,4.815,5000
2020-09-04 09:31:16.910,4.815,500
2020-09-04 09:31:16.910,4.815,200
2020-09-04 09:31:17.130,4.815,1200
2020-09-04 09:31:17.130,4.815,600
2020-09-04 09:31:17.130,4.815,2000
2020-09-04 09:31:17.150,4.815,1200
2020-09-04 09:31:17.240,4.815,1000
2020-09-04 09:31:17.310,4.815,5000
2020-09-04 09:31:17.400,4.815,600
2020-09-04 09:31:17.400,4.815,2500
2020-09-04 09:31:17.510,4.815,1000
2020-09-04 09:31:17.510,4.815,500
2020-09-04 09:31:17.510,4.815,2500
2020-09-04 09:31:17.580,4.815,300
2020-09-04 09:31:17.640,4.815,5000
2020-09-04 09:31:17.730,4.815,3200
2020-09-04 09:31:17.870,4.815,1000
2020-09-04 09:31:17.870,4.815,500
2020-09-04 09:31:17.930,4.815,1100
2020-09-04 09:31:17.960,4.815,2000
2020-09-04 09:31:18.270,4.815,500
2020-09-04 09:31:18.300,4.815,52300
2020-09-04 09:31:18.300,4.817,2000
2020-09-04 09:31:18.300,4.817,18000
2020-09-04 09:31:18.380,4.817,2100
2020-09-04 09:31:18.430,4.817,1100
2020-09-04 09:31:18.590,4.817,500
2020-09-04 09:31:18.590,4.817,200
2020-09-04 09:31:18.650,4.817,100
2020-09-04 09:31:18.710,4.817,3000
2020-09-04 09:31:18.740,4.817,100
2020-09-04 09:31:18.980,4.817,274900
2020-09-04 09:31:18.980,4.817,25100
2020-09-04 09:31:19.060,4.817,700
2020-09-04 09:31:19.200,4.816,3000
2020-09-04 09:31:19.230,4.816,2000
2020-09-04 09:31:19.460,4.816,11100
2020-09-04 09:31:19.550,4.816,500
2020-09-04 09:31:19.660,4.816,5000
2020-09-04 09:31:19.800,4.816,1500
2020-09-04 09:31:19.920,4.816,20000
2020-09-04 09:31:19.920,4.816,5000
2020-09-04 09:31:20.190,4.815,3000
2020-09-04 09:31:20.190,4.815,10000
2020-09-04 09:31:20.190,4.815,10000
2020-09-04 09:31:20.190,4.814,200
2020-09-04 09:31:20.190,4.814,600
2020-09-04 09:31:20.190,4.814,2500
2020-09-04 09:31:20.190,4.814,50000
2020-09-04 09:31:20.190,4.814,1000
2020-09-04 09:31:20.190,4.814,7100
2020-09-04 09:31:20.190,4.814,200
2020-09-04 09:31:20.260,4.814,100
2020-09-04 09:31:20.290,4.814,3000
2020-09-04 09:31:20.290,4.814,1000
2020-09-04 09:31:20.290,4.814,10000
2020-09-04 09:31:20.320,4.814,1200
2020-09-04 09:31:20.540,4.814,10000
2020-09-04 09:31:20.540,4.814,1000
2020-09-04 09:31:20.630,4.814,400000
2020-09-04 09:31:20.670,4.814,2000
2020-09-04 09:31:20.690,4.814,10000
2020-09-04 09:31:20.690,4.814,10000
2020-09-04 09:31:20.730,4.814,1000
2020-09-04 09:31:20.850,4.813,11200
2020-09-04 09:31:21.060,4.814,1000
2020-09-04 09:31:21.350,4.814,50000
2020-09-04 09:31:21.370,4.814,21600
2020-09-04 09:31:21.460,4.814,10000
2020-09-04 09:31:21.660,4.814,1000
2020-09-04 09:31:21.740,4.814,10000
2020-09-04 09:31:21.860,4.814,10000
2020-09-04 09:31:21.860,4.814,5000
2020-09-04 09:31:21.970,4.814,10000
2020-09-04 09:31:22.030,4.814,12100
2020-09-04 09:31:22.170,4.815,300
2020-09-04 09:31:22.170,4.815,3100
2020-09-04 09:31:22.170,4.816,500
2020-09-04 09:31:22.170,4.816,2000
2020-09-04 09:31:22.260,4.816,30000
2020-09-04 09:31:22.260,4.816,10000
2020-09-04 09:31:22.340,4.816,28000
2020-09-04 09:31:22.570,4.816,800
2020-09-04 09:31:23.060,4.816,10000
2020-09-04 09:31:23.180,4.814,100
2020-09-04 09:31:23.270,4.816,1100
2020-09-04 09:31:23.350,4.816,10000
2020-09-04 09:31:23.440,4.816,2000
2020-09-04 09:31:23.530,4.816,600
2020-09-04 09:31:23.530,4.816,2100
2020-09-04 09:31:23.650,4.816,50000
2020-09-04 09:31:23.750,4.816,10000
2020-09-04 09:31:23.750,4.816,10000
2020-09-04 09:31:24.350,4.816,30000
2020-09-04 09:31:24.350,4.816,10000
2020-09-04 09:31:24.390,4.816,10000
2020-09-04 09:31:24.570,4.816,1000
2020-09-04 09:31:26.510,4.816,400
2020-09-04 09:31:26.660,4.816,10000
2020-09-04 09:31:26.830,4.816,100
2020-09-04 09:31:26.830,4.816,23300
2020-09-04 09:31:26.830,4.816,100000
2020-09-04 09:31:26.830,4.816,4000
2020-09-04 09:31:26.830,4.816,33800
2020-09-04 09:31:26.830,4.816,138900
2020-09-04 09:31:26.860,4.815,200
2020-09-04 09:31:26.980,4.816,4100
2020-09-04 09:31:27.380,4.816,290000
2020-09-04 09:31:27.780,4.815,100
2020-09-04 09:31:27.780,4.815,100
2020-09-04 09:31:27.780,4.815,1400
2020-09-04 09:31:27.780,4.815,5200
2020-09-04 09:31:27.780,4.815,2000
2020-09-04 09:31:27.780,4.815,300
2020-09-04 09:31:27.780,4.815,200
2020-09-04 09:31:27.780,4.815,700
2020-09-04 09:31:27.810,4.816,5000
2020-09-04 09:31:27.840,4.816,100
2020-09-04 09:31:28.000,4.816,300000
2020-09-04 09:31:28.240,4.816,500
2020-09-04 09:31:28.390,4.816,100
2020-09-04 09:31:28.420,4.815,2000
2020-09-04 09:31:28.420,4.816,3400
2020-09-04 09:31:28.620,4.815,300
2020-09-04 09:31:28.620,4.815,1700
2020-09-04 09:31:28.650,4.816,2300
2020-09-04 09:31:28.850,4.816,155600
2020-09-04 09:31:28.850,4.816,144400
2020-09-04 09:31:28.970,4.816,9700
2020-09-04 09:31:29.250,4.816,290000
2020-09-04 09:31:29.330,4.816,200
2020-09-04 09:31:29.630,4.816,100
2020-09-04 09:31:29.760,4.815,2000
2020-09-04 09:31:30.040,4.815,1300
2020-09-04 09:31:30.040,4.815,2000
2020-09-04 09:31:30.040,4.815,2200
2020-09-04 09:31:30.040,4.815,100
2020-09-04 09:31:30.040,4.815,800
2020-09-04 09:31:30.040,4.815,17500
2020-09-04 09:31:30.160,4.816,20000
2020-09-04 09:31:30.190,4.816,1100
2020-09-04 09:31:30.220,4.816,2100
2020-09-04 09:31:30.220,4.815,24900
2020-09-04 09:31:30.220,4.815,2100
2020-09-04 09:31:30.220,4.815,200
2020-09-04 09:31:30.220,4.815,4400
2020-09-04 09:31:30.290,4.816,100
2020-09-04 09:31:30.370,4.816,14500
2020-09-04 09:31:30.490,4.816,400
2020-09-04 09:31:30.520,4.816,3300
2020-09-04 09:31:30.660,4.816,2000
2020-09-04 09:31:30.760,4.815,600
2020-09-04 09:31:30.760,4.815,200
2020-09-04 09:31:30.760,4.815,1000
2020-09-04 09:31:30.860,4.815,2100
2020-09-04 09:31:30.920,4.815,300
2020-09-04 09:31:30.920,4.815,10000
2020-09-04 09:31:30.920,4.815,1000
2020-09-04 09:31:30.940,4.815,200
2020-09-04 09:31:31.000,4.815,500
