Datetime,Lastprice,Volume,Precloseprice,AvgPrice,Iopv,Netvalue,Bid[0],BidQty[0],Bid[1],BidQty[1],Bid[2],BidQty[2],Bid[3],BidQty[3],Bid[4],BidQty[4],Bid[5],BidQty[5],Bid[6],BidQty[6],Bid[7],BidQty[7],Bid[8],BidQty[8],Bid[9],BidQty[9],Ask[0],AskQty[0],Ask[1],AskQty[1],Ask[2],AskQty[2],Ask[3],AskQty[3],Ask[4],AskQty[4],Ask[5],AskQty[5],Ask[6],AskQty[6],Ask[7],AskQty[7],Ask[8],AskQty[8],Ask[9],AskQty[9]
2020-09-04 09:25:00.150,2.912,32600.0,2.976,2.912,2.982,2.982,2.912,12200,2.911,24000,2.91,50000,2.908,16300,2.907,7600,2.905,19200,2.901,4000,2.9,100,2.887,2000,2.875,1100,2.996,900,3.003,4600,3.04,100,3.2,1000,3.274,4800,0.0,0,0.0,0,0.0,0,0.0,0,0.0,0
2020-09-04 09:30:02.750,2.996,1100.0,2.976,2.914742,2.942,2.982,2.916,4600,2.914,5000,2.913,5000,2.912,17200,2.911,24000,2.909,4000,2.908,11300,2.905,17200,2.901,4000,2.9,100,2.995,4400,3.003,4600,3.04,100,3.2,1000,3.274,4800,0.0,0,0.0,0,0.0,0,0.0,0,0.0,0
2020-09-04 09:30:07.130,2.924,1900.0,2.976,2.915236,2.94,2.982,2.924,4900,2.916,4600,2.913,17200,2.912,27300,2.911,24000,2.909,4000,2.908,11300,2.905,17200,2.901,4000,2.9,100,2.975,30000,2.991,15100,2.995,4400,3.003,4600,3.04,100,3.2,1000,3.274,4800,0.0,0,0.0,0,0.0,0
2020-09-04 09:30:09.580,2.916,7900.0,2.976,2.916276,2.94,2.982,2.916,1600,2.915,500,2.913,17200,2.912,27300,2.911,24000,2.909,4000,2.908,11300,2.905,17200,2.901,7000,2.9,100,2.975,32200,2.991,15100,2.995,4400,2.996,30000,3.003,4600,3.04,100,3.2,1000,3.274,4800,0.0,0,0.0,0
2020-09-04 09:32:25.140,2.974,300.0,2.976,2.916671,2.942,2.982,2.929,10000,2.926,400,2.925,21000,2.916,1600,2.915,50500,2.913,8800,2.912,10100,2.911,3000,2.91,10000,2.909,4000,2.974,100,2.975,32200,2.996,30000,3.003,4600,3.04,100,3.197,15000,3.2,1000,3.274,4800,0.0,0,0.0,0
2020-09-04 09:35:06.620,2.931,4000.0,2.976,2.91787,2.948,2.982,2.931,6000,2.93,4000,2.929,10000,2.926,400,2.916,5100,2.915,500,2.913,400,2.912,10100,2.909,4000,2.905,13200,2.966,3000,2.969,10000,2.97,1000,2.973,200,2.974,7100,2.975,30000,3.003,2000,3.04,100,3.053,1800,3.197,15000
2020-09-04 09:35:37.660,2.933,900.0,2.976,2.91815,2.945,2.982,2.933,9100,2.932,200,2.931,6000,2.93,4000,2.929,10000,2.926,400,2.917,5000,2.916,5100,2.915,500,2.913,400,2.966,3000,2.969,10000,2.973,200,2.974,7100,2.975,30000,3.003,2000,3.04,100,3.053,1800,3.197,15000,3.2,1000
2020-09-04 09:35:52.230,2.938,200.0,2.976,2.918231,2.944,2.982,2.938,2000,2.933,9100,2.932,200,2.931,6000,2.93,4000,2.929,10000,2.926,400,2.917,5000,2.916,5100,2.915,500,2.966,3000,2.969,10000,2.973,200,2.974,7100,2.975,30000,3.003,2000,3.04,100,3.053,1800,3.197,15000,3.2,1000
2020-09-04 09:36:28.560,2.938,1000.0,2.976,2.918627,2.942,2.982,2.938,1000,2.933,9100,2.932,200,2.931,6000,2.93,34000,2.929,10000,2.926,400,2.917,5000,2.916,5100,2.915,500,2.965,10000,2.966,13000,2.969,10000,2.973,200,2.974,7100,2.975,30000,3.003,2000,3.04,100,3.053,1800,3.197,15000
2020-09-04 09:37:18.170,2.939,5000.0,2.976,2.920501,2.947,2.982,2.939,1000,2.938,1000,2.935,9100,2.933,9100,2.932,200,2.931,6000,2.93,4000,2.929,10000,2.926,400,2.917,5000,2.965,10000,2.966,13000,2.969,10000,2.973,200,2.974,2100,2.975,30000,3.003,2000,3.04,100,3.053,1800,3.197,15000
2020-09-04 09:39:28.380,2.965,2600.0,2.976,2.922513,2.946,2.982,2.94,33000,2.939,1000,2.938,1000,2.935,9100,2.932,200,2.93,24000,2.929,10000,2.926,400,2.917,5000,2.916,5100,2.965,7400,2.966,3000,2.969,10000,2.973,200,2.974,2100,2.975,30000,3.003,2000,3.04,100,3.053,1800,3.197,15000
2020-09-04 09:39:46.050,2.964,100.0,2.976,2.9225849999999998,2.945,2.982,2.94,33000,2.939,1000,2.938,1000,2.935,9100,2.932,200,2.93,24000,2.929,10000,2.926,400,2.917,5000,2.916,5100,2.964,100,2.965,7400,2.966,3000,2.969,10000,2.973,200,2.974,2100,2.975,30000,3.003,2000,3.04,100,3.053,1800
2020-09-04 09:39:58.680,2.96,6200.0,2.976,2.926221,2.945,2.982,2.96,3800,2.94,33000,2.939,1000,2.938,1000,2.935,9100,2.932,200,2.93,24000,2.929,10000,2.926,400,2.921,6000,2.964,15200,2.965,7400,2.966,3000,2.969,10000,2.973,200,2.974,2100,2.975,30000,3.003,2000,3.04,100,3.053,1800
2020-09-04 09:39:59.260,2.96,2200.0,2.976,2.927347,2.943,2.982,2.96,1600,2.94,33000,2.939,1000,2.938,1000,2.935,9100,2.932,200,2.93,24000,2.929,10000,2.926,400,2.921,6000,2.964,100,2.965,7400,2.966,3000,2.969,10000,2.973,200,2.974,2100,2.975,30000,3.003,2000,3.04,100,3.053,1800
2020-09-04 09:40:02.500,2.96,1600.0,2.976,2.9281200000000003,2.943,2.982,2.94,33000,2.939,1000,2.938,1000,2.935,9100,2.932,200,2.93,24000,2.929,10000,2.926,400,2.921,6000,2.917,5000,2.96,2200,2.964,100,2.965,7400,2.966,3000,2.969,10000,2.973,200,2.974,2100,2.975,30000,3.003,2000,3.04,100
2020-09-04 09:42:29.740,2.959,10000.0,2.976,2.932099,2.937,2.982,2.94,31200,2.939,1000,2.938,1000,2.932,200,2.93,4000,2.929,10000,2.926,400,2.921,6000,2.917,5000,2.916,5100,2.964,100,2.965,7400,2.966,3000,2.969,10000,2.973,200,2.974,2100,2.975,30000,2.995,10000,3.003,2000,3.04,100
2020-09-04 09:42:34.860,2.94,3100.0,2.976,2.932403,2.937,2.982,2.94,28100,2.939,1000,2.938,1000,2.932,200,2.93,4000,2.929,10000,2.926,400,2.921,6000,2.917,5000,2.916,5100,2.959,10000,2.964,100,2.965,7400,2.966,3000,2.969,10000,2.973,200,2.974,100,2.975,30000,2.995,10000,3.003,2000
2020-09-04 09:42:35.410,2.94,3100.0,2.976,2.932684,2.937,2.982,2.94,25000,2.939,1000,2.938,1000,2.932,200,2.93,4000,2.929,10000,2.926,400,2.921,6000,2.917,5000,2.916,5100,2.959,20000,2.964,100,2.965,7400,2.966,3000,2.969,10000,2.973,200,2.974,100,2.975,30000,2.995,10000,3.003,2000
2020-09-04 09:42:46.870,2.94,2500.0,2.976,2.932896,2.936,2.982,2.94,22500,2.939,1000,2.938,1000,2.932,200,2.93,4000,2.929,10000,2.926,400,2.921,6000,2.917,5000,2.916,5100,2.959,20000,2.964,100,2.965,7400,2.966,3000,2.973,200,2.974,100,2.975,30000,2.995,10000,3.003,2000,3.04,100
2020-09-04 09:42:49.300,2.94,10500.0,2.976,2.933666,2.936,2.982,2.94,12000,2.939,1000,2.938,1000,2.932,200,2.93,4000,2.929,10000,2.926,400,2.921,6000,2.917,5000,2.916,5100,2.959,20000,2.964,100,2.965,7400,2.966,3000,2.973,200,2.974,100,2.995,10000,3.003,2000,3.04,100,3.053,1800
2020-09-04 09:43:09.570,2.94,2000.0,2.976,2.933795,2.935,2.982,2.94,20000,2.939,1000,2.938,1000,2.932,200,2.93,4000,2.929,10000,2.926,400,2.921,6000,2.917,5000,2.916,5100,2.959,20000,2.964,100,2.965,7400,2.966,3000,2.973,200,2.974,100,2.995,10000,3.003,2000,3.04,100,3.053,1800
2020-09-04 09:43:53.480,2.94,2500.0,2.976,2.933948,2.935,2.982,2.94,17500,2.939,1000,2.938,1000,2.932,200,2.93,4000,2.929,10000,2.926,400,2.921,6000,2.917,5000,2.916,5100,2.959,20000,2.964,100,2.965,7400,2.966,3000,2.973,200,2.974,100,2.98,20000,2.995,10000,3.003,2000,3.04,100
2020-09-04 09:43:55.600,2.94,2000.0,2.976,2.9340650000000004,2.935,2.982,2.94,15500,2.939,1000,2.938,1000,2.932,200,2.93,4000,2.929,10000,2.926,400,2.921,6000,2.917,5000,2.916,5100,2.959,20000,2.964,100,2.965,7400,2.966,3000,2.973,200,2.974,100,2.98,20000,2.995,10000,3.003,2000,3.04,100
2020-09-04 09:44:23.840,2.94,1000.0,2.976,2.934122,2.934,2.982,2.94,9000,2.939,1000,2.938,1000,2.932,200,2.93,4000,2.929,10000,2.926,400,2.921,6000,2.917,5000,2.916,5100,2.959,20000,2.964,100,2.965,7400,2.966,3000,2.973,200,2.974,100,2.98,20000,2.995,10000,3.003,2000,3.04,100
2020-09-04 09:44:24.640,2.94,2000.0,2.976,2.934232,2.934,2.982,2.94,7000,2.939,1000,2.938,1000,2.932,200,2.93,4000,2.929,10000,2.926,400,2.921,6000,2.917,5000,2.916,5100,2.959,20000,2.964,100,2.965,7400,2.966,3000,2.973,200,2.974,100,2.98,20000,2.995,10000,3.003,2000,3.04,100
2020-09-04 09:44:40.760,2.959,100.0,2.976,2.934256,2.935,2.982,2.94,7000,2.939,1000,2.938,1000,2.932,200,2.93,4000,2.929,10000,2.926,400,2.921,6000,2.917,5000,2.916,5100,2.959,19900,2.964,100,2.965,7400,2.966,3000,2.973,200,2.974,100,2.98,20000,2.995,10000,3.003,2000,3.04,100
2020-09-04 09:45:17.820,2.94,700.0,2.976,2.934293,2.934,2.982,2.94,6300,2.939,1000,2.938,1000,2.932,200,2.93,4000,2.929,10000,2.926,400,2.921,6000,2.917,5000,2.916,5100,2.959,19900,2.964,100,2.965,7400,2.966,3000,2.973,200,2.974,100,2.98,20000,2.995,10000,3.003,2000,3.04,100
2020-09-04 09:45:20.500,2.94,5800.0,2.976,2.934586,2.933,2.982,2.94,500,2.939,1000,2.938,1000,2.932,200,2.93,4000,2.929,10000,2.926,400,2.921,6000,2.917,5000,2.916,5100,2.959,19900,2.964,100,2.965,7400,2.966,3000,2.973,200,2.974,100,2.98,20000,2.995,10000,3.003,2000,3.04,100
2020-09-04 09:45:28.050,2.94,500.0,2.976,2.9346099999999997,2.933,2.982,2.939,1000,2.938,1000,2.932,200,2.93,4000,2.929,10000,2.926,400,2.921,6000,2.917,5000,2.916,5100,2.915,7500,2.94,500,2.959,19900,2.964,100,2.965,7400,2.966,3000,2.973,200,2.974,100,2.98,20000,2.995,10000,3.003,2000
2020-09-04 09:45:46.430,2.939,100.0,2.976,2.934614,2.935,2.982,2.939,900,2.938,1000,2.932,200,2.93,9500,2.929,10000,2.926,400,2.921,6000,2.917,5000,2.916,5100,2.915,7500,2.959,19900,2.964,100,2.965,7400,2.966,3000,2.973,200,2.974,100,2.98,20000,2.995,10000,3.003,2000,3.04,100
2020-09-04 09:45:56.640,2.939,500.0,2.976,2.9346330000000003,2.937,2.982,2.939,400,2.938,1000,2.932,200,2.93,9500,2.929,10000,2.926,400,2.921,6000,2.917,5000,2.916,5100,2.915,7500,2.959,19900,2.964,100,2.965,7400,2.966,3000,2.973,200,2.974,100,2.98,20000,2.995,10000,3.003,2000,3.04,100
2020-09-04 09:49:19.090,2.94,2000.0,2.976,2.934736,2.95,2.982,2.94,18100,2.939,6800,2.938,1000,2.933,30000,2.932,200,2.93,9500,2.929,10000,2.926,400,2.921,6000,2.917,5000,2.959,19900,2.964,100,2.966,3000,2.973,200,2.974,100,2.98,20000,2.995,10000,3.003,2000,3.04,100,3.053,1800
2020-09-04 09:49:46.300,2.94,1000.0,2.976,2.934781,2.951,2.982,2.94,17100,2.939,6800,2.938,1000,2.933,30000,2.932,200,2.93,4000,2.929,10000,2.926,400,2.921,6000,2.917,5000,2.959,19900,2.964,100,2.966,3000,2.973,200,2.974,100,2.98,20000,2.985,5000,2.995,10000,3.003,2000,3.04,100
2020-09-04 09:50:04.560,2.959,2200.0,2.976,2.935228,2.951,2.982,2.94,22600,2.939,6800,2.938,1000,2.933,30000,2.932,200,2.93,4000,2.929,10000,2.926,400,2.921,6000,2.917,5000,2.959,17700,2.964,100,2.966,3000,2.973,200,2.974,100,2.98,20000,2.985,5000,2.995,10000,3.003,2000,3.04,100
2020-09-04 09:50:21.010,2.964,5700.0,2.976,2.936541,2.953,2.982,2.941,18800,2.94,22600,2.939,400,2.938,1000,2.933,30000,2.932,200,2.93,4000,2.929,10000,2.926,400,2.921,6000,2.964,14400,2.966,3000,2.973,200,2.974,100,2.98,20000,2.985,5000,2.995,10000,3.003,2000,3.04,100,3.053,1800
2020-09-04 09:50:58.820,2.963,300.0,2.976,2.936605,2.954,2.982,2.942,20000,2.94,12600,2.939,400,2.938,1000,2.933,30000,2.932,200,2.93,4000,2.926,400,2.921,6000,2.917,5000,2.963,13200,2.964,14400,2.966,3000,2.973,200,2.974,100,2.98,20000,2.985,5000,2.995,10000,3.003,2000,3.04,100
2020-09-04 09:51:14.160,2.943,100.0,2.976,2.93661,2.954,2.982,2.943,13400,2.942,20000,2.94,12600,2.939,400,2.938,1000,2.933,30000,2.932,200,2.93,4000,2.926,400,2.921,6000,2.963,13200,2.964,14400,2.966,3000,2.973,200,2.974,100,2.98,20000,2.985,5000,2.995,10000,3.003,2000,3.04,100
2020-09-04 09:55:26.330,2.946,5000.0,2.976,2.93697,2.95,2.982,2.946,5000,2.944,10000,2.943,6500,2.942,10000,2.94,27100,2.939,1400,2.938,1000,2.933,10000,2.932,200,2.93,4000,2.955,3300,2.956,10000,2.958,10000,2.96,5000,2.962,20000,2.964,14400,2.966,3000,2.973,200,2.974,100,2.98,20000
2020-09-04 09:55:52.220,2.946,5000.0,2.976,2.937304,2.948,2.982,2.944,10000,2.943,6500,2.942,10000,2.94,27100,2.939,1400,2.938,1000,2.933,10000,2.932,200,2.93,4000,2.926,400,2.945,12100,2.954,10000,2.955,3300,2.956,10000,2.958,10000,2.96,5000,2.962,20000,2.964,14400,2.966,3000,2.973,200
2020-09-04 09:56:10.680,2.945,9100.0,2.976,2.937789,2.948,2.982,2.944,10000,2.943,6500,2.942,10000,2.94,27100,2.939,1400,2.938,1000,2.933,10000,2.932,200,2.93,4000,2.926,400,2.945,3000,2.954,10000,2.955,3300,2.956,10000,2.958,10000,2.96,5000,2.962,20000,2.964,14400,2.966,3000,2.973,200
2020-09-04 09:56:17.420,2.945,3000.0,2.976,2.937936,2.948,2.982,2.945,7000,2.944,10000,2.943,1000,2.942,10000,2.94,27100,2.939,1400,2.938,1000,2.933,10000,2.932,200,2.93,4000,2.954,10000,2.955,3300,2.956,10000,2.958,10000,2.96,5000,2.962,20000,2.964,14400,2.966,3000,2.973,200,2.974,100
2020-09-04 10:08:49.280,2.952,5300.0,2.976,2.9384240000000004,2.943,2.982,2.945,5600,2.943,1000,2.94,20000,2.939,1400,2.938,1000,2.933,10000,2.932,200,2.93,6200,2.926,400,2.921,6000,2.952,4700,2.954,40000,2.955,3300,2.956,10000,2.958,10000,2.96,5000,2.962,20000,2.964,14400,2.966,3000,2.97,14200
2020-09-04 10:11:01.500,2.952,2000.0,2.976,2.938599,2.945,2.982,2.945,5600,2.943,1000,2.94,20000,2.939,1400,2.938,1000,2.933,10000,2.932,200,2.93,6200,2.926,400,2.921,6000,2.952,8000,2.954,40000,2.955,3300,2.956,10000,2.958,10000,2.96,5000,2.962,20000,2.964,14400,2.966,3000,2.97,14200
2020-09-04 10:12:06.050,2.945,5600.0,2.976,2.9388229999999997,2.944,2.982,2.943,1000,2.94,20000,2.939,1400,2.938,1000,2.933,10000,2.932,200,2.93,6200,2.926,400,2.921,6000,2.92,1000,2.945,3400,2.954,40000,2.955,3300,2.956,10000,2.958,10000,2.96,5000,2.962,20000,2.964,14400,2.966,3000,2.97,14200
2020-09-04 10:13:15.190,2.943,1000.0,2.976,2.9388490000000003,2.943,2.982,2.94,20000,2.939,1400,2.938,1000,2.933,10000,2.932,200,2.93,6200,2.926,400,2.921,6000,2.92,1000,2.917,5000,2.943,1700,2.945,3400,2.954,10000,2.955,3300,2.956,10000,2.958,10000,2.96,5000,2.962,20000,2.964,14400,2.966,3000
2020-09-04 10:13:33.120,2.943,3000.0,2.976,2.938925,2.945,2.982,2.94,20000,2.939,1400,2.938,1000,2.933,10000,2.932,200,2.93,6200,2.926,400,2.921,6000,2.92,1000,2.917,5000,2.943,28700,2.945,3400,2.954,10000,2.955,3300,2.956,10000,2.958,10000,2.96,5000,2.962,20000,2.964,14400,2.966,3000
2020-09-04 10:13:35.670,2.943,18500.0,2.976,2.939337,2.945,2.982,2.94,20000,2.939,1400,2.938,1000,2.933,10000,2.932,200,2.93,6200,2.926,400,2.921,6000,2.92,1000,2.917,5000,2.943,10200,2.945,3400,2.954,10000,2.955,3300,2.956,10000,2.958,10000,2.96,5000,2.962,20000,2.964,14400,2.966,3000
2020-09-04 10:13:55.790,2.943,10200.0,2.976,2.939531,2.945,2.982,2.943,9800,2.941,10000,2.94,20000,2.939,1400,2.938,1000,2.933,10000,2.932,200,2.93,6200,2.926,400,2.921,6000,2.945,3400,2.954,10000,2.955,3300,2.956,10000,2.958,10000,2.96,5000,2.962,20000,2.964,14400,2.966,3000,2.97,14200
2020-09-04 10:16:25.310,2.945,3400.0,2.976,2.939625,2.948,2.982,2.945,6600,2.94,21000,2.939,400,2.938,1000,2.933,10000,2.932,200,2.93,6200,2.926,400,2.921,6000,2.92,1000,2.954,10000,2.955,3300,2.956,10000,2.958,10000,2.96,5000,2.962,20000,2.964,14400,2.966,3000,2.97,14200,2.973,200
2020-09-04 10:20:20.890,2.955,4100.0,2.976,2.93994,2.946,2.982,2.945,3000,2.941,10000,2.94,31000,2.939,400,2.938,1000,2.933,10000,2.932,200,2.93,2200,2.926,400,2.921,6000,2.955,9200,2.958,10000,2.96,5000,2.966,3000,2.97,14200,2.973,200,2.974,100,2.98,20000,2.985,5000,2.995,10000
2020-09-04 10:46:50.080,2.955,1200.0,2.976,2.940029,2.945,2.982,2.955,3800,2.951,2000,2.95,1800,2.946,100,2.945,3000,2.941,10000,2.94,35000,2.939,6400,2.938,1000,2.933,10000,2.957,10000,2.958,8000,2.959,10000,2.96,5000,2.966,3000,2.97,14200,2.973,200,2.974,100,2.98,20000,2.985,5000
2020-09-04 10:46:52.970,2.955,3800.0,2.976,2.940306,2.945,2.982,2.951,2000,2.95,1800,2.946,100,2.945,3000,2.941,10000,2.94,35000,2.939,6400,2.938,1000,2.933,10000,2.932,200,2.955,6600,2.957,10000,2.958,8000,2.959,10000,2.96,5000,2.966,3000,2.97,14200,2.973,200,2.974,100,2.98,20000
2020-09-04 10:46:53.540,2.951,400.0,2.976,2.940327,2.945,2.982,2.951,1600,2.95,1800,2.946,100,2.945,3000,2.941,10000,2.94,35000,2.939,6400,2.938,1000,2.933,10000,2.932,200,2.955,6600,2.957,10000,2.958,8000,2.959,10000,2.96,5000,2.966,3000,2.97,14200,2.973,200,2.974,100,2.98,20000
2020-09-04 10:47:55.730,2.951,100.0,2.976,2.940332,2.944,2.982,2.951,1500,2.95,1800,2.946,100,2.945,3000,2.941,10000,2.94,35000,2.939,6400,2.938,1000,2.933,10000,2.932,200,2.955,6600,2.957,10000,2.958,8000,2.959,10000,2.96,5000,2.966,3000,2.97,14200,2.973,200,2.974,100,2.98,20000
2020-09-04 10:50:04.240,2.951,1500.0,2.976,2.940409,2.942,2.982,2.95,1800,2.946,100,2.945,3000,2.941,10000,2.94,35000,2.939,6400,2.938,1000,2.933,10000,2.932,200,2.93,3200,2.951,8500,2.955,6600,2.957,10000,2.958,8000,2.959,10000,2.96,5000,2.966,3000,2.97,14200,2.973,200,2.974,100
2020-09-04 10:50:06.420,2.95,1800.0,2.976,2.940492,2.942,2.982,2.946,100,2.945,3000,2.941,10000,2.94,35000,2.939,6400,2.938,1000,2.933,10000,2.932,200,2.93,3200,2.926,400,2.95,8200,2.951,8500,2.955,6600,2.957,10000,2.958,8000,2.959,10000,2.96,5000,2.966,3000,2.97,14200,2.973,200
2020-09-04 11:01:09.140,2.95,700.0,2.976,2.9405229999999998,2.945,2.982,2.95,6900,2.946,100,2.945,3000,2.941,10000,2.94,34000,2.939,6400,2.938,1000,2.933,10000,2.932,200,2.93,3200,2.957,10000,2.958,8000,2.959,10000,2.96,5000,2.966,8600,2.97,14200,2.973,200,2.974,100,2.98,20000,2.985,5000
2020-09-04 11:01:09.630,2.95,1600.0,2.976,2.940595,2.945,2.982,2.95,5300,2.946,100,2.945,3000,2.941,10000,2.94,34000,2.939,6400,2.938,1000,2.933,10000,2.932,200,2.93,3200,2.957,10000,2.958,8000,2.959,10000,2.96,5000,2.966,8600,2.97,14200,2.973,200,2.974,100,2.98,20000,2.985,5000
2020-09-04 11:01:16.380,2.95,600.0,2.976,2.9406220000000003,2.945,2.982,2.95,4700,2.946,100,2.945,3000,2.941,10000,2.94,34000,2.939,6400,2.938,1000,2.933,10000,2.932,200,2.93,3200,2.957,10000,2.958,8000,2.959,10000,2.96,5000,2.966,8600,2.97,14200,2.973,200,2.974,100,2.98,20000,2.985,5000
2020-09-04 11:01:19.240,2.95,1100.0,2.976,2.94067,2.945,2.982,2.95,3600,2.946,100,2.945,3000,2.941,10000,2.94,34000,2.939,6400,2.938,1000,2.933,10000,2.932,200,2.93,3200,2.957,10000,2.958,8000,2.959,10000,2.96,5000,2.966,8600,2.97,14200,2.973,200,2.974,100,2.98,20000,2.985,5000
2020-09-04 11:01:21.020,2.95,500.0,2.976,2.940692,2.945,2.982,2.95,3100,2.946,100,2.945,3000,2.941,10000,2.94,34000,2.939,6400,2.938,1000,2.933,10000,2.932,200,2.93,3200,2.957,10000,2.958,8000,2.959,10000,2.96,5000,2.966,8600,2.97,14200,2.973,200,2.974,100,2.98,20000,2.985,5000
2020-09-04 11:01:24.150,2.95,800.0,2.976,2.9407259999999997,2.946,2.982,2.95,2300,2.946,100,2.945,3000,2.941,10000,2.94,34000,2.939,6400,2.938,1000,2.933,10000,2.932,200,2.93,3200,2.957,10000,2.958,8000,2.959,10000,2.96,5000,2.966,8600,2.97,14200,2.973,200,2.974,100,2.98,20000,2.985,5000
2020-09-04 11:01:27.400,2.95,600.0,2.976,2.9407520000000003,2.946,2.982,2.95,1700,2.946,100,2.945,3000,2.941,10000,2.94,34000,2.939,6400,2.938,1000,2.933,10000,2.932,200,2.93,3200,2.957,10000,2.958,8000,2.959,10000,2.96,5000,2.966,8600,2.97,14200,2.973,200,2.974,100,2.98,20000,2.985,5000
2020-09-04 11:02:17.080,2.95,1700.0,2.976,2.940825,2.945,2.982,2.946,100,2.945,3000,2.941,10000,2.94,34000,2.939,6400,2.938,1000,2.933,10000,2.932,200,2.93,3200,2.926,400,2.95,8300,2.957,10000,2.958,8000,2.959,10000,2.96,5000,2.966,8600,2.97,14200,2.973,200,2.974,100,2.98,20000
2020-09-04 11:09:55.360,2.946,100.0,2.976,2.940827,2.939,2.982,2.945,3000,2.94,14000,2.939,6400,2.938,1000,2.933,10000,2.932,200,2.93,3200,2.926,400,2.92,1000,2.917,5000,2.957,10000,2.958,8000,2.959,10000,2.96,5000,2.966,8600,2.97,14200,2.973,200,2.974,100,2.98,20000,2.985,5000
2020-09-04 11:10:58.500,2.957,500.0,2.976,2.940864,2.94,2.982,2.945,3000,2.94,14000,2.939,6400,2.938,1000,2.933,10000,2.932,200,2.93,3200,2.926,400,2.92,1000,2.917,5000,2.957,9500,2.958,8000,2.959,10000,2.96,5000,2.966,8600,2.97,14200,2.973,200,2.974,100,2.98,20000,2.985,5000
2020-09-04 11:11:53.050,2.945,3000.0,2.976,2.940921,2.939,2.982,2.94,14000,2.939,6400,2.938,1000,2.933,10000,2.932,200,2.93,3200,2.926,400,2.92,1000,2.917,5000,2.916,5100,2.944,7000,2.957,9500,2.958,8000,2.959,10000,2.96,5000,2.966,8600,2.97,14200,2.973,200,2.974,100,2.98,20000
2020-09-04 11:19:42.220,2.954,2000.0,2.976,2.9410380000000003,2.942,2.982,2.94,19500,2.939,6400,2.938,1000,2.933,10000,2.932,200,2.93,3200,2.926,400,2.92,1000,2.917,5000,2.916,5100,2.954,8000,2.957,9500,2.958,8000,2.959,10000,2.96,5000,2.966,8600,2.97,14200,2.973,200,2.974,100,2.985,5000
2020-09-04 13:00:01.210,2.941,700.0,2.976,2.9410380000000003,2.941,2.982,2.945,1000,2.941,3700,2.94,19500,2.939,6400,2.938,1000,2.933,10000,2.932,200,2.93,3200,2.926,400,2.92,1000,2.952,10000,2.954,11000,2.957,9500,2.958,8000,2.959,10000,2.96,5000,2.966,8600,2.97,14200,2.973,200,2.974,100
2020-09-04 13:03:41.010,2.945,300.0,2.976,2.941043,2.944,2.982,2.945,700,2.941,3700,2.94,19500,2.939,6400,2.938,1000,2.933,10000,2.932,200,2.93,3200,2.926,400,2.92,1000,2.953,3000,2.954,11000,2.957,9500,2.958,8000,2.959,10000,2.96,5000,2.966,5600,2.97,14200,2.973,200,2.974,100
2020-09-04 13:04:43.570,2.945,700.0,2.976,2.941056,2.945,2.982,2.941,3700,2.94,19500,2.939,6400,2.938,1000,2.933,10000,2.932,200,2.93,3200,2.926,400,2.92,1000,2.917,5000,2.945,300,2.952,10000,2.953,3000,2.954,10000,2.957,9500,2.958,8000,2.959,10000,2.96,5000,2.966,5600,2.97,14200
2020-09-04 13:07:46.520,2.945,300.0,2.976,2.941061,2.945,2.982,2.945,4700,2.942,10000,2.941,3700,2.94,19500,2.939,6400,2.938,1000,2.933,10000,2.932,200,2.93,3200,2.926,400,2.952,10000,2.953,3000,2.954,10000,2.957,9500,2.958,8000,2.959,10000,2.96,5000,2.966,5600,2.97,14200,2.973,200
2020-09-04 13:16:21.960,2.945,1000.0,2.976,2.941078,2.943,2.982,2.945,13700,2.942,10000,2.941,3700,2.94,19500,2.939,6400,2.938,1000,2.933,10000,2.932,200,2.93,3200,2.926,400,2.952,10000,2.953,3000,2.954,10000,2.957,9500,2.958,8000,2.959,10000,2.96,5000,2.966,5600,2.97,14200,2.973,200
2020-09-04 13:24:44.510,2.945,10000.0,2.976,2.941245,2.941,2.982,2.945,4100,2.942,10000,2.941,3700,2.94,19500,2.939,6400,2.938,1000,2.933,10000,2.932,200,2.93,3200,2.926,400,2.952,10000,2.953,3000,2.954,10000,2.957,9500,2.958,8000,2.959,10000,2.96,5000,2.966,5600,2.97,14200,2.973,200
2020-09-04 13:24:44.970,2.945,4100.0,2.976,2.941309,2.94,2.982,2.942,10000,2.941,3700,2.94,19500,2.939,6400,2.938,1000,2.933,10000,2.932,200,2.93,3200,2.926,400,2.92,1000,2.945,5900,2.952,10000,2.953,3000,2.954,10000,2.957,9500,2.958,8000,2.959,10000,2.96,5000,2.966,5600,2.97,14200
2020-09-04 13:31:24.520,2.945,1300.0,2.976,2.941329,2.944,2.982,2.945,100,2.942,10000,2.941,3700,2.94,20600,2.939,6400,2.938,1000,2.933,10000,2.932,200,2.93,3200,2.926,400,2.952,10000,2.953,3000,2.954,10000,2.957,9500,2.958,8000,2.959,10000,2.96,5000,2.966,5600,2.97,14200,2.973,200
2020-09-04 13:32:53.790,2.945,100.0,2.976,2.941331,2.943,2.982,2.942,10000,2.941,3700,2.94,20600,2.939,6400,2.938,1000,2.933,10000,2.932,200,2.93,3200,2.926,400,2.92,1000,2.944,800,2.952,10000,2.953,3000,2.954,10000,2.957,9500,2.958,8000,2.959,10000,2.96,5000,2.966,5600,2.97,14200
2020-09-04 13:41:33.580,2.941,1400.0,2.976,2.941329,2.946,2.982,2.941,2300,2.94,20600,2.939,6400,2.938,1000,2.933,10000,2.932,200,2.93,3200,2.926,400,2.92,1000,2.917,5000,2.944,800,2.952,10000,2.953,3000,2.954,10000,2.957,9500,2.958,8000,2.959,10000,2.96,5000,2.966,5600,2.97,14200
2020-09-04 13:42:03.340,2.941,2300.0,2.976,2.9413259999999997,2.945,2.982,2.94,20600,2.939,6400,2.938,1000,2.933,10000,2.932,200,2.93,3200,2.926,400,2.92,1000,2.917,5000,2.916,5100,2.941,1700,2.944,800,2.952,10000,2.953,3000,2.954,10000,2.957,9500,2.958,8000,2.959,10000,2.96,5000,2.966,5600
2020-09-04 13:42:40.520,2.941,1700.0,2.976,2.941323,2.945,2.982,2.941,8300,2.94,20600,2.939,6400,2.938,1000,2.933,10000,2.932,200,2.93,3200,2.926,400,2.92,1000,2.917,5000,2.944,800,2.952,10000,2.953,3000,2.954,10000,2.957,9500,2.958,8000,2.959,10000,2.96,5000,2.966,5600,2.97,14200
2020-09-04 13:43:08.400,2.941,3000.0,2.976,2.94132,2.945,2.982,2.941,5300,2.94,20600,2.939,6400,2.938,1000,2.933,10000,2.932,200,2.93,3200,2.926,400,2.92,1000,2.917,5000,2.944,800,2.952,10000,2.953,3000,2.954,10000,2.957,9500,2.958,8000,2.959,10000,2.96,5000,2.966,5600,2.97,14200
2020-09-04 13:45:00.700,2.944,800.0,2.976,2.941328,2.948,2.982,2.944,9200,2.942,10600,2.94,20600,2.939,6400,2.938,1000,2.933,10000,2.932,200,2.93,3200,2.926,400,2.92,1000,2.952,10000,2.953,3000,2.954,10000,2.957,9500,2.958,8000,2.959,10000,2.96,5000,2.966,5600,2.97,14200,2.973,200
2020-09-04 13:45:37.680,2.952,100.0,2.976,2.941332,2.949,2.982,2.944,9200,2.942,10600,2.94,20600,2.939,6400,2.938,1000,2.933,10000,2.932,200,2.93,3200,2.926,400,2.92,1000,2.952,9900,2.953,3000,2.954,10000,2.957,9500,2.958,8000,2.959,10000,2.96,5000,2.966,5600,2.97,14200,2.973,200
2020-09-04 13:48:40.440,2.946,1000.0,2.976,2.941351,2.949,2.982,2.946,9000,2.945,10000,2.944,9200,2.942,10600,2.94,20600,2.939,6400,2.938,1000,2.933,10000,2.932,200,2.93,3200,2.953,3000,2.954,10000,2.957,9500,2.958,8000,2.959,10000,2.96,5000,2.966,5600,2.97,14200,2.973,200,2.974,100
2020-09-04 13:48:49.380,2.946,1900.0,2.976,2.941386,2.948,2.982,2.946,7100,2.945,10000,2.944,9200,2.942,10600,2.94,20600,2.939,6400,2.938,1000,2.933,10000,2.932,200,2.93,3200,2.953,3000,2.954,10000,2.957,9500,2.958,8000,2.959,10000,2.96,5000,2.966,5600,2.97,14200,2.973,200,2.974,100
2020-09-04 13:59:18.970,2.946,1000.0,2.976,2.941404,2.945,2.982,2.946,3000,2.945,14000,2.942,10600,2.94,20900,2.939,6400,2.938,1000,2.936,500,2.933,10000,2.932,200,2.93,3200,2.952,10000,2.953,4100,2.954,10000,2.957,9500,2.958,8000,2.959,10000,2.96,5000,2.966,5600,2.97,14200,2.973,200
2020-09-04 14:04:00.160,2.952,900.0,2.976,2.941441,2.942,2.982,2.946,3000,2.945,14000,2.942,10600,2.94,20900,2.939,6400,2.938,1000,2.936,500,2.933,10000,2.932,200,2.93,3200,2.952,9100,2.953,4100,2.954,10000,2.957,9500,2.958,8000,2.959,10000,2.96,5000,2.966,5600,2.97,14200,2.973,200
2020-09-04 14:15:02.260,2.952,2000.0,2.976,2.9415240000000002,2.953,2.982,2.946,13000,2.945,14000,2.942,600,2.94,19900,2.939,6400,2.938,1000,2.936,500,2.933,10000,2.932,200,2.93,3200,2.952,7100,2.953,3000,2.954,10000,2.957,9500,2.958,8000,2.959,10000,2.96,5000,2.966,5600,2.97,14200,2.973,200
2020-09-04 14:24:31.560,2.947,5000.0,2.976,2.9416279999999997,2.951,2.982,2.946,13000,2.945,14000,2.942,600,2.94,19900,2.939,6400,2.938,1000,2.936,500,2.933,10000,2.932,200,2.93,6200,2.947,5000,2.952,3800,2.958,10200,2.959,10000,2.96,5000,2.966,5600,2.973,200,2.974,100,2.976,400,2.985,5000
2020-09-04 14:25:40.960,2.947,5000.0,2.976,2.941729,2.95,2.982,2.948,8400,2.946,13000,2.945,14000,2.942,600,2.94,19900,2.939,6400,2.938,1000,2.936,500,2.933,10000,2.932,200,2.952,3800,2.958,10200,2.959,10000,2.96,5000,2.966,5600,2.973,200,2.974,100,2.976,400,2.985,5000,2.99,24200
2020-09-04 14:26:50.940,2.952,3800.0,2.976,2.9418729999999997,2.953,2.982,2.952,6200,2.946,13000,2.945,14000,2.942,600,2.94,19900,2.939,6400,2.938,1000,2.936,500,2.933,10000,2.932,200,2.958,10200,2.959,10000,2.96,5000,2.966,5600,2.973,200,2.974,100,2.976,400,2.985,5000,2.99,24200,2.992,100
2020-09-04 14:29:41.950,2.958,1300.0,2.976,2.94195,2.952,2.982,2.952,6200,2.946,13000,2.945,14000,2.942,600,2.94,19900,2.939,6400,2.938,1000,2.936,500,2.933,10000,2.932,200,2.958,22100,2.959,10000,2.96,5000,2.966,5600,2.968,3500,2.973,200,2.974,100,2.976,400,2.985,5000,2.99,24200
2020-09-04 14:30:41.220,2.958,1900.0,2.976,2.9420610000000003,2.952,2.982,2.952,6200,2.946,13000,2.945,10000,2.942,600,2.94,19900,2.939,6400,2.938,1000,2.936,500,2.933,10000,2.932,200,2.958,20200,2.959,10000,2.96,5000,2.966,5600,2.968,3500,2.973,200,2.974,100,2.976,400,2.985,5000,2.99,24200
2020-09-04 14:31:55.650,2.917,80400.0,2.976,2.9413650000000002,2.953,2.982,2.916,5100,2.915,7000,2.913,1700,2.912,20400,2.91,12100,2.905,13200,2.901,5000,2.9,6700,2.899,3000,2.888,2000,2.958,20200,2.959,10000,2.96,5000,2.966,5600,2.968,3500,2.973,200,2.974,100,2.976,400,2.985,5000,2.99,24200
2020-09-04 14:32:56.120,2.954,1000.0,2.976,2.940912,2.954,2.982,2.942,20000,2.917,4000,2.916,7000,2.915,5200,2.913,1700,2.912,20400,2.91,12100,2.905,13200,2.901,5000,2.9,6700,2.958,20200,2.959,10000,2.96,5000,2.966,5600,2.968,3500,2.973,200,2.974,100,2.976,400,2.985,5000,2.99,24200
2020-09-04 14:37:18.160,2.958,7000.0,2.976,2.941236,2.954,2.982,2.958,3000,2.945,800,2.943,3400,2.942,20000,2.92,1000,2.919,3000,2.918,10000,2.917,4000,2.916,7000,2.915,5200,2.959,10000,2.96,5000,2.966,5600,2.968,3500,2.973,200,2.974,100,2.976,400,2.985,5000,2.99,24200,2.992,100
2020-09-04 14:37:19.990,2.958,800.0,2.976,2.941272,2.954,2.982,2.958,2200,2.945,800,2.943,3400,2.942,20000,2.92,1000,2.919,3000,2.918,10000,2.917,4000,2.916,7000,2.915,5200,2.959,10000,2.96,5000,2.966,5600,2.968,3500,2.973,200,2.974,100,2.976,400,2.985,5000,2.99,24200,2.992,100
2020-09-04 14:37:21.960,2.958,300.0,2.976,2.941286,2.954,2.982,2.958,1900,2.945,800,2.943,3400,2.942,20000,2.92,1000,2.919,3000,2.918,10000,2.917,4000,2.916,7000,2.915,5200,2.959,10000,2.96,5000,2.966,5600,2.968,3500,2.973,200,2.974,100,2.976,400,2.985,5000,2.99,24200,2.992,100
2020-09-04 14:37:42.980,2.958,1900.0,2.976,2.9413709999999997,2.954,2.982,2.945,800,2.943,3400,2.942,20000,2.92,1000,2.919,3000,2.918,10000,2.917,4000,2.916,7000,2.915,5200,2.913,1700,2.958,8100,2.959,10000,2.96,5000,2.966,5600,2.968,3500,2.973,200,2.974,100,2.976,400,2.985,5000,2.99,24200
2020-09-04 14:41:35.650,2.945,800.0,2.976,2.941379,2.956,2.982,2.943,3400,2.942,20000,2.922,7400,2.92,1000,2.919,3000,2.918,10000,2.917,4000,2.916,200,2.915,5200,2.913,1700,2.945,4200,2.956,4900,2.957,3500,2.958,8100,2.959,10000,2.966,5600,2.968,3500,2.973,200,2.974,100,2.976,400
2020-09-04 14:41:36.940,2.945,4200.0,2.976,2.941419,2.956,2.982,2.943,3400,2.942,20000,2.922,7400,2.92,1000,2.919,3000,2.918,10000,2.917,4000,2.916,200,2.915,5200,2.913,1700,2.956,4900,2.957,3500,2.958,8100,2.959,10000,2.966,5600,2.968,3500,2.973,200,2.974,100,2.976,400,2.985,5000
2020-09-04 14:46:16.110,2.956,4900.0,2.976,2.941606,2.958,2.982,2.956,5100,2.945,10600,2.942,20000,2.933,4900,2.922,7400,2.92,1400,2.919,3000,2.918,10000,2.917,4000,2.916,200,2.957,3500,2.966,8000,2.968,3500,2.973,200,2.974,100,2.976,400,2.985,5000,2.99,24200,2.992,100,2.995,10000
2020-09-04 14:46:26.790,2.957,3500.0,2.976,2.941745,2.959,2.982,2.957,6500,2.945,10600,2.942,20000,2.933,4900,2.922,7400,2.92,1400,2.919,3000,2.918,10000,2.917,4000,2.916,200,2.966,8000,2.968,3500,2.973,200,2.974,100,2.976,400,2.985,5000,2.99,24200,2.992,100,2.995,10000,3.0,500
2020-09-04 14:48:05.450,2.95,4000.0,2.976,2.94183,2.961,2.982,2.95,6000,2.945,10600,2.942,20000,2.933,4900,2.922,7400,2.92,1400,2.919,3000,2.918,10000,2.917,4000,2.916,200,2.966,8000,2.968,3500,2.973,200,2.974,100,2.976,400,2.985,5000,2.99,24200,2.992,100,2.995,10000,3.0,500
2020-09-04 14:51:25.970,2.95,6000.0,2.976,2.941954,2.963,2.982,2.945,10600,2.942,20000,2.934,4600,2.933,4900,2.922,7400,2.92,1400,2.919,3000,2.918,10000,2.917,4000,2.916,200,2.95,13500,2.966,5600,2.968,3500,2.973,10200,2.974,100,2.976,400,2.985,5000,2.99,24200,2.992,100,2.995,10000
2020-09-04 14:51:27.000,2.95,13500.0,2.976,2.9422189999999997,2.963,2.982,2.945,10600,2.942,20000,2.934,4600,2.933,4900,2.922,7400,2.92,1400,2.919,3000,2.918,10000,2.917,4000,2.916,200,2.966,5600,2.968,3500,2.973,10200,2.974,100,2.976,400,2.985,5000,2.99,24200,2.992,100,2.995,10000,3.0,500
2020-09-04 14:53:19.930,2.95,10000.0,2.976,2.942405,2.962,2.982,2.95,10000,2.945,10600,2.942,20000,2.934,4600,2.933,4900,2.922,7400,2.92,1400,2.919,3000,2.918,10000,2.917,4000,2.966,6600,2.968,3500,2.973,10200,2.974,100,2.976,400,2.985,5000,2.99,24200,2.992,100,2.995,10000,3.0,500
2020-09-04 14:53:51.780,2.95,1000.0,2.976,2.942423,2.962,2.982,2.95,19000,2.945,10600,2.942,20000,2.934,4600,2.933,4900,2.922,7400,2.92,1400,2.919,3000,2.918,10000,2.917,4000,2.966,5600,2.968,3500,2.973,10200,2.974,100,2.976,400,2.985,5000,2.99,24200,2.992,100,2.995,10000,3.0,500
2020-09-04 14:55:24.720,2.95,6300.0,2.976,2.942535,2.959,2.982,2.95,12700,2.945,10600,2.942,20000,2.934,4600,2.933,4900,2.922,7400,2.92,1400,2.919,3000,2.918,10000,2.917,4000,2.965,10000,2.966,18800,2.968,3500,2.973,10200,2.974,100,2.976,400,2.985,5000,2.99,24200,2.992,100,2.995,10000
