Datetime,Price,Volume
2020-10-14 09:25:00.650,3.431,900
2020-10-14 09:25:00.650,3.431,2100
2020-10-14 09:25:00.650,3.431,400
2020-10-14 09:25:00.650,3.431,4200
2020-10-14 09:25:00.650,3.431,3100
2020-10-14 09:25:00.650,3.431,3100
2020-10-14 09:25:00.650,3.431,1300
2020-10-14 09:25:00.650,3.431,1800
2020-10-14 09:25:00.650,3.431,148200
2020-10-14 09:25:00.650,3.431,10000
2020-10-14 09:25:00.650,3.431,100
2020-10-14 09:25:00.650,3.431,100
2020-10-14 09:25:00.650,3.431,8000
2020-10-14 09:25:00.650,3.431,200
2020-10-14 09:25:00.650,3.431,33400
2020-10-14 09:25:00.650,3.431,100
2020-10-14 09:25:00.650,3.431,1200
2020-10-14 09:25:00.650,3.431,100
2020-10-14 09:25:00.650,3.431,100
2020-10-14 09:25:00.650,3.431,200
2020-10-14 09:25:00.650,3.431,500
2020-10-14 09:25:00.650,3.431,4200
2020-10-14 09:25:00.650,3.431,1800
2020-10-14 09:25:00.650,3.431,1800
2020-10-14 09:25:00.650,3.431,300
2020-10-14 09:25:00.650,3.431,300
2020-10-14 09:25:00.650,3.431,800
2020-10-14 09:25:00.650,3.431,1400
2020-10-14 09:25:00.650,3.431,4500
2020-10-14 09:25:00.650,3.431,50800
2020-10-14 09:25:00.650,3.431,27500
2020-10-14 09:25:00.650,3.431,5800
2020-10-14 09:25:00.650,3.431,100
2020-10-14 09:25:00.650,3.431,2900
2020-10-14 09:25:00.650,3.431,10700
2020-10-14 09:25:00.650,3.431,100
2020-10-14 09:25:00.650,3.431,300
2020-10-14 09:25:00.650,3.431,1500
2020-10-14 09:25:00.650,3.431,1000
2020-10-14 09:25:00.650,3.431,1400
2020-10-14 09:25:00.650,3.431,800
2020-10-14 09:25:00.650,3.431,7900
2020-10-14 09:25:00.650,3.431,10000
2020-10-14 09:25:00.650,3.431,2300
2020-10-14 09:25:00.650,3.431,100
2020-10-14 09:25:00.650,3.431,1000
2020-10-14 09:25:00.650,3.431,700
2020-10-14 09:25:00.650,3.431,5000
2020-10-14 09:25:00.650,3.431,23500
2020-10-14 09:25:00.650,3.431,200
2020-10-14 09:25:00.650,3.431,2000
2020-10-14 09:25:00.650,3.431,10000
2020-10-14 09:25:00.650,3.431,700
2020-10-14 09:25:00.650,3.431,40000
2020-10-14 09:25:00.650,3.431,2000
2020-10-14 09:25:00.650,3.431,200
2020-10-14 09:25:00.650,3.431,4000
2020-10-14 09:25:00.650,3.431,10400
2020-10-14 09:25:00.650,3.431,9600
2020-10-14 09:25:00.650,3.431,10000
2020-10-14 09:25:00.650,3.431,2900
2020-10-14 09:25:00.650,3.431,200
2020-10-14 09:25:00.650,3.431,100
2020-10-14 09:25:00.650,3.431,11600
2020-10-14 09:25:00.650,3.431,700
2020-10-14 09:25:00.650,3.431,500
2020-10-14 09:25:00.650,3.431,500
2020-10-14 09:25:00.650,3.431,1000
2020-10-14 09:25:00.650,3.431,1000
2020-10-14 09:25:00.650,3.431,900
2020-10-14 09:25:00.650,3.431,100
2020-10-14 09:25:00.650,3.431,100
2020-10-14 09:25:00.650,3.431,1000
2020-10-14 09:25:00.650,3.431,1000
2020-10-14 09:25:00.650,3.431,200
2020-10-14 09:25:00.650,3.431,8600
2020-10-14 09:25:00.650,3.431,1400
2020-10-14 09:25:00.650,3.431,3600
2020-10-14 09:25:00.650,3.431,6400
2020-10-14 09:25:00.650,3.431,3000
2020-10-14 09:25:00.650,3.431,2600
2020-10-14 09:25:00.650,3.431,400
2020-10-14 09:25:00.650,3.431,200
2020-10-14 09:25:00.650,3.431,100
2020-10-14 09:25:00.650,3.431,100
2020-10-14 09:25:00.650,3.431,4400
2020-10-14 09:25:00.650,3.431,200
2020-10-14 09:25:00.650,3.431,500
2020-10-14 09:30:00.000,3.43,2000
2020-10-14 09:30:00.000,3.43,100
2020-10-14 09:30:00.000,3.43,1500
2020-10-14 09:30:00.000,3.43,8000
2020-10-14 09:30:00.000,3.43,1000
2020-10-14 09:30:00.000,3.43,200
2020-10-14 09:30:00.000,3.43,16200
2020-10-14 09:30:00.220,3.43,3800
2020-10-14 09:30:00.220,3.43,1700
2020-10-14 09:30:00.310,3.43,13300
2020-10-14 09:30:00.310,3.43,20000
2020-10-14 09:30:00.310,3.429,5000
2020-10-14 09:30:00.310,3.429,200
2020-10-14 09:30:00.310,3.429,1000
2020-10-14 09:30:00.400,3.429,2000
2020-10-14 09:30:00.440,3.429,600
2020-10-14 09:30:00.470,3.429,7900
2020-10-14 09:30:00.470,3.429,700
2020-10-14 09:30:00.470,3.431,4100
2020-10-14 09:30:00.470,3.431,10000
2020-10-14 09:30:00.470,3.431,27300
2020-10-14 09:30:00.610,3.428,10200
2020-10-14 09:30:00.610,3.428,3000
2020-10-14 09:30:00.610,3.428,200
2020-10-14 09:30:00.610,3.428,1000
2020-10-14 09:30:00.610,3.428,200
2020-10-14 09:30:00.610,3.428,1000
2020-10-14 09:30:00.610,3.428,1000
2020-10-14 09:30:00.610,3.428,5000
2020-10-14 09:30:00.610,3.428,3000
2020-10-14 09:30:00.610,3.427,200
2020-10-14 09:30:00.610,3.427,1000
2020-10-14 09:30:00.610,3.427,1100
2020-10-14 09:30:00.610,3.427,33100
2020-10-14 09:30:00.690,3.43,100
2020-10-14 09:30:00.690,3.43,1900
2020-10-14 09:30:00.690,3.43,10000
2020-10-14 09:30:00.690,3.43,4700
2020-10-14 09:30:00.690,3.431,300
2020-10-14 09:30:00.690,3.431,3100
2020-10-14 09:30:00.690,3.43,2000
2020-10-14 09:30:00.860,3.43,3000
2020-10-14 09:30:01.120,3.43,23300
2020-10-14 09:30:01.200,3.43,300
2020-10-14 09:30:01.200,3.43,500
2020-10-14 09:30:01.300,3.427,13400
2020-10-14 09:30:01.450,3.43,1000
2020-10-14 09:30:01.590,3.43,1000
2020-10-14 09:30:02.220,3.429,100
2020-10-14 09:30:02.220,3.429,500
2020-10-14 09:30:02.430,3.43,1000
2020-10-14 09:30:02.760,3.43,100
2020-10-14 09:30:03.280,3.43,500
2020-10-14 09:30:03.490,3.43,3800
2020-10-14 09:30:03.570,3.43,100
2020-10-14 09:30:03.920,3.429,10000
2020-10-14 09:30:03.950,3.43,300
2020-10-14 09:30:03.950,3.429,29500
2020-10-14 09:30:04.260,3.429,9400
2020-10-14 09:30:04.500,3.429,11700
2020-10-14 09:30:04.660,3.429,7300
2020-10-14 09:30:04.660,3.429,1000
2020-10-14 09:30:04.770,3.429,800
2020-10-14 09:30:05.290,3.428,3600
2020-10-14 09:30:05.290,3.429,200
2020-10-14 09:30:06.120,3.428,3000
2020-10-14 09:30:08.720,3.428,3400
2020-10-14 09:30:08.720,3.428,296600
2020-10-14 09:30:09.450,3.429,2900
2020-10-14 09:30:10.900,3.428,3400
2020-10-14 09:30:10.900,3.428,100
2020-10-14 09:30:10.900,3.428,700
2020-10-14 09:30:10.900,3.428,1000
2020-10-14 09:30:10.900,3.428,2000
2020-10-14 09:30:11.740,3.427,400
2020-10-14 09:30:11.740,3.427,20000
2020-10-14 09:30:11.740,3.427,500
2020-10-14 09:30:11.740,3.427,1300
2020-10-14 09:30:11.740,3.427,500
2020-10-14 09:30:13.880,3.426,8000
2020-10-14 09:30:13.880,3.426,200
2020-10-14 09:30:13.880,3.426,1200
2020-10-14 09:30:13.880,3.426,1000
2020-10-14 09:30:13.880,3.426,1000
2020-10-14 09:30:13.880,3.426,100
2020-10-14 09:30:13.880,3.426,7000
2020-10-14 09:30:13.880,3.425,200
2020-10-14 09:30:13.880,3.425,1000
2020-10-14 09:30:13.880,3.425,20000
2020-10-14 09:30:13.880,3.425,600
2020-10-14 09:30:13.880,3.425,3000
2020-10-14 09:30:13.880,3.425,6700
2020-10-14 09:30:16.460,3.426,500
2020-10-14 09:30:17.650,3.426,9200
2020-10-14 09:30:18.340,3.428,7200
2020-10-14 09:30:18.370,3.428,200
2020-10-14 09:30:19.290,3.426,1500
2020-10-14 09:30:20.420,3.426,3000
2020-10-14 09:30:22.310,3.427,200
2020-10-14 09:30:23.500,3.427,200
2020-10-14 09:30:23.500,3.426,22200
2020-10-14 09:30:24.390,3.426,600
2020-10-14 09:30:24.690,3.428,700
2020-10-14 09:30:25.800,3.426,3500
2020-10-14 09:30:25.800,3.426,7200
2020-10-14 09:30:25.800,3.426,300
2020-10-14 09:30:25.800,3.426,3200
2020-10-14 09:30:25.800,3.426,5800
2020-10-14 09:30:28.370,3.428,29300
2020-10-14 09:30:28.840,3.428,200
2020-10-14 09:30:29.290,3.428,500
2020-10-14 09:30:29.290,3.426,400
2020-10-14 09:30:29.290,3.426,100
2020-10-14 09:30:29.290,3.426,1500
2020-10-14 09:30:29.290,3.426,100
2020-10-14 09:30:30.980,3.428,2500
2020-10-14 09:30:32.150,3.428,10000
2020-10-14 09:30:34.990,3.428,40000
2020-10-14 09:30:36.140,3.428,10800
2020-10-14 09:30:36.140,3.428,2000
2020-10-14 09:30:36.410,3.428,300
2020-10-14 09:30:36.880,3.428,500
2020-10-14 09:30:40.200,3.429,23200
2020-10-14 09:30:40.200,3.429,6800
2020-10-14 09:30:45.040,3.429,2300
2020-10-14 09:30:46.010,3.428,29200
2020-10-14 09:30:46.010,3.428,3000
2020-10-14 09:30:47.570,3.428,500
2020-10-14 09:30:49.300,3.427,25100
2020-10-14 09:30:50.120,3.428,20000
2020-10-14 09:30:50.510,3.426,3000
2020-10-14 09:30:50.510,3.426,26200
2020-10-14 09:30:51.510,3.427,200
2020-10-14 09:30:52.210,3.426,3800
2020-10-14 09:30:52.210,3.426,1200
2020-10-14 09:30:52.680,3.426,1200
2020-10-14 09:30:52.680,3.426,10000
2020-10-14 09:30:53.250,3.426,3200
2020-10-14 09:30:54.870,3.425,3300
2020-10-14 09:30:54.870,3.425,296700
2020-10-14 09:30:55.080,3.426,2000
2020-10-14 09:30:56.250,3.425,3300
2020-10-14 09:30:56.250,3.425,100
2020-10-14 09:30:56.250,3.425,20000
2020-10-14 09:30:56.250,3.425,20000
2020-10-14 09:30:56.250,3.425,5000
2020-10-14 09:30:56.250,3.425,50000
2020-10-14 09:30:56.250,3.425,50000
2020-10-14 09:30:56.250,3.425,1000
2020-10-14 09:30:56.250,3.425,100
2020-10-14 09:30:56.370,3.425,600
2020-10-14 09:30:56.970,3.424,200
2020-10-14 09:30:56.970,3.424,1000
2020-10-14 09:30:56.970,3.424,1000
2020-10-14 09:30:56.970,3.424,1500
2020-10-14 09:30:56.970,3.424,1300
2020-10-14 09:30:57.490,3.424,28700
2020-10-14 09:30:57.490,3.424,1300
2020-10-14 09:30:57.490,3.424,4000
2020-10-14 09:30:57.490,3.424,500
2020-10-14 09:30:57.490,3.424,500
2020-10-14 09:30:59.010,3.425,2000
2020-10-14 09:30:59.090,3.425,41800
2020-10-14 09:31:00.190,3.424,1500
2020-10-14 09:31:00.190,3.423,3000
2020-10-14 09:31:00.190,3.423,200
2020-10-14 09:31:00.190,3.423,300
2020-10-14 09:31:00.370,3.425,106100
2020-10-14 09:31:00.370,3.425,5100
2020-10-14 09:31:00.370,3.425,88800
2020-10-14 09:31:01.810,3.426,4500
2020-10-14 09:31:02.590,3.424,9900
2020-10-14 09:31:02.590,3.426,30000
2020-10-14 09:31:03.350,3.423,1000
2020-10-14 09:31:03.350,3.423,3000
2020-10-14 09:31:03.410,3.425,300000
2020-10-14 09:31:03.630,3.426,500
2020-10-14 09:31:04.730,3.424,100
2020-10-14 09:31:04.730,3.423,5100
2020-10-14 09:31:06.340,3.426,5000
2020-10-14 09:31:09.090,3.426,500
2020-10-14 09:31:10.150,3.426,24500
2020-10-14 09:31:10.950,3.425,400
2020-10-14 09:31:10.950,3.424,4500
2020-10-14 09:31:12.200,3.424,5500
2020-10-14 09:31:12.200,3.424,200
2020-10-14 09:31:12.200,3.424,4300
2020-10-14 09:31:12.780,3.425,20000
2020-10-14 09:31:14.400,3.424,1900
2020-10-14 09:31:15.410,3.424,13800
2020-10-14 09:31:15.410,3.424,39000
2020-10-14 09:31:15.410,3.424,3000
2020-10-14 09:31:15.560,3.424,100
2020-10-14 09:31:16.160,3.424,100
2020-10-14 09:31:16.520,3.424,1000
2020-10-14 09:31:16.980,3.424,400
2020-10-14 09:31:17.660,3.424,6000
2020-10-14 09:31:19.020,3.423,2100
2020-10-14 09:31:19.020,3.423,30000
2020-10-14 09:31:19.020,3.423,27500
2020-10-14 09:31:19.020,3.423,20000
2020-10-14 09:31:19.020,3.423,10000
2020-10-14 09:31:19.020,3.423,3000
2020-10-14 09:31:19.020,3.423,3000
2020-10-14 09:31:20.000,3.424,3000
2020-10-14 09:31:20.260,3.424,1000
2020-10-14 09:31:21.480,3.422,200
2020-10-14 09:31:21.480,3.422,5000
2020-10-14 09:31:21.480,3.422,200
2020-10-14 09:31:21.480,3.422,1000
2020-10-14 09:31:21.480,3.422,10300
2020-10-14 09:31:21.480,3.422,283300
2020-10-14 09:31:22.000,3.423,100
2020-10-14 09:31:22.410,3.423,299900
2020-10-14 09:31:22.410,3.423,100
2020-10-14 09:31:23.070,3.423,100
2020-10-14 09:31:23.070,3.423,900
2020-10-14 09:31:23.130,3.423,300
2020-10-14 09:31:23.410,3.423,13800
2020-10-14 09:31:23.410,3.423,16200
2020-10-14 09:31:23.470,3.422,10000
2020-10-14 09:31:23.620,3.423,5000
2020-10-14 09:31:23.720,3.422,206700
2020-10-14 09:31:23.720,3.422,4800
2020-10-14 09:31:23.720,3.422,5000
2020-10-14 09:31:23.720,3.422,100
2020-10-14 09:31:23.720,3.422,2000
2020-10-14 09:31:24.120,3.422,200
2020-10-14 09:31:25.440,3.422,300000
2020-10-14 09:31:26.790,3.422,1000
2020-10-14 09:31:27.910,3.422,300000
2020-10-14 09:31:29.010,3.421,200
2020-10-14 09:31:29.010,3.421,10000
2020-10-14 09:31:29.010,3.421,200
2020-10-14 09:31:29.010,3.421,1000
2020-10-14 09:31:29.010,3.421,50000
2020-10-14 09:31:29.010,3.421,500
2020-10-14 09:31:29.010,3.421,2000
2020-10-14 09:31:29.010,3.421,2000
2020-10-14 09:31:29.010,3.421,1000
2020-10-14 09:31:29.010,3.421,200
2020-10-14 09:31:29.010,3.421,200
2020-10-14 09:31:30.110,3.422,80300
2020-10-14 09:31:30.110,3.422,219700
2020-10-14 09:31:30.280,3.422,300
2020-10-14 09:31:30.280,3.422,79700
2020-10-14 09:31:30.710,3.421,5000
2020-10-14 09:31:31.370,3.422,100
2020-10-14 09:31:31.560,3.421,150000
2020-10-14 09:31:32.150,3.422,30000
2020-10-14 09:31:32.480,3.421,7800
2020-10-14 09:31:32.950,3.422,100000
2020-10-14 09:31:32.950,3.422,300000
2020-10-14 09:31:33.030,3.422,100000
2020-10-14 09:31:33.030,3.422,20000
2020-10-14 09:31:33.030,3.422,60000
2020-10-14 09:31:33.340,3.421,1000
2020-10-14 09:31:34.910,3.422,300000
2020-10-14 09:31:35.950,3.422,100000
2020-10-14 09:31:36.680,3.421,500
2020-10-14 09:31:36.870,3.422,20000
2020-10-14 09:31:36.870,3.422,6000
2020-10-14 09:31:36.900,3.421,10000
2020-10-14 09:31:37.350,3.422,20000
2020-10-14 09:31:37.350,3.422,10000
2020-10-14 09:31:37.900,3.423,3000
2020-10-14 09:31:39.000,3.423,30000
2020-10-14 09:31:39.000,3.423,10000
2020-10-14 09:31:39.230,3.423,15000
2020-10-14 09:31:39.230,3.423,5000
2020-10-14 09:31:39.290,3.424,15000
2020-10-14 09:31:41.990,3.424,3000
2020-10-14 09:31:43.430,3.423,10000
2020-10-14 09:31:43.790,3.423,270000
2020-10-14 09:31:43.790,3.423,30000
2020-10-14 09:31:44.430,3.422,50000
2020-10-14 09:31:44.430,3.422,500
2020-10-14 09:31:44.430,3.422,8100
2020-10-14 09:31:44.520,3.424,4000
2020-10-14 09:31:48.170,3.423,1000
2020-10-14 09:31:48.350,3.423,15000
2020-10-14 09:31:48.440,3.423,10000
2020-10-14 09:31:48.840,3.422,25500
2020-10-14 09:31:48.840,3.422,30000
2020-10-14 09:31:48.840,3.422,5000
2020-10-14 09:31:48.840,3.422,100
2020-10-14 09:31:51.080,3.422,300000
2020-10-14 09:31:51.080,3.422,35100
2020-10-14 09:31:51.080,3.423,164900
2020-10-14 09:31:51.980,3.421,10000
2020-10-14 09:31:54.220,3.422,4300
2020-10-14 09:31:54.700,3.422,100
2020-10-14 09:31:54.820,3.422,35600
2020-10-14 09:31:55.290,3.421,7000
2020-10-14 09:31:55.900,3.422,20000
2020-10-14 09:31:56.610,3.422,50000
2020-10-14 09:31:57.130,3.422,500
2020-10-14 09:31:57.270,3.422,60000
2020-10-14 09:31:58.820,3.422,10000
2020-10-14 09:31:59.310,3.422,2900
2020-10-14 09:31:59.930,3.422,300
2020-10-14 09:32:00.240,3.422,10000
2020-10-14 09:32:00.920,3.422,110700
2020-10-14 09:32:00.920,3.422,189300
2020-10-14 09:32:01.540,3.421,212400
2020-10-14 09:32:01.540,3.421,6000
2020-10-14 09:32:01.540,3.421,1000
2020-10-14 09:32:01.540,3.421,30000
2020-10-14 09:32:01.540,3.421,5000
2020-10-14 09:32:01.540,3.421,100
2020-10-14 09:32:01.540,3.421,500
2020-10-14 09:32:01.540,3.421,28900
2020-10-14 09:32:01.540,3.421,16100
2020-10-14 09:32:01.790,3.422,500
2020-10-14 09:32:03.320,3.421,1000
2020-10-14 09:32:03.320,3.421,500
2020-10-14 09:32:03.320,3.421,6000
2020-10-14 09:32:03.730,3.421,200
2020-10-14 09:32:04.580,3.421,10000
2020-10-14 09:32:04.670,3.421,1400
2020-10-14 09:32:04.920,3.421,280900
2020-10-14 09:32:04.920,3.421,19100
2020-10-14 09:32:05.920,3.421,230900
2020-10-14 09:32:07.050,3.421,7000
2020-10-14 09:32:08.140,3.422,100
2020-10-14 09:32:08.600,3.421,66500
2020-10-14 09:32:08.690,3.421,1000
2020-10-14 09:32:08.900,3.421,2600
2020-10-14 09:32:09.010,3.422,14600
2020-10-14 09:32:09.480,3.421,20000
2020-10-14 09:32:10.390,3.422,95500
2020-10-14 09:32:10.390,3.422,200
2020-10-14 09:32:10.390,3.422,4300
2020-10-14 09:32:10.390,3.422,100
2020-10-14 09:32:10.390,3.422,5600
2020-10-14 09:32:10.390,3.422,1800
2020-10-14 09:32:10.390,3.422,12500
2020-10-14 09:32:10.390,3.422,50000
2020-10-14 09:32:10.900,3.421,30000
2020-10-14 09:32:11.100,3.421,300000
2020-10-14 09:32:11.480,3.422,137500
2020-10-14 09:32:11.480,3.422,3000
2020-10-14 09:32:11.740,3.422,13600
2020-10-14 09:32:11.990,3.422,2000
2020-10-14 09:32:14.110,3.422,4100
2020-10-14 09:32:14.300,3.422,4800
2020-10-14 09:32:14.540,3.422,3000
2020-10-14 09:32:14.810,3.422,10000
2020-10-14 09:32:15.850,3.422,10000
2020-10-14 09:32:16.800,3.422,6000
2020-10-14 09:32:17.100,3.422,10000
2020-10-14 09:32:18.220,3.423,1000
2020-10-14 09:32:18.750,3.423,29000
2020-10-14 09:32:18.800,3.422,96000
2020-10-14 09:32:18.800,3.422,400
2020-10-14 09:32:18.800,3.422,7000
2020-10-14 09:32:18.800,3.422,90000
2020-10-14 09:32:18.800,3.422,10000
2020-10-14 09:32:18.800,3.422,2000
2020-10-14 09:32:18.800,3.422,100
2020-10-14 09:32:18.800,3.422,6000
2020-10-14 09:32:18.800,3.422,68500
2020-10-14 09:32:19.390,3.422,300000
2020-10-14 09:32:20.020,3.422,400
2020-10-14 09:32:20.520,3.423,50000
2020-10-14 09:32:21.560,3.423,10000
2020-10-14 09:32:21.860,3.423,21300
2020-10-14 09:32:21.860,3.423,1600
2020-10-14 09:32:21.860,3.423,100
2020-10-14 09:32:21.860,3.423,2900
2020-10-14 09:32:21.860,3.423,100
2020-10-14 09:32:21.860,3.423,300000
2020-10-14 09:32:21.860,3.423,500
2020-10-14 09:32:23.850,3.423,30000
2020-10-14 09:32:24.000,3.423,73400
2020-10-14 09:32:24.000,3.423,2000
2020-10-14 09:32:26.310,3.423,3000
2020-10-14 09:32:30.060,3.423,25100
2020-10-14 09:32:32.390,3.424,210600
2020-10-14 09:32:32.390,3.424,3000
2020-10-14 09:32:32.910,3.424,13000
2020-10-14 09:32:33.910,3.425,1000
2020-10-14 09:32:33.910,3.425,300
2020-10-14 09:32:33.910,3.425,300100
2020-10-14 09:32:33.910,3.425,59900
2020-10-14 09:32:33.910,3.425,20000
2020-10-14 09:32:33.970,3.425,1000
2020-10-14 09:32:34.990,3.426,400
2020-10-14 09:32:34.990,3.426,9300
2020-10-14 09:32:38.570,3.426,1700
2020-10-14 09:32:38.570,3.426,300
2020-10-14 09:32:38.570,3.426,34200
2020-10-14 09:32:38.570,3.426,1000
2020-10-14 09:32:39.270,3.426,26000
2020-10-14 09:32:39.690,3.426,236800
2020-10-14 09:32:39.690,3.426,65400
2020-10-14 09:32:40.190,3.426,2000
2020-10-14 09:32:40.400,3.426,300000
2020-10-14 09:32:41.420,3.426,300000
2020-10-14 09:32:42.350,3.426,232600
2020-10-14 09:32:42.350,3.426,367400
2020-10-14 09:32:42.890,3.426,300100
2020-10-14 09:32:43.340,3.426,232500
2020-10-14 09:32:43.340,3.426,5000
2020-10-14 09:32:43.370,3.425,51000
2020-10-14 09:32:44.410,3.426,5000
2020-10-14 09:32:45.620,3.425,34400
2020-10-14 09:32:46.510,3.425,300000
2020-10-14 09:32:47.030,3.426,100
2020-10-14 09:32:48.480,3.426,1200
2020-10-14 09:32:49.310,3.426,10000
2020-10-14 09:32:50.040,3.426,24200
2020-10-14 09:32:51.420,3.426,1000
2020-10-14 09:32:51.570,3.427,200
2020-10-14 09:32:51.570,3.427,10000
2020-10-14 09:32:51.570,3.427,500
2020-10-14 09:32:51.570,3.427,287700
2020-10-14 09:32:51.570,3.427,1600
2020-10-14 09:32:53.010,3.427,1900
2020-10-14 09:32:53.930,3.428,300000
2020-10-14 09:32:53.930,3.428,500
2020-10-14 09:32:53.930,3.428,5000
2020-10-14 09:32:53.930,3.428,30000
2020-10-14 09:32:53.930,3.428,800
2020-10-14 09:32:53.930,3.429,30900
2020-10-14 09:32:53.930,3.429,300
2020-10-14 09:32:53.930,3.429,10000
2020-10-14 09:32:53.930,3.429,122200
2020-10-14 09:32:55.150,3.427,8100
2020-10-14 09:32:55.150,3.427,42900
2020-10-14 09:32:56.030,3.429,132300
2020-10-14 09:32:56.310,3.427,1900
2020-10-14 09:32:57.490,3.428,30000
2020-10-14 09:32:58.900,3.428,270000
2020-10-14 09:32:59.120,3.428,10500
2020-10-14 09:33:00.590,3.429,700
2020-10-14 09:33:00.950,3.428,300
2020-10-14 09:33:02.530,3.428,19200
2020-10-14 09:33:02.530,3.428,3300
2020-10-14 09:33:02.530,3.427,77500
2020-10-14 09:33:03.270,3.43,600
2020-10-14 09:33:03.940,3.427,22900
2020-10-14 09:33:04.220,3.427,300
2020-10-14 09:33:05.490,3.428,51000
2020-10-14 09:33:06.180,3.428,3600
2020-10-14 09:33:07.110,3.428,100
2020-10-14 09:33:07.110,3.428,2900
2020-10-14 09:33:07.110,3.429,3800
2020-10-14 09:33:07.400,3.428,500
2020-10-14 09:33:08.390,3.428,12600
2020-10-14 09:33:09.390,3.428,10000
2020-10-14 09:33:09.420,3.427,300000
2020-10-14 09:33:10.180,3.428,6000
2020-10-14 09:33:10.580,3.427,140000
2020-10-14 09:33:10.580,3.427,3100
2020-10-14 09:33:10.580,3.427,3000
2020-10-14 09:33:10.580,3.427,17100
2020-10-14 09:33:11.210,3.427,15000
2020-10-14 09:33:12.400,3.426,12000
2020-10-14 09:33:12.400,3.426,288000
2020-10-14 09:33:12.400,3.427,27000
2020-10-14 09:33:13.220,3.427,94800
2020-10-14 09:33:13.220,3.427,302200
2020-10-14 09:33:13.520,3.427,103000
2020-10-14 09:33:14.250,3.427,197000
2020-10-14 09:33:14.400,3.427,1700
2020-10-14 09:33:14.650,3.427,300000
2020-10-14 09:33:14.670,3.428,10000
2020-10-14 09:33:15.320,3.428,274100
2020-10-14 09:33:15.320,3.428,280000
2020-10-14 09:33:15.320,3.428,300000
2020-10-14 09:33:15.320,3.428,1000
2020-10-14 09:33:15.320,3.428,5000
2020-10-14 09:33:15.320,3.428,39900
2020-10-14 09:33:15.410,3.427,300000
2020-10-14 09:33:15.410,3.428,3300
2020-10-14 09:33:15.730,3.427,101300
2020-10-14 09:33:15.730,3.427,3400
2020-10-14 09:33:16.000,3.426,9100
2020-10-14 09:33:17.240,3.427,10200
2020-10-14 09:33:18.230,3.427,3000
2020-10-14 09:33:18.350,3.426,300000
2020-10-14 09:33:18.690,3.427,6000
2020-10-14 09:33:21.040,3.426,300000
2020-10-14 09:33:22.220,3.427,3000
2020-10-14 09:33:22.430,3.426,2900
2020-10-14 09:33:22.430,3.426,297100
2020-10-14 09:33:22.460,3.427,28400
2020-10-14 09:33:22.490,3.426,300000
2020-10-14 09:33:23.340,3.427,10000
2020-10-14 09:33:23.810,3.426,2000
2020-10-14 09:33:24.790,3.425,2000
2020-10-14 09:33:25.470,3.426,1000
2020-10-14 09:33:26.440,3.426,51100
2020-10-14 09:33:26.640,3.426,1000
2020-10-14 09:33:31.370,3.426,198600
2020-10-14 09:33:31.370,3.426,34500
2020-10-14 09:33:31.370,3.426,600
2020-10-14 09:33:31.370,3.426,1000
2020-10-14 09:33:31.370,3.426,5000
2020-10-14 09:33:31.370,3.427,60300
2020-10-14 09:33:33.100,3.426,12600
2020-10-14 09:33:33.720,3.426,19700
2020-10-14 09:33:33.790,3.426,1500
2020-10-14 09:33:33.850,3.427,3000
2020-10-14 09:33:35.480,3.427,15000
2020-10-14 09:33:35.970,3.426,500
2020-10-14 09:33:36.320,3.426,14000
2020-10-14 09:33:38.570,3.426,5100
2020-10-14 09:33:38.600,3.426,2000
2020-10-14 09:33:40.020,3.426,1000
2020-10-14 09:33:40.270,3.427,161100
2020-10-14 09:33:40.270,3.427,8900
2020-10-14 09:33:40.270,3.427,300000
2020-10-14 09:33:40.270,3.427,214300
2020-10-14 09:33:40.270,3.427,3400
2020-10-14 09:33:40.270,3.427,30300
2020-10-14 09:33:40.270,3.427,1000
2020-10-14 09:33:42.400,3.427,50000
2020-10-14 09:33:42.470,3.428,277400
2020-10-14 09:33:43.300,3.428,22600
2020-10-14 09:33:43.300,3.428,300000
2020-10-14 09:33:43.300,3.428,50000
2020-10-14 09:33:43.300,3.428,2000
2020-10-14 09:33:43.300,3.428,33600
2020-10-14 09:33:43.300,3.428,14500
2020-10-14 09:33:43.300,3.428,100000
2020-10-14 09:33:43.900,3.428,300000
2020-10-14 09:33:44.030,3.428,100000
2020-10-14 09:33:45.030,3.428,77300
2020-10-14 09:33:45.460,3.427,131000
2020-10-14 09:33:45.460,3.427,2000
2020-10-14 09:33:45.460,3.427,167000
2020-10-14 09:33:45.770,3.427,300000
2020-10-14 09:33:45.950,3.427,45200
2020-10-14 09:33:45.950,3.427,244000
2020-10-14 09:33:46.630,3.427,143800
2020-10-14 09:33:46.630,3.427,5000
2020-10-14 09:33:46.630,3.427,151200
2020-10-14 09:33:46.770,3.427,148800
2020-10-14 09:33:46.890,3.426,2400
2020-10-14 09:33:47.850,3.426,4000
2020-10-14 09:33:48.890,3.427,151600
2020-10-14 09:33:48.890,3.427,148400
2020-10-14 09:33:49.340,3.426,1400
2020-10-14 09:33:49.830,3.427,151600
2020-10-14 09:33:50.110,3.427,3000
2020-10-14 09:33:50.740,3.428,3000
2020-10-14 09:33:52.840,3.427,1300
2020-10-14 09:33:53.100,3.427,3100
2020-10-14 09:33:53.190,3.427,2900
2020-10-14 09:33:54.480,3.428,800
2020-10-14 09:33:55.270,3.427,138100
2020-10-14 09:33:55.270,3.427,300
2020-10-14 09:33:56.690,3.427,10000
2020-10-14 09:33:57.160,3.427,800
2020-10-14 09:33:57.560,3.426,150000
2020-10-14 09:33:57.560,3.426,150000
2020-10-14 09:33:57.560,3.427,75000
2020-10-14 09:34:00.530,3.426,15000
2020-10-14 09:34:02.360,3.426,300052
2020-10-14 09:34:04.540,3.427,400
2020-10-14 09:34:07.150,3.426,300
2020-10-14 09:34:07.360,3.426,284648
2020-10-14 09:34:07.360,3.426,12000
2020-10-14 09:34:07.360,3.426,4452
2020-10-14 09:34:07.810,3.426,548
2020-10-14 09:34:07.810,3.426,12052
2020-10-14 09:34:08.590,3.426,7948
2020-10-14 09:34:08.590,3.426,12000
2020-10-14 09:34:08.590,3.426,300
2020-10-14 09:34:08.590,3.426,30000
2020-10-14 09:34:08.590,3.426,15000
2020-10-14 09:34:08.590,3.426,87500
2020-10-14 09:34:08.590,3.426,300
2020-10-14 09:34:09.420,3.425,30000
2020-10-14 09:34:09.420,3.425,45400
2020-10-14 09:34:12.430,3.426,30600
2020-10-14 09:34:14.130,3.426,116352
2020-10-14 09:34:14.130,3.426,183648
2020-10-14 09:34:14.520,3.426,10000
2020-10-14 09:34:14.590,3.426,94152
2020-10-14 09:34:14.590,3.426,28300
2020-10-14 09:34:14.590,3.426,100
2020-10-14 09:34:14.590,3.426,500000
2020-10-14 09:34:16.840,3.427,1000
2020-10-14 09:34:17.270,3.426,1000
2020-10-14 09:34:17.740,3.427,4900
2020-10-14 09:34:17.740,3.427,5100
2020-10-14 09:34:18.550,3.426,100
2020-10-14 09:34:18.910,3.427,200000
2020-10-14 09:34:19.610,3.427,1000
2020-10-14 09:34:20.140,3.427,94100
2020-10-14 09:34:20.140,3.427,10000
2020-10-14 09:34:20.140,3.427,6000
2020-10-14 09:34:20.140,3.427,4200
2020-10-14 09:34:20.140,3.427,27200
2020-10-14 09:34:20.140,3.427,100
2020-10-14 09:34:20.580,3.427,14500
2020-10-14 09:34:20.980,3.427,260000
2020-10-14 09:34:21.130,3.427,400
2020-10-14 09:34:21.180,3.427,2600
2020-10-14 09:34:22.970,3.427,100
2020-10-14 09:34:23.380,3.427,300000
2020-10-14 09:34:25.200,3.427,9000
2020-10-14 09:34:25.380,3.427,171800
2020-10-14 09:34:25.380,3.427,3000
2020-10-14 09:34:25.380,3.427,20000
2020-10-14 09:34:26.550,3.426,11600
2020-10-14 09:34:26.640,3.427,14000
2020-10-14 09:34:27.020,3.427,10000
2020-10-14 09:34:29.340,3.426,264748
2020-10-14 09:34:29.340,3.426,3000
2020-10-14 09:34:29.340,3.426,1000
2020-10-14 09:34:30.400,3.425,4600
2020-10-14 09:34:30.400,3.425,8000
2020-10-14 09:34:30.400,3.425,10000
2020-10-14 09:34:30.400,3.425,100
2020-10-14 09:34:30.400,3.425,3000
2020-10-14 09:34:30.400,3.425,100
2020-10-14 09:34:30.400,3.425,55400
2020-10-14 09:34:30.700,3.426,2000
2020-10-14 09:34:31.970,3.426,229252
2020-10-14 09:34:32.390,3.427,5000
2020-10-14 09:34:34.220,3.427,500
2020-10-14 09:34:37.800,3.427,200
2020-10-14 09:34:39.140,3.427,8700
2020-10-14 09:34:39.140,3.427,13500
2020-10-14 09:34:39.420,3.426,1000
2020-10-14 09:34:40.520,3.427,286500
2020-10-14 09:34:40.520,3.427,13500
2020-10-14 09:34:43.130,3.426,173500
2020-10-14 09:34:43.870,3.426,300000
2020-10-14 09:34:44.050,3.426,150000
2020-10-14 09:34:44.080,3.426,38348
2020-10-14 09:34:44.080,3.426,111652
2020-10-14 09:34:46.220,3.426,10000
2020-10-14 09:34:46.220,3.426,20000
2020-10-14 09:34:46.220,3.426,1500
2020-10-14 09:34:46.220,3.426,269700
2020-10-14 09:34:46.470,3.426,230300
2020-10-14 09:34:47.050,3.426,20000
2020-10-14 09:34:48.490,3.425,300000
2020-10-14 09:34:49.340,3.426,400
2020-10-14 09:34:50.210,3.426,20000
2020-10-14 09:34:53.620,3.426,29300
2020-10-14 09:34:53.620,3.426,300990
2020-10-14 09:34:53.620,3.426,301500
2020-10-14 09:34:53.620,3.426,6300
2020-10-14 09:34:55.140,3.426,35000
2020-10-14 09:34:55.520,3.426,500
2020-10-14 09:34:57.640,3.426,226410
2020-10-14 09:34:58.120,3.426,1000
2020-10-14 09:34:59.430,3.426,72590
2020-10-14 09:34:59.430,3.426,1000
2020-10-14 09:35:00.120,3.426,300000
2020-10-14 09:35:00.490,3.426,300000
2020-10-14 09:35:00.940,3.426,226410
2020-10-14 09:35:00.940,3.426,100
2020-10-14 09:35:02.190,3.426,73490
2020-10-14 09:35:02.190,3.426,300000
2020-10-14 09:35:03.070,3.426,300000
2020-10-14 09:35:03.380,3.426,226510
2020-10-14 09:35:03.600,3.426,600
2020-10-14 09:35:03.950,3.426,6300
2020-10-14 09:35:05.300,3.425,2500
2020-10-14 09:35:06.160,3.425,7600
2020-10-14 09:35:07.020,3.425,22700
2020-10-14 09:35:07.790,3.426,20000
2020-10-14 09:35:08.350,3.426,1000
2020-10-14 09:35:08.690,3.426,1200
2020-10-14 09:35:09.730,3.426,20000
2020-10-14 09:35:10.210,3.426,100
2020-10-14 09:35:10.850,3.426,10000
2020-10-14 09:35:13.770,3.425,1000
2020-10-14 09:35:13.770,3.425,800
2020-10-14 09:35:15.560,3.425,2800
2020-10-14 09:35:15.560,3.425,500
2020-10-14 09:35:15.560,3.425,300
2020-10-14 09:35:15.560,3.425,1000
2020-10-14 09:35:17.360,3.426,500
2020-10-14 09:35:17.680,3.425,5000
2020-10-14 09:35:17.680,3.425,28800
2020-10-14 09:35:17.680,3.425,20000
2020-10-14 09:35:17.680,3.425,1000
2020-10-14 09:35:17.680,3.425,200
2020-10-14 09:35:17.680,3.425,14500
2020-10-14 09:35:19.690,3.425,3500
2020-10-14 09:35:20.380,3.424,300
2020-10-14 09:35:21.620,3.425,30000
2020-10-14 09:35:21.710,3.425,300
2020-10-14 09:35:22.030,3.424,700
2020-10-14 09:35:22.030,3.424,1300
2020-10-14 09:35:23.190,3.425,201300
2020-10-14 09:35:24.350,3.426,5000
2020-10-14 09:35:27.080,3.425,98700
2020-10-14 09:35:27.080,3.425,51300
2020-10-14 09:35:27.110,3.425,48700
2020-10-14 09:35:27.110,3.425,101300
2020-10-14 09:35:28.600,3.425,1700
2020-10-14 09:35:28.660,3.425,298500
2020-10-14 09:35:28.760,3.425,498500
2020-10-14 09:35:32.410,3.424,5700
2020-10-14 09:35:33.180,3.425,1400
2020-10-14 09:35:35.330,3.425,200
2020-10-14 09:35:35.570,3.424,25800
2020-10-14 09:35:35.570,3.424,2000
2020-10-14 09:35:35.570,3.424,900
2020-10-14 09:35:35.570,3.424,1000
2020-10-14 09:35:35.570,3.424,12200
2020-10-14 09:35:35.570,3.424,9200
2020-10-14 09:35:39.470,3.424,400
2020-10-14 09:35:39.470,3.424,400
2020-10-14 09:35:39.470,3.424,100
2020-10-14 09:35:39.470,3.424,100
2020-10-14 09:35:41.900,3.424,59600
2020-10-14 09:35:45.200,3.424,54000
2020-10-14 09:35:48.930,3.424,177700
2020-10-14 09:35:48.930,3.424,300
2020-10-14 09:35:48.930,3.424,1600
2020-10-14 09:35:48.930,3.424,16000
2020-10-14 09:35:48.930,3.424,10000
2020-10-14 09:35:48.930,3.424,12000
2020-10-14 09:35:50.180,3.424,5800
2020-10-14 09:35:51.160,3.424,76600
2020-10-14 09:35:51.160,3.424,5000
2020-10-14 09:35:51.160,3.423,1000
2020-10-14 09:35:51.160,3.423,10100
2020-10-14 09:35:51.160,3.423,200
2020-10-14 09:35:51.160,3.423,1000
2020-10-14 09:35:51.160,3.423,10000
2020-10-14 09:35:51.160,3.423,20000
2020-10-14 09:35:51.160,3.423,10000
2020-10-14 09:35:51.160,3.423,100
2020-10-14 09:35:51.160,3.423,3100
2020-10-14 09:35:51.160,3.423,50000
2020-10-14 09:35:51.160,3.423,2900
2020-10-14 09:35:51.160,3.423,2500
2020-10-14 09:35:54.170,3.424,400
2020-10-14 09:35:54.170,3.423,1200
2020-10-14 09:35:55.190,3.423,1000
2020-10-14 09:35:55.320,3.423,7000
2020-10-14 09:35:55.560,3.423,600
2020-10-14 09:35:55.920,3.423,3600
2020-10-14 09:35:55.920,3.423,10000
2020-10-14 09:35:55.920,3.423,10000
2020-10-14 09:35:55.920,3.422,300
2020-10-14 09:35:55.920,3.422,40000
2020-10-14 09:35:55.920,3.422,6000
2020-10-14 09:35:55.920,3.422,10000
2020-10-14 09:35:55.920,3.422,7000
2020-10-14 09:35:55.920,3.422,20000
2020-10-14 09:35:55.920,3.422,63700
2020-10-14 09:35:55.920,3.422,500
2020-10-14 09:35:55.920,3.422,17000
2020-10-14 09:35:56.240,3.423,500
2020-10-14 09:35:56.940,3.424,9700
2020-10-14 09:35:56.940,3.424,900
2020-10-14 09:35:58.670,3.423,2000
2020-10-14 09:36:00.980,3.422,4000
2020-10-14 09:36:02.440,3.423,10000
2020-10-14 09:36:02.470,3.423,3000
2020-10-14 09:36:04.450,3.422,594900
2020-10-14 09:36:04.690,3.423,100
2020-10-14 09:36:04.970,3.422,100
2020-10-14 09:36:07.370,3.423,31200
2020-10-14 09:36:07.400,3.422,5100
2020-10-14 09:36:07.760,3.422,14900
2020-10-14 09:36:07.820,3.422,3000
2020-10-14 09:36:10.490,3.421,100
2020-10-14 09:36:10.490,3.421,100
2020-10-14 09:36:10.490,3.421,4800
2020-10-14 09:36:12.300,3.422,5000
2020-10-14 09:36:12.860,3.422,5000
2020-10-14 09:36:14.070,3.422,500
2020-10-14 09:36:14.270,3.422,108600
2020-10-14 09:36:15.300,3.422,100
2020-10-14 09:36:16.210,3.423,2000
2020-10-14 09:36:16.210,3.423,5000
2020-10-14 09:36:16.210,3.423,23000
2020-10-14 09:36:16.830,3.422,20000
2020-10-14 09:36:17.230,3.422,14500
2020-10-14 09:36:17.290,3.423,57800
2020-10-14 09:36:17.290,3.423,2200
2020-10-14 09:36:18.280,3.423,1000
2020-10-14 09:36:18.280,3.423,8300
2020-10-14 09:36:18.280,3.423,300
2020-10-14 09:36:18.280,3.423,10000
2020-10-14 09:36:18.280,3.423,1900
2020-10-14 09:36:18.280,3.423,10000
2020-10-14 09:36:19.250,3.422,25400
2020-10-14 09:36:19.250,3.422,37800
2020-10-14 09:36:20.010,3.422,262200
2020-10-14 09:36:20.010,3.422,37800
2020-10-14 09:36:21.950,3.423,11600
2020-10-14 09:36:25.830,3.423,42000
2020-10-14 09:36:26.040,3.423,1500
2020-10-14 09:36:27.080,3.423,4900
2020-10-14 09:36:27.080,3.423,11300
2020-10-14 09:36:27.370,3.424,7100
2020-10-14 09:36:27.780,3.422,50000
2020-10-14 09:36:30.240,3.423,100
2020-10-14 09:36:32.110,3.423,300
2020-10-14 09:36:32.110,3.423,1700
2020-10-14 09:36:32.760,3.423,12800
2020-10-14 09:36:33.420,3.423,400
2020-10-14 09:36:33.450,3.423,550000
2020-10-14 09:36:35.330,3.424,500
2020-10-14 09:36:36.900,3.423,336800
2020-10-14 09:36:36.900,3.423,618200
2020-10-14 09:36:36.900,3.423,45000
2020-10-14 09:36:38.890,3.424,3000
2020-10-14 09:36:42.820,3.424,100
2020-10-14 09:36:50.120,3.424,10000
2020-10-14 09:36:50.710,3.424,600
2020-10-14 09:36:51.330,3.423,2000
2020-10-14 09:36:53.050,3.423,2000
2020-10-14 09:36:54.690,3.423,300
2020-10-14 09:36:55.270,3.423,75000
2020-10-14 09:36:56.060,3.423,40000
2020-10-14 09:36:56.340,3.424,8700
2020-10-14 09:36:56.340,3.424,200
2020-10-14 09:36:56.340,3.424,6000
2020-10-14 09:36:56.340,3.424,5000
2020-10-14 09:36:56.340,3.424,100
2020-10-14 09:36:56.340,3.424,700
2020-10-14 09:36:56.340,3.424,28600
2020-10-14 09:36:56.340,3.424,2900
2020-10-14 09:36:56.340,3.424,2000
2020-10-14 09:36:56.340,3.424,40000
2020-10-14 09:36:56.720,3.424,805800
2020-10-14 09:36:56.720,3.423,149200
2020-10-14 09:36:56.720,3.423,45000
2020-10-14 09:36:57.010,3.423,10000
2020-10-14 09:37:00.570,3.424,600
2020-10-14 09:37:01.490,3.424,400
2020-10-14 09:37:01.900,3.424,500
2020-10-14 09:37:03.030,3.424,2000
2020-10-14 09:37:03.150,3.424,1500
2020-10-14 09:37:03.150,3.424,5100
2020-10-14 09:37:05.800,3.424,4900
2020-10-14 09:37:05.800,3.424,2500
2020-10-14 09:37:05.800,3.424,5100
2020-10-14 09:37:11.340,3.424,300
2020-10-14 09:37:12.080,3.424,800
2020-10-14 09:37:13.480,3.425,1100
2020-10-14 09:37:14.610,3.425,700
2020-10-14 09:37:15.380,3.425,3200
2020-10-14 09:37:15.380,3.425,2000
2020-10-14 09:37:15.380,3.425,600
2020-10-14 09:37:15.380,3.425,216000
2020-10-14 09:37:15.380,3.425,10700
2020-10-14 09:37:15.380,3.425,368200
2020-10-14 09:37:15.380,3.425,299300
2020-10-14 09:37:17.630,3.425,655700
2020-10-14 09:37:17.630,3.425,45000
2020-10-14 09:37:18.030,3.425,3000
2020-10-14 09:37:18.390,3.426,8000
2020-10-14 09:37:19.210,3.425,2000
2020-10-14 09:37:22.080,3.425,194300
2020-10-14 09:37:22.080,3.425,500
2020-10-14 09:37:22.080,3.425,500
2020-10-14 09:37:22.080,3.425,2000
2020-10-14 09:37:22.080,3.425,5000
2020-10-14 09:37:22.080,3.425,12000
2020-10-14 09:37:22.080,3.425,85800
2020-10-14 09:37:22.220,3.425,814200
2020-10-14 09:37:23.980,3.424,100
2020-10-14 09:37:24.010,3.425,140800
2020-10-14 09:37:24.010,3.425,45000
2020-10-14 09:37:24.010,3.425,300401
2020-10-14 09:37:24.010,3.425,300001
2020-10-14 09:37:24.160,3.425,113798
2020-10-14 09:37:24.370,3.424,150000
2020-10-14 09:37:24.430,3.424,150000
2020-10-14 09:37:24.840,3.425,14900
2020-10-14 09:37:27.260,3.425,17500
2020-10-14 09:37:29.540,3.425,3400
2020-10-14 09:37:30.810,3.425,300
2020-10-14 09:37:33.390,3.425,200
2020-10-14 09:37:33.560,3.424,1000
2020-10-14 09:37:33.840,3.425,5000
2020-10-14 09:37:35.720,3.425,1000
2020-10-14 09:37:36.410,3.424,300000
2020-10-14 09:37:37.590,3.424,292700
2020-10-14 09:37:37.590,3.424,10000
2020-10-14 09:37:37.590,3.424,5000
2020-10-14 09:37:37.590,3.424,3000
2020-10-14 09:37:37.590,3.424,1000
2020-10-14 09:37:37.590,3.424,300
2020-10-14 09:37:37.590,3.424,40000
2020-10-14 09:37:37.590,3.424,6000
2020-10-14 09:37:37.590,3.424,10000
2020-10-14 09:37:37.700,3.424,10000
2020-10-14 09:37:40.450,3.424,1200
2020-10-14 09:37:41.830,3.424,2800
2020-10-14 09:37:43.640,3.424,150000
2020-10-14 09:37:43.900,3.424,1000
2020-10-14 09:37:44.440,3.423,500
2020-10-14 09:37:44.440,3.423,97700
2020-10-14 09:37:45.920,3.424,17100
2020-10-14 09:37:46.860,3.423,1000
2020-10-14 09:37:54.570,3.423,9000
2020-10-14 09:37:54.750,3.423,100
2020-10-14 09:37:58.180,3.423,192200
2020-10-14 09:37:58.180,3.423,5000
2020-10-14 09:37:58.180,3.423,600
2020-10-14 09:37:58.180,3.423,300
2020-10-14 09:37:58.180,3.423,1500
2020-10-14 09:37:58.180,3.423,200
2020-10-14 09:37:58.180,3.423,500
2020-10-14 09:37:58.180,3.423,3000
2020-10-14 09:37:58.180,3.423,3000
2020-10-14 09:37:58.180,3.423,5000
2020-10-14 09:37:58.180,3.423,10000
2020-10-14 09:37:58.180,3.423,12000
2020-10-14 09:38:00.660,3.423,1600
2020-10-14 09:38:01.140,3.423,300
2020-10-14 09:38:02.490,3.423,3000
2020-10-14 09:38:04.390,3.423,1800
2020-10-14 09:38:04.870,3.423,800
2020-10-14 09:38:06.060,3.422,100
2020-10-14 09:38:06.060,3.422,1500
2020-10-14 09:38:08.220,3.423,2300
2020-10-14 09:38:08.220,3.423,16200
2020-10-14 09:38:08.640,3.423,3000
2020-10-14 09:38:11.230,3.422,600
2020-10-14 09:38:12.390,3.422,900
2020-10-14 09:38:12.390,3.422,5000
2020-10-14 09:38:12.390,3.422,1000
2020-10-14 09:38:12.390,3.422,5000
2020-10-14 09:38:12.390,3.422,5000
2020-10-14 09:38:12.390,3.422,34300
2020-10-14 09:38:13.640,3.423,1000
2020-10-14 09:38:14.890,3.422,1500
2020-10-14 09:38:14.890,3.422,2000
2020-10-14 09:38:14.890,3.422,200
2020-10-14 09:38:14.890,3.422,1000
2020-10-14 09:38:14.890,3.422,1500
2020-10-14 09:38:14.890,3.422,1000
2020-10-14 09:38:14.890,3.422,60000
2020-10-14 09:38:14.890,3.422,3000
2020-10-14 09:38:15.400,3.422,500
2020-10-14 09:38:16.060,3.422,16600
2020-10-14 09:38:16.530,3.422,400
2020-10-14 09:38:16.690,3.422,18500
2020-10-14 09:38:16.720,3.422,848800
2020-10-14 09:38:16.720,3.422,51200
2020-10-14 09:38:16.960,3.421,5200
2020-10-14 09:38:16.960,3.421,100
2020-10-14 09:38:16.960,3.421,14600
2020-10-14 09:38:16.960,3.421,16500
2020-10-14 09:38:17.830,3.422,4000
2020-10-14 09:38:18.250,3.422,16600
2020-10-14 09:38:18.360,3.422,1200
2020-10-14 09:38:19.540,3.422,900
2020-10-14 09:38:20.200,3.422,30000
2020-10-14 09:38:20.420,3.422,17400
2020-10-14 09:38:20.690,3.422,60000
2020-10-14 09:38:21.810,3.422,773700
2020-10-14 09:38:21.810,3.422,90000
2020-10-14 09:38:21.810,3.422,5000
2020-10-14 09:38:21.810,3.422,22900
2020-10-14 09:38:24.360,3.422,100
2020-10-14 09:38:24.600,3.422,3000
2020-10-14 09:38:24.810,3.423,16200
2020-10-14 09:38:25.760,3.422,1600
2020-10-14 09:38:26.480,3.422,3700
2020-10-14 09:38:26.480,3.422,1000
2020-10-14 09:38:26.480,3.422,8300
2020-10-14 09:38:26.600,3.422,4000
2020-10-14 09:38:26.840,3.422,1000
2020-10-14 09:38:28.650,3.422,886700
2020-10-14 09:38:28.650,3.421,21300
2020-10-14 09:38:28.650,3.421,20000
2020-10-14 09:38:28.650,3.421,500
2020-10-14 09:38:28.650,3.421,18500
2020-10-14 09:38:28.650,3.421,3000
2020-10-14 09:38:28.650,3.421,100
2020-10-14 09:38:28.650,3.421,2000
2020-10-14 09:38:28.650,3.421,2900
2020-10-14 09:38:28.650,3.421,47100
2020-10-14 09:38:28.650,3.421,9700
2020-10-14 09:38:28.650,3.421,500
2020-10-14 09:38:28.650,3.421,1300
2020-10-14 09:38:28.650,3.421,1000
2020-10-14 09:38:28.650,3.421,100
2020-10-14 09:38:28.650,3.421,5000
2020-10-14 09:38:28.650,3.421,5000
2020-10-14 09:38:28.650,3.421,5000
2020-10-14 09:38:28.650,3.421,30000
2020-10-14 09:38:28.650,3.421,60000
2020-10-14 09:38:28.650,3.421,40000
2020-10-14 09:38:28.650,3.421,40000
2020-10-14 09:38:28.650,3.421,1100
2020-10-14 09:38:28.650,3.421,1500
2020-10-14 09:38:28.650,3.421,707700
2020-10-14 09:38:28.650,3.421,90000
2020-10-14 09:38:30.880,3.422,300
2020-10-14 09:38:31.620,3.422,16100
2020-10-14 09:38:31.920,3.422,10000
2020-10-14 09:38:33.380,3.422,145500
2020-10-14 09:38:33.650,3.423,1700
2020-10-14 09:38:33.920,3.422,300000
2020-10-14 09:38:41.270,3.422,500
2020-10-14 09:38:41.570,3.421,800
2020-10-14 09:38:43.370,3.422,10000
2020-10-14 09:38:45.920,3.421,100
2020-10-14 09:38:46.460,3.422,9700
2020-10-14 09:38:48.210,3.422,100
2020-10-14 09:38:48.600,3.421,4100
2020-10-14 09:38:48.600,3.421,5000
2020-10-14 09:38:48.600,3.421,900
2020-10-14 09:38:51.560,3.421,1000
2020-10-14 09:38:51.680,3.421,6200
2020-10-14 09:38:51.680,3.421,3800
2020-10-14 09:38:56.770,3.421,3900
2020-10-14 09:38:59.210,3.422,1500
2020-10-14 09:38:59.830,3.421,1300
2020-10-14 09:39:00.380,3.421,41000
2020-10-14 09:39:00.380,3.421,3000
2020-10-14 09:39:01.020,3.42,5100
2020-10-14 09:39:01.020,3.42,1000
2020-10-14 09:39:01.020,3.42,5100
2020-10-14 09:39:01.020,3.42,3900
2020-10-14 09:39:01.860,3.421,100
2020-10-14 09:39:04.860,3.421,27200
2020-10-14 09:39:05.610,3.421,300
2020-10-14 09:39:06.660,3.421,2000
2020-10-14 09:39:07.430,3.421,5000
2020-10-14 09:39:07.950,3.421,300
2020-10-14 09:39:08.190,3.42,6100
2020-10-14 09:39:08.190,3.42,800
2020-10-14 09:39:08.370,3.42,1200
2020-10-14 09:39:08.370,3.42,200
2020-10-14 09:39:08.370,3.42,10000
2020-10-14 09:39:08.370,3.42,1000
2020-10-14 09:39:08.370,3.42,200
2020-10-14 09:39:08.370,3.42,3000
2020-10-14 09:39:08.370,3.42,1400
2020-10-14 09:39:08.370,3.42,3000
2020-10-14 09:39:08.370,3.42,1000
2020-10-14 09:39:08.370,3.42,500
2020-10-14 09:39:08.370,3.42,200
2020-10-14 09:39:08.370,3.42,1400
2020-10-14 09:39:08.770,3.42,11500
2020-10-14 09:39:11.730,3.42,5000
2020-10-14 09:39:14.260,3.42,2100
2020-10-14 09:39:14.260,3.42,7900
2020-10-14 09:39:14.960,3.421,100
2020-10-14 09:39:15.030,3.42,20000
2020-10-14 09:39:15.090,3.421,5000
2020-10-14 09:39:16.190,3.42,6000
2020-10-14 09:39:16.320,3.42,3300
2020-10-14 09:39:16.710,3.42,5000
2020-10-14 09:39:17.920,3.421,8100
2020-10-14 09:39:19.130,3.421,9000
2020-10-14 09:39:19.130,3.421,100
2020-10-14 09:39:19.130,3.421,10000
2020-10-14 09:39:19.130,3.421,1000
2020-10-14 09:39:19.130,3.421,300
2020-10-14 09:39:19.130,3.421,9600
2020-10-14 09:39:20.230,3.421,12100
2020-10-14 09:39:20.380,3.421,700
2020-10-14 09:39:21.020,3.421,17200
2020-10-14 09:39:21.020,3.421,20000
2020-10-14 09:39:21.020,3.421,52800
2020-10-14 09:39:21.720,3.421,3700
2020-10-14 09:39:22.390,3.421,10000
2020-10-14 09:39:22.530,3.421,15300
2020-10-14 09:39:23.760,3.421,5800
2020-10-14 09:39:29.370,3.422,200
2020-10-14 09:39:31.290,3.421,9800
2020-10-14 09:39:31.960,3.421,775400
2020-10-14 09:39:31.960,3.421,60000
2020-10-14 09:39:31.960,3.421,103000
2020-10-14 09:39:31.960,3.421,16600
2020-10-14 09:39:31.960,3.421,23400
2020-10-14 09:39:31.960,3.421,21600
2020-10-14 09:39:33.800,3.422,1000
2020-10-14 09:39:34.170,3.421,6000
2020-10-14 09:39:35.100,3.422,4200
2020-10-14 09:39:36.420,3.421,6000
2020-10-14 09:39:37.970,3.421,86400
2020-10-14 09:39:39.330,3.421,40000
2020-10-14 09:39:39.490,3.421,2000
2020-10-14 09:39:41.630,3.421,8000
2020-10-14 09:39:41.630,3.421,40000
2020-10-14 09:39:41.630,3.421,2000
2020-10-14 09:39:42.240,3.421,100
2020-10-14 09:39:42.520,3.422,2300
2020-10-14 09:39:42.520,3.422,2500
2020-10-14 09:39:42.520,3.422,700
2020-10-14 09:39:42.520,3.422,4000
2020-10-14 09:39:42.520,3.422,1000
2020-10-14 09:39:43.070,3.421,7700
2020-10-14 09:39:43.210,3.421,1500
2020-10-14 09:39:44.420,3.421,18700
2020-10-14 09:39:44.420,3.421,31300
2020-10-14 09:39:44.770,3.422,10000
2020-10-14 09:39:44.920,3.422,400
2020-10-14 09:39:44.920,3.421,200
2020-10-14 09:39:47.660,3.421,868500
2020-10-14 09:39:47.660,3.421,60000
2020-10-14 09:39:47.660,3.421,1400
2020-10-14 09:39:47.660,3.421,25100
2020-10-14 09:39:47.660,3.421,4900
2020-10-14 09:39:47.660,3.421,100
2020-10-14 09:39:47.660,3.421,800
2020-10-14 09:39:47.660,3.421,20000
2020-10-14 09:39:47.660,3.421,19200
2020-10-14 09:39:49.730,3.422,300
2020-10-14 09:39:54.350,3.422,2200
2020-10-14 09:39:54.350,3.421,37800
2020-10-14 09:39:54.780,3.422,500
2020-10-14 09:39:55.110,3.422,2000
2020-10-14 09:39:57.230,3.422,1100
2020-10-14 09:39:57.440,3.421,6000
2020-10-14 09:39:58.490,3.422,14900
2020-10-14 09:39:59.650,3.422,500
2020-10-14 09:40:01.380,3.422,900
2020-10-14 09:40:01.960,3.421,500
2020-10-14 09:40:02.500,3.421,3800
2020-10-14 09:40:03.340,3.421,1000
2020-10-14 09:40:06.000,3.421,200
2020-10-14 09:40:06.210,3.421,49800
2020-10-14 09:40:06.210,3.421,200
2020-10-14 09:40:06.210,3.421,2700
2020-10-14 09:40:06.210,3.421,600
2020-10-14 09:40:06.670,3.421,10000
2020-10-14 09:40:14.000,3.421,1100
2020-10-14 09:40:14.000,3.421,1000
2020-10-14 09:40:14.000,3.42,7800
2020-10-14 09:40:14.000,3.42,500
2020-10-14 09:40:14.000,3.42,6000
2020-10-14 09:40:14.000,3.42,10000
2020-10-14 09:40:14.000,3.42,30000
2020-10-14 09:40:14.000,3.42,500
2020-10-14 09:40:14.000,3.42,10000
2020-10-14 09:40:14.000,3.42,100
2020-10-14 09:40:14.000,3.42,700
2020-10-14 09:40:14.000,3.42,10000
2020-10-14 09:40:14.000,3.42,8000
2020-10-14 09:40:14.000,3.42,500
2020-10-14 09:40:14.000,3.42,10000
2020-10-14 09:40:14.000,3.42,10000
2020-10-14 09:40:14.000,3.42,700
2020-10-14 09:40:14.000,3.42,700
2020-10-14 09:40:14.000,3.42,15000
2020-10-14 09:40:14.000,3.42,100
2020-10-14 09:40:14.000,3.42,14600
2020-10-14 09:40:14.000,3.42,500
2020-10-14 09:40:14.000,3.42,4000
2020-10-14 09:40:14.000,3.42,30000
2020-10-14 09:40:14.000,3.42,300
2020-10-14 09:40:14.000,3.42,1000
2020-10-14 09:40:14.000,3.42,5000
2020-10-14 09:40:14.000,3.42,2000
2020-10-14 09:40:14.000,3.42,1000
2020-10-14 09:40:14.000,3.42,4500
2020-10-14 09:40:14.000,3.42,36000
2020-10-14 09:40:14.000,3.42,300
2020-10-14 09:40:14.000,3.42,3000
2020-10-14 09:40:14.000,3.42,1500
2020-10-14 09:40:14.000,3.42,20000
2020-10-14 09:40:14.000,3.42,5000
2020-10-14 09:40:14.000,3.42,1000
2020-10-14 09:40:14.000,3.42,49300
2020-10-14 09:40:14.000,3.42,10000
2020-10-14 09:40:14.000,3.42,100
2020-10-14 09:40:14.000,3.42,300
2020-10-14 09:40:14.000,3.42,30000
2020-10-14 09:40:14.000,3.42,100
2020-10-14 09:40:14.000,3.42,50000
2020-10-14 09:40:14.000,3.42,1000
2020-10-14 09:40:14.000,3.42,2000
2020-10-14 09:40:14.000,3.42,100
2020-10-14 09:40:14.000,3.42,3000
2020-10-14 09:40:14.000,3.42,1600
2020-10-14 09:40:14.000,3.42,10000
2020-10-14 09:40:14.000,3.42,5000
2020-10-14 09:40:14.000,3.42,2000
2020-10-14 09:40:14.000,3.42,3000
2020-10-14 09:40:14.000,3.42,600
2020-10-14 09:40:14.000,3.42,1000
2020-10-14 09:40:14.000,3.42,300
2020-10-14 09:40:14.000,3.42,1500
2020-10-14 09:40:14.000,3.42,30000
2020-10-14 09:40:14.000,3.42,1000
2020-10-14 09:40:14.000,3.42,1000
2020-10-14 09:40:14.000,3.42,30000
2020-10-14 09:40:14.000,3.42,6000
2020-10-14 09:40:14.000,3.42,50000
2020-10-14 09:40:14.000,3.42,3100
2020-10-14 09:40:14.000,3.42,5000
2020-10-14 09:40:14.000,3.42,500
2020-10-14 09:40:14.000,3.42,1000
2020-10-14 09:40:14.000,3.42,100
2020-10-14 09:40:14.000,3.42,800
2020-10-14 09:40:14.000,3.42,5000
2020-10-14 09:40:14.000,3.42,100
2020-10-14 09:40:14.000,3.42,1000
2020-10-14 09:40:14.000,3.42,2000
2020-10-14 09:40:14.000,3.42,2900
2020-10-14 09:40:14.000,3.42,5000
2020-10-14 09:40:14.000,3.42,500
2020-10-14 09:40:14.000,3.42,1000
2020-10-14 09:40:14.000,3.42,60000
2020-10-14 09:40:14.000,3.42,1500
2020-10-14 09:40:14.000,3.42,5000
2020-10-14 09:40:14.000,3.42,22400
2020-10-14 09:40:16.230,3.421,2500
2020-10-14 09:40:16.230,3.421,20000
2020-10-14 09:40:17.640,3.421,7500
2020-10-14 09:40:17.640,3.421,592500
2020-10-14 09:40:17.700,3.422,10000
2020-10-14 09:40:17.700,3.422,10000
2020-10-14 09:40:17.700,3.422,4000
2020-10-14 09:40:17.700,3.422,2600
2020-10-14 09:40:17.700,3.422,200
2020-10-14 09:40:18.210,3.422,5000
2020-10-14 09:40:18.490,3.422,1000
2020-10-14 09:40:19.290,3.422,600
2020-10-14 09:40:22.660,3.422,112700
2020-10-14 09:40:22.660,3.421,7500
2020-10-14 09:40:22.660,3.421,60000
2020-10-14 09:40:22.660,3.421,300
2020-10-14 09:40:22.660,3.421,20000
2020-10-14 09:40:22.660,3.421,20000
2020-10-14 09:40:22.660,3.421,40000
2020-10-14 09:40:22.660,3.421,40000
2020-10-14 09:40:22.660,3.421,654500
2020-10-14 09:40:22.660,3.421,45000
2020-10-14 09:40:23.400,3.422,300
2020-10-14 09:40:23.400,3.423,25900
2020-10-14 09:40:23.400,3.423,8000
2020-10-14 09:40:23.400,3.423,1100
2020-10-14 09:40:23.400,3.423,13700
2020-10-14 09:40:24.760,3.421,2000
2020-10-14 09:40:26.260,3.421,3000
2020-10-14 09:40:26.260,3.421,8100
2020-10-14 09:40:27.500,3.421,14900
2020-10-14 09:40:30.920,3.423,500
2020-10-14 09:40:34.520,3.422,1000
2020-10-14 09:40:35.550,3.423,100
2020-10-14 09:40:37.060,3.423,5700
2020-10-14 09:40:37.060,3.423,100
2020-10-14 09:40:37.060,3.423,1600
2020-10-14 09:40:37.060,3.423,3000
2020-10-14 09:40:37.060,3.423,7400
2020-10-14 09:40:37.060,3.423,100
2020-10-14 09:40:37.060,3.423,32100
2020-10-14 09:40:37.830,3.422,300000
2020-10-14 09:40:38.180,3.422,210800
2020-10-14 09:40:38.180,3.422,5000
2020-10-14 09:40:39.700,3.422,50800
2020-10-14 09:40:39.700,3.422,300000
2020-10-14 09:40:39.700,3.422,290000
2020-10-14 09:40:39.700,3.422,259200
2020-10-14 09:40:40.000,3.422,16200
2020-10-14 09:40:41.950,3.422,400
2020-10-14 09:40:42.100,3.422,24300
2020-10-14 09:40:42.100,3.422,5000
2020-10-14 09:40:43.600,3.423,14700
2020-10-14 09:40:44.090,3.422,30000
2020-10-14 09:40:44.180,3.422,3000
2020-10-14 09:40:45.440,3.422,300000
2020-10-14 09:40:45.440,3.422,300000
2020-10-14 09:40:45.800,3.422,237700
2020-10-14 09:40:45.800,3.422,15600
2020-10-14 09:40:45.980,3.421,508100
2020-10-14 09:40:45.980,3.421,491900
2020-10-14 09:40:46.630,3.421,5000
2020-10-14 09:40:46.630,3.421,5400
2020-10-14 09:40:46.840,3.422,300
2020-10-14 09:40:47.550,3.422,1000
2020-10-14 09:40:48.040,3.422,10000
2020-10-14 09:40:48.980,3.422,16700
2020-10-14 09:40:50.590,3.422,5700
2020-10-14 09:40:51.140,3.422,17100
2020-10-14 09:40:51.170,3.422,100
2020-10-14 09:40:51.170,3.422,100
2020-10-14 09:40:51.170,3.422,100
2020-10-14 09:40:51.170,3.422,100
2020-10-14 09:40:51.170,3.422,100
2020-10-14 09:40:51.170,3.422,100
2020-10-14 09:40:51.240,3.422,100
2020-10-14 09:40:51.240,3.422,100
2020-10-14 09:40:51.240,3.422,100
2020-10-14 09:40:51.240,3.422,100
2020-10-14 09:40:51.240,3.422,100
2020-10-14 09:40:51.240,3.422,100
2020-10-14 09:40:51.240,3.422,100
2020-10-14 09:40:51.240,3.422,100
2020-10-14 09:40:51.240,3.422,100
2020-10-14 09:40:51.240,3.422,100
2020-10-14 09:40:51.240,3.422,100
2020-10-14 09:40:51.240,3.422,100
2020-10-14 09:40:51.290,3.422,100
2020-10-14 09:40:51.290,3.422,100
2020-10-14 09:40:51.290,3.422,100
2020-10-14 09:40:51.290,3.422,100
2020-10-14 09:40:51.290,3.422,100
2020-10-14 09:40:51.290,3.422,100
2020-10-14 09:40:51.330,3.422,100
2020-10-14 09:40:51.330,3.422,100
2020-10-14 09:40:51.330,3.422,100
2020-10-14 09:40:51.330,3.422,100
2020-10-14 09:40:51.330,3.422,100
2020-10-14 09:40:51.330,3.422,100
2020-10-14 09:40:51.330,3.422,100
2020-10-14 09:40:51.400,3.422,100
2020-10-14 09:40:51.400,3.422,100
2020-10-14 09:40:51.400,3.422,100
2020-10-14 09:40:51.400,3.422,100
2020-10-14 09:40:51.400,3.422,100
2020-10-14 09:40:51.430,3.422,100
2020-10-14 09:40:51.430,3.422,100
2020-10-14 09:40:51.430,3.422,100
2020-10-14 09:40:51.430,3.422,100
2020-10-14 09:40:51.430,3.422,100
2020-10-14 09:40:51.430,3.422,100
2020-10-14 09:40:51.430,3.422,100
2020-10-14 09:40:51.430,3.422,100
2020-10-14 09:40:51.540,3.422,100
2020-10-14 09:40:51.540,3.422,100
2020-10-14 09:40:51.540,3.422,100
2020-10-14 09:40:51.540,3.422,100
2020-10-14 09:40:51.540,3.422,100
2020-10-14 09:40:51.630,3.422,100
2020-10-14 09:40:51.630,3.422,100
2020-10-14 09:40:51.630,3.422,100
2020-10-14 09:40:51.630,3.422,100
2020-10-14 09:40:51.630,3.422,100
2020-10-14 09:40:51.630,3.422,100
2020-10-14 09:40:51.630,3.422,100
2020-10-14 09:40:51.630,3.422,100
2020-10-14 09:40:51.630,3.422,100
2020-10-14 09:40:51.690,3.422,100
2020-10-14 09:40:51.690,3.422,100
2020-10-14 09:40:51.690,3.422,100
2020-10-14 09:40:51.690,3.422,100
2020-10-14 09:40:51.690,3.422,100
2020-10-14 09:40:51.690,3.422,100
2020-10-14 09:40:51.690,3.421,2000
2020-10-14 09:40:51.760,3.422,100
2020-10-14 09:40:51.760,3.422,100
2020-10-14 09:40:51.760,3.422,100
2020-10-14 09:40:51.760,3.422,100
2020-10-14 09:40:51.760,3.422,100
2020-10-14 09:40:51.760,3.422,100
2020-10-14 09:40:51.790,3.422,100
2020-10-14 09:40:51.790,3.422,100
2020-10-14 09:40:51.790,3.422,100
2020-10-14 09:40:51.790,3.422,100
2020-10-14 09:40:51.790,3.422,100
2020-10-14 09:40:51.820,3.422,100
2020-10-14 09:40:51.820,3.422,100
2020-10-14 09:40:51.820,3.422,100
2020-10-14 09:40:51.820,3.422,100
2020-10-14 09:40:51.820,3.422,100
2020-10-14 09:40:51.950,3.422,100
2020-10-14 09:40:52.040,3.422,100
2020-10-14 09:40:52.040,3.422,100
2020-10-14 09:40:52.040,3.422,100
2020-10-14 09:40:52.040,3.422,100
2020-10-14 09:40:52.040,3.422,100
2020-10-14 09:40:52.040,3.422,100
2020-10-14 09:40:52.040,3.422,100
2020-10-14 09:40:52.040,3.422,100
2020-10-14 09:40:52.040,3.422,100
2020-10-14 09:40:52.040,3.422,100
2020-10-14 09:40:52.040,3.422,100
2020-10-14 09:40:52.040,3.422,100
2020-10-14 09:40:52.100,3.422,100
2020-10-14 09:40:52.100,3.422,100
2020-10-14 09:40:52.100,3.422,100
2020-10-14 09:40:52.100,3.422,100
2020-10-14 09:40:52.100,3.422,100
2020-10-14 09:40:52.100,3.422,100
2020-10-14 09:40:52.160,3.422,100
2020-10-14 09:40:52.190,3.422,100
2020-10-14 09:40:52.190,3.422,100
2020-10-14 09:40:52.190,3.422,100
2020-10-14 09:40:52.190,3.422,100
2020-10-14 09:40:52.190,3.422,100
2020-10-14 09:40:52.190,3.422,100
2020-10-14 09:40:52.240,3.422,100
2020-10-14 09:40:52.240,3.422,100
2020-10-14 09:40:52.240,3.422,100
2020-10-14 09:40:52.240,3.422,100
2020-10-14 09:40:52.240,3.422,100
2020-10-14 09:40:52.240,3.422,100
2020-10-14 09:40:52.240,3.422,100
2020-10-14 09:40:52.240,3.422,100
2020-10-14 09:40:52.240,3.422,100
2020-10-14 09:40:52.300,3.422,100
2020-10-14 09:40:52.300,3.422,100
2020-10-14 09:40:52.300,3.422,100
2020-10-14 09:40:52.300,3.422,100
2020-10-14 09:40:52.300,3.422,100
2020-10-14 09:40:52.300,3.422,100
2020-10-14 09:40:52.340,3.422,100
2020-10-14 09:40:52.340,3.422,100
2020-10-14 09:40:52.340,3.422,100
2020-10-14 09:40:52.340,3.422,100
2020-10-14 09:40:52.340,3.422,100
2020-10-14 09:40:52.340,3.422,100
2020-10-14 09:40:52.340,3.422,100
2020-10-14 09:40:52.400,3.422,100
2020-10-14 09:40:52.400,3.422,100
2020-10-14 09:40:52.400,3.422,100
2020-10-14 09:40:52.400,3.422,100
2020-10-14 09:40:52.400,3.422,100
2020-10-14 09:40:52.400,3.422,100
2020-10-14 09:40:52.460,3.422,100
2020-10-14 09:40:52.460,3.422,100
2020-10-14 09:40:52.460,3.422,100
2020-10-14 09:40:52.460,3.422,100
2020-10-14 09:40:52.460,3.422,100
2020-10-14 09:40:52.460,3.422,100
2020-10-14 09:40:52.460,3.422,100
2020-10-14 09:40:52.510,3.422,100
2020-10-14 09:40:52.510,3.422,100
2020-10-14 09:40:52.510,3.422,100
2020-10-14 09:40:52.510,3.422,100
2020-10-14 09:40:52.510,3.422,100
2020-10-14 09:40:52.540,3.422,100
2020-10-14 09:40:52.540,3.422,100
2020-10-14 09:40:52.540,3.422,100
2020-10-14 09:40:52.540,3.422,100
2020-10-14 09:40:52.950,3.421,500000
2020-10-14 09:40:52.950,3.421,8800
2020-10-14 09:40:53.240,3.422,15200
2020-10-14 09:40:53.270,3.421,22000
2020-10-14 09:40:53.590,3.422,100
2020-10-14 09:40:53.670,3.422,100
2020-10-14 09:40:53.670,3.422,100
2020-10-14 09:40:53.670,3.422,100
2020-10-14 09:40:53.670,3.422,100
2020-10-14 09:40:53.670,3.422,100
2020-10-14 09:40:53.670,3.422,100
2020-10-14 09:40:53.670,3.422,100
2020-10-14 09:40:53.670,3.422,100
2020-10-14 09:40:53.770,3.422,100
2020-10-14 09:40:53.770,3.422,100
2020-10-14 09:40:53.770,3.422,100
2020-10-14 09:40:53.770,3.422,100
2020-10-14 09:40:53.770,3.422,100
2020-10-14 09:40:53.770,3.422,100
2020-10-14 09:40:53.770,3.422,100
2020-10-14 09:40:53.770,3.422,100
2020-10-14 09:40:53.770,3.422,100
2020-10-14 09:40:53.770,3.422,100
2020-10-14 09:40:53.770,3.422,100
2020-10-14 09:40:53.770,3.422,100
2020-10-14 09:40:53.770,3.422,100
2020-10-14 09:40:53.770,3.422,100
2020-10-14 09:40:53.770,3.422,100
2020-10-14 09:40:53.830,3.422,21200
2020-10-14 09:40:53.830,3.422,100
2020-10-14 09:40:53.830,3.422,100
2020-10-14 09:40:53.830,3.422,100
2020-10-14 09:40:53.830,3.422,100
2020-10-14 09:40:53.890,3.422,100
2020-10-14 09:40:53.890,3.422,100
2020-10-14 09:40:53.890,3.422,100
2020-10-14 09:40:53.890,3.422,100
2020-10-14 09:40:53.890,3.422,100
2020-10-14 09:40:53.890,3.422,100
2020-10-14 09:40:53.940,3.422,100
2020-10-14 09:40:53.940,3.422,100
2020-10-14 09:40:53.940,3.422,100
2020-10-14 09:40:53.940,3.422,100
2020-10-14 09:40:53.940,3.422,100
2020-10-14 09:40:53.940,3.422,100
2020-10-14 09:40:54.040,3.422,100
2020-10-14 09:40:54.040,3.422,100
2020-10-14 09:40:54.040,3.422,100
2020-10-14 09:40:54.040,3.422,100
2020-10-14 09:40:54.040,3.422,100
2020-10-14 09:40:54.040,3.422,100
2020-10-14 09:40:54.040,3.422,100
2020-10-14 09:40:54.100,3.422,100
2020-10-14 09:40:54.100,3.422,100
2020-10-14 09:40:54.100,3.422,100
2020-10-14 09:40:54.100,3.422,100
2020-10-14 09:40:54.100,3.422,100
2020-10-14 09:40:54.100,3.422,100
2020-10-14 09:40:54.160,3.422,100
2020-10-14 09:40:54.160,3.422,100
2020-10-14 09:40:54.160,3.422,100
2020-10-14 09:40:54.160,3.422,100
2020-10-14 09:40:54.160,3.422,100
2020-10-14 09:40:54.190,3.422,100
2020-10-14 09:40:54.190,3.422,100
2020-10-14 09:40:54.190,3.422,100
2020-10-14 09:40:54.190,3.422,100
2020-10-14 09:40:54.190,3.422,100
2020-10-14 09:40:54.190,3.422,100
2020-10-14 09:40:54.190,3.422,100
2020-10-14 09:40:54.240,3.422,100
2020-10-14 09:40:54.240,3.422,100
2020-10-14 09:40:54.240,3.422,100
2020-10-14 09:40:54.240,3.422,100
2020-10-14 09:40:54.300,3.422,100
2020-10-14 09:40:54.300,3.422,100
2020-10-14 09:40:54.300,3.422,100
2020-10-14 09:40:54.300,3.422,100
2020-10-14 09:40:54.300,3.422,100
2020-10-14 09:40:54.300,3.422,100
2020-10-14 09:40:54.300,3.422,100
2020-10-14 09:40:54.300,3.422,100
2020-10-14 09:40:54.360,3.422,100
2020-10-14 09:40:54.360,3.422,100
2020-10-14 09:40:54.390,3.422,100
2020-10-14 09:40:54.390,3.422,100
2020-10-14 09:40:54.390,3.422,100
2020-10-14 09:40:54.390,3.422,100
2020-10-14 09:40:54.390,3.422,100
2020-10-14 09:40:54.390,3.422,100
2020-10-14 09:40:54.390,3.422,100
2020-10-14 09:40:54.390,3.422,100
2020-10-14 09:40:54.420,3.422,100
2020-10-14 09:40:54.420,3.422,100
2020-10-14 09:40:54.420,3.422,100
2020-10-14 09:40:54.420,3.422,100
2020-10-14 09:40:54.420,3.422,100
2020-10-14 09:40:54.480,3.422,100
2020-10-14 09:40:54.480,3.422,100
2020-10-14 09:40:54.480,3.422,100
2020-10-14 09:40:54.480,3.422,100
2020-10-14 09:40:54.480,3.422,100
2020-10-14 09:40:54.480,3.422,100
2020-10-14 09:40:54.510,3.421,294500
2020-10-14 09:40:54.510,3.421,10000
2020-10-14 09:40:54.510,3.421,42400
2020-10-14 09:40:54.510,3.421,3000
2020-10-14 09:40:54.510,3.421,10100
2020-10-14 09:40:54.510,3.421,50000
2020-10-14 09:40:54.510,3.421,408100
2020-10-14 09:40:54.510,3.421,181900
2020-10-14 09:40:54.540,3.422,100
2020-10-14 09:40:54.570,3.422,100
2020-10-14 09:40:54.570,3.422,100
2020-10-14 09:40:54.570,3.422,100
2020-10-14 09:40:54.630,3.422,100
2020-10-14 09:40:54.630,3.422,100
2020-10-14 09:40:54.750,3.422,100
2020-10-14 09:40:54.750,3.422,100
2020-10-14 09:40:54.750,3.422,100
2020-10-14 09:40:54.750,3.422,100
2020-10-14 09:40:54.750,3.422,100
2020-10-14 09:40:54.750,3.422,100
2020-10-14 09:40:54.750,3.422,100
2020-10-14 09:40:54.750,3.422,100
2020-10-14 09:40:54.750,3.422,100
2020-10-14 09:40:54.750,3.422,100
2020-10-14 09:40:54.750,3.422,100
2020-10-14 09:40:54.750,3.422,100
2020-10-14 09:40:54.790,3.422,100
2020-10-14 09:40:54.790,3.422,100
2020-10-14 09:40:54.790,3.422,100
2020-10-14 09:40:54.790,3.422,100
2020-10-14 09:40:54.790,3.422,100
2020-10-14 09:40:54.790,3.422,100
2020-10-14 09:40:54.790,3.422,100
2020-10-14 09:40:54.850,3.422,100
2020-10-14 09:40:54.850,3.422,100
2020-10-14 09:40:54.850,3.422,100
2020-10-14 09:40:54.850,3.422,100
2020-10-14 09:40:54.850,3.422,100
2020-10-14 09:40:54.940,3.422,100
2020-10-14 09:40:54.940,3.422,100
2020-10-14 09:40:54.940,3.422,100
2020-10-14 09:40:54.940,3.422,100
2020-10-14 09:40:54.940,3.422,100
2020-10-14 09:40:54.940,3.422,100
2020-10-14 09:40:54.970,3.422,100
2020-10-14 09:40:54.970,3.422,100
2020-10-14 09:40:54.970,3.422,100
2020-10-14 09:40:54.970,3.422,100
2020-10-14 09:40:54.970,3.422,100
2020-10-14 09:40:54.970,3.422,100
2020-10-14 09:40:54.970,3.422,100
2020-10-14 09:40:54.970,3.422,100
2020-10-14 09:40:55.030,3.422,100
2020-10-14 09:40:55.030,3.422,100
2020-10-14 09:40:55.030,3.422,100
2020-10-14 09:40:55.030,3.422,100
2020-10-14 09:40:55.030,3.422,100
2020-10-14 09:40:55.030,3.422,100
2020-10-14 09:40:55.090,3.422,100
2020-10-14 09:40:55.090,3.422,100
2020-10-14 09:40:55.240,3.422,15400
2020-10-14 09:40:56.230,3.422,100000
2020-10-14 09:40:56.350,3.421,100
2020-10-14 09:40:57.530,3.422,17100
2020-10-14 09:40:59.540,3.422,17300
2020-10-14 09:40:59.940,3.421,100
2020-10-14 09:41:01.310,3.422,53300
2020-10-14 09:41:01.450,3.421,717900
2020-10-14 09:41:01.450,3.421,60000
2020-10-14 09:41:01.450,3.421,30000
2020-10-14 09:41:01.450,3.421,20000
2020-10-14 09:41:01.450,3.421,72000
2020-10-14 09:41:01.560,3.422,2900
2020-10-14 09:41:01.880,3.422,14600
2020-10-14 09:41:02.270,3.422,100000
2020-10-14 09:41:02.510,3.422,115700
2020-10-14 09:41:03.610,3.422,30000
2020-10-14 09:41:03.840,3.422,118200
2020-10-14 09:41:03.840,3.422,45000
2020-10-14 09:41:03.840,3.422,100
2020-10-14 09:41:03.840,3.422,100000
2020-10-14 09:41:03.840,3.422,5000
2020-10-14 09:41:03.840,3.422,1000
2020-10-14 09:41:03.840,3.422,100
2020-10-14 09:41:03.840,3.422,20000
2020-10-14 09:41:04.040,3.422,20000
2020-10-14 09:41:05.660,3.423,14300
2020-10-14 09:41:08.170,3.422,3000
2020-10-14 09:41:10.890,3.422,200
2020-10-14 09:41:11.480,3.422,600
2020-10-14 09:41:13.370,3.422,99200
2020-10-14 09:41:13.370,3.422,10000
2020-10-14 09:41:13.370,3.422,10400
2020-10-14 09:41:14.470,3.422,2200
2020-10-14 09:41:14.790,3.422,10000
2020-10-14 09:41:14.820,3.422,15900
2020-10-14 09:41:22.560,3.423,13900
2020-10-14 09:41:27.530,3.422,5000
2020-10-14 09:41:27.530,3.422,4000
2020-10-14 09:41:27.530,3.421,291000
2020-10-14 09:41:28.010,3.422,1000
2020-10-14 09:41:29.550,3.422,1500
2020-10-14 09:41:29.550,3.422,8500
2020-10-14 09:41:29.850,3.421,1000
2020-10-14 09:41:29.850,3.421,5000
2020-10-14 09:41:29.850,3.421,5000
2020-10-14 09:41:29.850,3.421,10000
2020-10-14 09:41:29.850,3.421,10000
2020-10-14 09:41:30.410,3.42,7600
2020-10-14 09:41:30.410,3.42,100
2020-10-14 09:41:30.410,3.42,10000
2020-10-14 09:41:30.410,3.42,100
2020-10-14 09:41:30.410,3.42,5000
2020-10-14 09:41:30.410,3.42,300
2020-10-14 09:41:30.410,3.42,4400
2020-10-14 09:41:30.410,3.42,2500
2020-10-14 09:41:30.410,3.42,2000
2020-10-14 09:41:30.410,3.42,2800
2020-10-14 09:41:30.410,3.42,600
2020-10-14 09:41:30.410,3.42,100
2020-10-14 09:41:30.410,3.42,264500
2020-10-14 09:41:34.900,3.421,5000
2020-10-14 09:41:34.990,3.421,3100
2020-10-14 09:41:36.530,3.421,5000
2020-10-14 09:41:37.530,3.42,1100
2020-10-14 09:41:38.730,3.42,3900
2020-10-14 09:41:38.730,3.42,2000
2020-10-14 09:41:38.730,3.42,500
2020-10-14 09:41:38.730,3.42,10000
2020-10-14 09:41:38.730,3.42,100
2020-10-14 09:41:38.730,3.42,200
2020-10-14 09:41:38.730,3.42,10000
2020-10-14 09:41:38.730,3.42,3000
2020-10-14 09:41:38.730,3.42,1500
2020-10-14 09:41:38.730,3.42,300
2020-10-14 09:41:40.370,3.419,200
2020-10-14 09:41:40.370,3.419,200
2020-10-14 09:41:40.370,3.419,1000
2020-10-14 09:41:40.370,3.419,1300
2020-10-14 09:41:40.370,3.419,10000
2020-10-14 09:41:40.370,3.419,37300
2020-10-14 09:41:40.460,3.42,6000
2020-10-14 09:41:40.870,3.42,3700
2020-10-14 09:41:41.520,3.42,5000
2020-10-14 09:41:41.990,3.42,300
2020-10-14 09:41:44.310,3.42,2000
2020-10-14 09:41:47.600,3.42,100
2020-10-14 09:41:47.860,3.42,11100
2020-10-14 09:41:49.580,3.42,300
2020-10-14 09:41:50.300,3.42,1000
2020-10-14 09:41:50.740,3.419,2300
2020-10-14 09:41:51.030,3.419,10400
2020-10-14 09:41:51.030,3.419,100
2020-10-14 09:41:51.030,3.419,3000
2020-10-14 09:41:51.030,3.419,100
2020-10-14 09:41:51.030,3.419,100
2020-10-14 09:41:51.030,3.419,5000
2020-10-14 09:41:51.030,3.419,1300
2020-10-14 09:41:51.370,3.42,500
2020-10-14 09:41:53.810,3.42,100
2020-10-14 09:41:55.710,3.42,1000
2020-10-14 09:41:57.060,3.42,1500
2020-10-14 09:41:58.610,3.419,3500
2020-10-14 09:41:58.610,3.419,1400
2020-10-14 09:41:58.610,3.419,10000
2020-10-14 09:41:58.610,3.419,1000
2020-10-14 09:41:58.610,3.419,500
2020-10-14 09:41:58.610,3.419,500
2020-10-14 09:41:58.610,3.419,500
2020-10-14 09:41:58.610,3.419,200
2020-10-14 09:41:58.610,3.419,6600
2020-10-14 09:41:58.610,3.419,25800
2020-10-14 09:41:59.350,3.419,25000
2020-10-14 09:41:59.580,3.42,5900
2020-10-14 09:42:00.460,3.419,9200
2020-10-14 09:42:00.460,3.419,500
2020-10-14 09:42:00.460,3.419,30000
2020-10-14 09:42:00.460,3.419,5000
2020-10-14 09:42:00.460,3.419,40300
2020-10-14 09:42:01.350,3.42,1000
2020-10-14 09:42:01.720,3.419,10200
2020-10-14 09:42:01.780,3.42,1000
2020-10-14 09:42:02.160,3.419,507900
2020-10-14 09:42:02.870,3.419,13000
2020-10-14 09:42:02.900,3.419,1000
2020-10-14 09:42:04.110,3.419,16000
2020-10-14 09:42:04.230,3.419,1000
2020-10-14 09:42:04.880,3.419,300000
2020-10-14 09:42:04.880,3.419,10600
2020-10-14 09:42:04.880,3.419,900
2020-10-14 09:42:04.880,3.419,50000
2020-10-14 09:42:04.880,3.419,238500
2020-10-14 09:42:05.110,3.42,1500
2020-10-14 09:42:05.790,3.419,11200
2020-10-14 09:42:06.110,3.419,250300
2020-10-14 09:42:06.580,3.419,3000
2020-10-14 09:42:06.770,3.419,4002
2020-10-14 09:42:06.770,3.419,100
2020-10-14 09:42:06.770,3.419,898
2020-10-14 09:42:07.280,3.419,50000
2020-10-14 09:42:07.400,3.419,10000
2020-10-14 09:42:07.760,3.419,2200
2020-10-14 09:42:09.370,3.419,10000
2020-10-14 09:42:09.790,3.419,5800
2020-10-14 09:42:09.890,3.419,14700
2020-10-14 09:42:11.060,3.419,3700
2020-10-14 09:42:11.570,3.419,200
2020-10-14 09:42:12.030,3.419,16300
2020-10-14 09:42:14.200,3.419,2600
2020-10-14 09:42:15.230,3.419,5000
2020-10-14 09:42:15.840,3.42,8800
2020-10-14 09:42:23.180,3.419,1800
2020-10-14 09:42:23.820,3.419,100
2020-10-14 09:42:28.270,3.419,8800
2020-10-14 09:42:28.330,3.419,49300
2020-10-14 09:42:28.330,3.419,750700
2020-10-14 09:42:28.600,3.42,2000
2020-10-14 09:42:29.480,3.419,600
2020-10-14 09:42:29.660,3.419,100
2020-10-14 09:42:30.450,3.42,3000
2020-10-14 09:42:30.920,3.419,29900
2020-10-14 09:42:31.270,3.419,9100
2020-10-14 09:42:31.480,3.42,900
2020-10-14 09:42:31.730,3.42,29500
2020-10-14 09:42:31.790,3.42,2000
2020-10-14 09:42:32.380,3.419,2500
2020-10-14 09:42:33.180,3.42,10000
2020-10-14 09:42:33.950,3.42,15600
2020-10-14 09:42:34.050,3.419,80000
2020-10-14 09:42:35.960,3.42,14300
2020-10-14 09:42:36.780,3.419,500
2020-10-14 09:42:39.170,3.42,150400
2020-10-14 09:42:39.170,3.42,7600
2020-10-14 09:42:39.170,3.42,1400
2020-10-14 09:42:39.170,3.42,2000
2020-10-14 09:42:39.170,3.42,10000
2020-10-14 09:42:39.170,3.42,8600
2020-10-14 09:42:39.170,3.42,10000
2020-10-14 09:42:42.120,3.421,3000
2020-10-14 09:42:42.120,3.421,7100
2020-10-14 09:42:42.120,3.421,700
2020-10-14 09:42:42.480,3.421,5100
2020-10-14 09:42:42.480,3.42,86900
2020-10-14 09:42:42.480,3.42,623100
2020-10-14 09:42:42.480,3.42,30000
2020-10-14 09:42:42.480,3.42,60000
2020-10-14 09:42:42.480,3.42,5000
2020-10-14 09:42:42.480,3.42,20000
2020-10-14 09:42:42.480,3.419,26600
2020-10-14 09:42:42.480,3.419,30000
2020-10-14 09:42:42.480,3.419,20000
2020-10-14 09:42:42.480,3.419,600
2020-10-14 09:42:42.480,3.419,40000
2020-10-14 09:42:42.480,3.419,50000
2020-10-14 09:42:42.480,3.419,40000
2020-10-14 09:42:42.480,3.419,200
2020-10-14 09:42:42.480,3.419,600
2020-10-14 09:42:42.480,3.419,500
2020-10-14 09:42:42.480,3.419,100
2020-10-14 09:42:42.480,3.419,8300
2020-10-14 09:42:43.590,3.42,100
2020-10-14 09:42:46.900,3.42,900
2020-10-14 09:42:46.900,3.419,1100
2020-10-14 09:42:48.980,3.421,5000
2020-10-14 09:42:51.240,3.421,9200
2020-10-14 09:42:55.520,3.422,400
2020-10-14 09:42:59.200,3.422,800
2020-10-14 09:43:02.490,3.421,1000
2020-10-14 09:43:02.490,3.421,5000
2020-10-14 09:43:02.490,3.421,200
2020-10-14 09:43:02.490,3.421,14200
2020-10-14 09:43:02.750,3.421,10700
2020-10-14 09:43:03.470,3.421,2000
2020-10-14 09:43:05.660,3.421,100
2020-10-14 09:43:06.380,3.42,5000
2020-10-14 09:43:06.380,3.42,100
2020-10-14 09:43:06.380,3.42,900
2020-10-14 09:43:06.380,3.42,300
2020-10-14 09:43:06.380,3.42,10000
2020-10-14 09:43:06.380,3.42,9000
2020-10-14 09:43:09.170,3.42,1100
2020-10-14 09:43:13.110,3.419,1000
2020-10-14 09:43:13.840,3.42,47700
2020-10-14 09:43:14.650,3.42,225900
2020-10-14 09:43:14.650,3.42,301112
2020-10-14 09:43:14.650,3.42,160000
2020-10-14 09:43:14.650,3.42,400
2020-10-14 09:43:14.650,3.42,26300
2020-10-14 09:43:15.110,3.42,10000
2020-10-14 09:43:17.190,3.42,7000
2020-10-14 09:43:17.290,3.421,200
2020-10-14 09:43:18.080,3.421,16300
2020-10-14 09:43:18.370,3.42,12000
2020-10-14 09:43:19.410,3.42,157288
2020-10-14 09:43:19.410,3.42,1000
2020-10-14 09:43:19.410,3.42,300
2020-10-14 09:43:20.100,3.42,3000
2020-10-14 09:43:20.520,3.419,1000
2020-10-14 09:43:20.520,3.419,2000
2020-10-14 09:43:20.520,3.419,100
2020-10-14 09:43:20.520,3.419,600
2020-10-14 09:43:21.020,3.42,3000
2020-10-14 09:43:21.120,3.42,3000
2020-10-14 09:43:21.350,3.42,14100
2020-10-14 09:43:23.820,3.42,14900
2020-10-14 09:43:24.090,3.42,5500
2020-10-14 09:43:25.100,3.42,3500
2020-10-14 09:43:27.940,3.42,2000
2020-10-14 09:43:29.050,3.419,8300
2020-10-14 09:43:29.050,3.419,10000
2020-10-14 09:43:29.050,3.419,2000
2020-10-14 09:43:29.050,3.419,500
2020-10-14 09:43:29.050,3.419,5000
2020-10-14 09:43:29.050,3.419,100
2020-10-14 09:43:29.050,3.419,5000
2020-10-14 09:43:29.050,3.419,4100
2020-10-14 09:43:29.050,3.419,100
2020-10-14 09:43:29.050,3.419,29500
2020-10-14 09:43:29.050,3.419,35400
2020-10-14 09:43:29.080,3.42,700
2020-10-14 09:43:29.260,3.419,10400
2020-10-14 09:43:29.260,3.419,8000
2020-10-14 09:43:29.260,3.419,10000
2020-10-14 09:43:29.260,3.419,5000
2020-10-14 09:43:29.260,3.419,5800
2020-10-14 09:43:29.260,3.419,10300
2020-10-14 09:43:29.260,3.419,1000
2020-10-14 09:43:29.260,3.419,7000
2020-10-14 09:43:29.260,3.419,30000
2020-10-14 09:43:32.120,3.419,2000
2020-10-14 09:43:32.950,3.419,10500
2020-10-14 09:43:32.950,3.419,6500
2020-10-14 09:43:34.550,3.419,19702
2020-10-14 09:43:34.550,3.419,10298
2020-10-14 09:43:34.960,3.418,4000
2020-10-14 09:43:35.050,3.419,15600
2020-10-14 09:43:36.610,3.419,402
2020-10-14 09:43:36.610,3.419,500
2020-10-14 09:43:36.610,3.419,3000
2020-10-14 09:43:38.590,3.42,800
2020-10-14 09:43:44.130,3.419,16300
2020-10-14 09:43:45.050,3.419,3300
2020-10-14 09:43:45.600,3.419,3000
2020-10-14 09:43:49.330,3.419,600
2020-10-14 09:43:50.170,3.419,900
2020-10-14 09:43:50.360,3.419,1998
2020-10-14 09:43:50.360,3.419,5902
2020-10-14 09:43:52.960,3.419,7498
2020-10-14 09:43:52.960,3.419,100
2020-10-14 09:43:52.960,3.419,2402
2020-10-14 09:43:54.010,3.419,598
2020-10-14 09:43:54.010,3.419,2302
2020-10-14 09:43:56.660,3.419,100
2020-10-14 09:43:57.730,3.42,1000
2020-10-14 09:44:03.380,3.419,27198
2020-10-14 09:44:03.380,3.419,200
2020-10-14 09:44:03.380,3.419,8700
2020-10-14 09:44:03.380,3.419,20000
2020-10-14 09:44:03.380,3.419,1300
2020-10-14 09:44:03.380,3.419,5000
2020-10-14 09:44:03.380,3.419,100
2020-10-14 09:44:03.380,3.419,500
2020-10-14 09:44:03.380,3.419,17000
2020-10-14 09:44:03.380,3.419,220002
2020-10-14 09:44:04.840,3.419,3100
2020-10-14 09:44:05.660,3.42,1000
2020-10-14 09:44:05.990,3.419,63200
2020-10-14 09:44:07.170,3.42,100
2020-10-14 09:44:07.290,3.419,300000
2020-10-14 09:44:07.740,3.419,301800
2020-10-14 09:44:09.170,3.419,1100
2020-10-14 09:44:09.170,3.419,10798
2020-10-14 09:44:09.170,3.419,100
2020-10-14 09:44:09.170,3.419,4000
2020-10-14 09:44:09.170,3.419,10200
2020-10-14 09:44:10.240,3.419,17100
2020-10-14 09:44:11.050,3.419,1900
2020-10-14 09:44:12.450,3.419,15200
2020-10-14 09:44:14.710,3.419,300
2020-10-14 09:44:15.000,3.419,300
2020-10-14 09:44:16.090,3.42,14600
2020-10-14 09:44:16.970,3.419,20000
2020-10-14 09:44:18.060,3.419,100
2020-10-14 09:44:19.210,3.419,16800
2020-10-14 09:44:20.550,3.419,1000
2020-10-14 09:44:20.700,3.419,5000
2020-10-14 09:44:20.940,3.419,2900
2020-10-14 09:44:21.310,3.419,17300
2020-10-14 09:44:23.560,3.419,15600
2020-10-14 09:44:23.860,3.418,1000
2020-10-14 09:44:23.860,3.418,1000
2020-10-14 09:44:23.860,3.418,200
2020-10-14 09:44:23.860,3.418,2000
2020-10-14 09:44:23.860,3.418,3000
2020-10-14 09:44:23.860,3.418,200
2020-10-14 09:44:23.860,3.418,1000
2020-10-14 09:44:23.860,3.418,2000
2020-10-14 09:44:23.860,3.418,1000
2020-10-14 09:44:23.860,3.418,600
2020-10-14 09:44:23.860,3.418,20000
2020-10-14 09:44:23.860,3.418,3000
2020-10-14 09:44:23.860,3.418,3000
2020-10-14 09:44:23.860,3.418,5000
2020-10-14 09:44:23.860,3.418,5000
2020-10-14 09:44:23.860,3.418,300
2020-10-14 09:44:23.860,3.418,1000
2020-10-14 09:44:23.860,3.418,3000
2020-10-14 09:44:23.860,3.418,400
2020-10-14 09:44:23.860,3.418,3600
2020-10-14 09:44:23.860,3.418,50000
2020-10-14 09:44:23.860,3.418,500
2020-10-14 09:44:23.860,3.418,10000
2020-10-14 09:44:23.860,3.418,1000
2020-10-14 09:44:23.860,3.418,200
2020-10-14 09:44:23.860,3.418,1000
2020-10-14 09:44:23.860,3.418,3000
2020-10-14 09:44:23.860,3.418,300
2020-10-14 09:44:23.860,3.418,300
2020-10-14 09:44:23.860,3.418,20000
2020-10-14 09:44:23.860,3.418,20000
2020-10-14 09:44:23.860,3.418,5000
2020-10-14 09:44:23.860,3.418,500
2020-10-14 09:44:23.860,3.418,300
2020-10-14 09:44:23.860,3.418,600
2020-10-14 09:44:23.860,3.418,4600
2020-10-14 09:44:23.860,3.418,30400
2020-10-14 09:44:23.860,3.418,10000
2020-10-14 09:44:23.860,3.418,1500
2020-10-14 09:44:23.860,3.418,2000
2020-10-14 09:44:23.860,3.418,2000
2020-10-14 09:44:23.860,3.418,200
2020-10-14 09:44:23.860,3.418,400
2020-10-14 09:44:23.860,3.418,30000
2020-10-14 09:44:23.860,3.418,200
2020-10-14 09:44:23.860,3.418,4700
2020-10-14 09:44:23.860,3.418,2000
2020-10-14 09:44:23.860,3.418,7000
2020-10-14 09:44:23.860,3.418,300
2020-10-14 09:44:23.860,3.418,3000
2020-10-14 09:44:23.860,3.418,10000
2020-10-14 09:44:23.860,3.418,300
2020-10-14 09:44:23.860,3.418,22400
2020-10-14 09:44:25.600,3.419,15200
2020-10-14 09:44:26.010,3.419,2000
2020-10-14 09:44:27.060,3.418,167600
2020-10-14 09:44:27.060,3.418,100
2020-10-14 09:44:27.060,3.418,3100
2020-10-14 09:44:27.060,3.418,2000
2020-10-14 09:44:27.060,3.418,400
2020-10-14 09:44:27.060,3.417,6000
2020-10-14 09:44:27.060,3.417,200
2020-10-14 09:44:27.060,3.417,200
2020-10-14 09:44:27.060,3.417,1000
2020-10-14 09:44:27.060,3.417,5000
2020-10-14 09:44:27.060,3.417,20000
2020-10-14 09:44:27.060,3.417,5000
2020-10-14 09:44:27.060,3.417,25200
2020-10-14 09:44:27.060,3.417,1700
2020-10-14 09:44:27.060,3.417,50000
2020-10-14 09:44:27.060,3.417,1000
2020-10-14 09:44:27.060,3.417,10000
2020-10-14 09:44:27.060,3.417,1300
2020-10-14 09:44:27.060,3.417,200
2020-10-14 09:44:27.590,3.418,16000
2020-10-14 09:44:28.160,3.418,8500
2020-10-14 09:44:28.380,3.417,500
2020-10-14 09:44:28.750,3.418,8500
2020-10-14 09:44:28.890,3.418,10700
2020-10-14 09:44:28.940,3.418,10700
2020-10-14 09:44:29.060,3.418,8500
2020-10-14 09:44:29.440,3.418,16300
2020-10-14 09:44:29.510,3.418,8500
2020-10-14 09:44:29.780,3.418,80000
2020-10-14 09:44:29.900,3.418,8600
2020-10-14 09:44:30.290,3.418,8500
2020-10-14 09:44:30.430,3.418,10600
2020-10-14 09:44:30.490,3.418,10600
2020-10-14 09:44:30.810,3.418,8600
2020-10-14 09:44:31.700,3.418,3300
2020-10-14 09:44:32.080,3.418,11600
2020-10-14 09:44:33.090,3.418,11600
2020-10-14 09:44:33.380,3.417,500
2020-10-14 09:44:33.380,3.417,1500
2020-10-14 09:44:33.380,3.417,6000
2020-10-14 09:44:33.380,3.417,200
2020-10-14 09:44:33.380,3.418,20000
2020-10-14 09:44:33.590,3.418,17100
2020-10-14 09:44:35.070,3.417,8600
2020-10-14 09:44:35.070,3.417,500
2020-10-14 09:44:35.070,3.417,1000
2020-10-14 09:44:35.070,3.417,500
2020-10-14 09:44:35.070,3.417,7000
2020-10-14 09:44:35.070,3.417,3000
2020-10-14 09:44:36.410,3.417,200
2020-10-14 09:44:36.850,3.417,14500
2020-10-14 09:44:37.230,3.417,8500
2020-10-14 09:44:37.370,3.417,500
2020-10-14 09:44:37.660,3.417,3000
2020-10-14 09:44:39.040,3.416,10100
2020-10-14 09:44:39.040,3.416,500
2020-10-14 09:44:39.190,3.417,14600
2020-10-14 09:44:39.410,3.417,238100
2020-10-14 09:44:39.410,3.417,20000
2020-10-14 09:44:39.570,3.417,4412
2020-10-14 09:44:39.930,3.418,10000
2020-10-14 09:44:41.060,3.417,5000
2020-10-14 09:44:41.120,3.417,35000
2020-10-14 09:44:41.400,3.418,11700
2020-10-14 09:44:41.400,3.417,15000
2020-10-14 09:44:42.320,3.417,300000
2020-10-14 09:44:42.320,3.417,282488
2020-10-14 09:44:42.320,3.417,17512
2020-10-14 09:44:42.470,3.417,11800
2020-10-14 09:44:42.770,3.417,700
2020-10-14 09:44:42.850,3.418,100
2020-10-14 09:44:42.850,3.418,7100
2020-10-14 09:44:43.510,3.417,299000
2020-10-14 09:44:43.850,3.417,18700
2020-10-14 09:44:44.030,3.417,50000
2020-10-14 09:44:48.900,3.417,1000
2020-10-14 09:44:49.110,3.417,2500
2020-10-14 09:44:49.320,3.418,500
2020-10-14 09:44:49.530,3.417,2000
2020-10-14 09:44:50.370,3.417,15000
2020-10-14 09:44:51.400,3.417,300000
2020-10-14 09:44:51.600,3.417,181888
2020-10-14 09:44:51.600,3.417,1000
2020-10-14 09:44:51.600,3.417,3000
2020-10-14 09:44:51.600,3.416,500
2020-10-14 09:44:51.600,3.416,10000
2020-10-14 09:44:51.600,3.416,200
2020-10-14 09:44:51.600,3.416,200
2020-10-14 09:44:51.600,3.416,1000
2020-10-14 09:44:51.600,3.416,10000
2020-10-14 09:44:51.600,3.416,1000
2020-10-14 09:44:51.600,3.416,600
2020-10-14 09:44:51.600,3.416,1400
2020-10-14 09:44:51.600,3.416,500
2020-10-14 09:44:51.600,3.416,100
2020-10-14 09:44:51.600,3.416,2000
2020-10-14 09:44:51.600,3.416,3000
2020-10-14 09:44:51.600,3.416,20000
2020-10-14 09:44:51.600,3.416,1600
2020-10-14 09:44:51.600,3.416,900
2020-10-14 09:44:51.600,3.416,2000
2020-10-14 09:44:51.600,3.416,10000
2020-10-14 09:44:51.600,3.416,9900
2020-10-14 09:44:51.600,3.416,1000
2020-10-14 09:44:51.600,3.416,3000
2020-10-14 09:44:51.600,3.416,20000
2020-10-14 09:44:51.600,3.416,100
2020-10-14 09:44:51.600,3.416,5000
2020-10-14 09:44:51.600,3.416,300
2020-10-14 09:44:51.600,3.416,8500
2020-10-14 09:44:51.600,3.416,3000
2020-10-14 09:44:51.600,3.416,200
2020-10-14 09:44:51.600,3.416,2000
2020-10-14 09:44:51.600,3.416,1000
2020-10-14 09:44:51.600,3.416,600
2020-10-14 09:44:51.600,3.416,1000
2020-10-14 09:44:51.600,3.416,500
2020-10-14 09:44:51.600,3.416,5000
2020-10-14 09:44:51.600,3.416,10000
2020-10-14 09:44:51.600,3.416,500
2020-10-14 09:44:51.600,3.416,6000
2020-10-14 09:44:51.600,3.416,50000
2020-10-14 09:44:51.600,3.416,14800
2020-10-14 09:44:51.600,3.416,10000
2020-10-14 09:44:51.600,3.416,1000
2020-10-14 09:44:51.600,3.416,2500
2020-10-14 09:44:51.600,3.416,1800
2020-10-14 09:44:51.600,3.416,10000
2020-10-14 09:44:51.600,3.416,5000
2020-10-14 09:44:51.600,3.416,5000
2020-10-14 09:44:51.600,3.416,1400
2020-10-14 09:44:51.600,3.416,5000
2020-10-14 09:44:51.600,3.416,7000
2020-10-14 09:44:51.600,3.416,100
2020-10-14 09:44:51.600,3.416,30000
2020-10-14 09:44:51.600,3.416,527912
2020-10-14 09:44:52.010,3.417,100
2020-10-14 09:44:53.340,3.417,900
2020-10-14 09:44:53.340,3.417,3000
2020-10-14 09:44:53.340,3.417,1100
2020-10-14 09:44:54.910,3.417,1400
2020-10-14 09:44:54.940,3.417,500
2020-10-14 09:44:54.940,3.417,2500
2020-10-14 09:44:57.040,3.417,2000
2020-10-14 09:44:57.250,3.417,4000
2020-10-14 09:44:58.900,3.416,4700
2020-10-14 09:44:58.900,3.416,245600
2020-10-14 09:44:59.100,3.416,300000
2020-10-14 09:44:59.550,3.417,100
2020-10-14 09:44:59.780,3.416,240000
2020-10-14 09:45:00.500,3.417,2900
2020-10-14 09:45:00.940,3.417,500
2020-10-14 09:45:01.650,3.416,14500
2020-10-14 09:45:02.020,3.416,52100
2020-10-14 09:45:02.020,3.416,2000
2020-10-14 09:45:02.020,3.416,10000
2020-10-14 09:45:02.020,3.416,5000
2020-10-14 09:45:02.020,3.416,3000
2020-10-14 09:45:03.130,3.416,300000
2020-10-14 09:45:03.180,3.416,200
2020-10-14 09:45:04.030,3.416,10000
2020-10-14 09:45:04.080,3.416,2300
2020-10-14 09:45:04.110,3.416,400
2020-10-14 09:45:04.320,3.415,200
2020-10-14 09:45:04.320,3.415,2000
2020-10-14 09:45:04.320,3.415,100
2020-10-14 09:45:04.320,3.415,200
2020-10-14 09:45:04.320,3.415,5000
2020-10-14 09:45:04.320,3.415,1000
2020-10-14 09:45:04.320,3.415,100
2020-10-14 09:45:04.520,3.416,2400
2020-10-14 09:45:04.900,3.416,2900
2020-10-14 09:45:04.930,3.416,2300
2020-10-14 09:45:04.950,3.416,3000
2020-10-14 09:45:05.350,3.416,2400
2020-10-14 09:45:05.850,3.416,1000
2020-10-14 09:45:05.850,3.416,1300
2020-10-14 09:45:06.180,3.416,3700
2020-10-14 09:45:06.180,3.416,6300
2020-10-14 09:45:06.270,3.416,2400
2020-10-14 09:45:06.610,3.416,3000
2020-10-14 09:45:06.670,3.416,2900
2020-10-14 09:45:06.750,3.416,2300
2020-10-14 09:45:08.060,3.416,500
2020-10-14 09:45:08.390,3.416,1000
2020-10-14 09:45:08.790,3.416,5000
2020-10-14 09:45:08.970,3.416,10000
2020-10-14 09:45:09.090,3.416,10000
2020-10-14 09:45:10.360,3.415,19900
2020-10-14 09:45:10.360,3.415,7000
2020-10-14 09:45:10.360,3.415,1500
2020-10-14 09:45:10.360,3.415,150000
2020-10-14 09:45:10.360,3.415,1000
2020-10-14 09:45:10.360,3.415,20000
2020-10-14 09:45:10.360,3.415,600
2020-10-14 09:45:10.360,3.415,800
2020-10-14 09:45:10.360,3.415,30000
2020-10-14 09:45:10.360,3.415,600
2020-10-14 09:45:10.360,3.415,6600
2020-10-14 09:45:10.360,3.415,50000
2020-10-14 09:45:10.360,3.415,12000
2020-10-14 09:45:11.240,3.415,1100
2020-10-14 09:45:11.330,3.416,100
2020-10-14 09:45:11.550,3.416,1000
2020-10-14 09:45:12.310,3.415,36900
2020-10-14 09:45:12.310,3.415,200
2020-10-14 09:45:12.310,3.415,10000
2020-10-14 09:45:12.310,3.415,100
2020-10-14 09:45:12.310,3.415,1000
2020-10-14 09:45:12.310,3.415,700
2020-10-14 09:45:12.310,3.415,5000
2020-10-14 09:45:12.310,3.415,100
2020-10-14 09:45:12.310,3.415,1000
2020-10-14 09:45:12.310,3.415,100
2020-10-14 09:45:12.310,3.415,2000
2020-10-14 09:45:12.310,3.415,5000
2020-10-14 09:45:12.310,3.415,20000
2020-10-14 09:45:12.310,3.415,50000
2020-10-14 09:45:12.310,3.415,2000
2020-10-14 09:45:12.310,3.415,1000
2020-10-14 09:45:12.310,3.415,10000
2020-10-14 09:45:12.310,3.415,2000
2020-10-14 09:45:12.310,3.415,100
2020-10-14 09:45:12.310,3.415,3000
2020-10-14 09:45:12.310,3.415,5000
2020-10-14 09:45:12.310,3.415,20000
2020-10-14 09:45:12.310,3.415,1000
2020-10-14 09:45:12.310,3.415,7000
2020-10-14 09:45:12.310,3.415,100
2020-10-14 09:45:12.310,3.415,2200
2020-10-14 09:45:12.310,3.415,10000
2020-10-14 09:45:12.310,3.415,10300
2020-10-14 09:45:12.310,3.415,5000
2020-10-14 09:45:12.310,3.415,100
2020-10-14 09:45:12.310,3.415,300
2020-10-14 09:45:12.310,3.415,500
2020-10-14 09:45:12.310,3.415,3800
2020-10-14 09:45:12.310,3.415,1000
2020-10-14 09:45:12.310,3.415,300
2020-10-14 09:45:14.120,3.415,20000
2020-10-14 09:45:14.950,3.414,200
2020-10-14 09:45:14.950,3.414,200
2020-10-14 09:45:14.950,3.414,1000
2020-10-14 09:45:14.950,3.414,2300
2020-10-14 09:45:14.950,3.414,500
2020-10-14 09:45:14.950,3.414,300
2020-10-14 09:45:14.950,3.414,5000
2020-10-14 09:45:14.950,3.414,100
2020-10-14 09:45:14.950,3.414,100
2020-10-14 09:45:14.950,3.414,2000
2020-10-14 09:45:14.950,3.414,2000
2020-10-14 09:45:14.950,3.414,18100
2020-10-14 09:45:14.950,3.414,1600
2020-10-14 09:45:14.950,3.414,100
2020-10-14 09:45:14.950,3.415,500
2020-10-14 09:45:15.480,3.414,25500
2020-10-14 09:45:15.930,3.415,100
2020-10-14 09:45:17.180,3.414,4000
2020-10-14 09:45:20.350,3.415,100
2020-10-14 09:45:20.560,3.414,700
2020-10-14 09:45:20.790,3.415,14700
2020-10-14 09:45:22.040,3.414,2500
2020-10-14 09:45:22.620,3.414,1100
2020-10-14 09:45:22.650,3.414,700
2020-10-14 09:45:22.920,3.414,2700
2020-10-14 09:45:22.920,3.414,10000
2020-10-14 09:45:22.920,3.414,287300
2020-10-14 09:45:23.410,3.414,5000
2020-10-14 09:45:23.410,3.414,100000
2020-10-14 09:45:23.620,3.415,5000
2020-10-14 09:45:24.440,3.414,5000
2020-10-14 09:45:24.800,3.415,500
2020-10-14 09:45:25.910,3.414,3500
2020-10-14 09:45:26.060,3.414,6300
2020-10-14 09:45:26.280,3.414,500
2020-10-14 09:45:26.950,3.415,1000
2020-10-14 09:45:27.010,3.414,700
2020-10-14 09:45:27.430,3.414,4000
2020-10-14 09:45:28.320,3.414,10000
2020-10-14 09:45:30.510,3.414,29300
2020-10-14 09:45:30.570,3.414,1000
2020-10-14 09:45:30.600,3.414,5000
2020-10-14 09:45:31.510,3.414,1400
2020-10-14 09:45:32.630,3.414,8000
2020-10-14 09:45:33.460,3.415,11200
2020-10-14 09:45:33.910,3.414,200
2020-10-14 09:45:34.050,3.414,3200
2020-10-14 09:45:34.230,3.414,29600
2020-10-14 09:45:34.230,3.414,400
2020-10-14 09:45:34.410,3.415,2900
2020-10-14 09:45:34.710,3.414,1600
2020-10-14 09:45:34.710,3.414,2000
2020-10-14 09:45:34.710,3.414,1000
2020-10-14 09:45:34.710,3.414,5400
2020-10-14 09:45:35.010,3.415,27200
2020-10-14 09:45:35.010,3.415,7700
2020-10-14 09:45:35.010,3.415,2000
2020-10-14 09:45:35.010,3.415,100000
2020-10-14 09:45:35.010,3.415,1500
2020-10-14 09:45:35.010,3.415,400
2020-10-14 09:45:35.010,3.415,100000
2020-10-14 09:45:35.010,3.415,60000
2020-10-14 09:45:35.010,3.415,31900
2020-10-14 09:45:36.960,3.416,14300
2020-10-14 09:45:36.990,3.416,14500
2020-10-14 09:45:37.260,3.416,71200
2020-10-14 09:45:37.260,3.416,1100
2020-10-14 09:45:37.380,3.415,600
2020-10-14 09:45:37.910,3.415,1800
2020-10-14 09:45:38.560,3.416,11200
2020-10-14 09:45:39.220,3.416,17000
2020-10-14 09:45:39.250,3.416,200
2020-10-14 09:45:39.520,3.415,2000
2020-10-14 09:45:39.840,3.415,4500
2020-10-14 09:45:40.070,3.416,20500
2020-10-14 09:45:40.070,3.416,600
2020-10-14 09:45:40.070,3.416,2000
2020-10-14 09:45:40.070,3.416,33700
2020-10-14 09:45:40.070,3.416,59400
2020-10-14 09:45:40.930,3.416,10000
2020-10-14 09:45:41.890,3.416,1000
2020-10-14 09:45:43.260,3.417,4500
2020-10-14 09:45:43.260,3.417,12800
2020-10-14 09:45:43.700,3.416,772800
2020-10-14 09:45:43.700,3.416,227200
2020-10-14 09:45:45.420,3.417,16000
2020-10-14 09:45:46.470,3.416,6000
2020-10-14 09:45:47.140,3.417,121200
2020-10-14 09:45:47.140,3.417,10000
2020-10-14 09:45:47.140,3.417,1000
2020-10-14 09:45:47.140,3.417,1700
2020-10-14 09:45:47.780,3.417,5500
2020-10-14 09:45:48.980,3.418,2400
2020-10-14 09:45:48.980,3.418,9400
2020-10-14 09:45:49.140,3.418,3400
2020-10-14 09:45:49.140,3.418,10900
2020-10-14 09:45:49.670,3.418,11500
2020-10-14 09:45:49.670,3.418,11600
2020-10-14 09:45:50.060,3.417,4600
2020-10-14 09:45:50.290,3.417,60000
2020-10-14 09:45:50.880,3.417,300000
2020-10-14 09:45:50.880,3.417,300000
2020-10-14 09:45:51.490,3.418,11600
2020-10-14 09:45:51.490,3.418,11600
2020-10-14 09:45:51.880,3.418,35100
2020-10-14 09:45:52.400,3.417,96100
2020-10-14 09:45:52.400,3.417,203900
2020-10-14 09:45:52.400,3.417,300000
2020-10-14 09:45:52.600,3.417,1400
2020-10-14 09:45:53.110,3.417,3800
2020-10-14 09:45:54.300,3.417,300000
2020-10-14 09:45:54.300,3.417,90900
2020-10-14 09:45:54.300,3.417,50000
2020-10-14 09:45:54.300,3.417,159100
2020-10-14 09:45:54.900,3.417,3000
2020-10-14 09:45:54.900,3.416,600
2020-10-14 09:45:56.480,3.417,200
2020-10-14 09:45:56.870,3.417,1000
2020-10-14 09:45:56.960,3.417,100
2020-10-14 09:45:58.850,3.417,11600
2020-10-14 09:45:59.200,3.417,17100
2020-10-14 09:45:59.410,3.417,11600
2020-10-14 09:46:01.060,3.417,15000
2020-10-14 09:46:01.240,3.417,11600
2020-10-14 09:46:01.340,3.417,1000
2020-10-14 09:46:01.550,3.417,11600
2020-10-14 09:46:01.930,3.416,100
2020-10-14 09:46:03.790,3.417,700
2020-10-14 09:46:03.790,3.417,2900
2020-10-14 09:46:03.790,3.418,1800
2020-10-14 09:46:05.300,3.418,5900
2020-10-14 09:46:05.300,3.418,5000
2020-10-14 09:46:05.300,3.418,5500
2020-10-14 09:46:08.750,3.417,100
2020-10-14 09:46:09.810,3.417,1300
2020-10-14 09:46:11.880,3.417,1100
2020-10-14 09:46:12.220,3.417,1400
2020-10-14 09:46:12.220,3.417,1300
2020-10-14 09:46:12.280,3.418,6000
2020-10-14 09:46:14.150,3.417,1000
2020-10-14 09:46:14.760,3.417,4000
2020-10-14 09:46:14.880,3.417,300
2020-10-14 09:46:14.940,3.416,100
2020-10-14 09:46:15.680,3.416,500
2020-10-14 09:46:16.000,3.417,700
2020-10-14 09:46:16.000,3.417,16700
2020-10-14 09:46:16.740,3.416,2800
2020-10-14 09:46:16.920,3.416,1600
2020-10-14 09:46:16.920,3.416,900
2020-10-14 09:46:18.160,3.417,17100
2020-10-14 09:46:19.820,3.417,10000
2020-10-14 09:46:19.820,3.416,30000
2020-10-14 09:46:19.820,3.416,1000
2020-10-14 09:46:19.820,3.416,18200
2020-10-14 09:46:21.570,3.418,16800
2020-10-14 09:46:22.240,3.417,700
2020-10-14 09:46:22.690,3.417,2300
2020-10-14 09:46:22.690,3.416,1800
2020-10-14 09:46:22.690,3.416,3900
2020-10-14 09:46:22.900,3.416,6100
2020-10-14 09:46:22.900,3.416,5000
2020-10-14 09:46:22.900,3.416,100
2020-10-14 09:46:22.900,3.416,4200
2020-10-14 09:46:22.900,3.416,2000
2020-10-14 09:46:22.900,3.416,1800
2020-10-14 09:46:22.900,3.416,3300
2020-10-14 09:46:25.050,3.416,36700
2020-10-14 09:46:25.050,3.416,900000
2020-10-14 09:46:25.050,3.416,18300
2020-10-14 09:46:25.050,3.417,4100
2020-10-14 09:46:25.050,3.417,11900
2020-10-14 09:46:25.200,3.416,45000
2020-10-14 09:46:25.540,3.417,3000
2020-10-14 09:46:26.310,3.417,200
2020-10-14 09:46:27.750,3.417,19800
2020-10-14 09:46:27.750,3.417,16400
2020-10-14 09:46:27.750,3.417,1000
2020-10-14 09:46:28.710,3.417,2000
2020-10-14 09:46:30.950,3.417,16700
2020-10-14 09:46:31.460,3.416,32600
2020-10-14 09:46:31.820,3.417,11600
2020-10-14 09:46:31.880,3.417,300000
2020-10-14 09:46:31.940,3.417,32500
2020-10-14 09:46:31.940,3.417,32500
2020-10-14 09:46:31.990,3.417,900000
2020-10-14 09:46:32.410,3.417,22500
2020-10-14 09:46:32.410,3.417,45000
2020-10-14 09:46:34.250,3.417,200
2020-10-14 09:46:34.480,3.418,15600
2020-10-14 09:46:34.640,3.417,4000
2020-10-14 09:46:35.630,3.418,10000
2020-10-14 09:46:35.810,3.417,6000
2020-10-14 09:46:35.810,3.417,100000
2020-10-14 09:46:35.810,3.417,68700
2020-10-14 09:46:35.980,3.417,11000
2020-10-14 09:46:36.250,3.417,5000
2020-10-14 09:46:38.610,3.417,1200
2020-10-14 09:46:39.880,3.417,40000
2020-10-14 09:46:41.130,3.417,4000
2020-10-14 09:46:41.820,3.418,57600
2020-10-14 09:46:41.820,3.418,12400
2020-10-14 09:46:45.220,3.417,1900
2020-10-14 09:46:45.850,3.417,300
2020-10-14 09:46:47.060,3.417,167900
2020-10-14 09:46:47.060,3.417,16200
2020-10-14 09:46:47.060,3.417,2000
2020-10-14 09:46:47.060,3.417,100
2020-10-14 09:46:47.060,3.417,500
2020-10-14 09:46:47.060,3.417,10000
2020-10-14 09:46:47.060,3.417,10000
2020-10-14 09:46:47.060,3.417,100
2020-10-14 09:46:47.060,3.417,1000
2020-10-14 09:46:47.060,3.416,20000
2020-10-14 09:46:47.060,3.416,10000
2020-10-14 09:46:47.060,3.416,100
2020-10-14 09:46:47.060,3.416,33100
2020-10-14 09:46:47.060,3.416,3000
2020-10-14 09:46:47.060,3.416,26000
2020-10-14 09:46:48.550,3.417,500
2020-10-14 09:46:48.550,3.418,2500
2020-10-14 09:46:48.850,3.418,1900
2020-10-14 09:46:48.850,3.418,100
2020-10-14 09:46:48.940,3.418,5100
2020-10-14 09:46:48.940,3.418,1100
2020-10-14 09:46:48.940,3.418,100
2020-10-14 09:46:52.660,3.418,1000
2020-10-14 09:46:56.610,3.418,2700
2020-10-14 09:46:56.610,3.418,1200
2020-10-14 09:46:56.610,3.418,100
2020-10-14 09:46:56.870,3.418,800
2020-10-14 09:46:56.870,3.417,3000
2020-10-14 09:46:57.670,3.417,1500
2020-10-14 09:46:57.670,3.417,5000
2020-10-14 09:46:57.670,3.416,1400
2020-10-14 09:46:58.870,3.418,500
2020-10-14 09:46:58.980,3.418,500
2020-10-14 09:46:59.870,3.418,14700
2020-10-14 09:47:01.830,3.418,100
2020-10-14 09:47:03.650,3.418,2200
2020-10-14 09:47:04.000,3.418,500
2020-10-14 09:47:05.920,3.419,400
2020-10-14 09:47:06.010,3.418,2500
2020-10-14 09:47:06.010,3.418,6700
2020-10-14 09:47:07.770,3.418,43300
2020-10-14 09:47:07.770,3.418,600
2020-10-14 09:47:07.770,3.417,20000
2020-10-14 09:47:07.770,3.417,891100
2020-10-14 09:47:07.770,3.417,8900
2020-10-14 09:47:07.770,3.417,200
2020-10-14 09:47:08.420,3.417,100
2020-10-14 09:47:09.910,3.417,16000
2020-10-14 09:47:09.970,3.417,3000
2020-10-14 09:47:10.030,3.417,100
2020-10-14 09:47:10.640,3.417,10000
2020-10-14 09:47:10.760,3.417,5000
2020-10-14 09:47:12.190,3.417,1700
2020-10-14 09:47:12.750,3.418,600
2020-10-14 09:47:12.750,3.418,400
2020-10-14 09:47:13.650,3.418,14000
2020-10-14 09:47:21.050,3.418,3000
2020-10-14 09:47:21.570,3.418,600
2020-10-14 09:47:21.740,3.417,100
2020-10-14 09:47:21.740,3.417,300
2020-10-14 09:47:21.740,3.417,500
2020-10-14 09:47:21.740,3.417,700
2020-10-14 09:47:22.610,3.417,1200
2020-10-14 09:47:24.800,3.417,2000
2020-10-14 09:47:24.950,3.416,300000
2020-10-14 09:47:25.770,3.417,200
2020-10-14 09:47:25.940,3.417,2000
2020-10-14 09:47:26.580,3.417,2000
2020-10-14 09:47:26.580,3.417,100
2020-10-14 09:47:26.970,3.416,100
2020-10-14 09:47:28.110,3.417,100
2020-10-14 09:47:28.370,3.417,100
2020-10-14 09:47:29.040,3.417,100
2020-10-14 09:47:31.170,3.417,8300
2020-10-14 09:47:31.240,3.417,36000
2020-10-14 09:47:34.520,3.416,2000
2020-10-14 09:47:35.020,3.416,1000
2020-10-14 09:47:37.680,3.416,6000
2020-10-14 09:47:38.120,3.417,100
2020-10-14 09:47:40.430,3.417,100
2020-10-14 09:47:43.890,3.417,800
2020-10-14 09:47:43.890,3.417,4200
2020-10-14 09:47:46.120,3.417,200
2020-10-14 09:47:46.760,3.416,15000
2020-10-14 09:47:48.100,3.416,2900
2020-10-14 09:47:48.160,3.417,500
2020-10-14 09:47:49.310,3.417,1000
2020-10-14 09:47:49.730,3.416,200
2020-10-14 09:47:49.970,3.416,2500
2020-10-14 09:47:55.160,3.416,20000
2020-10-14 09:47:55.900,3.416,700
2020-10-14 09:47:58.780,3.417,1900
2020-10-14 09:47:59.190,3.417,8400
2020-10-14 09:47:59.490,3.417,100
2020-10-14 09:48:00.460,3.416,10100
2020-10-14 09:48:01.060,3.417,4000
2020-10-14 09:48:01.800,3.416,2400
2020-10-14 09:48:01.890,3.416,500
2020-10-14 09:48:08.520,3.416,5000
2020-10-14 09:48:09.580,3.416,400
2020-10-14 09:48:11.680,3.417,1000
2020-10-14 09:48:11.980,3.417,300
2020-10-14 09:48:13.400,3.417,100
2020-10-14 09:48:14.800,3.417,1000
2020-10-14 09:48:16.430,3.417,20000
2020-10-14 09:48:16.930,3.416,3000
2020-10-14 09:48:18.210,3.416,12700
2020-10-14 09:48:18.590,3.417,700
2020-10-14 09:48:18.740,3.417,16600
2020-10-14 09:48:18.740,3.417,16900
2020-10-14 09:48:18.740,3.417,1500
2020-10-14 09:48:18.740,3.417,3000
2020-10-14 09:48:25.580,3.417,5500
2020-10-14 09:48:25.580,3.417,4500
2020-10-14 09:48:25.810,3.416,100
2020-10-14 09:48:26.290,3.416,15300
2020-10-14 09:48:26.950,3.417,500
2020-10-14 09:48:26.950,3.417,39000
2020-10-14 09:48:26.950,3.417,4400
2020-10-14 09:48:26.950,3.417,500
2020-10-14 09:48:26.950,3.417,2500
2020-10-14 09:48:26.950,3.417,1700
2020-10-14 09:48:26.950,3.417,1400
2020-10-14 09:48:27.180,3.417,300
2020-10-14 09:48:27.240,3.416,1900
2020-10-14 09:48:27.790,3.417,1000
2020-10-14 09:48:29.190,3.417,200
2020-10-14 09:48:29.270,3.417,3000
2020-10-14 09:48:33.750,3.416,2100
2020-10-14 09:48:34.890,3.417,300
2020-10-14 09:48:37.010,3.417,2000
2020-10-14 09:48:37.040,3.417,800
2020-10-14 09:48:37.040,3.417,1800
2020-10-14 09:48:37.040,3.417,1300
2020-10-14 09:48:37.040,3.417,6100
2020-10-14 09:48:37.810,3.417,1800
2020-10-14 09:48:37.870,3.417,6100
2020-10-14 09:48:39.140,3.417,10000
2020-10-14 09:48:39.170,3.417,1000
2020-10-14 09:48:40.480,3.417,5000
2020-10-14 09:48:40.480,3.417,5000
2020-10-14 09:48:41.760,3.417,500
2020-10-14 09:48:41.930,3.417,9500
2020-10-14 09:48:41.930,3.417,283000
2020-10-14 09:48:41.930,3.417,30000
2020-10-14 09:48:42.200,3.417,30000
2020-10-14 09:48:43.520,3.417,2900
2020-10-14 09:48:44.330,3.417,5000
2020-10-14 09:48:48.810,3.418,1000
2020-10-14 09:48:50.610,3.418,2000
2020-10-14 09:48:51.110,3.417,3300
2020-10-14 09:48:53.840,3.418,2000
2020-10-14 09:48:56.270,3.417,800
2020-10-14 09:48:56.270,3.417,1900
2020-10-14 09:48:57.710,3.418,1000
2020-10-14 09:48:59.580,3.417,400
2020-10-14 09:49:02.740,3.418,2500
2020-10-14 09:49:02.740,3.418,2900
2020-10-14 09:49:02.740,3.418,1100
2020-10-14 09:49:02.740,3.418,8700
2020-10-14 09:49:04.020,3.417,2700
2020-10-14 09:49:04.020,3.417,2900
2020-10-14 09:49:04.020,3.417,1700
2020-10-14 09:49:04.530,3.418,2200
2020-10-14 09:49:04.530,3.418,4000
2020-10-14 09:49:04.530,3.418,1200
2020-10-14 09:49:04.530,3.418,2600
2020-10-14 09:49:05.080,3.418,4500
2020-10-14 09:49:07.770,3.418,300
2020-10-14 09:49:07.770,3.418,5000
2020-10-14 09:49:07.770,3.418,10000
2020-10-14 09:49:07.770,3.418,2000
2020-10-14 09:49:07.770,3.418,10000
2020-10-14 09:49:07.770,3.418,72700
2020-10-14 09:49:07.800,3.418,5000
2020-10-14 09:49:09.910,3.417,500
2020-10-14 09:49:15.420,3.418,200
2020-10-14 09:49:17.430,3.417,297800
2020-10-14 09:49:17.430,3.417,6800
2020-10-14 09:49:17.790,3.417,1400
2020-10-14 09:49:17.790,3.417,1800
2020-10-14 09:49:17.790,3.417,12000
2020-10-14 09:49:17.790,3.417,3000
2020-10-14 09:49:17.790,3.417,500
2020-10-14 09:49:17.790,3.417,10000
2020-10-14 09:49:17.790,3.417,10000
2020-10-14 09:49:17.790,3.417,4900
2020-10-14 09:49:18.630,3.417,1000
2020-10-14 09:49:19.270,3.418,500
2020-10-14 09:49:19.370,3.417,3000
2020-10-14 09:49:20.800,3.418,12900
2020-10-14 09:49:21.170,3.418,50000
2020-10-14 09:49:22.630,3.418,10000
2020-10-14 09:49:23.730,3.417,300
2020-10-14 09:49:28.620,3.417,900
2020-10-14 09:49:28.770,3.416,49600
2020-10-14 09:49:29.290,3.417,800
2020-10-14 09:49:30.780,3.417,10000
2020-10-14 09:49:30.840,3.417,20000
2020-10-14 09:49:31.260,3.417,5000
2020-10-14 09:49:31.760,3.416,90000
2020-10-14 09:49:33.700,3.417,500
2020-10-14 09:49:33.760,3.417,3600
2020-10-14 09:49:34.140,3.417,2900
2020-10-14 09:49:35.430,3.417,100
2020-10-14 09:49:37.710,3.417,30000
2020-10-14 09:49:41.340,3.417,400
2020-10-14 09:49:41.340,3.417,700
2020-10-14 09:49:41.340,3.417,8900
2020-10-14 09:49:42.060,3.416,500
2020-10-14 09:49:44.450,3.417,10000
2020-10-14 09:49:44.550,3.416,56000
2020-10-14 09:49:45.310,3.416,10000
2020-10-14 09:49:45.370,3.417,100
2020-10-14 09:49:50.460,3.417,102000
2020-10-14 09:49:50.460,3.417,1100
2020-10-14 09:49:50.460,3.417,800
2020-10-14 09:49:50.460,3.417,49900
2020-10-14 09:49:50.460,3.417,1500
2020-10-14 09:49:50.460,3.417,500
2020-10-14 09:49:50.460,3.417,10000
2020-10-14 09:49:50.460,3.417,4200
2020-10-14 09:49:51.540,3.417,19800
2020-10-14 09:49:54.030,3.418,12400
2020-10-14 09:49:54.030,3.418,900
2020-10-14 09:49:55.470,3.419,800
2020-10-14 09:49:55.470,3.419,2900
2020-10-14 09:49:58.730,3.417,400
2020-10-14 09:50:03.180,3.417,200
2020-10-14 09:50:05.450,3.418,600
2020-10-14 09:50:05.450,3.418,400
2020-10-14 09:50:08.200,3.418,200
2020-10-14 09:50:12.890,3.417,15600
2020-10-14 09:50:12.890,3.417,5000
2020-10-14 09:50:12.890,3.417,100
2020-10-14 09:50:12.890,3.417,5000
2020-10-14 09:50:12.890,3.417,100
2020-10-14 09:50:14.660,3.417,5800
2020-10-14 09:50:16.440,3.417,100
2020-10-14 09:50:17.360,3.417,46300
2020-10-14 09:50:18.070,3.417,12000
2020-10-14 09:50:18.070,3.417,15200
2020-10-14 09:50:18.070,3.417,1600
2020-10-14 09:50:18.900,3.417,90000
2020-10-14 09:50:20.860,3.418,500
2020-10-14 09:50:20.920,3.418,300
2020-10-14 09:50:21.940,3.417,30000
2020-10-14 09:50:22.060,3.417,1000
2020-10-14 09:50:27.820,3.417,1000
2020-10-14 09:50:28.610,3.417,1000
2020-10-14 09:50:28.640,3.417,49800
2020-10-14 09:50:29.090,3.417,14300
2020-10-14 09:50:30.340,3.417,500
2020-10-14 09:50:32.670,3.417,2000
2020-10-14 09:50:33.700,3.417,7500
2020-10-14 09:50:33.790,3.418,300
2020-10-14 09:50:34.480,3.417,1200
2020-10-14 09:50:35.640,3.417,500
2020-10-14 09:50:37.500,3.417,42400
2020-10-14 09:50:37.500,3.417,500
2020-10-14 09:50:37.500,3.417,100
2020-10-14 09:50:37.500,3.417,257000
2020-10-14 09:50:37.500,3.417,300000
2020-10-14 09:50:38.670,3.418,5000
2020-10-14 09:50:40.000,3.417,100
2020-10-14 09:50:40.000,3.417,200
2020-10-14 09:50:40.000,3.417,100
2020-10-14 09:50:41.690,3.417,100
2020-10-14 09:50:43.440,3.417,1700
2020-10-14 09:50:43.920,3.417,900
2020-10-14 09:50:44.330,3.417,100
2020-10-14 09:50:46.030,3.417,300
2020-10-14 09:50:48.960,3.417,3000
2020-10-14 09:50:49.810,3.417,400
2020-10-14 09:50:49.860,3.417,200
2020-10-14 09:50:49.860,3.417,200
2020-10-14 09:50:50.910,3.417,100
2020-10-14 09:50:51.160,3.417,300
2020-10-14 09:50:51.160,3.417,1000
2020-10-14 09:50:51.860,3.417,400
2020-10-14 09:50:52.610,3.417,400
2020-10-14 09:50:53.530,3.416,1200
2020-10-14 09:50:53.840,3.417,3700
2020-10-14 09:50:53.840,3.417,300
2020-10-14 09:50:54.270,3.417,600
2020-10-14 09:50:54.330,3.417,500
2020-10-14 09:50:55.130,3.417,100
2020-10-14 09:50:59.810,3.417,14800
2020-10-14 09:50:59.810,3.417,75200
2020-10-14 09:51:01.760,3.417,24800
2020-10-14 09:51:01.760,3.417,100
2020-10-14 09:51:01.760,3.417,30000
2020-10-14 09:51:01.760,3.417,700
2020-10-14 09:51:01.760,3.417,5000
2020-10-14 09:51:02.920,3.417,500
2020-10-14 09:51:04.110,3.416,10000
2020-10-14 09:51:04.460,3.417,239100
2020-10-14 09:51:04.460,3.417,200
2020-10-14 09:51:04.460,3.417,100000
2020-10-14 09:51:04.580,3.418,1000
2020-10-14 09:51:04.810,3.418,9300
2020-10-14 09:51:04.810,3.418,2200
2020-10-14 09:51:04.870,3.418,11500
2020-10-14 09:51:06.110,3.417,100
2020-10-14 09:51:06.170,3.418,2000
2020-10-14 09:51:06.290,3.417,300000
2020-10-14 09:51:06.620,3.417,1000
2020-10-14 09:51:07.330,3.417,5000
2020-10-14 09:51:12.350,3.417,5000
2020-10-14 09:51:18.430,3.418,34200
2020-10-14 09:51:18.430,3.418,5000
2020-10-14 09:51:18.430,3.418,30300
2020-10-14 09:51:18.430,3.418,6300
2020-10-14 09:51:18.430,3.418,3000
2020-10-14 09:51:18.430,3.418,7000
2020-10-14 09:51:18.430,3.418,49600
2020-10-14 09:51:18.430,3.418,19000
2020-10-14 09:51:18.430,3.418,600
2020-10-14 09:51:18.430,3.418,8000
2020-10-14 09:51:18.430,3.418,1000
2020-10-14 09:51:22.460,3.418,8000
2020-10-14 09:51:31.440,3.419,2100
2020-10-14 09:51:31.440,3.419,10000
2020-10-14 09:51:31.440,3.419,1900
2020-10-14 09:51:31.440,3.419,2800
2020-10-14 09:51:31.530,3.419,5000
2020-10-14 09:51:33.030,3.419,137100
2020-10-14 09:51:33.030,3.419,9000
2020-10-14 09:51:33.030,3.419,200
2020-10-14 09:51:33.030,3.419,2000
2020-10-14 09:51:33.030,3.419,10000
2020-10-14 09:51:33.030,3.419,30000
2020-10-14 09:51:33.030,3.419,1200
2020-10-14 09:51:33.030,3.419,300000
2020-10-14 09:51:33.030,3.419,49800
2020-10-14 09:51:33.030,3.419,37800
2020-10-14 09:51:34.060,3.419,800
2020-10-14 09:51:34.870,3.419,16000
2020-10-14 09:51:35.670,3.419,2900
2020-10-14 09:51:35.930,3.42,15000
2020-10-14 09:51:38.110,3.42,822600
2020-10-14 09:51:38.110,3.42,23700
2020-10-14 09:51:38.110,3.42,5400
2020-10-14 09:51:38.110,3.42,5000
2020-10-14 09:51:38.110,3.42,400
2020-10-14 09:51:38.110,3.42,5000
2020-10-14 09:51:38.110,3.42,3400
