Datetime,Price,Volume
2020-10-14 09:25:00.960,4.89,2100
2020-10-14 09:25:00.960,4.89,2200
2020-10-14 09:25:00.960,4.89,400
2020-10-14 09:25:00.960,4.89,200
2020-10-14 09:25:00.960,4.89,100
2020-10-14 09:25:00.960,4.89,1000
2020-10-14 09:25:00.960,4.89,3800
2020-10-14 09:25:00.960,4.89,1100
2020-10-14 09:25:00.960,4.89,5900
2020-10-14 09:25:00.960,4.89,100
2020-10-14 09:25:00.960,4.89,3000
2020-10-14 09:25:00.960,4.89,1100
2020-10-14 09:25:00.960,4.89,1500
2020-10-14 09:25:00.960,4.89,400
2020-10-14 09:25:00.960,4.89,300
2020-10-14 09:25:00.960,4.89,4000
2020-10-14 09:25:00.960,4.89,3000
2020-10-14 09:25:00.960,4.89,6000
2020-10-14 09:25:00.960,4.89,3000
2020-10-14 09:25:00.960,4.89,3400
2020-10-14 09:25:00.960,4.89,700
2020-10-14 09:25:00.960,4.89,700
2020-10-14 09:25:00.960,4.89,300
2020-10-14 09:25:00.960,4.89,1200
2020-10-14 09:25:00.960,4.89,4800
2020-10-14 09:25:00.960,4.89,1000
2020-10-14 09:25:00.960,4.89,500
2020-10-14 09:25:00.960,4.89,2400
2020-10-14 09:25:00.960,4.89,100
2020-10-14 09:25:00.960,4.89,500
2020-10-14 09:25:00.960,4.89,4500
2020-10-14 09:25:00.960,4.89,2500
2020-10-14 09:25:00.960,4.89,200
2020-10-14 09:25:00.960,4.89,4000
2020-10-14 09:25:00.960,4.89,5800
2020-10-14 09:25:00.960,4.89,4200
2020-10-14 09:25:00.960,4.89,5800
2020-10-14 09:25:00.960,4.89,500
2020-10-14 09:25:00.960,4.89,9000
2020-10-14 09:25:00.960,4.89,10000
2020-10-14 09:25:00.960,4.89,200
2020-10-14 09:25:00.960,4.89,2100
2020-10-14 09:25:00.960,4.89,1000
2020-10-14 09:25:00.960,4.89,300
2020-10-14 09:25:00.960,4.89,200
2020-10-14 09:25:00.960,4.89,100
2020-10-14 09:25:00.960,4.89,100
2020-10-14 09:25:00.960,4.89,100
2020-10-14 09:25:00.960,4.89,200
2020-10-14 09:25:00.960,4.89,900
2020-10-14 09:25:00.960,4.89,100
2020-10-14 09:25:00.960,4.89,200
2020-10-14 09:25:00.960,4.89,5000
2020-10-14 09:25:00.960,4.89,100
2020-10-14 09:25:00.960,4.89,100
2020-10-14 09:25:00.960,4.89,300
2020-10-14 09:25:00.960,4.89,100
2020-10-14 09:25:00.960,4.89,100
2020-10-14 09:25:00.960,4.89,100
2020-10-14 09:25:00.960,4.89,100
2020-10-14 09:25:00.960,4.89,100
2020-10-14 09:25:00.960,4.89,100
2020-10-14 09:25:00.960,4.89,200
2020-10-14 09:25:00.960,4.89,200
2020-10-14 09:25:00.960,4.89,200
2020-10-14 09:25:00.960,4.89,100
2020-10-14 09:25:00.960,4.89,100
2020-10-14 09:25:00.960,4.89,100
2020-10-14 09:25:00.960,4.89,100
2020-10-14 09:25:00.960,4.89,100
2020-10-14 09:25:00.960,4.89,800
2020-10-14 09:25:00.960,4.89,500
2020-10-14 09:25:00.960,4.89,100
2020-10-14 09:25:00.960,4.89,13000
2020-10-14 09:25:00.960,4.89,100
2020-10-14 09:25:00.960,4.89,100
2020-10-14 09:25:00.960,4.89,100
2020-10-14 09:25:00.960,4.89,300
2020-10-14 09:25:00.960,4.89,700
2020-10-14 09:25:00.960,4.89,1300
2020-10-14 09:25:00.960,4.89,2900
2020-10-14 09:25:00.960,4.89,100
2020-10-14 09:25:00.960,4.89,100
2020-10-14 09:25:00.960,4.89,100
2020-10-14 09:25:00.960,4.89,100
2020-10-14 09:25:00.960,4.89,300
2020-10-14 09:25:00.960,4.89,200
2020-10-14 09:25:00.960,4.89,100
2020-10-14 09:25:00.960,4.89,100
2020-10-14 09:25:00.960,4.89,200
2020-10-14 09:25:00.960,4.89,100
2020-10-14 09:25:00.960,4.89,200
2020-10-14 09:25:00.960,4.89,100
2020-10-14 09:25:00.960,4.89,1000
2020-10-14 09:25:00.960,4.89,100
2020-10-14 09:25:00.960,4.89,2100
2020-10-14 09:25:00.960,4.89,400
2020-10-14 09:25:00.960,4.89,200
2020-10-14 09:25:00.960,4.89,100
2020-10-14 09:25:00.960,4.89,100
2020-10-14 09:25:00.960,4.89,100
2020-10-14 09:25:00.960,4.89,100
2020-10-14 09:25:00.960,4.89,500
2020-10-14 09:25:00.960,4.89,100
2020-10-14 09:25:00.960,4.89,100
2020-10-14 09:25:00.960,4.89,100
2020-10-14 09:25:00.960,4.89,200
2020-10-14 09:25:00.960,4.89,500
2020-10-14 09:25:00.960,4.89,100
2020-10-14 09:25:00.960,4.89,100
2020-10-14 09:25:00.960,4.89,100
2020-10-14 09:25:00.960,4.89,9400
2020-10-14 09:25:00.960,4.89,8000
2020-10-14 09:25:00.960,4.89,200
2020-10-14 09:25:00.960,4.89,1200
2020-10-14 09:25:00.960,4.89,100
2020-10-14 09:25:00.960,4.89,1100
2020-10-14 09:25:00.960,4.89,400
2020-10-14 09:25:00.960,4.89,100
2020-10-14 09:25:00.960,4.89,300
2020-10-14 09:25:00.960,4.89,700
2020-10-14 09:25:00.960,4.89,200
2020-10-14 09:25:00.960,4.89,600
2020-10-14 09:25:00.960,4.89,700
2020-10-14 09:25:00.960,4.89,100
2020-10-14 09:25:00.960,4.89,100
2020-10-14 09:25:00.960,4.89,100
2020-10-14 09:25:00.960,4.89,800
2020-10-14 09:25:00.960,4.89,200
2020-10-14 09:25:00.960,4.89,200
2020-10-14 09:25:00.960,4.89,200
2020-10-14 09:25:00.960,4.89,500
2020-10-14 09:25:00.960,4.89,200
2020-10-14 09:25:00.960,4.89,700
2020-10-14 09:25:00.960,4.89,3400
2020-10-14 09:25:00.960,4.89,500
2020-10-14 09:25:00.960,4.89,100
2020-10-14 09:25:00.960,4.89,500
2020-10-14 09:25:00.960,4.89,100
2020-10-14 09:25:00.960,4.89,30000
2020-10-14 09:25:00.960,4.89,600
2020-10-14 09:25:00.960,4.89,500
2020-10-14 09:25:00.960,4.89,200
2020-10-14 09:25:00.960,4.89,100
2020-10-14 09:25:00.960,4.89,100
2020-10-14 09:25:00.960,4.89,500
2020-10-14 09:25:00.960,4.89,300
2020-10-14 09:25:00.960,4.89,100
2020-10-14 09:25:00.960,4.89,100
2020-10-14 09:25:00.960,4.89,300
2020-10-14 09:25:00.960,4.89,100
2020-10-14 09:25:00.960,4.89,300
2020-10-14 09:25:00.960,4.89,1000
2020-10-14 09:25:00.960,4.89,100
2020-10-14 09:25:00.960,4.89,100
2020-10-14 09:25:00.960,4.89,100
2020-10-14 09:25:00.960,4.89,100
2020-10-14 09:25:00.960,4.89,100
2020-10-14 09:25:00.960,4.89,5100
2020-10-14 09:25:00.960,4.89,100
2020-10-14 09:25:00.960,4.89,900
2020-10-14 09:25:00.960,4.89,100
2020-10-14 09:25:00.960,4.89,1000
2020-10-14 09:25:00.960,4.89,200
2020-10-14 09:25:00.960,4.89,500
2020-10-14 09:25:00.960,4.89,100
2020-10-14 09:25:00.960,4.89,100
2020-10-14 09:25:00.960,4.89,300
2020-10-14 09:25:00.960,4.89,300
2020-10-14 09:25:00.960,4.89,100
2020-10-14 09:25:00.960,4.89,100
2020-10-14 09:25:00.960,4.89,100
2020-10-14 09:25:00.960,4.89,900
2020-10-14 09:25:00.960,4.89,100
2020-10-14 09:25:00.960,4.89,700
2020-10-14 09:25:00.960,4.89,1600
2020-10-14 09:25:00.960,4.89,1000
2020-10-14 09:25:00.960,4.89,2000
2020-10-14 09:25:00.960,4.89,2000
2020-10-14 09:25:00.960,4.89,100
2020-10-14 09:25:00.960,4.89,100
2020-10-14 09:25:00.960,4.89,700
2020-10-14 09:25:00.960,4.89,300
2020-10-14 09:25:00.960,4.89,400
2020-10-14 09:25:00.960,4.89,100
2020-10-14 09:25:00.960,4.89,5000
2020-10-14 09:25:00.960,4.89,4900
2020-10-14 09:25:00.960,4.89,100
2020-10-14 09:25:00.960,4.89,6000
2020-10-14 09:25:00.960,4.89,1000
2020-10-14 09:25:00.960,4.89,1000
2020-10-14 09:25:00.960,4.89,5000
2020-10-14 09:25:00.960,4.89,200
2020-10-14 09:25:00.960,4.89,1600
2020-10-14 09:25:00.960,4.89,300
2020-10-14 09:25:00.960,4.89,700
2020-10-14 09:25:00.960,4.89,100
2020-10-14 09:25:00.960,4.89,9200
2020-10-14 09:25:00.960,4.89,5800
2020-10-14 09:25:00.960,4.89,5000
2020-10-14 09:25:00.960,4.89,1000
2020-10-14 09:25:00.960,4.89,300
2020-10-14 09:25:00.960,4.89,5000
2020-10-14 09:25:00.960,4.89,8200
2020-10-14 09:25:00.960,4.89,100
2020-10-14 09:25:00.960,4.89,100
2020-10-14 09:25:00.960,4.89,100
2020-10-14 09:25:00.960,4.89,100
2020-10-14 09:25:00.960,4.89,1000
2020-10-14 09:25:00.960,4.89,100
2020-10-14 09:25:00.960,4.89,4100
2020-10-14 09:25:00.960,4.89,1900
2020-10-14 09:25:00.960,4.89,100
2020-10-14 09:25:00.960,4.89,400
2020-10-14 09:25:00.960,4.89,1700
2020-10-14 09:25:00.960,4.89,300
2020-10-14 09:25:00.960,4.89,700
2020-10-14 09:25:00.960,4.89,1600
2020-10-14 09:25:00.960,4.89,10000
2020-10-14 09:25:00.960,4.89,3000
2020-10-14 09:25:00.960,4.89,3000
2020-10-14 09:25:00.960,4.89,1000
2020-10-14 09:25:00.960,4.89,1000
2020-10-14 09:25:00.960,4.89,100
2020-10-14 09:25:00.960,4.89,300
2020-10-14 09:25:00.960,4.89,700
2020-10-14 09:25:00.960,4.89,2600
2020-10-14 09:25:00.960,4.89,5000
2020-10-14 09:25:00.960,4.89,2000
2020-10-14 09:25:00.960,4.89,221900
2020-10-14 09:25:00.960,4.89,27000
2020-10-14 09:25:00.960,4.89,1000
2020-10-14 09:25:00.960,4.89,20000
2020-10-14 09:25:00.960,4.89,4000
2020-10-14 09:25:00.960,4.89,1800
2020-10-14 09:25:00.960,4.89,19300
2020-10-14 09:25:00.960,4.89,2300
2020-10-14 09:25:00.960,4.89,3600
2020-10-14 09:25:00.960,4.89,300
2020-10-14 09:25:00.960,4.89,5000
2020-10-14 09:25:00.960,4.89,1000
2020-10-14 09:25:00.960,4.89,100
2020-10-14 09:25:00.960,4.89,500
2020-10-14 09:25:00.960,4.89,2400
2020-10-14 09:30:00.080,4.89,3600
2020-10-14 09:30:00.080,4.89,2000
2020-10-14 09:30:00.080,4.89,6200
2020-10-14 09:30:00.160,4.891,2400
2020-10-14 09:30:00.190,4.891,200
2020-10-14 09:30:00.230,4.89,600
2020-10-14 09:30:00.310,4.891,17400
2020-10-14 09:30:00.310,4.891,10000
2020-10-14 09:30:00.310,4.892,200000
2020-10-14 09:30:00.310,4.892,1000
2020-10-14 09:30:00.310,4.895,5000
2020-10-14 09:30:00.310,4.896,7200
2020-10-14 09:30:00.310,4.896,27000
2020-10-14 09:30:00.310,4.897,132400
2020-10-14 09:30:00.380,4.891,500
2020-10-14 09:30:00.380,4.891,12200
2020-10-14 09:30:00.380,4.89,3200
2020-10-14 09:30:00.380,4.89,600
2020-10-14 09:30:00.380,4.89,2000
2020-10-14 09:30:00.380,4.89,500
2020-10-14 09:30:00.380,4.89,8000
2020-10-14 09:30:00.380,4.89,300
2020-10-14 09:30:00.380,4.89,119700
2020-10-14 09:30:00.380,4.89,50000
2020-10-14 09:30:00.380,4.89,3600
2020-10-14 09:30:00.380,4.889,700
2020-10-14 09:30:00.380,4.888,200
2020-10-14 09:30:00.380,4.888,200
2020-10-14 09:30:00.380,4.888,400
2020-10-14 09:30:00.380,4.888,100
2020-10-14 09:30:00.380,4.888,600
2020-10-14 09:30:00.380,4.888,2000
2020-10-14 09:30:00.380,4.888,5000
2020-10-14 09:30:00.380,4.888,10000
2020-10-14 09:30:00.380,4.888,800
2020-10-14 09:30:00.380,4.89,4200
2020-10-14 09:30:00.380,4.887,5000
2020-10-14 09:30:00.380,4.887,100
2020-10-14 09:30:00.380,4.886,2300
2020-10-14 09:30:00.380,4.886,700
2020-10-14 09:30:00.380,4.885,2500
2020-10-14 09:30:00.380,4.884,2000
2020-10-14 09:30:00.380,4.884,2000
2020-10-14 09:30:00.380,4.883,5400
2020-10-14 09:30:00.380,4.89,2000
2020-10-14 09:30:00.480,4.883,4600
2020-10-14 09:30:00.480,4.883,5400
2020-10-14 09:30:00.480,4.89,50000
2020-10-14 09:30:00.480,4.89,100
2020-10-14 09:30:00.480,4.89,200
2020-10-14 09:30:00.590,4.89,300
2020-10-14 09:30:00.590,4.89,200
2020-10-14 09:30:00.590,4.89,1000
2020-10-14 09:30:00.820,4.89,1000
2020-10-14 09:30:00.820,4.89,2200
2020-10-14 09:30:00.820,4.89,700
2020-10-14 09:30:00.820,4.89,5000
2020-10-14 09:30:00.820,4.89,1000
2020-10-14 09:30:00.820,4.89,2100
2020-10-14 09:30:00.820,4.89,4000
2020-10-14 09:30:00.940,4.89,200
2020-10-14 09:30:00.940,4.89,400
2020-10-14 09:30:01.060,4.891,4600
2020-10-14 09:30:01.060,4.89,2300
2020-10-14 09:30:01.170,4.891,800
2020-10-14 09:30:01.290,4.891,1200
2020-10-14 09:30:01.290,4.891,4300
2020-10-14 09:30:01.290,4.891,2000
2020-10-14 09:30:01.290,4.891,500
2020-10-14 09:30:01.410,4.89,1500
2020-10-14 09:30:01.410,4.89,300
2020-10-14 09:30:01.410,4.89,400
2020-10-14 09:30:01.550,4.891,100
2020-10-14 09:30:01.550,4.89,400
2020-10-14 09:30:01.550,4.89,100
2020-10-14 09:30:01.550,4.89,100
2020-10-14 09:30:01.550,4.89,1000
2020-10-14 09:30:01.550,4.89,1000
2020-10-14 09:30:01.670,4.887,2200
2020-10-14 09:30:01.670,4.89,800
2020-10-14 09:30:01.670,4.89,1200
2020-10-14 09:30:01.780,4.89,100
2020-10-14 09:30:01.900,4.89,100
2020-10-14 09:30:01.900,4.89,100
2020-10-14 09:30:01.900,4.888,100
2020-10-14 09:30:01.900,4.89,100
2020-10-14 09:30:02.020,4.89,5000
2020-10-14 09:30:02.140,4.887,900
2020-10-14 09:30:02.140,4.887,7300
2020-10-14 09:30:02.260,4.888,2100
2020-10-14 09:30:02.370,4.889,7000
2020-10-14 09:30:02.370,4.889,1700
2020-10-14 09:30:02.370,4.889,43700
2020-10-14 09:30:02.370,4.89,200
2020-10-14 09:30:02.490,4.89,100
2020-10-14 09:30:02.650,4.889,200
2020-10-14 09:30:02.770,4.89,200
2020-10-14 09:30:02.880,4.89,3000
2020-10-14 09:30:02.880,4.89,100
2020-10-14 09:30:03.010,4.89,100
2020-10-14 09:30:03.010,4.89,1000
2020-10-14 09:30:03.130,4.89,100
2020-10-14 09:30:03.130,4.89,500
2020-10-14 09:30:03.130,4.889,3300
2020-10-14 09:30:03.240,4.89,19400
2020-10-14 09:30:03.240,4.89,1300
2020-10-14 09:30:03.240,4.89,100
2020-10-14 09:30:03.240,4.89,2800
2020-10-14 09:30:03.240,4.89,300
2020-10-14 09:30:03.240,4.89,500
2020-10-14 09:30:03.240,4.89,600
2020-10-14 09:30:03.240,4.89,30000
2020-10-14 09:30:03.240,4.89,500
2020-10-14 09:30:03.240,4.89,30000
2020-10-14 09:30:03.240,4.89,14500
2020-10-14 09:30:03.240,4.889,4000
2020-10-14 09:30:03.370,4.89,500
2020-10-14 09:30:03.370,4.89,700
2020-10-14 09:30:03.370,4.89,100
2020-10-14 09:30:03.480,4.89,1000
2020-10-14 09:30:03.480,4.89,3100
2020-10-14 09:30:03.610,4.89,100
2020-10-14 09:30:03.610,4.89,1000
2020-10-14 09:30:03.610,4.89,1100
2020-10-14 09:30:03.610,4.89,400
2020-10-14 09:30:03.610,4.89,200
2020-10-14 09:30:03.610,4.89,15500
2020-10-14 09:30:03.710,4.89,200
2020-10-14 09:30:03.710,4.889,100
2020-10-14 09:30:03.710,4.887,4900
2020-10-14 09:30:03.710,4.889,1700
2020-10-14 09:30:03.810,4.89,100
2020-10-14 09:30:03.940,4.89,1000
2020-10-14 09:30:03.940,4.89,13200
2020-10-14 09:30:03.940,4.89,22000
2020-10-14 09:30:03.940,4.89,11300
2020-10-14 09:30:03.940,4.89,2200
2020-10-14 09:30:03.940,4.89,1900
2020-10-14 09:30:03.940,4.89,5000
2020-10-14 09:30:03.940,4.89,500
2020-10-14 09:30:04.060,4.89,400
2020-10-14 09:30:04.140,4.89,100
2020-10-14 09:30:04.140,4.89,700
2020-10-14 09:30:04.230,4.89,100
2020-10-14 09:30:04.350,4.89,100
2020-10-14 09:30:04.350,4.89,20400
2020-10-14 09:30:04.350,4.889,1000
2020-10-14 09:30:04.350,4.89,1000
2020-10-14 09:30:04.350,4.889,15000
2020-10-14 09:30:04.480,4.889,2300
2020-10-14 09:30:04.480,4.887,2700
2020-10-14 09:30:04.710,4.89,100
2020-10-14 09:30:04.710,4.89,100
2020-10-14 09:30:04.830,4.887,600
2020-10-14 09:30:04.830,4.89,100
2020-10-14 09:30:04.830,4.89,100
2020-10-14 09:30:04.950,4.89,300
2020-10-14 09:30:04.950,4.89,3000
2020-10-14 09:30:04.950,4.89,1000
2020-10-14 09:30:04.950,4.89,1000
2020-10-14 09:30:05.170,4.89,1000
2020-10-14 09:30:05.170,4.89,100
2020-10-14 09:30:05.170,4.888,3100
2020-10-14 09:30:05.290,4.89,2000
2020-10-14 09:30:05.350,4.89,300
2020-10-14 09:30:05.350,4.89,2000
2020-10-14 09:30:05.470,4.89,6000
2020-10-14 09:30:05.570,4.888,1900
2020-10-14 09:30:05.570,4.887,600
2020-10-14 09:30:05.680,4.887,100
2020-10-14 09:30:05.680,4.887,100
2020-10-14 09:30:05.680,4.887,100
2020-10-14 09:30:05.810,4.887,400
2020-10-14 09:30:05.870,4.888,100
2020-10-14 09:30:05.870,4.887,500
2020-10-14 09:30:05.960,4.887,500
2020-10-14 09:30:05.960,4.887,900
2020-10-14 09:30:06.010,4.888,100
2020-10-14 09:30:06.010,4.887,400
2020-10-14 09:30:06.010,4.887,100
2020-10-14 09:30:06.120,4.888,2900
2020-10-14 09:30:06.120,4.888,100
2020-10-14 09:30:06.190,4.887,6800
2020-10-14 09:30:06.190,4.887,3200
2020-10-14 09:30:06.300,4.888,100
2020-10-14 09:30:06.300,4.888,100
2020-10-14 09:30:06.300,4.889,800
2020-10-14 09:30:07.470,4.889,1400
2020-10-14 09:30:07.470,4.889,400
2020-10-14 09:30:07.470,4.889,100
2020-10-14 09:30:07.470,4.89,600
2020-10-14 09:30:07.470,4.89,2000
2020-10-14 09:30:07.470,4.89,38000
2020-10-14 09:30:07.470,4.89,10000
2020-10-14 09:30:07.470,4.89,500
2020-10-14 09:30:07.470,4.89,1000
2020-10-14 09:30:09.740,4.887,7200
2020-10-14 09:30:10.140,4.886,2000
2020-10-14 09:30:10.890,4.887,7800
2020-10-14 09:30:11.920,4.888,1700
2020-10-14 09:30:11.990,4.89,3000
2020-10-14 09:30:12.850,4.888,15400
2020-10-14 09:30:14.560,4.888,10000
2020-10-14 09:30:15.480,4.888,57600
2020-10-14 09:30:15.480,4.886,4000
2020-10-14 09:30:15.480,4.886,2000
2020-10-14 09:30:15.480,4.886,10000
2020-10-14 09:30:15.480,4.886,100
2020-10-14 09:30:15.480,4.886,19000
2020-10-14 09:30:15.480,4.886,4200
2020-10-14 09:30:15.480,4.885,300
2020-10-14 09:30:15.480,4.885,83800
2020-10-14 09:30:16.450,4.887,300
2020-10-14 09:30:18.490,4.886,2000
2020-10-14 09:30:18.650,4.887,1000
2020-10-14 09:30:22.020,4.886,48400
2020-10-14 09:30:22.020,4.887,2800
2020-10-14 09:30:22.020,4.887,2400
2020-10-14 09:30:22.550,4.887,4000
2020-10-14 09:30:24.850,4.887,400
2020-10-14 09:30:25.170,4.887,100
2020-10-14 09:30:25.290,4.887,2000
2020-10-14 09:30:27.620,4.887,10000
2020-10-14 09:30:28.430,4.887,300
2020-10-14 09:30:28.590,4.887,3000
2020-10-14 09:30:29.640,4.888,20000
2020-10-14 09:30:29.640,4.888,500
2020-10-14 09:30:29.640,4.89,900
2020-10-14 09:30:29.640,4.89,600
2020-10-14 09:30:29.640,4.89,100
2020-10-14 09:30:29.640,4.89,700
2020-10-14 09:30:29.640,4.89,2500
2020-10-14 09:30:29.640,4.89,13700
2020-10-14 09:30:29.640,4.89,700
2020-10-14 09:30:29.640,4.89,5000
2020-10-14 09:30:29.640,4.89,1100
2020-10-14 09:30:29.640,4.89,700
2020-10-14 09:30:29.640,4.89,1700
2020-10-14 09:30:29.640,4.89,1000
2020-10-14 09:30:29.640,4.89,500
2020-10-14 09:30:29.640,4.89,500
2020-10-14 09:30:29.640,4.89,400
2020-10-14 09:30:29.640,4.89,500
2020-10-14 09:30:29.640,4.89,5500
2020-10-14 09:30:29.640,4.89,600
2020-10-14 09:30:29.640,4.89,1000
2020-10-14 09:30:29.640,4.89,2000
2020-10-14 09:30:29.640,4.89,2000
2020-10-14 09:30:29.640,4.89,24500
2020-10-14 09:30:29.640,4.89,10000
2020-10-14 09:30:29.640,4.89,1100
2020-10-14 09:30:29.640,4.89,11000
2020-10-14 09:30:29.680,4.89,4600
2020-10-14 09:30:29.680,4.887,5400
2020-10-14 09:30:31.630,4.887,10000
2020-10-14 09:30:31.630,4.887,1500
2020-10-14 09:30:33.430,4.888,20000
2020-10-14 09:30:33.430,4.888,2100
2020-10-14 09:30:33.430,4.888,1000
2020-10-14 09:30:33.530,4.888,200
2020-10-14 09:30:33.930,4.888,5000
2020-10-14 09:30:34.880,4.888,800
2020-10-14 09:30:36.450,4.89,100
2020-10-14 09:30:37.780,4.888,400
2020-10-14 09:30:37.870,4.888,1300
2020-10-14 09:30:37.870,4.887,28700
2020-10-14 09:30:38.420,4.89,100
2020-10-14 09:30:38.680,4.888,300
2020-10-14 09:30:38.680,4.89,300
2020-10-14 09:30:38.680,4.89,400
2020-10-14 09:30:39.430,4.89,1700
2020-10-14 09:30:39.650,4.89,100
2020-10-14 09:30:39.840,4.89,800
2020-10-14 09:30:40.240,4.89,2400
2020-10-14 09:30:40.770,4.889,1000
2020-10-14 09:30:40.770,4.889,100
2020-10-14 09:30:42.210,4.887,29400
2020-10-14 09:30:42.210,4.887,8900
2020-10-14 09:30:43.250,4.888,5000
2020-10-14 09:30:44.660,4.888,23800
2020-10-14 09:30:45.050,4.888,100
2020-10-14 09:30:45.210,4.888,5000
2020-10-14 09:30:45.390,4.888,100
2020-10-14 09:30:45.590,4.887,51100
2020-10-14 09:30:45.590,4.887,50000
2020-10-14 09:30:45.590,4.887,13600
2020-10-14 09:30:45.590,4.887,1000
2020-10-14 09:30:45.590,4.887,200
2020-10-14 09:30:45.590,4.887,1000
2020-10-14 09:30:45.590,4.887,4300
2020-10-14 09:30:45.590,4.887,40000
2020-10-14 09:30:45.590,4.887,20000
2020-10-14 09:30:45.590,4.886,3000
2020-10-14 09:30:45.590,4.886,5000
2020-10-14 09:30:45.590,4.886,10000
2020-10-14 09:30:45.590,4.886,2000
2020-10-14 09:30:45.870,4.886,300
2020-10-14 09:30:46.020,4.888,2100
2020-10-14 09:30:47.790,4.887,20000
2020-10-14 09:30:47.790,4.888,92800
2020-10-14 09:30:47.790,4.888,700
2020-10-14 09:30:48.010,4.888,2400
2020-10-14 09:30:50.120,4.886,1000
2020-10-14 09:30:53.010,4.885,33000
2020-10-14 09:30:53.360,4.885,174400
2020-10-14 09:30:53.360,4.885,400
2020-10-14 09:30:53.360,4.885,3000
2020-10-14 09:30:53.360,4.885,10000
2020-10-14 09:30:53.360,4.885,12200
2020-10-14 09:30:53.880,4.885,30000
2020-10-14 09:30:53.880,4.885,200
2020-10-14 09:30:53.880,4.885,100
2020-10-14 09:30:53.880,4.885,18000
2020-10-14 09:30:53.880,4.885,1000
2020-10-14 09:30:53.880,4.885,800
2020-10-14 09:30:53.880,4.885,2000
2020-10-14 09:30:53.880,4.885,300
2020-10-14 09:30:53.880,4.885,3000
2020-10-14 09:30:53.880,4.885,1000
2020-10-14 09:30:53.880,4.885,5000
2020-10-14 09:30:54.410,4.884,3000
2020-10-14 09:30:54.410,4.884,2500
2020-10-14 09:30:54.800,4.884,100
2020-10-14 09:30:55.040,4.883,4600
2020-10-14 09:30:55.040,4.883,700
2020-10-14 09:30:55.040,4.883,13800
2020-10-14 09:30:55.040,4.883,2000
2020-10-14 09:30:55.040,4.883,58900
2020-10-14 09:30:55.040,4.883,1200
2020-10-14 09:30:55.040,4.883,500
2020-10-14 09:30:55.160,4.883,20000
2020-10-14 09:30:55.660,4.883,200
2020-10-14 09:30:56.100,4.883,10300
2020-10-14 09:30:56.430,4.882,10000
2020-10-14 09:30:56.430,4.882,5000
2020-10-14 09:30:56.710,4.882,100
2020-10-14 09:30:58.070,4.881,6000
2020-10-14 09:30:58.070,4.881,2000
2020-10-14 09:30:58.070,4.881,2000
2020-10-14 09:30:58.070,4.881,2300
2020-10-14 09:30:58.070,4.881,5000
2020-10-14 09:30:58.070,4.881,10000
2020-10-14 09:30:58.070,4.881,10000
2020-10-14 09:30:58.070,4.881,200
2020-10-14 09:30:58.070,4.881,3600
2020-10-14 09:30:58.070,4.881,10000
2020-10-14 09:30:58.070,4.881,60000
2020-10-14 09:30:58.070,4.881,2400
2020-10-14 09:30:59.550,4.882,5000
2020-10-14 09:31:01.030,4.882,50000
2020-10-14 09:31:01.280,4.881,2600
2020-10-14 09:31:01.280,4.881,500
2020-10-14 09:31:01.280,4.881,100
2020-10-14 09:31:01.280,4.881,2000
2020-10-14 09:31:01.280,4.881,5000
2020-10-14 09:31:01.280,4.881,9800
2020-10-14 09:31:01.280,4.882,89900
2020-10-14 09:31:01.560,4.882,5100
2020-10-14 09:31:01.560,4.883,4900
2020-10-14 09:31:01.710,4.881,200
2020-10-14 09:31:01.710,4.881,2300
2020-10-14 09:31:03.040,4.881,17700
2020-10-14 09:31:03.040,4.881,3000
2020-10-14 09:31:03.080,4.881,2700
2020-10-14 09:31:04.200,4.881,133300
2020-10-14 09:31:04.200,4.882,15000
2020-10-14 09:31:04.200,4.882,2000
2020-10-14 09:31:04.260,4.882,49700
2020-10-14 09:31:04.260,4.88,5000
2020-10-14 09:31:04.260,4.88,5000
2020-10-14 09:31:04.260,4.88,6000
2020-10-14 09:31:04.260,4.88,6000
2020-10-14 09:31:04.260,4.88,20000
2020-10-14 09:31:04.260,4.88,700
2020-10-14 09:31:04.260,4.88,5000
2020-10-14 09:31:04.260,4.88,500
2020-10-14 09:31:04.260,4.88,2100
2020-10-14 09:31:05.200,4.881,40000
2020-10-14 09:31:05.680,4.881,3200
2020-10-14 09:31:05.680,4.881,2000
2020-10-14 09:31:06.640,4.882,10000
2020-10-14 09:31:06.640,4.881,33200
2020-10-14 09:31:06.990,4.882,6000
2020-10-14 09:31:07.170,4.882,1800
2020-10-14 09:31:07.400,4.882,600
2020-10-14 09:31:07.440,4.883,500
2020-10-14 09:31:07.440,4.884,2000
2020-10-14 09:31:07.440,4.884,1000
2020-10-14 09:31:07.440,4.884,300
2020-10-14 09:31:07.440,4.885,50000
2020-10-14 09:31:07.440,4.885,500
2020-10-14 09:31:07.440,4.885,8900
2020-10-14 09:31:07.440,4.885,4000
2020-10-14 09:31:07.440,4.886,19000
2020-10-14 09:31:07.440,4.886,200
2020-10-14 09:31:07.440,4.886,5000
2020-10-14 09:31:07.440,4.887,600
2020-10-14 09:31:07.440,4.887,10000
2020-10-14 09:31:07.440,4.887,5000
2020-10-14 09:31:07.440,4.887,5200
2020-10-14 09:31:07.440,4.888,200
2020-10-14 09:31:07.440,4.888,7600
2020-10-14 09:31:07.670,4.882,100
2020-10-14 09:31:08.640,4.882,24500
2020-10-14 09:31:08.640,4.882,100
2020-10-14 09:31:08.640,4.881,18600
2020-10-14 09:31:08.830,4.882,500
2020-10-14 09:31:08.930,4.881,3000
2020-10-14 09:31:10.740,4.881,3000
2020-10-14 09:31:10.740,4.881,2000
2020-10-14 09:31:10.800,4.882,4500
2020-10-14 09:31:10.800,4.882,5500
2020-10-14 09:31:11.530,4.881,400
2020-10-14 09:31:12.050,4.881,2500
2020-10-14 09:31:12.140,4.882,3000
2020-10-14 09:31:12.290,4.881,2000
2020-10-14 09:31:12.290,4.881,10000
2020-10-14 09:31:12.290,4.881,700
2020-10-14 09:31:12.510,4.882,1700
2020-10-14 09:31:12.510,4.882,98300
2020-10-14 09:31:13.660,4.881,1700
2020-10-14 09:31:13.850,4.881,5800
2020-10-14 09:31:14.870,4.882,500
2020-10-14 09:31:15.160,4.882,2500
2020-10-14 09:31:15.590,4.882,300
2020-10-14 09:31:16.230,4.882,700
2020-10-14 09:31:16.230,4.883,1500
2020-10-14 09:31:16.790,4.883,800
2020-10-14 09:31:16.790,4.881,700
2020-10-14 09:31:17.560,4.881,7000
2020-10-14 09:31:17.590,4.881,1000
2020-10-14 09:31:17.710,4.881,1000
2020-10-14 09:31:18.440,4.882,600
2020-10-14 09:31:18.870,4.882,1400
2020-10-14 09:31:19.500,4.883,3600
2020-10-14 09:31:19.500,4.881,7100
2020-10-14 09:31:19.500,4.881,9000
2020-10-14 09:31:19.500,4.881,300
2020-10-14 09:31:20.250,4.883,500
2020-10-14 09:31:21.000,4.883,300
2020-10-14 09:31:21.000,4.881,200
2020-10-14 09:31:21.000,4.881,3000
2020-10-14 09:31:21.000,4.881,2500
2020-10-14 09:31:21.000,4.881,5000
2020-10-14 09:31:21.000,4.881,9000
2020-10-14 09:31:21.140,4.881,6000
2020-10-14 09:31:21.460,4.881,100
2020-10-14 09:31:21.500,4.881,9900
2020-10-14 09:31:22.950,4.881,100
2020-10-14 09:31:23.420,4.881,500
2020-10-14 09:31:24.630,4.881,2000
2020-10-14 09:31:24.880,4.881,1900
2020-10-14 09:31:25.640,4.881,20000
2020-10-14 09:31:26.210,4.881,10000
2020-10-14 09:31:26.580,4.88,47900
2020-10-14 09:31:26.580,4.88,5000
2020-10-14 09:31:26.580,4.88,247100
2020-10-14 09:31:26.610,4.881,2700
2020-10-14 09:31:27.520,4.881,10000
2020-10-14 09:31:27.560,4.881,2500
2020-10-14 09:31:27.590,4.881,2000
2020-10-14 09:31:28.160,4.881,10500
2020-10-14 09:31:28.160,4.881,4200
2020-10-14 09:31:28.160,4.881,5700
2020-10-14 09:31:28.550,4.881,1600
2020-10-14 09:31:28.830,4.881,30000
2020-10-14 09:31:29.010,4.881,3000
2020-10-14 09:31:29.350,4.881,200
2020-10-14 09:31:29.800,4.881,10000
2020-10-14 09:31:30.050,4.881,1000
2020-10-14 09:31:30.650,4.881,2000
2020-10-14 09:31:31.490,4.881,4000
2020-10-14 09:31:31.710,4.881,9900
2020-10-14 09:31:31.710,4.881,100
2020-10-14 09:31:32.080,4.88,1200
2020-10-14 09:31:32.580,4.88,20000
2020-10-14 09:31:34.760,4.88,3500
2020-10-14 09:31:35.310,4.881,900
2020-10-14 09:31:35.310,4.881,100
2020-10-14 09:31:36.470,4.882,2000
2020-10-14 09:31:37.950,4.883,20000
2020-10-14 09:31:37.950,4.883,5000
2020-10-14 09:31:37.950,4.885,3500
2020-10-14 09:31:37.950,4.885,121600
2020-10-14 09:31:38.040,4.882,1600
2020-10-14 09:31:38.660,4.885,800
2020-10-14 09:31:39.100,4.882,1700
2020-10-14 09:31:39.100,4.881,3000
2020-10-14 09:31:39.100,4.881,5300
2020-10-14 09:31:39.210,4.881,4700
2020-10-14 09:31:39.210,4.881,4900
2020-10-14 09:31:39.310,4.881,200
2020-10-14 09:31:39.660,4.883,200
2020-10-14 09:31:39.660,4.881,51400
2020-10-14 09:31:39.660,4.881,40000
2020-10-14 09:31:39.660,4.881,1000
2020-10-14 09:31:39.660,4.881,10000
2020-10-14 09:31:39.660,4.881,2500
2020-10-14 09:31:39.660,4.881,20000
2020-10-14 09:31:39.660,4.881,295300
2020-10-14 09:31:40.320,4.882,20000
2020-10-14 09:31:40.320,4.882,400
2020-10-14 09:31:40.410,4.882,3000
2020-10-14 09:31:40.960,4.882,9000
2020-10-14 09:31:41.360,4.882,500
2020-10-14 09:31:41.570,4.882,7100
2020-10-14 09:31:41.630,4.882,200
2020-10-14 09:31:41.630,4.881,500
2020-10-14 09:31:41.860,4.882,10000
2020-10-14 09:31:41.930,4.882,2700
2020-10-14 09:31:41.930,4.885,77600
2020-10-14 09:31:41.930,4.886,1500
2020-10-14 09:31:41.930,4.886,5000
2020-10-14 09:31:41.930,4.886,9500
2020-10-14 09:31:41.930,4.888,3100
2020-10-14 09:31:41.930,4.888,10000
2020-10-14 09:31:41.930,4.888,40700
2020-10-14 09:31:42.390,4.881,200
2020-10-14 09:31:44.180,4.882,9600
2020-10-14 09:31:44.620,4.882,10700
2020-10-14 09:31:46.690,4.882,3800
2020-10-14 09:31:53.140,4.882,4500
2020-10-14 09:31:53.690,4.882,3200
2020-10-14 09:31:54.410,4.882,16800
2020-10-14 09:31:54.410,4.884,15000
2020-10-14 09:31:55.000,4.882,1000
2020-10-14 09:31:55.340,4.882,5000
2020-10-14 09:31:55.420,4.882,200
2020-10-14 09:31:57.330,4.882,3800
2020-10-14 09:31:57.330,4.882,1500
2020-10-14 09:31:57.330,4.882,100
2020-10-14 09:31:57.330,4.882,1000
2020-10-14 09:31:57.330,4.882,500
2020-10-14 09:31:58.920,4.882,2000
2020-10-14 09:32:00.650,4.882,1100
2020-10-14 09:32:00.650,4.882,3600
2020-10-14 09:32:00.650,4.882,2200
2020-10-14 09:32:00.650,4.882,200
2020-10-14 09:32:00.680,4.884,1200
2020-10-14 09:32:01.200,4.884,1000
2020-10-14 09:32:01.520,4.882,4900
2020-10-14 09:32:02.280,4.881,100
2020-10-14 09:32:02.280,4.881,300
2020-10-14 09:32:02.280,4.881,400
2020-10-14 09:32:02.280,4.881,50000
2020-10-14 09:32:02.280,4.881,100000
2020-10-14 09:32:02.280,4.881,3000
2020-10-14 09:32:02.280,4.881,100
2020-10-14 09:32:02.280,4.881,30000
2020-10-14 09:32:02.280,4.881,3000
2020-10-14 09:32:02.280,4.881,5000
2020-10-14 09:32:02.280,4.881,2100
2020-10-14 09:32:02.280,4.881,25000
2020-10-14 09:32:02.280,4.881,500
2020-10-14 09:32:02.280,4.88,8100
2020-10-14 09:32:03.520,4.882,1000
2020-10-14 09:32:03.520,4.882,100
2020-10-14 09:32:03.520,4.882,5000
2020-10-14 09:32:03.520,4.882,2000
2020-10-14 09:32:03.610,4.884,1100
2020-10-14 09:32:03.760,4.884,100
2020-10-14 09:32:04.850,4.882,1600
2020-10-14 09:32:05.090,4.882,7800
2020-10-14 09:32:05.090,4.882,200
2020-10-14 09:32:05.090,4.881,500
2020-10-14 09:32:06.100,4.882,4000
2020-10-14 09:32:06.100,4.882,500
2020-10-14 09:32:07.430,4.882,2000
2020-10-14 09:32:07.500,4.882,200
2020-10-14 09:32:09.200,4.882,200
2020-10-14 09:32:09.410,4.882,200
2020-10-14 09:32:09.480,4.882,3700
2020-10-14 09:32:09.740,4.882,3700
2020-10-14 09:32:10.860,4.882,10000
2020-10-14 09:32:10.860,4.882,4500
2020-10-14 09:32:12.250,4.882,1400
2020-10-14 09:32:12.250,4.882,1500
2020-10-14 09:32:12.250,4.881,300
2020-10-14 09:32:15.680,4.882,2000
2020-10-14 09:32:15.680,4.882,200
2020-10-14 09:32:15.680,4.882,1000
2020-10-14 09:32:17.240,4.882,400
2020-10-14 09:32:18.400,4.882,2500
2020-10-14 09:32:19.510,4.881,3900
2020-10-14 09:32:19.600,4.881,1000
2020-10-14 09:32:19.780,4.882,4000
2020-10-14 09:32:19.780,4.882,6000
2020-10-14 09:32:20.900,4.882,5000
2020-10-14 09:32:20.960,4.881,19600
2020-10-14 09:32:22.060,4.882,300
2020-10-14 09:32:22.120,4.882,25000
2020-10-14 09:32:22.530,4.881,1000
2020-10-14 09:32:24.420,4.881,100
2020-10-14 09:32:24.460,4.882,10000
2020-10-14 09:32:25.350,4.882,7000
2020-10-14 09:32:25.420,4.881,3600
2020-10-14 09:32:25.420,4.881,296400
2020-10-14 09:32:25.750,4.882,1000
2020-10-14 09:32:25.930,4.881,3600
2020-10-14 09:32:25.930,4.881,1500
2020-10-14 09:32:25.930,4.881,14900
2020-10-14 09:32:27.210,4.881,2200
2020-10-14 09:32:27.880,4.881,200
2020-10-14 09:32:29.160,4.882,100
2020-10-14 09:32:30.120,4.882,100000
2020-10-14 09:32:31.410,4.882,10000
2020-10-14 09:32:31.490,4.882,20500
2020-10-14 09:32:32.220,4.881,1700
2020-10-14 09:32:32.470,4.882,100
2020-10-14 09:32:32.720,4.882,200
2020-10-14 09:32:32.780,4.882,10000
2020-10-14 09:32:33.240,4.882,4000
2020-10-14 09:32:34.190,4.881,1900
2020-10-14 09:32:34.260,4.882,2500
2020-10-14 09:32:34.360,4.882,4600
2020-10-14 09:32:34.360,4.882,500
2020-10-14 09:32:34.360,4.882,2700
2020-10-14 09:32:34.400,4.882,1400
2020-10-14 09:32:35.620,4.882,200
2020-10-14 09:32:37.500,4.884,500
2020-10-14 09:32:38.850,4.882,13400
2020-10-14 09:32:38.940,4.882,600
2020-10-14 09:32:39.180,4.882,5000
2020-10-14 09:32:39.720,4.882,1500
2020-10-14 09:32:40.590,4.882,500
2020-10-14 09:32:41.630,4.882,200
2020-10-14 09:32:41.690,4.882,1000
2020-10-14 09:32:42.090,4.884,300
2020-10-14 09:32:44.060,4.882,300
2020-10-14 09:32:44.950,4.882,16800
2020-10-14 09:32:44.980,4.882,9100
2020-10-14 09:32:44.980,4.882,900
2020-10-14 09:32:45.160,4.882,2000
2020-10-14 09:32:45.700,4.884,5000
2020-10-14 09:32:47.210,4.883,1000
2020-10-14 09:32:48.290,4.883,1500
2020-10-14 09:32:49.860,4.884,200
2020-10-14 09:32:51.040,4.883,200
2020-10-14 09:32:51.360,4.883,900
2020-10-14 09:32:51.670,4.884,5000
2020-10-14 09:32:51.980,4.884,7800
2020-10-14 09:32:51.980,4.884,5200
2020-10-14 09:32:52.450,4.883,1600
2020-10-14 09:32:53.020,4.884,500
2020-10-14 09:32:53.350,4.884,32300
2020-10-14 09:32:53.350,4.884,1000
2020-10-14 09:32:53.350,4.884,20000
2020-10-14 09:32:53.350,4.884,10000
2020-10-14 09:32:53.350,4.884,5300
2020-10-14 09:32:53.350,4.884,1500
2020-10-14 09:32:53.350,4.885,1800
2020-10-14 09:32:53.350,4.885,100
2020-10-14 09:32:53.350,4.885,1000
2020-10-14 09:32:53.350,4.885,10000
2020-10-14 09:32:53.620,4.885,5000
2020-10-14 09:32:54.060,4.885,9500
2020-10-14 09:32:55.360,4.885,1000
2020-10-14 09:32:56.120,4.885,37500
2020-10-14 09:32:57.380,4.885,200
2020-10-14 09:32:57.750,4.885,300
2020-10-14 09:32:57.880,4.885,5000
2020-10-14 09:32:58.510,4.885,100
2020-10-14 09:32:58.830,4.886,4500
2020-10-14 09:33:00.560,4.886,2200
2020-10-14 09:33:00.560,4.885,8500
2020-10-14 09:33:00.560,4.885,25900
2020-10-14 09:33:01.130,4.887,1000
2020-10-14 09:33:01.130,4.887,18800
2020-10-14 09:33:03.370,4.888,1000
2020-10-14 09:33:03.500,4.888,300
2020-10-14 09:33:03.860,4.888,32500
2020-10-14 09:33:04.150,4.888,15600
2020-10-14 09:33:06.190,4.888,500
2020-10-14 09:33:06.290,4.888,15400
2020-10-14 09:33:06.350,4.888,1400
2020-10-14 09:33:06.590,4.888,3900
2020-10-14 09:33:07.220,4.89,34200
2020-10-14 09:33:09.160,4.888,79500
2020-10-14 09:33:09.250,4.887,19800
2020-10-14 09:33:09.250,4.887,100
2020-10-14 09:33:09.250,4.887,10100
2020-10-14 09:33:09.770,4.887,8900
2020-10-14 09:33:09.890,4.888,100000
2020-10-14 09:33:10.980,4.887,2700
2020-10-14 09:33:11.520,4.887,100
2020-10-14 09:33:11.720,4.888,3000
2020-10-14 09:33:12.680,4.888,200
2020-10-14 09:33:15.210,4.887,1000
2020-10-14 09:33:15.940,4.888,2000
2020-10-14 09:33:16.280,4.888,5500
2020-10-14 09:33:16.660,4.887,900
2020-10-14 09:33:16.990,4.887,1500
2020-10-14 09:33:17.200,4.887,8800
2020-10-14 09:33:17.560,4.888,2000
2020-10-14 09:33:18.420,4.887,500
2020-10-14 09:33:18.660,4.888,2000
2020-10-14 09:33:18.970,4.888,50000
2020-10-14 09:33:19.390,4.888,1100
2020-10-14 09:33:19.880,4.887,200
2020-10-14 09:33:20.600,4.888,1100
2020-10-14 09:33:21.140,4.888,500
2020-10-14 09:33:21.490,4.888,2000
2020-10-14 09:33:21.870,4.888,40000
2020-10-14 09:33:21.930,4.888,100
2020-10-14 09:33:21.990,4.888,1000
2020-10-14 09:33:22.220,4.887,15300
2020-10-14 09:33:22.220,4.887,700
2020-10-14 09:33:22.220,4.887,200
2020-10-14 09:33:22.220,4.887,500
2020-10-14 09:33:23.580,4.887,18000
2020-10-14 09:33:25.350,4.887,5800
2020-10-14 09:33:25.750,4.887,1000
2020-10-14 09:33:25.790,4.887,1000
2020-10-14 09:33:25.880,4.887,4000
2020-10-14 09:33:26.080,4.887,5000
2020-10-14 09:33:28.090,4.887,12300
2020-10-14 09:33:28.090,4.887,400
2020-10-14 09:33:28.580,4.887,11800
2020-10-14 09:33:28.700,4.887,5000
2020-10-14 09:33:28.760,4.886,8200
2020-10-14 09:33:28.760,4.886,100
2020-10-14 09:33:28.760,4.886,11700
2020-10-14 09:33:29.820,4.887,100
2020-10-14 09:33:31.730,4.887,1000
2020-10-14 09:33:31.880,4.887,9000
2020-10-14 09:33:31.880,4.887,100
2020-10-14 09:33:31.880,4.888,900
2020-10-14 09:33:31.910,4.886,27000
2020-10-14 09:33:32.740,4.887,2000
2020-10-14 09:33:32.740,4.887,100
2020-10-14 09:33:33.850,4.887,500
2020-10-14 09:33:33.950,4.887,100
2020-10-14 09:33:34.530,4.887,400
2020-10-14 09:33:34.990,4.887,1900
2020-10-14 09:33:34.990,4.888,8100
2020-10-14 09:33:36.150,4.888,10000
2020-10-14 09:33:36.720,4.887,1100
2020-10-14 09:33:37.250,4.887,165500
2020-10-14 09:33:37.880,4.887,4000
2020-10-14 09:33:38.640,4.888,191000
2020-10-14 09:33:38.640,4.888,1000
2020-10-14 09:33:38.640,4.888,10000
2020-10-14 09:33:38.640,4.888,500
2020-10-14 09:33:38.640,4.888,5900
2020-10-14 09:33:38.640,4.888,3100
2020-10-14 09:33:38.640,4.888,10000
2020-10-14 09:33:38.640,4.888,1500
2020-10-14 09:33:38.640,4.888,30000
2020-10-14 09:33:38.680,4.888,100
2020-10-14 09:33:38.710,4.888,4500
2020-10-14 09:33:39.030,4.888,600
2020-10-14 09:33:41.670,4.889,100
2020-10-14 09:33:43.490,4.888,4800
2020-10-14 09:33:43.490,4.888,3000
2020-10-14 09:33:43.490,4.888,16800
2020-10-14 09:33:43.610,4.888,500
2020-10-14 09:33:43.610,4.887,3900
2020-10-14 09:33:44.400,4.888,20300
2020-10-14 09:33:44.760,4.887,3000
2020-10-14 09:33:45.680,4.888,200
2020-10-14 09:33:46.670,4.888,3000
2020-10-14 09:33:49.110,4.888,400
2020-10-14 09:33:49.220,4.887,300000
2020-10-14 09:33:50.230,4.888,3000
2020-10-14 09:33:50.320,4.888,1000
2020-10-14 09:33:51.030,4.887,27600
2020-10-14 09:33:51.700,4.888,100
2020-10-14 09:33:53.180,4.887,20000
2020-10-14 09:33:53.740,4.887,10000
2020-10-14 09:33:54.250,4.888,100
2020-10-14 09:33:54.590,4.887,135500
2020-10-14 09:33:54.590,4.887,300
2020-10-14 09:33:54.590,4.887,1000
2020-10-14 09:33:54.590,4.887,8000
2020-10-14 09:33:54.590,4.887,1300
2020-10-14 09:33:54.590,4.887,1200
2020-10-14 09:33:54.590,4.887,2000
2020-10-14 09:33:54.590,4.887,1500
2020-10-14 09:33:55.180,4.887,100
2020-10-14 09:33:56.620,4.887,500
2020-10-14 09:33:57.060,4.887,5000
2020-10-14 09:33:57.210,4.886,100
2020-10-14 09:33:58.400,4.887,2000
2020-10-14 09:33:58.510,4.887,500
2020-10-14 09:34:00.040,4.886,8400
2020-10-14 09:34:01.230,4.886,2000
2020-10-14 09:34:01.530,4.886,50800
2020-10-14 09:34:01.530,4.886,100
2020-10-14 09:34:01.530,4.886,6000
2020-10-14 09:34:01.530,4.886,1000
2020-10-14 09:34:01.530,4.886,1000
2020-10-14 09:34:01.530,4.886,13000
2020-10-14 09:34:01.530,4.886,27000
2020-10-14 09:34:01.530,4.886,500
2020-10-14 09:34:01.530,4.886,600
2020-10-14 09:34:01.650,4.886,3300
2020-10-14 09:34:02.260,4.887,10000
2020-10-14 09:34:04.420,4.887,31100
2020-10-14 09:34:04.420,4.887,100
2020-10-14 09:34:04.420,4.887,18800
2020-10-14 09:34:05.180,4.887,4000
2020-10-14 09:34:05.490,4.887,10000
2020-10-14 09:34:05.600,4.886,5000
2020-10-14 09:34:05.790,4.886,100
2020-10-14 09:34:06.000,4.887,10000
2020-10-14 09:34:06.770,4.887,300
2020-10-14 09:34:07.110,4.886,2000
2020-10-14 09:34:08.290,4.886,19000
2020-10-14 09:34:08.290,4.886,900
2020-10-14 09:34:08.290,4.886,20000
2020-10-14 09:34:10.120,4.886,1000
2020-10-14 09:34:10.610,4.886,200
2020-10-14 09:34:10.950,4.886,43100
2020-10-14 09:34:10.950,4.886,156900
2020-10-14 09:34:11.140,4.886,5000
2020-10-14 09:34:11.370,4.886,2000
2020-10-14 09:34:12.260,4.886,400
2020-10-14 09:34:12.820,4.885,100
2020-10-14 09:34:13.700,4.886,3500
2020-10-14 09:34:14.480,4.886,100
2020-10-14 09:34:15.320,4.886,132100
2020-10-14 09:34:15.320,4.886,200000
2020-10-14 09:34:15.320,4.886,100
2020-10-14 09:34:15.510,4.887,100
2020-10-14 09:34:15.830,4.887,1400
2020-10-14 09:34:16.740,4.886,5000
2020-10-14 09:34:16.780,4.887,1000
2020-10-14 09:34:17.410,4.886,83400
2020-10-14 09:34:17.410,4.886,1100
2020-10-14 09:34:17.410,4.885,15500
2020-10-14 09:34:17.650,4.887,2300
2020-10-14 09:34:19.570,4.886,100000
2020-10-14 09:34:20.470,4.886,1000
2020-10-14 09:34:21.840,4.886,1000
2020-10-14 09:34:21.840,4.886,10000
2020-10-14 09:34:22.110,4.886,188000
2020-10-14 09:34:22.110,4.886,210000
2020-10-14 09:34:23.290,4.886,2000
2020-10-14 09:34:23.350,4.886,300
2020-10-14 09:34:25.010,4.886,2700
2020-10-14 09:34:26.630,4.887,52100
2020-10-14 09:34:26.630,4.887,50000
2020-10-14 09:34:26.630,4.887,5200
2020-10-14 09:34:26.630,4.888,1000
2020-10-14 09:34:26.630,4.888,9500
2020-10-14 09:34:26.630,4.888,109200
2020-10-14 09:34:28.740,4.886,1000
2020-10-14 09:34:30.020,4.886,2100
2020-10-14 09:34:30.020,4.886,2000
2020-10-14 09:34:30.020,4.886,100
2020-10-14 09:34:30.540,4.886,31200
2020-10-14 09:34:33.040,4.887,2000
2020-10-14 09:34:35.050,4.887,200
2020-10-14 09:34:35.170,4.887,100
2020-10-14 09:34:35.800,4.886,1000
2020-10-14 09:34:35.830,4.887,200
2020-10-14 09:34:36.260,4.886,1600
2020-10-14 09:34:36.850,4.887,3300
2020-10-14 09:34:36.970,4.887,5000
2020-10-14 09:34:37.090,4.887,200
2020-10-14 09:34:37.640,4.887,500
2020-10-14 09:34:37.700,4.887,5000
2020-10-14 09:34:41.020,4.887,500
2020-10-14 09:34:43.350,4.887,3000
2020-10-14 09:34:43.600,4.886,9700
2020-10-14 09:34:43.710,4.887,200
2020-10-14 09:34:44.260,4.887,100
2020-10-14 09:34:44.410,4.886,150100
2020-10-14 09:34:44.410,4.887,100
2020-10-14 09:34:44.910,4.886,1900
2020-10-14 09:34:46.090,4.887,19800
2020-10-14 09:34:46.300,4.887,1000
2020-10-14 09:34:47.070,4.886,1100
2020-10-14 09:34:47.360,4.886,5000
2020-10-14 09:34:47.760,4.886,40700
2020-10-14 09:34:48.090,4.887,3000
2020-10-14 09:34:49.270,4.886,1200
2020-10-14 09:34:49.790,4.886,10000
2020-10-14 09:34:50.490,4.887,200000
2020-10-14 09:34:51.220,4.886,500
2020-10-14 09:34:51.520,4.886,20000
2020-10-14 09:34:51.650,4.887,8000
2020-10-14 09:34:51.680,4.886,26000
2020-10-14 09:34:51.680,4.886,100
2020-10-14 09:34:51.680,4.886,2500
2020-10-14 09:34:51.680,4.886,1000
2020-10-14 09:34:51.680,4.886,5300
2020-10-14 09:34:51.680,4.886,1000
2020-10-14 09:34:51.680,4.886,2300
2020-10-14 09:34:51.680,4.886,200
2020-10-14 09:34:51.680,4.886,100
2020-10-14 09:34:51.680,4.886,300
2020-10-14 09:34:52.380,4.886,200
2020-10-14 09:34:55.400,4.885,1000
2020-10-14 09:34:55.400,4.885,1000
2020-10-14 09:34:55.400,4.885,12100
2020-10-14 09:34:55.400,4.885,100
2020-10-14 09:34:55.400,4.885,100
2020-10-14 09:34:55.400,4.885,200
2020-10-14 09:34:55.400,4.885,1500
2020-10-14 09:34:55.400,4.885,2000
2020-10-14 09:34:55.400,4.885,2000
2020-10-14 09:34:56.590,4.885,18000
2020-10-14 09:34:56.590,4.885,1000
2020-10-14 09:34:56.590,4.885,1000
2020-10-14 09:34:57.940,4.886,5000
2020-10-14 09:34:59.310,4.886,100
2020-10-14 09:35:00.010,4.886,25900
2020-10-14 09:35:00.010,4.886,19700
2020-10-14 09:35:00.010,4.886,2200
2020-10-14 09:35:00.010,4.886,1000
2020-10-14 09:35:00.010,4.887,47800
2020-10-14 09:35:00.010,4.887,1000
2020-10-14 09:35:00.010,4.887,32400
2020-10-14 09:35:01.020,4.886,600
2020-10-14 09:35:01.020,4.886,100
2020-10-14 09:35:01.180,4.885,400
2020-10-14 09:35:01.180,4.885,4200
2020-10-14 09:35:01.180,4.885,100
2020-10-14 09:35:01.180,4.885,2000
2020-10-14 09:35:01.180,4.885,5000
2020-10-14 09:35:01.180,4.885,1000
2020-10-14 09:35:01.180,4.885,287300
2020-10-14 09:35:01.900,4.886,100
2020-10-14 09:35:01.900,4.885,4900
2020-10-14 09:35:02.400,4.886,500
2020-10-14 09:35:04.880,4.886,4800
2020-10-14 09:35:05.580,4.885,2000
2020-10-14 09:35:06.120,4.886,100
2020-10-14 09:35:06.730,4.886,2000
2020-10-14 09:35:07.030,4.885,13300
2020-10-14 09:35:07.030,4.885,100
2020-10-14 09:35:07.030,4.885,100
2020-10-14 09:35:09.760,4.885,200
2020-10-14 09:35:11.270,4.885,1000
2020-10-14 09:35:13.580,4.885,200
2020-10-14 09:35:14.400,4.884,100
2020-10-14 09:35:14.740,4.885,500
2020-10-14 09:35:14.740,4.885,2500
2020-10-14 09:35:15.290,4.885,600
2020-10-14 09:35:15.420,4.885,2000
2020-10-14 09:35:16.440,4.884,100
2020-10-14 09:35:16.440,4.884,300
2020-10-14 09:35:16.440,4.884,100
2020-10-14 09:35:16.440,4.884,10000
2020-10-14 09:35:16.440,4.884,6000
2020-10-14 09:35:16.440,4.884,200
2020-10-14 09:35:16.440,4.884,500
2020-10-14 09:35:16.440,4.884,3100
2020-10-14 09:35:21.420,4.885,400
2020-10-14 09:35:21.540,4.884,5000
2020-10-14 09:35:21.580,4.885,100
2020-10-14 09:35:22.850,4.884,3000
2020-10-14 09:35:25.440,4.885,200
2020-10-14 09:35:25.960,4.885,200
2020-10-14 09:35:28.180,4.884,20900
2020-10-14 09:35:28.280,4.884,3500
2020-10-14 09:35:29.210,4.884,300
2020-10-14 09:35:29.920,4.885,100
2020-10-14 09:35:30.110,4.884,14200
2020-10-14 09:35:30.110,4.884,5000
2020-10-14 09:35:30.110,4.884,800
2020-10-14 09:35:31.700,4.885,300
2020-10-14 09:35:32.410,4.885,200
2020-10-14 09:35:33.650,4.885,200
2020-10-14 09:35:34.190,4.885,700
2020-10-14 09:35:36.060,4.885,500
2020-10-14 09:35:36.580,4.884,100
2020-10-14 09:35:36.830,4.884,1500
2020-10-14 09:35:36.830,4.884,7200
2020-10-14 09:35:36.830,4.884,100
2020-10-14 09:35:36.830,4.884,100
2020-10-14 09:35:37.750,4.884,200
2020-10-14 09:35:39.480,4.884,5000
2020-10-14 09:35:41.190,4.883,5000
2020-10-14 09:35:41.190,4.883,1000
2020-10-14 09:35:42.550,4.883,1700
2020-10-14 09:35:43.350,4.884,194800
2020-10-14 09:35:43.350,4.884,2000
2020-10-14 09:35:43.350,4.884,3200
2020-10-14 09:35:43.920,4.883,7300
2020-10-14 09:35:43.920,4.883,6800
2020-10-14 09:35:43.920,4.883,10000
2020-10-14 09:35:43.920,4.883,1000
2020-10-14 09:35:43.920,4.883,1000
2020-10-14 09:35:43.920,4.883,5000
2020-10-14 09:35:43.920,4.883,400
2020-10-14 09:35:43.920,4.883,3000
2020-10-14 09:35:43.920,4.883,1000
2020-10-14 09:35:43.920,4.883,200
2020-10-14 09:35:43.920,4.882,7100
2020-10-14 09:35:43.920,4.882,20000
2020-10-14 09:35:43.920,4.882,10000
2020-10-14 09:35:43.920,4.882,200
2020-10-14 09:35:43.920,4.882,300
2020-10-14 09:35:43.920,4.882,10200
2020-10-14 09:35:43.920,4.882,2000
2020-10-14 09:35:43.920,4.882,40000
2020-10-14 09:35:43.920,4.882,900
2020-10-14 09:35:43.920,4.882,8700
2020-10-14 09:35:46.970,4.883,100
2020-10-14 09:35:46.970,4.883,10200
2020-10-14 09:35:46.970,4.882,53300
2020-10-14 09:35:46.970,4.882,10000
2020-10-14 09:35:46.970,4.882,700
2020-10-14 09:35:46.970,4.882,1700
2020-10-14 09:35:48.240,4.884,300
2020-10-14 09:35:48.240,4.884,2800
2020-10-14 09:35:48.950,4.884,1600
2020-10-14 09:35:48.950,4.884,500
2020-10-14 09:35:48.950,4.884,1000
2020-10-14 09:35:48.950,4.884,500
2020-10-14 09:35:49.080,4.884,6400
2020-10-14 09:35:49.630,4.883,38000
2020-10-14 09:35:50.450,4.883,400
2020-10-14 09:35:50.880,4.882,7000
2020-10-14 09:35:50.880,4.882,2000
2020-10-14 09:35:50.880,4.882,6600
2020-10-14 09:35:50.880,4.882,500
2020-10-14 09:35:50.880,4.882,200
2020-10-14 09:35:50.880,4.882,100
2020-10-14 09:35:50.880,4.881,29100
2020-10-14 09:35:50.880,4.881,500
2020-10-14 09:35:50.880,4.881,11000
2020-10-14 09:35:51.660,4.883,1000
2020-10-14 09:35:52.130,4.883,200
2020-10-14 09:35:52.410,4.883,900
2020-10-14 09:35:52.520,4.883,100
2020-10-14 09:35:53.440,4.881,6100
2020-10-14 09:35:53.790,4.882,100
2020-10-14 09:35:54.290,4.882,100
2020-10-14 09:35:56.850,4.882,900
2020-10-14 09:35:57.460,4.881,2000
2020-10-14 09:35:59.120,4.882,1200
2020-10-14 09:35:59.120,4.882,500
2020-10-14 09:35:59.120,4.882,2000
2020-10-14 09:35:59.240,4.883,1000
2020-10-14 09:35:59.780,4.883,4000
2020-10-14 09:35:59.780,4.883,1000
2020-10-14 09:36:02.270,4.882,600
2020-10-14 09:36:02.270,4.881,5900
2020-10-14 09:36:02.270,4.881,500
2020-10-14 09:36:02.270,4.881,5000
2020-10-14 09:36:02.270,4.881,5000
2020-10-14 09:36:02.270,4.881,600
2020-10-14 09:36:02.270,4.881,1000
2020-10-14 09:36:02.270,4.881,1400
2020-10-14 09:36:03.100,4.881,20000
2020-10-14 09:36:03.690,4.881,3500
2020-10-14 09:36:05.610,4.882,100
2020-10-14 09:36:05.770,4.882,20000
2020-10-14 09:36:07.180,4.881,15000
2020-10-14 09:36:07.800,4.883,100
2020-10-14 09:36:10.000,4.881,160100
2020-10-14 09:36:10.000,4.881,1000
2020-10-14 09:36:10.000,4.881,10200
2020-10-14 09:36:10.000,4.881,5000
2020-10-14 09:36:10.000,4.881,300
2020-10-14 09:36:10.000,4.881,20000
2020-10-14 09:36:10.000,4.881,200
2020-10-14 09:36:10.000,4.881,1500
2020-10-14 09:36:10.000,4.881,100
2020-10-14 09:36:10.000,4.881,200
2020-10-14 09:36:10.000,4.881,3600
2020-10-14 09:36:10.000,4.881,900
2020-10-14 09:36:10.000,4.881,2100
2020-10-14 09:36:10.000,4.881,1000
2020-10-14 09:36:10.000,4.881,2000
2020-10-14 09:36:10.000,4.881,2000
2020-10-14 09:36:10.000,4.881,4200
2020-10-14 09:36:10.000,4.881,3200
2020-10-14 09:36:10.000,4.881,100
2020-10-14 09:36:10.000,4.881,200
2020-10-14 09:36:10.000,4.88,44500
2020-10-14 09:36:10.000,4.88,145100
2020-10-14 09:36:10.000,4.88,3000
2020-10-14 09:36:10.000,4.88,10000
2020-10-14 09:36:10.000,4.88,100
2020-10-14 09:36:10.000,4.88,500
2020-10-14 09:36:10.000,4.88,200
2020-10-14 09:36:10.000,4.88,100
2020-10-14 09:36:10.000,4.88,1000
2020-10-14 09:36:10.000,4.88,1000
2020-10-14 09:36:10.000,4.88,200
2020-10-14 09:36:10.000,4.88,6000
2020-10-14 09:36:10.000,4.88,200
2020-10-14 09:36:10.000,4.88,16000
2020-10-14 09:36:10.000,4.88,300
2020-10-14 09:36:10.000,4.88,10000
2020-10-14 09:36:10.000,4.88,100
2020-10-14 09:36:10.000,4.88,15000
2020-10-14 09:36:10.000,4.88,2000
2020-10-14 09:36:10.000,4.88,8000
2020-10-14 09:36:10.000,4.88,4100
2020-10-14 09:36:10.000,4.88,2900
2020-10-14 09:36:10.000,4.88,10000
2020-10-14 09:36:10.000,4.88,300
2020-10-14 09:36:10.000,4.88,300
2020-10-14 09:36:10.000,4.88,100
2020-10-14 09:36:10.000,4.88,2000
2020-10-14 09:36:10.000,4.88,2000
2020-10-14 09:36:10.000,4.88,5000
2020-10-14 09:36:10.000,4.88,100
2020-10-14 09:36:10.000,4.88,1000
2020-10-14 09:36:10.000,4.88,9400
2020-10-14 09:36:10.000,4.88,200
2020-10-14 09:36:10.000,4.88,500
2020-10-14 09:36:10.000,4.88,200
2020-10-14 09:36:10.000,4.88,500
2020-10-14 09:36:10.000,4.88,2000
2020-10-14 09:36:10.000,4.88,3000
2020-10-14 09:36:10.000,4.88,5000
2020-10-14 09:36:10.000,4.88,3000
2020-10-14 09:36:10.000,4.88,200
2020-10-14 09:36:10.000,4.88,100
2020-10-14 09:36:10.000,4.88,2800
2020-10-14 09:36:10.000,4.88,100
2020-10-14 09:36:10.000,4.88,100
2020-10-14 09:36:10.000,4.88,10000
2020-10-14 09:36:10.000,4.88,2000
2020-10-14 09:36:10.000,4.88,500
2020-10-14 09:36:10.000,4.88,4100
2020-10-14 09:36:10.000,4.88,500
2020-10-14 09:36:10.000,4.88,100
2020-10-14 09:36:10.000,4.88,300
2020-10-14 09:36:10.000,4.88,300
2020-10-14 09:36:10.000,4.88,100
2020-10-14 09:36:10.000,4.88,500
2020-10-14 09:36:10.000,4.88,100
2020-10-14 09:36:10.000,4.88,100
2020-10-14 09:36:10.000,4.88,2000
2020-10-14 09:36:10.000,4.88,400
2020-10-14 09:36:10.000,4.88,10000
2020-10-14 09:36:10.000,4.88,1300
2020-10-14 09:36:10.420,4.882,5000
2020-10-14 09:36:11.040,4.881,500
2020-10-14 09:36:12.940,4.881,3000
2020-10-14 09:36:13.600,4.881,500
2020-10-14 09:36:13.780,4.881,60000
2020-10-14 09:36:14.770,4.881,17400
2020-10-14 09:36:14.770,4.881,7300
2020-10-14 09:36:14.770,4.881,5000
2020-10-14 09:36:14.770,4.881,10300
2020-10-14 09:36:14.940,4.881,489700
2020-10-14 09:36:14.940,4.881,13300
2020-10-14 09:36:14.940,4.881,1000
2020-10-14 09:36:15.010,4.881,7000
2020-10-14 09:36:15.570,4.882,4000
2020-10-14 09:36:15.890,4.882,6000
2020-10-14 09:36:15.890,4.882,100
2020-10-14 09:36:15.890,4.882,2100
2020-10-14 09:36:16.130,4.882,2700
2020-10-14 09:36:16.310,4.882,10000
2020-10-14 09:36:16.890,4.883,1100
2020-10-14 09:36:16.890,4.883,300
2020-10-14 09:36:16.890,4.883,1000
2020-10-14 09:36:16.890,4.883,800
2020-10-14 09:36:16.890,4.883,2000
2020-10-14 09:36:16.890,4.884,300
2020-10-14 09:36:16.890,4.884,800
2020-10-14 09:36:16.890,4.884,600
2020-10-14 09:36:16.890,4.884,100000
2020-10-14 09:36:16.890,4.884,43200
2020-10-14 09:36:17.870,4.882,10000
2020-10-14 09:36:17.870,4.882,1000
2020-10-14 09:36:19.580,4.883,200
2020-10-14 09:36:19.580,4.883,100
2020-10-14 09:36:20.060,4.884,60000
2020-10-14 09:36:20.060,4.885,500
2020-10-14 09:36:20.060,4.885,15000
2020-10-14 09:36:20.060,4.885,2000
2020-10-14 09:36:20.060,4.885,10000
2020-10-14 09:36:20.060,4.885,7000
2020-10-14 09:36:20.060,4.885,200
2020-10-14 09:36:20.060,4.885,50000
2020-10-14 09:36:20.060,4.885,9300
2020-10-14 09:36:20.060,4.885,146000
2020-10-14 09:36:20.550,4.885,54000
2020-10-14 09:36:20.550,4.885,200
2020-10-14 09:36:20.550,4.885,400
2020-10-14 09:36:22.470,4.884,200
2020-10-14 09:36:22.500,4.884,500
2020-10-14 09:36:24.360,4.884,7000
2020-10-14 09:36:24.430,4.884,700
2020-10-14 09:36:26.000,4.884,2500
2020-10-14 09:36:26.620,4.883,2000
2020-10-14 09:36:33.450,4.884,10000
2020-10-14 09:36:33.700,4.883,1600
2020-10-14 09:36:33.700,4.883,2200
2020-10-14 09:36:33.700,4.883,500
2020-10-14 09:36:33.700,4.882,700
2020-10-14 09:36:34.990,4.884,100
2020-10-14 09:36:37.570,4.883,100
2020-10-14 09:36:39.520,4.883,100
2020-10-14 09:36:40.000,4.883,300
2020-10-14 09:36:40.000,4.883,2200
2020-10-14 09:36:40.250,4.883,100
2020-10-14 09:36:41.560,4.883,2600
2020-10-14 09:36:41.560,4.883,2400
2020-10-14 09:36:42.000,4.883,400
2020-10-14 09:36:42.230,4.883,7200
2020-10-14 09:36:46.080,4.884,1900
2020-10-14 09:36:49.750,4.883,2800
2020-10-14 09:36:49.750,4.883,300
2020-10-14 09:36:49.750,4.883,6900
2020-10-14 09:36:50.200,4.883,16000
2020-10-14 09:36:50.620,4.883,10600
2020-10-14 09:36:51.140,4.884,2000
2020-10-14 09:36:51.840,4.883,8400
2020-10-14 09:36:52.280,4.883,600
2020-10-14 09:36:52.560,4.884,500
2020-10-14 09:36:53.160,4.884,500
2020-10-14 09:36:54.550,4.884,1000
2020-10-14 09:36:54.600,4.884,200
2020-10-14 09:36:54.690,4.884,300
2020-10-14 09:36:56.110,4.884,10000
2020-10-14 09:36:57.080,4.883,2000
2020-10-14 09:36:57.770,4.883,22000
2020-10-14 09:36:58.740,4.884,33500
2020-10-14 09:36:58.740,4.884,400
2020-10-14 09:36:58.740,4.884,500
2020-10-14 09:36:58.740,4.884,5000
2020-10-14 09:36:58.740,4.884,2000
2020-10-14 09:36:59.130,4.884,15000
2020-10-14 09:37:00.240,4.884,100
2020-10-14 09:37:01.000,4.884,3500
2020-10-14 09:37:01.000,4.884,30000
2020-10-14 09:37:01.000,4.884,1000
2020-10-14 09:37:01.000,4.884,100
2020-10-14 09:37:01.000,4.884,21400
2020-10-14 09:37:01.000,4.884,134000
2020-10-14 09:37:03.030,4.883,5000
2020-10-14 09:37:03.440,4.883,300
2020-10-14 09:37:03.500,4.884,2300
2020-10-14 09:37:03.710,4.884,1000
2020-10-14 09:37:03.830,4.883,100
2020-10-14 09:37:03.890,4.884,900
2020-10-14 09:37:06.470,4.884,500
2020-10-14 09:37:06.610,4.884,900
2020-10-14 09:37:06.760,4.884,1000
2020-10-14 09:37:07.860,4.885,6700
2020-10-14 09:37:09.630,4.884,6700
2020-10-14 09:37:09.630,4.884,200
2020-10-14 09:37:09.630,4.884,2000
2020-10-14 09:37:09.630,4.884,7000
2020-10-14 09:37:11.420,4.885,3000
2020-10-14 09:37:14.510,4.884,500
2020-10-14 09:37:15.670,4.885,15300
2020-10-14 09:37:15.670,4.885,1000
2020-10-14 09:37:15.670,4.885,5000
2020-10-14 09:37:15.670,4.885,20000
2020-10-14 09:37:15.670,4.885,200
2020-10-14 09:37:16.850,4.885,300
2020-10-14 09:37:18.320,4.885,500
2020-10-14 09:37:18.970,4.884,10000
2020-10-14 09:37:22.140,4.885,100
2020-10-14 09:37:22.780,4.885,3000
2020-10-14 09:37:23.010,4.885,100
2020-10-14 09:37:27.840,4.884,82500
2020-10-14 09:37:27.840,4.884,5000
2020-10-14 09:37:27.840,4.884,7000
2020-10-14 09:37:27.840,4.884,200
2020-10-14 09:37:27.840,4.884,10000
2020-10-14 09:37:27.840,4.884,100
2020-10-14 09:37:27.840,4.884,1500
2020-10-14 09:37:27.840,4.884,10000
2020-10-14 09:37:27.840,4.884,6400
2020-10-14 09:37:27.840,4.884,2100
2020-10-14 09:37:27.840,4.884,25300
2020-10-14 09:37:28.170,4.884,1000
2020-10-14 09:37:28.590,4.885,1000
2020-10-14 09:37:29.020,4.885,200
2020-10-14 09:37:29.740,4.884,200
2020-10-14 09:37:30.190,4.885,100
2020-10-14 09:37:31.710,4.885,500
2020-10-14 09:37:31.710,4.885,4100
2020-10-14 09:37:31.710,4.885,400
2020-10-14 09:37:34.250,4.885,400
2020-10-14 09:37:36.080,4.885,4200
2020-10-14 09:37:36.080,4.885,5800
2020-10-14 09:37:36.260,4.885,1000
2020-10-14 09:37:36.600,4.884,33500
2020-10-14 09:37:36.600,4.884,500
2020-10-14 09:37:36.600,4.884,100
2020-10-14 09:37:37.580,4.883,100
2020-10-14 09:37:37.580,4.883,200
2020-10-14 09:37:37.580,4.883,100
2020-10-14 09:37:37.580,4.883,1000
2020-10-14 09:37:37.580,4.883,5000
2020-10-14 09:37:37.580,4.883,100
2020-10-14 09:37:37.580,4.883,5000
2020-10-14 09:37:37.580,4.883,5000
2020-10-14 09:37:37.580,4.883,2000
2020-10-14 09:37:37.580,4.883,4500
2020-10-14 09:37:37.580,4.883,600
2020-10-14 09:37:37.580,4.883,800
2020-10-14 09:37:37.580,4.883,1000
2020-10-14 09:37:37.580,4.883,5000
2020-10-14 09:37:37.580,4.883,600
2020-10-14 09:37:37.580,4.882,42500
2020-10-14 09:37:37.580,4.882,3900
2020-10-14 09:37:37.580,4.882,10000
2020-10-14 09:37:37.580,4.882,60000
2020-10-14 09:37:37.580,4.882,400
2020-10-14 09:37:37.580,4.882,100
2020-10-14 09:37:37.580,4.882,2200
2020-10-14 09:37:38.290,4.884,100
2020-10-14 09:37:38.290,4.885,100
2020-10-14 09:37:40.900,4.885,4300
2020-10-14 09:37:40.900,4.885,12000
2020-10-14 09:37:40.900,4.885,700
2020-10-14 09:37:40.900,4.885,100
2020-10-14 09:37:40.900,4.885,2900
2020-10-14 09:37:43.410,4.883,500
2020-10-14 09:37:43.610,4.885,1000
2020-10-14 09:37:44.420,4.882,3100
2020-10-14 09:37:44.420,4.882,100
2020-10-14 09:37:44.420,4.882,100
2020-10-14 09:37:44.420,4.882,5000
2020-10-14 09:37:44.420,4.882,5000
2020-10-14 09:37:44.420,4.882,2000
2020-10-14 09:37:44.420,4.882,100
2020-10-14 09:37:44.420,4.882,1900
2020-10-14 09:37:44.420,4.882,51500
2020-10-14 09:37:46.040,4.884,1600
2020-10-14 09:37:46.130,4.884,900
2020-10-14 09:37:47.660,4.885,8200
2020-10-14 09:37:47.810,4.885,200
2020-10-14 09:37:49.080,4.885,100
2020-10-14 09:37:50.320,4.884,20000
2020-10-14 09:37:51.150,4.884,10000
2020-10-14 09:37:51.550,4.885,100
2020-10-14 09:37:52.310,4.884,5000
2020-10-14 09:37:53.010,4.884,24100
2020-10-14 09:37:53.010,4.884,4400
2020-10-14 09:37:53.220,4.885,500
2020-10-14 09:37:54.620,4.884,600
2020-10-14 09:37:56.110,4.884,4400
2020-10-14 09:37:56.110,4.885,2000
2020-10-14 09:37:56.110,4.885,3600
2020-10-14 09:37:57.330,4.885,10000
2020-10-14 09:37:58.440,4.885,10000
2020-10-14 09:37:58.530,4.883,13700
2020-10-14 09:37:58.530,4.883,1500
2020-10-14 09:37:58.530,4.883,200
2020-10-14 09:37:58.530,4.883,5000
2020-10-14 09:37:58.560,4.883,1000
2020-10-14 09:38:02.320,4.883,100
2020-10-14 09:38:03.110,4.883,100
2020-10-14 09:38:04.550,4.883,2500
2020-10-14 09:38:04.550,4.884,12500
2020-10-14 09:38:06.060,4.883,500
2020-10-14 09:38:06.240,4.882,10300
2020-10-14 09:38:07.720,4.882,4000
2020-10-14 09:38:08.090,4.882,34200
2020-10-14 09:38:08.090,4.882,5000
2020-10-14 09:38:08.090,4.882,1000
2020-10-14 09:38:08.090,4.882,3300
2020-10-14 09:38:08.090,4.882,2000
2020-10-14 09:38:08.090,4.882,400
2020-10-14 09:38:08.350,4.883,100
2020-10-14 09:38:10.380,4.882,3200
2020-10-14 09:38:10.800,4.883,2000
2020-10-14 09:38:11.170,4.883,33700
2020-10-14 09:38:11.260,4.883,56800
2020-10-14 09:38:11.260,4.883,9900
2020-10-14 09:38:11.830,4.883,400
2020-10-14 09:38:11.980,4.883,1000
2020-10-14 09:38:12.450,4.883,10000
2020-10-14 09:38:15.860,4.883,100
2020-10-14 09:38:15.860,4.883,300
2020-10-14 09:38:19.700,4.884,13600
2020-10-14 09:38:20.830,4.883,100
2020-10-14 09:38:20.830,4.883,300
2020-10-14 09:38:20.930,4.884,200
2020-10-14 09:38:21.180,4.883,100
2020-10-14 09:38:21.270,4.883,3000
2020-10-14 09:38:22.820,4.883,4000
2020-10-14 09:38:22.940,4.883,2000
2020-10-14 09:38:23.200,4.884,800
2020-10-14 09:38:23.790,4.883,500
2020-10-14 09:38:25.710,4.883,50000
2020-10-14 09:38:27.440,4.883,100
2020-10-14 09:38:27.440,4.883,2500
2020-10-14 09:38:27.440,4.883,3800
2020-10-14 09:38:27.750,4.883,1100
2020-10-14 09:38:27.750,4.883,100
2020-10-14 09:38:27.750,4.883,10000
2020-10-14 09:38:27.750,4.883,1400
2020-10-14 09:38:27.750,4.883,4000
2020-10-14 09:38:27.750,4.883,500
2020-10-14 09:38:27.750,4.882,8800
2020-10-14 09:38:28.510,4.883,400
2020-10-14 09:38:30.680,4.883,100
2020-10-14 09:38:30.830,4.883,9500
2020-10-14 09:38:30.830,4.883,100000
2020-10-14 09:38:30.830,4.883,500
2020-10-14 09:38:30.850,4.883,1100
2020-10-14 09:38:31.470,4.883,400
2020-10-14 09:38:31.800,4.883,88500
2020-10-14 09:38:31.800,4.883,11500
2020-10-14 09:38:31.850,4.883,30000
2020-10-14 09:38:32.260,4.883,100
2020-10-14 09:38:33.000,4.883,18400
2020-10-14 09:38:33.000,4.883,400
2020-10-14 09:38:34.310,4.883,200
2020-10-14 09:38:35.970,4.882,100
2020-10-14 09:38:35.970,4.882,100
2020-10-14 09:38:35.970,4.882,4400
2020-10-14 09:38:35.970,4.882,100
2020-10-14 09:38:36.150,4.882,100
2020-10-14 09:38:42.220,4.882,100
2020-10-14 09:38:43.100,4.882,200
2020-10-14 09:38:44.410,4.882,100
2020-10-14 09:38:44.610,4.882,100
2020-10-14 09:38:44.610,4.882,200
2020-10-14 09:38:46.960,4.881,200
2020-10-14 09:38:47.680,4.882,100
2020-10-14 09:38:49.110,4.881,1100
2020-10-14 09:38:50.390,4.881,4100
2020-10-14 09:38:50.480,4.881,500
2020-10-14 09:38:52.780,4.882,900
2020-10-14 09:38:54.060,4.881,2000
2020-10-14 09:38:54.120,4.882,100
2020-10-14 09:38:54.240,4.882,200
2020-10-14 09:38:54.240,4.882,4000
2020-10-14 09:38:54.240,4.882,2000
2020-10-14 09:38:54.240,4.882,10000
2020-10-14 09:38:54.520,4.882,1200
2020-10-14 09:38:54.810,4.882,4000
2020-10-14 09:38:55.020,4.882,10000
2020-10-14 09:38:55.150,4.882,20000
2020-10-14 09:38:57.070,4.882,8600
2020-10-14 09:38:58.530,4.881,5000
2020-10-14 09:38:58.590,4.881,2100
2020-10-14 09:38:58.590,4.881,600
2020-10-14 09:38:58.590,4.881,2700
2020-10-14 09:38:58.590,4.881,2000
2020-10-14 09:38:58.590,4.881,10000
2020-10-14 09:38:58.590,4.881,200
2020-10-14 09:38:58.590,4.881,10000
2020-10-14 09:38:58.590,4.881,6000
2020-10-14 09:38:58.590,4.881,100
2020-10-14 09:38:58.590,4.881,200
2020-10-14 09:38:58.590,4.881,300
2020-10-14 09:38:58.590,4.881,1000
2020-10-14 09:38:58.590,4.881,500
2020-10-14 09:38:58.590,4.881,100
2020-10-14 09:38:58.590,4.881,5400
2020-10-14 09:38:58.680,4.881,6600
2020-10-14 09:38:58.680,4.881,4000
2020-10-14 09:38:58.680,4.881,2000
2020-10-14 09:38:58.680,4.881,100
2020-10-14 09:38:58.680,4.881,287300
2020-10-14 09:38:58.680,4.882,1400
2020-10-14 09:38:59.130,4.882,700
2020-10-14 09:38:59.130,4.881,300
2020-10-14 09:38:59.190,4.882,7000
2020-10-14 09:38:59.310,4.882,3000
2020-10-14 09:38:59.310,4.883,1500
2020-10-14 09:38:59.310,4.883,500
2020-10-14 09:39:00.550,4.881,100
2020-10-14 09:39:01.540,4.881,6400
2020-10-14 09:39:02.050,4.882,5000
2020-10-14 09:39:02.200,4.882,100
2020-10-14 09:39:02.200,4.881,1000
2020-10-14 09:39:02.620,4.882,4000
2020-10-14 09:39:03.190,4.881,4900
2020-10-14 09:39:03.190,4.881,200
2020-10-14 09:39:03.190,4.881,6000
2020-10-14 09:39:03.190,4.881,1000
2020-10-14 09:39:03.190,4.881,5000
2020-10-14 09:39:03.190,4.881,9600
2020-10-14 09:39:03.300,4.881,1000
2020-10-14 09:39:04.060,4.882,3100
2020-10-14 09:39:05.630,4.881,25400
2020-10-14 09:39:05.810,4.881,1000
2020-10-14 09:39:05.870,4.882,100
2020-10-14 09:39:06.010,4.881,8000
2020-10-14 09:39:06.010,4.881,1000
2020-10-14 09:39:06.160,4.881,1000
2020-10-14 09:39:06.160,4.882,17700
2020-10-14 09:39:06.160,4.882,41300
2020-10-14 09:39:09.770,4.881,300
2020-10-14 09:39:10.710,4.88,8700
2020-10-14 09:39:10.710,4.88,100
2020-10-14 09:39:10.710,4.88,1200
2020-10-14 09:39:12.170,4.881,100
2020-10-14 09:39:12.540,4.88,3000
2020-10-14 09:39:13.050,4.881,600
2020-10-14 09:39:13.050,4.881,100
2020-10-14 09:39:13.050,4.881,200
2020-10-14 09:39:13.050,4.881,100
2020-10-14 09:39:14.100,4.881,100
2020-10-14 09:39:16.370,4.881,1000
2020-10-14 09:39:18.500,4.881,10900
2020-10-14 09:39:18.500,4.881,2100
2020-10-14 09:39:18.500,4.881,900
2020-10-14 09:39:18.500,4.881,10000
2020-10-14 09:39:18.500,4.881,10000
2020-10-14 09:39:18.500,4.881,3500
2020-10-14 09:39:18.500,4.882,22600
2020-10-14 09:39:19.660,4.881,5900
2020-10-14 09:39:21.140,4.881,1000
2020-10-14 09:39:21.810,4.882,100
2020-10-14 09:39:23.400,4.881,1500
2020-10-14 09:39:24.010,4.881,2400
2020-10-14 09:39:25.810,4.882,600
2020-10-14 09:39:25.840,4.882,3000
2020-10-14 09:39:26.460,4.881,3000
2020-10-14 09:39:27.040,4.882,232400
2020-10-14 09:39:27.040,4.882,14500
2020-10-14 09:39:27.040,4.882,600
2020-10-14 09:39:27.040,4.882,8900
2020-10-14 09:39:27.040,4.882,8800
2020-10-14 09:39:27.940,4.882,15000
2020-10-14 09:39:29.040,4.882,100
2020-10-14 09:39:29.330,4.883,9500
2020-10-14 09:39:29.330,4.883,500
2020-10-14 09:39:29.630,4.882,100000
2020-10-14 09:39:30.520,4.883,6200
2020-10-14 09:39:31.060,4.882,600
2020-10-14 09:39:31.530,4.882,2000
2020-10-14 09:39:35.610,4.882,500
2020-10-14 09:39:36.530,4.883,800
2020-10-14 09:39:39.300,4.882,1400
2020-10-14 09:39:41.240,4.882,2100
2020-10-14 09:39:42.150,4.882,200
2020-10-14 09:39:43.780,4.883,500
2020-10-14 09:39:43.780,4.883,200
2020-10-14 09:39:43.780,4.883,2000
2020-10-14 09:39:43.780,4.883,300
2020-10-14 09:39:45.460,4.882,900
2020-10-14 09:39:47.940,4.883,700
2020-10-14 09:39:47.940,4.883,300
2020-10-14 09:39:49.560,4.882,28100
2020-10-14 09:39:49.740,4.882,5000
2020-10-14 09:39:50.750,4.882,9200
2020-10-14 09:39:51.190,4.882,500
2020-10-14 09:39:51.220,4.882,1000
2020-10-14 09:39:53.440,4.883,1000
2020-10-14 09:39:53.440,4.883,10200
2020-10-14 09:39:53.990,4.883,100
2020-10-14 09:39:53.990,4.883,300
2020-10-14 09:39:53.990,4.883,1000
2020-10-14 09:39:53.990,4.883,2100
2020-10-14 09:39:53.990,4.883,65100
2020-10-14 09:39:53.990,4.883,300
2020-10-14 09:39:53.990,4.883,1500
2020-10-14 09:39:53.990,4.883,1000
2020-10-14 09:39:53.990,4.883,2100
2020-10-14 09:39:54.020,4.884,100
2020-10-14 09:39:54.140,4.883,10000
2020-10-14 09:39:54.850,4.883,1000
2020-10-14 09:39:54.880,4.883,2700
2020-10-14 09:39:55.710,4.883,8400
2020-10-14 09:39:55.800,4.883,1000
2020-10-14 09:39:56.290,4.883,1000
2020-10-14 09:39:56.920,4.883,315000
2020-10-14 09:39:57.410,4.883,150100
2020-10-14 09:39:57.410,4.883,7800
2020-10-14 09:39:57.440,4.883,1000
2020-10-14 09:39:58.140,4.883,10000
2020-10-14 09:39:58.350,4.883,1000
2020-10-14 09:39:58.520,4.883,240600
2020-10-14 09:39:58.790,4.883,5000
2020-10-14 09:39:59.420,4.882,1000
2020-10-14 09:40:00.330,4.882,1000
2020-10-14 09:40:00.630,4.882,10000
2020-10-14 09:40:01.030,4.882,1000
2020-10-14 09:40:02.170,4.883,200
2020-10-14 09:40:02.850,4.882,150100
2020-10-14 09:40:03.520,4.882,100
2020-10-14 09:40:03.850,4.883,500
2020-10-14 09:40:04.350,4.882,40000
2020-10-14 09:40:04.730,4.882,100
2020-10-14 09:40:04.800,4.882,46200
2020-10-14 09:40:05.150,4.883,99300
2020-10-14 09:40:05.150,4.883,100000
2020-10-14 09:40:05.150,4.883,268900
2020-10-14 09:40:05.180,4.882,100
2020-10-14 09:40:05.690,4.883,1100
2020-10-14 09:40:06.150,4.882,100
2020-10-14 09:40:06.410,4.882,218500
2020-10-14 09:40:06.410,4.882,1500
2020-10-14 09:40:06.410,4.882,27300
2020-10-14 09:40:06.410,4.882,100
2020-10-14 09:40:06.410,4.882,100
2020-10-14 09:40:06.410,4.882,2000
2020-10-14 09:40:06.410,4.882,49500
2020-10-14 09:40:06.750,4.882,500
2020-10-14 09:40:06.750,4.882,2000
2020-10-14 09:40:06.750,4.882,100
2020-10-14 09:40:06.750,4.882,2400
2020-10-14 09:40:06.840,4.882,600
2020-10-14 09:40:07.320,4.881,3900
2020-10-14 09:40:07.730,4.881,6100
2020-10-14 09:40:07.730,4.881,100
2020-10-14 09:40:07.730,4.881,300
2020-10-14 09:40:07.730,4.881,200
2020-10-14 09:40:07.730,4.881,93300
2020-10-14 09:40:07.880,4.881,100
2020-10-14 09:40:07.940,4.881,300
2020-10-14 09:40:08.570,4.881,100
2020-10-14 09:40:13.170,4.881,100
2020-10-14 09:40:13.840,4.882,5000
2020-10-14 09:40:14.380,4.882,1000
2020-10-14 09:40:14.990,4.881,106100
2020-10-14 09:40:14.990,4.881,200
2020-10-14 09:40:14.990,4.881,100
2020-10-14 09:40:14.990,4.881,7100
2020-10-14 09:40:15.360,4.881,4000
2020-10-14 09:40:17.000,4.881,88900
2020-10-14 09:40:17.000,4.881,1400
2020-10-14 09:40:17.000,4.881,53800
2020-10-14 09:40:17.380,4.881,3500
2020-10-14 09:40:17.490,4.881,2700
2020-10-14 09:40:17.490,4.881,100
2020-10-14 09:40:17.490,4.881,1000
2020-10-14 09:40:17.710,4.882,500
2020-10-14 09:40:17.710,4.882,50000
2020-10-14 09:40:17.710,4.882,600
2020-10-14 09:40:17.820,4.882,900
2020-10-14 09:40:17.820,4.882,5000
2020-10-14 09:40:17.820,4.882,200
2020-10-14 09:40:17.820,4.882,20000
2020-10-14 09:40:21.960,4.882,5600
2020-10-14 09:40:22.350,4.882,3200
2020-10-14 09:40:23.610,4.882,78800
2020-10-14 09:40:23.860,4.882,1300
2020-10-14 09:40:25.270,4.882,1000
2020-10-14 09:40:26.590,4.882,10000
2020-10-14 09:40:26.610,4.882,100
2020-10-14 09:40:26.610,4.882,100
2020-10-14 09:40:26.610,4.882,4800
2020-10-14 09:40:28.880,4.882,100
2020-10-14 09:40:28.880,4.882,600
2020-10-14 09:40:29.010,4.883,600
2020-10-14 09:40:29.010,4.883,400
2020-10-14 09:40:29.090,4.882,700
2020-10-14 09:40:29.520,4.882,5000
2020-10-14 09:40:35.870,4.882,6300
2020-10-14 09:40:35.920,4.882,3400
2020-10-14 09:40:38.500,4.882,400
2020-10-14 09:40:38.500,4.883,400
2020-10-14 09:40:38.500,4.883,1600
2020-10-14 09:40:41.490,4.883,1300
2020-10-14 09:40:41.490,4.883,3000
2020-10-14 09:40:41.490,4.883,1600
2020-10-14 09:40:41.490,4.883,200
2020-10-14 09:40:41.520,4.882,500
2020-10-14 09:40:41.540,4.883,1800
2020-10-14 09:40:41.710,4.883,1800
2020-10-14 09:40:42.550,4.883,6000
2020-10-14 09:40:42.580,4.883,20100
2020-10-14 09:40:42.580,4.882,4900
2020-10-14 09:40:43.820,4.883,200
2020-10-14 09:40:44.380,4.882,300
2020-10-14 09:40:45.220,4.882,13400
2020-10-14 09:40:45.220,4.882,25300
2020-10-14 09:40:45.970,4.883,1000
2020-10-14 09:40:46.800,4.883,5900
2020-10-14 09:40:46.800,4.883,1600
2020-10-14 09:40:46.800,4.883,30000
2020-10-14 09:40:46.960,4.883,1000
2020-10-14 09:40:51.020,4.883,5400
2020-10-14 09:40:52.920,4.883,3200
2020-10-14 09:40:52.920,4.883,1500
2020-10-14 09:40:52.920,4.883,100
2020-10-14 09:40:52.920,4.883,600
2020-10-14 09:40:52.920,4.883,200
2020-10-14 09:40:52.920,4.882,4400
2020-10-14 09:40:53.680,4.884,10900
2020-10-14 09:40:53.680,4.884,500
2020-10-14 09:40:53.680,4.884,4100
2020-10-14 09:40:53.680,4.884,500
2020-10-14 09:40:53.680,4.884,1000
2020-10-14 09:40:53.680,4.884,20000
2020-10-14 09:40:53.680,4.884,7500
2020-10-14 09:40:55.000,4.884,100
2020-10-14 09:40:55.220,4.883,18600
2020-10-14 09:40:56.210,4.883,5000
2020-10-14 09:40:57.070,4.883,100
2020-10-14 09:40:57.460,4.883,2000
2020-10-14 09:40:57.900,4.883,4000
2020-10-14 09:40:58.720,4.883,3300
2020-10-14 09:40:59.250,4.884,1000
2020-10-14 09:41:00.860,4.883,800
2020-10-14 09:41:00.920,4.883,2000
2020-10-14 09:41:03.270,4.884,600
2020-10-14 09:41:03.390,4.884,500
2020-10-14 09:41:03.730,4.884,6800
2020-10-14 09:41:03.730,4.884,20000
2020-10-14 09:41:03.730,4.884,1200
2020-10-14 09:41:03.730,4.884,600
2020-10-14 09:41:03.730,4.884,2000
2020-10-14 09:41:03.730,4.884,20000
2020-10-14 09:41:04.500,4.884,500
2020-10-14 09:41:07.020,4.883,2200
2020-10-14 09:41:07.840,4.884,4600
2020-10-14 09:41:07.840,4.884,9100
2020-10-14 09:41:09.830,4.884,400
2020-10-14 09:41:10.100,4.884,2000
2020-10-14 09:41:13.470,4.884,10000
2020-10-14 09:41:13.880,4.884,150100
2020-10-14 09:41:14.410,4.884,1200
2020-10-14 09:41:14.880,4.885,200
2020-10-14 09:41:14.880,4.885,1400
2020-10-14 09:41:14.880,4.885,500
2020-10-14 09:41:14.880,4.885,200
2020-10-14 09:41:14.880,4.885,10200
2020-10-14 09:41:14.880,4.885,400
2020-10-14 09:41:14.880,4.885,8000
2020-10-14 09:41:14.880,4.885,1000
2020-10-14 09:41:14.880,4.885,200
2020-10-14 09:41:14.880,4.885,99900
2020-10-14 09:41:14.880,4.885,200
2020-10-14 09:41:14.880,4.885,500
2020-10-14 09:41:14.880,4.885,5000
2020-10-14 09:41:17.190,4.884,10000
2020-10-14 09:41:17.600,4.884,500
2020-10-14 09:41:18.990,4.885,1000
2020-10-14 09:41:20.670,4.886,600
2020-10-14 09:41:21.090,4.885,100
2020-10-14 09:41:21.990,4.885,1100
2020-10-14 09:41:21.990,4.885,400
2020-10-14 09:41:23.690,4.885,1300
2020-10-14 09:41:23.690,4.885,8700
2020-10-14 09:41:24.590,4.884,15100
2020-10-14 09:41:24.590,4.884,1000
2020-10-14 09:41:24.590,4.884,3900
2020-10-14 09:41:25.390,4.884,150100
2020-10-14 09:41:25.660,4.885,1300
2020-10-14 09:41:25.660,4.885,500
2020-10-14 09:41:25.660,4.885,20000
2020-10-14 09:41:25.660,4.885,400
2020-10-14 09:41:25.900,4.885,1000
2020-10-14 09:41:26.330,4.885,60000
2020-10-14 09:41:26.540,4.885,10000
2020-10-14 09:41:27.300,4.885,60000
2020-10-14 09:41:28.380,4.885,30000
2020-10-14 09:41:28.640,4.885,16800
2020-10-14 09:41:29.420,4.884,46000
2020-10-14 09:41:29.420,4.884,2000
2020-10-14 09:41:29.420,4.884,25200
2020-10-14 09:41:29.420,4.884,76900
2020-10-14 09:41:31.310,4.885,800
2020-10-14 09:41:31.770,4.884,100000
2020-10-14 09:41:32.710,4.885,2100
2020-10-14 09:41:35.110,4.885,3000
2020-10-14 09:41:35.710,4.885,100
2020-10-14 09:41:36.100,4.884,1000
2020-10-14 09:41:36.410,4.885,10000
2020-10-14 09:41:36.770,4.884,60900
2020-10-14 09:41:37.140,4.885,20000
2020-10-14 09:41:37.740,4.885,100
2020-10-14 09:41:38.280,4.884,30000
2020-10-14 09:41:38.450,4.885,5000
2020-10-14 09:41:39.780,4.885,10200
2020-10-14 09:41:40.370,4.884,150100
2020-10-14 09:41:40.930,4.885,3800
2020-10-14 09:41:41.040,4.885,1000
2020-10-14 09:41:42.480,4.885,3500
2020-10-14 09:41:42.810,4.885,20000
2020-10-14 09:41:44.260,4.885,200
2020-10-14 09:41:45.340,4.885,10000
2020-10-14 09:41:45.480,4.885,300
2020-10-14 09:41:47.110,4.885,2000
2020-10-14 09:41:47.350,4.884,12900
2020-10-14 09:41:47.350,4.884,3000
2020-10-14 09:41:47.350,4.884,500
2020-10-14 09:41:47.350,4.884,2000
2020-10-14 09:41:49.870,4.883,51600
2020-10-14 09:41:49.870,4.883,100
2020-10-14 09:41:49.870,4.883,500
2020-10-14 09:41:49.870,4.883,6600
2020-10-14 09:41:49.870,4.883,200
2020-10-14 09:41:49.870,4.883,8000
2020-10-14 09:41:49.870,4.883,300
2020-10-14 09:41:49.870,4.883,5000
2020-10-14 09:41:49.870,4.883,2700
2020-10-14 09:41:51.030,4.884,1600
2020-10-14 09:41:51.030,4.884,500
2020-10-14 09:41:51.090,4.884,2000
2020-10-14 09:41:52.670,4.884,10000
2020-10-14 09:41:52.730,4.884,100
2020-10-14 09:41:53.290,4.884,5000
2020-10-14 09:41:56.500,4.884,1000
2020-10-14 09:41:58.660,4.883,100
2020-10-14 09:41:58.780,4.884,5500
2020-10-14 09:42:02.350,4.884,5000
2020-10-14 09:42:07.850,4.883,17200
2020-10-14 09:42:07.850,4.883,2500
2020-10-14 09:42:07.850,4.883,300
2020-10-14 09:42:07.850,4.883,1600
2020-10-14 09:42:07.850,4.883,1000
2020-10-14 09:42:07.850,4.883,6000
2020-10-14 09:42:09.870,4.883,100
2020-10-14 09:42:10.630,4.883,5000
2020-10-14 09:42:12.920,4.882,100
2020-10-14 09:42:12.920,4.882,2000
2020-10-14 09:42:12.920,4.882,400
2020-10-14 09:42:12.920,4.882,100
2020-10-14 09:42:12.920,4.882,2500
2020-10-14 09:42:12.920,4.882,300
2020-10-14 09:42:12.920,4.882,2000
2020-10-14 09:42:12.920,4.882,18600
2020-10-14 09:42:12.970,4.883,5000
2020-10-14 09:42:13.720,4.883,5800
2020-10-14 09:42:14.160,4.883,2000
2020-10-14 09:42:15.280,4.883,3000
2020-10-14 09:42:15.930,4.883,1000
2020-10-14 09:42:16.960,4.883,100
2020-10-14 09:42:19.390,4.882,100
2020-10-14 09:42:19.790,4.883,100
2020-10-14 09:42:19.790,4.883,5000
2020-10-14 09:42:19.790,4.883,10000
2020-10-14 09:42:20.450,4.883,3000
2020-10-14 09:42:20.500,4.884,200
2020-10-14 09:42:24.240,4.883,200
2020-10-14 09:42:24.300,4.883,81700
2020-10-14 09:42:24.300,4.883,1000
2020-10-14 09:42:24.850,4.883,200
2020-10-14 09:42:24.910,4.883,10000
2020-10-14 09:42:26.320,4.882,200
2020-10-14 09:42:28.170,4.883,1100
2020-10-14 09:42:28.700,4.883,5000
2020-10-14 09:42:30.340,4.882,81100
2020-10-14 09:42:30.340,4.882,1000
2020-10-14 09:42:30.340,4.882,2000
2020-10-14 09:42:30.340,4.882,600
2020-10-14 09:42:30.340,4.882,6000
2020-10-14 09:42:30.340,4.882,10000
2020-10-14 09:42:30.340,4.882,200
2020-10-14 09:42:30.340,4.882,5000
2020-10-14 09:42:30.340,4.882,1000
2020-10-14 09:42:30.790,4.882,4300
2020-10-14 09:42:31.430,4.883,5000
2020-10-14 09:42:32.380,4.883,500
2020-10-14 09:42:33.380,4.882,700
2020-10-14 09:42:33.570,4.882,400
2020-10-14 09:42:35.120,4.882,100
2020-10-14 09:42:36.430,4.882,4200
2020-10-14 09:42:36.430,4.882,4000
2020-10-14 09:42:38.430,4.882,14500
2020-10-14 09:42:40.000,4.883,100
2020-10-14 09:42:40.520,4.882,6500
2020-10-14 09:42:40.520,4.882,73500
2020-10-14 09:42:41.340,4.882,3900
2020-10-14 09:42:44.940,4.882,1600
2020-10-14 09:42:45.990,4.882,98400
2020-10-14 09:42:45.990,4.882,1000
2020-10-14 09:42:45.990,4.882,400
2020-10-14 09:42:46.300,4.882,52700
2020-10-14 09:42:46.330,4.882,100
2020-10-14 09:42:47.770,4.882,52000
2020-10-14 09:42:48.630,4.883,300
2020-10-14 09:42:49.600,4.882,600
2020-10-14 09:42:49.890,4.883,1000
2020-10-14 09:42:51.440,4.883,100
2020-10-14 09:42:51.440,4.883,100
2020-10-14 09:42:51.830,4.883,100000
2020-10-14 09:42:52.110,4.882,2700
2020-10-14 09:42:53.700,4.883,200
2020-10-14 09:42:57.960,4.883,66600
2020-10-14 09:42:57.960,4.883,1500
2020-10-14 09:42:57.960,4.883,600
2020-10-14 09:42:57.960,4.883,200
2020-10-14 09:42:57.960,4.883,2000
2020-10-14 09:42:57.960,4.883,19200
2020-10-14 09:42:57.960,4.883,1200
2020-10-14 09:42:58.600,4.883,700
2020-10-14 09:42:59.600,4.883,900
2020-10-14 09:43:00.850,4.883,100
2020-10-14 09:43:01.310,4.883,100
2020-10-14 09:43:01.310,4.883,1900
2020-10-14 09:43:01.480,4.883,1900
2020-10-14 09:43:01.480,4.883,19200
2020-10-14 09:43:06.220,4.883,200
2020-10-14 09:43:09.050,4.883,2000
2020-10-14 09:43:12.120,4.883,600
2020-10-14 09:43:13.050,4.884,100
2020-10-14 09:43:14.300,4.883,2900
2020-10-14 09:43:14.470,4.883,100
2020-10-14 09:43:16.470,4.884,5000
2020-10-14 09:43:17.620,4.883,3100
2020-10-14 09:43:17.620,4.883,200
2020-10-14 09:43:17.620,4.883,2500
2020-10-14 09:43:17.620,4.883,4200
2020-10-14 09:43:21.960,4.883,2800
2020-10-14 09:43:21.960,4.883,4000
2020-10-14 09:43:21.960,4.883,3000
2020-10-14 09:43:21.960,4.883,400
2020-10-14 09:43:21.960,4.883,100
2020-10-14 09:43:21.960,4.883,1100
2020-10-14 09:43:21.960,4.883,5200
2020-10-14 09:43:21.960,4.883,5000
2020-10-14 09:43:21.960,4.883,100
2020-10-14 09:43:21.960,4.883,3000
2020-10-14 09:43:21.960,4.883,100
2020-10-14 09:43:21.960,4.883,600
2020-10-14 09:43:21.960,4.883,4000
2020-10-14 09:43:21.960,4.883,2000
2020-10-14 09:43:21.960,4.883,5000
2020-10-14 09:43:21.960,4.883,500
2020-10-14 09:43:21.960,4.883,300
2020-10-14 09:43:21.960,4.883,5000
2020-10-14 09:43:22.550,4.882,10700
2020-10-14 09:43:23.040,4.883,1000
2020-10-14 09:43:23.770,4.883,2000
2020-10-14 09:43:24.500,4.882,50100
2020-10-14 09:43:24.530,4.884,200
2020-10-14 09:43:25.440,4.883,1500
2020-10-14 09:43:26.240,4.883,100
2020-10-14 09:43:27.520,4.883,400
2020-10-14 09:43:27.520,4.883,4600
2020-10-14 09:43:27.680,4.883,1800
2020-10-14 09:43:28.450,4.883,100
2020-10-14 09:43:29.700,4.883,100
2020-10-14 09:43:29.700,4.883,10000
2020-10-14 09:43:29.810,4.882,100
2020-10-14 09:43:29.810,4.882,99900
2020-10-14 09:43:29.900,4.882,10000
2020-10-14 09:43:30.130,4.883,2000
2020-10-14 09:43:30.720,4.883,1000
2020-10-14 09:43:31.860,4.883,4000
2020-10-14 09:43:32.250,4.882,100000
2020-10-14 09:43:33.270,4.883,3000
2020-10-14 09:43:33.650,4.882,600
2020-10-14 09:43:35.090,4.882,159000
2020-10-14 09:43:35.940,4.883,100
2020-10-14 09:43:36.250,4.883,1100
2020-10-14 09:43:40.170,4.883,5000
2020-10-14 09:43:40.210,4.883,1000
2020-10-14 09:43:41.380,4.883,1000
2020-10-14 09:43:42.190,4.882,45000
2020-10-14 09:43:45.650,4.882,13000
2020-10-14 09:43:45.800,4.883,600
2020-10-14 09:43:45.800,4.883,400
2020-10-14 09:43:46.020,4.882,800
2020-10-14 09:43:46.220,4.883,400
2020-10-14 09:43:46.540,4.882,10000
2020-10-14 09:43:47.680,4.883,300
2020-10-14 09:43:47.800,4.882,10000
2020-10-14 09:43:49.400,4.882,100
2020-10-14 09:43:49.910,4.882,100000
2020-10-14 09:43:51.270,4.883,2000
2020-10-14 09:43:52.510,4.883,100
2020-10-14 09:43:54.200,4.882,700
2020-10-14 09:43:54.570,4.883,2100
2020-10-14 09:43:54.680,4.883,500
2020-10-14 09:43:57.870,4.883,1200
2020-10-14 09:43:58.570,4.883,1600
2020-10-14 09:43:58.900,4.882,400
2020-10-14 09:43:59.750,4.882,60000
2020-10-14 09:44:00.160,4.882,1200
2020-10-14 09:44:00.220,4.882,100000
2020-10-14 09:44:01.320,4.882,10000
2020-10-14 09:44:01.350,4.883,100
2020-10-14 09:44:01.350,4.883,8100
2020-10-14 09:44:02.160,4.883,11100
2020-10-14 09:44:02.160,4.883,3400
2020-10-14 09:44:02.750,4.883,100
2020-10-14 09:44:04.050,4.883,4000
2020-10-14 09:44:05.470,4.882,13000
2020-10-14 09:44:06.730,4.882,3000
2020-10-14 09:44:08.720,4.883,400
2020-10-14 09:44:09.220,4.883,200
2020-10-14 09:44:10.600,4.883,2000
2020-10-14 09:44:11.800,4.882,600
2020-10-14 09:44:16.610,4.882,100000
2020-10-14 09:44:17.070,4.882,5000
2020-10-14 09:44:22.600,4.882,100000
2020-10-14 09:44:22.800,4.883,500
2020-10-14 09:44:23.770,4.882,600
2020-10-14 09:44:24.450,4.882,57100
2020-10-14 09:44:24.450,4.882,1000
2020-10-14 09:44:24.450,4.882,1000
2020-10-14 09:44:24.450,4.882,200
2020-10-14 09:44:24.450,4.882,500
2020-10-14 09:44:24.450,4.882,1200
2020-10-14 09:44:24.450,4.882,1000
2020-10-14 09:44:24.450,4.882,500
2020-10-14 09:44:24.450,4.882,200
2020-10-14 09:44:24.450,4.882,8000
2020-10-14 09:44:24.450,4.882,1000
2020-10-14 09:44:24.450,4.882,20000
2020-10-14 09:44:24.450,4.882,100
2020-10-14 09:44:24.450,4.882,10000
2020-10-14 09:44:24.450,4.882,8500
2020-10-14 09:44:24.750,4.881,4000
2020-10-14 09:44:24.750,4.881,5000
2020-10-14 09:44:24.750,4.881,100
2020-10-14 09:44:24.750,4.881,300
2020-10-14 09:44:24.750,4.881,10000
2020-10-14 09:44:24.750,4.881,1000
2020-10-14 09:44:26.200,4.882,100
2020-10-14 09:44:26.960,4.881,1000
2020-10-14 09:44:26.960,4.881,100
2020-10-14 09:44:26.960,4.881,2000
2020-10-14 09:44:26.960,4.881,200
2020-10-14 09:44:26.960,4.881,2000
2020-10-14 09:44:26.960,4.881,69600
2020-10-14 09:44:28.680,4.882,500
2020-10-14 09:44:28.830,4.881,10000
2020-10-14 09:44:29.360,4.881,100000
2020-10-14 09:44:29.870,4.881,20400
2020-10-14 09:44:29.870,4.881,79600
2020-10-14 09:44:29.870,4.881,20400
2020-10-14 09:44:29.870,4.881,1000
2020-10-14 09:44:29.870,4.881,6400
2020-10-14 09:44:29.870,4.881,400
2020-10-14 09:44:29.870,4.881,100
2020-10-14 09:44:29.870,4.881,50000
2020-10-14 09:44:29.870,4.881,300
2020-10-14 09:44:29.870,4.881,100
2020-10-14 09:44:29.870,4.881,20000
2020-10-14 09:44:29.870,4.881,200
2020-10-14 09:44:29.870,4.881,1100
2020-10-14 09:44:29.990,4.881,2900
2020-10-14 09:44:29.990,4.881,100
2020-10-14 09:44:29.990,4.881,5000
2020-10-14 09:44:29.990,4.881,300
2020-10-14 09:44:29.990,4.881,4000
2020-10-14 09:44:29.990,4.881,100
2020-10-14 09:44:29.990,4.881,4400
2020-10-14 09:44:29.990,4.881,4000
2020-10-14 09:44:29.990,4.881,500
2020-10-14 09:44:29.990,4.881,100
2020-10-14 09:44:29.990,4.881,50000
2020-10-14 09:44:29.990,4.881,4000
2020-10-14 09:44:30.130,4.881,200
2020-10-14 09:44:30.420,4.881,18700
2020-10-14 09:44:31.620,4.881,200
2020-10-14 09:44:31.860,4.88,800
2020-10-14 09:44:31.860,4.88,500
2020-10-14 09:44:31.860,4.88,1000
2020-10-14 09:44:31.860,4.88,200
2020-10-14 09:44:31.860,4.88,700
2020-10-14 09:44:31.860,4.88,4100
2020-10-14 09:44:31.860,4.88,9000
2020-10-14 09:44:31.860,4.88,4000
2020-10-14 09:44:31.860,4.88,200
2020-10-14 09:44:31.860,4.88,1600
2020-10-14 09:44:31.860,4.88,200
2020-10-14 09:44:31.860,4.88,500
2020-10-14 09:44:31.860,4.88,1000
2020-10-14 09:44:31.860,4.88,500
2020-10-14 09:44:31.860,4.88,5900
2020-10-14 09:44:31.860,4.88,500
2020-10-14 09:44:31.860,4.88,500
2020-10-14 09:44:31.860,4.88,10000
2020-10-14 09:44:31.860,4.88,200
2020-10-14 09:44:31.860,4.88,300
2020-10-14 09:44:31.860,4.88,100
2020-10-14 09:44:31.860,4.88,200
2020-10-14 09:44:31.860,4.88,10000
2020-10-14 09:44:31.860,4.88,2000
2020-10-14 09:44:31.860,4.88,300
2020-10-14 09:44:31.860,4.88,300
2020-10-14 09:44:31.860,4.88,100
2020-10-14 09:44:31.860,4.88,1000
2020-10-14 09:44:31.860,4.88,100
2020-10-14 09:44:31.860,4.88,100
2020-10-14 09:44:31.860,4.88,200
2020-10-14 09:44:31.860,4.88,1000
2020-10-14 09:44:31.860,4.88,100
2020-10-14 09:44:31.860,4.88,500
2020-10-14 09:44:31.860,4.88,2000
2020-10-14 09:44:31.860,4.88,2000
2020-10-14 09:44:31.860,4.88,1000
2020-10-14 09:44:31.860,4.88,1000
2020-10-14 09:44:31.860,4.88,100
2020-10-14 09:44:31.860,4.88,200
2020-10-14 09:44:31.860,4.88,1000
2020-10-14 09:44:31.860,4.88,11800
2020-10-14 09:44:31.860,4.88,11900
2020-10-14 09:44:31.860,4.88,100
2020-10-14 09:44:31.860,4.88,4200
2020-10-14 09:44:31.860,4.88,200
2020-10-14 09:44:31.860,4.88,5000
2020-10-14 09:44:31.860,4.88,1800
2020-10-14 09:44:32.610,4.881,200
2020-10-14 09:44:33.520,4.88,1400
2020-10-14 09:44:33.520,4.88,800
2020-10-14 09:44:33.520,4.88,10200
2020-10-14 09:44:33.520,4.88,200
2020-10-14 09:44:33.520,4.88,100
2020-10-14 09:44:33.520,4.88,5000
2020-10-14 09:44:33.520,4.88,1000
2020-10-14 09:44:33.520,4.88,5000
2020-10-14 09:44:33.520,4.88,4000
2020-10-14 09:44:33.520,4.88,200
2020-10-14 09:44:33.520,4.88,2100
2020-10-14 09:44:36.110,4.881,1000
2020-10-14 09:44:36.230,4.881,500
2020-10-14 09:44:36.930,4.881,9900
2020-10-14 09:44:37.780,4.88,2500
2020-10-14 09:44:37.780,4.88,1600
2020-10-14 09:44:38.580,4.88,400
2020-10-14 09:44:39.530,4.881,200
2020-10-14 09:44:41.080,4.881,4000
2020-10-14 09:44:42.630,4.88,600
2020-10-14 09:44:43.380,4.881,500
2020-10-14 09:44:44.220,4.88,9400
2020-10-14 09:44:44.220,4.88,300
2020-10-14 09:44:44.220,4.88,3000
2020-10-14 09:44:44.220,4.88,500
2020-10-14 09:44:44.220,4.88,2000
2020-10-14 09:44:44.220,4.88,1000
2020-10-14 09:44:44.220,4.88,200
2020-10-14 09:44:44.220,4.88,1000
2020-10-14 09:44:44.220,4.88,100
2020-10-14 09:44:45.350,4.881,100
2020-10-14 09:44:45.790,4.88,2400
2020-10-14 09:44:46.340,4.88,200
2020-10-14 09:44:50.200,4.88,2000
2020-10-14 09:44:50.710,4.88,400
2020-10-14 09:44:50.710,4.88,200
2020-10-14 09:44:50.710,4.88,1800
2020-10-14 09:44:50.710,4.88,2000
2020-10-14 09:44:50.710,4.88,3000
2020-10-14 09:44:50.710,4.88,1000
2020-10-14 09:44:50.710,4.88,1000
2020-10-14 09:44:50.710,4.88,9800
2020-10-14 09:44:50.710,4.88,1000
2020-10-14 09:44:50.710,4.88,100
2020-10-14 09:44:50.710,4.88,1500
2020-10-14 09:44:50.710,4.88,1000
2020-10-14 09:44:50.710,4.88,500
2020-10-14 09:44:50.710,4.88,1000
2020-10-14 09:44:50.710,4.88,2000
2020-10-14 09:44:50.710,4.88,100
2020-10-14 09:44:50.710,4.88,100
2020-10-14 09:44:50.710,4.88,1200
2020-10-14 09:44:50.710,4.88,10000
2020-10-14 09:44:50.710,4.88,10000
2020-10-14 09:44:50.710,4.88,2000
2020-10-14 09:44:50.710,4.88,1000
2020-10-14 09:44:50.710,4.88,100
2020-10-14 09:44:50.710,4.88,10000
2020-10-14 09:44:50.710,4.88,1500
2020-10-14 09:44:50.710,4.88,2000
2020-10-14 09:44:50.710,4.88,1000
2020-10-14 09:44:50.710,4.88,500
2020-10-14 09:44:50.710,4.88,5000
2020-10-14 09:44:50.710,4.88,400
2020-10-14 09:44:50.710,4.88,600
2020-10-14 09:44:52.580,4.881,3000
2020-10-14 09:44:52.660,4.88,2400
2020-10-14 09:44:52.660,4.88,100
2020-10-14 09:44:52.660,4.88,4400
2020-10-14 09:44:52.660,4.88,1000
2020-10-14 09:44:52.660,4.88,1000
2020-10-14 09:44:52.660,4.88,3000
2020-10-14 09:44:52.660,4.88,5000
2020-10-14 09:44:52.660,4.88,2000
2020-10-14 09:44:52.660,4.88,300
2020-10-14 09:44:52.660,4.88,100
2020-10-14 09:44:52.660,4.88,5000
2020-10-14 09:44:52.660,4.88,500
2020-10-14 09:44:52.660,4.88,500
2020-10-14 09:44:52.660,4.88,4000
2020-10-14 09:44:52.660,4.88,500
2020-10-14 09:44:52.660,4.88,100
2020-10-14 09:44:52.660,4.88,500
2020-10-14 09:44:52.660,4.88,2500
2020-10-14 09:44:52.660,4.88,200
2020-10-14 09:44:52.660,4.88,5000
2020-10-14 09:44:52.660,4.88,13000
2020-10-14 09:44:53.640,4.88,1000
2020-10-14 09:44:53.970,4.88,6000
2020-10-14 09:44:54.690,4.88,5000
2020-10-14 09:44:54.720,4.88,1000
2020-10-14 09:44:54.900,4.881,100
2020-10-14 09:44:55.570,4.88,500
2020-10-14 09:44:55.660,4.881,60000
2020-10-14 09:44:56.850,4.881,3600
2020-10-14 09:44:57.050,4.881,3500
2020-10-14 09:44:57.470,4.88,1000
2020-10-14 09:44:57.770,4.88,3500
2020-10-14 09:44:57.990,4.88,10000
2020-10-14 09:44:58.330,4.88,59000
2020-10-14 09:44:58.330,4.88,700
2020-10-14 09:45:00.020,4.88,500
2020-10-14 09:45:00.270,4.88,130700
2020-10-14 09:45:00.270,4.88,8000
2020-10-14 09:45:00.270,4.88,700
2020-10-14 09:45:00.270,4.88,700
2020-10-14 09:45:00.320,4.88,2000
2020-10-14 09:45:00.410,4.88,300000
2020-10-14 09:45:01.730,4.88,10200
2020-10-14 09:45:02.000,4.88,47700
2020-10-14 09:45:02.450,4.88,900
2020-10-14 09:45:02.770,4.879,200
2020-10-14 09:45:02.920,4.88,3100
2020-10-14 09:45:03.130,4.88,5000
2020-10-14 09:45:03.250,4.879,9800
2020-10-14 09:45:03.250,4.879,700
2020-10-14 09:45:03.250,4.879,3600
2020-10-14 09:45:03.250,4.879,10000
2020-10-14 09:45:03.250,4.879,100
2020-10-14 09:45:03.250,4.879,700
2020-10-14 09:45:03.250,4.879,200
2020-10-14 09:45:03.250,4.879,1000
2020-10-14 09:45:03.250,4.879,200
2020-10-14 09:45:03.250,4.879,100
2020-10-14 09:45:03.250,4.879,100
2020-10-14 09:45:03.250,4.879,3500
2020-10-14 09:45:03.280,4.88,5000
2020-10-14 09:45:03.820,4.88,16000
2020-10-14 09:45:03.880,4.88,34000
2020-10-14 09:45:03.880,4.879,900
2020-10-14 09:45:03.880,4.879,200
2020-10-14 09:45:03.880,4.879,500
2020-10-14 09:45:03.880,4.879,4500
2020-10-14 09:45:03.880,4.879,3200
2020-10-14 09:45:03.880,4.879,1000
2020-10-14 09:45:03.880,4.879,1000
2020-10-14 09:45:03.880,4.879,100
2020-10-14 09:45:03.880,4.879,1000
2020-10-14 09:45:03.880,4.879,300
2020-10-14 09:45:03.880,4.879,1000
2020-10-14 09:45:03.880,4.879,100
2020-10-14 09:45:03.880,4.879,1000
2020-10-14 09:45:03.880,4.879,4200
2020-10-14 09:45:03.880,4.879,2400
2020-10-14 09:45:03.880,4.879,100
2020-10-14 09:45:03.880,4.879,44500
2020-10-14 09:45:03.880,4.879,55500
2020-10-14 09:45:03.880,4.879,5000
2020-10-14 09:45:03.880,4.878,2000
2020-10-14 09:45:03.880,4.878,2000
2020-10-14 09:45:03.880,4.878,1500
2020-10-14 09:45:03.880,4.878,10000
2020-10-14 09:45:03.880,4.878,1800
2020-10-14 09:45:03.880,4.878,200
2020-10-14 09:45:03.880,4.878,1000
2020-10-14 09:45:03.880,4.878,700
2020-10-14 09:45:03.880,4.878,2000
2020-10-14 09:45:03.880,4.878,2100
2020-10-14 09:45:03.880,4.878,3000
2020-10-14 09:45:03.880,4.878,5000
2020-10-14 09:45:03.880,4.878,10000
2020-10-14 09:45:03.880,4.878,8000
2020-10-14 09:45:03.880,4.878,100
2020-10-14 09:45:03.880,4.878,1000
2020-10-14 09:45:03.880,4.878,500
2020-10-14 09:45:03.880,4.878,100
2020-10-14 09:45:03.880,4.878,100
2020-10-14 09:45:03.880,4.878,500
2020-10-14 09:45:03.880,4.878,500
2020-10-14 09:45:03.880,4.878,3000
2020-10-14 09:45:03.880,4.878,44900
2020-10-14 09:45:06.210,4.88,100
2020-10-14 09:45:06.770,4.877,700
2020-10-14 09:45:06.770,4.877,1000
2020-10-14 09:45:06.770,4.877,1000
2020-10-14 09:45:06.770,4.877,1000
2020-10-14 09:45:06.770,4.877,2400
2020-10-14 09:45:06.930,4.88,10000
2020-10-14 09:45:07.860,4.877,2600
2020-10-14 09:45:07.860,4.877,6000
2020-10-14 09:45:07.860,4.877,300
2020-10-14 09:45:07.860,4.877,100
2020-10-14 09:45:07.860,4.877,4000
2020-10-14 09:45:07.860,4.877,100
2020-10-14 09:45:07.860,4.877,78300
2020-10-14 09:45:07.860,4.877,8600
2020-10-14 09:45:08.050,4.878,1000
2020-10-14 09:45:09.860,4.878,1000
2020-10-14 09:45:09.880,4.878,200
2020-10-14 09:45:10.450,4.877,100
2020-10-14 09:45:10.810,4.876,2300
2020-10-14 09:45:10.810,4.876,300
2020-10-14 09:45:10.810,4.876,3600
2020-10-14 09:45:10.810,4.876,3800
2020-10-14 09:45:11.010,4.877,100
2020-10-14 09:45:11.430,4.877,5000
2020-10-14 09:45:11.460,4.876,6200
2020-10-14 09:45:11.460,4.876,200
2020-10-14 09:45:12.650,4.877,300
2020-10-14 09:45:14.940,4.877,100
2020-10-14 09:45:15.100,4.877,2000
2020-10-14 09:45:15.620,4.876,9800
2020-10-14 09:45:15.620,4.876,3100
2020-10-14 09:45:17.640,4.876,1500
2020-10-14 09:45:18.000,4.876,400
2020-10-14 09:45:18.000,4.876,5000
2020-10-14 09:45:18.000,4.876,1700
2020-10-14 09:45:18.000,4.876,2900
2020-10-14 09:45:19.220,4.876,100
2020-10-14 09:45:19.220,4.876,900
2020-10-14 09:45:19.870,4.877,1400
2020-10-14 09:45:19.870,4.877,83300
2020-10-14 09:45:19.870,4.877,10200
2020-10-14 09:45:21.010,4.877,3000
2020-10-14 09:45:21.010,4.877,2100
2020-10-14 09:45:21.010,4.877,4900
2020-10-14 09:45:21.010,4.876,1100
2020-10-14 09:45:21.010,4.876,300
2020-10-14 09:45:21.010,4.876,1600
2020-10-14 09:45:21.630,4.877,1000
2020-10-14 09:45:21.630,4.876,400
2020-10-14 09:45:21.630,4.876,100
2020-10-14 09:45:21.630,4.876,500
2020-10-14 09:45:22.380,4.876,2500
2020-10-14 09:45:22.380,4.876,300
2020-10-14 09:45:22.380,4.876,100
2020-10-14 09:45:22.380,4.876,4900
2020-10-14 09:45:22.380,4.876,300
2020-10-14 09:45:22.380,4.876,8500
2020-10-14 09:45:23.110,4.876,4100
2020-10-14 09:45:23.250,4.876,400
2020-10-14 09:45:23.250,4.876,30600
2020-10-14 09:45:25.320,4.878,1000
2020-10-14 09:45:25.320,4.879,9000
2020-10-14 09:45:25.590,4.877,200
2020-10-14 09:45:25.590,4.876,6400
2020-10-14 09:45:25.590,4.876,200
2020-10-14 09:45:25.590,4.876,2500
2020-10-14 09:45:25.590,4.876,1000
2020-10-14 09:45:25.590,4.876,1000
2020-10-14 09:45:25.590,4.876,13100
2020-10-14 09:45:26.380,4.876,1300
2020-10-14 09:45:26.380,4.876,2500
2020-10-14 09:45:27.240,4.877,10000
2020-10-14 09:45:28.880,4.877,1000
2020-10-14 09:45:28.940,4.879,100
2020-10-14 09:45:29.000,4.877,1600
2020-10-14 09:45:30.250,4.877,100
2020-10-14 09:45:30.890,4.877,2300
2020-10-14 09:45:30.890,4.877,10000
2020-10-14 09:45:30.890,4.876,83100
2020-10-14 09:45:30.890,4.876,100
2020-10-14 09:45:30.890,4.876,1000
2020-10-14 09:45:30.890,4.876,3000
2020-10-14 09:45:30.890,4.876,6700
2020-10-14 09:45:31.680,4.879,10000
2020-10-14 09:45:32.080,4.877,5000
2020-10-14 09:45:34.140,4.877,2100
2020-10-14 09:45:35.000,4.877,7900
2020-10-14 09:45:35.000,4.877,2100
2020-10-14 09:45:35.360,4.878,200
2020-10-14 09:45:35.360,4.877,59800
2020-10-14 09:45:37.020,4.877,100
2020-10-14 09:45:37.020,4.877,400
2020-10-14 09:45:37.260,4.879,8600
2020-10-14 09:45:37.260,4.879,6800
2020-10-14 09:45:37.260,4.879,3000
2020-10-14 09:45:37.260,4.879,30000
2020-10-14 09:45:37.880,4.877,200
2020-10-14 09:45:37.880,4.877,200
2020-10-14 09:45:37.880,4.877,9600
2020-10-14 09:45:37.970,4.877,5000
2020-10-14 09:45:38.810,4.878,100000
2020-10-14 09:45:39.510,4.877,100
2020-10-14 09:45:39.630,4.877,300
2020-10-14 09:45:39.630,4.877,1200
2020-10-14 09:45:39.630,4.877,40000
2020-10-14 09:45:39.630,4.877,40700
2020-10-14 09:45:39.750,4.879,51900
2020-10-14 09:45:39.810,4.877,2200
2020-10-14 09:45:40.760,4.879,1400
2020-10-14 09:45:40.760,4.879,100
2020-10-14 09:45:40.760,4.879,258500
2020-10-14 09:45:41.940,4.879,18000
2020-10-14 09:45:41.940,4.879,40900
2020-10-14 09:45:43.000,4.879,1800
2020-10-14 09:45:43.500,4.879,10000
2020-10-14 09:45:43.870,4.879,5000
2020-10-14 09:45:44.250,4.878,100
2020-10-14 09:45:44.250,4.878,2900
2020-10-14 09:45:46.860,4.879,500
2020-10-14 09:45:47.200,4.879,100
2020-10-14 09:45:47.770,4.879,4400
2020-10-14 09:45:47.770,4.88,1700
2020-10-14 09:45:48.020,4.88,400
2020-10-14 09:45:48.240,4.879,100
2020-10-14 09:45:48.750,4.879,500
2020-10-14 09:45:51.820,4.878,500
2020-10-14 09:45:51.820,4.879,1400
2020-10-14 09:45:51.820,4.879,5000
2020-10-14 09:45:51.820,4.879,5000
2020-10-14 09:45:52.050,4.879,8600
2020-10-14 09:45:57.520,4.879,200
2020-10-14 09:45:58.190,4.878,10500
2020-10-14 09:45:58.280,4.878,6700
2020-10-14 09:45:59.900,4.879,100
2020-10-14 09:46:00.530,4.878,32300
2020-10-14 09:46:00.530,4.878,700
2020-10-14 09:46:00.530,4.878,3100
2020-10-14 09:46:02.120,4.879,100
2020-10-14 09:46:02.730,4.878,5000
2020-10-14 09:46:03.020,4.878,900
2020-10-14 09:46:03.240,4.878,300
2020-10-14 09:46:03.240,4.878,4800
2020-10-14 09:46:03.940,4.878,10000
2020-10-14 09:46:04.500,4.878,27000
2020-10-14 09:46:05.140,4.878,200
2020-10-14 09:46:06.160,4.878,10400
2020-10-14 09:46:06.190,4.878,25000
2020-10-14 09:46:07.980,4.878,5700
2020-10-14 09:46:08.150,4.879,2100
2020-10-14 09:46:08.470,4.878,15000
2020-10-14 09:46:08.830,4.879,5000
2020-10-14 09:46:10.610,4.878,1900
2020-10-14 09:46:10.610,4.878,1000
2020-10-14 09:46:10.610,4.878,6100
2020-10-14 09:46:13.740,4.878,200
2020-10-14 09:46:13.920,4.878,5700
2020-10-14 09:46:13.920,4.878,300
2020-10-14 09:46:13.920,4.877,5000
2020-10-14 09:46:13.920,4.877,3000
2020-10-14 09:46:13.920,4.877,3000
2020-10-14 09:46:13.920,4.877,1000
2020-10-14 09:46:13.920,4.877,2500
2020-10-14 09:46:13.920,4.877,300
2020-10-14 09:46:13.920,4.877,5000
2020-10-14 09:46:13.920,4.877,20000
2020-10-14 09:46:13.920,4.877,200
2020-10-14 09:46:13.920,4.877,100
2020-10-14 09:46:13.920,4.877,10000
2020-10-14 09:46:14.230,4.877,200
2020-10-14 09:46:16.300,4.877,11600
2020-10-14 09:46:18.990,4.878,1000
2020-10-14 09:46:19.950,4.878,80000
2020-10-14 09:46:19.950,4.879,83900
2020-10-14 09:46:19.950,4.879,2800
2020-10-14 09:46:19.950,4.879,3100
2020-10-14 09:46:19.950,4.879,200
2020-10-14 09:46:19.950,4.879,10000
2020-10-14 09:46:19.950,4.879,900
2020-10-14 09:46:19.950,4.879,10000
2020-10-14 09:46:19.950,4.879,9000
2020-10-14 09:46:19.950,4.879,8000
2020-10-14 09:46:19.950,4.879,5000
2020-10-14 09:46:19.950,4.879,800
2020-10-14 09:46:19.950,4.879,60000
2020-10-14 09:46:19.950,4.88,2800
2020-10-14 09:46:20.500,4.877,600
2020-10-14 09:46:21.970,4.879,100
2020-10-14 09:46:22.980,4.877,1000
2020-10-14 09:46:25.130,4.878,300
2020-10-14 09:46:28.160,4.878,100
2020-10-14 09:46:31.540,4.878,100
2020-10-14 09:46:32.170,4.878,10200
2020-10-14 09:46:32.170,4.878,8000
2020-10-14 09:46:32.170,4.878,5000
2020-10-14 09:46:32.960,4.878,2000
2020-10-14 09:46:34.180,4.878,100000
2020-10-14 09:46:34.850,4.879,100
2020-10-14 09:46:36.210,4.877,5600
2020-10-14 09:46:36.610,4.878,3000
2020-10-14 09:46:37.200,4.878,500
2020-10-14 09:46:37.260,4.878,18000
2020-10-14 09:46:37.260,4.878,300
2020-10-14 09:46:37.560,4.878,23200
2020-10-14 09:46:37.560,4.878,800
2020-10-14 09:46:37.820,4.878,700
2020-10-14 09:46:38.800,4.878,100
2020-10-14 09:46:38.830,4.877,25800
2020-10-14 09:46:38.830,4.877,100000
2020-10-14 09:46:38.830,4.877,1300
2020-10-14 09:46:38.830,4.877,60000
2020-10-14 09:46:38.830,4.877,30000
2020-10-14 09:46:38.830,4.877,1000
2020-10-14 09:46:38.830,4.877,1000
2020-10-14 09:46:38.830,4.877,300
2020-10-14 09:46:38.830,4.877,100
2020-10-14 09:46:38.830,4.877,3600
2020-10-14 09:46:38.830,4.877,5000
2020-10-14 09:46:38.830,4.877,271900
2020-10-14 09:46:38.920,4.878,100
2020-10-14 09:46:39.130,4.878,6400
2020-10-14 09:46:39.390,4.879,2000
2020-10-14 09:46:40.080,4.878,400
2020-10-14 09:46:41.110,4.878,1000
2020-10-14 09:46:41.300,4.878,2200
2020-10-14 09:46:41.300,4.877,2000
2020-10-14 09:46:44.010,4.878,5000
2020-10-14 09:46:44.010,4.878,3000
2020-10-14 09:46:45.320,4.878,500
2020-10-14 09:46:46.380,4.879,2600
2020-10-14 09:46:46.890,4.878,38400
2020-10-14 09:46:48.990,4.878,300
2020-10-14 09:46:49.800,4.878,1000
2020-10-14 09:46:49.950,4.878,100
2020-10-14 09:46:50.070,4.878,100000
2020-10-14 09:46:51.690,4.878,200
2020-10-14 09:46:54.370,4.878,10000
2020-10-14 09:46:54.730,4.877,20000
2020-10-14 09:46:55.770,4.878,9100
2020-10-14 09:46:55.770,4.878,40900
2020-10-14 09:46:56.770,4.878,100
2020-10-14 09:46:57.190,4.878,2500
2020-10-14 09:46:57.910,4.878,38700
2020-10-14 09:46:57.910,4.878,300
2020-10-14 09:47:00.390,4.879,200
2020-10-14 09:47:01.450,4.878,2200
2020-10-14 09:47:01.870,4.878,400
2020-10-14 09:47:01.870,4.878,10000
2020-10-14 09:47:02.450,4.878,500
2020-10-14 09:47:02.510,4.878,300
2020-10-14 09:47:02.940,4.878,7000
2020-10-14 09:47:03.500,4.878,1300
2020-10-14 09:47:03.590,4.878,100
2020-10-14 09:47:03.770,4.878,1000
2020-10-14 09:47:04.680,4.879,100
2020-10-14 09:47:05.220,4.878,600
2020-10-14 09:47:05.840,4.878,3000
2020-10-14 09:47:05.930,4.878,10000
2020-10-14 09:47:07.910,4.878,1200
2020-10-14 09:47:09.960,4.878,100000
2020-10-14 09:47:09.960,4.878,100000
2020-10-14 09:47:09.990,4.879,5000
2020-10-14 09:47:09.990,4.879,1400
2020-10-14 09:47:10.600,4.879,2500
2020-10-14 09:47:10.640,4.879,200
2020-10-14 09:47:12.030,4.878,23400
2020-10-14 09:47:12.030,4.878,200
2020-10-14 09:47:12.030,4.878,800
2020-10-14 09:47:12.030,4.878,100
2020-10-14 09:47:12.030,4.878,50000
2020-10-14 09:47:12.030,4.878,10200
2020-10-14 09:47:12.030,4.878,2500
2020-10-14 09:47:16.110,4.878,300
2020-10-14 09:47:18.980,4.877,500
2020-10-14 09:47:19.300,4.878,200
2020-10-14 09:47:21.030,4.877,4500
2020-10-14 09:47:21.030,4.877,100
2020-10-14 09:47:21.030,4.877,28400
2020-10-14 09:47:21.090,4.877,1200
2020-10-14 09:47:21.700,4.878,2000
2020-10-14 09:47:21.910,4.878,100
2020-10-14 09:47:22.030,4.878,500
2020-10-14 09:47:22.150,4.877,2600
2020-10-14 09:47:23.810,4.877,2500
2020-10-14 09:47:24.340,4.877,15300
2020-10-14 09:47:24.340,4.877,100
2020-10-14 09:47:24.340,4.877,2500
2020-10-14 09:47:24.340,4.877,7500
2020-10-14 09:47:24.340,4.877,1000
2020-10-14 09:47:24.340,4.877,100
2020-10-14 09:47:24.340,4.877,2000
2020-10-14 09:47:24.340,4.877,3000
2020-10-14 09:47:24.340,4.877,8000
2020-10-14 09:47:24.340,4.877,4500
2020-10-14 09:47:24.340,4.877,100
2020-10-14 09:47:24.340,4.877,200
2020-10-14 09:47:24.340,4.877,5700
2020-10-14 09:47:24.460,4.877,300
2020-10-14 09:47:24.460,4.877,2500
2020-10-14 09:47:25.620,4.877,200
2020-10-14 09:47:29.010,4.877,100
2020-10-14 09:47:29.890,4.877,1100
2020-10-14 09:47:29.890,4.877,18900
2020-10-14 09:47:31.150,4.877,1200
2020-10-14 09:47:32.020,4.877,24900
2020-10-14 09:47:32.020,4.877,7000
2020-10-14 09:47:32.020,4.877,1100
2020-10-14 09:47:32.020,4.877,100
2020-10-14 09:47:32.510,4.877,2000
2020-10-14 09:47:32.990,4.877,5000
2020-10-14 09:47:33.190,4.877,2300
2020-10-14 09:47:34.470,4.876,2000
2020-10-14 09:47:34.470,4.876,8000
2020-10-14 09:47:35.210,4.877,1000
2020-10-14 09:47:36.320,4.877,2900
2020-10-14 09:47:36.620,4.877,4900
2020-10-14 09:47:38.200,4.877,3000
2020-10-14 09:47:38.430,4.877,2900
2020-10-14 09:47:38.760,4.877,1000
2020-10-14 09:47:41.780,4.878,200
2020-10-14 09:47:42.150,4.877,100
2020-10-14 09:47:43.000,4.877,900
2020-10-14 09:47:44.380,4.877,10000
2020-10-14 09:47:45.260,4.877,3000
2020-10-14 09:47:46.850,4.877,3300
2020-10-14 09:47:46.850,4.877,500
2020-10-14 09:47:46.850,4.877,300
2020-10-14 09:47:46.850,4.877,1000
2020-10-14 09:47:46.850,4.877,200
2020-10-14 09:47:47.480,4.877,1000
2020-10-14 09:47:47.480,4.877,13700
2020-10-14 09:47:47.480,4.878,3300
2020-10-14 09:47:47.480,4.878,3100
2020-10-14 09:47:47.480,4.878,5200
2020-10-14 09:47:47.480,4.878,3000
2020-10-14 09:47:47.480,4.878,900
2020-10-14 09:47:47.480,4.878,800
2020-10-14 09:47:48.090,4.877,400
2020-10-14 09:47:48.130,4.878,100
2020-10-14 09:47:49.270,4.877,2200
2020-10-14 09:47:49.560,4.877,600
2020-10-14 09:47:49.690,4.876,10000
2020-10-14 09:47:50.760,4.877,200
2020-10-14 09:47:50.910,4.877,300
2020-10-14 09:47:50.990,4.877,300
2020-10-14 09:47:52.560,4.877,100
2020-10-14 09:47:53.990,4.877,1300
2020-10-14 09:47:53.990,4.877,2000
2020-10-14 09:47:54.080,4.877,4000
2020-10-14 09:47:54.290,4.878,7100
2020-10-14 09:47:54.290,4.878,22600
2020-10-14 09:47:54.740,4.877,10000
2020-10-14 09:47:54.800,4.878,800
2020-10-14 09:47:55.940,4.877,5000
2020-10-14 09:47:57.970,4.877,11000
2020-10-14 09:48:00.420,4.877,30000
2020-10-14 09:48:02.070,4.877,4000
2020-10-14 09:48:02.390,4.877,3000
2020-10-14 09:48:02.960,4.878,5000
2020-10-14 09:48:03.050,4.877,3000
2020-10-14 09:48:04.140,4.877,4300
2020-10-14 09:48:05.580,4.877,17300
2020-10-14 09:48:05.640,4.877,20000
2020-10-14 09:48:06.260,4.876,6900
2020-10-14 09:48:06.680,4.876,1400
2020-10-14 09:48:06.700,4.876,20000
2020-10-14 09:48:08.100,4.877,800
2020-10-14 09:48:09.440,4.876,3700
2020-10-14 09:48:09.440,4.876,1300
2020-10-14 09:48:11.160,4.877,4100
2020-10-14 09:48:12.120,4.876,2500
2020-10-14 09:48:12.640,4.876,6200
2020-10-14 09:48:12.640,4.876,400
2020-10-14 09:48:12.640,4.876,100
2020-10-14 09:48:12.640,4.876,2000
2020-10-14 09:48:12.640,4.876,200
2020-10-14 09:48:12.640,4.876,1000
2020-10-14 09:48:12.640,4.876,100
2020-10-14 09:48:12.640,4.876,5000
2020-10-14 09:48:12.640,4.876,200
2020-10-14 09:48:12.640,4.876,500
2020-10-14 09:48:12.640,4.876,4300
2020-10-14 09:48:12.880,4.876,600
2020-10-14 09:48:13.420,4.877,5100
2020-10-14 09:48:13.420,4.877,1100
2020-10-14 09:48:13.680,4.876,500
2020-10-14 09:48:13.680,4.877,5000
2020-10-14 09:48:13.790,4.877,2000
2020-10-14 09:48:15.010,4.876,24600
2020-10-14 09:48:15.010,4.876,15400
2020-10-14 09:48:16.160,4.877,3000
