Datetime,Price,Volume
2020-10-30 09:25:00.450,3.375,3500
2020-10-30 09:25:00.450,3.375,8100
2020-10-30 09:25:00.450,3.375,7700
2020-10-30 09:25:00.450,3.375,200
2020-10-30 09:25:00.450,3.375,700
2020-10-30 09:25:00.450,3.375,100
2020-10-30 09:25:00.450,3.375,30000
2020-10-30 09:25:00.450,3.375,5000
2020-10-30 09:25:00.450,3.375,14200
2020-10-30 09:25:00.450,3.375,5800
2020-10-30 09:25:00.450,3.375,20000
2020-10-30 09:25:00.450,3.375,20000
2020-10-30 09:25:00.450,3.375,4200
2020-10-30 09:25:00.450,3.375,15800
2020-10-30 09:25:00.450,3.375,11500
2020-10-30 09:25:00.450,3.375,500
2020-10-30 09:25:00.450,3.375,27000
2020-10-30 09:25:00.450,3.375,100
2020-10-30 09:25:00.450,3.375,22500
2020-10-30 09:25:00.450,3.375,4500
2020-10-30 09:25:00.450,3.375,3300
2020-10-30 09:25:00.450,3.375,14800
2020-10-30 09:25:00.450,3.375,15200
2020-10-30 09:25:00.450,3.375,20800
2020-10-30 09:25:00.450,3.375,200
2020-10-30 09:25:00.450,3.375,600
2020-10-30 09:25:00.450,3.375,63500
2020-10-30 09:25:00.450,3.375,600
2020-10-30 09:25:00.450,3.375,3600
2020-10-30 09:25:00.450,3.375,80700
2020-10-30 09:25:00.450,3.375,10000
2020-10-30 09:25:00.450,3.375,1500
2020-10-30 09:25:00.450,3.375,2000
2020-10-30 09:25:00.450,3.375,1500
2020-10-30 09:25:00.450,3.375,4300
2020-10-30 09:25:00.450,3.375,16700
2020-10-30 09:25:00.450,3.375,3100
2020-10-30 09:25:00.450,3.375,1600
2020-10-30 09:25:00.450,3.375,28600
2020-10-30 09:25:00.450,3.375,31400
2020-10-30 09:25:00.450,3.375,17000
2020-10-30 09:25:00.450,3.375,49600
2020-10-30 09:25:00.450,3.375,17700
2020-10-30 09:25:00.450,3.375,38800
2020-10-30 09:25:00.450,3.375,30500
2020-10-30 09:25:00.450,3.375,100
2020-10-30 09:25:00.450,3.375,100
2020-10-30 09:25:00.450,3.375,300
2020-10-30 09:25:00.450,3.375,100
2020-10-30 09:25:00.450,3.375,2000
2020-10-30 09:25:00.450,3.375,1200
2020-10-30 09:25:00.450,3.375,100
2020-10-30 09:25:00.450,3.375,1000
2020-10-30 09:25:00.450,3.375,100
2020-10-30 09:25:00.450,3.375,2700
2020-10-30 09:25:00.450,3.375,3700
2020-10-30 09:25:00.450,3.375,1000
2020-10-30 09:25:00.450,3.375,100
2020-10-30 09:25:00.450,3.375,100
2020-10-30 09:25:00.450,3.375,14000
2020-10-30 09:25:00.450,3.375,1200
2020-10-30 09:25:00.450,3.375,1000
2020-10-30 09:25:00.450,3.375,100
2020-10-30 09:25:00.450,3.375,200
2020-10-30 09:25:00.450,3.375,1000
2020-10-30 09:25:00.450,3.375,300
2020-10-30 09:25:00.450,3.375,5700
2020-10-30 09:25:00.450,3.375,200
2020-10-30 09:25:00.450,3.375,11000
2020-10-30 09:25:00.450,3.375,200
2020-10-30 09:25:00.450,3.375,2000
2020-10-30 09:25:00.450,3.375,3100
2020-10-30 09:25:00.450,3.375,300
2020-10-30 09:25:00.450,3.375,2600
2020-10-30 09:25:00.450,3.375,1000
2020-10-30 09:25:00.450,3.375,100
2020-10-30 09:25:00.450,3.375,300
2020-10-30 09:25:00.450,3.375,1000
2020-10-30 09:25:00.450,3.375,5100
2020-10-30 09:25:00.450,3.375,200
2020-10-30 09:25:00.450,3.375,100
2020-10-30 09:25:00.450,3.375,600
2020-10-30 09:25:00.450,3.375,200
2020-10-30 09:25:00.450,3.375,1800
2020-10-30 09:25:00.450,3.375,7400
2020-10-30 09:25:00.450,3.375,6000
2020-10-30 09:25:00.450,3.375,100000
2020-10-30 09:25:00.450,3.375,36600
2020-10-30 09:25:00.450,3.375,2800
2020-10-30 09:25:00.450,3.375,600
2020-10-30 09:25:00.450,3.375,1700
2020-10-30 09:25:00.450,3.375,1000
2020-10-30 09:25:00.450,3.375,3100
2020-10-30 09:25:00.450,3.375,4300
2020-10-30 09:25:00.450,3.375,100
2020-10-30 09:25:00.450,3.375,200
2020-10-30 09:25:00.450,3.375,10400
2020-10-30 09:25:00.450,3.375,600
2020-10-30 09:25:00.450,3.375,100
2020-10-30 09:25:00.450,3.375,100
2020-10-30 09:25:00.450,3.375,200
2020-10-30 09:25:00.450,3.375,4000
2020-10-30 09:25:00.450,3.375,100
2020-10-30 09:25:00.450,3.375,5000
2020-10-30 09:25:00.450,3.375,900
2020-10-30 09:25:00.450,3.375,100
2020-10-30 09:25:00.450,3.375,100000
2020-10-30 09:25:00.450,3.375,100
2020-10-30 09:25:00.450,3.375,3900
2020-10-30 09:25:00.450,3.375,900
2020-10-30 09:25:00.450,3.375,200
2020-10-30 09:25:00.450,3.375,2600
2020-10-30 09:25:00.450,3.375,200
2020-10-30 09:25:00.450,3.375,2000
2020-10-30 09:25:00.450,3.375,200
2020-10-30 09:25:00.450,3.375,800
2020-10-30 09:25:00.450,3.375,19000
2020-10-30 09:25:00.450,3.375,4000
2020-10-30 09:25:00.450,3.375,56000
2020-10-30 09:25:00.450,3.375,600
2020-10-30 09:25:00.450,3.375,10000
2020-10-30 09:25:00.450,3.375,2100
2020-10-30 09:25:00.450,3.375,200
2020-10-30 09:25:00.450,3.375,1000
2020-10-30 09:25:00.450,3.375,17000
2020-10-30 09:25:00.450,3.375,13100
2020-10-30 09:25:00.450,3.375,48800
2020-10-30 09:25:00.450,3.375,3000
2020-10-30 09:25:00.450,3.375,3400
2020-10-30 09:25:00.450,3.375,44800
2020-10-30 09:25:00.450,3.375,5200
2020-10-30 09:25:00.450,3.375,4000
2020-10-30 09:25:00.450,3.375,90800
2020-10-30 09:25:00.450,3.375,100
2020-10-30 09:25:00.450,3.375,200
2020-10-30 09:25:00.450,3.375,22000
2020-10-30 09:25:00.450,3.375,500
2020-10-30 09:25:00.450,3.375,13800
2020-10-30 09:25:00.450,3.375,100
2020-10-30 09:25:00.450,3.375,200
2020-10-30 09:25:00.450,3.375,1000
2020-10-30 09:25:00.450,3.375,10000
2020-10-30 09:25:00.450,3.375,300
2020-10-30 09:25:00.450,3.375,20000
2020-10-30 09:25:00.450,3.375,16000
2020-10-30 09:25:00.450,3.375,1000
2020-10-30 09:25:00.450,3.375,5000
2020-10-30 09:25:00.450,3.375,100
2020-10-30 09:25:00.450,3.375,2500
2020-10-30 09:25:00.450,3.375,200
2020-10-30 09:25:00.450,3.375,100
2020-10-30 09:25:00.450,3.375,10000
2020-10-30 09:25:00.450,3.375,8000
2020-10-30 09:25:00.450,3.375,25000
2020-10-30 09:25:00.450,3.375,300
2020-10-30 09:25:00.450,3.375,100
2020-10-30 09:25:00.450,3.375,500
2020-10-30 09:25:00.450,3.375,100
2020-10-30 09:25:00.450,3.375,22000
2020-10-30 09:25:00.450,3.375,6000
2020-10-30 09:25:00.450,3.375,6000
2020-10-30 09:25:00.450,3.375,1000
2020-10-30 09:25:00.450,3.375,5400
2020-10-30 09:25:00.450,3.375,10000
2020-10-30 09:30:00.050,3.374,100
2020-10-30 09:30:00.050,3.374,200
2020-10-30 09:30:00.050,3.374,500
2020-10-30 09:30:00.050,3.374,5000
2020-10-30 09:30:00.050,3.374,14200
2020-10-30 09:30:00.130,3.374,20000
2020-10-30 09:30:00.200,3.375,300000
2020-10-30 09:30:00.320,3.375,18900
2020-10-30 09:30:00.320,3.375,2800
2020-10-30 09:30:00.320,3.376,15000
2020-10-30 09:30:00.320,3.376,48900
2020-10-30 09:30:00.320,3.376,1500
2020-10-30 09:30:00.440,3.377,3000
2020-10-30 09:30:00.440,3.377,7000
2020-10-30 09:30:00.540,3.377,3000
2020-10-30 09:30:00.680,3.376,10800
2020-10-30 09:30:00.680,3.375,10000
2020-10-30 09:30:00.680,3.375,10000
2020-10-30 09:30:00.680,3.375,9400
2020-10-30 09:30:00.680,3.375,200
2020-10-30 09:30:00.680,3.374,59600
2020-10-30 09:30:00.680,3.374,8000
2020-10-30 09:30:00.790,3.375,5000
2020-10-30 09:30:00.930,3.375,15000
2020-10-30 09:30:00.930,3.375,1000
2020-10-30 09:30:00.930,3.375,50000
2020-10-30 09:30:00.930,3.375,6000
2020-10-30 09:30:00.930,3.375,4000
2020-10-30 09:30:01.060,3.377,34100
2020-10-30 09:30:01.060,3.377,12000
2020-10-30 09:30:01.060,3.377,12100
2020-10-30 09:30:01.060,3.377,3000
2020-10-30 09:30:01.060,3.377,3000
2020-10-30 09:30:01.060,3.377,2500
2020-10-30 09:30:01.060,3.377,7400
2020-10-30 09:30:01.060,3.376,2600
2020-10-30 09:30:01.290,3.377,9000
2020-10-30 09:30:01.290,3.377,1000
2020-10-30 09:30:01.290,3.376,400
2020-10-30 09:30:01.290,3.376,848300
2020-10-30 09:30:01.290,3.375,2000
2020-10-30 09:30:01.290,3.375,500
2020-10-30 09:30:01.290,3.375,5000
2020-10-30 09:30:01.290,3.375,4600
2020-10-30 09:30:01.290,3.375,1500
2020-10-30 09:30:01.290,3.375,500
2020-10-30 09:30:01.290,3.375,1000
2020-10-30 09:30:01.290,3.375,5000
2020-10-30 09:30:01.290,3.375,10000
2020-10-30 09:30:01.290,3.374,2400
2020-10-30 09:30:01.360,3.375,10000
2020-10-30 09:30:01.360,3.375,6700
2020-10-30 09:30:01.450,3.375,7700
2020-10-30 09:30:01.490,3.374,14900
2020-10-30 09:30:01.490,3.375,10000
2020-10-30 09:30:01.490,3.375,85800
2020-10-30 09:30:01.490,3.375,14200
2020-10-30 09:30:01.490,3.374,10000
2020-10-30 09:30:01.490,3.375,30000
2020-10-30 09:30:01.490,3.375,40000
2020-10-30 09:30:01.490,3.375,40000
2020-10-30 09:30:01.610,3.375,1500
2020-10-30 09:30:01.610,3.375,6000
2020-10-30 09:30:01.610,3.374,1000
2020-10-30 09:30:01.610,3.375,6100
2020-10-30 09:30:01.610,3.375,600
2020-10-30 09:30:01.610,3.375,5000
2020-10-30 09:30:01.610,3.375,2000
2020-10-30 09:30:01.610,3.375,1300
2020-10-30 09:30:01.750,3.375,3000
2020-10-30 09:30:01.750,3.375,500
2020-10-30 09:30:01.750,3.374,1000
2020-10-30 09:30:01.750,3.374,2500
2020-10-30 09:30:01.750,3.374,2000
2020-10-30 09:30:01.870,3.375,10000
2020-10-30 09:30:01.870,3.375,2000
2020-10-30 09:30:01.870,3.375,3000
2020-10-30 09:30:01.980,3.375,300
2020-10-30 09:30:01.980,3.374,3800
2020-10-30 09:30:01.980,3.375,10000
2020-10-30 09:30:02.120,3.375,30000
2020-10-30 09:30:02.120,3.374,3700
2020-10-30 09:30:02.120,3.375,1000
2020-10-30 09:30:02.120,3.375,2000
2020-10-30 09:30:02.120,3.375,500
2020-10-30 09:30:02.120,3.375,200
2020-10-30 09:30:02.330,3.375,3000
2020-10-30 09:30:02.330,3.374,43900
2020-10-30 09:30:02.330,3.374,22500
2020-10-30 09:30:02.450,3.375,30000
2020-10-30 09:30:02.450,3.375,900
2020-10-30 09:30:02.540,3.374,8000
2020-10-30 09:30:02.730,3.375,9700
2020-10-30 09:30:02.730,3.375,180000
2020-10-30 09:30:02.770,3.374,900
2020-10-30 09:30:02.810,3.375,180000
2020-10-30 09:30:02.810,3.375,300
2020-10-30 09:30:02.810,3.374,3900
2020-10-30 09:30:02.920,3.375,14800
2020-10-30 09:30:02.920,3.375,6000
2020-10-30 09:30:02.920,3.375,3000
2020-10-30 09:30:03.050,3.375,15000
2020-10-30 09:30:03.050,3.375,180000
2020-10-30 09:30:03.050,3.375,6000
2020-10-30 09:30:03.050,3.375,4100
2020-10-30 09:30:03.190,3.375,3000
2020-10-30 09:30:03.190,3.375,5400
2020-10-30 09:30:03.190,3.375,49900
2020-10-30 09:30:03.390,3.374,609200
2020-10-30 09:30:03.390,3.374,100
2020-10-30 09:30:03.390,3.374,500
2020-10-30 09:30:03.390,3.374,2400
2020-10-30 09:30:03.390,3.374,8000
2020-10-30 09:30:03.390,3.374,100
2020-10-30 09:30:03.390,3.374,1400
2020-10-30 09:30:03.390,3.374,261100
2020-10-30 09:30:03.390,3.375,300
2020-10-30 09:30:03.390,3.375,1500
2020-10-30 09:30:03.530,3.375,3500
2020-10-30 09:30:03.530,3.374,1500
2020-10-30 09:30:03.530,3.375,115700
2020-10-30 09:30:03.530,3.375,2000
2020-10-30 09:30:03.530,3.375,800
2020-10-30 09:30:03.530,3.374,1000
2020-10-30 09:30:03.530,3.375,10000
2020-10-30 09:30:03.530,3.375,2600
2020-10-30 09:30:03.530,3.375,900
2020-10-30 09:30:03.530,3.374,1300
2020-10-30 09:30:03.530,3.375,30000
2020-10-30 09:30:03.690,3.375,77800
2020-10-30 09:30:03.690,3.375,10000
2020-10-30 09:30:03.690,3.375,2000
2020-10-30 09:30:03.690,3.375,6100
2020-10-30 09:30:03.690,3.374,10000
2020-10-30 09:30:03.690,3.375,1000
2020-10-30 09:30:03.690,3.375,22900
2020-10-30 09:30:03.690,3.375,3500
2020-10-30 09:30:03.690,3.375,100
2020-10-30 09:30:03.690,3.375,3500
2020-10-30 09:30:03.800,3.375,6500
2020-10-30 09:30:03.800,3.375,12600
2020-10-30 09:30:03.800,3.375,10900
2020-10-30 09:30:03.960,3.375,10000
2020-10-30 09:30:04.040,3.375,30000
2020-10-30 09:30:04.190,3.375,400
2020-10-30 09:30:04.190,3.375,300
2020-10-30 09:30:04.190,3.375,29300
2020-10-30 09:30:04.220,3.374,39900
2020-10-30 09:30:04.290,3.374,3800
2020-10-30 09:30:04.290,3.374,3000
2020-10-30 09:30:04.290,3.374,30000
2020-10-30 09:30:04.290,3.374,3000
2020-10-30 09:30:04.290,3.374,2600
2020-10-30 09:30:04.290,3.374,2400
2020-10-30 09:30:04.290,3.374,11000
2020-10-30 09:30:04.290,3.374,1800
2020-10-30 09:30:04.290,3.374,500
2020-10-30 09:30:04.290,3.374,2000
2020-10-30 09:30:04.290,3.374,1000
2020-10-30 09:30:04.290,3.374,3000
2020-10-30 09:30:04.290,3.374,4400
2020-10-30 09:30:04.290,3.374,30000
2020-10-30 09:30:04.290,3.374,1000
2020-10-30 09:30:04.290,3.374,500
2020-10-30 09:30:04.330,3.375,2100
2020-10-30 09:30:04.330,3.375,1000
2020-10-30 09:30:04.330,3.375,67600
2020-10-30 09:30:04.380,3.376,30000
2020-10-30 09:30:04.420,3.376,6000
2020-10-30 09:30:04.660,3.376,10000
2020-10-30 09:30:05.180,3.376,1700
2020-10-30 09:30:05.180,3.376,500
2020-10-30 09:30:05.290,3.376,100
2020-10-30 09:30:05.290,3.376,3100
2020-10-30 09:30:05.370,3.378,10000
2020-10-30 09:30:05.370,3.378,8000
2020-10-30 09:30:05.370,3.378,6800
2020-10-30 09:30:05.940,3.377,1500
2020-10-30 09:30:05.940,3.376,13900
2020-10-30 09:30:06.010,3.376,25000
2020-10-30 09:30:06.140,3.376,10000
2020-10-30 09:30:06.270,3.376,13500
2020-10-30 09:30:06.830,3.378,7000
2020-10-30 09:30:07.110,3.376,118600
2020-10-30 09:30:07.110,3.376,14000
2020-10-30 09:30:07.110,3.376,6600
2020-10-30 09:30:07.110,3.376,2700
2020-10-30 09:30:07.110,3.376,30000
2020-10-30 09:30:07.110,3.376,30000
2020-10-30 09:30:07.110,3.375,300
2020-10-30 09:30:07.110,3.375,10000
2020-10-30 09:30:07.110,3.375,1500
2020-10-30 09:30:07.110,3.375,17800
2020-10-30 09:30:07.110,3.375,12600
2020-10-30 09:30:07.110,3.375,1500
2020-10-30 09:30:07.110,3.375,3000
2020-10-30 09:30:07.110,3.375,51400
2020-10-30 09:30:08.580,3.377,200
2020-10-30 09:30:08.580,3.376,300
2020-10-30 09:30:08.730,3.376,2900
2020-10-30 09:30:08.730,3.375,7100
2020-10-30 09:30:08.930,3.378,1400
2020-10-30 09:30:09.280,3.378,4500
2020-10-30 09:30:09.990,3.378,12100
2020-10-30 09:30:11.120,3.378,400
2020-10-30 09:30:12.330,3.376,40000
2020-10-30 09:30:12.330,3.376,9500
2020-10-30 09:30:12.330,3.376,500
2020-10-30 09:30:12.330,3.375,11500
2020-10-30 09:30:12.330,3.375,100
2020-10-30 09:30:12.330,3.375,19900
2020-10-30 09:30:12.540,3.377,9000
2020-10-30 09:30:12.930,3.377,10000
2020-10-30 09:30:13.780,3.376,10000
2020-10-30 09:30:14.800,3.376,1900
2020-10-30 09:30:14.940,3.377,10000
2020-10-30 09:30:15.310,3.378,1600
2020-10-30 09:30:15.310,3.378,20000
2020-10-30 09:30:15.310,3.378,3000
2020-10-30 09:30:15.310,3.378,100
2020-10-30 09:30:15.310,3.378,15300
2020-10-30 09:30:15.760,3.378,10000
2020-10-30 09:30:16.680,3.378,1000
2020-10-30 09:30:16.740,3.378,24500
2020-10-30 09:30:18.070,3.378,1500
2020-10-30 09:30:18.440,3.378,200
2020-10-30 09:30:19.080,3.378,1900
2020-10-30 09:30:20.250,3.378,1900
2020-10-30 09:30:20.250,3.378,8000
2020-10-30 09:30:20.250,3.378,112800
2020-10-30 09:30:21.160,3.378,100
2020-10-30 09:30:22.720,3.379,5000
2020-10-30 09:30:24.280,3.379,200
2020-10-30 09:30:24.580,3.378,2000
2020-10-30 09:30:25.370,3.378,2800
2020-10-30 09:30:25.390,3.379,4800
2020-10-30 09:30:25.390,3.379,7400
2020-10-30 09:30:25.390,3.379,5000
2020-10-30 09:30:25.390,3.379,4000
2020-10-30 09:30:25.390,3.379,8800
2020-10-30 09:30:26.020,3.378,182300
2020-10-30 09:30:26.020,3.378,100
2020-10-30 09:30:26.020,3.378,6000
2020-10-30 09:30:26.020,3.378,3300
2020-10-30 09:30:26.100,3.378,2500
2020-10-30 09:30:26.400,3.378,10000
2020-10-30 09:30:26.940,3.378,1000
2020-10-30 09:30:27.100,3.378,5000
2020-10-30 09:30:27.840,3.378,300
2020-10-30 09:30:28.180,3.377,2500
2020-10-30 09:30:28.550,3.377,297500
2020-10-30 09:30:28.550,3.377,1000
2020-10-30 09:30:28.890,3.377,1500
2020-10-30 09:30:28.890,3.378,168500
2020-10-30 09:30:29.200,3.378,10000
2020-10-30 09:30:29.260,3.378,100
2020-10-30 09:30:29.290,3.378,9000
2020-10-30 09:30:31.470,3.376,5000
2020-10-30 09:30:31.470,3.376,13000
2020-10-30 09:30:31.850,3.377,5000
2020-10-30 09:30:31.910,3.376,3000
2020-10-30 09:30:32.220,3.377,800
2020-10-30 09:30:32.530,3.377,10000
2020-10-30 09:30:34.070,3.377,100
2020-10-30 09:30:35.340,3.376,34000
2020-10-30 09:30:35.340,3.376,4000
2020-10-30 09:30:35.340,3.376,30000
2020-10-30 09:30:35.340,3.376,10000
2020-10-30 09:30:35.340,3.376,40000
2020-10-30 09:30:35.340,3.376,300000
2020-10-30 09:30:35.340,3.376,40000
2020-10-30 09:30:35.760,3.376,200
2020-10-30 09:30:35.920,3.376,30000
2020-10-30 09:30:36.360,3.376,10000
2020-10-30 09:30:36.950,3.376,300000
2020-10-30 09:30:36.950,3.376,30000
2020-10-30 09:30:36.980,3.376,10000
2020-10-30 09:30:37.880,3.376,40000
2020-10-30 09:30:37.880,3.376,21800
2020-10-30 09:30:37.880,3.376,8200
2020-10-30 09:30:37.970,3.376,10000
2020-10-30 09:30:38.390,3.376,10000
2020-10-30 09:30:38.540,3.376,10000
2020-10-30 09:30:38.540,3.376,200000
2020-10-30 09:30:38.540,3.376,30000
2020-10-30 09:30:38.730,3.375,3000
2020-10-30 09:30:39.340,3.376,21000
2020-10-30 09:30:39.340,3.376,40000
2020-10-30 09:30:39.340,3.376,300000
2020-10-30 09:30:39.370,3.376,10000
2020-10-30 09:30:39.370,3.376,10000
2020-10-30 09:30:40.390,3.376,10000
2020-10-30 09:30:40.390,3.376,10000
2020-10-30 09:30:40.390,3.375,10000
2020-10-30 09:30:40.570,3.376,230800
2020-10-30 09:30:40.570,3.376,69200
2020-10-30 09:30:40.700,3.376,300000
2020-10-30 09:30:40.720,3.376,40000
2020-10-30 09:30:40.720,3.376,30000
2020-10-30 09:30:40.720,3.376,40000
2020-10-30 09:30:40.870,3.376,40000
2020-10-30 09:30:40.870,3.376,10000
2020-10-30 09:30:41.540,3.376,10000
2020-10-30 09:30:41.540,3.376,10000
2020-10-30 09:30:41.760,3.376,2000
2020-10-30 09:30:41.890,3.376,40000
2020-10-30 09:30:41.950,3.376,300000
2020-10-30 09:30:42.290,3.376,8800
2020-10-30 09:30:42.290,3.376,5000
2020-10-30 09:30:42.290,3.376,26200
2020-10-30 09:30:42.290,3.376,3800
2020-10-30 09:30:42.290,3.377,10000
2020-10-30 09:30:42.880,3.376,1000
2020-10-30 09:30:42.980,3.377,10000
2020-10-30 09:30:43.340,3.377,40000
2020-10-30 09:30:43.860,3.377,10000
2020-10-30 09:30:44.140,3.377,300000
2020-10-30 09:30:44.470,3.377,2800
2020-10-30 09:30:44.470,3.377,10000
2020-10-30 09:30:44.500,3.377,59300
2020-10-30 09:30:44.660,3.376,400
2020-10-30 09:30:44.880,3.376,3000
2020-10-30 09:30:44.910,3.377,10000
2020-10-30 09:30:45.300,3.376,1800
2020-10-30 09:30:45.300,3.376,40000
2020-10-30 09:30:45.300,3.376,70400
2020-10-30 09:30:45.420,3.376,6000
2020-10-30 09:30:45.790,3.376,50000
2020-10-30 09:30:45.880,3.377,10000
2020-10-30 09:30:45.880,3.377,10000
2020-10-30 09:30:45.920,3.376,242500
2020-10-30 09:30:46.400,3.377,40000
2020-10-30 09:30:46.950,3.377,500
2020-10-30 09:30:46.950,3.377,9500
2020-10-30 09:30:47.400,3.377,500
2020-10-30 09:30:47.560,3.378,5900
2020-10-30 09:30:47.560,3.378,11400
2020-10-30 09:30:47.560,3.378,40000
2020-10-30 09:30:47.560,3.378,20000
2020-10-30 09:30:47.560,3.378,20000
2020-10-30 09:30:47.560,3.378,1600
2020-10-30 09:30:48.860,3.378,11100
2020-10-30 09:30:50.400,3.378,190000
2020-10-30 09:30:50.400,3.378,10000
2020-10-30 09:30:50.400,3.378,40000
2020-10-30 09:30:50.400,3.377,29500
2020-10-30 09:30:50.400,3.377,10000
2020-10-30 09:30:50.400,3.377,300000
2020-10-30 09:30:50.400,3.377,300000
2020-10-30 09:30:50.400,3.377,40000
2020-10-30 09:30:50.400,3.377,80500
2020-10-30 09:30:50.440,3.377,1500
2020-10-30 09:30:50.440,3.379,5000
2020-10-30 09:30:51.410,3.378,4900
2020-10-30 09:30:52.860,3.379,10000
2020-10-30 09:30:53.320,3.378,5100
2020-10-30 09:30:53.320,3.378,14900
2020-10-30 09:30:53.510,3.379,6200
2020-10-30 09:30:53.510,3.379,1000
2020-10-30 09:30:53.510,3.379,2800
2020-10-30 09:30:54.480,3.379,10000
2020-10-30 09:30:55.970,3.378,600
2020-10-30 09:30:55.970,3.379,10000
2020-10-30 09:30:57.090,3.378,2000
2020-10-30 09:30:57.870,3.379,1000
2020-10-30 09:30:57.930,3.378,2500
2020-10-30 09:30:57.930,3.378,10000
2020-10-30 09:30:57.930,3.377,7500
2020-10-30 09:30:58.210,3.379,2600
2020-10-30 09:30:58.310,3.377,10000
2020-10-30 09:30:58.590,3.378,5000
2020-10-30 09:30:58.860,3.378,10000
2020-10-30 09:30:58.860,3.378,40000
2020-10-30 09:30:58.860,3.378,40000
2020-10-30 09:30:59.420,3.378,30000
2020-10-30 09:31:00.020,3.378,2000
2020-10-30 09:31:00.080,3.378,173000
2020-10-30 09:31:00.080,3.378,6100
2020-10-30 09:31:00.080,3.378,500
2020-10-30 09:31:00.080,3.379,5800
2020-10-30 09:31:00.080,3.379,20000
2020-10-30 09:31:00.080,3.379,19700
2020-10-30 09:31:00.080,3.379,5000
2020-10-30 09:31:00.080,3.379,69900
2020-10-30 09:31:00.250,3.377,1200
2020-10-30 09:31:00.890,3.379,2500
2020-10-30 09:31:00.920,3.379,1000
2020-10-30 09:31:00.950,3.378,1100
2020-10-30 09:31:02.680,3.379,300000
2020-10-30 09:31:02.680,3.378,100
2020-10-30 09:31:03.000,3.379,100000
2020-10-30 09:31:03.150,3.378,3000
2020-10-30 09:31:03.240,3.379,300000
2020-10-30 09:31:03.430,3.378,2000
2020-10-30 09:31:03.760,3.379,126600
2020-10-30 09:31:03.760,3.379,11500
2020-10-30 09:31:03.760,3.379,20000
2020-10-30 09:31:04.360,3.38,600
2020-10-30 09:31:04.820,3.379,300
2020-10-30 09:31:07.030,3.379,5000
2020-10-30 09:31:07.030,3.379,2000
2020-10-30 09:31:07.460,3.38,1900
2020-10-30 09:31:07.460,3.38,1000
2020-10-30 09:31:07.460,3.38,9900
2020-10-30 09:31:07.460,3.38,20000
2020-10-30 09:31:07.460,3.38,900
2020-10-30 09:31:07.460,3.38,300
2020-10-30 09:31:07.460,3.38,10000
2020-10-30 09:31:07.460,3.38,1000
2020-10-30 09:31:07.460,3.38,200
2020-10-30 09:31:07.460,3.38,5000
2020-10-30 09:31:07.460,3.38,3000
2020-10-30 09:31:07.460,3.381,30000
2020-10-30 09:31:07.460,3.381,30000
2020-10-30 09:31:07.460,3.381,200
2020-10-30 09:31:07.460,3.381,21200
2020-10-30 09:31:07.890,3.379,3300
2020-10-30 09:31:08.020,3.379,11400
2020-10-30 09:31:08.660,3.379,285300
2020-10-30 09:31:09.270,3.378,100
2020-10-30 09:31:09.370,3.379,5000
2020-10-30 09:31:09.650,3.379,9500
2020-10-30 09:31:10.620,3.379,5000
2020-10-30 09:31:11.640,3.379,3500
2020-10-30 09:31:12.330,3.379,300
2020-10-30 09:31:12.720,3.379,20000
2020-10-30 09:31:13.160,3.379,59300
2020-10-30 09:31:13.160,3.379,140700
2020-10-30 09:31:14.270,3.379,12000
2020-10-30 09:31:14.300,3.378,3500
2020-10-30 09:31:14.300,3.378,5000
2020-10-30 09:31:14.300,3.378,11500
2020-10-30 09:31:17.160,3.378,288500
2020-10-30 09:31:17.160,3.378,300000
2020-10-30 09:31:17.160,3.378,33800
2020-10-30 09:31:17.160,3.378,10000
2020-10-30 09:31:17.160,3.378,8000
2020-10-30 09:31:17.160,3.378,40000
2020-10-30 09:31:17.160,3.378,5400
2020-10-30 09:31:17.160,3.378,500
2020-10-30 09:31:17.160,3.378,3500
2020-10-30 09:31:17.600,3.378,4200
2020-10-30 09:31:18.450,3.378,22500
2020-10-30 09:31:18.550,3.378,183600
2020-10-30 09:31:18.550,3.378,116400
2020-10-30 09:31:18.550,3.378,189000
2020-10-30 09:31:18.760,3.379,2000
2020-10-30 09:31:19.040,3.379,338100
2020-10-30 09:31:19.040,3.378,111000
2020-10-30 09:31:21.450,3.378,50000
2020-10-30 09:31:22.710,3.378,8900
2020-10-30 09:31:22.920,3.378,300000
2020-10-30 09:31:22.920,3.378,300000
2020-10-30 09:31:23.760,3.378,8000
2020-10-30 09:31:23.890,3.378,9100
2020-10-30 09:31:24.550,3.378,2500
2020-10-30 09:31:24.980,3.378,7200
2020-10-30 09:31:26.150,3.378,600
2020-10-30 09:31:26.790,3.378,200
2020-10-30 09:31:26.790,3.378,100
2020-10-30 09:31:28.040,3.377,200
2020-10-30 09:31:28.040,3.377,2000
2020-10-30 09:31:28.040,3.377,200
2020-10-30 09:31:28.040,3.377,2600
2020-10-30 09:31:29.480,3.377,1100
2020-10-30 09:31:30.000,3.378,7300
2020-10-30 09:31:30.370,3.378,50000
2020-10-30 09:31:30.430,3.378,17700
2020-10-30 09:31:30.820,3.378,1000
2020-10-30 09:31:30.880,3.378,2000
2020-10-30 09:31:31.900,3.378,6000
2020-10-30 09:31:32.200,3.377,1300
2020-10-30 09:31:32.200,3.377,3700
2020-10-30 09:31:33.130,3.377,1300
2020-10-30 09:31:33.130,3.377,3200
2020-10-30 09:31:33.130,3.377,15700
2020-10-30 09:31:34.490,3.377,8900
2020-10-30 09:31:35.720,3.377,25400
2020-10-30 09:31:35.720,3.377,4800
2020-10-30 09:31:37.500,3.376,2100
2020-10-30 09:31:37.500,3.376,2900
2020-10-30 09:31:37.920,3.377,10000
2020-10-30 09:31:38.560,3.376,400
2020-10-30 09:31:39.880,3.377,100
2020-10-30 09:31:39.930,3.377,109600
2020-10-30 09:31:39.930,3.377,18400
2020-10-30 09:31:39.930,3.377,1000
2020-10-30 09:31:39.930,3.377,5000
2020-10-30 09:31:39.930,3.377,5000
2020-10-30 09:31:39.930,3.377,100
2020-10-30 09:31:39.930,3.378,25000
2020-10-30 09:31:39.930,3.378,2000
2020-10-30 09:31:39.930,3.378,1200
2020-10-30 09:31:39.930,3.378,4000
2020-10-30 09:31:39.930,3.378,10000
2020-10-30 09:31:39.930,3.378,1000
2020-10-30 09:31:39.930,3.378,60000
2020-10-30 09:31:39.930,3.378,1000
2020-10-30 09:31:39.930,3.378,3000
2020-10-30 09:31:39.930,3.378,107100
2020-10-30 09:31:39.930,3.378,85700
2020-10-30 09:31:43.040,3.378,2000
2020-10-30 09:31:43.500,3.377,700
2020-10-30 09:31:43.940,3.377,160200
2020-10-30 09:31:43.940,3.377,300000
2020-10-30 09:31:43.940,3.377,40000
2020-10-30 09:31:43.940,3.377,30000
2020-10-30 09:31:43.940,3.377,40000
2020-10-30 09:31:43.940,3.377,300000
2020-10-30 09:31:43.940,3.377,29800
2020-10-30 09:31:44.510,3.376,6700
2020-10-30 09:31:44.510,3.376,4900
2020-10-30 09:31:44.510,3.376,3400
2020-10-30 09:31:45.430,3.376,4800
2020-10-30 09:31:47.940,3.377,1000
2020-10-30 09:31:48.270,3.376,12700
2020-10-30 09:31:48.360,3.377,7000
2020-10-30 09:31:48.660,3.376,2000
2020-10-30 09:31:48.960,3.376,700
2020-10-30 09:31:49.770,3.377,1700
2020-10-30 09:31:49.770,3.377,1300
2020-10-30 09:31:50.820,3.376,800
2020-10-30 09:31:51.430,3.377,100
2020-10-30 09:31:51.670,3.376,15000
2020-10-30 09:31:52.070,3.377,1600
2020-10-30 09:31:52.070,3.377,8400
2020-10-30 09:31:52.300,3.376,7000
2020-10-30 09:31:54.580,3.376,3000
2020-10-30 09:31:56.050,3.377,2000
2020-10-30 09:31:56.050,3.377,300
2020-10-30 09:31:56.050,3.377,300
2020-10-30 09:31:56.080,3.377,17400
2020-10-30 09:31:56.080,3.376,14200
2020-10-30 09:31:56.080,3.376,3000
2020-10-30 09:31:56.080,3.376,500
2020-10-30 09:31:56.080,3.376,5000
2020-10-30 09:31:56.080,3.376,2400
2020-10-30 09:31:56.080,3.376,33900
2020-10-30 09:31:56.080,3.376,300000
2020-10-30 09:31:56.080,3.376,2000
2020-10-30 09:31:56.080,3.376,30000
2020-10-30 09:31:56.080,3.376,40000
2020-10-30 09:31:56.080,3.376,40000
2020-10-30 09:31:56.080,3.376,200000
2020-10-30 09:31:56.590,3.376,10000
2020-10-30 09:31:57.020,3.376,300
2020-10-30 09:31:57.020,3.376,6400
2020-10-30 09:31:57.080,3.376,107200
2020-10-30 09:31:57.740,3.377,300000
2020-10-30 09:31:57.740,3.377,500
2020-10-30 09:31:59.020,3.376,192800
2020-10-30 09:31:59.020,3.376,300000
2020-10-30 09:31:59.020,3.376,1300
2020-10-30 09:31:59.020,3.376,40000
2020-10-30 09:31:59.020,3.376,5000
2020-10-30 09:31:59.020,3.376,40000
2020-10-30 09:31:59.520,3.376,1200
2020-10-30 09:31:59.700,3.376,200000
2020-10-30 09:31:59.940,3.376,800
2020-10-30 09:32:00.480,3.376,30000
2020-10-30 09:32:01.710,3.376,4000
2020-10-30 09:32:02.150,3.376,100
2020-10-30 09:32:02.580,3.375,7000
2020-10-30 09:32:02.580,3.375,3000
2020-10-30 09:32:03.490,3.376,10000
2020-10-30 09:32:04.100,3.375,3600
2020-10-30 09:32:04.100,3.375,1600
2020-10-30 09:32:04.100,3.375,1000
2020-10-30 09:32:04.100,3.375,1000
2020-10-30 09:32:04.100,3.375,1000
2020-10-30 09:32:04.100,3.375,39100
2020-10-30 09:32:04.100,3.375,2000
2020-10-30 09:32:04.100,3.375,10000
2020-10-30 09:32:04.100,3.375,2900
2020-10-30 09:32:04.100,3.375,1000
2020-10-30 09:32:04.100,3.375,3000
2020-10-30 09:32:04.100,3.375,10000
2020-10-30 09:32:04.100,3.375,300
2020-10-30 09:32:04.100,3.375,78500
2020-10-30 09:32:04.100,3.375,5000
2020-10-30 09:32:04.100,3.375,5000
2020-10-30 09:32:04.100,3.375,300
2020-10-30 09:32:04.100,3.375,3000
2020-10-30 09:32:04.100,3.375,10000
2020-10-30 09:32:04.100,3.375,500
2020-10-30 09:32:04.100,3.375,50000
2020-10-30 09:32:04.100,3.375,500
2020-10-30 09:32:04.100,3.375,100
2020-10-30 09:32:04.100,3.375,30000
2020-10-30 09:32:04.100,3.375,14700
2020-10-30 09:32:04.100,3.375,1300
2020-10-30 09:32:04.100,3.375,100
2020-10-30 09:32:04.100,3.375,2100
2020-10-30 09:32:04.100,3.375,3300
2020-10-30 09:32:04.100,3.375,2000
2020-10-30 09:32:04.100,3.375,10000
2020-10-30 09:32:04.100,3.375,1000
2020-10-30 09:32:04.100,3.375,10000
2020-10-30 09:32:04.100,3.375,100
2020-10-30 09:32:04.100,3.375,100
2020-10-30 09:32:04.100,3.375,1400
2020-10-30 09:32:04.100,3.375,1000
2020-10-30 09:32:04.100,3.375,93500
2020-10-30 09:32:04.800,3.376,5000
2020-10-30 09:32:05.070,3.375,43900
2020-10-30 09:32:05.690,3.375,362600
2020-10-30 09:32:05.690,3.375,50000
2020-10-30 09:32:05.690,3.375,50000
2020-10-30 09:32:05.690,3.374,600
2020-10-30 09:32:05.690,3.374,2700
2020-10-30 09:32:05.690,3.374,10000
2020-10-30 09:32:05.690,3.374,5000
2020-10-30 09:32:05.690,3.374,2000
2020-10-30 09:32:05.690,3.374,317100
2020-10-30 09:32:06.810,3.375,2500
2020-10-30 09:32:06.810,3.375,47500
2020-10-30 09:32:08.460,3.374,282900
2020-10-30 09:32:08.460,3.374,6000
2020-10-30 09:32:08.460,3.374,3000
2020-10-30 09:32:08.460,3.374,3000
2020-10-30 09:32:08.460,3.374,1200
2020-10-30 09:32:08.460,3.374,3400
2020-10-30 09:32:08.460,3.374,500
2020-10-30 09:32:08.530,3.375,4100
2020-10-30 09:32:08.530,3.375,2100
2020-10-30 09:32:09.120,3.374,106600
2020-10-30 09:32:10.040,3.373,10000
2020-10-30 09:32:10.040,3.373,100
2020-10-30 09:32:10.040,3.373,100
2020-10-30 09:32:10.040,3.373,100
2020-10-30 09:32:10.040,3.373,200
2020-10-30 09:32:10.040,3.373,5000
2020-10-30 09:32:10.040,3.373,5000
2020-10-30 09:32:10.040,3.373,161900
2020-10-30 09:32:10.040,3.373,700
2020-10-30 09:32:10.040,3.373,500
2020-10-30 09:32:10.040,3.373,3000
2020-10-30 09:32:10.040,3.373,11000
2020-10-30 09:32:10.040,3.373,5000
2020-10-30 09:32:10.040,3.373,2000
2020-10-30 09:32:10.040,3.373,5000
2020-10-30 09:32:10.040,3.373,60000
2020-10-30 09:32:10.040,3.373,1000
2020-10-30 09:32:10.040,3.373,6000
2020-10-30 09:32:13.230,3.374,6000
2020-10-30 09:32:13.230,3.374,294000
2020-10-30 09:32:13.330,3.374,2000
2020-10-30 09:32:13.980,3.374,7000
2020-10-30 09:32:14.010,3.374,40000
2020-10-30 09:32:14.040,3.374,59300
2020-10-30 09:32:14.140,3.374,5000
2020-10-30 09:32:14.800,3.374,400
2020-10-30 09:32:15.210,3.373,12100
2020-10-30 09:32:15.210,3.373,10200
2020-10-30 09:32:15.210,3.373,40000
2020-10-30 09:32:15.210,3.373,40000
2020-10-30 09:32:15.210,3.373,42400
2020-10-30 09:32:15.210,3.373,40000
2020-10-30 09:32:15.210,3.373,700
2020-10-30 09:32:15.210,3.373,16500
2020-10-30 09:32:15.400,3.374,1500
2020-10-30 09:32:16.270,3.374,3600
2020-10-30 09:32:16.270,3.374,296400
2020-10-30 09:32:16.270,3.374,300000
2020-10-30 09:32:16.960,3.373,4900
2020-10-30 09:32:17.050,3.373,1100
2020-10-30 09:32:17.990,3.374,10000
2020-10-30 09:32:19.050,3.373,3000
2020-10-30 09:32:19.810,3.374,57200
2020-10-30 09:32:19.960,3.373,8900
2020-10-30 09:32:20.240,3.373,2900
2020-10-30 09:32:20.270,3.373,1400
2020-10-30 09:32:21.070,3.374,500
2020-10-30 09:32:21.460,3.374,1000
2020-10-30 09:32:22.250,3.374,10000
2020-10-30 09:32:22.490,3.374,6400
2020-10-30 09:32:22.630,3.373,300000
2020-10-30 09:32:22.630,3.373,2000
2020-10-30 09:32:22.630,3.373,40000
2020-10-30 09:32:22.630,3.373,40000
2020-10-30 09:32:22.630,3.373,900
2020-10-30 09:32:22.630,3.373,1400
2020-10-30 09:32:22.630,3.373,5000
2020-10-30 09:32:23.430,3.372,10000
2020-10-30 09:32:23.660,3.373,500
2020-10-30 09:32:23.920,3.373,10000
2020-10-30 09:32:24.220,3.373,300000
2020-10-30 09:32:24.610,3.373,200300
2020-10-30 09:32:24.610,3.373,69000
2020-10-30 09:32:25.760,3.374,10000
2020-10-30 09:32:25.890,3.374,10000
2020-10-30 09:32:26.130,3.374,198500
2020-10-30 09:32:26.130,3.374,2400
2020-10-30 09:32:26.130,3.374,9000
2020-10-30 09:32:26.130,3.374,90100
2020-10-30 09:32:26.350,3.374,10000
2020-10-30 09:32:27.480,3.373,1000
2020-10-30 09:32:28.260,3.374,2000
2020-10-30 09:32:29.030,3.373,10000
2020-10-30 09:32:29.090,3.374,2300
2020-10-30 09:32:29.090,3.374,2700
2020-10-30 09:32:29.940,3.373,500
2020-10-30 09:32:31.840,3.373,2700
2020-10-30 09:32:32.180,3.373,25800
2020-10-30 09:32:32.180,3.373,300000
2020-10-30 09:32:32.180,3.373,300000
2020-10-30 09:32:32.180,3.373,2900
2020-10-30 09:32:32.180,3.373,40000
2020-10-30 09:32:32.180,3.373,231300
2020-10-30 09:32:32.520,3.373,400
2020-10-30 09:32:33.120,3.374,3700
2020-10-30 09:32:33.120,3.374,16000
2020-10-30 09:32:33.120,3.374,17400
2020-10-30 09:32:33.120,3.374,12900
2020-10-30 09:32:34.620,3.373,2300
2020-10-30 09:32:34.620,3.373,5000
2020-10-30 09:32:34.620,3.373,5000
2020-10-30 09:32:34.950,3.372,2000
2020-10-30 09:32:34.950,3.372,5000
2020-10-30 09:32:34.950,3.372,1000
2020-10-30 09:32:35.890,3.373,1000
2020-10-30 09:32:36.990,3.373,2000
2020-10-30 09:32:37.220,3.373,4000
2020-10-30 09:32:42.530,3.373,1000
2020-10-30 09:32:42.560,3.372,4000
2020-10-30 09:32:42.560,3.372,100
2020-10-30 09:32:42.560,3.372,200
2020-10-30 09:32:42.560,3.372,1700
2020-10-30 09:32:43.860,3.372,1300
2020-10-30 09:32:43.860,3.372,300
2020-10-30 09:32:43.860,3.372,400
2020-10-30 09:32:43.860,3.372,1600
2020-10-30 09:32:43.860,3.372,1400
2020-10-30 09:32:44.770,3.372,600
2020-10-30 09:32:44.770,3.372,900
2020-10-30 09:32:44.770,3.372,11000
2020-10-30 09:32:44.770,3.372,2000
2020-10-30 09:32:44.770,3.372,2000
2020-10-30 09:32:44.770,3.372,200
2020-10-30 09:32:44.770,3.372,1000
2020-10-30 09:32:44.770,3.372,500
2020-10-30 09:32:44.770,3.372,33800
2020-10-30 09:32:44.770,3.372,1000
2020-10-30 09:32:44.770,3.372,5000
2020-10-30 09:32:44.770,3.372,2000
2020-10-30 09:32:44.770,3.372,100
2020-10-30 09:32:44.770,3.372,10000
2020-10-30 09:32:44.770,3.372,1500
2020-10-30 09:32:44.770,3.372,13900
2020-10-30 09:32:44.770,3.372,500
2020-10-30 09:32:44.770,3.372,268300
2020-10-30 09:32:44.770,3.372,5000
2020-10-30 09:32:44.770,3.372,3000
2020-10-30 09:32:44.770,3.372,50000
2020-10-30 09:32:44.770,3.372,10000
2020-10-30 09:32:44.770,3.372,300
2020-10-30 09:32:46.580,3.372,5000
2020-10-30 09:32:49.040,3.372,300000
2020-10-30 09:32:49.040,3.372,172400
2020-10-30 09:32:49.040,3.372,5000
2020-10-30 09:32:49.040,3.372,122600
2020-10-30 09:32:49.040,3.372,300000
2020-10-30 09:32:49.160,3.372,130700
2020-10-30 09:32:49.370,3.371,10000
2020-10-30 09:32:49.370,3.371,2300
2020-10-30 09:32:49.370,3.371,100
2020-10-30 09:32:49.370,3.371,10000
2020-10-30 09:32:49.370,3.371,200
2020-10-30 09:32:49.370,3.371,1000
2020-10-30 09:32:49.370,3.371,10000
2020-10-30 09:32:49.370,3.371,5000
2020-10-30 09:32:49.370,3.371,100
2020-10-30 09:32:49.370,3.371,2000
2020-10-30 09:32:49.370,3.371,17800
2020-10-30 09:32:49.370,3.371,1500
2020-10-30 09:32:49.370,3.371,300
2020-10-30 09:32:49.370,3.371,100
2020-10-30 09:32:49.370,3.371,200
2020-10-30 09:32:49.370,3.371,300
2020-10-30 09:32:49.370,3.371,10000
2020-10-30 09:32:49.370,3.371,300
2020-10-30 09:32:49.370,3.371,5000
2020-10-30 09:32:49.370,3.371,5000
2020-10-30 09:32:49.370,3.371,1000
2020-10-30 09:32:49.370,3.371,5000
2020-10-30 09:32:49.370,3.371,1000
2020-10-30 09:32:49.370,3.371,5000
2020-10-30 09:32:49.370,3.371,600
2020-10-30 09:32:49.370,3.371,2000
2020-10-30 09:32:49.370,3.371,2000
2020-10-30 09:32:49.370,3.371,1500
2020-10-30 09:32:49.370,3.371,11000
2020-10-30 09:32:49.370,3.371,2000
2020-10-30 09:32:49.370,3.371,10000
2020-10-30 09:32:49.370,3.371,300
2020-10-30 09:32:49.370,3.371,9600
2020-10-30 09:32:49.610,3.372,40000
2020-10-30 09:32:49.610,3.372,6700
2020-10-30 09:32:49.610,3.372,6700
2020-10-30 09:32:49.610,3.372,1000
2020-10-30 09:32:49.900,3.373,5400
2020-10-30 09:32:49.900,3.373,94600
2020-10-30 09:32:50.270,3.373,10000
2020-10-30 09:32:50.520,3.372,15600
2020-10-30 09:32:50.520,3.372,20000
2020-10-30 09:32:50.520,3.372,204700
2020-10-30 09:32:50.610,3.372,500
2020-10-30 09:32:50.760,3.372,53400
2020-10-30 09:32:50.850,3.373,10000
2020-10-30 09:32:51.420,3.373,300000
2020-10-30 09:32:51.420,3.372,41400
2020-10-30 09:32:51.420,3.372,1000
2020-10-30 09:32:51.420,3.372,157600
2020-10-30 09:32:51.510,3.372,100
2020-10-30 09:32:51.790,3.373,50000
2020-10-30 09:32:52.280,3.373,500
2020-10-30 09:32:52.310,3.372,20700
2020-10-30 09:32:52.340,3.372,5900
2020-10-30 09:32:52.450,3.372,7000
2020-10-30 09:32:53.970,3.372,20100
2020-10-30 09:32:54.410,3.372,6000
2020-10-30 09:32:55.400,3.373,2300
2020-10-30 09:32:56.780,3.373,100
2020-10-30 09:32:57.440,3.372,300
2020-10-30 09:32:58.170,3.372,1000
2020-10-30 09:32:58.830,3.372,8700
2020-10-30 09:32:58.830,3.372,100
2020-10-30 09:32:58.830,3.372,5100
2020-10-30 09:32:58.830,3.372,18000
2020-10-30 09:32:58.850,3.372,28100
2020-10-30 09:33:00.290,3.372,10000
2020-10-30 09:33:00.560,3.373,1000
2020-10-30 09:33:00.990,3.372,8000
2020-10-30 09:33:02.370,3.372,12000
2020-10-30 09:33:02.370,3.372,34200
2020-10-30 09:33:02.660,3.372,2000
2020-10-30 09:33:02.660,3.372,5000
2020-10-30 09:33:02.660,3.372,5000
2020-10-30 09:33:02.780,3.373,4200
2020-10-30 09:33:03.580,3.373,3000
2020-10-30 09:33:03.580,3.372,4000
2020-10-30 09:33:04.330,3.372,200
2020-10-30 09:33:05.120,3.371,500
2020-10-30 09:33:05.120,3.371,2800
2020-10-30 09:33:05.120,3.371,10000
2020-10-30 09:33:05.120,3.371,15000
2020-10-30 09:33:05.120,3.371,38000
2020-10-30 09:33:05.120,3.371,4000
2020-10-30 09:33:05.120,3.371,1500
2020-10-30 09:33:05.120,3.371,5000
2020-10-30 09:33:05.120,3.371,10000
2020-10-30 09:33:05.120,3.371,10000
2020-10-30 09:33:05.120,3.371,18500
2020-10-30 09:33:05.120,3.371,8000
2020-10-30 09:33:05.120,3.371,3000
2020-10-30 09:33:05.120,3.371,10000
2020-10-30 09:33:05.120,3.371,1000
2020-10-30 09:33:05.120,3.371,2000
2020-10-30 09:33:05.120,3.371,11000
2020-10-30 09:33:05.120,3.371,40000
2020-10-30 09:33:05.120,3.371,10100
2020-10-30 09:33:05.120,3.371,10000
2020-10-30 09:33:05.120,3.371,10000
2020-10-30 09:33:05.120,3.371,2000
2020-10-30 09:33:05.120,3.371,9400
2020-10-30 09:33:05.120,3.371,3000
2020-10-30 09:33:05.120,3.371,1000
2020-10-30 09:33:05.450,3.371,500
2020-10-30 09:33:07.380,3.371,32100
2020-10-30 09:33:07.380,3.371,200
2020-10-30 09:33:08.900,3.372,30000
2020-10-30 09:33:08.930,3.372,10000
2020-10-30 09:33:09.450,3.372,10000
2020-10-30 09:33:09.600,3.372,30000
2020-10-30 09:33:09.630,3.371,63500
2020-10-30 09:33:12.710,3.372,1000
2020-10-30 09:33:14.350,3.372,100
2020-10-30 09:33:14.440,3.371,1000
2020-10-30 09:33:14.840,3.371,30000
2020-10-30 09:33:14.940,3.372,10000
2020-10-30 09:33:15.410,3.372,2000
2020-10-30 09:33:15.410,3.371,3200
2020-10-30 09:33:15.830,3.371,12300
2020-10-30 09:33:16.500,3.372,200
2020-10-30 09:33:17.510,3.372,6700
2020-10-30 09:33:17.510,3.372,100
2020-10-30 09:33:17.510,3.372,1500
2020-10-30 09:33:17.510,3.372,7000
2020-10-30 09:33:17.510,3.372,14700
2020-10-30 09:33:18.190,3.372,1300
2020-10-30 09:33:18.190,3.372,3700
2020-10-30 09:33:18.400,3.372,2000
2020-10-30 09:33:18.400,3.372,18000
2020-10-30 09:33:18.830,3.371,50000
2020-10-30 09:33:19.170,3.372,20000
2020-10-30 09:33:21.340,3.372,1400
2020-10-30 09:33:22.010,3.372,400
2020-10-30 09:33:22.410,3.372,2000
2020-10-30 09:33:23.700,3.371,25200
2020-10-30 09:33:23.990,3.371,2600
2020-10-30 09:33:24.730,3.372,1400
2020-10-30 09:33:26.420,3.372,6900
2020-10-30 09:33:27.040,3.372,8600
2020-10-30 09:33:27.570,3.372,5000
2020-10-30 09:33:28.140,3.372,1000
2020-10-30 09:33:28.490,3.371,2800
2020-10-30 09:33:30.220,3.371,2000
2020-10-30 09:33:31.190,3.372,2900
2020-10-30 09:33:31.310,3.372,1300
2020-10-30 09:33:31.310,3.372,8700
2020-10-30 09:33:31.610,3.372,10000
2020-10-30 09:33:31.610,3.372,1300
2020-10-30 09:33:31.610,3.372,600
2020-10-30 09:33:31.610,3.372,131900
2020-10-30 09:33:31.640,3.373,1000
2020-10-30 09:33:31.640,3.373,143400
2020-10-30 09:33:31.640,3.373,2800
2020-10-30 09:33:31.640,3.373,300
2020-10-30 09:33:31.640,3.373,18000
2020-10-30 09:33:31.640,3.373,3000
2020-10-30 09:33:32.230,3.373,100
2020-10-30 09:33:32.670,3.373,1000
2020-10-30 09:33:33.230,3.373,500
2020-10-30 09:33:33.800,3.373,6000
2020-10-30 09:33:34.180,3.373,123900
2020-10-30 09:33:34.180,3.373,20000
2020-10-30 09:33:34.610,3.373,8600
2020-10-30 09:33:34.670,3.372,300
2020-10-30 09:33:35.130,3.373,20000
2020-10-30 09:33:35.220,3.372,300
2020-10-30 09:33:35.280,3.373,50000
2020-10-30 09:33:35.410,3.373,197500
2020-10-30 09:33:35.410,3.374,48900
2020-10-30 09:33:35.410,3.374,5000
2020-10-30 09:33:35.410,3.374,5000
2020-10-30 09:33:35.410,3.374,3000
2020-10-30 09:33:35.410,3.375,17900
2020-10-30 09:33:35.410,3.375,4500
2020-10-30 09:33:35.410,3.375,2600
2020-10-30 09:33:35.410,3.375,5000
2020-10-30 09:33:35.410,3.375,10600
2020-10-30 09:33:37.270,3.375,6000
2020-10-30 09:33:38.090,3.373,600
2020-10-30 09:33:39.950,3.375,100
2020-10-30 09:33:39.950,3.375,100
2020-10-30 09:33:39.950,3.375,100
2020-10-30 09:33:39.950,3.375,100
2020-10-30 09:33:39.950,3.375,100
2020-10-30 09:33:39.950,3.375,100
2020-10-30 09:33:40.010,3.375,100
2020-10-30 09:33:40.010,3.375,100
2020-10-30 09:33:40.040,3.375,100
2020-10-30 09:33:40.040,3.375,100
2020-10-30 09:33:40.040,3.375,100
2020-10-30 09:33:40.040,3.375,100
2020-10-30 09:33:40.110,3.375,100
2020-10-30 09:33:40.110,3.375,100
2020-10-30 09:33:40.110,3.375,100
2020-10-30 09:33:40.110,3.375,100
2020-10-30 09:33:40.110,3.375,100
2020-10-30 09:33:40.110,3.375,100
2020-10-30 09:33:40.110,3.375,100
2020-10-30 09:33:40.110,3.375,100
2020-10-30 09:33:40.170,3.375,100
2020-10-30 09:33:40.170,3.375,100
2020-10-30 09:33:40.170,3.375,100
2020-10-30 09:33:40.170,3.375,100
2020-10-30 09:33:40.170,3.375,100
2020-10-30 09:33:40.230,3.375,100
2020-10-30 09:33:40.230,3.375,100
2020-10-30 09:33:40.230,3.375,100
2020-10-30 09:33:40.230,3.375,100
2020-10-30 09:33:40.230,3.375,100
2020-10-30 09:33:40.230,3.375,100
2020-10-30 09:33:40.260,3.375,100
2020-10-30 09:33:40.260,3.375,100
2020-10-30 09:33:40.260,3.375,100
2020-10-30 09:33:40.350,3.375,100
2020-10-30 09:33:40.350,3.375,100
2020-10-30 09:33:40.350,3.375,100
2020-10-30 09:33:40.350,3.375,100
2020-10-30 09:33:40.350,3.375,100
2020-10-30 09:33:40.420,3.375,100
2020-10-30 09:33:40.420,3.375,100
2020-10-30 09:33:40.420,3.375,100
2020-10-30 09:33:40.420,3.375,100
2020-10-30 09:33:40.420,3.375,100
2020-10-30 09:33:40.610,3.375,100
2020-10-30 09:33:40.610,3.375,100
2020-10-30 09:33:40.610,3.375,100
2020-10-30 09:33:40.610,3.375,100
2020-10-30 09:33:40.610,3.375,100
2020-10-30 09:33:40.610,3.375,100
2020-10-30 09:33:40.610,3.375,100
2020-10-30 09:33:40.700,3.375,100
2020-10-30 09:33:40.700,3.375,100
2020-10-30 09:33:40.700,3.375,100
2020-10-30 09:33:40.700,3.375,100
2020-10-30 09:33:40.700,3.375,100
2020-10-30 09:33:40.700,3.375,100
2020-10-30 09:33:40.730,3.375,100
2020-10-30 09:33:40.730,3.375,100
2020-10-30 09:33:40.730,3.375,100
2020-10-30 09:33:40.730,3.375,100
2020-10-30 09:33:40.730,3.375,100
2020-10-30 09:33:40.730,3.375,100
2020-10-30 09:33:40.730,3.375,100
2020-10-30 09:33:40.730,3.375,100
2020-10-30 09:33:40.730,3.375,100
2020-10-30 09:33:40.790,3.375,100
2020-10-30 09:33:40.790,3.375,100
2020-10-30 09:33:40.790,3.375,100
2020-10-30 09:33:40.790,3.375,100
2020-10-30 09:33:40.790,3.375,100
2020-10-30 09:33:40.790,3.375,100
2020-10-30 09:33:40.790,3.375,100
2020-10-30 09:33:40.790,3.375,100
2020-10-30 09:33:40.790,3.375,100
2020-10-30 09:33:40.790,3.375,100
2020-10-30 09:33:40.790,3.375,100
2020-10-30 09:33:40.790,3.375,100
2020-10-30 09:33:40.850,3.375,100
2020-10-30 09:33:40.850,3.375,100
2020-10-30 09:33:40.850,3.375,100
2020-10-30 09:33:40.850,3.375,100
2020-10-30 09:33:40.850,3.375,100
2020-10-30 09:33:40.850,3.375,100
2020-10-30 09:33:40.920,3.375,100
2020-10-30 09:33:40.920,3.375,100
2020-10-30 09:33:40.920,3.375,100
2020-10-30 09:33:40.920,3.375,100
2020-10-30 09:33:40.920,3.375,100
2020-10-30 09:33:40.920,3.375,100
2020-10-30 09:33:40.920,3.375,100
2020-10-30 09:33:40.950,3.375,100
2020-10-30 09:33:40.950,3.375,100
2020-10-30 09:33:40.950,3.375,100
2020-10-30 09:33:40.950,3.375,100
2020-10-30 09:33:40.950,3.375,100
2020-10-30 09:33:41.010,3.375,100
2020-10-30 09:33:41.010,3.375,100
2020-10-30 09:33:41.010,3.375,100
2020-10-30 09:33:41.010,3.375,100
2020-10-30 09:33:41.290,3.373,900
2020-10-30 09:33:42.560,3.374,100
2020-10-30 09:33:42.590,3.375,35100
2020-10-30 09:33:43.640,3.375,10000
2020-10-30 09:33:45.060,3.374,19900
2020-10-30 09:33:45.060,3.374,11600
2020-10-30 09:33:47.350,3.375,900
2020-10-30 09:33:47.350,3.375,5400
2020-10-30 09:33:47.600,3.375,20000
2020-10-30 09:33:47.600,3.374,8400
2020-10-30 09:33:47.600,3.374,2000
2020-10-30 09:33:47.600,3.374,30000
2020-10-30 09:33:47.600,3.374,33700
2020-10-30 09:33:48.000,3.375,100
2020-10-30 09:33:48.090,3.375,3900
2020-10-30 09:33:48.230,3.375,4800
2020-10-30 09:33:51.480,3.375,100
2020-10-30 09:33:52.810,3.375,11500
2020-10-30 09:33:53.260,3.375,50000
2020-10-30 09:33:53.460,3.375,11500
2020-10-30 09:33:53.580,3.375,218200
2020-10-30 09:33:53.580,3.375,500
2020-10-30 09:33:53.580,3.375,400
2020-10-30 09:33:53.580,3.375,5000
2020-10-30 09:33:54.650,3.375,100
2020-10-30 09:33:55.630,3.375,11100
2020-10-30 09:33:55.630,3.375,18900
2020-10-30 09:33:57.250,3.375,15000
2020-10-30 09:33:57.250,3.375,1000
2020-10-30 09:33:57.830,3.375,5000
2020-10-30 09:33:58.120,3.375,3000
2020-10-30 09:33:58.120,3.375,100
2020-10-30 09:33:58.120,3.376,3000
2020-10-30 09:33:58.120,3.376,3900
2020-10-30 09:33:59.780,3.375,10000
2020-10-30 09:33:59.780,3.375,200
2020-10-30 09:34:00.800,3.375,100
2020-10-30 09:34:00.800,3.376,300
2020-10-30 09:34:02.290,3.375,3000
2020-10-30 09:34:02.290,3.375,4100
2020-10-30 09:34:02.290,3.374,6900
2020-10-30 09:34:02.760,3.374,2200
2020-10-30 09:34:03.800,3.375,5000
2020-10-30 09:34:04.660,3.375,5000
2020-10-30 09:34:04.660,3.375,10000
2020-10-30 09:34:04.660,3.374,1300
2020-10-30 09:34:04.660,3.374,1000
2020-10-30 09:34:04.660,3.374,100000
2020-10-30 09:34:05.400,3.374,800
2020-10-30 09:34:08.900,3.374,166600
2020-10-30 09:34:09.930,3.375,1100
2020-10-30 09:34:09.960,3.375,100
2020-10-30 09:34:10.670,3.375,2600
2020-10-30 09:34:10.930,3.375,10000
2020-10-30 09:34:11.080,3.375,3000
2020-10-30 09:34:11.140,3.375,10000
2020-10-30 09:34:11.760,3.374,400
2020-10-30 09:34:12.130,3.374,31200
2020-10-30 09:34:14.100,3.374,272400
2020-10-30 09:34:14.100,3.374,20000
2020-10-30 09:34:14.230,3.374,2000
2020-10-30 09:34:15.530,3.374,5600
2020-10-30 09:34:16.140,3.374,22200
2020-10-30 09:34:17.790,3.374,22000
2020-10-30 09:34:17.850,3.374,300
2020-10-30 09:34:18.240,3.373,5000
2020-10-30 09:34:18.520,3.374,5000
2020-10-30 09:34:18.640,3.374,20000
2020-10-30 09:34:19.530,3.374,4100
2020-10-30 09:34:20.790,3.374,1300
2020-10-30 09:34:20.970,3.374,5000
2020-10-30 09:34:21.200,3.374,20000
2020-10-30 09:34:21.430,3.374,2700
2020-10-30 09:34:21.460,3.373,5000
2020-10-30 09:34:21.460,3.373,30000
2020-10-30 09:34:21.460,3.373,27200
2020-10-30 09:34:22.030,3.374,1000
2020-10-30 09:34:22.150,3.374,20000
2020-10-30 09:34:22.420,3.373,22800
2020-10-30 09:34:22.420,3.373,500
2020-10-30 09:34:22.420,3.373,9000
2020-10-30 09:34:22.420,3.373,100
2020-10-30 09:34:22.420,3.373,20000
2020-10-30 09:34:22.420,3.373,50000
2020-10-30 09:34:22.420,3.373,30000
2020-10-30 09:34:22.420,3.373,300000
2020-10-30 09:34:22.420,3.373,50000
2020-10-30 09:34:22.420,3.373,100000
2020-10-30 09:34:22.420,3.373,317700
2020-10-30 09:34:22.630,3.374,20000
2020-10-30 09:34:22.630,3.374,40000
2020-10-30 09:34:22.670,3.374,300000
2020-10-30 09:34:22.700,3.374,16400
2020-10-30 09:34:22.700,3.374,100
2020-10-30 09:34:22.700,3.374,3800
2020-10-30 09:34:22.700,3.374,300
2020-10-30 09:34:22.880,3.374,9400
2020-10-30 09:34:22.880,3.374,10000
2020-10-30 09:34:23.110,3.374,20000
2020-10-30 09:34:23.130,3.374,10000
2020-10-30 09:34:23.340,3.374,10000
2020-10-30 09:34:24.150,3.373,3500
2020-10-30 09:34:24.940,3.374,3000
2020-10-30 09:34:25.890,3.374,18000
2020-10-30 09:34:25.940,3.374,3000
2020-10-30 09:34:25.970,3.374,1000
2020-10-30 09:34:26.060,3.374,3400
2020-10-30 09:34:26.330,3.374,200
2020-10-30 09:34:27.250,3.374,1000
2020-10-30 09:34:27.710,3.373,10000
2020-10-30 09:34:29.160,3.374,10000
2020-10-30 09:34:29.270,3.373,5000
2020-10-30 09:34:29.600,3.374,20000
2020-10-30 09:34:30.010,3.373,500
2020-10-30 09:34:30.670,3.374,13600
2020-10-30 09:34:31.150,3.374,1800
2020-10-30 09:34:31.240,3.373,20000
2020-10-30 09:34:31.640,3.373,1600
2020-10-30 09:34:31.880,3.373,1000
2020-10-30 09:34:32.550,3.374,5000
2020-10-30 09:34:33.210,3.374,260600
2020-10-30 09:34:33.210,3.374,500
2020-10-30 09:34:33.210,3.374,38900
2020-10-30 09:34:33.290,3.373,1000
2020-10-30 09:34:33.350,3.374,60000
2020-10-30 09:34:33.710,3.374,18500
2020-10-30 09:34:33.710,3.374,1500
2020-10-30 09:34:33.920,3.373,3000
2020-10-30 09:34:34.380,3.374,5000
2020-10-30 09:34:34.660,3.374,20000
2020-10-30 09:34:36.790,3.373,30000
2020-10-30 09:34:37.450,3.374,100000
2020-10-30 09:34:38.220,3.374,10000
2020-10-30 09:34:38.690,3.373,8000
2020-10-30 09:34:38.930,3.374,3000
2020-10-30 09:34:40.340,3.373,3000
2020-10-30 09:34:42.650,3.373,95700
2020-10-30 09:34:42.650,3.373,40000
2020-10-30 09:34:42.650,3.373,40000
2020-10-30 09:34:42.650,3.373,6500
2020-10-30 09:34:42.650,3.373,30000
2020-10-30 09:34:42.650,3.373,20000
2020-10-30 09:34:42.650,3.373,50000
2020-10-30 09:34:42.650,3.373,8200
2020-10-30 09:34:42.650,3.373,8000
2020-10-30 09:34:42.650,3.373,1600
2020-10-30 09:34:43.670,3.373,800
2020-10-30 09:34:45.460,3.373,2600
2020-10-30 09:34:45.580,3.374,6200
2020-10-30 09:34:46.570,3.374,1000
2020-10-30 09:34:47.780,3.374,1000
2020-10-30 09:34:48.230,3.374,800
2020-10-30 09:34:49.570,3.373,95000
2020-10-30 09:34:49.570,3.373,4300
2020-10-30 09:34:49.570,3.373,5000
2020-10-30 09:34:49.570,3.373,2000
2020-10-30 09:34:49.570,3.373,10000
2020-10-30 09:34:49.570,3.373,5000
2020-10-30 09:34:49.570,3.373,4300
2020-10-30 09:34:49.570,3.373,3000
2020-10-30 09:34:49.570,3.373,20000
2020-10-30 09:34:49.570,3.373,30000
2020-10-30 09:34:52.620,3.373,300
2020-10-30 09:34:54.830,3.372,4000
2020-10-30 09:34:59.420,3.372,3000
2020-10-30 09:35:00.190,3.373,200
2020-10-30 09:35:00.190,3.373,1800
2020-10-30 09:35:00.670,3.372,151500
2020-10-30 09:35:00.700,3.373,100
2020-10-30 09:35:00.900,3.372,23500
2020-10-30 09:35:04.760,3.372,1000
2020-10-30 09:35:05.210,3.372,2000
2020-10-30 09:35:05.450,3.372,12000
2020-10-30 09:35:05.850,3.372,36100
2020-10-30 09:35:07.780,3.372,9300
2020-10-30 09:35:11.840,3.372,50000
2020-10-30 09:35:14.330,3.372,1300
2020-10-30 09:35:14.390,3.373,1400
2020-10-30 09:35:16.630,3.372,5700
2020-10-30 09:35:16.630,3.372,10000
2020-10-30 09:35:16.630,3.372,10000
2020-10-30 09:35:16.630,3.372,10000
2020-10-30 09:35:16.630,3.372,185700
2020-10-30 09:35:17.110,3.372,95800
2020-10-30 09:35:17.350,3.372,18500
2020-10-30 09:35:17.350,3.372,50000
2020-10-30 09:35:17.350,3.372,1000
2020-10-30 09:35:17.350,3.372,10000
2020-10-30 09:35:17.350,3.372,31000
2020-10-30 09:35:17.350,3.372,2000
2020-10-30 09:35:17.350,3.372,5000
2020-10-30 09:35:17.350,3.372,10000
2020-10-30 09:35:17.350,3.372,1900
2020-10-30 09:35:17.350,3.372,10000
2020-10-30 09:35:17.350,3.372,5000
2020-10-30 09:35:17.350,3.372,1100
2020-10-30 09:35:17.350,3.372,3000
2020-10-30 09:35:17.350,3.372,5000
2020-10-30 09:35:17.350,3.372,500
2020-10-30 09:35:17.350,3.372,500
2020-10-30 09:35:17.350,3.372,4000
2020-10-30 09:35:17.350,3.372,10000
2020-10-30 09:35:17.350,3.372,200
2020-10-30 09:35:17.350,3.372,20000
2020-10-30 09:35:17.350,3.372,10000
2020-10-30 09:35:17.350,3.372,200
2020-10-30 09:35:17.350,3.372,4000
2020-10-30 09:35:17.350,3.372,100
2020-10-30 09:35:17.350,3.372,500
2020-10-30 09:35:17.350,3.372,100
2020-10-30 09:35:17.350,3.372,8000
2020-10-30 09:35:17.350,3.372,100000
2020-10-30 09:35:17.350,3.372,9000
2020-10-30 09:35:17.350,3.372,1000
2020-10-30 09:35:17.470,3.372,5000
2020-10-30 09:35:19.420,3.371,75100
2020-10-30 09:35:19.420,3.371,24900
2020-10-30 09:35:19.650,3.371,25100
2020-10-30 09:35:19.650,3.371,1000
2020-10-30 09:35:19.650,3.371,100
2020-10-30 09:35:19.650,3.371,300
2020-10-30 09:35:19.650,3.371,5000
2020-10-30 09:35:19.650,3.371,100
2020-10-30 09:35:19.650,3.371,600
2020-10-30 09:35:19.650,3.371,10000
2020-10-30 09:35:19.650,3.371,20000
2020-10-30 09:35:19.650,3.371,1300
2020-10-30 09:35:19.650,3.371,2000
2020-10-30 09:35:19.650,3.371,30000
2020-10-30 09:35:19.650,3.371,5000
2020-10-30 09:35:19.650,3.371,10000
2020-10-30 09:35:19.650,3.371,6000
2020-10-30 09:35:19.650,3.371,3000
2020-10-30 09:35:19.650,3.371,300
2020-10-30 09:35:19.650,3.371,8000
2020-10-30 09:35:19.650,3.371,3000
2020-10-30 09:35:19.650,3.371,5000
2020-10-30 09:35:19.650,3.371,6000
2020-10-30 09:35:19.650,3.371,10000
2020-10-30 09:35:19.650,3.371,18500
2020-10-30 09:35:19.650,3.371,10000
2020-10-30 09:35:19.650,3.371,1600
2020-10-30 09:35:19.650,3.371,1200
2020-10-30 09:35:19.650,3.371,10000
2020-10-30 09:35:22.260,3.37,7800
2020-10-30 09:35:23.000,3.371,100
2020-10-30 09:35:23.030,3.37,2200
2020-10-30 09:35:23.030,3.37,800
2020-10-30 09:35:24.180,3.371,80000
2020-10-30 09:35:25.780,3.371,5100
2020-10-30 09:35:25.900,3.371,10000
2020-10-30 09:35:26.550,3.372,2000
2020-10-30 09:35:26.940,3.371,500
2020-10-30 09:35:27.250,3.371,10000
2020-10-30 09:35:27.250,3.372,300
2020-10-30 09:35:27.940,3.371,10000
2020-10-30 09:35:28.030,3.371,3000
2020-10-30 09:35:28.330,3.371,26500
2020-10-30 09:35:28.330,3.371,500
2020-10-30 09:35:28.330,3.371,700
2020-10-30 09:35:28.330,3.37,53700
2020-10-30 09:35:28.330,3.37,100
2020-10-30 09:35:28.330,3.37,100
2020-10-30 09:35:28.330,3.37,10000
2020-10-30 09:35:28.330,3.37,100
2020-10-30 09:35:28.330,3.37,100
2020-10-30 09:35:28.330,3.37,1000
2020-10-30 09:35:28.330,3.37,1000
2020-10-30 09:35:28.330,3.37,1000
2020-10-30 09:35:28.330,3.37,2000
2020-10-30 09:35:28.330,3.37,200
2020-10-30 09:35:28.330,3.37,10000
2020-10-30 09:35:28.330,3.37,10000
2020-10-30 09:35:28.330,3.37,5000
2020-10-30 09:35:28.330,3.37,100
2020-10-30 09:35:28.330,3.37,100
2020-10-30 09:35:28.330,3.37,200
2020-10-30 09:35:28.330,3.37,3000
2020-10-30 09:35:28.330,3.37,15000
2020-10-30 09:35:28.330,3.37,4500
2020-10-30 09:35:28.330,3.37,10000
2020-10-30 09:35:28.330,3.37,25000
2020-10-30 09:35:28.330,3.37,100
2020-10-30 09:35:28.330,3.37,10000
2020-10-30 09:35:28.330,3.37,100
2020-10-30 09:35:28.330,3.37,1000
2020-10-30 09:35:28.330,3.37,11000
2020-10-30 09:35:28.330,3.37,1000
2020-10-30 09:35:28.330,3.37,10000
2020-10-30 09:35:28.330,3.37,300
2020-10-30 09:35:28.330,3.37,2000
2020-10-30 09:35:28.330,3.37,500
2020-10-30 09:35:28.330,3.37,200
2020-10-30 09:35:28.330,3.37,5000
2020-10-30 09:35:28.330,3.37,400
2020-10-30 09:35:28.330,3.37,3000
2020-10-30 09:35:28.330,3.37,200
2020-10-30 09:35:28.330,3.37,10000
2020-10-30 09:35:28.330,3.37,68600
2020-10-30 09:35:28.330,3.37,6500
2020-10-30 09:35:28.390,3.37,13500
2020-10-30 09:35:28.390,3.37,30000
2020-10-30 09:35:28.390,3.37,20000
2020-10-30 09:35:28.390,3.37,3000
2020-10-30 09:35:28.390,3.37,5000
2020-10-30 09:35:28.390,3.37,100
2020-10-30 09:35:28.390,3.37,2500
2020-10-30 09:35:28.390,3.37,10000
2020-10-30 09:35:28.390,3.37,6000
2020-10-30 09:35:28.390,3.37,14800
2020-10-30 09:35:28.390,3.37,10000
2020-10-30 09:35:28.390,3.37,2000
2020-10-30 09:35:28.390,3.37,3000
2020-10-30 09:35:28.390,3.37,3000
2020-10-30 09:35:28.390,3.37,1000
2020-10-30 09:35:28.390,3.37,10000
2020-10-30 09:35:28.390,3.37,3000
2020-10-30 09:35:28.390,3.37,20000
2020-10-30 09:35:28.390,3.37,500
2020-10-30 09:35:28.390,3.37,6900
2020-10-30 09:35:28.390,3.37,3000
2020-10-30 09:35:28.390,3.37,5000
2020-10-30 09:35:28.390,3.37,35000
2020-10-30 09:35:28.390,3.37,10000
2020-10-30 09:35:28.390,3.37,500
2020-10-30 09:35:28.390,3.37,300
2020-10-30 09:35:28.390,3.37,1000
2020-10-30 09:35:28.390,3.37,5000
2020-10-30 09:35:28.390,3.37,2000
2020-10-30 09:35:28.390,3.37,5000
2020-10-30 09:35:28.390,3.37,100000
2020-10-30 09:35:28.390,3.37,700
2020-10-30 09:35:28.390,3.37,2000
2020-10-30 09:35:28.390,3.37,3500
2020-10-30 09:35:28.390,3.37,5000
2020-10-30 09:35:28.390,3.37,2000
2020-10-30 09:35:28.390,3.37,3000
2020-10-30 09:35:28.390,3.37,1000
2020-10-30 09:35:28.390,3.37,5000
2020-10-30 09:35:28.390,3.37,200
2020-10-30 09:35:28.390,3.37,300
2020-10-30 09:35:28.390,3.37,10000
2020-10-30 09:35:28.390,3.37,1000
2020-10-30 09:35:28.390,3.37,5000
2020-10-30 09:35:28.390,3.37,40000
2020-10-30 09:35:28.390,3.37,40000
2020-10-30 09:35:28.390,3.37,30000
2020-10-30 09:35:28.390,3.37,500000
2020-10-30 09:35:28.390,3.37,20200
2020-10-30 09:35:28.390,3.37,2000
2020-10-30 09:35:32.150,3.371,800
2020-10-30 09:35:32.460,3.371,4000
2020-10-30 09:35:32.460,3.371,500
2020-10-30 09:35:32.460,3.371,100
2020-10-30 09:35:32.680,3.371,5000
2020-10-30 09:35:32.770,3.372,5000
2020-10-30 09:35:33.810,3.37,2500
2020-10-30 09:35:33.810,3.37,37500
2020-10-30 09:35:35.380,3.371,500
2020-10-30 09:35:35.380,3.371,1500
2020-10-30 09:35:35.540,3.37,62500
2020-10-30 09:35:35.540,3.37,4900
2020-10-30 09:35:35.540,3.37,1400
2020-10-30 09:35:35.540,3.37,10000
2020-10-30 09:35:35.660,3.37,32700
2020-10-30 09:35:37.120,3.37,10000
2020-10-30 09:35:38.320,3.37,7300
2020-10-30 09:35:38.320,3.37,50800
2020-10-30 09:35:38.320,3.37,1000
2020-10-30 09:35:38.930,3.37,2000
2020-10-30 09:35:39.770,3.37,1000
2020-10-30 09:35:39.860,3.37,1000
2020-10-30 09:35:41.070,3.369,1000
2020-10-30 09:35:41.170,3.37,500
2020-10-30 09:35:41.550,3.37,5000
2020-10-30 09:35:41.730,3.37,5000
2020-10-30 09:35:42.010,3.369,500
2020-10-30 09:35:42.800,3.37,1000
2020-10-30 09:35:43.480,3.369,500
2020-10-30 09:35:43.960,3.37,100
2020-10-30 09:35:43.960,3.37,9900
2020-10-30 09:35:44.720,3.37,300
2020-10-30 09:35:44.720,3.37,200
2020-10-30 09:35:46.050,3.369,6000
2020-10-30 09:35:46.260,3.37,5900
2020-10-30 09:35:46.490,3.37,800
2020-10-30 09:35:46.490,3.37,300
2020-10-30 09:35:46.490,3.371,1200
2020-10-30 09:35:46.910,3.369,2000
2020-10-30 09:35:46.910,3.369,200
2020-10-30 09:35:46.910,3.369,1000
2020-10-30 09:35:46.910,3.369,300
2020-10-30 09:35:46.910,3.369,11000
2020-10-30 09:35:46.910,3.369,3000
2020-10-30 09:35:46.910,3.369,1000
2020-10-30 09:35:46.910,3.369,5000
2020-10-30 09:35:46.910,3.369,4000
2020-10-30 09:35:46.910,3.369,2000
2020-10-30 09:35:46.910,3.369,500
2020-10-30 09:35:46.910,3.369,3000
2020-10-30 09:35:46.910,3.369,1000
2020-10-30 09:35:46.910,3.369,5000
2020-10-30 09:35:46.910,3.369,79100
2020-10-30 09:35:47.330,3.369,20900
2020-10-30 09:35:47.330,3.369,20000
2020-10-30 09:35:47.330,3.369,100
2020-10-30 09:35:47.330,3.369,5000
2020-10-30 09:35:47.330,3.369,20000
2020-10-30 09:35:47.330,3.369,4100
2020-10-30 09:35:47.330,3.369,2700
2020-10-30 09:35:47.330,3.369,9700
2020-10-30 09:35:47.330,3.369,5400
2020-10-30 09:35:47.330,3.369,400
2020-10-30 09:35:47.330,3.369,2100
2020-10-30 09:35:47.330,3.369,14000
2020-10-30 09:35:47.330,3.369,30000
2020-10-30 09:35:47.330,3.369,6600
2020-10-30 09:35:47.330,3.369,1500
2020-10-30 09:35:47.330,3.369,5000
2020-10-30 09:35:47.330,3.369,3200
2020-10-30 09:35:47.330,3.369,100000
2020-10-30 09:35:47.330,3.369,49300
2020-10-30 09:35:47.620,3.371,500
2020-10-30 09:35:47.900,3.37,25700
2020-10-30 09:35:47.900,3.37,4000
2020-10-30 09:35:47.900,3.37,200
2020-10-30 09:35:47.900,3.37,100
2020-10-30 09:35:47.900,3.369,245800
2020-10-30 09:35:47.900,3.369,40000
2020-10-30 09:35:47.900,3.369,50000
2020-10-30 09:35:47.900,3.369,40000
2020-10-30 09:35:47.900,3.369,10000
2020-10-30 09:35:49.450,3.369,300
2020-10-30 09:35:49.830,3.369,1000
2020-10-30 09:35:53.180,3.369,8200
2020-10-30 09:35:53.530,3.369,1000
2020-10-30 09:35:57.080,3.368,200
2020-10-30 09:35:57.080,3.368,1000
2020-10-30 09:35:57.080,3.368,3800
2020-10-30 09:35:57.170,3.369,100
2020-10-30 09:35:57.510,3.368,1200
2020-10-30 09:35:57.510,3.368,6200
2020-10-30 09:35:57.680,3.368,3400
2020-10-30 09:36:00.940,3.369,500
2020-10-30 09:36:01.750,3.368,1800
2020-10-30 09:36:02.410,3.369,50000
2020-10-30 09:36:02.440,3.369,50000
2020-10-30 09:36:02.530,3.368,400
2020-10-30 09:36:04.580,3.369,2000
2020-10-30 09:36:06.180,3.369,400
2020-10-30 09:36:08.010,3.368,8200
2020-10-30 09:36:08.010,3.368,10000
2020-10-30 09:36:08.010,3.368,6800
2020-10-30 09:36:08.290,3.369,900
2020-10-30 09:36:08.760,3.368,3200
2020-10-30 09:36:08.760,3.368,11000
2020-10-30 09:36:08.760,3.368,40000
2020-10-30 09:36:08.760,3.368,500
2020-10-30 09:36:08.760,3.368,5000
2020-10-30 09:36:08.760,3.368,1000
2020-10-30 09:36:08.760,3.368,2000
2020-10-30 09:36:08.760,3.368,200000
2020-10-30 09:36:08.760,3.368,900
2020-10-30 09:36:08.760,3.368,6000
2020-10-30 09:36:08.760,3.368,5000
2020-10-30 09:36:08.760,3.368,20000
2020-10-30 09:36:08.760,3.368,5500
2020-10-30 09:36:08.820,3.368,3400
2020-10-30 09:36:08.820,3.368,20000
2020-10-30 09:36:08.820,3.368,3000
2020-10-30 09:36:08.820,3.368,100
2020-10-30 09:36:08.820,3.368,10000
2020-10-30 09:36:08.820,3.368,900
2020-10-30 09:36:08.820,3.368,3000
2020-10-30 09:36:08.820,3.368,5000
2020-10-30 09:36:08.820,3.368,20000
2020-10-30 09:36:08.820,3.368,1000
2020-10-30 09:36:08.820,3.368,6000
2020-10-30 09:36:08.820,3.368,10000
2020-10-30 09:36:08.820,3.368,3000
2020-10-30 09:36:08.820,3.368,1000
2020-10-30 09:36:08.820,3.368,3000
2020-10-30 09:36:08.820,3.368,10000
2020-10-30 09:36:08.820,3.368,10000
2020-10-30 09:36:08.820,3.368,200
2020-10-30 09:36:08.820,3.368,100
2020-10-30 09:36:08.820,3.368,5000
2020-10-30 09:36:08.820,3.368,9000
2020-10-30 09:36:08.820,3.368,200
2020-10-30 09:36:08.820,3.368,300
2020-10-30 09:36:08.820,3.368,10800
2020-10-30 09:36:08.820,3.368,20000
2020-10-30 09:36:08.820,3.368,10000
2020-10-30 09:36:08.820,3.368,3000
2020-10-30 09:36:11.160,3.368,1100
2020-10-30 09:36:11.640,3.368,400
2020-10-30 09:36:12.150,3.368,1000
2020-10-30 09:36:12.220,3.368,30000
2020-10-30 09:36:12.460,3.367,200
2020-10-30 09:36:12.460,3.367,200
2020-10-30 09:36:12.460,3.367,8000
2020-10-30 09:36:12.460,3.367,6000
2020-10-30 09:36:12.460,3.367,5000
2020-10-30 09:36:12.460,3.367,11000
2020-10-30 09:36:12.460,3.367,10000
2020-10-30 09:36:12.460,3.367,2000
2020-10-30 09:36:12.460,3.367,1000
2020-10-30 09:36:12.460,3.367,10000
2020-10-30 09:36:12.460,3.367,800
2020-10-30 09:36:12.460,3.367,1000
2020-10-30 09:36:12.460,3.367,50000
2020-10-30 09:36:12.460,3.367,10000
2020-10-30 09:36:12.460,3.367,2400
2020-10-30 09:36:12.460,3.367,5000
2020-10-30 09:36:12.460,3.367,3000
2020-10-30 09:36:12.800,3.367,100
2020-10-30 09:36:12.980,3.367,3000
2020-10-30 09:36:13.030,3.367,10000
2020-10-30 09:36:13.330,3.367,10000
2020-10-30 09:36:14.830,3.367,9100
2020-10-30 09:36:15.130,3.367,200
2020-10-30 09:36:15.510,3.367,6900
2020-10-30 09:36:16.540,3.367,5000
2020-10-30 09:36:16.750,3.366,6700
2020-10-30 09:36:18.240,3.367,5000
2020-10-30 09:36:18.770,3.366,3300
2020-10-30 09:36:18.770,3.366,300
2020-10-30 09:36:18.770,3.366,200
2020-10-30 09:36:18.770,3.366,500
2020-10-30 09:36:18.770,3.366,700
2020-10-30 09:36:19.280,3.367,5000
2020-10-30 09:36:19.480,3.366,2200
2020-10-30 09:36:19.870,3.367,120100
2020-10-30 09:36:19.870,3.367,170000
2020-10-30 09:36:20.420,3.367,500
2020-10-30 09:36:21.470,3.367,9400
2020-10-30 09:36:22.360,3.367,1300
2020-10-30 09:36:22.360,3.367,8700
2020-10-30 09:36:23.310,3.367,1300
2020-10-30 09:36:23.310,3.367,20000
2020-10-30 09:36:23.310,3.367,28700
2020-10-30 09:36:23.970,3.367,1300
2020-10-30 09:36:23.970,3.366,1700
2020-10-30 09:36:26.360,3.367,50000
2020-10-30 09:36:26.920,3.367,50000
2020-10-30 09:36:28.990,3.367,6700
2020-10-30 09:36:28.990,3.367,1900
2020-10-30 09:36:28.990,3.367,11400
2020-10-30 09:36:29.440,3.367,1100
2020-10-30 09:36:30.290,3.367,2500
2020-10-30 09:36:31.780,3.367,700
2020-10-30 09:36:31.780,3.367,10000
2020-10-30 09:36:32.480,3.367,2900
2020-10-30 09:36:32.760,3.367,50000
2020-10-30 09:36:32.970,3.367,4800
2020-10-30 09:36:34.090,3.368,1000
2020-10-30 09:36:34.160,3.367,10000
2020-10-30 09:36:34.240,3.367,2300
2020-10-30 09:36:36.520,3.367,10000
2020-10-30 09:36:37.010,3.367,8000
2020-10-30 09:36:38.220,3.368,10000
2020-10-30 09:36:38.370,3.367,1300
2020-10-30 09:36:38.370,3.367,27100
2020-10-30 09:36:38.430,3.367,4400
2020-10-30 09:36:38.500,3.367,200
2020-10-30 09:36:40.070,3.368,1000
2020-10-30 09:36:40.190,3.367,20000
2020-10-30 09:36:40.750,3.367,2800
2020-10-30 09:36:41.440,3.367,45500
2020-10-30 09:36:41.440,3.367,4500
2020-10-30 09:36:41.560,3.368,100
2020-10-30 09:36:42.790,3.367,2000
2020-10-30 09:36:43.110,3.367,3500
2020-10-30 09:36:43.110,3.367,6500
2020-10-30 09:36:43.170,3.367,10000
2020-10-30 09:36:44.010,3.367,2900
2020-10-30 09:36:44.260,3.367,20600
2020-10-30 09:36:44.260,3.367,3000
2020-10-30 09:36:44.260,3.367,2000
2020-10-30 09:36:44.260,3.367,10000
2020-10-30 09:36:44.260,3.367,2000
2020-10-30 09:36:44.260,3.367,500
2020-10-30 09:36:44.260,3.367,3000
2020-10-30 09:36:44.260,3.367,10000
2020-10-30 09:36:44.260,3.367,10000
2020-10-30 09:36:44.260,3.367,34000
2020-10-30 09:36:44.260,3.367,2000
2020-10-30 09:36:44.260,3.367,10000
2020-10-30 09:36:44.260,3.367,10000
2020-10-30 09:36:44.260,3.367,120000
2020-10-30 09:36:44.540,3.366,400
2020-10-30 09:36:44.540,3.366,127100
2020-10-30 09:36:44.540,3.366,120000
2020-10-30 09:36:44.540,3.366,4100
2020-10-30 09:36:44.540,3.366,27100
2020-10-30 09:36:44.540,3.366,1000
2020-10-30 09:36:44.540,3.366,11000
2020-10-30 09:36:44.540,3.366,5000
2020-10-30 09:36:44.540,3.366,500
2020-10-30 09:36:44.540,3.366,3500
2020-10-30 09:36:44.540,3.366,20000
2020-10-30 09:36:44.540,3.366,22400
2020-10-30 09:36:44.540,3.366,1200
2020-10-30 09:36:44.540,3.366,1000
2020-10-30 09:36:44.540,3.366,10000
2020-10-30 09:36:44.540,3.366,8900
2020-10-30 09:36:44.540,3.366,100
2020-10-30 09:36:44.540,3.366,5000
2020-10-30 09:36:44.540,3.366,2000
2020-10-30 09:36:44.540,3.366,1800
2020-10-30 09:36:44.540,3.366,10000
2020-10-30 09:36:44.540,3.366,3000
2020-10-30 09:36:44.540,3.366,3000
2020-10-30 09:36:44.540,3.366,10000
2020-10-30 09:36:44.540,3.366,5000
2020-10-30 09:36:44.540,3.366,500
2020-10-30 09:36:44.540,3.366,14500
2020-10-30 09:36:44.540,3.366,40000
2020-10-30 09:36:44.540,3.366,10300
2020-10-30 09:36:44.660,3.367,2000
2020-10-30 09:36:44.840,3.367,2000
2020-10-30 09:36:45.660,3.367,30000
2020-10-30 09:36:45.760,3.367,2000
2020-10-30 09:36:46.050,3.367,24000
2020-10-30 09:36:46.610,3.367,30000
2020-10-30 09:36:46.790,3.367,300000
2020-10-30 09:36:46.790,3.367,272900
2020-10-30 09:36:46.790,3.367,1900
2020-10-30 09:36:46.790,3.368,14400
2020-10-30 09:36:46.790,3.368,10800
2020-10-30 09:36:48.550,3.367,30000
2020-10-30 09:36:48.580,3.367,4100
2020-10-30 09:36:48.580,3.368,500
2020-10-30 09:36:48.610,3.367,5900
2020-10-30 09:36:48.610,3.367,100000
2020-10-30 09:36:48.610,3.367,30000
2020-10-30 09:36:48.610,3.367,1000
2020-10-30 09:36:48.940,3.367,300
2020-10-30 09:36:48.940,3.366,4000
2020-10-30 09:36:49.480,3.366,1900
2020-10-30 09:36:50.180,3.367,10000
2020-10-30 09:36:50.350,3.366,11700
2020-10-30 09:36:50.440,3.366,12100
2020-10-30 09:36:50.440,3.366,7900
2020-10-30 09:36:52.970,3.367,500
2020-10-30 09:36:53.510,3.367,11500
2020-10-30 09:36:53.510,3.367,3300
2020-10-30 09:36:54.620,3.368,2700
2020-10-30 09:36:54.770,3.367,100
2020-10-30 09:36:55.890,3.367,2100
2020-10-30 09:36:56.600,3.367,3000
2020-10-30 09:36:56.600,3.366,12100
2020-10-30 09:36:56.600,3.366,30000
2020-10-30 09:36:56.600,3.366,105000
2020-10-30 09:36:56.980,3.368,3000
2020-10-30 09:37:00.650,3.367,100
2020-10-30 09:37:01.980,3.367,39900
2020-10-30 09:37:01.980,3.367,2000
2020-10-30 09:37:01.980,3.367,1000
2020-10-30 09:37:01.980,3.367,2000
2020-10-30 09:37:01.980,3.366,255200
2020-10-30 09:37:02.330,3.366,1200
2020-10-30 09:37:04.010,3.367,400
2020-10-30 09:37:06.030,3.367,99500
2020-10-30 09:37:07.950,3.367,100
2020-10-30 09:37:07.950,3.367,11200
2020-10-30 09:37:08.230,3.367,1700
2020-10-30 09:37:08.410,3.368,40000
2020-10-30 09:37:08.990,3.368,243000
2020-10-30 09:37:08.990,3.368,300
2020-10-30 09:37:08.990,3.368,26500
2020-10-30 09:37:08.990,3.368,20000
2020-10-30 09:37:08.990,3.368,2000
2020-10-30 09:37:08.990,3.368,3000
2020-10-30 09:37:08.990,3.368,5200
2020-10-30 09:37:08.990,3.368,800
2020-10-30 09:37:08.990,3.368,241900
2020-10-30 09:37:08.990,3.368,5000
2020-10-30 09:37:08.990,3.368,6000
2020-10-30 09:37:08.990,3.368,46300
2020-10-30 09:37:09.050,3.368,59000
2020-10-30 09:37:09.050,3.369,7000
2020-10-30 09:37:09.050,3.369,40000
2020-10-30 09:37:09.050,3.369,600
2020-10-30 09:37:09.050,3.369,193400
2020-10-30 09:37:11.140,3.368,10000
2020-10-30 09:37:11.230,3.368,1000
2020-10-30 09:37:11.310,3.368,3000
2020-10-30 09:37:11.810,3.368,1500
2020-10-30 09:37:12.030,3.368,2000
2020-10-30 09:37:13.220,3.37,1000
2020-10-30 09:37:13.860,3.369,3100
2020-10-30 09:37:14.660,3.37,19000
2020-10-30 09:37:14.660,3.37,6000
2020-10-30 09:37:14.660,3.37,3500
2020-10-30 09:37:14.660,3.37,254000
2020-10-30 09:37:15.090,3.369,2500
2020-10-30 09:37:17.540,3.369,6000
2020-10-30 09:37:17.780,3.369,200
2020-10-30 09:37:17.940,3.369,100
2020-10-30 09:37:18.080,3.37,75500
2020-10-30 09:37:18.340,3.37,20000
2020-10-30 09:37:19.420,3.37,100
2020-10-30 09:37:19.420,3.369,10000
2020-10-30 09:37:19.570,3.369,18100
2020-10-30 09:37:19.570,3.369,9000
2020-10-30 09:37:19.870,3.37,3300
2020-10-30 09:37:20.030,3.369,6800
2020-10-30 09:37:20.790,3.37,39500
2020-10-30 09:37:22.780,3.369,10000
2020-10-30 09:37:22.780,3.368,300
2020-10-30 09:37:22.780,3.368,9400
2020-10-30 09:37:25.330,3.37,400
2020-10-30 09:37:25.720,3.37,5000
2020-10-30 09:37:26.410,3.37,6000
2020-10-30 09:37:27.500,3.37,1000
2020-10-30 09:37:27.700,3.37,5000
2020-10-30 09:37:30.160,3.369,4500
2020-10-30 09:37:30.160,3.369,8500
2020-10-30 09:37:30.250,3.37,5000
2020-10-30 09:37:30.390,3.37,10000
2020-10-30 09:37:30.660,3.369,8900
2020-10-30 09:37:30.780,3.37,300
2020-10-30 09:37:30.780,3.37,700
2020-10-30 09:37:31.130,3.37,2300
2020-10-30 09:37:31.130,3.37,2700
2020-10-30 09:37:33.740,3.369,1500
2020-10-30 09:37:36.550,3.37,300
2020-10-30 09:37:36.550,3.37,600
2020-10-30 09:37:36.550,3.37,5000
2020-10-30 09:37:36.550,3.37,10000
2020-10-30 09:37:36.550,3.37,5600
2020-10-30 09:37:37.970,3.37,7400
2020-10-30 09:37:38.220,3.37,1100
2020-10-30 09:37:38.220,3.37,1900
2020-10-30 09:37:42.220,3.37,5200
2020-10-30 09:37:42.220,3.37,800
2020-10-30 09:37:43.870,3.37,3100
2020-10-30 09:37:44.140,3.371,1000
2020-10-30 09:37:46.350,3.37,62900
2020-10-30 09:37:46.760,3.37,100
2020-10-30 09:37:48.990,3.37,20700
2020-10-30 09:37:49.550,3.371,7300
2020-10-30 09:37:49.550,3.371,5000
2020-10-30 09:37:49.550,3.371,2500
2020-10-30 09:37:49.550,3.371,3000
2020-10-30 09:37:49.550,3.371,7200
2020-10-30 09:37:49.640,3.37,5500
2020-10-30 09:37:50.590,3.37,3400
2020-10-30 09:37:50.920,3.37,300
2020-10-30 09:37:51.270,3.37,600
2020-10-30 09:37:52.130,3.37,75300
2020-10-30 09:37:53.320,3.371,2900
2020-10-30 09:37:55.650,3.371,3000
2020-10-30 09:37:55.960,3.37,2800
2020-10-30 09:37:56.110,3.371,2300
2020-10-30 09:37:56.420,3.371,600
2020-10-30 09:37:57.940,3.371,3000
2020-10-30 09:37:59.330,3.37,10000
2020-10-30 09:37:59.700,3.37,200
2020-10-30 09:38:00.930,3.371,20000
2020-10-30 09:38:01.360,3.37,1400
2020-10-30 09:38:01.760,3.371,20000
2020-10-30 09:38:02.080,3.37,3000
2020-10-30 09:38:02.080,3.37,100000
2020-10-30 09:38:02.520,3.37,9900
2020-10-30 09:38:02.520,3.37,200
2020-10-30 09:38:02.520,3.37,100
2020-10-30 09:38:02.520,3.37,169000
2020-10-30 09:38:02.520,3.37,1000
2020-10-30 09:38:02.520,3.37,40000
2020-10-30 09:38:02.520,3.37,500
2020-10-30 09:38:02.520,3.37,5000
2020-10-30 09:38:02.520,3.37,200
2020-10-30 09:38:02.520,3.37,3000
2020-10-30 09:38:02.520,3.37,10000
2020-10-30 09:38:02.520,3.37,10000
2020-10-30 09:38:02.520,3.37,51100
2020-10-30 09:38:02.620,3.37,248900
2020-10-30 09:38:02.620,3.37,5000
2020-10-30 09:38:02.620,3.37,100
2020-10-30 09:38:02.620,3.37,3000
2020-10-30 09:38:02.890,3.37,500
2020-10-30 09:38:03.680,3.37,1000
2020-10-30 09:38:04.500,3.37,5200
2020-10-30 09:38:04.990,3.37,800
2020-10-30 09:38:05.120,3.37,5000
2020-10-30 09:38:05.250,3.37,5000
2020-10-30 09:38:05.500,3.37,10000
2020-10-30 09:38:08.730,3.37,400
2020-10-30 09:38:12.030,3.369,3000
2020-10-30 09:38:12.540,3.369,7000
2020-10-30 09:38:12.540,3.369,1000
2020-10-30 09:38:12.540,3.369,5000
2020-10-30 09:38:12.540,3.369,7000
2020-10-30 09:38:17.030,3.37,1000
2020-10-30 09:38:18.970,3.369,100
2020-10-30 09:38:21.310,3.37,900
2020-10-30 09:38:21.750,3.37,21100
2020-10-30 09:38:22.490,3.369,2900
2020-10-30 09:38:22.490,3.369,42100
2020-10-30 09:38:22.490,3.369,73200
2020-10-30 09:38:24.010,3.369,1000
2020-10-30 09:38:24.160,3.37,300000
2020-10-30 09:38:24.410,3.37,5000
2020-10-30 09:38:24.580,3.37,13900
2020-10-30 09:38:24.610,3.37,273200
2020-10-30 09:38:24.610,3.37,5000
2020-10-30 09:38:24.610,3.37,21800
2020-10-30 09:38:25.860,3.37,16200
2020-10-30 09:38:25.860,3.37,10000
2020-10-30 09:38:27.530,3.37,10000
2020-10-30 09:38:27.640,3.369,4500
2020-10-30 09:38:27.930,3.37,54600
2020-10-30 09:38:27.930,3.37,182900
2020-10-30 09:38:27.930,3.371,600
2020-10-30 09:38:28.600,3.371,100
2020-10-30 09:38:28.840,3.372,8400
2020-10-30 09:38:28.840,3.372,1600
2020-10-30 09:38:31.820,3.371,14400
2020-10-30 09:38:35.650,3.372,13400
2020-10-30 09:38:35.650,3.372,100
2020-10-30 09:38:35.650,3.372,36500
2020-10-30 09:38:36.450,3.371,5000
2020-10-30 09:38:39.410,3.371,8600
2020-10-30 09:38:39.870,3.372,3500
2020-10-30 09:38:39.870,3.372,3000
2020-10-30 09:38:39.870,3.372,100
2020-10-30 09:38:39.870,3.372,200
2020-10-30 09:38:39.870,3.372,11000
2020-10-30 09:38:39.870,3.372,7200
2020-10-30 09:38:41.770,3.372,4900
2020-10-30 09:38:44.680,3.372,7900
2020-10-30 09:38:44.680,3.372,2100
2020-10-30 09:38:44.830,3.372,1000
2020-10-30 09:38:45.980,3.371,2400
2020-10-30 09:38:47.280,3.372,1900
2020-10-30 09:38:47.280,3.372,2400
2020-10-30 09:38:47.280,3.372,35700
2020-10-30 09:38:47.440,3.372,69500
2020-10-30 09:38:47.440,3.372,400
2020-10-30 09:38:47.440,3.372,3000
2020-10-30 09:38:48.130,3.372,700
2020-10-30 09:38:48.970,3.372,17100
2020-10-30 09:38:51.150,3.372,3000
2020-10-30 09:38:51.630,3.373,2000
2020-10-30 09:38:51.630,3.373,1000
2020-10-30 09:38:56.640,3.373,400
2020-10-30 09:38:59.580,3.373,1600
2020-10-30 09:38:59.580,3.373,11000
2020-10-30 09:38:59.580,3.373,10000
2020-10-30 09:38:59.580,3.373,4700
2020-10-30 09:38:59.880,3.373,200
2020-10-30 09:39:01.110,3.373,2000
2020-10-30 09:39:01.470,3.372,52600
2020-10-30 09:39:01.790,3.373,2000
2020-10-30 09:39:02.300,3.372,15100
2020-10-30 09:39:03.750,3.372,1000
2020-10-30 09:39:03.980,3.373,10000
2020-10-30 09:39:03.980,3.373,100
2020-10-30 09:39:04.400,3.373,300
2020-10-30 09:39:05.090,3.372,300
2020-10-30 09:39:05.420,3.372,500
2020-10-30 09:39:06.400,3.373,700
2020-10-30 09:39:06.400,3.373,4300
2020-10-30 09:39:08.380,3.373,300
2020-10-30 09:39:08.400,3.373,10000
2020-10-30 09:39:09.030,3.373,2500
2020-10-30 09:39:09.410,3.372,17000
2020-10-30 09:39:09.680,3.372,78100
2020-10-30 09:39:12.280,3.373,1600
2020-10-30 09:39:13.730,3.372,5500
2020-10-30 09:39:14.260,3.372,36200
2020-10-30 09:39:14.260,3.372,40000
2020-10-30 09:39:14.260,3.372,10000
2020-10-30 09:39:14.260,3.372,100
2020-10-30 09:39:14.260,3.372,63700
2020-10-30 09:39:14.290,3.372,10000
2020-10-30 09:39:15.160,3.373,6000
2020-10-30 09:39:15.190,3.373,200
2020-10-30 09:39:16.200,3.373,5100
2020-10-30 09:39:16.200,3.373,1000
2020-10-30 09:39:19.680,3.373,9000
2020-10-30 09:39:19.680,3.373,400
2020-10-30 09:39:19.680,3.373,4000
2020-10-30 09:39:19.680,3.373,100
2020-10-30 09:39:19.680,3.373,285700
2020-10-30 09:39:19.680,3.373,800
2020-10-30 09:39:19.860,3.372,18700
2020-10-30 09:39:20.060,3.373,19200
2020-10-30 09:39:26.710,3.374,3000
2020-10-30 09:39:26.710,3.374,500
2020-10-30 09:39:26.710,3.374,1200
2020-10-30 09:39:26.710,3.374,3000
2020-10-30 09:39:26.710,3.374,2300
2020-10-30 09:39:27.560,3.373,10000
2020-10-30 09:39:28.360,3.374,100
2020-10-30 09:39:31.150,3.373,100
2020-10-30 09:39:31.840,3.373,40000
2020-10-30 09:39:39.150,3.373,3300
2020-10-30 09:39:43.800,3.373,227400
2020-10-30 09:39:43.800,3.373,72600
2020-10-30 09:39:46.290,3.373,3500
2020-10-30 09:39:46.790,3.373,300
2020-10-30 09:39:48.650,3.373,8000
2020-10-30 09:39:49.590,3.373,12000
2020-10-30 09:39:51.230,3.373,30000
2020-10-30 09:39:51.940,3.374,4000
2020-10-30 09:39:53.010,3.374,4600
2020-10-30 09:39:53.010,3.374,10000
2020-10-30 09:39:53.010,3.374,100
2020-10-30 09:39:53.010,3.374,20000
2020-10-30 09:39:53.010,3.374,1500
2020-10-30 09:39:53.010,3.374,13800
2020-10-30 09:39:53.780,3.374,5000
2020-10-30 09:39:53.990,3.373,1400
2020-10-30 09:39:55.550,3.373,100
2020-10-30 09:39:55.970,3.373,200
2020-10-30 09:39:56.000,3.373,3000
2020-10-30 09:39:58.230,3.373,500
2020-10-30 09:39:58.670,3.373,3200
2020-10-30 09:40:00.220,3.374,1600
2020-10-30 09:40:00.340,3.374,400
2020-10-30 09:40:02.440,3.374,5500
2020-10-30 09:40:03.440,3.374,29500
2020-10-30 09:40:04.240,3.373,9100
2020-10-30 09:40:05.320,3.374,1000
2020-10-30 09:40:06.220,3.374,49100
2020-10-30 09:40:06.220,3.374,6000
2020-10-30 09:40:06.220,3.374,20000
2020-10-30 09:40:06.220,3.374,20000
2020-10-30 09:40:06.220,3.374,20000
2020-10-30 09:40:06.220,3.374,15600
2020-10-30 09:40:06.220,3.374,7500
2020-10-30 09:40:06.220,3.374,10000
2020-10-30 09:40:06.220,3.374,5000
2020-10-30 09:40:06.220,3.374,10000
2020-10-30 09:40:06.220,3.374,2900
2020-10-30 09:40:06.220,3.374,2000
2020-10-30 09:40:06.220,3.374,1000
2020-10-30 09:40:06.220,3.374,4500
2020-10-30 09:40:06.220,3.374,10000
2020-10-30 09:40:08.340,3.374,3000
2020-10-30 09:40:11.730,3.375,100
2020-10-30 09:40:11.730,3.375,3000
2020-10-30 09:40:11.730,3.375,10000
2020-10-30 09:40:11.730,3.375,500
2020-10-30 09:40:11.730,3.375,7800
2020-10-30 09:40:11.730,3.375,10791
2020-10-30 09:40:11.730,3.375,10000
2020-10-30 09:40:11.730,3.375,11000
2020-10-30 09:40:11.730,3.375,14800
2020-10-30 09:40:11.730,3.375,300
2020-10-30 09:40:11.730,3.375,9300
2020-10-30 09:40:11.730,3.375,100
2020-10-30 09:40:11.730,3.375,5000
2020-10-30 09:40:11.730,3.375,10000
2020-10-30 09:40:11.730,3.375,2000
2020-10-30 09:40:11.730,3.375,205309
2020-10-30 09:40:12.470,3.375,34991
2020-10-30 09:40:12.470,3.375,103600
2020-10-30 09:40:14.430,3.375,700
2020-10-30 09:40:16.420,3.375,2000
2020-10-30 09:40:17.230,3.376,1200
2020-10-30 09:40:17.670,3.375,10000
2020-10-30 09:40:18.220,3.376,9600
2020-10-30 09:40:18.220,3.376,43500
2020-10-30 09:40:18.220,3.376,100
2020-10-30 09:40:18.220,3.376,3000
2020-10-30 09:40:18.220,3.376,500
2020-10-30 09:40:18.220,3.376,100
2020-10-30 09:40:18.220,3.376,11000
2020-10-30 09:40:18.220,3.376,1000
2020-10-30 09:40:18.220,3.376,500
2020-10-30 09:40:18.220,3.376,700
2020-10-30 09:40:18.220,3.376,20000
2020-10-30 09:40:18.220,3.376,30000
2020-10-30 09:40:18.250,3.377,3100
2020-10-30 09:40:19.500,3.376,9000
2020-10-30 09:40:19.830,3.376,100
2020-10-30 09:40:19.860,3.376,300
2020-10-30 09:40:20.480,3.376,2000
2020-10-30 09:40:22.220,3.377,1900
2020-10-30 09:40:22.220,3.377,5000
2020-10-30 09:40:22.220,3.377,3000
2020-10-30 09:40:22.220,3.377,11000
2020-10-30 09:40:22.220,3.377,100
2020-10-30 09:40:22.220,3.377,10000
2020-10-30 09:40:22.220,3.377,269000
2020-10-30 09:40:22.550,3.377,400000
2020-10-30 09:40:22.770,3.377,231000
2020-10-30 09:40:23.960,3.377,1900
2020-10-30 09:40:24.870,3.377,67100
2020-10-30 09:40:24.870,3.377,300100
2020-10-30 09:40:25.750,3.377,300000
2020-10-30 09:40:29.200,3.376,300
2020-10-30 09:40:29.200,3.376,6700
2020-10-30 09:40:30.530,3.377,3300
2020-10-30 09:40:32.540,3.377,2200
2020-10-30 09:40:33.120,3.378,100
2020-10-30 09:40:33.920,3.377,3000
2020-10-30 09:40:36.680,3.377,300
2020-10-30 09:40:37.120,3.377,200
2020-10-30 09:40:38.580,3.377,32200
2020-10-30 09:40:40.830,3.377,3000
2020-10-30 09:40:41.920,3.378,10000
2020-10-30 09:40:42.290,3.378,5000
2020-10-30 09:40:42.510,3.377,19100
2020-10-30 09:40:42.510,3.377,7700
2020-10-30 09:40:42.890,3.378,1600
2020-10-30 09:40:42.890,3.378,100
2020-10-30 09:40:44.220,3.378,20000
2020-10-30 09:40:44.800,3.378,1000
2020-10-30 09:40:47.270,3.378,2900
2020-10-30 09:40:47.640,3.378,19200
2020-10-30 09:40:47.640,3.378,100
2020-10-30 09:40:47.640,3.378,3000
2020-10-30 09:40:47.640,3.378,4000
2020-10-30 09:40:47.640,3.378,4900
2020-10-30 09:40:47.880,3.378,6100
2020-10-30 09:40:47.880,3.378,8900
2020-10-30 09:40:49.850,3.378,1100
2020-10-30 09:40:49.850,3.378,3000
2020-10-30 09:40:49.850,3.378,5900
2020-10-30 09:40:51.050,3.378,5100
2020-10-30 09:40:51.050,3.378,100
2020-10-30 09:40:51.050,3.378,18400
2020-10-30 09:40:51.210,3.378,700
2020-10-30 09:40:51.240,3.378,3000
2020-10-30 09:40:51.270,3.377,80700
2020-10-30 09:40:51.270,3.377,600
2020-10-30 09:40:51.270,3.377,500
2020-10-30 09:40:51.270,3.377,27900
2020-10-30 09:40:51.270,3.377,1000
2020-10-30 09:40:51.270,3.377,23400
2020-10-30 09:40:51.270,3.377,166000
2020-10-30 09:40:52.360,3.377,134000
2020-10-30 09:40:52.400,3.377,26800
2020-10-30 09:40:55.420,3.377,2000
2020-10-30 09:40:56.040,3.377,500
2020-10-30 09:40:57.990,3.376,300000
2020-10-30 09:40:58.320,3.376,5000
2020-10-30 09:40:58.470,3.376,21700
2020-10-30 09:40:59.370,3.376,400
2020-10-30 09:41:00.820,3.376,1500
2020-10-30 09:41:01.220,3.376,300
2020-10-30 09:41:02.300,3.376,50000
2020-10-30 09:41:02.510,3.376,8400
2020-10-30 09:41:02.510,3.377,1600
2020-10-30 09:41:02.750,3.376,20000
2020-10-30 09:41:04.140,3.376,1000
2020-10-30 09:41:06.850,3.376,200000
2020-10-30 09:41:07.860,3.376,2000
2020-10-30 09:41:08.180,3.375,20000
2020-10-30 09:41:08.690,3.375,128709
2020-10-30 09:41:08.690,3.375,26900
2020-10-30 09:41:08.690,3.375,10000
2020-10-30 09:41:08.690,3.375,10000
2020-10-30 09:41:08.690,3.375,23300
2020-10-30 09:41:08.690,3.375,101091
2020-10-30 09:41:10.750,3.376,200
2020-10-30 09:41:11.210,3.375,2100
2020-10-30 09:41:11.210,3.375,20000
2020-10-30 09:41:14.820,3.375,10600
2020-10-30 09:41:17.640,3.374,1000
2020-10-30 09:41:19.440,3.375,2000
2020-10-30 09:41:19.860,3.375,1000
2020-10-30 09:41:20.160,3.374,100
2020-10-30 09:41:21.040,3.374,3900
2020-10-30 09:41:21.040,3.374,2900
2020-10-30 09:41:21.040,3.374,3000
2020-10-30 09:41:21.040,3.374,8800
2020-10-30 09:41:21.040,3.374,500
2020-10-30 09:41:22.460,3.374,3000
2020-10-30 09:41:22.700,3.374,800
2020-10-30 09:41:22.790,3.374,254300
2020-10-30 09:41:22.790,3.374,645700
2020-10-30 09:41:23.290,3.374,300
2020-10-30 09:41:23.290,3.374,233700
2020-10-30 09:41:23.450,3.374,20000
2020-10-30 09:41:24.280,3.375,3000
2020-10-30 09:41:24.450,3.375,2000
2020-10-30 09:41:28.050,3.375,500
2020-10-30 09:41:32.260,3.375,3000
2020-10-30 09:41:32.640,3.375,5000
2020-10-30 09:41:33.220,3.375,500
2020-10-30 09:41:33.720,3.375,6000
2020-10-30 09:41:33.720,3.375,4000
2020-10-30 09:41:34.680,3.374,32300
2020-10-30 09:41:35.330,3.374,4600
2020-10-30 09:41:35.760,3.375,100
2020-10-30 09:41:38.100,3.374,40000
2020-10-30 09:41:38.990,3.374,1400
2020-10-30 09:41:39.110,3.374,14300
2020-10-30 09:41:40.820,3.374,10000
2020-10-30 09:41:40.850,3.375,1000
2020-10-30 09:41:43.960,3.375,2500
2020-10-30 09:41:44.790,3.375,3000
2020-10-30 09:41:45.770,3.375,20000
2020-10-30 09:41:46.630,3.375,20000
2020-10-30 09:41:48.760,3.374,8900
2020-10-30 09:41:48.800,3.375,1000
2020-10-30 09:41:49.690,3.374,1000
2020-10-30 09:41:52.670,3.375,74200
2020-10-30 09:41:52.670,3.375,5900
2020-10-30 09:41:52.670,3.375,23800
2020-10-30 09:41:52.670,3.375,13000
2020-10-30 09:41:52.670,3.375,12500
2020-10-30 09:41:52.670,3.375,2900
2020-10-30 09:41:52.670,3.376,700
2020-10-30 09:41:52.670,3.376,30000
2020-10-30 09:41:52.670,3.376,16700
2020-10-30 09:41:52.670,3.376,10000
2020-10-30 09:41:52.670,3.376,5000
2020-10-30 09:41:52.670,3.376,5300
2020-10-30 09:41:53.370,3.374,6000
2020-10-30 09:41:55.310,3.374,5900
2020-10-30 09:41:55.610,3.375,10000
2020-10-30 09:41:55.900,3.375,1000
2020-10-30 09:41:57.130,3.375,5000
2020-10-30 09:41:58.680,3.375,4000
2020-10-30 09:41:58.680,3.374,1000
2020-10-30 09:41:59.000,3.374,30000
2020-10-30 09:41:59.250,3.375,5000
2020-10-30 09:42:00.750,3.375,300000
2020-10-30 09:42:01.850,3.375,3000
2020-10-30 09:42:02.100,3.375,39700
2020-10-30 09:42:02.160,3.375,102300
2020-10-30 09:42:02.160,3.374,297700
2020-10-30 09:42:04.050,3.374,5000
2020-10-30 09:42:04.050,3.374,2000
2020-10-30 09:42:04.050,3.374,10000
2020-10-30 09:42:04.050,3.374,60000
2020-10-30 09:42:04.050,3.374,300
2020-10-30 09:42:04.050,3.374,5000
2020-10-30 09:42:04.050,3.374,3000
2020-10-30 09:42:07.010,3.375,1900
2020-10-30 09:42:07.180,3.374,100
2020-10-30 09:42:07.860,3.374,1900
2020-10-30 09:42:07.860,3.375,100
2020-10-30 09:42:10.590,3.373,500
2020-10-30 09:42:10.590,3.373,3000
2020-10-30 09:42:10.590,3.373,2000
2020-10-30 09:42:10.590,3.373,800
2020-10-30 09:42:10.590,3.373,3000
2020-10-30 09:42:10.590,3.373,500
2020-10-30 09:42:10.590,3.373,2000
2020-10-30 09:42:10.590,3.373,500
2020-10-30 09:42:10.590,3.373,5000
2020-10-30 09:42:10.590,3.373,100
2020-10-30 09:42:10.590,3.373,3900
2020-10-30 09:42:10.590,3.373,10000
2020-10-30 09:42:10.590,3.373,200
2020-10-30 09:42:20.460,3.372,18000
2020-10-30 09:42:20.460,3.372,400
2020-10-30 09:42:20.460,3.372,1000
2020-10-30 09:42:20.460,3.372,1000
2020-10-30 09:42:20.460,3.372,10000
2020-10-30 09:42:20.460,3.372,6400
2020-10-30 09:42:20.460,3.372,5000
2020-10-30 09:42:20.460,3.372,300
2020-10-30 09:42:20.460,3.372,11000
2020-10-30 09:42:20.460,3.371,31400
2020-10-30 09:42:20.460,3.371,3000
2020-10-30 09:42:20.460,3.371,100
2020-10-30 09:42:20.460,3.371,5000
2020-10-30 09:42:20.460,3.371,2000
2020-10-30 09:42:20.460,3.371,10000
2020-10-30 09:42:20.460,3.371,100
2020-10-30 09:42:20.460,3.371,29100
2020-10-30 09:42:20.460,3.371,3000
2020-10-30 09:42:20.460,3.371,11000
2020-10-30 09:42:20.460,3.371,154000
2020-10-30 09:42:31.150,3.37,6400
2020-10-30 09:42:31.240,3.371,100
2020-10-30 09:42:32.250,3.371,2500
2020-10-30 09:42:33.070,3.37,2600
2020-10-30 09:42:35.640,3.371,2100
2020-10-30 09:42:36.970,3.37,100
2020-10-30 09:42:37.580,3.371,291200
2020-10-30 09:42:37.810,3.37,900
2020-10-30 09:42:40.030,3.371,4100
2020-10-30 09:42:40.030,3.371,119300
2020-10-30 09:42:40.030,3.371,176600
2020-10-30 09:42:41.100,3.37,10000
2020-10-30 09:42:41.100,3.37,1000
2020-10-30 09:42:41.100,3.37,27800
2020-10-30 09:42:41.100,3.37,1000
2020-10-30 09:42:41.100,3.37,3000
2020-10-30 09:42:41.100,3.37,1000
2020-10-30 09:42:41.100,3.37,6000
2020-10-30 09:42:41.100,3.37,200
2020-10-30 09:42:41.420,3.37,300
2020-10-30 09:42:41.420,3.37,1000
2020-10-30 09:42:41.420,3.37,700
2020-10-30 09:42:41.790,3.37,700
2020-10-30 09:42:42.630,3.371,12000
2020-10-30 09:42:44.910,3.371,100
2020-10-30 09:42:45.580,3.37,1600
2020-10-30 09:42:45.580,3.37,1000
2020-10-30 09:42:45.580,3.37,100
2020-10-30 09:42:45.580,3.37,800
2020-10-30 09:42:45.580,3.37,2500
2020-10-30 09:42:45.580,3.37,2500
2020-10-30 09:42:45.580,3.37,1000
2020-10-30 09:42:45.580,3.37,2000
2020-10-30 09:42:45.580,3.37,10000
2020-10-30 09:42:45.580,3.37,700
2020-10-30 09:42:45.580,3.37,11000
2020-10-30 09:42:45.580,3.37,3000
2020-10-30 09:42:45.580,3.37,256000
2020-10-30 09:42:47.290,3.37,340000
2020-10-30 09:42:47.820,3.37,10000
2020-10-30 09:42:49.860,3.37,1500
2020-10-30 09:42:50.010,3.37,292500
2020-10-30 09:42:50.010,3.37,500
2020-10-30 09:42:50.010,3.37,7000
2020-10-30 09:42:50.650,3.37,2500
2020-10-30 09:42:51.260,3.37,500
2020-10-30 09:42:51.260,3.37,600
2020-10-30 09:42:51.260,3.37,2200
2020-10-30 09:42:51.260,3.37,3000
2020-10-30 09:42:51.260,3.37,1500
2020-10-30 09:42:52.250,3.37,500
2020-10-30 09:42:53.370,3.37,11700
2020-10-30 09:42:57.330,3.371,49900
2020-10-30 09:42:57.330,3.371,1000
2020-10-30 09:42:57.360,3.371,51675
2020-10-30 09:42:57.940,3.371,10000
2020-10-30 09:42:58.030,3.371,2500
2020-10-30 09:42:59.490,3.371,20100
2020-10-30 09:43:00.610,3.371,300000
2020-10-30 09:43:01.030,3.371,534825
2020-10-30 09:43:02.790,3.37,15600
2020-10-30 09:43:03.480,3.37,21000
2020-10-30 09:43:07.110,3.371,14800
2020-10-30 09:43:07.900,3.371,38800
2020-10-30 09:43:07.930,3.371,9000
2020-10-30 09:43:14.450,3.37,5000
2020-10-30 09:43:14.930,3.371,40000
2020-10-30 09:43:15.300,3.37,17300
2020-10-30 09:43:17.410,3.371,40000
2020-10-30 09:43:20.200,3.371,24000
2020-10-30 09:43:20.200,3.371,10000
2020-10-30 09:43:20.200,3.371,6000
2020-10-30 09:43:20.810,3.371,1000
2020-10-30 09:43:22.710,3.371,40000
2020-10-30 09:43:23.240,3.371,15400
2020-10-30 09:43:23.490,3.371,5000
2020-10-30 09:43:24.260,3.371,35300
2020-10-30 09:43:24.260,3.371,6000
2020-10-30 09:43:24.260,3.371,3000
2020-10-30 09:43:24.260,3.371,1000
2020-10-30 09:43:24.260,3.371,3000
2020-10-30 09:43:24.260,3.372,2000
2020-10-30 09:43:24.260,3.372,3000
2020-10-30 09:43:24.260,3.372,5100
2020-10-30 09:43:24.260,3.372,10000
2020-10-30 09:43:24.260,3.372,19600
2020-10-30 09:43:25.940,3.371,10000
2020-10-30 09:43:26.090,3.371,1400
2020-10-30 09:43:29.350,3.372,40000
2020-10-30 09:43:29.970,3.371,28600
2020-10-30 09:43:29.970,3.371,2700
2020-10-30 09:43:34.210,3.372,9000
2020-10-30 09:43:34.210,3.372,100
2020-10-30 09:43:34.210,3.372,100
2020-10-30 09:43:34.210,3.372,30800
2020-10-30 09:43:38.440,3.372,1000
2020-10-30 09:43:42.180,3.372,500
2020-10-30 09:43:42.270,3.371,900
2020-10-30 09:43:42.270,3.371,1100
2020-10-30 09:43:43.200,3.371,1000
2020-10-30 09:43:43.770,3.371,2700
2020-10-30 09:43:43.770,3.371,10700
2020-10-30 09:43:46.370,3.372,2000
2020-10-30 09:43:47.220,3.371,800
2020-10-30 09:43:47.560,3.371,500
2020-10-30 09:43:48.450,3.372,10000
2020-10-30 09:43:49.960,3.372,300
2020-10-30 09:43:51.060,3.372,5400
2020-10-30 09:43:51.060,3.372,1000
2020-10-30 09:43:51.630,3.372,13600
2020-10-30 09:43:52.630,3.372,100
2020-10-30 09:43:53.570,3.372,5000
2020-10-30 09:43:53.630,3.371,10000
2020-10-30 09:43:53.630,3.371,300
2020-10-30 09:43:53.630,3.371,50000
2020-10-30 09:43:53.630,3.371,40000
2020-10-30 09:43:53.630,3.371,1500
2020-10-30 09:43:53.630,3.371,3000
2020-10-30 09:43:53.630,3.371,1100
2020-10-30 09:43:53.630,3.371,500
2020-10-30 09:43:53.630,3.371,300
2020-10-30 09:43:53.630,3.37,49400
2020-10-30 09:43:53.630,3.37,1500
2020-10-30 09:43:53.630,3.37,50000
2020-10-30 09:43:53.630,3.37,3000
2020-10-30 09:43:53.630,3.37,10000
2020-10-30 09:43:53.630,3.37,2000
2020-10-30 09:43:53.630,3.37,50000
2020-10-30 09:43:53.630,3.37,11500
2020-10-30 09:43:55.120,3.371,2400
2020-10-30 09:43:55.120,3.372,7600
2020-10-30 09:43:55.860,3.37,300
2020-10-30 09:43:58.820,3.371,3000
2020-10-30 09:43:59.270,3.372,6300
2020-10-30 09:44:03.770,3.372,20500
2020-10-30 09:44:04.890,3.37,28200
2020-10-30 09:44:04.890,3.37,11800
2020-10-30 09:44:07.640,3.371,5000
2020-10-30 09:44:08.220,3.371,10000
2020-10-30 09:44:10.750,3.371,300
2020-10-30 09:44:10.810,3.371,200
2020-10-30 09:44:11.020,3.371,10000
2020-10-30 09:44:12.010,3.37,28200
2020-10-30 09:44:12.010,3.37,6000
2020-10-30 09:44:12.010,3.37,1000
2020-10-30 09:44:12.010,3.37,500
2020-10-30 09:44:12.010,3.37,900
2020-10-30 09:44:12.010,3.37,100
2020-10-30 09:44:12.270,3.371,50000
2020-10-30 09:44:12.890,3.371,14500
2020-10-30 09:44:12.890,3.371,6100
2020-10-30 09:44:13.300,3.37,2100
2020-10-30 09:44:13.460,3.37,100
2020-10-30 09:44:17.840,3.371,6000
2020-10-30 09:44:18.960,3.37,700
2020-10-30 09:44:18.960,3.37,5300
2020-10-30 09:44:18.960,3.37,5000
2020-10-30 09:44:18.960,3.37,2500
2020-10-30 09:44:21.070,3.37,3000
2020-10-30 09:44:22.600,3.371,200
2020-10-30 09:44:25.690,3.37,33000
2020-10-30 09:44:26.520,3.371,10000
2020-10-30 09:44:26.870,3.37,300000
2020-10-30 09:44:27.480,3.37,700
2020-10-30 09:44:28.340,3.371,5000
2020-10-30 09:44:30.440,3.37,32400
2020-10-30 09:44:31.870,3.37,70000
2020-10-30 09:44:34.260,3.371,40000
2020-10-30 09:44:34.750,3.371,600
2020-10-30 09:44:36.820,3.37,3000
2020-10-30 09:44:37.200,3.371,40000
2020-10-30 09:44:37.530,3.37,30000
2020-10-30 09:44:37.770,3.371,20000
2020-10-30 09:44:38.230,3.371,29500
2020-10-30 09:44:38.230,3.371,100000
2020-10-30 09:44:38.230,3.371,10000
2020-10-30 09:44:38.230,3.371,1500
2020-10-30 09:44:38.230,3.371,10000
2020-10-30 09:44:40.250,3.372,3000
2020-10-30 09:44:40.250,3.372,1000
2020-10-30 09:44:40.250,3.372,109900
2020-10-30 09:44:40.250,3.372,786100
2020-10-30 09:44:41.290,3.372,40000
2020-10-30 09:44:41.760,3.372,20000
2020-10-30 09:44:45.600,3.372,100
2020-10-30 09:44:46.990,3.372,3000
2020-10-30 09:44:48.850,3.372,1500
2020-10-30 09:44:49.240,3.373,3000
2020-10-30 09:44:49.240,3.373,15000
2020-10-30 09:44:49.240,3.373,4400
2020-10-30 09:44:51.710,3.372,16200
2020-10-30 09:44:52.840,3.372,16300
2020-10-30 09:44:55.710,3.372,40000
2020-10-30 09:44:56.990,3.372,600
2020-10-30 09:45:00.720,3.372,300
2020-10-30 09:45:02.090,3.371,4900
2020-10-30 09:45:02.090,3.371,500
2020-10-30 09:45:02.090,3.371,10100
2020-10-30 09:45:02.270,3.371,10000
2020-10-30 09:45:04.760,3.371,274500
2020-10-30 09:45:05.630,3.371,4400
2020-10-30 09:45:06.210,3.372,40000
2020-10-30 09:45:06.480,3.372,600
2020-10-30 09:45:09.180,3.372,1000
2020-10-30 09:45:09.180,3.372,104200
2020-10-30 09:45:09.180,3.372,243600
2020-10-30 09:45:09.180,3.372,10000
2020-10-30 09:45:09.180,3.372,200
2020-10-30 09:45:11.590,3.372,5300
2020-10-30 09:45:13.120,3.372,100
2020-10-30 09:45:18.650,3.372,6800
2020-10-30 09:45:21.460,3.372,2900
2020-10-30 09:45:22.220,3.373,3000
2020-10-30 09:45:22.920,3.372,300
2020-10-30 09:45:22.920,3.372,100
2020-10-30 09:45:22.920,3.372,7400
2020-10-30 09:45:23.810,3.373,6000
2020-10-30 09:45:26.520,3.372,100
2020-10-30 09:45:30.930,3.372,30200
2020-10-30 09:45:31.820,3.373,16600
2020-10-30 09:45:31.820,3.373,9000
2020-10-30 09:45:35.320,3.373,100
2020-10-30 09:45:35.770,3.372,22000
2020-10-30 09:45:37.590,3.373,900
2020-10-30 09:45:37.590,3.373,2000
2020-10-30 09:45:38.590,3.373,800
2020-10-30 09:45:42.990,3.373,300
2020-10-30 09:45:43.520,3.374,1700
2020-10-30 09:45:44.380,3.373,1400
2020-10-30 09:45:44.380,3.373,2600
2020-10-30 09:45:44.440,3.373,5900
2020-10-30 09:45:46.110,3.373,19200
2020-10-30 09:45:46.110,3.373,28000
2020-10-30 09:45:50.230,3.372,300000
2020-10-30 09:45:50.540,3.373,50000
2020-10-30 09:45:54.900,3.373,3000
2020-10-30 09:45:56.880,3.372,1000
2020-10-30 09:46:01.500,3.373,1700
2020-10-30 09:46:02.130,3.373,6000
2020-10-30 09:46:02.570,3.372,10000
2020-10-30 09:46:04.060,3.373,1000
2020-10-30 09:46:04.740,3.373,100
2020-10-30 09:46:05.150,3.373,2000
2020-10-30 09:46:06.480,3.372,4700
2020-10-30 09:46:07.460,3.372,28600
2020-10-30 09:46:09.360,3.373,3500
2020-10-30 09:46:10.260,3.373,200
2020-10-30 09:46:12.640,3.372,300
2020-10-30 09:46:12.930,3.373,100
2020-10-30 09:46:13.910,3.372,200
2020-10-30 09:46:16.390,3.373,5000
2020-10-30 09:46:19.690,3.373,1200
2020-10-30 09:46:20.130,3.373,500
2020-10-30 09:46:21.410,3.372,6000
2020-10-30 09:46:21.620,3.373,100
2020-10-30 09:46:25.790,3.373,5000
2020-10-30 09:46:25.940,3.373,49400
2020-10-30 09:46:28.100,3.372,100
2020-10-30 09:46:30.520,3.373,700
2020-10-30 09:46:39.000,3.372,10000
2020-10-30 09:46:39.710,3.373,40100
2020-10-30 09:46:39.710,3.373,900
2020-10-30 09:46:39.710,3.373,12000
2020-10-30 09:46:39.710,3.373,8000
2020-10-30 09:46:39.710,3.373,10000
2020-10-30 09:46:39.710,3.373,1100
2020-10-30 09:46:43.330,3.374,100
2020-10-30 09:46:43.330,3.374,1100
2020-10-30 09:46:43.330,3.374,3000
2020-10-30 09:46:43.330,3.374,3000
2020-10-30 09:46:43.330,3.374,10000
2020-10-30 09:46:43.330,3.374,1000
2020-10-30 09:46:43.330,3.374,12700
2020-10-30 09:46:44.500,3.374,103700
2020-10-30 09:46:47.300,3.374,3000
2020-10-30 09:46:47.680,3.374,10200
2020-10-30 09:46:53.310,3.374,100
2020-10-30 09:47:00.420,3.375,1500
2020-10-30 09:47:00.420,3.375,500
2020-10-30 09:47:00.870,3.375,2500
2020-10-30 09:47:00.870,3.375,300
2020-10-30 09:47:01.340,3.374,152100
2020-10-30 09:47:01.340,3.374,147900
2020-10-30 09:47:01.510,3.374,752100
2020-10-30 09:47:02.280,3.374,1000
2020-10-30 09:47:04.880,3.374,10000
2020-10-30 09:47:05.800,3.374,20000
2020-10-30 09:47:06.570,3.374,9600
2020-10-30 09:47:07.050,3.374,100
2020-10-30 09:47:11.920,3.373,100
2020-10-30 09:47:11.920,3.373,1900
2020-10-30 09:47:17.230,3.374,300
2020-10-30 09:47:17.260,3.373,38100
2020-10-30 09:47:17.260,3.373,700
2020-10-30 09:47:17.670,3.373,100
2020-10-30 09:47:17.720,3.374,300
2020-10-30 09:47:19.150,3.373,100
2020-10-30 09:47:20.130,3.374,4500
2020-10-30 09:47:20.490,3.374,1900
2020-10-30 09:47:20.490,3.374,1000
2020-10-30 09:47:20.490,3.374,20000
2020-10-30 09:47:20.490,3.374,1600
2020-10-30 09:47:20.490,3.374,200
2020-10-30 09:47:20.490,3.374,10000
2020-10-30 09:47:20.910,3.374,8500
2020-10-30 09:47:21.720,3.375,700
2020-10-30 09:47:21.720,3.375,2300
2020-10-30 09:47:25.720,3.375,1600
2020-10-30 09:47:26.420,3.375,100
2020-10-30 09:47:27.360,3.375,3000
2020-10-30 09:47:27.690,3.375,3000
2020-10-30 09:47:27.690,3.375,10000
2020-10-30 09:47:27.690,3.375,3200
2020-10-30 09:47:28.530,3.375,163100
2020-10-30 09:47:28.530,3.375,4000
2020-10-30 09:47:28.530,3.375,5000
2020-10-30 09:47:28.530,3.375,10000
2020-10-30 09:47:28.560,3.375,6700
2020-10-30 09:47:29.720,3.375,111200
2020-10-30 09:47:30.190,3.375,131600
2020-10-30 09:47:30.920,3.375,50000
2020-10-30 09:47:33.700,3.376,3800
2020-10-30 09:47:33.700,3.376,4000
2020-10-30 09:47:33.700,3.376,1100
2020-10-30 09:47:34.060,3.375,300
2020-10-30 09:47:35.410,3.375,2000
2020-10-30 09:47:36.720,3.376,1900
2020-10-30 09:47:36.720,3.376,3000
2020-10-30 09:47:36.720,3.376,35100
2020-10-30 09:47:37.340,3.376,30000
2020-10-30 09:47:38.330,3.376,30000
2020-10-30 09:47:38.870,3.375,3000
2020-10-30 09:47:39.480,3.376,300
2020-10-30 09:47:39.810,3.376,7400
2020-10-30 09:47:43.120,3.376,100
2020-10-30 09:47:43.120,3.375,6900
2020-10-30 09:47:50.050,3.377,5300
2020-10-30 09:47:50.460,3.376,100
2020-10-30 09:47:50.940,3.376,900
2020-10-30 09:47:51.240,3.376,39000
2020-10-30 09:47:51.240,3.376,11000
2020-10-30 09:47:52.570,3.377,24900
2020-10-30 09:47:53.910,3.376,10500
2020-10-30 09:47:56.900,3.377,26000
2020-10-30 09:47:58.310,3.377,10000
2020-10-30 09:47:59.020,3.377,300
2020-10-30 09:47:59.440,3.376,8500
2020-10-30 09:47:59.440,3.376,1800
2020-10-30 09:47:59.440,3.376,12600
2020-10-30 09:48:00.010,3.377,41800
2020-10-30 09:48:00.010,3.377,10000
2020-10-30 09:48:00.010,3.377,10000
2020-10-30 09:48:00.010,3.377,11000
2020-10-30 09:48:00.010,3.377,227200
2020-10-30 09:48:01.490,3.377,300
2020-10-30 09:48:01.970,3.377,700
2020-10-30 09:48:02.190,3.377,10000
2020-10-30 09:48:03.340,3.376,4500
2020-10-30 09:48:04.450,3.377,300
2020-10-30 09:48:05.100,3.376,2900
2020-10-30 09:48:05.100,3.376,100
2020-10-30 09:48:05.100,3.376,7500
2020-10-30 09:48:05.190,3.377,24000
2020-10-30 09:48:05.940,3.377,500
2020-10-30 09:48:09.890,3.377,37000
2020-10-30 09:48:09.890,3.377,12700
2020-10-30 09:48:09.890,3.377,300
2020-10-30 09:48:11.140,3.377,10000
2020-10-30 09:48:15.140,3.377,200
2020-10-30 09:48:17.300,3.376,100
2020-10-30 09:48:18.610,3.376,4900
2020-10-30 09:48:18.610,3.376,7100
2020-10-30 09:48:19.710,3.377,2200
2020-10-30 09:48:19.710,3.377,2600
2020-10-30 09:48:19.920,3.377,3500
2020-10-30 09:48:19.920,3.377,12700
2020-10-30 09:48:19.920,3.377,13000
2020-10-30 09:48:19.950,3.377,60000
2020-10-30 09:48:20.920,3.377,1000
2020-10-30 09:48:22.580,3.376,300
2020-10-30 09:48:22.580,3.376,6500
2020-10-30 09:48:22.580,3.376,5000
2020-10-30 09:48:22.580,3.376,500
2020-10-30 09:48:22.580,3.376,400
2020-10-30 09:48:24.210,3.377,9800
2020-10-30 09:48:27.170,3.376,3000
2020-10-30 09:48:28.270,3.376,700
2020-10-30 09:48:29.870,3.377,3000
2020-10-30 09:48:32.560,3.376,10100
2020-10-30 09:48:32.790,3.376,35800
2020-10-30 09:48:32.790,3.376,5000
2020-10-30 09:48:32.790,3.376,77300
2020-10-30 09:48:32.790,3.376,30500
2020-10-30 09:48:32.790,3.376,100
2020-10-30 09:48:35.050,3.376,100
2020-10-30 09:48:35.810,3.376,100
2020-10-30 09:48:36.850,3.376,12000
2020-10-30 09:48:38.190,3.376,33700
2020-10-30 09:48:38.330,3.377,5000
2020-10-30 09:48:41.170,3.376,45800
2020-10-30 09:48:41.170,3.376,45800
2020-10-30 09:48:45.120,3.376,12800
2020-10-30 09:48:49.200,3.376,11200
2020-10-30 09:48:49.280,3.376,6000
2020-10-30 09:48:49.280,3.376,200
2020-10-30 09:48:50.840,3.377,1000
2020-10-30 09:48:52.640,3.377,281200
2020-10-30 09:48:52.640,3.377,600
2020-10-30 09:48:52.640,3.377,600
2020-10-30 09:48:52.640,3.377,17600
2020-10-30 09:48:57.930,3.377,1000
2020-10-30 09:49:00.260,3.377,92200
2020-10-30 09:49:00.260,3.377,700
2020-10-30 09:49:00.260,3.377,3000
2020-10-30 09:49:00.260,3.377,4600
2020-10-30 09:49:00.980,3.377,10000
2020-10-30 09:49:09.970,3.378,1000
2020-10-30 09:49:11.830,3.377,3000
2020-10-30 09:49:14.820,3.377,16300
2020-10-30 09:49:16.280,3.377,8500
2020-10-30 09:49:18.140,3.378,123900
2020-10-30 09:49:18.140,3.378,100
2020-10-30 09:49:18.140,3.378,500
2020-10-30 09:49:18.140,3.378,100
2020-10-30 09:49:18.140,3.378,900
2020-10-30 09:49:18.140,3.378,2000
2020-10-30 09:49:18.140,3.378,10000
2020-10-30 09:49:18.140,3.378,6000
2020-10-30 09:49:18.140,3.378,1000
2020-10-30 09:49:18.140,3.378,3000
2020-10-30 09:49:18.140,3.378,10000
2020-10-30 09:49:18.140,3.378,5000
2020-10-30 09:49:18.140,3.378,3300
2020-10-30 09:49:18.140,3.378,5800
2020-10-30 09:49:18.140,3.378,10000
2020-10-30 09:49:18.140,3.378,11000
2020-10-30 09:49:18.140,3.378,20000
2020-10-30 09:49:18.140,3.378,5000
2020-10-30 09:49:18.320,3.378,10000
2020-10-30 09:49:19.680,3.378,2000
2020-10-30 09:49:20.160,3.379,100
2020-10-30 09:49:20.160,3.379,20000
2020-10-30 09:49:20.160,3.379,100
2020-10-30 09:49:20.160,3.379,11000
2020-10-30 09:49:20.160,3.379,3000
2020-10-30 09:49:20.160,3.379,5000
2020-10-30 09:49:20.160,3.379,100
2020-10-30 09:49:20.160,3.379,10000
2020-10-30 09:49:20.160,3.379,100
2020-10-30 09:49:20.160,3.379,2600
2020-10-30 09:49:20.160,3.379,10000
2020-10-30 09:49:20.160,3.379,100
2020-10-30 09:49:20.160,3.379,237900
2020-10-30 09:49:20.650,3.378,5700
2020-10-30 09:49:28.640,3.378,2000
2020-10-30 09:49:28.890,3.379,2000
2020-10-30 09:49:29.870,3.378,4100
2020-10-30 09:49:31.830,3.378,2000
2020-10-30 09:49:34.140,3.378,40400
2020-10-30 09:49:34.140,3.378,500
2020-10-30 09:49:34.140,3.378,2300
2020-10-30 09:49:34.140,3.378,2000
2020-10-30 09:49:34.140,3.378,100
2020-10-30 09:49:34.140,3.378,50000
2020-10-30 09:49:34.140,3.378,100
2020-10-30 09:49:34.140,3.378,3500
2020-10-30 09:49:35.910,3.377,300
2020-10-30 09:49:36.610,3.378,1000
2020-10-30 09:49:37.630,3.377,1800
2020-10-30 09:49:38.620,3.378,400
