Datetime,Price,Volume
2020-10-30 09:25:00.560,4.838,100
2020-10-30 09:25:00.560,4.838,100
2020-10-30 09:25:00.560,4.838,2300
2020-10-30 09:25:00.560,4.838,1400
2020-10-30 09:25:00.560,4.838,200
2020-10-30 09:25:00.560,4.838,1200
2020-10-30 09:25:00.560,4.838,4700
2020-10-30 09:25:00.560,4.838,6800
2020-10-30 09:25:00.560,4.838,5000
2020-10-30 09:25:00.560,4.838,6800
2020-10-30 09:25:00.560,4.838,14300
2020-10-30 09:25:00.560,4.838,11300
2020-10-30 09:25:00.560,4.838,4400
2020-10-30 09:25:00.560,4.838,100
2020-10-30 09:25:00.560,4.838,100
2020-10-30 09:25:00.560,4.838,10000
2020-10-30 09:25:00.560,4.838,3300
2020-10-30 09:25:00.560,4.838,6700
2020-10-30 09:25:00.560,4.838,23300
2020-10-30 09:25:00.560,4.838,10500
2020-10-30 09:25:00.560,4.838,6200
2020-10-30 09:25:00.560,4.838,4200
2020-10-30 09:25:00.560,4.838,8500
2020-10-30 09:25:00.560,4.838,1000
2020-10-30 09:25:00.560,4.838,10500
2020-10-30 09:25:00.560,4.838,30000
2020-10-30 09:25:00.560,4.838,8200
2020-10-30 09:25:00.560,4.838,100
2020-10-30 09:25:00.560,4.838,10000
2020-10-30 09:25:00.560,4.838,1000
2020-10-30 09:25:00.560,4.838,2000
2020-10-30 09:25:00.560,4.838,100
2020-10-30 09:25:00.560,4.838,200
2020-10-30 09:25:00.560,4.838,5000
2020-10-30 09:25:00.560,4.838,3400
2020-10-30 09:25:00.560,4.838,500
2020-10-30 09:25:00.560,4.838,9500
2020-10-30 09:25:00.560,4.838,500
2020-10-30 09:25:00.560,4.838,4500
2020-10-30 09:25:00.560,4.838,5500
2020-10-30 09:25:00.560,4.838,5500
2020-10-30 09:25:00.560,4.838,100
2020-10-30 09:25:00.560,4.838,100
2020-10-30 09:25:00.560,4.838,4200
2020-10-30 09:25:00.560,4.838,200
2020-10-30 09:25:00.560,4.838,200
2020-10-30 09:25:00.560,4.838,200
2020-10-30 09:25:00.560,4.838,1000
2020-10-30 09:25:00.560,4.838,100
2020-10-30 09:25:00.560,4.838,100
2020-10-30 09:25:00.560,4.838,100
2020-10-30 09:25:00.560,4.838,400
2020-10-30 09:25:00.560,4.838,300
2020-10-30 09:25:00.560,4.838,100
2020-10-30 09:25:00.560,4.838,100
2020-10-30 09:25:00.560,4.838,100
2020-10-30 09:25:00.560,4.838,300
2020-10-30 09:25:00.560,4.838,100
2020-10-30 09:25:00.560,4.838,100
2020-10-30 09:25:00.560,4.838,100
2020-10-30 09:25:00.560,4.838,2000
2020-10-30 09:25:00.560,4.838,9700
2020-10-30 09:25:00.560,4.838,4700
2020-10-30 09:25:00.560,4.838,400
2020-10-30 09:25:00.560,4.838,100
2020-10-30 09:25:00.560,4.838,100
2020-10-30 09:25:00.560,4.838,400
2020-10-30 09:25:00.560,4.838,100
2020-10-30 09:25:00.560,4.838,100
2020-10-30 09:25:00.560,4.838,6000
2020-10-30 09:25:00.560,4.838,2300
2020-10-30 09:25:00.560,4.838,200
2020-10-30 09:25:00.560,4.838,500
2020-10-30 09:25:00.560,4.838,100
2020-10-30 09:25:00.560,4.838,4400
2020-10-30 09:25:00.560,4.838,2100
2020-10-30 09:25:00.560,4.838,100
2020-10-30 09:25:00.560,4.838,100
2020-10-30 09:25:00.560,4.838,1000
2020-10-30 09:25:00.560,4.838,200
2020-10-30 09:25:00.560,4.838,300
2020-10-30 09:25:00.560,4.838,100
2020-10-30 09:25:00.560,4.838,100
2020-10-30 09:25:00.560,4.838,100
2020-10-30 09:25:00.560,4.838,500
2020-10-30 09:25:00.560,4.838,2000
2020-10-30 09:25:00.560,4.838,100
2020-10-30 09:25:00.560,4.838,1000
2020-10-30 09:25:00.560,4.838,1900
2020-10-30 09:25:00.560,4.838,5000
2020-10-30 09:25:00.560,4.838,200
2020-10-30 09:25:00.560,4.838,8500
2020-10-30 09:25:00.560,4.838,3000
2020-10-30 09:25:00.560,4.838,11300
2020-10-30 09:25:00.560,4.838,100
2020-10-30 09:25:00.560,4.838,400
2020-10-30 09:25:00.560,4.838,100
2020-10-30 09:25:00.560,4.838,2000
2020-10-30 09:25:00.560,4.838,2000
2020-10-30 09:25:00.560,4.838,400
2020-10-30 09:25:00.560,4.838,100
2020-10-30 09:25:00.560,4.838,2000
2020-10-30 09:25:00.560,4.838,200
2020-10-30 09:25:00.560,4.838,10300
2020-10-30 09:25:00.560,4.838,100
2020-10-30 09:25:00.560,4.838,100
2020-10-30 09:25:00.560,4.838,900
2020-10-30 09:25:00.560,4.838,11600
2020-10-30 09:25:00.560,4.838,200
2020-10-30 09:25:00.560,4.838,8200
2020-10-30 09:25:00.560,4.838,9000
2020-10-30 09:25:00.560,4.838,27800
2020-10-30 09:25:00.560,4.838,2200
2020-10-30 09:25:00.560,4.838,300
2020-10-30 09:25:00.560,4.838,10000
2020-10-30 09:25:00.560,4.838,4700
2020-10-30 09:25:00.560,4.838,300
2020-10-30 09:25:00.560,4.838,4700
2020-10-30 09:25:00.560,4.838,600
2020-10-30 09:25:00.560,4.838,13400
2020-10-30 09:25:00.560,4.838,3000
2020-10-30 09:25:00.560,4.838,1000
2020-10-30 09:25:00.560,4.838,20000
2020-10-30 09:25:00.560,4.838,5100
2020-10-30 09:25:00.560,4.838,1000
2020-10-30 09:25:00.560,4.838,20000
2020-10-30 09:25:00.560,4.838,16800
2020-10-30 09:25:00.560,4.838,5000
2020-10-30 09:25:00.560,4.838,2000
2020-10-30 09:25:00.560,4.838,30000
2020-10-30 09:25:00.560,4.838,60000
2020-10-30 09:25:00.560,4.838,200
2020-10-30 09:25:00.560,4.838,7800
2020-10-30 09:25:00.560,4.838,200
2020-10-30 09:25:00.560,4.838,100
2020-10-30 09:25:00.560,4.838,500
2020-10-30 09:25:00.560,4.838,500
2020-10-30 09:25:00.560,4.838,100
2020-10-30 09:25:00.560,4.838,200
2020-10-30 09:25:00.560,4.838,2000
2020-10-30 09:25:00.560,4.838,1800
2020-10-30 09:25:00.560,4.838,6100
2020-10-30 09:25:00.560,4.838,10000
2020-10-30 09:25:00.560,4.838,400
2020-10-30 09:25:00.560,4.838,400
2020-10-30 09:25:00.560,4.838,100
2020-10-30 09:25:00.560,4.838,100
2020-10-30 09:25:00.560,4.838,100
2020-10-30 09:25:00.560,4.838,2000
2020-10-30 09:25:00.560,4.838,100
2020-10-30 09:25:00.560,4.838,500
2020-10-30 09:25:00.560,4.838,200
2020-10-30 09:25:00.560,4.838,100
2020-10-30 09:25:00.560,4.838,600
2020-10-30 09:25:00.560,4.838,200
2020-10-30 09:25:00.560,4.838,1000
2020-10-30 09:25:00.560,4.838,100
2020-10-30 09:25:00.560,4.838,100
2020-10-30 09:25:00.560,4.838,1000
2020-10-30 09:25:00.560,4.838,200
2020-10-30 09:25:00.560,4.838,100
2020-10-30 09:25:00.560,4.838,200
2020-10-30 09:25:00.560,4.838,400
2020-10-30 09:25:00.560,4.838,2100
2020-10-30 09:25:00.560,4.838,100
2020-10-30 09:25:00.560,4.838,100
2020-10-30 09:25:00.560,4.838,100
2020-10-30 09:25:00.560,4.838,400
2020-10-30 09:25:00.560,4.838,200
2020-10-30 09:25:00.560,4.838,200
2020-10-30 09:25:00.560,4.838,200
2020-10-30 09:25:00.560,4.838,100
2020-10-30 09:25:00.560,4.838,800
2020-10-30 09:25:00.560,4.838,500
2020-10-30 09:25:00.560,4.838,100
2020-10-30 09:25:00.560,4.838,100
2020-10-30 09:25:00.560,4.838,700
2020-10-30 09:25:00.560,4.838,500
2020-10-30 09:25:00.560,4.838,100
2020-10-30 09:25:00.560,4.838,200
2020-10-30 09:25:00.560,4.838,400
2020-10-30 09:25:00.560,4.838,100
2020-10-30 09:25:00.560,4.838,100
2020-10-30 09:25:00.560,4.838,100
2020-10-30 09:25:00.560,4.838,600
2020-10-30 09:25:00.560,4.838,200
2020-10-30 09:25:00.560,4.838,100
2020-10-30 09:25:00.560,4.838,400
2020-10-30 09:25:00.560,4.838,100
2020-10-30 09:25:00.560,4.838,100
2020-10-30 09:25:00.560,4.838,2100
2020-10-30 09:25:00.560,4.838,100
2020-10-30 09:25:00.560,4.838,100
2020-10-30 09:25:00.560,4.838,100
2020-10-30 09:25:00.560,4.838,2200
2020-10-30 09:25:00.560,4.838,2000
2020-10-30 09:25:00.560,4.838,100
2020-10-30 09:25:00.560,4.838,500
2020-10-30 09:25:00.560,4.838,100
2020-10-30 09:25:00.560,4.838,12400
2020-10-30 09:25:00.560,4.838,50000
2020-10-30 09:25:00.560,4.838,300
2020-10-30 09:25:00.560,4.838,100
2020-10-30 09:25:00.560,4.838,50000
2020-10-30 09:25:00.560,4.838,100
2020-10-30 09:25:00.560,4.838,100
2020-10-30 09:25:00.560,4.838,500
2020-10-30 09:25:00.560,4.838,200
2020-10-30 09:25:00.560,4.838,3000
2020-10-30 09:25:00.560,4.838,200
2020-10-30 09:25:00.560,4.838,4000
2020-10-30 09:25:00.560,4.838,200
2020-10-30 09:25:00.560,4.838,1000
2020-10-30 09:25:00.560,4.838,400
2020-10-30 09:25:00.560,4.838,100
2020-10-30 09:25:00.560,4.838,1000
2020-10-30 09:25:00.560,4.838,100
2020-10-30 09:25:00.560,4.838,400000
2020-10-30 09:25:00.560,4.838,200
2020-10-30 09:25:00.560,4.838,100
2020-10-30 09:25:00.560,4.838,200
2020-10-30 09:25:00.560,4.838,200
2020-10-30 09:25:00.560,4.838,20000
2020-10-30 09:25:00.560,4.838,300
2020-10-30 09:25:00.560,4.838,4000
2020-10-30 09:25:00.560,4.838,1200
2020-10-30 09:25:00.560,4.838,100
2020-10-30 09:25:00.560,4.838,100
2020-10-30 09:25:00.560,4.838,2500
2020-10-30 09:25:00.560,4.838,3000
2020-10-30 09:25:00.560,4.838,10000
2020-10-30 09:25:00.560,4.838,800
2020-10-30 09:25:00.560,4.838,300
2020-10-30 09:25:00.560,4.838,100
2020-10-30 09:25:00.560,4.838,4000
2020-10-30 09:25:00.560,4.838,500
2020-10-30 09:25:00.560,4.838,100
2020-10-30 09:25:00.560,4.838,8500
2020-10-30 09:25:00.560,4.838,1000
2020-10-30 09:25:00.560,4.838,200
2020-10-30 09:25:00.560,4.838,2400
2020-10-30 09:25:00.560,4.838,1000
2020-10-30 09:25:00.560,4.838,4100
2020-10-30 09:25:00.560,4.838,200
2020-10-30 09:25:00.560,4.838,3000
2020-10-30 09:25:00.560,4.838,100
2020-10-30 09:25:00.560,4.838,500
2020-10-30 09:25:00.560,4.838,500
2020-10-30 09:25:00.560,4.838,20000
2020-10-30 09:25:00.560,4.838,3000
2020-10-30 09:25:00.560,4.838,5000
2020-10-30 09:25:00.560,4.838,2600
2020-10-30 09:25:00.560,4.838,3900
2020-10-30 09:25:00.560,4.838,100
2020-10-30 09:25:00.560,4.838,50000
2020-10-30 09:25:00.560,4.838,1000
2020-10-30 09:25:00.560,4.838,300
2020-10-30 09:25:00.560,4.838,100
2020-10-30 09:25:00.560,4.838,2000
2020-10-30 09:25:00.560,4.838,2000
2020-10-30 09:25:00.560,4.838,100
2020-10-30 09:25:00.560,4.838,700
2020-10-30 09:25:00.560,4.838,1000
2020-10-30 09:25:00.560,4.838,8000
2020-10-30 09:25:00.560,4.838,5000
2020-10-30 09:25:00.560,4.838,6000
2020-10-30 09:25:00.560,4.838,6500
2020-10-30 09:25:00.560,4.838,300
2020-10-30 09:25:00.560,4.838,200
2020-10-30 09:25:00.560,4.838,1000
2020-10-30 09:25:00.560,4.838,300
2020-10-30 09:25:00.560,4.838,1000
2020-10-30 09:25:00.560,4.838,7600
2020-10-30 09:25:00.560,4.838,11500
2020-10-30 09:25:00.560,4.838,5300
2020-10-30 09:25:00.560,4.838,4500
2020-10-30 09:25:00.560,4.838,1300
2020-10-30 09:25:00.560,4.838,3900
2020-10-30 09:25:00.560,4.838,6100
2020-10-30 09:25:00.560,4.838,2000
2020-10-30 09:25:00.560,4.838,1900
2020-10-30 09:25:00.560,4.838,1100
2020-10-30 09:25:00.560,4.838,2000
2020-10-30 09:25:00.560,4.838,1000
2020-10-30 09:25:00.560,4.838,200
2020-10-30 09:25:00.560,4.838,3000
2020-10-30 09:25:00.560,4.838,500
2020-10-30 09:25:00.560,4.838,2000
2020-10-30 09:25:00.560,4.838,200
2020-10-30 09:25:00.560,4.838,200
2020-10-30 09:25:00.560,4.838,2500
2020-10-30 09:25:00.560,4.838,1300
2020-10-30 09:25:00.560,4.838,6600
2020-10-30 09:30:00.230,4.838,4100
2020-10-30 09:30:00.230,4.838,5000
2020-10-30 09:30:00.230,4.838,300
2020-10-30 09:30:00.230,4.838,800
2020-10-30 09:30:00.230,4.838,10000
2020-10-30 09:30:00.260,4.838,10000
2020-10-30 09:30:00.300,4.838,2000
2020-10-30 09:30:00.300,4.838,2000
2020-10-30 09:30:00.300,4.838,132300
2020-10-30 09:30:00.300,4.838,5000
2020-10-30 09:30:00.340,4.838,100
2020-10-30 09:30:00.390,4.838,20000
2020-10-30 09:30:00.390,4.838,3000
2020-10-30 09:30:00.390,4.838,3000
2020-10-30 09:30:00.450,4.838,5000
2020-10-30 09:30:00.450,4.838,400
2020-10-30 09:30:00.450,4.838,1000
2020-10-30 09:30:00.450,4.838,1000
2020-10-30 09:30:00.450,4.838,1000
2020-10-30 09:30:00.530,4.838,100
2020-10-30 09:30:00.530,4.837,1000
2020-10-30 09:30:00.530,4.838,1000
2020-10-30 09:30:00.640,4.838,81200
2020-10-30 09:30:00.640,4.838,11100
2020-10-30 09:30:00.640,4.838,203700
2020-10-30 09:30:00.760,4.838,1000
2020-10-30 09:30:00.760,4.838,300
2020-10-30 09:30:00.760,4.837,700
2020-10-30 09:30:00.760,4.838,3000
2020-10-30 09:30:00.760,4.837,2000
2020-10-30 09:30:00.870,4.837,1000
2020-10-30 09:30:00.870,4.838,12000
2020-10-30 09:30:00.870,4.838,1000
2020-10-30 09:30:00.870,4.838,3200
2020-10-30 09:30:00.870,4.838,14600
2020-10-30 09:30:00.870,4.838,3500
2020-10-30 09:30:00.870,4.838,219800
2020-10-30 09:30:00.870,4.838,3000
2020-10-30 09:30:00.870,4.839,7700
2020-10-30 09:30:00.870,4.839,1500
2020-10-30 09:30:00.870,4.839,1500
2020-10-30 09:30:00.870,4.839,8000
2020-10-30 09:30:00.870,4.839,10000
2020-10-30 09:30:00.870,4.839,3000
2020-10-30 09:30:00.870,4.839,2000
2020-10-30 09:30:00.870,4.839,3000
2020-10-30 09:30:00.990,4.839,400
2020-10-30 09:30:00.990,4.84,5000
2020-10-30 09:30:00.990,4.839,100
2020-10-30 09:30:01.100,4.839,800
2020-10-30 09:30:01.100,4.839,1000
2020-10-30 09:30:01.100,4.84,20100
2020-10-30 09:30:01.100,4.84,200
2020-10-30 09:30:01.100,4.84,31200
2020-10-30 09:30:01.100,4.84,3500
2020-10-30 09:30:01.100,4.84,10000
2020-10-30 09:30:01.100,4.84,1300
2020-10-30 09:30:01.100,4.84,4300
2020-10-30 09:30:01.100,4.84,225400
2020-10-30 09:30:01.220,4.839,3800
2020-10-30 09:30:01.220,4.839,5000
2020-10-30 09:30:01.220,4.839,300
2020-10-30 09:30:01.220,4.839,1000
2020-10-30 09:30:01.220,4.839,57500
2020-10-30 09:30:01.220,4.839,22500
2020-10-30 09:30:01.220,4.839,3500
2020-10-30 09:30:01.220,4.839,200
2020-10-30 09:30:01.220,4.838,800
2020-10-30 09:30:01.220,4.84,18000
2020-10-30 09:30:01.220,4.839,1000
2020-10-30 09:30:01.330,4.839,2000
2020-10-30 09:30:01.330,4.838,3000
2020-10-30 09:30:01.330,4.838,50000
2020-10-30 09:30:01.330,4.838,28000
2020-10-30 09:30:01.330,4.838,19000
2020-10-30 09:30:01.330,4.838,2000
2020-10-30 09:30:01.450,4.84,3000
2020-10-30 09:30:01.450,4.839,10000
2020-10-30 09:30:01.450,4.84,500
2020-10-30 09:30:01.450,4.839,2000
2020-10-30 09:30:01.450,4.839,100
2020-10-30 09:30:01.570,4.84,1000
2020-10-30 09:30:01.570,4.839,4000
2020-10-30 09:30:01.570,4.84,700
2020-10-30 09:30:01.570,4.839,2000
2020-10-30 09:30:01.570,4.84,109000
2020-10-30 09:30:01.570,4.839,5000
2020-10-30 09:30:01.570,4.84,5000
2020-10-30 09:30:01.690,4.839,26900
2020-10-30 09:30:01.690,4.839,4200
2020-10-30 09:30:01.690,4.839,100
2020-10-30 09:30:01.690,4.839,2000
2020-10-30 09:30:01.690,4.839,100
2020-10-30 09:30:01.690,4.839,5000
2020-10-30 09:30:01.690,4.839,100
2020-10-30 09:30:01.690,4.839,21100
2020-10-30 09:30:01.690,4.839,5000
2020-10-30 09:30:01.690,4.838,2500
2020-10-30 09:30:01.690,4.838,400
2020-10-30 09:30:01.930,4.839,21700
2020-10-30 09:30:02.050,4.838,44300
2020-10-30 09:30:02.050,4.838,100
2020-10-30 09:30:02.050,4.838,100
2020-10-30 09:30:02.050,4.838,500
2020-10-30 09:30:02.050,4.838,29000
2020-10-30 09:30:02.050,4.838,800
2020-10-30 09:30:02.050,4.839,1100
2020-10-30 09:30:02.050,4.838,600
2020-10-30 09:30:02.050,4.839,2800
2020-10-30 09:30:02.160,4.839,1000
2020-10-30 09:30:02.160,4.838,10000
2020-10-30 09:30:02.160,4.838,2000
2020-10-30 09:30:02.160,4.839,3000
2020-10-30 09:30:02.160,4.838,5000
2020-10-30 09:30:02.160,4.839,11800
2020-10-30 09:30:02.160,4.839,200
2020-10-30 09:30:02.290,4.838,1000
2020-10-30 09:30:02.290,4.838,3100
2020-10-30 09:30:02.290,4.839,50000
2020-10-30 09:30:02.290,4.839,1000
2020-10-30 09:30:02.290,4.838,7000
2020-10-30 09:30:02.290,4.838,300
2020-10-30 09:30:02.290,4.839,5000
2020-10-30 09:30:02.420,4.838,100
2020-10-30 09:30:02.420,4.839,10000
2020-10-30 09:30:02.420,4.838,1400
2020-10-30 09:30:02.420,4.838,19300
2020-10-30 09:30:02.420,4.838,20000
2020-10-30 09:30:02.420,4.838,500
2020-10-30 09:30:02.420,4.838,19000
2020-10-30 09:30:02.550,4.838,1500
2020-10-30 09:30:02.660,4.839,295000
2020-10-30 09:30:02.660,4.839,4500
2020-10-30 09:30:02.660,4.839,100
2020-10-30 09:30:02.770,4.838,1500
2020-10-30 09:30:02.770,4.839,100
2020-10-30 09:30:02.770,4.839,2000
2020-10-30 09:30:02.890,4.839,21600
2020-10-30 09:30:02.890,4.839,2000
2020-10-30 09:30:02.890,4.839,2000
2020-10-30 09:30:02.990,4.839,50000
2020-10-30 09:30:02.990,4.839,300000
2020-10-30 09:30:02.990,4.838,14600
2020-10-30 09:30:02.990,4.839,1000
2020-10-30 09:30:03.110,4.839,149600
2020-10-30 09:30:03.110,4.839,10000
2020-10-30 09:30:03.110,4.839,500
2020-10-30 09:30:03.110,4.839,20000
2020-10-30 09:30:03.110,4.839,9300
2020-10-30 09:30:03.110,4.839,76900
2020-10-30 09:30:03.110,4.84,100
2020-10-30 09:30:03.110,4.839,29700
2020-10-30 09:30:03.110,4.838,4600
2020-10-30 09:30:03.110,4.838,600
2020-10-30 09:30:03.110,4.84,50000
2020-10-30 09:30:03.230,4.838,158000
2020-10-30 09:30:03.230,4.838,4000
2020-10-30 09:30:03.230,4.838,1300
2020-10-30 09:30:03.230,4.838,100
2020-10-30 09:30:03.230,4.838,500
2020-10-30 09:30:03.230,4.838,1000
2020-10-30 09:30:03.230,4.838,300
2020-10-30 09:30:03.230,4.838,200
2020-10-30 09:30:03.230,4.838,5000
2020-10-30 09:30:03.230,4.838,2000
2020-10-30 09:30:03.230,4.838,5000
2020-10-30 09:30:03.230,4.838,100
2020-10-30 09:30:03.230,4.838,2000
2020-10-30 09:30:03.230,4.838,1600
2020-10-30 09:30:03.230,4.839,1400
2020-10-30 09:30:03.350,4.839,500
2020-10-30 09:30:03.350,4.839,1600
2020-10-30 09:30:03.350,4.839,2000
2020-10-30 09:30:03.350,4.839,500
2020-10-30 09:30:03.470,4.84,50000
2020-10-30 09:30:03.470,4.84,700
2020-10-30 09:30:03.470,4.839,3100
2020-10-30 09:30:03.470,4.839,5700
2020-10-30 09:30:03.590,4.839,3000
2020-10-30 09:30:03.590,4.84,700
2020-10-30 09:30:03.590,4.839,1300
2020-10-30 09:30:03.590,4.839,100
2020-10-30 09:30:03.590,4.839,500
2020-10-30 09:30:03.590,4.839,200
2020-10-30 09:30:03.590,4.839,10100
2020-10-30 09:30:03.590,4.839,5000
2020-10-30 09:30:03.590,4.839,3000
2020-10-30 09:30:03.590,4.838,3400
2020-10-30 09:30:03.590,4.838,20000
2020-10-30 09:30:03.590,4.838,600
2020-10-30 09:30:03.590,4.838,5000
2020-10-30 09:30:03.590,4.838,100
2020-10-30 09:30:03.820,4.837,5300
2020-10-30 09:30:03.820,4.837,2000
2020-10-30 09:30:03.820,4.837,10000
2020-10-30 09:30:03.820,4.837,1200
2020-10-30 09:30:03.820,4.837,5000
2020-10-30 09:30:03.820,4.837,200
2020-10-30 09:30:03.820,4.837,3000
2020-10-30 09:30:03.820,4.837,17000
2020-10-30 09:30:03.820,4.836,2300
2020-10-30 09:30:03.820,4.836,20000
2020-10-30 09:30:03.820,4.836,20000
2020-10-30 09:30:03.820,4.836,25000
2020-10-30 09:30:03.820,4.836,3000
2020-10-30 09:30:03.820,4.836,4500
2020-10-30 09:30:03.820,4.836,103900
2020-10-30 09:30:03.820,4.838,4000
2020-10-30 09:30:03.820,4.838,500
2020-10-30 09:30:03.820,4.838,9500
2020-10-30 09:30:03.940,4.838,5000
2020-10-30 09:30:03.940,4.838,900
2020-10-30 09:30:03.940,4.838,1100
2020-10-30 09:30:03.940,4.838,45800
2020-10-30 09:30:03.940,4.838,300
2020-10-30 09:30:03.940,4.838,7500
2020-10-30 09:30:03.940,4.838,1000
2020-10-30 09:30:03.940,4.838,300
2020-10-30 09:30:03.940,4.839,79200
2020-10-30 09:30:03.940,4.84,16000
2020-10-30 09:30:03.940,4.839,100
2020-10-30 09:30:03.940,4.838,200
2020-10-30 09:30:03.940,4.84,1000
2020-10-30 09:30:04.060,4.838,9800
2020-10-30 09:30:04.060,4.838,10200
2020-10-30 09:30:04.060,4.838,3600
2020-10-30 09:30:04.170,4.839,200
2020-10-30 09:30:04.170,4.838,100
2020-10-30 09:30:04.170,4.838,300
2020-10-30 09:30:04.170,4.839,4200
2020-10-30 09:30:04.170,4.838,5800
2020-10-30 09:30:04.170,4.837,2100
2020-10-30 09:30:04.170,4.836,36200
2020-10-30 09:30:04.300,4.836,6000
2020-10-30 09:30:04.300,4.838,500
2020-10-30 09:30:04.300,4.839,5600
2020-10-30 09:30:04.300,4.839,3000
2020-10-30 09:30:04.300,4.839,13600
2020-10-30 09:30:04.300,4.839,20700
2020-10-30 09:30:04.300,4.838,5000
2020-10-30 09:30:04.300,4.838,1300
2020-10-30 09:30:04.300,4.838,100
2020-10-30 09:30:04.300,4.838,500
2020-10-30 09:30:04.300,4.838,13800
2020-10-30 09:30:04.300,4.84,600
2020-10-30 09:30:04.300,4.84,1000
2020-10-30 09:30:04.300,4.84,4600
2020-10-30 09:30:04.420,4.836,500
2020-10-30 09:30:04.420,4.839,500
2020-10-30 09:30:04.420,4.84,5400
2020-10-30 09:30:04.420,4.84,22100
2020-10-30 09:30:04.420,4.84,200
2020-10-30 09:30:04.420,4.84,200
2020-10-30 09:30:04.420,4.84,1600
2020-10-30 09:30:04.490,4.838,10300
2020-10-30 09:30:04.490,4.839,3000
2020-10-30 09:30:04.530,4.838,5000
2020-10-30 09:30:04.530,4.839,100
2020-10-30 09:30:04.530,4.839,23800
2020-10-30 09:30:04.660,4.84,10000
2020-10-30 09:30:04.660,4.84,2100
2020-10-30 09:30:04.770,4.84,10000
2020-10-30 09:30:04.920,4.841,500
2020-10-30 09:30:04.920,4.841,130000
2020-10-30 09:30:04.920,4.841,100
2020-10-30 09:30:04.920,4.841,16600
2020-10-30 09:30:04.920,4.841,500
2020-10-30 09:30:05.030,4.841,13500
2020-10-30 09:30:05.030,4.841,500
2020-10-30 09:30:05.160,4.842,200
2020-10-30 09:30:05.160,4.841,200
2020-10-30 09:30:05.160,4.841,2700
2020-10-30 09:30:05.360,4.841,900
2020-10-30 09:30:05.360,4.841,200
2020-10-30 09:30:05.440,4.841,1400
2020-10-30 09:30:05.490,4.841,1000
2020-10-30 09:30:05.490,4.841,3000
2020-10-30 09:30:05.830,4.841,8500
2020-10-30 09:30:05.890,4.842,300
2020-10-30 09:30:05.890,4.843,700
2020-10-30 09:30:05.890,4.841,4800
2020-10-30 09:30:06.150,4.841,61800
2020-10-30 09:30:06.190,4.841,300
2020-10-30 09:30:06.190,4.841,6000
2020-10-30 09:30:06.220,4.841,4000
2020-10-30 09:30:06.470,4.841,10000
2020-10-30 09:30:06.500,4.841,400
2020-10-30 09:30:06.580,4.841,5000
2020-10-30 09:30:06.880,4.841,1200
2020-10-30 09:30:06.960,4.842,50000
2020-10-30 09:30:07.200,4.843,700
2020-10-30 09:30:07.350,4.843,1000
2020-10-30 09:30:07.350,4.842,300
2020-10-30 09:30:07.350,4.842,500
2020-10-30 09:30:07.500,4.842,400
2020-10-30 09:30:07.540,4.842,2000
2020-10-30 09:30:07.540,4.843,100
2020-10-30 09:30:07.720,4.842,100
2020-10-30 09:30:07.850,4.843,800
2020-10-30 09:30:07.980,4.842,300
2020-10-30 09:30:08.110,4.843,1200
2020-10-30 09:30:08.140,4.842,46400
2020-10-30 09:30:08.140,4.842,83600
2020-10-30 09:30:08.440,4.843,5400
2020-10-30 09:30:08.590,4.842,11100
2020-10-30 09:30:09.120,4.842,10000
2020-10-30 09:30:09.300,4.843,200
2020-10-30 09:30:09.300,4.843,69900
2020-10-30 09:30:09.300,4.843,12000
2020-10-30 09:30:09.300,4.843,68200
2020-10-30 09:30:09.720,4.842,500
2020-10-30 09:30:10.540,4.842,50000
2020-10-30 09:30:10.960,4.842,110000
2020-10-30 09:30:11.300,4.842,11900
2020-10-30 09:30:12.430,4.842,10000
2020-10-30 09:30:12.600,4.842,2000
2020-10-30 09:30:12.710,4.842,4100
2020-10-30 09:30:12.940,4.842,59200
2020-10-30 09:30:13.010,4.842,247700
2020-10-30 09:30:13.010,4.842,12000
2020-10-30 09:30:13.070,4.841,134700
2020-10-30 09:30:13.140,4.841,10000
2020-10-30 09:30:13.560,4.842,8200
2020-10-30 09:30:13.660,4.841,100
2020-10-30 09:30:13.760,4.842,150100
2020-10-30 09:30:13.920,4.842,30000
2020-10-30 09:30:14.050,4.842,100
2020-10-30 09:30:14.400,4.842,46200
2020-10-30 09:30:14.400,4.842,7800
2020-10-30 09:30:14.400,4.843,400
2020-10-30 09:30:15.380,4.842,2100
2020-10-30 09:30:15.770,4.842,500
2020-10-30 09:30:15.770,4.842,17400
2020-10-30 09:30:16.750,4.842,500
2020-10-30 09:30:16.780,4.842,10000
2020-10-30 09:30:16.780,4.843,21400
2020-10-30 09:30:16.780,4.843,1000
2020-10-30 09:30:16.780,4.843,12500
2020-10-30 09:30:16.780,4.843,57500
2020-10-30 09:30:16.780,4.843,35000
2020-10-30 09:30:16.780,4.843,5000
2020-10-30 09:30:16.780,4.843,500
2020-10-30 09:30:16.780,4.843,49000
2020-10-30 09:30:16.780,4.843,500
2020-10-30 09:30:17.100,4.844,20000
2020-10-30 09:30:17.460,4.844,20000
2020-10-30 09:30:17.590,4.844,50000
2020-10-30 09:30:18.770,4.844,2100
2020-10-30 09:30:19.700,4.844,2500
2020-10-30 09:30:19.960,4.844,500
2020-10-30 09:30:20.090,4.844,11000
2020-10-30 09:30:20.430,4.845,1500
2020-10-30 09:30:20.430,4.845,500
2020-10-30 09:30:21.710,4.844,10000
2020-10-30 09:30:21.880,4.845,1500
2020-10-30 09:30:21.880,4.845,10000
2020-10-30 09:30:21.880,4.845,200
2020-10-30 09:30:21.880,4.845,1000
2020-10-30 09:30:21.880,4.845,6500
2020-10-30 09:30:22.000,4.844,59100
2020-10-30 09:30:22.600,4.844,30000
2020-10-30 09:30:22.750,4.845,28400
2020-10-30 09:30:22.750,4.845,1500
2020-10-30 09:30:22.750,4.845,300
2020-10-30 09:30:22.750,4.845,5300
2020-10-30 09:30:22.750,4.845,55000
2020-10-30 09:30:22.750,4.845,32500
2020-10-30 09:30:22.750,4.845,27100
2020-10-30 09:30:22.910,4.844,1100
2020-10-30 09:30:22.940,4.845,100
2020-10-30 09:30:23.220,4.845,500
2020-10-30 09:30:25.290,4.844,35900
2020-10-30 09:30:25.290,4.844,200
2020-10-30 09:30:25.290,4.843,13900
2020-10-30 09:30:26.030,4.845,97100
2020-10-30 09:30:26.450,4.845,108600
2020-10-30 09:30:26.450,4.845,1500
2020-10-30 09:30:28.000,4.845,4000
2020-10-30 09:30:28.030,4.845,10000
2020-10-30 09:30:28.030,4.845,21000
2020-10-30 09:30:28.250,4.845,5000
2020-10-30 09:30:28.990,4.845,500
2020-10-30 09:30:29.630,4.845,8500
2020-10-30 09:30:29.680,4.845,8400
2020-10-30 09:30:29.930,4.845,39400
2020-10-30 09:30:30.240,4.845,9500
2020-10-30 09:30:30.270,4.845,2200
2020-10-30 09:30:31.360,4.846,300
2020-10-30 09:30:31.440,4.845,2100
2020-10-30 09:30:32.100,4.846,3300
2020-10-30 09:30:32.340,4.845,50000
2020-10-30 09:30:32.640,4.845,2000
2020-10-30 09:30:32.920,4.846,200
2020-10-30 09:30:33.100,4.845,16600
2020-10-30 09:30:33.570,4.845,10700
2020-10-30 09:30:33.570,4.845,100
2020-10-30 09:30:33.570,4.845,6500
2020-10-30 09:30:34.020,4.845,13400
2020-10-30 09:30:34.020,4.845,2500
2020-10-30 09:30:35.970,4.844,300
2020-10-30 09:30:35.970,4.844,1000
2020-10-30 09:30:35.970,4.844,1000
2020-10-30 09:30:35.970,4.843,500
2020-10-30 09:30:35.970,4.843,2186
2020-10-30 09:30:36.530,4.845,400
2020-10-30 09:30:36.740,4.845,2000
2020-10-30 09:30:36.770,4.845,1000
2020-10-30 09:30:36.800,4.845,2000
2020-10-30 09:30:37.220,4.845,4300
2020-10-30 09:30:38.060,4.845,10000
2020-10-30 09:30:39.050,4.845,29400
2020-10-30 09:30:39.050,4.845,3000
2020-10-30 09:30:39.050,4.845,26300
2020-10-30 09:30:39.050,4.845,2000
2020-10-30 09:30:39.050,4.845,1000
2020-10-30 09:30:39.050,4.845,98300
2020-10-30 09:30:39.050,4.845,100000
2020-10-30 09:30:39.080,4.845,100
2020-10-30 09:30:39.450,4.845,130000
2020-10-30 09:30:41.330,4.846,600
2020-10-30 09:30:42.520,4.845,50000
2020-10-30 09:30:42.640,4.845,100
2020-10-30 09:30:42.960,4.846,3100
2020-10-30 09:30:43.110,4.845,50300
2020-10-30 09:30:43.610,4.846,2500
2020-10-30 09:30:43.610,4.846,39600
2020-10-30 09:30:43.610,4.846,2000
2020-10-30 09:30:43.610,4.846,2500
2020-10-30 09:30:43.610,4.846,6000
2020-10-30 09:30:43.610,4.846,3900
2020-10-30 09:30:43.610,4.846,300
2020-10-30 09:30:43.610,4.846,40000
2020-10-30 09:30:43.610,4.846,10000
2020-10-30 09:30:43.610,4.846,30000
2020-10-30 09:30:43.610,4.846,13300
2020-10-30 09:30:44.360,4.846,9200
2020-10-30 09:30:44.580,4.845,3000
2020-10-30 09:30:44.610,4.846,1000
2020-10-30 09:30:44.730,4.845,5000
2020-10-30 09:30:44.920,4.846,5500
2020-10-30 09:30:45.460,4.845,10000
2020-10-30 09:30:45.490,4.845,20000
2020-10-30 09:30:45.680,4.845,11700
2020-10-30 09:30:45.680,4.845,2000
2020-10-30 09:30:45.680,4.845,500
2020-10-30 09:30:45.680,4.845,5000
2020-10-30 09:30:45.680,4.845,10000
2020-10-30 09:30:45.680,4.845,2500
2020-10-30 09:30:45.680,4.845,2000
2020-10-30 09:30:45.680,4.844,10300
2020-10-30 09:30:45.680,4.844,1000
2020-10-30 09:30:45.870,4.846,400
2020-10-30 09:30:45.870,4.846,8900
2020-10-30 09:30:46.340,4.845,500
2020-10-30 09:30:47.000,4.844,1100
2020-10-30 09:30:47.000,4.844,900
2020-10-30 09:30:47.030,4.845,1000
2020-10-30 09:30:47.060,4.844,2000
2020-10-30 09:30:47.400,4.845,9300
2020-10-30 09:30:47.610,4.845,29100
2020-10-30 09:30:47.610,4.846,41100
2020-10-30 09:30:47.610,4.846,1000
2020-10-30 09:30:47.610,4.847,10000
2020-10-30 09:30:47.610,4.847,100
2020-10-30 09:30:47.610,4.847,10000
2020-10-30 09:30:47.610,4.847,58800
2020-10-30 09:30:47.710,4.844,500
2020-10-30 09:30:48.330,4.845,300
2020-10-30 09:30:48.390,4.847,12200
2020-10-30 09:30:49.550,4.845,2000
2020-10-30 09:30:49.910,4.845,10000
2020-10-30 09:30:50.940,4.845,300
2020-10-30 09:30:51.940,4.847,1400
2020-10-30 09:30:51.940,4.847,127600
2020-10-30 09:30:51.940,4.847,200
2020-10-30 09:30:51.940,4.847,19800
2020-10-30 09:30:51.940,4.847,2500
2020-10-30 09:30:52.890,4.846,400
2020-10-30 09:30:52.980,4.845,100
2020-10-30 09:30:52.980,4.845,1000
2020-10-30 09:30:52.980,4.845,1900
2020-10-30 09:30:53.800,4.845,98100
2020-10-30 09:30:53.800,4.845,1000
2020-10-30 09:30:53.800,4.845,500
2020-10-30 09:30:53.800,4.845,1000
2020-10-30 09:30:53.800,4.845,600000
2020-10-30 09:30:53.800,4.845,100
2020-10-30 09:30:53.800,4.845,500
2020-10-30 09:30:53.800,4.845,50000
2020-10-30 09:30:53.830,4.845,3000
2020-10-30 09:30:53.950,4.845,200
2020-10-30 09:30:54.860,4.844,2000
2020-10-30 09:30:54.860,4.844,27000
2020-10-30 09:30:56.260,4.845,150100
2020-10-30 09:30:57.030,4.845,50000
2020-10-30 09:30:57.090,4.845,2000
2020-10-30 09:30:57.090,4.845,1300
2020-10-30 09:30:57.390,4.845,22000
2020-10-30 09:30:57.760,4.845,20200
2020-10-30 09:30:57.760,4.845,8300
2020-10-30 09:30:57.760,4.846,100
2020-10-30 09:30:57.760,4.846,21400
2020-10-30 09:30:59.060,4.846,1700
2020-10-30 09:30:59.850,4.845,1800
2020-10-30 09:30:59.910,4.846,100
2020-10-30 09:31:00.630,4.846,13200
2020-10-30 09:31:00.950,4.846,400
2020-10-30 09:31:01.700,4.845,8100
2020-10-30 09:31:01.700,4.844,1900
2020-10-30 09:31:01.770,4.844,1100
2020-10-30 09:31:01.770,4.844,100
2020-10-30 09:31:01.840,4.846,10000
2020-10-30 09:31:03.310,4.845,10000
2020-10-30 09:31:04.510,4.844,200
2020-10-30 09:31:06.670,4.845,200
2020-10-30 09:31:06.930,4.845,100
2020-10-30 09:31:07.470,4.844,8100
2020-10-30 09:31:08.140,4.845,39700
2020-10-30 09:31:08.140,4.845,500
2020-10-30 09:31:08.140,4.845,21600
2020-10-30 09:31:08.440,4.844,200
2020-10-30 09:31:08.750,4.845,2100
2020-10-30 09:31:09.820,4.845,5000
2020-10-30 09:31:09.940,4.844,200000
2020-10-30 09:31:10.000,4.844,10000
2020-10-30 09:31:10.540,4.844,7400
2020-10-30 09:31:11.560,4.845,1300
2020-10-30 09:31:11.560,4.845,5900
2020-10-30 09:31:11.560,4.845,5500
2020-10-30 09:31:11.560,4.846,23200
2020-10-30 09:31:11.560,4.846,17600
2020-10-30 09:31:12.460,4.844,2200
2020-10-30 09:31:12.590,4.844,2000
2020-10-30 09:31:13.590,4.844,100
2020-10-30 09:31:13.750,4.845,1000
2020-10-30 09:31:13.910,4.845,100
2020-10-30 09:31:14.090,4.844,69700
2020-10-30 09:31:14.090,4.844,1600
2020-10-30 09:31:14.280,4.845,500
2020-10-30 09:31:14.420,4.845,13400
2020-10-30 09:31:14.420,4.845,73100
2020-10-30 09:31:14.800,4.844,4014
2020-10-30 09:31:14.990,4.844,200
2020-10-30 09:31:15.290,4.844,4186
2020-10-30 09:31:15.290,4.844,5500
2020-10-30 09:31:15.450,4.844,29900
2020-10-30 09:31:18.540,4.844,1900
2020-10-30 09:31:18.820,4.844,2814
2020-10-30 09:31:18.820,4.844,9586
2020-10-30 09:31:19.860,4.844,414
2020-10-30 09:31:19.860,4.844,80000
2020-10-30 09:31:19.860,4.844,1500
2020-10-30 09:31:19.860,4.844,10100
2020-10-30 09:31:19.860,4.845,6600
2020-10-30 09:31:19.860,4.845,6000
2020-10-30 09:31:19.860,4.845,4300
2020-10-30 09:31:19.860,4.845,10100
2020-10-30 09:31:19.860,4.845,4000
2020-10-30 09:31:19.860,4.845,80000
2020-10-30 09:31:19.860,4.845,18686
2020-10-30 09:31:20.040,4.843,200
2020-10-30 09:31:21.450,4.844,500
2020-10-30 09:31:21.450,4.845,2500
2020-10-30 09:31:21.850,4.845,2700
2020-10-30 09:31:22.360,4.844,800
2020-10-30 09:31:23.040,4.843,2614
2020-10-30 09:31:23.040,4.843,686
2020-10-30 09:31:23.130,4.843,4314
2020-10-30 09:31:23.130,4.843,2686
2020-10-30 09:31:23.380,4.843,4314
2020-10-30 09:31:23.380,4.843,5000
2020-10-30 09:31:23.380,4.843,2000
2020-10-30 09:31:23.380,4.843,1000
2020-10-30 09:31:23.380,4.843,1000
2020-10-30 09:31:23.380,4.843,986
2020-10-30 09:31:23.540,4.844,3200
2020-10-30 09:31:23.540,4.845,11100
2020-10-30 09:31:24.100,4.843,900
2020-10-30 09:31:24.870,4.844,3000
2020-10-30 09:31:24.990,4.843,12700
2020-10-30 09:31:25.390,4.843,2100
2020-10-30 09:31:25.850,4.843,2200
2020-10-30 09:31:26.120,4.844,200
2020-10-30 09:31:26.120,4.844,19800
2020-10-30 09:31:27.680,4.843,5700
2020-10-30 09:31:27.680,4.843,64300
2020-10-30 09:31:27.930,4.844,200
2020-10-30 09:31:27.930,4.844,6400
2020-10-30 09:31:27.930,4.844,400
2020-10-30 09:31:27.930,4.844,3000
2020-10-30 09:31:28.010,4.844,2000
2020-10-30 09:31:28.040,4.843,46700
2020-10-30 09:31:28.990,4.844,400
2020-10-30 09:31:29.440,4.843,1400
2020-10-30 09:31:29.680,4.844,1300
2020-10-30 09:31:30.150,4.844,13900
2020-10-30 09:31:30.220,4.843,10400
2020-10-30 09:31:30.250,4.843,5000
2020-10-30 09:31:30.560,4.844,200
2020-10-30 09:31:30.630,4.843,21000
2020-10-30 09:31:30.930,4.843,4500
2020-10-30 09:31:30.990,4.843,3500
2020-10-30 09:31:31.050,4.843,143200
2020-10-30 09:31:31.050,4.843,156800
2020-10-30 09:31:31.240,4.843,2000
2020-10-30 09:31:31.360,4.844,200
2020-10-30 09:31:31.740,4.843,1100
2020-10-30 09:31:32.040,4.844,1000
2020-10-30 09:31:34.250,4.843,3000
2020-10-30 09:31:35.110,4.844,100
2020-10-30 09:31:35.750,4.843,20000
2020-10-30 09:31:36.250,4.843,1300
2020-10-30 09:31:36.530,4.843,1100
2020-10-30 09:31:36.890,4.843,100
2020-10-30 09:31:38.690,4.843,1500
2020-10-30 09:31:38.810,4.843,10400
2020-10-30 09:31:39.030,4.843,1300
2020-10-30 09:31:39.480,4.843,1400
2020-10-30 09:31:39.480,4.843,1000
2020-10-30 09:31:39.480,4.843,500
2020-10-30 09:31:39.480,4.843,10000
2020-10-30 09:31:39.480,4.843,1000
2020-10-30 09:31:42.530,4.843,13600
2020-10-30 09:31:42.530,4.843,14400
2020-10-30 09:31:42.530,4.843,1000
2020-10-30 09:31:42.530,4.843,1000
2020-10-30 09:31:42.790,4.842,1000
2020-10-30 09:31:42.790,4.842,1000
2020-10-30 09:31:42.790,4.842,8000
2020-10-30 09:31:45.200,4.842,2000
2020-10-30 09:31:45.200,4.842,200
2020-10-30 09:31:45.200,4.842,10500
2020-10-30 09:31:45.200,4.843,2100
2020-10-30 09:31:45.550,4.843,6900
2020-10-30 09:31:45.550,4.843,2000
2020-10-30 09:31:45.550,4.843,6000
2020-10-30 09:31:45.550,4.843,10000
2020-10-30 09:31:45.550,4.843,1000
2020-10-30 09:31:45.550,4.843,1000
2020-10-30 09:31:45.550,4.843,4000
2020-10-30 09:31:45.550,4.843,2000
2020-10-30 09:31:45.550,4.843,1900
2020-10-30 09:31:45.550,4.843,100
2020-10-30 09:31:45.550,4.843,3000
2020-10-30 09:31:45.550,4.843,400
2020-10-30 09:31:45.550,4.843,1600
2020-10-30 09:31:45.550,4.843,5000
2020-10-30 09:31:45.550,4.843,19000
2020-10-30 09:31:45.550,4.843,2000
2020-10-30 09:31:46.440,4.843,34100
2020-10-30 09:31:46.440,4.843,5000
2020-10-30 09:31:48.550,4.843,100
2020-10-30 09:31:48.800,4.843,5800
2020-10-30 09:31:49.360,4.843,500
2020-10-30 09:31:50.240,4.843,3700
2020-10-30 09:31:50.430,4.842,5000
2020-10-30 09:31:50.940,4.843,1000
2020-10-30 09:31:51.280,4.842,3000
2020-10-30 09:31:51.880,4.843,3700
2020-10-30 09:31:52.850,4.842,11500
2020-10-30 09:31:52.850,4.842,188500
2020-10-30 09:31:53.400,4.843,1000
2020-10-30 09:31:54.610,4.843,1000
2020-10-30 09:31:54.860,4.843,7800
2020-10-30 09:31:55.170,4.842,2000
2020-10-30 09:31:55.200,4.842,45100
2020-10-30 09:31:55.270,4.843,20000
2020-10-30 09:31:55.770,4.842,500
2020-10-30 09:31:55.900,4.842,3900
2020-10-30 09:31:56.830,4.843,11800
2020-10-30 09:31:56.830,4.843,500
2020-10-30 09:31:56.830,4.843,1000
2020-10-30 09:31:56.830,4.843,2000
2020-10-30 09:31:56.830,4.843,2100
2020-10-30 09:31:56.830,4.843,4700
2020-10-30 09:31:56.860,4.842,3900
2020-10-30 09:31:57.010,4.843,200
2020-10-30 09:31:57.580,4.842,27300
2020-10-30 09:31:57.610,4.843,200
2020-10-30 09:31:57.940,4.843,8000
2020-10-30 09:31:58.220,4.843,14000
2020-10-30 09:31:58.220,4.843,1800
2020-10-30 09:31:58.220,4.843,4200
2020-10-30 09:31:58.250,4.842,28800
2020-10-30 09:31:58.250,4.842,1200
2020-10-30 09:31:58.250,4.842,2000
2020-10-30 09:31:58.520,4.843,800
2020-10-30 09:31:58.520,4.843,200
2020-10-30 09:31:58.520,4.843,1700
2020-10-30 09:31:58.900,4.844,9800
2020-10-30 09:31:59.060,4.843,2300
2020-10-30 09:31:59.460,4.843,13200
2020-10-30 09:31:59.460,4.842,4400
2020-10-30 09:31:59.460,4.842,2000
2020-10-30 09:31:59.460,4.842,400
2020-10-30 09:32:01.450,4.841,13900
2020-10-30 09:32:01.510,4.842,5000
2020-10-30 09:32:02.390,4.842,3000
2020-10-30 09:32:03.310,4.842,5000
2020-10-30 09:32:04.690,4.842,2800
2020-10-30 09:32:05.260,4.841,68200
2020-10-30 09:32:05.260,4.841,2500
2020-10-30 09:32:05.260,4.841,50000
2020-10-30 09:32:05.260,4.841,63600
2020-10-30 09:32:05.260,4.841,2300
2020-10-30 09:32:05.260,4.841,128400
2020-10-30 09:32:05.540,4.842,5100
2020-10-30 09:32:05.600,4.841,71600
2020-10-30 09:32:05.600,4.841,700
2020-10-30 09:32:05.720,4.84,3000
2020-10-30 09:32:05.720,4.84,500
2020-10-30 09:32:06.000,4.84,49500
2020-10-30 09:32:06.000,4.84,700
2020-10-30 09:32:06.000,4.84,1500
2020-10-30 09:32:06.000,4.84,1500
2020-10-30 09:32:06.000,4.84,2500
2020-10-30 09:32:06.000,4.84,1000
2020-10-30 09:32:06.000,4.84,1000
2020-10-30 09:32:06.000,4.84,2000
2020-10-30 09:32:06.000,4.84,500
2020-10-30 09:32:06.000,4.84,400
2020-10-30 09:32:06.000,4.84,500
2020-10-30 09:32:06.000,4.84,5000
2020-10-30 09:32:06.000,4.84,10000
2020-10-30 09:32:06.000,4.84,1000
2020-10-30 09:32:06.000,4.84,1000
2020-10-30 09:32:06.000,4.84,1000
2020-10-30 09:32:06.000,4.84,3000
2020-10-30 09:32:06.000,4.84,200000
2020-10-30 09:32:06.000,4.84,17900
2020-10-30 09:32:06.270,4.841,200
2020-10-30 09:32:07.170,4.841,1000
2020-10-30 09:32:07.350,4.84,2100
2020-10-30 09:32:09.000,4.839,100
2020-10-30 09:32:09.000,4.839,2000
2020-10-30 09:32:09.000,4.839,5000
2020-10-30 09:32:09.000,4.839,100000
2020-10-30 09:32:09.000,4.839,5000
2020-10-30 09:32:09.000,4.839,200
2020-10-30 09:32:09.000,4.839,3700
2020-10-30 09:32:09.000,4.839,50000
2020-10-30 09:32:09.000,4.839,800
2020-10-30 09:32:09.000,4.839,100
2020-10-30 09:32:09.000,4.839,5000
2020-10-30 09:32:09.000,4.839,114900
2020-10-30 09:32:09.000,4.839,400
2020-10-30 09:32:09.000,4.839,200
2020-10-30 09:32:09.000,4.839,2000
2020-10-30 09:32:09.000,4.839,5900
2020-10-30 09:32:09.000,4.839,4700
2020-10-30 09:32:09.550,4.839,300
2020-10-30 09:32:09.550,4.839,5000
2020-10-30 09:32:09.550,4.839,1000
2020-10-30 09:32:09.550,4.839,1000
2020-10-30 09:32:09.550,4.839,100
2020-10-30 09:32:09.550,4.839,2100
2020-10-30 09:32:09.550,4.839,2800
2020-10-30 09:32:09.550,4.839,11100
2020-10-30 09:32:09.550,4.839,1000
2020-10-30 09:32:09.550,4.839,500
2020-10-30 09:32:09.550,4.839,1200
2020-10-30 09:32:09.550,4.839,1000
2020-10-30 09:32:09.550,4.839,60000
2020-10-30 09:32:09.640,4.839,20000
2020-10-30 09:32:10.420,4.838,100
2020-10-30 09:32:10.420,4.838,500
2020-10-30 09:32:10.420,4.838,296000
2020-10-30 09:32:10.420,4.838,1000
2020-10-30 09:32:10.420,4.838,2000
2020-10-30 09:32:10.420,4.838,400
2020-10-30 09:32:10.910,4.839,1000
2020-10-30 09:32:12.310,4.839,500
2020-10-30 09:32:12.890,4.839,40700
2020-10-30 09:32:12.890,4.84,1000
2020-10-30 09:32:12.890,4.84,45000
2020-10-30 09:32:12.890,4.84,500
2020-10-30 09:32:12.890,4.84,10000
2020-10-30 09:32:12.890,4.841,300
2020-10-30 09:32:12.890,4.841,10000
2020-10-30 09:32:12.890,4.841,7100
2020-10-30 09:32:14.530,4.84,300
2020-10-30 09:32:14.530,4.838,600
2020-10-30 09:32:14.530,4.838,200
2020-10-30 09:32:14.530,4.838,900
2020-10-30 09:32:15.090,4.839,200
2020-10-30 09:32:16.280,4.839,2100
2020-10-30 09:32:16.860,4.839,200
2020-10-30 09:32:16.860,4.838,900
2020-10-30 09:32:17.460,4.838,200
2020-10-30 09:32:17.590,4.84,100
2020-10-30 09:32:17.830,4.839,100
2020-10-30 09:32:18.230,4.839,200
2020-10-30 09:32:19.450,4.84,100
2020-10-30 09:32:19.450,4.838,400
2020-10-30 09:32:19.540,4.84,1000
2020-10-30 09:32:19.770,4.84,3800
2020-10-30 09:32:19.770,4.84,2600
2020-10-30 09:32:20.520,4.84,3000
2020-10-30 09:32:21.130,4.84,600
2020-10-30 09:32:22.720,4.839,600
2020-10-30 09:32:22.720,4.84,300
2020-10-30 09:32:23.370,4.839,10000
2020-10-30 09:32:23.910,4.839,100
2020-10-30 09:32:24.130,4.838,25000
2020-10-30 09:32:24.130,4.838,700
2020-10-30 09:32:24.130,4.838,200
2020-10-30 09:32:24.130,4.838,2000
2020-10-30 09:32:24.130,4.838,500
2020-10-30 09:32:24.130,4.838,2100
2020-10-30 09:32:24.130,4.838,3000
2020-10-30 09:32:24.130,4.838,3000
2020-10-30 09:32:24.130,4.838,300
2020-10-30 09:32:24.130,4.838,5000
2020-10-30 09:32:24.130,4.838,300
2020-10-30 09:32:24.130,4.838,500
2020-10-30 09:32:24.130,4.838,500
2020-10-30 09:32:24.130,4.838,500
2020-10-30 09:32:24.130,4.838,6400
2020-10-30 09:32:24.710,4.838,100
2020-10-30 09:32:25.080,4.838,23500
2020-10-30 09:32:25.230,4.838,6500
2020-10-30 09:32:25.230,4.839,2900
2020-10-30 09:32:25.230,4.84,500
2020-10-30 09:32:25.230,4.84,1000
2020-10-30 09:32:25.230,4.84,4700
2020-10-30 09:32:25.230,4.841,52900
2020-10-30 09:32:25.230,4.841,3200
2020-10-30 09:32:25.230,4.841,100
2020-10-30 09:32:25.920,4.841,100
2020-10-30 09:32:26.220,4.841,100
2020-10-30 09:32:26.460,4.841,78100
2020-10-30 09:32:27.280,4.839,100
2020-10-30 09:32:27.280,4.839,3000
2020-10-30 09:32:27.280,4.839,5000
2020-10-30 09:32:27.280,4.838,900
2020-10-30 09:32:27.280,4.838,107400
2020-10-30 09:32:27.820,4.84,6900
2020-10-30 09:32:27.820,4.84,1000
2020-10-30 09:32:27.940,4.84,7400
2020-10-30 09:32:27.940,4.842,60700
2020-10-30 09:32:27.940,4.842,2000
2020-10-30 09:32:27.940,4.842,300
2020-10-30 09:32:27.940,4.842,10000
2020-10-30 09:32:27.940,4.842,10000
2020-10-30 09:32:27.940,4.842,24200
2020-10-30 09:32:29.550,4.838,2100
2020-10-30 09:32:30.260,4.839,2000
2020-10-30 09:32:30.260,4.839,2500
2020-10-30 09:32:32.000,4.838,1000
2020-10-30 09:32:32.700,4.841,500
2020-10-30 09:32:33.090,4.841,100
2020-10-30 09:32:34.070,4.839,3000
2020-10-30 09:32:37.300,4.839,100
2020-10-30 09:32:37.440,4.84,100
2020-10-30 09:32:37.870,4.839,1400
2020-10-30 09:32:37.870,4.839,400
2020-10-30 09:32:37.870,4.839,3200
2020-10-30 09:32:39.040,4.839,900
2020-10-30 09:32:39.950,4.839,5100
2020-10-30 09:32:39.980,4.839,5000
2020-10-30 09:32:40.380,4.839,21200
2020-10-30 09:32:41.290,4.84,4000
2020-10-30 09:32:41.700,4.839,1600
2020-10-30 09:32:41.830,4.839,1000
2020-10-30 09:32:42.480,4.839,5000
2020-10-30 09:32:43.460,4.839,500
2020-10-30 09:32:43.580,4.839,1000
2020-10-30 09:32:43.930,4.84,500
2020-10-30 09:32:44.210,4.84,200
2020-10-30 09:32:44.420,4.839,2300
2020-10-30 09:32:45.020,4.839,4000
2020-10-30 09:32:47.600,4.84,2000
2020-10-30 09:32:49.110,4.839,500
2020-10-30 09:32:49.220,4.84,100
2020-10-30 09:32:49.830,4.84,1000
2020-10-30 09:32:51.580,4.839,17600
2020-10-30 09:32:52.590,4.839,2000
2020-10-30 09:32:53.150,4.839,2100
2020-10-30 09:32:53.150,4.839,100
2020-10-30 09:32:53.150,4.839,1000
2020-10-30 09:32:53.150,4.839,3000
2020-10-30 09:32:53.150,4.839,2000
2020-10-30 09:32:53.150,4.839,300
2020-10-30 09:32:53.150,4.839,2200
2020-10-30 09:32:53.150,4.839,3000
2020-10-30 09:32:53.150,4.839,200
2020-10-30 09:32:54.260,4.839,5100
2020-10-30 09:32:56.270,4.839,100
2020-10-30 09:32:56.270,4.839,900
2020-10-30 09:32:56.530,4.84,2000
2020-10-30 09:32:57.290,4.839,600
2020-10-30 09:32:58.320,4.839,500
2020-10-30 09:32:58.560,4.838,4000
2020-10-30 09:32:58.650,4.839,2000
2020-10-30 09:32:58.890,4.839,11200
2020-10-30 09:32:58.890,4.839,16600
2020-10-30 09:32:58.890,4.839,2200
2020-10-30 09:32:59.720,4.839,900
2020-10-30 09:32:59.720,4.839,700
2020-10-30 09:32:59.720,4.839,400
2020-10-30 09:32:59.840,4.838,2000
2020-10-30 09:33:00.930,4.839,100
2020-10-30 09:33:00.930,4.839,1000
2020-10-30 09:33:01.460,4.84,500
2020-10-30 09:33:02.760,4.84,4900
2020-10-30 09:33:02.880,4.839,800
2020-10-30 09:33:03.030,4.839,2100
2020-10-30 09:33:03.030,4.839,5500
2020-10-30 09:33:03.030,4.839,100
2020-10-30 09:33:03.590,4.838,3000
2020-10-30 09:33:03.590,4.838,2000
2020-10-30 09:33:03.590,4.838,12900
2020-10-30 09:33:03.590,4.838,500
2020-10-30 09:33:03.590,4.838,5000
2020-10-30 09:33:03.590,4.838,700
2020-10-30 09:33:03.590,4.838,10000
2020-10-30 09:33:03.590,4.838,1000
2020-10-30 09:33:03.590,4.838,64900
2020-10-30 09:33:04.280,4.838,2000
2020-10-30 09:33:04.910,4.839,5100
2020-10-30 09:33:05.370,4.839,2000
2020-10-30 09:33:05.720,4.838,5500
2020-10-30 09:33:05.720,4.838,4500
2020-10-30 09:33:06.330,4.839,100
2020-10-30 09:33:07.250,4.839,100
2020-10-30 09:33:07.250,4.84,2900
2020-10-30 09:33:08.180,4.838,500
2020-10-30 09:33:08.180,4.838,2000
2020-10-30 09:33:08.180,4.838,200
2020-10-30 09:33:08.180,4.838,200
2020-10-30 09:33:08.180,4.838,3200
2020-10-30 09:33:09.530,4.84,200
2020-10-30 09:33:10.080,4.839,400
2020-10-30 09:33:10.170,4.839,5100
2020-10-30 09:33:10.170,4.839,100
2020-10-30 09:33:10.170,4.838,4800
2020-10-30 09:33:10.260,4.838,1300
2020-10-30 09:33:10.260,4.838,2000
2020-10-30 09:33:10.260,4.838,5200
2020-10-30 09:33:10.260,4.838,100
2020-10-30 09:33:10.260,4.838,100
2020-10-30 09:33:10.390,4.838,200
2020-10-30 09:33:10.600,4.838,100
2020-10-30 09:33:11.060,4.837,5000
2020-10-30 09:33:11.060,4.837,1800
2020-10-30 09:33:11.680,4.838,20000
2020-10-30 09:33:12.120,4.838,3000
2020-10-30 09:33:12.870,4.838,10200
2020-10-30 09:33:13.200,4.838,200
2020-10-30 09:33:14.470,4.838,7500
2020-10-30 09:33:14.470,4.838,700
2020-10-30 09:33:14.470,4.838,300
2020-10-30 09:33:14.470,4.839,3900
2020-10-30 09:33:14.500,4.84,100
2020-10-30 09:33:14.690,4.839,5000
2020-10-30 09:33:15.820,4.84,100
2020-10-30 09:33:18.260,4.839,5000
2020-10-30 09:33:19.450,4.839,10000
2020-10-30 09:33:20.610,4.839,12000
2020-10-30 09:33:23.760,4.839,500
2020-10-30 09:33:24.060,4.839,10200
2020-10-30 09:33:24.060,4.84,1800
2020-10-30 09:33:24.060,4.84,3000
2020-10-30 09:33:24.060,4.84,1000
2020-10-30 09:33:24.060,4.84,6700
2020-10-30 09:33:24.060,4.84,1000
2020-10-30 09:33:24.060,4.84,4000
2020-10-30 09:33:24.060,4.84,3000
2020-10-30 09:33:24.060,4.84,100
2020-10-30 09:33:24.060,4.84,20000
2020-10-30 09:33:24.060,4.84,10000
2020-10-30 09:33:24.060,4.84,3800
2020-10-30 09:33:24.060,4.84,200
2020-10-30 09:33:24.120,4.84,10000
2020-10-30 09:33:24.390,4.841,1000
2020-10-30 09:33:24.390,4.841,43300
2020-10-30 09:33:25.720,4.841,29500
2020-10-30 09:33:25.720,4.841,2000
2020-10-30 09:33:27.120,4.841,800
2020-10-30 09:33:30.470,4.841,700
2020-10-30 09:33:30.560,4.841,10000
2020-10-30 09:33:30.930,4.842,100
2020-10-30 09:33:31.260,4.841,600
2020-10-30 09:33:31.320,4.841,100
2020-10-30 09:33:31.970,4.842,29900
2020-10-30 09:33:32.360,4.842,10000
2020-10-30 09:33:33.910,4.843,1900
2020-10-30 09:33:33.910,4.843,16300
2020-10-30 09:33:33.910,4.843,14200
2020-10-30 09:33:33.910,4.843,5000
2020-10-30 09:33:33.910,4.843,80000
2020-10-30 09:33:33.910,4.843,500
2020-10-30 09:33:33.910,4.843,1300
2020-10-30 09:33:33.910,4.843,600
2020-10-30 09:33:34.220,4.844,18100
2020-10-30 09:33:34.220,4.844,400
2020-10-30 09:33:34.220,4.844,72700
2020-10-30 09:33:34.220,4.844,200
2020-10-30 09:33:34.220,4.844,10000
2020-10-30 09:33:34.220,4.844,5000
2020-10-30 09:33:34.220,4.844,1000
2020-10-30 09:33:34.440,4.845,15014
2020-10-30 09:33:34.440,4.845,86
2020-10-30 09:33:34.700,4.844,1000
2020-10-30 09:33:36.140,4.844,10400
2020-10-30 09:33:37.290,4.844,10000
2020-10-30 09:33:38.890,4.844,300
2020-10-30 09:33:39.930,4.845,914
2020-10-30 09:33:39.930,4.845,4700
2020-10-30 09:33:39.930,4.845,50386
2020-10-30 09:33:40.350,4.844,21000
2020-10-30 09:33:40.350,4.844,19000
2020-10-30 09:33:40.380,4.845,9900
2020-10-30 09:33:41.930,4.844,87400
2020-10-30 09:33:41.930,4.842,29000
2020-10-30 09:33:44.560,4.844,600
2020-10-30 09:33:45.050,4.844,4700
2020-10-30 09:33:45.050,4.844,100
2020-10-30 09:33:45.140,4.845,3000
2020-10-30 09:33:45.420,4.844,5000
2020-10-30 09:33:45.660,4.844,1000
2020-10-30 09:33:47.770,4.845,200
2020-10-30 09:33:47.940,4.845,500
2020-10-30 09:33:48.530,4.844,1000
2020-10-30 09:33:48.800,4.845,136014
2020-10-30 09:33:48.800,4.845,5000
2020-10-30 09:33:48.800,4.845,9086
2020-10-30 09:33:48.980,4.845,40914
2020-10-30 09:33:48.980,4.845,12800
2020-10-30 09:33:48.980,4.845,100000
2020-10-30 09:33:48.980,4.845,3000
2020-10-30 09:33:48.980,4.845,6100
2020-10-30 09:33:48.980,4.845,500
2020-10-30 09:33:48.980,4.845,10000
2020-10-30 09:33:48.980,4.845,4900
2020-10-30 09:33:48.980,4.845,2000
2020-10-30 09:33:51.520,4.846,32400
2020-10-30 09:33:51.520,4.846,700
2020-10-30 09:33:55.050,4.845,300
2020-10-30 09:33:55.050,4.845,100
2020-10-30 09:33:55.110,4.845,3000
2020-10-30 09:33:55.860,4.846,100
2020-10-30 09:33:56.110,4.846,5300
2020-10-30 09:33:56.980,4.846,1000
2020-10-30 09:33:56.980,4.846,2300
2020-10-30 09:33:57.350,4.845,2000
2020-10-30 09:33:57.620,4.846,7700
2020-10-30 09:33:57.620,4.846,32300
2020-10-30 09:33:57.700,4.846,5000
2020-10-30 09:33:58.230,4.846,12700
2020-10-30 09:33:58.230,4.846,300
2020-10-30 09:33:58.230,4.846,8700
2020-10-30 09:33:58.230,4.846,128400
2020-10-30 09:33:59.330,4.845,4900
2020-10-30 09:33:59.330,4.845,5000
2020-10-30 09:33:59.330,4.845,100
2020-10-30 09:34:00.380,4.845,1500
2020-10-30 09:34:00.790,4.845,36700
2020-10-30 09:34:00.790,4.845,5200
2020-10-30 09:34:01.470,4.846,5800
2020-10-30 09:34:01.500,4.846,10000
2020-10-30 09:34:01.650,4.846,5000
2020-10-30 09:34:01.650,4.846,10100
2020-10-30 09:34:02.010,4.846,1000
2020-10-30 09:34:02.780,4.846,2500
2020-10-30 09:34:03.220,4.846,400
2020-10-30 09:34:03.340,4.845,100
2020-10-30 09:34:03.480,4.845,200
2020-10-30 09:34:03.540,4.846,4400
2020-10-30 09:34:03.950,4.846,500
2020-10-30 09:34:04.610,4.845,2000
2020-10-30 09:34:04.860,4.845,1000
2020-10-30 09:34:05.130,4.845,1500
2020-10-30 09:34:05.130,4.845,300
2020-10-30 09:34:05.130,4.845,1000
2020-10-30 09:34:05.130,4.845,1800
2020-10-30 09:34:05.130,4.845,400
2020-10-30 09:34:05.130,4.845,100
2020-10-30 09:34:05.160,4.844,4200
2020-10-30 09:34:05.160,4.844,15800
2020-10-30 09:34:05.160,4.844,100
2020-10-30 09:34:05.160,4.844,1000
2020-10-30 09:34:05.160,4.844,45000
2020-10-30 09:34:06.000,4.843,300000
2020-10-30 09:34:06.300,4.845,5000
2020-10-30 09:34:07.460,4.845,300
2020-10-30 09:34:08.940,4.842,1900
2020-10-30 09:34:09.600,4.842,100
2020-10-30 09:34:09.890,4.842,17200
2020-10-30 09:34:10.190,4.842,100
2020-10-30 09:34:11.000,4.841,1000
2020-10-30 09:34:11.000,4.841,1000
2020-10-30 09:34:11.320,4.842,5000
2020-10-30 09:34:11.500,4.842,500
2020-10-30 09:34:14.790,4.844,200
2020-10-30 09:34:15.590,4.842,900
2020-10-30 09:34:19.140,4.841,1500
2020-10-30 09:34:19.140,4.841,400
2020-10-30 09:34:19.140,4.841,500
2020-10-30 09:34:20.290,4.841,100
2020-10-30 09:34:20.710,4.842,100
2020-10-30 09:34:21.500,4.841,900
2020-10-30 09:34:21.500,4.84,100
2020-10-30 09:34:21.500,4.84,400
2020-10-30 09:34:21.500,4.84,10000
2020-10-30 09:34:21.500,4.84,100
2020-10-30 09:34:21.500,4.84,1000
2020-10-30 09:34:21.500,4.84,6000
2020-10-30 09:34:21.500,4.84,500
2020-10-30 09:34:21.500,4.84,1000
2020-10-30 09:34:21.500,4.84,200
2020-10-30 09:34:21.500,4.84,100
2020-10-30 09:34:21.500,4.84,1000
2020-10-30 09:34:21.500,4.84,200
2020-10-30 09:34:21.500,4.84,400
2020-10-30 09:34:21.500,4.84,400
2020-10-30 09:34:21.500,4.84,400
2020-10-30 09:34:21.500,4.84,100
2020-10-30 09:34:21.500,4.84,500
2020-10-30 09:34:21.500,4.84,7000
2020-10-30 09:34:21.500,4.84,3000
2020-10-30 09:34:21.500,4.84,1000
2020-10-30 09:34:21.500,4.84,65700
2020-10-30 09:34:21.680,4.842,3000
2020-10-30 09:34:22.030,4.842,800
2020-10-30 09:34:22.030,4.844,2000
2020-10-30 09:34:22.030,4.844,7200
2020-10-30 09:34:24.630,4.844,10000
2020-10-30 09:34:24.660,4.844,1000
2020-10-30 09:34:25.360,4.842,1500
2020-10-30 09:34:26.710,4.842,8500
2020-10-30 09:34:26.710,4.842,1500
2020-10-30 09:34:27.430,4.843,1100
2020-10-30 09:34:29.640,4.842,48500
2020-10-30 09:34:29.640,4.842,200
2020-10-30 09:34:29.640,4.842,100
2020-10-30 09:34:29.640,4.842,100
2020-10-30 09:34:29.640,4.842,500
2020-10-30 09:34:29.640,4.842,20000
2020-10-30 09:34:29.890,4.842,10000
2020-10-30 09:34:34.230,4.842,200
2020-10-30 09:34:34.930,4.842,100
2020-10-30 09:34:35.690,4.842,1000
2020-10-30 09:34:37.010,4.842,400
2020-10-30 09:34:37.220,4.842,100
2020-10-30 09:34:37.340,4.841,1000
2020-10-30 09:34:37.600,4.841,500
2020-10-30 09:34:37.600,4.841,200
2020-10-30 09:34:37.600,4.841,500
2020-10-30 09:34:37.600,4.841,14900
2020-10-30 09:34:37.600,4.841,20900
2020-10-30 09:34:37.720,4.842,400
2020-10-30 09:34:39.380,4.842,900
2020-10-30 09:34:40.110,4.842,7000
2020-10-30 09:34:40.430,4.841,10000
2020-10-30 09:34:41.340,4.842,1200
2020-10-30 09:34:42.300,4.842,20000
2020-10-30 09:34:42.450,4.842,100
2020-10-30 09:34:42.990,4.841,13400
2020-10-30 09:34:42.990,4.841,12000
2020-10-30 09:34:42.990,4.841,1000
2020-10-30 09:34:42.990,4.84,273600
2020-10-30 09:34:45.250,4.84,2000
2020-10-30 09:34:45.350,4.84,24400
2020-10-30 09:34:45.350,4.84,2000
2020-10-30 09:34:45.350,4.84,3000
2020-10-30 09:34:45.350,4.84,10000
2020-10-30 09:34:45.350,4.84,10000
2020-10-30 09:34:45.410,4.84,500
2020-10-30 09:34:46.480,4.84,300
2020-10-30 09:34:49.560,4.84,400
2020-10-30 09:34:49.960,4.84,10000
2020-10-30 09:34:51.030,4.84,100
2020-10-30 09:34:51.470,4.84,5000
2020-10-30 09:34:52.160,4.84,100
2020-10-30 09:34:52.220,4.839,1000
2020-10-30 09:34:53.710,4.84,1000
2020-10-30 09:34:53.830,4.84,4000
2020-10-30 09:34:53.980,4.839,22600
2020-10-30 09:34:53.980,4.839,50000
2020-10-30 09:34:53.980,4.839,7500
2020-10-30 09:34:53.980,4.839,50000
2020-10-30 09:34:53.980,4.839,3900
2020-10-30 09:34:53.980,4.839,1200
2020-10-30 09:34:53.980,4.839,5000
2020-10-30 09:34:53.980,4.839,2000
2020-10-30 09:34:53.980,4.839,400
2020-10-30 09:34:53.980,4.839,20000
2020-10-30 09:34:56.070,4.839,1000
2020-10-30 09:34:56.650,4.838,2000
2020-10-30 09:34:57.090,4.839,1900
2020-10-30 09:34:57.500,4.839,1000
2020-10-30 09:34:57.740,4.839,85000
2020-10-30 09:34:58.290,4.838,7000
2020-10-30 09:34:58.320,4.838,9000
2020-10-30 09:34:58.320,4.838,50000
2020-10-30 09:34:58.320,4.838,2100
2020-10-30 09:34:58.320,4.838,4900
2020-10-30 09:34:58.320,4.838,400
2020-10-30 09:34:58.320,4.838,2901
2020-10-30 09:34:59.570,4.839,100
2020-10-30 09:35:00.660,4.839,1600
2020-10-30 09:35:01.280,4.838,7099
2020-10-30 09:35:01.280,4.838,2100
2020-10-30 09:35:01.280,4.838,100
2020-10-30 09:35:01.280,4.838,200
2020-10-30 09:35:01.280,4.838,5000
2020-10-30 09:35:01.280,4.838,500
2020-10-30 09:35:01.280,4.838,2000
2020-10-30 09:35:01.280,4.838,1600
2020-10-30 09:35:01.280,4.838,500
2020-10-30 09:35:01.280,4.838,200
2020-10-30 09:35:01.280,4.838,100
2020-10-30 09:35:01.280,4.838,500
2020-10-30 09:35:01.940,4.837,800
2020-10-30 09:35:01.940,4.837,1300
2020-10-30 09:35:01.940,4.837,12000
2020-10-30 09:35:01.940,4.837,50000
2020-10-30 09:35:01.940,4.837,500
2020-10-30 09:35:01.940,4.837,500
2020-10-30 09:35:01.940,4.837,2600
2020-10-30 09:35:01.940,4.837,100
2020-10-30 09:35:01.940,4.837,500
2020-10-30 09:35:01.940,4.837,1000
2020-10-30 09:35:01.940,4.837,3900
2020-10-30 09:35:03.430,4.837,9600
2020-10-30 09:35:04.040,4.837,200
2020-10-30 09:35:04.890,4.837,2000
2020-10-30 09:35:05.640,4.837,150100
2020-10-30 09:35:06.110,4.836,1000
2020-10-30 09:35:06.180,4.837,5000
2020-10-30 09:35:06.240,4.837,110000
2020-10-30 09:35:06.350,4.836,200
2020-10-30 09:35:06.460,4.836,6100
2020-10-30 09:35:06.850,4.837,100
2020-10-30 09:35:07.640,4.837,100
2020-10-30 09:35:08.200,4.837,105200
2020-10-30 09:35:08.200,4.837,1000
2020-10-30 09:35:08.200,4.837,900
2020-10-30 09:35:08.230,4.838,500
2020-10-30 09:35:08.710,4.837,500
2020-10-30 09:35:09.130,4.838,300
2020-10-30 09:35:09.280,4.837,1100
2020-10-30 09:35:09.550,4.837,5900
2020-10-30 09:35:11.060,4.837,1300
2020-10-30 09:35:11.140,4.837,2000
2020-10-30 09:35:11.720,4.836,28500
2020-10-30 09:35:12.960,4.837,100
2020-10-30 09:35:12.960,4.838,1200
2020-10-30 09:35:13.230,4.836,400
2020-10-30 09:35:14.160,4.837,100
2020-10-30 09:35:14.490,4.836,13800
2020-10-30 09:35:14.490,4.836,5000
2020-10-30 09:35:14.490,4.836,11200
2020-10-30 09:35:14.900,4.837,100
2020-10-30 09:35:14.950,4.837,300
2020-10-30 09:35:15.370,4.837,100
2020-10-30 09:35:16.640,4.837,100
2020-10-30 09:35:17.750,4.837,9500
2020-10-30 09:35:17.750,4.837,9200
2020-10-30 09:35:18.300,4.837,200
2020-10-30 09:35:18.560,4.837,210600
2020-10-30 09:35:18.560,4.837,900
2020-10-30 09:35:18.560,4.837,3000
2020-10-30 09:35:18.560,4.836,13800
2020-10-30 09:35:18.560,4.836,12300
2020-10-30 09:35:18.560,4.836,2000
2020-10-30 09:35:18.560,4.836,800
2020-10-30 09:35:18.560,4.836,500
2020-10-30 09:35:18.560,4.836,4500
2020-10-30 09:35:18.560,4.836,5000
2020-10-30 09:35:18.560,4.836,200
2020-10-30 09:35:18.560,4.836,1000
2020-10-30 09:35:18.560,4.836,500
2020-10-30 09:35:18.560,4.836,500
2020-10-30 09:35:18.560,4.836,200
2020-10-30 09:35:18.560,4.836,200
2020-10-30 09:35:18.560,4.836,10000
2020-10-30 09:35:18.560,4.836,3000
2020-10-30 09:35:18.560,4.836,3000
2020-10-30 09:35:18.560,4.836,5000
2020-10-30 09:35:18.560,4.836,10000
2020-10-30 09:35:18.560,4.836,1000
2020-10-30 09:35:18.560,4.836,5000
2020-10-30 09:35:18.560,4.836,100
2020-10-30 09:35:18.560,4.835,2000
2020-10-30 09:35:18.560,4.835,4900
2020-10-30 09:35:18.880,4.838,10000
2020-10-30 09:35:19.070,4.838,300
2020-10-30 09:35:19.280,4.836,3400
2020-10-30 09:35:20.090,4.836,700
2020-10-30 09:35:20.120,4.836,36900
2020-10-30 09:35:20.990,4.836,4900
2020-10-30 09:35:21.490,4.836,100
2020-10-30 09:35:22.310,4.836,2000
2020-10-30 09:35:22.610,4.836,800
2020-10-30 09:35:22.980,4.836,200
2020-10-30 09:35:22.980,4.836,10000
2020-10-30 09:35:23.130,4.836,6800
2020-10-30 09:35:25.900,4.835,600
2020-10-30 09:35:25.900,4.835,2600
2020-10-30 09:35:25.960,4.836,800
2020-10-30 09:35:27.350,4.836,200
2020-10-30 09:35:27.350,4.836,3000
2020-10-30 09:35:27.350,4.836,1000
2020-10-30 09:35:27.350,4.836,5800
2020-10-30 09:35:28.150,4.836,500
2020-10-30 09:35:29.200,4.836,400
2020-10-30 09:35:29.710,4.835,14400
2020-10-30 09:35:29.710,4.835,300
2020-10-30 09:35:29.710,4.835,3500
2020-10-30 09:35:29.710,4.835,3000
2020-10-30 09:35:29.710,4.835,700
2020-10-30 09:35:29.710,4.835,100
2020-10-30 09:35:29.710,4.835,1800
2020-10-30 09:35:29.940,4.836,400
2020-10-30 09:35:30.460,4.836,5000
2020-10-30 09:35:31.120,4.836,300
2020-10-30 09:35:33.930,4.836,5000
2020-10-30 09:35:35.010,4.836,300
2020-10-30 09:35:36.130,4.835,200
2020-10-30 09:35:36.130,4.835,2000
2020-10-30 09:35:36.130,4.835,1100
2020-10-30 09:35:36.130,4.835,1000
2020-10-30 09:35:36.130,4.835,2500
2020-10-30 09:35:36.130,4.835,500
2020-10-30 09:35:36.130,4.835,5000
2020-10-30 09:35:36.130,4.835,100
2020-10-30 09:35:36.130,4.835,5000
2020-10-30 09:35:36.130,4.835,500
2020-10-30 09:35:36.130,4.835,1000
2020-10-30 09:35:36.130,4.835,1100
2020-10-30 09:35:36.160,4.835,1100
2020-10-30 09:35:36.160,4.835,8700
2020-10-30 09:35:36.180,4.835,9900
2020-10-30 09:35:36.490,4.835,5400
2020-10-30 09:35:36.490,4.835,1500
2020-10-30 09:35:36.490,4.835,500
2020-10-30 09:35:36.490,4.835,200
2020-10-30 09:35:36.490,4.835,500
2020-10-30 09:35:36.490,4.835,500
2020-10-30 09:35:36.490,4.835,500
2020-10-30 09:35:36.490,4.835,4500
2020-10-30 09:35:36.490,4.835,1000
2020-10-30 09:35:36.490,4.835,100
2020-10-30 09:35:36.490,4.835,5300
2020-10-30 09:35:36.760,4.835,700
2020-10-30 09:35:36.910,4.834,500
2020-10-30 09:35:36.910,4.834,1200
2020-10-30 09:35:36.910,4.834,3300
2020-10-30 09:35:36.970,4.834,1700
2020-10-30 09:35:39.830,4.834,800
2020-10-30 09:35:40.160,4.835,1000
2020-10-30 09:35:40.950,4.834,200
2020-10-30 09:35:40.950,4.834,300
2020-10-30 09:35:40.950,4.834,2800
2020-10-30 09:35:41.510,4.834,2200
2020-10-30 09:35:41.510,4.834,3500
2020-10-30 09:35:42.320,4.834,18500
2020-10-30 09:35:42.320,4.834,10000
2020-10-30 09:35:42.320,4.834,20000
2020-10-30 09:35:42.320,4.834,9700
2020-10-30 09:35:42.320,4.834,1000
2020-10-30 09:35:42.320,4.834,5000
2020-10-30 09:35:42.320,4.834,2000
2020-10-30 09:35:42.320,4.834,400
2020-10-30 09:35:42.320,4.834,2000
2020-10-30 09:35:42.320,4.834,1000
2020-10-30 09:35:42.320,4.834,45000
2020-10-30 09:35:42.320,4.834,11400
2020-10-30 09:35:42.320,4.834,500
2020-10-30 09:35:42.320,4.833,20000
2020-10-30 09:35:42.320,4.833,1000
2020-10-30 09:35:42.320,4.833,5000
2020-10-30 09:35:42.320,4.833,10000
2020-10-30 09:35:42.320,4.833,20000
2020-10-30 09:35:42.320,4.833,2000
2020-10-30 09:35:42.320,4.833,500
2020-10-30 09:35:42.320,4.833,500
2020-10-30 09:35:42.390,4.833,500
2020-10-30 09:35:43.780,4.833,11400
2020-10-30 09:35:44.010,4.833,500
2020-10-30 09:35:44.460,4.833,1000
2020-10-30 09:35:44.460,4.833,300
2020-10-30 09:35:44.630,4.833,800
2020-10-30 09:35:46.660,4.834,1500
2020-10-30 09:35:46.660,4.834,1000
2020-10-30 09:35:47.010,4.834,2000
2020-10-30 09:35:47.010,4.834,2000
2020-10-30 09:35:47.190,4.833,9200
2020-10-30 09:35:47.190,4.833,800
2020-10-30 09:35:47.900,4.834,200
2020-10-30 09:35:49.070,4.833,3400
2020-10-30 09:35:50.250,4.833,15800
2020-10-30 09:35:50.250,4.833,500
2020-10-30 09:35:50.250,4.833,500
2020-10-30 09:35:50.250,4.833,200
2020-10-30 09:35:50.250,4.833,2000
2020-10-30 09:35:50.250,4.833,200
2020-10-30 09:35:50.250,4.833,12600
2020-10-30 09:35:51.110,4.833,500
2020-10-30 09:35:51.130,4.833,230400
2020-10-30 09:35:51.130,4.833,3000
2020-10-30 09:35:51.130,4.833,20000
2020-10-30 09:35:51.340,4.833,10000
2020-10-30 09:35:51.400,4.833,36600
2020-10-30 09:35:51.750,4.834,400
2020-10-30 09:35:51.750,4.834,600
2020-10-30 09:35:52.190,4.834,1000
2020-10-30 09:35:52.800,4.833,4900
2020-10-30 09:35:52.800,4.833,1000
2020-10-30 09:35:52.800,4.833,100
2020-10-30 09:35:52.800,4.833,1000
2020-10-30 09:35:52.800,4.833,3200
2020-10-30 09:35:53.910,4.833,1800
2020-10-30 09:35:54.620,4.833,10000
2020-10-30 09:35:54.770,4.833,100
2020-10-30 09:35:55.790,4.833,20000
2020-10-30 09:35:56.000,4.832,400
2020-10-30 09:35:56.000,4.832,700
2020-10-30 09:35:56.000,4.832,300
2020-10-30 09:35:56.000,4.832,100
2020-10-30 09:35:56.000,4.832,4000
2020-10-30 09:35:56.000,4.832,5000
2020-10-30 09:35:56.000,4.832,4200
2020-10-30 09:35:56.000,4.832,2000
2020-10-30 09:35:56.000,4.832,24000
2020-10-30 09:35:56.000,4.832,100
2020-10-30 09:35:56.000,4.832,5000
2020-10-30 09:35:56.000,4.832,800
2020-10-30 09:35:56.000,4.832,5000
2020-10-30 09:35:56.000,4.832,124200
2020-10-30 09:35:56.310,4.832,5800
2020-10-30 09:35:56.310,4.832,3000
2020-10-30 09:35:56.310,4.832,600
2020-10-30 09:35:56.450,4.832,600
2020-10-30 09:35:57.030,4.833,600
2020-10-30 09:35:57.120,4.832,3800
2020-10-30 09:35:57.120,4.832,6000
2020-10-30 09:35:57.360,4.832,11400
2020-10-30 09:35:57.760,4.832,2000
2020-10-30 09:35:57.910,4.832,14200
2020-10-30 09:35:59.180,4.831,2300
2020-10-30 09:35:59.180,4.831,10000
2020-10-30 09:35:59.180,4.831,1700
2020-10-30 09:35:59.440,4.832,42100
2020-10-30 09:35:59.950,4.832,5000
2020-10-30 09:36:00.390,4.832,600
2020-10-30 09:36:00.390,4.832,500
2020-10-30 09:36:00.940,4.832,10000
2020-10-30 09:36:01.240,4.832,400
2020-10-30 09:36:01.540,4.831,5300
2020-10-30 09:36:01.540,4.831,34200
2020-10-30 09:36:01.640,4.831,10800
2020-10-30 09:36:02.920,4.831,1200
2020-10-30 09:36:03.050,4.832,50000
2020-10-30 09:36:03.600,4.831,3800
2020-10-30 09:36:03.600,4.831,1000
2020-10-30 09:36:03.600,4.831,300
2020-10-30 09:36:03.600,4.831,300
2020-10-30 09:36:03.600,4.831,300
2020-10-30 09:36:03.600,4.831,300
2020-10-30 09:36:03.600,4.831,3000
2020-10-30 09:36:03.600,4.831,50000
2020-10-30 09:36:03.600,4.831,5000
2020-10-30 09:36:03.600,4.831,3000
2020-10-30 09:36:03.600,4.831,3000
2020-10-30 09:36:03.600,4.831,3000
2020-10-30 09:36:03.600,4.831,4000
2020-10-30 09:36:03.600,4.831,23000
2020-10-30 09:36:03.600,4.831,100
2020-10-30 09:36:04.140,4.832,1200
2020-10-30 09:36:04.640,4.831,1900
2020-10-30 09:36:04.640,4.831,3100
2020-10-30 09:36:04.880,4.831,5800
2020-10-30 09:36:05.050,4.831,600
2020-10-30 09:36:05.500,4.831,500
2020-10-30 09:36:05.500,4.831,50000
2020-10-30 09:36:05.500,4.831,5000
2020-10-30 09:36:05.500,4.831,5000
2020-10-30 09:36:05.500,4.831,200
2020-10-30 09:36:05.500,4.831,500
2020-10-30 09:36:05.500,4.831,2000
2020-10-30 09:36:05.500,4.831,5000
2020-10-30 09:36:05.500,4.831,600
2020-10-30 09:36:05.500,4.831,300
2020-10-30 09:36:05.500,4.831,30900
2020-10-30 09:36:05.710,4.832,2000
2020-10-30 09:36:06.080,4.832,500
2020-10-30 09:36:06.260,4.832,500
2020-10-30 09:36:06.430,4.831,1500
2020-10-30 09:36:07.440,4.831,2000
2020-10-30 09:36:08.490,4.832,2000
2020-10-30 09:36:08.660,4.831,2000
2020-10-30 09:36:08.720,4.831,3700
2020-10-30 09:36:08.720,4.831,5000
2020-10-30 09:36:08.810,4.831,1300
2020-10-30 09:36:08.810,4.831,3000
2020-10-30 09:36:09.070,4.832,5000
2020-10-30 09:36:09.180,4.831,195700
2020-10-30 09:36:09.180,4.831,8000
2020-10-30 09:36:09.280,4.831,200
2020-10-30 09:36:09.280,4.83,500
2020-10-30 09:36:09.310,4.831,100
2020-10-30 09:36:09.490,4.831,300
2020-10-30 09:36:10.470,4.83,1900
2020-10-30 09:36:10.470,4.83,6500
2020-10-30 09:36:10.470,4.83,6000
2020-10-30 09:36:10.470,4.83,6500
2020-10-30 09:36:10.470,4.83,3500
2020-10-30 09:36:10.470,4.83,500
2020-10-30 09:36:10.470,4.83,1200
2020-10-30 09:36:10.470,4.83,200
2020-10-30 09:36:10.470,4.83,600
2020-10-30 09:36:10.470,4.83,2000
2020-10-30 09:36:10.470,4.83,1200
2020-10-30 09:36:10.470,4.83,1200
2020-10-30 09:36:10.470,4.83,14500
2020-10-30 09:36:10.470,4.83,2400
2020-10-30 09:36:10.470,4.83,5000
2020-10-30 09:36:10.470,4.83,900
2020-10-30 09:36:10.470,4.83,20000
2020-10-30 09:36:10.470,4.83,3000
2020-10-30 09:36:10.470,4.83,1300
2020-10-30 09:36:10.470,4.83,100
2020-10-30 09:36:10.470,4.83,100
2020-10-30 09:36:10.470,4.83,10000
2020-10-30 09:36:10.470,4.83,15000
2020-10-30 09:36:10.470,4.83,10000
2020-10-30 09:36:10.470,4.83,3000
2020-10-30 09:36:10.470,4.83,2500
2020-10-30 09:36:10.470,4.83,300
2020-10-30 09:36:10.470,4.83,1000
2020-10-30 09:36:10.470,4.83,8000
2020-10-30 09:36:10.470,4.83,5000
2020-10-30 09:36:10.470,4.83,10000
2020-10-30 09:36:10.470,4.83,2000
2020-10-30 09:36:10.470,4.83,500
2020-10-30 09:36:10.470,4.83,1000
2020-10-30 09:36:10.470,4.83,100
2020-10-30 09:36:10.470,4.83,400
2020-10-30 09:36:10.470,4.83,1000
2020-10-30 09:36:10.470,4.83,500
2020-10-30 09:36:10.470,4.83,100
2020-10-30 09:36:10.470,4.83,200
2020-10-30 09:36:10.470,4.83,5000
2020-10-30 09:36:10.470,4.83,5000
2020-10-30 09:36:10.470,4.83,1000
2020-10-30 09:36:10.470,4.83,500
2020-10-30 09:36:10.470,4.83,10000
2020-10-30 09:36:10.470,4.83,7300
2020-10-30 09:36:10.470,4.83,30000
2020-10-30 09:36:10.470,4.83,5000
2020-10-30 09:36:10.470,4.83,3000
2020-10-30 09:36:10.470,4.83,5000
2020-10-30 09:36:10.470,4.83,5000
2020-10-30 09:36:10.470,4.83,500
2020-10-30 09:36:10.470,4.83,100
2020-10-30 09:36:10.470,4.83,200
2020-10-30 09:36:10.470,4.83,2000
2020-10-30 09:36:10.470,4.83,2000
2020-10-30 09:36:10.470,4.83,2000
2020-10-30 09:36:10.470,4.83,1100
2020-10-30 09:36:10.470,4.83,200
2020-10-30 09:36:10.470,4.83,100
2020-10-30 09:36:10.470,4.83,2200
2020-10-30 09:36:10.470,4.83,100
2020-10-30 09:36:10.470,4.83,1000
2020-10-30 09:36:10.470,4.83,500
2020-10-30 09:36:10.470,4.83,2100
2020-10-30 09:36:10.470,4.83,3000
2020-10-30 09:36:10.470,4.83,5000
2020-10-30 09:36:10.470,4.83,2000
2020-10-30 09:36:10.470,4.83,1000
2020-10-30 09:36:10.470,4.83,1200
2020-10-30 09:36:10.470,4.83,2000
2020-10-30 09:36:10.470,4.83,300
2020-10-30 09:36:10.470,4.83,10000
2020-10-30 09:36:10.470,4.83,10000
2020-10-30 09:36:10.470,4.83,2000
2020-10-30 09:36:10.470,4.83,1000
2020-10-30 09:36:10.470,4.83,1000
2020-10-30 09:36:10.470,4.83,600
2020-10-30 09:36:10.470,4.83,3000
2020-10-30 09:36:10.470,4.83,1000
2020-10-30 09:36:10.470,4.83,3000
2020-10-30 09:36:10.470,4.83,13800
2020-10-30 09:36:11.360,4.83,10500
2020-10-30 09:36:11.360,4.83,200
2020-10-30 09:36:11.360,4.83,300
2020-10-30 09:36:11.360,4.83,100
2020-10-30 09:36:11.360,4.83,2200
2020-10-30 09:36:11.360,4.83,300
2020-10-30 09:36:11.360,4.83,700
2020-10-30 09:36:11.360,4.83,1000
2020-10-30 09:36:11.360,4.83,10000
2020-10-30 09:36:11.480,4.83,500
2020-10-30 09:36:11.770,4.83,1100
2020-10-30 09:36:12.240,4.83,5000
2020-10-30 09:36:12.890,4.83,12000
2020-10-30 09:36:12.980,4.83,1000
2020-10-30 09:36:13.260,4.83,500
2020-10-30 09:36:13.370,4.83,100
2020-10-30 09:36:13.680,4.83,100
2020-10-30 09:36:15.380,4.83,2000
2020-10-30 09:36:15.470,4.83,300
2020-10-30 09:36:15.800,4.829,700
2020-10-30 09:36:15.800,4.829,100
2020-10-30 09:36:15.800,4.829,5000
2020-10-30 09:36:15.800,4.829,10000
2020-10-30 09:36:15.800,4.828,300
2020-10-30 09:36:15.800,4.828,300
2020-10-30 09:36:15.800,4.828,100
2020-10-30 09:36:15.800,4.828,500
2020-10-30 09:36:15.800,4.828,10000
2020-10-30 09:36:15.800,4.828,100
2020-10-30 09:36:15.800,4.828,2500
2020-10-30 09:36:15.800,4.828,500
2020-10-30 09:36:15.800,4.828,4000
2020-10-30 09:36:15.800,4.828,3200
2020-10-30 09:36:15.800,4.828,20000
2020-10-30 09:36:15.800,4.828,100
2020-10-30 09:36:15.800,4.828,5000
2020-10-30 09:36:15.800,4.828,3000
2020-10-30 09:36:15.800,4.828,1600
2020-10-30 09:36:15.800,4.828,5000
2020-10-30 09:36:15.800,4.828,3900
2020-10-30 09:36:15.800,4.828,100
2020-10-30 09:36:15.800,4.828,2300
2020-10-30 09:36:15.800,4.828,60000
2020-10-30 09:36:15.800,4.828,1100
2020-10-30 09:36:15.800,4.828,300
2020-10-30 09:36:15.800,4.827,5000
2020-10-30 09:36:15.800,4.827,500
2020-10-30 09:36:15.800,4.827,500
2020-10-30 09:36:15.800,4.827,30000
2020-10-30 09:36:15.800,4.827,20000
2020-10-30 09:36:15.800,4.827,10000
2020-10-30 09:36:15.800,4.827,7000
2020-10-30 09:36:15.800,4.827,20000
2020-10-30 09:36:15.800,4.827,2000
2020-10-30 09:36:15.800,4.827,100
2020-10-30 09:36:15.800,4.827,1100
2020-10-30 09:36:15.800,4.827,15000
2020-10-30 09:36:15.800,4.826,2300
2020-10-30 09:36:15.800,4.826,41100
2020-10-30 09:36:15.800,4.826,10000
2020-10-30 09:36:15.800,4.826,800
2020-10-30 09:36:15.800,4.826,5000
2020-10-30 09:36:15.800,4.826,4000
2020-10-30 09:36:15.800,4.826,2000
2020-10-30 09:36:16.130,4.826,183900
2020-10-30 09:36:16.130,4.83,500
2020-10-30 09:36:16.790,4.826,4200
2020-10-30 09:36:17.170,4.83,5000
2020-10-30 09:36:17.400,4.83,10000
2020-10-30 09:36:19.700,4.83,4500
2020-10-30 09:36:20.620,4.829,100
2020-10-30 09:36:20.720,4.828,100
2020-10-30 09:36:21.420,4.829,100
2020-10-30 09:36:22.470,4.828,500
2020-10-30 09:36:22.470,4.828,16800
2020-10-30 09:36:22.650,4.829,1000
2020-10-30 09:36:22.790,4.829,1800
2020-10-30 09:36:22.790,4.829,4400
2020-10-30 09:36:23.090,4.829,10000
2020-10-30 09:36:23.150,4.829,100
2020-10-30 09:36:23.890,4.827,2000
2020-10-30 09:36:24.070,4.829,3700
2020-10-30 09:36:24.350,4.829,500
2020-10-30 09:36:24.980,4.829,1100
2020-10-30 09:36:25.470,4.827,1800
2020-10-30 09:36:25.600,4.828,8100
2020-10-30 09:36:25.630,4.828,1000
2020-10-30 09:36:26.050,4.828,1000
2020-10-30 09:36:26.340,4.828,2900
2020-10-30 09:36:26.340,4.829,22100
2020-10-30 09:36:27.080,4.828,500
2020-10-30 09:36:27.290,4.827,36200
2020-10-30 09:36:27.290,4.827,100
2020-10-30 09:36:27.290,4.827,212000
2020-10-30 09:36:27.400,4.828,900
2020-10-30 09:36:27.400,4.828,100
2020-10-30 09:36:28.090,4.828,400
2020-10-30 09:36:28.090,4.828,500
2020-10-30 09:36:28.090,4.828,2200
2020-10-30 09:36:28.090,4.828,1600
2020-10-30 09:36:28.090,4.829,2300
2020-10-30 09:36:28.860,4.828,7100
2020-10-30 09:36:29.250,4.828,2900
2020-10-30 09:36:29.250,4.828,100
2020-10-30 09:36:29.250,4.828,600
2020-10-30 09:36:29.380,4.828,300
2020-10-30 09:36:29.900,4.828,1000
2020-10-30 09:36:30.820,4.829,1100
2020-10-30 09:36:31.330,4.828,600
2020-10-30 09:36:31.380,4.829,500
2020-10-30 09:36:31.670,4.828,4500
2020-10-30 09:36:31.670,4.828,200
2020-10-30 09:36:31.670,4.828,10000
2020-10-30 09:36:31.670,4.828,5300
2020-10-30 09:36:31.920,4.828,4700
2020-10-30 09:36:31.920,4.828,500
2020-10-30 09:36:31.920,4.828,1000
2020-10-30 09:36:31.920,4.828,2000
2020-10-30 09:36:31.920,4.828,1800
2020-10-30 09:36:32.390,4.829,1000
2020-10-30 09:36:32.480,4.828,1200
2020-10-30 09:36:32.480,4.828,1000
2020-10-30 09:36:32.960,4.828,500
2020-10-30 09:36:33.250,4.828,11300
2020-10-30 09:36:33.310,4.828,10000
2020-10-30 09:36:34.070,4.829,400
2020-10-30 09:36:34.070,4.829,200
2020-10-30 09:36:34.070,4.829,100
2020-10-30 09:36:34.800,4.829,200
2020-10-30 09:36:34.800,4.829,1800
2020-10-30 09:36:35.040,4.828,700
2020-10-30 09:36:35.040,4.828,1000
2020-10-30 09:36:35.040,4.828,100
2020-10-30 09:36:35.040,4.828,38200
2020-10-30 09:36:36.690,4.828,400
2020-10-30 09:36:36.810,4.828,200
2020-10-30 09:36:37.470,4.828,100
2020-10-30 09:36:37.690,4.828,4100
2020-10-30 09:36:37.750,4.829,3500
2020-10-30 09:36:37.750,4.829,1200
2020-10-30 09:36:37.930,4.829,3800
2020-10-30 09:36:37.930,4.829,1200
2020-10-30 09:36:38.160,4.828,4100
2020-10-30 09:36:38.450,4.828,500
2020-10-30 09:36:38.900,4.828,100
2020-10-30 09:36:40.350,4.828,6900
2020-10-30 09:36:40.720,4.829,800
2020-10-30 09:36:40.750,4.829,200
2020-10-30 09:36:40.750,4.828,3400
2020-10-30 09:36:40.780,4.828,8000
2020-10-30 09:36:40.870,4.83,60000
2020-10-30 09:36:40.870,4.83,30000
2020-10-30 09:36:40.870,4.83,500
2020-10-30 09:36:40.870,4.83,100
2020-10-30 09:36:40.870,4.83,10000
2020-10-30 09:36:40.870,4.831,300
2020-10-30 09:36:40.870,4.831,5000
2020-10-30 09:36:40.870,4.831,1200
2020-10-30 09:36:40.870,4.831,2000
2020-10-30 09:36:40.870,4.831,8000
2020-10-30 09:36:40.870,4.831,10600
2020-10-30 09:36:40.870,4.831,172300
2020-10-30 09:36:41.020,4.828,2000
2020-10-30 09:36:41.280,4.828,1000
2020-10-30 09:36:41.790,4.829,4000
2020-10-30 09:36:41.980,4.829,600
2020-10-30 09:36:42.250,4.829,3000
2020-10-30 09:36:43.020,4.829,900
2020-10-30 09:36:43.170,4.829,1000
2020-10-30 09:36:43.380,4.829,500
2020-10-30 09:36:43.380,4.829,200
2020-10-30 09:36:43.690,4.829,800
2020-10-30 09:36:43.690,4.828,9900
2020-10-30 09:36:43.690,4.828,3000
2020-10-30 09:36:43.690,4.828,1000
2020-10-30 09:36:43.690,4.828,15300
2020-10-30 09:36:44.470,4.829,100000
2020-10-30 09:36:46.530,4.829,2000
2020-10-30 09:36:46.930,4.829,3000
2020-10-30 09:36:46.930,4.829,12000
2020-10-30 09:36:47.200,4.829,5000
2020-10-30 09:36:47.560,4.829,700
2020-10-30 09:36:47.790,4.829,5000
2020-10-30 09:36:48.060,4.829,900
2020-10-30 09:36:48.200,4.829,1000
2020-10-30 09:36:49.560,4.829,1000
2020-10-30 09:36:49.710,4.829,7300
2020-10-30 09:36:50.040,4.83,100
2020-10-30 09:36:50.210,4.829,100
2020-10-30 09:36:52.170,4.829,2000
2020-10-30 09:36:53.090,4.829,6000
2020-10-30 09:36:53.650,4.83,100
2020-10-30 09:36:53.890,4.829,18900
2020-10-30 09:36:54.010,4.829,2000
2020-10-30 09:36:54.130,4.83,1500
2020-10-30 09:36:54.480,4.829,7200
2020-10-30 09:36:55.000,4.829,700
2020-10-30 09:36:55.220,4.829,200
2020-10-30 09:36:55.810,4.829,34200
2020-10-30 09:36:55.810,4.829,11000
2020-10-30 09:36:55.810,4.829,400
2020-10-30 09:36:55.810,4.829,14400
2020-10-30 09:36:55.990,4.829,10000
2020-10-30 09:36:57.160,4.829,300
2020-10-30 09:36:57.400,4.83,1400
2020-10-30 09:36:57.400,4.83,18600
2020-10-30 09:36:57.400,4.83,4000
2020-10-30 09:36:57.590,4.829,400
2020-10-30 09:36:58.050,4.829,1000
2020-10-30 09:36:58.580,4.83,20000
2020-10-30 09:36:59.010,4.83,20000
2020-10-30 09:36:59.010,4.83,200
2020-10-30 09:36:59.170,4.829,23900
2020-10-30 09:36:59.170,4.829,10000
2020-10-30 09:36:59.170,4.829,500
2020-10-30 09:36:59.170,4.829,300
2020-10-30 09:36:59.170,4.829,1000
2020-10-30 09:36:59.170,4.829,200
2020-10-30 09:36:59.170,4.829,1000
2020-10-30 09:37:00.850,4.829,1000
2020-10-30 09:37:02.250,4.829,1100
2020-10-30 09:37:02.590,4.829,89900
2020-10-30 09:37:03.600,4.829,51400
2020-10-30 09:37:03.730,4.828,2000
2020-10-30 09:37:04.090,4.829,5000
2020-10-30 09:37:04.560,4.829,300
2020-10-30 09:37:04.690,4.829,100
2020-10-30 09:37:05.960,4.829,2400
2020-10-30 09:37:06.080,4.829,100
2020-10-30 09:37:06.640,4.828,3400
2020-10-30 09:37:07.440,4.828,19100
2020-10-30 09:37:07.470,4.829,5000
2020-10-30 09:37:07.790,4.829,2000
2020-10-30 09:37:08.730,4.829,500
2020-10-30 09:37:09.090,4.828,10000
2020-10-30 09:37:09.290,4.829,5000
2020-10-30 09:37:10.430,4.829,42000
2020-10-30 09:37:10.430,4.828,200
2020-10-30 09:37:10.430,4.828,1100
2020-10-30 09:37:10.430,4.828,5000
2020-10-30 09:37:10.430,4.828,1700
2020-10-30 09:37:10.670,4.829,400
2020-10-30 09:37:10.930,4.829,500
2020-10-30 09:37:10.930,4.828,3000
2020-10-30 09:37:11.830,4.829,10000
2020-10-30 09:37:11.970,4.828,2000
2020-10-30 09:37:12.330,4.828,500
2020-10-30 09:37:12.720,4.829,3000
2020-10-30 09:37:12.990,4.828,3200
2020-10-30 09:37:12.990,4.828,10000
2020-10-30 09:37:12.990,4.828,11800
2020-10-30 09:37:13.060,4.828,1000
2020-10-30 09:37:13.230,4.829,900
2020-10-30 09:37:13.470,4.828,100
2020-10-30 09:37:14.000,4.829,1000
2020-10-30 09:37:14.480,4.829,2000
2020-10-30 09:37:14.720,4.829,10500
2020-10-30 09:37:14.720,4.829,1500
2020-10-30 09:37:14.720,4.829,1100
2020-10-30 09:37:14.720,4.829,5000
2020-10-30 09:37:14.720,4.829,22000
2020-10-30 09:37:14.720,4.829,1800
2020-10-30 09:37:14.720,4.829,100
2020-10-30 09:37:14.720,4.829,58000
2020-10-30 09:37:15.400,4.829,1000
2020-10-30 09:37:15.510,4.829,200
2020-10-30 09:37:16.230,4.828,1000
2020-10-30 09:37:16.840,4.829,5000
2020-10-30 09:37:16.930,4.828,7500
2020-10-30 09:37:18.880,4.829,20000
2020-10-30 09:37:19.060,4.829,200
2020-10-30 09:37:19.920,4.828,10000
2020-10-30 09:37:20.550,4.829,5300
2020-10-30 09:37:20.900,4.829,700
2020-10-30 09:37:21.250,4.829,200
2020-10-30 09:37:22.140,4.829,100
2020-10-30 09:37:22.200,4.829,4000
2020-10-30 09:37:23.040,4.828,5400
2020-10-30 09:37:23.040,4.828,1000
2020-10-30 09:37:23.250,4.828,3100
2020-10-30 09:37:23.400,4.828,9100
2020-10-30 09:37:23.400,4.828,2800
2020-10-30 09:37:24.310,4.829,3000
2020-10-30 09:37:24.890,4.828,400
2020-10-30 09:37:25.270,4.829,15600
2020-10-30 09:37:25.360,4.829,1000
2020-10-30 09:37:25.510,4.829,1000
2020-10-30 09:37:26.030,4.828,500
2020-10-30 09:37:27.450,4.829,500
2020-10-30 09:37:28.090,4.828,1000
2020-10-30 09:37:28.210,4.829,1000
2020-10-30 09:37:28.490,4.828,5300
2020-10-30 09:37:28.490,4.828,500
2020-10-30 09:37:28.490,4.828,500
2020-10-30 09:37:28.490,4.828,5000
2020-10-30 09:37:28.490,4.828,500
2020-10-30 09:37:28.490,4.828,8700
2020-10-30 09:37:28.490,4.828,5000
2020-10-30 09:37:28.490,4.828,200
2020-10-30 09:37:28.490,4.828,2400
2020-10-30 09:37:28.490,4.829,13800
2020-10-30 09:37:29.180,4.829,1000
2020-10-30 09:37:30.620,4.828,100
2020-10-30 09:37:30.920,4.829,164400
2020-10-30 09:37:30.920,4.829,2200
2020-10-30 09:37:30.920,4.829,2300
2020-10-30 09:37:30.920,4.829,100
2020-10-30 09:37:30.920,4.829,6200
2020-10-30 09:37:31.600,4.829,3000
2020-10-30 09:37:32.470,4.829,1800
2020-10-30 09:37:32.470,4.829,300
2020-10-30 09:37:32.660,4.829,1700
2020-10-30 09:37:32.660,4.829,1300
2020-10-30 09:37:32.900,4.829,2800
2020-10-30 09:37:32.900,4.829,1000
2020-10-30 09:37:32.900,4.829,1400
2020-10-30 09:37:33.420,4.829,2200
2020-10-30 09:37:33.780,4.83,2000
2020-10-30 09:37:34.770,4.829,1400
2020-10-30 09:37:34.770,4.829,2000
2020-10-30 09:37:34.770,4.829,100
2020-10-30 09:37:34.770,4.829,1500
2020-10-30 09:37:35.270,4.829,3500
2020-10-30 09:37:35.270,4.829,400
2020-10-30 09:37:35.270,4.828,2500
2020-10-30 09:37:35.270,4.828,500
2020-10-30 09:37:35.270,4.828,3100
2020-10-30 09:37:35.920,4.829,200
2020-10-30 09:37:36.510,4.829,700
2020-10-30 09:37:36.510,4.828,300
2020-10-30 09:37:37.070,4.83,4000
2020-10-30 09:37:37.070,4.83,4000
2020-10-30 09:37:37.070,4.83,3000
2020-10-30 09:37:37.070,4.83,16700
2020-10-30 09:37:37.070,4.83,500
2020-10-30 09:37:37.070,4.83,700
2020-10-30 09:37:37.070,4.83,30000
2020-10-30 09:37:37.070,4.83,14300
2020-10-30 09:37:37.070,4.83,1100
2020-10-30 09:37:37.670,4.831,5000
2020-10-30 09:37:37.910,4.83,5500
2020-10-30 09:37:38.020,4.83,1300
2020-10-30 09:37:38.730,4.83,5000
2020-10-30 09:37:39.540,4.83,7700
2020-10-30 09:37:40.300,4.83,500
2020-10-30 09:37:40.300,4.83,1700
2020-10-30 09:37:40.300,4.83,1600
2020-10-30 09:37:40.300,4.83,100
2020-10-30 09:37:40.300,4.829,5000
2020-10-30 09:37:40.300,4.829,2000
2020-10-30 09:37:40.300,4.829,1000
2020-10-30 09:37:40.300,4.829,4000
2020-10-30 09:37:40.300,4.829,4100
2020-10-30 09:37:41.490,4.829,5900
2020-10-30 09:37:41.490,4.829,6000
2020-10-30 09:37:41.680,4.829,200
2020-10-30 09:37:41.680,4.828,1100
2020-10-30 09:37:42.910,4.83,2000
2020-10-30 09:37:42.910,4.83,3000
2020-10-30 09:37:43.090,4.83,10000
2020-10-30 09:37:45.720,4.83,20000
2020-10-30 09:37:48.160,4.83,20000
2020-10-30 09:37:48.190,4.83,5000
2020-10-30 09:37:48.250,4.83,2600
2020-10-30 09:37:49.190,4.83,30200
2020-10-30 09:37:49.900,4.83,1500
2020-10-30 09:37:50.160,4.829,200
2020-10-30 09:37:50.190,4.83,55700
2020-10-30 09:37:50.190,4.83,11100
2020-10-30 09:37:50.190,4.83,20000
2020-10-30 09:37:50.190,4.83,500
2020-10-30 09:37:51.350,4.83,19600
2020-10-30 09:37:51.700,4.829,300
2020-10-30 09:37:51.700,4.829,100
2020-10-30 09:37:51.730,4.83,6700
2020-10-30 09:37:51.730,4.83,200
2020-10-30 09:37:54.290,4.83,50000
2020-10-30 09:37:54.800,4.83,33400
2020-10-30 09:37:54.800,4.83,4700
2020-10-30 09:37:57.940,4.83,39900
2020-10-30 09:37:57.940,4.83,11400
2020-10-30 09:38:01.370,4.831,5000
2020-10-30 09:38:01.370,4.831,5000
2020-10-30 09:38:02.880,4.831,3300
2020-10-30 09:38:04.090,4.83,100
2020-10-30 09:38:04.450,4.83,4200
2020-10-30 09:38:04.560,4.831,5300
2020-10-30 09:38:04.560,4.831,10500
2020-10-30 09:38:04.560,4.83,100
2020-10-30 09:38:05.600,4.83,6200
2020-10-30 09:38:05.600,4.83,200
2020-10-30 09:38:05.600,4.83,5300
2020-10-30 09:38:05.600,4.83,2000
2020-10-30 09:38:05.600,4.83,3000
2020-10-30 09:38:05.600,4.83,1000
2020-10-30 09:38:05.600,4.83,5800
2020-10-30 09:38:05.600,4.83,100
2020-10-30 09:38:05.600,4.83,87600
2020-10-30 09:38:05.600,4.83,2000
2020-10-30 09:38:05.600,4.83,2200
2020-10-30 09:38:05.600,4.83,4000
2020-10-30 09:38:05.600,4.83,1000
2020-10-30 09:38:05.600,4.83,500
2020-10-30 09:38:05.600,4.83,1000
2020-10-30 09:38:05.600,4.83,2200
2020-10-30 09:38:05.600,4.83,20000
2020-10-30 09:38:05.600,4.83,200
2020-10-30 09:38:05.600,4.83,5000
2020-10-30 09:38:05.600,4.83,100
2020-10-30 09:38:05.600,4.83,5000
2020-10-30 09:38:06.060,4.83,25600
2020-10-30 09:38:06.060,4.83,4700
2020-10-30 09:38:06.270,4.83,5000
2020-10-30 09:38:07.840,4.83,7300
2020-10-30 09:38:07.840,4.831,5000
2020-10-30 09:38:07.840,4.831,8900
2020-10-30 09:38:08.370,4.83,100
2020-10-30 09:38:08.550,4.829,4900
2020-10-30 09:38:08.550,4.829,5000
2020-10-30 09:38:08.550,4.829,10500
2020-10-30 09:38:08.550,4.829,5000
2020-10-30 09:38:08.550,4.829,10000
2020-10-30 09:38:08.550,4.829,10000
2020-10-30 09:38:08.550,4.829,500
2020-10-30 09:38:08.550,4.829,10000
2020-10-30 09:38:08.550,4.829,1000
2020-10-30 09:38:08.810,4.829,7300
2020-10-30 09:38:09.170,4.829,2500
2020-10-30 09:38:09.490,4.829,2000
2020-10-30 09:38:09.550,4.828,500
2020-10-30 09:38:09.550,4.828,5000
2020-10-30 09:38:09.550,4.828,200
2020-10-30 09:38:09.550,4.828,5000
2020-10-30 09:38:09.550,4.828,1100
2020-10-30 09:38:09.550,4.828,1000
2020-10-30 09:38:09.550,4.828,500
2020-10-30 09:38:09.550,4.828,3600
2020-10-30 09:38:09.550,4.828,1000
2020-10-30 09:38:09.550,4.828,2700
2020-10-30 09:38:09.550,4.828,5000
2020-10-30 09:38:09.550,4.828,3500
2020-10-30 09:38:09.550,4.828,500
2020-10-30 09:38:09.550,4.828,3700
2020-10-30 09:38:09.550,4.828,500
2020-10-30 09:38:09.550,4.828,300
2020-10-30 09:38:09.550,4.828,3000
2020-10-30 09:38:09.550,4.828,9000
2020-10-30 09:38:09.870,4.829,5500
2020-10-30 09:38:10.300,4.829,200
2020-10-30 09:38:10.670,4.829,10900
2020-10-30 09:38:11.330,4.829,52100
2020-10-30 09:38:11.630,4.829,5000
2020-10-30 09:38:12.630,4.829,2000
2020-10-30 09:38:13.080,4.829,200
2020-10-30 09:38:13.680,4.829,100
2020-10-30 09:38:13.980,4.829,5000
2020-10-30 09:38:15.730,4.829,900
2020-10-30 09:38:16.050,4.828,200
2020-10-30 09:38:16.290,4.828,40800
2020-10-30 09:38:16.290,4.828,10000
2020-10-30 09:38:16.290,4.828,900
2020-10-30 09:38:16.290,4.828,1000
2020-10-30 09:38:16.290,4.828,2000
2020-10-30 09:38:16.290,4.828,10000
2020-10-30 09:38:16.290,4.828,10000
2020-10-30 09:38:16.290,4.828,2100
2020-10-30 09:38:16.290,4.828,1200
2020-10-30 09:38:16.290,4.828,3000
2020-10-30 09:38:16.290,4.828,30000
2020-10-30 09:38:16.290,4.828,20000
2020-10-30 09:38:16.290,4.828,1000
2020-10-30 09:38:16.290,4.828,30000
2020-10-30 09:38:16.290,4.828,5000
2020-10-30 09:38:16.290,4.828,12500
2020-10-30 09:38:16.290,4.828,10000
2020-10-30 09:38:16.290,4.828,10000
2020-10-30 09:38:16.290,4.828,500
2020-10-30 09:38:16.290,4.828,2000
2020-10-30 09:38:16.290,4.828,300
2020-10-30 09:38:16.290,4.828,100
2020-10-30 09:38:17.600,4.828,3500
2020-10-30 09:38:17.720,4.828,1000
2020-10-30 09:38:17.720,4.828,5000
2020-10-30 09:38:17.980,4.828,214000
2020-10-30 09:38:17.980,4.828,18100
2020-10-30 09:38:17.980,4.828,10000
2020-10-30 09:38:17.980,4.828,10000
2020-10-30 09:38:17.980,4.828,10000
2020-10-30 09:38:18.890,4.829,11800
2020-10-30 09:38:19.310,4.83,500
2020-10-30 09:38:19.340,4.83,400
2020-10-30 09:38:19.340,4.83,4600
2020-10-30 09:38:21.550,4.83,6400
2020-10-30 09:38:21.550,4.83,900
2020-10-30 09:38:22.700,4.829,100
2020-10-30 09:38:23.220,4.829,400
2020-10-30 09:38:23.220,4.829,500
2020-10-30 09:38:23.220,4.828,200
2020-10-30 09:38:23.220,4.828,400
2020-10-30 09:38:23.360,4.828,1400
2020-10-30 09:38:23.480,4.83,100
2020-10-30 09:38:23.840,4.83,2000
2020-10-30 09:38:24.100,4.828,200
2020-10-30 09:38:24.100,4.828,1000
2020-10-30 09:38:24.100,4.828,1800
2020-10-30 09:38:24.260,4.83,200
2020-10-30 09:38:24.390,4.83,200
2020-10-30 09:38:25.550,4.828,3200
2020-10-30 09:38:25.550,4.828,16800
2020-10-30 09:38:27.070,4.829,5000
2020-10-30 09:38:27.610,4.829,200
2020-10-30 09:38:27.610,4.829,100
2020-10-30 09:38:27.820,4.829,200
2020-10-30 09:38:29.120,4.829,6300
2020-10-30 09:38:29.320,4.829,30200
2020-10-30 09:38:29.970,4.829,258000
2020-10-30 09:38:31.050,4.83,6600
2020-10-30 09:38:31.050,4.83,3100
2020-10-30 09:38:31.050,4.83,2600
2020-10-30 09:38:31.050,4.83,6000
2020-10-30 09:38:31.050,4.83,5000
2020-10-30 09:38:31.050,4.83,99000
2020-10-30 09:38:31.050,4.83,2000
2020-10-30 09:38:31.050,4.83,10100
2020-10-30 09:38:32.250,4.83,1000
2020-10-30 09:38:32.530,4.83,2000
2020-10-30 09:38:32.830,4.83,10000
2020-10-30 09:38:33.060,4.83,2200
2020-10-30 09:38:33.240,4.83,24100
2020-10-30 09:38:35.360,4.83,200
2020-10-30 09:38:35.450,4.831,100
2020-10-30 09:38:35.740,4.83,800
2020-10-30 09:38:35.740,4.83,4200
2020-10-30 09:38:36.630,4.831,500
2020-10-30 09:38:36.790,4.831,9400
2020-10-30 09:38:36.790,4.831,10000
2020-10-30 09:38:36.940,4.831,1200
2020-10-30 09:38:38.970,4.831,2100
2020-10-30 09:38:40.350,4.832,300
2020-10-30 09:38:40.350,4.832,200
2020-10-30 09:38:40.350,4.832,200
2020-10-30 09:38:40.350,4.832,100
2020-10-30 09:38:40.350,4.832,50000
2020-10-30 09:38:40.350,4.832,11200
2020-10-30 09:38:43.270,4.832,200
2020-10-30 09:38:44.040,4.832,59800
2020-10-30 09:38:44.960,4.833,200
2020-10-30 09:38:45.260,4.832,200
2020-10-30 09:38:45.260,4.832,1000
2020-10-30 09:38:45.260,4.832,5300
2020-10-30 09:38:45.600,4.832,1100
2020-10-30 09:38:47.060,4.833,1800
2020-10-30 09:38:47.060,4.833,1000
2020-10-30 09:38:47.060,4.833,200
2020-10-30 09:38:47.060,4.833,1000
2020-10-30 09:38:48.160,4.832,600
2020-10-30 09:38:48.220,4.832,600
2020-10-30 09:38:49.370,4.833,1000
2020-10-30 09:38:49.580,4.832,3500
2020-10-30 09:38:50.180,4.833,500
2020-10-30 09:38:50.300,4.833,4000
2020-10-30 09:38:52.180,4.834,1000
2020-10-30 09:38:52.180,4.834,500
2020-10-30 09:38:52.960,4.834,100
2020-10-30 09:38:53.140,4.833,900
2020-10-30 09:38:54.150,4.832,500
2020-10-30 09:38:54.150,4.832,1900
2020-10-30 09:38:55.950,4.833,1000
2020-10-30 09:38:57.890,4.832,100
2020-10-30 09:38:57.890,4.832,200
2020-10-30 09:38:58.180,4.832,4800
2020-10-30 09:38:58.180,4.832,2300
2020-10-30 09:38:58.180,4.832,100
2020-10-30 09:38:58.180,4.832,500
2020-10-30 09:38:58.180,4.832,2000
2020-10-30 09:38:58.180,4.832,500
2020-10-30 09:38:58.180,4.832,10300
2020-10-30 09:38:58.180,4.832,3000
2020-10-30 09:38:59.320,4.832,1000
2020-10-30 09:38:59.820,4.832,2000
2020-10-30 09:39:01.560,4.832,9800
2020-10-30 09:39:01.560,4.832,10000
2020-10-30 09:39:02.140,4.832,10000
2020-10-30 09:39:02.850,4.832,5000
2020-10-30 09:39:04.670,4.831,2500
2020-10-30 09:39:05.820,4.832,500
2020-10-30 09:39:05.880,4.832,1000
2020-10-30 09:39:06.630,4.831,74800
2020-10-30 09:39:06.630,4.831,1000
2020-10-30 09:39:06.630,4.831,100
2020-10-30 09:39:06.630,4.831,400
2020-10-30 09:39:06.630,4.831,300
2020-10-30 09:39:06.630,4.831,2300
2020-10-30 09:39:06.690,4.832,1000
2020-10-30 09:39:07.270,4.832,400
2020-10-30 09:39:07.630,4.832,10000
2020-10-30 09:39:07.750,4.832,10000
2020-10-30 09:39:09.570,4.832,5000
2020-10-30 09:39:09.750,4.832,10000
2020-10-30 09:39:12.330,4.832,2400
2020-10-30 09:39:12.450,4.832,2000
2020-10-30 09:39:13.530,4.831,700
2020-10-30 09:39:13.530,4.831,5000
2020-10-30 09:39:13.530,4.831,800
2020-10-30 09:39:13.530,4.831,3900
2020-10-30 09:39:13.530,4.831,5000
2020-10-30 09:39:13.530,4.831,164600
2020-10-30 09:39:13.600,4.832,11000
2020-10-30 09:39:13.770,4.832,3000
2020-10-30 09:39:13.830,4.832,4800
2020-10-30 09:39:14.720,4.832,12000
2020-10-30 09:39:14.720,4.831,600
2020-10-30 09:39:14.820,4.831,9300
2020-10-30 09:39:15.360,4.832,6400
2020-10-30 09:39:15.950,4.832,200
2020-10-30 09:39:16.530,4.831,500
2020-10-30 09:39:17.230,4.831,125000
2020-10-30 09:39:17.230,4.831,5000
2020-10-30 09:39:17.230,4.831,5000
2020-10-30 09:39:17.230,4.831,50000
2020-10-30 09:39:17.230,4.831,8500
2020-10-30 09:39:17.230,4.831,400
2020-10-30 09:39:17.740,4.831,5000
2020-10-30 09:39:18.680,4.831,400
2020-10-30 09:39:19.100,4.831,100700
2020-10-30 09:39:19.100,4.831,200
2020-10-30 09:39:22.360,4.831,300
2020-10-30 09:39:22.360,4.831,800
2020-10-30 09:39:22.650,4.831,900
2020-10-30 09:39:22.650,4.832,1000
2020-10-30 09:39:22.650,4.832,2500
2020-10-30 09:39:22.860,4.832,6000
2020-10-30 09:39:24.010,4.831,5000
2020-10-30 09:39:24.010,4.831,1000
2020-10-30 09:39:24.010,4.831,500
2020-10-30 09:39:24.410,4.832,10000
2020-10-30 09:39:24.950,4.832,281500
2020-10-30 09:39:24.950,4.832,10500
2020-10-30 09:39:24.950,4.832,21600
2020-10-30 09:39:24.950,4.832,800
2020-10-30 09:39:24.950,4.832,700
2020-10-30 09:39:25.460,4.832,10000
2020-10-30 09:39:26.630,4.832,200
2020-10-30 09:39:27.520,4.832,1400
2020-10-30 09:39:28.220,4.832,400
2020-10-30 09:39:30.690,4.832,1000
2020-10-30 09:39:30.690,4.832,100
2020-10-30 09:39:31.210,4.832,1200
2020-10-30 09:39:31.840,4.832,7700
2020-10-30 09:39:31.840,4.833,70000
2020-10-30 09:39:31.840,4.833,5400
2020-10-30 09:39:31.840,4.833,10000
2020-10-30 09:39:31.840,4.833,18000
2020-10-30 09:39:31.840,4.833,4300
2020-10-30 09:39:31.920,4.833,184600
2020-10-30 09:39:31.920,4.831,7700
2020-10-30 09:39:31.920,4.831,7700
2020-10-30 09:39:33.430,4.833,3000
2020-10-30 09:39:33.640,4.833,200
2020-10-30 09:39:36.390,4.832,100
2020-10-30 09:39:36.420,4.833,2000
2020-10-30 09:39:37.430,4.833,7200
2020-10-30 09:39:39.030,4.832,500
2020-10-30 09:39:39.690,4.832,1200
2020-10-30 09:39:39.690,4.832,2000
2020-10-30 09:39:39.690,4.832,100
2020-10-30 09:39:39.690,4.832,4400
2020-10-30 09:39:40.430,4.832,600
2020-10-30 09:39:40.430,4.832,2000
2020-10-30 09:39:40.430,4.832,7400
2020-10-30 09:39:41.040,4.833,1000
2020-10-30 09:39:41.320,4.833,5000
2020-10-30 09:39:43.330,4.833,10000
2020-10-30 09:39:44.350,4.833,4100
2020-10-30 09:39:44.350,4.832,9900
2020-10-30 09:39:44.350,4.832,1000
2020-10-30 09:39:44.350,4.832,200
2020-10-30 09:39:44.350,4.832,5000
2020-10-30 09:39:44.490,4.832,200
2020-10-30 09:39:45.370,4.831,6900
2020-10-30 09:39:45.820,4.832,2000
2020-10-30 09:39:46.150,4.832,5000
2020-10-30 09:39:47.320,4.832,5600
2020-10-30 09:39:47.320,4.833,700
2020-10-30 09:39:47.660,4.832,500
2020-10-30 09:39:48.550,4.832,200
2020-10-30 09:39:49.270,4.831,5000
2020-10-30 09:39:49.860,4.832,300
2020-10-30 09:39:49.860,4.832,800
2020-10-30 09:39:50.530,4.832,4200
2020-10-30 09:39:50.530,4.832,1300
2020-10-30 09:39:50.530,4.833,6500
2020-10-30 09:39:52.420,4.832,400
2020-10-30 09:39:53.330,4.833,1100
2020-10-30 09:39:56.170,4.832,200
2020-10-30 09:39:58.210,4.832,3400
2020-10-30 09:39:58.210,4.832,2500
2020-10-30 09:39:58.210,4.832,4200
2020-10-30 09:39:58.210,4.832,5400
2020-10-30 09:39:58.210,4.832,1000
2020-10-30 09:39:58.210,4.832,400
2020-10-30 09:39:58.370,4.832,3000
2020-10-30 09:39:58.770,4.832,3500
2020-10-30 09:40:00.180,4.832,300
2020-10-30 09:40:01.180,4.832,20000
2020-10-30 09:40:02.880,4.832,5000
2020-10-30 09:40:03.440,4.832,3000
2020-10-30 09:40:04.000,4.831,80400
2020-10-30 09:40:04.000,4.831,100
2020-10-30 09:40:04.000,4.831,8000
2020-10-30 09:40:04.000,4.831,5000
2020-10-30 09:40:04.000,4.831,53100
2020-10-30 09:40:05.140,4.832,3100
2020-10-30 09:40:05.480,4.831,100
2020-10-30 09:40:05.710,4.831,1000
2020-10-30 09:40:06.330,4.831,12000
2020-10-30 09:40:07.070,4.832,14900
2020-10-30 09:40:07.750,4.832,1000
2020-10-30 09:40:07.900,4.832,3000
2020-10-30 09:40:08.260,4.832,1000
2020-10-30 09:40:08.780,4.832,1700
2020-10-30 09:40:08.880,4.832,200
2020-10-30 09:40:09.420,4.832,1600
2020-10-30 09:40:09.420,4.832,100
2020-10-30 09:40:10.060,4.831,4000
2020-10-30 09:40:11.120,4.832,5000
2020-10-30 09:40:11.290,4.831,1000
2020-10-30 09:40:11.480,4.832,900
2020-10-30 09:40:14.220,4.832,100600
2020-10-30 09:40:15.060,4.832,21700
2020-10-30 09:40:15.420,4.832,10400
2020-10-30 09:40:16.220,4.833,12400
2020-10-30 09:40:16.220,4.833,1800
2020-10-30 09:40:16.220,4.833,5800
2020-10-30 09:40:16.380,4.832,10000
2020-10-30 09:40:16.530,4.832,1000
2020-10-30 09:40:18.360,4.833,4200
2020-10-30 09:40:18.360,4.833,4000
2020-10-30 09:40:18.360,4.833,9000
2020-10-30 09:40:18.360,4.833,2500
2020-10-30 09:40:18.360,4.833,20300
2020-10-30 09:40:18.560,4.833,500
2020-10-30 09:40:18.820,4.834,300000
2020-10-30 09:40:18.930,4.833,100
2020-10-30 09:40:19.200,4.833,2800
2020-10-30 09:40:19.980,4.833,5000
2020-10-30 09:40:20.390,4.834,28300
2020-10-30 09:40:21.030,4.834,231700
2020-10-30 09:40:21.030,4.834,500
2020-10-30 09:40:21.030,4.834,400
2020-10-30 09:40:21.030,4.834,300
2020-10-30 09:40:22.430,4.835,2500
2020-10-30 09:40:22.430,4.835,400
2020-10-30 09:40:22.430,4.835,100000
2020-10-30 09:40:22.430,4.835,10000
2020-10-30 09:40:22.430,4.835,200
2020-10-30 09:40:22.430,4.835,2300
2020-10-30 09:40:22.430,4.835,2000
2020-10-30 09:40:22.990,4.835,6800
2020-10-30 09:40:23.340,4.835,2000
2020-10-30 09:40:23.420,4.836,32300
2020-10-30 09:40:23.420,4.836,1500
2020-10-30 09:40:23.420,4.836,200
2020-10-30 09:40:23.420,4.836,10000
2020-10-30 09:40:27.240,4.835,2000
2020-10-30 09:40:27.420,4.835,4300
2020-10-30 09:40:30.910,4.837,1900
2020-10-30 09:40:30.910,4.837,25000
2020-10-30 09:40:30.910,4.837,10000
2020-10-30 09:40:30.910,4.837,4000
2020-10-30 09:40:31.930,4.838,5000
2020-10-30 09:40:31.930,4.838,300
2020-10-30 09:40:31.930,4.839,500
2020-10-30 09:40:31.930,4.839,30400
2020-10-30 09:40:31.930,4.839,113900
2020-10-30 09:40:32.230,4.837,1000
2020-10-30 09:40:33.660,4.837,5000
2020-10-30 09:40:35.650,4.837,100
2020-10-30 09:40:36.920,4.838,6400
2020-10-30 09:40:38.530,4.838,400
2020-10-30 09:40:38.770,4.837,1900
2020-10-30 09:40:38.770,4.837,100
2020-10-30 09:40:38.770,4.837,1000
2020-10-30 09:40:38.770,4.837,100
2020-10-30 09:40:38.770,4.837,1900
2020-10-30 09:40:39.560,4.837,600
2020-10-30 09:40:39.560,4.837,1500
2020-10-30 09:40:41.730,4.838,26000
2020-10-30 09:40:42.740,4.838,2200
2020-10-30 09:40:43.030,4.838,21800
2020-10-30 09:40:44.090,4.837,8500
2020-10-30 09:40:45.500,4.837,4000
2020-10-30 09:40:45.970,4.837,200
2020-10-30 09:40:45.970,4.837,42300
2020-10-30 09:40:48.880,4.836,100
2020-10-30 09:40:48.880,4.836,300
2020-10-30 09:40:49.640,4.837,200
2020-10-30 09:40:50.370,4.837,10000
2020-10-30 09:40:50.600,4.837,2200
2020-10-30 09:40:51.320,4.837,63700
2020-10-30 09:40:52.400,4.837,1000
2020-10-30 09:40:52.620,4.837,1000
2020-10-30 09:40:54.630,4.837,500
2020-10-30 09:40:56.090,4.837,2000
2020-10-30 09:40:56.160,4.837,1000
2020-10-30 09:40:56.650,4.837,10000
2020-10-30 09:40:57.230,4.836,1700
2020-10-30 09:40:57.230,4.836,100
2020-10-30 09:40:57.230,4.836,100000
2020-10-30 09:40:57.470,4.836,30000
2020-10-30 09:40:58.070,4.836,300
2020-10-30 09:40:58.580,4.836,100000
2020-10-30 09:40:58.760,4.836,5000
2020-10-30 09:41:00.520,4.836,500
2020-10-30 09:41:00.550,4.836,200
2020-10-30 09:41:01.290,4.836,2300
2020-10-30 09:41:01.290,4.837,17700
2020-10-30 09:41:01.290,4.837,5300
2020-10-30 09:41:01.470,4.837,500
2020-10-30 09:41:02.290,4.836,700
2020-10-30 09:41:02.470,4.836,29300
2020-10-30 09:41:02.470,4.836,52300
2020-10-30 09:41:02.800,4.836,500
2020-10-30 09:41:03.040,4.836,10000
2020-10-30 09:41:03.360,4.835,6000
2020-10-30 09:41:03.360,4.835,100
2020-10-30 09:41:03.360,4.835,10000
2020-10-30 09:41:04.020,4.835,3000
2020-10-30 09:41:04.500,4.836,4000
2020-10-30 09:41:04.560,4.836,2000
2020-10-30 09:41:05.360,4.834,1800
2020-10-30 09:41:05.520,4.835,10000
2020-10-30 09:41:06.570,4.835,1000
2020-10-30 09:41:06.850,4.835,10000
2020-10-30 09:41:07.700,4.835,1000
2020-10-30 09:41:07.790,4.835,5000
2020-10-30 09:41:07.880,4.835,100
2020-10-30 09:41:07.910,4.835,1000
2020-10-30 09:41:08.110,4.835,200
2020-10-30 09:41:08.180,4.835,200
2020-10-30 09:41:09.590,4.835,500
2020-10-30 09:41:09.740,4.835,100
2020-10-30 09:41:09.860,4.835,100
2020-10-30 09:41:10.290,4.835,2300
2020-10-30 09:41:12.770,4.834,5000
2020-10-30 09:41:14.520,4.834,4300
2020-10-30 09:41:15.500,4.834,100
2020-10-30 09:41:17.200,4.833,100
2020-10-30 09:41:17.200,4.833,5000
2020-10-30 09:41:17.200,4.833,100
2020-10-30 09:41:17.200,4.833,200
2020-10-30 09:41:17.200,4.833,1000
2020-10-30 09:41:17.200,4.833,1000
2020-10-30 09:41:17.200,4.833,200
2020-10-30 09:41:17.200,4.833,300
2020-10-30 09:41:17.200,4.833,2100
2020-10-30 09:41:17.200,4.833,7500
2020-10-30 09:41:18.320,4.833,2500
2020-10-30 09:41:18.800,4.833,300
2020-10-30 09:41:20.220,4.833,300
2020-10-30 09:41:23.810,4.832,100
2020-10-30 09:41:24.130,4.833,500
2020-10-30 09:41:24.280,4.833,4000
2020-10-30 09:41:25.040,4.833,1000
2020-10-30 09:41:25.740,4.833,200
2020-10-30 09:41:26.560,4.833,300
2020-10-30 09:41:27.000,4.833,500
2020-10-30 09:41:27.060,4.832,900
2020-10-30 09:41:27.060,4.832,100
2020-10-30 09:41:27.060,4.832,100
2020-10-30 09:41:27.060,4.832,3900
2020-10-30 09:41:28.570,4.833,5000
2020-10-30 09:41:28.690,4.833,100
2020-10-30 09:41:28.690,4.832,1100
2020-10-30 09:41:28.690,4.832,200
2020-10-30 09:41:28.690,4.832,200
2020-10-30 09:41:28.690,4.832,3000
2020-10-30 09:41:28.690,4.832,500
2020-10-30 09:41:29.580,4.833,100
2020-10-30 09:41:29.580,4.833,16300
2020-10-30 09:41:30.640,4.833,1000
2020-10-30 09:41:31.750,4.833,117000
2020-10-30 09:41:31.750,4.833,4700
2020-10-30 09:41:31.750,4.833,30000
2020-10-30 09:41:34.470,4.833,1000
2020-10-30 09:41:35.050,4.834,200
2020-10-30 09:41:36.290,4.833,2700
2020-10-30 09:41:38.130,4.833,500
2020-10-30 09:41:39.900,4.833,500
2020-10-30 09:41:43.010,4.833,400
2020-10-30 09:41:43.400,4.834,3000
2020-10-30 09:41:43.520,4.834,17000
2020-10-30 09:41:43.520,4.833,8000
2020-10-30 09:41:43.980,4.834,23600
2020-10-30 09:41:46.040,4.834,300
2020-10-30 09:41:48.140,4.834,1600
2020-10-30 09:41:48.380,4.834,5500
2020-10-30 09:41:48.380,4.834,500
2020-10-30 09:41:48.380,4.834,1800
2020-10-30 09:41:49.380,4.835,3000
2020-10-30 09:41:49.380,4.835,4000
2020-10-30 09:41:50.030,4.834,205400
2020-10-30 09:41:50.030,4.834,200
2020-10-30 09:41:50.030,4.834,1000
2020-10-30 09:41:50.030,4.834,400
2020-10-30 09:41:50.270,4.834,93000
2020-10-30 09:41:50.500,4.835,500
2020-10-30 09:41:50.920,4.834,207000
2020-10-30 09:41:51.160,4.834,100
2020-10-30 09:41:51.550,4.834,1000
2020-10-30 09:41:51.640,4.833,18300
2020-10-30 09:41:51.670,4.833,1000
2020-10-30 09:41:53.000,4.834,1000
2020-10-30 09:41:56.760,4.834,100
2020-10-30 09:41:58.670,4.834,100
2020-10-30 09:41:58.960,4.833,1000
2020-10-30 09:41:59.250,4.834,100
2020-10-30 09:41:59.380,4.833,3000
2020-10-30 09:41:59.430,4.833,271500
2020-10-30 09:42:00.470,4.833,1100
2020-10-30 09:42:00.840,4.833,2000
2020-10-30 09:42:00.960,4.833,129700
2020-10-30 09:42:00.960,4.833,4800
2020-10-30 09:42:00.960,4.833,1000
2020-10-30 09:42:00.960,4.833,5200
2020-10-30 09:42:00.960,4.833,10000
2020-10-30 09:42:00.960,4.833,200
2020-10-30 09:42:00.960,4.833,100
2020-10-30 09:42:00.960,4.833,4500
2020-10-30 09:42:00.960,4.833,1000
2020-10-30 09:42:00.960,4.833,600
2020-10-30 09:42:00.960,4.833,1000
2020-10-30 09:42:00.960,4.833,200
2020-10-30 09:42:00.960,4.833,300
2020-10-30 09:42:00.960,4.833,500
2020-10-30 09:42:00.960,4.833,300
2020-10-30 09:42:00.960,4.833,1000
2020-10-30 09:42:02.070,4.833,5400
2020-10-30 09:42:03.110,4.832,800
2020-10-30 09:42:03.110,4.832,1000
2020-10-30 09:42:03.110,4.832,1000
2020-10-30 09:42:03.110,4.832,20000
2020-10-30 09:42:03.110,4.832,20000
2020-10-30 09:42:03.110,4.832,100
2020-10-30 09:42:03.110,4.832,16000
2020-10-30 09:42:03.110,4.832,10000
2020-10-30 09:42:03.110,4.832,500
2020-10-30 09:42:03.110,4.832,10000
2020-10-30 09:42:03.110,4.832,1700
2020-10-30 09:42:03.110,4.832,136000
2020-10-30 09:42:03.110,4.832,82900
2020-10-30 09:42:03.250,4.833,3000
2020-10-30 09:42:03.590,4.833,3000
2020-10-30 09:42:03.950,4.832,132900
2020-10-30 09:42:04.390,4.833,4000
2020-10-30 09:42:04.640,4.833,1400
2020-10-30 09:42:05.360,4.832,128500
2020-10-30 09:42:05.360,4.832,10000
2020-10-30 09:42:05.360,4.831,23900
2020-10-30 09:42:06.140,4.832,800
2020-10-30 09:42:06.930,4.832,100
2020-10-30 09:42:08.380,4.831,20000
2020-10-30 09:42:08.720,4.831,20000
2020-10-30 09:42:08.820,4.832,200
2020-10-30 09:42:09.050,4.832,5000
2020-10-30 09:42:11.310,4.832,10000
2020-10-30 09:42:11.980,4.831,4000
2020-10-30 09:42:12.570,4.831,300
2020-10-30 09:42:13.710,4.832,400
2020-10-30 09:42:13.770,4.832,100
2020-10-30 09:42:13.770,4.831,20200
2020-10-30 09:42:14.510,4.832,100
2020-10-30 09:42:15.180,4.832,300
2020-10-30 09:42:15.790,4.831,88600
2020-10-30 09:42:15.790,4.831,500
2020-10-30 09:42:15.790,4.831,1000
2020-10-30 09:42:15.790,4.831,800
2020-10-30 09:42:15.790,4.831,1000
2020-10-30 09:42:15.790,4.831,1000
2020-10-30 09:42:15.790,4.831,100
2020-10-30 09:42:15.790,4.831,1000
2020-10-30 09:42:15.790,4.831,1000
2020-10-30 09:42:15.790,4.831,2000
2020-10-30 09:42:15.790,4.831,3000
2020-10-30 09:42:15.790,4.831,7000
2020-10-30 09:42:15.790,4.831,1000
2020-10-30 09:42:15.790,4.831,500
2020-10-30 09:42:15.790,4.831,100
2020-10-30 09:42:16.140,4.831,12000
2020-10-30 09:42:17.030,4.831,2000
2020-10-30 09:42:17.980,4.831,3800
2020-10-30 09:42:18.580,4.83,7000
2020-10-30 09:42:18.580,4.83,100
2020-10-30 09:42:18.580,4.83,4900
2020-10-30 09:42:19.330,4.831,300
