ExChangeId,ChannelNo,SeqNo,SecurityID,Trade2_Order1,TradeDate,UpdateTime,Price,Volume,TrdMoney,OrdSide,OrdType,TrdBSFlag,TrdBuyNo,TrdSellNo
1,1,43654,510360,2,20201030,93008100,1.610000,200000,322000.000000,-,-,S,204934,225799
1,1,43960,510360,2,20201030,93008430,1.610000,200000,322000.000000,-,-,B,226532,225799
1,1,46168,510360,2,20201030,93011100,1.610000,100,161.000000,-,-,S,228534,231039
1,1,53010,510360,2,20201030,93020960,1.609000,6500,10458.500000,-,-,S,192876,243921
1,1,121977,510360,2,20201030,93205570,1.609000,50000,80450.000000,-,-,S,310359,363875
1,1,123776,510360,2,20201030,93208560,1.608000,500,804.000000,-,-,S,271173,367151
1,1,123777,510360,2,20201030,93208560,1.608000,200000,321600.000000,-,-,S,302482,367151
1,1,123965,510360,2,20201030,93208920,1.608000,200000,321600.000000,-,-,B,367530,367151
1,1,130312,510360,2,20201030,93219670,1.609000,10000,16090.000000,-,-,B,378710,371936
1,1,130313,510360,2,20201030,93219670,1.609000,80000,128720.000000,-,-,B,378710,376157
1,1,138739,510360,2,20201030,93234030,1.610000,5300,8533.000000,-,-,B,393180,369305
1,1,172788,510360,2,20201030,93332540,1.609000,39000,62751.000000,-,-,B,451299,432895
1,1,173502,510360,2,20201030,93333620,1.611000,4900,7893.900000,-,-,B,452671,321236
1,1,173746,510360,2,20201030,93334120,1.611000,4800,7732.800000,-,-,B,453093,321236
1,1,182790,510360,2,20201030,93351040,1.610000,4400,7084.000000,-,-,B,469186,462043
1,1,182861,510360,2,20201030,93351130,1.610000,4400,7084.000000,-,-,B,469294,462043
1,1,183379,510360,2,20201030,93352450,1.610000,4500,7245.000000,-,-,B,470361,462043
1,1,183387,510360,2,20201030,93352480,1.610000,4500,7245.000000,-,-,B,470401,462043
1,1,189648,510360,2,20201030,93404210,1.610000,700,1127.000000,-,-,B,482159,462043
1,1,210922,510360,2,20201030,93443290,1.609000,300,482.700000,-,-,S,451590,520304
1,1,215862,510360,2,20201030,93454420,1.609000,600,965.400000,-,-,B,530137,520304
1,1,225734,510360,2,20201030,93511880,1.609000,60000,96540.000000,-,-,B,546043,544290
1,1,235032,510360,2,20201030,93530490,1.608000,1000,1608.000000,-,-,B,562409,547124
1,1,248345,510360,2,20201030,93556670,1.607000,20000,32140.000000,-,-,B,585355,585267
1,1,257924,510360,2,20201030,93612590,1.606000,300,481.800000,-,-,S,557814,600816
1,1,261156,510360,2,20201030,93617460,1.606000,1200,1927.200000,-,-,B,605861,603170
1,1,267574,510360,2,20201030,93627790,1.605000,500,802.500000,-,-,S,340323,615387
1,1,267575,510360,2,20201030,93627790,1.605000,300,481.500000,-,-,S,455806,615387
1,1,267576,510360,2,20201030,93627790,1.605000,6400,10272.000000,-,-,S,611648,615387
1,1,268400,510360,2,20201030,93629650,1.606000,3300,5299.800000,-,-,B,616942,603170
1,1,274641,510360,2,20201030,93643010,1.606000,6700,10760.200000,-,-,S,616942,628347
1,1,276544,510360,2,20201030,93647330,1.606000,10000,16060.000000,-,-,B,631827,628347
1,1,288222,510360,2,20201030,93712940,1.605000,3600,5778.000000,-,-,S,611648,652545
1,1,288223,510360,2,20201030,93712940,1.605000,10000,16050.000000,-,-,S,635819,652545
1,1,299361,510360,2,20201030,93737060,1.605000,42700,68533.500000,-,-,B,672124,652545
1,1,376593,510360,2,20201030,94027990,1.608000,42100,67696.800000,-,-,B,804514,790755
1,1,388128,510360,2,20201030,94047900,1.610000,20000,32200.000000,-,-,B,822543,818659
1,1,388644,510360,2,20201030,94049030,1.609000,200000,321800.000000,-,-,B,823430,822661
1,1,390100,510360,2,20201030,94052130,1.609000,200000,321800.000000,-,-,S,823674,825828
1,1,390256,510360,2,20201030,94052550,1.609000,200000,321800.000000,-,-,B,826124,825828
1,1,391027,510360,2,20201030,94054030,1.609000,139700,224777.300000,-,-,B,827428,825828
1,1,391619,510360,2,20201030,94055540,1.609000,60300,97022.700000,-,-,S,827428,828414
1,1,391620,510360,2,20201030,94055540,1.609000,139700,224777.300000,-,-,S,827761,828414
1,1,391859,510360,2,20201030,94056050,1.609000,60300,97022.700000,-,-,B,828885,828414
1,1,392592,510360,2,20201030,94057550,1.609000,200000,321800.000000,-,-,S,829508,829910
1,1,402430,510360,2,20201030,94116800,1.609000,24400,39259.600000,-,-,B,846795,833486
1,1,403562,510360,2,20201030,94118570,1.608000,157900,253903.200000,-,-,S,804514,848556
1,1,403563,510360,2,20201030,94118570,1.608000,42100,67696.800000,-,-,S,804750,848556
1,1,421312,510360,2,20201030,94203100,1.607000,6000,9642.000000,-,-,S,786709,879736
1,1,424867,510360,2,20201030,94209430,1.607000,3000,4821.000000,-,-,B,885422,884698
1,1,444837,510360,2,20201030,94301540,1.606000,200,321.200000,-,-,S,874355,919746
1,1,480937,510360,2,20201030,94442880,1.605000,500,802.500000,-,-,S,791011,982096
1,1,480938,510360,2,20201030,94442880,1.605000,30000,48150.000000,-,-,S,894557,982096
1,1,492307,510360,2,20201030,94510130,1.605000,29600,47508.000000,-,-,B,1000944,982096
1,1,499383,510360,2,20201030,94524030,1.605000,56600,90843.000000,-,-,B,1012189,1003426
1,1,547067,510360,2,20201030,94749110,1.607000,32400,52066.800000,-,-,B,1098833,1097118
1,1,554683,510360,2,20201030,94816150,1.608000,3000,4824.000000,-,-,B,1113319,1094332
1,1,577150,510360,2,20201030,94937370,1.607000,100,160.700000,-,-,B,1154097,1148167
1,1,618775,510360,2,20201030,95141320,1.606000,200,321.200000,-,-,S,1145945,1222790
1,1,648263,510360,2,20201030,95329660,1.607000,16300,26194.100000,-,-,B,1273911,1148167
1,1,648264,510360,2,20201030,95329660,1.607000,118800,190911.600000,-,-,B,1273911,1161959
1,1,648265,510360,2,20201030,95329660,1.607000,59100,94973.700000,-,-,B,1273911,1265918
1,1,665032,510360,2,20201030,95429580,1.608000,10000,16080.000000,-,-,B,1303499,1094332
1,1,693528,510360,2,20201030,95604580,1.608000,505500,812844.000000,-,-,B,1353567,1094332
1,1,755839,510360,2,20201030,100002110,1.606000,4800,7708.800000,-,-,S,1145945,1458783
1,1,755840,510360,2,20201030,100002110,1.606000,2000,3212.000000,-,-,S,1175925,1458783
1,1,788369,510360,2,20201030,100140500,1.608000,5000,8040.000000,-,-,B,1512646,1496227
1,1,820356,510360,2,20201030,100348920,1.608000,10000,16080.000000,-,-,B,1565345,1563714
1,1,824663,510360,2,20201030,100408630,1.607000,184300,296170.100000,-,-,S,1488452,1573127
1,1,825297,510360,2,20201030,100410630,1.607000,15700,25229.900000,-,-,S,1488452,1574147
1,1,825298,510360,2,20201030,100410630,1.607000,184300,296170.100000,-,-,S,1573257,1574147
1,1,825423,510360,2,20201030,100411050,1.607000,200000,321400.000000,-,-,B,1574336,1574147
1,1,845767,510360,2,20201030,100527810,1.606000,500,803.000000,-,-,S,1604442,1607304
1,1,881594,510360,2,20201030,100756030,1.608000,1200,1929.600000,-,-,B,1666378,1665816
1,1,887755,510360,2,20201030,100820100,1.607000,200000,321400.000000,-,-,S,1643840,1675932
1,1,887873,510360,2,20201030,100820430,1.607000,200000,321400.000000,-,-,B,1676143,1675932
1,1,888990,510360,2,20201030,100824590,1.607000,200000,321400.000000,-,-,S,1677391,1677988
1,1,905864,510360,2,20201030,100924920,1.607000,100,160.700000,-,-,B,1704519,1704411
1,1,963628,510360,2,20201030,101259060,1.606000,1500,2409.000000,-,-,S,1604442,1798990
1,1,963629,510360,2,20201030,101259060,1.606000,600,963.600000,-,-,S,1654908,1798990
1,1,963630,510360,2,20201030,101259060,1.606000,5000,8030.000000,-,-,S,1722198,1798990
1,1,1038412,510360,2,20201030,101819070,1.605000,200000,321000.000000,-,-,S,1680164,1920285
1,1,1038413,510360,2,20201030,101819070,1.605000,5000,8025.000000,-,-,S,1825623,1920285
1,1,1038414,510360,2,20201030,101819070,1.605000,6000,9630.000000,-,-,S,1873565,1920285
1,1,1039226,510360,2,20201030,101821190,1.605000,200000,321000.000000,-,-,B,1921395,1920285
1,1,1039406,510360,2,20201030,101821670,1.605000,200000,321000.000000,-,-,B,1921667,1920285
1,1,1048835,510360,2,20201030,101846570,1.604000,10000,16040.000000,-,-,S,615833,1933712
1,1,1048836,510360,2,20201030,101846570,1.604000,30000,48120.000000,-,-,S,709913,1933712
1,1,1048837,510360,2,20201030,101846570,1.604000,200000,320800.000000,-,-,S,1910379,1933712
1,1,1181532,510360,2,20201030,102924600,1.605000,1000,1605.000000,-,-,S,2142364,2155153
1,1,1207410,510360,2,20201030,103103670,1.604000,1000,1604.000000,-,-,S,2163827,2193345
1,1,1262539,510360,2,20201030,103527600,1.605000,3000,4815.000000,-,-,B,2280693,2158801
1,1,1262540,510360,2,20201030,103527600,1.605000,53200,85386.000000,-,-,B,2280693,2275270
1,1,1324578,510360,2,20201030,104104880,1.608000,1000,1608.000000,-,-,B,2384446,2104308
1,1,1326824,510360,2,20201030,104115660,1.608000,100,160.800000,-,-,B,2388008,2104308
1,1,1382088,510360,2,20201030,104632090,1.608000,1900,3055.200000,-,-,B,2479271,2104308
1,1,1388044,510360,2,20201030,104707530,1.609000,3000,4827.000000,-,-,B,2489109,2108979
1,1,1388045,510360,2,20201030,104707530,1.609000,700,1126.300000,-,-,B,2489109,2407970
1,1,1416111,510360,2,20201030,104935650,1.609000,100,160.900000,-,-,B,2532330,2407970
1,1,1434824,510360,2,20201030,105105710,1.610000,100,161.000000,-,-,B,2562784,1368909
1,1,1434825,510360,2,20201030,105105710,1.610000,9900,15939.000000,-,-,B,2562784,1400859
1,1,1474217,510360,2,20201030,105451950,1.608000,3000,4824.000000,-,-,B,2628373,2621871
1,1,1556072,510360,2,20201030,110241630,1.604000,300,481.200000,-,-,S,2300061,2759460
1,1,1556073,510360,2,20201030,110241630,1.604000,1000,1604.000000,-,-,S,2451902,2759460
1,1,1557726,510360,2,20201030,110247710,1.603000,10000,16030.000000,-,-,S,620275,2761826
1,1,1557727,510360,2,20201030,110247710,1.603000,100,160.300000,-,-,S,1824926,2761826
1,1,1557728,510360,2,20201030,110247710,1.603000,5000,8015.000000,-,-,S,2018830,2761826
1,1,1557729,510360,2,20201030,110247710,1.603000,1000,1603.000000,-,-,S,2211043,2761826
1,1,1626420,510360,2,20201030,110904130,1.603000,100,160.300000,-,-,S,2762716,2867248
1,1,1638889,510360,2,20201030,111007560,1.602000,100,160.200000,-,-,S,190925,2884982
1,1,1638890,510360,2,20201030,111007560,1.602000,300,480.600000,-,-,S,349613,2884982
1,1,1676091,510360,2,20201030,111358570,1.605000,37600,60348.000000,-,-,S,2945099,2947625
1,1,1676773,510360,2,20201030,111403200,1.605000,62400,100152.000000,-,-,S,2945099,2948776
1,1,1722666,510360,2,20201030,112006700,1.606000,46800,75160.800000,-,-,B,3026416,3020582
1,1,1727321,510360,2,20201030,112020210,1.606000,41500,66649.000000,-,-,B,3033975,3032006
1,1,1727977,510360,2,20201030,112021900,1.606000,3700,5942.200000,-,-,S,3033975,3034863
1,1,1747363,510360,2,20201030,112216860,1.607000,300,482.100000,-,-,B,3065741,3064399
1,1,1759980,510360,2,20201030,112401800,1.605000,5000,8025.000000,-,-,S,3035228,3087729
1,1,1759981,510360,2,20201030,112401800,1.605000,3100,4975.500000,-,-,S,3037136,3087729
1,1,1763351,510360,2,20201030,112431640,1.605000,10500,16852.500000,-,-,S,3037136,3093440
1,1,1766628,510360,2,20201030,112501570,1.604000,7100,11388.400000,-,-,S,2918516,3099112
1,1,1768166,510360,2,20201030,112513630,1.607000,8000,12856.000000,-,-,B,3101526,3077507
1,1,1770286,510360,2,20201030,112531550,1.604000,9900,15879.600000,-,-,S,2918516,3104820
1,1,1775259,510360,2,20201030,112557220,1.604000,83000,133132.000000,-,-,S,2918516,3112010
1,1,1780315,510360,2,20201030,112631310,1.603000,6900,11060.700000,-,-,S,3100193,3119787
1,1,1781927,510360,2,20201030,112641960,1.603000,200,320.600000,-,-,S,3100193,3122010
1,1,1784649,510360,2,20201030,112701510,1.603000,10500,16831.500000,-,-,S,3100193,3125861
1,1,1788912,510360,2,20201030,112731180,1.603000,7200,11541.600000,-,-,S,3100193,3132161
1,1,1791526,510360,2,20201030,112749480,1.606000,500,803.000000,-,-,B,3135743,3125926
1,1,1793193,510360,2,20201030,112801190,1.603000,9500,15228.500000,-,-,S,3100193,3137942
1,1,1797423,510360,2,20201030,112832100,1.604000,9600,15398.400000,-,-,S,3140280,3144508
1,1,1801290,510360,2,20201030,112902060,1.604000,8200,13152.800000,-,-,S,3147559,3149787
1,1,1804540,510360,2,20201030,112924490,1.606000,100,160.600000,-,-,B,3154306,3152716
1,1,1805481,510360,2,20201030,112931900,1.605000,8600,13803.000000,-,-,S,3150706,3155749
1,1,1808879,510360,2,20201030,130000080,1.603000,9800,15709.400000,-,-,S,3100193,3160605
1,1,1824291,510360,2,20201030,130006580,1.606000,100,160.600000,-,-,S,3185845,3200238
1,1,1828426,510360,2,20201030,130018060,1.606000,200,321.200000,-,-,S,3185845,3207968
1,1,1830974,510360,2,20201030,130027140,1.606000,100,160.600000,-,-,S,3185845,3211131
1,1,1830975,510360,2,20201030,130027140,1.606000,1700,2730.200000,-,-,S,3200300,3211131
1,1,1832552,510360,2,20201030,130033790,1.604000,8500,13634.000000,-,-,B,3213467,3213025
1,1,1837714,510360,2,20201030,130102690,1.604000,8600,13794.400000,-,-,S,3220959,3221494
1,1,1842777,510360,2,20201030,130132730,1.604000,7400,11869.600000,-,-,S,3223662,3229642
1,1,1847942,510360,2,20201030,130202610,1.605000,10500,16852.500000,-,-,S,3237186,3237417
1,1,1852725,510360,2,20201030,130232440,1.605000,9700,15568.500000,-,-,S,3241475,3245482
1,1,1857430,510360,2,20201030,130302310,1.605000,7500,12037.500000,-,-,S,3250433,3253236
1,1,1862067,510360,2,20201030,130332470,1.605000,8100,13000.500000,-,-,S,3250433,3260805
1,1,1866633,510360,2,20201030,130403310,1.605000,8800,14124.000000,-,-,S,3250433,3268167
1,1,1871437,510360,2,20201030,130433370,1.605000,9900,15889.500000,-,-,S,3250433,3276574
1,1,1875884,510360,2,20201030,130503200,1.605000,6400,10272.000000,-,-,S,3250433,3284259
1,1,1881674,510360,2,20201030,130533240,1.606000,7000,11242.000000,-,-,S,3287337,3293383
1,1,1882100,510360,2,20201030,130535750,1.607000,7900,12695.300000,-,-,B,3294084,3271353
1,1,1882101,510360,2,20201030,130535750,1.607000,9900,15909.300000,-,-,B,3294084,3278033
1,1,1882102,510360,2,20201030,130535750,1.607000,32300,51906.100000,-,-,B,3294084,3285809
1,1,1887171,510360,2,20201030,130603070,1.607000,100,160.700000,-,-,S,3294565,3301690
1,1,1893031,510360,2,20201030,130633100,1.606000,7400,11884.400000,-,-,S,3291500,3310638
1,1,1897789,510360,2,20201030,130702950,1.606000,7100,11402.600000,-,-,S,3291500,3318755
1,1,1901789,510360,2,20201030,130733130,1.606000,9000,14454.000000,-,-,S,3291500,3325902
1,1,1905611,510360,2,20201030,130802780,1.606000,8700,13972.200000,-,-,S,3291500,3332753
1,1,1909804,510360,2,20201030,130832800,1.606000,8600,13811.600000,-,-,S,3291500,3339868
1,1,1915070,510360,2,20201030,130902610,1.606000,9900,15899.400000,-,-,S,3291500,3347646
1,1,1919630,510360,2,20201030,130932700,1.606000,7300,11723.800000,-,-,S,3291500,3355628
1,1,1924880,510360,2,20201030,131002490,1.606000,7200,11563.200000,-,-,S,3291500,3363765
1,1,1932410,510360,2,20201030,131032490,1.607000,9600,15427.200000,-,-,S,3369338,3375510
1,1,1939195,510360,2,20201030,131103490,1.607000,6500,10445.500000,-,-,S,3384686,3385493
1,1,1946092,510360,2,20201030,131137130,1.607000,9700,15587.900000,-,-,B,3395658,3394516
1,1,1951657,510360,2,20201030,131203260,1.607000,8700,13980.900000,-,-,S,3402891,3403592
1,1,1958039,510360,2,20201030,131226230,1.607000,500,803.500000,-,-,S,3405067,3413393
1,1,1959801,510360,2,20201030,131233310,1.607000,8900,14302.300000,-,-,S,3405067,3416076
1,1,1960517,510360,2,20201030,131236970,1.607000,400,642.800000,-,-,S,3405067,3417334
1,1,1960611,510360,2,20201030,131237490,1.607000,400,642.800000,-,-,S,3405067,3417500
1,1,1960716,510360,2,20201030,131237920,1.607000,2700,4338.900000,-,-,S,3405067,3417630
1,1,1960731,510360,2,20201030,131237950,1.607000,2700,4338.900000,-,-,S,3405067,3417648
1,1,1960734,510360,2,20201030,131238010,1.607000,400,642.800000,-,-,S,3405067,3417662
1,1,1960799,510360,2,20201030,131238490,1.607000,400,642.800000,-,-,S,3405067,3417798
1,1,1960915,510360,2,20201030,131239010,1.607000,400,642.800000,-,-,S,3405067,3417993
1,1,1960967,510360,2,20201030,131239200,1.607000,2700,4338.900000,-,-,S,3405067,3418079
1,1,1960985,510360,2,20201030,131239260,1.607000,2700,4338.900000,-,-,S,3405067,3418112
1,1,1961034,510360,2,20201030,131239510,1.607000,400,642.800000,-,-,S,3405067,3418189
1,1,1961037,510360,2,20201030,131239510,1.607000,2100,3374.700000,-,-,S,3405067,3418196
1,1,1961119,510360,2,20201030,131239900,1.607000,1400,2249.800000,-,-,S,3405067,3418331
1,1,1961163,510360,2,20201030,131240140,1.607000,2700,4338.900000,-,-,S,3405067,3418395
1,1,1961182,510360,2,20201030,131240260,1.607000,1400,2249.800000,-,-,S,3405067,3418420
1,1,1961289,510360,2,20201030,131240600,1.607000,1100,1767.700000,-,-,S,3405067,3418540
1,1,1961290,510360,2,20201030,131240600,1.605000,300,481.500000,-,-,S,3404789,3418540
1,1,1961349,510360,2,20201030,131240980,1.605000,800,1284.000000,-,-,S,3404789,3418664
1,1,1961481,510360,2,20201030,131241610,1.605000,800,1284.000000,-,-,S,3404789,3418885
1,1,1961592,510360,2,20201030,131242010,1.605000,600,963.000000,-,-,S,3404789,3419061
1,1,1965228,510360,2,20201030,131303080,1.604000,1300,2085.200000,-,-,S,3239451,3425685
1,1,1965229,510360,2,20201030,131303080,1.604000,8200,13152.800000,-,-,S,3411372,3425685
1,1,1970439,510360,2,20201030,131333090,1.605000,9000,14445.000000,-,-,S,3429512,3435025
1,1,1975155,510360,2,20201030,131402940,1.605000,1000,1605.000000,-,-,S,3429512,3443061
1,1,1982108,510360,2,20201030,131445770,1.604000,6300,10105.200000,-,-,B,3454822,3451375
1,1,1984755,510360,2,20201030,131502820,1.604000,9800,15719.200000,-,-,S,3455913,3459527
1,1,1989470,510360,2,20201030,131530770,1.607000,600,964.200000,-,-,B,3467143,3463498
1,1,1989741,510360,2,20201030,131532800,1.604000,8500,13634.000000,-,-,S,3463252,3467675
1,1,1995433,510360,2,20201030,131602740,1.604000,2000,3208.000000,-,-,S,3471153,3476465
1,1,2000922,510360,2,20201030,131631500,1.604000,100,160.400000,-,-,B,3484870,3476465
1,1,2001126,510360,2,20201030,131632650,1.603000,7300,11701.900000,-,-,S,3424829,3485188
1,1,2008119,510360,2,20201030,131703510,1.603000,9800,15709.400000,-,-,S,3424829,3494226
1,1,2014428,510360,2,20201030,131733630,1.603000,7900,12663.700000,-,-,S,3424829,3503200
1,1,2014617,510360,2,20201030,131734880,1.603000,12400,19877.200000,-,-,S,3424829,3503530
1,1,2016846,510360,2,20201030,131747830,1.606000,200,321.200000,-,-,S,3506649,3507280
1,1,2019567,510360,2,20201030,131803400,1.603000,8200,13144.600000,-,-,S,3424829,3511757
1,1,2025205,510360,2,20201030,131833460,1.603000,7000,11221.000000,-,-,S,3424829,3521093
1,1,2035352,510360,2,20201030,131933260,1.602000,200,320.400000,-,-,S,349613,3537844
1,1,2035353,510360,2,20201030,131933260,1.602000,7100,11374.200000,-,-,S,657050,3537844
1,1,2040886,510360,2,20201030,132003150,1.602000,2900,4645.800000,-,-,S,657050,3546249
1,1,2040887,510360,2,20201030,132003150,1.602000,100,160.200000,-,-,S,3165060,3546249
1,1,2040888,510360,2,20201030,132003150,1.602000,6200,9932.400000,-,-,S,3265475,3546249
1,1,2048465,510360,2,20201030,132033120,1.603000,7700,12343.100000,-,-,S,3558074,3558765
1,1,2054532,510360,2,20201030,132103050,1.602000,3800,6087.600000,-,-,S,3265475,3567760
1,1,2054533,510360,2,20201030,132103050,1.602000,6200,9932.400000,-,-,S,3469712,3567760
1,1,2061749,510360,2,20201030,132133010,1.602000,8100,12976.200000,-,-,S,3469712,3579161
1,1,2062995,510360,2,20201030,132138730,1.605000,200,321.000000,-,-,B,3581160,3572864
1,1,2068087,510360,2,20201030,132202900,1.602000,200,320.400000,-,-,S,3580004,3589303
1,1,2068088,510360,2,20201030,132202900,1.602000,6500,10413.000000,-,-,S,3584735,3589303
1,1,2073147,510360,2,20201030,132232840,1.602000,7300,11694.600000,-,-,S,3584735,3598518
1,1,2078353,510360,2,20201030,132303690,1.602000,10300,16500.600000,-,-,S,3584735,3607422
1,1,2082024,510360,2,20201030,132324820,1.604000,300,481.200000,-,-,B,3613666,3611859
1,1,2083498,510360,2,20201030,132333690,1.602000,10300,16500.600000,-,-,S,3584735,3615946
1,1,2088421,510360,2,20201030,132403480,1.602000,9200,14738.400000,-,-,S,3584735,3623924
1,1,2094293,510360,2,20201030,132433650,1.602000,6400,10252.800000,-,-,S,3584735,3633438
1,1,2099975,510360,2,20201030,132503470,1.601000,7800,12487.800000,-,-,S,2762213,3642172
1,1,2100734,510360,2,20201030,132507500,1.603000,1200,1923.600000,-,-,B,3643517,3637519
1,1,2106653,510360,2,20201030,132533540,1.601000,2200,3522.200000,-,-,S,2762213,3652389
1,1,2106654,510360,2,20201030,132533540,1.601000,4000,6404.000000,-,-,S,3573409,3652389
1,1,2106655,510360,2,20201030,132533540,1.601000,1200,1921.200000,-,-,S,3637180,3652389
1,1,2106690,510360,2,20201030,132533660,1.601000,1000,1601.000000,-,-,S,3637180,3652454
1,1,2106691,510360,2,20201030,132533660,1.601000,2000,3202.000000,-,-,S,3637180,3652455
1,1,2111904,510360,2,20201030,132557150,1.601000,500,800.500000,-,-,S,3637180,3660129
1,1,2112033,510360,2,20201030,132557660,1.601000,500,800.500000,-,-,S,3637180,3660330
1,1,2112112,510360,2,20201030,132558170,1.601000,500,800.500000,-,-,S,3637180,3660500
1,1,2112295,510360,2,20201030,132559130,1.601000,600,960.600000,-,-,S,3637180,3660731
1,1,2113024,510360,2,20201030,132603430,1.601000,3700,5923.700000,-,-,S,3637180,3661992
1,1,2120068,510360,2,20201030,132633410,1.600000,900,1440.000000,-,-,S,45688,3672055
1,1,2120069,510360,2,20201030,132633410,1.600000,5700,9120.000000,-,-,S,64610,3672055
1,1,2125941,510360,2,20201030,132703580,1.600000,4300,6880.000000,-,-,S,64610,3681244
1,1,2125942,510360,2,20201030,132703580,1.600000,100,160.000000,-,-,S,113542,3681244
1,1,2125943,510360,2,20201030,132703580,1.600000,300,480.000000,-,-,S,457978,3681244
1,1,2125944,510360,2,20201030,132703580,1.600000,100,160.000000,-,-,S,973687,3681244
1,1,2125945,510360,2,20201030,132703580,1.600000,300,480.000000,-,-,S,2691716,3681244
1,1,2125946,510360,2,20201030,132703580,1.600000,100,160.000000,-,-,S,3192081,3681244
1,1,2125947,510360,2,20201030,132703580,1.600000,200,320.000000,-,-,S,3643301,3681244
1,1,2131371,510360,2,20201030,132733340,1.599000,500,799.500000,-,-,S,807525,3689711
1,1,2131372,510360,2,20201030,132733340,1.599000,100,159.900000,-,-,S,3527594,3689711
1,1,2131373,510360,2,20201030,132733340,1.599000,1000,1599.000000,-,-,S,3687807,3689711
1,1,2137041,510360,2,20201030,132803340,1.598000,2000,3196.000000,-,-,S,3192204,3698162
1,1,2139051,510360,2,20201030,132811760,1.598000,6300,10067.400000,-,-,B,3700613,3698162
1,1,2143167,510360,2,20201030,132833210,1.597000,6700,10699.900000,-,-,S,3660093,3706546
1,1,2148868,510360,2,20201030,132903120,1.597000,9600,15331.200000,-,-,S,3703244,3715115
1,1,2155462,510360,2,20201030,132933130,1.597000,9400,15011.800000,-,-,S,3714521,3724298
1,1,2160494,510360,2,20201030,132959350,1.600000,600,960.000000,-,-,B,3732070,3728522
1,1,2161563,510360,2,20201030,133003060,1.598000,3000,4794.000000,-,-,S,3731608,3733551
1,1,2161564,510360,2,20201030,133003060,1.597000,6900,11019.300000,-,-,S,3714521,3733551
1,1,2172307,510360,2,20201030,133033940,1.598000,7600,12144.800000,-,-,S,3745471,3749600
1,1,2178934,510360,2,20201030,133100290,1.600000,2000,3200.000000,-,-,B,3760018,3755468
1,1,2179774,510360,2,20201030,133103970,1.598000,6700,10706.600000,-,-,S,3756003,3761544
1,1,2181949,510360,2,20201030,133111650,1.600000,1000,1600.000000,-,-,B,3764794,3755468
1,1,2188040,510360,2,20201030,133134010,1.600000,2100,3360.000000,-,-,S,3766965,3774210
1,1,2194853,510360,2,20201030,133203810,1.598000,200,319.600000,-,-,S,3770403,3783816
1,1,2194854,510360,2,20201030,133203810,1.598000,1000,1598.000000,-,-,S,3770788,3783816
1,1,2201696,510360,2,20201030,133233630,1.597000,1000,1597.000000,-,-,S,3730721,3794304
1,1,2201697,510360,2,20201030,133233630,1.597000,3200,5110.400000,-,-,S,3742606,3794304
1,1,2201698,510360,2,20201030,133233630,1.597000,1800,2874.600000,-,-,S,3785592,3794304
1,1,2201801,510360,2,20201030,133233890,1.597000,3200,5110.400000,-,-,B,3794402,3794304
1,1,2208992,510360,2,20201030,133303640,1.597000,7900,12616.300000,-,-,S,3794402,3804659
1,1,2219629,510360,2,20201030,133333540,1.597000,8100,12935.700000,-,-,S,3794402,3817966
1,1,2228496,510360,2,20201030,133403700,1.597000,2000,3194.000000,-,-,S,3802325,3829342
1,1,2233583,510360,2,20201030,133422460,1.596000,500,798.000000,-,-,S,2217732,3836325
1,1,2233584,510360,2,20201030,133422460,1.596000,300,478.800000,-,-,S,3795792,3836325
1,1,2235665,510360,2,20201030,133428960,1.597000,1200,1916.400000,-,-,B,3838635,3829342
1,1,2236751,510360,2,20201030,133433340,1.596000,700,1117.200000,-,-,S,3795792,3840330
1,1,2236752,510360,2,20201030,133433340,1.596000,7800,12448.800000,-,-,S,3839615,3840330
1,1,2238939,510360,2,20201030,133442190,1.596000,1300,2074.800000,-,-,B,3843971,3840330
1,1,2243881,510360,2,20201030,133503740,1.596000,9700,15481.200000,-,-,S,3843971,3851789
1,1,2246227,510360,2,20201030,133514370,1.596000,1000,1596.000000,-,-,S,3843971,3855623
1,1,2250612,510360,2,20201030,133533160,1.596000,9600,15321.600000,-,-,S,3843971,3862054
1,1,2254351,510360,2,20201030,133551010,1.597000,2200,3513.400000,-,-,B,3868015,3866781
1,1,2256880,510360,2,20201030,133603420,1.596000,9800,15640.800000,-,-,S,3843971,3871871
1,1,2261336,510360,2,20201030,133625090,1.597000,12600,20122.200000,-,-,B,3879171,3877040
1,1,2263116,510360,2,20201030,133634070,1.596000,7800,12448.800000,-,-,S,3843971,3881768
1,1,2267543,510360,2,20201030,133655960,1.596000,5000,7980.000000,-,-,S,3843971,3888372
1,1,2267936,510360,2,20201030,133657640,1.596000,5000,7980.000000,-,-,S,3843971,3888943
1,1,2268887,510360,2,20201030,133701970,1.596000,3800,6064.800000,-,-,S,3843971,3890322
1,1,2269124,510360,2,20201030,133703110,1.596000,600,957.600000,-,-,S,3843971,3890624
1,1,2269447,510360,2,20201030,133704140,1.596000,6400,10214.400000,-,-,S,3843971,3891016
1,1,2270067,510360,2,20201030,133706880,1.596000,1400,2234.400000,-,-,S,3843971,3892041
1,1,2270150,510360,2,20201030,133707310,1.596000,1400,2234.400000,-,-,S,3843971,3892185
1,1,2270251,510360,2,20201030,133707790,1.596000,1400,2234.400000,-,-,S,3843971,3892376
1,1,2270394,510360,2,20201030,133708270,1.596000,1900,3032.400000,-,-,S,3843971,3892521
1,1,2270484,510360,2,20201030,133708690,1.596000,1500,2394.000000,-,-,S,3843971,3892701
1,1,2270558,510360,2,20201030,133709060,1.596000,1900,3032.400000,-,-,S,3843971,3892835
1,1,2270563,510360,2,20201030,133709090,1.596000,1300,2074.800000,-,-,S,3843971,3892844
1,1,2270564,510360,2,20201030,133709090,1.596000,100,159.600000,-,-,S,3849036,3892844
1,1,2270565,510360,2,20201030,133709090,1.596000,100,159.600000,-,-,S,3851590,3892844
1,1,2270845,510360,2,20201030,133709480,1.596000,1500,2394.000000,-,-,S,3851590,3893095
1,1,2270870,510360,2,20201030,133709570,1.596000,400,638.400000,-,-,S,3851590,3893131
1,1,2270871,510360,2,20201030,133709570,1.596000,1500,2394.000000,-,-,S,3886382,3893131
1,1,2270962,510360,2,20201030,133709950,1.596000,1500,2394.000000,-,-,S,3886382,3893286
1,1,2270976,510360,2,20201030,133709980,1.596000,1900,3032.400000,-,-,S,3886382,3893294
1,1,2271033,510360,2,20201030,133710340,1.596000,1000,1596.000000,-,-,S,3886382,3893411
1,1,2271062,510360,2,20201030,133710530,1.596000,500,798.000000,-,-,S,3886382,3893476
1,1,2271127,510360,2,20201030,133710940,1.596000,500,798.000000,-,-,S,3886382,3893617
1,1,2271212,510360,2,20201030,133711340,1.596000,100,159.600000,-,-,S,3886382,3893731
1,1,2271213,510360,2,20201030,133711340,1.595000,300,478.500000,-,-,S,461292,3893731
1,1,2271214,510360,2,20201030,133711340,1.595000,100,159.500000,-,-,S,3179448,3893731
1,1,2276486,510360,2,20201030,133734040,1.595000,1900,3030.500000,-,-,S,3179448,3900950
1,1,2276487,510360,2,20201030,133734040,1.595000,1000,1595.000000,-,-,S,3608678,3900950
1,1,2276488,510360,2,20201030,133734040,1.595000,3000,4785.000000,-,-,S,3828698,3900950
1,1,2276489,510360,2,20201030,133734040,1.595000,900,1435.500000,-,-,S,3859768,3900950
1,1,2282992,510360,2,20201030,133804070,1.594000,4000,6376.000000,-,-,S,3896877,3910315
1,1,2288127,510360,2,20201030,133825760,1.594000,5900,9404.600000,-,-,B,3917920,3910315
1,1,2289801,510360,2,20201030,133833810,1.593000,500,796.500000,-,-,S,2225132,3920747
1,1,2289802,510360,2,20201030,133833810,1.593000,100,159.300000,-,-,S,3851329,3920747
1,1,2289803,510360,2,20201030,133833810,1.593000,2000,3186.000000,-,-,S,3892904,3920747
1,1,2289804,510360,2,20201030,133833810,1.593000,6700,10673.100000,-,-,S,3920389,3920747
1,1,2293586,510360,2,20201030,133851980,1.594000,1000,1594.000000,-,-,S,3924245,3927029
1,1,2296312,510360,2,20201030,133905810,1.594000,1000,1594.000000,-,-,B,3931867,3931237
1,1,2300332,510360,2,20201030,133927570,1.594000,500,797.000000,-,-,B,3938880,3931237
1,1,2300957,510360,2,20201030,133931300,1.594000,200,318.800000,-,-,B,3940043,3931237
1,1,2301872,510360,2,20201030,133933780,1.593000,2000,3186.000000,-,-,S,3921641,3940833
1,1,2301873,510360,2,20201030,133933780,1.593000,2000,3186.000000,-,-,S,3921827,3940833
1,1,2301874,510360,2,20201030,133933780,1.593000,100,159.300000,-,-,S,3922134,3940833
1,1,2301875,510360,2,20201030,133933780,1.593000,3700,5894.100000,-,-,S,3922415,3940833
1,1,2308482,510360,2,20201030,134003670,1.593000,6800,10832.400000,-,-,S,3922415,3950695
1,1,2311579,510360,2,20201030,134008650,1.595000,200,319.000000,-,-,B,3954406,3904904
1,1,2324427,510360,2,20201030,134033660,1.592000,2000,3184.000000,-,-,S,3897658,3968204
1,1,2335194,510360,2,20201030,134103500,1.591000,3000,4773.000000,-,-,S,3901957,3980529
1,1,2335195,510360,2,20201030,134103500,1.591000,4400,7000.400000,-,-,S,3953704,3980529
1,1,2343683,510360,2,20201030,134133480,1.591000,10200,16228.200000,-,-,S,3987668,3993036
1,1,2349424,510360,2,20201030,134156240,1.590000,200,318.000000,-,-,S,179300,4001748
1,1,2351230,510360,2,20201030,134203510,1.590000,2800,4452.000000,-,-,S,179300,4004449
1,1,2351231,510360,2,20201030,134203510,1.590000,300,477.000000,-,-,S,463608,4004449
1,1,2351232,510360,2,20201030,134203510,1.590000,700,1113.000000,-,-,S,1079413,4004449
1,1,2351233,510360,2,20201030,134203510,1.590000,500,795.000000,-,-,S,3702467,4004449
1,1,2351234,510360,2,20201030,134203510,1.590000,5100,8109.000000,-,-,S,3708719,4004449
1,1,2359889,510360,2,20201030,134234360,1.592000,1000,1592.000000,-,-,S,4015905,4017739
1,1,2359890,510360,2,20201030,134234360,1.592000,8500,13532.000000,-,-,S,4016316,4017739
1,1,2367243,510360,2,20201030,134304290,1.592000,7700,12258.400000,-,-,S,4016316,4030339
1,1,2372377,510360,2,20201030,134334210,1.593000,1300,2070.900000,-,-,S,4038682,4040621
1,1,2377785,510360,2,20201030,134404150,1.592000,7400,11780.800000,-,-,S,4029042,4050142
1,1,2380277,510360,2,20201030,134419310,1.594000,3800,6057.200000,-,-,B,4054884,4034690
1,1,2381060,510360,2,20201030,134424170,1.594000,5000,7970.000000,-,-,B,4056237,4034690
1,1,2382524,510360,2,20201030,134434100,1.592000,8400,13372.800000,-,-,S,4029042,4059054
1,1,2387307,510360,2,20201030,134504080,1.593000,8900,14177.700000,-,-,S,4063807,4067790
1,1,2392224,510360,2,20201030,134531920,1.594000,2000,3188.000000,-,-,B,4076159,4034690
1,1,2392671,510360,2,20201030,134533890,1.593000,8400,13381.200000,-,-,S,4063807,4076880
1,1,2392911,510360,2,20201030,134535500,1.594000,3100,4941.400000,-,-,B,4077349,4034690
1,1,2397616,510360,2,20201030,134602820,1.594000,5900,9404.600000,-,-,B,4085236,4034690
1,1,2397838,510360,2,20201030,134603890,1.594000,8500,13549.000000,-,-,S,4085236,4085625
1,1,2399184,510360,2,20201030,134613110,1.595000,100,159.500000,-,-,B,4088236,4080983
1,1,2400083,510360,2,20201030,134618370,1.595000,300,478.500000,-,-,B,4089696,4089642
1,1,2401945,510360,2,20201030,134631290,1.595000,41000,65395.000000,-,-,B,4093167,4089642
1,1,2402250,510360,2,20201030,134633820,1.595000,6700,10686.500000,-,-,S,4093167,4093855
1,1,2404698,510360,2,20201030,134650580,1.596000,1000,1596.000000,-,-,B,4098480,4097691
1,1,2405926,510360,2,20201030,134657860,1.596000,300,478.800000,-,-,B,4100613,4097691
1,1,2406538,510360,2,20201030,134702020,1.596000,600,957.600000,-,-,B,4101726,4097691
1,1,2406816,510360,2,20201030,134703700,1.595000,100,159.500000,-,-,S,4099397,4102239
1,1,2407065,510360,2,20201030,134705390,1.595000,100,159.500000,-,-,B,4102724,4102239
1,1,2407388,510360,2,20201030,134707200,1.595000,9900,15790.500000,-,-,B,4103359,4102239
1,1,2407389,510360,2,20201030,134707200,1.596000,7900,12608.400000,-,-,B,4103359,4097691
1,1,2411188,510360,2,20201030,134733740,1.596000,1600,2553.600000,-,-,S,4105994,4110253
1,1,2411369,510360,2,20201030,134734800,1.596000,7900,12608.400000,-,-,B,4110576,4110253
1,1,2411370,510360,2,20201030,134734800,1.597000,500,798.500000,-,-,B,4110576,4042255
1,1,2411371,510360,2,20201030,134734800,1.597000,39100,62442.700000,-,-,B,4110576,4106250
1,1,2412303,510360,2,20201030,134742150,1.597000,12900,20601.300000,-,-,S,4110576,4112373
1,1,2412599,510360,2,20201030,134744120,1.597000,11600,18525.200000,-,-,S,4110576,4112918
1,1,2412679,510360,2,20201030,134744620,1.597000,3600,5749.200000,-,-,S,4110576,4113034
1,1,2413276,510360,2,20201030,134747930,1.597000,52700,84161.900000,-,-,S,4110576,4114060
1,1,2415941,510360,2,20201030,134802330,1.597000,3800,6068.600000,-,-,S,4110576,4118652
1,1,2416223,510360,2,20201030,134803690,1.597000,8900,14213.300000,-,-,S,4110576,4119170
1,1,2418085,510360,2,20201030,134814020,1.597000,3800,6068.600000,-,-,S,4110576,4122099
1,1,2418623,510360,2,20201030,134817920,1.597000,32000,51104.000000,-,-,S,4110576,4123106
1,1,2418624,510360,2,20201030,134817920,1.597000,100,159.700000,-,-,S,4116265,4123106
1,1,2418625,510360,2,20201030,134817920,1.597000,1000,1597.000000,-,-,S,4120815,4123106
1,1,2418626,510360,2,20201030,134817920,1.597000,1000,1597.000000,-,-,S,4122872,4123106
1,1,2420850,510360,2,20201030,134833750,1.596000,100,159.600000,-,-,S,4110659,4127120
1,1,2422807,510360,2,20201030,134847440,1.596000,100,159.600000,-,-,B,4130549,4127120
1,1,2425050,510360,2,20201030,134903460,1.595000,200,319.000000,-,-,S,4104950,4134580
1,1,2425051,510360,2,20201030,134903460,1.595000,500,797.500000,-,-,S,4113920,4134580
1,1,2425052,510360,2,20201030,134903460,1.595000,100,159.500000,-,-,S,4128087,4134580
1,1,2429615,510360,2,20201030,134934390,1.594000,300,478.200000,-,-,S,4086059,4142433
1,1,2429616,510360,2,20201030,134934390,1.594000,1200,1912.800000,-,-,S,4105813,4142433
1,1,2434709,510360,2,20201030,135004360,1.593000,10000,15930.000000,-,-,S,4090348,4150241
1,1,2440795,510360,2,20201030,135030490,1.595000,100,159.500000,-,-,B,4160020,4138395
1,1,2441395,510360,2,20201030,135034160,1.595000,500,797.500000,-,-,S,4160020,4161183
1,1,2441396,510360,2,20201030,135034160,1.594000,5900,9404.600000,-,-,S,4154182,4161183
1,1,2446513,510360,2,20201030,135104230,1.594000,9100,14505.400000,-,-,S,4154182,4169686
1,1,2453400,510360,2,20201030,135145620,1.594000,4400,7013.600000,-,-,B,4181930,4178820
1,1,2456721,510360,2,20201030,135204010,1.593000,7500,11947.500000,-,-,S,4090348,4187007
1,1,2462130,510360,2,20201030,135233950,1.593000,9400,14974.200000,-,-,S,4194914,4195583
1,1,2470288,510360,2,20201030,135304060,1.592000,5000,7960.000000,-,-,S,4068717,4206629
1,1,2470289,510360,2,20201030,135304060,1.592000,3900,6208.800000,-,-,S,4177870,4206629
1,1,2476742,510360,2,20201030,135333870,1.592000,9800,15601.600000,-,-,S,4215765,4215810
1,1,2482506,510360,2,20201030,135403750,1.592000,9100,14487.200000,-,-,S,4215765,4224013
1,1,2487830,510360,2,20201030,135433530,1.592000,700,1114.400000,-,-,S,4225932,4232164
1,1,2487831,510360,2,20201030,135433530,1.592000,8700,13850.400000,-,-,S,4227919,4232164
1,1,2489640,510360,2,20201030,135444010,1.594000,57800,92133.200000,-,-,B,4234891,4228114
1,1,2490327,510360,2,20201030,135447900,1.594000,2200,3506.800000,-,-,S,4234891,4235965
1,1,2493415,510360,2,20201030,135503620,1.591000,3400,5409.400000,-,-,S,4051013,4241030
1,1,2494024,510360,2,20201030,135506000,1.591000,1200,1909.200000,-,-,B,4241807,4241030
1,1,2494378,510360,2,20201030,135507290,1.591000,5700,9068.700000,-,-,B,4242286,4241030
1,1,2499847,510360,2,20201030,135534580,1.590000,4900,7791.000000,-,-,S,3708719,4250057
1,1,2499848,510360,2,20201030,135534580,1.590000,3000,4770.000000,-,-,S,3906074,4250057
1,1,2499849,510360,2,20201030,135534580,1.590000,400,636.000000,-,-,S,3944432,4250057
1,1,2507017,510360,2,20201030,135604670,1.590000,4600,7314.000000,-,-,S,3944432,4259095
1,1,2507018,510360,2,20201030,135604670,1.590000,200,318.000000,-,-,S,3981599,4259095
1,1,2507019,510360,2,20201030,135604670,1.590000,100,159.000000,-,-,S,4070280,4259095
1,1,2507020,510360,2,20201030,135604670,1.590000,1000,1590.000000,-,-,S,4181749,4259095
1,1,2507021,510360,2,20201030,135604670,1.590000,3900,6201.000000,-,-,S,4211811,4259095
1,1,2513452,510360,2,20201030,135634410,1.590000,200,318.000000,-,-,S,4249992,4268359
1,1,2519523,510360,2,20201030,135701250,1.590000,2000,3180.000000,-,-,B,4276220,4268359
1,1,2520287,510360,2,20201030,135704410,1.589000,4000,6356.000000,-,-,S,4006927,4277184
1,1,2520288,510360,2,20201030,135704410,1.589000,6200,9851.800000,-,-,S,4238990,4277184
1,1,2523468,510360,2,20201030,135719410,1.589000,10400,16525.600000,-,-,S,4238990,4281700
1,1,2526076,510360,2,20201030,135732890,1.589000,5200,8262.800000,-,-,S,4238990,4285506
1,1,2526449,510360,2,20201030,135734320,1.589000,6600,10487.400000,-,-,S,4238990,4285949
1,1,2528388,510360,2,20201030,135745320,1.589000,2600,4131.400000,-,-,S,4238990,4289109
1,1,2535126,510360,2,20201030,135817210,1.590000,600,954.000000,-,-,B,4299467,4295652
1,1,2537873,510360,2,20201030,135833310,1.590000,2700,4293.000000,-,-,B,4304183,4295652
1,1,2537991,510360,2,20201030,135834110,1.589000,100,158.900000,-,-,S,4265281,4304439
1,1,2537992,510360,2,20201030,135834110,1.589000,8200,13029.800000,-,-,S,4277075,4304439
1,1,2543144,510360,2,20201030,135904210,1.589000,9400,14936.600000,-,-,S,4277075,4312488
1,1,2549876,510360,2,20201030,135934010,1.589000,2400,3813.600000,-,-,S,4277075,4321173
1,1,2549877,510360,2,20201030,135934010,1.589000,4000,6356.000000,-,-,S,4316365,4321173
1,1,2555179,510360,2,20201030,140004100,1.589000,3200,5084.800000,-,-,S,4316698,4330241
1,1,2555180,510360,2,20201030,140004100,1.589000,500,794.500000,-,-,S,4325446,4330241
1,1,2561579,510360,2,20201030,140017780,1.589000,1000,1589.000000,-,-,B,4337802,4330241
1,1,2567135,510360,2,20201030,140032730,1.589000,200,317.800000,-,-,B,4344781,4330241
1,1,2567743,510360,2,20201030,140033840,1.588000,5800,9210.400000,-,-,S,4344341,4345242
1,1,2571045,510360,2,20201030,140043560,1.587000,500,793.500000,-,-,S,3707510,4349077
1,1,2571046,510360,2,20201030,140043560,1.587000,7600,12061.200000,-,-,S,4303426,4349077
1,1,2602678,510360,2,20201030,140200250,1.587000,1000,1587.000000,-,-,S,4357541,4385260
1,1,2606581,510360,2,20201030,140209330,1.587000,300,476.100000,-,-,B,4390077,4385260
1,1,2644756,510360,2,20201030,140432610,1.590000,2000,3180.000000,-,-,B,4452680,4446979
1,1,2648547,510360,2,20201030,140449630,1.589000,100,158.900000,-,-,B,4458866,4458535
1,1,2653305,510360,2,20201030,140511310,1.589000,500,794.500000,-,-,B,4466674,4458535
1,1,2658569,510360,2,20201030,140526980,1.589000,2000,3178.000000,-,-,B,4472980,4467522
1,1,2673240,510360,2,20201030,140606450,1.587000,900,1428.300000,-,-,S,4390077,4492068
1,1,2673241,510360,2,20201030,140606450,1.587000,1000,1587.000000,-,-,S,4457557,4492068
1,1,2687747,510360,2,20201030,140648260,1.586000,500,793.000000,-,-,S,4061682,4509807
1,1,2687748,510360,2,20201030,140648260,1.586000,4000,6344.000000,-,-,S,4411988,4509807
1,1,2696945,510360,2,20201030,140718360,1.585000,300,475.500000,-,-,S,466146,4521785
1,1,2696946,510360,2,20201030,140718360,1.585000,100,158.500000,-,-,S,3958920,4521785
1,1,2696947,510360,2,20201030,140718360,1.585000,3000,4755.000000,-,-,S,4380482,4521785
1,1,2696948,510360,2,20201030,140718360,1.585000,100,158.500000,-,-,S,4424399,4521785
1,1,2696949,510360,2,20201030,140718360,1.585000,4900,7766.500000,-,-,S,4424946,4521785
1,1,2696950,510360,2,20201030,140718360,1.585000,10000,15850.000000,-,-,S,4517131,4521785
1,1,2699087,510360,2,20201030,140724780,1.585000,42600,67521.000000,-,-,B,4524698,4521785
1,1,2705290,510360,2,20201030,140746390,1.585000,5000,7925.000000,-,-,S,4530318,4533509
1,1,2707781,510360,2,20201030,140755900,1.585000,500,792.500000,-,-,B,4537044,4533509
1,1,2733381,510360,2,20201030,140919010,1.584000,500,792.000000,-,-,S,4024837,4571032
1,1,2733382,510360,2,20201030,140919010,1.584000,1000,1584.000000,-,-,S,4537495,4571032
1,1,2734708,510360,2,20201030,140922870,1.584000,8000,12672.000000,-,-,B,4572738,4571032
1,1,2737145,510360,2,20201030,140929430,1.584000,500,792.000000,-,-,B,4575812,4571032
1,1,2751356,510360,2,20201030,141006910,1.584000,400,633.600000,-,-,B,4593546,4584651
1,1,2757992,510360,2,20201030,141019000,1.583000,1000,1583.000000,-,-,S,92608,4602845
1,1,2757993,510360,2,20201030,141019000,1.583000,3000,4749.000000,-,-,S,4392966,4602845
1,1,2757994,510360,2,20201030,141019000,1.583000,1000,1583.000000,-,-,S,4568758,4602845
1,1,2757995,510360,2,20201030,141019000,1.583000,10000,15830.000000,-,-,S,4574638,4602845
1,1,2758511,510360,2,20201030,141019810,1.583000,42700,67594.100000,-,-,B,4603642,4602845
1,1,2760776,510360,2,20201030,141023730,1.585000,100,158.500000,-,-,B,4606994,4533509
1,1,2762147,510360,2,20201030,141026130,1.585000,2400,3804.000000,-,-,B,4609271,4533509
1,1,2773068,510360,2,20201030,141054320,1.585000,3000,4755.000000,-,-,B,4627158,4533509
1,1,2786702,510360,2,20201030,141143770,1.587000,2400,3808.800000,-,-,B,4651244,4639706
1,1,2787600,510360,2,20201030,141147380,1.587000,2000,3174.000000,-,-,B,4652897,4650264
1,1,2790611,510360,2,20201030,141159720,1.587000,3000,4761.000000,-,-,B,4658099,4650264
1,1,2795754,510360,2,20201030,141223280,1.586000,100,158.600000,-,-,B,4666822,4665172
1,1,2800853,510360,2,20201030,141250150,1.586000,3100,4916.600000,-,-,B,4675636,4675147
1,1,2805068,510360,2,20201030,141312850,1.586000,1400,2220.400000,-,-,B,4683217,4675147
1,1,2805489,510360,2,20201030,141314590,1.586000,5000,7930.000000,-,-,B,4683803,4675147
1,1,2823706,510360,2,20201030,141451330,1.586000,3700,5868.200000,-,-,B,4714799,4714182
1,1,2832948,510360,2,20201030,141541430,1.587000,100,158.700000,-,-,B,4730946,4724046
1,1,2851143,510360,2,20201030,141648960,1.585000,3000,4755.000000,-,-,S,4734735,4756923
1,1,2867486,510360,2,20201030,141748780,1.584000,5300,8395.200000,-,-,S,4710451,4777218
1,1,2871476,510360,2,20201030,141805460,1.584000,30500,48312.000000,-,-,B,4782726,4777218
1,1,2871477,510360,2,20201030,141805460,1.585000,40400,64034.000000,-,-,B,4782726,4768230
1,1,2885110,510360,2,20201030,141857670,1.584000,2000,3168.000000,-,-,B,4800389,4797248
1,1,2891100,510360,2,20201030,141918590,1.583000,100,158.300000,-,-,S,4606942,4808148
1,1,2891101,510360,2,20201030,141918590,1.583000,700,1108.100000,-,-,S,4695246,4808148
1,1,2891102,510360,2,20201030,141918590,1.583000,4000,6332.000000,-,-,S,4712271,4808148
1,1,2897452,510360,2,20201030,141942210,1.583000,1500,2374.500000,-,-,B,4816808,4808148
1,1,2897661,510360,2,20201030,141942770,1.583000,21100,33401.300000,-,-,B,4817083,4808148
1,1,2899750,510360,2,20201030,141949560,1.583000,2500,3957.500000,-,-,S,4817226,4819928
1,1,2899751,510360,2,20201030,141949560,1.582000,100,158.200000,-,-,S,193596,4819928
1,1,2899752,510360,2,20201030,141949560,1.582000,2000,3164.000000,-,-,S,3943127,4819928
1,1,2899753,510360,2,20201030,141949560,1.582000,1000,1582.000000,-,-,S,4576605,4819928
1,1,2899754,510360,2,20201030,141949560,1.582000,2000,3164.000000,-,-,S,4656621,4819928
1,1,2899755,510360,2,20201030,141949560,1.582000,192400,304376.800000,-,-,S,4819374,4819928
1,1,2918139,510360,2,20201030,142045650,1.584000,300,475.200000,-,-,S,4834256,4847901
1,1,2939348,510360,2,20201030,142218240,1.587000,25000,39675.000000,-,-,B,4884233,4835018
1,1,2943791,510360,2,20201030,142236100,1.586000,20000,31720.000000,-,-,B,4890730,4890702
1,1,2947058,510360,2,20201030,142251290,1.586000,30000,47580.000000,-,-,B,4895716,4890702
1,1,2956311,510360,2,20201030,142337470,1.586000,2000,3172.000000,-,-,B,4910320,4890702
1,1,2969787,510360,2,20201030,142444350,1.587000,2000,3174.000000,-,-,B,4932115,4835018
1,1,2981546,510360,2,20201030,142558140,1.587000,2000,3174.000000,-,-,B,4952484,4835018
1,1,2982832,510360,2,20201030,142606330,1.587000,44200,70145.400000,-,-,B,4954819,4835018
1,1,2984054,510360,2,20201030,142613540,1.587000,2000,3174.000000,-,-,B,4956909,4835018
1,1,2997404,510360,2,20201030,142727280,1.587000,5000,7935.000000,-,-,B,4979776,4835018
1,1,3002667,510360,2,20201030,142758370,1.584000,5000,7920.000000,-,-,S,4860765,4989054
1,1,3002668,510360,2,20201030,142758370,1.584000,1200,1900.800000,-,-,S,4883288,4989054
1,1,3002669,510360,2,20201030,142758370,1.584000,200,316.800000,-,-,S,4913276,4989054
1,1,3010351,510360,2,20201030,142829890,1.584000,500,792.000000,-,-,B,4999814,4989054
1,1,3014858,510360,2,20201030,142847440,1.584000,5000,7920.000000,-,-,B,5006141,4989054
1,1,3016323,510360,2,20201030,142852410,1.584000,500,792.000000,-,-,B,5007874,4989054
1,1,3018918,510360,2,20201030,142901300,1.584000,2600,4118.400000,-,-,B,5010776,4989054
1,1,3025900,510360,2,20201030,142930820,1.585000,200,317.000000,-,-,B,5020241,5020021
1,1,3060109,510360,2,20201030,143129400,1.584000,400,633.600000,-,-,S,5010776,5067802
1,1,3060110,510360,2,20201030,143129400,1.583000,200,316.600000,-,-,S,4820676,5067802
1,1,3070538,510360,2,20201030,143218460,1.584000,2400,3801.600000,-,-,S,5069959,5084087
1,1,3079288,510360,2,20201030,143252820,1.583000,13800,21845.400000,-,-,S,4820676,5096649
1,1,3079289,510360,2,20201030,143252820,1.583000,16100,25486.300000,-,-,S,4848488,5096649
1,1,3092550,510360,2,20201030,143328090,1.582000,11500,18193.000000,-,-,S,5048021,5112041
1,1,3092551,510360,2,20201030,143328090,1.582000,100,158.200000,-,-,S,5055119,5112041
1,1,3118003,510360,2,20201030,143443540,1.581000,500,790.500000,-,-,S,40083,5142759
1,1,3118004,510360,2,20201030,143443540,1.581000,500,790.500000,-,-,S,4028715,5142759
1,1,3118005,510360,2,20201030,143443540,1.581000,3000,4743.000000,-,-,S,4403432,5142759
1,1,3118006,510360,2,20201030,143443540,1.581000,300,474.300000,-,-,S,4995350,5142759
1,1,3118007,510360,2,20201030,143443540,1.581000,1000,1581.000000,-,-,S,5079906,5142759
1,1,3132573,510360,2,20201030,143530780,1.581000,399700,631925.700000,-,-,B,5161965,5142759
1,1,3134161,510360,2,20201030,143534830,1.581000,195000,308295.000000,-,-,B,5163899,5142759
1,1,3134162,510360,2,20201030,143534830,1.581000,500,790.500000,-,-,B,5163899,5142948
1,1,3134163,510360,2,20201030,143534830,1.581000,4800,7588.800000,-,-,B,5163899,5143102
1,1,3134164,510360,2,20201030,143534830,1.581000,399700,631925.700000,-,-,B,5163899,5162103
1,1,3134275,510360,2,20201030,143535330,1.581000,5300,8379.300000,-,-,S,5163899,5164031
1,1,3145581,510360,2,20201030,143610700,1.581000,400,632.400000,-,-,B,5179950,5173305
1,1,3146877,510360,2,20201030,143615270,1.580000,200,316.000000,-,-,S,100813,5181892
1,1,3146878,510360,2,20201030,143615270,1.580000,300,474.000000,-,-,S,468249,5181892
1,1,3146879,510360,2,20201030,143615270,1.580000,300,474.000000,-,-,S,2075820,5181892
1,1,3146880,510360,2,20201030,143615270,1.580000,700,1106.000000,-,-,S,4296611,5181892
1,1,3150465,510360,2,20201030,143628880,1.580000,9300,14694.000000,-,-,S,4296611,5187402
1,1,3150466,510360,2,20201030,143628880,1.580000,700,1106.000000,-,-,S,4423578,5187402
1,1,3150467,510360,2,20201030,143628880,1.580000,100,158.000000,-,-,S,4506715,5187402
1,1,3150468,510360,2,20201030,143628880,1.580000,100,158.000000,-,-,S,4534484,5187402
1,1,3150469,510360,2,20201030,143628880,1.580000,2000,3160.000000,-,-,S,4781265,5187402
1,1,3150470,510360,2,20201030,143628880,1.580000,300,474.000000,-,-,S,4794230,5187402
1,1,3150471,510360,2,20201030,143628880,1.580000,100,158.000000,-,-,S,4847748,5187402
1,1,3150472,510360,2,20201030,143628880,1.580000,100,158.000000,-,-,S,4880206,5187402
1,1,3150473,510360,2,20201030,143628880,1.580000,2000,3160.000000,-,-,S,5105790,5187402
1,1,3150474,510360,2,20201030,143628880,1.580000,2800,4424.000000,-,-,S,5137013,5187402
1,1,3150475,510360,2,20201030,143628880,1.580000,200,316.000000,-,-,S,5144939,5187402
1,1,3150476,510360,2,20201030,143628880,1.580000,300,474.000000,-,-,S,5151418,5187402
1,1,3150477,510360,2,20201030,143628880,1.580000,300,474.000000,-,-,S,5166364,5187402
1,1,3151378,510360,2,20201030,143631280,1.580000,294700,465626.000000,-,-,B,5188422,5187402
1,1,3152332,510360,2,20201030,143634380,1.580000,5000,7900.000000,-,-,B,5189765,5187402
1,1,3153057,510360,2,20201030,143637330,1.580000,682000,1077560.000000,-,-,B,5190869,5187402
1,1,3153058,510360,2,20201030,143637330,1.580000,218000,344440.000000,-,-,B,5190869,5187403
1,1,3154871,510360,2,20201030,143644560,1.580000,1500,2370.000000,-,-,B,5193592,5187403
1,1,3160199,510360,2,20201030,143703300,1.580000,100,158.000000,-,-,B,5200998,5187403
1,1,3165762,510360,2,20201030,143723800,1.580000,780400,1233032.000000,-,-,B,5209340,5187403
1,1,3184166,510360,2,20201030,143820690,1.583000,5000,7915.000000,-,-,B,5237124,5213552
1,1,3190924,510360,2,20201030,143849780,1.584000,4500,7128.000000,-,-,B,5248574,5220802
1,1,3192589,510360,2,20201030,143857600,1.583000,1900,3007.700000,-,-,S,5242111,5251598
1,1,3194364,510360,2,20201030,143904620,1.584000,4600,7286.400000,-,-,B,5254598,5220802
1,1,3195855,510360,2,20201030,143912050,1.584000,1000,1584.000000,-,-,B,5257535,5220802
1,1,3215524,510360,2,20201030,144036480,1.585000,20000,31700.000000,-,-,B,5290191,5241592
1,1,3219462,510360,2,20201030,144054450,1.584000,100,158.400000,-,-,S,5289186,5297034
1,1,3242700,510360,2,20201030,144243040,1.586000,7000,11102.000000,-,-,B,5335971,5282106
1,1,3245156,510360,2,20201030,144254720,1.586000,10000,15860.000000,-,-,B,5339838,5282106
1,1,3271018,510360,2,20201030,144502800,1.586000,1000,1586.000000,-,-,B,5380233,5282106
1,1,3272792,510360,2,20201030,144507950,1.586000,500,793.000000,-,-,B,5382820,5282106
1,1,3288736,510360,2,20201030,144620360,1.586000,1900,3013.400000,-,-,B,5407931,5282106
1,1,3293179,510360,2,20201030,144635230,1.585000,500,792.500000,-,-,S,5356041,5414021
1,1,3293180,510360,2,20201030,144635230,1.585000,1000,1585.000000,-,-,S,5382178,5414021
1,1,3293181,510360,2,20201030,144635230,1.585000,10000,15850.000000,-,-,S,5396207,5414021
1,1,3293182,510360,2,20201030,144635230,1.585000,300,475.500000,-,-,S,5401302,5414021
1,1,3294311,510360,2,20201030,144638320,1.585000,8000,12680.000000,-,-,B,5415363,5414021
1,1,3297457,510360,2,20201030,144648310,1.584000,900,1425.600000,-,-,S,5289186,5419158
1,1,3297458,510360,2,20201030,144648310,1.584000,2900,4593.600000,-,-,S,5315068,5419158
1,1,3308642,510360,2,20201030,144733430,1.584000,2000,3168.000000,-,-,S,5315068,5434619
1,1,3312452,510360,2,20201030,144749840,1.584000,5100,8078.400000,-,-,S,5315068,5439917
1,1,3312453,510360,2,20201030,144749840,1.584000,100,158.400000,-,-,S,5433261,5439917
1,1,3323065,510360,2,20201030,144830720,1.584000,1700,2692.800000,-,-,B,5454269,5439917
1,1,3326474,510360,2,20201030,144843610,1.584000,400,633.600000,-,-,B,5458692,5439917
1,1,3328120,510360,2,20201030,144850380,1.584000,200,316.800000,-,-,B,5461045,5439917
1,1,3331694,510360,2,20201030,144904730,1.584000,3000,4752.000000,-,-,B,5466131,5439917
1,1,3354126,510360,2,20201030,145014080,1.584000,200,316.800000,-,-,B,5496189,5439917
1,1,3377122,510360,2,20201030,145128530,1.584000,6000,9504.000000,-,-,B,5530198,5521323
1,1,3401920,510360,2,20201030,145244240,1.583000,200,316.600000,-,-,S,5242111,5564096
1,1,3431210,510360,2,20201030,145406240,1.583000,7900,12505.700000,-,-,S,5242111,5602512
1,1,3431211,510360,2,20201030,145406240,1.583000,5000,7915.000000,-,-,S,5243431,5602512
1,1,3431212,510360,2,20201030,145406240,1.583000,3000,4749.000000,-,-,S,5312221,5602512
1,1,3431213,510360,2,20201030,145406240,1.583000,5000,7915.000000,-,-,S,5485930,5602512
1,1,3431214,510360,2,20201030,145406240,1.583000,2100,3324.300000,-,-,S,5538959,5602512
1,1,3431215,510360,2,20201030,145406240,1.583000,5000,7915.000000,-,-,S,5556627,5602512
1,1,3431216,510360,2,20201030,145406240,1.583000,20000,31660.000000,-,-,S,5579411,5602512
1,1,3431217,510360,2,20201030,145406240,1.583000,20600,32609.800000,-,-,S,5590553,5602512
1,1,3431218,510360,2,20201030,145406240,1.583000,500,791.500000,-,-,S,5597978,5602512
1,1,3438800,510360,2,20201030,145427390,1.583000,200,316.600000,-,-,S,5611793,5612403
1,1,3443433,510360,2,20201030,145440580,1.583000,10000,15830.000000,-,-,B,5618396,5618359
1,1,3443894,510360,2,20201030,145442200,1.583000,2000,3166.000000,-,-,B,5619070,5618359
1,1,3447960,510360,2,20201030,145453900,1.583000,500,791.500000,-,-,B,5624237,5623373
1,1,3452104,510360,2,20201030,145502140,1.583000,300,474.900000,-,-,B,5629067,5627749
1,1,3463924,510360,2,20201030,145528580,1.584000,100,158.400000,-,-,B,5644026,5521323
1,1,3479654,510360,2,20201030,145610670,1.584000,800,1267.200000,-,-,B,5664771,5521323
1,1,3480091,510360,2,20201030,145611680,1.584000,5000,7920.000000,-,-,B,5665226,5521323
1,1,3484680,510360,2,20201030,145624230,1.584000,2000,3168.000000,-,-,B,5670860,5521323
1,1,3496446,510360,2,20201030,145656830,1.584000,800,1267.200000,-,-,B,5685130,5521323
1,1,3496689,510360,2,20201030,145657580,1.583000,500,791.500000,-,-,S,5630790,5685401
1,1,3496690,510360,2,20201030,145657580,1.583000,200,316.600000,-,-,S,5633658,5685401
1,1,3496691,510360,2,20201030,145657580,1.583000,2300,3640.900000,-,-,S,5644376,5685401
1,1,3496692,510360,2,20201030,145657580,1.583000,200,316.600000,-,-,S,5658684,5685401
1,1,3497140,510360,2,20201030,145659220,1.583000,1000,1583.000000,-,-,B,5686065,5685401
1,1,3497323,510360,2,20201030,145659770,1.583000,1000,1583.000000,-,-,B,5686261,5685401
1,1,3497764,510360,2,20201030,145708250,1.583000,700,1108.100000,-,-,B,5689163,5685401
1,1,3497942,510360,2,20201030,145712240,1.583000,200,316.600000,-,-,B,5690737,5685401
1,1,3498126,510360,2,20201030,145717340,1.583000,900,1424.700000,-,-,B,5692434,5685401
1,1,3499251,510360,2,20201030,145736730,1.584000,1000,1584.000000,-,-,B,5698219,5521323
1,1,3499620,510360,2,20201030,145748120,1.584000,20000,31680.000000,-,-,B,5701166,5521323
1,1,3500219,510360,2,20201030,145759620,1.584000,2000,3168.000000,-,-,B,5704051,5521323
1,1,3500459,510360,2,20201030,145806940,1.584000,400,633.600000,-,-,B,5705767,5521323
1,1,3501735,510360,2,20201030,145841970,1.584000,800,1267.200000,-,-,B,5714118,5521323
1,1,3503022,510360,2,20201030,145918150,1.584000,100,158.400000,-,-,B,5721694,5521323
1,1,3503650,510360,2,20201030,145937400,1.584000,100,158.400000,-,-,B,5725715,5521323
1,1,3504347,510360,2,20201030,145956760,1.584000,3200,5068.800000,-,-,B,5729430,5521323
