Datetime,Price,Volume
2020-09-22 09:25:00.390,4.725,300
2020-09-22 09:25:00.390,4.725,25600
2020-09-22 09:25:00.390,4.725,4100
2020-09-22 09:25:00.390,4.725,1800
2020-09-22 09:25:00.390,4.725,3100
2020-09-22 09:25:00.390,4.725,8900
2020-09-22 09:25:00.390,4.725,10000
2020-09-22 09:25:00.390,4.725,900
2020-09-22 09:25:00.390,4.725,27100
2020-09-22 09:25:00.390,4.725,2000
2020-09-22 09:25:00.390,4.725,5000
2020-09-22 09:25:00.390,4.725,10000
2020-09-22 09:25:00.390,4.725,15000
2020-09-22 09:25:00.390,4.725,20100
2020-09-22 09:25:00.390,4.725,20000
2020-09-22 09:25:00.390,4.725,10000
2020-09-22 09:25:00.390,4.725,19900
2020-09-22 09:25:00.390,4.725,100
2020-09-22 09:25:00.390,4.725,7900
2020-09-22 09:25:00.390,4.725,5000
2020-09-22 09:25:00.390,4.725,81300
2020-09-22 09:25:00.390,4.725,2000
2020-09-22 09:25:00.390,4.725,3900
2020-09-22 09:25:00.390,4.725,30600
2020-09-22 09:25:00.390,4.725,5800
2020-09-22 09:25:00.390,4.725,26400
2020-09-22 09:25:00.390,4.725,400
2020-09-22 09:25:00.390,4.725,2000
2020-09-22 09:25:00.390,4.725,10000
2020-09-22 09:25:00.390,4.725,2000
2020-09-22 09:25:00.390,4.725,13000
2020-09-22 09:25:00.390,4.725,4700
2020-09-22 09:25:00.390,4.725,17900
2020-09-22 09:25:00.390,4.725,40000
2020-09-22 09:25:00.390,4.725,5500
2020-09-22 09:25:00.390,4.725,100
2020-09-22 09:25:00.390,4.725,7900
2020-09-22 09:25:00.390,4.725,1000
2020-09-22 09:25:00.390,4.725,38200
2020-09-22 09:25:00.390,4.725,1000
2020-09-22 09:25:00.390,4.725,800
2020-09-22 09:25:00.390,4.725,2100
2020-09-22 09:25:00.390,4.725,700
2020-09-22 09:25:00.390,4.725,100
2020-09-22 09:25:00.390,4.725,2200
2020-09-22 09:25:00.390,4.725,1000
2020-09-22 09:25:00.390,4.725,17900
2020-09-22 09:25:00.390,4.725,42100
2020-09-22 09:25:00.390,4.725,113400
2020-09-22 09:25:00.390,4.725,100
2020-09-22 09:25:00.390,4.725,200
2020-09-22 09:25:00.390,4.725,200
2020-09-22 09:25:00.390,4.725,900
2020-09-22 09:25:00.390,4.725,300
2020-09-22 09:25:00.390,4.725,100
2020-09-22 09:25:00.390,4.725,100
2020-09-22 09:25:00.390,4.725,100
2020-09-22 09:25:00.390,4.725,500
2020-09-22 09:25:00.390,4.725,200
2020-09-22 09:25:00.390,4.725,300
2020-09-22 09:25:00.390,4.725,100
2020-09-22 09:25:00.390,4.725,100
2020-09-22 09:25:00.390,4.725,100
2020-09-22 09:25:00.390,4.725,200
2020-09-22 09:25:00.390,4.725,400
2020-09-22 09:25:00.390,4.725,100
2020-09-22 09:25:00.390,4.725,3500
2020-09-22 09:25:00.390,4.725,100
2020-09-22 09:25:00.390,4.725,200
2020-09-22 09:25:00.390,4.725,4200
2020-09-22 09:25:00.390,4.725,500
2020-09-22 09:25:00.390,4.725,100
2020-09-22 09:25:00.390,4.725,100
2020-09-22 09:25:00.390,4.725,500
2020-09-22 09:25:00.390,4.725,800
2020-09-22 09:25:00.390,4.725,100
2020-09-22 09:25:00.390,4.725,100
2020-09-22 09:25:00.390,4.725,100
2020-09-22 09:25:00.390,4.725,200
2020-09-22 09:25:00.390,4.725,200
2020-09-22 09:25:00.390,4.725,100
2020-09-22 09:25:00.390,4.725,2700
2020-09-22 09:25:00.390,4.725,700
2020-09-22 09:25:00.390,4.725,100
2020-09-22 09:25:00.390,4.725,200
2020-09-22 09:25:00.390,4.725,100
2020-09-22 09:25:00.390,4.725,100
2020-09-22 09:25:00.390,4.725,1300
2020-09-22 09:25:00.390,4.725,25000
2020-09-22 09:25:00.390,4.725,100
2020-09-22 09:25:00.390,4.725,100
2020-09-22 09:25:00.390,4.725,200
2020-09-22 09:25:00.390,4.725,500
2020-09-22 09:25:00.390,4.725,200
2020-09-22 09:25:00.390,4.725,200
2020-09-22 09:25:00.390,4.725,100
2020-09-22 09:25:00.390,4.725,600
2020-09-22 09:25:00.390,4.725,200
2020-09-22 09:25:00.390,4.725,100
2020-09-22 09:25:00.390,4.725,100
2020-09-22 09:25:00.390,4.725,200
2020-09-22 09:25:00.390,4.725,7000
2020-09-22 09:25:00.390,4.725,100
2020-09-22 09:25:00.390,4.725,100
2020-09-22 09:25:00.390,4.725,1000
2020-09-22 09:25:00.390,4.725,13000
2020-09-22 09:25:00.390,4.725,5600
2020-09-22 09:25:00.390,4.725,2300
2020-09-22 09:25:00.390,4.725,21400
2020-09-22 09:25:00.390,4.725,500
2020-09-22 09:25:00.390,4.725,200
2020-09-22 09:25:00.390,4.725,100
2020-09-22 09:25:00.390,4.725,1400
2020-09-22 09:25:00.390,4.725,1700
2020-09-22 09:25:00.390,4.725,500
2020-09-22 09:25:00.390,4.725,2300
2020-09-22 09:25:00.390,4.725,6800
2020-09-22 09:25:00.390,4.725,6100
2020-09-22 09:25:00.390,4.725,1300
2020-09-22 09:25:00.390,4.725,1000
2020-09-22 09:25:00.390,4.725,200
2020-09-22 09:25:00.390,4.725,2200
2020-09-22 09:25:00.390,4.725,100
2020-09-22 09:25:00.390,4.725,200
2020-09-22 09:25:00.390,4.725,200
2020-09-22 09:25:00.390,4.725,100
2020-09-22 09:25:00.390,4.725,100
2020-09-22 09:25:00.390,4.725,100
2020-09-22 09:25:00.390,4.725,100
2020-09-22 09:25:00.390,4.725,600
2020-09-22 09:25:00.390,4.725,100
2020-09-22 09:25:00.390,4.725,3000
2020-09-22 09:25:00.390,4.725,100
2020-09-22 09:25:00.390,4.725,100
2020-09-22 09:25:00.390,4.725,100
2020-09-22 09:25:00.390,4.725,700
2020-09-22 09:25:00.390,4.725,400
2020-09-22 09:25:00.390,4.725,100
2020-09-22 09:25:00.390,4.725,200
2020-09-22 09:25:00.390,4.725,100
2020-09-22 09:25:00.390,4.725,500
2020-09-22 09:25:00.390,4.725,100
2020-09-22 09:25:00.390,4.725,100
2020-09-22 09:25:00.390,4.725,100
2020-09-22 09:25:00.390,4.725,600
2020-09-22 09:25:00.390,4.725,1000
2020-09-22 09:25:00.390,4.725,100
2020-09-22 09:25:00.390,4.725,200
2020-09-22 09:25:00.390,4.725,100
2020-09-22 09:25:00.390,4.725,400
2020-09-22 09:25:00.390,4.725,500
2020-09-22 09:25:00.390,4.725,100
2020-09-22 09:25:00.390,4.725,100
2020-09-22 09:25:00.390,4.725,200
2020-09-22 09:25:00.390,4.725,100
2020-09-22 09:25:00.390,4.725,200
2020-09-22 09:25:00.390,4.725,500
2020-09-22 09:25:00.390,4.725,600
2020-09-22 09:25:00.390,4.725,100
2020-09-22 09:25:00.390,4.725,100
2020-09-22 09:25:00.390,4.725,100
2020-09-22 09:25:00.390,4.725,100
2020-09-22 09:25:00.390,4.725,100
2020-09-22 09:25:00.390,4.725,120000
2020-09-22 09:25:00.390,4.725,200
2020-09-22 09:25:00.390,4.725,300
2020-09-22 09:25:00.390,4.725,80000
2020-09-22 09:25:00.390,4.725,100
2020-09-22 09:25:00.390,4.725,28200
2020-09-22 09:25:00.390,4.725,200
2020-09-22 09:25:00.390,4.725,200
2020-09-22 09:25:00.390,4.725,1000
2020-09-22 09:25:00.390,4.725,100
2020-09-22 09:25:00.390,4.725,126200
2020-09-22 09:25:00.390,4.725,500
2020-09-22 09:25:00.390,4.725,5000
2020-09-22 09:25:00.390,4.725,100000
2020-09-22 09:25:00.390,4.725,200
2020-09-22 09:25:00.390,4.725,1000
2020-09-22 09:25:00.390,4.725,200
2020-09-22 09:25:00.390,4.725,100
2020-09-22 09:25:00.390,4.725,100
2020-09-22 09:25:00.390,4.725,200
2020-09-22 09:25:00.390,4.725,100
2020-09-22 09:25:00.390,4.725,100
2020-09-22 09:25:00.390,4.725,200
2020-09-22 09:25:00.390,4.725,5000
2020-09-22 09:25:00.390,4.725,200
2020-09-22 09:25:00.390,4.725,10000
2020-09-22 09:25:00.390,4.725,1000
2020-09-22 09:25:00.390,4.725,100
2020-09-22 09:25:00.390,4.725,200
2020-09-22 09:25:00.390,4.725,500
2020-09-22 09:25:00.390,4.725,500
2020-09-22 09:25:00.390,4.725,800
2020-09-22 09:25:00.390,4.725,7300
2020-09-22 09:25:00.390,4.725,100
2020-09-22 09:25:00.390,4.725,300
2020-09-22 09:25:00.390,4.725,100
2020-09-22 09:25:00.390,4.725,100
2020-09-22 09:25:00.390,4.725,31500
2020-09-22 09:25:00.390,4.725,1000
2020-09-22 09:25:00.390,4.725,400
2020-09-22 09:25:00.390,4.725,3000
2020-09-22 09:25:00.390,4.725,500
2020-09-22 09:25:00.390,4.725,100
2020-09-22 09:25:00.390,4.725,7000
2020-09-22 09:25:00.390,4.725,3000
2020-09-22 09:25:00.390,4.725,500
2020-09-22 09:25:00.390,4.725,1000
2020-09-22 09:25:00.390,4.725,100
2020-09-22 09:25:00.390,4.725,100
2020-09-22 09:25:00.390,4.725,1000
2020-09-22 09:25:00.390,4.725,5600
2020-09-22 09:25:00.390,4.725,6000
2020-09-22 09:25:00.390,4.725,3400
2020-09-22 09:25:00.390,4.725,3000
2020-09-22 09:25:00.390,4.725,1000
2020-09-22 09:25:00.390,4.725,2500
2020-09-22 09:25:00.390,4.725,500
2020-09-22 09:25:00.390,4.725,15000
2020-09-22 09:25:00.390,4.725,4000
2020-09-22 09:25:00.390,4.725,29100
2020-09-22 09:25:00.390,4.725,10900
2020-09-22 09:25:00.390,4.725,100
2020-09-22 09:25:00.390,4.725,1100
2020-09-22 09:25:00.390,4.725,100
2020-09-22 09:25:00.390,4.725,1000
2020-09-22 09:25:00.390,4.725,500
2020-09-22 09:25:00.390,4.725,30000
2020-09-22 09:25:00.390,4.725,200
2020-09-22 09:25:00.390,4.725,700
2020-09-22 09:25:00.390,4.725,5000
2020-09-22 09:25:00.390,4.725,10000
2020-09-22 09:25:00.390,4.725,100
2020-09-22 09:25:00.390,4.725,100
2020-09-22 09:25:00.390,4.725,25000
2020-09-22 09:25:00.390,4.725,100
2020-09-22 09:25:00.390,4.725,2000
2020-09-22 09:25:00.390,4.725,2500
2020-09-22 09:25:00.390,4.725,300
2020-09-22 09:25:00.390,4.725,2500
2020-09-22 09:25:00.390,4.725,200
2020-09-22 09:25:00.390,4.725,700
2020-09-22 09:25:00.390,4.725,6800
2020-09-22 09:25:00.390,4.725,200
2020-09-22 09:25:00.390,4.725,1000
2020-09-22 09:25:00.390,4.725,300
2020-09-22 09:25:00.390,4.725,1300
2020-09-22 09:25:00.390,4.725,10000
2020-09-22 09:25:00.390,4.725,5000
2020-09-22 09:25:00.390,4.725,200
2020-09-22 09:25:00.390,4.725,800
2020-09-22 09:25:00.390,4.725,10000
2020-09-22 09:25:00.390,4.725,3000
2020-09-22 09:25:00.390,4.725,100
2020-09-22 09:25:00.390,4.725,5600
2020-09-22 09:25:00.390,4.725,6000
2020-09-22 09:25:00.390,4.725,4000
2020-09-22 09:25:00.390,4.725,18300
2020-09-22 09:25:00.390,4.725,21700
2020-09-22 09:25:00.390,4.725,40000
2020-09-22 09:25:00.390,4.725,3200
2020-09-22 09:25:00.390,4.725,500
2020-09-22 09:25:00.390,4.725,1000
2020-09-22 09:25:00.390,4.725,100
2020-09-22 09:25:00.390,4.725,2000
2020-09-22 09:25:00.390,4.725,200
2020-09-22 09:25:00.390,4.725,4000
2020-09-22 09:25:00.390,4.725,2500
2020-09-22 09:25:00.390,4.725,6000
2020-09-22 09:25:00.390,4.725,100
2020-09-22 09:25:00.390,4.725,20000
2020-09-22 09:25:00.390,4.725,400
2020-09-22 09:25:00.390,4.725,4200
2020-09-22 09:25:00.390,4.725,200
2020-09-22 09:25:00.390,4.725,5000
2020-09-22 09:25:00.390,4.725,200
2020-09-22 09:25:00.390,4.725,1000
2020-09-22 09:25:00.390,4.725,300
2020-09-22 09:25:00.390,4.725,4000
2020-09-22 09:25:00.390,4.725,200
2020-09-22 09:25:00.390,4.725,10000
2020-09-22 09:25:00.390,4.725,10000
2020-09-22 09:25:00.390,4.725,1100
2020-09-22 09:25:00.390,4.725,2000
2020-09-22 09:25:00.390,4.725,4000
2020-09-22 09:25:00.390,4.725,700
2020-09-22 09:25:00.390,4.725,10000
2020-09-22 09:25:00.390,4.725,500
2020-09-22 09:25:00.390,4.725,6000
2020-09-22 09:25:00.390,4.725,5000
2020-09-22 09:25:00.390,4.725,8400
2020-09-22 09:25:00.390,4.725,1000
2020-09-22 09:25:00.390,4.725,1000
2020-09-22 09:25:00.390,4.725,3000
2020-09-22 09:25:00.390,4.725,100
2020-09-22 09:25:00.390,4.725,2000
2020-09-22 09:25:00.390,4.725,10000
2020-09-22 09:25:00.390,4.725,200
2020-09-22 09:25:00.390,4.725,100
2020-09-22 09:25:00.390,4.725,5000
2020-09-22 09:25:00.390,4.725,100000
2020-09-22 09:25:00.390,4.725,100
2020-09-22 09:25:00.390,4.725,3700
2020-09-22 09:25:00.390,4.725,11400
2020-09-22 09:25:00.390,4.725,100
2020-09-22 09:25:00.390,4.725,100
2020-09-22 09:25:00.390,4.725,2500
2020-09-22 09:25:00.390,4.725,700
2020-09-22 09:25:00.390,4.725,200
2020-09-22 09:25:00.390,4.725,1000
2020-09-22 09:25:00.390,4.725,2000
2020-09-22 09:25:00.390,4.725,1500
2020-09-22 09:25:00.390,4.725,2500
2020-09-22 09:25:00.390,4.725,2300
2020-09-22 09:25:00.390,4.725,2800
2020-09-22 09:25:00.390,4.725,20000
2020-09-22 09:25:00.390,4.725,200
2020-09-22 09:25:00.390,4.725,2000
2020-09-22 09:25:00.390,4.725,10000
2020-09-22 09:25:00.390,4.725,2000
2020-09-22 09:25:00.390,4.725,4300
2020-09-22 09:25:00.390,4.725,700
2020-09-22 09:25:00.390,4.725,4000
2020-09-22 09:25:00.390,4.725,100
2020-09-22 09:25:00.390,4.725,400
2020-09-22 09:25:00.390,4.725,3500
2020-09-22 09:25:00.390,4.725,20000
2020-09-22 09:25:00.390,4.725,2000
2020-09-22 09:25:00.390,4.725,100
2020-09-22 09:25:00.390,4.725,3700
2020-09-22 09:25:00.390,4.725,5600
2020-09-22 09:25:00.390,4.725,4000
2020-09-22 09:25:00.390,4.725,6000
2020-09-22 09:25:00.390,4.725,300
2020-09-22 09:25:00.390,4.725,3000
2020-09-22 09:25:00.390,4.725,500
2020-09-22 09:25:00.390,4.725,3500
2020-09-22 09:25:00.390,4.725,900
2020-09-22 09:25:00.390,4.725,1000
2020-09-22 09:25:00.390,4.725,3000
2020-09-22 09:25:00.390,4.725,100
2020-09-22 09:25:00.390,4.725,9000
2020-09-22 09:25:00.390,4.725,2000
2020-09-22 09:25:00.390,4.725,5500
2020-09-22 09:25:00.390,4.725,4000
2020-09-22 09:25:00.390,4.725,2000
2020-09-22 09:25:00.390,4.725,2500
2020-09-22 09:25:00.390,4.725,1000
2020-09-22 09:25:00.390,4.725,6000
2020-09-22 09:25:00.390,4.725,500
2020-09-22 09:25:00.390,4.725,200
2020-09-22 09:25:00.390,4.725,3000
2020-09-22 09:25:00.390,4.725,300
2020-09-22 09:25:00.390,4.725,3000
2020-09-22 09:25:00.390,4.725,800
2020-09-22 09:25:00.390,4.725,2600
2020-09-22 09:25:00.390,4.725,200
2020-09-22 09:25:00.390,4.725,2000
2020-09-22 09:25:00.390,4.725,300
2020-09-22 09:25:00.390,4.725,1100
2020-09-22 09:25:00.390,4.725,3000
2020-09-22 09:25:00.390,4.725,100
2020-09-22 09:25:00.390,4.725,12700
2020-09-22 09:25:00.390,4.725,3000
2020-09-22 09:25:00.390,4.725,30000
2020-09-22 09:25:00.390,4.725,15000
2020-09-22 09:25:00.390,4.725,2000
2020-09-22 09:25:00.390,4.725,700
2020-09-22 09:25:00.390,4.725,2000
2020-09-22 09:25:00.390,4.725,4000
2020-09-22 09:25:00.390,4.725,1000
2020-09-22 09:25:00.390,4.725,30000
2020-09-22 09:25:00.390,4.725,100
2020-09-22 09:25:00.390,4.725,3800
2020-09-22 09:25:00.390,4.725,10000
2020-09-22 09:25:00.390,4.725,600
2020-09-22 09:25:00.390,4.725,2000
2020-09-22 09:25:00.390,4.725,40000
2020-09-22 09:25:00.390,4.725,4200
2020-09-22 09:25:00.390,4.725,10000
2020-09-22 09:25:00.390,4.725,100
2020-09-22 09:25:00.390,4.725,5000
2020-09-22 09:25:00.390,4.725,300
2020-09-22 09:25:00.390,4.725,200
2020-09-22 09:25:00.390,4.725,200
2020-09-22 09:30:00.240,4.725,10000
2020-09-22 09:30:00.240,4.725,10000
2020-09-22 09:30:00.270,4.725,200
2020-09-22 09:30:00.310,4.724,2000
2020-09-22 09:30:00.310,4.724,2000
2020-09-22 09:30:00.310,4.724,5000
2020-09-22 09:30:00.310,4.724,3500
2020-09-22 09:30:00.350,4.725,1000
2020-09-22 09:30:00.350,4.725,200
2020-09-22 09:30:00.350,4.725,2000
2020-09-22 09:30:00.350,4.724,6500
2020-09-22 09:30:00.350,4.723,700
2020-09-22 09:30:00.350,4.723,300
2020-09-22 09:30:00.350,4.723,2000
2020-09-22 09:30:00.350,4.723,1100
2020-09-22 09:30:00.350,4.723,4400
2020-09-22 09:30:00.350,4.725,2000
2020-09-22 09:30:00.480,4.725,10500
2020-09-22 09:30:00.480,4.725,20000
2020-09-22 09:30:00.480,4.725,1500
2020-09-22 09:30:00.480,4.723,1900
2020-09-22 09:30:00.480,4.723,3700
2020-09-22 09:30:00.480,4.723,1100
2020-09-22 09:30:00.480,4.724,400
2020-09-22 09:30:00.480,4.725,500
2020-09-22 09:30:00.590,4.725,100
2020-09-22 09:30:00.590,4.725,1000
2020-09-22 09:30:00.590,4.723,4000
2020-09-22 09:30:00.590,4.724,4000
2020-09-22 09:30:00.590,4.725,96000
2020-09-22 09:30:00.590,4.725,500
2020-09-22 09:30:00.590,4.725,50000
2020-09-22 09:30:00.590,4.723,4500
2020-09-22 09:30:00.710,4.725,46600
2020-09-22 09:30:00.710,4.725,2200
2020-09-22 09:30:00.710,4.726,1000
2020-09-22 09:30:00.710,4.726,1200
2020-09-22 09:30:00.710,4.727,2000
2020-09-22 09:30:00.800,4.726,700
2020-09-22 09:30:00.800,4.725,10000
2020-09-22 09:30:00.800,4.725,100
2020-09-22 09:30:00.800,4.725,12900
2020-09-22 09:30:00.800,4.725,56300
2020-09-22 09:30:00.800,4.725,2500
2020-09-22 09:30:00.800,4.723,17700
2020-09-22 09:30:00.800,4.725,20000
2020-09-22 09:30:00.920,4.728,85100
2020-09-22 09:30:00.920,4.728,25000
2020-09-22 09:30:00.920,4.73,100
2020-09-22 09:30:00.920,4.73,20000
2020-09-22 09:30:00.920,4.73,10000
2020-09-22 09:30:00.920,4.73,10000
2020-09-22 09:30:00.920,4.73,10000
2020-09-22 09:30:00.920,4.73,10100
2020-09-22 09:30:00.920,4.731,129700
2020-09-22 09:30:00.920,4.726,100
2020-09-22 09:30:00.920,4.731,1300
2020-09-22 09:30:00.920,4.726,200
2020-09-22 09:30:01.040,4.727,44000
2020-09-22 09:30:01.040,4.727,21300
2020-09-22 09:30:01.040,4.727,300
2020-09-22 09:30:01.150,4.728,20000
2020-09-22 09:30:01.150,4.727,3400
2020-09-22 09:30:01.150,4.727,6300
2020-09-22 09:30:01.260,4.727,7000
2020-09-22 09:30:01.260,4.727,12000
2020-09-22 09:30:01.370,4.727,7700
2020-09-22 09:30:01.370,4.731,2000
2020-09-22 09:30:01.480,4.727,2500
2020-09-22 09:30:01.480,4.727,11000
2020-09-22 09:30:01.480,4.727,5000
2020-09-22 09:30:01.590,4.73,27200
2020-09-22 09:30:01.590,4.731,60000
2020-09-22 09:30:01.710,4.73,2500
2020-09-22 09:30:01.710,4.73,300
2020-09-22 09:30:01.710,4.727,1700
2020-09-22 09:30:01.840,4.727,6700
2020-09-22 09:30:01.840,4.727,5000
2020-09-22 09:30:01.840,4.727,15000
2020-09-22 09:30:01.840,4.727,4200
2020-09-22 09:30:01.950,4.727,500
2020-09-22 09:30:01.950,4.727,5900
2020-09-22 09:30:01.950,4.727,8000
2020-09-22 09:30:02.080,4.727,10800
2020-09-22 09:30:02.080,4.731,1000
2020-09-22 09:30:02.080,4.727,10000
2020-09-22 09:30:02.310,4.727,3000
2020-09-22 09:30:02.430,4.727,1400
2020-09-22 09:30:02.430,4.728,100
2020-09-22 09:30:02.430,4.727,6200
2020-09-22 09:30:02.430,4.727,2400
2020-09-22 09:30:02.430,4.726,600
2020-09-22 09:30:02.430,4.726,1200
2020-09-22 09:30:02.430,4.728,37900
2020-09-22 09:30:02.430,4.73,100000
2020-09-22 09:30:02.430,4.73,70200
2020-09-22 09:30:02.430,4.731,91900
2020-09-22 09:30:02.540,4.726,500
2020-09-22 09:30:02.540,4.726,26400
2020-09-22 09:30:02.540,4.726,190500
2020-09-22 09:30:02.540,4.726,500
2020-09-22 09:30:02.660,4.726,2800
2020-09-22 09:30:02.660,4.726,73200
2020-09-22 09:30:02.660,4.726,26800
2020-09-22 09:30:02.660,4.726,6000
2020-09-22 09:30:02.660,4.726,50000
2020-09-22 09:30:02.660,4.726,208600
2020-09-22 09:30:02.770,4.726,4600
2020-09-22 09:30:02.770,4.726,100
2020-09-22 09:30:02.770,4.726,22600
2020-09-22 09:30:02.770,4.726,3000
2020-09-22 09:30:02.890,4.727,800
2020-09-22 09:30:03.010,4.727,14200
2020-09-22 09:30:03.010,4.726,4400
2020-09-22 09:30:03.010,4.726,2200
2020-09-22 09:30:03.010,4.726,10000
2020-09-22 09:30:03.010,4.726,5000
2020-09-22 09:30:03.010,4.726,1000
2020-09-22 09:30:03.010,4.725,300
2020-09-22 09:30:03.010,4.725,900
2020-09-22 09:30:03.010,4.725,1000
2020-09-22 09:30:03.010,4.725,2000
2020-09-22 09:30:03.010,4.725,700
2020-09-22 09:30:03.010,4.725,300
2020-09-22 09:30:03.010,4.725,7900
2020-09-22 09:30:03.010,4.725,5000
2020-09-22 09:30:03.010,4.725,1000
2020-09-22 09:30:03.010,4.725,5300
2020-09-22 09:30:03.010,4.725,1000
2020-09-22 09:30:03.010,4.725,1000
2020-09-22 09:30:03.010,4.725,400
2020-09-22 09:30:03.010,4.725,1100
2020-09-22 09:30:03.010,4.725,300
2020-09-22 09:30:03.010,4.725,200
2020-09-22 09:30:03.010,4.725,32000
2020-09-22 09:30:03.010,4.725,200
2020-09-22 09:30:03.010,4.725,10000
2020-09-22 09:30:03.010,4.725,2400
2020-09-22 09:30:03.010,4.725,200
2020-09-22 09:30:03.010,4.725,100
2020-09-22 09:30:03.010,4.725,10000
2020-09-22 09:30:03.010,4.725,10000
2020-09-22 09:30:03.010,4.725,500
2020-09-22 09:30:03.010,4.725,1000
2020-09-22 09:30:03.010,4.725,1500
2020-09-22 09:30:03.010,4.725,10000
2020-09-22 09:30:03.010,4.725,10000
2020-09-22 09:30:03.010,4.725,10000
2020-09-22 09:30:03.010,4.725,1000
2020-09-22 09:30:03.010,4.725,3200
2020-09-22 09:30:03.010,4.725,2500
2020-09-22 09:30:03.010,4.725,10000
2020-09-22 09:30:03.010,4.725,10000
2020-09-22 09:30:03.010,4.725,100
2020-09-22 09:30:03.010,4.725,1000
2020-09-22 09:30:03.010,4.725,9100
2020-09-22 09:30:03.010,4.725,900
2020-09-22 09:30:03.010,4.725,800
2020-09-22 09:30:03.010,4.725,100
2020-09-22 09:30:03.010,4.725,6200
2020-09-22 09:30:03.120,4.726,100
2020-09-22 09:30:03.120,4.725,3800
2020-09-22 09:30:03.120,4.725,500
2020-09-22 09:30:03.120,4.725,5600
2020-09-22 09:30:03.120,4.725,3500
2020-09-22 09:30:03.120,4.725,7200
2020-09-22 09:30:03.120,4.725,2800
2020-09-22 09:30:03.120,4.725,4000
2020-09-22 09:30:03.240,4.725,2200
2020-09-22 09:30:03.240,4.725,11000
2020-09-22 09:30:03.240,4.725,5000
2020-09-22 09:30:03.240,4.725,4000
2020-09-22 09:30:03.240,4.725,100
2020-09-22 09:30:03.240,4.73,5000
2020-09-22 09:30:03.240,4.73,1500
2020-09-22 09:30:03.240,4.73,10000
2020-09-22 09:30:03.360,4.73,1700
2020-09-22 09:30:03.360,4.73,200
2020-09-22 09:30:03.490,4.73,1600
2020-09-22 09:30:03.490,4.729,600
2020-09-22 09:30:03.490,4.725,17800
2020-09-22 09:30:03.490,4.725,1000
2020-09-22 09:30:03.490,4.725,7100
2020-09-22 09:30:03.490,4.725,1100
2020-09-22 09:30:03.490,4.725,3000
2020-09-22 09:30:03.490,4.727,2000
2020-09-22 09:30:03.490,4.725,1900
2020-09-22 09:30:03.490,4.725,3100
2020-09-22 09:30:03.610,4.725,500
2020-09-22 09:30:03.610,4.731,21200
2020-09-22 09:30:03.730,4.727,100
2020-09-22 09:30:03.730,4.725,900
2020-09-22 09:30:03.730,4.727,104600
2020-09-22 09:30:03.730,4.727,8600
2020-09-22 09:30:03.730,4.731,2500
2020-09-22 09:30:03.850,4.727,3200
2020-09-22 09:30:03.850,4.727,500
2020-09-22 09:30:03.850,4.727,1000
2020-09-22 09:30:03.850,4.727,100000
2020-09-22 09:30:03.850,4.727,300
2020-09-22 09:30:03.850,4.727,10000
2020-09-22 09:30:03.970,4.727,20000
2020-09-22 09:30:03.970,4.727,10000
2020-09-22 09:30:03.970,4.727,8000
2020-09-22 09:30:03.970,4.727,1000
2020-09-22 09:30:04.100,4.727,1000
2020-09-22 09:30:04.330,4.728,100
2020-09-22 09:30:04.330,4.728,9900
2020-09-22 09:30:04.330,4.727,1000
2020-09-22 09:30:04.330,4.725,95500
2020-09-22 09:30:04.330,4.725,100
2020-09-22 09:30:04.330,4.725,100
2020-09-22 09:30:04.330,4.725,1000
2020-09-22 09:30:04.330,4.725,6300
2020-09-22 09:30:04.330,4.725,1600
2020-09-22 09:30:04.440,4.725,1000
2020-09-22 09:30:04.440,4.728,33000
2020-09-22 09:30:04.440,4.727,7500
2020-09-22 09:30:04.560,4.727,5000
2020-09-22 09:30:04.560,4.727,22000
2020-09-22 09:30:04.670,4.727,9300
2020-09-22 09:30:04.790,4.727,1200
2020-09-22 09:30:04.790,4.727,37400
2020-09-22 09:30:04.900,4.727,17500
2020-09-22 09:30:04.900,4.727,1100
2020-09-22 09:30:04.900,4.727,4000
2020-09-22 09:30:05.010,4.727,21100
2020-09-22 09:30:05.120,4.727,3400
2020-09-22 09:30:05.120,4.727,6000
2020-09-22 09:30:05.120,4.727,10400
2020-09-22 09:30:05.120,4.727,300
2020-09-22 09:30:05.120,4.727,6300
2020-09-22 09:30:05.260,4.728,7100
2020-09-22 09:30:05.260,4.73,2000
2020-09-22 09:30:05.320,4.732,40000
2020-09-22 09:30:05.320,4.731,2000
2020-09-22 09:30:05.320,4.731,2100
2020-09-22 09:30:05.520,4.731,3900
2020-09-22 09:30:05.520,4.727,21700
2020-09-22 09:30:05.550,4.727,20000
2020-09-22 09:30:05.550,4.727,15000
2020-09-22 09:30:05.550,4.727,9500
2020-09-22 09:30:05.660,4.727,5200
2020-09-22 09:30:05.660,4.727,3000
2020-09-22 09:30:05.660,4.727,2000
2020-09-22 09:30:05.770,4.727,10000
2020-09-22 09:30:05.770,4.727,500
2020-09-22 09:30:05.770,4.727,6700
2020-09-22 09:30:05.930,4.73,4000
2020-09-22 09:30:06.080,4.73,5900
2020-09-22 09:30:06.080,4.73,10500
2020-09-22 09:30:06.080,4.727,10000
2020-09-22 09:30:06.220,4.727,28500
2020-09-22 09:30:06.290,4.728,5000
2020-09-22 09:30:06.340,4.728,2000
2020-09-22 09:30:06.470,4.732,200
2020-09-22 09:30:06.510,4.728,10000
2020-09-22 09:30:06.710,4.731,500
2020-09-22 09:30:06.710,4.728,43000
2020-09-22 09:30:06.710,4.728,2000
2020-09-22 09:30:06.710,4.727,15400
2020-09-22 09:30:06.710,4.727,500
2020-09-22 09:30:06.710,4.727,17900
2020-09-22 09:30:06.810,4.727,9000
2020-09-22 09:30:06.970,4.729,7700
2020-09-22 09:30:06.970,4.732,7000
2020-09-22 09:30:07.090,4.729,35000
2020-09-22 09:30:07.200,4.729,9900
2020-09-22 09:30:07.330,4.729,10000
2020-09-22 09:30:07.330,4.729,100
2020-09-22 09:30:07.400,4.729,5000
2020-09-22 09:30:07.470,4.729,100
2020-09-22 09:30:07.690,4.73,315000
2020-09-22 09:30:07.910,4.729,1000
2020-09-22 09:30:08.080,4.73,211400
2020-09-22 09:30:08.210,4.73,2500
2020-09-22 09:30:08.320,4.73,60000
2020-09-22 09:30:08.320,4.73,1000
2020-09-22 09:30:08.320,4.729,4400
2020-09-22 09:30:08.420,4.73,600
2020-09-22 09:30:08.620,4.729,100
2020-09-22 09:30:08.700,4.73,200
2020-09-22 09:30:08.770,4.73,21200
2020-09-22 09:30:08.770,4.73,1000
2020-09-22 09:30:08.890,4.729,6000
2020-09-22 09:30:08.890,4.729,5000
2020-09-22 09:30:08.890,4.729,50000
2020-09-22 09:30:09.000,4.729,800
2020-09-22 09:30:09.110,4.729,2000
2020-09-22 09:30:09.110,4.729,100
2020-09-22 09:30:09.150,4.729,50000
2020-09-22 09:30:09.300,4.729,4000
2020-09-22 09:30:09.330,4.729,3000
2020-09-22 09:30:09.330,4.729,20000
2020-09-22 09:30:09.330,4.728,200
2020-09-22 09:30:09.330,4.728,500
2020-09-22 09:30:09.330,4.727,23100
2020-09-22 09:30:09.330,4.727,3200
2020-09-22 09:30:09.360,4.73,20000
2020-09-22 09:30:09.360,4.73,20000
2020-09-22 09:30:09.530,4.729,30000
2020-09-22 09:30:09.530,4.728,20000
2020-09-22 09:30:09.530,4.73,40000
2020-09-22 09:30:09.530,4.73,40000
2020-09-22 09:30:09.770,4.728,1000
2020-09-22 09:30:09.840,4.728,2000
2020-09-22 09:30:09.900,4.729,500
2020-09-22 09:30:09.900,4.73,30000
2020-09-22 09:30:09.900,4.73,30000
2020-09-22 09:30:10.030,4.729,9100
2020-09-22 09:30:10.060,4.729,100
2020-09-22 09:30:10.340,4.729,3000
2020-09-22 09:30:10.340,4.729,20000
2020-09-22 09:30:10.430,4.73,800
2020-09-22 09:30:10.720,4.729,2000
2020-09-22 09:30:10.720,4.73,6000
2020-09-22 09:30:10.750,4.73,30000
2020-09-22 09:30:10.750,4.729,5000
2020-09-22 09:30:10.890,4.729,300
2020-09-22 09:30:10.890,4.729,23700
2020-09-22 09:30:11.030,4.729,1000
2020-09-22 09:30:11.030,4.729,200
2020-09-22 09:30:11.090,4.729,500
2020-09-22 09:30:11.130,4.729,100
2020-09-22 09:30:11.170,4.729,1800
2020-09-22 09:30:11.200,4.729,2700
2020-09-22 09:30:11.200,4.728,11100
2020-09-22 09:30:11.260,4.728,300
2020-09-22 09:30:11.860,4.73,500
2020-09-22 09:30:12.050,4.729,26400
2020-09-22 09:30:12.140,4.729,3600
2020-09-22 09:30:12.140,4.728,1400
2020-09-22 09:30:12.320,4.73,20000
2020-09-22 09:30:12.700,4.73,11100
2020-09-22 09:30:12.770,4.73,200
2020-09-22 09:30:12.890,4.729,10000
2020-09-22 09:30:13.380,4.729,20000
2020-09-22 09:30:13.380,4.729,40000
2020-09-22 09:30:13.380,4.729,5000
2020-09-22 09:30:13.700,4.729,25200
2020-09-22 09:30:13.780,4.729,4000
2020-09-22 09:30:14.330,4.729,2500
2020-09-22 09:30:14.390,4.728,10000
2020-09-22 09:30:14.640,4.729,27600
2020-09-22 09:30:14.760,4.729,100
2020-09-22 09:30:15.390,4.729,1000
2020-09-22 09:30:15.420,4.728,7200
2020-09-22 09:30:15.420,4.728,1000
2020-09-22 09:30:15.420,4.728,20000
2020-09-22 09:30:15.420,4.728,40000
2020-09-22 09:30:15.420,4.728,31100
2020-09-22 09:30:15.910,4.728,3000
2020-09-22 09:30:15.970,4.728,38000
2020-09-22 09:30:16.230,4.728,30000
2020-09-22 09:30:16.260,4.728,5000
2020-09-22 09:30:16.380,4.728,60000
2020-09-22 09:30:16.470,4.728,21200
2020-09-22 09:30:16.470,4.728,50000
2020-09-22 09:30:16.650,4.728,700
2020-09-22 09:30:16.770,4.728,30000
2020-09-22 09:30:16.820,4.728,30000
2020-09-22 09:30:16.970,4.727,1800
2020-09-22 09:30:16.970,4.727,1000
2020-09-22 09:30:16.970,4.727,1000
2020-09-22 09:30:16.970,4.727,30000
2020-09-22 09:30:16.970,4.727,30000
2020-09-22 09:30:16.970,4.727,20000
2020-09-22 09:30:16.970,4.727,30000
2020-09-22 09:30:16.970,4.726,128400
2020-09-22 09:30:16.970,4.726,71600
2020-09-22 09:30:16.970,4.726,100
2020-09-22 09:30:16.970,4.726,4400
2020-09-22 09:30:16.970,4.726,5000
2020-09-22 09:30:16.970,4.726,25500
2020-09-22 09:30:16.970,4.726,1000
2020-09-22 09:30:16.970,4.725,11100
2020-09-22 09:30:16.970,4.725,1100
2020-09-22 09:30:16.970,4.725,10000
2020-09-22 09:30:16.970,4.725,11000
2020-09-22 09:30:16.970,4.725,10000
2020-09-22 09:30:16.970,4.725,10000
2020-09-22 09:30:16.970,4.725,500
2020-09-22 09:30:16.970,4.725,1200
2020-09-22 09:30:16.970,4.725,2000
2020-09-22 09:30:16.970,4.725,1000
2020-09-22 09:30:16.970,4.725,10000
2020-09-22 09:30:16.970,4.725,4000
2020-09-22 09:30:16.970,4.725,5000
2020-09-22 09:30:16.970,4.725,1100
2020-09-22 09:30:16.970,4.725,4200
2020-09-22 09:30:16.970,4.725,100
2020-09-22 09:30:16.970,4.725,1500
2020-09-22 09:30:16.970,4.725,2500
2020-09-22 09:30:16.970,4.725,2100
2020-09-22 09:30:16.970,4.725,1000
2020-09-22 09:30:16.970,4.725,10000
2020-09-22 09:30:16.970,4.725,100
2020-09-22 09:30:16.970,4.725,2500
2020-09-22 09:30:16.970,4.725,10000
2020-09-22 09:30:16.970,4.725,500
2020-09-22 09:30:16.970,4.725,1000
2020-09-22 09:30:16.970,4.725,900
2020-09-22 09:30:16.970,4.725,17400
2020-09-22 09:30:16.970,4.725,600
2020-09-22 09:30:16.970,4.725,15000
2020-09-22 09:30:16.970,4.725,100
2020-09-22 09:30:16.970,4.725,900
2020-09-22 09:30:16.970,4.725,3000
2020-09-22 09:30:16.970,4.725,1700
2020-09-22 09:30:16.970,4.725,16500
2020-09-22 09:30:16.970,4.725,1000
2020-09-22 09:30:16.970,4.725,500
2020-09-22 09:30:16.970,4.725,10000
2020-09-22 09:30:16.970,4.725,100
2020-09-22 09:30:16.970,4.725,1000
2020-09-22 09:30:16.970,4.725,1000
2020-09-22 09:30:16.970,4.725,3200
2020-09-22 09:30:16.970,4.725,60000
2020-09-22 09:30:16.970,4.725,1500
2020-09-22 09:30:16.970,4.725,1000
2020-09-22 09:30:16.970,4.725,2200
2020-09-22 09:30:16.970,4.725,1100
2020-09-22 09:30:16.970,4.725,6000
2020-09-22 09:30:16.970,4.725,1000
2020-09-22 09:30:16.970,4.725,1000
2020-09-22 09:30:16.970,4.725,5000
2020-09-22 09:30:16.970,4.725,100
2020-09-22 09:30:16.970,4.725,4300
2020-09-22 09:30:16.970,4.725,200
2020-09-22 09:30:16.970,4.725,3000
2020-09-22 09:30:16.970,4.725,1000
2020-09-22 09:30:16.970,4.725,100
2020-09-22 09:30:16.970,4.725,100
2020-09-22 09:30:16.970,4.725,11000
2020-09-22 09:30:16.970,4.725,3000
2020-09-22 09:30:16.970,4.725,2200
2020-09-22 09:30:16.970,4.725,5000
2020-09-22 09:30:16.970,4.725,5000
2020-09-22 09:30:16.970,4.725,2000
2020-09-22 09:30:16.970,4.725,10000
2020-09-22 09:30:16.970,4.725,200
2020-09-22 09:30:16.970,4.725,1000
2020-09-22 09:30:16.970,4.725,4200
2020-09-22 09:30:16.970,4.725,2100
2020-09-22 09:30:16.970,4.725,1100
2020-09-22 09:30:16.970,4.725,500
2020-09-22 09:30:16.970,4.725,2000
2020-09-22 09:30:16.970,4.725,300
2020-09-22 09:30:16.970,4.725,100
2020-09-22 09:30:16.970,4.725,500
2020-09-22 09:30:16.970,4.725,2100
2020-09-22 09:30:16.970,4.725,5000
2020-09-22 09:30:16.970,4.725,3100
2020-09-22 09:30:16.970,4.725,1900
2020-09-22 09:30:16.970,4.725,300
2020-09-22 09:30:16.970,4.725,400
2020-09-22 09:30:16.970,4.725,500
2020-09-22 09:30:16.970,4.725,100
2020-09-22 09:30:16.970,4.725,700
2020-09-22 09:30:16.970,4.725,1000
2020-09-22 09:30:16.970,4.725,19000
2020-09-22 09:30:16.970,4.725,50000
2020-09-22 09:30:16.970,4.725,100
2020-09-22 09:30:16.970,4.725,900
2020-09-22 09:30:16.970,4.725,2000
2020-09-22 09:30:16.970,4.725,500
2020-09-22 09:30:16.970,4.725,100
2020-09-22 09:30:16.970,4.725,100
2020-09-22 09:30:16.970,4.725,800
2020-09-22 09:30:16.970,4.725,100
2020-09-22 09:30:16.970,4.725,100
2020-09-22 09:30:16.970,4.725,5000
2020-09-22 09:30:16.970,4.725,1000
2020-09-22 09:30:16.970,4.725,100
2020-09-22 09:30:16.970,4.725,100
2020-09-22 09:30:16.970,4.725,100
2020-09-22 09:30:16.970,4.725,500
2020-09-22 09:30:16.970,4.725,200
2020-09-22 09:30:16.970,4.725,1000
2020-09-22 09:30:16.970,4.725,100
2020-09-22 09:30:16.970,4.725,100
2020-09-22 09:30:16.970,4.725,2500
2020-09-22 09:30:16.970,4.725,10000
2020-09-22 09:30:16.970,4.725,8000
2020-09-22 09:30:16.970,4.725,300
2020-09-22 09:30:16.970,4.725,1000
2020-09-22 09:30:16.970,4.724,10000
2020-09-22 09:30:16.970,4.724,7000
2020-09-22 09:30:16.970,4.724,200
2020-09-22 09:30:16.970,4.724,3500
2020-09-22 09:30:16.970,4.724,1100
2020-09-22 09:30:16.970,4.724,3000
2020-09-22 09:30:16.970,4.724,1000
2020-09-22 09:30:16.970,4.724,11000
2020-09-22 09:30:16.970,4.724,2000
2020-09-22 09:30:16.970,4.724,100
2020-09-22 09:30:16.970,4.724,100
2020-09-22 09:30:17.300,4.728,2000
2020-09-22 09:30:17.390,4.728,60000
2020-09-22 09:30:17.670,4.728,200
2020-09-22 09:30:17.730,4.728,30000
2020-09-22 09:30:18.030,4.728,200
2020-09-22 09:30:18.060,4.728,500
2020-09-22 09:30:18.300,4.728,500
2020-09-22 09:30:18.300,4.728,40000
2020-09-22 09:30:18.780,4.728,300
2020-09-22 09:30:18.880,4.728,1400
2020-09-22 09:30:19.020,4.727,200
2020-09-22 09:30:19.020,4.727,1000
2020-09-22 09:30:19.020,4.727,2800
2020-09-22 09:30:19.020,4.728,1000
2020-09-22 09:30:19.370,4.728,500
2020-09-22 09:30:19.570,4.727,27200
2020-09-22 09:30:19.570,4.727,60000
2020-09-22 09:30:19.570,4.727,30000
2020-09-22 09:30:19.720,4.727,500
2020-09-22 09:30:19.800,4.727,20000
2020-09-22 09:30:19.800,4.727,20000
2020-09-22 09:30:19.800,4.727,30000
2020-09-22 09:30:20.080,4.727,500
2020-09-22 09:30:20.170,4.726,30000
2020-09-22 09:30:20.260,4.726,2800
2020-09-22 09:30:20.320,4.726,60000
2020-09-22 09:30:20.320,4.726,3000
2020-09-22 09:30:20.530,4.726,10000
2020-09-22 09:30:20.720,4.726,30000
2020-09-22 09:30:20.720,4.726,30000
2020-09-22 09:30:20.750,4.726,5000
2020-09-22 09:30:20.900,4.726,100
2020-09-22 09:30:21.040,4.726,12900
2020-09-22 09:30:21.040,4.726,30000
2020-09-22 09:30:21.110,4.726,200
2020-09-22 09:30:21.290,4.726,100
2020-09-22 09:30:21.420,4.726,6900
2020-09-22 09:30:21.790,4.726,11800
2020-09-22 09:30:21.820,4.726,30000
2020-09-22 09:30:21.910,4.726,200
2020-09-22 09:30:22.190,4.726,10000
2020-09-22 09:30:22.250,4.726,30000
2020-09-22 09:30:22.280,4.726,30000
2020-09-22 09:30:22.460,4.725,5000
2020-09-22 09:30:22.810,4.726,30000
2020-09-22 09:30:22.930,4.726,3000
2020-09-22 09:30:23.050,4.726,2500
2020-09-22 09:30:23.080,4.726,500
2020-09-22 09:30:23.210,4.726,30000
2020-09-22 09:30:23.210,4.726,30000
2020-09-22 09:30:23.270,4.726,20000
2020-09-22 09:30:23.390,4.726,5300
2020-09-22 09:30:23.510,4.726,5000
2020-09-22 09:30:23.510,4.726,5000
2020-09-22 09:30:23.510,4.726,1000
2020-09-22 09:30:23.720,4.726,20000
2020-09-22 09:30:23.860,4.726,1000
2020-09-22 09:30:23.860,4.726,2800
2020-09-22 09:30:23.890,4.725,55000
2020-09-22 09:30:23.890,4.725,1300
2020-09-22 09:30:23.890,4.725,1000
2020-09-22 09:30:23.890,4.724,53600
2020-09-22 09:30:23.890,4.724,1000
2020-09-22 09:30:23.890,4.724,400
2020-09-22 09:30:23.890,4.724,700
2020-09-22 09:30:23.890,4.724,1000
2020-09-22 09:30:23.890,4.724,10000
2020-09-22 09:30:23.890,4.724,10000
2020-09-22 09:30:23.890,4.724,1000
2020-09-22 09:30:23.890,4.724,400
2020-09-22 09:30:23.890,4.724,10000
2020-09-22 09:30:23.890,4.723,119000
2020-09-22 09:30:23.890,4.723,5000
2020-09-22 09:30:23.890,4.723,7000
2020-09-22 09:30:23.890,4.723,500
2020-09-22 09:30:23.890,4.723,100
2020-09-22 09:30:23.890,4.723,100
2020-09-22 09:30:23.890,4.723,1000
2020-09-22 09:30:23.890,4.723,2000
2020-09-22 09:30:23.890,4.723,30000
2020-09-22 09:30:23.890,4.723,3000
2020-09-22 09:30:23.890,4.723,6000
2020-09-22 09:30:23.890,4.723,6000
2020-09-22 09:30:23.890,4.723,5000
2020-09-22 09:30:23.890,4.723,10000
2020-09-22 09:30:23.890,4.723,12000
2020-09-22 09:30:23.890,4.723,20000
2020-09-22 09:30:23.890,4.723,10000
2020-09-22 09:30:23.890,4.723,1500
2020-09-22 09:30:23.890,4.723,1500
2020-09-22 09:30:23.890,4.723,1000
2020-09-22 09:30:23.890,4.723,10100
2020-09-22 09:30:23.920,4.726,100
2020-09-22 09:30:23.960,4.726,30000
2020-09-22 09:30:23.990,4.726,30000
2020-09-22 09:30:24.120,4.726,100
2020-09-22 09:30:24.280,4.726,30000
2020-09-22 09:30:24.300,4.726,30000
2020-09-22 09:30:24.340,4.726,30000
2020-09-22 09:30:24.800,4.725,5000
2020-09-22 09:30:25.070,4.725,5000
2020-09-22 09:30:25.070,4.726,260700
2020-09-22 09:30:25.070,4.726,34300
2020-09-22 09:30:25.260,4.726,30000
2020-09-22 09:30:25.260,4.726,30000
2020-09-22 09:30:25.290,4.726,30000
2020-09-22 09:30:25.320,4.726,30000
2020-09-22 09:30:25.690,4.725,15000
2020-09-22 09:30:25.820,4.726,69000
2020-09-22 09:30:25.820,4.726,72700
2020-09-22 09:30:25.880,4.727,1000
2020-09-22 09:30:26.220,4.727,30000
2020-09-22 09:30:26.280,4.727,30000
2020-09-22 09:30:26.720,4.727,20000
2020-09-22 09:30:26.750,4.727,30000
2020-09-22 09:30:26.870,4.727,30000
2020-09-22 09:30:26.870,4.727,30000
2020-09-22 09:30:27.000,4.727,1500
2020-09-22 09:30:27.090,4.726,1100
2020-09-22 09:30:27.430,4.726,7300
2020-09-22 09:30:27.430,4.726,10000
2020-09-22 09:30:27.430,4.726,20000
2020-09-22 09:30:27.430,4.726,10000
2020-09-22 09:30:27.430,4.726,1400
2020-09-22 09:30:27.430,4.726,3000
2020-09-22 09:30:27.430,4.725,3000
2020-09-22 09:30:27.430,4.725,100
2020-09-22 09:30:27.550,4.725,100
2020-09-22 09:30:27.720,4.725,10000
2020-09-22 09:30:27.720,4.725,10000
2020-09-22 09:30:27.720,4.725,30000
2020-09-22 09:30:27.750,4.725,7000
2020-09-22 09:30:27.810,4.725,30000
2020-09-22 09:30:27.810,4.725,40000
2020-09-22 09:30:27.810,4.725,40000
2020-09-22 09:30:27.990,4.725,2000
2020-09-22 09:30:28.140,4.725,1000
2020-09-22 09:30:28.310,4.725,60000
2020-09-22 09:30:28.750,4.725,2400
2020-09-22 09:30:28.750,4.724,500
2020-09-22 09:30:28.750,4.724,5000
2020-09-22 09:30:28.750,4.724,5000
2020-09-22 09:30:28.750,4.724,2100
2020-09-22 09:30:28.750,4.724,10000
2020-09-22 09:30:28.750,4.723,2500
2020-09-22 09:30:28.750,4.723,31700
2020-09-22 09:30:28.750,4.723,6000
2020-09-22 09:30:28.750,4.723,5000
2020-09-22 09:30:28.750,4.723,5800
2020-09-22 09:30:28.750,4.723,10000
2020-09-22 09:30:28.750,4.723,4500
2020-09-22 09:30:28.750,4.723,1600
2020-09-22 09:30:28.750,4.723,1900
2020-09-22 09:30:28.750,4.723,2100
2020-09-22 09:30:28.750,4.723,5200
2020-09-22 09:30:28.750,4.723,100
2020-09-22 09:30:28.750,4.723,1000
2020-09-22 09:30:29.170,4.725,200
2020-09-22 09:30:29.230,4.725,57500
2020-09-22 09:30:29.290,4.725,500
2020-09-22 09:30:29.450,4.725,2500
2020-09-22 09:30:30.200,4.725,20000
2020-09-22 09:30:30.200,4.725,20000
2020-09-22 09:30:30.270,4.725,2100
2020-09-22 09:30:30.270,4.725,300
2020-09-22 09:30:30.390,4.725,5500
2020-09-22 09:30:30.490,4.725,2000
2020-09-22 09:30:30.760,4.724,10000
2020-09-22 09:30:30.760,4.724,10000
2020-09-22 09:30:30.760,4.724,15000
2020-09-22 09:30:30.760,4.723,11300
2020-09-22 09:30:30.760,4.723,1000
2020-09-22 09:30:30.760,4.723,200
2020-09-22 09:30:30.760,4.723,500
2020-09-22 09:30:30.760,4.723,1100
2020-09-22 09:30:30.760,4.723,5000
2020-09-22 09:30:30.760,4.723,500
2020-09-22 09:30:30.760,4.723,15000
2020-09-22 09:30:30.760,4.723,400
2020-09-22 09:30:30.760,4.723,2700
2020-09-22 09:30:30.760,4.723,1000
2020-09-22 09:30:30.760,4.723,27400
2020-09-22 09:30:30.760,4.723,2000
2020-09-22 09:30:30.760,4.723,1900
2020-09-22 09:30:30.760,4.725,30000
2020-09-22 09:30:30.760,4.725,40000
2020-09-22 09:30:30.760,4.725,40000
2020-09-22 09:30:30.760,4.725,10000
2020-09-22 09:30:30.790,4.725,30000
2020-09-22 09:30:30.930,4.725,2000
2020-09-22 09:30:30.960,4.725,5500
2020-09-22 09:30:31.330,4.725,10000
2020-09-22 09:30:31.330,4.725,40000
2020-09-22 09:30:31.370,4.725,1000
2020-09-22 09:30:31.430,4.725,31700
2020-09-22 09:30:31.430,4.725,500
2020-09-22 09:30:31.430,4.725,30000
2020-09-22 09:30:31.640,4.725,71700
2020-09-22 09:30:31.640,4.725,17300
2020-09-22 09:30:31.640,4.725,200
2020-09-22 09:30:31.640,4.725,3500
2020-09-22 09:30:31.700,4.726,134100
2020-09-22 09:30:31.730,4.726,30000
2020-09-22 09:30:31.790,4.726,30000
2020-09-22 09:30:31.880,4.726,300000
2020-09-22 09:30:32.160,4.725,57400
2020-09-22 09:30:32.160,4.725,10000
2020-09-22 09:30:32.160,4.725,10000
2020-09-22 09:30:32.160,4.724,22600
2020-09-22 09:30:32.160,4.726,300000
2020-09-22 09:30:32.240,4.726,30000
2020-09-22 09:30:32.450,4.726,600
2020-09-22 09:30:32.740,4.726,9600
2020-09-22 09:30:32.740,4.727,229800
2020-09-22 09:30:32.740,4.727,30000
2020-09-22 09:30:32.740,4.727,10000
2020-09-22 09:30:32.740,4.727,11300
2020-09-22 09:30:32.800,4.727,15100
2020-09-22 09:30:32.800,4.727,2500
2020-09-22 09:30:32.800,4.727,300
2020-09-22 09:30:32.800,4.727,12100
2020-09-22 09:30:32.800,4.727,30000
2020-09-22 09:30:32.870,4.727,30000
2020-09-22 09:30:32.900,4.727,127900
2020-09-22 09:30:32.930,4.728,200
2020-09-22 09:30:32.930,4.728,1900
2020-09-22 09:30:32.930,4.728,100
2020-09-22 09:30:32.930,4.729,6200
2020-09-22 09:30:32.930,4.729,200
2020-09-22 09:30:32.930,4.729,11500
2020-09-22 09:30:33.160,4.727,120000
2020-09-22 09:30:34.350,4.728,100
2020-09-22 09:30:34.350,4.728,16100
2020-09-22 09:30:34.740,4.729,14900
2020-09-22 09:30:34.740,4.729,10000
2020-09-22 09:30:34.740,4.729,5100
2020-09-22 09:30:34.800,4.729,30000
2020-09-22 09:30:34.800,4.729,164900
2020-09-22 09:30:34.800,4.729,5000
2020-09-22 09:30:34.800,4.729,60000
2020-09-22 09:30:34.800,4.73,28800
2020-09-22 09:30:34.800,4.73,41300
2020-09-22 09:30:34.830,4.728,5600
2020-09-22 09:30:35.600,4.728,8300
2020-09-22 09:30:35.600,4.728,30000
2020-09-22 09:30:35.600,4.728,1700
2020-09-22 09:30:35.730,4.728,300
2020-09-22 09:30:35.980,4.73,80000
2020-09-22 09:30:35.980,4.73,5600
2020-09-22 09:30:35.980,4.729,1000
2020-09-22 09:30:35.980,4.729,4000
2020-09-22 09:30:36.200,4.729,1300
2020-09-22 09:30:36.260,4.729,23700
2020-09-22 09:30:36.260,4.729,20000
2020-09-22 09:30:36.260,4.728,24500
2020-09-22 09:30:36.260,4.728,13500
2020-09-22 09:30:36.260,4.728,300000
2020-09-22 09:30:36.260,4.728,24800
2020-09-22 09:30:36.260,4.728,5200
2020-09-22 09:30:36.260,4.727,1000
2020-09-22 09:30:36.260,4.727,40000
2020-09-22 09:30:36.260,4.727,100
2020-09-22 09:30:36.260,4.726,1000
2020-09-22 09:30:36.260,4.726,176700
2020-09-22 09:30:36.320,4.727,300000
2020-09-22 09:30:36.560,4.726,36000
2020-09-22 09:30:36.690,4.726,2700
2020-09-22 09:30:36.750,4.727,30000
2020-09-22 09:30:36.790,4.727,7700
2020-09-22 09:30:36.790,4.728,22300
2020-09-22 09:30:36.790,4.728,11200
2020-09-22 09:30:36.790,4.73,8800
2020-09-22 09:30:36.790,4.73,30000
2020-09-22 09:30:37.050,4.73,5600
2020-09-22 09:30:37.050,4.73,14400
2020-09-22 09:30:37.290,4.73,30000
2020-09-22 09:30:37.360,4.728,15900
2020-09-22 09:30:37.450,4.728,4100
2020-09-22 09:30:37.450,4.727,9600
2020-09-22 09:30:37.480,4.73,30000
2020-09-22 09:30:37.720,4.73,125600
2020-09-22 09:30:37.720,4.732,2800
2020-09-22 09:30:37.720,4.732,12200
2020-09-22 09:30:37.720,4.732,50000
2020-09-22 09:30:37.720,4.732,300000
2020-09-22 09:30:37.720,4.732,109400
2020-09-22 09:30:37.950,4.729,30000
2020-09-22 09:30:37.950,4.727,305400
2020-09-22 09:30:37.950,4.727,2700
2020-09-22 09:30:37.950,4.726,177700
2020-09-22 09:30:37.980,4.727,1400
2020-09-22 09:30:38.010,4.727,21000
2020-09-22 09:30:38.130,4.727,2500
2020-09-22 09:30:38.220,4.726,25500
2020-09-22 09:30:38.590,4.727,500
2020-09-22 09:30:38.590,4.727,2300
2020-09-22 09:30:38.710,4.727,100
2020-09-22 09:30:38.810,4.727,100
2020-09-22 09:30:38.910,4.727,18000
2020-09-22 09:30:38.910,4.728,282000
2020-09-22 09:30:38.930,4.728,56300
2020-09-22 09:30:38.930,4.732,190600
2020-09-22 09:30:39.450,4.733,1200
2020-09-22 09:30:39.450,4.733,50000
2020-09-22 09:30:39.450,4.733,122600
2020-09-22 09:30:39.450,4.732,3700
2020-09-22 09:30:39.560,4.732,18600
2020-09-22 09:30:40.440,4.732,25900
2020-09-22 09:30:40.440,4.731,10100
2020-09-22 09:30:40.620,4.733,200
2020-09-22 09:30:40.620,4.733,200
2020-09-22 09:30:40.620,4.733,200
2020-09-22 09:30:40.920,4.734,315000
2020-09-22 09:30:40.920,4.734,285000
2020-09-22 09:30:42.220,4.731,4000
2020-09-22 09:30:43.590,4.734,150100
2020-09-22 09:30:43.810,4.732,3100
2020-09-22 09:30:43.850,4.734,1800
2020-09-22 09:30:44.060,4.735,500
2020-09-22 09:30:44.690,4.734,400
2020-09-22 09:30:44.690,4.732,19600
2020-09-22 09:30:44.980,4.733,400
2020-09-22 09:30:45.390,4.734,2000
2020-09-22 09:30:45.390,4.733,26600
2020-09-22 09:30:45.490,4.735,50000
2020-09-22 09:30:45.490,4.735,49500
2020-09-22 09:30:45.490,4.735,500
2020-09-22 09:30:45.490,4.735,50000
2020-09-22 09:30:45.490,4.735,3500
2020-09-22 09:30:45.490,4.735,2500
2020-09-22 09:30:45.490,4.735,44000
2020-09-22 09:30:45.490,4.735,50000
2020-09-22 09:30:45.490,4.735,50000
2020-09-22 09:30:45.490,4.735,50000
2020-09-22 09:30:45.490,4.735,50000
2020-09-22 09:30:45.490,4.735,50000
2020-09-22 09:30:45.490,4.735,6000
2020-09-22 09:30:45.490,4.735,44000
2020-09-22 09:30:45.490,4.735,50000
2020-09-22 09:30:45.490,4.735,50000
2020-09-22 09:30:45.870,4.733,1400
2020-09-22 09:30:47.760,4.735,30000
2020-09-22 09:30:47.760,4.735,50000
2020-09-22 09:30:47.760,4.735,30000
2020-09-22 09:30:48.060,4.734,20000
2020-09-22 09:30:48.060,4.734,2000
2020-09-22 09:30:48.060,4.733,12300
2020-09-22 09:30:48.320,4.734,26300
2020-09-22 09:30:48.510,4.736,17700
2020-09-22 09:30:48.510,4.736,5000
2020-09-22 09:30:48.510,4.736,12800
2020-09-22 09:30:48.570,4.735,2000
2020-09-22 09:30:49.170,4.735,2200
2020-09-22 09:30:49.170,4.734,2800
2020-09-22 09:30:49.760,4.736,10000
2020-09-22 09:30:49.910,4.735,100
2020-09-22 09:30:49.960,4.735,6600
2020-09-22 09:30:50.480,4.736,2000
2020-09-22 09:30:50.580,4.735,38500
2020-09-22 09:30:50.760,4.736,10000
2020-09-22 09:30:50.760,4.736,10000
2020-09-22 09:30:50.890,4.736,5200
2020-09-22 09:30:51.100,4.736,1700
2020-09-22 09:30:51.190,4.736,1000
2020-09-22 09:30:51.190,4.736,10300
2020-09-22 09:30:51.410,4.736,10000
2020-09-22 09:30:51.470,4.736,500
2020-09-22 09:30:51.470,4.736,10000
2020-09-22 09:30:52.100,4.735,100000
2020-09-22 09:30:52.100,4.735,20000
2020-09-22 09:30:52.100,4.735,180000
2020-09-22 09:30:53.770,4.737,30000
2020-09-22 09:30:53.800,4.737,50000
2020-09-22 09:30:53.800,4.737,50000
2020-09-22 09:30:53.890,4.736,200
2020-09-22 09:30:53.920,4.736,20000
2020-09-22 09:30:54.070,4.736,9800
2020-09-22 09:30:54.070,4.736,3000
2020-09-22 09:30:54.070,4.735,1000
2020-09-22 09:30:54.070,4.735,26200
2020-09-22 09:30:54.280,4.736,12100
2020-09-22 09:30:54.280,4.736,2000
2020-09-22 09:30:54.550,4.735,10000
2020-09-22 09:30:54.670,4.735,3800
2020-09-22 09:30:54.670,4.735,30000
2020-09-22 09:30:54.670,4.735,1000
2020-09-22 09:30:54.670,4.735,500
2020-09-22 09:30:54.670,4.735,1000
2020-09-22 09:30:54.670,4.735,1000
2020-09-22 09:30:54.670,4.735,2000
2020-09-22 09:30:54.670,4.735,100
2020-09-22 09:30:54.670,4.734,2200
2020-09-22 09:30:54.670,4.734,3300
2020-09-22 09:30:54.670,4.734,3000
2020-09-22 09:30:54.670,4.734,1500
2020-09-22 09:30:54.670,4.735,30000
2020-09-22 09:30:54.700,4.735,20000
2020-09-22 09:30:54.940,4.735,100000
2020-09-22 09:30:55.240,4.735,10000
2020-09-22 09:30:55.240,4.735,1000
2020-09-22 09:30:55.240,4.734,400
2020-09-22 09:30:55.670,4.735,1000
2020-09-22 09:30:55.670,4.735,1000
2020-09-22 09:30:55.670,4.735,5000
2020-09-22 09:30:55.760,4.735,5000
2020-09-22 09:30:55.860,4.735,1000
2020-09-22 09:30:55.860,4.735,30000
2020-09-22 09:30:55.860,4.735,30000
2020-09-22 09:30:55.950,4.735,3000
2020-09-22 09:30:56.070,4.735,2000
2020-09-22 09:30:56.350,4.735,6600
2020-09-22 09:30:56.450,4.735,5000
2020-09-22 09:30:56.740,4.735,10000
2020-09-22 09:30:56.740,4.735,20000
2020-09-22 09:30:56.740,4.735,30000
2020-09-22 09:30:56.770,4.735,50000
2020-09-22 09:30:56.770,4.735,50000
2020-09-22 09:30:56.770,4.735,50000
2020-09-22 09:30:56.770,4.735,30000
2020-09-22 09:30:56.770,4.735,10000
2020-09-22 09:30:56.770,4.735,50000
2020-09-22 09:30:56.830,4.734,100
2020-09-22 09:30:56.830,4.734,20000
2020-09-22 09:30:56.830,4.734,30000
2020-09-22 09:30:56.830,4.734,2500
2020-09-22 09:30:56.830,4.734,30000
2020-09-22 09:30:56.830,4.734,200
2020-09-22 09:30:57.200,4.734,1000
2020-09-22 09:30:57.260,4.734,5200
2020-09-22 09:30:57.320,4.734,2000
2020-09-22 09:30:57.460,4.734,10600
2020-09-22 09:30:57.700,4.734,11000
2020-09-22 09:30:57.700,4.735,9000
2020-09-22 09:30:57.700,4.735,1000
2020-09-22 09:30:57.700,4.735,500
2020-09-22 09:30:57.700,4.735,1500
2020-09-22 09:30:57.730,4.736,6200
2020-09-22 09:30:57.790,4.735,27000
2020-09-22 09:30:57.790,4.735,6000
2020-09-22 09:30:58.320,4.736,2000
2020-09-22 09:30:58.320,4.735,5000
2020-09-22 09:30:58.320,4.734,30000
2020-09-22 09:30:58.320,4.734,40000
2020-09-22 09:30:58.520,4.734,6000
2020-09-22 09:30:58.970,4.734,25200
2020-09-22 09:30:58.970,4.734,30000
2020-09-22 09:30:59.260,4.734,100000
2020-09-22 09:30:59.330,4.734,30000
2020-09-22 09:30:59.560,4.734,4400
2020-09-22 09:30:59.770,4.734,50000
2020-09-22 09:30:59.770,4.734,50000
2020-09-22 09:30:59.770,4.734,50000
2020-09-22 09:30:59.770,4.734,50000
2020-09-22 09:30:59.770,4.734,50000
2020-09-22 09:30:59.770,4.734,10000
2020-09-22 09:30:59.770,4.734,40000
2020-09-22 09:30:59.770,4.734,50000
2020-09-22 09:30:59.770,4.734,50000
2020-09-22 09:30:59.770,4.734,50000
2020-09-22 09:31:00.310,4.734,6800
2020-09-22 09:31:00.340,4.734,30000
2020-09-22 09:31:00.340,4.734,30000
2020-09-22 09:31:00.500,4.734,400
2020-09-22 09:31:00.660,4.734,20000
2020-09-22 09:31:00.770,4.734,30000
2020-09-22 09:31:00.800,4.734,3000
2020-09-22 09:31:01.130,4.734,1000
2020-09-22 09:31:01.160,4.734,6200
2020-09-22 09:31:01.310,4.734,2300
2020-09-22 09:31:01.380,4.734,40000
2020-09-22 09:31:01.380,4.734,600
2020-09-22 09:31:01.380,4.734,9100
2020-09-22 09:31:01.380,4.735,30900
2020-09-22 09:31:01.380,4.735,30000
2020-09-22 09:31:01.380,4.735,30000
2020-09-22 09:31:01.380,4.735,40000
2020-09-22 09:31:01.470,4.735,20000
2020-09-22 09:31:01.470,4.733,10000
2020-09-22 09:31:01.470,4.733,40000
2020-09-22 09:31:01.750,4.733,30000
2020-09-22 09:31:01.750,4.733,100
2020-09-22 09:31:01.950,4.733,600
2020-09-22 09:31:02.320,4.733,30000
2020-09-22 09:31:02.490,4.733,2000
2020-09-22 09:31:02.790,4.733,50000
2020-09-22 09:31:02.790,4.733,50000
2020-09-22 09:31:02.790,4.733,50000
2020-09-22 09:31:02.790,4.733,50000
2020-09-22 09:31:02.790,4.733,50000
2020-09-22 09:31:02.790,4.733,50000
2020-09-22 09:31:02.790,4.733,50000
2020-09-22 09:31:02.790,4.733,50000
2020-09-22 09:31:02.790,4.733,50000
2020-09-22 09:31:02.790,4.733,40000
2020-09-22 09:31:02.790,4.733,50000
2020-09-22 09:31:02.790,4.733,50000
2020-09-22 09:31:02.790,4.733,30000
2020-09-22 09:31:02.790,4.733,30000
2020-09-22 09:31:02.890,4.733,30000
2020-09-22 09:31:02.890,4.733,30000
2020-09-22 09:31:02.890,4.733,30000
2020-09-22 09:31:03.100,4.733,26900
2020-09-22 09:31:03.320,4.733,20000
2020-09-22 09:31:03.360,4.733,400
2020-09-22 09:31:03.760,4.735,2000
2020-09-22 09:31:04.080,4.735,200
2020-09-22 09:31:04.110,4.734,19600
2020-09-22 09:31:04.110,4.733,100000
2020-09-22 09:31:04.110,4.733,20000
2020-09-22 09:31:04.290,4.733,40000
2020-09-22 09:31:04.480,4.733,8800
2020-09-22 09:31:04.510,4.732,5000
2020-09-22 09:31:04.510,4.731,100
2020-09-22 09:31:04.510,4.731,3000
2020-09-22 09:31:04.510,4.731,1900
2020-09-22 09:31:04.510,4.733,12100
2020-09-22 09:31:04.770,4.733,3000
2020-09-22 09:31:04.800,4.733,2000
2020-09-22 09:31:05.000,4.733,10000
2020-09-22 09:31:05.140,4.731,3000
2020-09-22 09:31:05.140,4.73,1000
2020-09-22 09:31:05.140,4.73,25100
2020-09-22 09:31:05.820,4.733,30000
2020-09-22 09:31:05.820,4.733,30000
2020-09-22 09:31:05.820,4.733,50000
2020-09-22 09:31:05.820,4.733,30000
2020-09-22 09:31:05.820,4.733,10000
2020-09-22 09:31:05.820,4.733,50000
2020-09-22 09:31:05.820,4.733,50000
2020-09-22 09:31:05.820,4.733,50000
2020-09-22 09:31:05.820,4.733,30000
2020-09-22 09:31:05.820,4.733,30000
2020-09-22 09:31:05.820,4.733,10000
2020-09-22 09:31:05.820,4.733,30000
2020-09-22 09:31:05.820,4.733,50000
2020-09-22 09:31:05.820,4.733,50000
2020-09-22 09:31:05.820,4.733,30000
2020-09-22 09:31:05.890,4.733,2000
2020-09-22 09:31:06.220,4.733,1300
2020-09-22 09:31:06.340,4.733,30000
2020-09-22 09:31:06.380,4.733,30000
2020-09-22 09:31:06.480,4.733,1900
2020-09-22 09:31:06.650,4.733,100
2020-09-22 09:31:07.210,4.733,200
2020-09-22 09:31:07.210,4.733,50000
2020-09-22 09:31:07.380,4.733,20000
2020-09-22 09:31:07.410,4.733,19000
2020-09-22 09:31:07.410,4.733,11000
2020-09-22 09:31:07.510,4.733,30000
2020-09-22 09:31:07.840,4.733,30000
2020-09-22 09:31:07.840,4.733,30000
2020-09-22 09:31:08.010,4.733,3000
2020-09-22 09:31:08.370,4.733,30000
2020-09-22 09:31:08.410,4.733,30000
2020-09-22 09:31:08.440,4.733,20000
2020-09-22 09:31:08.440,4.733,16000
2020-09-22 09:31:08.530,4.734,5000
2020-09-22 09:31:08.950,4.733,14000
2020-09-22 09:31:08.950,4.733,20000
2020-09-22 09:31:08.950,4.733,2000
2020-09-22 09:31:08.950,4.733,5000
2020-09-22 09:31:08.950,4.732,20000
2020-09-22 09:31:08.950,4.732,30000
2020-09-22 09:31:09.110,4.731,3000
2020-09-22 09:31:09.110,4.731,500
2020-09-22 09:31:09.110,4.731,2000
2020-09-22 09:31:09.110,4.73,43800
2020-09-22 09:31:09.200,4.732,25000
2020-09-22 09:31:09.310,4.732,30000
2020-09-22 09:31:09.370,4.732,30000
2020-09-22 09:31:09.760,4.731,200
2020-09-22 09:31:09.820,4.731,300
2020-09-22 09:31:09.820,4.732,700
2020-09-22 09:31:10.230,4.732,2000
2020-09-22 09:31:10.340,4.732,30000
2020-09-22 09:31:11.420,4.732,30000
2020-09-22 09:31:11.420,4.732,30000
2020-09-22 09:31:11.450,4.732,31300
2020-09-22 09:31:11.450,4.732,18700
2020-09-22 09:31:11.450,4.732,50000
2020-09-22 09:31:11.450,4.732,10000
2020-09-22 09:31:11.450,4.732,50000
2020-09-22 09:31:11.450,4.732,50000
2020-09-22 09:31:11.450,4.732,40000
2020-09-22 09:31:11.450,4.732,50000
2020-09-22 09:31:11.450,4.732,50000
2020-09-22 09:31:11.450,4.732,50000
2020-09-22 09:31:11.450,4.732,50000
2020-09-22 09:31:11.450,4.732,30000
2020-09-22 09:31:11.450,4.732,50000
2020-09-22 09:31:11.450,4.732,50000
2020-09-22 09:31:11.450,4.732,20000
2020-09-22 09:31:11.450,4.732,30000
2020-09-22 09:31:11.450,4.732,20000
2020-09-22 09:31:11.450,4.732,30000
2020-09-22 09:31:11.450,4.732,30000
2020-09-22 09:31:11.620,4.732,500
2020-09-22 09:31:11.750,4.732,20000
2020-09-22 09:31:11.750,4.732,20000
2020-09-22 09:31:11.850,4.732,30700
2020-09-22 09:31:12.000,4.732,1000
2020-09-22 09:31:12.000,4.732,25000
2020-09-22 09:31:12.200,4.732,100
2020-09-22 09:31:12.200,4.732,2000
2020-09-22 09:31:12.260,4.732,1000
2020-09-22 09:31:12.260,4.732,30000
2020-09-22 09:31:12.370,4.732,30000
2020-09-22 09:31:12.400,4.732,20000
2020-09-22 09:31:12.430,4.731,100
2020-09-22 09:31:12.430,4.731,9900
2020-09-22 09:31:13.140,4.732,1000
2020-09-22 09:31:13.400,4.732,30000
2020-09-22 09:31:13.400,4.732,10000
2020-09-22 09:31:13.480,4.732,20000
2020-09-22 09:31:13.480,4.731,10100
2020-09-22 09:31:13.480,4.73,31100
2020-09-22 09:31:13.480,4.73,6400
2020-09-22 09:31:13.480,4.73,2100
2020-09-22 09:31:13.480,4.73,100000
2020-09-22 09:31:13.480,4.73,1500
2020-09-22 09:31:13.480,4.73,100
2020-09-22 09:31:13.480,4.73,10000
2020-09-22 09:31:13.480,4.73,1000
2020-09-22 09:31:13.480,4.73,1700
2020-09-22 09:31:13.480,4.73,10500
2020-09-22 09:31:13.480,4.73,100000
2020-09-22 09:31:13.480,4.73,2700
2020-09-22 09:31:13.480,4.73,100
2020-09-22 09:31:13.480,4.73,800
2020-09-22 09:31:13.480,4.73,1000
2020-09-22 09:31:13.860,4.73,30000
2020-09-22 09:31:14.190,4.729,7100
2020-09-22 09:31:14.190,4.729,2000
2020-09-22 09:31:14.190,4.729,100
2020-09-22 09:31:14.190,4.729,40000
2020-09-22 09:31:14.290,4.729,30000
2020-09-22 09:31:14.350,4.729,30000
2020-09-22 09:31:14.440,4.729,30000
2020-09-22 09:31:14.440,4.729,30000
2020-09-22 09:31:14.440,4.729,30000
2020-09-22 09:31:14.440,4.729,30000
2020-09-22 09:31:14.440,4.729,30000
2020-09-22 09:31:14.480,4.729,30000
2020-09-22 09:31:14.480,4.729,50000
2020-09-22 09:31:14.480,4.729,20000
2020-09-22 09:31:14.480,4.729,50000
2020-09-22 09:31:14.480,4.729,30000
2020-09-22 09:31:14.480,4.729,30000
2020-09-22 09:31:14.480,4.729,50000
2020-09-22 09:31:14.480,4.729,30000
2020-09-22 09:31:14.480,4.729,40000
2020-09-22 09:31:14.480,4.729,30000
2020-09-22 09:31:14.480,4.729,10000
2020-09-22 09:31:14.480,4.729,50000
2020-09-22 09:31:14.480,4.729,30000
2020-09-22 09:31:14.480,4.729,50000
2020-09-22 09:31:14.540,4.729,7700
2020-09-22 09:31:14.540,4.729,20000
2020-09-22 09:31:14.610,4.729,113100
2020-09-22 09:31:14.740,4.73,30000
2020-09-22 09:31:15.010,4.73,500
2020-09-22 09:31:15.010,4.73,6000
2020-09-22 09:31:15.080,4.73,3000
2020-09-22 09:31:15.260,4.73,1500
2020-09-22 09:31:15.350,4.73,30000
2020-09-22 09:31:15.370,4.73,4600
2020-09-22 09:31:15.470,4.729,37000
2020-09-22 09:31:15.590,4.729,7800
2020-09-22 09:31:15.650,4.729,10000
2020-09-22 09:31:16.070,4.729,2000
2020-09-22 09:31:16.250,4.729,2000
2020-09-22 09:31:16.370,4.729,9900
2020-09-22 09:31:16.980,4.729,500
2020-09-22 09:31:17.040,4.729,1000
2020-09-22 09:31:17.420,4.729,40000
2020-09-22 09:31:17.420,4.729,50000
2020-09-22 09:31:17.420,4.729,30000
2020-09-22 09:31:17.420,4.729,50000
2020-09-22 09:31:17.490,4.729,50000
2020-09-22 09:31:17.490,4.729,50000
2020-09-22 09:31:17.490,4.729,10000
2020-09-22 09:31:17.490,4.729,30000
2020-09-22 09:31:17.490,4.729,30000
2020-09-22 09:31:17.490,4.729,40000
2020-09-22 09:31:17.490,4.729,50000
2020-09-22 09:31:17.490,4.729,30000
2020-09-22 09:31:17.490,4.729,30000
2020-09-22 09:31:17.490,4.729,20000
2020-09-22 09:31:17.490,4.729,30000
2020-09-22 09:31:17.490,4.729,10000
2020-09-22 09:31:17.490,4.729,30000
2020-09-22 09:31:17.490,4.729,30000
2020-09-22 09:31:17.490,4.729,30000
2020-09-22 09:31:17.590,4.729,200
2020-09-22 09:31:17.620,4.728,300000
2020-09-22 09:31:17.620,4.728,1100
2020-09-22 09:31:17.620,4.728,10000
2020-09-22 09:31:17.620,4.728,3000
2020-09-22 09:31:17.620,4.728,40000
2020-09-22 09:31:17.680,4.728,2000
2020-09-22 09:31:17.840,4.727,2300
2020-09-22 09:31:17.840,4.727,1000
2020-09-22 09:31:17.840,4.727,1000
2020-09-22 09:31:17.840,4.727,1000
2020-09-22 09:31:17.840,4.727,3000
2020-09-22 09:31:17.840,4.727,10000
2020-09-22 09:31:17.840,4.727,700
2020-09-22 09:31:17.840,4.727,5300
2020-09-22 09:31:17.840,4.727,500
2020-09-22 09:31:17.840,4.727,5000
2020-09-22 09:31:17.840,4.727,500
2020-09-22 09:31:17.840,4.727,10000
2020-09-22 09:31:17.840,4.727,6500
2020-09-22 09:31:17.840,4.727,40000
2020-09-22 09:31:17.840,4.727,600000
2020-09-22 09:31:17.900,4.727,30000
2020-09-22 09:31:17.900,4.727,3000
2020-09-22 09:31:18.550,4.727,500
2020-09-22 09:31:18.640,4.727,10000
2020-09-22 09:31:18.900,4.727,30000
2020-09-22 09:31:18.900,4.727,30000
2020-09-22 09:31:19.790,4.727,30000
2020-09-22 09:31:19.900,4.727,1000
2020-09-22 09:31:20.360,4.726,1000
2020-09-22 09:31:20.490,4.727,50000
2020-09-22 09:31:20.490,4.727,10000
2020-09-22 09:31:20.590,4.727,5000
2020-09-22 09:31:20.900,4.727,200
2020-09-22 09:31:20.930,4.727,2300
2020-09-22 09:31:21.720,4.727,100
2020-09-22 09:31:22.430,4.727,1000
2020-09-22 09:31:22.540,4.727,3100
2020-09-22 09:31:22.830,4.727,5000
2020-09-22 09:31:23.450,4.727,2000
2020-09-22 09:31:23.450,4.727,2000
2020-09-22 09:31:23.450,4.727,26000
2020-09-22 09:31:23.450,4.727,14000
2020-09-22 09:31:23.450,4.727,12200
2020-09-22 09:31:23.450,4.727,23800
2020-09-22 09:31:23.450,4.727,30000
2020-09-22 09:31:23.450,4.727,20000
2020-09-22 09:31:23.450,4.727,40000
2020-09-22 09:31:23.450,4.727,30000
2020-09-22 09:31:23.450,4.727,50000
2020-09-22 09:31:23.450,4.727,50000
2020-09-22 09:31:23.450,4.727,10000
2020-09-22 09:31:23.450,4.727,30000
2020-09-22 09:31:23.450,4.727,50000
2020-09-22 09:31:23.450,4.727,10000
2020-09-22 09:31:23.450,4.727,50000
2020-09-22 09:31:23.450,4.727,10000
2020-09-22 09:31:23.450,4.727,30000
2020-09-22 09:31:23.450,4.727,30000
2020-09-22 09:31:23.450,4.727,50000
2020-09-22 09:31:23.450,4.727,50000
2020-09-22 09:31:23.450,4.727,30000
2020-09-22 09:31:23.450,4.727,10000
2020-09-22 09:31:23.490,4.727,50000
2020-09-22 09:31:23.490,4.727,50000
2020-09-22 09:31:23.770,4.727,400
2020-09-22 09:31:24.890,4.727,195800
2020-09-22 09:31:24.970,4.727,104200
2020-09-22 09:31:24.970,4.727,5300
2020-09-22 09:31:24.970,4.726,2000
2020-09-22 09:31:24.970,4.726,200
2020-09-22 09:31:24.970,4.726,9900
2020-09-22 09:31:24.970,4.726,100
2020-09-22 09:31:24.970,4.726,100
2020-09-22 09:31:24.970,4.726,1000
2020-09-22 09:31:24.970,4.726,40000
2020-09-22 09:31:24.970,4.726,20600
2020-09-22 09:31:24.970,4.726,100000
2020-09-22 09:31:24.970,4.726,600
2020-09-22 09:31:24.970,4.725,10000
2020-09-22 09:31:24.970,4.725,10000
2020-09-22 09:31:24.970,4.725,5000
2020-09-22 09:31:24.970,4.725,1200
2020-09-22 09:31:24.970,4.725,1000
2020-09-22 09:31:24.970,4.725,98900
2020-09-22 09:31:25.000,4.726,1000
2020-09-22 09:31:25.030,4.726,200
2020-09-22 09:31:25.030,4.726,488700
2020-09-22 09:31:25.060,4.726,6300
2020-09-22 09:31:25.130,4.73,500
2020-09-22 09:31:25.960,4.73,1000
2020-09-22 09:31:26.450,4.729,1000
2020-09-22 09:31:26.450,4.728,4000
2020-09-22 09:31:26.450,4.73,10000
2020-09-22 09:31:26.450,4.73,30000
2020-09-22 09:31:26.450,4.73,30000
2020-09-22 09:31:26.450,4.73,30000
2020-09-22 09:31:26.450,4.73,30000
2020-09-22 09:31:26.520,4.73,30000
2020-09-22 09:31:26.520,4.73,30000
2020-09-22 09:31:26.520,4.73,30000
2020-09-22 09:31:26.520,4.73,20000
2020-09-22 09:31:26.520,4.73,30000
2020-09-22 09:31:26.520,4.73,30000
2020-09-22 09:31:26.520,4.73,30000
2020-09-22 09:31:26.520,4.73,30000
2020-09-22 09:31:26.520,4.73,30000
2020-09-22 09:31:26.600,4.728,189600
2020-09-22 09:31:28.050,4.728,5700
2020-09-22 09:31:28.110,4.728,4300
2020-09-22 09:31:28.710,4.728,5800
2020-09-22 09:31:28.860,4.73,5100
2020-09-22 09:31:29.450,4.73,30000
2020-09-22 09:31:29.450,4.73,30000
2020-09-22 09:31:29.450,4.73,30000
2020-09-22 09:31:29.450,4.73,8700
2020-09-22 09:31:29.450,4.73,21300
2020-09-22 09:31:29.450,4.73,30000
2020-09-22 09:31:29.450,4.73,30000
2020-09-22 09:31:29.450,4.73,10000
2020-09-22 09:31:29.540,4.728,400
2020-09-22 09:31:29.670,4.728,1600
2020-09-22 09:31:30.470,4.728,400
2020-09-22 09:31:30.940,4.728,11800
2020-09-22 09:31:31.240,4.728,200
2020-09-22 09:31:32.120,4.728,2000
2020-09-22 09:31:32.390,4.728,6000
2020-09-22 09:31:32.390,4.728,1000
2020-09-22 09:31:32.390,4.729,1000
2020-09-22 09:31:32.910,4.728,400
2020-09-22 09:31:33.460,4.728,400
2020-09-22 09:31:34.120,4.728,29700
2020-09-22 09:31:34.120,4.728,1800
2020-09-22 09:31:34.120,4.728,17600
2020-09-22 09:31:35.440,4.729,19000
2020-09-22 09:31:35.440,4.729,11000
2020-09-22 09:31:35.790,4.728,6000
2020-09-22 09:31:35.790,4.729,9000
2020-09-22 09:31:35.790,4.73,1000
2020-09-22 09:31:36.120,4.73,54600
2020-09-22 09:31:36.120,4.73,95500
2020-09-22 09:31:36.490,4.729,2000
2020-09-22 09:31:36.490,4.728,8100
2020-09-22 09:31:36.830,4.73,10000
2020-09-22 09:31:37.350,4.728,300
2020-09-22 09:31:37.430,4.728,1000
2020-09-22 09:31:37.740,4.728,35500
2020-09-22 09:31:37.820,4.728,20000
2020-09-22 09:31:38.350,4.73,9900
2020-09-22 09:31:38.350,4.729,300
2020-09-22 09:31:38.440,4.73,10000
2020-09-22 09:31:38.440,4.73,10000
2020-09-22 09:31:38.440,4.73,30000
2020-09-22 09:31:38.440,4.73,30000
2020-09-22 09:31:38.440,4.73,30000
2020-09-22 09:31:38.440,4.73,30000
2020-09-22 09:31:38.440,4.73,20000
2020-09-22 09:31:38.440,4.73,30000
2020-09-22 09:31:38.440,4.73,30000
2020-09-22 09:31:38.440,4.73,30000
2020-09-22 09:31:38.440,4.73,30000
2020-09-22 09:31:38.440,4.73,30000
2020-09-22 09:31:38.440,4.73,30000
2020-09-22 09:31:38.440,4.73,30000
2020-09-22 09:31:38.440,4.73,50000
2020-09-22 09:31:39.280,4.729,9700
2020-09-22 09:31:39.280,4.729,15800
2020-09-22 09:31:39.280,4.729,34500
2020-09-22 09:31:39.340,4.73,2000
2020-09-22 09:31:39.740,4.73,6500
2020-09-22 09:31:39.740,4.73,106000
2020-09-22 09:31:39.740,4.73,500
2020-09-22 09:31:39.830,4.73,3000
2020-09-22 09:31:40.960,4.731,1500
2020-09-22 09:31:40.960,4.733,1800
2020-09-22 09:31:41.410,4.732,50000
2020-09-22 09:31:41.450,4.732,30000
2020-09-22 09:31:41.450,4.732,30000
2020-09-22 09:31:41.450,4.732,50000
2020-09-22 09:31:41.830,4.731,4000
2020-09-22 09:31:42.010,4.731,1000
2020-09-22 09:31:42.610,4.732,100
2020-09-22 09:31:42.610,4.731,500
2020-09-22 09:31:43.350,4.732,10000
2020-09-22 09:31:43.580,4.731,6200
2020-09-22 09:31:43.900,4.731,19500
2020-09-22 09:31:44.450,4.732,29900
2020-09-22 09:31:44.450,4.732,100
2020-09-22 09:31:44.450,4.732,2600
2020-09-22 09:31:44.770,4.732,10000
2020-09-22 09:31:46.390,4.732,2500
2020-09-22 09:31:49.280,4.732,500
2020-09-22 09:31:49.370,4.733,11100
2020-09-22 09:31:49.400,4.733,30000
2020-09-22 09:31:49.400,4.733,30000
2020-09-22 09:31:49.510,4.732,14400
2020-09-22 09:31:49.510,4.732,12000
2020-09-22 09:31:50.910,4.733,400
2020-09-22 09:31:51.030,4.733,40000
2020-09-22 09:31:51.150,4.732,9000
2020-09-22 09:31:51.180,4.733,1200
2020-09-22 09:31:51.210,4.732,5000
2020-09-22 09:31:51.320,4.732,4000
2020-09-22 09:31:51.320,4.732,30000
2020-09-22 09:31:51.320,4.732,30000
2020-09-22 09:31:51.320,4.732,30000
2020-09-22 09:31:51.320,4.732,30000
2020-09-22 09:31:51.320,4.732,30000
2020-09-22 09:31:51.320,4.732,20000
2020-09-22 09:31:51.320,4.732,100
2020-09-22 09:31:51.320,4.732,5000
2020-09-22 09:31:51.320,4.732,500
2020-09-22 09:31:51.490,4.732,13500
2020-09-22 09:31:51.490,4.733,16500
2020-09-22 09:31:51.490,4.733,30000
2020-09-22 09:31:51.490,4.733,10000
2020-09-22 09:31:51.490,4.733,29000
2020-09-22 09:31:51.490,4.733,500
2020-09-22 09:31:51.490,4.733,500
2020-09-22 09:31:51.490,4.733,30000
2020-09-22 09:31:51.490,4.733,30000
2020-09-22 09:31:51.490,4.733,30000
2020-09-22 09:31:51.490,4.733,20000
2020-09-22 09:31:51.490,4.733,30000
2020-09-22 09:31:51.490,4.733,30000
2020-09-22 09:31:51.490,4.733,20000
2020-09-22 09:31:51.490,4.733,30000
2020-09-22 09:31:51.490,4.733,30000
2020-09-22 09:31:51.490,4.733,10000
2020-09-22 09:31:51.490,4.733,30000
2020-09-22 09:31:51.490,4.733,30000
2020-09-22 09:31:51.810,4.733,100
2020-09-22 09:31:51.840,4.731,6800
2020-09-22 09:31:51.840,4.731,2000
2020-09-22 09:31:52.810,4.732,1000
2020-09-22 09:31:52.810,4.732,1000
2020-09-22 09:31:53.520,4.732,1000
2020-09-22 09:31:53.640,4.732,2000
2020-09-22 09:31:53.890,4.733,2500
2020-09-22 09:31:54.040,4.732,7500
2020-09-22 09:31:54.310,4.733,2000
2020-09-22 09:31:54.310,4.732,100000
2020-09-22 09:31:54.480,4.733,50000
2020-09-22 09:31:54.480,4.733,24900
2020-09-22 09:31:54.480,4.733,3300
2020-09-22 09:31:54.750,4.734,10000
2020-09-22 09:31:54.910,4.733,1000
2020-09-22 09:31:55.290,4.733,20800
2020-09-22 09:31:55.290,4.733,50000
2020-09-22 09:31:55.290,4.733,29200
2020-09-22 09:31:55.470,4.733,100
2020-09-22 09:31:55.700,4.733,20700
2020-09-22 09:31:55.700,4.733,5600
2020-09-22 09:31:55.980,4.734,400
2020-09-22 09:31:56.130,4.733,34400
2020-09-22 09:31:56.130,4.733,30000
2020-09-22 09:31:56.380,4.732,4900
2020-09-22 09:31:56.500,4.733,50000
2020-09-22 09:31:56.570,4.733,50000
2020-09-22 09:31:56.570,4.733,50000
2020-09-22 09:31:56.570,4.733,30000
2020-09-22 09:31:56.570,4.733,50000
2020-09-22 09:31:57.060,4.732,200
2020-09-22 09:31:57.320,4.733,600
2020-09-22 09:31:57.700,4.732,20000
2020-09-22 09:31:57.830,4.733,5000
2020-09-22 09:31:58.850,4.733,4000
2020-09-22 09:31:58.850,4.732,126900
2020-09-22 09:31:58.850,4.732,83000
2020-09-22 09:31:58.890,4.732,5000
2020-09-22 09:31:59.310,4.732,5000
2020-09-22 09:31:59.380,4.732,200000
2020-09-22 09:31:59.440,4.732,50000
2020-09-22 09:31:59.440,4.732,50000
2020-09-22 09:31:59.440,4.732,50000
2020-09-22 09:31:59.440,4.732,50000
2020-09-22 09:31:59.440,4.732,50000
2020-09-22 09:31:59.440,4.732,50000
2020-09-22 09:31:59.470,4.732,40000
2020-09-22 09:31:59.470,4.732,30000
2020-09-22 09:31:59.470,4.732,50000
2020-09-22 09:31:59.470,4.732,50000
2020-09-22 09:31:59.470,4.732,6100
2020-09-22 09:32:01.660,4.733,700
2020-09-22 09:32:01.660,4.733,1000
2020-09-22 09:32:01.660,4.732,24700
2020-09-22 09:32:01.940,4.732,1000
2020-09-22 09:32:01.940,4.732,2300
2020-09-22 09:32:02.080,4.732,1000
2020-09-22 09:32:02.840,4.733,1100
2020-09-22 09:32:02.840,4.733,100
2020-09-22 09:32:03.120,4.732,1000
2020-09-22 09:32:03.290,4.732,5700
2020-09-22 09:32:03.410,4.733,900
2020-09-22 09:32:04.630,4.733,300
2020-09-22 09:32:05.100,4.733,2600
2020-09-22 09:32:05.100,4.733,100
2020-09-22 09:32:05.100,4.733,3800
2020-09-22 09:32:05.400,4.733,2000
2020-09-22 09:32:05.460,4.733,30000
2020-09-22 09:32:05.460,4.733,10000
2020-09-22 09:32:05.460,4.733,50000
2020-09-22 09:32:05.460,4.733,30000
2020-09-22 09:32:05.460,4.733,30000
2020-09-22 09:32:05.460,4.733,50000
2020-09-22 09:32:05.460,4.733,50000
2020-09-22 09:32:05.460,4.733,30000
2020-09-22 09:32:05.460,4.733,30000
2020-09-22 09:32:05.460,4.733,30000
2020-09-22 09:32:05.460,4.733,30000
2020-09-22 09:32:05.460,4.733,20000
2020-09-22 09:32:05.460,4.733,30000
2020-09-22 09:32:05.460,4.733,30000
2020-09-22 09:32:05.460,4.733,50000
2020-09-22 09:32:05.460,4.733,10000
2020-09-22 09:32:05.460,4.733,30000
2020-09-22 09:32:05.460,4.733,10000
2020-09-22 09:32:05.460,4.733,30000
2020-09-22 09:32:05.500,4.733,20000
2020-09-22 09:32:05.500,4.733,30000
2020-09-22 09:32:05.500,4.733,30000
2020-09-22 09:32:05.500,4.733,20000
2020-09-22 09:32:05.500,4.733,50000
2020-09-22 09:32:05.500,4.733,30000
2020-09-22 09:32:05.500,4.733,50000
2020-09-22 09:32:05.500,4.733,50000
2020-09-22 09:32:05.500,4.733,30000
2020-09-22 09:32:05.500,4.733,4200
2020-09-22 09:32:05.500,4.733,2000
2020-09-22 09:32:05.500,4.733,43800
2020-09-22 09:32:05.550,4.733,10000
2020-09-22 09:32:05.610,4.733,100000
2020-09-22 09:32:05.790,4.733,2000
2020-09-22 09:32:06.230,4.732,8200
2020-09-22 09:32:06.230,4.732,2000
2020-09-22 09:32:06.230,4.732,20000
2020-09-22 09:32:06.230,4.732,3200
2020-09-22 09:32:06.230,4.732,166600
2020-09-22 09:32:06.260,4.732,100
2020-09-22 09:32:06.440,4.733,15000
2020-09-22 09:32:06.730,4.732,17300
2020-09-22 09:32:06.730,4.732,100000
2020-09-22 09:32:06.730,4.732,10000
2020-09-22 09:32:06.730,4.732,10000
2020-09-22 09:32:06.730,4.732,300
2020-09-22 09:32:06.730,4.731,20800
2020-09-22 09:32:06.730,4.731,1700
2020-09-22 09:32:06.730,4.731,10000
2020-09-22 09:32:07.000,4.731,600
2020-09-22 09:32:07.520,4.731,30000
2020-09-22 09:32:07.750,4.731,10000
2020-09-22 09:32:08.310,4.731,10000
2020-09-22 09:32:08.440,4.731,30000
2020-09-22 09:32:08.440,4.731,30000
2020-09-22 09:32:08.470,4.731,20000
2020-09-22 09:32:08.470,4.731,30000
2020-09-22 09:32:08.470,4.731,20000
2020-09-22 09:32:08.470,4.731,10000
2020-09-22 09:32:08.470,4.731,30000
2020-09-22 09:32:08.470,4.731,30000
2020-09-22 09:32:08.470,4.731,30000
2020-09-22 09:32:08.470,4.731,20000
2020-09-22 09:32:08.470,4.731,20000
2020-09-22 09:32:08.470,4.731,30000
2020-09-22 09:32:08.470,4.731,20000
2020-09-22 09:32:08.470,4.731,30000
2020-09-22 09:32:08.470,4.731,30000
2020-09-22 09:32:08.470,4.731,30000
2020-09-22 09:32:08.470,4.731,30000
2020-09-22 09:32:08.470,4.731,30000
2020-09-22 09:32:08.470,4.731,30000
2020-09-22 09:32:08.500,4.731,30000
2020-09-22 09:32:08.500,4.731,30000
2020-09-22 09:32:08.810,4.731,100
2020-09-22 09:32:08.900,4.731,2000
2020-09-22 09:32:09.370,4.731,2000
2020-09-22 09:32:09.460,4.731,500
2020-09-22 09:32:09.800,4.731,30000
2020-09-22 09:32:10.460,4.73,1000
2020-09-22 09:32:10.460,4.73,100
2020-09-22 09:32:10.460,4.73,200
2020-09-22 09:32:10.460,4.73,200
2020-09-22 09:32:10.460,4.73,200
2020-09-22 09:32:10.460,4.73,200
2020-09-22 09:32:10.460,4.73,200
2020-09-22 09:32:10.460,4.73,500
2020-09-22 09:32:10.460,4.73,1000
2020-09-22 09:32:10.460,4.73,3000
2020-09-22 09:32:10.460,4.73,2000
2020-09-22 09:32:10.460,4.73,100
2020-09-22 09:32:10.460,4.73,1600
2020-09-22 09:32:10.980,4.731,3000
2020-09-22 09:32:11.420,4.731,50000
2020-09-22 09:32:11.480,4.731,20000
2020-09-22 09:32:11.480,4.731,400
2020-09-22 09:32:13.340,4.731,100
2020-09-22 09:32:13.490,4.731,100
2020-09-22 09:32:13.690,4.731,2000
2020-09-22 09:32:13.960,4.731,2000
2020-09-22 09:32:14.020,4.731,7100
2020-09-22 09:32:14.020,4.731,5200
2020-09-22 09:32:14.200,4.731,9800
2020-09-22 09:32:14.430,4.732,2000
2020-09-22 09:32:14.430,4.732,5000
2020-09-22 09:32:14.430,4.732,26400
2020-09-22 09:32:14.430,4.732,16600
2020-09-22 09:32:14.430,4.732,3400
2020-09-22 09:32:14.430,4.732,46600
2020-09-22 09:32:14.430,4.732,50000
2020-09-22 09:32:14.430,4.732,50000
2020-09-22 09:32:14.430,4.732,50000
2020-09-22 09:32:14.460,4.732,50000
2020-09-22 09:32:14.460,4.732,10000
2020-09-22 09:32:14.460,4.732,50000
2020-09-22 09:32:14.460,4.732,50000
2020-09-22 09:32:14.460,4.732,20000
2020-09-22 09:32:14.460,4.732,50000
2020-09-22 09:32:14.460,4.732,50000
2020-09-22 09:32:14.460,4.732,40000
2020-09-22 09:32:14.460,4.732,50000
2020-09-22 09:32:14.460,4.732,50000
2020-09-22 09:32:14.490,4.732,50000
2020-09-22 09:32:14.490,4.732,30000
2020-09-22 09:32:14.490,4.732,10000
2020-09-22 09:32:14.490,4.732,10000
2020-09-22 09:32:14.490,4.732,50000
2020-09-22 09:32:14.490,4.732,30000
2020-09-22 09:32:14.490,4.732,30000
2020-09-22 09:32:14.490,4.732,30000
2020-09-22 09:32:14.490,4.732,30000
2020-09-22 09:32:14.490,4.732,15700
2020-09-22 09:32:14.490,4.732,14300
2020-09-22 09:32:14.490,4.732,30000
2020-09-22 09:32:14.490,4.732,30000
2020-09-22 09:32:14.490,4.732,30000
2020-09-22 09:32:14.490,4.732,50000
2020-09-22 09:32:14.490,4.732,30000
2020-09-22 09:32:14.490,4.732,30000
2020-09-22 09:32:14.490,4.732,30000
2020-09-22 09:32:14.490,4.732,30000
2020-09-22 09:32:14.490,4.732,30000
2020-09-22 09:32:14.490,4.732,30000
2020-09-22 09:32:14.490,4.732,50000
2020-09-22 09:32:14.490,4.732,30000
2020-09-22 09:32:14.490,4.732,30000
2020-09-22 09:32:14.490,4.732,30000
2020-09-22 09:32:14.490,4.732,30000
2020-09-22 09:32:14.490,4.732,30000
2020-09-22 09:32:14.580,4.731,2000
2020-09-22 09:32:14.740,4.731,3200
2020-09-22 09:32:14.760,4.731,4000
2020-09-22 09:32:15.090,4.731,1000
2020-09-22 09:32:15.290,4.731,2000
2020-09-22 09:32:15.330,4.731,1500
2020-09-22 09:32:15.810,4.731,7800
2020-09-22 09:32:16.000,4.731,400
2020-09-22 09:32:16.750,4.731,1000
2020-09-22 09:32:17.440,4.731,30000
2020-09-22 09:32:17.440,4.731,20000
2020-09-22 09:32:17.440,4.731,30000
2020-09-22 09:32:17.440,4.731,30000
2020-09-22 09:32:17.440,4.731,20000
2020-09-22 09:32:17.440,4.731,10000
2020-09-22 09:32:17.440,4.731,30000
2020-09-22 09:32:17.440,4.731,30000
2020-09-22 09:32:17.440,4.731,30000
2020-09-22 09:32:17.440,4.731,30000
2020-09-22 09:32:17.440,4.731,19100
2020-09-22 09:32:17.440,4.731,10900
2020-09-22 09:32:17.440,4.731,30000
2020-09-22 09:32:17.440,4.731,30000
2020-09-22 09:32:17.440,4.731,10000
2020-09-22 09:32:17.440,4.731,30000
2020-09-22 09:32:17.440,4.731,30000
2020-09-22 09:32:17.440,4.731,30000
2020-09-22 09:32:17.440,4.731,10000
2020-09-22 09:32:17.440,4.731,30000
2020-09-22 09:32:17.440,4.731,30000
2020-09-22 09:32:17.440,4.731,30000
2020-09-22 09:32:17.440,4.731,30000
2020-09-22 09:32:17.440,4.731,30000
2020-09-22 09:32:17.440,4.731,20000
2020-09-22 09:32:17.440,4.731,20000
2020-09-22 09:32:17.440,4.731,30000
2020-09-22 09:32:17.440,4.731,20000
2020-09-22 09:32:17.440,4.731,30000
2020-09-22 09:32:17.440,4.731,10000
2020-09-22 09:32:17.440,4.731,30000
2020-09-22 09:32:17.440,4.731,30000
2020-09-22 09:32:17.440,4.731,30000
2020-09-22 09:32:17.440,4.731,30000
2020-09-22 09:32:17.440,4.731,10000
2020-09-22 09:32:17.470,4.731,20000
2020-09-22 09:32:17.470,4.731,30000
2020-09-22 09:32:17.470,4.731,20000
2020-09-22 09:32:17.920,4.731,43000
2020-09-22 09:32:18.080,4.731,2200
2020-09-22 09:32:18.630,4.731,193900
2020-09-22 09:32:20.090,4.732,300000
2020-09-22 09:32:20.310,4.732,10000
2020-09-22 09:32:20.440,4.732,20000
2020-09-22 09:32:20.440,4.732,35700
2020-09-22 09:32:20.440,4.732,600
2020-09-22 09:32:20.440,4.732,200
2020-09-22 09:32:20.440,4.732,13500
2020-09-22 09:32:20.620,4.732,12900
2020-09-22 09:32:20.620,4.732,5800
2020-09-22 09:32:20.810,4.732,8200
2020-09-22 09:32:21.720,4.732,5000
2020-09-22 09:32:22.490,4.732,100000
2020-09-22 09:32:22.770,4.732,168100
2020-09-22 09:32:22.770,4.732,43400
2020-09-22 09:32:23.440,4.733,10000
2020-09-22 09:32:24.720,4.732,18300
2020-09-22 09:32:25.650,4.732,700
2020-09-22 09:32:25.870,4.732,11000
2020-09-22 09:32:25.870,4.732,1400
2020-09-22 09:32:26.110,4.732,14000
2020-09-22 09:32:26.380,4.733,11000
2020-09-22 09:32:26.380,4.733,4700
2020-09-22 09:32:27.270,4.734,40300
2020-09-22 09:32:27.630,4.734,15000
2020-09-22 09:32:27.690,4.734,1000
2020-09-22 09:32:27.750,4.734,10000
2020-09-22 09:32:28.330,4.733,1500
2020-09-22 09:32:28.620,4.733,8500
2020-09-22 09:32:28.620,4.733,2500
2020-09-22 09:32:29.280,4.733,200
2020-09-22 09:32:29.340,4.734,2000
2020-09-22 09:32:29.490,4.734,10000
2020-09-22 09:32:29.490,4.734,30000
2020-09-22 09:32:29.490,4.734,10000
2020-09-22 09:32:29.490,4.734,30000
2020-09-22 09:32:29.490,4.734,30000
2020-09-22 09:32:29.490,4.734,30000
2020-09-22 09:32:29.490,4.734,30000
2020-09-22 09:32:29.490,4.734,10000
2020-09-22 09:32:29.490,4.734,30000
2020-09-22 09:32:29.490,4.734,30000
2020-09-22 09:32:29.490,4.734,30000
2020-09-22 09:32:29.490,4.734,30000
2020-09-22 09:32:29.490,4.734,30000
2020-09-22 09:32:29.490,4.734,30000
2020-09-22 09:32:29.490,4.734,30000
2020-09-22 09:32:29.490,4.734,30000
2020-09-22 09:32:29.490,4.734,20000
2020-09-22 09:32:29.490,4.734,30000
2020-09-22 09:32:29.490,4.734,20000
2020-09-22 09:32:29.490,4.734,30000
2020-09-22 09:32:29.490,4.734,30000
2020-09-22 09:32:29.490,4.734,10000
2020-09-22 09:32:29.490,4.734,30000
2020-09-22 09:32:29.490,4.734,30000
2020-09-22 09:32:29.490,4.734,30000
2020-09-22 09:32:29.490,4.734,30000
2020-09-22 09:32:29.490,4.734,30000
2020-09-22 09:32:30.150,4.734,50000
2020-09-22 09:32:30.150,4.734,50000
2020-09-22 09:32:30.150,4.734,111300
2020-09-22 09:32:30.600,4.734,30000
2020-09-22 09:32:30.720,4.734,1200
2020-09-22 09:32:31.530,4.734,400
2020-09-22 09:32:31.790,4.734,26400
2020-09-22 09:32:31.990,4.735,1000
2020-09-22 09:32:32.350,4.734,42200
2020-09-22 09:32:32.350,4.734,39000
2020-09-22 09:32:32.350,4.734,700
2020-09-22 09:32:32.350,4.734,700
2020-09-22 09:32:32.350,4.734,161300
2020-09-22 09:32:32.350,4.734,500
2020-09-22 09:32:32.350,4.734,11200
2020-09-22 09:32:32.350,4.734,94500
2020-09-22 09:32:32.350,4.734,205500
2020-09-22 09:32:32.350,4.734,344400
2020-09-22 09:32:32.350,4.734,25000
2020-09-22 09:32:32.410,4.735,3000
2020-09-22 09:32:32.410,4.735,100
2020-09-22 09:32:32.410,4.735,500
2020-09-22 09:32:32.410,4.735,2000
2020-09-22 09:32:32.410,4.735,100
2020-09-22 09:32:32.410,4.735,1500
2020-09-22 09:32:32.410,4.735,2800
2020-09-22 09:32:32.510,4.735,7200
2020-09-22 09:32:32.510,4.735,2000
2020-09-22 09:32:32.730,4.735,10000
2020-09-22 09:32:32.730,4.734,11000
2020-09-22 09:32:33.400,4.736,1900
2020-09-22 09:32:33.810,4.735,1300
2020-09-22 09:32:35.420,4.736,30000
2020-09-22 09:32:35.420,4.736,10000
2020-09-22 09:32:35.420,4.736,30000
2020-09-22 09:32:35.420,4.736,10000
2020-09-22 09:32:35.450,4.736,18100
2020-09-22 09:32:35.450,4.736,11900
2020-09-22 09:32:35.950,4.736,14500
2020-09-22 09:32:35.950,4.736,900
2020-09-22 09:32:35.950,4.736,7000
2020-09-22 09:32:35.950,4.736,4700
2020-09-22 09:32:35.950,4.736,300
2020-09-22 09:32:35.950,4.736,700
2020-09-22 09:32:36.440,4.736,3000
2020-09-22 09:32:38.450,4.738,700
2020-09-22 09:32:38.450,4.738,6700
2020-09-22 09:32:38.450,4.738,1400
2020-09-22 09:32:38.450,4.738,21200
2020-09-22 09:32:38.450,4.738,50000
2020-09-22 09:32:38.450,4.738,20000
2020-09-22 09:32:38.450,4.738,20000
2020-09-22 09:32:38.450,4.738,20000
2020-09-22 09:32:38.450,4.738,50000
2020-09-22 09:32:38.450,4.738,50000
2020-09-22 09:32:39.840,4.738,106100
2020-09-22 09:32:40.210,4.737,25000
2020-09-22 09:32:40.700,4.737,30000
2020-09-22 09:32:40.730,4.737,300000
2020-09-22 09:32:40.880,4.736,10000
2020-09-22 09:32:40.880,4.736,22000
2020-09-22 09:32:41.000,4.737,438900
2020-09-22 09:32:41.060,4.737,1000
2020-09-22 09:32:41.420,4.739,4900
2020-09-22 09:32:41.420,4.739,4200
2020-09-22 09:32:41.420,4.739,1800
2020-09-22 09:32:41.420,4.739,39100
2020-09-22 09:32:43.090,4.739,10000
2020-09-22 09:32:44.150,4.738,300000
2020-09-22 09:32:44.150,4.738,33300
2020-09-22 09:32:44.430,4.739,900
2020-09-22 09:32:44.430,4.739,100
2020-09-22 09:32:44.490,4.739,1200
2020-09-22 09:32:44.720,4.739,3700
2020-09-22 09:32:44.720,4.74,300
2020-09-22 09:32:44.720,4.74,1000
2020-09-22 09:32:44.720,4.74,200
2020-09-22 09:32:44.720,4.74,6000
2020-09-22 09:32:44.720,4.74,5600
2020-09-22 09:32:44.720,4.74,10000
2020-09-22 09:32:44.720,4.74,50000
2020-09-22 09:32:44.720,4.74,15000
2020-09-22 09:32:44.720,4.74,1500
2020-09-22 09:32:44.720,4.74,2000
2020-09-22 09:32:44.720,4.74,1500
2020-09-22 09:32:44.720,4.74,300
2020-09-22 09:32:44.720,4.74,10000
2020-09-22 09:32:44.720,4.74,10000
2020-09-22 09:32:44.720,4.74,72900
2020-09-22 09:32:45.360,4.739,200
2020-09-22 09:32:45.360,4.737,200
2020-09-22 09:32:46.280,4.739,1000
2020-09-22 09:32:46.980,4.74,400
2020-09-22 09:32:46.980,4.74,500
2020-09-22 09:32:46.980,4.74,100
2020-09-22 09:32:46.980,4.74,100
2020-09-22 09:32:46.980,4.74,100
2020-09-22 09:32:46.980,4.74,500
2020-09-22 09:32:46.980,4.74,100
2020-09-22 09:32:46.980,4.74,600
2020-09-22 09:32:46.980,4.74,900
2020-09-22 09:32:47.050,4.74,600
2020-09-22 09:32:47.050,4.74,300
2020-09-22 09:32:47.050,4.74,600
2020-09-22 09:32:47.120,4.74,300
2020-09-22 09:32:47.120,4.74,800
2020-09-22 09:32:47.460,4.74,10000
2020-09-22 09:32:47.530,4.74,30000
2020-09-22 09:32:47.530,4.74,20000
2020-09-22 09:32:47.530,4.74,30000
2020-09-22 09:32:47.530,4.74,30000
2020-09-22 09:32:47.530,4.74,10000
2020-09-22 09:32:47.530,4.74,10000
2020-09-22 09:32:47.530,4.74,30000
2020-09-22 09:32:49.670,4.74,1000
2020-09-22 09:32:50.180,4.74,6700
2020-09-22 09:32:50.430,4.74,30000
2020-09-22 09:32:50.550,4.74,7100
2020-09-22 09:32:51.350,4.74,1000
2020-09-22 09:32:52.740,4.74,2300
2020-09-22 09:32:53.130,4.74,3100
2020-09-22 09:32:53.130,4.74,500
2020-09-22 09:32:53.130,4.74,296200
2020-09-22 09:32:53.460,4.739,15000
2020-09-22 09:32:53.460,4.74,3800
2020-09-22 09:32:53.460,4.74,26200
2020-09-22 09:32:53.460,4.74,10000
2020-09-22 09:32:53.460,4.74,20000
2020-09-22 09:32:53.460,4.74,30000
2020-09-22 09:32:53.460,4.74,30000
2020-09-22 09:32:53.550,4.74,20000
2020-09-22 09:32:53.550,4.74,30000
2020-09-22 09:32:53.550,4.74,20000
2020-09-22 09:32:53.550,4.74,30000
2020-09-22 09:32:53.550,4.74,30000
2020-09-22 09:32:53.550,4.74,30000
2020-09-22 09:32:53.550,4.74,10000
2020-09-22 09:32:53.550,4.74,30000
2020-09-22 09:32:53.820,4.74,400
2020-09-22 09:32:54.640,4.74,1000
2020-09-22 09:32:54.860,4.739,5000
2020-09-22 09:32:54.860,4.739,5000
2020-09-22 09:32:54.920,4.739,5000
2020-09-22 09:32:54.920,4.739,1000
2020-09-22 09:32:55.350,4.739,3000
2020-09-22 09:32:55.450,4.739,3500
2020-09-22 09:32:55.450,4.739,21500
2020-09-22 09:32:55.660,4.74,100
2020-09-22 09:32:55.890,4.74,1100
2020-09-22 09:32:55.920,4.74,14100
2020-09-22 09:32:55.980,4.739,6300
2020-09-22 09:32:55.980,4.739,7200
2020-09-22 09:32:55.980,4.739,500
2020-09-22 09:32:56.560,4.74,300
2020-09-22 09:32:56.680,4.74,400
2020-09-22 09:32:56.770,4.739,2000
2020-09-22 09:32:56.870,4.74,30000
2020-09-22 09:32:56.870,4.74,10000
2020-09-22 09:32:56.870,4.74,20000
2020-09-22 09:32:56.990,4.739,4000
2020-09-22 09:32:56.990,4.739,4000
2020-09-22 09:32:56.990,4.739,1400
2020-09-22 09:32:56.990,4.739,1500
2020-09-22 09:32:57.200,4.739,1000
2020-09-22 09:32:57.960,4.739,2400
2020-09-22 09:32:57.990,4.739,30000
2020-09-22 09:32:58.080,4.739,200000
2020-09-22 09:32:58.340,4.739,200
2020-09-22 09:32:58.640,4.739,2200
2020-09-22 09:32:58.760,4.739,200
2020-09-22 09:32:59.000,4.739,4200
2020-09-22 09:32:59.250,4.739,1000
2020-09-22 09:32:59.280,4.739,8100
2020-09-22 09:32:59.310,4.739,5000
2020-09-22 09:32:59.420,4.739,20000
2020-09-22 09:32:59.420,4.739,30000
2020-09-22 09:32:59.420,4.739,30000
2020-09-22 09:32:59.420,4.739,10000
2020-09-22 09:32:59.420,4.739,30000
2020-09-22 09:32:59.420,4.739,30000
2020-09-22 09:32:59.420,4.739,10000
2020-09-22 09:32:59.420,4.739,30000
2020-09-22 09:32:59.420,4.739,30000
2020-09-22 09:32:59.420,4.739,30000
2020-09-22 09:32:59.420,4.739,30000
2020-09-22 09:32:59.420,4.739,30000
2020-09-22 09:32:59.440,4.739,10000
2020-09-22 09:32:59.440,4.739,30000
2020-09-22 09:32:59.440,4.739,30000
2020-09-22 09:32:59.440,4.739,30000
2020-09-22 09:32:59.440,4.739,30000
2020-09-22 09:32:59.440,4.739,30000
2020-09-22 09:32:59.440,4.739,30000
2020-09-22 09:32:59.440,4.739,20000
2020-09-22 09:32:59.440,4.739,30000
2020-09-22 09:32:59.440,4.739,30000
2020-09-22 09:32:59.440,4.739,30000
2020-09-22 09:32:59.440,4.739,20000
2020-09-22 09:32:59.440,4.739,4800
2020-09-22 09:32:59.440,4.739,25200
2020-09-22 09:32:59.440,4.739,14100
2020-09-22 09:32:59.440,4.739,15900
2020-09-22 09:32:59.440,4.739,30000
2020-09-22 09:32:59.440,4.739,30000
2020-09-22 09:32:59.440,4.739,30000
2020-09-22 09:32:59.440,4.739,30000
2020-09-22 09:32:59.750,4.739,10000
2020-09-22 09:33:00.020,4.739,5000
2020-09-22 09:33:00.050,4.739,3000
2020-09-22 09:33:00.230,4.739,100
2020-09-22 09:33:01.220,4.739,5000
2020-09-22 09:33:01.220,4.739,1000
2020-09-22 09:33:01.600,4.739,2000
2020-09-22 09:33:02.140,4.738,100
2020-09-22 09:33:02.760,4.739,5000
2020-09-22 09:33:03.060,4.739,18500
2020-09-22 09:33:03.340,4.739,1200
2020-09-22 09:33:03.570,4.739,500
2020-09-22 09:33:03.720,4.738,700
2020-09-22 09:33:03.720,4.738,1000
2020-09-22 09:33:03.720,4.738,2500
2020-09-22 09:33:03.720,4.738,3000
2020-09-22 09:33:03.720,4.738,2500
2020-09-22 09:33:03.720,4.738,7000
2020-09-22 09:33:03.720,4.738,3000
2020-09-22 09:33:03.720,4.738,2000
2020-09-22 09:33:03.720,4.738,5000
2020-09-22 09:33:03.720,4.738,10000
2020-09-22 09:33:03.720,4.738,12000
2020-09-22 09:33:03.720,4.738,200
2020-09-22 09:33:03.960,4.738,10000
2020-09-22 09:33:04.200,4.738,1000
2020-09-22 09:33:04.350,4.738,10000
2020-09-22 09:33:04.870,4.738,20000
2020-09-22 09:33:05.020,4.738,2900
2020-09-22 09:33:05.080,4.738,10000
2020-09-22 09:33:05.410,4.738,50000
2020-09-22 09:33:05.440,4.738,50000
2020-09-22 09:33:05.440,4.738,40000
2020-09-22 09:33:05.440,4.738,50000
2020-09-22 09:33:05.530,4.738,5000
2020-09-22 09:33:05.530,4.738,2000
2020-09-22 09:33:05.530,4.738,200
2020-09-22 09:33:05.590,4.738,6100
2020-09-22 09:33:05.800,4.738,10000
2020-09-22 09:33:05.900,4.738,30000
2020-09-22 09:33:05.900,4.738,10000
2020-09-22 09:33:05.900,4.738,30000
2020-09-22 09:33:05.900,4.738,30000
2020-09-22 09:33:05.900,4.738,30000
2020-09-22 09:33:05.900,4.738,30000
2020-09-22 09:33:05.900,4.738,30000
2020-09-22 09:33:05.900,4.738,30000
2020-09-22 09:33:05.900,4.738,10000
2020-09-22 09:33:05.900,4.738,30000
2020-09-22 09:33:05.900,4.738,30000
2020-09-22 09:33:05.900,4.738,30000
2020-09-22 09:33:05.900,4.738,30000
2020-09-22 09:33:05.900,4.738,30000
2020-09-22 09:33:05.900,4.738,30000
2020-09-22 09:33:05.900,4.738,30000
2020-09-22 09:33:05.900,4.738,30000
2020-09-22 09:33:05.900,4.738,30000
2020-09-22 09:33:05.900,4.738,30000
2020-09-22 09:33:05.900,4.738,30000
2020-09-22 09:33:06.090,4.738,1000
2020-09-22 09:33:06.220,4.738,500
2020-09-22 09:33:07.280,4.738,200
2020-09-22 09:33:07.980,4.738,100
2020-09-22 09:33:08.410,4.737,3000
2020-09-22 09:33:08.410,4.737,700
2020-09-22 09:33:08.410,4.737,20000
2020-09-22 09:33:08.410,4.737,600
2020-09-22 09:33:08.470,4.737,30000
2020-09-22 09:33:08.470,4.737,30000
2020-09-22 09:33:08.470,4.737,15700
2020-09-22 09:33:08.470,4.738,14300
2020-09-22 09:33:08.470,4.738,10000
2020-09-22 09:33:08.470,4.738,30000
2020-09-22 09:33:08.470,4.738,30000
2020-09-22 09:33:08.470,4.738,30000
2020-09-22 09:33:08.470,4.738,30000
2020-09-22 09:33:08.470,4.738,10000
2020-09-22 09:33:08.470,4.738,30000
2020-09-22 09:33:08.470,4.738,10000
2020-09-22 09:33:08.470,4.738,30000
2020-09-22 09:33:08.470,4.738,30000
2020-09-22 09:33:08.470,4.738,30000
2020-09-22 09:33:08.470,4.738,30000
2020-09-22 09:33:08.830,4.738,5000
2020-09-22 09:33:08.960,4.738,300
2020-09-22 09:33:08.960,4.738,2500
2020-09-22 09:33:08.960,4.738,7500
2020-09-22 09:33:08.960,4.738,26500
2020-09-22 09:33:08.960,4.738,5000
2020-09-22 09:33:08.960,4.738,2000
2020-09-22 09:33:08.960,4.738,16500
2020-09-22 09:33:08.960,4.738,50000
2020-09-22 09:33:08.960,4.738,30000
2020-09-22 09:33:08.960,4.738,30000
2020-09-22 09:33:08.960,4.738,50000
2020-09-22 09:33:09.550,4.738,5000
2020-09-22 09:33:09.760,4.737,2500
2020-09-22 09:33:09.760,4.736,28000
2020-09-22 09:33:09.760,4.736,700
2020-09-22 09:33:09.760,4.736,200
2020-09-22 09:33:09.760,4.736,2000
2020-09-22 09:33:09.760,4.736,10000
2020-09-22 09:33:09.760,4.736,2100
2020-09-22 09:33:09.760,4.736,300
2020-09-22 09:33:09.760,4.736,3000
2020-09-22 09:33:09.760,4.736,200
2020-09-22 09:33:09.760,4.736,1000
2020-09-22 09:33:10.080,4.738,200
2020-09-22 09:33:10.860,4.737,500
2020-09-22 09:33:10.890,4.737,2000
2020-09-22 09:33:11.410,4.737,5500
2020-09-22 09:33:11.410,4.737,4500
2020-09-22 09:33:11.410,4.737,30000
2020-09-22 09:33:11.410,4.737,30000
2020-09-22 09:33:11.410,4.737,30000
2020-09-22 09:33:11.440,4.737,30000
2020-09-22 09:33:11.440,4.737,30000
2020-09-22 09:33:11.850,4.736,5000
2020-09-22 09:33:12.070,4.737,10000
2020-09-22 09:33:13.010,4.736,4000
2020-09-22 09:33:13.010,4.736,3000
2020-09-22 09:33:13.130,4.737,2000
2020-09-22 09:33:13.340,4.737,2000
2020-09-22 09:33:13.720,4.737,1600
2020-09-22 09:33:13.900,4.737,500
2020-09-22 09:33:14.480,4.737,20000
2020-09-22 09:33:14.540,4.736,6000
2020-09-22 09:33:14.540,4.736,300
2020-09-22 09:33:14.540,4.736,10000
2020-09-22 09:33:14.540,4.736,500
2020-09-22 09:33:15.650,4.736,3000
2020-09-22 09:33:16.100,4.736,1000
2020-09-22 09:33:16.550,4.736,1000
2020-09-22 09:33:16.810,4.736,600
2020-09-22 09:33:17.020,4.736,11000
2020-09-22 09:33:17.450,4.736,40000
2020-09-22 09:33:17.450,4.736,30000
2020-09-22 09:33:17.450,4.736,10000
2020-09-22 09:33:17.450,4.736,50000
2020-09-22 09:33:17.450,4.736,10000
2020-09-22 09:33:17.450,4.736,26600
2020-09-22 09:33:17.450,4.736,3400
2020-09-22 09:33:17.740,4.736,1600
2020-09-22 09:33:17.740,4.736,8400
2020-09-22 09:33:18.500,4.736,1000
2020-09-22 09:33:18.530,4.736,5000
2020-09-22 09:33:18.790,4.736,200
2020-09-22 09:33:18.850,4.736,2200
2020-09-22 09:33:19.570,4.736,2000
2020-09-22 09:33:20.230,4.735,1500
2020-09-22 09:33:20.230,4.736,3800
2020-09-22 09:33:20.450,4.736,16800
2020-09-22 09:33:20.450,4.736,2100
2020-09-22 09:33:20.450,4.736,11100
2020-09-22 09:33:21.040,4.736,10000
2020-09-22 09:33:21.070,4.735,1600
2020-09-22 09:33:21.070,4.735,2000
2020-09-22 09:33:21.070,4.735,2500
2020-09-22 09:33:21.070,4.735,1100
2020-09-22 09:33:21.070,4.735,5000
2020-09-22 09:33:21.070,4.735,100
2020-09-22 09:33:21.070,4.735,3000
2020-09-22 09:33:21.070,4.735,700
2020-09-22 09:33:21.350,4.735,40000
2020-09-22 09:33:21.760,4.735,1000
2020-09-22 09:33:22.430,4.735,10000
2020-09-22 09:33:23.200,4.735,2000
2020-09-22 09:33:23.420,4.735,10000
2020-09-22 09:33:23.420,4.735,50000
2020-09-22 09:33:23.420,4.735,50000
2020-09-22 09:33:23.420,4.735,50000
2020-09-22 09:33:23.420,4.735,20000
2020-09-22 09:33:23.420,4.735,50000
2020-09-22 09:33:23.420,4.735,10000
2020-09-22 09:33:23.420,4.735,10000
2020-09-22 09:33:23.420,4.735,50000
2020-09-22 09:33:23.450,4.735,50000
2020-09-22 09:33:23.660,4.735,1000
2020-09-22 09:33:23.750,4.735,2000
2020-09-22 09:33:23.810,4.735,40000
2020-09-22 09:33:24.050,4.735,12400
2020-09-22 09:33:24.050,4.735,5000
2020-09-22 09:33:24.050,4.735,1400
2020-09-22 09:33:24.720,4.735,1000
2020-09-22 09:33:24.780,4.735,1600
2020-09-22 09:33:25.460,4.734,800
2020-09-22 09:33:25.460,4.734,300
2020-09-22 09:33:25.460,4.734,3000
2020-09-22 09:33:25.460,4.734,5000
2020-09-22 09:33:26.410,4.735,35300
2020-09-22 09:33:26.410,4.735,700
2020-09-22 09:33:26.410,4.736,4000
2020-09-22 09:33:27.360,4.736,4900
2020-09-22 09:33:27.360,4.736,10000
2020-09-22 09:33:27.950,4.736,16200
2020-09-22 09:33:27.950,4.736,5000
2020-09-22 09:33:27.950,4.735,18100
2020-09-22 09:33:28.310,4.736,3200
2020-09-22 09:33:28.550,4.737,2000
2020-09-22 09:33:28.930,4.736,2000
2020-09-22 09:33:29.430,4.737,7400
2020-09-22 09:33:29.430,4.737,100
2020-09-22 09:33:29.430,4.737,500
2020-09-22 09:33:29.430,4.737,800
2020-09-22 09:33:29.430,4.737,21200
2020-09-22 09:33:29.430,4.737,30000
2020-09-22 09:33:29.430,4.737,30000
2020-09-22 09:33:29.430,4.737,18800
2020-09-22 09:33:29.430,4.737,200
2020-09-22 09:33:29.430,4.737,11000
2020-09-22 09:33:29.430,4.737,10000
2020-09-22 09:33:29.430,4.737,30000
2020-09-22 09:33:29.430,4.737,30000
2020-09-22 09:33:29.430,4.737,20000
2020-09-22 09:33:29.430,4.737,30000
2020-09-22 09:33:30.860,4.736,2800
2020-09-22 09:33:30.860,4.736,1000
2020-09-22 09:33:30.860,4.736,100
2020-09-22 09:33:31.840,4.736,100
2020-09-22 09:33:31.980,4.736,100
2020-09-22 09:33:32.160,4.736,20000
2020-09-22 09:33:32.240,4.735,400
2020-09-22 09:33:32.420,4.736,30000
2020-09-22 09:33:32.420,4.736,50000
2020-09-22 09:33:32.420,4.736,10000
2020-09-22 09:33:32.450,4.736,40000
2020-09-22 09:33:32.450,4.736,10000
2020-09-22 09:33:32.790,4.736,35900
2020-09-22 09:33:32.790,4.736,1000
2020-09-22 09:33:32.790,4.736,500
2020-09-22 09:33:32.960,4.737,69000
2020-09-22 09:33:32.960,4.737,2700
2020-09-22 09:33:32.960,4.737,10700
2020-09-22 09:33:32.960,4.737,5100
2020-09-22 09:33:33.700,4.737,6000
2020-09-22 09:33:34.050,4.737,39400
2020-09-22 09:33:34.870,4.738,500
2020-09-22 09:33:35.020,4.737,5000
2020-09-22 09:33:35.410,4.738,30000
2020-09-22 09:33:35.410,4.738,30000
2020-09-22 09:33:35.410,4.738,30000
2020-09-22 09:33:35.410,4.738,30000
2020-09-22 09:33:35.410,4.738,30000
2020-09-22 09:33:35.410,4.738,30000
2020-09-22 09:33:35.440,4.738,30000
2020-09-22 09:33:35.440,4.738,20000
2020-09-22 09:33:35.470,4.738,6600
2020-09-22 09:33:35.470,4.738,1000
2020-09-22 09:33:35.470,4.738,22400
2020-09-22 09:33:35.470,4.738,10000
2020-09-22 09:33:35.470,4.738,6900
2020-09-22 09:33:35.470,4.738,22900
2020-09-22 09:33:35.470,4.738,200
2020-09-22 09:33:35.470,4.738,14800
2020-09-22 09:33:35.470,4.738,1100
2020-09-22 09:33:35.470,4.738,14100
2020-09-22 09:33:35.470,4.738,30000
2020-09-22 09:33:35.470,4.738,30000
2020-09-22 09:33:35.470,4.738,30000
2020-09-22 09:33:35.470,4.738,10000
2020-09-22 09:33:35.470,4.738,30000
2020-09-22 09:33:35.470,4.738,30000
2020-09-22 09:33:36.410,4.738,2000
2020-09-22 09:33:37.120,4.737,3000
2020-09-22 09:33:37.180,4.737,100
2020-09-22 09:33:37.810,4.738,1500
2020-09-22 09:33:38.700,4.737,13000
2020-09-22 09:33:38.890,4.738,1200
2020-09-22 09:33:38.890,4.738,5000
2020-09-22 09:33:38.890,4.738,1000
2020-09-22 09:33:38.890,4.739,333300
2020-09-22 09:33:38.890,4.739,1000
2020-09-22 09:33:38.890,4.739,200000
2020-09-22 09:33:38.890,4.739,27200
2020-09-22 09:33:38.890,4.739,31300
2020-09-22 09:33:39.000,4.737,2300
2020-09-22 09:33:39.230,4.739,8000
2020-09-22 09:33:39.230,4.739,1500
2020-09-22 09:33:39.230,4.739,2000
2020-09-22 09:33:40.140,4.739,39300
2020-09-22 09:33:40.890,4.74,6400
2020-09-22 09:33:40.890,4.74,6200
2020-09-22 09:33:40.890,4.74,200
2020-09-22 09:33:40.890,4.74,100
2020-09-22 09:33:40.890,4.74,6900
2020-09-22 09:33:40.890,4.74,500
2020-09-22 09:33:41.420,4.74,16300
2020-09-22 09:33:41.420,4.74,1900
2020-09-22 09:33:41.420,4.74,1800
2020-09-22 09:33:41.460,4.74,30000
2020-09-22 09:33:41.460,4.74,30000
2020-09-22 09:33:41.460,4.74,30000
2020-09-22 09:33:41.460,4.74,30000
2020-09-22 09:33:41.460,4.74,30000
2020-09-22 09:33:41.700,4.739,1000
2020-09-22 09:33:42.520,4.739,6000
2020-09-22 09:33:42.930,4.739,2000
2020-09-22 09:33:43.050,4.739,53600
2020-09-22 09:33:43.050,4.739,6400
2020-09-22 09:33:43.050,4.738,1000
2020-09-22 09:33:43.720,4.738,2200
2020-09-22 09:33:43.890,4.738,400
2020-09-22 09:33:44.440,4.74,30000
2020-09-22 09:33:45.430,4.738,200
2020-09-22 09:33:46.200,4.738,39300
2020-09-22 09:33:46.650,4.738,12400
2020-09-22 09:33:46.650,4.74,2000
2020-09-22 09:33:47.260,4.74,10000
2020-09-22 09:33:47.960,4.74,200
2020-09-22 09:33:48.350,4.74,500
2020-09-22 09:33:49.390,4.74,5500
2020-09-22 09:33:49.390,4.74,500
2020-09-22 09:33:49.950,4.74,24000
2020-09-22 09:33:50.010,4.739,3000
2020-09-22 09:33:50.010,4.739,2000
2020-09-22 09:33:50.460,4.739,30000
2020-09-22 09:33:50.460,4.739,30000
2020-09-22 09:33:50.460,4.739,30000
2020-09-22 09:33:50.460,4.739,20000
2020-09-22 09:33:50.460,4.739,20000
2020-09-22 09:33:50.460,4.739,30000
2020-09-22 09:33:50.460,4.739,30000
2020-09-22 09:33:50.460,4.739,30000
2020-09-22 09:33:50.460,4.739,10000
2020-09-22 09:33:50.950,4.739,13400
2020-09-22 09:33:51.090,4.739,500
2020-09-22 09:33:52.060,4.738,39300
2020-09-22 09:33:52.440,4.738,35800
2020-09-22 09:33:52.440,4.738,1200
2020-09-22 09:33:52.440,4.738,10000
2020-09-22 09:33:52.440,4.738,400
2020-09-22 09:33:52.440,4.738,2000
2020-09-22 09:33:52.440,4.738,10000
2020-09-22 09:33:52.440,4.738,100
2020-09-22 09:33:52.440,4.738,4300
2020-09-22 09:33:52.440,4.738,200
2020-09-22 09:33:52.440,4.738,5000
2020-09-22 09:33:52.440,4.738,100
2020-09-22 09:33:52.440,4.738,100
2020-09-22 09:33:52.440,4.738,10000
2020-09-22 09:33:52.680,4.737,10600
2020-09-22 09:33:52.770,4.738,8200
2020-09-22 09:33:53.420,4.738,2000
2020-09-22 09:33:53.420,4.738,30000
2020-09-22 09:33:53.420,4.738,30000
2020-09-22 09:33:53.420,4.738,30000
2020-09-22 09:33:53.420,4.738,30000
2020-09-22 09:33:53.420,4.738,30000
2020-09-22 09:33:53.420,4.738,10000
2020-09-22 09:33:53.420,4.738,30000
2020-09-22 09:33:53.480,4.738,30000
2020-09-22 09:33:53.480,4.738,20000
2020-09-22 09:33:53.480,4.738,10000
2020-09-22 09:33:53.790,4.738,20000
2020-09-22 09:33:54.120,4.738,40600
2020-09-22 09:33:55.610,4.738,10000
2020-09-22 09:33:55.640,4.738,5900
2020-09-22 09:33:55.640,4.739,200
2020-09-22 09:33:56.200,4.738,900
2020-09-22 09:33:56.230,4.738,1000
2020-09-22 09:33:56.470,4.739,30000
2020-09-22 09:33:56.470,4.739,30000
2020-09-22 09:33:56.470,4.739,30000
2020-09-22 09:33:56.770,4.739,9800
2020-09-22 09:33:56.770,4.739,900
2020-09-22 09:33:56.770,4.74,9300
2020-09-22 09:33:57.010,4.739,5000
2020-09-22 09:33:58.160,4.738,39400
2020-09-22 09:33:58.290,4.738,35300
2020-09-22 09:33:58.290,4.738,50000
2020-09-22 09:33:58.290,4.738,5000
2020-09-22 09:33:58.290,4.737,5000
2020-09-22 09:33:58.290,4.737,500
2020-09-22 09:33:58.470,4.737,100
2020-09-22 09:33:58.490,4.737,99900
2020-09-22 09:33:59.200,4.737,13900
2020-09-22 09:33:59.430,4.737,50000
2020-09-22 09:33:59.430,4.737,30000
2020-09-22 09:33:59.460,4.737,10000
2020-09-22 09:33:59.460,4.737,50000
2020-09-22 09:33:59.460,4.737,40000
2020-09-22 09:33:59.460,4.737,50000
2020-09-22 09:33:59.460,4.737,50000
2020-09-22 09:33:59.460,4.737,50000
2020-09-22 09:33:59.460,4.737,50000
2020-09-22 09:33:59.460,4.737,20000
2020-09-22 09:33:59.460,4.737,40000
2020-09-22 09:33:59.460,4.737,50000
2020-09-22 09:33:59.460,4.737,50000
2020-09-22 09:33:59.460,4.737,10000
2020-09-22 09:34:00.120,4.737,140300
2020-09-22 09:34:00.200,4.738,50000
2020-09-22 09:34:01.320,4.738,100000
2020-09-22 09:34:02.160,4.738,100
2020-09-22 09:34:02.430,4.739,1000
2020-09-22 09:34:02.430,4.739,29000
2020-09-22 09:34:02.430,4.739,10000
2020-09-22 09:34:02.430,4.739,30000
2020-09-22 09:34:02.430,4.739,50000
2020-09-22 09:34:02.430,4.739,30000
2020-09-22 09:34:02.430,4.739,30000
2020-09-22 09:34:02.430,4.739,30000
2020-09-22 09:34:02.430,4.739,30000
2020-09-22 09:34:02.430,4.739,30000
2020-09-22 09:34:02.430,4.739,10000
2020-09-22 09:34:02.430,4.739,30000
2020-09-22 09:34:02.740,4.739,30700
2020-09-22 09:34:04.120,4.738,39300
2020-09-22 09:34:04.300,4.739,1000
2020-09-22 09:34:05.090,4.739,500
2020-09-22 09:34:05.140,4.739,3000
2020-09-22 09:34:05.290,4.738,8800
2020-09-22 09:34:05.290,4.738,1000
2020-09-22 09:34:05.290,4.738,8200
2020-09-22 09:34:05.410,4.739,55800
2020-09-22 09:34:05.410,4.739,500
2020-09-22 09:34:05.410,4.739,600
2020-09-22 09:34:05.860,4.74,200
2020-09-22 09:34:06.340,4.74,900
2020-09-22 09:34:06.410,4.74,4600
2020-09-22 09:34:06.410,4.74,63000
2020-09-22 09:34:06.410,4.74,500
2020-09-22 09:34:06.410,4.74,6200
2020-09-22 09:34:07.250,4.739,10000
2020-09-22 09:34:07.250,4.739,199800
2020-09-22 09:34:07.250,4.739,30000
2020-09-22 09:34:07.250,4.739,10000
2020-09-22 09:34:07.360,4.739,40000
2020-09-22 09:34:07.700,4.739,32500
2020-09-22 09:34:07.910,4.738,1800
2020-09-22 09:34:07.910,4.738,200
2020-09-22 09:34:07.910,4.737,28100
2020-09-22 09:34:08.260,4.739,30000
2020-09-22 09:34:08.380,4.739,100
2020-09-22 09:34:08.410,4.739,50000
2020-09-22 09:34:08.470,4.739,1000
2020-09-22 09:34:08.470,4.739,50000
2020-09-22 09:34:08.470,4.739,30000
2020-09-22 09:34:08.470,4.739,50000
2020-09-22 09:34:08.470,4.739,50000
2020-09-22 09:34:08.740,4.738,3000
2020-09-22 09:34:08.980,4.739,26600
2020-09-22 09:34:08.980,4.739,28000
2020-09-22 09:34:09.070,4.739,63000
2020-09-22 09:34:09.190,4.739,200
2020-09-22 09:34:10.010,4.74,40000
2020-09-22 09:34:10.160,4.739,39300
2020-09-22 09:34:10.280,4.74,800
2020-09-22 09:34:10.820,4.74,300
2020-09-22 09:34:11.020,4.739,5000
2020-09-22 09:34:11.780,4.739,59600
2020-09-22 09:34:12.730,4.739,300
2020-09-22 09:34:12.760,4.74,40000
2020-09-22 09:34:13.530,4.74,8800
2020-09-22 09:34:14.560,4.739,5000
2020-09-22 09:34:14.810,4.74,1000
2020-09-22 09:34:14.980,4.74,1000
2020-09-22 09:34:15.160,4.74,1200
2020-09-22 09:34:15.620,4.739,5000
2020-09-22 09:34:15.620,4.739,36600
2020-09-22 09:34:15.710,4.74,700
2020-09-22 09:34:15.710,4.74,300
2020-09-22 09:34:16.170,4.739,39300
2020-09-22 09:34:16.260,4.74,100
2020-09-22 09:34:16.610,4.74,9600
2020-09-22 09:34:16.610,4.74,10000
2020-09-22 09:34:16.610,4.74,500
2020-09-22 09:34:16.610,4.74,300
2020-09-22 09:34:16.610,4.74,10000
2020-09-22 09:34:16.610,4.74,4400
2020-09-22 09:34:16.610,4.741,7200
2020-09-22 09:34:16.610,4.741,40800
2020-09-22 09:34:16.610,4.741,500
2020-09-22 09:34:16.610,4.741,15000
2020-09-22 09:34:16.710,4.741,2900
2020-09-22 09:34:16.980,4.741,4700
2020-09-22 09:34:17.130,4.741,7500
2020-09-22 09:34:17.130,4.739,2500
2020-09-22 09:34:17.430,4.742,700
2020-09-22 09:34:17.430,4.742,6700
2020-09-22 09:34:17.430,4.742,2600
2020-09-22 09:34:18.140,4.74,10000
2020-09-22 09:34:18.140,4.74,1300
2020-09-22 09:34:18.140,4.74,100
2020-09-22 09:34:18.140,4.74,500
2020-09-22 09:34:20.950,4.742,2200
2020-09-22 09:34:20.950,4.742,1300
2020-09-22 09:34:22.180,4.742,39300
2020-09-22 09:34:22.380,4.743,600
2020-09-22 09:34:22.950,4.742,88800
2020-09-22 09:34:23.070,4.74,500
2020-09-22 09:34:23.070,4.74,4500
2020-09-22 09:34:23.490,4.742,20000
2020-09-22 09:34:23.490,4.742,30000
2020-09-22 09:34:23.490,4.742,30000
2020-09-22 09:34:24.190,4.74,500
2020-09-22 09:34:24.620,4.74,30000
2020-09-22 09:34:24.980,4.742,30000
2020-09-22 09:34:25.070,4.74,20000
2020-09-22 09:34:25.580,4.742,500
