Datetime,Price,Volume
2020-11-11 09:25:00.610,3.462,11100
2020-11-11 09:25:00.610,3.462,100
2020-11-11 09:25:00.610,3.462,200
2020-11-11 09:25:00.610,3.462,7600
2020-11-11 09:25:00.610,3.462,6400
2020-11-11 09:25:00.610,3.462,500
2020-11-11 09:25:00.610,3.462,500
2020-11-11 09:25:00.610,3.462,200
2020-11-11 09:25:00.610,3.462,200
2020-11-11 09:25:00.610,3.462,200
2020-11-11 09:25:00.610,3.462,200
2020-11-11 09:25:00.610,3.462,200
2020-11-11 09:25:00.610,3.462,200
2020-11-11 09:25:00.610,3.462,200
2020-11-11 09:25:00.610,3.462,900
2020-11-11 09:25:00.610,3.462,1300
2020-11-11 09:25:00.610,3.462,6000
2020-11-11 09:25:00.610,3.462,1000
2020-11-11 09:25:00.610,3.462,1500
2020-11-11 09:25:00.610,3.462,800
2020-11-11 09:25:00.610,3.462,200
2020-11-11 09:25:00.610,3.462,200
2020-11-11 09:25:00.610,3.462,200
2020-11-11 09:25:00.610,3.462,200
2020-11-11 09:25:00.610,3.462,4000
2020-11-11 09:25:00.610,3.462,200
2020-11-11 09:25:00.610,3.462,200
2020-11-11 09:25:00.610,3.462,11200
2020-11-11 09:25:00.610,3.462,1500
2020-11-11 09:25:00.610,3.462,1300
2020-11-11 09:25:00.610,3.462,100
2020-11-11 09:25:00.610,3.462,200
2020-11-11 09:25:00.610,3.462,100
2020-11-11 09:25:00.610,3.462,200
2020-11-11 09:25:00.610,3.462,200
2020-11-11 09:25:00.610,3.462,1400
2020-11-11 09:25:00.610,3.462,200
2020-11-11 09:25:00.610,3.462,100
2020-11-11 09:25:00.610,3.462,100
2020-11-11 09:25:00.610,3.462,900
2020-11-11 09:25:00.610,3.462,100
2020-11-11 09:25:00.610,3.462,300
2020-11-11 09:25:00.610,3.462,300
2020-11-11 09:25:00.610,3.462,200
2020-11-11 09:25:00.610,3.462,700
2020-11-11 09:25:00.610,3.462,200
2020-11-11 09:25:00.610,3.462,7200
2020-11-11 09:25:00.610,3.462,11600
2020-11-11 09:25:00.610,3.462,5000
2020-11-11 09:25:00.610,3.462,5000
2020-11-11 09:25:00.610,3.462,500
2020-11-11 09:25:00.610,3.462,500
2020-11-11 09:25:00.610,3.462,1600
2020-11-11 09:25:00.610,3.462,100
2020-11-11 09:25:00.610,3.462,200
2020-11-11 09:25:00.610,3.462,2000
2020-11-11 09:25:00.610,3.462,200
2020-11-11 09:25:00.610,3.462,5500
2020-11-11 09:25:00.610,3.462,200
2020-11-11 09:25:00.610,3.462,100
2020-11-11 09:25:00.610,3.462,10000
2020-11-11 09:25:00.610,3.462,200
2020-11-11 09:25:00.610,3.462,100
2020-11-11 09:25:00.610,3.462,15200
2020-11-11 09:25:00.610,3.462,2500
2020-11-11 09:25:00.610,3.462,7100
2020-11-11 09:25:00.610,3.462,92
2020-11-11 09:25:00.610,3.462,8000
2020-11-11 09:25:00.610,3.462,4000
2020-11-11 09:25:00.610,3.462,1108
2020-11-11 09:25:00.610,3.462,392
2020-11-11 09:25:00.610,3.462,700
2020-11-11 09:25:00.610,3.462,3000
2020-11-11 09:25:00.610,3.462,700
2020-11-11 09:25:00.610,3.462,400
2020-11-11 09:25:00.610,3.462,3000
2020-11-11 09:25:00.610,3.462,10000
2020-11-11 09:25:00.610,3.462,2300
2020-11-11 09:25:00.610,3.462,14000
2020-11-11 09:25:00.610,3.462,6000
2020-11-11 09:25:00.610,3.462,2800
2020-11-11 09:25:00.610,3.462,294600
2020-11-11 09:25:00.610,3.462,20000
2020-11-11 09:30:00.130,3.462,20000
2020-11-11 09:30:00.230,3.463,100
2020-11-11 09:30:00.290,3.462,6000
2020-11-11 09:30:00.360,3.462,3000
2020-11-11 09:30:00.440,3.462,2100
2020-11-11 09:30:00.510,3.462,300
2020-11-11 09:30:00.510,3.462,1000
2020-11-11 09:30:00.810,3.462,2500
2020-11-11 09:30:00.890,3.463,1900
2020-11-11 09:30:00.890,3.463,300
2020-11-11 09:30:00.890,3.463,12800
2020-11-11 09:30:00.960,3.463,10000
2020-11-11 09:30:01.190,3.462,2100
2020-11-11 09:30:01.330,3.462,2800
2020-11-11 09:30:01.370,3.462,7500
2020-11-11 09:30:01.370,3.462,500
2020-11-11 09:30:01.440,3.462,300
2020-11-11 09:30:01.440,3.462,27000
2020-11-11 09:30:01.500,3.463,2000
2020-11-11 09:30:01.740,3.462,800
2020-11-11 09:30:01.790,3.462,28500
2020-11-11 09:30:01.790,3.462,28500
2020-11-11 09:30:01.890,3.462,300
2020-11-11 09:30:01.890,3.462,2500
2020-11-11 09:30:02.010,3.462,50000
2020-11-11 09:30:02.010,3.462,5000
2020-11-11 09:30:02.070,3.462,18100
2020-11-11 09:30:02.200,3.463,1000
2020-11-11 09:30:02.200,3.462,2000
2020-11-11 09:30:02.300,3.463,216200
2020-11-11 09:30:02.390,3.462,1000
2020-11-11 09:30:02.390,3.462,500
2020-11-11 09:30:02.470,3.462,100
2020-11-11 09:30:02.470,3.463,8000
2020-11-11 09:30:02.550,3.463,1000
2020-11-11 09:30:02.550,3.462,30100
2020-11-11 09:30:02.650,3.463,2900
2020-11-11 09:30:02.770,3.462,1000
2020-11-11 09:30:02.830,3.463,1000
2020-11-11 09:30:02.970,3.463,37900
2020-11-11 09:30:02.970,3.462,200
2020-11-11 09:30:03.130,3.462,300
2020-11-11 09:30:03.320,3.462,23000
2020-11-11 09:30:03.480,3.462,12100
2020-11-11 09:30:03.810,3.462,1000
2020-11-11 09:30:03.810,3.462,300
2020-11-11 09:30:03.970,3.462,6000
2020-11-11 09:30:04.670,3.462,40000
2020-11-11 09:30:04.670,3.463,7200
2020-11-11 09:30:04.670,3.463,2800
2020-11-11 09:30:05.060,3.463,1000
2020-11-11 09:30:05.200,3.462,3000
2020-11-11 09:30:05.510,3.463,100
2020-11-11 09:30:05.580,3.463,1000
2020-11-11 09:30:05.790,3.463,2000
2020-11-11 09:30:05.850,3.462,3000
2020-11-11 09:30:06.040,3.462,25000
2020-11-11 09:30:06.040,3.463,3100
2020-11-11 09:30:06.040,3.463,300
2020-11-11 09:30:06.040,3.463,2000
2020-11-11 09:30:06.040,3.463,24100
2020-11-11 09:30:06.040,3.462,10000
2020-11-11 09:30:06.630,3.463,700
2020-11-11 09:30:06.630,3.462,7200
2020-11-11 09:30:06.780,3.463,600
2020-11-11 09:30:07.030,3.463,43400
2020-11-11 09:30:07.030,3.463,5100
2020-11-11 09:30:07.030,3.463,5500
2020-11-11 09:30:07.030,3.463,18000
2020-11-11 09:30:07.030,3.463,3000
2020-11-11 09:30:07.030,3.463,5000
2020-11-11 09:30:07.230,3.463,1500
2020-11-11 09:30:07.430,3.465,200
2020-11-11 09:30:09.500,3.465,8400
2020-11-11 09:30:09.500,3.465,200
2020-11-11 09:30:09.500,3.465,200
2020-11-11 09:30:09.500,3.465,10000
2020-11-11 09:30:10.440,3.463,100
2020-11-11 09:30:10.440,3.463,37900
2020-11-11 09:30:12.060,3.466,200
2020-11-11 09:30:12.060,3.466,300
2020-11-11 09:30:12.160,3.465,14500
2020-11-11 09:30:13.860,3.465,3100
2020-11-11 09:30:14.080,3.463,2500
2020-11-11 09:30:14.990,3.463,1000
2020-11-11 09:30:14.990,3.463,1500
2020-11-11 09:30:14.990,3.462,6000
2020-11-11 09:30:15.230,3.462,10000
2020-11-11 09:30:16.100,3.466,4700
2020-11-11 09:30:16.100,3.466,300
2020-11-11 09:30:16.740,3.462,5900
2020-11-11 09:30:17.670,3.462,1000
2020-11-11 09:30:17.980,3.462,7500
2020-11-11 09:30:17.980,3.462,1000
2020-11-11 09:30:18.060,3.465,500
2020-11-11 09:30:20.590,3.465,22800
2020-11-11 09:30:24.040,3.464,500
2020-11-11 09:30:24.970,3.462,500
2020-11-11 09:30:25.680,3.462,200
2020-11-11 09:30:29.980,3.463,500
2020-11-11 09:30:31.250,3.462,55000
2020-11-11 09:30:32.630,3.462,2000
2020-11-11 09:30:34.040,3.462,19200
2020-11-11 09:30:34.130,3.463,2800
2020-11-11 09:30:35.480,3.463,100
2020-11-11 09:30:35.580,3.462,10000
2020-11-11 09:30:35.820,3.462,10000
2020-11-11 09:30:36.040,3.463,500
2020-11-11 09:30:36.340,3.462,17200
2020-11-11 09:30:41.240,3.463,12000
2020-11-11 09:30:41.660,3.463,1000
2020-11-11 09:30:42.110,3.464,6400
2020-11-11 09:30:42.110,3.465,600
2020-11-11 09:30:42.910,3.464,10000
2020-11-11 09:30:42.970,3.465,200
2020-11-11 09:30:43.910,3.464,5500
2020-11-11 09:30:45.030,3.465,100
2020-11-11 09:30:46.040,3.465,100
2020-11-11 09:30:46.340,3.464,300
2020-11-11 09:30:47.030,3.465,100
2020-11-11 09:30:47.640,3.465,900
2020-11-11 09:30:47.640,3.465,9900
2020-11-11 09:30:47.640,3.465,6500
2020-11-11 09:30:48.090,3.466,200
2020-11-11 09:30:48.190,3.465,30800
2020-11-11 09:30:49.710,3.466,4500
2020-11-11 09:30:49.710,3.466,3100
2020-11-11 09:30:49.710,3.466,800
2020-11-11 09:30:49.710,3.466,500
2020-11-11 09:30:49.710,3.466,200
2020-11-11 09:30:49.710,3.466,10000
2020-11-11 09:30:49.710,3.466,100
2020-11-11 09:30:49.710,3.466,100
2020-11-11 09:30:49.710,3.466,100
2020-11-11 09:30:49.710,3.466,100
2020-11-11 09:30:49.710,3.466,1000
2020-11-11 09:30:49.710,3.466,6600
2020-11-11 09:30:49.710,3.466,100
2020-11-11 09:30:49.710,3.466,400
2020-11-11 09:30:49.710,3.466,1000
2020-11-11 09:30:49.710,3.466,4000
2020-11-11 09:30:49.710,3.466,10000
2020-11-11 09:30:49.710,3.466,200
2020-11-11 09:30:49.710,3.466,15200
2020-11-11 09:30:49.710,3.466,10000
2020-11-11 09:30:49.710,3.466,50000
2020-11-11 09:30:49.710,3.466,8200
2020-11-11 09:30:49.710,3.466,50000
2020-11-11 09:30:49.710,3.466,20000
2020-11-11 09:30:49.710,3.466,40000
2020-11-11 09:30:49.710,3.466,30000
2020-11-11 09:30:49.990,3.467,200
2020-11-11 09:30:51.970,3.467,200
2020-11-11 09:30:52.970,3.465,23100
2020-11-11 09:30:53.220,3.466,500
2020-11-11 09:30:53.540,3.466,1000
2020-11-11 09:30:54.180,3.467,200
2020-11-11 09:30:56.760,3.467,48301
2020-11-11 09:30:56.760,3.467,10000
2020-11-11 09:30:56.760,3.467,100
2020-11-11 09:30:56.760,3.467,1500
2020-11-11 09:30:56.760,3.467,11799
2020-11-11 09:30:59.490,3.467,8800
2020-11-11 09:30:59.820,3.467,13701
2020-11-11 09:30:59.820,3.467,10000
2020-11-11 09:30:59.820,3.467,10000
2020-11-11 09:30:59.820,3.467,1500
2020-11-11 09:30:59.820,3.467,800
2020-11-11 09:31:00.500,3.467,14500
2020-11-11 09:31:01.350,3.468,300
2020-11-11 09:31:01.350,3.468,3200
2020-11-11 09:31:01.350,3.468,10000
2020-11-11 09:31:01.350,3.468,300
2020-11-11 09:31:01.350,3.468,7000
2020-11-11 09:31:01.350,3.468,100000
2020-11-11 09:31:01.350,3.468,6300
2020-11-11 09:31:01.350,3.468,100
2020-11-11 09:31:01.350,3.468,200
2020-11-11 09:31:01.350,3.468,600
2020-11-11 09:31:01.350,3.468,7900
2020-11-11 09:31:01.350,3.469,100
2020-11-11 09:31:01.350,3.469,1500
2020-11-11 09:31:01.350,3.469,150000
2020-11-11 09:31:01.350,3.469,200
2020-11-11 09:31:01.350,3.469,10000
2020-11-11 09:31:01.350,3.469,500
2020-11-11 09:31:01.970,3.469,1100
2020-11-11 09:31:02.090,3.469,700
2020-11-11 09:31:02.090,3.468,100
2020-11-11 09:31:02.090,3.468,8800
2020-11-11 09:31:02.090,3.467,400
2020-11-11 09:31:04.790,3.47,2000
2020-11-11 09:31:04.790,3.47,100
2020-11-11 09:31:04.790,3.47,297900
2020-11-11 09:31:04.790,3.47,300000
2020-11-11 09:31:06.280,3.469,900
2020-11-11 09:31:06.400,3.468,17300
2020-11-11 09:31:07.050,3.469,100
2020-11-11 09:31:07.050,3.47,37200
2020-11-11 09:31:07.230,3.469,15000
2020-11-11 09:31:07.230,3.47,8500
2020-11-11 09:31:07.230,3.47,3000
2020-11-11 09:31:07.230,3.47,3500
2020-11-11 09:31:07.290,3.467,100
2020-11-11 09:31:07.290,3.467,600
2020-11-11 09:31:07.930,3.47,100
2020-11-11 09:31:08.920,3.469,300000
2020-11-11 09:31:11.930,3.467,400
2020-11-11 09:31:11.930,3.467,1100
2020-11-11 09:31:12.240,3.467,18900
2020-11-11 09:31:12.240,3.467,23800
2020-11-11 09:31:12.240,3.467,1800
2020-11-11 09:31:12.240,3.467,3000
2020-11-11 09:31:14.020,3.466,1000
2020-11-11 09:31:14.520,3.467,10000
2020-11-11 09:31:17.910,3.466,2000
2020-11-11 09:31:19.870,3.466,100
2020-11-11 09:31:20.160,3.467,300
2020-11-11 09:31:20.160,3.468,5400
2020-11-11 09:31:21.540,3.467,10700
2020-11-11 09:31:21.960,3.467,200
2020-11-11 09:31:22.400,3.467,11100
2020-11-11 09:31:23.110,3.467,900
2020-11-11 09:31:24.180,3.467,78400
2020-11-11 09:31:24.180,3.467,31600
2020-11-11 09:31:24.180,3.466,192300
2020-11-11 09:31:24.180,3.466,600
2020-11-11 09:31:25.550,3.468,1500
2020-11-11 09:31:26.950,3.467,14500
2020-11-11 09:31:28.510,3.468,18100
2020-11-11 09:31:28.510,3.468,3000
2020-11-11 09:31:28.510,3.469,1000
2020-11-11 09:31:28.510,3.469,5700
2020-11-11 09:31:29.070,3.466,4100
2020-11-11 09:31:29.960,3.468,300
2020-11-11 09:31:30.710,3.469,5000
2020-11-11 09:31:30.970,3.468,1200
2020-11-11 09:31:30.970,3.468,8800
2020-11-11 09:31:32.510,3.468,100
2020-11-11 09:31:32.750,3.468,500
2020-11-11 09:31:32.750,3.468,9500
2020-11-11 09:31:36.410,3.468,17200
2020-11-11 09:31:37.360,3.469,300
2020-11-11 09:31:40.550,3.469,2000
2020-11-11 09:31:42.330,3.468,3300
2020-11-11 09:31:42.330,3.468,1700
2020-11-11 09:31:44.720,3.469,5000
2020-11-11 09:31:46.570,3.469,3900
2020-11-11 09:31:47.780,3.469,53400
2020-11-11 09:31:47.780,3.469,7500
2020-11-11 09:31:47.780,3.469,9000
2020-11-11 09:31:47.780,3.469,230100
2020-11-11 09:31:48.790,3.469,300000
2020-11-11 09:31:48.790,3.469,300000
2020-11-11 09:31:48.790,3.469,169900
2020-11-11 09:31:48.790,3.469,130100
2020-11-11 09:31:48.840,3.469,5000
2020-11-11 09:31:49.580,3.469,600000
2020-11-11 09:31:49.900,3.469,64900
2020-11-11 09:31:49.900,3.469,5000
2020-11-11 09:31:49.900,3.469,10000
2020-11-11 09:31:50.440,3.469,1000
2020-11-11 09:31:52.810,3.47,200
2020-11-11 09:31:52.930,3.469,219200
2020-11-11 09:31:52.930,3.468,600000
2020-11-11 09:31:54.680,3.468,27100
2020-11-11 09:31:55.440,3.468,100
2020-11-11 09:31:55.860,3.468,600
2020-11-11 09:31:56.300,3.468,3000
2020-11-11 09:31:57.180,3.468,150000
2020-11-11 09:31:57.180,3.468,900
2020-11-11 09:31:57.180,3.469,1000
2020-11-11 09:31:57.180,3.47,6300
2020-11-11 09:31:57.180,3.47,100
2020-11-11 09:31:57.180,3.47,500
2020-11-11 09:31:57.180,3.47,250000
2020-11-11 09:31:57.180,3.47,10000
2020-11-11 09:31:57.180,3.47,15000
2020-11-11 09:31:57.180,3.47,42300
2020-11-11 09:31:57.180,3.47,100
2020-11-11 09:31:57.180,3.47,3000
2020-11-11 09:31:57.180,3.47,200
2020-11-11 09:31:57.180,3.47,150000
2020-11-11 09:31:57.180,3.47,2000
2020-11-11 09:31:57.180,3.47,10000
2020-11-11 09:31:57.180,3.47,3000
2020-11-11 09:31:57.180,3.47,5000
2020-11-11 09:31:57.180,3.47,28800
2020-11-11 09:31:57.180,3.47,10000
2020-11-11 09:31:57.180,3.47,3000
2020-11-11 09:31:57.180,3.47,208800
2020-11-11 09:31:58.040,3.469,2000
2020-11-11 09:32:00.610,3.468,1000
2020-11-11 09:32:01.040,3.469,2900
2020-11-11 09:32:06.400,3.468,200
2020-11-11 09:32:06.400,3.468,5000
2020-11-11 09:32:06.400,3.468,11600
2020-11-11 09:32:06.400,3.467,500
2020-11-11 09:32:06.460,3.469,5700
2020-11-11 09:32:07.040,3.469,7900
2020-11-11 09:32:07.040,3.469,200
2020-11-11 09:32:08.120,3.468,200
2020-11-11 09:32:09.090,3.468,600
2020-11-11 09:32:09.290,3.468,300000
2020-11-11 09:32:09.760,3.468,100
2020-11-11 09:32:10.560,3.468,4000
2020-11-11 09:32:10.880,3.467,600
2020-11-11 09:32:10.880,3.467,10000
2020-11-11 09:32:10.880,3.467,200
2020-11-11 09:32:10.880,3.467,3800
2020-11-11 09:32:11.620,3.467,2700
2020-11-11 09:32:12.660,3.468,278100
2020-11-11 09:32:12.660,3.468,100
2020-11-11 09:32:13.840,3.469,800
2020-11-11 09:32:13.840,3.469,700
2020-11-11 09:32:16.040,3.469,3600
2020-11-11 09:32:16.040,3.469,600
2020-11-11 09:32:16.040,3.469,20500
2020-11-11 09:32:18.320,3.469,96900
2020-11-11 09:32:19.360,3.469,182600
2020-11-11 09:32:20.130,3.469,2000
2020-11-11 09:32:26.530,3.469,1000
2020-11-11 09:32:27.370,3.469,10000
2020-11-11 09:32:28.370,3.468,10000
2020-11-11 09:32:28.930,3.469,50000
2020-11-11 09:32:28.930,3.469,7500
2020-11-11 09:32:28.930,3.469,10800
2020-11-11 09:32:28.930,3.469,300
2020-11-11 09:32:36.200,3.47,800
2020-11-11 09:32:36.380,3.469,17200
2020-11-11 09:32:38.500,3.47,9200
2020-11-11 09:32:38.500,3.47,10000
2020-11-11 09:32:38.500,3.47,1000
2020-11-11 09:32:38.500,3.47,3000
2020-11-11 09:32:38.500,3.47,2000
2020-11-11 09:32:38.500,3.47,14800
2020-11-11 09:32:39.230,3.47,35200
2020-11-11 09:32:39.230,3.47,10000
2020-11-11 09:32:39.320,3.47,12000
2020-11-11 09:32:41.690,3.47,2000
2020-11-11 09:32:43.870,3.471,10100
2020-11-11 09:32:43.870,3.471,5800
2020-11-11 09:32:43.870,3.471,10000
2020-11-11 09:32:43.870,3.471,56900
2020-11-11 09:32:43.870,3.471,100
2020-11-11 09:32:43.870,3.471,10000
2020-11-11 09:32:43.870,3.471,30000
2020-11-11 09:32:43.870,3.471,20000
2020-11-11 09:32:43.870,3.471,3000
2020-11-11 09:32:43.870,3.471,40000
2020-11-11 09:32:43.870,3.471,2000
2020-11-11 09:32:46.170,3.471,10000
2020-11-11 09:32:46.740,3.471,1000
2020-11-11 09:32:47.510,3.471,2000
2020-11-11 09:32:47.620,3.471,1000
2020-11-11 09:32:48.190,3.472,20000
2020-11-11 09:32:48.190,3.472,1000
2020-11-11 09:32:48.190,3.472,10000
2020-11-11 09:32:48.190,3.473,2000
2020-11-11 09:32:48.190,3.473,7000
2020-11-11 09:32:48.190,3.473,10000
2020-11-11 09:32:49.910,3.471,98100
2020-11-11 09:32:49.910,3.471,1900
2020-11-11 09:32:51.160,3.471,800
2020-11-11 09:32:53.720,3.47,4300
2020-11-11 09:32:55.260,3.47,56500
2020-11-11 09:32:55.260,3.47,2400
2020-11-11 09:32:55.260,3.47,2800
2020-11-11 09:32:55.260,3.47,2000
2020-11-11 09:32:56.370,3.47,20000
2020-11-11 09:32:56.400,3.47,2000
2020-11-11 09:32:57.000,3.47,41600
2020-11-11 09:32:57.580,3.469,3000
2020-11-11 09:32:58.550,3.47,35300
2020-11-11 09:32:59.210,3.47,200
2020-11-11 09:33:00.690,3.47,1500
2020-11-11 09:33:01.810,3.47,20000
2020-11-11 09:33:01.930,3.469,300
2020-11-11 09:33:02.160,3.47,115700
2020-11-11 09:33:02.160,3.47,3000
2020-11-11 09:33:02.160,3.47,300
2020-11-11 09:33:02.160,3.47,10000
2020-11-11 09:33:02.370,3.471,200
2020-11-11 09:33:02.370,3.471,1000
2020-11-11 09:33:02.370,3.471,5300
2020-11-11 09:33:03.420,3.47,2000
2020-11-11 09:33:04.520,3.47,2000
2020-11-11 09:33:04.610,3.471,5000
2020-11-11 09:33:04.920,3.47,10000
2020-11-11 09:33:05.360,3.47,100
2020-11-11 09:33:06.500,3.47,17200
2020-11-11 09:33:06.910,3.47,1600
2020-11-11 09:33:08.650,3.47,19000
2020-11-11 09:33:09.840,3.47,1000
2020-11-11 09:33:09.980,3.471,2000
2020-11-11 09:33:10.910,3.47,247200
2020-11-11 09:33:10.910,3.47,244100
2020-11-11 09:33:10.910,3.47,10900
2020-11-11 09:33:10.910,3.47,500
2020-11-11 09:33:10.910,3.47,50000
2020-11-11 09:33:10.910,3.47,5000
2020-11-11 09:33:12.580,3.47,14400
2020-11-11 09:33:12.610,3.47,19900
2020-11-11 09:33:12.610,3.47,2000
2020-11-11 09:33:12.610,3.47,113800
2020-11-11 09:33:12.610,3.47,164300
2020-11-11 09:33:12.610,3.47,300000
2020-11-11 09:33:13.040,3.47,300000
2020-11-11 09:33:14.260,3.47,47100
2020-11-11 09:33:18.240,3.47,15000
2020-11-11 09:33:18.720,3.471,1000
2020-11-11 09:33:21.240,3.47,1000
2020-11-11 09:33:21.240,3.471,9000
2020-11-11 09:33:22.880,3.471,27700
2020-11-11 09:33:22.880,3.471,30000
2020-11-11 09:33:22.880,3.471,10000
2020-11-11 09:33:22.880,3.471,2500
2020-11-11 09:33:22.880,3.471,2000
2020-11-11 09:33:22.880,3.471,15600
2020-11-11 09:33:22.880,3.471,700
2020-11-11 09:33:22.880,3.471,20000
2020-11-11 09:33:22.880,3.471,30000
2020-11-11 09:33:22.880,3.471,100
2020-11-11 09:33:23.690,3.471,13000
2020-11-11 09:33:24.450,3.471,45700
2020-11-11 09:33:25.760,3.471,40000
2020-11-11 09:33:26.290,3.471,200
2020-11-11 09:33:27.170,3.47,500
2020-11-11 09:33:27.170,3.47,10000
2020-11-11 09:33:27.170,3.469,39500
2020-11-11 09:33:27.430,3.471,30300
2020-11-11 09:33:30.570,3.47,1800
2020-11-11 09:33:30.570,3.47,2000
2020-11-11 09:33:30.570,3.471,1900
2020-11-11 09:33:34.240,3.47,100
2020-11-11 09:33:35.780,3.47,9900
2020-11-11 09:33:35.780,3.47,100
2020-11-11 09:33:36.430,3.47,300
2020-11-11 09:33:36.430,3.469,17300
2020-11-11 09:33:36.870,3.47,400
2020-11-11 09:33:37.920,3.47,2600
2020-11-11 09:33:37.920,3.47,2600
2020-11-11 09:33:38.560,3.469,300
2020-11-11 09:33:38.700,3.469,1000
2020-11-11 09:33:41.650,3.47,300
2020-11-11 09:33:42.370,3.47,3000
2020-11-11 09:33:44.590,3.47,500
2020-11-11 09:33:44.650,3.47,2500
2020-11-11 09:33:44.650,3.47,100
2020-11-11 09:33:44.650,3.47,3000
2020-11-11 09:33:44.650,3.47,7400
2020-11-11 09:33:44.650,3.47,10000
2020-11-11 09:33:44.650,3.47,100000
2020-11-11 09:33:44.650,3.47,900
2020-11-11 09:33:44.650,3.47,100000
2020-11-11 09:33:44.970,3.47,20000
2020-11-11 09:33:44.970,3.47,500
2020-11-11 09:33:45.340,3.47,3000
2020-11-11 09:33:46.570,3.47,20000
2020-11-11 09:33:47.500,3.47,2000
2020-11-11 09:33:48.400,3.47,3000
2020-11-11 09:33:50.910,3.47,27700
2020-11-11 09:33:50.910,3.47,200
2020-11-11 09:33:50.910,3.47,3800
2020-11-11 09:33:50.950,3.47,300
2020-11-11 09:33:51.150,3.47,15900
2020-11-11 09:33:52.620,3.47,600
2020-11-11 09:33:55.200,3.47,1000
2020-11-11 09:33:57.220,3.469,50000
2020-11-11 09:33:57.220,3.47,1400
2020-11-11 09:33:59.250,3.469,102500
2020-11-11 09:33:59.250,3.469,600
2020-11-11 09:33:59.250,3.469,5000
2020-11-11 09:33:59.250,3.469,5000
2020-11-11 09:33:59.250,3.469,30000
2020-11-11 09:33:59.250,3.469,2000
2020-11-11 09:33:59.250,3.469,13000
2020-11-11 09:33:59.250,3.469,1000
2020-11-11 09:33:59.250,3.469,8900
2020-11-11 09:33:59.250,3.469,5200
2020-11-11 09:34:00.530,3.469,200
2020-11-11 09:34:00.800,3.469,3600
2020-11-11 09:34:01.150,3.468,4000
2020-11-11 09:34:01.150,3.468,700
2020-11-11 09:34:01.150,3.468,100000
2020-11-11 09:34:01.150,3.468,200
2020-11-11 09:34:01.150,3.468,5200
2020-11-11 09:34:02.320,3.469,2800
2020-11-11 09:34:07.590,3.467,5000
2020-11-11 09:34:08.160,3.467,10000
2020-11-11 09:34:08.870,3.467,5800
2020-11-11 09:34:10.040,3.468,200
2020-11-11 09:34:10.380,3.467,2700
2020-11-11 09:34:10.380,3.467,200
2020-11-11 09:34:10.380,3.467,2000
2020-11-11 09:34:10.380,3.467,4000
2020-11-11 09:34:14.130,3.467,2300
2020-11-11 09:34:14.130,3.467,2800
2020-11-11 09:34:14.700,3.467,1000
2020-11-11 09:34:14.740,3.467,1000
2020-11-11 09:34:17.050,3.467,2800
2020-11-11 09:34:19.430,3.466,1600
2020-11-11 09:34:21.920,3.467,1000
2020-11-11 09:34:23.900,3.467,1400
2020-11-11 09:34:23.900,3.467,200
2020-11-11 09:34:25.580,3.467,4800
2020-11-11 09:34:25.580,3.467,9700
2020-11-11 09:34:25.580,3.467,100
2020-11-11 09:34:25.580,3.467,2000
2020-11-11 09:34:25.580,3.467,3400
2020-11-11 09:34:26.910,3.467,1100
2020-11-11 09:34:28.380,3.467,500
2020-11-11 09:34:28.380,3.467,100
2020-11-11 09:34:28.580,3.466,3400
2020-11-11 09:34:28.580,3.466,8000
2020-11-11 09:34:28.580,3.466,200
2020-11-11 09:34:28.580,3.466,3000
2020-11-11 09:34:28.580,3.466,200
2020-11-11 09:34:28.580,3.466,1500
2020-11-11 09:34:29.340,3.466,8500
2020-11-11 09:34:34.000,3.466,100
2020-11-11 09:34:35.150,3.465,300
2020-11-11 09:34:35.150,3.465,500
2020-11-11 09:34:35.150,3.465,3800
2020-11-11 09:34:35.150,3.465,200
2020-11-11 09:34:35.150,3.465,1600
2020-11-11 09:34:35.630,3.466,8400
2020-11-11 09:34:35.630,3.466,20000
2020-11-11 09:34:35.630,3.467,400
2020-11-11 09:34:35.630,3.467,300000
2020-11-11 09:34:35.630,3.467,100000
2020-11-11 09:34:35.630,3.467,2700
2020-11-11 09:34:36.520,3.467,17200
2020-11-11 09:34:39.610,3.468,17200
2020-11-11 09:34:39.610,3.468,20000
2020-11-11 09:34:39.610,3.468,800
2020-11-11 09:34:39.610,3.468,1000
2020-11-11 09:34:41.900,3.468,5000
2020-11-11 09:34:43.770,3.469,1300
2020-11-11 09:34:43.770,3.469,50000
2020-11-11 09:34:43.770,3.469,3000
2020-11-11 09:34:43.770,3.469,3000
2020-11-11 09:34:43.770,3.469,120000
2020-11-11 09:34:44.480,3.469,5000
2020-11-11 09:34:45.300,3.469,10000
2020-11-11 09:34:45.730,3.469,200
2020-11-11 09:34:46.450,3.469,600
2020-11-11 09:34:46.780,3.469,7500
2020-11-11 09:34:46.780,3.469,7500
2020-11-11 09:34:48.880,3.469,100
2020-11-11 09:34:49.560,3.469,6200
2020-11-11 09:34:51.960,3.469,1500
2020-11-11 09:34:52.450,3.47,600
2020-11-11 09:34:52.450,3.47,4400
2020-11-11 09:34:52.450,3.47,5000
2020-11-11 09:34:54.540,3.469,1500
2020-11-11 09:34:54.750,3.469,82700
2020-11-11 09:34:57.660,3.469,295100
2020-11-11 09:34:57.660,3.469,9700
2020-11-11 09:34:57.660,3.469,8000
2020-11-11 09:34:57.660,3.469,87300
2020-11-11 09:34:57.960,3.469,18900
2020-11-11 09:34:58.320,3.469,100
2020-11-11 09:34:59.840,3.468,31000
2020-11-11 09:35:00.150,3.468,400
2020-11-11 09:35:00.880,3.468,10000
2020-11-11 09:35:02.860,3.468,15800
2020-11-11 09:35:02.860,3.468,4000
2020-11-11 09:35:02.860,3.468,12600
2020-11-11 09:35:02.860,3.468,3500
2020-11-11 09:35:02.860,3.469,6600
2020-11-11 09:35:03.800,3.469,93400
2020-11-11 09:35:03.800,3.469,10000
2020-11-11 09:35:03.800,3.469,7300
2020-11-11 09:35:04.330,3.47,200
2020-11-11 09:35:04.330,3.47,800
2020-11-11 09:35:04.970,3.469,1500
2020-11-11 09:35:05.180,3.469,900
2020-11-11 09:35:06.510,3.469,17300
2020-11-11 09:35:06.820,3.469,1000
2020-11-11 09:35:06.820,3.469,700
2020-11-11 09:35:06.820,3.469,1000
2020-11-11 09:35:06.850,3.469,4700
2020-11-11 09:35:06.910,3.469,8000
2020-11-11 09:35:06.940,3.469,700
2020-11-11 09:35:06.970,3.469,2300
2020-11-11 09:35:07.380,3.469,400
2020-11-11 09:35:07.780,3.47,1200
2020-11-11 09:35:07.780,3.47,10000
2020-11-11 09:35:07.780,3.47,10000
2020-11-11 09:35:07.780,3.47,800
2020-11-11 09:35:07.780,3.47,10000
2020-11-11 09:35:07.780,3.47,5000
2020-11-11 09:35:07.780,3.47,10000
2020-11-11 09:35:07.780,3.47,4100
2020-11-11 09:35:07.780,3.47,100000
2020-11-11 09:35:07.780,3.47,1000
2020-11-11 09:35:07.780,3.47,6000
2020-11-11 09:35:07.780,3.47,5000
2020-11-11 09:35:07.780,3.47,3000
2020-11-11 09:35:07.780,3.47,10000
2020-11-11 09:35:07.780,3.47,3000
2020-11-11 09:35:07.780,3.471,1400
2020-11-11 09:35:07.780,3.471,8800
2020-11-11 09:35:07.780,3.471,5000
2020-11-11 09:35:07.780,3.471,300
2020-11-11 09:35:07.780,3.471,2000
2020-11-11 09:35:07.780,3.471,1500
2020-11-11 09:35:07.780,3.471,200
2020-11-11 09:35:07.780,3.471,5000
2020-11-11 09:35:07.780,3.471,300
2020-11-11 09:35:07.780,3.471,10000
2020-11-11 09:35:07.780,3.471,40000
2020-11-11 09:35:07.780,3.471,3000
2020-11-11 09:35:07.780,3.471,1000
2020-11-11 09:35:07.780,3.471,42400
2020-11-11 09:35:08.170,3.469,3000
2020-11-11 09:35:11.460,3.47,3100
2020-11-11 09:35:11.700,3.47,3000
2020-11-11 09:35:12.460,3.47,8900
2020-11-11 09:35:13.680,3.47,21100
2020-11-11 09:35:14.150,3.47,10000
2020-11-11 09:35:14.970,3.471,20000
2020-11-11 09:35:14.970,3.471,30000
2020-11-11 09:35:14.970,3.471,10000
2020-11-11 09:35:14.970,3.471,87800
2020-11-11 09:35:15.850,3.47,29000
2020-11-11 09:35:17.180,3.47,300
2020-11-11 09:35:17.560,3.47,57500
2020-11-11 09:35:18.080,3.47,10000
2020-11-11 09:35:20.550,3.47,400
2020-11-11 09:35:22.140,3.47,600
2020-11-11 09:35:22.610,3.47,16000
2020-11-11 09:35:23.170,3.47,1000
2020-11-11 09:35:23.410,3.472,100
2020-11-11 09:35:23.910,3.471,2000
2020-11-11 09:35:25.180,3.471,2200
2020-11-11 09:35:26.810,3.471,7700
2020-11-11 09:35:27.200,3.471,1000
2020-11-11 09:35:29.230,3.471,1600
2020-11-11 09:35:32.050,3.471,1500
2020-11-11 09:35:32.460,3.471,4000
2020-11-11 09:35:32.460,3.47,1000
2020-11-11 09:35:34.230,3.471,2000
2020-11-11 09:35:34.230,3.472,2000
2020-11-11 09:35:34.500,3.472,3000
2020-11-11 09:35:35.720,3.471,500
2020-11-11 09:35:35.930,3.472,500
2020-11-11 09:35:36.510,3.471,17200
2020-11-11 09:35:36.950,3.471,14300
2020-11-11 09:35:37.220,3.471,23700
2020-11-11 09:35:37.380,3.472,4400
2020-11-11 09:35:37.380,3.472,5600
2020-11-11 09:35:39.230,3.472,9400
2020-11-11 09:35:39.230,3.472,3000
2020-11-11 09:35:39.230,3.472,1000
2020-11-11 09:35:39.230,3.472,5000
2020-11-11 09:35:39.230,3.472,2000
2020-11-11 09:35:39.230,3.472,3000
2020-11-11 09:35:39.230,3.472,1000
2020-11-11 09:35:39.230,3.472,100
2020-11-11 09:35:39.230,3.472,10000
2020-11-11 09:35:39.230,3.473,10000
2020-11-11 09:35:39.230,3.473,5000
2020-11-11 09:35:39.230,3.473,5000
2020-11-11 09:35:39.230,3.473,50000
2020-11-11 09:35:39.230,3.473,17900
2020-11-11 09:35:39.230,3.473,15000
2020-11-11 09:35:39.230,3.473,10000
2020-11-11 09:35:39.230,3.473,2000
2020-11-11 09:35:39.230,3.473,8600
2020-11-11 09:35:39.230,3.473,100000
2020-11-11 09:35:39.230,3.473,3000
2020-11-11 09:35:39.230,3.473,39000
2020-11-11 09:35:39.840,3.471,200
2020-11-11 09:35:40.870,3.472,10000
2020-11-11 09:35:48.040,3.473,1200
2020-11-11 09:35:49.830,3.472,100
2020-11-11 09:35:49.830,3.472,900
2020-11-11 09:35:49.880,3.473,500
2020-11-11 09:35:50.630,3.472,1000
2020-11-11 09:35:50.690,3.472,100
2020-11-11 09:35:50.690,3.472,900
2020-11-11 09:35:51.020,3.473,3300
2020-11-11 09:35:51.020,3.473,200
2020-11-11 09:35:51.020,3.473,1000
2020-11-11 09:35:51.020,3.473,23700
2020-11-11 09:35:52.030,3.472,500
2020-11-11 09:35:52.330,3.472,2000
2020-11-11 09:35:53.780,3.472,1000
2020-11-11 09:35:54.660,3.472,450000
2020-11-11 09:35:56.060,3.473,1000
2020-11-11 09:35:56.970,3.473,50000
2020-11-11 09:35:57.590,3.473,125300
2020-11-11 09:35:57.590,3.473,200
2020-11-11 09:35:59.060,3.473,10000
2020-11-11 09:35:59.120,3.473,2000
2020-11-11 09:35:59.480,3.473,100
2020-11-11 09:35:59.540,3.473,5000
2020-11-11 09:36:01.260,3.473,11000
2020-11-11 09:36:01.440,3.473,500
2020-11-11 09:36:01.940,3.474,700
2020-11-11 09:36:02.340,3.473,1000
2020-11-11 09:36:02.820,3.473,5000
2020-11-11 09:36:03.410,3.473,5000
2020-11-11 09:36:03.590,3.474,3000
2020-11-11 09:36:04.650,3.473,23400
2020-11-11 09:36:05.740,3.473,300
2020-11-11 09:36:06.060,3.473,1200
2020-11-11 09:36:06.630,3.473,17300
2020-11-11 09:36:09.770,3.473,7900
2020-11-11 09:36:11.350,3.473,100
2020-11-11 09:36:12.030,3.474,1400
2020-11-11 09:36:14.650,3.473,1000
2020-11-11 09:36:15.290,3.473,400
2020-11-11 09:36:15.320,3.474,5900
2020-11-11 09:36:15.320,3.474,12000
2020-11-11 09:36:15.320,3.474,10000
2020-11-11 09:36:15.320,3.474,5000
2020-11-11 09:36:15.320,3.474,5000
2020-11-11 09:36:15.320,3.474,100
2020-11-11 09:36:15.320,3.474,3100
2020-11-11 09:36:15.320,3.474,5000
2020-11-11 09:36:15.320,3.474,10000
2020-11-11 09:36:15.320,3.474,4500
2020-11-11 09:36:15.320,3.474,2000
2020-11-11 09:36:15.320,3.474,11100
2020-11-11 09:36:15.320,3.474,10000
2020-11-11 09:36:15.320,3.474,3000
2020-11-11 09:36:15.320,3.474,7900
2020-11-11 09:36:15.320,3.474,3000
2020-11-11 09:36:15.320,3.474,7900
2020-11-11 09:36:15.320,3.474,15000
2020-11-11 09:36:15.480,3.474,10000
2020-11-11 09:36:15.600,3.474,2000
2020-11-11 09:36:16.050,3.475,7000
2020-11-11 09:36:16.050,3.475,400
2020-11-11 09:36:16.050,3.475,1000
2020-11-11 09:36:16.050,3.475,3500
2020-11-11 09:36:16.050,3.475,10000
2020-11-11 09:36:16.050,3.475,200
2020-11-11 09:36:16.050,3.475,700
2020-11-11 09:36:16.050,3.475,200
2020-11-11 09:36:16.050,3.475,2000
2020-11-11 09:36:16.050,3.475,4700
2020-11-11 09:36:16.050,3.475,20000
2020-11-11 09:36:16.050,3.475,9800
2020-11-11 09:36:16.940,3.474,500
2020-11-11 09:36:17.280,3.474,700
2020-11-11 09:36:18.560,3.474,100
2020-11-11 09:36:18.600,3.474,1400
2020-11-11 09:36:21.720,3.474,97600
2020-11-11 09:36:23.540,3.474,20000
2020-11-11 09:36:26.090,3.473,1700
2020-11-11 09:36:26.870,3.473,53900
2020-11-11 09:36:26.870,3.473,500
2020-11-11 09:36:26.870,3.473,60900
2020-11-11 09:36:26.870,3.473,200
2020-11-11 09:36:26.870,3.473,40400
2020-11-11 09:36:26.870,3.473,2000
2020-11-11 09:36:27.590,3.473,200
2020-11-11 09:36:28.100,3.472,5000
2020-11-11 09:36:32.340,3.473,4000
2020-11-11 09:36:34.420,3.473,1000
2020-11-11 09:36:36.380,3.473,3000
2020-11-11 09:36:36.500,3.472,5000
2020-11-11 09:36:36.500,3.472,10800
2020-11-11 09:36:36.500,3.472,1400
2020-11-11 09:36:36.620,3.472,1600
2020-11-11 09:36:36.620,3.472,200
2020-11-11 09:36:38.830,3.472,3600
2020-11-11 09:36:38.830,3.472,1400
2020-11-11 09:36:38.830,3.473,6200
2020-11-11 09:36:40.090,3.471,500
2020-11-11 09:36:41.510,3.472,1000
2020-11-11 09:36:41.510,3.472,100
2020-11-11 09:36:43.180,3.472,18900
2020-11-11 09:36:43.180,3.472,41800
2020-11-11 09:36:43.680,3.473,2000
2020-11-11 09:36:44.050,3.472,28200
2020-11-11 09:36:47.490,3.471,100
2020-11-11 09:36:48.340,3.472,200
2020-11-11 09:36:49.050,3.472,100
2020-11-11 09:36:49.410,3.472,4900
2020-11-11 09:36:49.410,3.471,12100
2020-11-11 09:36:49.890,3.471,1000
2020-11-11 09:36:54.430,3.472,1000
2020-11-11 09:36:57.170,3.472,1500
2020-11-11 09:36:57.170,3.472,3000
2020-11-11 09:36:57.170,3.472,1000
2020-11-11 09:36:57.260,3.473,4800
2020-11-11 09:37:00.870,3.473,5800
2020-11-11 09:37:02.150,3.472,1800
2020-11-11 09:37:02.150,3.473,2400
2020-11-11 09:37:02.150,3.473,5800
2020-11-11 09:37:04.190,3.472,100
2020-11-11 09:37:05.910,3.473,100
2020-11-11 09:37:05.910,3.473,1400
2020-11-11 09:37:06.500,3.471,17200
2020-11-11 09:37:06.730,3.471,100
2020-11-11 09:37:07.410,3.472,200
2020-11-11 09:37:08.440,3.472,500
2020-11-11 09:37:08.440,3.472,600
2020-11-11 09:37:12.350,3.472,600
2020-11-11 09:37:12.590,3.472,60000
2020-11-11 09:37:15.080,3.471,1000
2020-11-11 09:37:15.080,3.471,10000
2020-11-11 09:37:17.280,3.472,500
2020-11-11 09:37:18.930,3.472,1200
2020-11-11 09:37:20.150,3.472,4600
2020-11-11 09:37:21.160,3.471,19500
2020-11-11 09:37:25.850,3.472,10000
2020-11-11 09:37:27.300,3.471,200
2020-11-11 09:37:27.830,3.472,300
2020-11-11 09:37:28.270,3.471,1100
2020-11-11 09:37:28.750,3.471,100
2020-11-11 09:37:28.870,3.472,10000
2020-11-11 09:37:29.500,3.471,1600
2020-11-11 09:37:29.650,3.471,116000
2020-11-11 09:37:29.650,3.471,1000
2020-11-11 09:37:29.650,3.471,47900
2020-11-11 09:37:29.650,3.471,20000
2020-11-11 09:37:29.650,3.471,52200
2020-11-11 09:37:29.650,3.471,1000
2020-11-11 09:37:29.650,3.471,1000
2020-11-11 09:37:30.310,3.471,33200
2020-11-11 09:37:30.310,3.472,62200
2020-11-11 09:37:30.310,3.472,12000
2020-11-11 09:37:30.310,3.472,1000
2020-11-11 09:37:30.310,3.472,128100
2020-11-11 09:37:33.650,3.47,100
2020-11-11 09:37:33.650,3.47,500
2020-11-11 09:37:33.650,3.47,300
2020-11-11 09:37:33.650,3.47,3100
2020-11-11 09:37:35.200,3.471,190000
2020-11-11 09:37:35.790,3.471,300
2020-11-11 09:37:35.880,3.472,100
2020-11-11 09:37:36.520,3.471,17300
2020-11-11 09:37:36.580,3.472,1000
2020-11-11 09:37:36.940,3.471,500
2020-11-11 09:37:37.680,3.471,25000
2020-11-11 09:37:38.370,3.472,200
2020-11-11 09:37:39.170,3.472,2000
2020-11-11 09:37:42.930,3.471,30000
2020-11-11 09:37:44.740,3.471,36900
2020-11-11 09:37:44.740,3.471,5000
2020-11-11 09:37:44.740,3.471,1000
2020-11-11 09:37:44.890,3.47,3300
2020-11-11 09:37:44.890,3.47,300
2020-11-11 09:37:44.890,3.47,3000
2020-11-11 09:37:44.890,3.47,1000
2020-11-11 09:37:44.890,3.47,279600
2020-11-11 09:37:46.980,3.471,4600
2020-11-11 09:37:51.660,3.471,3800
2020-11-11 09:37:58.650,3.471,237800
2020-11-11 09:38:00.640,3.471,7100
2020-11-11 09:38:01.790,3.471,3800
2020-11-11 09:38:01.790,3.471,10000
2020-11-11 09:38:01.790,3.471,3000
2020-11-11 09:38:01.790,3.471,4200
2020-11-11 09:38:05.590,3.471,3300
2020-11-11 09:38:05.810,3.472,300000
2020-11-11 09:38:06.530,3.471,17200
2020-11-11 09:38:07.980,3.471,300
2020-11-11 09:38:08.490,3.471,8000
2020-11-11 09:38:08.810,3.472,55800
2020-11-11 09:38:08.810,3.472,2300
2020-11-11 09:38:09.420,3.472,3000
2020-11-11 09:38:09.730,3.473,600
2020-11-11 09:38:09.730,3.473,10000
2020-11-11 09:38:09.730,3.473,10000
2020-11-11 09:38:09.730,3.473,500
2020-11-11 09:38:09.730,3.473,3100
2020-11-11 09:38:09.730,3.473,100
2020-11-11 09:38:09.730,3.473,15600
2020-11-11 09:38:09.730,3.473,700
2020-11-11 09:38:09.730,3.473,1000
2020-11-11 09:38:09.730,3.473,8000
2020-11-11 09:38:09.730,3.473,300
2020-11-11 09:38:10.630,3.474,1000
2020-11-11 09:38:10.630,3.474,1000
2020-11-11 09:38:10.630,3.474,3000
2020-11-11 09:38:10.630,3.474,3000
2020-11-11 09:38:10.630,3.474,7900
2020-11-11 09:38:10.630,3.474,14400
2020-11-11 09:38:10.630,3.474,10000
2020-11-11 09:38:10.630,3.474,5400
2020-11-11 09:38:10.630,3.474,14000
2020-11-11 09:38:10.630,3.474,15600
2020-11-11 09:38:10.630,3.474,10000
2020-11-11 09:38:10.630,3.474,5000
2020-11-11 09:38:10.630,3.474,30000
2020-11-11 09:38:10.630,3.474,5000
2020-11-11 09:38:10.630,3.474,3000
2020-11-11 09:38:10.630,3.474,93000
2020-11-11 09:38:10.910,3.474,900
2020-11-11 09:38:11.950,3.474,1000
2020-11-11 09:38:12.980,3.474,8100
2020-11-11 09:38:12.980,3.474,30000
2020-11-11 09:38:12.980,3.474,5400
2020-11-11 09:38:13.390,3.474,33300
2020-11-11 09:38:15.750,3.473,5000
2020-11-11 09:38:15.890,3.473,800
2020-11-11 09:38:19.510,3.474,1000
2020-11-11 09:38:19.670,3.474,30000
2020-11-11 09:38:20.580,3.474,3100
2020-11-11 09:38:21.010,3.474,190600
2020-11-11 09:38:21.010,3.474,7900
2020-11-11 09:38:21.010,3.474,1000
2020-11-11 09:38:25.610,3.474,500
2020-11-11 09:38:25.870,3.474,500
2020-11-11 09:38:26.560,3.474,100
2020-11-11 09:38:29.700,3.474,43700
2020-11-11 09:38:31.350,3.473,700
2020-11-11 09:38:35.660,3.474,15000
2020-11-11 09:38:36.620,3.473,7100
2020-11-11 09:38:36.620,3.472,10100
2020-11-11 09:38:41.150,3.472,800
2020-11-11 09:38:43.510,3.473,2000
2020-11-11 09:38:45.300,3.473,500
2020-11-11 09:38:45.300,3.472,2500
2020-11-11 09:38:46.380,3.474,3800
2020-11-11 09:38:50.780,3.474,2600
2020-11-11 09:38:50.900,3.474,100
2020-11-11 09:38:51.850,3.473,14200
2020-11-11 09:38:51.940,3.473,10000
2020-11-11 09:38:52.860,3.473,30000
2020-11-11 09:38:53.850,3.474,100
2020-11-11 09:38:55.240,3.474,1300
2020-11-11 09:38:55.240,3.474,200
2020-11-11 09:38:55.270,3.473,100
2020-11-11 09:38:56.900,3.474,800
2020-11-11 09:38:56.900,3.474,5000
2020-11-11 09:38:56.900,3.474,4200
2020-11-11 09:38:57.780,3.473,30000
2020-11-11 09:38:58.240,3.474,800
2020-11-11 09:38:58.240,3.474,2900
2020-11-11 09:38:58.240,3.474,2000
2020-11-11 09:38:58.240,3.474,7900
2020-11-11 09:38:58.240,3.474,20000
2020-11-11 09:38:58.240,3.474,10000
2020-11-11 09:38:58.760,3.473,5000
2020-11-11 09:38:59.230,3.474,500
2020-11-11 09:38:59.230,3.473,2500
2020-11-11 09:39:00.830,3.474,2300
2020-11-11 09:39:01.420,3.473,15100
2020-11-11 09:39:02.520,3.474,7600
2020-11-11 09:39:02.940,3.474,2000
2020-11-11 09:39:05.860,3.473,100
2020-11-11 09:39:06.670,3.472,17300
2020-11-11 09:39:07.000,3.473,1900
2020-11-11 09:39:07.260,3.474,5300
2020-11-11 09:39:07.260,3.474,2000
2020-11-11 09:39:07.260,3.474,292700
2020-11-11 09:39:10.230,3.473,800
2020-11-11 09:39:10.730,3.474,9800
2020-11-11 09:39:12.070,3.474,20000
2020-11-11 09:39:12.430,3.473,200
2020-11-11 09:39:13.970,3.474,300
2020-11-11 09:39:14.900,3.474,10000
2020-11-11 09:39:16.990,3.473,8000
2020-11-11 09:39:17.220,3.474,1500
2020-11-11 09:39:17.270,3.473,1600
2020-11-11 09:39:21.250,3.474,100
2020-11-11 09:39:21.600,3.473,1000
2020-11-11 09:39:25.570,3.474,2000
2020-11-11 09:39:25.810,3.473,12000
2020-11-11 09:39:26.310,3.473,700
2020-11-11 09:39:26.400,3.473,300
2020-11-11 09:39:26.840,3.473,2000
2020-11-11 09:39:27.720,3.474,8000
2020-11-11 09:39:27.720,3.474,300
2020-11-11 09:39:28.990,3.473,300
2020-11-11 09:39:29.480,3.473,5000
2020-11-11 09:39:31.580,3.474,600
2020-11-11 09:39:31.580,3.474,1400
2020-11-11 09:39:32.440,3.473,2800
2020-11-11 09:39:33.030,3.474,1600
2020-11-11 09:39:33.030,3.474,5000
2020-11-11 09:39:33.030,3.474,5000
2020-11-11 09:39:33.030,3.474,10500
2020-11-11 09:39:33.090,3.474,100000
2020-11-11 09:39:34.210,3.474,2000
2020-11-11 09:39:36.580,3.474,15500
2020-11-11 09:39:36.580,3.473,1700
2020-11-11 09:39:37.160,3.473,4000
2020-11-11 09:39:39.710,3.474,10000
2020-11-11 09:39:40.510,3.474,15000
2020-11-11 09:39:41.070,3.474,10000
2020-11-11 09:39:41.250,3.475,10200
2020-11-11 09:39:41.250,3.475,10000
2020-11-11 09:39:41.250,3.475,79800
2020-11-11 09:39:42.980,3.474,800
2020-11-11 09:39:42.980,3.474,500
2020-11-11 09:39:43.450,3.475,100
2020-11-11 09:39:44.440,3.474,2100
2020-11-11 09:39:44.440,3.474,37900
2020-11-11 09:39:44.640,3.475,300100
2020-11-11 09:39:44.640,3.475,120000
2020-11-11 09:39:44.640,3.475,10000
2020-11-11 09:39:44.640,3.475,600
2020-11-11 09:39:44.640,3.475,1000
2020-11-11 09:39:44.640,3.475,4300
2020-11-11 09:39:44.640,3.475,300
2020-11-11 09:39:44.640,3.475,10000
2020-11-11 09:39:44.640,3.475,9100
2020-11-11 09:39:44.640,3.475,5000
2020-11-11 09:39:44.640,3.475,200
2020-11-11 09:39:44.640,3.475,10000
2020-11-11 09:39:44.640,3.475,3500
2020-11-11 09:39:44.640,3.475,300
2020-11-11 09:39:44.640,3.475,5000
2020-11-11 09:39:44.640,3.475,5000
2020-11-11 09:39:44.640,3.475,200
2020-11-11 09:39:44.640,3.475,1500
2020-11-11 09:39:44.640,3.475,1500
2020-11-11 09:39:44.640,3.475,17200
2020-11-11 09:39:44.640,3.475,300
2020-11-11 09:39:44.640,3.475,700
2020-11-11 09:39:44.640,3.475,5000
2020-11-11 09:39:44.640,3.475,100
2020-11-11 09:39:44.640,3.475,4800
2020-11-11 09:39:44.640,3.475,1000
2020-11-11 09:39:44.640,3.475,5000
2020-11-11 09:39:44.640,3.475,2000
2020-11-11 09:39:44.640,3.475,40000
2020-11-11 09:39:44.640,3.475,11500
2020-11-11 09:39:44.640,3.475,24900
2020-11-11 09:39:44.720,3.475,86300
2020-11-11 09:39:44.720,3.475,163700
2020-11-11 09:39:44.810,3.475,36300
2020-11-11 09:39:44.810,3.475,1200
2020-11-11 09:39:44.810,3.475,1500
2020-11-11 09:39:44.810,3.475,5000
2020-11-11 09:39:44.810,3.475,500
2020-11-11 09:39:45.310,3.475,13100
2020-11-11 09:39:46.260,3.475,4300
2020-11-11 09:39:50.770,3.475,100
2020-11-11 09:39:52.030,3.475,1000
2020-11-11 09:39:55.070,3.476,10000
2020-11-11 09:39:55.590,3.476,40000
2020-11-11 09:39:55.590,3.476,10000
2020-11-11 09:39:56.100,3.475,20000
2020-11-11 09:39:56.250,3.475,43000
2020-11-11 09:39:56.280,3.476,100
2020-11-11 09:39:58.290,3.476,1000
2020-11-11 09:39:58.290,3.476,5000
2020-11-11 09:39:58.290,3.476,100
2020-11-11 09:39:58.290,3.476,10000
2020-11-11 09:39:58.290,3.476,200
2020-11-11 09:39:58.290,3.476,1000
2020-11-11 09:39:58.290,3.476,10000
2020-11-11 09:39:58.290,3.476,3000
2020-11-11 09:39:58.290,3.476,3000
2020-11-11 09:39:58.290,3.476,10000
2020-11-11 09:39:58.290,3.476,15600
2020-11-11 09:39:58.290,3.476,10000
2020-11-11 09:39:58.290,3.476,300
2020-11-11 09:39:58.290,3.476,230800
2020-11-11 09:39:59.770,3.475,100
2020-11-11 09:39:59.770,3.475,500
2020-11-11 09:40:00.000,3.475,1600
2020-11-11 09:40:00.700,3.475,6000
2020-11-11 09:40:00.870,3.475,97900
2020-11-11 09:40:00.930,3.475,5000
2020-11-11 09:40:01.130,3.475,67100
2020-11-11 09:40:01.130,3.475,200
2020-11-11 09:40:02.790,3.476,300
2020-11-11 09:40:02.940,3.475,200
2020-11-11 09:40:05.350,3.476,4300
2020-11-11 09:40:05.520,3.475,1400
2020-11-11 09:40:05.970,3.476,19200
2020-11-11 09:40:05.970,3.476,500
2020-11-11 09:40:06.470,3.477,5000
2020-11-11 09:40:06.470,3.477,6800
2020-11-11 09:40:06.560,3.476,300
2020-11-11 09:40:06.560,3.475,17000
2020-11-11 09:40:06.910,3.476,1000
2020-11-11 09:40:06.910,3.475,19000
2020-11-11 09:40:07.160,3.477,11800
2020-11-11 09:40:07.810,3.476,4400
2020-11-11 09:40:08.180,3.476,7900
2020-11-11 09:40:08.180,3.477,1400
2020-11-11 09:40:08.180,3.477,2000
2020-11-11 09:40:08.180,3.477,3500
2020-11-11 09:40:08.180,3.477,10000
2020-11-11 09:40:08.180,3.477,25200
2020-11-11 09:40:09.580,3.476,200
2020-11-11 09:40:09.610,3.476,7800
2020-11-11 09:40:09.700,3.476,18300
2020-11-11 09:40:09.880,3.475,10000
2020-11-11 09:40:10.950,3.475,20000
2020-11-11 09:40:12.020,3.476,2000
2020-11-11 09:40:12.820,3.476,1000
2020-11-11 09:40:12.930,3.475,7400
2020-11-11 09:40:13.340,3.476,200
2020-11-11 09:40:13.490,3.476,27000
2020-11-11 09:40:15.280,3.475,5200
2020-11-11 09:40:15.400,3.475,2500
2020-11-11 09:40:17.260,3.475,900
2020-11-11 09:40:17.690,3.475,3000
2020-11-11 09:40:18.370,3.475,3400
2020-11-11 09:40:18.370,3.476,100
2020-11-11 09:40:18.370,3.476,3500
2020-11-11 09:40:21.450,3.474,100
2020-11-11 09:40:21.560,3.474,900
2020-11-11 09:40:21.560,3.474,300
2020-11-11 09:40:21.560,3.474,200
2020-11-11 09:40:21.560,3.474,1500
2020-11-11 09:40:21.560,3.474,2900
2020-11-11 09:40:21.790,3.474,2300
2020-11-11 09:40:22.770,3.474,3000
2020-11-11 09:40:23.320,3.474,10000
2020-11-11 09:40:23.710,3.474,20000
2020-11-11 09:40:25.800,3.474,5000
2020-11-11 09:40:26.260,3.474,48000
2020-11-11 09:40:26.350,3.474,2800
2020-11-11 09:40:27.240,3.474,600
2020-11-11 09:40:27.510,3.474,11700
2020-11-11 09:40:28.140,3.474,11700
2020-11-11 09:40:28.470,3.474,300
2020-11-11 09:40:28.490,3.474,11700
2020-11-11 09:40:28.660,3.474,116900
2020-11-11 09:40:28.660,3.474,2900
2020-11-11 09:40:28.660,3.475,11000
2020-11-11 09:40:28.960,3.474,4000
2020-11-11 09:40:30.780,3.475,50000
2020-11-11 09:40:32.150,3.474,31000
2020-11-11 09:40:33.970,3.473,1000
2020-11-11 09:40:34.600,3.473,5000
2020-11-11 09:40:35.350,3.474,10000
2020-11-11 09:40:36.470,3.473,6000
2020-11-11 09:40:36.620,3.473,17200
2020-11-11 09:40:36.930,3.474,3500
2020-11-11 09:40:37.460,3.474,1600
2020-11-11 09:40:42.400,3.475,2000
2020-11-11 09:40:43.920,3.475,300
2020-11-11 09:40:44.920,3.474,10000
2020-11-11 09:40:48.080,3.475,4700
2020-11-11 09:40:48.080,3.475,5000
2020-11-11 09:40:48.080,3.475,300
2020-11-11 09:40:48.110,3.474,6000
2020-11-11 09:40:49.280,3.474,12400
2020-11-11 09:40:49.650,3.474,1000
2020-11-11 09:40:49.820,3.475,15000
2020-11-11 09:40:49.820,3.475,2300
2020-11-11 09:40:50.780,3.475,4400
2020-11-11 09:40:51.420,3.475,600
2020-11-11 09:40:53.510,3.475,18000
2020-11-11 09:40:54.830,3.475,42900
2020-11-11 09:40:56.550,3.475,1000
2020-11-11 09:40:57.010,3.475,3000
2020-11-11 09:40:59.260,3.475,1400
2020-11-11 09:40:59.260,3.475,3600
2020-11-11 09:41:01.830,3.475,21300
2020-11-11 09:41:02.650,3.476,100
2020-11-11 09:41:04.050,3.475,5800
2020-11-11 09:41:04.050,3.475,9600
2020-11-11 09:41:04.050,3.475,500
2020-11-11 09:41:04.050,3.475,4100
2020-11-11 09:41:05.070,3.475,6900
2020-11-11 09:41:05.070,3.475,900
2020-11-11 09:41:05.070,3.475,14400
2020-11-11 09:41:05.070,3.475,2000
2020-11-11 09:41:05.070,3.475,3000
2020-11-11 09:41:05.070,3.475,2900
2020-11-11 09:41:05.070,3.475,12300
2020-11-11 09:41:06.700,3.474,200
2020-11-11 09:41:06.700,3.474,17000
2020-11-11 09:41:08.180,3.475,11400
2020-11-11 09:41:08.440,3.475,1000
2020-11-11 09:41:08.530,3.475,45200
2020-11-11 09:41:08.530,3.475,15000
2020-11-11 09:41:08.530,3.475,20000
2020-11-11 09:41:08.530,3.475,1100
2020-11-11 09:41:08.530,3.476,1400
2020-11-11 09:41:08.530,3.476,17300
2020-11-11 09:41:11.010,3.476,300
2020-11-11 09:41:14.880,3.475,200
2020-11-11 09:41:14.880,3.475,100
2020-11-11 09:41:15.080,3.475,500
2020-11-11 09:41:15.140,3.474,500
2020-11-11 09:41:17.480,3.474,5000
2020-11-11 09:41:17.600,3.475,100
2020-11-11 09:41:20.170,3.475,100
2020-11-11 09:41:21.840,3.475,500
2020-11-11 09:41:23.920,3.475,5000
2020-11-11 09:41:24.720,3.474,300
2020-11-11 09:41:26.170,3.474,9200
2020-11-11 09:41:26.170,3.474,1100
2020-11-11 09:41:26.170,3.474,4300
2020-11-11 09:41:27.440,3.474,400
2020-11-11 09:41:27.440,3.475,14600
2020-11-11 09:41:27.530,3.475,10000
2020-11-11 09:41:27.560,3.475,2000
2020-11-11 09:41:30.110,3.474,3000
2020-11-11 09:41:30.110,3.474,2000
2020-11-11 09:41:30.110,3.475,3900
2020-11-11 09:41:32.590,3.474,100
2020-11-11 09:41:35.220,3.474,2800
2020-11-11 09:41:35.220,3.474,30500
2020-11-11 09:41:36.640,3.473,17300
2020-11-11 09:41:36.760,3.474,269500
2020-11-11 09:41:37.970,3.474,300
2020-11-11 09:41:43.440,3.474,10000
2020-11-11 09:41:44.610,3.474,1000
2020-11-11 09:41:44.770,3.474,13200
2020-11-11 09:41:44.950,3.474,6000
2020-11-11 09:41:44.950,3.474,200
2020-11-11 09:41:44.950,3.474,300
2020-11-11 09:41:46.370,3.474,500
2020-11-11 09:41:47.910,3.475,8600
2020-11-11 09:41:47.910,3.475,1400
2020-11-11 09:41:49.860,3.474,2400
2020-11-11 09:41:54.560,3.474,2000
2020-11-11 09:41:58.110,3.473,1000
2020-11-11 09:41:59.380,3.473,100
2020-11-11 09:42:00.390,3.473,1000
2020-11-11 09:42:02.370,3.473,31400
2020-11-11 09:42:02.370,3.473,1000
2020-11-11 09:42:02.370,3.473,30000
2020-11-11 09:42:02.370,3.473,100
2020-11-11 09:42:02.370,3.473,63200
2020-11-11 09:42:02.370,3.473,30000
2020-11-11 09:42:02.370,3.473,2000
2020-11-11 09:42:02.370,3.473,3900
2020-11-11 09:42:02.370,3.473,100
2020-11-11 09:42:02.370,3.473,5200
2020-11-11 09:42:02.370,3.473,10000
2020-11-11 09:42:02.370,3.473,5000
2020-11-11 09:42:02.370,3.473,12100
2020-11-11 09:42:02.370,3.473,45000
2020-11-11 09:42:06.750,3.473,17200
2020-11-11 09:42:08.400,3.473,5000
2020-11-11 09:42:08.670,3.473,500
2020-11-11 09:42:09.810,3.473,15000
2020-11-11 09:42:09.840,3.473,3000
2020-11-11 09:42:12.000,3.473,200
2020-11-11 09:42:13.400,3.473,100
2020-11-11 09:42:13.400,3.473,100
2020-11-11 09:42:13.400,3.473,100
2020-11-11 09:42:13.400,3.473,100
2020-11-11 09:42:13.400,3.473,100
2020-11-11 09:42:13.400,3.473,100
2020-11-11 09:42:13.400,3.473,100
2020-11-11 09:42:13.400,3.473,100
2020-11-11 09:42:13.400,3.473,100
2020-11-11 09:42:13.400,3.473,100
2020-11-11 09:42:14.270,3.473,2500
2020-11-11 09:42:16.770,3.474,3000
2020-11-11 09:42:17.310,3.474,300
2020-11-11 09:42:19.040,3.473,3000
2020-11-11 09:42:19.530,3.473,2300
2020-11-11 09:42:19.900,3.473,5300
2020-11-11 09:42:19.900,3.473,500
2020-11-11 09:42:20.510,3.473,500
2020-11-11 09:42:20.510,3.473,9700
2020-11-11 09:42:20.540,3.473,5000
2020-11-11 09:42:29.550,3.473,200
2020-11-11 09:42:30.070,3.472,1200
2020-11-11 09:42:30.130,3.472,10000
2020-11-11 09:42:31.000,3.473,100
2020-11-11 09:42:31.420,3.472,1900
2020-11-11 09:42:32.130,3.472,3000
2020-11-11 09:42:33.840,3.473,400
2020-11-11 09:42:34.380,3.472,3400
2020-11-11 09:42:35.440,3.472,42800
2020-11-11 09:42:35.440,3.472,11700
2020-11-11 09:42:35.440,3.472,2000
2020-11-11 09:42:35.440,3.472,10000
2020-11-11 09:42:35.440,3.472,200
2020-11-11 09:42:35.440,3.472,100
2020-11-11 09:42:35.440,3.472,200
2020-11-11 09:42:35.440,3.472,100
2020-11-11 09:42:35.440,3.472,5900
2020-11-11 09:42:35.440,3.472,6000
2020-11-11 09:42:40.490,3.471,100
2020-11-11 09:42:40.870,3.472,1300
2020-11-11 09:42:40.960,3.471,1700
2020-11-11 09:42:40.960,3.471,3000
2020-11-11 09:42:40.960,3.471,45300
2020-11-11 09:42:44.520,3.471,4000
2020-11-11 09:42:47.350,3.471,1500
2020-11-11 09:42:47.930,3.471,50000
2020-11-11 09:42:48.390,3.472,34700
2020-11-11 09:42:49.080,3.471,2800
2020-11-11 09:42:49.400,3.472,177300
2020-11-11 09:42:49.400,3.472,5500
2020-11-11 09:42:49.400,3.472,2000
2020-11-11 09:42:49.400,3.472,10000
2020-11-11 09:42:49.400,3.472,100
2020-11-11 09:42:49.400,3.472,3400
2020-11-11 09:42:49.400,3.472,300
2020-11-11 09:42:50.040,3.472,9700
2020-11-11 09:42:50.870,3.472,3000
2020-11-11 09:42:50.930,3.472,800
2020-11-11 09:42:52.600,3.472,30000
2020-11-11 09:42:54.780,3.472,20200
2020-11-11 09:42:54.780,3.472,500
2020-11-11 09:42:54.780,3.472,1900
2020-11-11 09:42:54.780,3.472,5000
2020-11-11 09:42:54.780,3.471,300
2020-11-11 09:42:56.630,3.471,20500
2020-11-11 09:42:57.160,3.471,4500
2020-11-11 09:42:57.160,3.472,1000
2020-11-11 09:42:58.480,3.471,20000
2020-11-11 09:43:00.120,3.472,300
2020-11-11 09:43:01.370,3.471,500
2020-11-11 09:43:01.620,3.472,2900
2020-11-11 09:43:06.900,3.471,1900
2020-11-11 09:43:09.360,3.472,45800
2020-11-11 09:43:09.360,3.472,10000
2020-11-11 09:43:09.360,3.472,20000
2020-11-11 09:43:09.360,3.472,1000
2020-11-11 09:43:09.360,3.472,10000
2020-11-11 09:43:09.360,3.472,15000
2020-11-11 09:43:09.360,3.472,50000
2020-11-11 09:43:09.360,3.472,20000
2020-11-11 09:43:09.360,3.472,3000
2020-11-11 09:43:09.360,3.472,900
2020-11-11 09:43:10.330,3.472,64300
2020-11-11 09:43:10.330,3.472,1400
2020-11-11 09:43:11.550,3.471,5800
2020-11-11 09:43:11.550,3.471,200
2020-11-11 09:43:11.550,3.471,300
2020-11-11 09:43:11.860,3.471,4600
2020-11-11 09:43:12.250,3.472,10000
2020-11-11 09:43:13.670,3.471,10000
2020-11-11 09:43:15.830,3.471,10000
2020-11-11 09:43:16.490,3.471,100
2020-11-11 09:43:19.890,3.471,200
2020-11-11 09:43:21.000,3.471,4000
2020-11-11 09:43:23.890,3.472,8000
2020-11-11 09:43:24.010,3.471,1000
2020-11-11 09:43:26.940,3.471,17300
2020-11-11 09:43:26.940,3.471,2500
2020-11-11 09:43:26.940,3.471,14700
2020-11-11 09:43:27.090,3.471,30000
2020-11-11 09:43:27.360,3.471,1200
2020-11-11 09:43:27.890,3.471,300
2020-11-11 09:43:30.850,3.472,17400
2020-11-11 09:43:32.060,3.471,3000
2020-11-11 09:43:36.750,3.471,17200
2020-11-11 09:43:43.150,3.471,900
2020-11-11 09:43:44.940,3.471,300
2020-11-11 09:43:48.670,3.472,50000
2020-11-11 09:43:50.570,3.471,2000
2020-11-11 09:43:52.210,3.472,1000
2020-11-11 09:43:55.670,3.472,5000
2020-11-11 09:44:01.030,3.471,800
2020-11-11 09:44:01.640,3.472,152900
2020-11-11 09:44:01.640,3.472,2000
2020-11-11 09:44:01.640,3.472,10000
2020-11-11 09:44:01.640,3.472,7300
2020-11-11 09:44:01.640,3.472,20900
2020-11-11 09:44:01.640,3.472,42700
2020-11-11 09:44:04.350,3.472,200
2020-11-11 09:44:04.720,3.472,100
2020-11-11 09:44:06.420,3.472,2800
2020-11-11 09:44:06.480,3.472,9000
2020-11-11 09:44:06.770,3.472,17300
2020-11-11 09:44:06.950,3.472,100
2020-11-11 09:44:09.140,3.472,5800
2020-11-11 09:44:09.580,3.472,12300
2020-11-11 09:44:09.790,3.472,100
2020-11-11 09:44:09.790,3.472,100
2020-11-11 09:44:09.790,3.472,100
2020-11-11 09:44:09.850,3.472,100
2020-11-11 09:44:09.850,3.472,100
2020-11-11 09:44:09.850,3.472,100
2020-11-11 09:44:09.850,3.472,100
2020-11-11 09:44:09.850,3.472,100
2020-11-11 09:44:09.850,3.472,100
2020-11-11 09:44:09.850,3.472,100
2020-11-11 09:44:12.400,3.472,10900
2020-11-11 09:44:12.720,3.472,2000
2020-11-11 09:44:12.990,3.472,1500
2020-11-11 09:44:14.770,3.472,41900
2020-11-11 09:44:15.190,3.472,50000
2020-11-11 09:44:15.750,3.472,174500
2020-11-11 09:44:15.750,3.472,1000
2020-11-11 09:44:15.750,3.472,3100
2020-11-11 09:44:15.750,3.472,30000
2020-11-11 09:44:15.750,3.472,10000
2020-11-11 09:44:16.750,3.471,10000
2020-11-11 09:44:18.460,3.471,80000
2020-11-11 09:44:18.510,3.471,37100
2020-11-11 09:44:21.750,3.471,11400
2020-11-11 09:44:21.750,3.471,10600
2020-11-11 09:44:25.820,3.471,45500
2020-11-11 09:44:25.820,3.471,20000
2020-11-11 09:44:25.820,3.471,1000
2020-11-11 09:44:25.820,3.471,20000
2020-11-11 09:44:25.820,3.471,1500
2020-11-11 09:44:25.820,3.471,10000
2020-11-11 09:44:25.820,3.471,20000
2020-11-11 09:44:25.820,3.471,200
2020-11-11 09:44:25.820,3.471,10000
2020-11-11 09:44:25.820,3.471,2200
2020-11-11 09:44:27.990,3.471,1000
2020-11-11 09:44:28.760,3.471,30500
2020-11-11 09:44:29.640,3.471,50000
2020-11-11 09:44:29.840,3.471,100
2020-11-11 09:44:30.560,3.471,1000
2020-11-11 09:44:30.680,3.471,34200
2020-11-11 09:44:30.780,3.471,16900
2020-11-11 09:44:31.280,3.471,100
2020-11-11 09:44:31.280,3.471,100
2020-11-11 09:44:31.280,3.471,100
2020-11-11 09:44:31.280,3.471,100
2020-11-11 09:44:31.280,3.471,100
2020-11-11 09:44:31.280,3.471,100
2020-11-11 09:44:31.280,3.471,100
2020-11-11 09:44:31.280,3.471,100
2020-11-11 09:44:31.280,3.471,100
2020-11-11 09:44:31.280,3.471,100
2020-11-11 09:44:32.110,3.472,21900
2020-11-11 09:44:32.620,3.472,100
2020-11-11 09:44:33.320,3.471,13800
2020-11-11 09:44:33.380,3.471,24000
2020-11-11 09:44:36.160,3.471,1000
2020-11-11 09:44:36.330,3.472,59400
2020-11-11 09:44:36.330,3.472,17700
2020-11-11 09:44:36.880,3.471,17200
2020-11-11 09:44:37.060,3.472,2000
2020-11-11 09:44:37.060,3.471,10000
2020-11-11 09:44:38.290,3.472,10800
2020-11-11 09:44:38.550,3.471,4400
2020-11-11 09:44:39.210,3.471,2900
2020-11-11 09:44:39.480,3.471,18100
2020-11-11 09:44:39.510,3.471,34500
2020-11-11 09:44:40.760,3.472,800
2020-11-11 09:44:42.870,3.472,200
2020-11-11 09:44:43.080,3.471,8000
2020-11-11 09:44:43.520,3.471,100
2020-11-11 09:44:43.630,3.471,6200
2020-11-11 09:44:43.780,3.471,8800
2020-11-11 09:44:46.220,3.471,300
2020-11-11 09:44:46.730,3.471,3800
2020-11-11 09:44:46.810,3.471,100
2020-11-11 09:44:47.210,3.472,200
2020-11-11 09:44:47.820,3.471,10000
2020-11-11 09:44:48.590,3.471,14500
2020-11-11 09:44:49.280,3.471,1400
2020-11-11 09:44:49.450,3.471,5000
2020-11-11 09:44:49.960,3.471,5000
2020-11-11 09:44:51.590,3.471,7200
2020-11-11 09:44:51.760,3.471,11000
2020-11-11 09:44:51.930,3.471,100
2020-11-11 09:44:51.930,3.471,100
2020-11-11 09:44:51.930,3.471,100
2020-11-11 09:44:51.930,3.471,100
2020-11-11 09:44:51.930,3.471,100
2020-11-11 09:44:51.930,3.471,100
2020-11-11 09:44:51.930,3.471,100
2020-11-11 09:44:51.930,3.471,100
2020-11-11 09:44:51.930,3.471,100
2020-11-11 09:44:51.930,3.471,100
2020-11-11 09:44:55.710,3.472,100
2020-11-11 09:44:55.740,3.471,30000
2020-11-11 09:44:58.640,3.471,16100
2020-11-11 09:44:58.780,3.471,100
2020-11-11 09:44:59.010,3.471,1000
2020-11-11 09:44:59.370,3.471,100
2020-11-11 09:45:00.150,3.471,2000
2020-11-11 09:45:00.700,3.471,11600
2020-11-11 09:45:00.700,3.471,12800
2020-11-11 09:45:02.760,3.472,14400
2020-11-11 09:45:04.070,3.472,3800
2020-11-11 09:45:04.070,3.472,1400
2020-11-11 09:45:04.070,3.472,10000
2020-11-11 09:45:04.070,3.472,100
2020-11-11 09:45:04.070,3.472,6000
2020-11-11 09:45:04.600,3.472,221500
2020-11-11 09:45:05.340,3.472,100
2020-11-11 09:45:05.340,3.472,100
2020-11-11 09:45:05.340,3.472,100
2020-11-11 09:45:05.340,3.472,100
2020-11-11 09:45:05.340,3.472,100
2020-11-11 09:45:05.340,3.472,100
2020-11-11 09:45:05.340,3.472,100
2020-11-11 09:45:05.340,3.472,100
2020-11-11 09:45:05.340,3.472,100
2020-11-11 09:45:05.340,3.472,100
2020-11-11 09:45:05.540,3.472,156200
2020-11-11 09:45:05.540,3.472,300
2020-11-11 09:45:06.900,3.471,5800
2020-11-11 09:45:06.900,3.471,800
2020-11-11 09:45:06.900,3.471,100
2020-11-11 09:45:06.900,3.47,4500
2020-11-11 09:45:06.900,3.47,6000
2020-11-11 09:45:06.900,3.47,4000
2020-11-11 09:45:06.900,3.47,1000
2020-11-11 09:45:06.900,3.47,1000
2020-11-11 09:45:06.900,3.47,1600
2020-11-11 09:45:06.900,3.47,2900
2020-11-11 09:45:06.900,3.47,600
2020-11-11 09:45:06.900,3.47,3000
2020-11-11 09:45:06.900,3.47,100
2020-11-11 09:45:06.900,3.47,2200
2020-11-11 09:45:09.630,3.47,1800
2020-11-11 09:45:09.630,3.47,700
2020-11-11 09:45:09.630,3.47,2800
2020-11-11 09:45:09.630,3.47,500
2020-11-11 09:45:09.630,3.47,40000
2020-11-11 09:45:09.630,3.47,100
2020-11-11 09:45:09.630,3.47,300
2020-11-11 09:45:09.630,3.47,10400
2020-11-11 09:45:09.690,3.47,89600
2020-11-11 09:45:09.690,3.47,100
2020-11-11 09:45:09.690,3.469,200
2020-11-11 09:45:09.690,3.469,5600
2020-11-11 09:45:11.680,3.47,2000
2020-11-11 09:45:12.350,3.471,400
2020-11-11 09:45:12.380,3.47,11300
2020-11-11 09:45:12.380,3.47,13600
2020-11-11 09:45:12.960,3.47,200
2020-11-11 09:45:13.590,3.47,19200
2020-11-11 09:45:13.590,3.47,16700
2020-11-11 09:45:13.680,3.47,17900
2020-11-11 09:45:13.680,3.47,16800
2020-11-11 09:45:19.070,3.471,200
2020-11-11 09:45:19.700,3.47,10200
2020-11-11 09:45:19.760,3.47,20400
2020-11-11 09:45:21.640,3.47,2000
2020-11-11 09:45:23.060,3.47,10000
2020-11-11 09:45:23.530,3.47,3300
2020-11-11 09:45:28.280,3.47,500
2020-11-11 09:45:28.580,3.47,4300
2020-11-11 09:45:28.690,3.47,16900
2020-11-11 09:45:28.960,3.47,6200
2020-11-11 09:45:29.420,3.47,700
2020-11-11 09:45:33.960,3.471,1000
2020-11-11 09:45:35.250,3.47,100000
2020-11-11 09:45:36.080,3.47,17300
2020-11-11 09:45:36.640,3.471,38400
2020-11-11 09:45:36.640,3.471,400
2020-11-11 09:45:36.640,3.471,2400
2020-11-11 09:45:37.140,3.471,15000
2020-11-11 09:45:39.790,3.471,47500
2020-11-11 09:45:39.790,3.471,23500
2020-11-11 09:45:41.900,3.471,13000
2020-11-11 09:45:52.560,3.471,1600
2020-11-11 09:45:52.980,3.472,300
2020-11-11 09:45:54.940,3.471,11200
2020-11-11 09:45:56.780,3.471,300
2020-11-11 09:45:57.650,3.471,12000
2020-11-11 09:45:58.110,3.472,84200
2020-11-11 09:45:58.110,3.472,11100
2020-11-11 09:45:58.110,3.472,11200
2020-11-11 09:45:58.110,3.472,1000
2020-11-11 09:45:58.110,3.472,111100
2020-11-11 09:45:58.110,3.472,57200
2020-11-11 09:45:58.110,3.472,17200
2020-11-11 09:45:58.110,3.472,6700
2020-11-11 09:45:58.570,3.471,100
2020-11-11 09:45:58.570,3.471,100
2020-11-11 09:45:58.570,3.471,100
2020-11-11 09:45:58.570,3.471,100
2020-11-11 09:45:58.570,3.471,100
2020-11-11 09:45:58.630,3.471,100
2020-11-11 09:45:58.630,3.471,100
2020-11-11 09:45:58.630,3.471,100
2020-11-11 09:45:58.630,3.471,100
2020-11-11 09:45:58.630,3.471,100
2020-11-11 09:46:00.630,3.471,25000
2020-11-11 09:46:01.540,3.472,3900
2020-11-11 09:46:01.540,3.472,296100
2020-11-11 09:46:03.760,3.472,3900
2020-11-11 09:46:03.760,3.472,10600
2020-11-11 09:46:03.760,3.472,18700
2020-11-11 09:46:05.530,3.472,6000
2020-11-11 09:46:06.000,3.472,17200
2020-11-11 09:46:06.560,3.472,10000
2020-11-11 09:46:06.560,3.471,11000
2020-11-11 09:46:06.630,3.471,24000
2020-11-11 09:46:09.500,3.473,300
2020-11-11 09:46:09.500,3.473,9700
2020-11-11 09:46:09.500,3.471,11400
2020-11-11 09:46:10.340,3.471,6000
2020-11-11 09:46:13.010,3.472,2900
2020-11-11 09:46:13.580,3.471,3900
2020-11-11 09:46:13.760,3.471,8500
2020-11-11 09:46:13.820,3.471,15900
2020-11-11 09:46:13.820,3.471,18100
2020-11-11 09:46:14.530,3.471,9900
2020-11-11 09:46:14.530,3.471,100
2020-11-11 09:46:14.920,3.471,2900
2020-11-11 09:46:14.920,3.471,2000
2020-11-11 09:46:14.920,3.471,32700
2020-11-11 09:46:16.000,3.471,8700
2020-11-11 09:46:16.550,3.472,300
2020-11-11 09:46:19.390,3.471,24500
2020-11-11 09:46:19.440,3.471,11500
2020-11-11 09:46:21.120,3.471,300
2020-11-11 09:46:21.120,3.471,2700
2020-11-11 09:46:24.070,3.472,8400
2020-11-11 09:46:24.430,3.471,15600
2020-11-11 09:46:24.430,3.471,18800
2020-11-11 09:46:25.490,3.472,200
2020-11-11 09:46:27.690,3.471,13900
2020-11-11 09:46:30.460,3.471,10000
2020-11-11 09:46:31.230,3.472,6900
2020-11-11 09:46:34.420,3.472,3100
2020-11-11 09:46:34.420,3.472,3900
2020-11-11 09:46:36.200,3.471,17300
2020-11-11 09:46:37.250,3.472,31500
2020-11-11 09:46:38.590,3.472,600
2020-11-11 09:46:42.890,3.472,10000
2020-11-11 09:46:47.340,3.471,400
2020-11-11 09:46:48.410,3.472,20000
2020-11-11 09:46:51.300,3.471,38600
2020-11-11 09:46:51.710,3.471,11100
2020-11-11 09:46:52.990,3.471,400
2020-11-11 09:46:53.190,3.471,4000
2020-11-11 09:46:54.820,3.472,5000
2020-11-11 09:46:58.750,3.471,5600
2020-11-11 09:47:00.480,3.472,8700
2020-11-11 09:47:03.490,3.472,1300
2020-11-11 09:47:03.490,3.472,1000
2020-11-11 09:47:03.490,3.472,8100
2020-11-11 09:47:04.930,3.472,3000
2020-11-11 09:47:06.000,3.472,4700
2020-11-11 09:47:06.000,3.472,1000
2020-11-11 09:47:06.270,3.472,3700
2020-11-11 09:47:06.270,3.471,13500
2020-11-11 09:47:09.000,3.472,15100
2020-11-11 09:47:09.450,3.472,100
2020-11-11 09:47:13.170,3.472,44800
2020-11-11 09:47:13.170,3.472,1500
2020-11-11 09:47:13.170,3.472,8600
2020-11-11 09:47:13.170,3.472,100
2020-11-11 09:47:13.690,3.472,5000
2020-11-11 09:47:15.820,3.471,13700
2020-11-11 09:47:16.450,3.471,34400
2020-11-11 09:47:16.450,3.471,14800
2020-11-11 09:47:16.450,3.471,25300
2020-11-11 09:47:24.010,3.47,10000
2020-11-11 09:47:24.010,3.47,5000
2020-11-11 09:47:24.010,3.47,5400
2020-11-11 09:47:26.400,3.471,100
2020-11-11 09:47:26.840,3.471,100
2020-11-11 09:47:27.580,3.471,100
2020-11-11 09:47:27.700,3.47,11800
2020-11-11 09:47:30.660,3.47,900
2020-11-11 09:47:30.660,3.47,28000
2020-11-11 09:47:30.660,3.47,900
2020-11-11 09:47:30.660,3.47,1000
2020-11-11 09:47:30.660,3.47,1000
2020-11-11 09:47:30.900,3.469,10600
2020-11-11 09:47:34.940,3.47,18400
2020-11-11 09:47:36.260,3.469,17200
2020-11-11 09:47:36.750,3.47,10000
2020-11-11 09:47:37.340,3.47,11100
2020-11-11 09:47:37.830,3.47,28700
2020-11-11 09:47:37.830,3.47,35000
2020-11-11 09:47:39.500,3.47,11700
2020-11-11 09:47:39.560,3.47,21400
2020-11-11 09:47:39.970,3.47,15000
2020-11-11 09:47:41.230,3.471,3000
2020-11-11 09:47:42.810,3.47,21800
2020-11-11 09:47:42.810,3.47,11800
2020-11-11 09:47:43.710,3.471,17100
2020-11-11 09:47:49.000,3.47,17700
2020-11-11 09:47:49.030,3.471,3300
2020-11-11 09:47:49.030,3.471,1000
2020-11-11 09:47:49.030,3.471,29200
2020-11-11 09:47:49.030,3.471,27300
2020-11-11 09:47:51.950,3.471,1100
2020-11-11 09:47:54.460,3.471,100
2020-11-11 09:47:54.460,3.471,600
2020-11-11 09:47:54.850,3.471,400
2020-11-11 09:47:54.850,3.471,150000
2020-11-11 09:47:57.960,3.47,27100
2020-11-11 09:48:03.240,3.47,600
2020-11-11 09:48:03.720,3.47,109200
2020-11-11 09:48:03.720,3.47,5200
2020-11-11 09:48:03.720,3.47,400
2020-11-11 09:48:06.260,3.469,9000
2020-11-11 09:48:06.260,3.469,200
2020-11-11 09:48:06.260,3.469,100
2020-11-11 09:48:06.260,3.469,4300
2020-11-11 09:48:06.260,3.469,3700
2020-11-11 09:48:06.340,3.469,8300
2020-11-11 09:48:06.340,3.469,10000
2020-11-11 09:48:06.340,3.469,200
2020-11-11 09:48:06.340,3.469,300
2020-11-11 09:48:06.940,3.468,100
2020-11-11 09:48:06.940,3.468,15000
2020-11-11 09:48:06.940,3.468,300
2020-11-11 09:48:06.940,3.468,3000
2020-11-11 09:48:06.940,3.468,9400
2020-11-11 09:48:06.940,3.468,600
2020-11-11 09:48:06.940,3.468,18000
2020-11-11 09:48:09.770,3.468,13200
2020-11-11 09:48:13.940,3.469,8200
2020-11-11 09:48:13.940,3.469,2300
2020-11-11 09:48:13.940,3.469,13900
2020-11-11 09:48:14.460,3.469,3800
2020-11-11 09:48:14.640,3.469,2300
2020-11-11 09:48:14.640,3.469,17700
2020-11-11 09:48:15.620,3.469,200
2020-11-11 09:48:15.620,3.469,1300
2020-11-11 09:48:16.250,3.469,15000
2020-11-11 09:48:16.250,3.469,16400
2020-11-11 09:48:16.250,3.469,15000
2020-11-11 09:48:16.250,3.469,253600
2020-11-11 09:48:17.660,3.468,16800
2020-11-11 09:48:17.660,3.468,17000
2020-11-11 09:48:17.930,3.468,2100
2020-11-11 09:48:18.570,3.468,3100
2020-11-11 09:48:18.770,3.468,400
2020-11-11 09:48:18.990,3.469,300100
2020-11-11 09:48:19.300,3.469,11600
2020-11-11 09:48:19.300,3.468,3000
2020-11-11 09:48:19.330,3.469,54700
2020-11-11 09:48:19.330,3.469,2900
2020-11-11 09:48:19.560,3.47,2000
2020-11-11 09:48:19.810,3.469,84300
2020-11-11 09:48:19.810,3.469,50400
2020-11-11 09:48:21.550,3.469,79000
2020-11-11 09:48:21.580,3.469,42700
2020-11-11 09:48:24.230,3.47,100
2020-11-11 09:48:24.820,3.469,1000
2020-11-11 09:48:24.820,3.469,42200
2020-11-11 09:48:24.880,3.469,17800
2020-11-11 09:48:24.880,3.468,200
2020-11-11 09:48:24.880,3.468,7500
2020-11-11 09:48:27.960,3.469,5800
2020-11-11 09:48:28.630,3.468,6200
2020-11-11 09:48:28.740,3.468,5100
2020-11-11 09:48:29.090,3.468,17500
2020-11-11 09:48:29.090,3.468,17600
2020-11-11 09:48:29.200,3.468,15400
2020-11-11 09:48:32.500,3.469,4200
2020-11-11 09:48:32.500,3.469,11000
2020-11-11 09:48:32.500,3.469,1000
2020-11-11 09:48:32.500,3.469,16800
2020-11-11 09:48:32.500,3.469,15600
2020-11-11 09:48:32.500,3.469,17600
2020-11-11 09:48:32.500,3.469,15200
2020-11-11 09:48:32.500,3.469,5600
2020-11-11 09:48:33.700,3.469,14800
2020-11-11 09:48:33.800,3.469,31100
2020-11-11 09:48:33.800,3.469,300
2020-11-11 09:48:33.800,3.468,13900
2020-11-11 09:48:34.500,3.468,18800
2020-11-11 09:48:35.530,3.468,5000
2020-11-11 09:48:36.330,3.468,17200
2020-11-11 09:48:36.580,3.468,24800
2020-11-11 09:48:36.580,3.468,31900
2020-11-11 09:48:39.940,3.468,300
2020-11-11 09:48:39.940,3.467,5000
2020-11-11 09:48:39.940,3.467,10600
2020-11-11 09:48:41.460,3.468,1000
2020-11-11 09:48:41.710,3.468,1000
2020-11-11 09:48:42.860,3.467,13000
2020-11-11 09:48:43.710,3.468,200
2020-11-11 09:48:44.020,3.467,6400
2020-11-11 09:48:44.020,3.467,4100
2020-11-11 09:48:45.360,3.467,5900
2020-11-11 09:48:45.360,3.467,400
2020-11-11 09:48:48.690,3.467,400
2020-11-11 09:48:48.690,3.467,8600
2020-11-11 09:48:49.440,3.468,5800
2020-11-11 09:48:49.440,3.468,19000
2020-11-11 09:48:49.440,3.468,3800
2020-11-11 09:48:49.440,3.468,2100
2020-11-11 09:48:49.440,3.468,4000
2020-11-11 09:48:49.440,3.468,8900
2020-11-11 09:48:49.590,3.467,19200
2020-11-11 09:48:49.590,3.467,15200
2020-11-11 09:48:53.080,3.467,500
2020-11-11 09:48:55.550,3.467,12800
2020-11-11 09:48:55.550,3.467,28700
2020-11-11 09:48:57.170,3.467,100
2020-11-11 09:48:57.770,3.468,1100
2020-11-11 09:48:58.460,3.467,5000
2020-11-11 09:48:59.380,3.467,16200
2020-11-11 09:49:03.770,3.467,202300
2020-11-11 09:49:03.770,3.467,500
2020-11-11 09:49:03.770,3.467,900
2020-11-11 09:49:03.770,3.467,300
2020-11-11 09:49:04.510,3.466,300
2020-11-11 09:49:04.510,3.466,500
2020-11-11 09:49:04.510,3.466,10000
2020-11-11 09:49:04.510,3.466,100
2020-11-11 09:49:04.510,3.466,500
2020-11-11 09:49:04.510,3.466,31000
2020-11-11 09:49:04.510,3.466,100
2020-11-11 09:49:04.510,3.466,300
2020-11-11 09:49:04.510,3.466,1000
2020-11-11 09:49:04.510,3.466,6200
2020-11-11 09:49:06.310,3.466,3800
2020-11-11 09:49:06.310,3.466,10000
2020-11-11 09:49:06.310,3.466,1600
2020-11-11 09:49:06.310,3.466,1800
2020-11-11 09:49:06.760,3.466,30200
2020-11-11 09:49:06.760,3.466,57800
2020-11-11 09:49:07.250,3.467,96000
2020-11-11 09:49:07.250,3.467,204000
2020-11-11 09:49:08.920,3.467,77200
2020-11-11 09:49:08.920,3.467,30000
2020-11-11 09:49:08.920,3.467,4700
2020-11-11 09:49:08.920,3.467,4000
2020-11-11 09:49:09.010,3.468,600
2020-11-11 09:49:09.270,3.467,20600
2020-11-11 09:49:09.420,3.468,100
2020-11-11 09:49:09.580,3.467,50300
2020-11-11 09:49:09.640,3.467,95800
2020-11-11 09:49:11.020,3.467,7500
2020-11-11 09:49:11.270,3.467,3000
2020-11-11 09:49:12.390,3.467,6600
2020-11-11 09:49:12.390,3.466,3400
2020-11-11 09:49:12.440,3.466,45200
2020-11-11 09:49:12.440,3.466,27500
2020-11-11 09:49:14.460,3.467,3000
2020-11-11 09:49:16.200,3.466,200
2020-11-11 09:49:16.200,3.466,11400
2020-11-11 09:49:19.870,3.466,50000
2020-11-11 09:49:20.070,3.466,60000
2020-11-11 09:49:23.660,3.467,1000
2020-11-11 09:49:24.710,3.466,27300
2020-11-11 09:49:24.770,3.466,22500
2020-11-11 09:49:24.830,3.466,15500
2020-11-11 09:49:24.830,3.466,19100
2020-11-11 09:49:25.700,3.466,700
2020-11-11 09:49:27.540,3.466,14000
2020-11-11 09:49:29.240,3.466,18500
2020-11-11 09:49:29.770,3.466,1200
2020-11-11 09:49:29.800,3.467,6000
2020-11-11 09:49:29.800,3.467,15800
2020-11-11 09:49:29.800,3.467,14300
2020-11-11 09:49:29.800,3.467,2000
2020-11-11 09:49:29.800,3.467,261900
2020-11-11 09:49:29.890,3.467,38100
2020-11-11 09:49:29.890,3.467,18600
2020-11-11 09:49:29.890,3.467,3000
2020-11-11 09:49:30.140,3.467,1400
2020-11-11 09:49:30.290,3.468,3200
2020-11-11 09:49:30.290,3.468,800
2020-11-11 09:49:30.290,3.468,4000
2020-11-11 09:49:30.290,3.468,200000
2020-11-11 09:49:30.290,3.468,20000
2020-11-11 09:49:30.290,3.468,72000
2020-11-11 09:49:30.600,3.468,5800
2020-11-11 09:49:31.180,3.467,18200
2020-11-11 09:49:32.420,3.467,20000
2020-11-11 09:49:33.620,3.467,60700
2020-11-11 09:49:33.620,3.467,31800
2020-11-11 09:49:33.680,3.468,17100
2020-11-11 09:49:33.680,3.468,15100
2020-11-11 09:49:33.710,3.467,170100
2020-11-11 09:49:33.890,3.467,9400
2020-11-11 09:49:34.300,3.467,16900
2020-11-11 09:49:35.840,3.467,29400
2020-11-11 09:49:35.900,3.467,22500
2020-11-11 09:49:36.390,3.467,17300
2020-11-11 09:49:36.510,3.467,5000
2020-11-11 09:49:37.230,3.467,10000
2020-11-11 09:49:37.290,3.467,100
2020-11-11 09:49:39.830,3.467,14900
2020-11-11 09:49:41.240,3.467,5000
2020-11-11 09:49:42.630,3.468,2300
2020-11-11 09:49:42.630,3.468,13800
2020-11-11 09:49:42.630,3.468,14900
2020-11-11 09:49:42.630,3.468,9000
2020-11-11 09:49:42.950,3.468,7400
2020-11-11 09:49:42.950,3.468,16700
2020-11-11 09:49:42.950,3.468,18100
2020-11-11 09:49:43.010,3.468,5000
2020-11-11 09:49:43.640,3.468,17000
2020-11-11 09:49:44.380,3.468,17400
2020-11-11 09:49:44.440,3.468,600
2020-11-11 09:49:44.970,3.468,7000
2020-11-11 09:49:45.030,3.468,14100
2020-11-11 09:49:48.730,3.468,10300
2020-11-11 09:49:48.730,3.468,11800
2020-11-11 09:49:48.840,3.469,2400
2020-11-11 09:49:49.320,3.469,17800
2020-11-11 09:49:49.320,3.469,17800
2020-11-11 09:49:49.650,3.469,100
2020-11-11 09:49:50.990,3.469,1300
2020-11-11 09:49:51.510,3.469,11700
2020-11-11 09:49:52.550,3.469,9900
2020-11-11 09:49:52.630,3.469,2000
2020-11-11 09:49:52.630,3.468,2200
2020-11-11 09:49:54.410,3.469,18400
2020-11-11 09:49:54.670,3.469,500
2020-11-11 09:49:56.370,3.469,1100
2020-11-11 09:49:56.370,3.468,18900
2020-11-11 09:49:57.700,3.468,11300
2020-11-11 09:49:57.810,3.468,117400
2020-11-11 09:49:59.640,3.469,3300
2020-11-11 09:49:59.760,3.469,1700
2020-11-11 09:49:59.760,3.468,6600
2020-11-11 09:50:00.380,3.468,16300
2020-11-11 09:50:00.530,3.468,33800
2020-11-11 09:50:02.560,3.468,100
2020-11-11 09:50:04.170,3.469,500
2020-11-11 09:50:05.410,3.469,29500
2020-11-11 09:50:06.340,3.468,17200
2020-11-11 09:50:07.320,3.469,800
2020-11-11 09:50:07.370,3.468,2800
2020-11-11 09:50:07.850,3.468,113500
2020-11-11 09:50:08.000,3.468,27600
2020-11-11 09:50:08.000,3.468,3500
2020-11-11 09:50:08.820,3.468,5000
2020-11-11 09:50:09.550,3.469,269700
2020-11-11 09:50:09.550,3.469,800
2020-11-11 09:50:09.550,3.469,500
2020-11-11 09:50:09.550,3.469,200
2020-11-11 09:50:09.550,3.469,1700
2020-11-11 09:50:09.550,3.469,18300
2020-11-11 09:50:09.550,3.469,8800
2020-11-11 09:50:09.950,3.468,3900
2020-11-11 09:50:09.950,3.468,7500
2020-11-11 09:50:09.950,3.468,1000
2020-11-11 09:50:09.950,3.468,19000
2020-11-11 09:50:10.090,3.469,7800
2020-11-11 09:50:10.090,3.47,97900
2020-11-11 09:50:10.090,3.47,18000
2020-11-11 09:50:10.090,3.47,6000
2020-11-11 09:50:10.090,3.47,12700
2020-11-11 09:50:10.090,3.47,5500
2020-11-11 09:50:10.090,3.47,30000
2020-11-11 09:50:10.090,3.47,10000
2020-11-11 09:50:10.090,3.47,500
2020-11-11 09:50:10.910,3.469,3000
2020-11-11 09:50:11.820,3.469,12000
2020-11-11 09:50:12.460,3.469,12000
2020-11-11 09:50:12.790,3.469,156900
2020-11-11 09:50:12.820,3.469,77700
2020-11-11 09:50:13.360,3.469,1500
2020-11-11 09:50:13.810,3.469,12000
2020-11-11 09:50:13.840,3.469,2600
2020-11-11 09:50:14.450,3.469,17900
2020-11-11 09:50:14.740,3.468,16300
2020-11-11 09:50:14.760,3.47,4400
2020-11-11 09:50:16.080,3.469,22000
2020-11-11 09:50:16.080,3.469,25600
2020-11-11 09:50:17.780,3.47,15800
2020-11-11 09:50:17.780,3.47,20000
2020-11-11 09:50:17.780,3.47,2000
2020-11-11 09:50:17.780,3.47,119600
2020-11-11 09:50:17.780,3.47,32500
2020-11-11 09:50:17.780,3.47,3000
2020-11-11 09:50:17.780,3.47,92800
2020-11-11 09:50:17.780,3.47,1000
2020-11-11 09:50:17.780,3.47,13300
2020-11-11 09:50:18.380,3.47,3300
2020-11-11 09:50:18.380,3.47,16800
2020-11-11 09:50:18.380,3.47,18900
2020-11-11 09:50:18.940,3.47,14400
2020-11-11 09:50:19.540,3.47,16000
2020-11-11 09:50:19.540,3.47,17600
2020-11-11 09:50:22.520,3.471,1600
2020-11-11 09:50:22.520,3.471,1400
2020-11-11 09:50:22.520,3.471,35000
2020-11-11 09:50:22.520,3.471,39300
2020-11-11 09:50:22.520,3.471,5000
2020-11-11 09:50:22.520,3.471,12000
2020-11-11 09:50:22.520,3.471,12000
2020-11-11 09:50:22.520,3.471,12000
2020-11-11 09:50:22.520,3.471,38600
2020-11-11 09:50:22.520,3.471,23300
2020-11-11 09:50:23.770,3.471,2000
2020-11-11 09:50:24.510,3.471,15600
2020-11-11 09:50:24.510,3.471,16300
2020-11-11 09:50:24.810,3.472,100
2020-11-11 09:50:24.810,3.472,2000
2020-11-11 09:50:24.810,3.472,10000
2020-11-11 09:50:24.810,3.472,18600
2020-11-11 09:50:24.810,3.472,15200
2020-11-11 09:50:24.810,3.472,2000
2020-11-11 09:50:24.810,3.472,300
2020-11-11 09:50:27.130,3.472,1000
2020-11-11 09:50:27.220,3.473,200
2020-11-11 09:50:27.300,3.472,163800
2020-11-11 09:50:27.830,3.471,11600
2020-11-11 09:50:29.720,3.471,900
2020-11-11 09:50:30.370,3.472,1000
2020-11-11 09:50:30.660,3.471,28400
2020-11-11 09:50:30.660,3.471,39800
2020-11-11 09:50:31.560,3.471,1100
2020-11-11 09:50:32.380,3.471,4100
2020-11-11 09:50:33.720,3.471,5000
2020-11-11 09:50:36.090,3.471,10000
2020-11-11 09:50:36.330,3.47,17300
2020-11-11 09:50:36.910,3.47,92000
2020-11-11 09:50:36.910,3.47,38900
2020-11-11 09:50:39.260,3.471,2000
2020-11-11 09:50:39.540,3.47,47900
2020-11-11 09:50:39.570,3.47,24800
2020-11-11 09:50:40.440,3.47,19000
2020-11-11 09:50:43.440,3.47,2000
2020-11-11 09:50:43.440,3.47,1000
2020-11-11 09:50:44.590,3.47,16200
2020-11-11 09:50:45.610,3.471,2200
2020-11-11 09:50:45.670,3.47,11100
2020-11-11 09:50:48.330,3.47,10000
2020-11-11 09:50:48.510,3.47,11600
2020-11-11 09:50:48.510,3.47,400
2020-11-11 09:50:49.900,3.47,1600
2020-11-11 09:50:49.900,3.47,2500
2020-11-11 09:50:49.900,3.47,11300
2020-11-11 09:50:49.900,3.47,16700
2020-11-11 09:50:49.900,3.47,16300
2020-11-11 09:50:50.010,3.47,18300
2020-11-11 09:50:50.290,3.47,7200
2020-11-11 09:50:52.350,3.47,1700
2020-11-11 09:50:52.470,3.47,10400
2020-11-11 09:50:53.480,3.47,1000
2020-11-11 09:50:54.130,3.47,200
2020-11-11 09:50:54.490,3.471,2000
2020-11-11 09:50:55.060,3.47,14300
2020-11-11 09:50:55.150,3.47,15800
2020-11-11 09:50:55.220,3.47,10100
2020-11-11 09:50:57.610,3.47,23200
2020-11-11 09:50:57.910,3.47,3500
2020-11-11 09:50:57.910,3.47,2000
2020-11-11 09:50:57.910,3.47,100
2020-11-11 09:51:00.770,3.469,5000
2020-11-11 09:51:00.770,3.469,11100
2020-11-11 09:51:01.730,3.469,14100
2020-11-11 09:51:03.630,3.469,10500
2020-11-11 09:51:04.580,3.469,16500
2020-11-11 09:51:05.630,3.47,1900
2020-11-11 09:51:06.460,3.469,17200
2020-11-11 09:51:06.990,3.469,1000
2020-11-11 09:51:06.990,3.469,300
2020-11-11 09:51:06.990,3.468,200
2020-11-11 09:51:06.990,3.468,1000
2020-11-11 09:51:06.990,3.468,3000
2020-11-11 09:51:06.990,3.467,1000
2020-11-11 09:51:06.990,3.467,300
2020-11-11 09:51:06.990,3.467,7300
2020-11-11 09:51:08.360,3.47,14900
2020-11-11 09:51:09.260,3.468,3200
2020-11-11 09:51:09.260,3.467,2700
2020-11-11 09:51:09.260,3.467,400
2020-11-11 09:51:09.260,3.467,11600
2020-11-11 09:51:10.650,3.467,18100
2020-11-11 09:51:12.950,3.469,6300
2020-11-11 09:51:12.950,3.47,3700
2020-11-11 09:51:13.630,3.467,11400
2020-11-11 09:51:14.270,3.467,7200
2020-11-11 09:51:14.440,3.47,800
2020-11-11 09:51:14.670,3.467,14600
2020-11-11 09:51:15.850,3.467,10400
2020-11-11 09:51:16.780,3.467,10300
2020-11-11 09:51:19.500,3.468,8900
2020-11-11 09:51:19.500,3.467,7900
2020-11-11 09:51:20.370,3.47,7100
2020-11-11 09:51:20.910,3.467,10600
2020-11-11 09:51:22.620,3.47,1400
2020-11-11 09:51:23.820,3.467,10000
2020-11-11 09:51:24.880,3.467,12500
2020-11-11 09:51:26.070,3.467,13800
2020-11-11 09:51:27.360,3.467,10000
2020-11-11 09:51:28.060,3.468,26800
2020-11-11 09:51:28.440,3.467,1600
2020-11-11 09:51:28.440,3.467,9900
2020-11-11 09:51:28.780,3.467,5800
2020-11-11 09:51:28.900,3.468,1000
2020-11-11 09:51:30.060,3.467,10200
2020-11-11 09:51:30.390,3.467,14100
2020-11-11 09:51:30.390,3.467,5300
2020-11-11 09:51:30.690,3.468,4700
2020-11-11 09:51:30.690,3.468,1000
2020-11-11 09:51:31.190,3.468,5900
2020-11-11 09:51:31.190,3.468,4500
2020-11-11 09:51:31.190,3.467,25100
2020-11-11 09:51:32.860,3.467,1600
2020-11-11 09:51:33.700,3.467,20800
2020-11-11 09:51:33.820,3.467,17900
2020-11-11 09:51:33.820,3.467,14000
2020-11-11 09:51:34.580,3.467,5000
2020-11-11 09:51:36.460,3.467,17200
2020-11-11 09:51:37.410,3.467,16500
2020-11-11 09:51:38.260,3.467,3000
2020-11-11 09:51:39.410,3.467,19000
2020-11-11 09:51:39.710,3.467,15500
2020-11-11 09:51:39.800,3.467,10900
2020-11-11 09:51:40.710,3.467,8000
2020-11-11 09:51:42.230,3.469,100
2020-11-11 09:51:42.760,3.467,14600
2020-11-11 09:51:43.500,3.468,1000
2020-11-11 09:51:43.500,3.467,17500
2020-11-11 09:51:44.760,3.469,300
2020-11-11 09:51:44.900,3.467,88100
2020-11-11 09:51:44.900,3.467,1400
2020-11-11 09:51:44.900,3.467,2000
2020-11-11 09:51:44.900,3.467,2700
2020-11-11 09:51:44.900,3.467,5000
2020-11-11 09:51:44.900,3.467,10000
2020-11-11 09:51:46.090,3.466,12600
2020-11-11 09:51:46.980,3.467,500
2020-11-11 09:51:47.330,3.466,900
2020-11-11 09:51:48.360,3.466,26200
2020-11-11 09:51:48.480,3.466,10300
2020-11-11 09:51:48.480,3.466,100
2020-11-11 09:51:48.480,3.466,100
2020-11-11 09:51:48.480,3.465,8400
2020-11-11 09:51:48.480,3.465,100
2020-11-11 09:51:48.480,3.465,1000
2020-11-11 09:51:48.480,3.465,1400
2020-11-11 09:51:48.480,3.465,8100
2020-11-11 09:51:48.480,3.465,6200
2020-11-11 09:51:48.870,3.465,3800
2020-11-11 09:51:48.870,3.465,200
2020-11-11 09:51:48.870,3.465,100
2020-11-11 09:51:48.870,3.465,100
2020-11-11 09:51:48.870,3.465,2000
2020-11-11 09:51:48.870,3.465,2000
2020-11-11 09:51:48.870,3.465,300
2020-11-11 09:51:48.870,3.465,9100
2020-11-11 09:51:48.900,3.465,5900
2020-11-11 09:51:48.900,3.465,25000
2020-11-11 09:51:50.910,3.467,1000
2020-11-11 09:51:51.640,3.466,11100
2020-11-11 09:51:51.640,3.466,4900
2020-11-11 09:51:51.640,3.465,14600
2020-11-11 09:51:53.280,3.467,500
2020-11-11 09:51:53.650,3.466,1200
2020-11-11 09:51:53.740,3.466,13400
2020-11-11 09:51:53.740,3.465,15400
2020-11-11 09:51:53.740,3.465,40000
2020-11-11 09:51:53.740,3.465,2900
2020-11-11 09:51:54.040,3.465,10000
2020-11-11 09:51:57.860,3.466,800
2020-11-11 09:51:57.860,3.465,3000
2020-11-11 09:51:57.860,3.465,19200
2020-11-11 09:51:58.070,3.465,10800
2020-11-11 09:51:58.070,3.465,1500
2020-11-11 09:51:58.670,3.466,500
2020-11-11 09:51:58.670,3.465,200
2020-11-11 09:52:00.130,3.467,300
2020-11-11 09:52:00.250,3.465,700
2020-11-11 09:52:01.200,3.465,400
2020-11-11 09:52:01.400,3.465,2700
2020-11-11 09:52:01.400,3.465,3000
2020-11-11 09:52:03.580,3.465,600
2020-11-11 09:52:03.640,3.465,1100
2020-11-11 09:52:04.130,3.466,6900
2020-11-11 09:52:04.130,3.466,18600
2020-11-11 09:52:04.520,3.466,1500
2020-11-11 09:52:04.550,3.467,188500
2020-11-11 09:52:04.550,3.467,3600
2020-11-11 09:52:04.550,3.467,25000
2020-11-11 09:52:04.550,3.467,10400
2020-11-11 09:52:04.550,3.467,3400
2020-11-11 09:52:04.550,3.467,18900
2020-11-11 09:52:04.550,3.467,15500
2020-11-11 09:52:04.550,3.467,15500
2020-11-11 09:52:04.830,3.467,19200
2020-11-11 09:52:04.830,3.466,4300
2020-11-11 09:52:04.830,3.466,16400
2020-11-11 09:52:04.860,3.466,5000
2020-11-11 09:52:05.110,3.466,3000
2020-11-11 09:52:06.360,3.466,1000
2020-11-11 09:52:06.420,3.466,17300
2020-11-11 09:52:07.410,3.467,2000
2020-11-11 09:52:07.410,3.466,4300
2020-11-11 09:52:07.460,3.466,3100
2020-11-11 09:52:08.550,3.466,2400
2020-11-11 09:52:09.010,3.466,1500
2020-11-11 09:52:09.550,3.466,41600
2020-11-11 09:52:09.580,3.466,64400
2020-11-11 09:52:09.580,3.466,200
2020-11-11 09:52:09.580,3.466,500
2020-11-11 09:52:09.580,3.465,19000
2020-11-11 09:52:10.020,3.465,600
2020-11-11 09:52:10.020,3.465,168500
2020-11-11 09:52:10.660,3.465,500
2020-11-11 09:52:11.050,3.467,1000
2020-11-11 09:52:11.050,3.466,40000
2020-11-11 09:52:11.050,3.465,28300
2020-11-11 09:52:12.450,3.465,30800
2020-11-11 09:52:12.480,3.465,42200
2020-11-11 09:52:12.480,3.465,10300
2020-11-11 09:52:13.440,3.467,1000
2020-11-11 09:52:13.730,3.465,29700
2020-11-11 09:52:13.730,3.465,33200
2020-11-11 09:52:14.660,3.465,3100
2020-11-11 09:52:14.660,3.465,11300
2020-11-11 09:52:14.780,3.465,24200
2020-11-11 09:52:14.870,3.465,300
2020-11-11 09:52:14.920,3.465,15300
2020-11-11 09:52:14.920,3.465,15000
2020-11-11 09:52:16.960,3.465,300
2020-11-11 09:52:17.500,3.466,5000
2020-11-11 09:52:17.880,3.466,1000
2020-11-11 09:52:17.880,3.466,26300
2020-11-11 09:52:17.960,3.466,14000
2020-11-11 09:52:18.050,3.467,199000
2020-11-11 09:52:18.810,3.468,12000
2020-11-11 09:52:18.810,3.468,18000
2020-11-11 09:52:18.810,3.468,16100
2020-11-11 09:52:18.810,3.468,18200
2020-11-11 09:52:18.810,3.468,235700
2020-11-11 09:52:19.840,3.467,17900
2020-11-11 09:52:21.470,3.467,83200
2020-11-11 09:52:21.470,3.467,42000
2020-11-11 09:52:21.500,3.467,62900
2020-11-11 09:52:21.730,3.468,400
2020-11-11 09:52:21.730,3.468,5400
2020-11-11 09:52:22.080,3.468,3900
2020-11-11 09:52:23.650,3.468,3800
2020-11-11 09:52:24.760,3.467,21900
2020-11-11 09:52:24.760,3.467,18000
2020-11-11 09:52:25.490,3.467,100
2020-11-11 09:52:25.800,3.467,1500
2020-11-11 09:52:27.460,3.467,69400
2020-11-11 09:52:27.520,3.467,5200
2020-11-11 09:52:27.600,3.467,3100
2020-11-11 09:52:27.690,3.468,100
2020-11-11 09:52:29.860,3.467,18600
2020-11-11 09:52:30.840,3.467,17900
2020-11-11 09:52:30.900,3.467,9000
2020-11-11 09:52:31.040,3.468,5500
2020-11-11 09:52:31.040,3.468,13900
2020-11-11 09:52:33.650,3.467,11300
2020-11-11 09:52:33.700,3.467,6600
2020-11-11 09:52:33.820,3.468,7600
2020-11-11 09:52:33.820,3.468,200
2020-11-11 09:52:33.820,3.468,18700
2020-11-11 09:52:33.820,3.468,14900
2020-11-11 09:52:33.820,3.468,17700
2020-11-11 09:52:36.310,3.467,8300
2020-11-11 09:52:36.340,3.467,15900
2020-11-11 09:52:36.400,3.467,17200
2020-11-11 09:52:36.510,3.468,500
2020-11-11 09:52:38.490,3.467,14800
2020-11-11 09:52:39.240,3.468,500
2020-11-11 09:52:39.240,3.468,3000
2020-11-11 09:52:39.700,3.467,4000
2020-11-11 09:52:39.700,3.467,6300
2020-11-11 09:52:39.730,3.467,1800
2020-11-11 09:52:39.810,3.467,17400
2020-11-11 09:52:41.070,3.468,5000
2020-11-11 09:52:41.540,3.468,4500
2020-11-11 09:52:42.450,3.467,5200
2020-11-11 09:52:42.480,3.467,10000
2020-11-11 09:52:43.550,3.467,1500
2020-11-11 09:52:43.830,3.467,15000
2020-11-11 09:52:43.830,3.467,54400
2020-11-11 09:52:44.790,3.467,1000
2020-11-11 09:52:45.830,3.467,2300
2020-11-11 09:52:45.880,3.467,3500
2020-11-11 09:52:46.730,3.467,150000
2020-11-11 09:52:49.780,3.467,17900
2020-11-11 09:52:49.810,3.467,8900
2020-11-11 09:52:50.840,3.467,62000
2020-11-11 09:52:50.840,3.467,2100
2020-11-11 09:52:50.840,3.467,31900
2020-11-11 09:52:50.870,3.467,16700
2020-11-11 09:52:54.030,3.467,7700
2020-11-11 09:52:54.770,3.467,25900
2020-11-11 09:52:54.830,3.467,14500
2020-11-11 09:52:54.860,3.467,73000
2020-11-11 09:52:56.240,3.467,71000
2020-11-11 09:52:58.650,3.467,23000
2020-11-11 09:52:58.710,3.467,12600
2020-11-11 09:52:59.590,3.467,1500
2020-11-11 09:53:00.020,3.467,16900
2020-11-11 09:53:01.430,3.468,100
2020-11-11 09:53:02.120,3.467,19900
2020-11-11 09:53:02.180,3.468,2000
2020-11-11 09:53:02.300,3.467,200
2020-11-11 09:53:04.730,3.467,15000
2020-11-11 09:53:05.010,3.467,18000
2020-11-11 09:53:06.010,3.467,800
2020-11-11 09:53:06.010,3.467,300
2020-11-11 09:53:06.010,3.467,500
2020-11-11 09:53:06.010,3.467,2400
2020-11-11 09:53:06.640,3.467,17200
2020-11-11 09:53:13.540,3.467,10400
2020-11-11 09:53:13.540,3.467,1600
2020-11-11 09:53:13.860,3.468,7900
2020-11-11 09:53:13.860,3.468,19000
2020-11-11 09:53:15.780,3.467,16600
2020-11-11 09:53:16.630,3.467,15000
2020-11-11 09:53:16.800,3.467,14500
2020-11-11 09:53:17.490,3.468,5000
2020-11-11 09:53:20.020,3.467,15500
2020-11-11 09:53:21.840,3.467,300
2020-11-11 09:53:26.470,3.467,16100
2020-11-11 09:53:27.780,3.467,50000
2020-11-11 09:53:28.120,3.467,14500
2020-11-11 09:53:28.240,3.467,61900
2020-11-11 09:53:28.240,3.467,200
2020-11-11 09:53:28.240,3.467,10500
2020-11-11 09:53:30.510,3.467,400
2020-11-11 09:53:35.010,3.466,200
2020-11-11 09:53:35.010,3.466,4600
2020-11-11 09:53:35.010,3.466,10000
2020-11-11 09:53:35.010,3.466,1000
2020-11-11 09:53:35.010,3.466,24300
2020-11-11 09:53:35.040,3.466,25700
2020-11-11 09:53:35.040,3.466,100
2020-11-11 09:53:35.040,3.466,1100
2020-11-11 09:53:36.460,3.466,11800
2020-11-11 09:53:36.460,3.466,5000
2020-11-11 09:53:36.460,3.465,500
2020-11-11 09:53:37.770,3.466,3000
2020-11-11 09:53:38.770,3.465,29500
2020-11-11 09:53:38.770,3.465,100
2020-11-11 09:53:38.770,3.465,300
2020-11-11 09:53:38.770,3.465,5000
2020-11-11 09:53:38.770,3.465,8000
2020-11-11 09:53:38.770,3.465,10000
2020-11-11 09:53:38.770,3.465,1200
2020-11-11 09:53:38.910,3.465,3800
2020-11-11 09:53:38.910,3.465,20000
2020-11-11 09:53:38.910,3.465,1500
2020-11-11 09:53:41.450,3.464,200
2020-11-11 09:53:41.450,3.464,1000
2020-11-11 09:53:41.450,3.464,800
2020-11-11 09:53:41.450,3.464,10000
2020-11-11 09:53:41.450,3.464,200
2020-11-11 09:53:41.450,3.464,5000
2020-11-11 09:53:41.450,3.464,2000
2020-11-11 09:53:41.450,3.464,50000
2020-11-11 09:53:41.450,3.464,5000
2020-11-11 09:53:41.450,3.464,5000
2020-11-11 09:53:41.450,3.464,93000
2020-11-11 09:53:41.450,3.464,5700
2020-11-11 09:53:42.470,3.463,2000
2020-11-11 09:53:42.470,3.463,15000
2020-11-11 09:53:42.470,3.463,200
2020-11-11 09:53:42.470,3.463,5000
2020-11-11 09:53:42.470,3.463,10000
2020-11-11 09:53:42.470,3.463,10000
2020-11-11 09:53:42.470,3.463,30000
2020-11-11 09:53:42.470,3.463,2000
2020-11-11 09:53:42.470,3.463,200
2020-11-11 09:53:42.470,3.463,100
2020-11-11 09:53:42.470,3.463,5000
2020-11-11 09:53:42.470,3.463,5000
2020-11-11 09:53:42.470,3.463,100
2020-11-11 09:53:42.470,3.463,3700
2020-11-11 09:53:42.470,3.463,10000
2020-11-11 09:53:42.470,3.463,500
2020-11-11 09:53:42.940,3.463,200
2020-11-11 09:53:46.770,3.462,100
2020-11-11 09:53:46.770,3.462,900
2020-11-11 09:53:50.880,3.462,4100
2020-11-11 09:53:50.880,3.462,2000
2020-11-11 09:53:50.880,3.462,900
2020-11-11 09:53:50.880,3.462,10000
2020-11-11 09:53:50.880,3.462,1200
2020-11-11 09:53:50.880,3.462,10000
2020-11-11 09:53:50.880,3.462,300
2020-11-11 09:53:50.880,3.462,3000
2020-11-11 09:53:50.880,3.462,1500
2020-11-11 09:53:50.880,3.462,800
2020-11-11 09:53:50.880,3.462,20000
2020-11-11 09:53:50.880,3.462,100
2020-11-11 09:53:50.880,3.462,1000
2020-11-11 09:53:50.880,3.462,2900
2020-11-11 09:53:50.880,3.462,300
2020-11-11 09:53:50.880,3.462,5000
2020-11-11 09:53:50.880,3.462,5000
2020-11-11 09:53:50.880,3.462,27200
2020-11-11 09:53:51.140,3.462,2800
2020-11-11 09:53:51.140,3.462,400
2020-11-11 09:53:51.960,3.462,100
2020-11-11 09:53:52.790,3.463,81000
2020-11-11 09:53:54.500,3.463,100
2020-11-11 09:53:57.540,3.463,5000
2020-11-11 09:53:58.160,3.463,4500
2020-11-11 09:53:59.850,3.463,400
2020-11-11 09:53:59.940,3.463,300
2020-11-11 09:54:00.280,3.464,122100
2020-11-11 09:54:01.960,3.464,10000
2020-11-11 09:54:04.200,3.464,3800
2020-11-11 09:54:04.380,3.465,5200
2020-11-11 09:54:05.230,3.464,3000
2020-11-11 09:54:06.520,3.464,17200
2020-11-11 09:54:07.240,3.465,1000
2020-11-11 09:54:08.010,3.464,3000
2020-11-11 09:54:08.690,3.464,22500
2020-11-11 09:54:09.500,3.464,700
2020-11-11 09:54:10.000,3.464,200
2020-11-11 09:54:10.500,3.464,4000
2020-11-11 09:54:11.100,3.464,10000
2020-11-11 09:54:11.580,3.464,800
2020-11-11 09:54:15.580,3.464,5000
2020-11-11 09:54:16.540,3.464,97700
2020-11-11 09:54:16.540,3.464,30000
2020-11-11 09:54:16.540,3.464,22300
2020-11-11 09:54:18.100,3.464,100
2020-11-11 09:54:21.400,3.465,293800
2020-11-11 09:54:21.400,3.465,6200
2020-11-11 09:54:21.930,3.465,869
2020-11-11 09:54:21.930,3.465,1000
2020-11-11 09:54:21.930,3.465,10000
2020-11-11 09:54:21.930,3.465,28231
2020-11-11 09:54:21.930,3.465,6800
2020-11-11 09:54:22.980,3.465,24969
2020-11-11 09:54:22.980,3.465,800
2020-11-11 09:54:22.980,3.465,100
2020-11-11 09:54:25.620,3.465,1000
2020-11-11 09:54:25.820,3.465,12631
2020-11-11 09:54:28.440,3.465,200
2020-11-11 09:54:29.670,3.465,5000
2020-11-11 09:54:32.060,3.465,1969
2020-11-11 09:54:32.060,3.465,31
2020-11-11 09:54:35.990,3.464,6000
2020-11-11 09:54:36.610,3.464,17300
2020-11-11 09:54:38.140,3.465,10000
2020-11-11 09:54:39.080,3.465,200
2020-11-11 09:54:39.910,3.465,9669
2020-11-11 09:54:39.910,3.465,6731
2020-11-11 09:54:40.530,3.464,25000
2020-11-11 09:54:41.530,3.465,200
2020-11-11 09:54:41.690,3.464,6000
2020-11-11 09:54:42.440,3.465,1000
2020-11-11 09:54:47.380,3.464,200
2020-11-11 09:54:48.210,3.464,200
2020-11-11 09:54:50.480,3.464,2000
2020-11-11 09:54:53.160,3.464,200
2020-11-11 09:54:58.870,3.464,600
2020-11-11 09:55:00.480,3.464,5000
2020-11-11 09:55:00.510,3.464,22000
2020-11-11 09:55:00.510,3.464,200
2020-11-11 09:55:00.510,3.464,300
2020-11-11 09:55:00.510,3.464,10000
2020-11-11 09:55:00.510,3.464,10000
2020-11-11 09:55:00.510,3.463,19100
2020-11-11 09:55:02.630,3.465,2600
2020-11-11 09:55:03.550,3.465,800
2020-11-11 09:55:03.950,3.464,5000
2020-11-11 09:55:04.320,3.464,600
2020-11-11 09:55:04.910,3.464,1000
2020-11-11 09:55:05.240,3.465,24669
2020-11-11 09:55:05.240,3.465,7500
2020-11-11 09:55:05.240,3.465,10000
2020-11-11 09:55:05.240,3.465,200
2020-11-11 09:55:05.240,3.465,100
2020-11-11 09:55:05.240,3.465,600
2020-11-11 09:55:05.240,3.465,7300
2020-11-11 09:55:06.510,3.465,17200
2020-11-11 09:55:06.710,3.465,12800
2020-11-11 09:55:06.710,3.465,18200
2020-11-11 09:55:06.710,3.465,19000
2020-11-11 09:55:08.510,3.465,5000
2020-11-11 09:55:08.710,3.466,12000
2020-11-11 09:55:08.790,3.465,1400
2020-11-11 09:55:09.060,3.465,500
2020-11-11 09:55:09.210,3.465,4600
2020-11-11 09:55:10.060,3.466,3000
2020-11-11 09:55:10.060,3.465,4600
2020-11-11 09:55:10.430,3.465,200
2020-11-11 09:55:11.440,3.466,200
2020-11-11 09:55:13.810,3.465,2000
2020-11-11 09:55:17.110,3.466,2000
2020-11-11 09:55:21.170,3.465,30000
2020-11-11 09:55:23.570,3.465,2500
2020-11-11 09:55:23.570,3.465,4900
2020-11-11 09:55:24.790,3.465,100
2020-11-11 09:55:25.800,3.466,8200
2020-11-11 09:55:25.800,3.466,1800
2020-11-11 09:55:27.280,3.466,1000
2020-11-11 09:55:28.950,3.465,1500
2020-11-11 09:55:29.700,3.466,1000
2020-11-11 09:55:30.090,3.465,3000
2020-11-11 09:55:30.480,3.465,5000
2020-11-11 09:55:32.160,3.466,300
2020-11-11 09:55:36.490,3.465,5800
2020-11-11 09:55:36.640,3.465,17200
2020-11-11 09:55:36.900,3.465,1300
2020-11-11 09:55:39.390,3.465,10000
2020-11-11 09:55:41.210,3.466,500
2020-11-11 09:55:41.630,3.465,10000
2020-11-11 09:55:42.580,3.465,20000
2020-11-11 09:55:42.940,3.466,7300
2020-11-11 09:55:46.240,3.465,1000
2020-11-11 09:55:46.900,3.465,100
2020-11-11 09:55:49.030,3.466,10000
2020-11-11 09:55:50.580,3.465,300
2020-11-11 09:55:50.610,3.466,2000
2020-11-11 09:55:53.750,3.466,69100
2020-11-11 09:55:53.750,3.466,16000
2020-11-11 09:55:53.750,3.466,500
2020-11-11 09:55:53.750,3.466,5000
2020-11-11 09:55:53.750,3.466,10000
2020-11-11 09:55:53.750,3.466,33300
2020-11-11 09:55:53.750,3.466,7800
2020-11-11 09:55:53.750,3.466,1000
2020-11-11 09:55:54.010,3.466,500
2020-11-11 09:55:59.940,3.467,100
2020-11-11 09:55:59.940,3.467,20000
2020-11-11 09:55:59.940,3.467,1000
2020-11-11 09:55:59.940,3.467,3000
2020-11-11 09:55:59.940,3.467,3000
2020-11-11 09:56:00.280,3.467,3600
2020-11-11 09:56:01.010,3.467,3100
2020-11-11 09:56:04.000,3.467,1800
2020-11-11 09:56:04.660,3.467,14400
2020-11-11 09:56:04.660,3.467,1000
2020-11-11 09:56:04.660,3.467,8300
2020-11-11 09:56:04.660,3.466,1000
2020-11-11 09:56:04.660,3.466,200
2020-11-11 09:56:04.660,3.466,10000
2020-11-11 09:56:04.660,3.466,59100
2020-11-11 09:56:06.670,3.466,17300
2020-11-11 09:56:07.230,3.467,1000
2020-11-11 09:56:07.670,3.467,1400
2020-11-11 09:56:09.490,3.466,6600
2020-11-11 09:56:10.390,3.466,1000
2020-11-11 09:56:10.440,3.468,100
2020-11-11 09:56:10.650,3.468,1500
2020-11-11 09:56:13.080,3.467,1000
2020-11-11 09:56:13.220,3.468,20600
2020-11-11 09:56:13.220,3.468,2000
2020-11-11 09:56:13.220,3.468,5000
2020-11-11 09:56:13.220,3.468,10000
2020-11-11 09:56:13.220,3.468,2000
2020-11-11 09:56:13.220,3.468,100
2020-11-11 09:56:13.220,3.468,1100
2020-11-11 09:56:13.220,3.468,3000
2020-11-11 09:56:13.220,3.468,200
2020-11-11 09:56:13.220,3.468,100
2020-11-11 09:56:13.220,3.468,10000
2020-11-11 09:56:13.220,3.468,1500
2020-11-11 09:56:13.220,3.468,122400
2020-11-11 09:56:13.370,3.467,14500
2020-11-11 09:56:13.690,3.467,130000
2020-11-11 09:56:14.440,3.467,7500
2020-11-11 09:56:14.940,3.467,40000
2020-11-11 09:56:16.510,3.468,6000
2020-11-11 09:56:16.880,3.468,1600
2020-11-11 09:56:18.600,3.469,1000
2020-11-11 09:56:18.600,3.469,3000
2020-11-11 09:56:18.600,3.469,2200
2020-11-11 09:56:18.600,3.469,200
2020-11-11 09:56:18.860,3.469,4500
2020-11-11 09:56:19.890,3.469,5000
2020-11-11 09:56:22.420,3.469,34500
2020-11-11 09:56:22.700,3.469,1000
2020-11-11 09:56:22.880,3.47,2800
2020-11-11 09:56:22.880,3.47,24000
2020-11-11 09:56:22.880,3.47,3000
2020-11-11 09:56:22.880,3.47,1000
2020-11-11 09:56:22.880,3.47,500
2020-11-11 09:56:22.880,3.47,16100
2020-11-11 09:56:22.880,3.47,1000
2020-11-11 09:56:22.880,3.47,8000
2020-11-11 09:56:22.880,3.47,40000
2020-11-11 09:56:22.880,3.47,3000
2020-11-11 09:56:22.880,3.47,10000
2020-11-11 09:56:22.880,3.47,54200
2020-11-11 09:56:22.880,3.47,10000
2020-11-11 09:56:22.880,3.47,5000
2020-11-11 09:56:22.880,3.47,11000
2020-11-11 09:56:22.880,3.47,1000
2020-11-11 09:56:22.880,3.47,37200
2020-11-11 09:56:22.880,3.47,1500
2020-11-11 09:56:22.880,3.47,10000
2020-11-11 09:56:22.880,3.47,200
2020-11-11 09:56:22.880,3.471,5000
2020-11-11 09:56:22.880,3.471,400
2020-11-11 09:56:22.880,3.471,300
2020-11-11 09:56:22.880,3.471,4400
2020-11-11 09:56:25.130,3.469,1200
2020-11-11 09:56:25.130,3.469,13300
2020-11-11 09:56:26.120,3.469,6600
2020-11-11 09:56:26.940,3.47,1000
2020-11-11 09:56:27.970,3.47,1000
2020-11-11 09:56:29.470,3.469,100
2020-11-11 09:56:30.970,3.469,22200
2020-11-11 09:56:31.000,3.47,100
2020-11-11 09:56:31.670,3.469,300
2020-11-11 09:56:31.970,3.47,15000
2020-11-11 09:56:33.620,3.469,2000
2020-11-11 09:56:34.640,3.469,100
2020-11-11 09:56:35.740,3.469,10000
2020-11-11 09:56:36.650,3.469,17200
2020-11-11 09:56:37.210,3.469,14500
2020-11-11 09:56:38.860,3.47,1800
2020-11-11 09:56:41.090,3.47,2000
2020-11-11 09:56:42.260,3.47,100
2020-11-11 09:56:42.350,3.47,1000
2020-11-11 09:56:42.470,3.47,2400
2020-11-11 09:56:42.470,3.47,300
2020-11-11 09:56:42.470,3.47,2300
2020-11-11 09:56:44.400,3.47,500
2020-11-11 09:56:46.580,3.47,7200
2020-11-11 09:56:46.580,3.47,42800
2020-11-11 09:56:49.290,3.47,4700
2020-11-11 09:56:49.960,3.469,14500
2020-11-11 09:56:51.600,3.47,200
2020-11-11 09:56:52.600,3.47,200
2020-11-11 09:56:53.610,3.47,1400
2020-11-11 09:56:56.630,3.469,3700
2020-11-11 09:56:59.280,3.47,500
2020-11-11 09:56:59.280,3.47,500
2020-11-11 09:56:59.280,3.469,9000
2020-11-11 09:57:01.270,3.469,21700
2020-11-11 09:57:02.050,3.469,164800
2020-11-11 09:57:02.050,3.469,100
2020-11-11 09:57:02.050,3.469,1000
2020-11-11 09:57:02.930,3.469,200
2020-11-11 09:57:06.720,3.468,17300
2020-11-11 09:57:08.970,3.469,500
2020-11-11 09:57:11.110,3.469,3200
2020-11-11 09:57:12.230,3.469,100
2020-11-11 09:57:14.090,3.468,235600
2020-11-11 09:57:19.100,3.469,10000
2020-11-11 09:57:19.180,3.468,800
2020-11-11 09:57:19.310,3.468,400
2020-11-11 09:57:22.320,3.468,2000
2020-11-11 09:57:22.320,3.469,5200
2020-11-11 09:57:24.820,3.468,9900
2020-11-11 09:57:27.710,3.469,70800
2020-11-11 09:57:28.230,3.469,3200
2020-11-11 09:57:33.740,3.468,500
2020-11-11 09:57:35.500,3.468,1000
2020-11-11 09:57:36.710,3.468,17200
2020-11-11 09:57:41.650,3.469,6600
2020-11-11 09:57:42.240,3.468,5000
2020-11-11 09:57:43.350,3.469,3300
2020-11-11 09:57:45.980,3.469,197600
2020-11-11 09:57:45.980,3.469,100
2020-11-11 09:57:45.980,3.469,300
2020-11-11 09:57:45.980,3.469,102000
2020-11-11 09:57:46.310,3.469,28000
2020-11-11 09:57:46.310,3.469,300
2020-11-11 09:57:46.350,3.469,30000
2020-11-11 09:57:48.540,3.469,600
2020-11-11 09:57:50.060,3.469,400
2020-11-11 09:57:51.990,3.47,5600
2020-11-11 09:57:51.990,3.47,6000
2020-11-11 09:57:52.300,3.47,3700
2020-11-11 09:57:53.420,3.469,2000
2020-11-11 09:57:54.150,3.469,6000
2020-11-11 09:57:58.480,3.469,400
2020-11-11 09:58:02.090,3.47,300
2020-11-11 09:58:02.090,3.47,2200
2020-11-11 09:58:02.360,3.47,10000
2020-11-11 09:58:05.520,3.469,1000
2020-11-11 09:58:05.830,3.469,2000
2020-11-11 09:58:06.280,3.469,300
2020-11-11 09:58:06.760,3.469,17200
2020-11-11 09:58:07.650,3.469,1000
2020-11-11 09:58:09.020,3.47,100
2020-11-11 09:58:09.960,3.469,2500
2020-11-11 09:58:10.450,3.47,7700
2020-11-11 09:58:10.450,3.47,3900
2020-11-11 09:58:10.450,3.47,11000
2020-11-11 09:58:10.450,3.47,1000
2020-11-11 09:58:10.450,3.47,1000
2020-11-11 09:58:10.450,3.47,3300
2020-11-11 09:58:16.300,3.469,9200
2020-11-11 09:58:16.770,3.469,3000
2020-11-11 09:58:24.550,3.469,100
2020-11-11 09:58:25.370,3.469,30000
2020-11-11 09:58:27.450,3.47,700
2020-11-11 09:58:30.070,3.469,30000
2020-11-11 09:58:30.970,3.469,1000
2020-11-11 09:58:31.650,3.469,1700
2020-11-11 09:58:32.290,3.47,200
2020-11-11 09:58:35.160,3.469,10000
2020-11-11 09:58:36.170,3.47,700
2020-11-11 09:58:36.760,3.469,17300
2020-11-11 09:58:37.860,3.469,100
2020-11-11 09:58:39.470,3.469,1400
2020-11-11 09:58:40.750,3.47,2400
2020-11-11 09:58:44.150,3.469,104500
2020-11-11 09:58:44.150,3.469,100000
2020-11-11 09:58:44.150,3.469,50100
2020-11-11 09:58:44.150,3.469,3000
2020-11-11 09:58:44.150,3.469,20000
2020-11-11 09:58:44.720,3.469,22400
2020-11-11 09:58:44.810,3.469,44300
2020-11-11 09:58:45.850,3.469,20000
2020-11-11 09:58:54.760,3.469,600
2020-11-11 09:58:55.360,3.468,6000
2020-11-11 09:58:57.730,3.469,2000
2020-11-11 09:58:58.280,3.468,1000
2020-11-11 09:58:59.510,3.469,23100
2020-11-11 09:58:59.510,3.469,33000
2020-11-11 09:58:59.510,3.469,3800
2020-11-11 09:58:59.510,3.469,5200
2020-11-11 09:58:59.510,3.469,90000
2020-11-11 09:59:01.670,3.469,16000
2020-11-11 09:59:01.920,3.469,1800
2020-11-11 09:59:06.070,3.469,7200
2020-11-11 09:59:06.070,3.469,42800
2020-11-11 09:59:06.820,3.468,17200
2020-11-11 09:59:09.470,3.469,2300
2020-11-11 09:59:17.000,3.469,1000
2020-11-11 09:59:25.120,3.468,14500
2020-11-11 09:59:27.180,3.469,9500
2020-11-11 09:59:28.330,3.468,42200
2020-11-11 09:59:28.330,3.468,34800
2020-11-11 09:59:28.530,3.468,10000
2020-11-11 09:59:30.180,3.468,3400
2020-11-11 09:59:30.180,3.468,2800
2020-11-11 09:59:30.180,3.468,200
2020-11-11 09:59:30.180,3.468,100
2020-11-11 09:59:30.180,3.468,1000
2020-11-11 09:59:30.180,3.468,1000
2020-11-11 09:59:30.180,3.468,100
2020-11-11 09:59:30.180,3.468,3100
2020-11-11 09:59:36.490,3.468,7200
2020-11-11 09:59:37.140,3.467,2900
2020-11-11 09:59:37.630,3.468,5800
2020-11-11 09:59:38.810,3.469,200
2020-11-11 09:59:38.810,3.469,800
2020-11-11 09:59:44.020,3.468,3000
2020-11-11 09:59:46.040,3.469,3300
2020-11-11 09:59:46.040,3.469,3000
2020-11-11 09:59:46.040,3.469,100
2020-11-11 09:59:46.040,3.469,300
2020-11-11 09:59:48.270,3.469,7900
2020-11-11 09:59:48.560,3.469,1000
2020-11-11 09:59:48.560,3.469,6500
2020-11-11 09:59:49.740,3.469,2800
2020-11-11 09:59:51.320,3.47,1900
2020-11-11 09:59:52.120,3.469,700
2020-11-11 09:59:52.120,3.469,100
2020-11-11 09:59:52.120,3.468,300
2020-11-11 09:59:54.300,3.468,2000
2020-11-11 09:59:59.160,3.468,14500
2020-11-11 10:00:05.920,3.469,8000
2020-11-11 10:00:05.920,3.469,900
2020-11-11 10:00:05.920,3.469,31100
2020-11-11 10:00:08.360,3.468,7400
2020-11-11 10:00:08.360,3.468,17800
2020-11-11 10:00:09.260,3.468,5600
2020-11-11 10:00:09.290,3.468,6600
2020-11-11 10:00:09.290,3.468,200
2020-11-11 10:00:10.000,3.468,6000
2020-11-11 10:00:10.670,3.468,4300
2020-11-11 10:00:10.730,3.468,19500
2020-11-11 10:00:10.730,3.468,4500
2020-11-11 10:00:10.790,3.469,14400
2020-11-11 10:00:10.790,3.469,23200
2020-11-11 10:00:10.790,3.469,18100
2020-11-11 10:00:11.430,3.468,4800
2020-11-11 10:00:11.530,3.469,200000
2020-11-11 10:00:12.160,3.468,4500
2020-11-11 10:00:12.490,3.468,14500
2020-11-11 10:00:12.990,3.468,4600
2020-11-11 10:00:13.450,3.469,5800
2020-11-11 10:00:13.480,3.469,2900
2020-11-11 10:00:13.480,3.469,10000
2020-11-11 10:00:15.160,3.47,10800
2020-11-11 10:00:15.160,3.47,400
2020-11-11 10:00:15.160,3.47,100
2020-11-11 10:00:15.160,3.47,20000
2020-11-11 10:00:15.160,3.47,28400
2020-11-11 10:00:15.160,3.47,10000
2020-11-11 10:00:15.160,3.47,3000
2020-11-11 10:00:15.160,3.47,5000
2020-11-11 10:00:15.160,3.47,200
2020-11-11 10:00:15.160,3.47,2000
2020-11-11 10:00:15.160,3.47,12000
2020-11-11 10:00:15.160,3.47,500
2020-11-11 10:00:15.160,3.47,3000
2020-11-11 10:00:15.160,3.47,3000
2020-11-11 10:00:15.160,3.47,100
2020-11-11 10:00:15.160,3.47,10000
2020-11-11 10:00:15.160,3.47,5500
2020-11-11 10:00:15.160,3.47,1000
2020-11-11 10:00:15.160,3.47,10000
2020-11-11 10:00:17.230,3.471,3000
2020-11-11 10:00:17.230,3.471,10000
2020-11-11 10:00:17.230,3.471,15000
2020-11-11 10:00:17.230,3.471,20000
