Datetime,Price,Volume
2020-11-11 09:25:00.970,5.008,300
2020-11-11 09:25:00.970,5.008,1900
2020-11-11 09:25:00.970,5.008,12800
2020-11-11 09:25:00.970,5.008,2200
2020-11-11 09:25:00.970,5.008,51100
2020-11-11 09:25:00.970,5.008,500
2020-11-11 09:25:00.970,5.008,900
2020-11-11 09:25:00.970,5.008,600
2020-11-11 09:25:00.970,5.008,24700
2020-11-11 09:25:00.970,5.008,1900
2020-11-11 09:25:00.970,5.008,8700
2020-11-11 09:25:00.970,5.008,4700
2020-11-11 09:25:00.970,5.008,37000
2020-11-11 09:25:00.970,5.008,23000
2020-11-11 09:25:00.970,5.008,33600
2020-11-11 09:25:00.970,5.008,6400
2020-11-11 09:25:00.970,5.008,1900
2020-11-11 09:25:00.970,5.008,1600
2020-11-11 09:25:00.970,5.008,1800
2020-11-11 09:25:00.970,5.008,18200
2020-11-11 09:25:00.970,5.008,1400
2020-11-11 09:25:00.970,5.008,5000
2020-11-11 09:25:00.970,5.008,50000
2020-11-11 09:25:00.970,5.008,5400
2020-11-11 09:25:00.970,5.008,14800
2020-11-11 09:25:00.970,5.008,800
2020-11-11 09:25:00.970,5.008,36000
2020-11-11 09:25:00.970,5.008,7000
2020-11-11 09:25:00.970,5.008,1300
2020-11-11 09:25:00.970,5.008,1000
2020-11-11 09:25:00.970,5.008,6000
2020-11-11 09:25:00.970,5.008,10000
2020-11-11 09:25:00.970,5.008,100
2020-11-11 09:25:00.970,5.008,100
2020-11-11 09:25:00.970,5.008,100
2020-11-11 09:25:00.970,5.008,100
2020-11-11 09:25:00.970,5.008,100
2020-11-11 09:25:00.970,5.008,200
2020-11-11 09:25:00.970,5.008,100
2020-11-11 09:25:00.970,5.008,500
2020-11-11 09:25:00.970,5.008,100
2020-11-11 09:25:00.970,5.008,200
2020-11-11 09:25:00.970,5.008,100
2020-11-11 09:25:00.970,5.008,200
2020-11-11 09:25:00.970,5.008,100
2020-11-11 09:25:00.970,5.008,100
2020-11-11 09:25:00.970,5.008,100
2020-11-11 09:25:00.970,5.008,1000
2020-11-11 09:25:00.970,5.008,100
2020-11-11 09:25:00.970,5.008,2000
2020-11-11 09:25:00.970,5.008,100
2020-11-11 09:25:00.970,5.008,100
2020-11-11 09:25:00.970,5.008,100
2020-11-11 09:25:00.970,5.008,300
2020-11-11 09:25:00.970,5.008,100
2020-11-11 09:25:00.970,5.008,300
2020-11-11 09:25:00.970,5.008,3200
2020-11-11 09:25:00.970,5.008,1000
2020-11-11 09:25:00.970,5.008,500
2020-11-11 09:25:00.970,5.008,100
2020-11-11 09:25:00.970,5.008,200
2020-11-11 09:25:00.970,5.008,700
2020-11-11 09:25:00.970,5.008,100
2020-11-11 09:25:00.970,5.008,100
2020-11-11 09:25:00.970,5.008,4100
2020-11-11 09:25:00.970,5.008,300
2020-11-11 09:25:00.970,5.008,2500
2020-11-11 09:25:00.970,5.008,2500
2020-11-11 09:25:00.970,5.008,3500
2020-11-11 09:25:00.970,5.008,6500
2020-11-11 09:25:00.970,5.008,200
2020-11-11 09:25:00.970,5.008,2000
2020-11-11 09:25:00.970,5.008,800
2020-11-11 09:25:00.970,5.008,200
2020-11-11 09:25:00.970,5.008,1000
2020-11-11 09:25:00.970,5.008,100
2020-11-11 09:25:00.970,5.008,100
2020-11-11 09:25:00.970,5.008,900
2020-11-11 09:25:00.970,5.008,200
2020-11-11 09:25:00.970,5.008,100
2020-11-11 09:25:00.970,5.008,100
2020-11-11 09:25:00.970,5.008,100
2020-11-11 09:25:00.970,5.008,100
2020-11-11 09:25:00.970,5.008,600
2020-11-11 09:25:00.970,5.008,300
2020-11-11 09:25:00.970,5.008,100
2020-11-11 09:25:00.970,5.008,100
2020-11-11 09:25:00.970,5.008,100
2020-11-11 09:25:00.970,5.008,300
2020-11-11 09:25:00.970,5.008,100
2020-11-11 09:25:00.970,5.008,100
2020-11-11 09:25:00.970,5.008,100
2020-11-11 09:25:00.970,5.008,100
2020-11-11 09:25:00.970,5.008,200
2020-11-11 09:25:00.970,5.008,100
2020-11-11 09:25:00.970,5.008,200
2020-11-11 09:25:00.970,5.008,900
2020-11-11 09:25:00.970,5.008,3100
2020-11-11 09:25:00.970,5.008,300
2020-11-11 09:25:00.970,5.008,6500
2020-11-11 09:25:00.970,5.008,6000
2020-11-11 09:25:00.970,5.008,300
2020-11-11 09:25:00.970,5.008,600
2020-11-11 09:25:00.970,5.008,6600
2020-11-11 09:25:00.970,5.008,800
2020-11-11 09:25:00.970,5.008,200
2020-11-11 09:25:00.970,5.008,100
2020-11-11 09:25:00.970,5.008,200
2020-11-11 09:25:00.970,5.008,1000
2020-11-11 09:25:00.970,5.008,100
2020-11-11 09:25:00.970,5.008,2000
2020-11-11 09:25:00.970,5.008,200
2020-11-11 09:25:00.970,5.008,300
2020-11-11 09:25:00.970,5.008,100
2020-11-11 09:25:00.970,5.008,1000
2020-11-11 09:25:00.970,5.008,100
2020-11-11 09:25:00.970,5.008,600
2020-11-11 09:25:00.970,5.008,1000
2020-11-11 09:25:00.970,5.008,500
2020-11-11 09:25:00.970,5.008,4200
2020-11-11 09:25:00.970,5.008,100
2020-11-11 09:25:00.970,5.008,200
2020-11-11 09:25:00.970,5.008,100
2020-11-11 09:25:00.970,5.008,100
2020-11-11 09:25:00.970,5.008,600
2020-11-11 09:25:00.970,5.008,100
2020-11-11 09:25:00.970,5.008,1900
2020-11-11 09:25:00.970,5.008,100
2020-11-11 09:25:00.970,5.008,1900
2020-11-11 09:25:00.970,5.008,100
2020-11-11 09:25:00.970,5.008,100
2020-11-11 09:25:00.970,5.008,100
2020-11-11 09:25:00.970,5.008,200
2020-11-11 09:25:00.970,5.008,100
2020-11-11 09:25:00.970,5.008,700
2020-11-11 09:25:00.970,5.008,100
2020-11-11 09:25:00.970,5.008,100
2020-11-11 09:25:00.970,5.008,100
2020-11-11 09:25:00.970,5.008,100
2020-11-11 09:25:00.970,5.008,200
2020-11-11 09:25:00.970,5.008,100
2020-11-11 09:25:00.970,5.008,400
2020-11-11 09:25:00.970,5.008,100
2020-11-11 09:25:00.970,5.008,400
2020-11-11 09:25:00.970,5.008,100
2020-11-11 09:25:00.970,5.008,100
2020-11-11 09:25:00.970,5.008,100
2020-11-11 09:25:00.970,5.008,100
2020-11-11 09:25:00.970,5.008,200
2020-11-11 09:25:00.970,5.008,100
2020-11-11 09:25:00.970,5.008,1000
2020-11-11 09:25:00.970,5.008,200
2020-11-11 09:25:00.970,5.008,100
2020-11-11 09:25:00.970,5.008,200
2020-11-11 09:25:00.970,5.008,100
2020-11-11 09:25:00.970,5.008,100
2020-11-11 09:25:00.970,5.008,100
2020-11-11 09:25:00.970,5.008,100
2020-11-11 09:25:00.970,5.008,100
2020-11-11 09:25:00.970,5.008,5400
2020-11-11 09:25:00.970,5.008,100
2020-11-11 09:25:00.970,5.008,100
2020-11-11 09:25:00.970,5.008,100
2020-11-11 09:25:00.970,5.008,100
2020-11-11 09:25:00.970,5.008,100
2020-11-11 09:25:00.970,5.008,200
2020-11-11 09:25:00.970,5.008,4600
2020-11-11 09:25:00.970,5.008,100
2020-11-11 09:25:00.970,5.008,100
2020-11-11 09:25:00.970,5.008,100
2020-11-11 09:25:00.970,5.008,300
2020-11-11 09:25:00.970,5.008,100
2020-11-11 09:25:00.970,5.008,200
2020-11-11 09:25:00.970,5.008,300
2020-11-11 09:25:00.970,5.008,100
2020-11-11 09:25:00.970,5.008,100
2020-11-11 09:25:00.970,5.008,200
2020-11-11 09:25:00.970,5.008,100
2020-11-11 09:25:00.970,5.008,100
2020-11-11 09:25:00.970,5.008,7400
2020-11-11 09:25:00.970,5.008,200
2020-11-11 09:25:00.970,5.008,200
2020-11-11 09:25:00.970,5.008,2800
2020-11-11 09:25:00.970,5.008,200
2020-11-11 09:25:00.970,5.008,4000
2020-11-11 09:25:00.970,5.008,500
2020-11-11 09:25:00.970,5.008,100
2020-11-11 09:25:00.970,5.008,100
2020-11-11 09:25:00.970,5.008,100
2020-11-11 09:25:00.970,5.008,100
2020-11-11 09:25:00.970,5.008,100
2020-11-11 09:25:00.970,5.008,200
2020-11-11 09:25:00.970,5.008,200
2020-11-11 09:25:00.970,5.008,19900
2020-11-11 09:25:00.970,5.008,1000
2020-11-11 09:25:00.970,5.008,1400
2020-11-11 09:25:00.970,5.008,100
2020-11-11 09:25:00.970,5.008,100
2020-11-11 09:25:00.970,5.008,200
2020-11-11 09:25:00.970,5.008,2300
2020-11-11 09:25:00.970,5.008,100
2020-11-11 09:25:00.970,5.008,100
2020-11-11 09:25:00.970,5.008,2200
2020-11-11 09:25:00.970,5.008,500
2020-11-11 09:25:00.970,5.008,100
2020-11-11 09:25:00.970,5.008,100
2020-11-11 09:25:00.970,5.008,100
2020-11-11 09:25:00.970,5.008,200
2020-11-11 09:25:00.970,5.008,100
2020-11-11 09:25:00.970,5.008,20000
2020-11-11 09:25:00.970,5.008,100
2020-11-11 09:25:00.970,5.008,200
2020-11-11 09:25:00.970,5.008,100
2020-11-11 09:25:00.970,5.008,2300
2020-11-11 09:25:00.970,5.008,1000
2020-11-11 09:25:00.970,5.008,400
2020-11-11 09:25:00.970,5.008,200
2020-11-11 09:25:00.970,5.008,1000
2020-11-11 09:25:00.970,5.008,5000
2020-11-11 09:25:00.970,5.008,200
2020-11-11 09:25:00.970,5.008,10000
2020-11-11 09:25:00.970,5.008,10500
2020-11-11 09:25:00.970,5.008,1000
2020-11-11 09:25:00.970,5.008,300
2020-11-11 09:25:00.970,5.008,15000
2020-11-11 09:25:00.970,5.008,100
2020-11-11 09:25:00.970,5.008,2300
2020-11-11 09:25:00.970,5.008,5000
2020-11-11 09:25:00.970,5.008,400
2020-11-11 09:25:00.970,5.008,1500
2020-11-11 09:25:00.970,5.008,20000
2020-11-11 09:30:00.100,5.007,100
2020-11-11 09:30:00.170,5.007,5100
2020-11-11 09:30:00.270,5.007,5100
2020-11-11 09:30:00.270,5.007,5100
2020-11-11 09:30:00.330,5.007,1000
2020-11-11 09:30:00.430,5.007,1000
2020-11-11 09:30:00.430,5.005,100
2020-11-11 09:30:00.430,5.005,200
2020-11-11 09:30:00.430,5.005,3000
2020-11-11 09:30:00.430,5.005,700
2020-11-11 09:30:00.540,5.005,1800
2020-11-11 09:30:00.540,5.005,2100
2020-11-11 09:30:00.540,5.005,500
2020-11-11 09:30:00.540,5.004,300
2020-11-11 09:30:00.540,5.007,2000
2020-11-11 09:30:00.540,5.007,200
2020-11-11 09:30:00.770,5.007,13300
2020-11-11 09:30:00.770,5.007,100
2020-11-11 09:30:00.890,5.007,1000
2020-11-11 09:30:00.890,5.004,2000
2020-11-11 09:30:00.890,5.004,2300
2020-11-11 09:30:00.890,5.002,1500
2020-11-11 09:30:00.890,5.002,37200
2020-11-11 09:30:01.120,5.005,2000
2020-11-11 09:30:01.120,5.002,62800
2020-11-11 09:30:01.120,5.001,4500
2020-11-11 09:30:01.250,5.005,200
2020-11-11 09:30:01.250,5.005,1000
2020-11-11 09:30:01.360,5.005,1000
2020-11-11 09:30:01.360,5.001,6000
2020-11-11 09:30:01.470,5.005,5800
2020-11-11 09:30:01.470,5.005,2500
2020-11-11 09:30:01.470,5.006,1800
2020-11-11 09:30:01.470,5.006,300
2020-11-11 09:30:01.470,5.007,166000
2020-11-11 09:30:01.470,5.007,1000
2020-11-11 09:30:01.470,5.007,600
2020-11-11 09:30:01.470,5.007,7000
2020-11-11 09:30:01.470,5.007,200
2020-11-11 09:30:01.470,5.007,36000
2020-11-11 09:30:01.470,5.007,12700
2020-11-11 09:30:01.470,5.007,1800
2020-11-11 09:30:01.470,5.007,500
2020-11-11 09:30:01.470,5.007,13800
2020-11-11 09:30:01.470,5.007,1000
2020-11-11 09:30:01.470,5.002,100
2020-11-11 09:30:01.470,5.002,1000
2020-11-11 09:30:01.470,5.002,9200
2020-11-11 09:30:01.690,5.006,500
2020-11-11 09:30:01.690,5.002,10800
2020-11-11 09:30:01.690,5.002,4000
2020-11-11 09:30:01.690,5.001,200
2020-11-11 09:30:01.690,5.001,1900
2020-11-11 09:30:01.690,5.001,500
2020-11-11 09:30:01.690,5.001,500
2020-11-11 09:30:01.690,5.001,2100
2020-11-11 09:30:01.690,5.002,1800
2020-11-11 09:30:01.800,5.004,1000
2020-11-11 09:30:01.800,5.004,1700
2020-11-11 09:30:01.800,5.004,100
2020-11-11 09:30:01.930,5.004,100
2020-11-11 09:30:01.930,5.004,100
2020-11-11 09:30:02.040,5.004,2000
2020-11-11 09:30:02.040,5.002,25700
2020-11-11 09:30:02.040,5.001,5900
2020-11-11 09:30:02.040,5.001,1100
2020-11-11 09:30:02.270,5.006,500
2020-11-11 09:30:02.270,5.007,4000
2020-11-11 09:30:02.270,5.002,5000
2020-11-11 09:30:02.270,5.002,1000
2020-11-11 09:30:02.270,5.001,19000
2020-11-11 09:30:02.270,5.005,2000
2020-11-11 09:30:02.270,5.005,1000
2020-11-11 09:30:02.270,5.007,8600
2020-11-11 09:30:02.450,5.001,9900
2020-11-11 09:30:02.450,5.001,200
2020-11-11 09:30:02.450,5.001,5000
2020-11-11 09:30:02.450,5.001,4900
2020-11-11 09:30:02.480,5.007,2000
2020-11-11 09:30:02.480,5.007,100
2020-11-11 09:30:02.480,5.004,10000
2020-11-11 09:30:02.480,5.007,20500
2020-11-11 09:30:02.480,5.007,8000
2020-11-11 09:30:02.480,5.007,3400
2020-11-11 09:30:02.480,5.007,4000
2020-11-11 09:30:02.480,5.007,4600
2020-11-11 09:30:02.480,5.007,10000
2020-11-11 09:30:02.480,5.007,500
2020-11-11 09:30:02.480,5.007,1000
2020-11-11 09:30:02.480,5.007,147500
2020-11-11 09:30:02.480,5.006,100
2020-11-11 09:30:02.590,5.004,8000
2020-11-11 09:30:02.590,5.006,800
2020-11-11 09:30:02.700,5.004,5000
2020-11-11 09:30:02.700,5.006,2000
2020-11-11 09:30:02.700,5.004,200
2020-11-11 09:30:02.820,5.005,100
2020-11-11 09:30:02.820,5.005,300
2020-11-11 09:30:02.820,5.005,1600
2020-11-11 09:30:02.820,5.006,3400
2020-11-11 09:30:02.930,5.004,1400
2020-11-11 09:30:02.930,5.003,3000
2020-11-11 09:30:02.930,5.002,600
2020-11-11 09:30:02.930,5.006,3700
2020-11-11 09:30:03.040,5.007,1000
2020-11-11 09:30:03.040,5.007,15000
2020-11-11 09:30:03.170,5.007,300
2020-11-11 09:30:03.170,5.006,6300
2020-11-11 09:30:03.170,5.004,10000
2020-11-11 09:30:03.170,5.003,3700
2020-11-11 09:30:03.170,5.007,2000
2020-11-11 09:30:03.280,5.007,100
2020-11-11 09:30:03.400,5.006,10000
2020-11-11 09:30:03.500,5.005,10000
2020-11-11 09:30:03.500,5.005,10000
2020-11-11 09:30:03.500,5.006,1000
2020-11-11 09:30:03.500,5.005,10000
2020-11-11 09:30:03.500,5.006,2000
2020-11-11 09:30:03.500,5.006,17000
2020-11-11 09:30:03.500,5.006,50000
2020-11-11 09:30:03.500,5.006,199100
2020-11-11 09:30:03.680,5.006,100
2020-11-11 09:30:03.680,5.006,100
2020-11-11 09:30:03.790,5.005,8000
2020-11-11 09:30:03.790,5.006,100
2020-11-11 09:30:03.900,5.005,2100
2020-11-11 09:30:03.900,5.004,1000
2020-11-11 09:30:03.900,5.004,6000
2020-11-11 09:30:04.030,5.004,7000
2020-11-11 09:30:04.150,5.004,6000
2020-11-11 09:30:04.150,5.003,1000
2020-11-11 09:30:04.150,5.005,1600
2020-11-11 09:30:04.150,5.003,200
2020-11-11 09:30:04.150,5.005,1300
2020-11-11 09:30:04.150,5.006,105100
2020-11-11 09:30:04.270,5.006,200
2020-11-11 09:30:04.270,5.006,1000
2020-11-11 09:30:04.390,5.006,16600
2020-11-11 09:30:04.490,5.003,3000
2020-11-11 09:30:04.490,5.006,10000
2020-11-11 09:30:04.490,5.005,200
2020-11-11 09:30:04.490,5.005,1100
2020-11-11 09:30:04.610,5.003,3200
2020-11-11 09:30:04.610,5.003,1900
2020-11-11 09:30:04.610,5.002,3100
2020-11-11 09:30:04.610,5.005,6700
2020-11-11 09:30:04.610,5.005,100
2020-11-11 09:30:04.740,5.005,2000
2020-11-11 09:30:04.740,5.006,423800
2020-11-11 09:30:04.740,5.006,1000
2020-11-11 09:30:04.860,5.006,100
2020-11-11 09:30:04.860,5.006,500
2020-11-11 09:30:04.860,5.006,500
2020-11-11 09:30:04.860,5.006,1000
2020-11-11 09:30:04.980,5.006,5000
2020-11-11 09:30:04.980,5.006,100
2020-11-11 09:30:05.040,5.006,200
2020-11-11 09:30:05.040,5.005,9900
2020-11-11 09:30:05.040,5.006,52500
2020-11-11 09:30:05.040,5.003,10000
2020-11-11 09:30:05.040,5.002,21000
2020-11-11 09:30:05.040,5.002,10000
2020-11-11 09:30:05.040,5.002,4100
2020-11-11 09:30:05.040,5.006,200
2020-11-11 09:30:05.160,5.003,200
2020-11-11 09:30:05.340,5.005,100
2020-11-11 09:30:05.340,5.005,100
2020-11-11 09:30:05.450,5.005,1300
2020-11-11 09:30:05.450,5.005,1200
2020-11-11 09:30:05.450,5.005,100
2020-11-11 09:30:05.450,5.004,20000
2020-11-11 09:30:05.450,5.003,19800
2020-11-11 09:30:05.450,5.002,20900
2020-11-11 09:30:05.450,5.002,2000
2020-11-11 09:30:05.450,5.002,5000
2020-11-11 09:30:05.450,5.002,1000
2020-11-11 09:30:05.450,5.002,2000
2020-11-11 09:30:05.450,5.002,1000
2020-11-11 09:30:05.450,5.002,20000
2020-11-11 09:30:05.450,5.002,8300
2020-11-11 09:30:05.570,5.005,200
2020-11-11 09:30:05.570,5.005,1100
2020-11-11 09:30:05.690,5.005,400
2020-11-11 09:30:05.690,5.005,100
2020-11-11 09:30:05.690,5.005,500
2020-11-11 09:30:05.690,5.005,400
2020-11-11 09:30:05.690,5.005,1100
2020-11-11 09:30:05.690,5.006,900
2020-11-11 09:30:05.690,5.006,100
2020-11-11 09:30:05.690,5.006,200
2020-11-11 09:30:05.690,5.003,3000
2020-11-11 09:30:05.810,5.006,1000
2020-11-11 09:30:05.920,5.006,900
2020-11-11 09:30:05.920,5.006,200
2020-11-11 09:30:05.920,5.007,1800
2020-11-11 09:30:05.920,5.003,17000
2020-11-11 09:30:05.920,5.002,4000
2020-11-11 09:30:06.130,5.007,100
2020-11-11 09:30:06.130,5.002,400
2020-11-11 09:30:06.730,5.007,200
2020-11-11 09:30:06.910,5.007,4000
2020-11-11 09:30:07.140,5.007,1000
2020-11-11 09:30:07.330,5.007,600
2020-11-11 09:30:07.450,5.007,1000
2020-11-11 09:30:08.540,5.006,5000
2020-11-11 09:30:09.270,5.005,900
2020-11-11 09:30:11.290,5.005,5000
2020-11-11 09:30:12.260,5.005,200
2020-11-11 09:30:13.070,5.005,34400
2020-11-11 09:30:13.330,5.004,3000
2020-11-11 09:30:13.330,5.005,5000
2020-11-11 09:30:13.590,5.004,900
2020-11-11 09:30:15.160,5.004,30600
2020-11-11 09:30:15.280,5.005,50000
2020-11-11 09:30:16.680,5.005,200
2020-11-11 09:30:17.360,5.005,18400
2020-11-11 09:30:17.830,5.005,5300
2020-11-11 09:30:17.860,5.005,5000
2020-11-11 09:30:17.970,5.005,8000
2020-11-11 09:30:18.330,5.004,5000
2020-11-11 09:30:18.490,5.005,5100
2020-11-11 09:30:19.420,5.004,9100
2020-11-11 09:30:19.960,5.005,500
2020-11-11 09:30:21.190,5.005,200
2020-11-11 09:30:21.890,5.004,22100
2020-11-11 09:30:21.920,5.005,1000
2020-11-11 09:30:22.720,5.005,4200
2020-11-11 09:30:22.720,5.005,600
2020-11-11 09:30:22.920,5.006,1000
2020-11-11 09:30:23.260,5.005,33000
2020-11-11 09:30:23.690,5.005,2200
2020-11-11 09:30:23.690,5.004,9300
2020-11-11 09:30:23.690,5.004,1000
2020-11-11 09:30:23.690,5.004,500
2020-11-11 09:30:23.690,5.004,20000
2020-11-11 09:30:23.690,5.004,30000
2020-11-11 09:30:24.220,5.004,600
2020-11-11 09:30:25.210,5.004,2000
2020-11-11 09:30:25.660,5.004,5000
2020-11-11 09:30:26.190,5.004,3000
2020-11-11 09:30:27.120,5.004,50000
2020-11-11 09:30:27.630,5.004,200
2020-11-11 09:30:27.990,5.003,6000
2020-11-11 09:30:28.770,5.004,76200
2020-11-11 09:30:28.770,5.004,223800
2020-11-11 09:30:29.410,5.004,100
2020-11-11 09:30:29.490,5.003,6700
2020-11-11 09:30:29.880,5.004,300
2020-11-11 09:30:31.450,5.004,1000
2020-11-11 09:30:31.640,5.003,900
2020-11-11 09:30:31.930,5.003,4300
2020-11-11 09:30:32.190,5.004,2000
2020-11-11 09:30:32.740,5.004,100
2020-11-11 09:30:32.770,5.004,3900
2020-11-11 09:30:32.770,5.004,2400
2020-11-11 09:30:32.770,5.004,12000
2020-11-11 09:30:33.190,5.004,15000
2020-11-11 09:30:33.350,5.004,100
2020-11-11 09:30:33.550,5.004,150000
2020-11-11 09:30:34.420,5.004,100
2020-11-11 09:30:35.420,5.004,100
2020-11-11 09:30:35.930,5.005,100
2020-11-11 09:30:35.930,5.005,10000
2020-11-11 09:30:35.930,5.005,5000
2020-11-11 09:30:35.930,5.005,1000
2020-11-11 09:30:35.930,5.005,4700
2020-11-11 09:30:35.930,5.005,10000
2020-11-11 09:30:36.500,5.005,1000
2020-11-11 09:30:37.350,5.005,800
2020-11-11 09:30:37.550,5.005,400
2020-11-11 09:30:38.250,5.004,7400
2020-11-11 09:30:38.570,5.005,20000
2020-11-11 09:30:38.860,5.005,100
2020-11-11 09:30:39.550,5.004,300
2020-11-11 09:30:40.060,5.004,4600
2020-11-11 09:30:40.430,5.004,6800
2020-11-11 09:30:40.610,5.005,20000
2020-11-11 09:30:40.980,5.005,6000
2020-11-11 09:30:42.410,5.005,100
2020-11-11 09:30:42.720,5.005,37000
2020-11-11 09:30:42.740,5.005,6400
2020-11-11 09:30:42.950,5.005,1000
2020-11-11 09:30:42.980,5.005,10000
2020-11-11 09:30:43.080,5.005,9000
2020-11-11 09:30:43.560,5.005,9000
2020-11-11 09:30:43.830,5.005,5000
2020-11-11 09:30:44.630,5.005,1700
2020-11-11 09:30:44.880,5.005,12500
2020-11-11 09:30:44.910,5.006,4800
2020-11-11 09:30:44.910,5.006,5200
2020-11-11 09:30:44.970,5.006,10000
2020-11-11 09:30:45.250,5.005,4000
2020-11-11 09:30:45.250,5.006,4800
2020-11-11 09:30:45.250,5.006,4400
2020-11-11 09:30:45.250,5.006,2400
2020-11-11 09:30:45.250,5.006,500
2020-11-11 09:30:45.250,5.006,5300
2020-11-11 09:30:45.900,5.007,3300
2020-11-11 09:30:45.900,5.007,2200
2020-11-11 09:30:46.470,5.007,4000
2020-11-11 09:30:46.920,5.007,1300
2020-11-11 09:30:46.920,5.007,3700
2020-11-11 09:30:49.090,5.007,6300
2020-11-11 09:30:49.090,5.007,100
2020-11-11 09:30:49.090,5.007,3500
2020-11-11 09:30:49.090,5.007,10100
2020-11-11 09:30:51.440,5.007,48100
2020-11-11 09:30:51.440,5.007,9700
2020-11-11 09:30:51.440,5.007,2200
2020-11-11 09:30:51.440,5.007,8000
2020-11-11 09:30:51.440,5.007,200
2020-11-11 09:30:51.440,5.007,6500
2020-11-11 09:30:51.440,5.007,300
2020-11-11 09:30:51.440,5.007,1900
2020-11-11 09:30:51.440,5.007,100
2020-11-11 09:30:51.440,5.007,2900
2020-11-11 09:30:52.270,5.006,4000
2020-11-11 09:30:52.270,5.006,8000
2020-11-11 09:30:52.480,5.006,1000
2020-11-11 09:30:52.480,5.006,8000
2020-11-11 09:30:52.640,5.007,3300
2020-11-11 09:30:52.640,5.007,5000
2020-11-11 09:30:52.640,5.007,700
2020-11-11 09:30:52.640,5.007,1000
2020-11-11 09:30:52.670,5.007,10000
2020-11-11 09:30:52.670,5.007,10600
2020-11-11 09:30:52.670,5.007,100
2020-11-11 09:30:52.670,5.007,900
2020-11-11 09:30:52.670,5.007,20000
2020-11-11 09:30:52.670,5.007,8900
2020-11-11 09:30:52.670,5.007,7900
2020-11-11 09:30:52.670,5.007,700
2020-11-11 09:30:52.670,5.007,100
2020-11-11 09:30:52.670,5.007,2100
2020-11-11 09:30:52.670,5.007,5000
2020-11-11 09:30:52.670,5.007,13700
2020-11-11 09:30:52.820,5.007,5000
2020-11-11 09:30:53.030,5.007,1000
2020-11-11 09:30:53.030,5.007,800
2020-11-11 09:30:53.030,5.007,200
2020-11-11 09:30:53.240,5.006,1700
2020-11-11 09:30:53.300,5.006,300
2020-11-11 09:30:53.300,5.006,6800
2020-11-11 09:30:53.450,5.007,7900
2020-11-11 09:30:53.450,5.007,200
2020-11-11 09:30:53.450,5.007,10000
2020-11-11 09:30:55.840,5.008,300
2020-11-11 09:30:55.840,5.008,15900
2020-11-11 09:30:55.840,5.008,1000
2020-11-11 09:30:55.840,5.008,100
2020-11-11 09:30:55.840,5.008,1000
2020-11-11 09:30:55.840,5.008,200
2020-11-11 09:30:55.840,5.008,100
2020-11-11 09:30:55.840,5.008,300
2020-11-11 09:30:55.840,5.008,3400
2020-11-11 09:30:55.840,5.008,1000
2020-11-11 09:30:56.640,5.008,2400
2020-11-11 09:30:56.970,5.009,400
2020-11-11 09:30:57.360,5.009,4600
2020-11-11 09:30:57.860,5.009,2600
2020-11-11 09:30:58.430,5.01,26600
2020-11-11 09:30:58.430,5.01,6000
2020-11-11 09:30:58.430,5.01,27800
2020-11-11 09:30:58.430,5.01,4500
2020-11-11 09:30:58.430,5.011,700
2020-11-11 09:30:59.400,5.011,1000
2020-11-11 09:30:59.500,5.011,8600
2020-11-11 09:30:59.500,5.012,500
2020-11-11 09:30:59.500,5.012,49500
2020-11-11 09:30:59.560,5.012,500
2020-11-11 09:30:59.560,5.012,3900
2020-11-11 09:31:00.350,5.012,20000
2020-11-11 09:31:01.220,5.012,25600
2020-11-11 09:31:01.220,5.012,700
2020-11-11 09:31:01.220,5.012,700
2020-11-11 09:31:01.220,5.011,114900
2020-11-11 09:31:01.220,5.011,77200
2020-11-11 09:31:01.350,5.011,500
2020-11-11 09:31:01.410,5.013,100
2020-11-11 09:31:01.410,5.013,900
2020-11-11 09:31:02.110,5.011,1100
2020-11-11 09:31:03.120,5.011,500
2020-11-11 09:31:03.960,5.013,300
2020-11-11 09:31:04.410,5.013,8800
2020-11-11 09:31:04.410,5.014,700
2020-11-11 09:31:04.410,5.014,300
2020-11-11 09:31:04.410,5.014,10000
2020-11-11 09:31:04.410,5.014,2300
2020-11-11 09:31:05.020,5.014,100
2020-11-11 09:31:05.150,5.015,1100
2020-11-11 09:31:05.240,5.015,1100
2020-11-11 09:31:05.300,5.014,14300
2020-11-11 09:31:06.810,5.013,1000
2020-11-11 09:31:07.110,5.013,10000
2020-11-11 09:31:08.250,5.014,100
2020-11-11 09:31:08.250,5.015,35800
2020-11-11 09:31:08.250,5.015,27000
2020-11-11 09:31:08.250,5.015,3000
2020-11-11 09:31:08.250,5.015,5000
2020-11-11 09:31:08.730,5.015,12000
2020-11-11 09:31:09.460,5.015,5700
2020-11-11 09:31:09.700,5.015,4700
2020-11-11 09:31:10.080,5.016,5000
2020-11-11 09:31:10.080,5.016,5000
2020-11-11 09:31:10.240,5.016,2000
2020-11-11 09:31:10.330,5.016,600
2020-11-11 09:31:10.780,5.016,2400
2020-11-11 09:31:10.780,5.016,6900
2020-11-11 09:31:11.250,5.015,7200
2020-11-11 09:31:11.740,5.015,7200
2020-11-11 09:31:11.800,5.015,15000
2020-11-11 09:31:11.860,5.015,10000
2020-11-11 09:31:11.990,5.015,67300
2020-11-11 09:31:12.740,5.015,5000
2020-11-11 09:31:15.340,5.012,2000
2020-11-11 09:31:15.340,5.012,100
2020-11-11 09:31:15.340,5.012,200
2020-11-11 09:31:15.940,5.012,1000
2020-11-11 09:31:16.340,5.012,1900
2020-11-11 09:31:16.650,5.012,3000
2020-11-11 09:31:17.180,5.01,1000
2020-11-11 09:31:17.180,5.009,8000
2020-11-11 09:31:17.630,5.013,800
2020-11-11 09:31:18.300,5.013,20000
2020-11-11 09:31:19.430,5.013,19200
2020-11-11 09:31:20.400,5.014,10000
2020-11-11 09:31:20.770,5.015,10000
2020-11-11 09:31:21.010,5.015,60000
2020-11-11 09:31:21.010,5.015,10000
2020-11-11 09:31:21.010,5.015,800
2020-11-11 09:31:21.270,5.014,1000
2020-11-11 09:31:21.300,5.012,7700
2020-11-11 09:31:21.300,5.015,9200
2020-11-11 09:31:21.300,5.015,10000
2020-11-11 09:31:21.300,5.015,10000
2020-11-11 09:31:21.300,5.015,10000
2020-11-11 09:31:21.300,5.015,10000
2020-11-11 09:31:22.470,5.015,15100
2020-11-11 09:31:22.660,5.015,500
2020-11-11 09:31:23.350,5.016,3000
2020-11-11 09:31:23.810,5.015,50000
2020-11-11 09:31:24.190,5.016,7000
2020-11-11 09:31:24.190,5.016,2400
2020-11-11 09:31:24.190,5.016,3500
2020-11-11 09:31:24.550,5.016,100
2020-11-11 09:31:24.550,5.016,145300
2020-11-11 09:31:24.830,5.015,100
2020-11-11 09:31:25.390,5.015,100
2020-11-11 09:31:27.100,5.017,300
2020-11-11 09:31:27.200,5.016,100
2020-11-11 09:31:27.470,5.016,11600
2020-11-11 09:31:27.470,5.015,300
2020-11-11 09:31:27.470,5.015,200
2020-11-11 09:31:27.470,5.015,2000
2020-11-11 09:31:27.470,5.014,23500
2020-11-11 09:31:27.890,5.013,100
2020-11-11 09:31:29.130,5.013,100
2020-11-11 09:31:30.010,5.013,300000
2020-11-11 09:31:30.850,5.013,200
2020-11-11 09:31:31.190,5.013,20000
2020-11-11 09:31:32.160,5.013,1100
2020-11-11 09:31:32.550,5.013,200
2020-11-11 09:31:32.610,5.013,20000
2020-11-11 09:31:32.850,5.013,1000
2020-11-11 09:31:33.140,5.013,189700
2020-11-11 09:31:33.340,5.015,4000
2020-11-11 09:31:33.800,5.015,1000
2020-11-11 09:31:38.710,5.015,2000
2020-11-11 09:31:39.940,5.013,4900
2020-11-11 09:31:40.200,5.013,4000
2020-11-11 09:31:40.690,5.015,100
2020-11-11 09:31:41.450,5.013,300
2020-11-11 09:31:43.900,5.015,100
2020-11-11 09:31:44.620,5.014,19300
2020-11-11 09:31:44.690,5.013,500
2020-11-11 09:31:44.850,5.014,20000
2020-11-11 09:31:45.700,5.014,200
2020-11-11 09:31:46.170,5.013,52200
2020-11-11 09:31:46.930,5.014,48400
2020-11-11 09:31:47.520,5.014,15000
2020-11-11 09:31:47.870,5.013,200
2020-11-11 09:31:47.870,5.013,4500
2020-11-11 09:31:48.830,5.014,400
2020-11-11 09:31:49.770,5.014,196700
2020-11-11 09:31:50.540,5.014,3000
2020-11-11 09:31:51.740,5.015,10000
2020-11-11 09:31:51.740,5.015,12700
2020-11-11 09:31:51.740,5.015,6200
2020-11-11 09:31:52.400,5.015,10000
2020-11-11 09:31:53.890,5.015,200
2020-11-11 09:31:53.960,5.016,4700
2020-11-11 09:31:53.960,5.016,30000
2020-11-11 09:31:53.960,5.016,12700
2020-11-11 09:31:56.810,5.016,25000
2020-11-11 09:31:58.000,5.016,100
2020-11-11 09:31:59.950,5.016,100
2020-11-11 09:32:04.770,5.016,15900
2020-11-11 09:32:04.900,5.016,200
2020-11-11 09:32:05.810,5.017,700
2020-11-11 09:32:05.810,5.017,500
2020-11-11 09:32:05.810,5.017,700
2020-11-11 09:32:05.810,5.017,10000
2020-11-11 09:32:05.810,5.017,1000
2020-11-11 09:32:05.810,5.017,2500
2020-11-11 09:32:05.810,5.017,10000
2020-11-11 09:32:05.810,5.017,10000
2020-11-11 09:32:05.810,5.017,14800
2020-11-11 09:32:05.990,5.016,5000
2020-11-11 09:32:06.640,5.017,10000
2020-11-11 09:32:07.840,5.017,3300
2020-11-11 09:32:07.840,5.017,1000
2020-11-11 09:32:08.180,5.016,6600
2020-11-11 09:32:08.180,5.016,5000
2020-11-11 09:32:08.390,5.016,5000
2020-11-11 09:32:08.850,5.016,700
2020-11-11 09:32:08.940,5.016,2000
2020-11-11 09:32:11.060,5.016,1000
2020-11-11 09:32:11.980,5.015,16600
2020-11-11 09:32:11.980,5.015,4000
2020-11-11 09:32:11.980,5.015,10000
2020-11-11 09:32:11.980,5.015,10000
2020-11-11 09:32:11.980,5.015,100
2020-11-11 09:32:11.980,5.015,200
2020-11-11 09:32:11.980,5.014,100
2020-11-11 09:32:11.980,5.014,1000
2020-11-11 09:32:11.980,5.014,10000
2020-11-11 09:32:11.980,5.014,1000
2020-11-11 09:32:11.980,5.014,46800
2020-11-11 09:32:12.040,5.016,6600
2020-11-11 09:32:12.130,5.016,10000
2020-11-11 09:32:12.390,5.016,200
2020-11-11 09:32:13.010,5.016,62900
2020-11-11 09:32:13.010,5.016,10000
2020-11-11 09:32:13.010,5.016,3500
2020-11-11 09:32:13.010,5.016,200
2020-11-11 09:32:15.360,5.017,1000
2020-11-11 09:32:15.800,5.017,100
2020-11-11 09:32:16.290,5.016,100
2020-11-11 09:32:18.450,5.017,4000
2020-11-11 09:32:20.000,5.016,223300
2020-11-11 09:32:20.000,5.016,20000
2020-11-11 09:32:20.000,5.016,100
2020-11-11 09:32:20.000,5.016,14000
2020-11-11 09:32:20.000,5.015,500
2020-11-11 09:32:21.790,5.014,500
2020-11-11 09:32:22.740,5.014,8900
2020-11-11 09:32:22.770,5.014,32700
2020-11-11 09:32:24.270,5.016,1900
2020-11-11 09:32:25.340,5.016,4100
2020-11-11 09:32:25.340,5.016,100
2020-11-11 09:32:25.340,5.016,1100
2020-11-11 09:32:26.860,5.016,2900
2020-11-11 09:32:26.860,5.016,2000
2020-11-11 09:32:26.860,5.016,9700
2020-11-11 09:32:26.860,5.016,29900
2020-11-11 09:32:27.050,5.016,222800
2020-11-11 09:32:27.600,5.016,23600
2020-11-11 09:32:29.850,5.016,3000
2020-11-11 09:32:30.160,5.016,600
2020-11-11 09:32:30.160,5.016,3300
2020-11-11 09:32:32.410,5.016,30000
2020-11-11 09:32:34.030,5.016,200
2020-11-11 09:32:34.310,5.015,100
2020-11-11 09:32:35.030,5.015,600
2020-11-11 09:32:35.430,5.016,300
2020-11-11 09:32:35.690,5.016,900
2020-11-11 09:32:35.690,5.016,900
2020-11-11 09:32:36.980,5.016,49100
2020-11-11 09:32:36.980,5.016,400
2020-11-11 09:32:36.980,5.016,800
2020-11-11 09:32:36.980,5.016,2000
2020-11-11 09:32:37.340,5.016,100
2020-11-11 09:32:37.850,5.016,100
2020-11-11 09:32:39.920,5.016,400
2020-11-11 09:32:41.440,5.016,5500
2020-11-11 09:32:44.020,5.017,900
2020-11-11 09:32:44.080,5.016,11000
2020-11-11 09:32:44.380,5.016,6300
2020-11-11 09:32:44.500,5.017,3500
2020-11-11 09:32:44.500,5.017,6100
2020-11-11 09:32:44.500,5.017,3000
2020-11-11 09:32:44.500,5.017,6200
2020-11-11 09:32:44.500,5.017,500
2020-11-11 09:32:44.500,5.017,3000
2020-11-11 09:32:44.500,5.017,3000
2020-11-11 09:32:44.500,5.017,6200
2020-11-11 09:32:45.210,5.018,10000
2020-11-11 09:32:45.210,5.018,1400
2020-11-11 09:32:45.210,5.018,1000
2020-11-11 09:32:45.210,5.018,5000
2020-11-11 09:32:45.210,5.018,100
2020-11-11 09:32:45.210,5.018,2300
2020-11-11 09:32:45.210,5.018,100
2020-11-11 09:32:45.210,5.018,200
2020-11-11 09:32:45.210,5.018,5000
2020-11-11 09:32:45.210,5.018,5000
2020-11-11 09:32:45.210,5.018,5000
2020-11-11 09:32:45.210,5.019,7000
2020-11-11 09:32:45.210,5.019,10000
2020-11-11 09:32:45.210,5.019,5000
2020-11-11 09:32:45.210,5.019,20700
2020-11-11 09:32:45.210,5.019,8000
2020-11-11 09:32:45.210,5.019,3000
2020-11-11 09:32:45.210,5.019,100
2020-11-11 09:32:45.210,5.019,26000
2020-11-11 09:32:47.650,5.018,100
2020-11-11 09:32:47.650,5.018,2700
2020-11-11 09:32:47.650,5.017,7200
2020-11-11 09:32:50.120,5.017,1900
2020-11-11 09:32:50.120,5.017,1600
2020-11-11 09:32:50.890,5.016,2000
2020-11-11 09:32:50.890,5.016,600
2020-11-11 09:32:50.890,5.016,7400
2020-11-11 09:32:51.040,5.017,100
2020-11-11 09:32:51.610,5.017,5000
2020-11-11 09:32:51.640,5.017,21400
2020-11-11 09:32:51.640,5.018,198800
2020-11-11 09:32:51.640,5.018,4100
2020-11-11 09:32:51.670,5.018,15000
2020-11-11 09:32:51.950,5.016,1300
2020-11-11 09:32:52.290,5.016,2000
2020-11-11 09:32:52.340,5.016,2200
2020-11-11 09:32:52.960,5.018,100
2020-11-11 09:32:53.330,5.018,200
2020-11-11 09:32:53.810,5.017,200
2020-11-11 09:32:53.810,5.016,4800
2020-11-11 09:32:55.370,5.016,23300
2020-11-11 09:32:55.370,5.016,200
2020-11-11 09:32:55.370,5.016,400
2020-11-11 09:32:55.370,5.016,10000
2020-11-11 09:32:55.370,5.016,1000
2020-11-11 09:32:55.370,5.016,1100
2020-11-11 09:32:55.370,5.016,10000
2020-11-11 09:32:55.370,5.015,100
2020-11-11 09:32:55.370,5.015,500
2020-11-11 09:32:55.370,5.015,2000
2020-11-11 09:32:55.370,5.015,1000
2020-11-11 09:32:55.370,5.015,500
2020-11-11 09:32:55.370,5.015,6000
2020-11-11 09:32:55.370,5.015,500
2020-11-11 09:32:58.420,5.015,243400
2020-11-11 09:32:58.420,5.015,5000
2020-11-11 09:32:58.670,5.016,300
2020-11-11 09:32:58.670,5.017,300
2020-11-11 09:32:58.920,5.017,40800
2020-11-11 09:32:59.370,5.015,37900
2020-11-11 09:33:02.400,5.017,6200
2020-11-11 09:33:04.230,5.017,13700
2020-11-11 09:33:05.470,5.017,600
2020-11-11 09:33:05.880,5.017,1000
2020-11-11 09:33:07.130,5.017,28500
2020-11-11 09:33:07.130,5.017,2000
2020-11-11 09:33:08.070,5.017,200
2020-11-11 09:33:08.100,5.017,1000
2020-11-11 09:33:08.470,5.017,100
2020-11-11 09:33:08.610,5.017,100
2020-11-11 09:33:09.530,5.017,2500
2020-11-11 09:33:10.900,5.018,130600
2020-11-11 09:33:10.900,5.018,100
2020-11-11 09:33:10.900,5.018,87900
2020-11-11 09:33:10.990,5.018,162100
2020-11-11 09:33:10.990,5.018,3000
2020-11-11 09:33:10.990,5.018,12500
2020-11-11 09:33:10.990,5.018,3300
2020-11-11 09:33:11.270,5.018,20300
2020-11-11 09:33:11.790,5.018,64400
2020-11-11 09:33:11.790,5.017,400
2020-11-11 09:33:11.790,5.017,10000
2020-11-11 09:33:11.790,5.017,13300
2020-11-11 09:33:11.790,5.015,1600
2020-11-11 09:33:11.790,5.015,5000
2020-11-11 09:33:11.790,5.015,5400
2020-11-11 09:33:11.790,5.015,2000
2020-11-11 09:33:11.790,5.015,162900
2020-11-11 09:33:12.250,5.015,6300
2020-11-11 09:33:13.210,5.015,700
2020-11-11 09:33:15.540,5.018,100
2020-11-11 09:33:16.460,5.017,100
2020-11-11 09:33:17.010,5.017,1000
2020-11-11 09:33:17.940,5.017,500
2020-11-11 09:33:20.870,5.017,100
2020-11-11 09:33:21.160,5.017,3300
2020-11-11 09:33:21.160,5.017,2500
2020-11-11 09:33:21.160,5.018,4500
2020-11-11 09:33:23.130,5.016,100
2020-11-11 09:33:24.150,5.016,25000
2020-11-11 09:33:24.240,5.017,500
2020-11-11 09:33:24.330,5.017,1000
2020-11-11 09:33:26.510,5.017,200
2020-11-11 09:33:27.700,5.016,79500
2020-11-11 09:33:29.340,5.016,100
2020-11-11 09:33:30.650,5.016,2000
2020-11-11 09:33:30.960,5.015,100
2020-11-11 09:33:30.960,5.015,3000
2020-11-11 09:33:30.960,5.015,1500
2020-11-11 09:33:31.390,5.016,18400
2020-11-11 09:33:31.390,5.016,100
2020-11-11 09:33:31.390,5.016,1000
2020-11-11 09:33:33.270,5.017,100
2020-11-11 09:33:34.740,5.017,20000
2020-11-11 09:33:35.190,5.016,10000
2020-11-11 09:33:35.490,5.016,30900
2020-11-11 09:33:35.860,5.016,239600
2020-11-11 09:33:35.860,5.015,8500
2020-11-11 09:33:35.860,5.015,2000
2020-11-11 09:33:35.860,5.015,20000
2020-11-11 09:33:35.860,5.015,1000
2020-11-11 09:33:35.860,5.015,200
2020-11-11 09:33:35.860,5.015,5000
2020-11-11 09:33:36.570,5.015,100
2020-11-11 09:33:36.720,5.015,200
2020-11-11 09:33:37.300,5.015,20000
2020-11-11 09:33:37.720,5.015,1000
2020-11-11 09:33:40.250,5.015,2400
2020-11-11 09:33:41.210,5.016,4000
2020-11-11 09:33:41.730,5.016,10000
2020-11-11 09:33:42.160,5.016,9700
2020-11-11 09:33:42.160,5.016,500
2020-11-11 09:33:42.360,5.016,1600
2020-11-11 09:33:42.360,5.016,5500
2020-11-11 09:33:43.360,5.015,7000
2020-11-11 09:33:43.360,5.017,27000
2020-11-11 09:33:43.360,5.017,800
2020-11-11 09:33:43.360,5.017,2500
2020-11-11 09:33:43.360,5.017,3000
2020-11-11 09:33:44.860,5.017,106700
2020-11-11 09:33:45.050,5.017,10000
2020-11-11 09:33:45.490,5.017,10000
2020-11-11 09:33:45.780,5.018,10000
2020-11-11 09:33:46.080,5.017,8200
2020-11-11 09:33:48.350,5.017,5000
2020-11-11 09:33:48.530,5.018,10000
2020-11-11 09:33:48.530,5.018,4000
2020-11-11 09:33:49.370,5.019,24000
2020-11-11 09:33:49.370,5.019,50000
2020-11-11 09:33:49.370,5.019,46000
2020-11-11 09:33:49.370,5.019,6100
2020-11-11 09:33:49.370,5.019,700
2020-11-11 09:33:49.710,5.018,21000
2020-11-11 09:33:50.410,5.018,100
2020-11-11 09:33:51.490,5.018,300
2020-11-11 09:33:52.790,5.018,15600
2020-11-11 09:33:54.820,5.018,100
2020-11-11 09:33:54.820,5.018,1000
2020-11-11 09:33:54.820,5.018,9900
2020-11-11 09:33:55.090,5.018,1400
2020-11-11 09:33:55.300,5.018,86600
2020-11-11 09:33:55.300,5.018,4200
2020-11-11 09:33:56.490,5.018,3500
2020-11-11 09:33:58.340,5.018,91500
2020-11-11 09:33:59.500,5.018,10600
2020-11-11 09:33:59.910,5.017,4100
2020-11-11 09:34:00.990,5.016,1500
2020-11-11 09:34:00.990,5.016,74500
2020-11-11 09:34:01.960,5.016,9900
2020-11-11 09:34:02.040,5.016,15600
2020-11-11 09:34:02.880,5.016,36200
2020-11-11 09:34:03.740,5.016,2000
2020-11-11 09:34:03.940,5.015,500
2020-11-11 09:34:03.940,5.015,500
2020-11-11 09:34:03.940,5.015,2000
2020-11-11 09:34:03.940,5.015,5000
2020-11-11 09:34:06.930,5.014,40000
2020-11-11 09:34:08.730,5.015,100
2020-11-11 09:34:09.700,5.014,1600
2020-11-11 09:34:10.350,5.014,8000
2020-11-11 09:34:10.730,5.014,2500
2020-11-11 09:34:11.980,5.015,400
2020-11-11 09:34:12.130,5.014,100
2020-11-11 09:34:12.760,5.015,100
2020-11-11 09:34:12.920,5.015,300000
2020-11-11 09:34:13.070,5.015,100
2020-11-11 09:34:13.190,5.014,1000
2020-11-11 09:34:13.220,5.014,6200
2020-11-11 09:34:13.300,5.014,22400
2020-11-11 09:34:13.300,5.014,2000
2020-11-11 09:34:13.300,5.014,2000
2020-11-11 09:34:13.300,5.014,100
2020-11-11 09:34:13.300,5.014,100
2020-11-11 09:34:13.300,5.014,500
2020-11-11 09:34:13.300,5.013,25500
2020-11-11 09:34:13.300,5.013,1000
2020-11-11 09:34:13.300,5.013,100
2020-11-11 09:34:13.300,5.013,300
2020-11-11 09:34:13.300,5.013,1000
2020-11-11 09:34:13.300,5.013,10100
2020-11-11 09:34:13.300,5.013,9000
2020-11-11 09:34:13.300,5.013,500
2020-11-11 09:34:15.190,5.013,70000
2020-11-11 09:34:15.280,5.013,300000
2020-11-11 09:34:15.970,5.013,100
2020-11-11 09:34:17.930,5.013,40000
2020-11-11 09:34:18.320,5.013,8900
2020-11-11 09:34:18.320,5.013,1600
2020-11-11 09:34:18.320,5.013,5000
2020-11-11 09:34:19.510,5.014,3500
2020-11-11 09:34:19.670,5.014,100
2020-11-11 09:34:21.110,5.013,1400
2020-11-11 09:34:23.160,5.014,100
2020-11-11 09:34:23.440,5.013,1000
2020-11-11 09:34:24.710,5.013,32100
2020-11-11 09:34:24.710,5.013,21800
2020-11-11 09:34:24.710,5.013,3300
2020-11-11 09:34:24.710,5.013,1000
2020-11-11 09:34:25.820,5.013,100
2020-11-11 09:34:26.210,5.013,2000
2020-11-11 09:34:26.510,5.012,200
2020-11-11 09:34:26.600,5.013,3300
2020-11-11 09:34:26.870,5.012,1800
2020-11-11 09:34:26.870,5.012,300
2020-11-11 09:34:26.870,5.012,3400
2020-11-11 09:34:26.870,5.012,400
2020-11-11 09:34:26.870,5.012,5000
2020-11-11 09:34:26.870,5.012,500
2020-11-11 09:34:26.870,5.012,4000
2020-11-11 09:34:26.870,5.012,30000
2020-11-11 09:34:26.870,5.012,500
2020-11-11 09:34:26.870,5.012,3000
2020-11-11 09:34:26.870,5.012,1000
2020-11-11 09:34:28.230,5.012,1500
2020-11-11 09:34:28.780,5.012,300000
2020-11-11 09:34:31.180,5.012,800
2020-11-11 09:34:31.330,5.011,5000
2020-11-11 09:34:31.330,5.011,500
2020-11-11 09:34:31.330,5.011,1000
2020-11-11 09:34:31.330,5.011,5000
2020-11-11 09:34:31.330,5.011,6200
2020-11-11 09:34:31.330,5.011,10100
2020-11-11 09:34:31.330,5.011,25000
2020-11-11 09:34:32.170,5.011,100
2020-11-11 09:34:32.340,5.011,10000
2020-11-11 09:34:32.590,5.01,4200
2020-11-11 09:34:32.590,5.01,2000
2020-11-11 09:34:32.590,5.01,100
2020-11-11 09:34:32.590,5.01,1000
2020-11-11 09:34:32.590,5.01,2000
2020-11-11 09:34:32.590,5.01,200
2020-11-11 09:34:32.590,5.01,500
2020-11-11 09:34:32.590,5.01,100
2020-11-11 09:34:32.590,5.01,1000
2020-11-11 09:34:32.590,5.01,2000
2020-11-11 09:34:32.590,5.01,3000
2020-11-11 09:34:32.590,5.01,100
2020-11-11 09:34:32.590,5.01,500
2020-11-11 09:34:32.590,5.009,7900
2020-11-11 09:34:32.590,5.009,1000
2020-11-11 09:34:33.490,5.009,2000
2020-11-11 09:34:33.780,5.009,172400
2020-11-11 09:34:34.050,5.012,5800
2020-11-11 09:34:34.050,5.012,198300
2020-11-11 09:34:34.050,5.012,4800
2020-11-11 09:34:34.050,5.012,30000
2020-11-11 09:34:34.050,5.012,10000
2020-11-11 09:34:34.050,5.012,51100
2020-11-11 09:34:34.570,5.013,36400
2020-11-11 09:34:34.570,5.013,12900
2020-11-11 09:34:34.570,5.013,20700
2020-11-11 09:34:36.790,5.011,200
2020-11-11 09:34:37.220,5.011,6500
2020-11-11 09:34:39.300,5.011,20000
2020-11-11 09:34:39.340,5.012,2000
2020-11-11 09:34:39.340,5.012,19000
2020-11-11 09:34:39.340,5.012,5000
2020-11-11 09:34:39.340,5.012,5000
2020-11-11 09:34:39.740,5.012,200
2020-11-11 09:34:40.910,5.011,3300
2020-11-11 09:34:40.910,5.011,600
2020-11-11 09:34:41.640,5.013,300
2020-11-11 09:34:43.290,5.013,700
2020-11-11 09:34:43.290,5.013,1000
2020-11-11 09:34:44.650,5.013,10000
2020-11-11 09:34:45.280,5.013,4700
2020-11-11 09:34:47.810,5.013,11900
2020-11-11 09:34:49.880,5.013,1000
2020-11-11 09:34:51.080,5.013,1200
2020-11-11 09:34:51.130,5.014,6300
2020-11-11 09:34:51.130,5.014,500
2020-11-11 09:34:51.130,5.014,6700
2020-11-11 09:34:51.130,5.014,400
2020-11-11 09:34:51.130,5.014,3100
2020-11-11 09:34:51.130,5.014,6900
2020-11-11 09:34:51.270,5.014,3800
2020-11-11 09:34:51.480,5.014,20000
2020-11-11 09:34:51.630,5.014,500
2020-11-11 09:34:51.910,5.014,8600
2020-11-11 09:34:51.970,5.014,20400
2020-11-11 09:34:52.400,5.015,500
2020-11-11 09:34:52.400,5.015,7200
2020-11-11 09:34:52.400,5.015,200
2020-11-11 09:34:52.400,5.015,2000
2020-11-11 09:34:52.400,5.015,261300
2020-11-11 09:34:53.020,5.014,22800
2020-11-11 09:34:53.020,5.014,5500
2020-11-11 09:34:56.620,5.012,200
2020-11-11 09:34:58.810,5.013,500
2020-11-11 09:34:59.160,5.013,500
2020-11-11 09:34:59.240,5.013,7200
2020-11-11 09:34:59.240,5.013,4100
2020-11-11 09:34:59.240,5.013,10000
2020-11-11 09:34:59.240,5.013,4000
2020-11-11 09:34:59.240,5.013,74700
2020-11-11 09:34:59.630,5.013,10000
2020-11-11 09:34:59.690,5.012,800
2020-11-11 09:34:59.690,5.012,700
2020-11-11 09:34:59.860,5.012,1300
2020-11-11 09:34:59.860,5.012,3700
2020-11-11 09:35:01.140,5.012,1300
2020-11-11 09:35:01.140,5.012,11700
2020-11-11 09:35:03.880,5.012,7200
2020-11-11 09:35:04.090,5.013,3400
2020-11-11 09:35:04.090,5.013,200
2020-11-11 09:35:04.090,5.014,400
2020-11-11 09:35:04.690,5.014,200
2020-11-11 09:35:05.770,5.013,400
2020-11-11 09:35:05.770,5.012,2600
2020-11-11 09:35:06.920,5.013,200
2020-11-11 09:35:07.420,5.012,600
2020-11-11 09:35:08.370,5.013,2000
2020-11-11 09:35:09.330,5.013,500
2020-11-11 09:35:09.730,5.013,1000
2020-11-11 09:35:10.550,5.012,19700
2020-11-11 09:35:10.550,5.012,500
2020-11-11 09:35:10.550,5.012,100
2020-11-11 09:35:11.760,5.012,279700
2020-11-11 09:35:11.760,5.012,112300
2020-11-11 09:35:12.330,5.012,187700
2020-11-11 09:35:12.330,5.013,4700
2020-11-11 09:35:12.330,5.013,4500
2020-11-11 09:35:12.330,5.013,103100
2020-11-11 09:35:12.900,5.011,4000
2020-11-11 09:35:13.070,5.012,8500
2020-11-11 09:35:14.370,5.012,2000
2020-11-11 09:35:14.490,5.012,300
2020-11-11 09:35:16.910,5.012,14000
2020-11-11 09:35:18.430,5.013,100
2020-11-11 09:35:19.440,5.012,3000
2020-11-11 09:35:20.650,5.013,3200
2020-11-11 09:35:20.650,5.013,100
2020-11-11 09:35:20.650,5.013,13000
2020-11-11 09:35:20.650,5.013,2000
2020-11-11 09:35:20.650,5.013,1700
2020-11-11 09:35:20.650,5.013,5400
2020-11-11 09:35:21.050,5.013,27500
2020-11-11 09:35:21.720,5.013,300
2020-11-11 09:35:22.150,5.013,100
2020-11-11 09:35:22.240,5.013,3000
2020-11-11 09:35:22.730,5.013,5800
2020-11-11 09:35:22.840,5.013,10000
2020-11-11 09:35:23.230,5.013,6000
2020-11-11 09:35:23.360,5.013,3000
2020-11-11 09:35:25.620,5.014,2900
2020-11-11 09:35:25.710,5.013,10000
2020-11-11 09:35:27.170,5.013,150000
2020-11-11 09:35:28.480,5.013,200
2020-11-11 09:35:31.090,5.013,6800
2020-11-11 09:35:31.230,5.014,5000
2020-11-11 09:35:32.590,5.013,1000
2020-11-11 09:35:33.220,5.013,20000
2020-11-11 09:35:33.620,5.013,100
2020-11-11 09:35:33.840,5.013,1000
2020-11-11 09:35:34.630,5.014,91500
2020-11-11 09:35:34.630,5.014,11900
2020-11-11 09:35:34.630,5.014,8100
2020-11-11 09:35:34.630,5.014,10000
2020-11-11 09:35:34.630,5.014,7000
2020-11-11 09:35:34.630,5.014,300
2020-11-11 09:35:34.630,5.014,6000
2020-11-11 09:35:34.630,5.014,2000
2020-11-11 09:35:37.110,5.014,7100
2020-11-11 09:35:37.290,5.015,29800
2020-11-11 09:35:37.480,5.014,200
2020-11-11 09:35:38.570,5.014,2700
2020-11-11 09:35:38.570,5.014,3300
2020-11-11 09:35:39.020,5.014,100
2020-11-11 09:35:39.050,5.014,700
2020-11-11 09:35:40.210,5.015,100
2020-11-11 09:35:40.350,5.015,20100
2020-11-11 09:35:40.350,5.015,99700
2020-11-11 09:35:40.350,5.015,4500
2020-11-11 09:35:40.350,5.015,100
2020-11-11 09:35:40.350,5.015,1000
2020-11-11 09:35:41.610,5.015,16000
2020-11-11 09:35:43.100,5.015,1000
2020-11-11 09:35:43.710,5.015,700
2020-11-11 09:35:44.550,5.015,3000
2020-11-11 09:35:44.930,5.016,10000
2020-11-11 09:35:44.930,5.016,140000
2020-11-11 09:35:47.600,5.016,100
2020-11-11 09:35:48.180,5.016,59900
2020-11-11 09:35:48.180,5.016,5700
2020-11-11 09:35:48.550,5.016,16000
2020-11-11 09:35:48.640,5.016,1000
2020-11-11 09:35:49.080,5.016,27600
2020-11-11 09:35:49.080,5.016,1000
2020-11-11 09:35:49.080,5.015,8700
2020-11-11 09:35:49.080,5.015,100
2020-11-11 09:35:50.240,5.015,100000
2020-11-11 09:35:50.270,5.015,18300
2020-11-11 09:35:50.270,5.015,101500
2020-11-11 09:35:50.270,5.015,204300
2020-11-11 09:35:51.090,5.016,1000
2020-11-11 09:35:51.780,5.017,3900
2020-11-11 09:35:51.780,5.017,50000
2020-11-11 09:35:51.780,5.017,5600
2020-11-11 09:35:51.780,5.017,200
2020-11-11 09:35:51.780,5.017,100
2020-11-11 09:35:51.780,5.017,240200
2020-11-11 09:35:51.810,5.016,2000
2020-11-11 09:35:52.610,5.017,2000
2020-11-11 09:35:53.570,5.016,1000
2020-11-11 09:35:54.500,5.017,57800
2020-11-11 09:35:54.500,5.017,242200
2020-11-11 09:35:54.720,5.016,1700
2020-11-11 09:35:55.050,5.016,1000
2020-11-11 09:35:57.000,5.017,20000
2020-11-11 09:35:57.490,5.016,1200
2020-11-11 09:35:57.830,5.017,5000
2020-11-11 09:35:58.450,5.016,12200
2020-11-11 09:35:59.280,5.016,100
2020-11-11 09:35:59.340,5.017,32800
2020-11-11 09:36:03.700,5.017,400
2020-11-11 09:36:03.700,5.017,200
2020-11-11 09:36:03.700,5.017,5400
2020-11-11 09:36:04.330,5.018,157900
2020-11-11 09:36:05.290,5.018,45700
2020-11-11 09:36:05.290,5.018,400
2020-11-11 09:36:05.290,5.018,100
2020-11-11 09:36:05.290,5.018,100000
2020-11-11 09:36:05.290,5.018,400
2020-11-11 09:36:05.290,5.018,153400
2020-11-11 09:36:05.650,5.017,200
2020-11-11 09:36:05.820,5.018,2000
2020-11-11 09:36:06.370,5.017,4400
2020-11-11 09:36:06.370,5.017,4900
2020-11-11 09:36:07.180,5.017,150000
2020-11-11 09:36:08.310,5.018,100
2020-11-11 09:36:08.310,5.018,5000
2020-11-11 09:36:10.540,5.018,300
2020-11-11 09:36:11.020,5.018,2700
2020-11-11 09:36:11.020,5.018,100
2020-11-11 09:36:11.020,5.018,137000
2020-11-11 09:36:13.150,5.018,3000
2020-11-11 09:36:13.730,5.018,47000
2020-11-11 09:36:13.730,5.018,73000
2020-11-11 09:36:14.560,5.019,7000
2020-11-11 09:36:14.860,5.019,2300
2020-11-11 09:36:14.860,5.019,4700
2020-11-11 09:36:14.860,5.019,100
2020-11-11 09:36:14.860,5.019,200
2020-11-11 09:36:14.860,5.019,400
2020-11-11 09:36:14.860,5.019,20000
2020-11-11 09:36:14.860,5.019,200000
2020-11-11 09:36:16.990,5.018,50000
2020-11-11 09:36:16.990,5.018,30000
2020-11-11 09:36:16.990,5.017,300
2020-11-11 09:36:16.990,5.017,51000
2020-11-11 09:36:17.750,5.019,500
2020-11-11 09:36:17.750,5.017,2000
2020-11-11 09:36:18.970,5.019,100
2020-11-11 09:36:22.050,5.019,10000
2020-11-11 09:36:23.360,5.019,11400
2020-11-11 09:36:23.360,5.019,288600
2020-11-11 09:36:23.770,5.02,100
2020-11-11 09:36:23.920,5.02,200
2020-11-11 09:36:25.240,5.019,50000
2020-11-11 09:36:26.380,5.019,4000
2020-11-11 09:36:26.460,5.02,100
2020-11-11 09:36:26.460,5.02,1900
2020-11-11 09:36:26.880,5.02,2200
2020-11-11 09:36:26.880,5.02,1300
2020-11-11 09:36:26.880,5.02,2000
2020-11-11 09:36:26.880,5.02,9700
2020-11-11 09:36:26.880,5.02,700
2020-11-11 09:36:26.880,5.02,10000
2020-11-11 09:36:26.880,5.02,700
2020-11-11 09:36:26.880,5.02,500
2020-11-11 09:36:26.880,5.02,5000
2020-11-11 09:36:26.880,5.02,15000
2020-11-11 09:36:26.880,5.02,2500
2020-11-11 09:36:26.880,5.02,1000
2020-11-11 09:36:26.880,5.02,28300
2020-11-11 09:36:26.880,5.02,10500
2020-11-11 09:36:26.880,5.02,1300
2020-11-11 09:36:28.540,5.019,16400
2020-11-11 09:36:28.540,5.019,3000
2020-11-11 09:36:28.540,5.019,100
2020-11-11 09:36:28.620,5.018,2000
2020-11-11 09:36:28.820,5.019,16000
2020-11-11 09:36:29.510,5.019,800
2020-11-11 09:36:30.470,5.02,4200
2020-11-11 09:36:30.470,5.02,3000
2020-11-11 09:36:30.470,5.02,2000
2020-11-11 09:36:30.470,5.02,10000
2020-11-11 09:36:30.470,5.02,500
2020-11-11 09:36:30.850,5.019,2600
2020-11-11 09:36:31.000,5.02,100
2020-11-11 09:36:33.530,5.019,600
2020-11-11 09:36:33.530,5.019,1000
2020-11-11 09:36:33.650,5.019,3500
2020-11-11 09:36:35.290,5.019,5500
2020-11-11 09:36:35.290,5.019,3000
2020-11-11 09:36:35.310,5.018,100
2020-11-11 09:36:35.610,5.019,800
2020-11-11 09:36:36.960,5.019,20000
2020-11-11 09:36:37.690,5.019,2000
2020-11-11 09:36:39.060,5.019,500
2020-11-11 09:36:39.390,5.019,100
2020-11-11 09:36:40.990,5.018,7900
2020-11-11 09:36:40.990,5.018,500
2020-11-11 09:36:40.990,5.018,60000
2020-11-11 09:36:40.990,5.018,100000
2020-11-11 09:36:40.990,5.018,4000
2020-11-11 09:36:44.860,5.018,4800
2020-11-11 09:36:45.900,5.017,2000
2020-11-11 09:36:45.900,5.017,5000
2020-11-11 09:36:45.900,5.017,3000
2020-11-11 09:36:47.770,5.018,9000
2020-11-11 09:36:48.710,5.017,100
2020-11-11 09:36:49.570,5.017,900
2020-11-11 09:36:49.570,5.017,9000
2020-11-11 09:36:49.570,5.017,100
2020-11-11 09:36:49.570,5.017,3500
2020-11-11 09:36:49.600,5.018,500
2020-11-11 09:36:49.940,5.018,600
2020-11-11 09:36:50.130,5.018,200
2020-11-11 09:36:52.130,5.018,200
2020-11-11 09:36:52.470,5.017,600
2020-11-11 09:36:52.930,5.018,6700
2020-11-11 09:36:53.450,5.017,5000
2020-11-11 09:36:53.510,5.017,1600
2020-11-11 09:36:53.710,5.017,6000
2020-11-11 09:36:53.740,5.018,105600
2020-11-11 09:36:53.740,5.018,44400
2020-11-11 09:36:54.270,5.018,255600
2020-11-11 09:36:54.270,5.018,18900
2020-11-11 09:36:54.270,5.018,200
2020-11-11 09:36:54.270,5.018,8400
2020-11-11 09:36:54.270,5.018,3600
2020-11-11 09:36:54.270,5.018,13300
2020-11-11 09:36:54.480,5.018,16700
2020-11-11 09:36:54.480,5.018,500
2020-11-11 09:36:54.480,5.018,500
2020-11-11 09:36:54.480,5.018,12300
2020-11-11 09:36:54.830,5.017,3000
2020-11-11 09:36:54.860,5.017,1000
2020-11-11 09:36:54.860,5.018,113500
2020-11-11 09:36:54.860,5.018,4000
2020-11-11 09:36:54.860,5.018,5000
2020-11-11 09:36:54.860,5.018,3000
2020-11-11 09:36:55.080,5.018,200
2020-11-11 09:36:55.710,5.019,3000
2020-11-11 09:36:56.760,5.019,265100
2020-11-11 09:36:56.760,5.019,1000
2020-11-11 09:36:56.760,5.019,100
2020-11-11 09:36:56.760,5.019,10000
2020-11-11 09:36:56.760,5.019,172600
2020-11-11 09:36:57.480,5.019,1000
2020-11-11 09:36:57.480,5.018,100
2020-11-11 09:36:57.570,5.018,900
2020-11-11 09:36:58.090,5.019,300000
2020-11-11 09:36:58.330,5.019,324400
2020-11-11 09:36:58.330,5.019,2300
2020-11-11 09:36:58.330,5.019,5800
2020-11-11 09:36:58.330,5.019,500
2020-11-11 09:36:58.330,5.019,800
2020-11-11 09:36:58.330,5.019,5000
2020-11-11 09:36:58.330,5.019,500
2020-11-11 09:36:58.350,5.02,99600
2020-11-11 09:36:58.350,5.02,200
2020-11-11 09:36:58.350,5.02,1000
2020-11-11 09:36:58.350,5.02,100
2020-11-11 09:36:58.350,5.02,1000
2020-11-11 09:36:58.350,5.02,1000
2020-11-11 09:36:58.350,5.02,3000
2020-11-11 09:36:58.350,5.02,50000
2020-11-11 09:36:58.350,5.02,6400
2020-11-11 09:36:58.350,5.02,11200
2020-11-11 09:36:58.350,5.02,3000
2020-11-11 09:36:58.350,5.02,9900
2020-11-11 09:36:58.350,5.02,5300
2020-11-11 09:36:58.350,5.02,108300
2020-11-11 09:36:59.350,5.02,91700
2020-11-11 09:36:59.350,5.02,1000
2020-11-11 09:36:59.350,5.02,5400
2020-11-11 09:36:59.350,5.02,6000
2020-11-11 09:36:59.350,5.02,60000
2020-11-11 09:37:01.510,5.018,1000
2020-11-11 09:37:01.620,5.021,100
2020-11-11 09:37:01.620,5.021,600
2020-11-11 09:37:01.620,5.021,100
2020-11-11 09:37:01.620,5.021,200
2020-11-11 09:37:01.620,5.021,1500
2020-11-11 09:37:01.620,5.021,100
2020-11-11 09:37:01.620,5.021,300
2020-11-11 09:37:01.860,5.018,50000
2020-11-11 09:37:02.730,5.02,2000
2020-11-11 09:37:02.780,5.02,1000
2020-11-11 09:37:02.910,5.019,3000
2020-11-11 09:37:03.640,5.02,1000
2020-11-11 09:37:05.890,5.019,100
2020-11-11 09:37:06.420,5.019,30000
2020-11-11 09:37:06.920,5.019,30000
2020-11-11 09:37:07.050,5.019,30700
2020-11-11 09:37:08.170,5.02,4000
2020-11-11 09:37:08.800,5.02,500
2020-11-11 09:37:08.880,5.019,6700
2020-11-11 09:37:08.880,5.019,100
2020-11-11 09:37:10.600,5.018,2500
2020-11-11 09:37:10.950,5.019,1000
2020-11-11 09:37:11.740,5.018,100
2020-11-11 09:37:13.750,5.018,1900
2020-11-11 09:37:16.010,5.019,1200
2020-11-11 09:37:16.240,5.018,9900
2020-11-11 09:37:16.380,5.018,45600
2020-11-11 09:37:16.380,5.018,3000
2020-11-11 09:37:16.380,5.018,151400
2020-11-11 09:37:16.500,5.018,500
2020-11-11 09:37:16.560,5.018,50000
2020-11-11 09:37:17.940,5.019,20000
2020-11-11 09:37:18.020,5.019,22000
2020-11-11 09:37:18.020,5.019,28000
2020-11-11 09:37:18.900,5.019,100
2020-11-11 09:37:19.740,5.018,4500
2020-11-11 09:37:20.460,5.018,400
2020-11-11 09:37:20.670,5.018,1100
2020-11-11 09:37:21.180,5.018,100000
2020-11-11 09:37:21.850,5.018,30000
2020-11-11 09:37:22.360,5.018,30000
2020-11-11 09:37:22.450,5.018,100
2020-11-11 09:37:22.450,5.018,223500
2020-11-11 09:37:22.450,5.018,600
2020-11-11 09:37:22.450,5.018,1000
2020-11-11 09:37:22.450,5.018,100
2020-11-11 09:37:22.450,5.018,10000
2020-11-11 09:37:22.740,5.018,100
2020-11-11 09:37:23.530,5.018,5000
2020-11-11 09:37:23.530,5.018,100
2020-11-11 09:37:24.490,5.018,200
2020-11-11 09:37:24.950,5.018,200
2020-11-11 09:37:26.900,5.018,20000
2020-11-11 09:37:27.340,5.018,2100
2020-11-11 09:37:27.910,5.018,500
2020-11-11 09:37:28.650,5.018,36600
2020-11-11 09:37:28.650,5.018,30000
2020-11-11 09:37:28.650,5.018,200
2020-11-11 09:37:28.650,5.018,9600
2020-11-11 09:37:30.660,5.017,800
2020-11-11 09:37:32.570,5.017,4200
2020-11-11 09:37:32.570,5.017,700
2020-11-11 09:37:32.570,5.017,100
2020-11-11 09:37:32.940,5.017,500
2020-11-11 09:37:35.280,5.017,14900
2020-11-11 09:37:35.280,5.017,3200
2020-11-11 09:37:38.470,5.018,2100
2020-11-11 09:37:38.470,5.018,2900
2020-11-11 09:37:38.820,5.017,3700
2020-11-11 09:37:40.480,5.018,5000
2020-11-11 09:37:41.350,5.018,200
2020-11-11 09:37:41.350,5.018,100
2020-11-11 09:37:41.960,5.017,6000
2020-11-11 09:37:42.140,5.018,300
2020-11-11 09:37:42.410,5.018,2000
2020-11-11 09:37:44.970,5.017,1000
2020-11-11 09:37:46.710,5.017,100
2020-11-11 09:37:46.860,5.018,200
2020-11-11 09:37:46.950,5.017,2000
2020-11-11 09:37:47.200,5.017,3800
2020-11-11 09:37:47.200,5.017,100
2020-11-11 09:37:47.200,5.017,1000
2020-11-11 09:37:47.200,5.017,1000
2020-11-11 09:37:47.200,5.017,500
2020-11-11 09:37:47.500,5.018,3300
2020-11-11 09:37:47.500,5.018,1000
2020-11-11 09:37:48.210,5.017,5500
2020-11-11 09:37:48.630,5.017,600
2020-11-11 09:37:48.720,5.017,27100
2020-11-11 09:37:49.300,5.017,100000
2020-11-11 09:37:50.670,5.017,200
2020-11-11 09:37:52.320,5.017,2500
2020-11-11 09:37:53.080,5.018,4000
2020-11-11 09:37:53.230,5.017,200
2020-11-11 09:37:55.600,5.018,25000
2020-11-11 09:37:55.600,5.018,25100
2020-11-11 09:37:55.600,5.018,200
2020-11-11 09:37:55.600,5.018,5400
2020-11-11 09:37:55.600,5.018,6300
2020-11-11 09:37:55.600,5.018,10400
2020-11-11 09:37:55.600,5.018,2500
2020-11-11 09:37:55.600,5.018,23800
2020-11-11 09:37:55.600,5.018,300
2020-11-11 09:37:55.600,5.018,5600
2020-11-11 09:37:55.600,5.018,45400
2020-11-11 09:37:58.280,5.017,1000
2020-11-11 09:37:58.400,5.017,10000
2020-11-11 09:37:58.920,5.018,3500
2020-11-11 09:37:58.920,5.018,500
2020-11-11 09:37:59.650,5.018,9500
2020-11-11 09:37:59.650,5.018,30000
2020-11-11 09:37:59.650,5.018,60500
2020-11-11 09:37:59.850,5.018,300
2020-11-11 09:38:00.320,5.017,10000
2020-11-11 09:38:01.150,5.017,3000
2020-11-11 09:38:03.030,5.017,1400
2020-11-11 09:38:03.780,5.018,14900
2020-11-11 09:38:04.380,5.017,300000
2020-11-11 09:38:04.750,5.017,100
2020-11-11 09:38:05.390,5.018,5000
2020-11-11 09:38:06.340,5.017,3000
2020-11-11 09:38:06.450,5.018,50000
2020-11-11 09:38:07.320,5.018,130100
2020-11-11 09:38:07.320,5.018,10200
2020-11-11 09:38:08.110,5.018,100
2020-11-11 09:38:08.110,5.017,900
2020-11-11 09:38:09.740,5.018,100
2020-11-11 09:38:10.340,5.018,3000
2020-11-11 09:38:10.340,5.018,100
2020-11-11 09:38:10.340,5.017,2900
2020-11-11 09:38:11.760,5.018,2000
2020-11-11 09:38:13.380,5.018,1000
2020-11-11 09:38:13.500,5.017,100000
2020-11-11 09:38:13.830,5.018,300
2020-11-11 09:38:15.190,5.017,1800
2020-11-11 09:38:16.380,5.018,2000
2020-11-11 09:38:17.260,5.017,10000
2020-11-11 09:38:17.390,5.017,200
2020-11-11 09:38:17.750,5.018,200
2020-11-11 09:38:20.490,5.018,3000
2020-11-11 09:38:20.880,5.017,2000
2020-11-11 09:38:22.600,5.018,50000
2020-11-11 09:38:23.330,5.018,91500
2020-11-11 09:38:23.330,5.018,500
2020-11-11 09:38:23.330,5.018,4000
2020-11-11 09:38:23.330,5.018,3500
2020-11-11 09:38:23.330,5.018,23300
2020-11-11 09:38:23.330,5.018,100
2020-11-11 09:38:23.840,5.018,3000
2020-11-11 09:38:26.510,5.018,1500
2020-11-11 09:38:27.720,5.019,700
2020-11-11 09:38:28.480,5.018,1900
2020-11-11 09:38:30.260,5.018,200
2020-11-11 09:38:30.320,5.019,12000
2020-11-11 09:38:30.320,5.019,9900
2020-11-11 09:38:30.320,5.019,10000
2020-11-11 09:38:30.320,5.019,139500
2020-11-11 09:38:31.900,5.018,1800
2020-11-11 09:38:31.900,5.018,10400
2020-11-11 09:38:37.040,5.019,10000
2020-11-11 09:38:37.140,5.018,1000
2020-11-11 09:38:37.950,5.018,300
2020-11-11 09:38:38.750,5.019,20000
2020-11-11 09:38:39.400,5.019,124000
2020-11-11 09:38:39.760,5.019,10000
2020-11-11 09:38:39.820,5.018,54500
2020-11-11 09:38:39.820,5.018,6000
2020-11-11 09:38:39.820,5.018,200
2020-11-11 09:38:39.820,5.018,2000
2020-11-11 09:38:39.820,5.018,100
2020-11-11 09:38:39.820,5.018,50000
2020-11-11 09:38:40.400,5.018,20000
2020-11-11 09:38:40.460,5.017,8600
2020-11-11 09:38:40.460,5.017,11500
2020-11-11 09:38:40.970,5.018,2000
2020-11-11 09:38:42.120,5.017,10000
2020-11-11 09:38:42.210,5.017,500
2020-11-11 09:38:42.500,5.018,65200
2020-11-11 09:38:42.740,5.018,2000
2020-11-11 09:38:44.460,5.019,20000
2020-11-11 09:38:45.880,5.017,23400
2020-11-11 09:38:46.140,5.019,100
2020-11-11 09:38:53.150,5.018,500
2020-11-11 09:38:53.940,5.018,200
2020-11-11 09:38:54.610,5.019,1000
2020-11-11 09:38:55.800,5.019,125400
2020-11-11 09:38:55.800,5.019,7000
2020-11-11 09:38:55.800,5.019,10000
2020-11-11 09:38:55.800,5.019,5000
2020-11-11 09:38:55.800,5.019,152600
2020-11-11 09:38:56.040,5.019,2500
2020-11-11 09:38:56.990,5.019,300
2020-11-11 09:38:57.260,5.019,200
2020-11-11 09:38:57.650,5.019,44400
2020-11-11 09:38:57.650,5.019,1400
2020-11-11 09:38:57.650,5.02,5000
2020-11-11 09:38:57.650,5.02,100
2020-11-11 09:38:57.650,5.02,500
2020-11-11 09:38:57.650,5.02,10000
2020-11-11 09:38:57.650,5.02,225000
2020-11-11 09:38:57.650,5.02,10000
2020-11-11 09:38:57.650,5.02,3600
2020-11-11 09:38:58.410,5.02,196400
2020-11-11 09:38:58.410,5.02,1000
2020-11-11 09:38:58.410,5.02,10000
2020-11-11 09:38:59.990,5.02,400
2020-11-11 09:39:00.630,5.021,92200
2020-11-11 09:39:04.160,5.021,200
2020-11-11 09:39:04.190,5.019,5000
2020-11-11 09:39:04.380,5.019,200
2020-11-11 09:39:06.690,5.02,100
2020-11-11 09:39:07.810,5.021,23000
2020-11-11 09:39:07.810,5.021,200
2020-11-11 09:39:07.810,5.021,100
2020-11-11 09:39:07.810,5.021,400
2020-11-11 09:39:07.810,5.021,200
2020-11-11 09:39:07.810,5.021,200
2020-11-11 09:39:07.810,5.021,200
2020-11-11 09:39:07.810,5.021,200
2020-11-11 09:39:07.810,5.021,100
2020-11-11 09:39:07.810,5.021,100
2020-11-11 09:39:07.810,5.021,3000
2020-11-11 09:39:07.810,5.021,2300
2020-11-11 09:39:07.810,5.021,70000
2020-11-11 09:39:07.810,5.021,79800
2020-11-11 09:39:07.810,5.021,500
2020-11-11 09:39:07.810,5.021,100
2020-11-11 09:39:07.810,5.021,100
2020-11-11 09:39:07.810,5.021,7200
2020-11-11 09:39:07.810,5.021,500
2020-11-11 09:39:07.810,5.021,2000
2020-11-11 09:39:07.810,5.021,18000
2020-11-11 09:39:07.810,5.021,4100
2020-11-11 09:39:07.810,5.021,100
2020-11-11 09:39:07.810,5.021,500
2020-11-11 09:39:07.810,5.021,200
2020-11-11 09:39:07.810,5.021,6100
2020-11-11 09:39:07.810,5.021,7000
2020-11-11 09:39:07.810,5.021,100
2020-11-11 09:39:07.810,5.021,100
2020-11-11 09:39:07.810,5.021,2000
2020-11-11 09:39:07.810,5.021,1000
2020-11-11 09:39:07.810,5.021,300
2020-11-11 09:39:07.810,5.021,100
2020-11-11 09:39:07.810,5.021,200
2020-11-11 09:39:07.810,5.021,100
2020-11-11 09:39:07.810,5.021,800
2020-11-11 09:39:07.810,5.021,69100
2020-11-11 09:39:14.800,5.02,200
2020-11-11 09:39:15.450,5.021,10000
2020-11-11 09:39:15.850,5.021,10000
2020-11-11 09:39:16.540,5.02,100
2020-11-11 09:39:16.830,5.021,5700
2020-11-11 09:39:17.480,5.02,100
2020-11-11 09:39:18.680,5.021,700
2020-11-11 09:39:18.790,5.021,204500
2020-11-11 09:39:18.790,5.021,500
2020-11-11 09:39:18.790,5.021,200
2020-11-11 09:39:18.790,5.021,100
2020-11-11 09:39:18.790,5.021,1000
2020-11-11 09:39:18.790,5.021,11200
2020-11-11 09:39:18.790,5.021,3600
2020-11-11 09:39:18.790,5.021,100
2020-11-11 09:39:18.790,5.021,4000
2020-11-11 09:39:18.790,5.021,5000
2020-11-11 09:39:18.790,5.021,6000
2020-11-11 09:39:18.790,5.021,31900
2020-11-11 09:39:18.790,5.021,10000
2020-11-11 09:39:18.790,5.021,700
2020-11-11 09:39:18.790,5.021,300
2020-11-11 09:39:18.790,5.021,1000
2020-11-11 09:39:19.680,5.022,1000
2020-11-11 09:39:19.680,5.022,600
2020-11-11 09:39:21.560,5.021,600
2020-11-11 09:39:28.960,5.022,1500
2020-11-11 09:39:28.960,5.022,2400
2020-11-11 09:39:29.490,5.022,3200
2020-11-11 09:39:29.490,5.022,700
2020-11-11 09:39:32.180,5.022,28300
2020-11-11 09:39:32.180,5.022,2000
2020-11-11 09:39:32.180,5.022,100
2020-11-11 09:39:32.180,5.022,2000
2020-11-11 09:39:32.180,5.022,200000
2020-11-11 09:39:32.180,5.022,3500
2020-11-11 09:39:32.180,5.022,1200
2020-11-11 09:39:33.330,5.022,8900
2020-11-11 09:39:34.350,5.022,4000
2020-11-11 09:39:34.590,5.022,1000
2020-11-11 09:39:34.760,5.023,200
2020-11-11 09:39:34.760,5.023,600
2020-11-11 09:39:34.760,5.023,2300
2020-11-11 09:39:34.760,5.023,6000
2020-11-11 09:39:34.760,5.023,400
2020-11-11 09:39:34.760,5.023,500
2020-11-11 09:39:35.520,5.024,5000
2020-11-11 09:39:36.530,5.022,1600
2020-11-11 09:39:39.000,5.022,200
2020-11-11 09:39:39.560,5.024,12000
2020-11-11 09:39:39.560,5.024,4600
2020-11-11 09:39:39.560,5.024,200
2020-11-11 09:39:39.560,5.024,2400
2020-11-11 09:39:39.560,5.024,100
2020-11-11 09:39:39.750,5.022,200
2020-11-11 09:39:41.510,5.024,100
2020-11-11 09:39:41.510,5.024,1800
2020-11-11 09:39:42.040,5.024,2000
2020-11-11 09:39:43.910,5.022,400
2020-11-11 09:39:44.960,5.024,100
2020-11-11 09:39:46.990,5.024,300
2020-11-11 09:39:47.750,5.023,9000
2020-11-11 09:39:48.450,5.023,12500
2020-11-11 09:39:48.510,5.024,400
2020-11-11 09:39:48.510,5.024,1000
2020-11-11 09:39:48.510,5.024,700
2020-11-11 09:39:48.650,5.024,300
2020-11-11 09:39:49.580,5.024,5100
2020-11-11 09:39:49.690,5.024,600
2020-11-11 09:39:49.930,5.023,500
2020-11-11 09:39:50.020,5.023,35800
2020-11-11 09:39:50.050,5.024,4500
2020-11-11 09:39:50.160,5.024,2500
2020-11-11 09:39:50.700,5.024,200
2020-11-11 09:39:51.350,5.024,20000
2020-11-11 09:39:52.500,5.022,9200
2020-11-11 09:39:53.380,5.024,10000
2020-11-11 09:39:55.030,5.023,2700
2020-11-11 09:39:55.340,5.024,200
2020-11-11 09:39:55.770,5.023,300
2020-11-11 09:39:55.770,5.024,500
2020-11-11 09:39:55.830,5.024,3000
2020-11-11 09:39:55.920,5.024,1900
2020-11-11 09:39:55.950,5.024,151500
2020-11-11 09:39:55.950,5.024,1000
2020-11-11 09:39:55.950,5.024,4600
2020-11-11 09:39:55.950,5.024,200
2020-11-11 09:39:55.950,5.025,500
2020-11-11 09:39:55.950,5.025,1000
2020-11-11 09:39:55.950,5.025,2500
2020-11-11 09:39:55.950,5.025,3000
2020-11-11 09:39:55.950,5.025,6000
2020-11-11 09:39:55.950,5.025,2000
2020-11-11 09:39:55.950,5.025,99500
2020-11-11 09:39:55.950,5.025,1000
2020-11-11 09:39:55.950,5.025,4000
2020-11-11 09:39:55.950,5.025,1000
2020-11-11 09:39:55.950,5.025,22200
2020-11-11 09:39:56.290,5.024,1000
2020-11-11 09:39:56.700,5.025,70900
2020-11-11 09:39:56.700,5.025,10500
2020-11-11 09:39:56.700,5.025,2000
2020-11-11 09:39:56.700,5.025,5000
2020-11-11 09:39:56.700,5.025,100
2020-11-11 09:39:56.700,5.025,2000
2020-11-11 09:39:56.700,5.025,1000
2020-11-11 09:39:56.700,5.025,10000
2020-11-11 09:39:58.950,5.026,700
2020-11-11 09:39:58.950,5.026,23300
2020-11-11 09:39:58.950,5.026,5000
2020-11-11 09:39:58.950,5.026,100
2020-11-11 09:39:58.950,5.026,5000
2020-11-11 09:40:00.960,5.027,15000
2020-11-11 09:40:00.960,5.027,23300
2020-11-11 09:40:00.960,5.027,30000
2020-11-11 09:40:01.970,5.028,300
2020-11-11 09:40:01.970,5.028,15000
2020-11-11 09:40:01.970,5.028,5000
2020-11-11 09:40:01.970,5.028,100
2020-11-11 09:40:01.970,5.028,41700
2020-11-11 09:40:01.970,5.028,5000
2020-11-11 09:40:01.970,5.028,60000
2020-11-11 09:40:01.970,5.028,30000
2020-11-11 09:40:02.490,5.028,107800
2020-11-11 09:40:02.960,5.027,20000
2020-11-11 09:40:03.020,5.027,100000
2020-11-11 09:40:03.020,5.027,10200
2020-11-11 09:40:03.020,5.027,4800
2020-11-11 09:40:03.410,5.027,1900
2020-11-11 09:40:03.410,5.026,900
2020-11-11 09:40:03.410,5.026,13800
2020-11-11 09:40:05.600,5.026,5000
2020-11-11 09:40:06.010,5.027,2000
2020-11-11 09:40:06.450,5.027,5000
2020-11-11 09:40:06.510,5.027,100
2020-11-11 09:40:07.470,5.027,100
2020-11-11 09:40:07.590,5.027,22800
2020-11-11 09:40:07.590,5.027,568700
2020-11-11 09:40:07.920,5.026,15000
2020-11-11 09:40:08.030,5.027,10000
2020-11-11 09:40:08.400,5.026,900
2020-11-11 09:40:08.690,5.026,1500
2020-11-11 09:40:09.310,5.027,6000
2020-11-11 09:40:09.380,5.026,200
2020-11-11 09:40:09.980,5.026,23600
2020-11-11 09:40:09.980,5.026,1000
2020-11-11 09:40:12.760,5.026,4000
2020-11-11 09:40:13.160,5.026,6100
2020-11-11 09:40:13.160,5.026,3900
2020-11-11 09:40:14.720,5.026,500
2020-11-11 09:40:14.810,5.026,200
2020-11-11 09:40:14.840,5.025,100
2020-11-11 09:40:14.840,5.025,900
2020-11-11 09:40:14.840,5.025,500
2020-11-11 09:40:14.840,5.025,3400
2020-11-11 09:40:14.840,5.024,700
2020-11-11 09:40:14.840,5.024,200
2020-11-11 09:40:14.840,5.024,100
2020-11-11 09:40:14.840,5.024,1000
2020-11-11 09:40:14.840,5.024,500
2020-11-11 09:40:14.840,5.024,1000
2020-11-11 09:40:14.840,5.024,6000
2020-11-11 09:40:14.840,5.024,600
2020-11-11 09:40:15.190,5.026,2000
2020-11-11 09:40:15.570,5.026,200
2020-11-11 09:40:16.160,5.026,1000
2020-11-11 09:40:17.460,5.025,800
2020-11-11 09:40:17.460,5.026,1200
2020-11-11 09:40:18.240,5.025,600
2020-11-11 09:40:19.690,5.025,200
2020-11-11 09:40:20.080,5.024,11400
2020-11-11 09:40:20.080,5.024,500
2020-11-11 09:40:20.080,5.024,100
2020-11-11 09:40:20.080,5.024,500
2020-11-11 09:40:20.080,5.024,800
2020-11-11 09:40:20.240,5.024,1900
2020-11-11 09:40:20.710,5.024,1000
2020-11-11 09:40:21.900,5.024,13800
2020-11-11 09:40:21.900,5.025,1200
2020-11-11 09:40:21.900,5.025,7200
2020-11-11 09:40:21.900,5.025,2500
2020-11-11 09:40:22.720,5.024,1000
2020-11-11 09:40:23.090,5.023,100
2020-11-11 09:40:23.090,5.023,1900
2020-11-11 09:40:23.240,5.024,300
2020-11-11 09:40:24.670,5.024,200
2020-11-11 09:40:24.870,5.024,5000
2020-11-11 09:40:25.160,5.024,2000
2020-11-11 09:40:25.980,5.024,2000
2020-11-11 09:40:26.280,5.024,5700
2020-11-11 09:40:26.770,5.024,4000
2020-11-11 09:40:27.120,5.024,3000
2020-11-11 09:40:30.240,5.024,1000
2020-11-11 09:40:30.430,5.024,800
2020-11-11 09:40:31.670,5.023,5000
2020-11-11 09:40:32.070,5.023,100
2020-11-11 09:40:32.740,5.022,4700
2020-11-11 09:40:32.800,5.023,100
2020-11-11 09:40:32.850,5.023,9000
2020-11-11 09:40:32.850,5.023,11000
2020-11-11 09:40:34.720,5.023,2000
2020-11-11 09:40:36.490,5.022,30000
2020-11-11 09:40:37.510,5.023,1200
2020-11-11 09:40:38.310,5.022,400
2020-11-11 09:40:38.840,5.023,4000
2020-11-11 09:40:38.870,5.022,5500
2020-11-11 09:40:39.460,5.023,400
2020-11-11 09:40:40.420,5.022,500
2020-11-11 09:40:40.480,5.022,500
2020-11-11 09:40:41.980,5.023,10000
2020-11-11 09:40:42.890,5.023,400
2020-11-11 09:40:43.120,5.022,100
2020-11-11 09:40:43.550,5.022,10000
2020-11-11 09:40:46.430,5.023,1000
2020-11-11 09:40:46.430,5.023,3000
2020-11-11 09:40:46.620,5.022,1500
2020-11-11 09:40:47.100,5.022,200
2020-11-11 09:40:47.330,5.023,2000
2020-11-11 09:40:47.450,5.022,15000
2020-11-11 09:40:47.860,5.022,3000
2020-11-11 09:40:49.660,5.023,500
2020-11-11 09:40:50.070,5.022,1000
2020-11-11 09:40:50.160,5.022,56900
2020-11-11 09:40:50.310,5.022,2000
2020-11-11 09:40:50.680,5.023,500
2020-11-11 09:40:50.820,5.022,1500
2020-11-11 09:40:51.250,5.023,1100
2020-11-11 09:40:52.260,5.022,11300
2020-11-11 09:40:52.960,5.023,1900
2020-11-11 09:40:52.960,5.023,400
2020-11-11 09:40:55.770,5.023,7000
2020-11-11 09:40:55.770,5.023,100
2020-11-11 09:40:55.770,5.023,3000
2020-11-11 09:40:55.770,5.023,29700
2020-11-11 09:40:55.950,5.023,300
2020-11-11 09:40:55.950,5.023,100
2020-11-11 09:40:55.950,5.023,5000
2020-11-11 09:40:55.950,5.024,5000
2020-11-11 09:40:55.950,5.024,5000
2020-11-11 09:40:55.950,5.024,24600
2020-11-11 09:40:56.300,5.022,200
2020-11-11 09:40:56.930,5.023,1900
2020-11-11 09:40:56.930,5.023,1100
2020-11-11 09:40:58.420,5.022,5000
2020-11-11 09:40:58.880,5.022,3200
2020-11-11 09:40:59.350,5.023,23900
2020-11-11 09:41:01.240,5.024,5000
2020-11-11 09:41:02.030,5.023,30000
2020-11-11 09:41:02.970,5.023,30000
2020-11-11 09:41:03.310,5.023,3000
2020-11-11 09:41:03.760,5.023,2100
2020-11-11 09:41:03.760,5.023,500
2020-11-11 09:41:03.760,5.023,2000
2020-11-11 09:41:03.760,5.023,100
2020-11-11 09:41:03.760,5.023,300
2020-11-11 09:41:03.880,5.023,700
2020-11-11 09:41:03.880,5.023,100
2020-11-11 09:41:03.880,5.023,10000
2020-11-11 09:41:03.880,5.023,700
2020-11-11 09:41:03.880,5.023,1000
2020-11-11 09:41:04.540,5.023,200
2020-11-11 09:41:05.190,5.023,4000
2020-11-11 09:41:06.270,5.023,4000
2020-11-11 09:41:07.130,5.023,2000
2020-11-11 09:41:10.190,5.023,7300
2020-11-11 09:41:10.190,5.024,12700
2020-11-11 09:41:11.530,5.023,500
2020-11-11 09:41:11.650,5.023,200
2020-11-11 09:41:11.980,5.022,100
2020-11-11 09:41:12.640,5.022,2000
2020-11-11 09:41:12.910,5.023,29300
2020-11-11 09:41:13.450,5.023,30000
2020-11-11 09:41:13.800,5.023,700
2020-11-11 09:41:14.120,5.023,30000
2020-11-11 09:41:14.900,5.023,30000
2020-11-11 09:41:15.410,5.023,30000
2020-11-11 09:41:15.570,5.023,500
2020-11-11 09:41:16.440,5.024,20000
2020-11-11 09:41:16.670,5.024,300
2020-11-11 09:41:16.980,5.023,7000
2020-11-11 09:41:17.340,5.023,5000
2020-11-11 09:41:18.320,5.023,100000
2020-11-11 09:41:18.470,5.023,30000
2020-11-11 09:41:18.680,5.023,100
2020-11-11 09:41:19.020,5.024,10000
2020-11-11 09:41:20.070,5.023,7400
2020-11-11 09:41:20.070,5.023,15100
2020-11-11 09:41:20.070,5.023,200
2020-11-11 09:41:20.070,5.023,5000
2020-11-11 09:41:20.100,5.023,100
2020-11-11 09:41:20.970,5.022,2200
2020-11-11 09:41:21.140,5.023,3500
2020-11-11 09:41:21.430,5.023,2000
2020-11-11 09:41:21.490,5.022,80600
2020-11-11 09:41:21.490,5.022,200
2020-11-11 09:41:21.490,5.022,10000
2020-11-11 09:41:21.490,5.022,1000
2020-11-11 09:41:21.490,5.022,208200
2020-11-11 09:41:22.310,5.023,3900
2020-11-11 09:41:22.560,5.023,6100
2020-11-11 09:41:22.560,5.023,900
2020-11-11 09:41:24.390,5.022,1500
2020-11-11 09:41:25.610,5.022,50000
2020-11-11 09:41:25.760,5.023,1000
2020-11-11 09:41:26.960,5.022,100000
2020-11-11 09:41:27.020,5.023,600
2020-11-11 09:41:27.550,5.022,52400
2020-11-11 09:41:28.590,5.023,900
2020-11-11 09:41:29.090,5.023,2000
2020-11-11 09:41:29.130,5.023,4600
2020-11-11 09:41:29.130,5.023,400
2020-11-11 09:41:29.180,5.022,100000
2020-11-11 09:41:29.810,5.022,79400
2020-11-11 09:41:29.810,5.022,500
2020-11-11 09:41:29.810,5.022,100
2020-11-11 09:41:29.810,5.022,600
2020-11-11 09:41:29.810,5.022,1000
2020-11-11 09:41:29.810,5.022,1000
2020-11-11 09:41:29.810,5.022,200
2020-11-11 09:41:29.810,5.022,5000
2020-11-11 09:41:29.810,5.022,2000
2020-11-11 09:41:29.810,5.022,6000
2020-11-11 09:41:29.810,5.022,100
2020-11-11 09:41:29.810,5.022,300
2020-11-11 09:41:29.810,5.022,2300
2020-11-11 09:41:29.810,5.022,5000
2020-11-11 09:41:29.810,5.022,200
2020-11-11 09:41:29.810,5.022,100
2020-11-11 09:41:29.810,5.022,2000
2020-11-11 09:41:29.810,5.022,300
2020-11-11 09:41:29.810,5.022,200
2020-11-11 09:41:29.810,5.022,3500
2020-11-11 09:41:29.990,5.022,1000
2020-11-11 09:41:30.400,5.022,200
2020-11-11 09:41:31.220,5.022,500
2020-11-11 09:41:31.220,5.022,2400
2020-11-11 09:41:32.050,5.022,10000
2020-11-11 09:41:32.750,5.022,2000
2020-11-11 09:41:33.950,5.022,1000
2020-11-11 09:41:34.720,5.022,1000
2020-11-11 09:41:35.890,5.021,1000
2020-11-11 09:41:35.890,5.021,100
2020-11-11 09:41:35.890,5.021,1000
2020-11-11 09:41:35.890,5.021,700
2020-11-11 09:41:35.890,5.021,10000
2020-11-11 09:41:35.890,5.021,10000
2020-11-11 09:41:35.890,5.021,200
2020-11-11 09:41:35.890,5.021,100
2020-11-11 09:41:35.890,5.021,60000
2020-11-11 09:41:35.960,5.021,3500
2020-11-11 09:41:37.200,5.021,37500
2020-11-11 09:41:41.470,5.02,800
2020-11-11 09:41:41.840,5.02,4700
2020-11-11 09:41:41.840,5.02,10000
2020-11-11 09:41:41.840,5.02,100
2020-11-11 09:41:41.840,5.02,4000
2020-11-11 09:41:41.840,5.02,200
2020-11-11 09:41:41.840,5.02,5200
2020-11-11 09:41:41.840,5.02,200
2020-11-11 09:41:41.840,5.02,900
2020-11-11 09:41:41.840,5.02,300
2020-11-11 09:41:41.840,5.02,29900
2020-11-11 09:41:43.190,5.02,30100
2020-11-11 09:41:43.540,5.019,4000
2020-11-11 09:41:44.160,5.02,13900
2020-11-11 09:41:44.220,5.02,20000
2020-11-11 09:41:44.740,5.02,30000
2020-11-11 09:41:46.800,5.02,800
2020-11-11 09:41:47.520,5.02,9200
2020-11-11 09:41:47.520,5.02,1000
2020-11-11 09:41:47.520,5.02,1000
2020-11-11 09:41:47.520,5.02,1000
2020-11-11 09:41:47.520,5.022,100
2020-11-11 09:41:47.520,5.022,2500
2020-11-11 09:41:47.520,5.022,4600
2020-11-11 09:41:47.520,5.022,1000
2020-11-11 09:41:47.520,5.022,29600
2020-11-11 09:41:47.820,5.019,1000
2020-11-11 09:41:47.820,5.019,100
2020-11-11 09:41:47.820,5.019,400
2020-11-11 09:41:48.250,5.021,100
2020-11-11 09:41:51.640,5.021,100
2020-11-11 09:41:55.020,5.021,1000
2020-11-11 09:41:55.320,5.021,4900
2020-11-11 09:41:55.950,5.02,1400
2020-11-11 09:41:55.950,5.02,200
2020-11-11 09:41:57.140,5.019,500
2020-11-11 09:41:57.140,5.019,1500
2020-11-11 09:41:57.260,5.019,1400
2020-11-11 09:41:59.020,5.02,700
2020-11-11 09:42:00.810,5.02,1000
2020-11-11 09:42:01.540,5.019,100
2020-11-11 09:42:01.540,5.019,1000
2020-11-11 09:42:01.540,5.019,200
2020-11-11 09:42:01.540,5.019,2000
2020-11-11 09:42:01.540,5.019,200
2020-11-11 09:42:01.540,5.019,50000
2020-11-11 09:42:01.540,5.019,41700
2020-11-11 09:42:01.540,5.019,10000
2020-11-11 09:42:01.540,5.019,5000
2020-11-11 09:42:02.260,5.018,9300
2020-11-11 09:42:02.260,5.018,179800
2020-11-11 09:42:03.730,5.019,10000
2020-11-11 09:42:05.120,5.019,10000
2020-11-11 09:42:06.510,5.019,100
2020-11-11 09:42:07.300,5.019,200
2020-11-11 09:42:07.420,5.019,300000
2020-11-11 09:42:08.300,5.019,800
2020-11-11 09:42:08.510,5.019,5000
2020-11-11 09:42:08.570,5.019,10000
2020-11-11 09:42:08.880,5.019,100
2020-11-11 09:42:09.250,5.019,100
2020-11-11 09:42:09.680,5.018,53200
2020-11-11 09:42:11.290,5.019,100
2020-11-11 09:42:11.290,5.019,9700
2020-11-11 09:42:11.290,5.019,10300
2020-11-11 09:42:12.510,5.018,1000
2020-11-11 09:42:12.600,5.019,500
2020-11-11 09:42:14.600,5.018,600000
2020-11-11 09:42:14.740,5.018,2000
2020-11-11 09:42:15.320,5.018,10000
2020-11-11 09:42:15.350,5.019,100
2020-11-11 09:42:15.640,5.019,4000
2020-11-11 09:42:15.640,5.019,100
2020-11-11 09:42:15.640,5.019,100
2020-11-11 09:42:15.640,5.019,5800
2020-11-11 09:42:15.750,5.019,100
2020-11-11 09:42:16.730,5.018,1000
2020-11-11 09:42:16.930,5.018,3000
2020-11-11 09:42:17.510,5.018,30500
2020-11-11 09:42:17.570,5.019,100
2020-11-11 09:42:19.910,5.018,1400
2020-11-11 09:42:20.900,5.019,1500
2020-11-11 09:42:20.900,5.019,3500
2020-11-11 09:42:22.090,5.019,3000
2020-11-11 09:42:22.460,5.018,10700
2020-11-11 09:42:22.840,5.018,103800
2020-11-11 09:42:22.840,5.018,2000
2020-11-11 09:42:22.840,5.018,200
2020-11-11 09:42:22.840,5.018,1800
2020-11-11 09:42:22.840,5.018,1000
2020-11-11 09:42:22.840,5.018,8000
2020-11-11 09:42:22.840,5.018,200
2020-11-11 09:42:22.840,5.018,100
2020-11-11 09:42:22.840,5.018,200
2020-11-11 09:42:22.870,5.018,500
2020-11-11 09:42:23.020,5.017,28300
2020-11-11 09:42:23.020,5.017,3000
2020-11-11 09:42:23.020,5.017,1000
2020-11-11 09:42:23.020,5.017,1000
2020-11-11 09:42:23.020,5.017,14900
2020-11-11 09:42:23.020,5.017,7700
2020-11-11 09:42:23.020,5.017,300
2020-11-11 09:42:23.020,5.017,100
2020-11-11 09:42:23.500,5.017,2000
2020-11-11 09:42:23.590,5.016,200
2020-11-11 09:42:23.590,5.016,100
2020-11-11 09:42:23.590,5.016,3000
2020-11-11 09:42:23.590,5.016,1000
2020-11-11 09:42:23.590,5.016,16800
2020-11-11 09:42:23.590,5.016,300
2020-11-11 09:42:23.590,5.016,100
2020-11-11 09:42:23.590,5.016,200
2020-11-11 09:42:23.590,5.016,4000
2020-11-11 09:42:23.590,5.016,2000
2020-11-11 09:42:23.590,5.016,10000
2020-11-11 09:42:23.590,5.016,1000
2020-11-11 09:42:23.590,5.016,60000
2020-11-11 09:42:23.590,5.016,1000
2020-11-11 09:42:24.170,5.016,500
2020-11-11 09:42:26.690,5.017,3000
2020-11-11 09:42:27.120,5.016,1000
2020-11-11 09:42:27.120,5.015,19100
2020-11-11 09:42:27.220,5.015,10900
2020-11-11 09:42:27.220,5.015,500
2020-11-11 09:42:27.220,5.015,100
2020-11-11 09:42:27.220,5.015,100
2020-11-11 09:42:27.220,5.015,200
2020-11-11 09:42:27.220,5.015,200
2020-11-11 09:42:27.220,5.015,100
2020-11-11 09:42:27.220,5.015,51500
2020-11-11 09:42:27.220,5.015,5000
2020-11-11 09:42:27.220,5.015,200
2020-11-11 09:42:27.220,5.015,2000
2020-11-11 09:42:27.220,5.015,1000
2020-11-11 09:42:27.220,5.015,700
2020-11-11 09:42:27.220,5.015,3000
2020-11-11 09:42:27.220,5.015,500
2020-11-11 09:42:27.220,5.015,1000
2020-11-11 09:42:27.220,5.015,20000
2020-11-11 09:42:27.220,5.015,3000
2020-11-11 09:42:27.930,5.015,300
2020-11-11 09:42:28.400,5.015,1000
2020-11-11 09:42:30.570,5.017,1000
2020-11-11 09:42:30.860,5.014,1000
2020-11-11 09:42:31.460,5.014,100
2020-11-11 09:42:31.460,5.014,100
2020-11-11 09:42:31.460,5.014,200
2020-11-11 09:42:31.460,5.014,1000
2020-11-11 09:42:31.460,5.014,3000
2020-11-11 09:42:31.460,5.014,100
2020-11-11 09:42:31.460,5.014,500
2020-11-11 09:42:31.460,5.013,200
2020-11-11 09:42:31.460,5.013,100
2020-11-11 09:42:31.460,5.013,200
2020-11-11 09:42:31.460,5.013,100
2020-11-11 09:42:31.460,5.013,10000
2020-11-11 09:42:31.460,5.013,3000
2020-11-11 09:42:31.460,5.013,1500
2020-11-11 09:42:31.460,5.013,100
2020-11-11 09:42:31.460,5.013,3000
2020-11-11 09:42:31.460,5.013,117200
2020-11-11 09:42:36.810,5.017,300000
2020-11-11 09:42:37.060,5.017,1000
2020-11-11 09:42:37.890,5.018,200
2020-11-11 09:42:38.760,5.016,1000
2020-11-11 09:42:41.600,5.017,300
2020-11-11 09:42:41.600,5.015,4000
2020-11-11 09:42:41.600,5.015,200
2020-11-11 09:42:41.600,5.014,2000
2020-11-11 09:42:41.600,5.014,3000
2020-11-11 09:42:41.600,5.014,500
2020-11-11 09:42:44.220,5.015,1000
2020-11-11 09:42:45.340,5.015,1000
2020-11-11 09:42:47.500,5.015,5000
2020-11-11 09:42:48.700,5.015,3000
2020-11-11 09:42:48.700,5.015,5000
2020-11-11 09:42:48.700,5.015,200
2020-11-11 09:42:48.700,5.015,1800
2020-11-11 09:42:50.290,5.015,8200
2020-11-11 09:42:50.290,5.015,3000
2020-11-11 09:42:50.290,5.015,3000
2020-11-11 09:42:50.580,5.015,500
2020-11-11 09:42:51.720,5.014,20000
2020-11-11 09:42:53.130,5.015,300
2020-11-11 09:42:53.130,5.015,800
2020-11-11 09:42:54.880,5.015,200
2020-11-11 09:42:54.910,5.015,200
2020-11-11 09:42:55.140,5.015,100
2020-11-11 09:42:56.840,5.015,200
2020-11-11 09:42:57.880,5.015,2000
2020-11-11 09:42:58.200,5.015,100
2020-11-11 09:42:58.530,5.014,10000
2020-11-11 09:42:58.630,5.014,4000
2020-11-11 09:43:00.370,5.015,5000
2020-11-11 09:43:00.490,5.015,900
2020-11-11 09:43:01.450,5.015,4000
2020-11-11 09:43:03.810,5.016,500
2020-11-11 09:43:03.810,5.016,300
2020-11-11 09:43:03.810,5.016,2200
2020-11-11 09:43:05.880,5.015,9000
2020-11-11 09:43:06.080,5.015,11600
2020-11-11 09:43:07.040,5.015,1000
2020-11-11 09:43:08.950,5.016,600
2020-11-11 09:43:09.040,5.015,4400
2020-11-11 09:43:09.040,5.015,5600
2020-11-11 09:43:09.190,5.015,2500
2020-11-11 09:43:09.460,5.016,100
2020-11-11 09:43:09.510,5.016,1100
2020-11-11 09:43:09.510,5.016,27900
2020-11-11 09:43:09.510,5.016,40000
2020-11-11 09:43:10.110,5.016,32100
2020-11-11 09:43:11.110,5.016,3000
2020-11-11 09:43:12.700,5.016,4000
2020-11-11 09:43:17.210,5.017,20000
2020-11-11 09:43:18.020,5.016,3000
2020-11-11 09:43:18.520,5.017,130000
2020-11-11 09:43:18.520,5.017,35000
2020-11-11 09:43:18.520,5.017,1300
2020-11-11 09:43:18.520,5.017,2900
2020-11-11 09:43:20.230,5.017,20000
2020-11-11 09:43:20.870,5.017,42100
2020-11-11 09:43:22.330,5.017,10000
2020-11-11 09:43:22.550,5.017,400
2020-11-11 09:43:22.660,5.017,900
2020-11-11 09:43:25.410,5.017,4000
2020-11-11 09:43:25.940,5.018,100
2020-11-11 09:43:28.950,5.018,200
2020-11-11 09:43:29.120,5.017,34700
2020-11-11 09:43:29.750,5.017,2500
2020-11-11 09:43:30.770,5.017,1200
2020-11-11 09:43:32.010,5.018,20000
2020-11-11 09:43:35.690,5.018,100
2020-11-11 09:43:35.870,5.017,15000
2020-11-11 09:43:35.870,5.017,1000
2020-11-11 09:43:35.870,5.017,500
2020-11-11 09:43:35.870,5.017,100
2020-11-11 09:43:35.870,5.017,500
2020-11-11 09:43:35.870,5.017,2900
2020-11-11 09:43:37.040,5.018,600
2020-11-11 09:43:37.460,5.017,7500
2020-11-11 09:43:37.630,5.018,20000
2020-11-11 09:43:37.630,5.018,19000
2020-11-11 09:43:37.630,5.018,7000
2020-11-11 09:43:37.630,5.018,100
2020-11-11 09:43:37.630,5.018,2000
2020-11-11 09:43:37.630,5.018,400
2020-11-11 09:43:37.630,5.018,11500
2020-11-11 09:43:38.020,5.018,100
2020-11-11 09:43:38.280,5.018,188400
2020-11-11 09:43:39.460,5.018,500
2020-11-11 09:43:40.350,5.018,4900
2020-11-11 09:43:40.920,5.018,10000
2020-11-11 09:43:42.070,5.018,9000
2020-11-11 09:43:44.400,5.018,500
2020-11-11 09:43:44.800,5.018,86700
2020-11-11 09:43:44.800,5.018,6500
2020-11-11 09:43:44.800,5.018,200
2020-11-11 09:43:44.800,5.018,5000
2020-11-11 09:43:45.560,5.017,1600
2020-11-11 09:43:45.560,5.017,1000
2020-11-11 09:43:45.560,5.017,40000
2020-11-11 09:43:45.560,5.017,20000
2020-11-11 09:43:45.560,5.017,100
2020-11-11 09:43:45.560,5.017,97300
2020-11-11 09:43:46.400,5.018,20000
2020-11-11 09:43:46.430,5.017,400
2020-11-11 09:43:48.720,5.017,20800
2020-11-11 09:43:49.150,5.017,300
2020-11-11 09:43:49.180,5.018,20000
2020-11-11 09:43:50.670,5.018,5000
2020-11-11 09:43:51.110,5.018,500
2020-11-11 09:43:52.350,5.018,3300
2020-11-11 09:43:52.410,5.018,20000
2020-11-11 09:43:53.280,5.018,100
2020-11-11 09:43:53.340,5.018,1000
2020-11-11 09:43:53.860,5.018,2000
2020-11-11 09:43:55.360,5.018,20000
2020-11-11 09:43:55.530,5.017,500
2020-11-11 09:43:56.630,5.017,60000
2020-11-11 09:43:56.840,5.018,600
2020-11-11 09:43:58.450,5.018,1000
2020-11-11 09:43:58.660,5.018,8100
2020-11-11 09:43:58.660,5.018,200
2020-11-11 09:44:03.150,5.018,54300
2020-11-11 09:44:05.490,5.019,3500
2020-11-11 09:44:05.490,5.019,300
2020-11-11 09:44:06.110,5.018,200
2020-11-11 09:44:06.340,5.019,300
2020-11-11 09:44:06.340,5.019,800
2020-11-11 09:44:09.260,5.019,100
2020-11-11 09:44:12.470,5.019,400
2020-11-11 09:44:12.790,5.018,5000
2020-11-11 09:44:12.880,5.018,11200
2020-11-11 09:44:15.070,5.018,1000
2020-11-11 09:44:17.440,5.019,8700
2020-11-11 09:44:17.440,5.019,28600
2020-11-11 09:44:17.810,5.018,500
2020-11-11 09:44:18.020,5.019,5000
2020-11-11 09:44:18.340,5.018,2300
2020-11-11 09:44:18.340,5.018,4100
2020-11-11 09:44:19.270,5.019,300
2020-11-11 09:44:19.990,5.018,30000
2020-11-11 09:44:21.320,5.018,50000
2020-11-11 09:44:23.360,5.018,10100
2020-11-11 09:44:23.920,5.018,30000
2020-11-11 09:44:23.920,5.019,400
2020-11-11 09:44:24.780,5.018,30000
2020-11-11 09:44:25.310,5.018,63000
2020-11-11 09:44:25.310,5.018,1000
2020-11-11 09:44:25.310,5.018,400
2020-11-11 09:44:25.310,5.018,1000
2020-11-11 09:44:25.310,5.018,2000
2020-11-11 09:44:25.310,5.018,100
2020-11-11 09:44:25.310,5.018,100
2020-11-11 09:44:25.310,5.018,32400
2020-11-11 09:44:25.340,5.018,30000
2020-11-11 09:44:25.660,5.018,500000
2020-11-11 09:44:26.000,5.018,29100
2020-11-11 09:44:26.000,5.018,500
2020-11-11 09:44:26.000,5.018,200
2020-11-11 09:44:27.040,5.017,3000
2020-11-11 09:44:28.030,5.017,5000
2020-11-11 09:44:28.390,5.018,200
2020-11-11 09:44:28.390,5.018,4800
2020-11-11 09:44:28.670,5.018,1000
2020-11-11 09:44:29.030,5.017,4000
2020-11-11 09:44:30.140,5.017,8000
2020-11-11 09:44:30.140,5.017,200
2020-11-11 09:44:30.140,5.016,1000
2020-11-11 09:44:30.140,5.016,500
2020-11-11 09:44:30.140,5.016,100
2020-11-11 09:44:30.140,5.016,200
2020-11-11 09:44:30.140,5.016,10000
2020-11-11 09:44:30.140,5.016,4000
2020-11-11 09:44:30.140,5.016,300
2020-11-11 09:44:30.140,5.016,300
2020-11-11 09:44:31.010,5.015,200
2020-11-11 09:44:31.010,5.015,5000
2020-11-11 09:44:31.010,5.015,200
2020-11-11 09:44:31.010,5.015,3000
2020-11-11 09:44:31.010,5.015,1000
2020-11-11 09:44:31.010,5.015,100
2020-11-11 09:44:31.010,5.015,200
2020-11-11 09:44:31.010,5.015,100
2020-11-11 09:44:31.010,5.015,20200
2020-11-11 09:44:31.360,5.016,20000
2020-11-11 09:44:31.670,5.016,5000
2020-11-11 09:44:32.040,5.016,400
2020-11-11 09:44:33.400,5.018,1000
2020-11-11 09:44:34.780,5.018,100
2020-11-11 09:44:35.090,5.018,100
2020-11-11 09:44:36.680,5.018,100
2020-11-11 09:44:39.240,5.018,100
2020-11-11 09:44:40.330,5.018,900
2020-11-11 09:44:40.900,5.018,4900
2020-11-11 09:44:40.900,5.018,1100
2020-11-11 09:44:40.900,5.018,14000
2020-11-11 09:44:43.030,5.016,2100
2020-11-11 09:44:44.480,5.016,500
2020-11-11 09:44:44.480,5.016,50000
2020-11-11 09:44:44.480,5.015,79800
2020-11-11 09:44:44.480,5.015,69700
2020-11-11 09:44:45.490,5.016,7000
2020-11-11 09:44:45.490,5.018,3000
2020-11-11 09:44:48.400,5.016,500
2020-11-11 09:44:49.480,5.018,100
2020-11-11 09:44:51.900,5.016,3200
2020-11-11 09:44:51.900,5.015,92600
2020-11-11 09:44:53.720,5.016,300
2020-11-11 09:44:53.720,5.015,1700
2020-11-11 09:44:54.840,5.017,700
2020-11-11 09:44:55.630,5.017,200
2020-11-11 09:44:56.330,5.017,300
2020-11-11 09:44:58.930,5.017,2100
2020-11-11 09:44:59.480,5.016,100
2020-11-11 09:44:59.480,5.015,14900
2020-11-11 09:45:01.000,5.015,25100
2020-11-11 09:45:01.000,5.015,300
2020-11-11 09:45:01.000,5.015,1000
2020-11-11 09:45:01.000,5.015,2000
2020-11-11 09:45:01.000,5.015,3600
2020-11-11 09:45:03.110,5.016,100
2020-11-11 09:45:04.070,5.016,100
2020-11-11 09:45:04.250,5.016,600
2020-11-11 09:45:05.510,5.016,200
2020-11-11 09:45:05.510,5.016,200
2020-11-11 09:45:05.510,5.016,8600
2020-11-11 09:45:06.240,5.016,200
2020-11-11 09:45:06.630,5.016,100
2020-11-11 09:45:11.190,5.016,100
2020-11-11 09:45:12.350,5.016,100
2020-11-11 09:45:13.150,5.015,10100
2020-11-11 09:45:15.740,5.016,200
2020-11-11 09:45:17.340,5.015,700
2020-11-11 09:45:17.450,5.015,5000
2020-11-11 09:45:19.150,5.016,10000
2020-11-11 09:45:19.270,5.015,600
2020-11-11 09:45:19.270,5.015,4000
2020-11-11 09:45:19.270,5.015,100
2020-11-11 09:45:19.270,5.015,4000
2020-11-11 09:45:19.270,5.015,1100
2020-11-11 09:45:19.270,5.015,100
2020-11-11 09:45:19.270,5.015,40100
2020-11-11 09:45:19.900,5.015,4400
2020-11-11 09:45:20.790,5.015,15000
2020-11-11 09:45:21.390,5.016,700
2020-11-11 09:45:21.390,5.016,1300
2020-11-11 09:45:21.540,5.015,1900
2020-11-11 09:45:22.250,5.015,20000
2020-11-11 09:45:25.030,5.015,100
2020-11-11 09:45:25.830,5.015,10000
2020-11-11 09:45:26.070,5.015,5500
2020-11-11 09:45:27.020,5.016,2400
2020-11-11 09:45:27.840,5.015,6600
2020-11-11 09:45:29.810,5.016,200
2020-11-11 09:45:31.120,5.016,100
2020-11-11 09:45:32.420,5.016,1000
2020-11-11 09:45:32.760,5.016,500
2020-11-11 09:45:32.760,5.016,2500
2020-11-11 09:45:33.260,5.015,7500
2020-11-11 09:45:33.350,5.015,2000
2020-11-11 09:45:34.330,5.016,1500
2020-11-11 09:45:34.330,5.016,35200
2020-11-11 09:45:34.330,5.016,200000
2020-11-11 09:45:34.330,5.016,7200
2020-11-11 09:45:34.330,5.016,56100
2020-11-11 09:45:36.740,5.016,200
2020-11-11 09:45:36.740,5.016,9800
2020-11-11 09:45:37.770,5.017,46700
2020-11-11 09:45:37.770,5.017,11100
2020-11-11 09:45:37.770,5.017,200000
2020-11-11 09:45:38.280,5.017,500
2020-11-11 09:45:39.080,5.017,31900
2020-11-11 09:45:39.080,5.016,5500
2020-11-11 09:45:39.080,5.015,45200
2020-11-11 09:45:39.150,5.015,7000
2020-11-11 09:45:41.190,5.016,300
2020-11-11 09:45:42.410,5.016,11300
2020-11-11 09:45:45.530,5.016,1700
2020-11-11 09:45:47.580,5.016,50000
2020-11-11 09:45:49.630,5.016,2900
2020-11-11 09:45:49.630,5.016,1000
2020-11-11 09:45:52.230,5.016,300
2020-11-11 09:45:52.410,5.016,5800
2020-11-11 09:45:52.410,5.016,2800
2020-11-11 09:45:52.410,5.016,6000
2020-11-11 09:45:52.410,5.016,2000
2020-11-11 09:45:52.770,5.018,3000
2020-11-11 09:45:53.170,5.016,3400
2020-11-11 09:45:53.170,5.015,3300
2020-11-11 09:45:55.150,5.016,500
2020-11-11 09:45:55.150,5.015,10500
2020-11-11 09:45:56.070,5.017,100
2020-11-11 09:45:57.290,5.016,10000
2020-11-11 09:45:57.580,5.016,300
2020-11-11 09:45:57.910,5.016,5000
2020-11-11 09:45:58.020,5.016,700
2020-11-11 09:45:58.410,5.016,20000
2020-11-11 09:45:59.620,5.016,500
2020-11-11 09:45:59.930,5.016,37900
2020-11-11 09:45:59.930,5.016,4400
2020-11-11 09:45:59.930,5.016,10000
2020-11-11 09:46:01.480,5.017,100
2020-11-11 09:46:01.480,5.018,2000
2020-11-11 09:46:05.270,5.017,3000
2020-11-11 09:46:05.640,5.017,2700
2020-11-11 09:46:06.210,5.017,14200
2020-11-11 09:46:06.210,5.017,100
2020-11-11 09:46:06.730,5.017,300000
2020-11-11 09:46:06.730,5.017,285700
2020-11-11 09:46:06.730,5.018,7900
2020-11-11 09:46:06.730,5.018,6400
2020-11-11 09:46:08.190,5.016,400
2020-11-11 09:46:08.190,5.016,1000
2020-11-11 09:46:08.270,5.016,3500
2020-11-11 09:46:08.390,5.016,2200
2020-11-11 09:46:13.470,5.017,5000
2020-11-11 09:46:16.470,5.016,300
2020-11-11 09:46:16.840,5.016,700
2020-11-11 09:46:16.930,5.016,2000
2020-11-11 09:46:17.280,5.017,100
2020-11-11 09:46:17.430,5.016,4500
2020-11-11 09:46:18.140,5.016,6800
2020-11-11 09:46:18.700,5.016,200
2020-11-11 09:46:19.650,5.016,100
2020-11-11 09:46:19.920,5.016,20000
2020-11-11 09:46:20.240,5.015,100
2020-11-11 09:46:21.220,5.016,500
2020-11-11 09:46:22.850,5.016,8200
2020-11-11 09:46:24.780,5.016,2400
2020-11-11 09:46:25.530,5.016,9400
2020-11-11 09:46:25.530,5.016,800
2020-11-11 09:46:25.590,5.015,4200
2020-11-11 09:46:25.760,5.016,3800
2020-11-11 09:46:25.760,5.017,1200
2020-11-11 09:46:30.630,5.016,800
2020-11-11 09:46:30.630,5.016,200
2020-11-11 09:46:30.950,5.017,7200
2020-11-11 09:46:31.400,5.017,2000
2020-11-11 09:46:33.170,5.017,3000
2020-11-11 09:46:33.310,5.016,1800
2020-11-11 09:46:33.310,5.016,6800
2020-11-11 09:46:33.640,5.016,200
2020-11-11 09:46:35.160,5.017,20000
2020-11-11 09:46:36.890,5.017,161500
2020-11-11 09:46:36.890,5.017,1800
2020-11-11 09:46:36.890,5.017,5000
2020-11-11 09:46:36.890,5.017,100
2020-11-11 09:46:37.170,5.017,10000
2020-11-11 09:46:37.690,5.017,500
2020-11-11 09:46:38.250,5.017,6000
2020-11-11 09:46:40.700,5.018,5300
2020-11-11 09:46:40.700,5.018,28000
2020-11-11 09:46:40.700,5.018,400
2020-11-11 09:46:40.700,5.018,6200
2020-11-11 09:46:40.700,5.018,3500
2020-11-11 09:46:40.700,5.018,3000
2020-11-11 09:46:40.700,5.018,23800
2020-11-11 09:46:40.700,5.018,400
2020-11-11 09:46:40.700,5.018,13100
2020-11-11 09:46:40.700,5.018,200000
2020-11-11 09:46:40.700,5.018,7600
2020-11-11 09:46:40.700,5.018,100
2020-11-11 09:46:40.700,5.018,200
2020-11-11 09:46:40.700,5.018,4300
2020-11-11 09:46:40.700,5.018,5500
2020-11-11 09:46:42.510,5.018,100
2020-11-11 09:46:47.630,5.017,115100
2020-11-11 09:46:47.630,5.017,2000
2020-11-11 09:46:47.630,5.017,200
2020-11-11 09:46:47.630,5.017,3000
2020-11-11 09:46:47.680,5.017,10000
2020-11-11 09:46:49.620,5.017,400
2020-11-11 09:46:54.770,5.017,1000
2020-11-11 09:46:55.210,5.017,100
2020-11-11 09:46:59.320,5.017,200
2020-11-11 09:47:00.730,5.016,1000
2020-11-11 09:47:01.020,5.017,3000
2020-11-11 09:47:01.120,5.016,500
2020-11-11 09:47:01.150,5.017,300
2020-11-11 09:47:01.150,5.017,3700
2020-11-11 09:47:02.220,5.017,1300
2020-11-11 09:47:02.220,5.017,700
2020-11-11 09:47:02.280,5.017,19300
2020-11-11 09:47:02.280,5.017,700
2020-11-11 09:47:02.420,5.017,100
2020-11-11 09:47:02.810,5.016,3500
2020-11-11 09:47:02.810,5.016,1500
2020-11-11 09:47:03.540,5.016,200
2020-11-11 09:47:05.270,5.017,1200
2020-11-11 09:47:05.270,5.017,10000
2020-11-11 09:47:05.880,5.018,300
2020-11-11 09:47:07.260,5.017,100
2020-11-11 09:47:08.590,5.017,8700
2020-11-11 09:47:08.590,5.017,200
2020-11-11 09:47:08.590,5.017,100
2020-11-11 09:47:08.790,5.017,200
2020-11-11 09:47:10.250,5.017,200
2020-11-11 09:47:12.460,5.017,600
2020-11-11 09:47:13.970,5.017,500
2020-11-11 09:47:15.650,5.017,2900
2020-11-11 09:47:15.650,5.017,1000
2020-11-11 09:47:16.890,5.017,100
2020-11-11 09:47:18.180,5.017,200
2020-11-11 09:47:21.820,5.016,3300
2020-11-11 09:47:21.820,5.016,6700
2020-11-11 09:47:22.620,5.016,2300
2020-11-11 09:47:22.620,5.016,300
2020-11-11 09:47:22.620,5.016,2000
2020-11-11 09:47:22.620,5.016,100
2020-11-11 09:47:22.620,5.016,200
2020-11-11 09:47:22.620,5.016,600
2020-11-11 09:47:22.620,5.016,20000
2020-11-11 09:47:22.620,5.016,35000
2020-11-11 09:47:22.620,5.016,22500
2020-11-11 09:47:22.620,5.016,5000
2020-11-11 09:47:22.620,5.016,20000
2020-11-11 09:47:22.620,5.016,100
2020-11-11 09:47:22.620,5.016,112200
2020-11-11 09:47:22.620,5.016,100
2020-11-11 09:47:22.620,5.016,200
2020-11-11 09:47:23.540,5.015,1300
2020-11-11 09:47:23.540,5.015,6800
2020-11-11 09:47:23.540,5.015,100
2020-11-11 09:47:23.540,5.015,5100
2020-11-11 09:47:23.540,5.015,500
2020-11-11 09:47:23.540,5.015,6200
2020-11-11 09:47:23.750,5.016,3300
2020-11-11 09:47:24.550,5.016,10000
2020-11-11 09:47:26.440,5.016,1500
2020-11-11 09:47:26.690,5.016,3600
2020-11-11 09:47:27.550,5.015,3800
2020-11-11 09:47:27.550,5.015,1000
2020-11-11 09:47:27.550,5.015,100
2020-11-11 09:47:27.550,5.015,200
2020-11-11 09:47:27.550,5.015,200
2020-11-11 09:47:27.550,5.015,2000
2020-11-11 09:47:27.550,5.015,500
2020-11-11 09:47:27.550,5.015,10000
2020-11-11 09:47:27.550,5.015,10000
2020-11-11 09:47:27.550,5.015,300
2020-11-11 09:47:27.550,5.015,2000
2020-11-11 09:47:27.550,5.015,8000
2020-11-11 09:47:28.700,5.015,100
2020-11-11 09:47:28.790,5.015,100
2020-11-11 09:47:31.090,5.015,1700
2020-11-11 09:47:31.330,5.015,200
2020-11-11 09:47:35.330,5.014,100
2020-11-11 09:47:35.330,5.014,300
2020-11-11 09:47:35.330,5.014,300
2020-11-11 09:47:35.330,5.014,100
2020-11-11 09:47:35.330,5.014,1000
2020-11-11 09:47:35.330,5.014,500
2020-11-11 09:47:35.330,5.014,400
2020-11-11 09:47:35.330,5.014,20000
2020-11-11 09:47:35.330,5.014,500
2020-11-11 09:47:35.330,5.014,400
2020-11-11 09:47:35.330,5.014,400
2020-11-11 09:47:35.330,5.014,6700
2020-11-11 09:47:35.390,5.015,1000
2020-11-11 09:47:36.910,5.015,100
2020-11-11 09:47:39.490,5.014,1100
2020-11-11 09:47:42.000,5.014,2200
2020-11-11 09:47:42.000,5.014,200
2020-11-11 09:47:42.000,5.014,100
2020-11-11 09:47:43.360,5.015,500
2020-11-11 09:47:46.210,5.015,100
2020-11-11 09:47:47.080,5.015,900
2020-11-11 09:47:47.080,5.015,1800
2020-11-11 09:47:47.080,5.015,1000
2020-11-11 09:47:47.080,5.015,300
2020-11-11 09:47:49.060,5.014,100
2020-11-11 09:47:51.070,5.015,1000
2020-11-11 09:47:51.130,5.015,8700
2020-11-11 09:47:51.130,5.015,1000
2020-11-11 09:47:51.810,5.015,8000
2020-11-11 09:47:53.680,5.015,282300
2020-11-11 09:47:53.680,5.015,200
2020-11-11 09:47:53.680,5.014,3400
2020-11-11 09:47:53.680,5.014,1000
2020-11-11 09:47:53.910,5.014,42000
2020-11-11 09:47:54.260,5.014,500
2020-11-11 09:47:56.770,5.015,1700
2020-11-11 09:47:57.670,5.013,10000
2020-11-11 09:47:57.670,5.013,800
2020-11-11 09:47:57.670,5.013,1000
2020-11-11 09:47:57.670,5.013,200
2020-11-11 09:47:57.670,5.013,100
2020-11-11 09:47:57.670,5.013,100
2020-11-11 09:47:57.670,5.013,3000
2020-11-11 09:47:57.670,5.013,100
2020-11-11 09:47:57.670,5.013,2000
2020-11-11 09:47:57.670,5.013,36100
2020-11-11 09:47:57.670,5.013,800
2020-11-11 09:47:57.670,5.013,2000
2020-11-11 09:47:57.670,5.013,191900
2020-11-11 09:47:57.670,5.013,25000
2020-11-11 09:47:57.670,5.013,10000
2020-11-11 09:47:57.670,5.013,700
2020-11-11 09:47:57.670,5.013,14500
2020-11-11 09:48:02.040,5.014,400
2020-11-11 09:48:02.150,5.014,100
2020-11-11 09:48:02.310,5.014,300
2020-11-11 09:48:02.310,5.014,500
2020-11-11 09:48:03.870,5.013,500
2020-11-11 09:48:04.650,5.013,40000
2020-11-11 09:48:05.430,5.012,1000
2020-11-11 09:48:05.430,5.012,200
2020-11-11 09:48:05.430,5.012,200
2020-11-11 09:48:05.430,5.012,3000
2020-11-11 09:48:05.430,5.012,1000
2020-11-11 09:48:05.430,5.012,200
2020-11-11 09:48:05.430,5.012,100
2020-11-11 09:48:05.430,5.012,400
2020-11-11 09:48:05.430,5.012,2300
2020-11-11 09:48:05.430,5.012,100
2020-11-11 09:48:05.430,5.012,6500
2020-11-11 09:48:06.610,5.013,100
2020-11-11 09:48:06.610,5.013,100
2020-11-11 09:48:07.520,5.014,400
2020-11-11 09:48:09.330,5.014,100
2020-11-11 09:48:09.390,5.014,148600
2020-11-11 09:48:09.390,5.014,30000
2020-11-11 09:48:09.390,5.014,10000
2020-11-11 09:48:09.390,5.014,100000
2020-11-11 09:48:09.390,5.014,600000
2020-11-11 09:48:09.390,5.015,10000
2020-11-11 09:48:09.390,5.015,100
2020-11-11 09:48:09.390,5.015,2000
2020-11-11 09:48:09.920,5.015,200
2020-11-11 09:48:10.930,5.012,1000
2020-11-11 09:48:13.840,5.012,500
2020-11-11 09:48:14.510,5.014,100
2020-11-11 09:48:14.540,5.014,5700
2020-11-11 09:48:16.730,5.014,100
2020-11-11 09:48:17.630,5.013,100
2020-11-11 09:48:19.670,5.013,700
2020-11-11 09:48:20.310,5.013,200
2020-11-11 09:48:20.710,5.013,5300
2020-11-11 09:48:21.950,5.013,400
2020-11-11 09:48:23.300,5.012,2000
2020-11-11 09:48:25.410,5.012,100
2020-11-11 09:48:26.640,5.012,100
2020-11-11 09:48:26.640,5.012,100
2020-11-11 09:48:27.050,5.012,200
2020-11-11 09:48:27.680,5.012,600
2020-11-11 09:48:29.520,5.013,40200
2020-11-11 09:48:29.520,5.013,4000
2020-11-11 09:48:29.520,5.013,1500
2020-11-11 09:48:29.520,5.013,800
2020-11-11 09:48:29.520,5.013,100
2020-11-11 09:48:29.610,5.013,6900
2020-11-11 09:48:29.870,5.013,30000
2020-11-11 09:48:30.440,5.013,500
2020-11-11 09:48:30.440,5.012,4500
2020-11-11 09:48:30.440,5.012,100
2020-11-11 09:48:30.940,5.012,900
2020-11-11 09:48:31.050,5.012,500
2020-11-11 09:48:33.510,5.011,5000
2020-11-11 09:48:36.850,5.011,1600
2020-11-11 09:48:37.440,5.011,10000
2020-11-11 09:48:40.800,5.012,100
2020-11-11 09:48:43.320,5.011,1000
2020-11-11 09:48:43.640,5.011,3400
2020-11-11 09:48:43.640,5.011,2100
2020-11-11 09:48:43.970,5.011,1000
2020-11-11 09:48:44.300,5.011,4000
2020-11-11 09:48:45.290,5.012,3000
2020-11-11 09:48:46.260,5.011,12900
2020-11-11 09:48:46.260,5.011,2000
2020-11-11 09:48:46.260,5.011,1000
2020-11-11 09:48:46.260,5.011,500
2020-11-11 09:48:46.260,5.011,400
2020-11-11 09:48:46.260,5.011,5000
2020-11-11 09:48:46.260,5.011,100
2020-11-11 09:48:46.260,5.011,5000
2020-11-11 09:48:46.260,5.011,500
2020-11-11 09:48:46.260,5.011,200
2020-11-11 09:48:46.260,5.011,100
2020-11-11 09:48:46.260,5.011,300
2020-11-11 09:48:46.260,5.011,800
2020-11-11 09:48:46.260,5.011,200
2020-11-11 09:48:46.260,5.011,500
2020-11-11 09:48:46.260,5.011,200
2020-11-11 09:48:46.260,5.01,5000
2020-11-11 09:48:46.260,5.01,10000
2020-11-11 09:48:46.260,5.01,1200
2020-11-11 09:48:46.260,5.01,2000
2020-11-11 09:48:46.260,5.01,46000
2020-11-11 09:48:46.260,5.01,200
2020-11-11 09:48:46.260,5.01,100
2020-11-11 09:48:46.260,5.01,15000
2020-11-11 09:48:46.260,5.01,100
2020-11-11 09:48:46.260,5.01,100
2020-11-11 09:48:46.260,5.01,100
2020-11-11 09:48:46.260,5.01,1000
2020-11-11 09:48:46.260,5.01,500
2020-11-11 09:48:46.260,5.01,100
2020-11-11 09:48:46.260,5.01,200
2020-11-11 09:48:46.260,5.01,100
2020-11-11 09:48:46.260,5.01,1000
2020-11-11 09:48:46.260,5.01,100
2020-11-11 09:48:46.260,5.01,200
2020-11-11 09:48:46.260,5.01,5000
2020-11-11 09:48:46.260,5.01,500
2020-11-11 09:48:46.260,5.01,100
2020-11-11 09:48:46.260,5.01,2000
2020-11-11 09:48:46.260,5.01,3000
2020-11-11 09:48:46.260,5.01,10000
2020-11-11 09:48:46.260,5.01,200
2020-11-11 09:48:46.260,5.01,5000
2020-11-11 09:48:46.260,5.01,300
2020-11-11 09:48:46.260,5.01,5000
2020-11-11 09:48:46.260,5.01,100
2020-11-11 09:48:46.260,5.01,2000
2020-11-11 09:48:46.260,5.01,500
2020-11-11 09:48:46.260,5.01,1000
2020-11-11 09:48:46.260,5.01,4000
2020-11-11 09:48:46.260,5.01,300
2020-11-11 09:48:46.260,5.01,100000
2020-11-11 09:48:46.260,5.01,1000
2020-11-11 09:48:46.260,5.01,10000
2020-11-11 09:48:46.980,5.01,700
2020-11-11 09:48:47.410,5.01,600
2020-11-11 09:48:47.470,5.009,5000
2020-11-11 09:48:47.470,5.009,1000
2020-11-11 09:48:47.470,5.009,2000
2020-11-11 09:48:47.470,5.009,2000
2020-11-11 09:48:48.020,5.01,2000
2020-11-11 09:48:48.650,5.01,100
2020-11-11 09:48:49.440,5.01,33900
2020-11-11 09:48:49.440,5.01,100000
2020-11-11 09:48:49.440,5.01,166100
2020-11-11 09:48:50.360,5.01,150000
2020-11-11 09:48:50.650,5.01,4000
2020-11-11 09:48:50.680,5.01,100
2020-11-11 09:48:50.710,5.01,25600
2020-11-11 09:48:52.700,5.01,4200
2020-11-11 09:48:56.080,5.011,8000
2020-11-11 09:48:56.080,5.011,5000
2020-11-11 09:48:56.080,5.011,2800
2020-11-11 09:48:57.410,5.01,500
2020-11-11 09:48:57.700,5.011,500
2020-11-11 09:48:58.290,5.01,9200
2020-11-11 09:48:58.290,5.01,2700
2020-11-11 09:48:58.720,5.01,500
2020-11-11 09:49:00.120,5.01,5000
2020-11-11 09:49:02.250,5.01,1000
2020-11-11 09:49:04.110,5.01,100
2020-11-11 09:49:05.470,5.009,8400
2020-11-11 09:49:05.470,5.009,1000
2020-11-11 09:49:05.470,5.009,400
2020-11-11 09:49:05.470,5.009,3000
2020-11-11 09:49:05.470,5.009,8100
2020-11-11 09:49:05.950,5.009,41900
2020-11-11 09:49:05.950,5.009,20000
2020-11-11 09:49:05.950,5.009,4100
2020-11-11 09:49:06.160,5.01,100
2020-11-11 09:49:06.270,5.01,3000
2020-11-11 09:49:08.960,5.009,4000
2020-11-11 09:49:09.940,5.009,8400
2020-11-11 09:49:10.270,5.01,100
2020-11-11 09:49:11.110,5.009,500
2020-11-11 09:49:11.550,5.009,5000
2020-11-11 09:49:11.720,5.009,100
2020-11-11 09:49:12.240,5.01,3500
2020-11-11 09:49:12.620,5.009,26800
2020-11-11 09:49:13.310,5.009,1100
2020-11-11 09:49:13.310,5.009,8700
2020-11-11 09:49:13.540,5.01,100
2020-11-11 09:49:14.010,5.01,200
2020-11-11 09:49:14.620,5.01,2000
2020-11-11 09:49:15.690,5.009,10000
2020-11-11 09:49:15.870,5.01,1000
2020-11-11 09:49:15.870,5.009,1700
2020-11-11 09:49:15.870,5.009,10000
2020-11-11 09:49:16.220,5.009,100
2020-11-11 09:49:16.580,5.009,1000
2020-11-11 09:49:16.970,5.009,200
2020-11-11 09:49:17.080,5.009,200
2020-11-11 09:49:18.300,5.009,1500
2020-11-11 09:49:18.300,5.008,2000
2020-11-11 09:49:18.300,5.008,500
2020-11-11 09:49:18.300,5.008,2600
2020-11-11 09:49:18.300,5.008,500
2020-11-11 09:49:18.300,5.008,100
2020-11-11 09:49:18.300,5.008,100
2020-11-11 09:49:18.300,5.008,5000
2020-11-11 09:49:18.300,5.008,5000
2020-11-11 09:49:18.300,5.008,2000
2020-11-11 09:49:18.300,5.008,1500
2020-11-11 09:49:18.300,5.008,5000
2020-11-11 09:49:18.300,5.008,100
