Datetime,Price,Volume
2020-08-14 09:25:00.390,3.285,100
2020-08-14 09:25:00.390,3.285,400
2020-08-14 09:25:00.390,3.285,3000
2020-08-14 09:25:00.390,3.285,300
2020-08-14 09:25:00.390,3.285,100
2020-08-14 09:25:00.390,3.285,100
2020-08-14 09:25:00.390,3.285,100
2020-08-14 09:25:00.390,3.285,100
2020-08-14 09:25:00.390,3.285,10000
2020-08-14 09:25:00.390,3.285,1300
2020-08-14 09:25:00.390,3.285,100
2020-08-14 09:25:00.390,3.285,100
2020-08-14 09:25:00.390,3.285,100
2020-08-14 09:25:00.390,3.285,11700
2020-08-14 09:25:00.390,3.285,800
2020-08-14 09:25:00.390,3.285,2000
2020-08-14 09:25:00.390,3.285,5000
2020-08-14 09:25:00.390,3.285,500
2020-08-14 09:25:00.390,3.285,100
2020-08-14 09:25:00.390,3.285,10000
2020-08-14 09:25:00.390,3.285,400
2020-08-14 09:25:00.390,3.285,100
2020-08-14 09:25:00.390,3.285,1000
2020-08-14 09:25:00.390,3.285,100
2020-08-14 09:25:00.390,3.285,17000
2020-08-14 09:25:00.390,3.285,100
2020-08-14 09:25:00.390,3.285,100
2020-08-14 09:25:00.390,3.285,100
2020-08-14 09:25:00.390,3.285,400
2020-08-14 09:25:00.390,3.285,700
2020-08-14 09:25:00.390,3.285,100
2020-08-14 09:25:00.390,3.285,4300
2020-08-14 09:25:00.390,3.285,100
2020-08-14 09:25:00.390,3.285,40400
2020-08-14 09:25:00.390,3.285,800
2020-08-14 09:25:00.390,3.285,20000
2020-08-14 09:25:00.390,3.285,200
2020-08-14 09:25:00.390,3.285,100
2020-08-14 09:25:00.390,3.285,1000
2020-08-14 09:25:00.390,3.285,600
2020-08-14 09:25:00.390,3.285,500
2020-08-14 09:25:00.390,3.285,2500
2020-08-14 09:25:00.390,3.285,100
2020-08-14 09:25:00.390,3.285,100
2020-08-14 09:25:00.390,3.285,100
2020-08-14 09:25:00.390,3.285,56000
2020-08-14 09:25:00.390,3.285,100
2020-08-14 09:25:00.390,3.285,200
2020-08-14 09:25:00.390,3.285,200
2020-08-14 09:25:00.390,3.285,100
2020-08-14 09:25:00.390,3.285,100
2020-08-14 09:25:00.390,3.285,4000
2020-08-14 09:25:00.390,3.285,3100
2020-08-14 09:25:00.390,3.285,100
2020-08-14 09:25:00.390,3.285,1400
2020-08-14 09:25:00.390,3.285,100
2020-08-14 09:25:00.390,3.285,200
2020-08-14 09:25:00.390,3.285,100
2020-08-14 09:25:00.390,3.285,100
2020-08-14 09:25:00.390,3.285,300
2020-08-14 09:25:00.390,3.285,2100
2020-08-14 09:25:00.390,3.285,1200
2020-08-14 09:25:00.390,3.285,15000
2020-08-14 09:25:00.390,3.285,10200
2020-08-14 09:25:00.390,3.285,3000
2020-08-14 09:25:00.390,3.285,31600
2020-08-14 09:25:00.390,3.285,2700
2020-08-14 09:25:00.390,3.285,20000
2020-08-14 09:25:00.390,3.285,1200
2020-08-14 09:25:00.390,3.285,4000
2020-08-14 09:25:00.390,3.285,100
2020-08-14 09:25:00.390,3.285,300
2020-08-14 09:25:00.390,3.285,40100
2020-08-14 09:25:00.390,3.285,155500
2020-08-14 09:25:00.390,3.285,58900
2020-08-14 09:25:00.390,3.285,800
2020-08-14 09:25:00.390,3.285,4200
2020-08-14 09:25:00.390,3.285,50200
2020-08-14 09:25:00.390,3.285,700
2020-08-14 09:25:00.390,3.285,6000
2020-08-14 09:25:00.390,3.285,19000
2020-08-14 09:25:00.390,3.285,19900
2020-08-14 09:25:00.390,3.285,200
2020-08-14 09:25:00.390,3.285,100
2020-08-14 09:25:00.390,3.285,59800
2020-08-14 09:25:00.390,3.285,700
2020-08-14 09:25:00.390,3.285,3500
2020-08-14 09:25:00.390,3.285,1500
2020-08-14 09:25:00.390,3.285,1100
2020-08-14 09:25:00.390,3.285,300
2020-08-14 09:25:00.390,3.285,400
2020-08-14 09:25:00.390,3.285,100
2020-08-14 09:25:00.390,3.285,100
2020-08-14 09:25:00.390,3.285,500
2020-08-14 09:25:00.390,3.285,30000
2020-08-14 09:25:00.390,3.285,60000
2020-08-14 09:25:00.390,3.285,7000
2020-08-14 09:25:00.390,3.285,1000
2020-08-14 09:30:00.070,3.285,134000
2020-08-14 09:30:00.070,3.285,5000
2020-08-14 09:30:00.070,3.285,10000
2020-08-14 09:30:00.070,3.285,5500
2020-08-14 09:30:00.070,3.285,100
2020-08-14 09:30:00.070,3.285,1500
2020-08-14 09:30:00.200,3.285,100
2020-08-14 09:30:00.390,3.284,200
2020-08-14 09:30:00.390,3.284,100
2020-08-14 09:30:00.390,3.284,700
2020-08-14 09:30:00.480,3.285,2000
2020-08-14 09:30:00.480,3.284,4000
2020-08-14 09:30:00.970,3.284,4600
2020-08-14 09:30:01.320,3.285,100
2020-08-14 09:30:01.320,3.285,200
2020-08-14 09:30:01.610,3.284,63800
2020-08-14 09:30:01.610,3.284,10700
2020-08-14 09:30:01.610,3.285,100
2020-08-14 09:30:01.610,3.284,6800
2020-08-14 09:30:02.010,3.285,4900
2020-08-14 09:30:02.010,3.285,4400
2020-08-14 09:30:02.010,3.285,1800
2020-08-14 09:30:02.010,3.285,10000
2020-08-14 09:30:02.010,3.285,1000
2020-08-14 09:30:02.010,3.285,2800
2020-08-14 09:30:02.120,3.285,200
2020-08-14 09:30:02.370,3.284,300
2020-08-14 09:30:02.600,3.285,5000
2020-08-14 09:30:02.600,3.285,100
2020-08-14 09:30:02.720,3.284,209100
2020-08-14 09:30:02.720,3.284,100
2020-08-14 09:30:02.720,3.283,5000
2020-08-14 09:30:02.720,3.283,200
2020-08-14 09:30:02.720,3.283,100
2020-08-14 09:30:02.720,3.283,500
2020-08-14 09:30:02.720,3.283,100
2020-08-14 09:30:02.720,3.283,300000
2020-08-14 09:30:02.720,3.283,5000
2020-08-14 09:30:02.720,3.283,1600
2020-08-14 09:30:02.720,3.283,1000
2020-08-14 09:30:02.720,3.283,11000
2020-08-14 09:30:02.720,3.283,4900
2020-08-14 09:30:02.720,3.282,200
2020-08-14 09:30:02.720,3.282,100
2020-08-14 09:30:02.720,3.282,6100
2020-08-14 09:30:02.720,3.282,500
2020-08-14 09:30:02.720,3.282,5000
2020-08-14 09:30:02.720,3.282,100
2020-08-14 09:30:02.720,3.281,100
2020-08-14 09:30:02.720,3.281,200
2020-08-14 09:30:02.720,3.281,100
2020-08-14 09:30:02.720,3.281,100
2020-08-14 09:30:02.720,3.281,500
2020-08-14 09:30:02.720,3.281,5000
2020-08-14 09:30:02.720,3.281,100
2020-08-14 09:30:02.720,3.281,53300
2020-08-14 09:30:02.720,3.285,1000
2020-08-14 09:30:02.950,3.284,141500
2020-08-14 09:30:02.950,3.285,20900
2020-08-14 09:30:02.950,3.285,20000
2020-08-14 09:30:02.950,3.285,300000
2020-08-14 09:30:02.950,3.285,59900
2020-08-14 09:30:02.950,3.285,100
2020-08-14 09:30:02.950,3.285,4900
2020-08-14 09:30:02.950,3.285,3000
2020-08-14 09:30:02.950,3.285,100
2020-08-14 09:30:02.950,3.286,100
2020-08-14 09:30:02.950,3.286,1500
2020-08-14 09:30:02.950,3.286,100
2020-08-14 09:30:02.950,3.286,5000
2020-08-14 09:30:02.950,3.286,2400
2020-08-14 09:30:02.950,3.286,60600
2020-08-14 09:30:02.950,3.286,100
2020-08-14 09:30:02.950,3.286,400
2020-08-14 09:30:02.950,3.286,100
2020-08-14 09:30:02.950,3.286,2800
2020-08-14 09:30:02.950,3.286,2300
2020-08-14 09:30:02.950,3.286,2900
2020-08-14 09:30:02.950,3.286,500
2020-08-14 09:30:02.950,3.286,20500
2020-08-14 09:30:02.950,3.286,1400
2020-08-14 09:30:02.950,3.286,1000
2020-08-14 09:30:03.120,3.286,8000
2020-08-14 09:30:03.210,3.286,30000
2020-08-14 09:30:03.350,3.286,400
2020-08-14 09:30:03.350,3.286,2000
2020-08-14 09:30:03.350,3.286,2000
2020-08-14 09:30:03.630,3.286,4000
2020-08-14 09:30:04.110,3.286,177500
2020-08-14 09:30:04.110,3.286,122500
2020-08-14 09:30:04.360,3.286,50000
2020-08-14 09:30:04.360,3.286,181000
2020-08-14 09:30:04.360,3.286,5000
2020-08-14 09:30:04.360,3.286,5000
2020-08-14 09:30:04.360,3.286,300
2020-08-14 09:30:04.360,3.286,2000
2020-08-14 09:30:04.810,3.284,500
2020-08-14 09:30:04.910,3.283,1000
2020-08-14 09:30:04.940,3.284,2500
2020-08-14 09:30:04.940,3.284,2500
2020-08-14 09:30:05.020,3.284,100
2020-08-14 09:30:05.020,3.283,1000
2020-08-14 09:30:05.020,3.283,4000
2020-08-14 09:30:05.160,3.283,2000
2020-08-14 09:30:05.220,3.283,200
2020-08-14 09:30:05.540,3.283,400
2020-08-14 09:30:05.680,3.283,2000
2020-08-14 09:30:05.680,3.283,1000
2020-08-14 09:30:05.900,3.283,20000
2020-08-14 09:30:05.940,3.283,15200
2020-08-14 09:30:06.040,3.283,100000
2020-08-14 09:30:06.070,3.282,500
2020-08-14 09:30:06.070,3.282,5000
2020-08-14 09:30:06.100,3.282,300
2020-08-14 09:30:06.200,3.283,4800
2020-08-14 09:30:06.540,3.283,10000
2020-08-14 09:30:06.640,3.281,20000
2020-08-14 09:30:06.930,3.282,1400
2020-08-14 09:30:07.030,3.282,4000
2020-08-14 09:30:07.590,3.282,3000
2020-08-14 09:30:07.660,3.282,10000
2020-08-14 09:30:07.920,3.281,26700
2020-08-14 09:30:07.920,3.281,20000
2020-08-14 09:30:07.920,3.281,12900
2020-08-14 09:30:07.920,3.281,5100
2020-08-14 09:30:07.920,3.281,300
2020-08-14 09:30:08.270,3.281,100
2020-08-14 09:30:08.370,3.281,300
2020-08-14 09:30:08.600,3.281,10000
2020-08-14 09:30:08.730,3.281,10000
2020-08-14 09:30:08.730,3.281,3000
2020-08-14 09:30:09.250,3.281,5000
2020-08-14 09:30:09.950,3.281,300
2020-08-14 09:30:10.160,3.28,1000
2020-08-14 09:30:10.160,3.28,2000
2020-08-14 09:30:10.160,3.28,5000
2020-08-14 09:30:10.160,3.28,1000
2020-08-14 09:30:10.160,3.28,10000
2020-08-14 09:30:10.160,3.28,200
2020-08-14 09:30:10.160,3.28,100
2020-08-14 09:30:10.160,3.28,100
2020-08-14 09:30:10.160,3.28,600
2020-08-14 09:30:10.800,3.281,500
2020-08-14 09:30:10.970,3.28,400
2020-08-14 09:30:10.970,3.28,3500
2020-08-14 09:30:10.970,3.28,6100
2020-08-14 09:30:10.970,3.28,2000
2020-08-14 09:30:10.970,3.28,500
2020-08-14 09:30:10.970,3.28,10000
2020-08-14 09:30:10.970,3.28,5000
2020-08-14 09:30:10.970,3.28,5000
2020-08-14 09:30:10.970,3.28,15000
2020-08-14 09:30:10.970,3.28,700
2020-08-14 09:30:10.970,3.28,1000
2020-08-14 09:30:10.970,3.28,10000
2020-08-14 09:30:10.970,3.28,100
2020-08-14 09:30:10.970,3.28,10000
2020-08-14 09:30:10.970,3.28,500
2020-08-14 09:30:10.970,3.28,45000
2020-08-14 09:30:10.970,3.28,200
2020-08-14 09:30:10.970,3.28,500
2020-08-14 09:30:10.970,3.28,20000
2020-08-14 09:30:10.970,3.28,200
2020-08-14 09:30:10.970,3.28,200
2020-08-14 09:30:10.970,3.28,1000
2020-08-14 09:30:10.970,3.28,69400
2020-08-14 09:30:11.680,3.28,7400
2020-08-14 09:30:12.360,3.28,23200
2020-08-14 09:30:13.700,3.279,200
2020-08-14 09:30:13.700,3.279,100
2020-08-14 09:30:13.700,3.279,5000
2020-08-14 09:30:13.700,3.279,1000
2020-08-14 09:30:13.700,3.279,3100
2020-08-14 09:30:13.700,3.279,3900
2020-08-14 09:30:13.700,3.279,1000
2020-08-14 09:30:13.700,3.279,200
2020-08-14 09:30:15.400,3.278,100
2020-08-14 09:30:16.610,3.278,100
2020-08-14 09:30:16.610,3.278,100
2020-08-14 09:30:16.610,3.278,6100
2020-08-14 09:30:16.610,3.278,5000
2020-08-14 09:30:16.610,3.278,2000
2020-08-14 09:30:19.230,3.277,3000
2020-08-14 09:30:19.230,3.277,600
2020-08-14 09:30:19.230,3.277,200
2020-08-14 09:30:19.230,3.277,100
2020-08-14 09:30:19.230,3.277,800
2020-08-14 09:30:19.230,3.277,100
2020-08-14 09:30:19.230,3.277,10000
2020-08-14 09:30:19.230,3.277,5000
2020-08-14 09:30:19.230,3.277,6500
2020-08-14 09:30:19.230,3.277,100000
2020-08-14 09:30:19.230,3.277,5000
2020-08-14 09:30:19.790,3.277,500
2020-08-14 09:30:21.120,3.277,168200
2020-08-14 09:30:21.120,3.277,131800
2020-08-14 09:30:22.040,3.277,59900
2020-08-14 09:30:22.530,3.277,57300
2020-08-14 09:30:23.480,3.278,10000
2020-08-14 09:30:24.610,3.279,200
2020-08-14 09:30:24.610,3.279,5000
2020-08-14 09:30:24.610,3.279,90000
2020-08-14 09:30:25.320,3.279,400
2020-08-14 09:30:25.670,3.279,100
2020-08-14 09:30:26.690,3.279,14800
2020-08-14 09:30:26.690,3.28,9400
2020-08-14 09:30:27.660,3.281,1000
2020-08-14 09:30:29.380,3.28,7000
2020-08-14 09:30:29.730,3.282,20000
2020-08-14 09:30:33.200,3.28,2400
2020-08-14 09:30:33.690,3.282,162600
2020-08-14 09:30:34.080,3.282,20000
2020-08-14 09:30:34.820,3.281,2200
2020-08-14 09:30:34.870,3.282,79000
2020-08-14 09:30:34.870,3.282,68100
2020-08-14 09:30:34.870,3.282,500
2020-08-14 09:30:34.870,3.283,3000
2020-08-14 09:30:34.870,3.283,100000
2020-08-14 09:30:34.870,3.284,3000
2020-08-14 09:30:34.870,3.285,2000
2020-08-14 09:30:34.870,3.285,2000
2020-08-14 09:30:34.870,3.285,200
2020-08-14 09:30:34.870,3.285,500
2020-08-14 09:30:34.870,3.285,2000
2020-08-14 09:30:34.870,3.285,10000
2020-08-14 09:30:34.870,3.285,29700
2020-08-14 09:30:35.520,3.285,16000
2020-08-14 09:30:36.180,3.285,16000
2020-08-14 09:30:37.920,3.283,32500
2020-08-14 09:30:41.010,3.283,267500
2020-08-14 09:30:44.810,3.283,3500
2020-08-14 09:30:44.970,3.284,5000
2020-08-14 09:30:52.030,3.283,11400
2020-08-14 09:30:53.050,3.285,14500
2020-08-14 09:30:53.050,3.285,30000
2020-08-14 09:30:53.050,3.285,3800
2020-08-14 09:30:53.050,3.285,9000
2020-08-14 09:30:57.960,3.284,2100
2020-08-14 09:30:58.300,3.284,10000
2020-08-14 09:30:58.780,3.284,10000
2020-08-14 09:30:58.940,3.284,277900
2020-08-14 09:30:59.520,3.284,500
2020-08-14 09:30:59.630,3.283,39000
2020-08-14 09:30:59.630,3.283,30000
2020-08-14 09:30:59.630,3.283,110300
2020-08-14 09:30:59.940,3.283,5000
2020-08-14 09:31:01.800,3.282,10000
2020-08-14 09:31:02.800,3.283,2000
2020-08-14 09:31:03.290,3.283,50000
2020-08-14 09:31:03.320,3.283,100
2020-08-14 09:31:05.970,3.282,300
2020-08-14 09:31:09.120,3.283,2000
2020-08-14 09:31:10.110,3.283,15900
2020-08-14 09:31:10.110,3.283,50000
2020-08-14 09:31:10.760,3.283,58200
2020-08-14 09:31:11.580,3.283,3000
2020-08-14 09:31:12.810,3.283,8200
2020-08-14 09:31:13.030,3.284,13900
2020-08-14 09:31:13.030,3.284,10000
2020-08-14 09:31:13.030,3.284,10000
2020-08-14 09:31:13.030,3.284,10000
2020-08-14 09:31:13.030,3.284,10000
2020-08-14 09:31:13.030,3.284,10000
2020-08-14 09:31:13.030,3.284,57900
2020-08-14 09:31:13.300,3.284,3800
2020-08-14 09:31:13.300,3.284,38900
2020-08-14 09:31:13.530,3.284,24900
2020-08-14 09:31:13.530,3.284,21500
2020-08-14 09:31:13.790,3.284,20800
2020-08-14 09:31:13.790,3.284,14300
2020-08-14 09:31:16.590,3.283,10000
2020-08-14 09:31:17.400,3.284,90000
2020-08-14 09:31:18.070,3.283,154700
2020-08-14 09:31:18.070,3.283,11800
2020-08-14 09:31:18.070,3.283,31400
2020-08-14 09:31:18.070,3.283,1000
2020-08-14 09:31:18.070,3.283,400
2020-08-14 09:31:18.070,3.282,9700
2020-08-14 09:31:18.070,3.282,17600
2020-08-14 09:31:20.930,3.283,7200
2020-08-14 09:31:20.930,3.283,500
2020-08-14 09:31:21.760,3.284,27900
2020-08-14 09:31:21.820,3.284,10000
2020-08-14 09:31:23.990,3.284,2000
2020-08-14 09:31:26.100,3.284,600
2020-08-14 09:31:26.690,3.284,3000
2020-08-14 09:31:28.140,3.284,3000
2020-08-14 09:31:28.190,3.284,40000
2020-08-14 09:31:29.510,3.285,10000
2020-08-14 09:31:29.510,3.285,6300
2020-08-14 09:31:29.510,3.285,100
2020-08-14 09:31:29.510,3.285,30000
2020-08-14 09:31:29.510,3.285,6500
2020-08-14 09:31:30.780,3.286,5000
2020-08-14 09:31:36.140,3.285,30000
2020-08-14 09:31:36.700,3.286,48000
2020-08-14 09:31:36.700,3.286,500
2020-08-14 09:31:37.010,3.286,10000
2020-08-14 09:31:38.120,3.285,10000
2020-08-14 09:31:38.510,3.286,5000
2020-08-14 09:31:38.510,3.285,2400
2020-08-14 09:31:41.820,3.287,100
2020-08-14 09:31:42.380,3.286,4700
2020-08-14 09:31:43.580,3.286,1300
2020-08-14 09:31:43.720,3.286,3100
2020-08-14 09:31:44.090,3.286,84200
2020-08-14 09:31:45.670,3.286,1900
2020-08-14 09:31:48.090,3.286,200
2020-08-14 09:31:48.090,3.286,2800
2020-08-14 09:31:52.490,3.287,300
2020-08-14 09:31:53.130,3.287,100
2020-08-14 09:31:57.720,3.286,57200
2020-08-14 09:31:57.720,3.286,3000
2020-08-14 09:31:57.720,3.286,31500
2020-08-14 09:31:57.720,3.286,2000
2020-08-14 09:32:04.810,3.286,10000
2020-08-14 09:32:04.810,3.286,10000
2020-08-14 09:32:04.810,3.286,3500
2020-08-14 09:32:04.810,3.286,30000
2020-08-14 09:32:04.810,3.286,13000
2020-08-14 09:32:07.260,3.287,5000
2020-08-14 09:32:08.090,3.285,2300
2020-08-14 09:32:08.090,3.285,1500
2020-08-14 09:32:08.090,3.285,2900
2020-08-14 09:32:10.410,3.285,100
2020-08-14 09:32:11.150,3.285,200
2020-08-14 09:32:14.780,3.286,1500
2020-08-14 09:32:15.600,3.286,100
2020-08-14 09:32:15.860,3.286,40000
2020-08-14 09:32:16.200,3.286,39900
2020-08-14 09:32:16.200,3.285,26800
2020-08-14 09:32:16.200,3.285,200
2020-08-14 09:32:16.200,3.285,50400
2020-08-14 09:32:16.200,3.285,4600
2020-08-14 09:32:16.200,3.285,50000
2020-08-14 09:32:16.200,3.285,78100
2020-08-14 09:32:17.670,3.287,400
2020-08-14 09:32:19.450,3.286,15900
2020-08-14 09:32:20.720,3.286,95000
2020-08-14 09:32:20.870,3.285,4000
2020-08-14 09:32:23.640,3.286,100
2020-08-14 09:32:23.640,3.286,300
2020-08-14 09:32:25.700,3.286,100
2020-08-14 09:32:25.740,3.285,300
2020-08-14 09:32:26.540,3.286,3000
2020-08-14 09:32:28.480,3.285,1000
2020-08-14 09:32:29.570,3.286,1600
2020-08-14 09:32:29.570,3.286,38400
2020-08-14 09:32:31.290,3.286,79400
2020-08-14 09:32:31.290,3.286,10000
2020-08-14 09:32:31.410,3.286,10600
2020-08-14 09:32:34.940,3.287,100
2020-08-14 09:32:36.350,3.286,100
2020-08-14 09:32:36.350,3.286,6900
2020-08-14 09:32:39.260,3.286,4100
2020-08-14 09:32:40.780,3.286,4100
2020-08-14 09:32:42.240,3.286,100
2020-08-14 09:32:42.450,3.286,3400
2020-08-14 09:32:44.120,3.286,3400
2020-08-14 09:32:44.810,3.286,100
2020-08-14 09:32:45.600,3.286,2500
2020-08-14 09:32:47.640,3.286,100
2020-08-14 09:32:47.640,3.286,5000
2020-08-14 09:32:47.640,3.285,16600
2020-08-14 09:32:47.640,3.285,60000
2020-08-14 09:32:47.640,3.285,4300
2020-08-14 09:32:47.640,3.285,1700
2020-08-14 09:32:47.640,3.285,2100
2020-08-14 09:32:47.640,3.285,8000
2020-08-14 09:32:47.640,3.285,2200
2020-08-14 09:32:47.700,3.285,15000
2020-08-14 09:32:53.710,3.286,500
2020-08-14 09:32:55.350,3.286,1000
2020-08-14 09:32:55.750,3.286,9000
2020-08-14 09:32:57.550,3.285,12800
2020-08-14 09:32:57.550,3.285,5600
2020-08-14 09:32:57.550,3.285,400
2020-08-14 09:32:57.550,3.285,1000
2020-08-14 09:32:57.550,3.285,2200
2020-08-14 09:32:57.810,3.285,1000
2020-08-14 09:32:58.370,3.285,170000
2020-08-14 09:32:59.870,3.285,40800
2020-08-14 09:32:59.870,3.284,5000
2020-08-14 09:32:59.870,3.284,2000
2020-08-14 09:32:59.870,3.284,10000
2020-08-14 09:32:59.870,3.284,32200
2020-08-14 09:33:02.550,3.285,1900
2020-08-14 09:33:02.550,3.284,88100
2020-08-14 09:33:02.920,3.284,7500
2020-08-14 09:33:05.520,3.285,20000
2020-08-14 09:33:05.520,3.285,5000
2020-08-14 09:33:05.590,3.284,65000
2020-08-14 09:33:05.590,3.286,11000
2020-08-14 09:33:05.590,3.286,15600
2020-08-14 09:33:06.480,3.286,100
2020-08-14 09:33:07.630,3.285,400
2020-08-14 09:33:07.630,3.286,100
2020-08-14 09:33:08.780,3.286,700
2020-08-14 09:33:10.680,3.286,100
2020-08-14 09:33:14.650,3.285,11300
2020-08-14 09:33:14.650,3.285,7200
2020-08-14 09:33:14.650,3.285,1100
2020-08-14 09:33:14.650,3.286,3400
2020-08-14 09:33:14.650,3.286,400
2020-08-14 09:33:14.650,3.286,5000
2020-08-14 09:33:14.650,3.286,5000
2020-08-14 09:33:14.650,3.286,64000
2020-08-14 09:33:15.150,3.286,12600
2020-08-14 09:33:15.520,3.286,10000
2020-08-14 09:33:15.520,3.285,10000
2020-08-14 09:33:15.520,3.284,40000
2020-08-14 09:33:15.520,3.284,10000
2020-08-14 09:33:15.520,3.284,1000
2020-08-14 09:33:15.520,3.284,200
2020-08-14 09:33:15.870,3.284,62800
2020-08-14 09:33:16.220,3.283,1400
2020-08-14 09:33:16.590,3.284,500
2020-08-14 09:33:16.590,3.283,18600
2020-08-14 09:33:16.590,3.283,1000
2020-08-14 09:33:16.590,3.283,2000
2020-08-14 09:33:16.590,3.283,2000
2020-08-14 09:33:16.590,3.283,10000
2020-08-14 09:33:16.590,3.283,266400
2020-08-14 09:33:17.070,3.284,7000
2020-08-14 09:33:17.840,3.284,60000
2020-08-14 09:33:17.900,3.284,23000
2020-08-14 09:33:18.620,3.285,1000
2020-08-14 09:33:18.830,3.285,5000
2020-08-14 09:33:20.370,3.286,500
2020-08-14 09:33:22.470,3.286,5500
2020-08-14 09:33:32.810,3.285,300
2020-08-14 09:33:34.310,3.286,2000
2020-08-14 09:33:35.420,3.285,500
2020-08-14 09:33:35.420,3.285,1000
2020-08-14 09:33:35.500,3.286,200
2020-08-14 09:33:37.640,3.286,7800
2020-08-14 09:33:37.640,3.286,46300
2020-08-14 09:33:37.640,3.286,400
2020-08-14 09:33:38.140,3.286,1000
2020-08-14 09:33:42.700,3.286,700
2020-08-14 09:33:44.460,3.287,800
2020-08-14 09:33:44.540,3.286,1000
2020-08-14 09:33:46.970,3.287,26200
2020-08-14 09:33:46.970,3.287,200
2020-08-14 09:33:46.970,3.287,5000
2020-08-14 09:33:46.970,3.287,600
2020-08-14 09:33:47.510,3.287,1400
2020-08-14 09:33:47.510,3.287,3300
2020-08-14 09:33:47.510,3.287,100
2020-08-14 09:33:47.510,3.287,20000
2020-08-14 09:33:47.510,3.287,600
2020-08-14 09:33:47.510,3.287,10000
2020-08-14 09:33:47.510,3.287,58200
2020-08-14 09:33:47.510,3.287,3000
2020-08-14 09:33:47.510,3.287,10000
2020-08-14 09:33:47.510,3.287,2000
2020-08-14 09:33:47.510,3.287,6000
2020-08-14 09:33:47.510,3.287,200
2020-08-14 09:33:47.510,3.287,1000
2020-08-14 09:33:47.510,3.287,23900
2020-08-14 09:33:47.510,3.287,100
2020-08-14 09:33:48.120,3.287,200
2020-08-14 09:33:48.860,3.287,160000
2020-08-14 09:33:49.320,3.286,7600
2020-08-14 09:33:49.610,3.287,22500
2020-08-14 09:33:51.510,3.287,2000
2020-08-14 09:33:51.510,3.287,2000
2020-08-14 09:33:53.080,3.288,24600
2020-08-14 09:33:53.080,3.288,2000
2020-08-14 09:33:53.080,3.288,20000
2020-08-14 09:33:53.080,3.288,2800
2020-08-14 09:33:53.080,3.288,2100
2020-08-14 09:33:53.080,3.288,5000
2020-08-14 09:33:53.080,3.288,6000
2020-08-14 09:33:53.080,3.288,20000
2020-08-14 09:33:53.080,3.288,10000
2020-08-14 09:33:53.080,3.288,2000
2020-08-14 09:33:53.080,3.288,100
2020-08-14 09:33:53.080,3.288,2000
2020-08-14 09:33:53.350,3.288,2000
2020-08-14 09:33:54.500,3.289,10000
2020-08-14 09:33:54.500,3.289,8000
2020-08-14 09:33:54.500,3.289,10000
2020-08-14 09:33:54.500,3.289,100
2020-08-14 09:33:54.500,3.289,5000
2020-08-14 09:33:54.500,3.289,3100
2020-08-14 09:33:54.500,3.289,20000
2020-08-14 09:33:54.500,3.289,2000
2020-08-14 09:33:54.500,3.289,100
2020-08-14 09:33:54.500,3.289,7000
2020-08-14 09:33:54.500,3.289,4000
2020-08-14 09:33:55.140,3.289,152000
2020-08-14 09:33:55.940,3.289,2000
2020-08-14 09:33:55.990,3.289,2000
2020-08-14 09:33:56.100,3.289,2000
2020-08-14 09:33:56.450,3.289,2000
2020-08-14 09:33:56.540,3.289,2000
2020-08-14 09:33:56.570,3.289,2000
2020-08-14 09:33:56.590,3.289,2000
2020-08-14 09:34:00.950,3.289,3500
2020-08-14 09:34:04.590,3.289,40000
2020-08-14 09:34:04.810,3.289,21200
2020-08-14 09:34:04.810,3.289,234900
2020-08-14 09:34:04.810,3.289,50000
2020-08-14 09:34:04.810,3.289,3300
2020-08-14 09:34:06.250,3.289,20000
2020-08-14 09:34:06.640,3.288,5000
2020-08-14 09:34:08.030,3.288,5000
2020-08-14 09:34:08.030,3.288,35000
2020-08-14 09:34:09.100,3.289,2100
2020-08-14 09:34:11.190,3.289,5000
2020-08-14 09:34:12.080,3.289,5000
2020-08-14 09:34:12.190,3.289,141500
2020-08-14 09:34:12.470,3.289,200
2020-08-14 09:34:14.160,3.289,11000
2020-08-14 09:34:15.590,3.289,3100
2020-08-14 09:34:16.270,3.289,4000
2020-08-14 09:34:19.390,3.288,90000
2020-08-14 09:34:19.390,3.289,120100
2020-08-14 09:34:21.900,3.289,100
2020-08-14 09:34:23.990,3.289,100
2020-08-14 09:34:24.450,3.288,10000
2020-08-14 09:34:24.450,3.287,28500
2020-08-14 09:34:31.840,3.289,7800
2020-08-14 09:34:31.840,3.289,2200
2020-08-14 09:34:32.850,3.289,7800
2020-08-14 09:34:32.850,3.289,45700
2020-08-14 09:34:33.080,3.287,20000
2020-08-14 09:34:35.220,3.287,2500
2020-08-14 09:34:41.830,3.289,13700
2020-08-14 09:34:44.180,3.288,200
2020-08-14 09:34:46.630,3.288,100
2020-08-14 09:34:49.480,3.288,15000
2020-08-14 09:34:53.540,3.289,5200
2020-08-14 09:34:54.170,3.288,3000
2020-08-14 09:34:54.320,3.289,1700
2020-08-14 09:34:55.880,3.288,1700
2020-08-14 09:34:55.880,3.288,10000
2020-08-14 09:34:55.880,3.288,10000
2020-08-14 09:34:57.090,3.287,90000
2020-08-14 09:34:57.340,3.288,100
2020-08-14 09:35:01.190,3.287,41400
2020-08-14 09:35:01.190,3.287,10000
2020-08-14 09:35:01.190,3.287,200
2020-08-14 09:35:01.190,3.287,300
2020-08-14 09:35:01.190,3.287,10000
2020-08-14 09:35:02.860,3.287,28100
2020-08-14 09:35:02.860,3.287,5000
2020-08-14 09:35:03.740,3.288,2800
2020-08-14 09:35:03.740,3.288,1100
2020-08-14 09:35:03.740,3.288,200
2020-08-14 09:35:03.740,3.288,5000
2020-08-14 09:35:03.740,3.288,300
2020-08-14 09:35:03.740,3.288,34500
2020-08-14 09:35:03.740,3.289,233700
2020-08-14 09:35:03.740,3.289,10000
2020-08-14 09:35:03.740,3.289,200
2020-08-14 09:35:03.740,3.289,11900
2020-08-14 09:35:05.010,3.288,40000
2020-08-14 09:35:05.150,3.287,5500
2020-08-14 09:35:05.770,3.288,40000
2020-08-14 09:35:05.790,3.288,10000
2020-08-14 09:35:06.610,3.288,500
2020-08-14 09:35:08.840,3.289,18100
2020-08-14 09:35:08.840,3.289,8700
2020-08-14 09:35:08.840,3.289,38000
2020-08-14 09:35:08.840,3.289,300
2020-08-14 09:35:08.840,3.289,4900
2020-08-14 09:35:08.840,3.289,23600
2020-08-14 09:35:09.170,3.289,40000
2020-08-14 09:35:10.440,3.289,500
2020-08-14 09:35:10.850,3.29,200
2020-08-14 09:35:10.850,3.29,2000
2020-08-14 09:35:10.850,3.29,7900
2020-08-14 09:35:10.850,3.29,3700
2020-08-14 09:35:10.850,3.29,1000
2020-08-14 09:35:10.850,3.29,200
2020-08-14 09:35:10.850,3.29,15000
2020-08-14 09:35:10.850,3.29,2000
2020-08-14 09:35:10.850,3.29,1000
2020-08-14 09:35:10.850,3.29,5000
2020-08-14 09:35:10.850,3.29,3500
2020-08-14 09:35:10.850,3.29,6000
2020-08-14 09:35:10.850,3.29,10000
2020-08-14 09:35:10.850,3.29,20000
2020-08-14 09:35:10.850,3.29,100
2020-08-14 09:35:10.850,3.29,2000
2020-08-14 09:35:10.850,3.29,100
2020-08-14 09:35:10.850,3.29,3900
2020-08-14 09:35:10.850,3.29,300
2020-08-14 09:35:10.850,3.29,4000
2020-08-14 09:35:10.850,3.29,2000
2020-08-14 09:35:10.850,3.29,5000
2020-08-14 09:35:10.850,3.29,4000
2020-08-14 09:35:10.850,3.29,100000
2020-08-14 09:35:10.970,3.289,200
2020-08-14 09:35:11.810,3.291,1000
2020-08-14 09:35:11.810,3.291,500
2020-08-14 09:35:11.810,3.291,5000
2020-08-14 09:35:11.810,3.291,100
2020-08-14 09:35:11.810,3.291,13400
2020-08-14 09:35:12.000,3.29,40000
2020-08-14 09:35:12.000,3.29,10000
2020-08-14 09:35:14.870,3.291,6600
2020-08-14 09:35:14.870,3.292,7900
2020-08-14 09:35:16.070,3.29,10900
2020-08-14 09:35:19.780,3.291,100
2020-08-14 09:35:21.700,3.29,500
2020-08-14 09:35:22.970,3.289,1500
2020-08-14 09:35:22.970,3.289,1600
2020-08-14 09:35:22.970,3.291,2300
2020-08-14 09:35:23.630,3.288,20000
2020-08-14 09:35:23.630,3.288,2800
2020-08-14 09:35:23.630,3.288,100
2020-08-14 09:35:23.680,3.29,200
2020-08-14 09:35:24.250,3.288,800
2020-08-14 09:35:24.480,3.288,200
2020-08-14 09:35:24.870,3.288,3000
2020-08-14 09:35:33.180,3.29,53500
2020-08-14 09:35:33.920,3.29,4300
2020-08-14 09:35:35.370,3.29,22900
2020-08-14 09:35:38.650,3.288,900
2020-08-14 09:35:38.650,3.288,2300
2020-08-14 09:35:38.650,3.288,100
2020-08-14 09:35:38.650,3.288,5500
2020-08-14 09:35:40.780,3.288,2200
2020-08-14 09:35:42.310,3.289,300
2020-08-14 09:35:44.490,3.288,5000
2020-08-14 09:35:48.930,3.289,89700
2020-08-14 09:35:48.930,3.289,10000
2020-08-14 09:35:48.930,3.289,500
2020-08-14 09:35:50.070,3.289,9500
2020-08-14 09:35:50.500,3.289,7600
2020-08-14 09:35:51.230,3.289,2900
2020-08-14 09:35:53.060,3.289,44100
2020-08-14 09:35:53.610,3.29,10000
2020-08-14 09:35:59.120,3.29,1000
2020-08-14 09:35:59.290,3.289,6600
2020-08-14 09:36:03.570,3.29,6500
2020-08-14 09:36:05.120,3.29,300
2020-08-14 09:36:05.860,3.29,201500
2020-08-14 09:36:05.860,3.29,1000
2020-08-14 09:36:05.860,3.29,20000
2020-08-14 09:36:05.860,3.29,400
2020-08-14 09:36:05.860,3.29,30000
2020-08-14 09:36:08.030,3.291,600
2020-08-14 09:36:08.030,3.291,29400
2020-08-14 09:36:08.370,3.29,2000
2020-08-14 09:36:08.870,3.291,600
2020-08-14 09:36:08.870,3.291,5000
2020-08-14 09:36:08.870,3.291,100
2020-08-14 09:36:08.870,3.291,1500
2020-08-14 09:36:08.870,3.291,5000
2020-08-14 09:36:09.700,3.291,500
2020-08-14 09:36:10.090,3.291,100
2020-08-14 09:36:10.650,3.291,100
2020-08-14 09:36:13.410,3.292,2100
2020-08-14 09:36:13.410,3.292,100
2020-08-14 09:36:13.410,3.292,5000
2020-08-14 09:36:13.410,3.292,1000
2020-08-14 09:36:13.410,3.292,7700
2020-08-14 09:36:13.410,3.292,1500
2020-08-14 09:36:13.410,3.292,500
2020-08-14 09:36:13.410,3.292,6000
2020-08-14 09:36:13.410,3.292,5000
2020-08-14 09:36:13.410,3.292,100
2020-08-14 09:36:13.410,3.292,1500
2020-08-14 09:36:13.410,3.292,17300
2020-08-14 09:36:13.410,3.292,25100
2020-08-14 09:36:13.410,3.292,10000
2020-08-14 09:36:13.410,3.292,50000
2020-08-14 09:36:13.410,3.292,300
2020-08-14 09:36:13.410,3.292,2000
2020-08-14 09:36:13.410,3.292,6200
2020-08-14 09:36:13.410,3.292,500
2020-08-14 09:36:13.410,3.292,100000
2020-08-14 09:36:14.840,3.292,800
2020-08-14 09:36:17.100,3.292,1000
2020-08-14 09:36:17.100,3.292,10000
2020-08-14 09:36:17.270,3.293,1000
2020-08-14 09:36:17.270,3.293,10000
2020-08-14 09:36:17.270,3.293,11100
2020-08-14 09:36:17.270,3.293,9600
2020-08-14 09:36:17.270,3.293,10200
2020-08-14 09:36:17.270,3.293,8200
2020-08-14 09:36:17.270,3.293,1600
2020-08-14 09:36:17.270,3.293,100
2020-08-14 09:36:17.270,3.293,500
2020-08-14 09:36:17.270,3.293,5000
2020-08-14 09:36:17.270,3.293,100
2020-08-14 09:36:17.270,3.293,2800
2020-08-14 09:36:17.270,3.293,5000
2020-08-14 09:36:17.270,3.293,20000
2020-08-14 09:36:17.270,3.293,10000
2020-08-14 09:36:17.270,3.293,300000
2020-08-14 09:36:17.270,3.293,15000
2020-08-14 09:36:17.270,3.293,5000
2020-08-14 09:36:20.060,3.293,3000
2020-08-14 09:36:21.580,3.293,500
2020-08-14 09:36:21.930,3.293,400
2020-08-14 09:36:22.590,3.293,9100
2020-08-14 09:36:22.590,3.293,50000
2020-08-14 09:36:22.590,3.292,1000
2020-08-14 09:36:23.840,3.292,1300
2020-08-14 09:36:25.100,3.294,10000
2020-08-14 09:36:25.100,3.294,5000
2020-08-14 09:36:25.100,3.294,4100
2020-08-14 09:36:26.220,3.292,10000
2020-08-14 09:36:29.030,3.292,34000
2020-08-14 09:36:31.640,3.292,100
2020-08-14 09:36:33.080,3.292,35900
2020-08-14 09:36:37.900,3.292,500
2020-08-14 09:36:41.410,3.292,700
2020-08-14 09:36:41.410,3.292,3400
2020-08-14 09:36:46.840,3.292,74800
2020-08-14 09:36:46.840,3.292,300
2020-08-14 09:36:46.840,3.292,400
2020-08-14 09:36:46.840,3.292,2000
2020-08-14 09:36:49.480,3.292,1500
2020-08-14 09:36:50.740,3.293,1000
2020-08-14 09:36:53.810,3.293,5000
2020-08-14 09:36:54.250,3.292,23200
2020-08-14 09:36:59.210,3.293,100
2020-08-14 09:36:59.400,3.293,900
2020-08-14 09:36:59.450,3.293,400
2020-08-14 09:37:01.950,3.293,1300
2020-08-14 09:37:01.950,3.293,800
2020-08-14 09:37:01.950,3.293,300
2020-08-14 09:37:07.620,3.293,100
2020-08-14 09:37:07.620,3.293,2000
2020-08-14 09:37:07.620,3.293,400
2020-08-14 09:37:07.950,3.293,9600
2020-08-14 09:37:07.950,3.293,5000
2020-08-14 09:37:07.950,3.293,30000
2020-08-14 09:37:07.950,3.293,20000
2020-08-14 09:37:07.950,3.293,500
2020-08-14 09:37:07.950,3.293,2900
2020-08-14 09:37:07.950,3.293,10000
2020-08-14 09:37:07.950,3.293,3700
2020-08-14 09:37:07.950,3.293,200
2020-08-14 09:37:07.950,3.293,7400
2020-08-14 09:37:08.320,3.294,1900
2020-08-14 09:37:08.320,3.294,105100
2020-08-14 09:37:08.320,3.294,1000
2020-08-14 09:37:08.320,3.294,100
2020-08-14 09:37:08.320,3.294,500
2020-08-14 09:37:08.320,3.294,100
2020-08-14 09:37:08.320,3.294,10000
2020-08-14 09:37:08.320,3.294,600
2020-08-14 09:37:08.320,3.294,400
2020-08-14 09:37:08.320,3.294,50000
2020-08-14 09:37:08.320,3.294,130300
2020-08-14 09:37:08.490,3.293,5000
2020-08-14 09:37:11.850,3.293,40000
2020-08-14 09:37:13.400,3.293,2700
2020-08-14 09:37:14.180,3.293,1400
2020-08-14 09:37:14.310,3.293,100
2020-08-14 09:37:14.550,3.293,300
2020-08-14 09:37:14.940,3.294,7600
2020-08-14 09:37:16.310,3.293,500
2020-08-14 09:37:16.540,3.293,3000
2020-08-14 09:37:17.140,3.293,2000
2020-08-14 09:37:20.120,3.293,10000
2020-08-14 09:37:20.860,3.293,10000
2020-08-14 09:37:23.550,3.293,85700
2020-08-14 09:37:23.550,3.293,500
2020-08-14 09:37:23.550,3.293,1000
2020-08-14 09:37:23.550,3.293,45000
2020-08-14 09:37:23.550,3.293,2400
2020-08-14 09:37:23.910,3.293,44800
2020-08-14 09:37:24.240,3.293,500
2020-08-14 09:37:24.270,3.293,300000
2020-08-14 09:37:26.280,3.293,1000
2020-08-14 09:37:26.480,3.293,19100
2020-08-14 09:37:26.480,3.293,1800
2020-08-14 09:37:26.480,3.293,3000
2020-08-14 09:37:26.480,3.293,100
2020-08-14 09:37:27.910,3.293,800
2020-08-14 09:37:28.380,3.294,10000
2020-08-14 09:37:28.430,3.294,300
2020-08-14 09:37:28.430,3.294,106600
2020-08-14 09:37:30.130,3.293,100
2020-08-14 09:37:31.240,3.293,300000
2020-08-14 09:37:33.660,3.293,8900
2020-08-14 09:37:34.010,3.293,3000
2020-08-14 09:37:34.390,3.294,45200
2020-08-14 09:37:34.390,3.294,3000
2020-08-14 09:37:34.390,3.294,25000
2020-08-14 09:37:34.390,3.294,3100
2020-08-14 09:37:34.390,3.294,2000
2020-08-14 09:37:34.390,3.294,5000
2020-08-14 09:37:34.390,3.294,10000
2020-08-14 09:37:34.390,3.294,5000
2020-08-14 09:37:34.390,3.294,200
2020-08-14 09:37:34.390,3.294,2000
2020-08-14 09:37:34.390,3.294,50000
2020-08-14 09:37:34.390,3.294,50000
2020-08-14 09:37:34.390,3.294,3000
2020-08-14 09:37:34.390,3.294,11500
2020-08-14 09:37:34.390,3.294,5000
2020-08-14 09:37:34.390,3.294,2000
2020-08-14 09:37:35.600,3.294,500
2020-08-14 09:37:36.640,3.294,3000
2020-08-14 09:37:37.410,3.294,30500
2020-08-14 09:37:39.750,3.294,3000
2020-08-14 09:37:41.460,3.294,20000
2020-08-14 09:37:42.920,3.294,21000
2020-08-14 09:37:42.920,3.294,10000
2020-08-14 09:37:42.920,3.294,271100
2020-08-14 09:37:43.040,3.294,28900
2020-08-14 09:37:43.160,3.294,10000
2020-08-14 09:37:44.830,3.294,153200
2020-08-14 09:37:46.980,3.294,7300
2020-08-14 09:37:47.530,3.294,3000
2020-08-14 09:37:48.710,3.293,2000
2020-08-14 09:37:48.710,3.293,100
2020-08-14 09:37:48.710,3.293,6800
2020-08-14 09:37:52.620,3.293,600
2020-08-14 09:37:53.640,3.293,38800
2020-08-14 09:37:55.040,3.292,2700
2020-08-14 09:37:56.430,3.293,300000
2020-08-14 09:37:56.750,3.293,400
2020-08-14 09:37:57.540,3.293,160200
2020-08-14 09:37:57.540,3.294,97600
2020-08-14 09:37:57.540,3.294,42200
2020-08-14 09:37:59.340,3.294,100
2020-08-14 09:37:59.340,3.294,9300
2020-08-14 09:37:59.340,3.294,20000
2020-08-14 09:37:59.340,3.294,600
2020-08-14 09:37:59.710,3.292,100
2020-08-14 09:38:05.160,3.292,60000
2020-08-14 09:38:08.410,3.293,1600
2020-08-14 09:38:09.620,3.293,1000
2020-08-14 09:38:10.330,3.293,1500
2020-08-14 09:38:11.570,3.294,15100
2020-08-14 09:38:13.850,3.294,3100
2020-08-14 09:38:14.130,3.293,10000
2020-08-14 09:38:15.470,3.293,5900
2020-08-14 09:38:15.470,3.293,1400
2020-08-14 09:38:15.530,3.294,1400
2020-08-14 09:38:16.780,3.293,1000
2020-08-14 09:38:22.500,3.293,297600
2020-08-14 09:38:23.200,3.292,1000
2020-08-14 09:38:23.510,3.293,500
2020-08-14 09:38:23.960,3.292,1600
2020-08-14 09:38:25.510,3.292,10000
2020-08-14 09:38:25.770,3.292,23300
2020-08-14 09:38:26.490,3.293,1900
2020-08-14 09:38:26.680,3.293,7000
2020-08-14 09:38:27.090,3.294,10400
2020-08-14 09:38:27.090,3.294,2700
2020-08-14 09:38:27.090,3.294,500
2020-08-14 09:38:29.230,3.293,100
2020-08-14 09:38:32.820,3.293,100
2020-08-14 09:38:32.820,3.293,700
2020-08-14 09:38:35.090,3.293,2200
2020-08-14 09:38:35.090,3.293,200000
2020-08-14 09:38:35.090,3.294,97800
2020-08-14 09:38:41.510,3.292,100
2020-08-14 09:38:43.260,3.293,1000
2020-08-14 09:38:43.260,3.293,1000
2020-08-14 09:38:43.260,3.293,12600
2020-08-14 09:38:43.260,3.293,20000
2020-08-14 09:38:44.630,3.294,48200
2020-08-14 09:38:45.130,3.293,100000
2020-08-14 09:38:48.510,3.294,53500
2020-08-14 09:38:48.510,3.294,10000
2020-08-14 09:38:48.510,3.294,300
2020-08-14 09:38:48.510,3.294,3000
2020-08-14 09:38:48.510,3.294,1200
2020-08-14 09:38:48.510,3.294,20000
2020-08-14 09:38:48.510,3.294,10000
2020-08-14 09:38:48.510,3.294,500
2020-08-14 09:38:48.510,3.294,50000
2020-08-14 09:38:48.510,3.294,2000
2020-08-14 09:38:48.510,3.294,2000
2020-08-14 09:38:48.510,3.294,20000
2020-08-14 09:38:48.510,3.294,40000
2020-08-14 09:38:48.510,3.294,38300
2020-08-14 09:38:48.510,3.294,15000
2020-08-14 09:38:48.510,3.294,3000
2020-08-14 09:38:48.510,3.294,1000
2020-08-14 09:38:48.510,3.295,1000
2020-08-14 09:38:48.510,3.295,5000
2020-08-14 09:38:48.510,3.295,3500
2020-08-14 09:38:48.510,3.295,500
2020-08-14 09:38:48.510,3.295,100
2020-08-14 09:38:48.510,3.295,100
2020-08-14 09:38:48.510,3.295,100
2020-08-14 09:38:48.510,3.295,100
2020-08-14 09:38:48.510,3.295,2000
2020-08-14 09:38:48.510,3.295,1200
2020-08-14 09:38:48.510,3.295,100
2020-08-14 09:38:48.510,3.295,16500
2020-08-14 09:38:50.890,3.293,9000
2020-08-14 09:38:52.070,3.294,3000
2020-08-14 09:38:52.550,3.293,80000
2020-08-14 09:38:52.550,3.293,200
2020-08-14 09:38:53.020,3.293,10000
2020-08-14 09:38:54.490,3.293,5000
2020-08-14 09:38:56.330,3.293,1000
2020-08-14 09:38:58.450,3.293,100
2020-08-14 09:38:58.590,3.293,300000
2020-08-14 09:38:59.810,3.292,12000
2020-08-14 09:39:01.290,3.293,3100
2020-08-14 09:39:02.280,3.292,100
2020-08-14 09:39:03.600,3.292,700
2020-08-14 09:39:04.820,3.292,786200
2020-08-14 09:39:04.820,3.292,5000
2020-08-14 09:39:04.820,3.292,400
2020-08-14 09:39:04.820,3.292,200
2020-08-14 09:39:08.320,3.292,19200
2020-08-14 09:39:09.780,3.292,189000
2020-08-14 09:39:09.780,3.292,500
2020-08-14 09:39:09.780,3.292,5000
2020-08-14 09:39:11.940,3.292,10000
2020-08-14 09:39:12.490,3.293,100
2020-08-14 09:39:13.550,3.292,3000
2020-08-14 09:39:14.100,3.293,300000
2020-08-14 09:39:15.000,3.293,150000
2020-08-14 09:39:15.680,3.292,5000
2020-08-14 09:39:16.040,3.293,150500
2020-08-14 09:39:16.040,3.293,10000
2020-08-14 09:39:16.040,3.293,15000
2020-08-14 09:39:16.040,3.293,100
2020-08-14 09:39:16.210,3.293,10000
2020-08-14 09:39:16.480,3.293,30000
2020-08-14 09:39:17.070,3.293,200
2020-08-14 09:39:18.330,3.293,3000
2020-08-14 09:39:19.020,3.294,1000
2020-08-14 09:39:21.140,3.293,5000
2020-08-14 09:39:23.350,3.293,20000
2020-08-14 09:39:24.390,3.293,500
2020-08-14 09:39:24.530,3.293,2100
2020-08-14 09:39:24.790,3.293,12100
2020-08-14 09:39:28.490,3.294,1500
2020-08-14 09:39:29.190,3.293,10000
2020-08-14 09:39:29.770,3.293,20000
2020-08-14 09:39:30.080,3.293,11500
2020-08-14 09:39:30.080,3.293,1000
2020-08-14 09:39:30.080,3.293,3000
2020-08-14 09:39:30.080,3.293,3800
2020-08-14 09:39:30.840,3.292,2000
2020-08-14 09:39:36.530,3.292,100
2020-08-14 09:39:38.300,3.292,49400
2020-08-14 09:39:38.300,3.292,5100
2020-08-14 09:39:38.300,3.292,20000
2020-08-14 09:39:38.300,3.292,1000
2020-08-14 09:39:39.350,3.292,44100
2020-08-14 09:39:45.430,3.291,1000
2020-08-14 09:39:45.430,3.291,3000
2020-08-14 09:39:45.430,3.291,1000
2020-08-14 09:39:47.460,3.292,24800
2020-08-14 09:39:48.090,3.291,4000
2020-08-14 09:39:48.090,3.291,900
2020-08-14 09:39:48.260,3.291,200
2020-08-14 09:39:50.290,3.291,1000
2020-08-14 09:39:51.530,3.29,500
2020-08-14 09:39:51.530,3.29,100
2020-08-14 09:39:51.530,3.29,1000
2020-08-14 09:39:51.530,3.29,2300
2020-08-14 09:39:54.540,3.29,300
2020-08-14 09:39:56.340,3.29,7400
2020-08-14 09:39:56.340,3.29,2500
2020-08-14 09:39:56.340,3.29,41000
2020-08-14 09:39:56.340,3.29,1000
2020-08-14 09:39:56.340,3.29,1000
2020-08-14 09:39:56.340,3.29,1000
2020-08-14 09:39:56.340,3.29,5000
2020-08-14 09:39:56.340,3.29,30000
2020-08-14 09:39:56.340,3.29,200
2020-08-14 09:39:56.340,3.29,40000
2020-08-14 09:39:56.340,3.29,5000
2020-08-14 09:39:58.710,3.29,5000
2020-08-14 09:40:00.410,3.29,300
2020-08-14 09:40:00.640,3.29,210600
2020-08-14 09:40:00.640,3.29,200
2020-08-14 09:40:00.640,3.29,8900
2020-08-14 09:40:01.350,3.291,500
2020-08-14 09:40:01.810,3.29,1000
2020-08-14 09:40:05.440,3.291,1000
2020-08-14 09:40:08.150,3.291,100
2020-08-14 09:40:09.440,3.291,500
2020-08-14 09:40:11.530,3.291,100
2020-08-14 09:40:12.360,3.29,79300
2020-08-14 09:40:12.360,3.29,70000
2020-08-14 09:40:12.360,3.29,300000
2020-08-14 09:40:12.360,3.29,100
2020-08-14 09:40:12.360,3.29,10000
2020-08-14 09:40:13.420,3.29,30000
2020-08-14 09:40:13.560,3.29,40000
2020-08-14 09:40:13.900,3.289,20000
2020-08-14 09:40:14.060,3.29,463600
2020-08-14 09:40:14.140,3.291,6300
2020-08-14 09:40:14.140,3.291,3000
2020-08-14 09:40:14.140,3.291,10700
2020-08-14 09:40:14.350,3.291,9300
2020-08-14 09:40:14.350,3.292,200000
2020-08-14 09:40:14.350,3.292,700
2020-08-14 09:40:14.560,3.291,8900
2020-08-14 09:40:14.810,3.292,100
2020-08-14 09:40:15.310,3.292,1200
2020-08-14 09:40:15.310,3.292,100
2020-08-14 09:40:15.310,3.292,100
2020-08-14 09:40:15.310,3.292,110000
2020-08-14 09:40:15.600,3.292,5000
2020-08-14 09:40:15.980,3.292,1000
2020-08-14 09:40:16.920,3.292,8800
2020-08-14 09:40:17.170,3.292,100
2020-08-14 09:40:17.400,3.293,2000
2020-08-14 09:40:17.400,3.293,1000
2020-08-14 09:40:17.400,3.293,27000
2020-08-14 09:40:18.150,3.293,20000
2020-08-14 09:40:18.150,3.293,3000
2020-08-14 09:40:18.150,3.293,3900
2020-08-14 09:40:19.210,3.293,100
2020-08-14 09:40:20.050,3.294,12200
2020-08-14 09:40:20.050,3.294,3300
2020-08-14 09:40:20.050,3.294,6200
2020-08-14 09:40:20.050,3.294,8300
2020-08-14 09:40:20.190,3.294,41700
2020-08-14 09:40:20.190,3.294,1600
2020-08-14 09:40:20.190,3.294,700
2020-08-14 09:40:20.190,3.294,60000
2020-08-14 09:40:20.190,3.294,2000
2020-08-14 09:40:20.190,3.294,5000
2020-08-14 09:40:20.190,3.294,2000
2020-08-14 09:40:20.190,3.294,5000
2020-08-14 09:40:20.190,3.294,11900
2020-08-14 09:40:20.190,3.294,300
2020-08-14 09:40:20.190,3.294,100
2020-08-14 09:40:20.190,3.294,3000
2020-08-14 09:40:20.600,3.295,7500
2020-08-14 09:40:20.600,3.295,2000
2020-08-14 09:40:20.600,3.295,700
2020-08-14 09:40:20.600,3.295,3000
2020-08-14 09:40:20.600,3.295,3000
2020-08-14 09:40:20.600,3.295,283800
2020-08-14 09:40:20.860,3.294,166700
2020-08-14 09:40:20.860,3.294,40000
2020-08-14 09:40:20.860,3.294,300000
2020-08-14 09:40:21.060,3.294,76700
2020-08-14 09:40:21.120,3.294,2200
2020-08-14 09:40:21.700,3.294,70000
2020-08-14 09:40:21.850,3.293,12600
2020-08-14 09:40:21.850,3.294,90000
2020-08-14 09:40:22.070,3.294,30000
2020-08-14 09:40:22.070,3.294,40000
2020-08-14 09:40:22.070,3.294,23900
2020-08-14 09:40:22.160,3.294,60500
2020-08-14 09:40:22.210,3.295,16200
2020-08-14 09:40:22.210,3.295,100
2020-08-14 09:40:22.210,3.295,1600
2020-08-14 09:40:22.210,3.295,3400
2020-08-14 09:40:22.210,3.295,3000
2020-08-14 09:40:22.210,3.295,50000
2020-08-14 09:40:22.210,3.295,20000
2020-08-14 09:40:22.210,3.295,2000
2020-08-14 09:40:22.210,3.295,5000
2020-08-14 09:40:22.210,3.295,3000
2020-08-14 09:40:22.210,3.295,10000
2020-08-14 09:40:22.210,3.295,2000
2020-08-14 09:40:22.210,3.295,500
2020-08-14 09:40:22.210,3.295,100
2020-08-14 09:40:22.210,3.295,1500
2020-08-14 09:40:22.210,3.295,4600
2020-08-14 09:40:22.210,3.295,500
2020-08-14 09:40:22.210,3.295,200
2020-08-14 09:40:22.210,3.295,1000
2020-08-14 09:40:22.210,3.295,1000
2020-08-14 09:40:22.210,3.295,12700
2020-08-14 09:40:22.210,3.295,161600
2020-08-14 09:40:22.210,3.295,300000
2020-08-14 09:40:22.210,3.295,300000
2020-08-14 09:40:22.920,3.294,4700
2020-08-14 09:40:22.980,3.295,138400
2020-08-14 09:40:22.980,3.295,2600
2020-08-14 09:40:22.980,3.296,300
2020-08-14 09:40:22.980,3.296,5000
2020-08-14 09:40:22.980,3.296,6000
2020-08-14 09:40:22.980,3.296,5000
2020-08-14 09:40:22.980,3.296,500
2020-08-14 09:40:22.980,3.296,66800
2020-08-14 09:40:22.980,3.296,100
2020-08-14 09:40:22.980,3.296,10000
2020-08-14 09:40:22.980,3.296,500
2020-08-14 09:40:22.980,3.296,700
2020-08-14 09:40:22.980,3.296,1000
2020-08-14 09:40:22.980,3.296,3100
2020-08-14 09:40:22.980,3.296,100
2020-08-14 09:40:22.980,3.296,10000
2020-08-14 09:40:22.980,3.296,1000
2020-08-14 09:40:22.980,3.296,48900
2020-08-14 09:40:24.510,3.296,1100
2020-08-14 09:40:24.510,3.296,20000
2020-08-14 09:40:24.510,3.296,28900
2020-08-14 09:40:24.990,3.296,21100
2020-08-14 09:40:24.990,3.296,16000
2020-08-14 09:40:24.990,3.296,50000
2020-08-14 09:40:24.990,3.296,1000
2020-08-14 09:40:24.990,3.296,900
2020-08-14 09:40:24.990,3.296,1000
2020-08-14 09:40:27.700,3.296,65400
2020-08-14 09:40:27.700,3.296,24600
2020-08-14 09:40:33.150,3.295,180000
2020-08-14 09:40:33.150,3.294,1800
2020-08-14 09:40:33.150,3.294,300
2020-08-14 09:40:33.150,3.293,40000
2020-08-14 09:40:33.150,3.293,180000
2020-08-14 09:40:33.150,3.293,30000
2020-08-14 09:40:35.320,3.293,30000
2020-08-14 09:40:35.850,3.293,17900
2020-08-14 09:40:37.780,3.296,4200
2020-08-14 09:40:37.780,3.296,600
2020-08-14 09:40:37.780,3.296,2200
2020-08-14 09:40:40.300,3.293,4100
2020-08-14 09:40:40.780,3.294,400
2020-08-14 09:40:42.300,3.296,2600
2020-08-14 09:40:42.300,3.296,1000
2020-08-14 09:40:42.300,3.296,20000
2020-08-14 09:40:42.300,3.296,96400
2020-08-14 09:40:44.770,3.293,1000
2020-08-14 09:40:53.340,3.295,2800
2020-08-14 09:40:53.860,3.294,400
2020-08-14 09:40:53.860,3.294,5600
2020-08-14 09:40:57.290,3.295,200
2020-08-14 09:40:58.100,3.295,10000
2020-08-14 09:40:58.320,3.294,10000
2020-08-14 09:41:00.040,3.295,30000
2020-08-14 09:41:00.040,3.295,2000
2020-08-14 09:41:00.040,3.295,2000
2020-08-14 09:41:00.040,3.295,30000
2020-08-14 09:41:00.350,3.295,600
2020-08-14 09:41:01.090,3.295,600
2020-08-14 09:41:01.540,3.296,1900
2020-08-14 09:41:01.540,3.296,200
2020-08-14 09:41:01.540,3.296,2900
2020-08-14 09:41:03.010,3.295,3500
2020-08-14 09:41:03.350,3.295,5000
2020-08-14 09:41:05.370,3.296,800
2020-08-14 09:41:06.600,3.296,9100
2020-08-14 09:41:09.220,3.296,7200
2020-08-14 09:41:09.220,3.296,1900
2020-08-14 09:41:09.800,3.296,39600
2020-08-14 09:41:09.800,3.296,3000
2020-08-14 09:41:09.800,3.296,10000
2020-08-14 09:41:09.800,3.297,3000
2020-08-14 09:41:09.800,3.297,1000
2020-08-14 09:41:09.800,3.297,5000
2020-08-14 09:41:09.800,3.297,10000
2020-08-14 09:41:09.800,3.297,5000
2020-08-14 09:41:09.800,3.297,500
2020-08-14 09:41:09.800,3.297,10000
2020-08-14 09:41:09.800,3.297,2000
2020-08-14 09:41:09.800,3.297,800
2020-08-14 09:41:09.800,3.297,5000
2020-08-14 09:41:09.800,3.297,3200
2020-08-14 09:41:09.800,3.297,100
2020-08-14 09:41:09.800,3.297,1800
2020-08-14 09:41:11.120,3.295,87400
2020-08-14 09:41:14.600,3.295,32000
2020-08-14 09:41:15.400,3.296,1000
2020-08-14 09:41:15.400,3.296,10000
2020-08-14 09:41:15.400,3.297,3200
2020-08-14 09:41:15.400,3.297,3000
2020-08-14 09:41:15.400,3.297,6000
2020-08-14 09:41:15.400,3.297,2000
2020-08-14 09:41:15.400,3.297,10000
2020-08-14 09:41:15.400,3.297,3000
2020-08-14 09:41:15.400,3.297,2000
2020-08-14 09:41:15.400,3.297,10000
2020-08-14 09:41:15.400,3.297,110300
2020-08-14 09:41:15.400,3.297,6000
2020-08-14 09:41:15.400,3.297,5000
2020-08-14 09:41:15.460,3.297,3000
2020-08-14 09:41:16.220,3.297,10000
2020-08-14 09:41:17.280,3.297,1700
2020-08-14 09:41:19.930,3.297,500
2020-08-14 09:41:20.770,3.297,30000
2020-08-14 09:41:21.130,3.298,1000
2020-08-14 09:41:21.670,3.297,50000
2020-08-14 09:41:22.440,3.298,4400
2020-08-14 09:41:23.410,3.297,33300
2020-08-14 09:41:23.750,3.296,5000
2020-08-14 09:41:25.360,3.297,2000
2020-08-14 09:41:25.750,3.297,200
2020-08-14 09:41:27.060,3.297,5000
2020-08-14 09:41:28.140,3.297,5000
2020-08-14 09:41:28.450,3.297,34500
2020-08-14 09:41:29.300,3.298,4600
2020-08-14 09:41:29.300,3.298,10000
2020-08-14 09:41:29.300,3.298,300
2020-08-14 09:41:29.370,3.298,300
2020-08-14 09:41:30.900,3.297,20000
2020-08-14 09:41:32.500,3.296,3000
2020-08-14 09:41:32.500,3.296,2000
2020-08-14 09:41:32.700,3.296,8000
2020-08-14 09:41:32.700,3.297,22500
2020-08-14 09:41:33.070,3.295,6000
2020-08-14 09:41:34.120,3.297,1000
2020-08-14 09:41:34.860,3.297,56800
2020-08-14 09:41:36.300,3.296,100
2020-08-14 09:41:42.350,3.296,500
2020-08-14 09:41:43.160,3.297,242200
2020-08-14 09:41:43.160,3.297,20000
2020-08-14 09:41:43.160,3.297,3000
2020-08-14 09:41:43.160,3.297,34800
2020-08-14 09:41:43.230,3.297,30000
2020-08-14 09:41:43.650,3.297,30000
2020-08-14 09:41:43.830,3.297,40000
2020-08-14 09:41:43.910,3.297,62000
2020-08-14 09:41:43.910,3.297,100
2020-08-14 09:41:44.630,3.297,5000
2020-08-14 09:41:45.260,3.297,2300
2020-08-14 09:41:47.080,3.297,1000
2020-08-14 09:41:48.170,3.297,1900
2020-08-14 09:41:51.750,3.298,1400
2020-08-14 09:41:51.750,3.298,900
2020-08-14 09:41:51.890,3.298,5100
2020-08-14 09:41:51.890,3.298,500
2020-08-14 09:41:51.890,3.298,5000
2020-08-14 09:41:51.890,3.298,32300
2020-08-14 09:41:51.890,3.298,100
2020-08-14 09:41:51.890,3.298,100
2020-08-14 09:41:51.890,3.298,50000
2020-08-14 09:41:51.890,3.298,100
2020-08-14 09:41:51.890,3.298,10000
2020-08-14 09:41:51.890,3.298,5000
2020-08-14 09:41:51.890,3.298,100
2020-08-14 09:41:51.890,3.298,300
2020-08-14 09:41:51.890,3.298,1000
2020-08-14 09:41:51.890,3.298,2800
2020-08-14 09:41:51.890,3.298,50000
2020-08-14 09:41:51.890,3.298,200
2020-08-14 09:41:51.890,3.298,3200
2020-08-14 09:41:51.890,3.298,20000
2020-08-14 09:41:51.890,3.298,200
2020-08-14 09:41:51.890,3.298,200
2020-08-14 09:41:51.890,3.298,50000
2020-08-14 09:41:51.890,3.298,2200
2020-08-14 09:41:51.890,3.298,20000
2020-08-14 09:41:51.890,3.298,400
2020-08-14 09:41:51.890,3.298,2000
2020-08-14 09:41:51.890,3.298,100
2020-08-14 09:41:51.890,3.298,39200
2020-08-14 09:41:51.940,3.298,800
2020-08-14 09:41:51.940,3.298,500
2020-08-14 09:41:51.940,3.298,10000
2020-08-14 09:41:51.940,3.298,100
2020-08-14 09:41:51.940,3.298,4000
2020-08-14 09:41:51.940,3.298,50000
2020-08-14 09:41:51.940,3.298,1200
2020-08-14 09:41:53.060,3.298,3200
2020-08-14 09:41:53.880,3.298,3100
2020-08-14 09:41:55.930,3.298,2000
2020-08-14 09:41:56.070,3.298,10000
2020-08-14 09:41:57.130,3.298,1000
2020-08-14 09:41:59.240,3.298,100000
2020-08-14 09:41:59.240,3.298,70000
2020-08-14 09:41:59.240,3.298,130000
2020-08-14 09:42:00.570,3.298,2000
2020-08-14 09:42:01.090,3.299,1000
2020-08-14 09:42:01.090,3.299,14000
2020-08-14 09:42:01.090,3.299,5000
2020-08-14 09:42:01.090,3.299,2000
2020-08-14 09:42:01.090,3.299,100
2020-08-14 09:42:01.090,3.299,700
2020-08-14 09:42:01.090,3.299,5000
2020-08-14 09:42:01.090,3.299,2200
2020-08-14 09:42:04.750,3.298,30500
2020-08-14 09:42:05.080,3.299,800
2020-08-14 09:42:05.080,3.299,1000
2020-08-14 09:42:05.080,3.299,75700
2020-08-14 09:42:05.080,3.299,5000
2020-08-14 09:42:05.080,3.299,10000
2020-08-14 09:42:05.080,3.299,10000
2020-08-14 09:42:05.080,3.299,3300
2020-08-14 09:42:05.080,3.299,5300
2020-08-14 09:42:05.080,3.299,1000
2020-08-14 09:42:05.080,3.299,3000
2020-08-14 09:42:05.080,3.299,150000
2020-08-14 09:42:05.080,3.299,28600
2020-08-14 09:42:05.270,3.299,1400
2020-08-14 09:42:05.270,3.299,3100
2020-08-14 09:42:05.270,3.299,10000
2020-08-14 09:42:05.270,3.299,6000
2020-08-14 09:42:05.270,3.299,20000
2020-08-14 09:42:05.490,3.299,2300
2020-08-14 09:42:07.970,3.299,39000
2020-08-14 09:42:08.110,3.299,2700
2020-08-14 09:42:09.400,3.3,3000
2020-08-14 09:42:09.400,3.3,2700
2020-08-14 09:42:09.640,3.299,100
2020-08-14 09:42:09.900,3.299,9700
2020-08-14 09:42:10.600,3.3,1800
2020-08-14 09:42:10.600,3.3,2000
2020-08-14 09:42:10.600,3.3,20000
2020-08-14 09:42:10.600,3.3,1000
2020-08-14 09:42:10.600,3.3,26000
2020-08-14 09:42:10.600,3.3,4000
2020-08-14 09:42:10.600,3.3,10000
2020-08-14 09:42:10.600,3.3,200
2020-08-14 09:42:10.600,3.3,4000
2020-08-14 09:42:10.600,3.3,500
2020-08-14 09:42:10.600,3.3,1200
2020-08-14 09:42:10.600,3.3,4000
2020-08-14 09:42:10.600,3.3,3500
2020-08-14 09:42:10.600,3.3,6000
2020-08-14 09:42:10.600,3.3,100
2020-08-14 09:42:10.600,3.3,2000
2020-08-14 09:42:10.600,3.3,200
2020-08-14 09:42:10.600,3.3,10000
2020-08-14 09:42:10.600,3.3,500
2020-08-14 09:42:10.600,3.3,10000
2020-08-14 09:42:10.600,3.3,100
2020-08-14 09:42:10.600,3.3,6500
2020-08-14 09:42:10.600,3.3,4000
2020-08-14 09:42:10.600,3.3,1800
2020-08-14 09:42:10.600,3.3,3100
2020-08-14 09:42:10.600,3.3,1000
2020-08-14 09:42:10.600,3.3,3000
2020-08-14 09:42:10.600,3.3,600
2020-08-14 09:42:10.600,3.3,300
2020-08-14 09:42:10.600,3.3,300
2020-08-14 09:42:10.600,3.3,4000
2020-08-14 09:42:10.600,3.3,5000
2020-08-14 09:42:10.600,3.3,5000
2020-08-14 09:42:10.600,3.3,500
2020-08-14 09:42:10.600,3.3,10000
2020-08-14 09:42:10.600,3.3,5000
2020-08-14 09:42:10.600,3.3,10000
2020-08-14 09:42:10.600,3.3,10000
2020-08-14 09:42:10.600,3.3,10000
2020-08-14 09:42:10.600,3.3,20000
2020-08-14 09:42:10.600,3.3,2100
2020-08-14 09:42:10.600,3.3,20000
2020-08-14 09:42:10.600,3.3,10000
2020-08-14 09:42:10.600,3.3,2800
2020-08-14 09:42:10.600,3.3,3300
2020-08-14 09:42:10.600,3.3,200
2020-08-14 09:42:10.600,3.3,15000
2020-08-14 09:42:10.600,3.3,3900
2020-08-14 09:42:10.600,3.3,100
2020-08-14 09:42:10.600,3.3,900
2020-08-14 09:42:10.600,3.3,200
2020-08-14 09:42:10.600,3.3,5000
2020-08-14 09:42:10.600,3.3,1000
2020-08-14 09:42:10.600,3.3,5700
2020-08-14 09:42:10.600,3.3,2600
2020-08-14 09:42:10.650,3.3,55400
2020-08-14 09:42:10.650,3.3,9000
2020-08-14 09:42:10.650,3.3,200
2020-08-14 09:42:10.650,3.3,1500
2020-08-14 09:42:10.650,3.3,50000
2020-08-14 09:42:10.650,3.3,4600
2020-08-14 09:42:10.650,3.3,300
2020-08-14 09:42:10.650,3.3,2000
2020-08-14 09:42:10.650,3.3,5300
2020-08-14 09:42:10.650,3.3,50000
2020-08-14 09:42:10.650,3.3,5000
2020-08-14 09:42:10.650,3.3,5000
2020-08-14 09:42:10.650,3.3,10000
2020-08-14 09:42:10.650,3.3,1800
2020-08-14 09:42:10.650,3.3,3000
2020-08-14 09:42:10.650,3.3,100
2020-08-14 09:42:10.650,3.3,1300
2020-08-14 09:42:11.310,3.3,1000
2020-08-14 09:42:11.570,3.3,10000
2020-08-14 09:42:12.990,3.3,5000
2020-08-14 09:42:15.270,3.3,3000
2020-08-14 09:42:16.160,3.3,9400
2020-08-14 09:42:16.580,3.3,33700
2020-08-14 09:42:16.860,3.3,10000
2020-08-14 09:42:17.620,3.3,100
2020-08-14 09:42:17.620,3.3,18100
2020-08-14 09:42:19.810,3.3,100
2020-08-14 09:42:20.080,3.3,2000
2020-08-14 09:42:21.900,3.301,4000
2020-08-14 09:42:21.900,3.301,1000
2020-08-14 09:42:21.900,3.301,500
2020-08-14 09:42:21.900,3.301,10000
2020-08-14 09:42:21.900,3.301,5000
2020-08-14 09:42:21.900,3.301,1000
2020-08-14 09:42:21.900,3.301,12400
2020-08-14 09:42:21.900,3.301,600
2020-08-14 09:42:21.900,3.301,200
2020-08-14 09:42:21.900,3.301,10000
2020-08-14 09:42:21.900,3.301,2000
2020-08-14 09:42:21.900,3.301,38600
2020-08-14 09:42:21.900,3.301,20000
2020-08-14 09:42:21.900,3.301,200
2020-08-14 09:42:21.900,3.301,3300
2020-08-14 09:42:21.900,3.301,7100
2020-08-14 09:42:21.900,3.301,14800
2020-08-14 09:42:21.900,3.301,100000
2020-08-14 09:42:21.900,3.302,10000
2020-08-14 09:42:21.900,3.302,600
2020-08-14 09:42:21.900,3.302,6000
2020-08-14 09:42:21.900,3.302,5000
2020-08-14 09:42:21.900,3.302,500
2020-08-14 09:42:21.900,3.302,10000
2020-08-14 09:42:21.900,3.302,10900
2020-08-14 09:42:21.900,3.302,10000
2020-08-14 09:42:21.900,3.302,6000
2020-08-14 09:42:21.900,3.302,1000
2020-08-14 09:42:21.900,3.302,9300
2020-08-14 09:42:23.190,3.3,3100
2020-08-14 09:42:23.190,3.3,6900
2020-08-14 09:42:23.220,3.3,31000
2020-08-14 09:42:24.020,3.3,15000
2020-08-14 09:42:24.070,3.3,2000
2020-08-14 09:42:26.840,3.3,1100
2020-08-14 09:42:26.840,3.3,5500
2020-08-14 09:42:26.900,3.3,3400
2020-08-14 09:42:26.900,3.301,5000
2020-08-14 09:42:26.900,3.301,5000
2020-08-14 09:42:26.900,3.301,50000
2020-08-14 09:42:26.900,3.301,1000
2020-08-14 09:42:26.900,3.301,15700
2020-08-14 09:42:26.900,3.301,2000
2020-08-14 09:42:26.900,3.301,1000
2020-08-14 09:42:26.900,3.302,26700
2020-08-14 09:42:26.900,3.302,500
2020-08-14 09:42:26.900,3.302,5500
2020-08-14 09:42:26.900,3.302,50000
2020-08-14 09:42:26.900,3.302,300
2020-08-14 09:42:26.900,3.302,20000
2020-08-14 09:42:26.900,3.302,13900
2020-08-14 09:42:28.580,3.301,5000
2020-08-14 09:42:32.160,3.3,5000
2020-08-14 09:42:34.140,3.3,2000
2020-08-14 09:42:34.370,3.3,7200
2020-08-14 09:42:34.980,3.299,2300
2020-08-14 09:42:35.390,3.3,500
2020-08-14 09:42:37.280,3.3,300
2020-08-14 09:42:37.390,3.3,6300
2020-08-14 09:42:38.650,3.3,7600
2020-08-14 09:42:39.680,3.299,300
2020-08-14 09:42:39.930,3.3,5000
2020-08-14 09:42:40.240,3.3,11100
2020-08-14 09:42:40.240,3.3,200
2020-08-14 09:42:40.240,3.3,100
2020-08-14 09:42:40.240,3.3,3400
2020-08-14 09:42:40.370,3.3,10000
2020-08-14 09:42:40.740,3.3,100
2020-08-14 09:42:40.980,3.299,6000
2020-08-14 09:42:41.210,3.3,2500
2020-08-14 09:42:43.230,3.299,300
2020-08-14 09:42:45.050,3.3,2500
2020-08-14 09:42:45.730,3.3,3000
2020-08-14 09:42:46.040,3.3,8500
2020-08-14 09:42:46.040,3.3,12200
2020-08-14 09:42:46.040,3.3,1000
2020-08-14 09:42:46.040,3.3,5000
2020-08-14 09:42:46.040,3.3,1000
2020-08-14 09:42:46.040,3.3,400
2020-08-14 09:42:46.040,3.3,100
2020-08-14 09:42:46.040,3.3,3000
2020-08-14 09:42:46.040,3.3,18800
2020-08-14 09:42:49.150,3.299,2000
2020-08-14 09:42:49.270,3.3,100
2020-08-14 09:42:49.360,3.3,1000
2020-08-14 09:42:53.070,3.299,500
2020-08-14 09:42:54.460,3.3,100
2020-08-14 09:42:54.460,3.3,1000
2020-08-14 09:42:54.460,3.3,100
2020-08-14 09:42:55.330,3.3,900
2020-08-14 09:42:55.330,3.3,5000
2020-08-14 09:42:58.260,3.3,300
2020-08-14 09:43:00.930,3.3,10000
2020-08-14 09:43:02.690,3.299,1500
2020-08-14 09:43:03.020,3.3,300
2020-08-14 09:43:08.140,3.3,27900
2020-08-14 09:43:08.140,3.3,5000
2020-08-14 09:43:08.140,3.3,5000
2020-08-14 09:43:08.140,3.3,10000
2020-08-14 09:43:08.140,3.3,2000
2020-08-14 09:43:08.140,3.3,5000
2020-08-14 09:43:08.140,3.3,10000
2020-08-14 09:43:08.140,3.3,10000
2020-08-14 09:43:08.140,3.3,3000
2020-08-14 09:43:08.140,3.3,4000
2020-08-14 09:43:08.140,3.3,2000
2020-08-14 09:43:08.140,3.3,50000
2020-08-14 09:43:08.140,3.3,1000
2020-08-14 09:43:08.700,3.3,10000
2020-08-14 09:43:09.460,3.3,25000
2020-08-14 09:43:09.660,3.3,10000
2020-08-14 09:43:10.160,3.3,5000
2020-08-14 09:43:10.210,3.3,7100
2020-08-14 09:43:10.970,3.3,100
2020-08-14 09:43:11.030,3.3,3500
2020-08-14 09:43:11.160,3.3,5000
2020-08-14 09:43:11.780,3.3,39900
2020-08-14 09:43:12.030,3.3,600
2020-08-14 09:43:13.280,3.3,1000
2020-08-14 09:43:13.280,3.3,100
2020-08-14 09:43:13.280,3.3,1000
2020-08-14 09:43:13.350,3.299,100
2020-08-14 09:43:14.280,3.299,1000
2020-08-14 09:43:15.680,3.3,100
2020-08-14 09:43:16.700,3.299,10000
2020-08-14 09:43:20.210,3.3,10000
2020-08-14 09:43:20.750,3.299,1000
2020-08-14 09:43:21.520,3.299,90000
2020-08-14 09:43:22.670,3.299,1700
2020-08-14 09:43:23.170,3.299,300
2020-08-14 09:43:24.340,3.3,700
2020-08-14 09:43:25.520,3.299,100
2020-08-14 09:43:25.900,3.299,10000
2020-08-14 09:43:26.310,3.299,8600
2020-08-14 09:43:26.310,3.299,24700
2020-08-14 09:43:27.700,3.299,1000
2020-08-14 09:43:28.230,3.3,3100
2020-08-14 09:43:31.610,3.299,7900
2020-08-14 09:43:33.180,3.299,100
2020-08-14 09:43:34.270,3.299,6300
2020-08-14 09:43:34.270,3.299,500
2020-08-14 09:43:34.270,3.299,800
2020-08-14 09:43:34.270,3.299,11600
2020-08-14 09:43:34.270,3.299,2000
2020-08-14 09:43:38.840,3.299,8400
2020-08-14 09:43:43.300,3.298,100
2020-08-14 09:43:43.380,3.299,100
2020-08-14 09:43:46.850,3.299,300
2020-08-14 09:43:46.850,3.299,4700
2020-08-14 09:43:47.600,3.299,2500
2020-08-14 09:43:47.970,3.298,3000
2020-08-14 09:43:49.370,3.298,100
2020-08-14 09:43:52.890,3.298,500
2020-08-14 09:43:53.660,3.299,150000
2020-08-14 09:43:53.660,3.299,150000
2020-08-14 09:43:53.680,3.299,300000
2020-08-14 09:43:54.430,3.298,3000
2020-08-14 09:43:55.070,3.299,192800
2020-08-14 09:43:55.070,3.299,4000
2020-08-14 09:43:55.070,3.299,10000
2020-08-14 09:43:55.070,3.299,500
2020-08-14 09:43:55.070,3.299,1200
2020-08-14 09:43:55.070,3.299,12900
2020-08-14 09:43:55.070,3.299,25000
2020-08-14 09:43:55.070,3.299,600
2020-08-14 09:43:55.070,3.299,4000
2020-08-14 09:43:55.360,3.299,10000
2020-08-14 09:43:56.190,3.3,4200
2020-08-14 09:43:56.450,3.299,3800
2020-08-14 09:43:56.670,3.299,9100
2020-08-14 09:43:58.030,3.299,100
2020-08-14 09:43:58.100,3.3,9800
2020-08-14 09:43:58.100,3.3,100
2020-08-14 09:43:58.100,3.3,100
2020-08-14 09:43:58.100,3.3,10000
2020-08-14 09:43:58.100,3.3,10000
2020-08-14 09:43:58.100,3.3,20000
2020-08-14 09:43:58.100,3.3,1500
2020-08-14 09:43:58.100,3.3,10500
2020-08-14 09:43:58.100,3.3,10000
2020-08-14 09:43:58.100,3.3,3000
2020-08-14 09:43:58.100,3.3,24600
2020-08-14 09:43:58.100,3.3,20000
2020-08-14 09:43:58.100,3.3,4000
2020-08-14 09:43:58.100,3.3,12000
2020-08-14 09:43:58.100,3.3,3000
2020-08-14 09:43:58.100,3.3,5000
2020-08-14 09:43:58.100,3.3,1000
2020-08-14 09:43:58.100,3.3,10000
2020-08-14 09:43:58.100,3.3,20000
2020-08-14 09:43:58.100,3.3,500
2020-08-14 09:43:58.100,3.3,10000
2020-08-14 09:43:58.100,3.3,1000
2020-08-14 09:43:58.100,3.3,500
2020-08-14 09:43:58.100,3.3,3000
2020-08-14 09:43:58.100,3.3,11200
2020-08-14 09:43:58.100,3.3,1000
2020-08-14 09:43:58.100,3.3,50000
2020-08-14 09:43:58.100,3.3,48200
2020-08-14 09:43:59.050,3.3,8900
2020-08-14 09:43:59.050,3.3,500
2020-08-14 09:43:59.050,3.3,20000
2020-08-14 09:43:59.050,3.3,600
2020-08-14 09:43:59.050,3.3,59400
2020-08-14 09:43:59.050,3.3,100000
2020-08-14 09:43:59.050,3.3,35000
2020-08-14 09:43:59.050,3.3,3000
2020-08-14 09:43:59.050,3.3,72600
2020-08-14 09:44:00.080,3.3,7400
2020-08-14 09:44:00.080,3.3,1000
2020-08-14 09:44:00.760,3.3,500
2020-08-14 09:44:01.540,3.301,10000
2020-08-14 09:44:01.540,3.301,1000
2020-08-14 09:44:01.540,3.301,1000
2020-08-14 09:44:01.540,3.301,3600
2020-08-14 09:44:01.540,3.301,500
2020-08-14 09:44:01.540,3.301,200
2020-08-14 09:44:01.540,3.301,1000
2020-08-14 09:44:01.540,3.301,500
2020-08-14 09:44:01.540,3.301,400
2020-08-14 09:44:01.540,3.301,30000
2020-08-14 09:44:01.540,3.301,15000
2020-08-14 09:44:01.540,3.301,10000
2020-08-14 09:44:01.540,3.301,10000
2020-08-14 09:44:01.540,3.301,1100
2020-08-14 09:44:01.540,3.301,3000
2020-08-14 09:44:01.540,3.301,500
2020-08-14 09:44:01.540,3.301,3700
2020-08-14 09:44:01.540,3.301,1000
2020-08-14 09:44:01.540,3.301,10000
2020-08-14 09:44:01.540,3.301,100
2020-08-14 09:44:01.540,3.301,1000
2020-08-14 09:44:01.540,3.301,25000
2020-08-14 09:44:01.540,3.301,3000
2020-08-14 09:44:01.540,3.301,5000
2020-08-14 09:44:01.540,3.301,30000
2020-08-14 09:44:01.540,3.301,5000
2020-08-14 09:44:01.540,3.301,4600
2020-08-14 09:44:01.540,3.301,50000
2020-08-14 09:44:01.540,3.301,1000
2020-08-14 09:44:01.540,3.301,10000
2020-08-14 09:44:01.540,3.301,500
2020-08-14 09:44:01.540,3.301,62300
2020-08-14 09:44:01.650,3.3,200
2020-08-14 09:44:01.650,3.301,300000
2020-08-14 09:44:01.650,3.301,37700
2020-08-14 09:44:01.650,3.301,3000
2020-08-14 09:44:01.650,3.301,2700
2020-08-14 09:44:01.650,3.301,11400
2020-08-14 09:44:01.650,3.301,245200
2020-08-14 09:44:01.870,3.3,2000
2020-08-14 09:44:02.100,3.301,300000
2020-08-14 09:44:02.330,3.301,210000
2020-08-14 09:44:02.380,3.3,4000
2020-08-14 09:44:02.440,3.301,40000
2020-08-14 09:44:02.440,3.301,12000
2020-08-14 09:44:02.600,3.301,41100
2020-08-14 09:44:02.670,3.301,30000
2020-08-14 09:44:02.890,3.301,21700
2020-08-14 09:44:02.890,3.301,18300
2020-08-14 09:44:03.100,3.301,1700
2020-08-14 09:44:03.100,3.301,5000
2020-08-14 09:44:03.820,3.301,1000
2020-08-14 09:44:04.990,3.302,2600
2020-08-14 09:44:05.190,3.301,2000
2020-08-14 09:44:06.050,3.301,31300
2020-08-14 09:44:07.190,3.301,6100
2020-08-14 09:44:11.160,3.302,27000
2020-08-14 09:44:11.160,3.302,10000
2020-08-14 09:44:11.160,3.302,50000
2020-08-14 09:44:11.160,3.302,6800
2020-08-14 09:44:11.160,3.302,17800
2020-08-14 09:44:11.160,3.302,10000
2020-08-14 09:44:11.160,3.302,10000
2020-08-14 09:44:11.160,3.302,18400
2020-08-14 09:44:11.160,3.302,1600
2020-08-14 09:44:11.160,3.302,20000
2020-08-14 09:44:11.160,3.302,2000
2020-08-14 09:44:11.160,3.302,3900
2020-08-14 09:44:11.160,3.302,10000
2020-08-14 09:44:11.160,3.302,50000
2020-08-14 09:44:11.160,3.302,2000
2020-08-14 09:44:11.160,3.302,5000
2020-08-14 09:44:11.160,3.302,5000
2020-08-14 09:44:11.160,3.302,50500
2020-08-14 09:44:12.190,3.302,300000
2020-08-14 09:44:12.260,3.302,10000
2020-08-14 09:44:12.480,3.301,7000
2020-08-14 09:44:12.590,3.302,40000
2020-08-14 09:44:12.670,3.302,30000
2020-08-14 09:44:12.910,3.302,69500
2020-08-14 09:44:12.910,3.302,100
2020-08-14 09:44:12.910,3.302,6000
2020-08-14 09:44:12.910,3.302,100
2020-08-14 09:44:12.910,3.302,3400
2020-08-14 09:44:12.910,3.302,10000
2020-08-14 09:44:13.460,3.302,100
2020-08-14 09:44:15.120,3.302,13100
2020-08-14 09:44:15.990,3.303,5000
2020-08-14 09:44:15.990,3.303,400
2020-08-14 09:44:16.450,3.302,500
2020-08-14 09:44:16.590,3.303,400
2020-08-14 09:44:16.590,3.303,500
2020-08-14 09:44:16.590,3.303,10000
2020-08-14 09:44:16.590,3.303,4100
2020-08-14 09:44:16.590,3.303,9600
2020-08-14 09:44:16.590,3.303,10200
2020-08-14 09:44:16.590,3.303,11100
2020-08-14 09:44:16.590,3.303,5000
2020-08-14 09:44:16.590,3.303,1900
2020-08-14 09:44:16.590,3.303,10000
2020-08-14 09:44:16.590,3.303,2000
2020-08-14 09:44:16.590,3.303,1400
2020-08-14 09:44:16.590,3.303,100
2020-08-14 09:44:16.590,3.303,50000
2020-08-14 09:44:16.590,3.303,10000
2020-08-14 09:44:16.590,3.303,10000
2020-08-14 09:44:16.590,3.303,33000
2020-08-14 09:44:16.590,3.303,10000
2020-08-14 09:44:16.590,3.303,120700
2020-08-14 09:44:16.590,3.302,3000
2020-08-14 09:44:16.900,3.302,10000
2020-08-14 09:44:17.250,3.303,1500
2020-08-14 09:44:18.940,3.302,10000
2020-08-14 09:44:19.960,3.303,300000
2020-08-14 09:44:20.310,3.303,77800
2020-08-14 09:44:20.310,3.303,5000
2020-08-14 09:44:21.620,3.303,3000
2020-08-14 09:44:22.700,3.303,20000
2020-08-14 09:44:23.100,3.303,30500
2020-08-14 09:44:25.690,3.304,100
2020-08-14 09:44:25.920,3.303,20000
2020-08-14 09:44:26.170,3.304,700
2020-08-14 09:44:27.590,3.303,100
2020-08-14 09:44:28.340,3.303,6700
2020-08-14 09:44:28.760,3.303,3000
2020-08-14 09:44:28.790,3.303,100
2020-08-14 09:44:29.410,3.303,17000
2020-08-14 09:44:32.330,3.303,9000
2020-08-14 09:44:33.860,3.303,4000
2020-08-14 09:44:34.440,3.303,100
2020-08-14 09:44:35.230,3.303,103700
2020-08-14 09:44:35.230,3.303,57786
2020-08-14 09:44:36.500,3.303,20000
2020-08-14 09:44:36.610,3.303,220814
2020-08-14 09:44:36.610,3.303,61100
2020-08-14 09:44:36.850,3.303,1000
2020-08-14 09:44:39.580,3.303,1000
2020-08-14 09:44:40.090,3.303,400
2020-08-14 09:44:41.040,3.302,100
2020-08-14 09:44:41.600,3.303,1800
2020-08-14 09:44:42.210,3.302,600
2020-08-14 09:44:42.210,3.302,7000
2020-08-14 09:44:43.690,3.303,5000
2020-08-14 09:44:44.020,3.302,6000
2020-08-14 09:44:44.310,3.303,8886
2020-08-14 09:44:44.310,3.303,5000
2020-08-14 09:44:44.310,3.303,1000
2020-08-14 09:44:44.310,3.303,300
2020-08-14 09:44:44.310,3.303,3100
2020-08-14 09:44:44.310,3.303,400
2020-08-14 09:44:44.780,3.304,9200
2020-08-14 09:44:44.780,3.304,6000
2020-08-14 09:44:44.780,3.304,100
2020-08-14 09:44:44.780,3.304,500
2020-08-14 09:44:44.780,3.304,10000
2020-08-14 09:44:44.780,3.304,1400
2020-08-14 09:44:44.780,3.304,2800
2020-08-14 09:44:44.890,3.303,5500
2020-08-14 09:44:45.070,3.303,3200
2020-08-14 09:44:45.730,3.303,2614
2020-08-14 09:44:45.730,3.303,386
2020-08-14 09:44:46.030,3.304,7200
2020-08-14 09:44:46.030,3.304,10000
2020-08-14 09:44:46.030,3.304,1000
2020-08-14 09:44:46.030,3.304,200
2020-08-14 09:44:46.030,3.304,6000
2020-08-14 09:44:46.030,3.304,1000
2020-08-14 09:44:46.030,3.304,2600
2020-08-14 09:44:46.180,3.303,614
2020-08-14 09:44:46.180,3.302,2386
2020-08-14 09:44:46.210,3.302,10600
2020-08-14 09:44:47.500,3.302,6000
2020-08-14 09:44:47.810,3.303,300
2020-08-14 09:44:48.600,3.303,1000
2020-08-14 09:44:48.650,3.302,30000
2020-08-14 09:44:48.940,3.302,30000
2020-08-14 09:44:50.510,3.303,54300
2020-08-14 09:44:50.810,3.302,10000
2020-08-14 09:44:51.060,3.303,200
2020-08-14 09:44:53.270,3.303,100
2020-08-14 09:44:55.300,3.302,1000
2020-08-14 09:44:56.260,3.303,100
2020-08-14 09:44:57.740,3.302,50000
2020-08-14 09:44:57.820,3.302,500
2020-08-14 09:44:59.520,3.302,2000
2020-08-14 09:45:03.740,3.302,1000
2020-08-14 09:45:04.210,3.303,25000
2020-08-14 09:45:04.210,3.303,275100
2020-08-14 09:45:04.700,3.302,30000
2020-08-14 09:45:05.050,3.303,500
2020-08-14 09:45:05.850,3.302,100
2020-08-14 09:45:06.630,3.302,1000
2020-08-14 09:45:08.180,3.303,24400
2020-08-14 09:45:08.180,3.303,100
2020-08-14 09:45:08.180,3.303,2000
2020-08-14 09:45:08.180,3.303,5200
2020-08-14 09:45:08.780,3.302,6000
2020-08-14 09:45:10.190,3.303,200
2020-08-14 09:45:10.490,3.302,3700
2020-08-14 09:45:10.520,3.302,1000
2020-08-14 09:45:10.770,3.303,4600
2020-08-14 09:45:10.770,3.303,300
2020-08-14 09:45:10.770,3.303,10000
2020-08-14 09:45:10.770,3.303,2000
2020-08-14 09:45:10.770,3.303,10000
2020-08-14 09:45:10.770,3.303,500
2020-08-14 09:45:10.770,3.303,3000
2020-08-14 09:45:10.770,3.303,1000
2020-08-14 09:45:10.770,3.303,2000
2020-08-14 09:45:10.770,3.303,1000
2020-08-14 09:45:10.770,3.303,10000
2020-08-14 09:45:10.770,3.303,3000
2020-08-14 09:45:10.910,3.303,10000
2020-08-14 09:45:11.770,3.303,5000
2020-08-14 09:45:14.240,3.303,7000
2020-08-14 09:45:14.890,3.303,10000
2020-08-14 09:45:15.360,3.303,20000
2020-08-14 09:45:16.310,3.303,6000
2020-08-14 09:45:18.290,3.303,3000
2020-08-14 09:45:19.110,3.303,500
2020-08-14 09:45:19.340,3.303,3000
2020-08-14 09:45:21.700,3.303,600
2020-08-14 09:45:22.910,3.303,2900
2020-08-14 09:45:22.910,3.303,4000
2020-08-14 09:45:23.480,3.303,1000
2020-08-14 09:45:23.980,3.302,25000
2020-08-14 09:45:24.550,3.303,500
2020-08-14 09:45:24.550,3.304,1800
2020-08-14 09:45:26.880,3.303,200
2020-08-14 09:45:27.320,3.302,100
2020-08-14 09:45:29.770,3.302,8000
2020-08-14 09:45:33.610,3.302,1000
2020-08-14 09:45:35.020,3.302,3000
2020-08-14 09:45:35.340,3.302,200
2020-08-14 09:45:37.210,3.302,3000
2020-08-14 09:45:37.380,3.302,16200
2020-08-14 09:45:39.060,3.303,2900
2020-08-14 09:45:39.490,3.302,600
2020-08-14 09:45:40.850,3.302,500
2020-08-14 09:45:40.910,3.302,5400
2020-08-14 09:45:41.090,3.302,38714
2020-08-14 09:45:41.090,3.302,3000
2020-08-14 09:45:41.090,3.302,12600
2020-08-14 09:45:41.090,3.302,2000
2020-08-14 09:45:42.260,3.301,1700
2020-08-14 09:45:42.260,3.301,5000
2020-08-14 09:45:42.650,3.301,200
2020-08-14 09:45:43.320,3.301,200
2020-08-14 09:45:48.280,3.301,6700
2020-08-14 09:45:56.590,3.3,1000
2020-08-14 09:45:56.590,3.3,300
2020-08-14 09:45:56.590,3.3,2000
2020-08-14 09:45:56.590,3.3,200
2020-08-14 09:45:56.840,3.299,100
2020-08-14 09:45:58.190,3.299,600
2020-08-14 09:45:58.190,3.299,7200
2020-08-14 09:45:59.380,3.3,900
2020-08-14 09:46:01.640,3.299,2800
2020-08-14 09:46:01.640,3.299,200
2020-08-14 09:46:01.640,3.299,6100
2020-08-14 09:46:01.640,3.299,290900
2020-08-14 09:46:02.260,3.3,600
2020-08-14 09:46:02.260,3.3,100
2020-08-14 09:46:02.760,3.3,100
2020-08-14 09:46:02.760,3.3,9900
2020-08-14 09:46:06.410,3.3,100
2020-08-14 09:46:06.410,3.3,5000
2020-08-14 09:46:06.410,3.3,4900
2020-08-14 09:46:09.440,3.3,600
2020-08-14 09:46:09.440,3.3,2000
2020-08-14 09:46:09.440,3.3,5000
2020-08-14 09:46:09.440,3.3,20000
2020-08-14 09:46:09.440,3.3,2000
2020-08-14 09:46:09.440,3.3,2000
2020-08-14 09:46:09.440,3.3,1000
2020-08-14 09:46:09.440,3.3,1000
2020-08-14 09:46:09.530,3.3,7700
2020-08-14 09:46:10.970,3.3,7400
2020-08-14 09:46:11.560,3.3,10900
2020-08-14 09:46:11.770,3.3,5000
2020-08-14 09:46:12.010,3.301,100
2020-08-14 09:46:13.800,3.3,5000
2020-08-14 09:46:17.220,3.3,12400
2020-08-14 09:46:18.130,3.3,800
2020-08-14 09:46:18.330,3.301,6000
2020-08-14 09:46:19.700,3.3,5800
2020-08-14 09:46:21.080,3.3,5000
2020-08-14 09:46:21.490,3.3,6000
2020-08-14 09:46:21.780,3.301,500
2020-08-14 09:46:25.380,3.3,100
2020-08-14 09:46:27.520,3.3,2900
2020-08-14 09:46:27.520,3.3,1600
2020-08-14 09:46:27.520,3.3,600
2020-08-14 09:46:27.520,3.3,7500
2020-08-14 09:46:27.800,3.3,5100
2020-08-14 09:46:28.200,3.3,17400
2020-08-14 09:46:28.590,3.3,5000
2020-08-14 09:46:28.620,3.3,10000
2020-08-14 09:46:32.440,3.299,9100
2020-08-14 09:46:32.440,3.299,10700
2020-08-14 09:46:32.440,3.299,10200
2020-08-14 09:46:34.900,3.3,10000
2020-08-14 09:46:38.380,3.299,300
2020-08-14 09:46:39.500,3.3,3000
2020-08-14 09:46:41.090,3.299,4000
2020-08-14 09:46:41.400,3.299,500
2020-08-14 09:46:41.480,3.299,9000
2020-08-14 09:46:41.480,3.299,3000
2020-08-14 09:46:41.480,3.298,3000
2020-08-14 09:46:43.460,3.3,1300
2020-08-14 09:46:43.500,3.3,3000
2020-08-14 09:46:44.480,3.299,100
2020-08-14 09:46:45.020,3.299,1000
2020-08-14 09:46:50.630,3.299,400
2020-08-14 09:46:50.920,3.298,2000
2020-08-14 09:46:51.220,3.299,1000
2020-08-14 09:46:51.840,3.299,7500
2020-08-14 09:46:51.840,3.299,277500
2020-08-14 09:46:51.930,3.299,500
2020-08-14 09:46:51.980,3.298,600
2020-08-14 09:46:52.070,3.299,22000
2020-08-14 09:46:52.070,3.299,5000
2020-08-14 09:46:52.070,3.299,20000
2020-08-14 09:46:53.080,3.299,10000
2020-08-14 09:46:55.130,3.299,16000
2020-08-14 09:46:55.270,3.3,2800
2020-08-14 09:46:57.940,3.3,300
2020-08-14 09:47:03.620,3.299,6000
2020-08-14 09:47:04.790,3.299,3700
2020-08-14 09:47:06.590,3.3,3000
2020-08-14 09:47:06.670,3.299,500
2020-08-14 09:47:09.580,3.299,20000
2020-08-14 09:47:09.640,3.299,10000
2020-08-14 09:47:10.110,3.299,10000
2020-08-14 09:47:11.120,3.3,1000
2020-08-14 09:47:12.430,3.299,100
2020-08-14 09:47:12.650,3.299,9100
2020-08-14 09:47:12.710,3.299,5600
2020-08-14 09:47:13.220,3.299,600
2020-08-14 09:47:15.220,3.299,2600
2020-08-14 09:47:17.050,3.299,20000
2020-08-14 09:47:17.110,3.299,1500
2020-08-14 09:47:17.330,3.299,1000
2020-08-14 09:47:17.800,3.299,5000
2020-08-14 09:47:18.540,3.299,10000
2020-08-14 09:47:19.770,3.299,3000
2020-08-14 09:47:21.400,3.3,3000
2020-08-14 09:47:23.260,3.299,1000
2020-08-14 09:47:23.260,3.299,10000
2020-08-14 09:47:24.400,3.299,700
2020-08-14 09:47:26.390,3.3,40200
2020-08-14 09:47:26.390,3.3,2300
2020-08-14 09:47:26.390,3.3,1000
2020-08-14 09:47:26.390,3.3,15000
2020-08-14 09:47:26.390,3.3,50000
2020-08-14 09:47:26.390,3.3,7800
2020-08-14 09:47:26.390,3.3,10000
2020-08-14 09:47:26.390,3.3,700
2020-08-14 09:47:26.390,3.3,10000
2020-08-14 09:47:26.390,3.3,5000
2020-08-14 09:47:26.390,3.3,4000
2020-08-14 09:47:26.390,3.3,500
2020-08-14 09:47:26.390,3.3,5900
2020-08-14 09:47:26.390,3.3,500
2020-08-14 09:47:26.390,3.3,147100
2020-08-14 09:47:26.580,3.299,3300
2020-08-14 09:47:27.730,3.299,3300
2020-08-14 09:47:28.980,3.299,2700
2020-08-14 09:47:29.970,3.299,4000
2020-08-14 09:47:36.440,3.299,10000
2020-08-14 09:47:39.870,3.298,10000
2020-08-14 09:47:40.400,3.298,5000
2020-08-14 09:47:41.250,3.298,3000
2020-08-14 09:47:41.310,3.298,5600
2020-08-14 09:47:41.560,3.298,10000
2020-08-14 09:47:42.020,3.298,5000
2020-08-14 09:47:44.730,3.298,15000
2020-08-14 09:47:44.930,3.298,1600
2020-08-14 09:47:45.330,3.298,8900
2020-08-14 09:47:50.350,3.298,10000
2020-08-14 09:47:50.400,3.298,1100
2020-08-14 09:47:50.400,3.298,1000
2020-08-14 09:47:50.400,3.298,3000
2020-08-14 09:47:50.400,3.298,3100
2020-08-14 09:47:50.400,3.298,800
2020-08-14 09:47:52.350,3.298,29200
2020-08-14 09:47:52.350,3.298,19600
2020-08-14 09:47:53.980,3.298,10000
2020-08-14 09:47:53.980,3.298,400
2020-08-14 09:47:53.980,3.298,18600
2020-08-14 09:47:54.260,3.298,3000
2020-08-14 09:47:54.420,3.298,8400
2020-08-14 09:47:54.420,3.298,1000
2020-08-14 09:47:54.420,3.298,100
2020-08-14 09:47:54.420,3.298,5000
2020-08-14 09:47:54.420,3.298,2000
2020-08-14 09:47:54.420,3.298,800
2020-08-14 09:47:54.420,3.298,172600
2020-08-14 09:47:56.960,3.298,5000
2020-08-14 09:47:58.450,3.298,36000
2020-08-14 09:48:00.150,3.299,4400
2020-08-14 09:48:00.150,3.299,3100
2020-08-14 09:48:00.150,3.299,16900
2020-08-14 09:48:00.150,3.299,2300
2020-08-14 09:48:00.150,3.299,12500
2020-08-14 09:48:00.150,3.299,200
2020-08-14 09:48:00.150,3.299,3300
2020-08-14 09:48:00.150,3.299,37300
2020-08-14 09:48:00.260,3.298,5000
2020-08-14 09:48:00.320,3.299,2400
2020-08-14 09:48:00.320,3.299,20000
2020-08-14 09:48:00.320,3.299,10000
2020-08-14 09:48:00.320,3.299,10000
2020-08-14 09:48:00.320,3.299,5000
2020-08-14 09:48:00.320,3.299,200
2020-08-14 09:48:00.320,3.299,10000
2020-08-14 09:48:01.660,3.299,100
2020-08-14 09:48:04.460,3.3,299700
2020-08-14 09:48:04.800,3.3,260000
2020-08-14 09:48:04.950,3.299,20000
2020-08-14 09:48:05.010,3.299,1000
2020-08-14 09:48:07.250,3.3,70000
2020-08-14 09:48:07.380,3.3,39400
2020-08-14 09:48:07.380,3.3,200
2020-08-14 09:48:07.380,3.3,200
2020-08-14 09:48:07.380,3.3,10000
2020-08-14 09:48:07.380,3.3,16100
2020-08-14 09:48:07.380,3.3,4100
2020-08-14 09:48:07.380,3.3,4800
2020-08-14 09:48:07.380,3.3,1000
2020-08-14 09:48:07.380,3.3,5600
2020-08-14 09:48:07.380,3.3,2100
2020-08-14 09:48:07.380,3.3,1700
2020-08-14 09:48:07.380,3.3,4000
2020-08-14 09:48:07.380,3.3,2000
2020-08-14 09:48:07.380,3.3,500
2020-08-14 09:48:07.380,3.3,8300
2020-08-14 09:48:07.380,3.299,700
2020-08-14 09:48:07.520,3.3,15600
2020-08-14 09:48:07.520,3.3,100
2020-08-14 09:48:07.520,3.3,284300
2020-08-14 09:48:07.540,3.3,40000
2020-08-14 09:48:08.520,3.3,175700
2020-08-14 09:48:08.740,3.3,10000
2020-08-14 09:48:09.700,3.3,1000
2020-08-14 09:48:10.500,3.3,113300
2020-08-14 09:48:11.180,3.3,299000
2020-08-14 09:48:11.320,3.299,3000
2020-08-14 09:48:12.300,3.3,300000
2020-08-14 09:48:12.300,3.3,70000
2020-08-14 09:48:12.540,3.3,14300
2020-08-14 09:48:12.540,3.3,40000
2020-08-14 09:48:13.480,3.3,5000
2020-08-14 09:48:14.540,3.301,279600
2020-08-14 09:48:14.540,3.301,3800
2020-08-14 09:48:14.540,3.301,16300
2020-08-14 09:48:14.670,3.301,3700
2020-08-14 09:48:14.670,3.301,3000
2020-08-14 09:48:14.670,3.301,300
2020-08-14 09:48:14.670,3.301,8800
2020-08-14 09:48:14.670,3.301,3000
2020-08-14 09:48:14.670,3.301,10000
2020-08-14 09:48:14.670,3.301,15000
2020-08-14 09:48:14.670,3.301,4100
2020-08-14 09:48:14.670,3.301,3000
2020-08-14 09:48:14.670,3.301,1000
2020-08-14 09:48:14.670,3.301,100
2020-08-14 09:48:14.670,3.301,9000
2020-08-14 09:48:14.670,3.301,1000
2020-08-14 09:48:14.670,3.301,5000
2020-08-14 09:48:14.670,3.301,100
2020-08-14 09:48:14.670,3.301,9900
2020-08-14 09:48:14.670,3.301,28900
2020-08-14 09:48:14.670,3.301,100
2020-08-14 09:48:14.670,3.301,16600
2020-08-14 09:48:14.670,3.301,10000
2020-08-14 09:48:15.200,3.302,100000
2020-08-14 09:48:15.540,3.301,9100
2020-08-14 09:48:17.780,3.301,38600
2020-08-14 09:48:17.930,3.301,118000
2020-08-14 09:48:18.200,3.302,20000
2020-08-14 09:48:19.600,3.301,1700
2020-08-14 09:48:19.600,3.301,4500
2020-08-14 09:48:19.680,3.301,2000
2020-08-14 09:48:20.000,3.301,300
2020-08-14 09:48:20.200,3.302,180000
2020-08-14 09:48:20.200,3.302,4800
2020-08-14 09:48:20.200,3.302,11500
2020-08-14 09:48:20.200,3.302,5000
2020-08-14 09:48:20.200,3.302,5000
2020-08-14 09:48:20.200,3.302,5000
2020-08-14 09:48:20.200,3.302,3000
2020-08-14 09:48:20.200,3.302,2200
2020-08-14 09:48:20.200,3.302,38200
2020-08-14 09:48:20.200,3.302,12000
2020-08-14 09:48:20.200,3.302,3500
2020-08-14 09:48:20.200,3.302,2700
2020-08-14 09:48:20.200,3.302,100
2020-08-14 09:48:20.200,3.302,8500
2020-08-14 09:48:20.200,3.302,1000
2020-08-14 09:48:20.200,3.303,7100
2020-08-14 09:48:20.200,3.303,10000
2020-08-14 09:48:20.200,3.303,400
2020-08-14 09:48:20.200,3.303,600
2020-08-14 09:48:20.200,3.303,9000
2020-08-14 09:48:20.200,3.303,100
2020-08-14 09:48:20.200,3.303,5000
2020-08-14 09:48:20.200,3.303,10000
2020-08-14 09:48:20.200,3.303,30000
2020-08-14 09:48:20.200,3.303,50000
2020-08-14 09:48:20.200,3.303,100
2020-08-14 09:48:20.200,3.303,195200
2020-08-14 09:48:21.170,3.303,40000
2020-08-14 09:48:21.220,3.303,30000
2020-08-14 09:48:21.220,3.303,90000
2020-08-14 09:48:21.220,3.303,44800
2020-08-14 09:48:21.220,3.303,400
2020-08-14 09:48:21.220,3.303,300
2020-08-14 09:48:21.220,3.303,4500
2020-08-14 09:48:21.220,3.303,60000
2020-08-14 09:48:21.220,3.303,30000
2020-08-14 09:48:21.390,3.303,5500
2020-08-14 09:48:21.390,3.303,18300
2020-08-14 09:48:21.390,3.303,5000
2020-08-14 09:48:21.390,3.303,2000
2020-08-14 09:48:21.390,3.303,500
2020-08-14 09:48:21.390,3.303,1000
2020-08-14 09:48:21.390,3.304,15600
2020-08-14 09:48:21.390,3.304,1600
2020-08-14 09:48:21.390,3.304,100
2020-08-14 09:48:21.390,3.304,3400
2020-08-14 09:48:21.390,3.304,500
2020-08-14 09:48:21.390,3.304,5000
2020-08-14 09:48:21.390,3.304,100
2020-08-14 09:48:21.390,3.304,1000
2020-08-14 09:48:21.390,3.304,5000
2020-08-14 09:48:21.390,3.304,2000
2020-08-14 09:48:21.390,3.304,300
2020-08-14 09:48:21.390,3.304,2000
2020-08-14 09:48:21.390,3.304,5000
2020-08-14 09:48:21.390,3.304,1000
2020-08-14 09:48:21.390,3.304,10000
2020-08-14 09:48:21.390,3.304,10000
2020-08-14 09:48:21.390,3.304,3000
2020-08-14 09:48:21.390,3.304,2000
2020-08-14 09:48:21.390,3.304,10000
2020-08-14 09:48:21.390,3.304,5400
2020-08-14 09:48:21.390,3.304,2500
2020-08-14 09:48:21.390,3.304,5000
2020-08-14 09:48:21.390,3.304,6000
2020-08-14 09:48:21.390,3.304,50000
2020-08-14 09:48:21.390,3.304,100
2020-08-14 09:48:21.390,3.304,9000
2020-08-14 09:48:21.390,3.304,3000
2020-08-14 09:48:21.390,3.304,17100
2020-08-14 09:48:21.390,3.304,1000
2020-08-14 09:48:21.390,3.304,4000
2020-08-14 09:48:21.390,3.304,5000
2020-08-14 09:48:21.390,3.304,10000
2020-08-14 09:48:21.390,3.304,1500
2020-08-14 09:48:21.390,3.304,10000
2020-08-14 09:48:21.390,3.304,3300
2020-08-14 09:48:21.390,3.304,100
2020-08-14 09:48:21.390,3.304,2000
2020-08-14 09:48:21.390,3.304,2000
2020-08-14 09:48:21.390,3.304,10000
2020-08-14 09:48:21.390,3.304,4000
2020-08-14 09:48:21.390,3.304,5000
2020-08-14 09:48:21.390,3.304,1000
2020-08-14 09:48:21.390,3.304,33100
2020-08-14 09:48:22.140,3.304,56900
2020-08-14 09:48:22.140,3.304,10000
2020-08-14 09:48:22.140,3.304,1000
2020-08-14 09:48:22.140,3.304,1000
2020-08-14 09:48:22.140,3.304,400
2020-08-14 09:48:22.140,3.304,230700
2020-08-14 09:48:22.140,3.304,169300
2020-08-14 09:48:22.140,3.304,5000
2020-08-14 09:48:22.140,3.304,3000
2020-08-14 09:48:22.140,3.304,3700
2020-08-14 09:48:22.140,3.304,10000
2020-08-14 09:48:22.140,3.304,30000
2020-08-14 09:48:22.140,3.304,30000
2020-08-14 09:48:22.140,3.304,300
2020-08-14 09:48:22.140,3.304,700
2020-08-14 09:48:22.140,3.304,200
2020-08-14 09:48:22.140,3.304,5000
2020-08-14 09:48:22.140,3.304,300
2020-08-14 09:48:23.510,3.304,800
2020-08-14 09:48:28.010,3.304,500
2020-08-14 09:48:30.130,3.304,100
2020-08-14 09:48:33.420,3.305,4500
2020-08-14 09:48:34.640,3.302,40000
2020-08-14 09:48:34.640,3.302,209900
2020-08-14 09:48:34.640,3.302,9000
2020-08-14 09:48:40.060,3.304,3000
2020-08-14 09:48:40.060,3.304,3000
2020-08-14 09:48:45.960,3.304,2000
2020-08-14 09:48:45.960,3.304,6000
2020-08-14 09:48:45.960,3.304,3000
2020-08-14 09:48:45.960,3.304,200
2020-08-14 09:48:45.960,3.304,100000
2020-08-14 09:48:46.590,3.304,11800
2020-08-14 09:48:47.870,3.304,4400
2020-08-14 09:48:48.580,3.304,200
2020-08-14 09:48:48.960,3.304,300
2020-08-14 09:48:49.340,3.304,200
2020-08-14 09:48:50.220,3.305,1000
2020-08-14 09:48:51.100,3.304,9000
2020-08-14 09:48:51.240,3.304,8400
2020-08-14 09:48:54.850,3.304,8900
2020-08-14 09:48:55.740,3.304,100
2020-08-14 09:48:56.520,3.305,2000
2020-08-14 09:48:57.340,3.304,3000
2020-08-14 09:48:57.730,3.304,100000
2020-08-14 09:48:58.430,3.304,10000
2020-08-14 09:48:59.400,3.304,10000
2020-08-14 09:48:59.690,3.304,100
2020-08-14 09:49:00.100,3.304,5000
2020-08-14 09:49:00.520,3.304,20000
2020-08-14 09:49:01.000,3.305,2500
2020-08-14 09:49:01.000,3.305,600
2020-08-14 09:49:01.000,3.305,5000
2020-08-14 09:49:01.000,3.305,3000
2020-08-14 09:49:01.000,3.305,5000
2020-08-14 09:49:01.000,3.305,500
2020-08-14 09:49:01.000,3.305,10000
2020-08-14 09:49:01.000,3.305,100
2020-08-14 09:49:01.000,3.305,10000
2020-08-14 09:49:01.000,3.305,20000
2020-08-14 09:49:01.000,3.305,200
2020-08-14 09:49:01.000,3.305,10000
2020-08-14 09:49:01.000,3.305,20000
2020-08-14 09:49:01.000,3.305,5000
2020-08-14 09:49:01.000,3.305,3500
2020-08-14 09:49:01.000,3.305,1000
2020-08-14 09:49:01.000,3.305,1000
2020-08-14 09:49:01.000,3.305,20000
2020-08-14 09:49:01.000,3.305,1000
2020-08-14 09:49:01.000,3.305,2300
2020-08-14 09:49:01.000,3.305,9000
2020-08-14 09:49:01.000,3.305,1100
2020-08-14 09:49:01.000,3.305,200
2020-08-14 09:49:01.000,3.305,2700
2020-08-14 09:49:01.000,3.305,2500
2020-08-14 09:49:01.000,3.305,1000
2020-08-14 09:49:01.000,3.305,50000
2020-08-14 09:49:01.000,3.305,1100
2020-08-14 09:49:01.000,3.305,3100
2020-08-14 09:49:01.000,3.305,5000
2020-08-14 09:49:01.000,3.305,5000
2020-08-14 09:49:01.000,3.305,4000
2020-08-14 09:49:01.000,3.305,10000
2020-08-14 09:49:01.000,3.305,4600
2020-08-14 09:49:02.570,3.305,15400
2020-08-14 09:49:02.570,3.305,500
2020-08-14 09:49:02.570,3.305,10000
2020-08-14 09:49:02.570,3.305,23900
2020-08-14 09:49:02.570,3.305,50000
2020-08-14 09:49:02.570,3.305,6000
2020-08-14 09:49:02.570,3.305,500
2020-08-14 09:49:02.570,3.305,4000
2020-08-14 09:49:02.570,3.305,100
2020-08-14 09:49:02.570,3.305,1000
2020-08-14 09:49:02.570,3.305,5000
2020-08-14 09:49:02.570,3.305,3000
2020-08-14 09:49:02.570,3.305,1700
2020-08-14 09:49:02.570,3.305,20000
2020-08-14 09:49:02.570,3.305,8000
2020-08-14 09:49:02.570,3.305,100
2020-08-14 09:49:02.570,3.305,2000
2020-08-14 09:49:02.570,3.305,2000
2020-08-14 09:49:02.570,3.305,1000
2020-08-14 09:49:02.570,3.305,5000
2020-08-14 09:49:02.570,3.305,100
2020-08-14 09:49:02.570,3.305,140700
2020-08-14 09:49:02.650,3.305,259300
2020-08-14 09:49:02.650,3.305,10000
2020-08-14 09:49:02.650,3.305,4700
2020-08-14 09:49:02.650,3.305,200
2020-08-14 09:49:02.650,3.305,10500
2020-08-14 09:49:02.650,3.305,1400
2020-08-14 09:49:02.650,3.305,10000
2020-08-14 09:49:02.650,3.305,3200
2020-08-14 09:49:02.650,3.305,700
2020-08-14 09:49:03.030,3.305,1300
2020-08-14 09:49:03.030,3.305,6000
2020-08-14 09:49:03.030,3.305,10000
2020-08-14 09:49:03.030,3.305,2000
2020-08-14 09:49:03.030,3.305,1000
2020-08-14 09:49:03.030,3.305,3000
2020-08-14 09:49:03.030,3.305,30000
2020-08-14 09:49:03.030,3.305,100
2020-08-14 09:49:03.030,3.305,500
2020-08-14 09:49:03.030,3.305,10000
2020-08-14 09:49:03.030,3.305,10000
2020-08-14 09:49:03.030,3.305,1000
2020-08-14 09:49:03.030,3.305,3200
2020-08-14 09:49:03.030,3.305,25000
2020-08-14 09:49:03.030,3.305,4900
2020-08-14 09:49:03.030,3.305,900
2020-08-14 09:49:03.030,3.305,20000
2020-08-14 09:49:03.660,3.305,5000
2020-08-14 09:49:05.570,3.305,5000
2020-08-14 09:49:06.060,3.305,10000
2020-08-14 09:49:07.120,3.305,1000
2020-08-14 09:49:07.280,3.305,5000
2020-08-14 09:49:07.400,3.305,300
2020-08-14 09:49:08.350,3.305,10000
2020-08-14 09:49:09.640,3.306,300
2020-08-14 09:49:09.640,3.306,10000
2020-08-14 09:49:09.640,3.306,6000
2020-08-14 09:49:09.640,3.306,8300
2020-08-14 09:49:09.640,3.306,20000
2020-08-14 09:49:09.640,3.306,500
2020-08-14 09:49:09.640,3.306,10000
2020-08-14 09:49:09.640,3.306,5000
2020-08-14 09:49:09.640,3.306,8000
2020-08-14 09:49:09.640,3.306,500
2020-08-14 09:49:09.640,3.306,5900
2020-08-14 09:49:09.640,3.306,200
2020-08-14 09:49:09.640,3.306,170000
2020-08-14 09:49:09.640,3.306,5800
2020-08-14 09:49:09.640,3.306,2000
2020-08-14 09:49:09.640,3.306,10000
2020-08-14 09:49:09.640,3.306,2000
2020-08-14 09:49:09.640,3.306,1300
2020-08-14 09:49:09.640,3.306,1200
2020-08-14 09:49:09.640,3.306,1100
2020-08-14 09:49:09.640,3.306,1000
2020-08-14 09:49:09.640,3.306,1000
2020-08-14 09:49:09.640,3.306,100
2020-08-14 09:49:09.640,3.306,5000
2020-08-14 09:49:09.640,3.306,100
2020-08-14 09:49:09.640,3.306,2000
2020-08-14 09:49:09.640,3.306,100
2020-08-14 09:49:09.640,3.306,10000
2020-08-14 09:49:09.640,3.306,12600
2020-08-14 09:49:10.120,3.306,87400
2020-08-14 09:49:10.120,3.307,3000
2020-08-14 09:49:10.120,3.307,500
2020-08-14 09:49:10.120,3.307,100
2020-08-14 09:49:10.120,3.307,100
2020-08-14 09:49:10.120,3.307,500
2020-08-14 09:49:10.120,3.307,10000
2020-08-14 09:49:10.120,3.307,10000
2020-08-14 09:49:10.120,3.307,1500
2020-08-14 09:49:10.120,3.307,50000
2020-08-14 09:49:10.120,3.307,5000
2020-08-14 09:49:10.120,3.307,38300
2020-08-14 09:49:11.330,3.306,5000
2020-08-14 09:49:11.360,3.306,400
2020-08-14 09:49:12.370,3.306,5000
2020-08-14 09:49:12.980,3.306,6000
2020-08-14 09:49:13.570,3.307,61700
2020-08-14 09:49:13.570,3.307,2000
2020-08-14 09:49:13.570,3.307,400
2020-08-14 09:49:13.570,3.307,10000
2020-08-14 09:49:13.570,3.307,500
2020-08-14 09:49:13.570,3.307,10000
2020-08-14 09:49:13.570,3.307,4800
2020-08-14 09:49:13.570,3.307,10000
2020-08-14 09:49:13.570,3.307,5200
2020-08-14 09:49:13.570,3.307,200
2020-08-14 09:49:13.570,3.307,195200
2020-08-14 09:49:14.020,3.306,600
2020-08-14 09:49:14.870,3.306,10000
2020-08-14 09:49:15.480,3.306,10000
2020-08-14 09:49:16.410,3.307,5000
2020-08-14 09:49:16.410,3.307,10000
2020-08-14 09:49:16.450,3.307,200
2020-08-14 09:49:16.500,3.307,5800
2020-08-14 09:49:17.160,3.307,56800
2020-08-14 09:49:17.300,3.307,6000
2020-08-14 09:49:20.450,3.307,700
2020-08-14 09:49:21.080,3.307,200000
2020-08-14 09:49:21.610,3.307,15500
2020-08-14 09:49:21.610,3.307,4500
2020-08-14 09:49:23.390,3.307,100
2020-08-14 09:49:23.390,3.307,5000
2020-08-14 09:49:23.390,3.306,2000
2020-08-14 09:49:23.390,3.306,100
2020-08-14 09:49:25.050,3.306,2800
2020-08-14 09:49:25.050,3.307,3000
2020-08-14 09:49:25.050,3.307,20000
2020-08-14 09:49:25.050,3.307,4200
2020-08-14 09:49:25.530,3.307,15000
2020-08-14 09:49:26.090,3.305,400
2020-08-14 09:49:26.090,3.305,2600
2020-08-14 09:49:26.150,3.305,1500
2020-08-14 09:49:27.780,3.307,10000
2020-08-14 09:49:28.910,3.306,3000
2020-08-14 09:49:30.680,3.306,20000
2020-08-14 09:49:30.890,3.305,100
2020-08-14 09:49:30.890,3.305,500
2020-08-14 09:49:30.890,3.305,1600
2020-08-14 09:49:30.890,3.305,900
2020-08-14 09:49:31.010,3.306,7000
2020-08-14 09:49:31.640,3.307,100000
2020-08-14 09:49:32.310,3.307,40000
2020-08-14 09:49:33.550,3.306,9000
2020-08-14 09:49:35.940,3.307,16300
2020-08-14 09:49:36.140,3.307,3800
2020-08-14 09:49:36.170,3.306,5000
2020-08-14 09:49:36.460,3.306,100
2020-08-14 09:49:36.720,3.306,6800
2020-08-14 09:49:36.860,3.306,12100
2020-08-14 09:49:36.860,3.306,3000
2020-08-14 09:49:36.860,3.306,300100
2020-08-14 09:49:37.050,3.305,10000
2020-08-14 09:49:37.080,3.306,8000
2020-08-14 09:49:37.260,3.306,400
2020-08-14 09:49:38.060,3.305,2000
2020-08-14 09:49:39.160,3.306,300
2020-08-14 09:49:39.540,3.306,300000
2020-08-14 09:49:40.060,3.306,130000
2020-08-14 09:49:40.140,3.306,80000
2020-08-14 09:49:40.280,3.306,200
2020-08-14 09:49:40.930,3.306,165900
2020-08-14 09:49:40.930,3.306,5000
2020-08-14 09:49:40.930,3.306,50000
2020-08-14 09:49:40.930,3.306,300
2020-08-14 09:49:41.230,3.307,400
2020-08-14 09:49:41.230,3.307,1600
2020-08-14 09:49:42.450,3.306,3800
2020-08-14 09:49:45.780,3.306,100
2020-08-14 09:49:46.670,3.307,8400
2020-08-14 09:49:46.670,3.307,6000
2020-08-14 09:49:46.670,3.307,9000
2020-08-14 09:49:46.670,3.307,6700
2020-08-14 09:49:46.670,3.307,30000
2020-08-14 09:49:46.670,3.307,2100
2020-08-14 09:49:46.670,3.307,3000
2020-08-14 09:49:46.670,3.307,5000
2020-08-14 09:49:46.670,3.307,2000
2020-08-14 09:49:46.670,3.307,7800
2020-08-14 09:49:46.790,3.307,300
2020-08-14 09:49:46.900,3.306,2000
2020-08-14 09:49:46.950,3.307,900
2020-08-14 09:49:46.950,3.307,20000
2020-08-14 09:49:46.950,3.307,19100
2020-08-14 09:49:47.090,3.306,20000
2020-08-14 09:49:47.120,3.307,219900
2020-08-14 09:49:47.120,3.307,40100
2020-08-14 09:49:48.070,3.306,5000
2020-08-14 09:49:50.240,3.306,500
2020-08-14 09:49:51.580,3.307,300000
2020-08-14 09:49:52.840,3.306,400
2020-08-14 09:49:53.570,3.306,1300
2020-08-14 09:49:54.610,3.306,1000
2020-08-14 09:49:55.910,3.306,11600
2020-08-14 09:49:56.740,3.307,4600
2020-08-14 09:49:58.400,3.306,100
2020-08-14 09:49:59.010,3.307,300100
2020-08-14 09:49:59.040,3.307,300000
2020-08-14 09:49:59.040,3.307,55200
2020-08-14 09:49:59.040,3.307,4000
2020-08-14 09:49:59.040,3.307,30000
2020-08-14 09:49:59.040,3.307,1000
2020-08-14 09:49:59.040,3.307,100000
2020-08-14 09:49:59.040,3.307,400
2020-08-14 09:49:59.040,3.307,109400
2020-08-14 09:49:59.160,3.307,10100
2020-08-14 09:49:59.160,3.307,2900
2020-08-14 09:49:59.160,3.307,56800
2020-08-14 09:49:59.160,3.307,10000
2020-08-14 09:49:59.160,3.307,1500
2020-08-14 09:49:59.160,3.307,10000
2020-08-14 09:50:00.460,3.307,8700
2020-08-14 09:50:00.460,3.307,30000
2020-08-14 09:50:00.460,3.307,40000
2020-08-14 09:50:00.460,3.307,300000
2020-08-14 09:50:00.460,3.307,300000
2020-08-14 09:50:00.460,3.307,300000
2020-08-14 09:50:00.460,3.307,100
2020-08-14 09:50:00.490,3.307,21200
2020-08-14 09:50:00.540,3.308,20000
2020-08-14 09:50:00.540,3.308,10000
2020-08-14 09:50:00.540,3.308,10000
2020-08-14 09:50:00.540,3.308,500
2020-08-14 09:50:00.540,3.308,200
2020-08-14 09:50:00.540,3.308,6000
2020-08-14 09:50:00.540,3.308,500
2020-08-14 09:50:00.540,3.308,10000
2020-08-14 09:50:00.540,3.308,100
2020-08-14 09:50:00.540,3.308,2000
2020-08-14 09:50:00.540,3.308,3000
2020-08-14 09:50:00.540,3.308,4000
2020-08-14 09:50:00.540,3.308,1000
2020-08-14 09:50:00.540,3.308,5000
2020-08-14 09:50:00.540,3.308,4500
2020-08-14 09:50:00.540,3.308,3000
2020-08-14 09:50:00.540,3.308,10000
2020-08-14 09:50:00.540,3.308,2000
2020-08-14 09:50:00.540,3.308,5000
2020-08-14 09:50:00.540,3.308,4800
2020-08-14 09:50:00.540,3.308,1000
2020-08-14 09:50:00.540,3.308,7000
2020-08-14 09:50:00.540,3.308,20000
2020-08-14 09:50:00.540,3.308,100
2020-08-14 09:50:00.540,3.308,1000
2020-08-14 09:50:00.540,3.308,5000
2020-08-14 09:50:00.540,3.308,800
2020-08-14 09:50:00.540,3.308,10000
2020-08-14 09:50:00.540,3.308,10000
2020-08-14 09:50:00.540,3.308,80000
2020-08-14 09:50:00.540,3.308,19200
2020-08-14 09:50:00.540,3.308,300
2020-08-14 09:50:00.540,3.308,1000
2020-08-14 09:50:00.540,3.308,2000
2020-08-14 09:50:00.540,3.308,10000
2020-08-14 09:50:00.540,3.308,10000
2020-08-14 09:50:00.540,3.308,5000
2020-08-14 09:50:00.540,3.308,100
2020-08-14 09:50:00.540,3.308,1900
2020-08-14 09:50:00.540,3.308,500
2020-08-14 09:50:00.540,3.308,13500
2020-08-14 09:50:01.210,3.308,80000
2020-08-14 09:50:01.450,3.307,1000
2020-08-14 09:50:01.720,3.307,100
2020-08-14 09:50:01.770,3.308,6500
2020-08-14 09:50:01.770,3.308,3100
2020-08-14 09:50:01.770,3.308,290400
2020-08-14 09:50:02.000,3.308,9600
2020-08-14 09:50:02.000,3.308,10000
2020-08-14 09:50:02.000,3.308,10000
2020-08-14 09:50:02.000,3.308,400
2020-08-14 09:50:02.000,3.308,9600
2020-08-14 09:50:02.000,3.308,1000
2020-08-14 09:50:02.000,3.308,3000
2020-08-14 09:50:02.000,3.308,5000
2020-08-14 09:50:02.000,3.308,3000
2020-08-14 09:50:02.000,3.308,10000
2020-08-14 09:50:02.000,3.308,8400
2020-08-14 09:50:02.330,3.307,8000
2020-08-14 09:50:02.700,3.308,1600
2020-08-14 09:50:02.700,3.308,5000
2020-08-14 09:50:02.700,3.308,2000
2020-08-14 09:50:02.700,3.308,100
2020-08-14 09:50:02.700,3.308,3100
2020-08-14 09:50:02.700,3.308,10000
2020-08-14 09:50:02.860,3.308,18200
2020-08-14 09:50:02.860,3.307,800
2020-08-14 09:50:02.960,3.307,65500
2020-08-14 09:50:03.460,3.308,20000
2020-08-14 09:50:03.810,3.308,20000
2020-08-14 09:50:03.810,3.307,39700
2020-08-14 09:50:04.440,3.307,4100
2020-08-14 09:50:04.470,3.309,5000
2020-08-14 09:50:04.470,3.309,100
2020-08-14 09:50:04.470,3.309,33300
2020-08-14 09:50:04.470,3.309,1200
2020-08-14 09:50:04.470,3.309,500
2020-08-14 09:50:04.470,3.309,1000
2020-08-14 09:50:04.470,3.309,3000
2020-08-14 09:50:04.470,3.309,500
2020-08-14 09:50:04.470,3.309,500
2020-08-14 09:50:04.470,3.309,10000
2020-08-14 09:50:04.470,3.309,5000
2020-08-14 09:50:04.470,3.309,1000
2020-08-14 09:50:04.470,3.309,6000
2020-08-14 09:50:04.470,3.309,38800
2020-08-14 09:50:04.470,3.309,3000
2020-08-14 09:50:04.470,3.309,600
2020-08-14 09:50:04.470,3.309,5000
2020-08-14 09:50:04.470,3.309,2000
2020-08-14 09:50:04.470,3.309,1000
2020-08-14 09:50:04.470,3.309,6000
2020-08-14 09:50:04.470,3.309,1000
2020-08-14 09:50:04.470,3.309,10000
2020-08-14 09:50:04.470,3.309,5000
2020-08-14 09:50:04.470,3.309,1000
2020-08-14 09:50:04.470,3.309,2000
2020-08-14 09:50:04.470,3.309,5000
2020-08-14 09:50:04.470,3.309,100
2020-08-14 09:50:04.470,3.309,3000
2020-08-14 09:50:04.470,3.309,500
2020-08-14 09:50:04.470,3.309,1000
2020-08-14 09:50:04.470,3.309,400
2020-08-14 09:50:04.470,3.309,5500
2020-08-14 09:50:04.470,3.309,1000
2020-08-14 09:50:04.470,3.309,1000
2020-08-14 09:50:04.470,3.309,10000
2020-08-14 09:50:04.470,3.309,11500
2020-08-14 09:50:04.470,3.309,1000
2020-08-14 09:50:04.470,3.309,1000
2020-08-14 09:50:04.470,3.309,2000
2020-08-14 09:50:04.470,3.309,100
2020-08-14 09:50:04.470,3.309,500
2020-08-14 09:50:04.470,3.309,10000
2020-08-14 09:50:04.470,3.309,3300
2020-08-14 09:50:04.470,3.309,1000
2020-08-14 09:50:04.470,3.309,500
2020-08-14 09:50:04.470,3.309,10000
2020-08-14 09:50:04.790,3.309,10000
2020-08-14 09:50:05.200,3.309,79100
2020-08-14 09:50:05.200,3.307,20900
2020-08-14 09:50:05.690,3.307,10000
2020-08-14 09:50:06.130,3.308,1000
2020-08-14 09:50:06.150,3.309,3100
2020-08-14 09:50:06.860,3.309,2000
2020-08-14 09:50:07.040,3.309,3000
2020-08-14 09:50:07.450,3.309,100
2020-08-14 09:50:07.960,3.309,1000
2020-08-14 09:50:08.090,3.309,6100
2020-08-14 09:50:08.410,3.309,30000
2020-08-14 09:50:09.220,3.31,2000
2020-08-14 09:50:09.220,3.31,30000
2020-08-14 09:50:09.220,3.31,5000
2020-08-14 09:50:09.220,3.31,1500
2020-08-14 09:50:09.220,3.31,12000
2020-08-14 09:50:09.220,3.31,300
2020-08-14 09:50:09.220,3.31,1000
2020-08-14 09:50:09.220,3.31,1000
2020-08-14 09:50:09.220,3.31,100
2020-08-14 09:50:09.220,3.31,200
2020-08-14 09:50:09.220,3.31,8000
2020-08-14 09:50:09.220,3.31,8000
2020-08-14 09:50:09.220,3.31,1000
2020-08-14 09:50:09.220,3.31,3000
2020-08-14 09:50:09.220,3.31,6000
2020-08-14 09:50:09.220,3.31,500
2020-08-14 09:50:09.220,3.31,2000
2020-08-14 09:50:09.220,3.31,300
2020-08-14 09:50:09.220,3.31,8100
2020-08-14 09:50:09.340,3.309,2000
2020-08-14 09:50:09.490,3.309,59800
2020-08-14 09:50:10.040,3.31,1900
2020-08-14 09:50:10.040,3.31,4700
2020-08-14 09:50:10.040,3.31,500
2020-08-14 09:50:10.040,3.31,10000
2020-08-14 09:50:10.040,3.31,100
2020-08-14 09:50:10.040,3.31,30000
2020-08-14 09:50:10.040,3.31,3100
2020-08-14 09:50:10.040,3.31,600
2020-08-14 09:50:10.040,3.31,200
2020-08-14 09:50:10.040,3.31,6000
2020-08-14 09:50:10.040,3.31,100
2020-08-14 09:50:10.040,3.31,1000
2020-08-14 09:50:10.040,3.31,10000
2020-08-14 09:50:10.040,3.31,1000
2020-08-14 09:50:10.040,3.31,20000
2020-08-14 09:50:10.040,3.31,5900
2020-08-14 09:50:10.040,3.31,3400
2020-08-14 09:50:10.040,3.31,5000
2020-08-14 09:50:10.040,3.31,2000
2020-08-14 09:50:10.040,3.31,400
2020-08-14 09:50:10.040,3.31,10000
2020-08-14 09:50:10.040,3.31,3500
2020-08-14 09:50:10.040,3.31,30000
2020-08-14 09:50:10.040,3.31,3000
2020-08-14 09:50:10.040,3.31,200
2020-08-14 09:50:10.040,3.31,64300
2020-08-14 09:50:10.040,3.31,6000
2020-08-14 09:50:10.040,3.31,10000
2020-08-14 09:50:10.040,3.31,1000
2020-08-14 09:50:10.040,3.31,5000
2020-08-14 09:50:10.040,3.31,200
2020-08-14 09:50:10.040,3.31,12000
2020-08-14 09:50:10.040,3.31,6000
2020-08-14 09:50:10.040,3.31,10000
2020-08-14 09:50:10.040,3.31,1000
2020-08-14 09:50:10.040,3.31,1000
2020-08-14 09:50:10.040,3.31,1500
2020-08-14 09:50:10.040,3.31,1000
2020-08-14 09:50:10.040,3.31,10200
2020-08-14 09:50:10.040,3.31,8000
2020-08-14 09:50:10.040,3.31,5000
2020-08-14 09:50:10.040,3.31,200
2020-08-14 09:50:10.040,3.31,1000
2020-08-14 09:50:10.040,3.31,4000
2020-08-14 09:50:10.040,3.31,11000
2020-08-14 09:50:10.040,3.31,5000
2020-08-14 09:50:10.040,3.31,3100
2020-08-14 09:50:10.040,3.31,12000
2020-08-14 09:50:10.040,3.31,2000
2020-08-14 09:50:10.040,3.31,150000
2020-08-14 09:50:10.040,3.31,4000
2020-08-14 09:50:10.040,3.31,10000
2020-08-14 09:50:10.040,3.31,100000
2020-08-14 09:50:10.040,3.31,2900
2020-08-14 09:50:10.040,3.31,7100
2020-08-14 09:50:10.040,3.31,800
2020-08-14 09:50:10.040,3.31,500
2020-08-14 09:50:10.040,3.31,500
2020-08-14 09:50:10.040,3.31,2000
2020-08-14 09:50:10.040,3.31,8100
2020-08-14 09:50:10.040,3.31,1000
2020-08-14 09:50:10.040,3.31,9200
2020-08-14 09:50:10.040,3.31,100
2020-08-14 09:50:10.040,3.31,200
2020-08-14 09:50:10.040,3.31,5000
2020-08-14 09:50:10.040,3.31,10000
2020-08-14 09:50:10.040,3.31,300
2020-08-14 09:50:10.040,3.31,100000
2020-08-14 09:50:10.040,3.31,9800
2020-08-14 09:50:10.040,3.31,1000
2020-08-14 09:50:10.040,3.31,144400
2020-08-14 09:50:10.180,3.309,5000
2020-08-14 09:50:10.350,3.309,10000
2020-08-14 09:50:11.570,3.309,4000
2020-08-14 09:50:12.050,3.31,300000
2020-08-14 09:50:12.050,3.31,300000
2020-08-14 09:50:12.050,3.31,255500
2020-08-14 09:50:12.050,3.31,600
2020-08-14 09:50:12.050,3.31,43900
2020-08-14 09:50:12.110,3.31,5000
2020-08-14 09:50:12.570,3.31,210000
2020-08-14 09:50:12.690,3.31,10000
2020-08-14 09:50:13.520,3.31,300000
2020-08-14 09:50:13.580,3.31,40000
2020-08-14 09:50:13.830,3.309,200
2020-08-14 09:50:14.030,3.309,1500
2020-08-14 09:50:14.370,3.31,300100
2020-08-14 09:50:14.370,3.31,90900
2020-08-14 09:50:14.370,3.31,3000
2020-08-14 09:50:14.370,3.31,500
2020-08-14 09:50:14.370,3.31,1000
2020-08-14 09:50:14.370,3.31,200
2020-08-14 09:50:14.370,3.31,100
2020-08-14 09:50:14.370,3.31,5200
2020-08-14 09:50:14.370,3.31,2400
2020-08-14 09:50:14.370,3.31,1900
2020-08-14 09:50:14.370,3.31,100
2020-08-14 09:50:14.370,3.31,1000
2020-08-14 09:50:14.370,3.31,500
2020-08-14 09:50:14.370,3.31,3000
2020-08-14 09:50:14.370,3.31,300
2020-08-14 09:50:14.370,3.31,189900
2020-08-14 09:50:14.390,3.309,200
2020-08-14 09:50:14.390,3.309,4000
2020-08-14 09:50:14.420,3.31,5700
2020-08-14 09:50:14.620,3.309,5000
2020-08-14 09:50:15.010,3.31,100
2020-08-14 09:50:15.010,3.31,1600
2020-08-14 09:50:15.160,3.309,13000
2020-08-14 09:50:15.160,3.309,37000
2020-08-14 09:50:15.480,3.31,1000
2020-08-14 09:50:15.590,3.31,1000
2020-08-14 09:50:16.210,3.309,3000
2020-08-14 09:50:16.210,3.309,30000
2020-08-14 09:50:16.210,3.309,17000
2020-08-14 09:50:16.360,3.31,2900
2020-08-14 09:50:17.080,3.309,2000
2020-08-14 09:50:17.430,3.31,1300
2020-08-14 09:50:17.430,3.31,100
2020-08-14 09:50:17.430,3.31,4000
2020-08-14 09:50:17.940,3.31,1000
2020-08-14 09:50:17.990,3.31,20000
2020-08-14 09:50:18.100,3.311,500
2020-08-14 09:50:18.100,3.311,100
2020-08-14 09:50:18.100,3.311,100
2020-08-14 09:50:18.100,3.311,100
2020-08-14 09:50:18.100,3.311,500
2020-08-14 09:50:18.100,3.311,1700
2020-08-14 09:50:18.190,3.31,400
2020-08-14 09:50:18.320,3.31,1000
2020-08-14 09:50:19.060,3.31,900
2020-08-14 09:50:19.820,3.31,5000
2020-08-14 09:50:20.050,3.311,300
2020-08-14 09:50:20.050,3.311,600
2020-08-14 09:50:20.050,3.311,20000
2020-08-14 09:50:20.050,3.311,9100
2020-08-14 09:50:20.590,3.311,900
2020-08-14 09:50:20.590,3.311,3100
2020-08-14 09:50:20.590,3.311,1000
2020-08-14 09:50:20.590,3.311,1000
2020-08-14 09:50:20.590,3.311,9500
2020-08-14 09:50:21.470,3.31,4400
2020-08-14 09:50:21.620,3.311,500
2020-08-14 09:50:21.620,3.311,1000
2020-08-14 09:50:21.620,3.311,200
2020-08-14 09:50:21.620,3.311,100
2020-08-14 09:50:21.620,3.311,200
2020-08-14 09:50:21.620,3.311,8000
2020-08-14 09:50:21.650,3.31,500
2020-08-14 09:50:22.380,3.31,131400
2020-08-14 09:50:22.380,3.31,168600
2020-08-14 09:50:23.110,3.31,1500
2020-08-14 09:50:23.330,3.311,20000
2020-08-14 09:50:24.030,3.31,50000
2020-08-14 09:50:24.560,3.31,800
2020-08-14 09:50:25.430,3.311,100
2020-08-14 09:50:25.620,3.31,100
