ExChangeId,ChannelNo,SeqNo,SecurityID,Trade2_Order1,TradeDate,UpdateTime,Price,Volume,TrdMoney,OrdSide,OrdType,TrdBSFlag,TrdBuyNo,TrdSellNo
1,1,34760,510360,2,20200814,93004850,1.553000,3200,4969.600000,-,-,B,256649,238599
1,1,41576,510360,2,20200814,93007560,1.550000,10000,15500.000000,-,-,S,238601,280732
1,1,41577,510360,2,20200814,93007560,1.550000,10000,15500.000000,-,-,S,238601,280734
1,1,77206,510360,2,20200814,93052660,1.551000,4800,7444.800000,-,-,S,345415,347758
1,1,77571,510360,2,20200814,93053380,1.551000,4800,7444.800000,-,-,S,345415,348341
1,1,111501,510360,2,20200814,93135180,1.551000,100000,155100.000000,-,-,S,398524,407454
1,1,141316,510360,2,20200814,93221000,1.551000,5000,7755.000000,-,-,S,398524,461735
1,1,150934,510360,2,20200814,93238620,1.552000,100,155.200000,-,-,S,478033,479769
1,1,156504,510360,2,20200814,93250200,1.553000,100,155.300000,-,-,B,490920,280733
1,1,160729,510360,2,20200814,93258720,1.553000,100,155.300000,-,-,B,498951,280733
1,1,184772,510360,2,20200814,93339420,1.553000,300,465.900000,-,-,B,543252,280733
1,1,186535,510360,2,20200814,93342470,1.553000,500,776.500000,-,-,S,543252,546479
1,1,237834,510360,2,20200814,93518930,1.554000,5000,7770.000000,-,-,B,643756,589616
1,1,276659,510360,2,20200814,93630750,1.556000,500,778.000000,-,-,B,714805,587059
1,1,279569,510360,2,20200814,93636630,1.559000,3000,4677.000000,-,-,B,720328,717626
1,1,316178,510360,2,20200814,93754710,1.556000,3000,4668.000000,-,-,S,729083,789949
1,1,404844,510360,2,20200814,94112810,1.560000,500,780.000000,-,-,B,951223,173254
1,1,404845,510360,2,20200814,94112810,1.560000,5000,7800.000000,-,-,B,951223,760525
1,1,404846,510360,2,20200814,94112810,1.560000,6600,10296.000000,-,-,B,951223,932713
1,1,404847,510360,2,20200814,94112810,1.560000,1200,1872.000000,-,-,B,951223,938450
1,1,405973,510360,2,20200814,94115820,1.561000,19300,30127.300000,-,-,B,953509,934173
1,1,407006,510360,2,20200814,94118470,1.561000,19300,30127.300000,-,-,B,955617,934173
1,1,484866,510360,2,20200814,94421050,1.562000,100,156.200000,-,-,B,1095199,77505
1,1,484867,510360,2,20200814,94421050,1.562000,500,781.000000,-,-,B,1095199,175117
1,1,484868,510360,2,20200814,94421050,1.562000,1300,2030.600000,-,-,B,1095199,994767
1,1,485081,510360,2,20200814,94421500,1.562000,2000,3124.000000,-,-,B,1095557,994767
1,1,485275,510360,2,20200814,94421980,1.562000,1700,2655.400000,-,-,B,1095935,994767
1,1,485782,510360,2,20200814,94423490,1.562000,2300,3592.600000,-,-,B,1096828,994767
1,1,485800,510360,2,20200814,94423550,1.562000,2300,3592.600000,-,-,B,1096860,994767
1,1,486445,510360,2,20200814,94425290,1.562000,400,624.800000,-,-,B,1098028,994767
1,1,486446,510360,2,20200814,94425290,1.562000,1100,1718.200000,-,-,B,1098028,1000987
1,1,486459,510360,2,20200814,94425320,1.562000,1500,2343.000000,-,-,B,1098086,1000987
1,1,488943,510360,2,20200814,94431910,1.562000,800,1249.600000,-,-,B,1102386,1000987
1,1,488952,510360,2,20200814,94431970,1.562000,900,1405.800000,-,-,B,1102422,1000987
1,1,489794,510360,2,20200814,94433960,1.562000,800,1249.600000,-,-,B,1103786,1000987
1,1,489838,510360,2,20200814,94434080,1.562000,900,1405.800000,-,-,B,1103853,1000987
1,1,490432,510360,2,20200814,94435580,1.562000,800,1249.600000,-,-,B,1104793,1000987
1,1,490496,510360,2,20200814,94435730,1.562000,900,1405.800000,-,-,B,1104887,1000987
1,1,496749,510360,2,20200814,94451590,1.562000,2300,3592.600000,-,-,B,1115710,1000987
1,1,533428,510360,2,20200814,94610890,1.562000,1100,1718.200000,-,-,S,1119915,1180296
1,1,535062,510360,2,20200814,94613840,1.560000,8100,12636.000000,-,-,S,1180625,1182455
1,1,536277,510360,2,20200814,94616830,1.559000,62000,96658.000000,-,-,S,1160824,1184669
1,1,543912,510360,2,20200814,94636140,1.561000,19300,30127.300000,-,-,S,1198561,1198716
1,1,607401,510360,2,20200814,94918180,1.564000,500,782.000000,-,-,B,1308396,176890
1,1,613333,510360,2,20200814,94934040,1.565000,100,156.500000,-,-,B,1318377,775521
1,1,619385,510360,2,20200814,94947360,1.565000,2900,4538.500000,-,-,B,1327678,775521
1,1,619386,510360,2,20200814,94947360,1.565000,2000,3130.000000,-,-,B,1327678,1006871
1,1,619387,510360,2,20200814,94947360,1.566000,500,783.000000,-,-,B,1327678,178562
1,1,619388,510360,2,20200814,94947360,1.566000,3000,4698.000000,-,-,B,1327678,1127885
1,1,627859,510360,2,20200814,95003830,1.566000,5000,7830.000000,-,-,S,1327678,1339637
1,1,645660,510360,2,20200814,95038600,1.565000,5400,8451.000000,-,-,S,1350427,1367063
1,1,645716,510360,2,20200814,95038780,1.567000,500,783.500000,-,-,B,1367158,1147756
1,1,645717,510360,2,20200814,95038780,1.568000,10000,15680.000000,-,-,B,1367158,994766
1,1,645718,510360,2,20200814,95038780,1.568000,5800,9094.400000,-,-,B,1367158,1000986
1,1,645719,510360,2,20200814,95038780,1.568000,1000,1568.000000,-,-,B,1367158,1150112
1,1,645720,510360,2,20200814,95038780,1.568000,44700,70089.600000,-,-,B,1367158,1365559
1,1,656531,510360,2,20200814,95105310,1.568000,165700,259817.600000,-,-,B,1385754,1365559
1,1,677297,510360,2,20200814,95157910,1.568000,27400,42963.200000,-,-,B,1423446,1365559
1,1,679645,510360,2,20200814,95204740,1.567000,2000,3134.000000,-,-,S,1427779,1427906
1,1,688279,510360,2,20200814,95230680,1.566000,5000,7830.000000,-,-,S,1415721,1444075
1,1,725349,510360,2,20200814,95421770,1.568000,500,784.000000,-,-,B,1509853,1365559
1,1,814164,510360,2,20200814,95903600,1.566000,100,156.600000,-,-,B,1663962,1600012
1,1,814165,510360,2,20200814,95903600,1.566000,4900,7673.400000,-,-,B,1663962,1633026
1,1,835579,510360,2,20200814,100009460,1.564000,59900,93683.600000,-,-,B,1700002,1691795
1,1,838231,510360,2,20200814,100012240,1.563000,19300,30165.900000,-,-,B,1702922,1702864
1,1,841464,510360,2,20200814,100015200,1.563000,19300,30165.900000,-,-,B,1706564,1702864
1,1,870565,510360,2,20200814,100107070,1.558000,300,467.400000,-,-,S,1596954,1747047
1,1,872181,510360,2,20200814,100109970,1.556000,57600,89625.600000,-,-,S,1743862,1749115
1,1,872557,510360,2,20200814,100110870,1.560000,1300,2028.000000,-,-,B,1749699,1744055
1,1,873590,510360,2,20200814,100113000,1.559000,19300,30088.700000,-,-,B,1751280,1750606
1,1,874869,510360,2,20200814,100115720,1.560000,19300,30108.000000,-,-,B,1753379,1744055
1,1,876138,510360,2,20200814,100118310,1.560000,19300,30108.000000,-,-,B,1755448,1755381
1,1,928886,510360,2,20200814,100357170,1.557000,6200,9653.400000,-,-,S,1843494,1849349
1,1,976749,510360,2,20200814,100614330,1.556000,100,155.600000,-,-,S,1921306,1921636
1,1,986456,510360,2,20200814,100637730,1.560000,500,780.000000,-,-,B,1938198,1773867
1,1,1000148,510360,2,20200814,100735160,1.557000,1000,1557.000000,-,-,S,1928236,1966260
1,1,1035079,510360,2,20200814,101017020,1.559000,300,467.700000,-,-,B,2031634,2023958
1,1,1051587,510360,2,20200814,101115130,1.558000,31200,48609.600000,-,-,B,2058662,2050808
1,1,1053817,510360,2,20200814,101121260,1.558000,1500,2337.000000,-,-,B,2062560,2050808
1,1,1053989,510360,2,20200814,101121740,1.558000,100000,155800.000000,-,-,B,2062877,2050808
1,1,1054007,510360,2,20200814,101121800,1.558000,1500,2337.000000,-,-,B,2062932,2050808
1,1,1054142,510360,2,20200814,101122270,1.558000,1500,2337.000000,-,-,B,2063251,2050808
1,1,1054172,510360,2,20200814,101122420,1.558000,1900,2960.200000,-,-,B,2063317,2050808
1,1,1054347,510360,2,20200814,101122930,1.558000,1800,2804.400000,-,-,B,2063596,2050808
1,1,1055422,510360,2,20200814,101126430,1.558000,100000,155800.000000,-,-,B,2065457,2050808
1,1,1064471,510360,2,20200814,101201110,1.557000,2000,3114.000000,-,-,S,1983695,2081267
1,1,1112976,510360,2,20200814,101550740,1.559000,100,155.900000,-,-,B,2168508,2162472
1,1,1138146,510360,2,20200814,101741300,1.560000,1500,2340.000000,-,-,B,2211815,1773867
1,1,1196521,510360,2,20200814,102215220,1.560000,32100,50076.000000,-,-,B,2314430,2309409
1,1,1197110,510360,2,20200814,102217270,1.560000,4100,6396.000000,-,-,B,2315489,2309409
1,1,1197345,510360,2,20200814,102218290,1.560000,4200,6552.000000,-,-,B,2315909,2309409
1,1,1197533,510360,2,20200814,102218940,1.560000,5800,9048.000000,-,-,B,2316277,2309409
1,1,1197690,510360,2,20200814,102219740,1.560000,2300,3588.000000,-,-,B,2316610,2309409
1,1,1197851,510360,2,20200814,102220470,1.560000,5700,8892.000000,-,-,B,2316903,2309409
1,1,1197852,510360,2,20200814,102220470,1.560000,5700,8892.000000,-,-,B,2316904,2309409
1,1,1198172,510360,2,20200814,102221860,1.560000,4400,6864.000000,-,-,B,2317483,2309409
1,1,1198264,510360,2,20200814,102222310,1.560000,4400,6864.000000,-,-,B,2317673,2309409
1,1,1198620,510360,2,20200814,102223730,1.560000,2500,3900.000000,-,-,B,2318169,2309409
1,1,1198621,510360,2,20200814,102223770,1.560000,4500,7020.000000,-,-,B,2318174,2309409
1,1,1198761,510360,2,20200814,102224550,1.560000,2100,3276.000000,-,-,B,2318477,2309409
1,1,1198929,510360,2,20200814,102225330,1.560000,2100,3276.000000,-,-,B,2318783,2309409
1,1,1199100,510360,2,20200814,102226150,1.560000,2100,3276.000000,-,-,B,2319056,2309409
1,1,1199199,510360,2,20200814,102226920,1.560000,2100,3276.000000,-,-,B,2319298,2309409
1,1,1199245,510360,2,20200814,102227200,1.560000,1400,2184.000000,-,-,B,2319395,2309409
1,1,1199346,510360,2,20200814,102227640,1.560000,1500,2340.000000,-,-,B,2319630,2309409
1,1,1199382,510360,2,20200814,102227740,1.560000,1900,2964.000000,-,-,B,2319709,2309409
1,1,1199463,510360,2,20200814,102228030,1.560000,1500,2340.000000,-,-,B,2319855,2309409
1,1,1199496,510360,2,20200814,102228450,1.560000,1800,2808.000000,-,-,B,2319953,2309409
1,1,1199501,510360,2,20200814,102228540,1.560000,1500,2340.000000,-,-,B,2319977,2309409
1,1,1199590,510360,2,20200814,102229000,1.560000,1400,2184.000000,-,-,B,2320103,2309409
1,1,1199645,510360,2,20200814,102229480,1.560000,1800,2808.000000,-,-,B,2320261,2309409
1,1,1199646,510360,2,20200814,102229480,1.560000,1500,2340.000000,-,-,B,2320265,2309409
1,1,1199720,510360,2,20200814,102229950,1.560000,1900,2964.000000,-,-,B,2320405,2309409
1,1,1199730,510360,2,20200814,102230010,1.560000,1500,2340.000000,-,-,B,2320415,2309409
1,1,1200126,510360,2,20200814,102231610,1.560000,1400,2184.000000,-,-,B,2321086,2309409
1,1,1200151,510360,2,20200814,102231870,1.560000,1400,2184.000000,-,-,B,2321160,2309409
1,1,1200312,510360,2,20200814,102233150,1.561000,1000,1561.000000,-,-,B,2321525,2084762
1,1,1200496,510360,2,20200814,102233940,1.561000,300,468.300000,-,-,S,2321525,2321865
1,1,1200497,510360,2,20200814,102233940,1.561000,1500,2341.500000,-,-,S,2321532,2321865
1,1,1200498,510360,2,20200814,102233940,1.561000,1500,2341.500000,-,-,S,2321564,2321865
1,1,1213419,510360,2,20200814,102349920,1.559000,600,935.400000,-,-,S,2186895,2346167
1,1,1221015,510360,2,20200814,102441090,1.559000,400,623.600000,-,-,B,2360861,2346167
1,1,1236338,510360,2,20200814,102607060,1.561000,32200,50264.200000,-,-,B,2385447,2384418
1,1,1273521,510360,2,20200814,102935030,1.561000,700,1092.700000,-,-,S,2400986,2451672
1,1,1325129,510360,2,20200814,103405840,1.560000,1000,1560.000000,-,-,S,2538281,2541297
1,1,1346322,510360,2,20200814,103554960,1.557000,8000,12456.000000,-,-,S,1983695,2574480
1,1,1346323,510360,2,20200814,103554960,1.557000,500,778.500000,-,-,S,2016053,2574480
1,1,1347743,510360,2,20200814,103559940,1.556000,10000,15560.000000,-,-,S,1980647,2576270
1,1,1347744,510360,2,20200814,103559940,1.556000,900,1400.400000,-,-,S,2160351,2576270
1,1,1347745,510360,2,20200814,103559940,1.556000,38500,59906.000000,-,-,S,2568498,2576270
1,1,1376467,510360,2,20200814,103734280,1.557000,300,467.100000,-,-,B,2614133,2577174
1,1,1376468,510360,2,20200814,103734280,1.559000,1600,2494.400000,-,-,B,2614133,2586656
1,1,1376478,510360,2,20200814,103734370,1.559000,1900,2962.100000,-,-,B,2614158,2586656
1,1,1412742,510360,2,20200814,104025610,1.555000,10000,15550.000000,-,-,S,1982557,2675186
1,1,1428121,510360,2,20200814,104119440,1.556000,500,778.000000,-,-,B,2696540,2690848
1,1,1432183,510360,2,20200814,104134220,1.556000,100,155.600000,-,-,B,2703184,2690848
1,1,1465689,510360,2,20200814,104441150,1.556000,100,155.600000,-,-,S,2756469,2762643
1,1,1478701,510360,2,20200814,104552080,1.555000,1900,2954.500000,-,-,B,2783742,2781386
1,1,1519234,510360,2,20200814,104857620,1.555000,100,155.500000,-,-,B,2847213,2830655
1,1,1522190,510360,2,20200814,104915390,1.555000,200,311.000000,-,-,B,2852505,2851217
1,1,1522589,510360,2,20200814,104917630,1.555000,100,155.500000,-,-,B,2853213,2851217
1,1,1523375,510360,2,20200814,104921680,1.555000,200000,311000.000000,-,-,B,2854482,2851217
1,1,1523487,510360,2,20200814,104922040,1.555000,199000,309445.000000,-,-,B,2854596,2851217
1,1,1523488,510360,2,20200814,104922040,1.555000,1000,1555.000000,-,-,B,2854596,2851218
1,1,1523573,510360,2,20200814,104922440,1.555000,200000,311000.000000,-,-,B,2854712,2851218
1,1,1523777,510360,2,20200814,104923350,1.555000,200000,311000.000000,-,-,B,2854972,2851218
1,1,1523820,510360,2,20200814,104923730,1.555000,99000,153945.000000,-,-,B,2855064,2851218
1,1,1524188,510360,2,20200814,104925120,1.556000,2100,3267.600000,-,-,B,2855521,2850254
1,1,1524202,510360,2,20200814,104925270,1.556000,2100,3267.600000,-,-,B,2855558,2850254
1,1,1526260,510360,2,20200814,104935670,1.556000,2100,3267.600000,-,-,B,2858685,2850254
1,1,1526263,510360,2,20200814,104935740,1.556000,2100,3267.600000,-,-,B,2858700,2850254
1,1,1526566,510360,2,20200814,104937260,1.559000,2100,3273.900000,-,-,B,2859145,2823673
1,1,1526579,510360,2,20200814,104937340,1.559000,2100,3273.900000,-,-,B,2859164,2823673
1,1,1615769,510360,2,20200814,105813340,1.556000,200000,311200.000000,-,-,B,3010561,2997160
1,1,1615816,510360,2,20200814,105813720,1.556000,200000,311200.000000,-,-,B,3010668,2997160
1,1,1615922,510360,2,20200814,105814400,1.556000,100000,155600.000000,-,-,B,3010894,2997160
1,1,1615923,510360,2,20200814,105814400,1.556000,100000,155600.000000,-,-,B,3010894,2997161
1,1,1616982,510360,2,20200814,105819530,1.556000,200000,311200.000000,-,-,B,3012532,2997161
1,1,1617060,510360,2,20200814,105819860,1.556000,100000,155600.000000,-,-,B,3012652,2997161
1,1,1617061,510360,2,20200814,105819860,1.556000,100000,155600.000000,-,-,B,3012652,3008827
1,1,1617149,510360,2,20200814,105820560,1.556000,200000,311200.000000,-,-,B,3012848,3008827
1,1,1617163,510360,2,20200814,105820650,1.556000,60000,93360.000000,-,-,B,3012879,3008827
1,1,1617183,510360,2,20200814,105820850,1.556000,200000,311200.000000,-,-,B,3012927,3008827
1,1,1617348,510360,2,20200814,105821590,1.556000,50100,77955.600000,-,-,B,3013182,3008827
1,1,1617657,510360,2,20200814,105823410,1.559000,600,935.400000,-,-,B,3013707,2936486
1,1,1617658,510360,2,20200814,105823410,1.559000,1300,2026.700000,-,-,B,3013707,2997330
1,1,1617707,510360,2,20200814,105823680,1.558000,1800,2804.400000,-,-,B,3013787,3013722
1,1,1624196,510360,2,20200814,105901630,1.558000,200,311.600000,-,-,B,3024736,3013722
1,1,1633646,510360,2,20200814,105955170,1.555000,34700,53958.500000,-,-,S,3004363,3039856
1,1,1650259,510360,2,20200814,110034720,1.556000,100,155.600000,-,-,B,3061212,3056363
1,1,1679411,510360,2,20200814,110211650,1.554000,10000,15540.000000,-,-,S,2576495,3099329
1,1,1679412,510360,2,20200814,110211650,1.554000,500,777.000000,-,-,S,2817733,3099329
1,1,1690978,510360,2,20200814,110243220,1.555000,100,155.500000,-,-,B,3115348,3100903
1,1,1716786,510360,2,20200814,110501920,1.553000,1000,1553.000000,-,-,S,1831092,3161750
1,1,1716787,510360,2,20200814,110501920,1.553000,100,155.300000,-,-,S,2820195,3161750
1,1,1724763,510360,2,20200814,110540430,1.551000,2000,3102.000000,-,-,S,564003,3174052
1,1,1727859,510360,2,20200814,110553680,1.554000,100,155.400000,-,-,B,3177916,3173804
1,1,1736392,510360,2,20200814,110628970,1.550000,3000,4650.000000,-,-,S,432242,3189995
1,1,1760257,510360,2,20200814,110750540,1.551000,2000,3102.000000,-,-,B,3222101,3209619
1,1,1760301,510360,2,20200814,110750740,1.554000,2000,3108.000000,-,-,B,3222185,3205013
1,1,1760667,510360,2,20200814,110752380,1.552000,2000,3104.000000,-,-,B,3222822,3222636
1,1,1793192,510360,2,20200814,111051120,1.550000,1700,2635.000000,-,-,S,432242,3281543
1,1,1793193,510360,2,20200814,111051120,1.550000,500,775.000000,-,-,S,559189,3281543
1,1,1793194,510360,2,20200814,111051120,1.550000,700,1085.000000,-,-,S,681505,3281543
1,1,1793195,510360,2,20200814,111051120,1.550000,100,155.000000,-,-,S,2379845,3281543
1,1,1793196,510360,2,20200814,111051120,1.550000,1300,2015.000000,-,-,S,2408389,3281543
1,1,1793197,510360,2,20200814,111051120,1.550000,100,155.000000,-,-,S,2833948,3281543
1,1,1793198,510360,2,20200814,111051120,1.550000,500,775.000000,-,-,S,3175878,3281543
1,1,1793199,510360,2,20200814,111051120,1.550000,500,775.000000,-,-,S,3200539,3281543
1,1,1793200,510360,2,20200814,111051120,1.550000,13000,20150.000000,-,-,S,3238288,3281543
1,1,1793201,510360,2,20200814,111051120,1.550000,900,1395.000000,-,-,S,3270227,3281543
1,1,1799104,510360,2,20200814,111123040,1.550000,1100,1705.000000,-,-,S,3270227,3291378
1,1,1808441,510360,2,20200814,111223210,1.550000,100,155.000000,-,-,B,3307751,3291378
1,1,1814534,510360,2,20200814,111249290,1.550000,300,465.000000,-,-,B,3317048,3291378
1,1,1814704,510360,2,20200814,111250330,1.550000,4600,7130.000000,-,-,B,3317386,3291378
1,1,1817757,510360,2,20200814,111307190,1.551000,1500,2326.500000,-,-,B,3322934,3318374
1,1,1887725,510360,2,20200814,112124570,1.552000,2500,3880.000000,-,-,B,3445750,3431759
1,1,1887747,510360,2,20200814,112124630,1.552000,400,620.800000,-,-,B,3445781,3431759
1,1,1888888,510360,2,20200814,112129290,1.552000,300,465.600000,-,-,B,3447748,3431759
1,1,1889423,510360,2,20200814,112131290,1.552000,200000,310400.000000,-,-,B,3448482,3431759
1,1,1889527,510360,2,20200814,112131600,1.552000,196800,305433.600000,-,-,B,3448644,3431759
1,1,1889528,510360,2,20200814,112131600,1.552000,3200,4966.400000,-,-,B,3448644,3431760
1,1,1889748,510360,2,20200814,112132270,1.552000,200000,310400.000000,-,-,B,3448918,3431760
1,1,1889869,510360,2,20200814,112132700,1.552000,200000,310400.000000,-,-,B,3449040,3431760
1,1,1890810,510360,2,20200814,112135950,1.552000,32200,49974.400000,-,-,B,3450379,3431760
1,1,1890857,510360,2,20200814,112136240,1.552000,64600,100259.200000,-,-,B,3450494,3431760
1,1,1890858,510360,2,20200814,112136240,1.552000,135400,210140.800000,-,-,B,3450494,3445272
1,1,1890885,510360,2,20200814,112136420,1.552000,32200,49974.400000,-,-,B,3450544,3445272
1,1,1891054,510360,2,20200814,112136810,1.552000,64600,100259.200000,-,-,B,3450718,3445272
1,1,1891184,510360,2,20200814,112137230,1.552000,200000,310400.000000,-,-,B,3450908,3445272
1,1,1891280,510360,2,20200814,112137630,1.552000,2100,3259.200000,-,-,B,3451078,3445272
1,1,1891423,510360,2,20200814,112138230,1.552000,60200,93430.400000,-,-,B,3451325,3445272
1,1,1895925,510360,2,20200814,112155650,1.554000,1000,1554.000000,-,-,B,3458220,3339578
1,1,1895943,510360,2,20200814,112155760,1.554000,900,1398.600000,-,-,B,3458260,3339578
1,1,1896249,510360,2,20200814,112157440,1.554000,900,1398.600000,-,-,B,3458747,3339578
1,1,1896306,510360,2,20200814,112157670,1.554000,800,1243.200000,-,-,B,3458845,3339578
1,1,1896598,510360,2,20200814,112159060,1.554000,800,1243.200000,-,-,B,3459325,3339578
1,1,1896714,510360,2,20200814,112159620,1.554000,800,1243.200000,-,-,B,3459472,3339578
1,1,1899738,510360,2,20200814,112212260,1.554000,300,466.200000,-,-,B,3464205,3339578
1,1,1900464,510360,2,20200814,112214700,1.554000,2500,3885.000000,-,-,B,3465337,3339578
1,1,1901395,510360,2,20200814,112217810,1.555000,300,466.500000,-,-,B,3466610,3100903
1,1,1901559,510360,2,20200814,112218710,1.555000,3000,4665.000000,-,-,B,3466922,3100903
1,1,1901791,510360,2,20200814,112219120,1.555000,1200,1866.000000,-,-,B,3467151,3100903
1,1,1902082,510360,2,20200814,112219880,1.555000,3000,4665.000000,-,-,B,3467574,3100903
1,1,1902137,510360,2,20200814,112220070,1.555000,2100,3265.500000,-,-,B,3467650,3100903
1,1,1902138,510360,2,20200814,112220070,1.555000,900,1399.500000,-,-,B,3467650,3367047
1,1,1902604,510360,2,20200814,112221690,1.555000,3000,4665.000000,-,-,B,3468426,3367047
1,1,1902634,510360,2,20200814,112221780,1.555000,12200,18971.000000,-,-,B,3468464,3367047
1,1,1902672,510360,2,20200814,112221890,1.556000,3100,4823.600000,-,-,B,3468522,3410516
1,1,1903056,510360,2,20200814,112223350,1.556000,200,311.200000,-,-,B,3469255,3410516
1,1,1903234,510360,2,20200814,112224510,1.556000,1700,2645.200000,-,-,S,3469255,3469628
1,1,1964488,510360,2,20200814,130002800,1.556000,100,155.600000,-,-,S,3592645,3599977
1,1,1965061,510360,2,20200814,130003100,1.557000,100,155.700000,-,-,B,3602073,3541275
1,1,2010741,510360,2,20200814,130521270,1.557000,400,622.800000,-,-,B,3681574,3541275
1,1,2038389,510360,2,20200814,130813040,1.559000,300,467.700000,-,-,B,3728800,2997330
1,1,2040138,510360,2,20200814,130827590,1.559000,26700,41625.300000,-,-,B,3732120,2997330
1,1,2040139,510360,2,20200814,130827590,1.559000,273300,426074.700000,-,-,B,3732120,3496119
1,1,2040287,510360,2,20200814,130828820,1.559000,226700,353425.300000,-,-,B,3732391,3496119
1,1,2040288,510360,2,20200814,130828820,1.559000,73300,114274.700000,-,-,B,3732391,3496120
1,1,2052648,510360,2,20200814,131004140,1.559000,3700,5768.300000,-,-,B,3755030,3496120
1,1,2053837,510360,2,20200814,131011820,1.559000,300,467.700000,-,-,B,3757266,3496120
1,1,2053838,510360,2,20200814,131011820,1.559000,300,467.700000,-,-,B,3757267,3496120
1,1,2053906,510360,2,20200814,131012310,1.559000,300,467.700000,-,-,B,3757410,3496120
1,1,2053966,510360,2,20200814,131012940,1.559000,30000,46770.000000,-,-,B,3757585,3496120
1,1,2054048,510360,2,20200814,131013530,1.559000,30000,46770.000000,-,-,B,3757768,3496120
1,1,2054121,510360,2,20200814,131014090,1.559000,30000,46770.000000,-,-,B,3757930,3496120
1,1,2054203,510360,2,20200814,131014660,1.559000,32100,50043.900000,-,-,B,3758090,3496120
1,1,2054251,510360,2,20200814,131015050,1.561000,500,780.500000,-,-,B,3758176,3546177
1,1,2055257,510360,2,20200814,131020660,1.561000,14700,22946.700000,-,-,S,3758176,3759674
1,1,2055258,510360,2,20200814,131020660,1.561000,4600,7180.600000,-,-,S,3758396,3759674
1,1,2057648,510360,2,20200814,131035050,1.563000,900,1406.700000,-,-,B,3763514,1765600
1,1,2057649,510360,2,20200814,131035050,1.564000,9600,15014.400000,-,-,B,3763514,2504252
1,1,2136635,510360,2,20200814,131900450,1.560000,100,156.000000,-,-,B,3901413,3900227
1,1,2137405,510360,2,20200814,131905010,1.560000,100,156.000000,-,-,B,3902620,3900227
1,1,2158266,510360,2,20200814,132120820,1.560000,800,1248.000000,-,-,B,3938776,3900227
1,1,2158267,510360,2,20200814,132120820,1.560000,100,156.000000,-,-,B,3938776,3938178
1,1,2158338,510360,2,20200814,132121080,1.560000,400,624.000000,-,-,B,3938873,3938178
1,1,2163795,510360,2,20200814,132139440,1.562000,500,781.000000,-,-,B,3946122,3816630
1,1,2197098,510360,2,20200814,132436710,1.561000,100,156.100000,-,-,B,4000264,3999068
1,1,2198234,510360,2,20200814,132444940,1.562000,200,312.400000,-,-,B,4002416,3816630
1,1,2199687,510360,2,20200814,132454970,1.562000,300,468.600000,-,-,B,4005174,3816630
1,1,2202898,510360,2,20200814,132511790,1.562000,300,468.600000,-,-,B,4010253,3816630
1,1,2203021,510360,2,20200814,132512240,1.562000,300,468.600000,-,-,B,4010385,3816630
1,1,2204045,510360,2,20200814,132517820,1.562000,1200,1874.400000,-,-,B,4012014,3816630
1,1,2204957,510360,2,20200814,132522830,1.562000,700,1093.400000,-,-,B,4013519,3816630
1,1,2205114,510360,2,20200814,132523960,1.562000,300,468.600000,-,-,B,4013823,3816630
1,1,2205257,510360,2,20200814,132524830,1.562000,600,937.200000,-,-,B,4014047,3816630
1,1,2205753,510360,2,20200814,132527010,1.562000,300,468.600000,-,-,B,4014734,3816630
1,1,2205764,510360,2,20200814,132527090,1.562000,600,937.200000,-,-,B,4014757,3816630
1,1,2205781,510360,2,20200814,132527220,1.562000,4400,6872.800000,-,-,B,4014788,3816630
1,1,2206057,510360,2,20200814,132528900,1.563000,500,781.500000,-,-,B,4015320,3909107
1,1,2209498,510360,2,20200814,132547160,1.564000,400,625.600000,-,-,B,4021059,2504252
1,1,2209499,510360,2,20200814,132547160,1.564000,1000,1564.000000,-,-,B,4021059,3887614
1,1,2209500,510360,2,20200814,132547160,1.564000,100,156.400000,-,-,B,4021059,3895936
1,1,2209700,510360,2,20200814,132548100,1.564000,100,156.400000,-,-,B,4021373,3895936
1,1,2209898,510360,2,20200814,132549160,1.564000,600,938.400000,-,-,B,4021652,3895936
1,1,2211338,510360,2,20200814,132557390,1.564000,200,312.800000,-,-,B,4024064,3895936
1,1,2211339,510360,2,20200814,132557390,1.564000,1900,2971.600000,-,-,B,4024064,4010971
1,1,2224817,510360,2,20200814,132656800,1.564000,100,156.400000,-,-,B,4042353,4010971
1,1,2237106,510360,2,20200814,132807380,1.563000,200,312.600000,-,-,S,4063260,4063841
1,1,2269302,510360,2,20200814,133101310,1.560000,600,936.000000,-,-,S,3946916,4120978
1,1,2269303,510360,2,20200814,133101310,1.560000,1500,2340.000000,-,-,S,4099203,4120978
1,1,2280235,510360,2,20200814,133213370,1.561000,1500,2341.500000,-,-,S,4141855,4141897
1,1,2304231,510360,2,20200814,133442480,1.561000,100,156.100000,-,-,B,4182294,4181403
1,1,2308856,510360,2,20200814,133517980,1.561000,200,312.200000,-,-,B,4191155,4181403
1,1,2390432,510360,2,20200814,134455380,1.564000,300,469.200000,-,-,B,4336601,4182930
1,1,2390539,510360,2,20200814,134456280,1.564000,100,156.400000,-,-,S,4336601,4336820
1,1,2390541,510360,2,20200814,134456310,1.564000,400,625.600000,-,-,S,4336601,4336826
1,1,2390585,510360,2,20200814,134456750,1.564000,400,625.600000,-,-,S,4336601,4336919
1,1,2390636,510360,2,20200814,134457140,1.564000,400,625.600000,-,-,S,4336601,4336994
1,1,2390709,510360,2,20200814,134457700,1.564000,400,625.600000,-,-,S,4336601,4337088
1,1,2390742,510360,2,20200814,134458140,1.564000,400,625.600000,-,-,S,4336601,4337169
1,1,2390782,510360,2,20200814,134458630,1.564000,400,625.600000,-,-,S,4336601,4337256
1,1,2390867,510360,2,20200814,134459090,1.564000,400,625.600000,-,-,S,4336601,4337385
1,1,2390921,510360,2,20200814,134459550,1.564000,100,156.400000,-,-,S,4336601,4337491
1,1,2391024,510360,2,20200814,134500010,1.564000,100,156.400000,-,-,S,4336601,4337618
1,1,2391073,510360,2,20200814,134500520,1.564000,100,156.400000,-,-,S,4336601,4337730
1,1,2391137,510360,2,20200814,134500990,1.564000,100,156.400000,-,-,S,4336601,4337847
1,1,2391216,510360,2,20200814,134501480,1.564000,100,156.400000,-,-,S,4336601,4337966
1,1,2391296,510360,2,20200814,134501910,1.564000,100,156.400000,-,-,S,4336601,4338114
1,1,2391369,510360,2,20200814,134502230,1.564000,100,156.400000,-,-,S,4336601,4338218
1,1,2391417,510360,2,20200814,134502580,1.564000,100,156.400000,-,-,S,4336601,4338315
1,1,2391467,510360,2,20200814,134503030,1.564000,100,156.400000,-,-,S,4336601,4338413
1,1,2391516,510360,2,20200814,134503670,1.564000,100,156.400000,-,-,S,4336601,4338526
1,1,2391604,510360,2,20200814,134504180,1.564000,100,156.400000,-,-,S,4336601,4338635
1,1,2391624,510360,2,20200814,134504410,1.564000,700,1094.800000,-,-,S,4336601,4338691
1,1,2392011,510360,2,20200814,134507640,1.559000,100,155.900000,-,-,S,4286732,4339424
1,1,2397793,510360,2,20200814,134556550,1.564000,1300,2033.200000,-,-,B,4350097,4338691
1,1,2397794,510360,2,20200814,134556550,1.564000,17700,27682.800000,-,-,B,4350097,4348757
1,1,2435699,510360,2,20200814,135032410,1.563000,300,468.900000,-,-,B,4412513,4402493
1,1,2482608,510360,2,20200814,135558980,1.560000,67900,105924.000000,-,-,S,4490503,4491065
1,1,2482609,510360,2,20200814,135558980,1.559000,32100,50043.900000,-,-,S,4478628,4491065
1,1,2497505,510360,2,20200814,135726660,1.563000,1000,1563.000000,-,-,B,4513375,4449947
1,1,2500226,510360,2,20200814,135741910,1.564000,300,469.200000,-,-,B,4517382,4363729
1,1,2500253,510360,2,20200814,135742150,1.564000,300,469.200000,-,-,B,4517435,4363729
1,1,2500391,510360,2,20200814,135743020,1.564000,300,469.200000,-,-,B,4517655,4363729
1,1,2506237,510360,2,20200814,135819440,1.564000,100,156.400000,-,-,B,4527193,4363729
1,1,2532301,510360,2,20200814,140106910,1.564000,100,156.400000,-,-,B,4572512,4363729
1,1,2541599,510360,2,20200814,140210490,1.564000,1600,2502.400000,-,-,B,4590196,4363729
1,1,2605217,510360,2,20200814,141002150,1.564000,2800,4379.200000,-,-,B,4699041,4363729
1,1,2605267,510360,2,20200814,141002370,1.564000,300,469.200000,-,-,B,4699139,4363729
1,1,2605305,510360,2,20200814,141002590,1.564000,2700,4222.800000,-,-,B,4699211,4363729
1,1,2605476,510360,2,20200814,141003470,1.564000,1200,1876.800000,-,-,B,4699484,4363729
1,1,2605529,510360,2,20200814,141003780,1.564000,1600,2502.400000,-,-,B,4699580,4363729
1,1,2605640,510360,2,20200814,141004520,1.564000,2700,4222.800000,-,-,B,4699765,4363729
1,1,2605907,510360,2,20200814,141005680,1.564000,3900,6099.600000,-,-,B,4700186,4363729
1,1,2605940,510360,2,20200814,141006000,1.564000,1900,2971.600000,-,-,B,4700269,4363729
1,1,2606273,510360,2,20200814,141007770,1.564000,200,312.800000,-,-,B,4700800,4363729
1,1,2606274,510360,2,20200814,141007770,1.564000,1600,2502.400000,-,-,B,4700800,4395076
1,1,2606486,510360,2,20200814,141009040,1.564000,3400,5317.600000,-,-,B,4701220,4395076
1,1,2606487,510360,2,20200814,141009040,1.564000,500,782.000000,-,-,B,4701220,4447574
1,1,2606609,510360,2,20200814,141009350,1.564000,500,782.000000,-,-,B,4701330,4447574
1,1,2606610,510360,2,20200814,141009350,1.564000,100,156.400000,-,-,B,4701330,4562873
1,1,2607066,510360,2,20200814,141010850,1.564000,300,469.200000,-,-,B,4701795,4562873
1,1,2607067,510360,2,20200814,141010850,1.565000,100,156.500000,-,-,B,4701795,1669550
1,1,2607068,510360,2,20200814,141010850,1.565000,100,156.500000,-,-,B,4701795,3739062
1,1,2607069,510360,2,20200814,141010850,1.565000,100,156.500000,-,-,B,4701795,4095949
1,1,2624602,510360,2,20200814,141156390,1.565000,300,469.500000,-,-,B,4730557,4095949
1,1,2624809,510360,2,20200814,141157840,1.565000,600,939.000000,-,-,B,4730907,4095949
1,1,2625059,510360,2,20200814,141159610,1.565000,600,939.000000,-,-,B,4731397,4095949
1,1,2625097,510360,2,20200814,141159860,1.565000,1200,1878.000000,-,-,B,4731468,4095949
1,1,2625306,510360,2,20200814,141201250,1.565000,600,939.000000,-,-,B,4731875,4095949
1,1,2625553,510360,2,20200814,141202500,1.565000,1200,1878.000000,-,-,B,4732251,4095949
1,1,2625881,510360,2,20200814,141204560,1.565000,400,626.000000,-,-,B,4732822,4095949
1,1,2625882,510360,2,20200814,141204560,1.565000,300,469.500000,-,-,B,4732822,4185837
1,1,2659754,510360,2,20200814,141526720,1.566000,200,313.200000,-,-,B,4787014,1659178
1,1,2659988,510360,2,20200814,141527410,1.566000,400,626.400000,-,-,B,4787251,1659178
1,1,2663361,510360,2,20200814,141539730,1.566000,300,469.800000,-,-,B,4791506,1659178
1,1,2665461,510360,2,20200814,141545500,1.566000,1300,2035.800000,-,-,B,4793694,1659178
1,1,2667379,510360,2,20200814,141551950,1.566000,5800,9082.800000,-,-,B,4796444,1659178
1,1,2667380,510360,2,20200814,141551950,1.566000,700,1096.200000,-,-,B,4796444,3008232
1,1,2667732,510360,2,20200814,141553320,1.567000,100,156.700000,-,-,B,4796957,1589036
1,1,2667733,510360,2,20200814,141553320,1.567000,500,783.500000,-,-,B,4796957,3914289
1,1,2668040,510360,2,20200814,141554260,1.567000,4800,7521.600000,-,-,B,4797320,4552241
1,1,2668041,510360,2,20200814,141554260,1.567000,700,1096.900000,-,-,B,4797320,4711506
1,1,2670922,510360,2,20200814,141605210,1.567000,3700,5797.900000,-,-,B,4801058,4711506
1,1,2671900,510360,2,20200814,141609420,1.567000,400,626.800000,-,-,B,4802600,4711506
1,1,2671901,510360,2,20200814,141609420,1.568000,25100,39356.800000,-,-,B,4802600,1365559
1,1,2672557,510360,2,20200814,141612270,1.566000,600,939.600000,-,-,S,4796444,4803629
1,1,2678456,510360,2,20200814,141636090,1.568000,30000,47040.000000,-,-,B,4811329,1365559
1,1,2678668,510360,2,20200814,141637160,1.568000,30000,47040.000000,-,-,B,4811619,1365559
1,1,2678804,510360,2,20200814,141637720,1.568000,30000,47040.000000,-,-,B,4811827,1365559
1,1,2682490,510360,2,20200814,141650480,1.568000,92900,145667.200000,-,-,B,4816486,1365559
1,1,2683393,510360,2,20200814,141653690,1.568000,3800,5958.400000,-,-,B,4817589,1365559
1,1,2683728,510360,2,20200814,141655440,1.568000,30000,47040.000000,-,-,B,4818153,1365559
1,1,2683988,510360,2,20200814,141656170,1.568000,19900,31203.200000,-,-,B,4818530,1365559
1,1,2683989,510360,2,20200814,141656170,1.568000,1000,1568.000000,-,-,B,4818530,1554360
1,1,2683990,510360,2,20200814,141656170,1.568000,2000,3136.000000,-,-,B,4818530,1627288
1,1,2683991,510360,2,20200814,141656170,1.568000,100,156.800000,-,-,B,4818530,2375199
1,1,2683992,510360,2,20200814,141656170,1.568000,100,156.800000,-,-,B,4818530,3597424
1,1,2683993,510360,2,20200814,141656170,1.568000,6800,10662.400000,-,-,B,4818530,4471183
1,1,2683994,510360,2,20200814,141656170,1.568000,100,156.800000,-,-,B,4818530,4806817
1,1,2737419,510360,2,20200814,142041120,1.568000,100,156.800000,-,-,B,4896882,4893939
1,1,2742218,510360,2,20200814,142103830,1.568000,100,156.800000,-,-,B,4904870,4902782
1,1,2750870,510360,2,20200814,142135740,1.568000,3700,5801.600000,-,-,S,4904870,4917943
1,1,2755337,510360,2,20200814,142153710,1.568000,2700,4233.600000,-,-,B,4925301,4917943
1,1,2766854,510360,2,20200814,142252990,1.568000,500,784.000000,-,-,S,4925301,4947407
1,1,2770132,510360,2,20200814,142309370,1.568000,200,313.600000,-,-,S,4930271,4953013
1,1,2770133,510360,2,20200814,142309370,1.568000,100,156.800000,-,-,S,4944478,4953013
1,1,2780101,510360,2,20200814,142356260,1.570000,500,785.000000,-,-,B,4968901,1155670
1,1,2786089,510360,2,20200814,142429980,1.568000,100,156.800000,-,-,S,4944478,4978884
1,1,2797206,510360,2,20200814,142543070,1.570000,400,628.000000,-,-,B,4999948,1422084
1,1,2806818,510360,2,20200814,142641260,1.568000,1100,1724.800000,-,-,S,4944478,5016234
1,1,2814894,510360,2,20200814,142732080,1.566000,2100,3288.600000,-,-,S,5025844,5031095
1,1,2824589,510360,2,20200814,142821170,1.568000,1900,2979.200000,-,-,B,5046364,5016234
1,1,2835548,510360,2,20200814,142903470,1.570000,300,471.000000,-,-,B,5061838,1422084
1,1,2835549,510360,2,20200814,142903470,1.570000,5000,7850.000000,-,-,B,5061838,1451738
1,1,2835550,510360,2,20200814,142903470,1.570000,1000,1570.000000,-,-,B,5061838,1664964
1,1,2835551,510360,2,20200814,142903470,1.570000,100,157.000000,-,-,B,5061838,2376902
1,1,2835552,510360,2,20200814,142903470,1.570000,300,471.000000,-,-,B,5061838,2421690
1,1,2835553,510360,2,20200814,142903470,1.570000,3000,4710.000000,-,-,B,5061838,4935768
1,1,2835554,510360,2,20200814,142903470,1.570000,200,314.000000,-,-,B,5061838,4968951
1,1,2835555,510360,2,20200814,142903470,1.570000,5000,7850.000000,-,-,B,5061838,5037468
1,1,2835556,510360,2,20200814,142903470,1.570000,15100,23707.000000,-,-,B,5061838,5054021
1,1,2835694,510360,2,20200814,142904150,1.570000,30000,47100.000000,-,-,B,5062056,5054021
1,1,2835864,510360,2,20200814,142904940,1.570000,30000,47100.000000,-,-,B,5062316,5054021
1,1,2836322,510360,2,20200814,142906410,1.570000,30000,47100.000000,-,-,B,5062838,5054021
1,1,2847630,510360,2,20200814,142947480,1.570000,2400,3768.000000,-,-,B,5076813,5057443
1,1,2848194,510360,2,20200814,142949280,1.570000,2400,3768.000000,-,-,B,5077398,5057443
1,1,2848764,510360,2,20200814,142951170,1.570000,2100,3297.000000,-,-,B,5078003,5057443
1,1,2848846,510360,2,20200814,142951570,1.570000,6700,10519.000000,-,-,B,5078147,5057443
1,1,2849433,510360,2,20200814,142953390,1.570000,1800,2826.000000,-,-,B,5078842,5057443
1,1,2849794,510360,2,20200814,142954860,1.570000,700,1099.000000,-,-,B,5079325,5057443
1,1,2850148,510360,2,20200814,142955890,1.570000,700,1099.000000,-,-,B,5079770,5057443
1,1,2850559,510360,2,20200814,142956950,1.570000,800,1256.000000,-,-,B,5080210,5057443
1,1,2850686,510360,2,20200814,142957350,1.570000,700,1099.000000,-,-,B,5080348,5057443
1,1,2852551,510360,2,20200814,143002760,1.570000,100,157.000000,-,-,B,5082846,5057443
1,1,2863234,510360,2,20200814,143025280,1.570000,200,314.000000,-,-,B,5095644,5057443
1,1,2863300,510360,2,20200814,143025480,1.570000,1400,2198.000000,-,-,B,5095745,5057443
1,1,2886584,510360,2,20200814,143138740,1.570000,1000,1570.000000,-,-,B,5127123,5126938
1,1,2886658,510360,2,20200814,143139130,1.570000,900,1413.000000,-,-,B,5127253,5126938
1,1,2886806,510360,2,20200814,143139620,1.570000,900,1413.000000,-,-,B,5127425,5126938
1,1,2886865,510360,2,20200814,143140040,1.570000,900,1413.000000,-,-,B,5127575,5126938
1,1,2886947,510360,2,20200814,143140410,1.570000,900,1413.000000,-,-,B,5127722,5126938
1,1,2887123,510360,2,20200814,143140890,1.570000,900,1413.000000,-,-,B,5127953,5126938
1,1,2887313,510360,2,20200814,143141440,1.570000,900,1413.000000,-,-,B,5128266,5126938
1,1,2887435,510360,2,20200814,143141830,1.570000,300,471.000000,-,-,B,5128454,5126938
1,1,2887574,510360,2,20200814,143142290,1.570000,300,471.000000,-,-,B,5128622,5126938
1,1,2887677,510360,2,20200814,143142810,1.570000,300,471.000000,-,-,B,5128825,5126938
1,1,2887739,510360,2,20200814,143143170,1.570000,300,471.000000,-,-,B,5128950,5126938
1,1,2887863,510360,2,20200814,143143690,1.570000,300,471.000000,-,-,B,5129181,5126938
1,1,2887961,510360,2,20200814,143144090,1.570000,300,471.000000,-,-,B,5129395,5126938
1,1,2888251,510360,2,20200814,143144570,1.570000,300,471.000000,-,-,B,5129625,5126938
1,1,2891553,510360,2,20200814,143158270,1.570000,100,157.000000,-,-,B,5135023,5126938
1,1,2891619,510360,2,20200814,143158590,1.570000,1400,2198.000000,-,-,B,5135145,5126938
1,1,2893316,510360,2,20200814,143204700,1.570000,200,314.000000,-,-,S,5135145,5137542
1,1,2893665,510360,2,20200814,143206110,1.572000,5000,7860.000000,-,-,B,5138151,59667
1,1,2893730,510360,2,20200814,143206170,1.572000,4900,7702.800000,-,-,B,5138177,59667
1,1,2899321,510360,2,20200814,143226990,1.572000,15000,23580.000000,-,-,B,5146326,59667
1,1,2904165,510360,2,20200814,143248690,1.572000,15000,23580.000000,-,-,B,5154452,59667
1,1,2910553,510360,2,20200814,143317560,1.570000,4000,6280.000000,-,-,S,5158097,5165644
1,1,2942160,510360,2,20200814,143525390,1.572000,100,157.200000,-,-,B,5215004,59667
1,1,2970731,510360,2,20200814,143729360,1.572000,300,471.600000,-,-,B,5264040,5248183
1,1,2970732,510360,2,20200814,143729360,1.572000,3500,5502.000000,-,-,B,5264040,5262592
1,1,2976263,510360,2,20200814,143757180,1.572000,10100,15877.200000,-,-,B,5273747,5262592
1,1,2978112,510360,2,20200814,143804710,1.572000,100,157.200000,-,-,S,5273747,5276609
1,1,2979269,510360,2,20200814,143810890,1.573000,500,786.500000,-,-,B,5278717,1163096
1,1,2979270,510360,2,20200814,143810890,1.573000,24900,39167.700000,-,-,B,5278717,5269089
1,1,2982469,510360,2,20200814,143826840,1.573000,25700,40426.100000,-,-,B,5284016,5279734
1,1,2983181,510360,2,20200814,143830010,1.573000,25700,40426.100000,-,-,B,5284988,5279734
1,1,2983454,510360,2,20200814,143831630,1.573000,23900,37594.700000,-,-,B,5285504,5279734
1,1,2983873,510360,2,20200814,143833230,1.573000,23900,37594.700000,-,-,B,5286049,5279734
1,1,2996985,510360,2,20200814,143938760,1.572000,200,314.400000,-,-,S,5273747,5307487
1,1,3000043,510360,2,20200814,143955910,1.574000,300,472.200000,-,-,B,5312892,4842645
1,1,3000044,510360,2,20200814,143955910,1.574000,6600,10388.400000,-,-,B,5312892,5309031
1,1,3019684,510360,2,20200814,144049120,1.573000,25800,40583.400000,-,-,B,5338857,5336241
1,1,3020568,510360,2,20200814,144050950,1.573000,25800,40583.400000,-,-,B,5339870,5336241
1,1,3021680,510360,2,20200814,144053730,1.573000,24400,38381.200000,-,-,B,5341196,5336241
1,1,3022469,510360,2,20200814,144055790,1.573000,21100,33190.300000,-,-,B,5342091,5336241
1,1,3023091,510360,2,20200814,144057850,1.573000,21100,33190.300000,-,-,B,5342961,5336241
1,1,3023680,510360,2,20200814,144059780,1.573000,25800,40583.400000,-,-,B,5343784,5336241
1,1,3024621,510360,2,20200814,144101800,1.573000,25700,40426.100000,-,-,B,5344690,5336241
1,1,3025273,510360,2,20200814,144103630,1.573000,25800,40583.400000,-,-,B,5345634,5336241
1,1,3026586,510360,2,20200814,144106450,1.573000,25700,40426.100000,-,-,B,5347151,5336241
1,1,3027673,510360,2,20200814,144108610,1.573000,25800,40583.400000,-,-,B,5348383,5336241
1,1,3028872,510360,2,20200814,144111190,1.573000,25800,40583.400000,-,-,B,5349784,5336241
1,1,3029680,510360,2,20200814,144113460,1.574000,1000,1574.000000,-,-,B,5350991,5334663
1,1,3029681,510360,2,20200814,144113460,1.574000,200,314.800000,-,-,B,5350991,5340938
1,1,3030331,510360,2,20200814,144114590,1.574000,24500,38563.000000,-,-,S,5350991,5351780
1,1,3040813,510360,2,20200814,144134360,1.574000,25800,40609.200000,-,-,B,5362406,5351780
1,1,3043130,510360,2,20200814,144139440,1.574000,25600,40294.400000,-,-,B,5364864,5351780
1,1,3043377,510360,2,20200814,144139830,1.574000,25500,40137.000000,-,-,B,5365053,5351780
1,1,3043996,510360,2,20200814,144141270,1.574000,25600,40294.400000,-,-,B,5365805,5351780
1,1,3044050,510360,2,20200814,144141360,1.574000,25600,40294.400000,-,-,B,5365876,5351780
1,1,3044532,510360,2,20200814,144142920,1.575000,10000,15750.000000,-,-,B,5366641,5094882
1,1,3044533,510360,2,20200814,144142920,1.575000,4100,6457.500000,-,-,B,5366641,5228327
1,1,3044534,510360,2,20200814,144142920,1.575000,9400,14805.000000,-,-,B,5366642,5228327
1,1,3044535,510360,2,20200814,144142920,1.575000,16100,25357.500000,-,-,B,5366642,5282957
1,1,3044536,510360,2,20200814,144142920,1.575000,25600,40320.000000,-,-,B,5366643,5282957
1,1,3056430,510360,2,20200814,144206880,1.575000,2800,4410.000000,-,-,B,5379374,5282957
1,1,3057677,510360,2,20200814,144208580,1.575000,2800,4410.000000,-,-,B,5380465,5282957
1,1,3058082,510360,2,20200814,144209540,1.575000,17100,26932.500000,-,-,B,5380958,5282957
1,1,3058318,510360,2,20200814,144210250,1.576000,500,788.000000,-,-,B,5381279,4891741
1,1,3058319,510360,2,20200814,144210250,1.576000,2000,3152.000000,-,-,B,5381279,5367578
1,1,3062283,510360,2,20200814,144220170,1.575000,1100,1732.500000,-,-,S,5380958,5386242
1,1,3086154,510360,2,20200814,144323530,1.575000,200,315.000000,-,-,S,5380958,5418589
1,1,3086934,510360,2,20200814,144325750,1.575000,3000,4725.000000,-,-,S,5380958,5419611
1,1,3144593,510360,2,20200814,144614460,1.577000,3000,4731.000000,-,-,B,5506188,5438647
1,1,3144848,510360,2,20200814,144615400,1.577000,1000,1577.000000,-,-,S,5506188,5506603
1,1,3172985,510360,2,20200814,144730790,1.576000,700,1103.200000,-,-,B,5543844,5530454
1,1,3185487,510360,2,20200814,144751130,1.576000,1300,2048.800000,-,-,S,5543844,5554052
1,1,3185488,510360,2,20200814,144751130,1.576000,5200,8195.200000,-,-,S,5544838,5554052
1,1,3191306,510360,2,20200814,144804380,1.576000,200,315.200000,-,-,B,5561724,5554052
1,1,3191496,510360,2,20200814,144804830,1.576000,300,472.800000,-,-,B,5561999,5554052
1,1,3191863,510360,2,20200814,144805390,1.576000,300,472.800000,-,-,B,5562371,5554052
1,1,3192077,510360,2,20200814,144805950,1.576000,300,472.800000,-,-,B,5562659,5554052
1,1,3192369,510360,2,20200814,144806470,1.576000,200,315.200000,-,-,B,5563016,5554052
1,1,3192547,510360,2,20200814,144807040,1.576000,2200,3467.200000,-,-,B,5563321,5554052
1,1,3193894,510360,2,20200814,144810000,1.578000,10000,15780.000000,-,-,B,5564976,1744916
1,1,3193895,510360,2,20200814,144810000,1.578000,8000,12624.000000,-,-,B,5564976,4139586
1,1,3193896,510360,2,20200814,144810000,1.578000,36900,58228.200000,-,-,B,5564976,5550796
1,1,3195215,510360,2,20200814,144813020,1.578000,19300,30455.400000,-,-,B,5566551,5550796
1,1,3214755,510360,2,20200814,144902010,1.576000,1000,1576.000000,-,-,S,5574382,5593123
1,1,3215133,510360,2,20200814,144902810,1.576000,1500,2364.000000,-,-,B,5593615,5593123
1,1,3215249,510360,2,20200814,144903220,1.576000,1600,2521.600000,-,-,B,5593788,5593123
1,1,3215415,510360,2,20200814,144903670,1.579000,500,789.500000,-,-,B,5593989,5416072
1,1,3215416,510360,2,20200814,144903670,1.579000,1000,1579.000000,-,-,B,5593989,5584497
1,1,3215909,510360,2,20200814,144905030,1.578000,15200,23985.600000,-,-,S,5594554,5594702
1,1,3220616,510360,2,20200814,144915270,1.578000,47700,75270.600000,-,-,S,5594554,5600666
1,1,3243957,510360,2,20200814,145008190,1.578000,100,157.800000,-,-,B,5632824,5616816
1,1,3255402,510360,2,20200814,145036030,1.576000,1000,1576.000000,-,-,B,5649161,5647845
1,1,3255533,510360,2,20200814,145036430,1.576000,900,1418.400000,-,-,B,5649405,5647845
1,1,3255581,510360,2,20200814,145036540,1.576000,900,1418.400000,-,-,B,5649448,5647845
1,1,3255618,510360,2,20200814,145036630,1.576000,1200,1891.200000,-,-,B,5649509,5647845
1,1,3255737,510360,2,20200814,145036900,1.576000,900,1418.400000,-,-,B,5649626,5647845
1,1,3255931,510360,2,20200814,145037370,1.576000,1000,1576.000000,-,-,B,5649902,5647845
1,1,3256129,510360,2,20200814,145037800,1.576000,900,1418.400000,-,-,B,5650214,5647845
1,1,3256343,510360,2,20200814,145038170,1.576000,1000,1576.000000,-,-,B,5650493,5647845
1,1,3256400,510360,2,20200814,145038410,1.576000,1200,1891.200000,-,-,B,5650640,5647845
1,1,3256442,510360,2,20200814,145038490,1.576000,900,1418.400000,-,-,B,5650701,5647845
1,1,3256521,510360,2,20200814,145038670,1.576000,100,157.600000,-,-,B,5650781,5647845
1,1,3256522,510360,2,20200814,145038670,1.579000,800,1263.200000,-,-,B,5650781,5637260
1,1,3302988,510360,2,20200814,145223820,1.576000,1800,2836.800000,-,-,S,5680831,5713953
1,1,3314824,510360,2,20200814,145251290,1.576000,800,1260.800000,-,-,S,5680831,5730181
1,1,3319696,510360,2,20200814,145303390,1.579000,100,157.900000,-,-,B,5737298,5709811
1,1,3319697,510360,2,20200814,145303390,1.579000,3700,5842.300000,-,-,B,5737298,5726571
1,1,3338286,510360,2,20200814,145345960,1.579000,20000,31580.000000,-,-,S,5762044,5763135
1,1,3339862,510360,2,20200814,145350140,1.579000,2900,4579.100000,-,-,B,5765476,5763135
1,1,3357908,510360,2,20200814,145433790,1.578000,5000,7890.000000,-,-,B,5790822,5780603
1,1,3363123,510360,2,20200814,145446120,1.576000,500,788.000000,-,-,S,5723704,5798211
1,1,3364392,510360,2,20200814,145448940,1.576000,9200,14499.200000,-,-,B,5799815,5798211
1,1,3365314,510360,2,20200814,145451490,1.576000,8100,12765.600000,-,-,B,5801256,5798211
1,1,3365429,510360,2,20200814,145451880,1.576000,3600,5673.600000,-,-,B,5801409,5798211
1,1,3366287,510360,2,20200814,145453650,1.576000,8000,12608.000000,-,-,B,5802553,5798211
1,1,3366802,510360,2,20200814,145454870,1.576000,6700,10559.200000,-,-,B,5803232,5798211
1,1,3367463,510360,2,20200814,145456140,1.576000,6700,10559.200000,-,-,B,5804046,5798211
1,1,3367706,510360,2,20200814,145456660,1.576000,6800,10716.800000,-,-,B,5804374,5798211
1,1,3368392,510360,2,20200814,145458190,1.576000,5000,7880.000000,-,-,B,5805217,5798211
1,1,3368393,510360,2,20200814,145458190,1.576000,5000,7880.000000,-,-,B,5805218,5798211
1,1,3369261,510360,2,20200814,145459670,1.576000,4900,7722.400000,-,-,B,5806306,5798211
1,1,3369450,510360,2,20200814,145500120,1.576000,4900,7722.400000,-,-,B,5806578,5798211
1,1,3370428,510360,2,20200814,145501510,1.576000,1800,2836.800000,-,-,B,5807797,5798211
1,1,3371286,510360,2,20200814,145502370,1.576000,1800,2836.800000,-,-,B,5808828,5798211
1,1,3371744,510360,2,20200814,145503190,1.576000,1900,2994.400000,-,-,B,5809434,5798211
1,1,3372879,510360,2,20200814,145505320,1.576000,200,315.200000,-,-,B,5810933,5798211
1,1,3377287,510360,2,20200814,145514650,1.576000,700,1103.200000,-,-,B,5817090,5798211
1,1,3391359,510360,2,20200814,145545800,1.577000,5000,7885.000000,-,-,S,5834291,5836779
1,1,3393501,510360,2,20200814,145551040,1.577000,3700,5834.900000,-,-,B,5839770,5836779
1,1,3397322,510360,2,20200814,145600150,1.577000,200,315.400000,-,-,B,5844851,5836779
1,1,3409943,510360,2,20200814,145626050,1.577000,1000,1577.000000,-,-,B,5861061,5854229
1,1,3416956,510360,2,20200814,145640380,1.576000,500,788.000000,-,-,S,5817090,5870200
1,1,3418242,510360,2,20200814,145642380,1.576000,5000,7880.000000,-,-,B,5871493,5870200
1,1,3418257,510360,2,20200814,145642380,1.576000,800,1260.800000,-,-,B,5871505,5870200
1,1,3418987,510360,2,20200814,145644640,1.576000,800,1260.800000,-,-,B,5872638,5870200
1,1,3421603,510360,2,20200814,145650120,1.578000,3700,5838.600000,-,-,B,5875800,5873495
1,1,3425556,510360,2,20200814,145706630,1.577000,100,157.700000,-,-,B,5884013,5881379
1,1,3425850,510360,2,20200814,145716830,1.577000,2900,4573.300000,-,-,B,5889192,5881379
1,1,3426956,510360,2,20200814,145759090,1.577000,600,946.200000,-,-,S,5889192,5905505
1,1,3427543,510360,2,20200814,145827420,1.578000,400,631.200000,-,-,B,5914248,5900061
1,1,3427551,510360,2,20200814,145827900,1.578000,1500,2367.000000,-,-,B,5914411,5900061
1,1,3427552,510360,2,20200814,145827900,1.578000,183600,289720.800000,-,-,B,5914411,5910698
1,1,3428026,510360,2,20200814,145846560,1.578000,1200,1893.600000,-,-,B,5919706,5919506
1,1,3428505,510360,2,20200814,145855790,1.578000,200,315.600000,-,-,S,5919706,5922195
1,1,3429900,510360,2,20200814,145929700,1.578000,100,157.800000,-,-,S,5919706,5931853
1,1,3430222,510360,2,20200814,145941670,1.579000,1900,3000.100000,-,-,B,5935118,5765603
1,1,3430223,510360,2,20200814,145941670,1.579000,100,157.900000,-,-,B,5935118,5805407
1,1,3430886,510360,2,20200814,145958800,1.579000,2400,3789.600000,-,-,B,5939810,5805407
