Datetime,Price,Volume
2020-08-14 09:25:00.430,4.688,300
2020-08-14 09:25:00.430,4.688,700
2020-08-14 09:25:00.430,4.688,300
2020-08-14 09:25:00.430,4.688,100
2020-08-14 09:25:00.430,4.688,100
2020-08-14 09:25:00.430,4.688,600
2020-08-14 09:25:00.430,4.688,200
2020-08-14 09:25:00.430,4.688,1800
2020-08-14 09:25:00.430,4.688,4000
2020-08-14 09:25:00.430,4.688,100
2020-08-14 09:25:00.430,4.688,100
2020-08-14 09:25:00.430,4.688,6000
2020-08-14 09:25:00.430,4.688,5000
2020-08-14 09:25:00.430,4.688,32000
2020-08-14 09:25:00.430,4.688,300
2020-08-14 09:25:00.430,4.688,3500
2020-08-14 09:25:00.430,4.688,10600
2020-08-14 09:25:00.430,4.688,70000
2020-08-14 09:25:00.430,4.688,1200
2020-08-14 09:25:00.430,4.688,100
2020-08-14 09:25:00.430,4.688,20000
2020-08-14 09:25:00.430,4.688,19000
2020-08-14 09:25:00.430,4.688,4600
2020-08-14 09:25:00.430,4.688,3600
2020-08-14 09:25:00.430,4.688,1800
2020-08-14 09:25:00.430,4.688,4000
2020-08-14 09:25:00.430,4.688,500
2020-08-14 09:25:00.430,4.688,1600
2020-08-14 09:25:00.430,4.688,600
2020-08-14 09:25:00.430,4.688,200
2020-08-14 09:25:00.430,4.688,12700
2020-08-14 09:25:00.430,4.688,24800
2020-08-14 09:25:00.430,4.688,1000
2020-08-14 09:25:00.430,4.688,6900
2020-08-14 09:25:00.430,4.688,10000
2020-08-14 09:25:00.430,4.688,3100
2020-08-14 09:25:00.430,4.688,3000
2020-08-14 09:25:00.430,4.688,500
2020-08-14 09:25:00.430,4.688,28400
2020-08-14 09:25:00.430,4.688,3000
2020-08-14 09:25:00.430,4.688,500
2020-08-14 09:25:00.430,4.688,2000
2020-08-14 09:25:00.430,4.688,10000
2020-08-14 09:25:00.430,4.688,11200
2020-08-14 09:25:00.430,4.688,33000
2020-08-14 09:25:00.430,4.688,300
2020-08-14 09:25:00.430,4.688,300
2020-08-14 09:25:00.430,4.688,2000
2020-08-14 09:25:00.430,4.688,5600
2020-08-14 09:25:00.430,4.688,1500
2020-08-14 09:25:00.430,4.688,30000
2020-08-14 09:25:00.430,4.688,30000
2020-08-14 09:25:00.430,4.688,8200
2020-08-14 09:25:00.430,4.688,4000
2020-08-14 09:25:00.430,4.688,700
2020-08-14 09:25:00.430,4.688,7100
2020-08-14 09:25:00.430,4.688,1000
2020-08-14 09:25:00.430,4.688,21000
2020-08-14 09:25:00.430,4.688,1000
2020-08-14 09:25:00.430,4.688,2200
2020-08-14 09:25:00.430,4.688,50000
2020-08-14 09:25:00.430,4.688,300
2020-08-14 09:25:00.430,4.688,100
2020-08-14 09:25:00.430,4.688,600
2020-08-14 09:25:00.430,4.688,1700
2020-08-14 09:25:00.430,4.688,1000
2020-08-14 09:25:00.430,4.688,3200
2020-08-14 09:25:00.430,4.688,900
2020-08-14 09:25:00.430,4.688,500
2020-08-14 09:25:00.430,4.688,500
2020-08-14 09:25:00.430,4.688,2200
2020-08-14 09:25:00.430,4.688,200
2020-08-14 09:25:00.430,4.688,300
2020-08-14 09:25:00.430,4.688,2200
2020-08-14 09:25:00.430,4.688,1000
2020-08-14 09:25:00.430,4.688,100
2020-08-14 09:25:00.430,4.688,100
2020-08-14 09:25:00.430,4.688,700
2020-08-14 09:25:00.430,4.688,3000
2020-08-14 09:25:00.430,4.688,400
2020-08-14 09:25:00.430,4.688,100
2020-08-14 09:25:00.430,4.688,200
2020-08-14 09:25:00.430,4.688,300
2020-08-14 09:25:00.430,4.688,1300
2020-08-14 09:25:00.430,4.688,100
2020-08-14 09:25:00.430,4.688,2000
2020-08-14 09:25:00.430,4.688,200
2020-08-14 09:25:00.430,4.688,100
2020-08-14 09:25:00.430,4.688,1000
2020-08-14 09:25:00.430,4.688,100
2020-08-14 09:25:00.430,4.688,200
2020-08-14 09:25:00.430,4.688,1000
2020-08-14 09:25:00.430,4.688,200
2020-08-14 09:25:00.430,4.688,100
2020-08-14 09:25:00.430,4.688,100
2020-08-14 09:25:00.430,4.688,200
2020-08-14 09:25:00.430,4.688,100
2020-08-14 09:25:00.430,4.688,200
2020-08-14 09:25:00.430,4.688,2000
2020-08-14 09:25:00.430,4.688,1000
2020-08-14 09:25:00.430,4.688,1700
2020-08-14 09:25:00.430,4.688,200
2020-08-14 09:25:00.430,4.688,35900
2020-08-14 09:25:00.430,4.688,92
2020-08-14 09:25:00.430,4.688,10000
2020-08-14 09:25:00.430,4.688,3508
2020-08-14 09:25:00.430,4.688,492
2020-08-14 09:25:00.430,4.688,8
2020-08-14 09:25:00.430,4.688,92
2020-08-14 09:25:00.430,4.688,1000
2020-08-14 09:25:00.430,4.688,200
2020-08-14 09:25:00.430,4.688,200
2020-08-14 09:25:00.430,4.688,100
2020-08-14 09:25:00.430,4.688,100
2020-08-14 09:25:00.430,4.688,308
2020-08-14 09:25:00.430,4.688,400
2020-08-14 09:25:00.430,4.688,7392
2020-08-14 09:25:00.430,4.688,500
2020-08-14 09:25:00.430,4.688,2500
2020-08-14 09:25:00.430,4.688,2000
2020-08-14 09:25:00.430,4.688,10000
2020-08-14 09:25:00.430,4.688,10000
2020-08-14 09:25:00.430,4.688,300
2020-08-14 09:25:00.430,4.688,900
2020-08-14 09:25:00.430,4.688,10000
2020-08-14 09:25:00.430,4.688,1000
2020-08-14 09:25:00.430,4.688,55408
2020-08-14 09:25:00.430,4.688,13100
2020-08-14 09:30:00.340,4.687,100
2020-08-14 09:30:00.340,4.687,100
2020-08-14 09:30:00.340,4.687,200
2020-08-14 09:30:00.340,4.687,100
2020-08-14 09:30:00.340,4.687,100
2020-08-14 09:30:00.340,4.687,100
2020-08-14 09:30:00.340,4.687,100
2020-08-14 09:30:00.340,4.687,100
2020-08-14 09:30:00.340,4.687,3000
2020-08-14 09:30:00.340,4.687,600
2020-08-14 09:30:00.340,4.687,100
2020-08-14 09:30:00.340,4.687,200
2020-08-14 09:30:00.340,4.687,100
2020-08-14 09:30:00.340,4.687,100
2020-08-14 09:30:00.340,4.687,8500
2020-08-14 09:30:00.340,4.687,3500
2020-08-14 09:30:00.340,4.688,800
2020-08-14 09:30:00.420,4.688,100
2020-08-14 09:30:00.420,4.687,1600
2020-08-14 09:30:00.420,4.688,2000
2020-08-14 09:30:00.420,4.687,3400
2020-08-14 09:30:00.420,4.687,200
2020-08-14 09:30:00.420,4.687,1000
2020-08-14 09:30:00.420,4.687,100
2020-08-14 09:30:00.420,4.687,100
2020-08-14 09:30:00.420,4.687,1000
2020-08-14 09:30:00.420,4.687,100
2020-08-14 09:30:00.420,4.687,400
2020-08-14 09:30:00.420,4.687,100
2020-08-14 09:30:00.420,4.687,100
2020-08-14 09:30:00.420,4.687,500
2020-08-14 09:30:00.420,4.687,19300
2020-08-14 09:30:00.420,4.687,100
2020-08-14 09:30:00.420,4.687,100
2020-08-14 09:30:00.420,4.687,900
2020-08-14 09:30:00.420,4.687,400
2020-08-14 09:30:00.420,4.687,300
2020-08-14 09:30:00.420,4.687,200
2020-08-14 09:30:00.420,4.687,200
2020-08-14 09:30:00.420,4.687,300
2020-08-14 09:30:00.420,4.687,100
2020-08-14 09:30:00.420,4.687,300
2020-08-14 09:30:00.420,4.687,100
2020-08-14 09:30:00.420,4.687,100
2020-08-14 09:30:00.420,4.687,100
2020-08-14 09:30:00.420,4.687,100
2020-08-14 09:30:00.420,4.687,100
2020-08-14 09:30:00.420,4.687,300
2020-08-14 09:30:00.420,4.687,100
2020-08-14 09:30:00.420,4.687,2200
2020-08-14 09:30:00.420,4.687,3000
2020-08-14 09:30:00.420,4.687,100
2020-08-14 09:30:00.420,4.687,100
2020-08-14 09:30:00.420,4.687,200
2020-08-14 09:30:00.420,4.687,100
2020-08-14 09:30:00.420,4.687,100
2020-08-14 09:30:00.420,4.687,1000
2020-08-14 09:30:00.420,4.687,100
2020-08-14 09:30:00.420,4.687,100
2020-08-14 09:30:00.420,4.687,200
2020-08-14 09:30:00.420,4.687,1300
2020-08-14 09:30:00.420,4.687,100
2020-08-14 09:30:00.420,4.687,100
2020-08-14 09:30:00.420,4.687,1200
2020-08-14 09:30:00.420,4.687,300
2020-08-14 09:30:00.420,4.687,100
2020-08-14 09:30:00.420,4.687,100
2020-08-14 09:30:00.420,4.687,100
2020-08-14 09:30:00.420,4.687,100
2020-08-14 09:30:00.420,4.687,1000
2020-08-14 09:30:00.420,4.687,200
2020-08-14 09:30:00.420,4.687,200
2020-08-14 09:30:00.420,4.687,100
2020-08-14 09:30:00.420,4.687,100
2020-08-14 09:30:00.420,4.687,200
2020-08-14 09:30:00.420,4.687,100
2020-08-14 09:30:00.420,4.687,200
2020-08-14 09:30:00.420,4.687,100
2020-08-14 09:30:00.420,4.687,4200
2020-08-14 09:30:00.420,4.687,200
2020-08-14 09:30:00.770,4.687,5000
2020-08-14 09:30:00.920,4.688,4300
2020-08-14 09:30:00.920,4.688,100
2020-08-14 09:30:01.030,4.688,100
2020-08-14 09:30:01.030,4.687,100000
2020-08-14 09:30:01.150,4.687,100
2020-08-14 09:30:01.150,4.687,100
2020-08-14 09:30:01.150,4.687,500
2020-08-14 09:30:01.270,4.687,3000
2020-08-14 09:30:01.390,4.687,10000
2020-08-14 09:30:01.390,4.688,100
2020-08-14 09:30:01.630,4.687,7000
2020-08-14 09:30:01.630,4.687,9000
2020-08-14 09:30:01.740,4.688,8000
2020-08-14 09:30:01.870,4.687,5400
2020-08-14 09:30:01.870,4.687,73100
2020-08-14 09:30:01.870,4.687,100
2020-08-14 09:30:01.870,4.687,200
2020-08-14 09:30:01.870,4.687,100
2020-08-14 09:30:01.870,4.687,200
2020-08-14 09:30:01.870,4.687,200
2020-08-14 09:30:01.870,4.687,100
2020-08-14 09:30:01.870,4.687,100
2020-08-14 09:30:01.870,4.687,100
2020-08-14 09:30:01.870,4.687,1000
2020-08-14 09:30:01.870,4.687,200
2020-08-14 09:30:01.870,4.687,100
2020-08-14 09:30:01.870,4.687,100
2020-08-14 09:30:01.870,4.687,500
2020-08-14 09:30:01.870,4.687,200
2020-08-14 09:30:01.870,4.687,1100
2020-08-14 09:30:01.870,4.687,1100
2020-08-14 09:30:01.870,4.687,1000
2020-08-14 09:30:01.870,4.687,16800
2020-08-14 09:30:01.870,4.687,500
2020-08-14 09:30:01.870,4.687,3200
2020-08-14 09:30:01.870,4.688,10000
2020-08-14 09:30:01.990,4.688,200
2020-08-14 09:30:02.110,4.687,300
2020-08-14 09:30:02.110,4.687,1500
2020-08-14 09:30:02.110,4.687,11500
2020-08-14 09:30:02.110,4.687,200
2020-08-14 09:30:02.110,4.687,200
2020-08-14 09:30:02.110,4.686,100
2020-08-14 09:30:02.110,4.686,1000
2020-08-14 09:30:02.110,4.686,4000
2020-08-14 09:30:02.110,4.686,500
2020-08-14 09:30:02.110,4.686,600
2020-08-14 09:30:02.110,4.685,1000
2020-08-14 09:30:02.110,4.685,100
2020-08-14 09:30:02.110,4.685,300
2020-08-14 09:30:02.110,4.685,500
2020-08-14 09:30:02.110,4.685,2500
2020-08-14 09:30:02.380,4.685,700
2020-08-14 09:30:02.380,4.683,1000
2020-08-14 09:30:02.380,4.683,19000
2020-08-14 09:30:02.510,4.685,600
2020-08-14 09:30:03.100,4.685,5000
2020-08-14 09:30:03.100,4.685,200
2020-08-14 09:30:03.470,4.685,80000
2020-08-14 09:30:03.600,4.685,87800
2020-08-14 09:30:03.600,4.685,400
2020-08-14 09:30:03.980,4.685,100
2020-08-14 09:30:03.980,4.685,100
2020-08-14 09:30:04.100,4.683,3000
2020-08-14 09:30:04.190,4.685,102600
2020-08-14 09:30:04.190,4.685,500
2020-08-14 09:30:04.540,4.685,100
2020-08-14 09:30:04.670,4.686,500
2020-08-14 09:30:04.670,4.686,2000
2020-08-14 09:30:04.670,4.686,6600
2020-08-14 09:30:04.670,4.686,500
2020-08-14 09:30:04.670,4.686,5000
2020-08-14 09:30:04.670,4.686,5500
2020-08-14 09:30:04.670,4.686,8700
2020-08-14 09:30:04.670,4.686,11500
2020-08-14 09:30:04.670,4.686,13200
2020-08-14 09:30:04.670,4.686,5000
2020-08-14 09:30:04.670,4.686,3500
2020-08-14 09:30:04.670,4.686,4900
2020-08-14 09:30:04.670,4.686,600
2020-08-14 09:30:04.670,4.686,2100
2020-08-14 09:30:04.670,4.686,16400
2020-08-14 09:30:04.670,4.686,8300
2020-08-14 09:30:04.670,4.686,1200
2020-08-14 09:30:04.670,4.686,2700
2020-08-14 09:30:04.670,4.686,20000
2020-08-14 09:30:04.670,4.686,1000
2020-08-14 09:30:04.670,4.686,4200
2020-08-14 09:30:04.670,4.687,4100
2020-08-14 09:30:04.670,4.687,131600
2020-08-14 09:30:04.800,4.687,200
2020-08-14 09:30:04.800,4.687,100
2020-08-14 09:30:04.800,4.687,9100
2020-08-14 09:30:04.920,4.687,43100
2020-08-14 09:30:04.920,4.687,100
2020-08-14 09:30:04.920,4.685,19800
2020-08-14 09:30:04.920,4.683,3000
2020-08-14 09:30:04.920,4.683,600
2020-08-14 09:30:04.920,4.683,10000
2020-08-14 09:30:04.920,4.683,200
2020-08-14 09:30:04.920,4.682,1000
2020-08-14 09:30:04.920,4.682,500
2020-08-14 09:30:04.920,4.682,700
2020-08-14 09:30:04.920,4.68,200
2020-08-14 09:30:04.920,4.68,1000
2020-08-14 09:30:04.920,4.68,500
2020-08-14 09:30:04.920,4.68,300
2020-08-14 09:30:04.920,4.68,4000
2020-08-14 09:30:04.920,4.68,200
2020-08-14 09:30:04.920,4.68,800
2020-08-14 09:30:04.920,4.68,5000
2020-08-14 09:30:04.920,4.68,2000
2020-08-14 09:30:04.920,4.68,3200
2020-08-14 09:30:04.920,4.68,1000
2020-08-14 09:30:04.920,4.68,15000
2020-08-14 09:30:04.920,4.68,200
2020-08-14 09:30:04.920,4.68,600
2020-08-14 09:30:04.920,4.68,200
2020-08-14 09:30:04.920,4.68,300
2020-08-14 09:30:04.920,4.68,1000
2020-08-14 09:30:04.920,4.68,55000
2020-08-14 09:30:04.920,4.68,2000
2020-08-14 09:30:04.920,4.68,200
2020-08-14 09:30:04.920,4.68,5000
2020-08-14 09:30:04.920,4.68,100
2020-08-14 09:30:04.920,4.68,200
2020-08-14 09:30:04.920,4.68,600
2020-08-14 09:30:05.040,4.679,200
2020-08-14 09:30:05.040,4.679,1700
2020-08-14 09:30:05.170,4.679,23300
2020-08-14 09:30:05.170,4.678,2000
2020-08-14 09:30:05.170,4.678,1000
2020-08-14 09:30:05.170,4.678,500
2020-08-14 09:30:05.170,4.678,9200
2020-08-14 09:30:05.290,4.68,1000
2020-08-14 09:30:05.520,4.68,10000
2020-08-14 09:30:05.620,4.68,20000
2020-08-14 09:30:05.740,4.682,500
2020-08-14 09:30:05.740,4.682,100
2020-08-14 09:30:05.860,4.682,200
2020-08-14 09:30:05.990,4.682,4100
2020-08-14 09:30:05.990,4.682,1000
2020-08-14 09:30:06.100,4.682,100
2020-08-14 09:30:06.100,4.682,1000
2020-08-14 09:30:06.100,4.682,200
2020-08-14 09:30:06.230,4.682,5300
2020-08-14 09:30:06.340,4.682,600
2020-08-14 09:30:06.340,4.682,300
2020-08-14 09:30:06.340,4.682,10600
2020-08-14 09:30:06.400,4.682,15800
2020-08-14 09:30:06.400,4.682,600
2020-08-14 09:30:06.460,4.68,2500
2020-08-14 09:30:06.600,4.678,90800
2020-08-14 09:30:06.600,4.678,200
2020-08-14 09:30:06.600,4.678,100
2020-08-14 09:30:06.600,4.677,2500
2020-08-14 09:30:06.600,4.677,700
2020-08-14 09:30:06.600,4.677,10000
2020-08-14 09:30:06.600,4.676,100
2020-08-14 09:30:06.600,4.676,100
2020-08-14 09:30:06.740,4.675,300
2020-08-14 09:30:06.740,4.675,100
2020-08-14 09:30:06.740,4.675,2500
2020-08-14 09:30:06.740,4.675,200
2020-08-14 09:30:06.740,4.675,200
2020-08-14 09:30:06.740,4.675,500
2020-08-14 09:30:06.740,4.675,500
2020-08-14 09:30:06.740,4.675,5700
2020-08-14 09:30:06.930,4.676,100
2020-08-14 09:30:06.930,4.676,200
2020-08-14 09:30:07.050,4.676,600
2020-08-14 09:30:07.240,4.675,4300
2020-08-14 09:30:07.240,4.675,2000
2020-08-14 09:30:07.270,4.676,200
2020-08-14 09:30:07.520,4.675,500
2020-08-14 09:30:07.670,4.676,2100
2020-08-14 09:30:08.300,4.676,1200
2020-08-14 09:30:09.290,4.674,600
2020-08-14 09:30:09.290,4.674,200
2020-08-14 09:30:09.290,4.672,30000
2020-08-14 09:30:09.290,4.672,9000
2020-08-14 09:30:09.290,4.672,1000
2020-08-14 09:30:09.290,4.672,5000
2020-08-14 09:30:09.290,4.672,3200
2020-08-14 09:30:09.290,4.672,5000
2020-08-14 09:30:09.290,4.672,300
2020-08-14 09:30:09.290,4.671,5000
2020-08-14 09:30:09.290,4.671,400
2020-08-14 09:30:09.290,4.671,1000
2020-08-14 09:30:09.290,4.671,100
2020-08-14 09:30:09.290,4.671,600
2020-08-14 09:30:09.290,4.671,10000
2020-08-14 09:30:09.290,4.671,3600
2020-08-14 09:30:09.290,4.671,10000
2020-08-14 09:30:09.520,4.671,40000
2020-08-14 09:30:09.520,4.671,500
2020-08-14 09:30:09.860,4.67,100
2020-08-14 09:30:09.860,4.67,1000
2020-08-14 09:30:09.860,4.67,300
2020-08-14 09:30:09.860,4.67,1600
2020-08-14 09:30:10.170,4.671,12900
2020-08-14 09:30:10.170,4.671,11700
2020-08-14 09:30:10.570,4.678,900
2020-08-14 09:30:10.610,4.678,500
2020-08-14 09:30:11.630,4.676,1000
2020-08-14 09:30:11.630,4.676,1000
2020-08-14 09:30:11.630,4.676,1000
2020-08-14 09:30:12.560,4.675,33000
2020-08-14 09:30:13.220,4.674,28300
2020-08-14 09:30:13.220,4.673,40000
2020-08-14 09:30:13.220,4.672,81800
2020-08-14 09:30:15.020,4.672,600
2020-08-14 09:30:15.380,4.672,12300
2020-08-14 09:30:15.480,4.674,500
2020-08-14 09:30:15.790,4.672,248900
2020-08-14 09:30:16.280,4.672,9500
2020-08-14 09:30:16.870,4.674,700
2020-08-14 09:30:17.200,4.674,53000
2020-08-14 09:30:18.270,4.674,5000
2020-08-14 09:30:19.200,4.674,10000
2020-08-14 09:30:19.420,4.674,1000
2020-08-14 09:30:19.420,4.674,152200
2020-08-14 09:30:19.420,4.674,15000
2020-08-14 09:30:19.420,4.674,103300
2020-08-14 09:30:19.980,4.674,1400
2020-08-14 09:30:20.250,4.675,800
2020-08-14 09:30:20.280,4.675,40000
2020-08-14 09:30:21.630,4.675,300
2020-08-14 09:30:21.630,4.674,700
2020-08-14 09:30:21.630,4.674,9000
2020-08-14 09:30:21.630,4.674,14900
2020-08-14 09:30:21.630,4.674,3700
2020-08-14 09:30:21.650,4.674,9800
2020-08-14 09:30:21.650,4.674,6300
2020-08-14 09:30:21.650,4.674,20000
2020-08-14 09:30:21.720,4.674,1100
2020-08-14 09:30:21.720,4.674,20000
2020-08-14 09:30:21.720,4.674,3900
2020-08-14 09:30:21.750,4.674,2300
2020-08-14 09:30:21.750,4.674,8900
2020-08-14 09:30:21.750,4.674,7400
2020-08-14 09:30:21.750,4.674,8800
2020-08-14 09:30:21.750,4.674,12700
2020-08-14 09:30:21.780,4.674,1800
2020-08-14 09:30:21.780,4.674,15500
2020-08-14 09:30:21.780,4.674,4900
2020-08-14 09:30:21.780,4.674,20000
2020-08-14 09:30:21.780,4.674,20000
2020-08-14 09:30:22.950,4.679,1800
2020-08-14 09:30:24.990,4.679,40000
2020-08-14 09:30:24.990,4.675,60000
2020-08-14 09:30:24.990,4.675,40800
2020-08-14 09:30:24.990,4.674,40800
2020-08-14 09:30:24.990,4.674,100
2020-08-14 09:30:24.990,4.674,40800
2020-08-14 09:30:25.020,4.674,100000
2020-08-14 09:30:25.250,4.674,40000
2020-08-14 09:30:25.250,4.673,2000
2020-08-14 09:30:25.250,4.673,38000
2020-08-14 09:30:25.730,4.674,500
2020-08-14 09:30:26.120,4.674,37000
2020-08-14 09:30:26.510,4.678,25100
2020-08-14 09:30:27.420,4.678,2700
2020-08-14 09:30:27.870,4.682,81600
2020-08-14 09:30:28.070,4.682,18400
2020-08-14 09:30:28.070,4.678,2200
2020-08-14 09:30:28.070,4.677,30000
2020-08-14 09:30:28.760,4.675,4500
2020-08-14 09:30:28.760,4.675,3900
2020-08-14 09:30:28.760,4.673,46600
2020-08-14 09:30:29.190,4.675,800
2020-08-14 09:30:29.190,4.679,20000
2020-08-14 09:30:29.190,4.679,20000
2020-08-14 09:30:29.190,4.679,20000
2020-08-14 09:30:30.050,4.679,82600
2020-08-14 09:30:30.520,4.677,10000
2020-08-14 09:30:30.590,4.677,500
2020-08-14 09:30:32.210,4.683,1000
2020-08-14 09:30:33.570,4.683,81600
2020-08-14 09:30:33.570,4.683,18400
2020-08-14 09:30:33.810,4.683,700
2020-08-14 09:30:34.580,4.685,500
2020-08-14 09:30:34.580,4.685,2500
2020-08-14 09:30:34.700,4.685,5000
2020-08-14 09:30:35.910,4.686,19700
2020-08-14 09:30:36.600,4.686,29000
2020-08-14 09:30:37.480,4.687,2000
2020-08-14 09:30:37.480,4.687,18000
2020-08-14 09:30:37.820,4.687,17700
2020-08-14 09:30:37.880,4.687,14300
2020-08-14 09:30:37.880,4.687,1000
2020-08-14 09:30:37.880,4.687,4700
2020-08-14 09:30:38.500,4.686,11900
2020-08-14 09:30:38.610,4.686,8800
2020-08-14 09:30:38.610,4.685,15000
2020-08-14 09:30:38.610,4.685,20000
2020-08-14 09:30:38.610,4.684,3000
2020-08-14 09:30:38.610,4.683,10000
2020-08-14 09:30:38.810,4.679,20000
2020-08-14 09:30:38.810,4.679,20000
2020-08-14 09:30:38.810,4.679,20000
2020-08-14 09:30:38.810,4.679,2500
2020-08-14 09:30:38.810,4.679,100000
2020-08-14 09:30:38.810,4.679,337500
2020-08-14 09:30:39.070,4.68,20000
2020-08-14 09:30:40.070,4.68,1000
2020-08-14 09:30:40.670,4.679,59300
2020-08-14 09:30:40.670,4.679,30000
2020-08-14 09:30:40.670,4.679,40000
2020-08-14 09:30:40.670,4.679,100000
2020-08-14 09:30:41.400,4.679,70700
2020-08-14 09:30:41.730,4.68,30000
2020-08-14 09:30:41.790,4.68,1800
2020-08-14 09:30:42.700,4.68,20000
2020-08-14 09:30:43.350,4.68,20500
2020-08-14 09:30:43.350,4.68,9500
2020-08-14 09:30:43.380,4.68,40000
2020-08-14 09:30:43.380,4.68,40000
2020-08-14 09:30:44.300,4.68,10500
2020-08-14 09:30:44.300,4.68,19500
2020-08-14 09:30:44.300,4.68,30000
2020-08-14 09:30:45.000,4.68,30000
2020-08-14 09:30:45.090,4.68,20500
2020-08-14 09:30:45.090,4.683,2400
2020-08-14 09:30:45.090,4.685,1700
2020-08-14 09:30:45.090,4.685,800
2020-08-14 09:30:45.090,4.685,5300
2020-08-14 09:30:45.090,4.685,1200
2020-08-14 09:30:46.190,4.681,1000
2020-08-14 09:30:47.650,4.685,2500
2020-08-14 09:30:47.650,4.685,500
2020-08-14 09:30:47.650,4.685,500
2020-08-14 09:30:47.650,4.685,700
2020-08-14 09:30:47.650,4.685,1600
2020-08-14 09:30:47.650,4.685,2600
2020-08-14 09:30:47.650,4.685,500
2020-08-14 09:30:47.650,4.685,2300
2020-08-14 09:30:47.650,4.685,1100
2020-08-14 09:30:47.650,4.685,1600
2020-08-14 09:30:47.650,4.685,500
2020-08-14 09:30:47.650,4.685,5600
2020-08-14 09:30:48.840,4.682,2100
2020-08-14 09:30:49.420,4.681,1000
2020-08-14 09:30:49.870,4.681,10000
2020-08-14 09:30:49.970,4.685,100
2020-08-14 09:30:50.660,4.681,1100
2020-08-14 09:30:53.590,4.683,2500
2020-08-14 09:30:54.510,4.684,5000
2020-08-14 09:30:55.240,4.684,1000
2020-08-14 09:30:56.770,4.684,10000
2020-08-14 09:30:57.720,4.684,1000
2020-08-14 09:30:58.470,4.684,3000
2020-08-14 09:30:58.910,4.682,5000
2020-08-14 09:31:00.540,4.68,500
2020-08-14 09:31:00.540,4.68,19500
2020-08-14 09:31:00.940,4.681,100
2020-08-14 09:31:01.690,4.681,500
2020-08-14 09:31:01.690,4.681,100
2020-08-14 09:31:02.540,4.681,17200
2020-08-14 09:31:02.540,4.681,10300
2020-08-14 09:31:02.540,4.681,4200
2020-08-14 09:31:02.540,4.681,2400
2020-08-14 09:31:02.540,4.681,14800
2020-08-14 09:31:02.540,4.681,5700
2020-08-14 09:31:02.540,4.681,11400
2020-08-14 09:31:02.540,4.681,20000
2020-08-14 09:31:02.540,4.681,1000
2020-08-14 09:31:02.540,4.681,13000
2020-08-14 09:31:04.150,4.681,500
2020-08-14 09:31:05.320,4.68,3700
2020-08-14 09:31:05.320,4.68,700
2020-08-14 09:31:05.320,4.68,400
2020-08-14 09:31:06.160,4.68,5300
2020-08-14 09:31:06.160,4.681,6500
2020-08-14 09:31:06.160,4.681,500
2020-08-14 09:31:06.450,4.679,100
2020-08-14 09:31:07.790,4.679,200
2020-08-14 09:31:08.450,4.679,700
2020-08-14 09:31:10.340,4.679,100
2020-08-14 09:31:10.610,4.679,39200
2020-08-14 09:31:10.610,4.679,30000
2020-08-14 09:31:11.170,4.679,7000
2020-08-14 09:31:11.170,4.679,2000
2020-08-14 09:31:11.170,4.68,5500
2020-08-14 09:31:11.170,4.68,5300
2020-08-14 09:31:11.170,4.68,20200
2020-08-14 09:31:11.240,4.68,30000
2020-08-14 09:31:11.340,4.68,100
2020-08-14 09:31:11.930,4.68,5000
2020-08-14 09:31:11.930,4.68,1700
2020-08-14 09:31:11.930,4.681,300
2020-08-14 09:31:11.930,4.681,4000
2020-08-14 09:31:12.700,4.681,3300
2020-08-14 09:31:12.700,4.681,10400
2020-08-14 09:31:12.700,4.681,16300
2020-08-14 09:31:13.250,4.681,1800
2020-08-14 09:31:13.250,4.681,1900
2020-08-14 09:31:13.250,4.681,20000
2020-08-14 09:31:13.250,4.681,8600
2020-08-14 09:31:13.250,4.681,10300
2020-08-14 09:31:13.250,4.681,4500
2020-08-14 09:31:13.250,4.681,20000
2020-08-14 09:31:13.340,4.681,6500
2020-08-14 09:31:13.550,4.682,9800
2020-08-14 09:31:13.770,4.682,100
2020-08-14 09:31:14.040,4.682,5100
2020-08-14 09:31:14.220,4.683,200
2020-08-14 09:31:14.220,4.683,5100
2020-08-14 09:31:14.500,4.683,20000
2020-08-14 09:31:18.570,4.683,1000
2020-08-14 09:31:20.680,4.684,10000
2020-08-14 09:31:20.680,4.684,1000
2020-08-14 09:31:20.680,4.684,100
2020-08-14 09:31:20.680,4.684,700
2020-08-14 09:31:20.680,4.684,100
2020-08-14 09:31:21.640,4.684,8100
2020-08-14 09:31:21.640,4.683,2100
2020-08-14 09:31:21.640,4.683,5100
2020-08-14 09:31:21.640,4.683,1100
2020-08-14 09:31:21.640,4.683,10700
2020-08-14 09:31:21.640,4.682,9300
2020-08-14 09:31:21.640,4.682,20000
2020-08-14 09:31:21.640,4.682,1100
2020-08-14 09:31:21.680,4.682,9300
2020-08-14 09:31:21.680,4.682,300
2020-08-14 09:31:22.110,4.682,200
2020-08-14 09:31:22.250,4.682,3300
2020-08-14 09:31:22.250,4.682,9300
2020-08-14 09:31:22.250,4.682,2300
2020-08-14 09:31:22.250,4.682,15100
2020-08-14 09:31:22.500,4.681,2000
2020-08-14 09:31:23.140,4.682,400
2020-08-14 09:31:23.140,4.682,13300
2020-08-14 09:31:23.140,4.682,6500
2020-08-14 09:31:23.140,4.682,1900
2020-08-14 09:31:23.140,4.682,7900
2020-08-14 09:31:24.220,4.682,8300
2020-08-14 09:31:24.220,4.682,6000
2020-08-14 09:31:24.340,4.681,5000
2020-08-14 09:31:25.280,4.682,14000
2020-08-14 09:31:25.280,4.682,4000
2020-08-14 09:31:25.280,4.682,12000
2020-08-14 09:31:26.170,4.682,8000
2020-08-14 09:31:26.170,4.682,7800
2020-08-14 09:31:26.170,4.682,9100
2020-08-14 09:31:26.170,4.682,10000
2020-08-14 09:31:26.200,4.683,400
2020-08-14 09:31:26.200,4.683,100
2020-08-14 09:31:26.260,4.683,400
2020-08-14 09:31:26.260,4.683,8400
2020-08-14 09:31:26.260,4.683,5000
2020-08-14 09:31:27.710,4.684,10000
2020-08-14 09:31:27.710,4.684,10000
2020-08-14 09:31:27.710,4.684,10000
2020-08-14 09:31:28.150,4.683,6300
2020-08-14 09:31:28.300,4.684,20000
2020-08-14 09:31:29.530,4.685,3200
2020-08-14 09:31:29.530,4.685,2800
2020-08-14 09:31:29.530,4.685,600
2020-08-14 09:31:29.530,4.685,4200
2020-08-14 09:31:29.530,4.685,1400
2020-08-14 09:31:29.530,4.685,1600
2020-08-14 09:31:29.530,4.685,5400
2020-08-14 09:31:29.530,4.685,4600
2020-08-14 09:31:29.530,4.685,300
2020-08-14 09:31:29.890,4.684,5000
2020-08-14 09:31:30.360,4.684,5000
2020-08-14 09:31:30.360,4.684,200
2020-08-14 09:31:30.360,4.684,10000
2020-08-14 09:31:30.360,4.683,6800
2020-08-14 09:31:30.670,4.683,8000
2020-08-14 09:31:30.940,4.683,900
2020-08-14 09:31:31.170,4.683,8000
2020-08-14 09:31:31.170,4.68,100
2020-08-14 09:31:31.380,4.68,1000
2020-08-14 09:31:31.830,4.68,5000
2020-08-14 09:31:31.930,4.68,1000
2020-08-14 09:31:32.200,4.68,30000
2020-08-14 09:31:32.230,4.68,4900
2020-08-14 09:31:32.230,4.681,1000
2020-08-14 09:31:32.910,4.684,100
2020-08-14 09:31:33.150,4.683,5900
2020-08-14 09:31:33.750,4.682,100
2020-08-14 09:31:34.420,4.681,1000
2020-08-14 09:31:34.420,4.681,4000
2020-08-14 09:31:35.090,4.685,900
2020-08-14 09:31:35.160,4.685,29100
2020-08-14 09:31:36.740,4.687,900
2020-08-14 09:31:36.740,4.687,32100
2020-08-14 09:31:40.080,4.685,3000
2020-08-14 09:31:41.320,4.687,17900
2020-08-14 09:31:41.320,4.687,200
2020-08-14 09:31:41.320,4.687,800
2020-08-14 09:31:41.320,4.687,1100
2020-08-14 09:31:41.740,4.685,500
2020-08-14 09:31:41.740,4.685,500
2020-08-14 09:31:41.740,4.685,500
2020-08-14 09:31:41.740,4.685,500
2020-08-14 09:31:41.740,4.685,500
2020-08-14 09:31:41.800,4.685,300
2020-08-14 09:31:43.040,4.684,200
2020-08-14 09:31:43.040,4.684,500
2020-08-14 09:31:43.040,4.684,500
2020-08-14 09:31:43.040,4.684,500
2020-08-14 09:31:43.040,4.684,500
2020-08-14 09:31:43.210,4.684,500
2020-08-14 09:31:43.210,4.684,500
2020-08-14 09:31:43.210,4.684,500
2020-08-14 09:31:43.210,4.684,500
2020-08-14 09:31:43.210,4.684,500
2020-08-14 09:31:43.210,4.684,500
2020-08-14 09:31:43.210,4.684,500
2020-08-14 09:31:43.210,4.684,500
2020-08-14 09:31:45.520,4.684,1200
2020-08-14 09:31:47.690,4.687,1000
2020-08-14 09:31:48.180,4.687,100
2020-08-14 09:31:49.570,4.685,1000
2020-08-14 09:31:53.710,4.684,100
2020-08-14 09:31:53.740,4.684,1500
2020-08-14 09:31:55.410,4.684,36900
2020-08-14 09:31:55.410,4.684,800
2020-08-14 09:31:55.410,4.685,1100
2020-08-14 09:31:55.410,4.685,3700
2020-08-14 09:31:55.820,4.685,1600
2020-08-14 09:31:56.600,4.685,300
2020-08-14 09:31:58.250,4.685,2000
2020-08-14 09:31:59.690,4.686,800
2020-08-14 09:32:01.530,4.685,100
2020-08-14 09:32:01.530,4.685,200
2020-08-14 09:32:02.900,4.685,1800
2020-08-14 09:32:02.900,4.682,100
2020-08-14 09:32:02.900,4.682,200
2020-08-14 09:32:03.070,4.682,2900
2020-08-14 09:32:03.070,4.686,100
2020-08-14 09:32:04.050,4.684,100
2020-08-14 09:32:06.570,4.684,10000
2020-08-14 09:32:07.110,4.684,200
2020-08-14 09:32:09.080,4.684,500
2020-08-14 09:32:13.020,4.684,100
2020-08-14 09:32:13.650,4.682,200
2020-08-14 09:32:13.860,4.684,21000
2020-08-14 09:32:14.070,4.682,200
2020-08-14 09:32:14.070,4.682,4800
2020-08-14 09:32:19.130,4.683,100
2020-08-14 09:32:19.130,4.684,100
2020-08-14 09:32:21.060,4.684,200
2020-08-14 09:32:21.250,4.684,100
2020-08-14 09:32:22.180,4.684,10000
2020-08-14 09:32:22.710,4.684,100
2020-08-14 09:32:24.320,4.682,1200
2020-08-14 09:32:24.320,4.682,300
2020-08-14 09:32:24.320,4.682,900
2020-08-14 09:32:28.970,4.682,17600
2020-08-14 09:32:28.970,4.682,3000
2020-08-14 09:32:31.730,4.684,9900
2020-08-14 09:32:31.730,4.684,13200
2020-08-14 09:32:34.400,4.684,43300
2020-08-14 09:32:36.200,4.684,500
2020-08-14 09:32:36.200,4.684,10000
2020-08-14 09:32:36.200,4.684,21000
2020-08-14 09:32:36.620,4.685,1000
2020-08-14 09:32:36.620,4.685,1000
2020-08-14 09:32:36.620,4.685,8000
2020-08-14 09:32:38.780,4.684,3400
2020-08-14 09:32:39.730,4.684,10000
2020-08-14 09:32:41.270,4.684,5000
2020-08-14 09:32:43.900,4.684,2300
2020-08-14 09:32:44.110,4.684,1000
2020-08-14 09:32:46.330,4.684,3200
2020-08-14 09:32:46.880,4.685,2000
2020-08-14 09:32:46.880,4.685,600
2020-08-14 09:32:46.880,4.685,6400
2020-08-14 09:32:48.390,4.685,2000
2020-08-14 09:32:49.060,4.685,1000
2020-08-14 09:32:50.060,4.684,2000
2020-08-14 09:32:50.460,4.685,10000
2020-08-14 09:32:50.780,4.684,300
2020-08-14 09:32:50.930,4.685,1800
2020-08-14 09:32:50.960,4.685,11800
2020-08-14 09:32:50.960,4.685,20000
2020-08-14 09:32:50.960,4.685,10000
2020-08-14 09:32:50.960,4.685,1100
2020-08-14 09:32:51.120,4.685,1000
2020-08-14 09:32:55.070,4.685,7600
2020-08-14 09:32:56.670,4.685,100000
2020-08-14 09:32:57.140,4.686,2100
2020-08-14 09:32:57.310,4.685,1000
2020-08-14 09:32:58.280,4.685,300
2020-08-14 09:32:59.270,4.685,84000
2020-08-14 09:32:59.390,4.686,100
2020-08-14 09:33:02.040,4.686,9000
2020-08-14 09:33:02.070,4.685,4000
2020-08-14 09:33:02.870,4.685,100
2020-08-14 09:33:02.870,4.685,1300
2020-08-14 09:33:02.870,4.685,1600
2020-08-14 09:33:03.220,4.685,8400
2020-08-14 09:33:04.330,4.684,3500
2020-08-14 09:33:05.280,4.686,300
2020-08-14 09:33:05.840,4.686,100
2020-08-14 09:33:06.160,4.684,12700
2020-08-14 09:33:06.160,4.684,1700
2020-08-14 09:33:06.160,4.684,1000
2020-08-14 09:33:06.160,4.684,1100
2020-08-14 09:33:06.160,4.684,800
2020-08-14 09:33:06.160,4.684,100
2020-08-14 09:33:08.460,4.684,2600
2020-08-14 09:33:08.460,4.685,100
2020-08-14 09:33:09.250,4.685,21100
2020-08-14 09:33:09.250,4.685,18900
2020-08-14 09:33:09.570,4.685,200
2020-08-14 09:33:09.840,4.683,100
2020-08-14 09:33:13.390,4.685,100
2020-08-14 09:33:16.290,4.683,4700
2020-08-14 09:33:18.570,4.685,700
2020-08-14 09:33:19.440,4.685,1000
2020-08-14 09:33:22.730,4.684,1000
2020-08-14 09:33:22.940,4.685,19100
2020-08-14 09:33:22.940,4.685,200
2020-08-14 09:33:22.940,4.685,100
2020-08-14 09:33:23.470,4.685,14000
2020-08-14 09:33:24.580,4.685,5400
2020-08-14 09:33:24.580,4.684,1700
2020-08-14 09:33:24.580,4.683,400
2020-08-14 09:33:25.020,4.683,2000
2020-08-14 09:33:26.460,4.685,2500
2020-08-14 09:33:26.460,4.685,300
2020-08-14 09:33:26.610,4.685,1000
2020-08-14 09:33:26.760,4.685,400
2020-08-14 09:33:28.710,4.686,20000
2020-08-14 09:33:29.480,4.686,11500
2020-08-14 09:33:29.480,4.686,1500
2020-08-14 09:33:29.480,4.686,5000
2020-08-14 09:33:29.480,4.686,500
2020-08-14 09:33:29.480,4.686,1000
2020-08-14 09:33:29.480,4.686,5000
2020-08-14 09:33:29.480,4.686,5000
2020-08-14 09:33:29.480,4.686,20000
2020-08-14 09:33:29.480,4.687,2800
2020-08-14 09:33:29.480,4.687,5000
2020-08-14 09:33:29.480,4.687,1000
2020-08-14 09:33:29.480,4.687,10000
2020-08-14 09:33:29.480,4.687,5000
2020-08-14 09:33:29.480,4.687,11500
2020-08-14 09:33:29.480,4.687,3000
2020-08-14 09:33:29.480,4.687,300
2020-08-14 09:33:29.480,4.687,5000
2020-08-14 09:33:29.480,4.687,200
2020-08-14 09:33:29.480,4.687,8700
2020-08-14 09:33:29.480,4.687,26000
2020-08-14 09:33:29.480,4.687,18000
2020-08-14 09:33:29.480,4.687,31700
2020-08-14 09:33:29.480,4.687,9900
2020-08-14 09:33:29.480,4.687,112400
2020-08-14 09:33:30.700,4.687,1000
2020-08-14 09:33:30.700,4.687,3700
2020-08-14 09:33:30.700,4.687,20000
2020-08-14 09:33:30.700,4.687,64700
2020-08-14 09:33:30.700,4.687,7800
2020-08-14 09:33:30.700,4.687,2300
2020-08-14 09:33:30.700,4.687,43200
2020-08-14 09:33:30.700,4.687,2000
2020-08-14 09:33:30.700,4.687,50800
2020-08-14 09:33:30.700,4.687,12800
2020-08-14 09:33:30.700,4.687,18300
2020-08-14 09:33:30.700,4.687,15200
2020-08-14 09:33:30.700,4.687,30200
2020-08-14 09:33:30.700,4.687,4500
2020-08-14 09:33:30.700,4.687,7500
2020-08-14 09:33:30.700,4.687,16000
2020-08-14 09:33:32.130,4.685,1000
2020-08-14 09:33:32.180,4.687,2200
2020-08-14 09:33:32.180,4.687,200000
2020-08-14 09:33:32.180,4.687,200
2020-08-14 09:33:32.180,4.687,400
2020-08-14 09:33:32.180,4.687,20000
2020-08-14 09:33:32.180,4.687,20000
2020-08-14 09:33:32.180,4.687,18400
2020-08-14 09:33:33.470,4.687,1400
2020-08-14 09:33:34.470,4.687,13900
2020-08-14 09:33:37.020,4.688,55392
2020-08-14 09:33:37.020,4.688,400
2020-08-14 09:33:37.020,4.688,100
2020-08-14 09:33:37.020,4.688,1000
2020-08-14 09:33:37.020,4.688,200
2020-08-14 09:33:37.020,4.688,1000
2020-08-14 09:33:37.020,4.688,10000
2020-08-14 09:33:37.020,4.688,6300
2020-08-14 09:33:37.020,4.688,1000
2020-08-14 09:33:37.020,4.688,600
2020-08-14 09:33:37.020,4.688,7800
2020-08-14 09:33:37.020,4.688,2300
2020-08-14 09:33:37.020,4.688,30000
2020-08-14 09:33:37.020,4.688,11000
2020-08-14 09:33:37.020,4.688,1000
2020-08-14 09:33:37.020,4.688,2100
2020-08-14 09:33:37.020,4.688,700
2020-08-14 09:33:37.020,4.688,10000
2020-08-14 09:33:37.020,4.688,26000
2020-08-14 09:33:37.020,4.688,17900
2020-08-14 09:33:37.020,4.688,43300
2020-08-14 09:33:37.020,4.688,2200
2020-08-14 09:33:37.020,4.688,2000
2020-08-14 09:33:37.020,4.688,19900
2020-08-14 09:33:37.020,4.688,3600
2020-08-14 09:33:37.020,4.688,113700
2020-08-14 09:33:37.020,4.688,31700
2020-08-14 09:33:37.020,4.688,9900
2020-08-14 09:33:37.020,4.688,50800
2020-08-14 09:33:37.020,4.688,12800
2020-08-14 09:33:37.020,4.688,64800
2020-08-14 09:33:37.020,4.688,7700
2020-08-14 09:33:37.020,4.688,18200
2020-08-14 09:33:37.020,4.688,7400
2020-08-14 09:33:37.020,4.688,4500
2020-08-14 09:33:37.020,4.688,18100
2020-08-14 09:33:37.020,4.688,30300
2020-08-14 09:33:37.020,4.688,15200
2020-08-14 09:33:37.020,4.688,20000
2020-08-14 09:33:37.020,4.688,100
2020-08-14 09:33:37.020,4.688,2000
2020-08-14 09:33:37.020,4.688,500
2020-08-14 09:33:37.410,4.689,1000
2020-08-14 09:33:37.410,4.689,7500
2020-08-14 09:33:37.410,4.689,5000
2020-08-14 09:33:37.410,4.689,1000
2020-08-14 09:33:38.040,4.69,20000
2020-08-14 09:33:38.960,4.689,10000
2020-08-14 09:33:41.880,4.689,37000
2020-08-14 09:33:41.880,4.689,18000
2020-08-14 09:33:41.880,4.688,95100
2020-08-14 09:33:42.230,4.688,10000
2020-08-14 09:33:42.430,4.69,100
2020-08-14 09:33:42.680,4.69,3000
2020-08-14 09:33:43.100,4.69,500
2020-08-14 09:33:44.680,4.689,1000
2020-08-14 09:33:45.610,4.689,62900
2020-08-14 09:33:46.180,4.689,50400
2020-08-14 09:33:46.180,4.689,1000
2020-08-14 09:33:46.180,4.69,6400
2020-08-14 09:33:46.180,4.69,500
2020-08-14 09:33:46.180,4.69,600
2020-08-14 09:33:46.180,4.69,4000
2020-08-14 09:33:48.250,4.69,2100
2020-08-14 09:33:48.740,4.69,8900
2020-08-14 09:33:48.740,4.69,100
2020-08-14 09:33:48.740,4.69,10000
2020-08-14 09:33:48.740,4.69,30000
2020-08-14 09:33:48.740,4.69,300
2020-08-14 09:33:48.740,4.69,5000
2020-08-14 09:33:48.850,4.689,10000
2020-08-14 09:33:49.570,4.689,5900
2020-08-14 09:33:49.570,4.69,4600
2020-08-14 09:33:50.180,4.689,1000
2020-08-14 09:33:50.530,4.689,10000
2020-08-14 09:33:50.710,4.69,27200
2020-08-14 09:33:50.710,4.69,9900
2020-08-14 09:33:50.710,4.69,113700
2020-08-14 09:33:50.710,4.69,19900
2020-08-14 09:33:50.710,4.69,3600
2020-08-14 09:33:50.710,4.69,2000
2020-08-14 09:33:50.710,4.69,64800
2020-08-14 09:33:50.710,4.69,7700
2020-08-14 09:33:50.710,4.69,7400
2020-08-14 09:33:50.710,4.69,18100
2020-08-14 09:33:50.710,4.69,30300
2020-08-14 09:33:50.710,4.69,4500
2020-08-14 09:33:50.710,4.69,17900
2020-08-14 09:33:50.710,4.69,26000
2020-08-14 09:33:50.710,4.69,12800
2020-08-14 09:33:50.710,4.69,50800
2020-08-14 09:33:50.710,4.69,43200
2020-08-14 09:33:50.710,4.69,2200
2020-08-14 09:33:50.710,4.69,18200
2020-08-14 09:33:50.710,4.69,15200
2020-08-14 09:33:51.690,4.691,10000
2020-08-14 09:33:51.690,4.691,500
2020-08-14 09:33:52.420,4.69,3700
2020-08-14 09:33:52.620,4.692,10000
2020-08-14 09:33:52.620,4.692,46900
2020-08-14 09:33:54.970,4.692,200
2020-08-14 09:33:56.960,4.692,5000
2020-08-14 09:33:58.730,4.693,5000
2020-08-14 09:33:58.730,4.693,100
2020-08-14 09:33:58.730,4.693,4600
2020-08-14 09:33:58.730,4.693,1000
2020-08-14 09:33:58.730,4.693,600
2020-08-14 09:33:58.730,4.693,10000
2020-08-14 09:33:58.730,4.693,20000
2020-08-14 09:33:58.730,4.693,200
2020-08-14 09:33:58.730,4.693,700
2020-08-14 09:33:58.760,4.694,300
2020-08-14 09:33:58.760,4.694,100
2020-08-14 09:33:58.760,4.694,1000
2020-08-14 09:34:00.680,4.694,1000
2020-08-14 09:34:00.780,4.694,1000
2020-08-14 09:34:00.920,4.694,12500
2020-08-14 09:34:01.920,4.694,100
2020-08-14 09:34:01.920,4.693,3000
2020-08-14 09:34:02.920,4.693,1000
2020-08-14 09:34:04.380,4.695,100
2020-08-14 09:34:04.380,4.695,300
2020-08-14 09:34:04.380,4.695,1900
2020-08-14 09:34:04.380,4.695,500
2020-08-14 09:34:04.380,4.695,2500
2020-08-14 09:34:04.380,4.695,5000
2020-08-14 09:34:04.380,4.695,36500
2020-08-14 09:34:04.380,4.695,30300
2020-08-14 09:34:04.380,4.695,8900
2020-08-14 09:34:04.380,4.695,36300
2020-08-14 09:34:04.380,4.695,9300
2020-08-14 09:34:04.610,4.695,2200
2020-08-14 09:34:04.890,4.693,40000
2020-08-14 09:34:06.230,4.692,14400
2020-08-14 09:34:10.840,4.692,100
2020-08-14 09:34:11.000,4.692,1100
2020-08-14 09:34:13.640,4.692,100
2020-08-14 09:34:13.950,4.692,5000
2020-08-14 09:34:16.270,4.692,7900
2020-08-14 09:34:16.300,4.691,2000
2020-08-14 09:34:16.500,4.69,1300
2020-08-14 09:34:16.500,4.69,2000
2020-08-14 09:34:18.080,4.689,3000
2020-08-14 09:34:19.380,4.69,26700
2020-08-14 09:34:19.740,4.691,1000
2020-08-14 09:34:20.740,4.691,17000
2020-08-14 09:34:20.740,4.691,100
2020-08-14 09:34:23.980,4.691,500
2020-08-14 09:34:31.090,4.692,11400
2020-08-14 09:34:31.090,4.692,20000
2020-08-14 09:34:31.090,4.693,10000
2020-08-14 09:34:31.090,4.693,800
2020-08-14 09:34:31.090,4.693,39700
2020-08-14 09:34:31.090,4.693,2000
2020-08-14 09:34:31.090,4.693,11400
2020-08-14 09:34:31.090,4.693,1000
2020-08-14 09:34:31.920,4.693,2500
2020-08-14 09:34:33.090,4.694,500
2020-08-14 09:34:33.350,4.693,800
2020-08-14 09:34:34.010,4.694,8800
2020-08-14 09:34:37.310,4.694,500
2020-08-14 09:34:37.560,4.693,400
2020-08-14 09:34:37.560,4.693,4100
2020-08-14 09:34:37.560,4.692,5500
2020-08-14 09:34:40.530,4.692,2100
2020-08-14 09:34:40.530,4.691,100
2020-08-14 09:34:40.530,4.691,100
2020-08-14 09:34:40.760,4.691,800
2020-08-14 09:34:40.760,4.691,200
2020-08-14 09:34:43.280,4.693,1100
2020-08-14 09:34:43.280,4.693,300
2020-08-14 09:34:44.480,4.693,300
2020-08-14 09:34:46.270,4.691,300
2020-08-14 09:34:46.270,4.691,2200
2020-08-14 09:34:48.010,4.692,2000
2020-08-14 09:34:49.240,4.693,9400
2020-08-14 09:34:49.240,4.693,1900
2020-08-14 09:34:49.540,4.693,3800
2020-08-14 09:34:49.950,4.693,100
2020-08-14 09:34:50.360,4.693,20000
2020-08-14 09:34:51.240,4.693,4100
2020-08-14 09:34:51.240,4.693,2100
2020-08-14 09:34:51.240,4.692,50800
2020-08-14 09:34:52.380,4.694,300
2020-08-14 09:34:55.180,4.693,100
2020-08-14 09:34:56.080,4.693,900
2020-08-14 09:34:56.080,4.693,1400
2020-08-14 09:34:56.320,4.693,500
2020-08-14 09:34:58.240,4.693,1000
2020-08-14 09:34:58.330,4.692,2200
2020-08-14 09:34:59.010,4.693,100
2020-08-14 09:34:59.580,4.693,1000
2020-08-14 09:35:01.490,4.693,300
2020-08-14 09:35:02.190,4.692,11000
2020-08-14 09:35:03.800,4.692,9300
2020-08-14 09:35:05.260,4.693,700
2020-08-14 09:35:05.260,4.693,2500
2020-08-14 09:35:05.260,4.693,5000
2020-08-14 09:35:05.260,4.693,5000
2020-08-14 09:35:05.260,4.694,5900
2020-08-14 09:35:05.260,4.694,5200
2020-08-14 09:35:05.260,4.694,6500
2020-08-14 09:35:05.260,4.694,800
2020-08-14 09:35:05.260,4.694,1500
2020-08-14 09:35:05.260,4.694,1800
2020-08-14 09:35:05.260,4.694,3000
2020-08-14 09:35:05.260,4.694,700
2020-08-14 09:35:05.260,4.694,400
2020-08-14 09:35:05.260,4.694,2600
2020-08-14 09:35:05.260,4.694,1800
2020-08-14 09:35:05.260,4.694,8200
2020-08-14 09:35:06.320,4.692,100
2020-08-14 09:35:09.420,4.694,3200
2020-08-14 09:35:09.420,4.694,3200
2020-08-14 09:35:09.420,4.694,400
2020-08-14 09:35:09.420,4.694,2000
2020-08-14 09:35:09.420,4.694,1000
2020-08-14 09:35:09.420,4.694,200
2020-08-14 09:35:09.420,4.694,4300
2020-08-14 09:35:09.420,4.694,200
2020-08-14 09:35:09.420,4.694,1300
2020-08-14 09:35:09.420,4.694,5100
2020-08-14 09:35:09.420,4.694,1800
2020-08-14 09:35:09.420,4.694,2000
2020-08-14 09:35:09.420,4.694,5300
2020-08-14 09:35:10.420,4.694,30000
2020-08-14 09:35:10.420,4.694,3200
2020-08-14 09:35:10.420,4.694,3000
2020-08-14 09:35:10.420,4.694,10000
2020-08-14 09:35:10.420,4.694,6000
2020-08-14 09:35:10.420,4.694,2000
2020-08-14 09:35:10.420,4.694,5000
2020-08-14 09:35:10.420,4.694,800
2020-08-14 09:35:11.280,4.694,2200
2020-08-14 09:35:11.280,4.694,900
2020-08-14 09:35:11.280,4.694,3600
2020-08-14 09:35:11.280,4.694,6000
2020-08-14 09:35:11.280,4.694,1500
2020-08-14 09:35:11.280,4.694,3600
2020-08-14 09:35:11.280,4.694,5200
2020-08-14 09:35:11.280,4.694,400
2020-08-14 09:35:11.280,4.694,6600
2020-08-14 09:35:11.280,4.694,3600
2020-08-14 09:35:11.280,4.694,2500
2020-08-14 09:35:11.280,4.694,1500
2020-08-14 09:35:11.280,4.694,12900
2020-08-14 09:35:11.280,4.694,6400
2020-08-14 09:35:11.280,4.694,700
2020-08-14 09:35:11.280,4.694,2400
2020-08-14 09:35:11.850,4.694,20300
2020-08-14 09:35:11.850,4.694,4000
2020-08-14 09:35:11.850,4.694,2000
2020-08-14 09:35:11.850,4.694,400
2020-08-14 09:35:11.850,4.694,3300
2020-08-14 09:35:11.850,4.694,5400
2020-08-14 09:35:11.850,4.694,3700
2020-08-14 09:35:11.850,4.695,3300
2020-08-14 09:35:11.850,4.695,17600
2020-08-14 09:35:12.820,4.695,30000
2020-08-14 09:35:12.880,4.695,12900
2020-08-14 09:35:12.880,4.695,17100
2020-08-14 09:35:12.990,4.694,1000
2020-08-14 09:35:13.380,4.695,18700
2020-08-14 09:35:13.380,4.695,11300
2020-08-14 09:35:14.230,4.695,30000
2020-08-14 09:35:14.290,4.695,10600
2020-08-14 09:35:14.290,4.695,19400
2020-08-14 09:35:14.720,4.695,30000
2020-08-14 09:35:15.350,4.695,14200
2020-08-14 09:35:15.350,4.695,15800
2020-08-14 09:35:15.400,4.695,30000
2020-08-14 09:35:15.840,4.695,181500
2020-08-14 09:35:15.840,4.695,7300
2020-08-14 09:35:15.840,4.695,19900
2020-08-14 09:35:15.840,4.695,39900
2020-08-14 09:35:15.840,4.695,129500
2020-08-14 09:35:15.840,4.695,15500
2020-08-14 09:35:15.840,4.695,4400
2020-08-14 09:35:15.840,4.695,86500
2020-08-14 09:35:15.840,4.695,4000
2020-08-14 09:35:15.840,4.695,25600
2020-08-14 09:35:15.840,4.695,101600
2020-08-14 09:35:15.840,4.695,200
2020-08-14 09:35:15.840,4.695,1000
2020-08-14 09:35:15.840,4.695,5000
2020-08-14 09:35:15.840,4.695,4500
2020-08-14 09:35:15.840,4.695,55200
2020-08-14 09:35:15.840,4.695,500
2020-08-14 09:35:15.840,4.695,60000
2020-08-14 09:35:15.840,4.695,100
2020-08-14 09:35:16.080,4.695,6600
2020-08-14 09:35:16.280,4.696,700
2020-08-14 09:35:16.280,4.696,3700
2020-08-14 09:35:16.280,4.696,500
2020-08-14 09:35:18.650,4.697,200
2020-08-14 09:35:18.800,4.697,200
2020-08-14 09:35:23.640,4.695,78800
2020-08-14 09:35:23.640,4.695,4000
2020-08-14 09:35:23.670,4.695,3600
2020-08-14 09:35:23.670,4.695,36400
2020-08-14 09:35:23.670,4.695,28400
2020-08-14 09:35:23.670,4.695,12000
2020-08-14 09:35:23.670,4.695,1500
2020-08-14 09:35:23.670,4.695,200
2020-08-14 09:35:23.670,4.695,5200
2020-08-14 09:35:24.360,4.694,1000
2020-08-14 09:35:24.360,4.694,50000
2020-08-14 09:35:24.360,4.694,1000
2020-08-14 09:35:24.360,4.694,2000
2020-08-14 09:35:25.380,4.695,10000
2020-08-14 09:35:25.550,4.693,100
2020-08-14 09:35:27.070,4.695,1000
2020-08-14 09:35:28.800,4.693,9900
2020-08-14 09:35:29.380,4.695,300
2020-08-14 09:35:30.610,4.693,200
2020-08-14 09:35:31.030,4.695,2100
2020-08-14 09:35:31.170,4.695,500
2020-08-14 09:35:32.430,4.693,100
2020-08-14 09:35:32.450,4.693,4000
2020-08-14 09:35:35.270,4.694,2500
2020-08-14 09:35:36.050,4.693,100
2020-08-14 09:35:36.700,4.693,3000
2020-08-14 09:35:37.530,4.695,12000
2020-08-14 09:35:38.080,4.695,133900
2020-08-14 09:35:38.080,4.695,36100
2020-08-14 09:35:38.710,4.694,20000
2020-08-14 09:35:40.330,4.694,10600
2020-08-14 09:35:41.420,4.694,200
2020-08-14 09:35:41.420,4.693,3800
2020-08-14 09:35:42.030,4.693,2000
2020-08-14 09:35:45.130,4.694,48300
2020-08-14 09:35:46.980,4.693,5000
2020-08-14 09:35:47.840,4.694,1200
2020-08-14 09:35:47.960,4.694,10900
2020-08-14 09:35:47.960,4.694,22100
2020-08-14 09:35:47.960,4.694,100
2020-08-14 09:35:52.390,4.694,7800
2020-08-14 09:35:53.240,4.694,5000
2020-08-14 09:35:53.450,4.695,500
2020-08-14 09:35:53.650,4.695,2000
2020-08-14 09:35:54.070,4.695,19300
2020-08-14 09:35:54.070,4.695,6600
2020-08-14 09:35:54.070,4.695,18200
2020-08-14 09:35:54.070,4.695,14100
2020-08-14 09:35:54.070,4.695,118000
2020-08-14 09:35:54.070,4.695,33200
2020-08-14 09:35:54.070,4.695,27700
2020-08-14 09:35:54.070,4.695,55200
2020-08-14 09:35:54.070,4.695,33000
2020-08-14 09:35:54.070,4.695,8100
2020-08-14 09:35:54.070,4.695,13500
2020-08-14 09:35:54.070,4.695,47400
2020-08-14 09:35:54.070,4.695,32700
2020-08-14 09:35:54.070,4.695,92600
2020-08-14 09:35:54.070,4.695,23300
2020-08-14 09:35:54.070,4.695,1500
2020-08-14 09:35:54.070,4.695,100000
2020-08-14 09:35:54.070,4.695,5000
2020-08-14 09:35:54.070,4.695,30000
2020-08-14 09:35:54.070,4.695,500
2020-08-14 09:35:54.070,4.695,100
2020-08-14 09:35:54.070,4.695,5000
2020-08-14 09:35:54.070,4.695,1900
2020-08-14 09:35:54.070,4.695,1000
2020-08-14 09:35:54.070,4.695,100
2020-08-14 09:35:55.540,4.695,3000
2020-08-14 09:35:55.700,4.695,100
2020-08-14 09:35:55.700,4.695,11700
2020-08-14 09:35:56.170,4.695,10000
2020-08-14 09:35:57.050,4.695,1000
2020-08-14 09:35:57.430,4.695,300
2020-08-14 09:35:57.700,4.695,4000
2020-08-14 09:36:00.710,4.695,200
2020-08-14 09:36:00.890,4.695,3000
2020-08-14 09:36:04.130,4.696,1000
2020-08-14 09:36:04.130,4.696,200
2020-08-14 09:36:04.130,4.696,5000
2020-08-14 09:36:04.130,4.696,50000
2020-08-14 09:36:05.320,4.696,5900
2020-08-14 09:36:06.090,4.697,3900
2020-08-14 09:36:06.990,4.696,1500
2020-08-14 09:36:07.360,4.697,10700
2020-08-14 09:36:07.360,4.697,10000
2020-08-14 09:36:07.360,4.697,200
2020-08-14 09:36:07.360,4.697,1000
2020-08-14 09:36:07.360,4.697,6000
2020-08-14 09:36:07.360,4.697,4500
2020-08-14 09:36:07.360,4.697,8000
2020-08-14 09:36:07.360,4.697,20000
2020-08-14 09:36:07.360,4.697,25000
2020-08-14 09:36:08.060,4.697,4000
2020-08-14 09:36:08.500,4.697,1400
2020-08-14 09:36:11.800,4.698,10000
2020-08-14 09:36:11.800,4.698,2200
2020-08-14 09:36:11.800,4.698,4000
2020-08-14 09:36:11.800,4.698,5000
2020-08-14 09:36:11.800,4.698,1000
2020-08-14 09:36:11.800,4.698,1000
2020-08-14 09:36:11.800,4.698,3600
2020-08-14 09:36:11.800,4.698,25000
2020-08-14 09:36:11.800,4.698,25000
2020-08-14 09:36:11.800,4.698,5000
2020-08-14 09:36:11.800,4.698,1000
2020-08-14 09:36:11.800,4.698,30000
2020-08-14 09:36:11.800,4.698,2900
2020-08-14 09:36:13.720,4.698,100
2020-08-14 09:36:13.800,4.699,1000
2020-08-14 09:36:13.800,4.699,2000
2020-08-14 09:36:13.800,4.699,100
2020-08-14 09:36:13.800,4.699,600
2020-08-14 09:36:13.800,4.699,5000
2020-08-14 09:36:13.800,4.699,1000
2020-08-14 09:36:13.800,4.699,9900
2020-08-14 09:36:13.800,4.699,20400
2020-08-14 09:36:14.620,4.699,9600
2020-08-14 09:36:14.620,4.699,1000
2020-08-14 09:36:14.620,4.699,100
2020-08-14 09:36:14.620,4.699,2000
2020-08-14 09:36:14.620,4.699,11000
2020-08-14 09:36:14.620,4.699,5800
2020-08-14 09:36:14.620,4.699,1000
2020-08-14 09:36:16.170,4.7,2300
2020-08-14 09:36:16.670,4.7,7700
2020-08-14 09:36:16.670,4.7,500
2020-08-14 09:36:16.670,4.7,2800
2020-08-14 09:36:16.670,4.7,2000
2020-08-14 09:36:16.670,4.7,1000
2020-08-14 09:36:16.670,4.7,200
2020-08-14 09:36:16.670,4.7,200
2020-08-14 09:36:16.670,4.7,20000
2020-08-14 09:36:16.670,4.7,5000
2020-08-14 09:36:16.670,4.7,10000
2020-08-14 09:36:16.670,4.7,5000
2020-08-14 09:36:16.670,4.7,800
2020-08-14 09:36:16.670,4.7,6300
2020-08-14 09:36:16.670,4.7,1000
2020-08-14 09:36:16.670,4.7,5000
2020-08-14 09:36:16.670,4.7,200
2020-08-14 09:36:16.670,4.7,2000
2020-08-14 09:36:16.670,4.7,7600
2020-08-14 09:36:16.670,4.7,300
2020-08-14 09:36:16.670,4.7,500
2020-08-14 09:36:16.670,4.7,200
2020-08-14 09:36:16.670,4.7,1000
2020-08-14 09:36:16.670,4.7,100
2020-08-14 09:36:16.670,4.7,1000
2020-08-14 09:36:16.670,4.7,200
2020-08-14 09:36:16.670,4.7,3000
2020-08-14 09:36:16.670,4.7,15000
2020-08-14 09:36:16.670,4.7,69000
2020-08-14 09:36:16.670,4.7,5800
2020-08-14 09:36:16.670,4.7,2500
2020-08-14 09:36:16.670,4.7,5800
2020-08-14 09:36:16.670,4.7,100
2020-08-14 09:36:16.670,4.7,3300
2020-08-14 09:36:16.670,4.7,200
2020-08-14 09:36:16.670,4.7,200
2020-08-14 09:36:17.410,4.7,200
2020-08-14 09:36:17.620,4.7,10000
2020-08-14 09:36:17.720,4.7,5000
2020-08-14 09:36:18.390,4.7,700
2020-08-14 09:36:19.330,4.701,2500
2020-08-14 09:36:19.330,4.701,2000
2020-08-14 09:36:19.330,4.701,500
2020-08-14 09:36:19.850,4.7,10000
2020-08-14 09:36:20.480,4.7,8000
2020-08-14 09:36:22.560,4.7,100
2020-08-14 09:36:22.850,4.701,1400
2020-08-14 09:36:23.220,4.701,100
2020-08-14 09:36:24.780,4.701,2900
2020-08-14 09:36:25.270,4.701,500
2020-08-14 09:36:25.500,4.701,33000
2020-08-14 09:36:25.520,4.701,2900
2020-08-14 09:36:26.440,4.701,200
2020-08-14 09:36:27.070,4.701,1500
2020-08-14 09:36:27.350,4.701,1000
2020-08-14 09:36:29.740,4.701,400
2020-08-14 09:36:29.770,4.702,1200
2020-08-14 09:36:29.770,4.702,600
2020-08-14 09:36:29.770,4.702,400
2020-08-14 09:36:29.770,4.702,7800
2020-08-14 09:36:30.090,4.701,1600
2020-08-14 09:36:30.090,4.701,3700
2020-08-14 09:36:32.520,4.701,300
2020-08-14 09:36:32.700,4.701,1000
2020-08-14 09:36:33.210,4.702,1100
2020-08-14 09:36:34.440,4.702,1100
2020-08-14 09:36:34.440,4.702,100
2020-08-14 09:36:34.820,4.702,4900
2020-08-14 09:36:34.820,4.702,5100
2020-08-14 09:36:35.500,4.701,100
2020-08-14 09:36:37.780,4.702,1000
2020-08-14 09:36:39.090,4.702,300
2020-08-14 09:36:39.090,4.702,2700
2020-08-14 09:36:41.200,4.701,1000
2020-08-14 09:36:41.290,4.702,2300
2020-08-14 09:36:41.290,4.702,1000
2020-08-14 09:36:41.710,4.702,9000
2020-08-14 09:36:41.710,4.702,1000
2020-08-14 09:36:41.710,4.702,400
2020-08-14 09:36:41.710,4.702,1000
2020-08-14 09:36:41.710,4.702,10000
2020-08-14 09:36:42.880,4.702,200
2020-08-14 09:36:42.900,4.702,300
2020-08-14 09:36:44.630,4.702,10300
2020-08-14 09:36:44.630,4.702,183700
2020-08-14 09:36:44.630,4.702,100
2020-08-14 09:36:44.630,4.702,400
2020-08-14 09:36:44.750,4.701,3200
2020-08-14 09:36:45.340,4.701,700
2020-08-14 09:36:45.340,4.701,2300
2020-08-14 09:36:46.010,4.701,9000
2020-08-14 09:36:46.010,4.701,1000
2020-08-14 09:36:48.950,4.702,6900
2020-08-14 09:36:49.200,4.702,200
2020-08-14 09:36:50.940,4.702,100
2020-08-14 09:36:51.420,4.701,28300
2020-08-14 09:36:51.900,4.702,800
2020-08-14 09:36:51.900,4.702,5000
2020-08-14 09:36:54.210,4.702,100
2020-08-14 09:36:55.150,4.702,3000
2020-08-14 09:36:56.590,4.702,10000
2020-08-14 09:36:57.070,4.702,14100
2020-08-14 09:36:57.070,4.702,1000
2020-08-14 09:36:57.070,4.702,200
2020-08-14 09:36:57.070,4.702,4200
2020-08-14 09:36:57.380,4.702,500
2020-08-14 09:36:57.810,4.703,2200
2020-08-14 09:36:57.810,4.703,9200
2020-08-14 09:36:58.010,4.702,500
2020-08-14 09:36:58.230,4.702,300
2020-08-14 09:36:59.240,4.702,700
2020-08-14 09:36:59.240,4.702,200
2020-08-14 09:36:59.420,4.702,600
2020-08-14 09:36:59.820,4.702,1000
2020-08-14 09:37:00.460,4.702,800
2020-08-14 09:37:04.560,4.702,100
2020-08-14 09:37:05.350,4.701,6000
2020-08-14 09:37:05.350,4.701,1800
2020-08-14 09:37:05.350,4.701,25200
2020-08-14 09:37:05.690,4.702,3000
2020-08-14 09:37:06.790,4.702,600
2020-08-14 09:37:07.000,4.701,1000
2020-08-14 09:37:10.650,4.701,1000
2020-08-14 09:37:12.190,4.702,43000
2020-08-14 09:37:12.190,4.702,4000
2020-08-14 09:37:12.190,4.702,5000
2020-08-14 09:37:12.190,4.702,10000
2020-08-14 09:37:12.190,4.702,6000
2020-08-14 09:37:12.190,4.702,4100
2020-08-14 09:37:12.190,4.702,20000
2020-08-14 09:37:12.190,4.702,1000
2020-08-14 09:37:12.190,4.702,1000
2020-08-14 09:37:12.190,4.702,1000
2020-08-14 09:37:12.190,4.702,100
2020-08-14 09:37:12.190,4.702,200
2020-08-14 09:37:12.190,4.703,800
2020-08-14 09:37:12.190,4.703,1200
2020-08-14 09:37:12.190,4.703,5000
2020-08-14 09:37:12.190,4.703,28900
2020-08-14 09:37:12.190,4.703,33800
2020-08-14 09:37:12.190,4.703,1000
2020-08-14 09:37:12.190,4.703,20000
2020-08-14 09:37:12.190,4.703,10000
2020-08-14 09:37:12.190,4.703,31000
2020-08-14 09:37:12.190,4.703,1000
2020-08-14 09:37:13.100,4.703,200
2020-08-14 09:37:13.150,4.703,4000
2020-08-14 09:37:13.340,4.703,5000
2020-08-14 09:37:15.570,4.703,30000
2020-08-14 09:37:15.630,4.703,10000
2020-08-14 09:37:16.100,4.703,5500
2020-08-14 09:37:16.220,4.703,10000
2020-08-14 09:37:16.270,4.703,4800
2020-08-14 09:37:16.270,4.702,200
2020-08-14 09:37:16.270,4.702,15000
2020-08-14 09:37:17.760,4.702,2900
2020-08-14 09:37:19.060,4.702,4400
2020-08-14 09:37:20.080,4.702,5000
2020-08-14 09:37:20.870,4.702,30000
2020-08-14 09:37:21.010,4.702,100
2020-08-14 09:37:22.290,4.702,100
2020-08-14 09:37:24.640,4.702,7800
2020-08-14 09:37:24.840,4.702,37100
2020-08-14 09:37:26.040,4.702,3000
2020-08-14 09:37:26.040,4.702,1100
2020-08-14 09:37:28.480,4.703,5000
2020-08-14 09:37:28.480,4.703,5000
2020-08-14 09:37:30.670,4.702,20000
2020-08-14 09:37:32.020,4.703,100
2020-08-14 09:37:32.600,4.703,5400
2020-08-14 09:37:32.600,4.703,20000
2020-08-14 09:37:32.600,4.703,500
2020-08-14 09:37:32.600,4.703,5000
2020-08-14 09:37:32.600,4.703,69100
2020-08-14 09:37:32.600,4.704,100
2020-08-14 09:37:32.600,4.704,3000
2020-08-14 09:37:32.600,4.704,1000
2020-08-14 09:37:32.600,4.704,5000
2020-08-14 09:37:32.600,4.704,1000
2020-08-14 09:37:32.600,4.704,200
2020-08-14 09:37:32.600,4.704,10000
2020-08-14 09:37:32.600,4.704,2000
2020-08-14 09:37:32.600,4.704,23000
2020-08-14 09:37:32.600,4.704,4600
2020-08-14 09:37:32.600,4.704,200
2020-08-14 09:37:33.080,4.702,20000
2020-08-14 09:37:34.560,4.702,300
2020-08-14 09:37:35.950,4.703,600
2020-08-14 09:37:36.450,4.703,69400
2020-08-14 09:37:36.450,4.703,2200
2020-08-14 09:37:36.450,4.703,3600
2020-08-14 09:37:37.780,4.703,200
2020-08-14 09:37:38.040,4.703,10000
2020-08-14 09:37:38.040,4.703,200
2020-08-14 09:37:38.240,4.703,100
2020-08-14 09:37:40.120,4.702,1000
2020-08-14 09:37:40.360,4.702,3000
2020-08-14 09:37:44.010,4.704,3000
2020-08-14 09:37:45.200,4.703,800
2020-08-14 09:37:45.200,4.703,1000
2020-08-14 09:37:45.200,4.703,300
2020-08-14 09:37:45.200,4.703,300
2020-08-14 09:37:47.940,4.704,200
2020-08-14 09:37:48.650,4.703,900
2020-08-14 09:37:51.870,4.704,16800
2020-08-14 09:37:51.870,4.704,100
2020-08-14 09:37:51.870,4.704,200
2020-08-14 09:37:51.870,4.704,4500
2020-08-14 09:37:51.870,4.704,200
2020-08-14 09:37:51.870,4.704,12000
2020-08-14 09:37:51.870,4.704,8800
2020-08-14 09:37:51.870,4.703,1300
2020-08-14 09:37:51.870,4.703,300
2020-08-14 09:37:51.870,4.703,1000
2020-08-14 09:37:51.870,4.703,800
2020-08-14 09:37:51.870,4.702,11600
2020-08-14 09:37:53.260,4.703,3000
2020-08-14 09:37:54.230,4.703,5000
2020-08-14 09:37:54.900,4.703,100
2020-08-14 09:37:55.690,4.703,6000
2020-08-14 09:37:55.710,4.704,21200
2020-08-14 09:37:55.710,4.704,1000
2020-08-14 09:37:55.710,4.704,20000
2020-08-14 09:37:55.710,4.704,200
2020-08-14 09:37:55.710,4.704,500
2020-08-14 09:37:55.710,4.704,5000
2020-08-14 09:37:55.710,4.704,300
2020-08-14 09:37:55.710,4.705,3000
2020-08-14 09:37:55.710,4.705,25000
2020-08-14 09:37:55.710,4.705,10000
2020-08-14 09:37:55.710,4.705,100
2020-08-14 09:37:55.710,4.705,200
2020-08-14 09:37:55.710,4.705,600
2020-08-14 09:37:55.710,4.705,200
2020-08-14 09:37:55.710,4.705,5000
2020-08-14 09:37:55.710,4.705,500
2020-08-14 09:37:55.710,4.705,2500
2020-08-14 09:37:55.710,4.705,100
2020-08-14 09:37:55.710,4.705,30000
2020-08-14 09:37:55.710,4.705,1000
2020-08-14 09:37:55.710,4.705,1000
2020-08-14 09:37:55.710,4.705,43100
2020-08-14 09:37:55.710,4.705,31100
2020-08-14 09:37:55.710,4.705,41100
2020-08-14 09:37:55.710,4.705,5000
2020-08-14 09:37:55.710,4.705,11000
2020-08-14 09:37:55.710,4.705,500
2020-08-14 09:37:55.710,4.705,10000
2020-08-14 09:37:55.710,4.705,6000
2020-08-14 09:37:55.710,4.706,400
2020-08-14 09:37:55.710,4.706,36800
2020-08-14 09:37:55.710,4.706,500
2020-08-14 09:37:55.710,4.706,3300
2020-08-14 09:37:55.710,4.706,200
2020-08-14 09:37:55.710,4.706,5000
2020-08-14 09:37:55.710,4.707,20000
2020-08-14 09:37:55.710,4.707,200
2020-08-14 09:37:55.710,4.707,31300
2020-08-14 09:37:55.710,4.707,26000
2020-08-14 09:37:55.710,4.707,800
2020-08-14 09:37:55.710,4.707,38000
2020-08-14 09:37:55.710,4.707,2300
2020-08-14 09:37:56.160,4.703,5000
2020-08-14 09:37:56.210,4.703,900
2020-08-14 09:37:56.940,4.703,8000
2020-08-14 09:37:57.060,4.706,2500
2020-08-14 09:37:57.140,4.704,200
2020-08-14 09:37:57.140,4.703,2000
2020-08-14 09:37:57.140,4.703,800
2020-08-14 09:37:57.570,4.703,1000
2020-08-14 09:38:01.320,4.703,1000
2020-08-14 09:38:01.750,4.704,4000
2020-08-14 09:38:03.690,4.706,100
2020-08-14 09:38:04.420,4.704,1000
2020-08-14 09:38:04.920,4.704,1000
2020-08-14 09:38:06.890,4.704,2800
2020-08-14 09:38:06.890,4.704,200
2020-08-14 09:38:07.920,4.704,1000
2020-08-14 09:38:08.380,4.704,800
2020-08-14 09:38:08.380,4.704,2000
2020-08-14 09:38:08.380,4.704,8200
2020-08-14 09:38:08.380,4.704,500
2020-08-14 09:38:08.380,4.704,100
2020-08-14 09:38:08.380,4.703,89200
2020-08-14 09:38:13.730,4.704,3000
2020-08-14 09:38:15.560,4.704,3000
2020-08-14 09:38:15.800,4.705,500
2020-08-14 09:38:15.800,4.705,2500
2020-08-14 09:38:15.930,4.704,1000
2020-08-14 09:38:16.020,4.704,2500
2020-08-14 09:38:16.020,4.705,2500
2020-08-14 09:38:16.020,4.705,300
2020-08-14 09:38:16.020,4.705,5000
2020-08-14 09:38:16.020,4.705,2200
2020-08-14 09:38:16.130,4.704,500
2020-08-14 09:38:17.410,4.704,100
2020-08-14 09:38:17.550,4.704,4000
2020-08-14 09:38:17.820,4.704,100
2020-08-14 09:38:17.940,4.704,800
2020-08-14 09:38:18.110,4.704,6000
2020-08-14 09:38:18.770,4.704,4500
2020-08-14 09:38:18.770,4.704,5500
2020-08-14 09:38:18.980,4.705,1500
2020-08-14 09:38:18.980,4.705,200
2020-08-14 09:38:18.980,4.705,500
2020-08-14 09:38:19.340,4.705,1500
2020-08-14 09:38:20.760,4.705,300
2020-08-14 09:38:21.710,4.705,1000
2020-08-14 09:38:21.880,4.705,300
2020-08-14 09:38:22.340,4.705,1700
2020-08-14 09:38:22.700,4.705,100
2020-08-14 09:38:23.280,4.705,5000
2020-08-14 09:38:25.760,4.706,1000
2020-08-14 09:38:26.490,4.705,2900
2020-08-14 09:38:26.490,4.705,7100
2020-08-14 09:38:26.810,4.705,2000
2020-08-14 09:38:26.810,4.705,7000
2020-08-14 09:38:27.110,4.705,100
2020-08-14 09:38:28.310,4.706,6400
2020-08-14 09:38:28.310,4.706,300
2020-08-14 09:38:28.310,4.706,3300
2020-08-14 09:38:29.950,4.705,1000
2020-08-14 09:38:30.680,4.705,1000
2020-08-14 09:38:31.810,4.706,900
2020-08-14 09:38:31.890,4.705,900
2020-08-14 09:38:33.100,4.706,2000
2020-08-14 09:38:33.100,4.705,900
2020-08-14 09:38:33.100,4.705,2600
2020-08-14 09:38:34.490,4.705,700
2020-08-14 09:38:34.490,4.705,100
2020-08-14 09:38:34.490,4.705,118600
2020-08-14 09:38:34.490,4.705,10000
2020-08-14 09:38:34.490,4.705,2000
2020-08-14 09:38:36.290,4.705,200
2020-08-14 09:38:37.250,4.705,2000
2020-08-14 09:38:38.160,4.704,600
2020-08-14 09:38:38.160,4.704,4400
2020-08-14 09:38:40.900,4.704,30000
2020-08-14 09:38:41.750,4.704,800
2020-08-14 09:38:42.900,4.704,1800
2020-08-14 09:38:43.120,4.704,800
2020-08-14 09:38:43.520,4.704,6300
2020-08-14 09:38:44.020,4.705,116400
2020-08-14 09:38:44.020,4.705,10000
2020-08-14 09:38:44.020,4.705,500
2020-08-14 09:38:44.020,4.705,13000
2020-08-14 09:38:44.020,4.705,22800
2020-08-14 09:38:44.020,4.705,100
2020-08-14 09:38:44.020,4.705,5000
2020-08-14 09:38:44.540,4.705,5000
2020-08-14 09:38:44.990,4.704,2000
2020-08-14 09:38:45.130,4.705,8600
2020-08-14 09:38:45.480,4.705,2000
2020-08-14 09:38:46.070,4.705,26200
2020-08-14 09:38:46.330,4.705,3000
2020-08-14 09:38:47.160,4.705,2000
2020-08-14 09:38:49.140,4.705,100
2020-08-14 09:38:49.570,4.705,10000
2020-08-14 09:38:49.810,4.705,200
2020-08-14 09:38:51.030,4.705,10000
2020-08-14 09:38:51.450,4.705,5700
2020-08-14 09:38:52.410,4.705,10000
2020-08-14 09:38:52.970,4.705,10000
2020-08-14 09:38:53.130,4.706,4300
2020-08-14 09:38:53.660,4.705,1000
2020-08-14 09:38:53.750,4.705,2000
2020-08-14 09:38:54.290,4.705,300
2020-08-14 09:38:54.440,4.705,5000
2020-08-14 09:38:54.730,4.705,4000
2020-08-14 09:38:55.780,4.705,5000
2020-08-14 09:38:55.860,4.705,189400
2020-08-14 09:38:55.860,4.705,10000
2020-08-14 09:38:55.860,4.705,100
2020-08-14 09:38:55.860,4.705,50000
2020-08-14 09:38:55.860,4.705,2000
2020-08-14 09:38:58.000,4.705,1000
2020-08-14 09:38:59.840,4.705,200
2020-08-14 09:39:00.650,4.705,100
2020-08-14 09:39:01.520,4.705,4900
2020-08-14 09:39:02.440,4.705,44000
2020-08-14 09:39:02.660,4.704,2500
2020-08-14 09:39:03.380,4.704,6000
2020-08-14 09:39:03.570,4.705,5900
2020-08-14 09:39:03.800,4.704,100
2020-08-14 09:39:04.110,4.704,1200
2020-08-14 09:39:04.110,4.704,2100
2020-08-14 09:39:04.110,4.703,29700
2020-08-14 09:39:05.230,4.704,2200
2020-08-14 09:39:05.230,4.705,6500
2020-08-14 09:39:07.180,4.704,1000
2020-08-14 09:39:07.410,4.704,1500
2020-08-14 09:39:08.120,4.704,500
2020-08-14 09:39:08.120,4.704,1000
2020-08-14 09:39:08.120,4.704,200
2020-08-14 09:39:08.120,4.704,1200
2020-08-14 09:39:08.340,4.704,6000
2020-08-14 09:39:08.760,4.704,100
2020-08-14 09:39:09.500,4.704,100
2020-08-14 09:39:09.940,4.704,5000
2020-08-14 09:39:10.490,4.705,6000
2020-08-14 09:39:11.620,4.705,200
2020-08-14 09:39:12.290,4.705,200
2020-08-14 09:39:12.500,4.704,5000
2020-08-14 09:39:12.880,4.704,44000
2020-08-14 09:39:13.400,4.705,300000
2020-08-14 09:39:14.000,4.705,150000
2020-08-14 09:39:14.030,4.705,150000
2020-08-14 09:39:14.770,4.704,10000
2020-08-14 09:39:16.120,4.705,79500
2020-08-14 09:39:16.120,4.705,6900
2020-08-14 09:39:16.120,4.705,5000
2020-08-14 09:39:16.120,4.705,5000
2020-08-14 09:39:16.120,4.705,3500
2020-08-14 09:39:16.120,4.705,200100
2020-08-14 09:39:16.990,4.705,3000
2020-08-14 09:39:17.050,4.705,2000
2020-08-14 09:39:17.560,4.704,10000
2020-08-14 09:39:17.650,4.705,33000
2020-08-14 09:39:19.080,4.705,100
2020-08-14 09:39:19.160,4.704,2000
2020-08-14 09:39:20.180,4.705,12000
2020-08-14 09:39:20.240,4.705,300000
2020-08-14 09:39:20.380,4.704,600
2020-08-14 09:39:20.410,4.705,300
2020-08-14 09:39:20.990,4.705,200
2020-08-14 09:39:21.290,4.704,6000
2020-08-14 09:39:21.720,4.704,64100
2020-08-14 09:39:22.510,4.704,100
2020-08-14 09:39:24.780,4.704,5000
2020-08-14 09:39:25.260,4.705,2000
2020-08-14 09:39:25.920,4.705,3600
2020-08-14 09:39:26.630,4.705,200
2020-08-14 09:39:27.380,4.704,4500
2020-08-14 09:39:27.440,4.704,100
2020-08-14 09:39:28.310,4.705,200
2020-08-14 09:39:29.370,4.704,1000
2020-08-14 09:39:29.420,4.704,89300
2020-08-14 09:39:29.420,4.704,700
2020-08-14 09:39:30.300,4.704,100
2020-08-14 09:39:30.360,4.704,2000
2020-08-14 09:39:30.560,4.705,300
2020-08-14 09:39:30.620,4.704,200
2020-08-14 09:39:30.670,4.704,27000
2020-08-14 09:39:32.220,4.704,2000
2020-08-14 09:39:32.540,4.704,300
2020-08-14 09:39:33.350,4.704,100
2020-08-14 09:39:33.350,4.704,100
2020-08-14 09:39:33.720,4.703,10000
2020-08-14 09:39:34.500,4.704,100
2020-08-14 09:39:34.720,4.704,100
2020-08-14 09:39:36.660,4.704,400
2020-08-14 09:39:37.150,4.704,600
2020-08-14 09:39:38.560,4.703,1500
2020-08-14 09:39:38.560,4.703,300
2020-08-14 09:39:38.560,4.703,3900
2020-08-14 09:39:39.230,4.703,2300
2020-08-14 09:39:39.610,4.703,2200
2020-08-14 09:39:39.870,4.703,500
2020-08-14 09:39:40.350,4.702,200
2020-08-14 09:39:40.350,4.702,100
2020-08-14 09:39:40.350,4.702,200
2020-08-14 09:39:40.350,4.702,100
2020-08-14 09:39:40.350,4.702,1400
2020-08-14 09:39:41.780,4.702,5000
2020-08-14 09:39:42.210,4.703,100
2020-08-14 09:39:44.880,4.703,21200
2020-08-14 09:39:46.960,4.702,100
2020-08-14 09:39:47.880,4.702,100000
2020-08-14 09:39:49.720,4.703,500
2020-08-14 09:39:49.910,4.702,500
2020-08-14 09:39:50.240,4.703,7500
2020-08-14 09:39:50.240,4.703,900
2020-08-14 09:39:50.240,4.703,10000
2020-08-14 09:39:50.240,4.703,600
2020-08-14 09:39:50.240,4.703,5000
2020-08-14 09:39:50.240,4.703,6700
2020-08-14 09:39:50.610,4.702,500
2020-08-14 09:39:52.070,4.703,4300
2020-08-14 09:39:52.070,4.703,800
2020-08-14 09:39:52.070,4.703,1000
2020-08-14 09:39:52.070,4.703,1500
2020-08-14 09:39:52.070,4.703,12600
2020-08-14 09:39:53.320,4.703,2500
2020-08-14 09:39:53.640,4.703,2200
2020-08-14 09:39:53.680,4.703,1000
2020-08-14 09:39:54.800,4.703,3000
2020-08-14 09:39:55.480,4.703,5000
2020-08-14 09:39:55.650,4.703,100
2020-08-14 09:39:57.730,4.703,1000
2020-08-14 09:39:59.930,4.702,400
2020-08-14 09:39:59.990,4.702,400
2020-08-14 09:40:00.490,4.702,1000
2020-08-14 09:40:01.540,4.702,300
2020-08-14 09:40:01.620,4.702,300
2020-08-14 09:40:02.110,4.702,600
2020-08-14 09:40:02.110,4.702,1700
2020-08-14 09:40:02.940,4.702,1700
2020-08-14 09:40:03.140,4.702,1400
2020-08-14 09:40:03.230,4.702,1400
2020-08-14 09:40:04.810,4.701,100
2020-08-14 09:40:05.480,4.702,100
2020-08-14 09:40:07.710,4.701,12000
2020-08-14 09:40:09.320,4.702,4300
2020-08-14 09:40:09.320,4.702,700
2020-08-14 09:40:09.580,4.702,500
2020-08-14 09:40:09.820,4.703,200
2020-08-14 09:40:09.820,4.703,200
2020-08-14 09:40:10.950,4.702,500
2020-08-14 09:40:11.610,4.702,700
2020-08-14 09:40:11.610,4.702,400
2020-08-14 09:40:12.270,4.702,5000
2020-08-14 09:40:12.770,4.703,5300
2020-08-14 09:40:12.770,4.703,9000
2020-08-14 09:40:12.770,4.703,3000
2020-08-14 09:40:12.770,4.703,500
2020-08-14 09:40:12.770,4.703,1000
2020-08-14 09:40:12.940,4.704,500
2020-08-14 09:40:12.940,4.704,5000
2020-08-14 09:40:12.940,4.704,1500
2020-08-14 09:40:12.940,4.704,9000
2020-08-14 09:40:12.940,4.704,1300
2020-08-14 09:40:12.940,4.704,2700
2020-08-14 09:40:13.130,4.703,9600
2020-08-14 09:40:14.020,4.703,2100
2020-08-14 09:40:14.020,4.703,30000
2020-08-14 09:40:14.380,4.704,3500
2020-08-14 09:40:14.380,4.704,16800
2020-08-14 09:40:14.380,4.704,2000
2020-08-14 09:40:14.380,4.704,19500
2020-08-14 09:40:14.380,4.704,30000
2020-08-14 09:40:14.380,4.704,1000
2020-08-14 09:40:14.380,4.704,100
2020-08-14 09:40:14.380,4.704,11200
2020-08-14 09:40:14.380,4.704,5000
2020-08-14 09:40:14.380,4.704,30000
2020-08-14 09:40:14.380,4.704,1000
2020-08-14 09:40:14.380,4.704,30000
2020-08-14 09:40:14.380,4.704,10000
2020-08-14 09:40:14.380,4.705,139900
2020-08-14 09:40:14.720,4.704,2500
2020-08-14 09:40:14.720,4.705,147600
2020-08-14 09:40:14.780,4.703,3600
2020-08-14 09:40:15.610,4.705,155500
2020-08-14 09:40:15.610,4.705,5000
2020-08-14 09:40:15.610,4.705,100
2020-08-14 09:40:15.610,4.705,5000
2020-08-14 09:40:15.610,4.705,134400
2020-08-14 09:40:15.960,4.705,600000
2020-08-14 09:40:16.240,4.705,62900
2020-08-14 09:40:16.240,4.705,2000
2020-08-14 09:40:16.240,4.705,300
2020-08-14 09:40:16.240,4.705,200
2020-08-14 09:40:16.240,4.705,2000
2020-08-14 09:40:16.240,4.705,4500
2020-08-14 09:40:16.240,4.705,1100
2020-08-14 09:40:16.240,4.705,1100
2020-08-14 09:40:16.240,4.705,13100
2020-08-14 09:40:16.240,4.705,200
2020-08-14 09:40:16.240,4.705,100
2020-08-14 09:40:16.240,4.705,800
2020-08-14 09:40:16.240,4.705,800
2020-08-14 09:40:16.240,4.706,9500
2020-08-14 09:40:16.240,4.706,5000
2020-08-14 09:40:16.240,4.706,100
2020-08-14 09:40:16.240,4.706,2000
2020-08-14 09:40:16.240,4.706,1000
2020-08-14 09:40:16.240,4.706,10000
2020-08-14 09:40:16.240,4.706,20000
2020-08-14 09:40:16.240,4.706,22700
2020-08-14 09:40:16.240,4.706,40000
2020-08-14 09:40:16.240,4.706,500
2020-08-14 09:40:16.240,4.706,5000
2020-08-14 09:40:16.240,4.706,1000
2020-08-14 09:40:16.240,4.706,3700
2020-08-14 09:40:16.240,4.706,200
2020-08-14 09:40:16.240,4.706,4700
2020-08-14 09:40:16.240,4.706,100
2020-08-14 09:40:16.240,4.706,5000
2020-08-14 09:40:16.240,4.707,15000
2020-08-14 09:40:16.240,4.707,10000
2020-08-14 09:40:16.240,4.707,200
2020-08-14 09:40:16.240,4.707,23300
2020-08-14 09:40:16.240,4.707,2200
2020-08-14 09:40:16.240,4.707,10000
2020-08-14 09:40:16.240,4.707,200
2020-08-14 09:40:16.240,4.707,1000
2020-08-14 09:40:16.240,4.707,300
2020-08-14 09:40:16.240,4.707,2900
2020-08-14 09:40:16.240,4.707,2000
2020-08-14 09:40:16.240,4.707,50800
2020-08-14 09:40:16.240,4.707,46800
2020-08-14 09:40:16.240,4.708,500
2020-08-14 09:40:16.240,4.708,700
2020-08-14 09:40:16.240,4.708,3600
2020-08-14 09:40:16.240,4.708,2000
2020-08-14 09:40:16.240,4.708,10000
2020-08-14 09:40:16.240,4.708,27600
2020-08-14 09:40:16.240,4.708,500
2020-08-14 09:40:16.240,4.708,4700
2020-08-14 09:40:16.240,4.708,100
2020-08-14 09:40:16.240,4.708,1900
2020-08-14 09:40:16.240,4.708,100
2020-08-14 09:40:16.240,4.708,11000
2020-08-14 09:40:16.240,4.708,1000
2020-08-14 09:40:16.240,4.708,9900
2020-08-14 09:40:16.240,4.708,20000
2020-08-14 09:40:16.240,4.708,100
2020-08-14 09:40:16.240,4.708,3000
2020-08-14 09:40:16.240,4.708,600
2020-08-14 09:40:16.240,4.708,5000
2020-08-14 09:40:16.240,4.708,100
2020-08-14 09:40:16.240,4.708,5000
2020-08-14 09:40:16.240,4.709,5900
2020-08-14 09:40:16.240,4.709,100
2020-08-14 09:40:16.240,4.709,100
2020-08-14 09:40:16.240,4.709,6000
2020-08-14 09:40:16.240,4.709,5000
2020-08-14 09:40:16.240,4.709,10800
2020-08-14 09:40:18.050,4.707,2000
2020-08-14 09:40:18.360,4.708,500
2020-08-14 09:40:18.590,4.708,500
2020-08-14 09:40:19.590,4.708,1000
2020-08-14 09:40:21.760,4.709,20600
2020-08-14 09:40:21.760,4.709,19400
2020-08-14 09:40:21.780,4.709,14100
2020-08-14 09:40:21.780,4.709,1000
2020-08-14 09:40:21.780,4.709,1000
2020-08-14 09:40:21.780,4.709,200
2020-08-14 09:40:21.780,4.709,1000
2020-08-14 09:40:21.780,4.709,30000
2020-08-14 09:40:21.780,4.709,30000
2020-08-14 09:40:21.780,4.709,10000
2020-08-14 09:40:21.780,4.709,1000
2020-08-14 09:40:21.780,4.709,17500
2020-08-14 09:40:21.780,4.709,5000
2020-08-14 09:40:21.780,4.709,3000
2020-08-14 09:40:21.980,4.71,800
2020-08-14 09:40:21.980,4.71,10000
2020-08-14 09:40:21.980,4.71,200
2020-08-14 09:40:21.980,4.71,3700
2020-08-14 09:40:21.980,4.71,500
2020-08-14 09:40:21.980,4.71,3300
2020-08-14 09:40:21.980,4.71,2500
2020-08-14 09:40:21.980,4.71,1000
2020-08-14 09:40:21.980,4.71,200
2020-08-14 09:40:21.980,4.71,5000
2020-08-14 09:40:21.980,4.71,500
2020-08-14 09:40:21.980,4.71,20000
2020-08-14 09:40:21.980,4.71,4000
2020-08-14 09:40:21.980,4.71,500
2020-08-14 09:40:21.980,4.71,1000
2020-08-14 09:40:21.980,4.71,2000
2020-08-14 09:40:21.980,4.71,3200
2020-08-14 09:40:21.980,4.71,1000
2020-08-14 09:40:21.980,4.71,2500
2020-08-14 09:40:21.980,4.71,500
2020-08-14 09:40:21.980,4.71,100
2020-08-14 09:40:21.980,4.71,15000
2020-08-14 09:40:21.980,4.71,30900
2020-08-14 09:40:21.980,4.71,3300
2020-08-14 09:40:21.980,4.71,5000
2020-08-14 09:40:21.980,4.71,900
2020-08-14 09:40:21.980,4.71,1000
2020-08-14 09:40:21.980,4.71,600
2020-08-14 09:40:21.980,4.71,2000
2020-08-14 09:40:21.980,4.71,10000
2020-08-14 09:40:21.980,4.71,30000
2020-08-14 09:40:21.980,4.71,100
2020-08-14 09:40:21.980,4.71,5000
2020-08-14 09:40:21.980,4.71,7000
2020-08-14 09:40:21.980,4.71,1500
2020-08-14 09:40:21.980,4.71,1000
2020-08-14 09:40:21.980,4.71,100
2020-08-14 09:40:21.980,4.71,2000
2020-08-14 09:40:21.980,4.71,100
2020-08-14 09:40:21.980,4.71,400
2020-08-14 09:40:21.980,4.71,1000
2020-08-14 09:40:21.980,4.71,50000
2020-08-14 09:40:21.980,4.71,3000
2020-08-14 09:40:21.980,4.71,200
2020-08-14 09:40:21.980,4.711,1500
2020-08-14 09:40:21.980,4.711,600
2020-08-14 09:40:21.980,4.711,2000
2020-08-14 09:40:21.980,4.711,3000
2020-08-14 09:40:21.980,4.711,100
2020-08-14 09:40:21.980,4.711,10600
2020-08-14 09:40:21.980,4.711,44500
2020-08-14 09:40:21.980,4.711,1000
2020-08-14 09:40:21.980,4.711,600
2020-08-14 09:40:21.980,4.711,3500
2020-08-14 09:40:22.840,4.711,5100
2020-08-14 09:40:23.150,4.709,2100
2020-08-14 09:40:23.780,4.711,22300
2020-08-14 09:40:23.780,4.711,100
2020-08-14 09:40:23.780,4.711,300
2020-08-14 09:40:23.780,4.711,1000
2020-08-14 09:40:23.780,4.711,5000
2020-08-14 09:40:24.950,4.711,12700
2020-08-14 09:40:25.300,4.711,102800
2020-08-14 09:40:26.140,4.709,3600
2020-08-14 09:40:26.230,4.71,150100
2020-08-14 09:40:26.340,4.709,100
2020-08-14 09:40:26.720,4.709,2000
2020-08-14 09:40:26.900,4.71,40000
2020-08-14 09:40:26.960,4.709,900
2020-08-14 09:40:27.040,4.71,238200
2020-08-14 09:40:27.210,4.709,1500
2020-08-14 09:40:27.500,4.71,300000
2020-08-14 09:40:28.090,4.71,68900
2020-08-14 09:40:28.090,4.71,1000
2020-08-14 09:40:28.140,4.71,12000
2020-08-14 09:40:28.940,4.709,3000
2020-08-14 09:40:29.870,4.709,20000
2020-08-14 09:40:30.130,4.709,8900
2020-08-14 09:40:30.130,4.709,1100
2020-08-14 09:40:30.300,4.709,100
2020-08-14 09:40:30.360,4.71,40000
2020-08-14 09:40:30.510,4.71,10000
2020-08-14 09:40:30.510,4.712,300
2020-08-14 09:40:30.510,4.712,2000
2020-08-14 09:40:30.510,4.712,200
2020-08-14 09:40:30.510,4.712,100
2020-08-14 09:40:30.510,4.712,400
2020-08-14 09:40:30.510,4.712,26100
2020-08-14 09:40:30.510,4.712,2000
2020-08-14 09:40:30.510,4.712,2000
2020-08-14 09:40:30.510,4.712,1000
2020-08-14 09:40:31.460,4.71,5000
2020-08-14 09:40:33.400,4.711,30000
2020-08-14 09:40:33.400,4.712,9000
2020-08-14 09:40:33.400,4.712,1000
2020-08-14 09:40:33.400,4.713,1000
2020-08-14 09:40:33.400,4.713,3000
2020-08-14 09:40:33.400,4.713,27200
2020-08-14 09:40:33.400,4.713,500
2020-08-14 09:40:33.400,4.713,500
2020-08-14 09:40:33.400,4.713,10000
2020-08-14 09:40:33.400,4.713,4000
2020-08-14 09:40:33.400,4.713,20000
2020-08-14 09:40:33.400,4.713,4800
2020-08-14 09:40:34.220,4.71,200
2020-08-14 09:40:36.600,4.711,2700
2020-08-14 09:40:36.810,4.71,800
2020-08-14 09:40:41.030,4.709,1000
2020-08-14 09:40:41.550,4.709,9000
2020-08-14 09:40:41.550,4.71,800
2020-08-14 09:40:41.550,4.71,12700
2020-08-14 09:40:41.550,4.71,100
2020-08-14 09:40:41.550,4.71,4000
2020-08-14 09:40:41.550,4.711,27300
2020-08-14 09:40:41.550,4.711,1000
2020-08-14 09:40:41.550,4.711,1500
2020-08-14 09:40:41.550,4.712,200
2020-08-14 09:40:41.550,4.712,600
2020-08-14 09:40:41.550,4.712,10000
2020-08-14 09:40:41.550,4.712,32800
2020-08-14 09:40:42.110,4.711,2000
2020-08-14 09:40:42.110,4.71,11600
2020-08-14 09:40:42.110,4.708,18000
2020-08-14 09:40:42.110,4.707,40000
2020-08-14 09:40:42.110,4.707,8400
2020-08-14 09:40:43.180,4.711,1000
2020-08-14 09:40:46.160,4.706,10000
2020-08-14 09:40:47.450,4.709,300
2020-08-14 09:40:47.560,4.709,900
2020-08-14 09:40:47.560,4.708,100
2020-08-14 09:40:47.980,4.71,1000
2020-08-14 09:40:49.590,4.71,4200
2020-08-14 09:40:51.480,4.71,4200
2020-08-14 09:40:51.480,4.71,4200
2020-08-14 09:40:52.360,4.71,11700
2020-08-14 09:40:52.820,4.71,1500
2020-08-14 09:40:52.820,4.711,2100
2020-08-14 09:40:53.090,4.711,3600
2020-08-14 09:40:56.080,4.71,1000
2020-08-14 09:40:56.900,4.71,4000
2020-08-14 09:40:56.900,4.71,10000
2020-08-14 09:40:56.900,4.711,3300
2020-08-14 09:40:56.900,4.711,3400
2020-08-14 09:40:56.900,4.711,5000
2020-08-14 09:40:56.900,4.711,4300
2020-08-14 09:40:57.260,4.708,9900
2020-08-14 09:40:57.260,4.708,1100
2020-08-14 09:40:57.600,4.708,19000
2020-08-14 09:40:57.690,4.71,200
2020-08-14 09:40:57.690,4.711,15700
2020-08-14 09:40:57.690,4.711,22800
2020-08-14 09:40:57.690,4.712,20000
2020-08-14 09:40:57.690,4.712,5000
2020-08-14 09:40:57.690,4.712,2000
2020-08-14 09:40:57.690,4.712,200
2020-08-14 09:40:57.690,4.712,30000
2020-08-14 09:40:57.690,4.712,10000
2020-08-14 09:40:57.690,4.712,1000
2020-08-14 09:40:58.640,4.712,200
2020-08-14 09:40:58.810,4.712,4000
2020-08-14 09:40:59.530,4.712,10000
2020-08-14 09:40:59.740,4.712,5000
2020-08-14 09:41:00.310,4.712,300
2020-08-14 09:41:00.920,4.712,100
2020-08-14 09:41:01.150,4.712,100
2020-08-14 09:41:01.230,4.712,100
2020-08-14 09:41:03.450,4.712,23400
2020-08-14 09:41:03.450,4.711,9400
2020-08-14 09:41:04.410,4.711,600
2020-08-14 09:41:04.410,4.711,100
2020-08-14 09:41:04.410,4.711,300
2020-08-14 09:41:04.880,4.711,1000
2020-08-14 09:41:09.030,4.712,10000
2020-08-14 09:41:09.250,4.711,1500
2020-08-14 09:41:10.140,4.712,200
2020-08-14 09:41:10.640,4.712,3000
2020-08-14 09:41:10.760,4.712,6800
2020-08-14 09:41:10.760,4.712,300
2020-08-14 09:41:10.760,4.712,3000
2020-08-14 09:41:10.760,4.712,11100
2020-08-14 09:41:10.860,4.711,5000
2020-08-14 09:41:13.300,4.712,3900
2020-08-14 09:41:13.300,4.712,22800
2020-08-14 09:41:13.300,4.712,10000
2020-08-14 09:41:13.300,4.712,5000
2020-08-14 09:41:13.300,4.712,3400
2020-08-14 09:41:13.300,4.712,2000
2020-08-14 09:41:13.300,4.712,1600
2020-08-14 09:41:13.300,4.712,1300
2020-08-14 09:41:13.690,4.711,3300
2020-08-14 09:41:13.960,4.712,4700
2020-08-14 09:41:13.960,4.712,200
2020-08-14 09:41:13.960,4.712,5000
2020-08-14 09:41:13.960,4.712,2000
2020-08-14 09:41:13.960,4.713,5200
2020-08-14 09:41:13.960,4.713,1000
2020-08-14 09:41:13.960,4.713,7200
2020-08-14 09:41:14.230,4.711,100
2020-08-14 09:41:16.200,4.713,30300
2020-08-14 09:41:16.200,4.713,32000
2020-08-14 09:41:16.200,4.713,6000
2020-08-14 09:41:16.200,4.713,10000
2020-08-14 09:41:16.200,4.713,1900
2020-08-14 09:41:16.200,4.713,4700
2020-08-14 09:41:16.200,4.713,100
2020-08-14 09:41:16.200,4.713,5000
2020-08-14 09:41:16.200,4.713,200
2020-08-14 09:41:16.200,4.713,5000
2020-08-14 09:41:16.200,4.713,10000
2020-08-14 09:41:16.200,4.714,1400
2020-08-14 09:41:16.200,4.714,100
2020-08-14 09:41:16.200,4.714,6000
2020-08-14 09:41:16.200,4.714,600
2020-08-14 09:41:16.200,4.714,200
2020-08-14 09:41:16.200,4.714,25700
2020-08-14 09:41:16.200,4.714,5000
2020-08-14 09:41:16.200,4.714,1000
2020-08-14 09:41:16.200,4.714,500
2020-08-14 09:41:16.200,4.714,200
2020-08-14 09:41:16.200,4.714,200
2020-08-14 09:41:16.200,4.714,200
2020-08-14 09:41:16.200,4.714,200
2020-08-14 09:41:16.200,4.714,200
2020-08-14 09:41:16.200,4.714,200
2020-08-14 09:41:16.200,4.714,3200
2020-08-14 09:41:17.060,4.714,10000
2020-08-14 09:41:17.580,4.713,10000
2020-08-14 09:41:17.810,4.713,5300
2020-08-14 09:41:18.790,4.713,2700
2020-08-14 09:41:19.160,4.713,300
2020-08-14 09:41:20.820,4.713,10000
2020-08-14 09:41:21.790,4.713,1200
2020-08-14 09:41:23.210,4.713,5000
2020-08-14 09:41:23.390,4.713,20000
2020-08-14 09:41:23.750,4.713,3000
2020-08-14 09:41:23.840,4.714,2500
2020-08-14 09:41:25.090,4.714,200
2020-08-14 09:41:26.340,4.714,4000
2020-08-14 09:41:26.400,4.713,500
2020-08-14 09:41:26.720,4.714,10300
2020-08-14 09:41:26.720,4.714,11100
2020-08-14 09:41:26.720,4.714,30000
2020-08-14 09:41:26.720,4.714,10000
2020-08-14 09:41:26.720,4.714,5000
2020-08-14 09:41:26.720,4.714,1200
2020-08-14 09:41:26.720,4.714,20100
2020-08-14 09:41:26.720,4.715,1000
2020-08-14 09:41:26.720,4.715,1000
2020-08-14 09:41:26.720,4.715,5000
2020-08-14 09:41:26.720,4.715,200
2020-08-14 09:41:26.720,4.715,2000
2020-08-14 09:41:26.720,4.715,400
2020-08-14 09:41:26.720,4.715,200
2020-08-14 09:41:26.720,4.715,2200
2020-08-14 09:41:26.720,4.715,300
2020-08-14 09:41:26.720,4.715,5000
2020-08-14 09:41:26.720,4.715,10000
2020-08-14 09:41:26.720,4.715,2000
2020-08-14 09:41:26.720,4.715,15000
2020-08-14 09:41:26.720,4.715,1000
2020-08-14 09:41:26.720,4.715,700
2020-08-14 09:41:26.720,4.715,150000
2020-08-14 09:41:26.720,4.715,16300
2020-08-14 09:41:27.010,4.713,1600
2020-08-14 09:41:27.640,4.713,10000
2020-08-14 09:41:28.510,4.713,3000
2020-08-14 09:41:29.810,4.713,200
2020-08-14 09:41:30.580,4.713,8400
2020-08-14 09:41:30.660,4.713,10000
2020-08-14 09:41:31.470,4.714,7000
2020-08-14 09:41:31.810,4.713,1000
2020-08-14 09:41:31.810,4.714,100
2020-08-14 09:41:32.430,4.713,3100
2020-08-14 09:41:32.690,4.713,5000
2020-08-14 09:41:33.020,4.713,13000
2020-08-14 09:41:34.250,4.713,30500
2020-08-14 09:41:34.510,4.713,1000
2020-08-14 09:41:35.410,4.713,63900
2020-08-14 09:41:36.490,4.714,500000
2020-08-14 09:41:36.540,4.713,600
2020-08-14 09:41:37.010,4.713,20000
2020-08-14 09:41:37.540,4.714,25000
2020-08-14 09:41:38.360,4.713,200
2020-08-14 09:41:38.390,4.714,100
2020-08-14 09:41:39.960,4.713,2000
2020-08-14 09:41:40.190,4.713,8000
2020-08-14 09:41:41.130,4.714,8500
2020-08-14 09:41:41.600,4.713,2000
2020-08-14 09:41:41.820,4.713,20200
2020-08-14 09:41:42.040,4.714,15000
2020-08-14 09:41:42.040,4.713,6000
2020-08-14 09:41:42.250,4.713,100
2020-08-14 09:41:42.830,4.714,4500
2020-08-14 09:41:42.830,4.714,3100
2020-08-14 09:41:43.090,4.713,4900
2020-08-14 09:41:44.460,4.714,7700
2020-08-14 09:41:44.460,4.713,200
2020-08-14 09:41:44.490,4.714,5500
2020-08-14 09:41:44.520,4.714,4300
2020-08-14 09:41:44.520,4.714,100
2020-08-14 09:41:44.520,4.714,100
2020-08-14 09:41:45.400,4.715,300
2020-08-14 09:41:45.820,4.713,5000
2020-08-14 09:41:46.080,4.715,183400
2020-08-14 09:41:46.080,4.715,29500
2020-08-14 09:41:46.080,4.715,1000
2020-08-14 09:41:46.080,4.715,37000
2020-08-14 09:41:46.080,4.715,10000
2020-08-14 09:41:46.080,4.715,3000
2020-08-14 09:41:46.080,4.715,2500
2020-08-14 09:41:46.080,4.715,10000
2020-08-14 09:41:46.080,4.715,2000
2020-08-14 09:41:46.080,4.715,500
2020-08-14 09:41:46.080,4.715,100
2020-08-14 09:41:46.080,4.715,600
2020-08-14 09:41:46.080,4.715,14400
2020-08-14 09:41:46.080,4.715,6000
2020-08-14 09:41:46.340,4.714,5600
2020-08-14 09:41:46.340,4.713,18500
2020-08-14 09:41:46.720,4.713,1000
2020-08-14 09:41:47.460,4.714,600
2020-08-14 09:41:48.160,4.714,500
2020-08-14 09:41:48.800,4.714,2100
2020-08-14 09:41:48.940,4.714,1900
2020-08-14 09:41:48.940,4.714,200
2020-08-14 09:41:50.450,4.714,2600
2020-08-14 09:41:50.450,4.714,3000
2020-08-14 09:41:50.820,4.714,2800
2020-08-14 09:41:50.940,4.715,21300
2020-08-14 09:41:51.160,4.715,33100
2020-08-14 09:41:51.160,4.715,2000
2020-08-14 09:41:51.160,4.715,50000
2020-08-14 09:41:51.160,4.715,2000
2020-08-14 09:41:51.160,4.715,30000
2020-08-14 09:41:51.160,4.715,1000
2020-08-14 09:41:51.160,4.715,3000
2020-08-14 09:41:51.160,4.715,300
2020-08-14 09:41:51.160,4.715,28700
2020-08-14 09:41:51.160,4.715,171300
2020-08-14 09:41:51.160,4.715,5000
2020-08-14 09:41:51.160,4.715,5000
2020-08-14 09:41:51.160,4.715,1000
2020-08-14 09:41:51.730,4.715,5300
2020-08-14 09:41:51.890,4.715,200
2020-08-14 09:41:52.300,4.715,85000
2020-08-14 09:41:52.440,4.715,4000
2020-08-14 09:41:52.580,4.715,17000
2020-08-14 09:41:52.580,4.715,8000
2020-08-14 09:41:52.640,4.715,1500
2020-08-14 09:41:53.050,4.715,2300
2020-08-14 09:41:53.660,4.715,10000
2020-08-14 09:41:54.760,4.715,700
2020-08-14 09:41:54.840,4.715,19200
2020-08-14 09:41:56.780,4.715,5000
2020-08-14 09:41:57.100,4.715,25800
2020-08-14 09:41:57.100,4.715,2600
2020-08-14 09:41:57.100,4.715,1000
2020-08-14 09:41:57.330,4.715,100
2020-08-14 09:41:58.020,4.716,100
2020-08-14 09:41:58.020,4.716,2000
2020-08-14 09:41:58.020,4.716,2900
2020-08-14 09:41:59.510,4.716,1100
2020-08-14 09:41:59.510,4.716,1400
2020-08-14 09:42:00.570,4.715,1400
2020-08-14 09:42:01.060,4.715,4500
2020-08-14 09:42:01.060,4.715,6300
2020-08-14 09:42:01.060,4.715,200
2020-08-14 09:42:01.900,4.716,600
2020-08-14 09:42:02.020,4.716,1000
2020-08-14 09:42:02.020,4.716,5400
2020-08-14 09:42:02.140,4.715,1000
2020-08-14 09:42:02.300,4.716,2500
2020-08-14 09:42:02.620,4.716,33600
2020-08-14 09:42:02.620,4.716,5000
2020-08-14 09:42:02.620,4.716,1000
2020-08-14 09:42:02.620,4.716,28800
2020-08-14 09:42:02.620,4.716,6200
2020-08-14 09:42:02.620,4.716,20200
2020-08-14 09:42:02.620,4.716,5000
2020-08-14 09:42:02.620,4.716,4700
2020-08-14 09:42:02.620,4.716,1000
2020-08-14 09:42:02.620,4.716,1000
2020-08-14 09:42:02.620,4.716,3000
2020-08-14 09:42:02.620,4.716,200
2020-08-14 09:42:02.620,4.716,300
2020-08-14 09:42:02.620,4.716,5000
2020-08-14 09:42:02.620,4.717,700
2020-08-14 09:42:02.620,4.717,5000
2020-08-14 09:42:02.620,4.717,1100
2020-08-14 09:42:02.620,4.717,800
2020-08-14 09:42:02.620,4.717,10000
2020-08-14 09:42:02.620,4.717,10000
2020-08-14 09:42:02.620,4.717,5000
2020-08-14 09:42:02.620,4.717,600
2020-08-14 09:42:02.620,4.717,1900
2020-08-14 09:42:04.220,4.716,5000
2020-08-14 09:42:04.530,4.716,600
2020-08-14 09:42:05.420,4.716,200
2020-08-14 09:42:06.590,4.717,20000
2020-08-14 09:42:06.730,4.716,1100
2020-08-14 09:42:06.900,4.717,8100
2020-08-14 09:42:06.900,4.717,5000
2020-08-14 09:42:06.900,4.717,1500
2020-08-14 09:42:06.900,4.717,5400
2020-08-14 09:42:06.950,4.716,5000
2020-08-14 09:42:06.980,4.717,7700
2020-08-14 09:42:08.330,4.717,23000
2020-08-14 09:42:08.330,4.717,45800
2020-08-14 09:42:08.330,4.717,7500
2020-08-14 09:42:08.330,4.717,20000
2020-08-14 09:42:08.330,4.717,5000
2020-08-14 09:42:08.330,4.717,500
2020-08-14 09:42:08.330,4.717,200
2020-08-14 09:42:08.330,4.717,200
2020-08-14 09:42:08.330,4.717,5000
2020-08-14 09:42:08.560,4.717,4500
2020-08-14 09:42:09.020,4.717,2000
2020-08-14 09:42:11.120,4.718,300
2020-08-14 09:42:11.120,4.718,11000
2020-08-14 09:42:11.120,4.718,20000
2020-08-14 09:42:11.120,4.718,100
2020-08-14 09:42:11.120,4.718,500
2020-08-14 09:42:11.120,4.718,1000
2020-08-14 09:42:11.120,4.718,5000
2020-08-14 09:42:11.120,4.718,2200
2020-08-14 09:42:11.120,4.718,5000
2020-08-14 09:42:11.120,4.718,29300
2020-08-14 09:42:11.120,4.718,800
2020-08-14 09:42:11.120,4.718,500
2020-08-14 09:42:11.120,4.718,2000
2020-08-14 09:42:11.120,4.718,5000
2020-08-14 09:42:11.120,4.718,5000
2020-08-14 09:42:11.120,4.718,10800
2020-08-14 09:42:11.120,4.718,2000
2020-08-14 09:42:11.120,4.718,50000
2020-08-14 09:42:11.120,4.718,200
2020-08-14 09:42:11.120,4.718,1000
2020-08-14 09:42:11.120,4.718,25000
2020-08-14 09:42:11.120,4.718,9800
2020-08-14 09:42:11.120,4.718,500
2020-08-14 09:42:11.120,4.718,3000
2020-08-14 09:42:11.290,4.718,200
2020-08-14 09:42:11.560,4.718,5000
2020-08-14 09:42:12.130,4.718,1000
2020-08-14 09:42:12.250,4.718,300
2020-08-14 09:42:12.300,4.718,3200
2020-08-14 09:42:12.920,4.718,800
2020-08-14 09:42:14.800,4.718,300
2020-08-14 09:42:14.860,4.718,500
2020-08-14 09:42:15.480,4.717,400
2020-08-14 09:42:15.480,4.717,1000
2020-08-14 09:42:15.480,4.717,1000
2020-08-14 09:42:15.710,4.717,3600
2020-08-14 09:42:16.670,4.717,58300
2020-08-14 09:42:16.670,4.718,500
2020-08-14 09:42:16.670,4.718,700
2020-08-14 09:42:17.030,4.719,5300
2020-08-14 09:42:17.190,4.718,3000
2020-08-14 09:42:19.700,4.718,100
2020-08-14 09:42:19.760,4.718,4900
2020-08-14 09:42:19.950,4.718,5000
2020-08-14 09:42:20.490,4.718,100
2020-08-14 09:42:20.680,4.718,19900
2020-08-14 09:42:20.680,4.717,300
2020-08-14 09:42:20.680,4.717,8200
2020-08-14 09:42:21.650,4.718,5000
2020-08-14 09:42:21.740,4.719,4700
2020-08-14 09:42:21.740,4.719,100
2020-08-14 09:42:21.740,4.719,300
2020-08-14 09:42:21.740,4.719,10000
2020-08-14 09:42:21.740,4.719,2900
2020-08-14 09:42:21.740,4.719,900
2020-08-14 09:42:21.740,4.719,3000
2020-08-14 09:42:21.740,4.719,28100
2020-08-14 09:42:21.770,4.719,4700
2020-08-14 09:42:22.860,4.718,3000
2020-08-14 09:42:23.110,4.718,100
2020-08-14 09:42:23.430,4.718,1000
2020-08-14 09:42:24.740,4.718,100
2020-08-14 09:42:25.070,4.718,10000
2020-08-14 09:42:25.620,4.719,8600
2020-08-14 09:42:25.620,4.718,100
2020-08-14 09:42:25.670,4.718,1300
2020-08-14 09:42:26.050,4.718,1300
2020-08-14 09:42:26.740,4.718,5000
2020-08-14 09:42:27.100,4.718,1000
2020-08-14 09:42:27.130,4.718,158400
2020-08-14 09:42:27.130,4.718,200
2020-08-14 09:42:27.130,4.717,200
2020-08-14 09:42:27.130,4.717,200
2020-08-14 09:42:28.650,4.717,41000
2020-08-14 09:42:28.650,4.717,1000
2020-08-14 09:42:30.550,4.718,500
2020-08-14 09:42:30.550,4.718,3600
2020-08-14 09:42:30.550,4.718,200
2020-08-14 09:42:30.550,4.718,1200
2020-08-14 09:42:30.890,4.718,300
2020-08-14 09:42:31.440,4.717,3000
2020-08-14 09:42:32.330,4.718,1100
2020-08-14 09:42:32.330,4.718,3000
2020-08-14 09:42:32.330,4.719,4400
2020-08-14 09:42:34.400,4.716,500
2020-08-14 09:42:34.400,4.716,100
2020-08-14 09:42:34.400,4.716,5500
2020-08-14 09:42:34.600,4.718,1000
2020-08-14 09:42:34.600,4.718,1000
2020-08-14 09:42:34.600,4.718,17500
2020-08-14 09:42:34.600,4.719,1300
2020-08-14 09:42:34.600,4.719,40400
2020-08-14 09:42:34.600,4.719,1000
2020-08-14 09:42:34.600,4.719,1000
2020-08-14 09:42:34.600,4.719,1000
2020-08-14 09:42:34.600,4.719,5800
2020-08-14 09:42:34.600,4.719,100
2020-08-14 09:42:34.600,4.719,200
2020-08-14 09:42:34.600,4.719,500
2020-08-14 09:42:34.600,4.719,2900
2020-08-14 09:42:34.600,4.719,100
2020-08-14 09:42:34.600,4.719,37500
2020-08-14 09:42:34.600,4.719,5000
2020-08-14 09:42:34.600,4.719,1000
2020-08-14 09:42:34.600,4.719,2000
2020-08-14 09:42:34.600,4.719,1100
2020-08-14 09:42:34.600,4.719,1100
2020-08-14 09:42:34.600,4.719,11900
2020-08-14 09:42:34.600,4.719,7500
2020-08-14 09:42:34.600,4.719,11600
2020-08-14 09:42:34.600,4.719,3500
2020-08-14 09:42:36.860,4.716,20500
2020-08-14 09:42:39.500,4.716,1000
2020-08-14 09:42:39.710,4.718,1600
2020-08-14 09:42:39.710,4.718,8700
2020-08-14 09:42:39.710,4.718,700
2020-08-14 09:42:39.830,4.716,100
2020-08-14 09:42:39.980,4.716,2500
2020-08-14 09:42:45.080,4.717,100
2020-08-14 09:42:45.480,4.717,5000
2020-08-14 09:42:45.560,4.717,26000
2020-08-14 09:42:47.200,4.718,300
2020-08-14 09:42:47.200,4.718,10000
2020-08-14 09:42:47.200,4.718,7200
2020-08-14 09:42:47.200,4.718,200
2020-08-14 09:42:47.200,4.718,1800
2020-08-14 09:42:47.200,4.718,25700
2020-08-14 09:42:47.290,4.717,5000
2020-08-14 09:42:47.590,4.717,1000
2020-08-14 09:42:48.840,4.718,1000
2020-08-14 09:42:49.190,4.717,10000
2020-08-14 09:42:49.440,4.717,10000
2020-08-14 09:42:50.880,4.717,100
2020-08-14 09:42:51.170,4.717,4700
2020-08-14 09:42:51.640,4.717,10000
2020-08-14 09:42:51.860,4.718,3300
2020-08-14 09:42:51.860,4.718,4000
2020-08-14 09:42:51.860,4.718,3000
2020-08-14 09:42:51.860,4.718,10000
2020-08-14 09:42:51.860,4.718,4000
2020-08-14 09:42:51.860,4.718,2000
2020-08-14 09:42:51.860,4.718,3700
2020-08-14 09:42:54.360,4.717,100
2020-08-14 09:42:55.270,4.717,10000
2020-08-14 09:42:56.050,4.717,100
2020-08-14 09:42:56.920,4.718,1300
2020-08-14 09:42:56.920,4.718,7500
2020-08-14 09:42:56.920,4.718,10000
2020-08-14 09:42:56.920,4.718,3100
2020-08-14 09:42:56.920,4.718,500
2020-08-14 09:42:56.920,4.718,8300
2020-08-14 09:42:56.920,4.718,6400
2020-08-14 09:42:56.920,4.718,100
2020-08-14 09:42:56.920,4.718,5200
2020-08-14 09:42:56.920,4.718,2000
2020-08-14 09:42:56.920,4.718,3000
2020-08-14 09:42:56.920,4.718,5200
2020-08-14 09:42:56.920,4.718,5000
2020-08-14 09:42:56.920,4.718,100
2020-08-14 09:42:58.290,4.718,8800
2020-08-14 09:42:59.460,4.718,2000
2020-08-14 09:42:59.520,4.718,1000
2020-08-14 09:43:00.310,4.718,10000
2020-08-14 09:43:00.800,4.718,120500
2020-08-14 09:43:00.800,4.718,100
2020-08-14 09:43:00.800,4.718,1100
2020-08-14 09:43:01.570,4.718,4600
2020-08-14 09:43:02.220,4.717,100
2020-08-14 09:43:02.940,4.718,218000
2020-08-14 09:43:02.970,4.718,200
2020-08-14 09:43:02.970,4.718,100
2020-08-14 09:43:03.310,4.718,81700
2020-08-14 09:43:03.330,4.717,5000
2020-08-14 09:43:04.470,4.717,100
2020-08-14 09:43:05.450,4.717,5000
2020-08-14 09:43:06.760,4.718,30000
2020-08-14 09:43:06.760,4.718,165600
2020-08-14 09:43:06.760,4.718,2000
2020-08-14 09:43:06.760,4.718,2000
2020-08-14 09:43:06.760,4.718,2000
2020-08-14 09:43:06.760,4.718,6000
2020-08-14 09:43:07.080,4.718,1000
2020-08-14 09:43:07.160,4.718,1000
2020-08-14 09:43:07.530,4.718,5000
2020-08-14 09:43:07.580,4.718,1700
2020-08-14 09:43:07.580,4.717,1900
2020-08-14 09:43:09.040,4.718,2000
2020-08-14 09:43:09.390,4.718,1000
2020-08-14 09:43:09.480,4.718,3000
2020-08-14 09:43:09.530,4.718,10600
2020-08-14 09:43:11.040,4.718,100
2020-08-14 09:43:11.270,4.718,2000
2020-08-14 09:43:11.410,4.718,1500
2020-08-14 09:43:11.410,4.718,2500
2020-08-14 09:43:12.480,4.718,100000
2020-08-14 09:43:12.590,4.718,1100
2020-08-14 09:43:13.430,4.718,50000
2020-08-14 09:43:13.870,4.718,1800
2020-08-14 09:43:14.080,4.718,100
2020-08-14 09:43:16.150,4.718,500
2020-08-14 09:43:16.740,4.718,5000
2020-08-14 09:43:16.800,4.718,2000
2020-08-14 09:43:18.280,4.718,1100
2020-08-14 09:43:19.010,4.718,115700
2020-08-14 09:43:19.010,4.718,40000
2020-08-14 09:43:19.010,4.718,2200
2020-08-14 09:43:19.010,4.718,42100
2020-08-14 09:43:19.120,4.718,3100
2020-08-14 09:43:19.120,4.718,1100
2020-08-14 09:43:19.120,4.718,5000
2020-08-14 09:43:19.120,4.717,5800
2020-08-14 09:43:20.700,4.718,100
2020-08-14 09:43:20.750,4.717,500
2020-08-14 09:43:21.120,4.718,100
2020-08-14 09:43:21.120,4.718,9900
2020-08-14 09:43:24.890,4.717,200
2020-08-14 09:43:26.530,4.718,200
2020-08-14 09:43:26.620,4.717,100
2020-08-14 09:43:27.280,4.718,300
2020-08-14 09:43:27.800,4.717,10000
2020-08-14 09:43:29.390,4.717,100
2020-08-14 09:43:29.590,4.718,2000
2020-08-14 09:43:31.080,4.717,4900
2020-08-14 09:43:31.080,4.717,24300
2020-08-14 09:43:32.890,4.717,2600
2020-08-14 09:43:32.890,4.717,5000
2020-08-14 09:43:32.980,4.717,500
2020-08-14 09:43:33.450,4.717,10000
2020-08-14 09:43:33.870,4.717,5000
2020-08-14 09:43:34.550,4.717,200
2020-08-14 09:43:35.650,4.717,500
2020-08-14 09:43:35.880,4.718,100
2020-08-14 09:43:37.320,4.717,100
2020-08-14 09:43:37.630,4.717,1000
2020-08-14 09:43:38.230,4.717,5000
2020-08-14 09:43:38.410,4.717,5000
2020-08-14 09:43:38.840,4.717,1200
2020-08-14 09:43:39.110,4.717,400
2020-08-14 09:43:39.940,4.717,22000
2020-08-14 09:43:40.270,4.717,50000
2020-08-14 09:43:40.490,4.718,100
2020-08-14 09:43:40.570,4.717,18100
2020-08-14 09:43:41.950,4.717,1000
2020-08-14 09:43:42.210,4.717,2000
2020-08-14 09:43:42.410,4.717,64100
2020-08-14 09:43:42.680,4.717,600
2020-08-14 09:43:43.540,4.717,8000
2020-08-14 09:43:43.650,4.717,5000
2020-08-14 09:43:43.990,4.718,3000
2020-08-14 09:43:44.090,4.717,1000
2020-08-14 09:43:44.140,4.717,200
2020-08-14 09:43:44.690,4.717,10000
2020-08-14 09:43:44.830,4.717,2500
2020-08-14 09:43:45.070,4.717,20000
2020-08-14 09:43:45.100,4.717,5000
2020-08-14 09:43:45.210,4.717,2000
2020-08-14 09:43:45.440,4.717,200
2020-08-14 09:43:45.610,4.717,27500
2020-08-14 09:43:46.220,4.717,22500
2020-08-14 09:43:46.250,4.717,5000
2020-08-14 09:43:46.440,4.718,3000
2020-08-14 09:43:47.490,4.718,1400
2020-08-14 09:43:47.490,4.718,3000
2020-08-14 09:43:47.490,4.718,2800
2020-08-14 09:43:47.490,4.718,50000
2020-08-14 09:43:47.490,4.718,5000
2020-08-14 09:43:47.490,4.718,1000
2020-08-14 09:43:47.490,4.718,800
2020-08-14 09:43:47.490,4.718,5000
2020-08-14 09:43:47.490,4.718,5000
2020-08-14 09:43:47.490,4.718,9000
2020-08-14 09:43:47.490,4.718,6200
2020-08-14 09:43:47.490,4.718,2000
2020-08-14 09:43:47.490,4.718,5000
2020-08-14 09:43:47.490,4.718,2000
2020-08-14 09:43:47.490,4.718,300
2020-08-14 09:43:47.490,4.718,6000
2020-08-14 09:43:47.490,4.718,200
2020-08-14 09:43:47.490,4.718,5000
2020-08-14 09:43:47.490,4.718,20900
2020-08-14 09:43:47.490,4.718,1000
2020-08-14 09:43:47.490,4.718,5000
2020-08-14 09:43:47.490,4.718,200
2020-08-14 09:43:47.490,4.718,3300
2020-08-14 09:43:47.490,4.718,1000
2020-08-14 09:43:47.490,4.718,2700
2020-08-14 09:43:47.490,4.718,1000
2020-08-14 09:43:47.490,4.718,300
2020-08-14 09:43:47.490,4.718,5000
2020-08-14 09:43:47.490,4.718,4500
2020-08-14 09:43:47.490,4.718,500
2020-08-14 09:43:47.490,4.718,3200
2020-08-14 09:43:47.490,4.718,100
2020-08-14 09:43:47.490,4.718,2100
2020-08-14 09:43:47.490,4.718,39500
2020-08-14 09:43:47.560,4.717,30000
2020-08-14 09:43:47.710,4.717,1200
2020-08-14 09:43:47.730,4.717,10000
2020-08-14 09:43:48.200,4.717,10000
2020-08-14 09:43:48.280,4.717,1900
2020-08-14 09:43:48.410,4.717,200
2020-08-14 09:43:48.800,4.717,100
2020-08-14 09:43:48.880,4.718,200
2020-08-14 09:43:49.400,4.717,2000
2020-08-14 09:43:49.470,4.717,400
2020-08-14 09:43:49.600,4.717,15000
2020-08-14 09:43:50.370,4.717,20000
2020-08-14 09:43:50.790,4.717,100
2020-08-14 09:43:50.900,4.717,100
2020-08-14 09:43:51.740,4.717,7700
2020-08-14 09:43:51.850,4.717,500
2020-08-14 09:43:52.310,4.717,100
2020-08-14 09:43:52.650,4.717,15000
2020-08-14 09:43:53.870,4.717,2800
2020-08-14 09:43:53.870,4.717,1800
2020-08-14 09:43:54.140,4.717,100
2020-08-14 09:43:54.410,4.717,10000
2020-08-14 09:43:55.090,4.717,5000
2020-08-14 09:43:55.730,4.717,1000
2020-08-14 09:43:56.020,4.717,2700
2020-08-14 09:43:56.080,4.718,900
2020-08-14 09:43:56.490,4.717,10000
2020-08-14 09:43:56.550,4.717,10000
2020-08-14 09:43:56.690,4.718,34400
2020-08-14 09:43:56.690,4.718,22600
2020-08-14 09:43:56.690,4.718,100
2020-08-14 09:43:56.690,4.718,100
2020-08-14 09:43:56.690,4.718,4000
2020-08-14 09:43:56.690,4.718,5000
2020-08-14 09:43:56.690,4.718,100
2020-08-14 09:43:56.690,4.718,10000
2020-08-14 09:43:56.690,4.718,50800
2020-08-14 09:43:56.690,4.718,1000
2020-08-14 09:43:56.690,4.718,1000
2020-08-14 09:43:56.690,4.718,20000
2020-08-14 09:43:56.690,4.718,1000
2020-08-14 09:43:56.710,4.717,3500
2020-08-14 09:43:57.200,4.717,1000
2020-08-14 09:43:57.510,4.718,200
2020-08-14 09:43:57.670,4.718,2800
2020-08-14 09:43:57.670,4.718,2200
2020-08-14 09:43:57.800,4.717,100
2020-08-14 09:43:58.470,4.717,100
2020-08-14 09:43:58.870,4.718,7800
2020-08-14 09:43:58.870,4.718,10000
2020-08-14 09:43:59.160,4.717,4300
2020-08-14 09:43:59.250,4.717,5800
2020-08-14 09:43:59.250,4.717,28700
2020-08-14 09:43:59.340,4.717,10000
2020-08-14 09:43:59.480,4.717,5000
2020-08-14 09:43:59.650,4.718,200
2020-08-14 09:43:59.820,4.718,200
2020-08-14 09:43:59.990,4.718,1000
2020-08-14 09:44:00.210,4.718,5000
2020-08-14 09:44:00.210,4.718,100
2020-08-14 09:44:00.300,4.719,1500
2020-08-14 09:44:00.300,4.719,2000
2020-08-14 09:44:00.300,4.719,200
2020-08-14 09:44:00.300,4.719,200
2020-08-14 09:44:00.300,4.719,300
2020-08-14 09:44:00.300,4.719,2200
2020-08-14 09:44:00.300,4.719,10000
2020-08-14 09:44:00.300,4.719,200
2020-08-14 09:44:00.300,4.719,100
2020-08-14 09:44:00.300,4.719,5000
2020-08-14 09:44:00.300,4.719,10000
2020-08-14 09:44:00.300,4.719,10000
2020-08-14 09:44:00.300,4.719,60400
2020-08-14 09:44:00.300,4.719,10000
2020-08-14 09:44:00.300,4.719,500
2020-08-14 09:44:00.300,4.719,9500
2020-08-14 09:44:00.300,4.719,33000
2020-08-14 09:44:00.300,4.719,10600
2020-08-14 09:44:00.300,4.719,200
2020-08-14 09:44:00.300,4.719,10000
2020-08-14 09:44:00.300,4.719,2100
2020-08-14 09:44:00.300,4.719,10000
2020-08-14 09:44:00.300,4.719,100
2020-08-14 09:44:00.300,4.719,10000
2020-08-14 09:44:00.300,4.719,5000
2020-08-14 09:44:00.300,4.719,10000
2020-08-14 09:44:00.300,4.719,3000
2020-08-14 09:44:00.300,4.719,3000
2020-08-14 09:44:00.300,4.719,3000
2020-08-14 09:44:00.300,4.719,2000
2020-08-14 09:44:00.300,4.719,1000
2020-08-14 09:44:00.300,4.719,5000
2020-08-14 09:44:00.300,4.719,500
2020-08-14 09:44:00.300,4.719,8900
2020-08-14 09:44:00.300,4.719,31700
2020-08-14 09:44:00.300,4.719,10000
2020-08-14 09:44:00.300,4.719,2000
2020-08-14 09:44:00.300,4.719,10000
2020-08-14 09:44:00.300,4.719,4300
2020-08-14 09:44:00.300,4.719,200
2020-08-14 09:44:00.300,4.719,2300
2020-08-14 09:44:00.380,4.718,1600
2020-08-14 09:44:00.410,4.718,26400
2020-08-14 09:44:00.720,4.719,6115
2020-08-14 09:44:00.720,4.719,5885
2020-08-14 09:44:00.810,4.718,2000
2020-08-14 09:44:00.900,4.718,80000
2020-08-14 09:44:01.320,4.718,1000
2020-08-14 09:44:01.350,4.718,500
2020-08-14 09:44:01.490,4.718,6000
2020-08-14 09:44:01.660,4.719,4115
2020-08-14 09:44:01.660,4.719,10000
2020-08-14 09:44:01.660,4.719,1000
2020-08-14 09:44:01.660,4.719,20000
2020-08-14 09:44:01.660,4.719,50800
2020-08-14 09:44:01.660,4.719,100
2020-08-14 09:44:01.930,4.72,2000
2020-08-14 09:44:01.930,4.72,900
2020-08-14 09:44:01.930,4.72,1000
2020-08-14 09:44:01.930,4.72,8400
2020-08-14 09:44:01.930,4.72,1000
2020-08-14 09:44:01.930,4.72,1000
2020-08-14 09:44:01.930,4.72,5000
2020-08-14 09:44:01.930,4.72,1000
2020-08-14 09:44:01.930,4.72,4000
2020-08-14 09:44:01.930,4.72,1000
2020-08-14 09:44:01.930,4.72,3000
2020-08-14 09:44:01.930,4.72,10000
2020-08-14 09:44:01.930,4.72,1000
2020-08-14 09:44:01.930,4.72,3800
2020-08-14 09:44:01.930,4.72,1500
2020-08-14 09:44:01.930,4.72,200
2020-08-14 09:44:01.930,4.72,11400
2020-08-14 09:44:01.930,4.72,5000
2020-08-14 09:44:01.930,4.72,5000
2020-08-14 09:44:01.930,4.72,1000
2020-08-14 09:44:01.930,4.72,2000
2020-08-14 09:44:01.930,4.72,50000
2020-08-14 09:44:01.930,4.72,2000
2020-08-14 09:44:01.930,4.72,10000
2020-08-14 09:44:01.930,4.72,1000
2020-08-14 09:44:01.930,4.72,1000
2020-08-14 09:44:01.930,4.72,2500
2020-08-14 09:44:01.930,4.72,1000
2020-08-14 09:44:01.930,4.72,100
2020-08-14 09:44:01.930,4.72,1500
2020-08-14 09:44:01.930,4.72,25000
2020-08-14 09:44:01.930,4.72,10000
2020-08-14 09:44:01.930,4.72,500
2020-08-14 09:44:01.930,4.72,1000
2020-08-14 09:44:01.930,4.72,2000
2020-08-14 09:44:01.930,4.72,2000
2020-08-14 09:44:01.930,4.72,100
2020-08-14 09:44:01.930,4.72,3000
2020-08-14 09:44:01.930,4.72,300
2020-08-14 09:44:01.930,4.72,7000
2020-08-14 09:44:01.930,4.72,1600
2020-08-14 09:44:01.930,4.72,6300
2020-08-14 09:44:01.930,4.72,15000
2020-08-14 09:44:01.930,4.72,1000
2020-08-14 09:44:01.930,4.72,600
2020-08-14 09:44:01.930,4.72,52900
2020-08-14 09:44:01.930,4.72,200
2020-08-14 09:44:01.930,4.72,5000
2020-08-14 09:44:01.930,4.72,400
2020-08-14 09:44:01.930,4.72,1000
2020-08-14 09:44:01.930,4.72,200
2020-08-14 09:44:01.930,4.72,2000
2020-08-14 09:44:01.930,4.72,900
2020-08-14 09:44:01.930,4.72,7400
2020-08-14 09:44:01.930,4.72,5000
2020-08-14 09:44:01.930,4.72,5000
2020-08-14 09:44:01.930,4.72,6300
2020-08-14 09:44:01.990,4.719,5000
2020-08-14 09:44:02.370,4.72,3700
2020-08-14 09:44:02.370,4.72,22200
2020-08-14 09:44:02.370,4.72,2000
2020-08-14 09:44:02.370,4.72,200
2020-08-14 09:44:02.370,4.72,1000
2020-08-14 09:44:02.370,4.72,5000
2020-08-14 09:44:02.370,4.72,4000
2020-08-14 09:44:02.370,4.72,5000
2020-08-14 09:44:02.370,4.72,50000
2020-08-14 09:44:02.370,4.72,2000
2020-08-14 09:44:02.370,4.72,400
2020-08-14 09:44:02.370,4.72,5000
2020-08-14 09:44:02.370,4.72,100
2020-08-14 09:44:02.370,4.72,6000
2020-08-14 09:44:02.370,4.72,500
2020-08-14 09:44:02.370,4.72,10000
2020-08-14 09:44:02.370,4.72,300
2020-08-14 09:44:02.370,4.72,5000
2020-08-14 09:44:02.370,4.72,10000
2020-08-14 09:44:02.370,4.72,5000
2020-08-14 09:44:02.370,4.72,3000
2020-08-14 09:44:02.370,4.72,2000
2020-08-14 09:44:02.370,4.72,500
2020-08-14 09:44:02.370,4.72,2000
2020-08-14 09:44:02.370,4.72,13100
2020-08-14 09:44:02.370,4.72,30000
2020-08-14 09:44:02.370,4.72,5300
2020-08-14 09:44:02.370,4.72,40000
2020-08-14 09:44:02.370,4.72,1000
2020-08-14 09:44:02.370,4.72,100
2020-08-14 09:44:02.370,4.72,40000
2020-08-14 09:44:02.370,4.72,10000
2020-08-14 09:44:02.370,4.72,500
2020-08-14 09:44:02.370,4.72,21700
2020-08-14 09:44:02.370,4.72,5100
2020-08-14 09:44:02.370,4.72,5000
2020-08-14 09:44:02.370,4.72,100
2020-08-14 09:44:02.370,4.72,3500
2020-08-14 09:44:02.370,4.72,1000
2020-08-14 09:44:02.410,4.72,50800
