Datetime,Price,Volume
2020-08-14 09:30:20.600,2.9,100
2020-08-14 09:32:31.910,2.888,100
2020-08-14 09:32:34.730,2.888,6200
2020-08-14 09:32:36.270,2.888,6100
2020-08-14 09:32:37.890,2.888,1300
2020-08-14 09:32:39.530,2.888,4600
2020-08-14 09:32:41.030,2.888,4700
2020-08-14 09:32:42.810,2.888,3800
2020-08-14 09:32:44.400,2.888,3900
2020-08-14 09:32:45.890,2.888,2900
2020-08-14 09:33:20.930,2.876,1100
2020-08-14 09:33:41.630,2.888,16400
2020-08-14 09:34:08.810,2.9,3400
2020-08-14 09:35:38.200,2.9,6300
2020-08-14 09:37:24.320,2.9,100
2020-08-14 09:38:36.130,2.9,100
2020-08-14 09:39:28.540,2.911,1000
2020-08-14 09:43:38.080,2.9,700
2020-08-14 09:44:00.950,2.9,2800
2020-08-14 09:44:00.950,2.9,6900
2020-08-14 09:44:18.230,2.9,3100
2020-08-14 09:44:18.230,2.9,8700
2020-08-14 09:44:31.750,2.9,1000
2020-08-14 09:44:45.720,2.9,300
2020-08-14 09:44:45.720,2.9,700
2020-08-14 09:45:13.490,2.9,9000
2020-08-14 09:45:21.770,2.9,300
2020-08-14 09:45:21.770,2.9,9800
2020-08-14 09:46:11.620,2.9,200
2020-08-14 09:46:11.620,2.9,100
2020-08-14 09:46:29.990,2.909,100
2020-08-14 09:48:45.410,2.9,9900
2020-08-14 09:48:45.410,2.9,10000
2020-08-14 09:48:45.410,2.889,1700
2020-08-14 09:48:45.410,2.888,3600
2020-08-14 09:48:45.410,2.888,10000
2020-08-14 09:48:45.410,2.88,1000
2020-08-14 09:48:45.410,2.878,3000
2020-08-14 09:48:45.410,2.875,100
2020-08-14 09:48:45.410,2.865,13200
2020-08-14 09:48:45.410,2.86,200
2020-08-14 09:48:45.410,2.86,5000
2020-08-14 09:48:45.410,2.86,5000
2020-08-14 09:48:45.410,2.779,900
2020-08-14 09:48:45.410,2.779,1400
2020-08-14 09:49:51.980,2.909,2400
2020-08-14 09:49:51.980,2.909,600
2020-08-14 09:50:24.200,2.908,100
2020-08-14 09:50:24.200,2.909,900
2020-08-14 09:50:41.260,2.908,600
2020-08-14 09:50:59.390,2.89,2000
2020-08-14 09:50:59.390,2.89,8500
2020-08-14 09:50:59.390,2.888,4500
2020-08-14 09:51:40.970,2.891,10000
2020-08-14 09:51:40.970,2.891,2000
2020-08-14 09:51:41.750,2.891,1700
2020-08-14 09:51:46.350,2.895,4800
2020-08-14 09:51:46.350,2.895,1200
2020-08-14 09:51:48.330,2.896,14300
2020-08-14 09:52:04.600,2.896,5700
2020-08-14 09:52:04.600,2.896,8600
2020-08-14 09:53:02.890,2.896,11400
2020-08-14 09:53:02.890,2.896,3700
2020-08-14 09:54:08.180,2.897,1000
2020-08-14 09:54:53.770,2.898,1900
2020-08-14 09:55:29.300,2.907,3000
2020-08-14 09:55:36.060,2.907,100
2020-08-14 09:55:39.800,2.907,300
2020-08-14 09:55:39.800,2.907,700
2020-08-14 09:55:39.800,2.907,1000
2020-08-14 10:00:09.770,2.906,500
2020-08-14 10:00:18.030,2.906,600
2020-08-14 10:00:51.720,2.899,1000
2020-08-14 10:01:06.230,2.898,500
2020-08-14 10:02:02.130,2.889,5000
2020-08-14 10:07:08.520,2.889,5000
2020-08-14 10:07:49.090,2.898,400
2020-08-14 10:10:57.620,2.898,2700
2020-08-14 10:10:57.620,2.898,100
2020-08-14 10:11:08.930,2.898,200
2020-08-14 10:11:29.140,2.9,500
2020-08-14 10:11:29.140,2.9,3700
2020-08-14 10:13:37.760,2.889,5000
2020-08-14 10:19:42.260,2.891,6000
2020-08-14 10:21:18.990,2.9,1300
2020-08-14 10:21:33.960,2.9,800
2020-08-14 10:22:11.680,2.894,1200
2020-08-14 10:22:40.740,2.889,600
2020-08-14 10:22:49.480,2.889,100
2020-08-14 10:23:12.250,2.889,600
2020-08-14 10:31:42.830,2.891,100
2020-08-14 10:33:48.820,2.891,2900
2020-08-14 10:41:11.520,2.891,3500
2020-08-14 10:41:28.050,2.891,10000
2020-08-14 10:41:28.660,2.891,10000
2020-08-14 10:41:29.170,2.891,3400
2020-08-14 10:44:07.630,2.89,200
2020-08-14 10:46:43.020,2.888,2000
2020-08-14 10:46:43.020,2.888,1000
2020-08-14 10:46:46.380,2.888,400
2020-08-14 10:47:19.510,2.888,600
2020-08-14 10:47:42.510,2.888,9400
2020-08-14 10:48:16.540,2.888,600
2020-08-14 10:48:16.540,2.888,1600
2020-08-14 11:00:34.430,2.89,2900
2020-08-14 11:00:34.430,2.89,1000
2020-08-14 11:02:07.320,2.887,500
2020-08-14 11:02:34.260,2.887,10000
2020-08-14 11:02:42.070,2.887,9900
2020-08-14 11:10:20.090,2.883,200
2020-08-14 11:12:26.630,2.883,4900
2020-08-14 11:12:52.930,2.883,1800
2020-08-14 11:21:41.080,2.889,10000
2020-08-14 11:22:13.330,2.892,10000
2020-08-14 11:23:39.930,2.898,2000
2020-08-14 11:24:43.050,2.898,1000
2020-08-14 11:24:56.130,2.898,1000
2020-08-14 11:26:07.160,2.898,300
2020-08-14 13:00:02.610,2.885,1000
2020-08-14 13:04:57.270,2.887,1700
2020-08-14 13:05:33.070,2.896,5500
2020-08-14 13:10:32.240,2.889,100
2020-08-14 13:21:23.240,2.89,200
2020-08-14 13:21:23.580,2.898,3000
2020-08-14 13:21:25.310,2.9,300
2020-08-14 13:22:02.210,2.9,300
2020-08-14 13:25:14.010,2.906,200
2020-08-14 13:27:57.760,2.903,600
2020-08-14 13:28:31.800,2.906,900
2020-08-14 13:30:22.190,2.903,400
2020-08-14 13:30:41.210,2.903,500
2020-08-14 13:32:23.950,2.903,300
2020-08-14 13:32:23.950,2.903,1000
2020-08-14 13:41:36.780,2.902,3300
2020-08-14 13:41:36.780,2.902,200
2020-08-14 13:41:42.080,2.903,700
2020-08-14 13:41:42.080,2.903,6000
2020-08-14 13:41:48.290,2.903,1700
2020-08-14 13:42:19.130,2.903,500
2020-08-14 13:43:31.630,2.903,600
2020-08-14 13:46:59.220,2.903,3400
2020-08-14 13:47:25.980,2.904,2100
2020-08-14 13:48:46.160,2.9,200
2020-08-14 13:50:27.940,2.892,600
2020-08-14 13:51:11.630,2.892,9400
2020-08-14 13:51:24.120,2.892,600
2020-08-14 13:52:48.040,2.9,100
2020-08-14 13:52:48.040,2.9,1600
2020-08-14 13:52:50.430,2.9,1400
2020-08-14 13:52:52.800,2.9,1400
2020-08-14 13:53:41.790,2.9,1200
2020-08-14 13:53:43.900,2.9,1000
2020-08-14 13:53:54.330,2.9,3400
2020-08-14 13:53:54.330,2.9,4300
2020-08-14 13:55:59.060,2.897,4000
2020-08-14 13:56:21.720,2.904,1300
2020-08-14 13:56:21.720,2.905,5000
2020-08-14 13:56:21.720,2.906,2100
2020-08-14 13:56:21.720,2.906,13900
2020-08-14 13:56:21.720,2.906,12000
2020-08-14 13:57:12.760,2.908,1000
2020-08-14 13:57:45.140,2.908,2500
2020-08-14 13:57:47.170,2.908,3500
2020-08-14 13:57:47.170,2.909,2800
2020-08-14 13:57:47.170,2.909,10000
2020-08-14 13:58:10.630,2.91,5000
2020-08-14 13:58:10.630,2.91,1500
2020-08-14 13:58:10.630,2.91,3500
2020-08-14 13:59:48.600,2.91,500
2020-08-14 14:09:49.070,2.91,500
2020-08-14 14:09:49.070,2.91,5100
2020-08-14 14:09:49.070,2.91,1300
2020-08-14 14:09:49.070,2.91,10000
2020-08-14 14:09:49.070,2.91,3000
2020-08-14 14:09:49.070,2.91,25000
2020-08-14 14:09:49.070,2.91,5000
2020-08-14 14:09:49.070,2.91,15900
2020-08-14 14:09:54.960,2.911,4100
2020-08-14 14:09:54.960,2.911,5000
2020-08-14 14:09:54.960,2.911,3400
2020-08-14 14:09:54.960,2.911,2000
2020-08-14 14:09:54.960,2.911,3000
2020-08-14 14:11:42.730,2.911,800
2020-08-14 14:13:38.370,2.911,2000
2020-08-14 14:13:54.500,2.911,1000
2020-08-14 14:13:54.500,2.911,1000
2020-08-14 14:15:45.790,2.912,1000
2020-08-14 14:15:45.790,2.914,10900
2020-08-14 14:15:55.780,2.916,2000
2020-08-14 14:15:55.780,2.918,6900
2020-08-14 14:15:55.780,2.918,3400
2020-08-14 14:15:55.780,2.919,11600
2020-08-14 14:15:55.780,2.919,5000
2020-08-14 14:16:38.600,2.901,1000
2020-08-14 14:18:52.210,2.918,2000
2020-08-14 14:18:52.210,2.919,3000
2020-08-14 14:18:52.210,2.919,39700
2020-08-14 14:18:52.210,2.919,2000
2020-08-14 14:20:06.580,2.92,700
2020-08-14 14:20:09.890,2.92,700
2020-08-14 14:22:04.420,2.905,100
2020-08-14 14:23:18.720,2.905,500
2020-08-14 14:23:50.550,2.92,100
2020-08-14 14:24:04.000,2.92,2500
2020-08-14 14:24:20.510,2.92,1000
2020-08-14 14:24:20.510,2.92,1800
2020-08-14 14:24:20.510,2.92,2000
2020-08-14 14:24:20.510,2.92,5000
2020-08-14 14:24:20.510,2.92,10000
2020-08-14 14:24:20.510,2.92,1500
2020-08-14 14:25:59.640,2.907,100
2020-08-14 14:26:00.120,2.907,100
2020-08-14 14:26:00.620,2.907,100
2020-08-14 14:26:01.060,2.907,100
2020-08-14 14:26:01.480,2.907,100
2020-08-14 14:26:01.870,2.907,100
2020-08-14 14:26:02.300,2.907,100
2020-08-14 14:26:11.180,2.907,300
2020-08-14 14:28:29.320,2.922,2000
2020-08-14 14:28:29.320,2.922,10000
2020-08-14 14:28:38.740,2.908,200
2020-08-14 14:28:39.210,2.908,300
2020-08-14 14:28:39.420,2.908,400
2020-08-14 14:28:39.520,2.908,400
2020-08-14 14:28:39.610,2.908,200
2020-08-14 14:28:40.090,2.908,200
2020-08-14 14:28:40.480,2.908,300
2020-08-14 14:28:40.820,2.908,400
2020-08-14 14:28:40.910,2.908,200
2020-08-14 14:28:41.350,2.908,400
2020-08-14 14:28:41.410,2.923,200
2020-08-14 14:29:30.400,2.922,6000
2020-08-14 14:29:30.400,2.923,900
2020-08-14 14:30:25.480,2.923,1100
2020-08-14 14:31:02.220,2.925,600
2020-08-14 14:31:02.220,2.925,10000
2020-08-14 14:33:46.480,2.928,700
2020-08-14 14:33:46.480,2.929,1300
2020-08-14 14:33:58.140,2.927,300
2020-08-14 14:33:58.140,2.929,1400
2020-08-14 14:34:17.840,2.929,3000
2020-08-14 14:34:52.100,2.929,4100
2020-08-14 14:36:05.740,2.925,10000
2020-08-14 14:36:21.940,2.925,700
2020-08-14 14:36:37.430,2.925,3000
2020-08-14 14:37:38.290,2.925,35000
2020-08-14 14:38:57.060,2.927,200
2020-08-14 14:39:16.780,2.927,800
2020-08-14 14:40:38.940,2.927,9500
2020-08-14 14:42:28.010,2.928,800
2020-08-14 14:43:26.370,2.929,1000
2020-08-14 14:43:48.160,2.928,9200
2020-08-14 14:44:32.720,2.929,14200
2020-08-14 14:44:32.720,2.929,1000
2020-08-14 14:44:32.720,2.929,3000
2020-08-14 14:44:32.720,2.929,30000
2020-08-14 14:44:32.720,2.929,5000
2020-08-14 14:44:32.720,2.929,100
2020-08-14 14:44:36.750,2.929,9300
2020-08-14 14:45:30.160,2.929,4300
2020-08-14 14:45:38.240,2.929,10000
2020-08-14 14:46:26.460,2.93,6000
2020-08-14 14:46:26.460,2.93,1000
2020-08-14 14:46:26.460,2.93,5000
2020-08-14 14:46:26.460,2.93,8500
2020-08-14 14:47:42.680,2.931,5000
2020-08-14 14:47:43.960,2.931,100
2020-08-14 14:47:47.740,2.931,1000
2020-08-14 14:47:57.890,2.931,100
2020-08-14 14:47:58.030,2.931,20400
2020-08-14 14:48:26.700,2.932,10000
2020-08-14 14:48:26.700,2.933,40300
2020-08-14 14:48:26.700,2.933,1800
2020-08-14 14:49:56.020,2.935,2000
2020-08-14 14:49:56.020,2.935,5000
2020-08-14 14:52:10.910,2.937,3000
2020-08-14 14:52:35.010,2.935,5000
2020-08-14 14:54:12.310,2.936,200
2020-08-14 14:54:20.940,2.935,1000
2020-08-14 14:54:22.640,2.935,4100
2020-08-14 14:54:31.870,2.936,800
2020-08-14 14:54:31.870,2.936,1800
2020-08-14 14:54:31.870,2.936,2000
2020-08-14 14:54:35.430,2.936,1200
2020-08-14 14:54:35.430,2.936,12000
2020-08-14 14:55:04.320,2.936,200
2020-08-14 14:55:15.400,2.937,1000
2020-08-14 14:55:28.040,2.937,1500
2020-08-14 14:55:45.650,2.936,2100
2020-08-14 14:56:12.960,2.936,100
2020-08-14 14:56:18.420,2.936,1000
2020-08-14 14:56:26.490,2.936,5000
2020-08-14 14:56:43.350,2.936,200
2020-08-14 14:56:48.880,2.936,1500
2020-08-14 14:56:58.410,2.936,2000
2020-08-14 14:57:12.630,2.935,2200
2020-08-14 14:57:14.060,2.935,100
2020-08-14 14:57:34.220,2.936,3000
2020-08-14 14:57:46.460,2.935,4400
2020-08-14 14:58:05.580,2.936,2400
2020-08-14 14:58:05.580,2.936,200
2020-08-14 14:58:05.580,2.936,4000
2020-08-14 14:58:05.580,2.936,6800
2020-08-14 14:58:05.580,2.936,26300
2020-08-14 14:58:19.150,2.935,200
2020-08-14 14:58:50.520,2.935,4800
2020-08-14 14:59:00.440,2.921,1000
2020-08-14 14:59:00.440,2.92,300
2020-08-14 14:59:57.820,2.935,5500
