Datetime,Lastprice,Volume,Precloseprice,AvgPrice,Iopv,Netvalue,Bid[0],BidQty[0],Bid[1],BidQty[1],Bid[2],BidQty[2],Bid[3],BidQty[3],Bid[4],BidQty[4],Bid[5],BidQty[5],Bid[6],BidQty[6],Bid[7],BidQty[7],Bid[8],BidQty[8],Bid[9],BidQty[9],Ask[0],AskQty[0],Ask[1],AskQty[1],Ask[2],AskQty[2],Ask[3],AskQty[3],Ask[4],AskQty[4],Ask[5],AskQty[5],Ask[6],AskQty[6],Ask[7],AskQty[7],Ask[8],AskQty[8],Ask[9],AskQty[9]
2020-08-14 09:30:20.600,2.9,100.0,2.895,2.9,2.887,2.897,2.888,100,2.865,13200,2.86,35200,2.779,20900,2.775,4000,2.773,10000,2.688,1000,2.608,2000,2.606,100,0.0,0,2.9,29900,2.916,35100,2.918,6900,2.919,10000,2.92,5000,2.929,3000,2.939,100,2.95,2600,2.99,5000,3.0,24400
2020-08-14 09:32:31.910,2.888,100.0,2.895,2.894,2.895,2.897,2.865,13200,2.86,40200,2.779,20900,2.775,4500,2.773,10000,2.749,100,2.688,1000,2.608,2000,2.606,100,0.0,0,2.888,49900,2.9,9700,2.912,100,2.916,37100,2.918,6900,2.919,10000,2.92,5000,2.929,28000,2.939,100,2.95,2600
2020-08-14 09:32:34.730,2.888,6200.0,2.895,2.888188,2.895,2.897,2.865,13200,2.86,40200,2.779,20900,2.775,4500,2.773,10000,2.749,100,2.688,1000,2.608,2000,2.606,100,0.0,0,2.888,43700,2.9,9700,2.912,100,2.916,37100,2.918,6900,2.919,10000,2.92,5000,2.929,28000,2.939,100,2.95,2600
2020-08-14 09:32:36.270,2.888,6100.0,2.895,2.888096,2.895,2.897,2.865,13200,2.86,40200,2.779,20900,2.775,4500,2.773,10000,2.749,100,2.688,1000,2.608,2000,2.606,100,0.0,0,2.888,37600,2.9,9700,2.912,100,2.916,37100,2.918,6900,2.919,10000,2.92,5000,2.929,28000,2.939,100,2.95,2600
2020-08-14 09:32:39.530,2.888,5900.0,2.895,2.888065,2.895,2.897,2.875,100,2.865,13200,2.86,40200,2.779,20900,2.775,4500,2.773,10000,2.749,100,2.688,1000,2.608,2000,2.606,100,2.888,31700,2.9,9700,2.912,100,2.916,37100,2.918,6900,2.919,10000,2.92,5000,2.929,28000,2.939,100,2.95,2600
2020-08-14 09:32:42.810,2.888,8500.0,2.895,2.888045,2.895,2.897,2.875,100,2.865,13200,2.86,40200,2.779,20900,2.775,4500,2.773,10000,2.749,100,2.688,1000,2.608,2000,2.606,100,2.888,23200,2.9,9700,2.912,100,2.916,37100,2.918,6900,2.919,10000,2.92,5000,2.929,28000,2.939,100,2.95,2600
2020-08-14 09:32:45.890,2.888,6800.0,2.895,2.888036,2.894,2.897,2.876,7000,2.875,100,2.865,13200,2.86,40200,2.779,20900,2.775,4500,2.773,10000,2.749,100,2.688,1000,2.608,2000,2.888,16400,2.9,9700,2.912,100,2.916,37100,2.918,6900,2.919,10000,2.92,5000,2.929,28000,2.939,100,2.95,2600
2020-08-14 09:33:20.930,2.876,1100.0,2.895,2.887655,2.893,2.897,2.876,5900,2.875,100,2.865,13200,2.86,40200,2.779,20900,2.775,4500,2.773,10000,2.749,100,2.688,1000,2.608,2000,2.888,16400,2.9,9700,2.912,100,2.916,37100,2.918,6900,2.919,10000,2.92,5000,2.929,28000,2.939,100,2.95,2600
2020-08-14 09:33:41.630,2.888,16400.0,2.895,2.887766,2.895,2.897,2.888,3600,2.876,8900,2.875,100,2.865,13200,2.86,40200,2.779,20900,2.775,4500,2.773,10000,2.749,100,2.688,1000,2.9,9700,2.912,100,2.916,37100,2.918,6900,2.919,10000,2.92,5000,2.929,28000,2.939,100,2.95,2600,2.988,500
2020-08-14 09:34:08.810,2.9,3400.0,2.895,2.888527,2.899,2.897,2.888,3600,2.878,3000,2.876,3000,2.875,100,2.865,13200,2.86,40200,2.779,20900,2.775,4500,2.773,10000,2.749,100,2.9,6300,2.912,100,2.916,37100,2.918,6900,2.919,10000,2.92,5000,2.929,28000,2.939,100,2.95,2600,2.988,500
2020-08-14 09:35:38.200,2.9,6300.0,2.895,2.889714,2.898,2.897,2.9,3700,2.888,13600,2.878,23000,2.876,3000,2.875,100,2.865,13200,2.86,40200,2.779,20900,2.775,4500,2.773,10000,2.912,100,2.916,37100,2.918,6900,2.919,10000,2.92,5000,2.929,28000,2.939,100,2.95,2600,2.988,500,2.99,5500
2020-08-14 09:37:24.320,2.9,100.0,2.895,2.8897310000000003,2.902,2.897,2.9,3600,2.888,13600,2.878,23000,2.875,100,2.865,13200,2.86,10200,2.779,20900,2.775,4500,2.773,10000,2.749,100,2.912,23400,2.916,7100,2.918,6900,2.919,10000,2.92,5000,2.929,28000,2.939,100,2.95,2600,2.978,2000,2.988,500
2020-08-14 09:38:36.130,2.9,100.0,2.895,2.889748,2.902,2.897,2.9,3500,2.888,13600,2.878,23000,2.875,100,2.865,13200,2.86,10200,2.779,20900,2.775,4500,2.773,10000,2.749,100,2.912,23400,2.916,7100,2.918,6900,2.919,10000,2.92,5000,2.929,28000,2.939,100,2.95,2600,2.968,10600,2.978,2000
2020-08-14 09:39:28.540,2.911,1000.0,2.895,2.8900900000000003,2.901,2.897,2.9,3500,2.888,13600,2.878,3000,2.875,100,2.865,13200,2.86,10200,2.779,20900,2.775,4500,2.773,10000,2.749,100,2.911,4100,2.912,23400,2.916,2000,2.918,6900,2.919,10000,2.92,5000,2.929,28000,2.939,100,2.95,2600,2.968,10600
2020-08-14 09:43:38.080,2.9,700.0,2.895,2.890201,2.906,2.897,2.9,2800,2.888,13600,2.88,1000,2.878,3000,2.875,100,2.865,13200,2.86,10200,2.779,20900,2.775,4500,2.773,10000,2.909,2500,2.911,7100,2.912,3700,2.916,2000,2.918,6900,2.919,10000,2.92,5000,2.929,28000,2.93,3400,2.939,100
2020-08-14 09:44:00.950,2.9,9700.0,2.895,2.891512,2.907,2.897,2.9,3100,2.888,13600,2.88,1000,2.878,3000,2.875,100,2.865,13200,2.86,10200,2.779,20900,2.775,4500,2.773,10000,2.909,2500,2.911,7100,2.912,3700,2.916,2000,2.918,6900,2.919,10000,2.92,5000,2.929,28000,2.93,3400,2.939,100
2020-08-14 09:44:18.230,2.9,11800.0,2.895,2.8927,2.909,2.897,2.9,1300,2.888,13600,2.88,1000,2.878,3000,2.875,100,2.865,13200,2.86,10200,2.779,20900,2.775,4500,2.773,10000,2.909,2500,2.911,7100,2.912,3700,2.916,2000,2.918,6900,2.919,10000,2.92,5000,2.929,28000,2.93,3400,2.939,100
2020-08-14 09:44:31.750,2.9,1000.0,2.895,2.892785,2.909,2.897,2.9,20300,2.888,13600,2.88,1000,2.878,3000,2.875,100,2.865,13200,2.86,10200,2.779,20900,2.775,4500,2.773,10000,2.909,2500,2.911,7100,2.912,3700,2.916,2000,2.918,6900,2.919,10000,2.92,5000,2.929,28000,2.93,3400,2.939,100
2020-08-14 09:44:45.720,2.9,1000.0,2.895,2.8928689999999997,2.909,2.897,2.9,19300,2.888,13600,2.88,1000,2.878,3000,2.875,100,2.865,13200,2.86,10200,2.779,20900,2.775,4500,2.773,10000,2.909,2500,2.911,7100,2.912,3700,2.916,2000,2.918,6900,2.919,10000,2.92,5000,2.929,28000,2.93,3400,2.939,100
2020-08-14 09:45:13.490,2.9,9000.0,2.895,2.8935419999999996,2.91,2.897,2.9,10300,2.888,13600,2.88,1000,2.878,3000,2.875,100,2.865,13200,2.86,10200,2.779,20900,2.775,4500,2.773,10000,2.909,2500,2.911,12100,2.912,3700,2.916,2000,2.918,6900,2.919,10000,2.92,5000,2.929,28000,2.93,3400,2.939,100
2020-08-14 09:45:21.770,2.9,10100.0,2.895,2.894161,2.911,2.897,2.9,200,2.888,13600,2.88,1000,2.878,3000,2.875,100,2.865,13200,2.86,10200,2.779,20900,2.775,4500,2.773,10000,2.909,2500,2.911,12100,2.912,3700,2.916,2000,2.918,6900,2.919,10000,2.92,5000,2.929,28000,2.93,3400,2.939,100
2020-08-14 09:46:11.620,2.9,300.0,2.895,2.8941779999999997,2.908,2.897,2.9,19900,2.888,13600,2.88,1000,2.878,3000,2.875,100,2.865,13200,2.86,10200,2.779,20900,2.775,4500,2.773,10000,2.909,2500,2.911,22700,2.912,3700,2.916,2000,2.918,6900,2.919,10000,2.92,5000,2.925,600,2.929,28000,2.93,3400
2020-08-14 09:46:29.990,2.909,100.0,2.895,2.894192,2.907,2.897,2.9,19900,2.888,13600,2.88,1000,2.878,3000,2.875,100,2.865,13200,2.86,10200,2.779,20900,2.775,4500,2.773,10000,2.909,2400,2.911,22700,2.912,3700,2.916,2000,2.918,6900,2.919,10000,2.92,5000,2.925,600,2.929,28000,2.93,3400
2020-08-14 09:48:45.410,2.779,65000.0,2.895,2.888096,2.91,2.897,2.779,18600,2.775,4500,2.773,10000,2.749,100,2.688,1000,2.608,2000,2.606,100,0.0,0,0.0,0,0.0,0,2.909,6700,2.91,5000,2.911,22700,2.912,3700,2.914,10900,2.916,2000,2.918,6900,2.919,10000,2.92,5000,2.925,600
2020-08-14 09:49:51.980,2.909,3000.0,2.895,2.888457,2.913,2.897,2.862,2900,2.861,2800,2.857,1900,2.855,1900,2.853,20000,2.852,3600,2.803,5000,2.802,98000,2.8,8300,2.781,20000,2.909,3700,2.91,5000,2.911,12100,2.912,3700,2.914,10900,2.916,2000,2.918,6900,2.919,10000,2.92,5000,2.925,600
2020-08-14 09:50:24.200,2.909,1000.0,2.895,2.888574,2.917,2.897,2.88,10000,2.879,1500,2.869,2400,2.868,800,2.861,2800,2.857,1900,2.855,1900,2.853,20000,2.852,3600,2.803,5000,2.909,6200,2.91,5000,2.911,12100,2.912,3700,2.914,10900,2.916,2000,2.918,6900,2.919,10000,2.92,5000,2.925,600
2020-08-14 09:50:41.260,2.908,600.0,2.895,2.88864,2.917,2.897,2.887,300000,2.885,10000,2.882,6600,2.881,1000,2.88,12400,2.879,1500,2.861,12800,2.857,1900,2.855,1900,2.853,20000,2.908,4400,2.909,16800,2.91,6500,2.911,12100,2.912,3700,2.914,10900,2.916,2000,2.918,6900,2.919,10000,2.92,5000
2020-08-14 09:50:59.390,2.888,15000.0,2.895,2.8887,2.917,2.897,2.891,400,2.888,5500,2.887,300500,2.885,10000,2.882,6600,2.881,1000,2.88,17400,2.879,1500,2.861,12800,2.857,1900,2.908,10400,2.909,6200,2.91,6500,2.911,12100,2.912,3700,2.914,10900,2.916,2000,2.918,6900,2.919,10000,2.92,5000
2020-08-14 09:51:40.970,2.891,12000.0,2.895,2.888836,2.915,2.897,2.888,5500,2.887,300500,2.885,10000,2.882,6600,2.881,1000,2.88,15000,2.879,1500,2.861,12800,2.857,1900,2.855,1900,2.891,1700,2.907,3400,2.908,7400,2.909,2800,2.91,11000,2.911,12100,2.912,3700,2.914,10900,2.916,2000,2.918,6900
2020-08-14 09:51:41.750,2.891,1700.0,2.895,2.8888540000000003,2.915,2.897,2.895,4800,2.888,5500,2.887,300500,2.885,10000,2.882,6600,2.881,1000,2.88,15000,2.879,1500,2.861,12800,2.857,1900,2.907,3400,2.908,7400,2.909,2800,2.91,11000,2.911,12100,2.912,3700,2.914,10900,2.916,2000,2.918,6900,2.919,10000
2020-08-14 09:51:46.350,2.895,6000.0,2.895,2.88903,2.915,2.897,2.895,18800,2.888,5500,2.887,300500,2.885,10000,2.882,6600,2.881,1000,2.88,15000,2.879,1500,2.861,12800,2.857,1900,2.907,3400,2.908,7400,2.909,2800,2.91,11000,2.911,12100,2.912,3700,2.914,10900,2.916,2000,2.918,6900,2.919,10000
2020-08-14 09:51:48.330,2.896,14300.0,2.895,2.8894740000000003,2.915,2.897,2.896,5700,2.895,18800,2.888,5500,2.887,300500,2.885,10000,2.882,6600,2.881,1000,2.88,15000,2.861,12800,2.857,1900,2.907,3400,2.908,7400,2.909,12800,2.91,11000,2.911,12100,2.912,3700,2.914,10900,2.916,2000,2.918,6900,2.919,10000
2020-08-14 09:52:04.600,2.896,14300.0,2.895,2.8898650000000004,2.914,2.897,2.896,11400,2.888,85500,2.887,500,2.885,10000,2.882,6600,2.881,1000,2.88,15000,2.861,12800,2.857,1900,2.855,1900,2.907,3400,2.908,7400,2.909,12800,2.91,11000,2.911,12100,2.912,3700,2.914,10900,2.916,2000,2.918,6900,2.919,10000
2020-08-14 09:53:02.890,2.896,15100.0,2.895,2.89023,2.915,2.897,2.896,16300,2.888,5500,2.887,500,2.885,10000,2.883,5100,2.882,6600,2.881,1000,2.88,15000,2.861,12800,2.857,1900,2.907,3400,2.908,13400,2.909,23400,2.91,11000,2.911,12100,2.912,3700,2.914,10900,2.916,2000,2.918,6900,2.919,10000
2020-08-14 09:54:08.180,2.897,1000.0,2.895,2.890257,2.913,2.897,2.897,24000,2.888,5500,2.887,20500,2.885,10000,2.883,5100,2.882,6600,2.881,1000,2.88,15000,2.861,12800,2.857,1900,2.907,5100,2.908,13400,2.909,23400,2.91,11000,2.911,12100,2.912,3700,2.914,10900,2.916,2000,2.918,6900,2.919,10000
2020-08-14 09:54:53.770,2.898,1900.0,2.895,2.890314,2.913,2.897,2.898,500,2.897,24000,2.888,5500,2.887,20500,2.885,10000,2.883,5100,2.882,6600,2.881,1000,2.88,18000,2.861,12800,2.907,5100,2.908,9000,2.909,23400,2.91,11000,2.911,12100,2.912,3700,2.914,10900,2.916,2000,2.918,6900,2.919,10000
2020-08-14 09:55:29.300,2.907,3000.0,2.895,2.890507,2.912,2.897,2.898,21500,2.897,4000,2.888,5500,2.887,20500,2.885,10000,2.883,5100,2.882,6600,2.881,1000,2.88,18000,2.861,12800,2.907,2100,2.908,9000,2.909,23400,2.91,11000,2.911,12100,2.912,3700,2.914,10900,2.916,2000,2.918,6900,2.919,10000
2020-08-14 09:55:36.060,2.907,100.0,2.895,2.890513,2.911,2.897,2.898,21500,2.897,4000,2.888,5500,2.887,20500,2.885,10000,2.883,5100,2.882,6600,2.881,1000,2.88,18000,2.861,12800,2.907,2000,2.908,9000,2.909,23400,2.91,11000,2.911,12100,2.912,3700,2.914,10900,2.916,2000,2.918,6900,2.919,10000
2020-08-14 09:55:39.800,2.907,2000.0,2.895,2.8906389999999997,2.911,2.897,2.898,21500,2.897,4000,2.888,5500,2.887,20500,2.885,10000,2.883,5100,2.882,6600,2.881,1000,2.88,18000,2.861,12800,2.908,9000,2.909,23400,2.91,11000,2.911,12100,2.912,3700,2.914,10900,2.916,2000,2.918,6900,2.919,10000,2.92,5000
2020-08-14 10:00:09.770,2.906,500.0,2.895,2.8906680000000002,2.904,2.897,2.906,600,2.899,1000,2.898,500,2.888,5500,2.887,20500,2.885,10000,2.883,5100,2.882,6600,2.881,1000,2.88,18000,2.907,22300,2.908,50600,2.909,23400,2.91,16100,2.911,9100,2.912,3700,2.914,10900,2.916,2000,2.918,6900,2.919,21600
2020-08-14 10:00:18.030,2.906,600.0,2.895,2.890703,2.903,2.897,2.899,1000,2.898,500,2.889,10000,2.888,5500,2.887,20500,2.885,10000,2.883,5100,2.882,6600,2.881,1000,2.88,18000,2.906,9400,2.907,22300,2.908,50600,2.909,23400,2.91,16100,2.911,9100,2.912,3700,2.914,10900,2.916,2000,2.918,6900
2020-08-14 10:00:51.720,2.899,1000.0,2.895,2.890735,2.899,2.897,2.898,500,2.889,10000,2.888,5500,2.887,20500,2.885,10000,2.883,5100,2.882,6600,2.881,1000,2.88,18000,2.876,100,2.899,9000,2.906,9400,2.907,22300,2.908,50600,2.909,23400,2.91,16100,2.911,9100,2.912,3700,2.914,10900,2.916,2000
2020-08-14 10:01:06.230,2.898,500.0,2.895,2.890748,2.898,2.897,2.889,10000,2.888,5500,2.887,20500,2.885,10000,2.883,5100,2.882,6600,2.881,1000,2.88,18000,2.876,100,2.875,100,2.898,3100,2.899,9000,2.906,9400,2.907,22300,2.908,50600,2.909,23400,2.91,16100,2.911,9100,2.912,100,2.914,10900
2020-08-14 10:02:02.130,2.889,5000.0,2.895,2.890716,2.899,2.897,2.889,5000,2.887,20500,2.885,10000,2.883,5100,2.882,6600,2.881,1000,2.88,18000,2.876,100,2.875,100,2.863,10000,2.898,3100,2.9,500,2.906,9400,2.907,22300,2.908,50600,2.909,12800,2.91,16100,2.911,9100,2.912,100,2.914,10900
2020-08-14 10:07:08.520,2.889,5000.0,2.895,2.890685,2.9,2.897,2.889,10000,2.888,2000,2.887,20500,2.885,10000,2.883,5100,2.881,1000,2.88,18000,2.876,100,2.875,100,2.863,10000,2.898,3200,2.9,5500,2.905,3000,2.906,9400,2.907,32600,2.908,50600,2.909,12800,2.91,17400,2.911,9100,2.912,100
2020-08-14 10:07:49.090,2.898,400.0,2.895,2.890695,2.9,2.897,2.889,10000,2.888,2000,2.887,20500,2.885,10000,2.883,5100,2.881,1000,2.88,28000,2.876,100,2.875,100,2.863,10000,2.898,2800,2.9,5500,2.905,3000,2.906,9400,2.907,32600,2.908,50600,2.909,12800,2.91,17400,2.911,9100,2.912,100
2020-08-14 10:10:57.620,2.898,2800.0,2.895,2.8907689999999997,2.896,2.897,2.898,200,2.889,10000,2.888,2000,2.887,20500,2.885,10000,2.883,5100,2.881,1000,2.88,31000,2.876,100,2.875,100,2.9,5500,2.905,3000,2.906,9400,2.907,32600,2.908,50600,2.909,12800,2.91,17400,2.911,9100,2.912,100,2.914,10900
2020-08-14 10:11:08.930,2.898,200.0,2.895,2.890774,2.896,2.897,2.889,10000,2.888,2000,2.887,20500,2.885,10000,2.883,5100,2.881,1000,2.88,31000,2.876,100,2.875,100,2.863,10000,2.898,9800,2.9,5500,2.905,3000,2.906,9400,2.907,32600,2.908,50600,2.909,12800,2.91,17400,2.911,9100,2.912,100
2020-08-14 10:11:29.140,2.9,4200.0,2.895,2.8909119999999997,2.9,2.897,2.889,10000,2.888,2000,2.887,20500,2.885,10000,2.883,5100,2.881,1000,2.88,31000,2.876,100,2.875,100,2.863,10000,2.9,1300,2.905,3000,2.906,9400,2.907,32600,2.908,50600,2.909,12800,2.91,17400,2.911,9100,2.912,100,2.914,10900
2020-08-14 10:13:37.760,2.889,5000.0,2.895,2.890878,2.9,2.897,2.889,5000,2.888,2000,2.887,20500,2.885,10000,2.883,5100,2.881,1000,2.88,31000,2.876,100,2.875,100,2.863,10000,2.9,1300,2.904,10000,2.905,3000,2.906,9400,2.907,32600,2.908,50600,2.909,12800,2.91,17400,2.911,9100,2.912,100
2020-08-14 10:19:42.260,2.891,6000.0,2.895,2.8908810000000003,2.905,2.897,2.891,4000,2.89,300000,2.889,15000,2.888,4000,2.887,20500,2.885,10000,2.883,5100,2.881,1000,2.88,31000,2.876,100,2.9,1300,2.904,10000,2.905,3000,2.906,9400,2.907,32600,2.908,50600,2.909,12800,2.91,17400,2.911,9100,2.912,100
2020-08-14 10:21:18.990,2.9,1300.0,2.895,2.890921,2.902,2.897,2.9,800,2.891,14000,2.89,300000,2.889,15000,2.888,4000,2.887,20500,2.885,10000,2.883,5100,2.881,1000,2.88,31000,2.904,10000,2.905,3000,2.906,9400,2.907,32600,2.908,50600,2.909,12800,2.91,17400,2.911,9100,2.912,100,2.914,10900
2020-08-14 10:21:33.960,2.9,800.0,2.895,2.890946,2.902,2.897,2.891,14000,2.89,300000,2.889,15000,2.888,4000,2.887,20500,2.885,10000,2.883,5100,2.881,1000,2.88,31000,2.876,100,2.9,9200,2.904,10000,2.905,3000,2.906,9400,2.907,32600,2.908,50600,2.909,12800,2.91,17400,2.911,9100,2.912,100
2020-08-14 10:22:11.680,2.894,1200.0,2.895,2.8909580000000004,2.902,2.897,2.894,8800,2.889,15000,2.888,4000,2.887,20500,2.885,10000,2.883,5100,2.881,1000,2.88,31000,2.876,100,2.875,100,2.904,10000,2.905,3000,2.906,9400,2.907,32600,2.908,50600,2.909,12800,2.91,17400,2.911,9100,2.912,100,2.914,10900
2020-08-14 10:22:40.740,2.889,600.0,2.895,2.8909540000000002,2.904,2.897,2.889,14400,2.888,4000,2.887,20500,2.885,10000,2.883,5100,2.881,1000,2.88,31000,2.876,100,2.875,100,2.863,10000,2.904,10000,2.905,3000,2.906,9400,2.907,32600,2.908,50600,2.909,12800,2.91,17400,2.911,9100,2.912,100,2.914,10900
2020-08-14 10:22:49.480,2.889,100.0,2.895,2.8909540000000002,2.903,2.897,2.889,14300,2.888,4000,2.887,20500,2.885,10000,2.883,5100,2.881,1000,2.88,31000,2.876,100,2.875,100,2.863,10000,2.904,10000,2.905,3000,2.906,9400,2.907,32600,2.908,50600,2.909,12800,2.91,17400,2.911,9100,2.912,100,2.914,10900
2020-08-14 10:23:12.250,2.889,600.0,2.895,2.89095,2.903,2.897,2.889,13700,2.888,4000,2.887,20500,2.885,10000,2.883,5100,2.881,1000,2.88,31000,2.876,100,2.875,100,2.863,10000,2.904,10000,2.905,3000,2.906,9400,2.907,32600,2.908,50600,2.909,12800,2.91,17400,2.911,9100,2.912,100,2.914,10900
2020-08-14 10:31:42.830,2.891,100.0,2.895,2.89095,2.902,2.897,2.891,13400,2.89,2900,2.889,13700,2.888,4000,2.887,20500,2.885,10000,2.883,5100,2.881,1000,2.88,31000,2.876,100,2.904,10000,2.905,3000,2.906,9400,2.907,32600,2.908,50600,2.909,12800,2.91,17400,2.911,9100,2.912,100,2.914,10900
2020-08-14 10:33:48.820,2.891,2900.0,2.895,2.89095,2.903,2.897,2.891,10500,2.89,2900,2.889,13700,2.888,4000,2.887,500,2.885,10000,2.883,5100,2.881,1000,2.88,31000,2.876,100,2.904,10000,2.905,3000,2.906,9400,2.907,32600,2.908,50600,2.909,12800,2.91,17400,2.911,9100,2.912,100,2.914,10900
2020-08-14 10:41:11.520,2.891,3500.0,2.895,2.890951,2.895,2.897,2.89,200,2.889,13700,2.888,4000,2.887,500,2.885,10000,2.883,5100,2.881,1000,2.88,31000,2.876,100,2.875,100,2.891,23400,2.904,10000,2.905,3000,2.906,9400,2.907,32600,2.908,50600,2.909,12800,2.91,17400,2.911,9100,2.912,100
2020-08-14 10:41:28.050,2.891,10000.0,2.895,2.890952,2.898,2.897,2.89,200,2.889,13700,2.888,4000,2.887,500,2.885,10000,2.883,5100,2.881,1000,2.88,31000,2.876,100,2.875,100,2.891,13400,2.904,10000,2.905,3000,2.906,9400,2.907,32600,2.908,50600,2.909,12800,2.91,17400,2.911,9100,2.912,100
2020-08-14 10:41:29.170,2.891,13400.0,2.895,2.8909540000000002,2.898,2.897,2.891,6600,2.89,200,2.889,13700,2.888,4000,2.887,500,2.885,10000,2.883,5100,2.881,1000,2.88,31000,2.876,100,2.904,10000,2.905,3000,2.906,9400,2.907,32600,2.908,50600,2.909,12800,2.91,17400,2.911,12500,2.912,100,2.914,10900
2020-08-14 10:44:07.630,2.89,200.0,2.895,2.8909540000000002,2.896,2.897,2.889,13700,2.888,4000,2.887,500,2.885,10000,2.883,5100,2.881,1000,2.88,31000,2.876,100,2.875,100,2.863,10000,2.89,400,2.904,10000,2.905,3000,2.906,9400,2.907,32600,2.908,50600,2.909,12800,2.91,17400,2.911,12500,2.912,100
2020-08-14 10:46:43.020,2.888,3000.0,2.895,2.890927,2.894,2.897,2.888,1000,2.887,500,2.885,10000,2.883,5100,2.881,1000,2.88,31000,2.876,100,2.875,100,2.863,10000,2.861,12800,2.904,10000,2.905,3000,2.906,9400,2.907,32600,2.908,50600,2.909,12800,2.91,17400,2.911,12500,2.912,100,2.914,10900
2020-08-14 10:46:46.380,2.888,400.0,2.895,2.890923,2.894,2.897,2.888,600,2.887,500,2.885,10000,2.883,5100,2.881,1000,2.88,31000,2.876,100,2.875,100,2.863,10000,2.861,12800,2.904,10000,2.905,3000,2.906,9400,2.907,32600,2.908,50600,2.909,12800,2.91,17400,2.911,12500,2.912,100,2.914,10900
2020-08-14 10:47:19.510,2.888,600.0,2.895,2.890918,2.894,2.897,2.887,500,2.885,10000,2.883,5100,2.881,1000,2.88,31000,2.876,100,2.875,100,2.863,10000,2.861,12800,2.853,10000,2.888,9400,2.904,10000,2.905,3000,2.906,9400,2.907,32600,2.908,50600,2.909,12800,2.91,17400,2.911,12500,2.912,100
2020-08-14 10:47:42.510,2.888,9400.0,2.895,2.890838,2.894,2.897,2.888,600,2.887,500,2.885,10000,2.883,5100,2.881,1000,2.88,31000,2.876,100,2.875,100,2.863,10000,2.861,12800,2.904,10000,2.905,3000,2.906,9400,2.907,32600,2.908,50600,2.909,12800,2.91,17400,2.911,12500,2.912,100,2.914,10900
2020-08-14 10:48:16.540,2.888,2200.0,2.895,2.890819,2.895,2.897,2.888,8400,2.887,500,2.885,10000,2.883,5100,2.881,1000,2.88,31000,2.876,100,2.875,100,2.863,10000,2.861,12800,2.904,10000,2.905,3000,2.906,9400,2.907,32600,2.908,50600,2.909,12800,2.91,17400,2.911,12500,2.912,100,2.914,10900
2020-08-14 11:00:34.430,2.89,3900.0,2.895,2.8908099999999997,2.895,2.897,2.887,500,2.885,10000,2.884,5900,2.883,5100,2.881,1000,2.88,31000,2.876,100,2.875,100,2.863,10000,2.861,12800,2.89,6700,2.904,10000,2.905,3000,2.906,9400,2.907,22000,2.908,50600,2.909,12800,2.91,17400,2.911,12500,2.912,100
2020-08-14 11:02:07.320,2.887,500.0,2.895,2.890805,2.891,2.897,2.885,10000,2.883,5100,2.881,1000,2.88,31000,2.876,100,2.875,100,2.863,10000,2.861,12800,2.853,10000,2.852,3600,2.887,19900,2.89,6700,2.904,10000,2.905,3000,2.906,9400,2.907,22000,2.908,50600,2.909,12800,2.91,17400,2.911,12500
2020-08-14 11:02:34.260,2.887,10000.0,2.895,2.890698,2.895,2.897,2.885,10000,2.883,5100,2.881,1000,2.88,31000,2.876,100,2.875,100,2.863,10000,2.861,12800,2.853,10000,2.852,3600,2.887,9900,2.89,6700,2.903,2900,2.904,10000,2.905,3000,2.906,9400,2.907,22000,2.908,50600,2.909,12800,2.91,17400
2020-08-14 11:02:42.070,2.887,9900.0,2.895,2.8905990000000004,2.896,2.897,2.887,100,2.885,10000,2.883,5100,2.881,1000,2.88,31000,2.876,100,2.875,100,2.863,10000,2.861,12800,2.853,10000,2.89,6700,2.903,2900,2.904,10000,2.905,3000,2.906,9400,2.907,22000,2.908,50600,2.909,12800,2.91,17400,2.911,12500
2020-08-14 11:10:20.090,2.883,200.0,2.895,2.8905950000000002,2.891,2.897,2.883,4900,2.881,6900,2.88,31000,2.876,100,2.875,100,2.863,10000,2.861,12800,2.853,10000,2.852,3600,2.833,9600,2.888,10000,2.889,20000,2.89,6700,2.904,10000,2.905,3000,2.906,9400,2.907,22000,2.908,50600,2.909,12800,2.91,17400
2020-08-14 11:12:26.630,2.883,4900.0,2.895,2.890495,2.889,2.897,2.882,3400,2.881,6900,2.88,21000,2.876,100,2.875,100,2.863,10000,2.861,12800,2.853,10000,2.852,3600,2.833,9600,2.883,1800,2.888,10000,2.889,20000,2.904,10000,2.905,3000,2.906,9400,2.907,22000,2.908,50600,2.909,12800,2.91,17400
2020-08-14 11:12:52.930,2.883,1800.0,2.895,2.890459,2.89,2.897,2.882,3400,2.881,6900,2.88,21000,2.876,100,2.875,100,2.863,10000,2.861,12800,2.853,10000,2.852,3600,2.833,9600,2.887,10000,2.888,10000,2.889,20000,2.904,10000,2.905,3000,2.906,9400,2.907,22000,2.908,50600,2.909,12800,2.91,17400
2020-08-14 11:21:41.080,2.889,10000.0,2.895,2.890421,2.896,2.897,2.889,290000,2.884,3000,2.883,7900,2.881,1000,2.88,21000,2.876,100,2.875,100,2.863,10000,2.861,12800,2.853,10000,2.891,10000,2.904,10000,2.905,3000,2.906,9400,2.907,10000,2.908,50600,2.909,12800,2.91,17400,2.911,14500,2.912,1100
2020-08-14 11:22:13.330,2.892,10000.0,2.895,2.890461,2.898,2.897,2.889,290000,2.884,3000,2.883,7900,2.881,1000,2.88,23000,2.876,100,2.875,100,2.863,10000,2.861,12800,2.853,10000,2.904,10000,2.905,3000,2.906,9400,2.907,10000,2.908,50600,2.909,12800,2.91,17400,2.911,14500,2.912,1100,2.914,10900
2020-08-14 11:23:39.930,2.898,2000.0,2.895,2.890499,2.9,2.897,2.89,20000,2.889,290000,2.884,3000,2.883,7900,2.881,1000,2.88,23000,2.876,100,2.875,100,2.863,10000,2.861,12800,2.898,8000,2.904,10000,2.905,3000,2.906,9400,2.907,10000,2.908,50600,2.909,12800,2.91,17400,2.911,14500,2.912,1100
2020-08-14 11:24:43.050,2.898,1000.0,2.895,2.890518,2.9,2.897,2.89,20000,2.889,290000,2.884,3000,2.883,7900,2.881,1000,2.88,23000,2.876,100,2.875,100,2.863,10000,2.861,12800,2.898,7000,2.904,10000,2.905,3000,2.906,9400,2.907,10000,2.908,50600,2.909,12800,2.91,17400,2.911,14500,2.912,1100
2020-08-14 11:24:56.130,2.898,1000.0,2.895,2.8905369999999997,2.899,2.897,2.89,20000,2.889,290000,2.884,3000,2.883,7900,2.881,1000,2.88,23000,2.876,100,2.875,100,2.863,10000,2.861,12800,2.898,6000,2.904,10000,2.905,3000,2.906,9400,2.907,10000,2.908,50600,2.909,12800,2.91,17400,2.911,14500,2.912,1100
2020-08-14 11:26:07.160,2.898,300.0,2.895,2.890542,2.899,2.897,2.89,20000,2.889,290000,2.884,3000,2.883,7900,2.881,1000,2.88,23000,2.876,100,2.875,100,2.863,10000,2.861,12800,2.898,5700,2.904,10000,2.905,3000,2.906,9400,2.907,10000,2.908,50600,2.909,12800,2.91,17400,2.911,14500,2.912,1100
2020-08-14 13:00:02.610,2.885,1000.0,2.895,2.8905279999999998,2.899,2.897,2.885,29000,2.884,3000,2.883,7900,2.881,1000,2.88,23900,2.876,100,2.875,100,2.863,10000,2.861,12800,2.853,10000,2.896,10000,2.897,30000,2.898,8700,2.9,600,2.904,10000,2.906,9400,2.907,10000,2.908,50600,2.909,12800,2.91,17400
2020-08-14 13:04:57.270,2.887,1700.0,2.895,2.890513,2.902,2.897,2.887,18300,2.886,290000,2.885,29000,2.884,3000,2.883,7900,2.881,1000,2.88,23900,2.876,100,2.875,100,2.863,10000,2.896,5500,2.898,8700,2.899,10000,2.9,600,2.904,10000,2.906,9400,2.907,10000,2.908,50600,2.909,12800,2.91,17400
2020-08-14 13:05:33.070,2.896,5500.0,2.895,2.890587,2.905,2.897,2.896,4500,2.887,18300,2.886,290000,2.885,29000,2.884,3000,2.883,7900,2.881,1000,2.88,23900,2.876,100,2.875,100,2.898,8700,2.899,10000,2.9,600,2.904,10000,2.906,9400,2.907,10000,2.908,50600,2.909,12800,2.91,17400,2.911,14500
2020-08-14 13:10:32.240,2.889,100.0,2.895,2.890587,2.908,2.897,2.889,9900,2.888,5000,2.887,23300,2.886,290000,2.885,29000,2.884,3000,2.883,7900,2.881,1000,2.88,23900,2.876,100,2.898,3000,2.9,600,2.903,10000,2.907,10000,2.908,50600,2.909,12800,2.91,17400,2.911,14500,2.912,1100,2.914,10900
2020-08-14 13:21:23.240,2.89,200.0,2.895,2.890587,2.907,2.897,2.89,10400,2.887,5000,2.886,290000,2.885,29000,2.884,3000,2.883,7900,2.881,1000,2.88,23900,2.876,100,2.875,100,2.898,3000,2.9,600,2.902,10000,2.903,10000,2.907,10000,2.909,12800,2.91,17400,2.911,14500,2.912,1100,2.914,10900
2020-08-14 13:21:25.310,2.9,3300.0,2.895,2.890648,2.909,2.897,2.89,10400,2.887,5000,2.886,290000,2.885,29000,2.884,3000,2.883,7900,2.881,1000,2.88,23900,2.876,100,2.875,100,2.9,300,2.902,10000,2.903,10000,2.907,10000,2.909,12800,2.91,17400,2.911,14500,2.912,1100,2.914,10900,2.916,2000
2020-08-14 13:22:02.210,2.9,300.0,2.895,2.8906549999999998,2.912,2.897,2.89,10400,2.887,5000,2.886,290000,2.885,29000,2.884,3000,2.883,7900,2.881,1000,2.88,23900,2.876,100,2.875,100,2.907,10000,2.909,12800,2.91,17400,2.911,14500,2.912,1100,2.914,10900,2.916,2000,2.918,10300,2.919,21600,2.92,5000
2020-08-14 13:25:14.010,2.906,200.0,2.895,2.890662,2.912,2.897,2.903,1800,2.89,10400,2.887,5000,2.886,290000,2.885,29000,2.884,3000,2.883,7900,2.881,1000,2.88,23900,2.876,100,2.906,9800,2.907,20000,2.909,12800,2.91,17400,2.911,14500,2.912,1100,2.914,10900,2.916,2000,2.918,10300,2.919,21600
2020-08-14 13:27:57.760,2.903,600.0,2.895,2.89068,2.914,2.897,2.903,11200,2.891,5000,2.89,10400,2.889,3000,2.887,5000,2.886,290000,2.885,29000,2.884,3000,2.883,7900,2.881,1000,2.906,16900,2.907,10000,2.909,22800,2.91,27400,2.911,14500,2.912,1100,2.914,10900,2.916,2000,2.918,10300,2.919,21600
2020-08-14 13:28:31.800,2.906,900.0,2.895,2.890714,2.914,2.897,2.903,11200,2.891,5000,2.89,10400,2.889,3000,2.887,5000,2.886,290000,2.885,29000,2.884,3000,2.883,7900,2.881,1000,2.906,16000,2.907,10000,2.909,22800,2.91,27400,2.911,14500,2.912,1000,2.914,10900,2.916,2000,2.918,10300,2.919,21600
2020-08-14 13:30:22.190,2.903,400.0,2.895,2.890725,2.912,2.897,2.903,800,2.895,10000,2.891,5000,2.89,10400,2.889,3000,2.887,5000,2.886,290000,2.885,29000,2.884,3000,2.883,7900,2.906,40000,2.907,10000,2.908,10000,2.909,22800,2.91,27400,2.911,14500,2.912,1000,2.914,10900,2.916,2000,2.918,10300
2020-08-14 13:30:41.210,2.903,500.0,2.895,2.89074,2.911,2.897,2.903,300,2.892,10000,2.891,5000,2.89,10400,2.889,3000,2.887,5000,2.886,290000,2.885,29000,2.884,3000,2.883,7900,2.906,40000,2.907,20000,2.908,10000,2.909,22800,2.91,17400,2.911,14500,2.912,1000,2.914,10900,2.916,2000,2.918,10300
2020-08-14 13:32:23.950,2.903,1300.0,2.895,2.890779,2.911,2.897,2.892,10000,2.891,5000,2.89,10400,2.889,3000,2.887,5000,2.886,290000,2.885,29000,2.884,3000,2.883,7900,2.881,1000,2.903,700,2.905,5000,2.906,38000,2.907,20000,2.908,17000,2.909,22800,2.91,17400,2.911,14500,2.912,1000,2.914,10900
2020-08-14 13:41:36.780,2.902,3500.0,2.895,2.890873,2.911,2.897,2.902,286500,2.892,10000,2.89,10400,2.889,3000,2.887,5000,2.885,29000,2.884,3000,2.883,7900,2.881,1000,2.88,20900,2.903,6700,2.905,15000,2.906,38000,2.907,20000,2.908,7000,2.909,12800,2.91,17400,2.911,14500,2.912,1000,2.914,10900
2020-08-14 13:41:42.080,2.903,6700.0,2.895,2.891064,2.911,2.897,2.903,279800,2.892,10000,2.89,10400,2.889,3000,2.887,5000,2.885,29000,2.884,3000,2.883,7900,2.881,1000,2.88,20900,2.905,15000,2.906,28000,2.907,20000,2.908,7000,2.909,12800,2.91,17400,2.911,14500,2.912,1000,2.914,10900,2.916,2000
2020-08-14 13:41:48.290,2.903,1700.0,2.895,2.891111,2.911,2.897,2.903,278100,2.892,10000,2.89,10400,2.889,3000,2.887,5000,2.885,29000,2.884,3000,2.883,7900,2.881,1000,2.88,20900,2.905,5000,2.906,28000,2.907,20000,2.908,7000,2.909,12800,2.91,17400,2.911,14500,2.912,1000,2.914,10900,2.916,2000
2020-08-14 13:42:19.130,2.903,500.0,2.895,2.891125,2.912,2.897,2.903,277600,2.892,10000,2.89,10400,2.889,3000,2.887,5000,2.885,29000,2.884,3000,2.883,7900,2.881,1000,2.88,20900,2.905,5000,2.906,28000,2.907,10000,2.908,7000,2.909,22800,2.91,17400,2.911,14500,2.912,1000,2.914,10900,2.916,2000
2020-08-14 13:43:31.630,2.903,600.0,2.895,2.891142,2.911,2.897,2.903,277000,2.9,200,2.892,10000,2.89,10400,2.889,3000,2.887,5000,2.885,29000,2.884,3000,2.883,7900,2.881,1000,2.905,5000,2.906,28000,2.907,20000,2.908,17000,2.909,22800,2.91,17400,2.911,14500,2.912,1000,2.914,10900,2.916,2000
2020-08-14 13:46:59.220,2.903,3400.0,2.895,2.891235,2.912,2.897,2.903,273600,2.9,200,2.892,10000,2.89,10400,2.889,3000,2.887,5000,2.885,29000,2.884,3000,2.883,7900,2.881,1000,2.904,3400,2.905,5000,2.906,28000,2.907,10000,2.908,7000,2.909,22800,2.91,17400,2.911,14500,2.912,1000,2.914,10900
2020-08-14 13:47:25.980,2.904,2100.0,2.895,2.8912970000000002,2.912,2.897,2.903,273600,2.9,200,2.892,10000,2.89,10400,2.889,3000,2.887,5000,2.885,29000,2.884,3000,2.883,7900,2.881,1000,2.904,1300,2.905,5000,2.906,28000,2.907,10000,2.908,7000,2.909,22800,2.91,17400,2.911,14500,2.912,1000,2.914,10900
2020-08-14 13:48:46.160,2.9,200.0,2.895,2.891301,2.911,2.897,2.892,10000,2.89,10400,2.889,3000,2.887,5000,2.885,29000,2.884,3000,2.883,7900,2.881,1000,2.88,20900,2.876,100,2.9,100,2.904,1300,2.905,5000,2.906,28000,2.907,10000,2.908,7000,2.909,22800,2.91,17400,2.911,14500,2.912,1000
2020-08-14 13:50:27.940,2.892,600.0,2.895,2.891302,2.908,2.897,2.892,9400,2.89,10400,2.889,3000,2.887,5000,2.885,29000,2.884,3000,2.883,7900,2.881,1000,2.88,20900,2.876,100,2.9,14400,2.904,1300,2.905,15000,2.906,38000,2.907,10000,2.908,7000,2.909,12800,2.91,17400,2.911,14500,2.912,1000
2020-08-14 13:51:11.630,2.892,9400.0,2.895,2.891317,2.907,2.897,2.89,10400,2.889,3000,2.887,5000,2.885,29000,2.884,3000,2.883,7900,2.881,1000,2.88,20900,2.876,100,2.875,100,2.892,600,2.9,14400,2.904,11300,2.905,15000,2.906,38000,2.908,7000,2.909,12800,2.91,17400,2.911,14500,2.912,1000
2020-08-14 13:51:24.120,2.892,600.0,2.895,2.891318,2.908,2.897,2.892,299400,2.89,10400,2.889,3000,2.887,5000,2.885,29000,2.884,3000,2.883,7900,2.881,1000,2.88,20900,2.876,100,2.9,14400,2.904,11300,2.905,15000,2.906,38000,2.908,7000,2.909,12800,2.91,17400,2.911,14500,2.912,1000,2.914,10900
2020-08-14 13:52:48.040,2.9,1700.0,2.895,2.891351,2.909,2.897,2.892,299400,2.89,400,2.889,3000,2.887,5000,2.884,3000,2.883,7900,2.881,1000,2.88,10900,2.876,100,2.875,100,2.9,12700,2.904,1300,2.905,5000,2.906,38000,2.908,7000,2.909,12800,2.91,17400,2.911,14500,2.912,1000,2.914,10900
2020-08-14 13:52:50.430,2.9,1400.0,2.895,2.891378,2.909,2.897,2.892,299400,2.89,400,2.889,3000,2.887,5000,2.884,3000,2.883,7900,2.881,1000,2.88,10900,2.876,100,2.875,100,2.9,11300,2.904,1300,2.905,5000,2.906,38000,2.908,7000,2.909,12800,2.91,17400,2.911,14500,2.912,1000,2.914,10900
2020-08-14 13:52:52.800,2.9,1400.0,2.895,2.891405,2.909,2.897,2.892,299400,2.89,400,2.889,3000,2.887,5000,2.884,3000,2.883,7900,2.881,1000,2.88,10900,2.876,100,2.875,100,2.9,9900,2.904,1300,2.905,5000,2.906,38000,2.908,7000,2.909,12800,2.91,17400,2.911,14500,2.912,1000,2.914,10900
2020-08-14 13:53:41.790,2.9,1200.0,2.895,2.891428,2.91,2.897,2.893,3400,2.892,299400,2.89,400,2.889,3000,2.887,5000,2.884,3000,2.883,7900,2.881,1000,2.88,10900,2.876,100,2.9,8700,2.904,1300,2.905,5000,2.906,28000,2.908,7000,2.909,12800,2.91,17400,2.911,14500,2.912,1000,2.914,10900
2020-08-14 13:53:43.900,2.9,1000.0,2.895,2.8914470000000003,2.909,2.897,2.893,3400,2.892,299400,2.89,400,2.889,3000,2.887,5000,2.884,3000,2.883,7900,2.881,1000,2.88,10900,2.876,100,2.9,7700,2.904,1300,2.905,5000,2.906,28000,2.908,7000,2.909,12800,2.91,17400,2.911,14500,2.912,1000,2.914,10900
2020-08-14 13:53:54.330,2.9,7700.0,2.895,2.891591,2.91,2.897,2.903,265900,2.893,3400,2.892,299400,2.89,400,2.889,3000,2.887,5000,2.884,3000,2.883,7900,2.881,1000,2.88,10900,2.904,1300,2.905,5000,2.906,28000,2.908,7000,2.909,12800,2.91,17400,2.911,14500,2.912,1000,2.914,10900,2.916,2000
2020-08-14 13:55:59.060,2.897,4000.0,2.895,2.891637,2.913,2.897,2.897,261900,2.893,3400,2.892,299400,2.89,400,2.889,3000,2.887,5000,2.884,3000,2.883,7900,2.881,1000,2.88,10900,2.904,1300,2.905,5000,2.906,28000,2.908,7000,2.909,22800,2.91,17400,2.911,14500,2.912,1000,2.914,10900,2.916,2000
2020-08-14 13:56:21.720,2.906,34300.0,2.895,2.892614,2.913,2.897,2.906,227600,2.89,400,2.889,3000,2.887,5000,2.884,3000,2.883,7900,2.881,1000,2.88,10900,2.876,100,2.875,100,2.908,7000,2.909,12800,2.91,17400,2.911,14500,2.912,1000,2.914,10900,2.916,2000,2.918,10300,2.919,21600,2.92,5000
2020-08-14 13:57:12.760,2.908,1000.0,2.895,2.892645,2.914,2.897,2.903,227600,2.89,5400,2.889,3000,2.887,5000,2.884,3000,2.883,7900,2.881,1000,2.88,10900,2.876,100,2.875,100,2.908,6000,2.909,12800,2.91,17400,2.911,14500,2.912,11000,2.914,10900,2.916,2000,2.918,10300,2.919,21600,2.92,5000
2020-08-14 13:57:45.140,2.908,2500.0,2.895,2.892721,2.916,2.897,2.903,227600,2.89,400,2.889,3000,2.884,3000,2.883,7900,2.881,1000,2.88,10900,2.876,100,2.875,100,2.863,10000,2.908,3500,2.909,12800,2.91,17400,2.911,14500,2.912,1000,2.913,10000,2.914,10900,2.916,2000,2.918,10300,2.919,21600
2020-08-14 13:57:47.170,2.909,16300.0,2.895,2.8932279999999997,2.916,2.897,2.909,211300,2.9,600,2.89,400,2.889,3000,2.884,3000,2.883,7900,2.881,1000,2.88,10900,2.876,100,2.875,100,2.91,17400,2.911,14500,2.912,1000,2.913,10000,2.914,10900,2.916,2000,2.918,10300,2.919,21600,2.92,5000,2.925,600
2020-08-14 13:58:10.630,2.91,10000.0,2.895,2.8935470000000003,2.916,2.897,2.902,211300,2.9,600,2.89,400,2.889,3000,2.884,3000,2.883,7900,2.881,1000,2.88,10900,2.876,100,2.875,100,2.91,7400,2.911,14500,2.912,1000,2.913,10000,2.914,20900,2.916,2000,2.918,10300,2.919,21600,2.92,5000,2.925,600
2020-08-14 13:59:48.600,2.91,500.0,2.895,2.8935619999999997,2.915,2.897,2.902,212000,2.9,600,2.89,400,2.889,3000,2.884,3000,2.883,7900,2.881,1000,2.88,10900,2.876,100,2.875,100,2.91,6900,2.911,17500,2.912,11000,2.913,10000,2.914,20900,2.916,2000,2.918,10300,2.919,21600,2.92,5000,2.925,600
2020-08-14 14:09:49.070,2.91,65800.0,2.895,2.895387,2.918,2.897,2.91,145500,2.9,600,2.899,14000,2.89,400,2.884,3000,2.883,7900,2.881,6000,2.88,10900,2.876,100,2.875,100,2.911,17500,2.912,1000,2.914,10900,2.916,2000,2.918,10300,2.919,16600,2.92,5000,2.925,600,2.929,25000,2.933,40300
2020-08-14 14:09:54.960,2.911,17500.0,2.895,2.895834,2.919,2.897,2.911,128000,2.9,600,2.899,14000,2.89,400,2.884,3000,2.883,7900,2.881,6000,2.88,10900,2.876,100,2.875,100,2.912,1000,2.914,10900,2.916,2000,2.918,10300,2.919,16600,2.92,5000,2.925,600,2.929,25000,2.933,40300,2.935,2000
2020-08-14 14:11:42.730,2.911,800.0,2.895,2.895854,2.92,2.897,2.911,22700,2.901,3400,2.9,600,2.899,14000,2.89,400,2.884,3000,2.883,7900,2.881,6000,2.88,7900,2.876,100,2.912,1000,2.914,10900,2.916,2000,2.918,10300,2.919,16600,2.92,5000,2.925,600,2.929,25000,2.933,40300,2.935,2000
2020-08-14 14:13:38.370,2.911,2000.0,2.895,2.8959029999999997,2.92,2.897,2.911,1000,2.901,3400,2.9,600,2.899,14000,2.89,400,2.884,3000,2.883,7900,2.881,6000,2.88,7900,2.876,100,2.912,1000,2.914,10900,2.916,2000,2.918,10300,2.919,16600,2.92,5000,2.925,600,2.929,25000,2.933,40300,2.935,2000
2020-08-14 14:13:54.500,2.911,2000.0,2.895,2.895953,2.92,2.897,2.911,62400,2.901,3400,2.9,600,2.899,14000,2.89,400,2.884,3000,2.883,7900,2.881,6000,2.88,7900,2.876,100,2.912,1000,2.914,10900,2.916,2000,2.918,10300,2.919,16600,2.92,5000,2.925,600,2.929,25000,2.933,40300,2.935,2000
2020-08-14 14:15:45.790,2.914,11900.0,2.895,2.896292,2.923,2.897,2.914,116100,2.901,13400,2.9,2600,2.89,400,2.884,3000,2.883,7900,2.881,6000,2.88,7900,2.876,100,2.875,100,2.916,2000,2.917,10000,2.918,10300,2.919,16600,2.92,5000,2.925,600,2.929,25000,2.933,40300,2.935,2000,2.939,5100
2020-08-14 14:15:55.780,2.919,28900.0,2.895,2.897267,2.924,2.897,2.919,87200,2.901,13400,2.9,2600,2.89,400,2.884,3000,2.883,7900,2.881,6000,2.88,7900,2.876,100,2.875,100,2.92,5000,2.925,600,2.929,25000,2.933,40300,2.935,2000,2.939,5100,2.95,12500,2.955,2000,2.978,2000,2.988,500
2020-08-14 14:16:38.600,2.901,1000.0,2.895,2.8972729999999998,2.924,2.897,2.901,9000,2.9,2600,2.89,400,2.884,3000,2.883,7900,2.881,6000,2.88,7900,2.876,100,2.875,100,2.863,10000,2.919,3000,2.92,5000,2.921,10000,2.925,600,2.929,25000,2.933,40300,2.935,2000,2.939,5100,2.95,12500,2.955,2000
2020-08-14 14:18:52.210,2.919,46700.0,2.895,2.8987119999999997,2.928,2.897,2.919,40500,2.905,10000,2.904,5000,2.903,3400,2.902,10000,2.901,9000,2.9,2600,2.891,5100,2.89,400,2.884,3000,2.92,5000,2.921,10000,2.922,10000,2.923,10000,2.925,600,2.929,25000,2.932,5000,2.933,40300,2.935,2000,2.939,5100
2020-08-14 14:20:06.580,2.92,700.0,2.895,2.898733,2.93,2.897,2.919,40500,2.905,10000,2.904,5000,2.903,5400,2.902,10000,2.901,9000,2.9,2600,2.891,5100,2.89,400,2.884,3000,2.92,6100,2.925,10600,2.929,25000,2.932,5000,2.933,40300,2.935,2000,2.939,5100,2.95,12500,2.955,2000,2.978,2000
2020-08-14 14:20:09.890,2.92,700.0,2.895,2.8987540000000003,2.93,2.897,2.919,40500,2.905,10000,2.904,5000,2.903,5400,2.902,10000,2.901,9000,2.9,2600,2.891,5100,2.89,400,2.884,3000,2.92,5400,2.925,10600,2.929,25000,2.932,5000,2.933,40300,2.935,2000,2.939,5100,2.95,12500,2.955,2000,2.978,2000
2020-08-14 14:22:04.420,2.905,100.0,2.895,2.898755,2.928,2.897,2.905,10000,2.904,5000,2.903,5400,2.902,10000,2.901,9000,2.9,2600,2.891,5100,2.89,400,2.884,3000,2.883,7900,2.92,7400,2.923,10000,2.924,10000,2.925,1600,2.929,25000,2.932,5000,2.933,40300,2.935,2000,2.939,5100,2.95,12500
2020-08-14 14:23:18.720,2.905,500.0,2.895,2.89876,2.925,2.897,2.905,9500,2.904,5000,2.903,5400,2.902,10000,2.901,9000,2.9,2600,2.891,5100,2.89,400,2.884,3000,2.883,7900,2.92,12400,2.921,10000,2.922,10000,2.923,10000,2.924,10000,2.925,1600,2.929,25000,2.932,5000,2.933,40300,2.935,2000
2020-08-14 14:23:50.550,2.92,100.0,2.895,2.898763,2.927,2.897,2.905,9500,2.904,5000,2.903,5400,2.902,10000,2.901,9000,2.9,2600,2.891,5100,2.89,400,2.884,3000,2.883,7900,2.92,23800,2.922,10000,2.923,10000,2.925,1600,2.929,25000,2.932,5000,2.933,40300,2.935,2000,2.939,5100,2.94,700
2020-08-14 14:24:04.000,2.92,2500.0,2.895,2.898838,2.927,2.897,2.905,9500,2.904,5000,2.903,5400,2.902,10000,2.901,9000,2.9,2600,2.891,5100,2.89,400,2.884,3000,2.883,7900,2.92,21300,2.922,10000,2.923,10000,2.925,1600,2.929,25000,2.932,5000,2.933,40300,2.935,2000,2.939,5100,2.94,700
2020-08-14 14:24:20.510,2.92,21300.0,2.895,2.899455,2.927,2.897,2.92,19200,2.905,9500,2.904,5000,2.903,5400,2.902,10000,2.901,9000,2.9,2600,2.891,5100,2.89,400,2.884,3000,2.923,10000,2.924,10000,2.925,1600,2.929,25000,2.932,5000,2.933,40300,2.935,2000,2.939,5100,2.94,700,2.95,12500
2020-08-14 14:26:00.620,2.907,300.0,2.895,2.8994590000000002,2.927,2.897,2.906,2000,2.905,9500,2.904,5000,2.903,5400,2.901,9000,2.9,2600,2.891,5100,2.89,400,2.884,3000,2.883,7900,2.907,700,2.922,2000,2.923,10000,2.924,10000,2.925,11600,2.929,25000,2.932,5000,2.933,40300,2.935,2000,2.939,5100
2020-08-14 14:26:02.300,2.907,400.0,2.895,2.899463,2.927,2.897,2.906,2000,2.905,9500,2.904,5000,2.903,5400,2.901,9000,2.9,2600,2.891,5100,2.89,400,2.884,3000,2.883,7900,2.907,300,2.922,2000,2.923,10000,2.924,10000,2.925,11600,2.929,25000,2.932,5000,2.933,40300,2.935,2000,2.939,5100
2020-08-14 14:26:11.180,2.907,300.0,2.895,2.899466,2.927,2.897,2.92,18900,2.906,2000,2.905,9500,2.904,5000,2.903,5400,2.901,9000,2.9,2600,2.891,5100,2.89,400,2.884,3000,2.922,2000,2.923,10000,2.924,10000,2.925,11600,2.929,25000,2.932,5000,2.933,40300,2.935,2000,2.939,5100,2.94,700
2020-08-14 14:28:29.320,2.922,12000.0,2.895,2.89983,2.927,2.897,2.922,6900,2.907,300,2.906,2000,2.905,9500,2.904,5000,2.903,5400,2.901,9000,2.9,2600,2.891,5100,2.89,400,2.923,10000,2.924,10000,2.925,11600,2.929,25000,2.932,5000,2.933,40300,2.935,2000,2.939,5100,2.94,700,2.95,12500
2020-08-14 14:28:40.480,2.908,2000.0,2.895,2.899852,2.927,2.897,2.907,300,2.906,2000,2.905,9500,2.904,5000,2.903,5400,2.901,9000,2.9,2600,2.891,5100,2.89,400,2.884,3000,2.908,1000,2.923,10000,2.924,10000,2.925,11600,2.929,25000,2.932,5000,2.933,40300,2.935,2000,2.939,5100,2.94,700
2020-08-14 14:28:41.410,2.923,1200.0,2.895,2.899869,2.927,2.897,2.907,300,2.906,2000,2.905,9500,2.904,5000,2.903,5400,2.901,9000,2.9,2600,2.891,5100,2.89,400,2.884,3000,2.923,9800,2.924,10000,2.925,11600,2.929,25000,2.932,5000,2.933,40300,2.935,2000,2.939,5100,2.94,700,2.95,12500
2020-08-14 14:29:30.400,2.923,6900.0,2.895,2.900073,2.93,2.897,2.908,3400,2.907,300,2.906,2000,2.905,9500,2.904,5000,2.903,5400,2.901,9000,2.9,2600,2.891,5100,2.89,400,2.923,1100,2.924,10000,2.925,10600,2.929,25000,2.932,5000,2.933,40300,2.935,2000,2.939,5100,2.94,700,2.95,12500
2020-08-14 14:30:25.480,2.923,1100.0,2.895,2.9001069999999998,2.932,2.897,2.924,298900,2.908,3400,2.907,5300,2.906,2000,2.905,9500,2.904,5000,2.903,5400,2.901,9000,2.9,2600,2.891,5100,2.925,10600,2.926,10000,2.929,25000,2.932,5000,2.933,40300,2.935,2000,2.939,5100,2.94,700,2.95,12500,2.955,2000
2020-08-14 14:31:02.220,2.925,10600.0,2.895,2.900452,2.932,2.897,2.925,288300,2.909,3300,2.908,3400,2.907,300,2.906,2000,2.905,9500,2.903,5400,2.901,9000,2.9,2600,2.891,5100,2.929,35000,2.932,5000,2.933,40300,2.935,2000,2.939,5100,2.94,700,2.95,12500,2.955,2000,2.978,2000,2.988,500
2020-08-14 14:33:46.480,2.929,2000.0,2.895,2.900525,2.933,2.897,2.925,288300,2.92,187800,2.909,3300,2.907,300,2.906,2000,2.905,9500,2.903,5400,2.901,9000,2.9,2600,2.891,5100,2.929,34700,2.93,16000,2.932,5000,2.933,40300,2.935,2000,2.939,35100,2.94,3000,2.95,12500,2.955,2000,2.978,2000
2020-08-14 14:33:58.140,2.929,1700.0,2.895,2.900588,2.933,2.897,2.925,288300,2.92,187800,2.909,3300,2.907,300,2.906,2000,2.905,9500,2.903,5400,2.901,9000,2.9,2600,2.891,5100,2.929,33300,2.93,16000,2.932,5000,2.933,40300,2.935,2000,2.939,35100,2.94,3000,2.95,12500,2.955,2000,2.978,2000
2020-08-14 14:34:17.840,2.929,3000.0,2.895,2.9006979999999998,2.934,2.897,2.925,288300,2.92,187800,2.909,3300,2.907,300,2.906,2000,2.905,9500,2.903,5400,2.901,9000,2.9,2600,2.891,5100,2.929,20300,2.93,16000,2.932,5000,2.933,40300,2.935,2000,2.939,35100,2.94,3000,2.95,12500,2.955,2000,2.978,2000
2020-08-14 14:34:52.100,2.929,4100.0,2.895,2.900848,2.935,2.897,2.925,288300,2.92,187800,2.909,3300,2.907,300,2.906,2000,2.905,9500,2.903,5400,2.901,9000,2.9,2600,2.891,5100,2.929,19200,2.93,12000,2.931,10000,2.932,5000,2.933,40300,2.935,2000,2.939,35100,2.94,3000,2.95,12500,2.955,2000
2020-08-14 14:36:05.740,2.925,10000.0,2.895,2.9011549999999997,2.933,2.897,2.925,278300,2.92,187800,2.909,3300,2.907,300,2.906,2000,2.905,9500,2.903,5400,2.901,9000,2.9,2600,2.891,5100,2.929,19200,2.93,22000,2.931,15000,2.932,15000,2.933,40300,2.935,2000,2.939,35100,2.94,3000,2.95,12500,2.955,2000
2020-08-14 14:36:21.940,2.925,700.0,2.895,2.901177,2.932,2.897,2.925,277600,2.92,187800,2.909,3300,2.907,300,2.906,2000,2.905,9500,2.903,5400,2.901,9000,2.9,2600,2.891,5100,2.928,800,2.929,29200,2.93,22000,2.931,15000,2.932,15000,2.933,40300,2.935,2000,2.939,35100,2.94,3000,2.95,12500
2020-08-14 14:36:37.430,2.925,3000.0,2.895,2.901267,2.932,2.897,2.925,274600,2.92,187800,2.909,3300,2.907,300,2.906,2000,2.905,9500,2.903,5400,2.901,9000,2.9,2600,2.891,5100,2.928,800,2.929,29200,2.93,22000,2.931,15000,2.932,5000,2.933,40300,2.935,2000,2.939,35100,2.94,3000,2.95,12500
2020-08-14 14:37:38.290,2.925,35000.0,2.895,2.902275,2.932,2.897,2.925,239600,2.92,187800,2.909,3300,2.907,300,2.906,2000,2.905,9500,2.903,5400,2.901,9000,2.9,2600,2.891,5100,2.927,1000,2.928,10800,2.929,29200,2.93,22000,2.931,5000,2.932,5000,2.933,40300,2.935,2000,2.939,35100,2.94,3000
2020-08-14 14:38:57.060,2.927,200.0,2.895,2.9022810000000003,2.931,2.897,2.925,239600,2.92,187800,2.909,3300,2.907,300,2.906,2000,2.905,9500,2.903,5400,2.901,9000,2.9,2600,2.891,5100,2.927,800,2.928,10800,2.929,29200,2.93,22000,2.931,5000,2.932,5000,2.933,40300,2.935,2000,2.939,35100,2.94,3000
2020-08-14 14:39:16.780,2.927,800.0,2.895,2.902305,2.932,2.897,2.927,9500,2.925,239600,2.92,187800,2.909,3300,2.907,300,2.906,2000,2.905,9500,2.903,5400,2.901,9000,2.9,2600,2.928,10800,2.929,29200,2.93,22000,2.931,5000,2.932,5000,2.933,40300,2.935,2000,2.938,50600,2.939,35100,2.94,3000
2020-08-14 14:40:38.940,2.927,9500.0,2.895,2.902587,2.931,2.897,2.925,239600,2.92,187800,2.909,3300,2.907,300,2.906,2000,2.905,9500,2.903,5400,2.901,9000,2.9,2600,2.891,5100,2.928,10800,2.929,29200,2.93,22000,2.931,5000,2.932,5000,2.933,40300,2.935,2000,2.938,50600,2.939,35100,2.94,3600
2020-08-14 14:42:28.010,2.928,800.0,2.895,2.9026110000000003,2.938,2.897,2.928,9200,2.925,239600,2.92,187800,2.909,3300,2.907,300,2.906,2000,2.905,9500,2.903,5400,2.901,9000,2.9,2600,2.929,19200,2.93,12000,2.931,5000,2.932,5000,2.933,40300,2.935,2000,2.939,35100,2.94,3600,2.95,12500,2.955,2000
2020-08-14 14:43:26.370,2.929,1000.0,2.895,2.9026419999999997,2.938,2.897,2.928,9200,2.925,239600,2.92,187800,2.909,3300,2.907,300,2.906,2000,2.905,9500,2.903,5400,2.901,9000,2.9,2600,2.929,18200,2.93,12000,2.931,5000,2.932,5000,2.933,40300,2.935,2000,2.939,35100,2.94,3600,2.95,12500,2.955,2000
2020-08-14 14:43:48.160,2.928,9200.0,2.895,2.902918,2.938,2.897,2.925,239600,2.92,187800,2.909,3300,2.907,300,2.906,2000,2.905,9500,2.903,5400,2.901,9000,2.9,2600,2.891,5100,2.929,27500,2.93,12000,2.931,5000,2.932,5000,2.933,40300,2.935,2000,2.939,35100,2.94,3600,2.95,2500,2.955,2000
2020-08-14 14:44:32.720,2.929,53300.0,2.895,2.904465,2.939,2.897,2.929,186300,2.92,187800,2.909,3300,2.907,300,2.906,2000,2.905,9500,2.903,5400,2.901,9000,2.9,2600,2.891,5100,2.93,12000,2.931,5000,2.932,5000,2.933,40300,2.935,2000,2.939,35100,2.94,3600,2.95,2500,2.955,2000,2.978,2000
2020-08-14 14:44:36.750,2.929,9300.0,2.895,2.9047169999999998,2.939,2.897,2.929,177000,2.92,187800,2.909,3300,2.907,300,2.906,2000,2.905,9500,2.903,5400,2.901,9000,2.9,2600,2.891,5100,2.93,12000,2.931,5000,2.932,5000,2.933,40300,2.935,2000,2.939,35100,2.94,3600,2.95,2500,2.955,2000,2.978,2000
2020-08-14 14:45:30.160,2.929,4300.0,2.895,2.904831,2.939,2.897,2.929,172700,2.92,187800,2.909,3300,2.907,300,2.906,2000,2.905,9500,2.903,5400,2.901,9000,2.9,2600,2.891,5100,2.93,12000,2.931,5000,2.932,5000,2.933,40300,2.935,2000,2.939,35100,2.94,3600,2.95,2500,2.955,2000,2.978,2000
2020-08-14 14:45:38.240,2.929,10000.0,2.895,2.905093,2.939,2.897,2.929,162700,2.92,187800,2.909,3300,2.907,300,2.906,2000,2.905,9500,2.903,5400,2.901,9000,2.9,2600,2.891,5100,2.93,12000,2.931,5000,2.932,5000,2.933,40300,2.935,2000,2.939,35100,2.94,3600,2.95,2500,2.955,2000,2.978,2000
2020-08-14 14:46:26.460,2.93,20500.0,2.895,2.9056349999999997,2.938,2.897,2.93,142200,2.92,187800,2.909,3300,2.907,300,2.906,2000,2.905,9400,2.903,5400,2.901,9000,2.9,2600,2.891,5100,2.931,5000,2.932,10000,2.933,40300,2.935,12000,2.939,35100,2.94,3600,2.95,2500,2.955,2000,2.978,2000,2.988,500
2020-08-14 14:47:42.680,2.931,5000.0,2.895,2.905768,2.941,2.897,2.931,137200,2.92,187800,2.909,3300,2.907,300,2.906,2000,2.905,9400,2.903,5400,2.901,9000,2.9,2600,2.891,5100,2.932,10000,2.933,42100,2.935,12000,2.936,10000,2.939,35100,2.94,3600,2.95,2500,2.955,2000,2.978,2000,2.988,500
2020-08-14 14:47:43.960,2.931,100.0,2.895,2.905771,2.941,2.897,2.931,137100,2.92,187800,2.909,3300,2.907,300,2.906,2000,2.905,9400,2.903,5400,2.901,9000,2.9,2600,2.891,5100,2.932,10000,2.933,42100,2.935,12000,2.936,10000,2.939,35100,2.94,3600,2.95,2500,2.955,2000,2.978,2000,2.988,500
2020-08-14 14:47:47.740,2.931,1000.0,2.895,2.905798,2.941,2.897,2.931,136100,2.92,187800,2.909,3300,2.907,300,2.906,2000,2.905,9400,2.903,5400,2.901,9000,2.9,12600,2.891,5100,2.932,10000,2.933,42100,2.935,12000,2.936,10000,2.939,35100,2.94,3600,2.95,2500,2.955,2000,2.978,2000,2.988,500
2020-08-14 14:47:57.890,2.931,100.0,2.895,2.9058,2.942,2.897,2.931,136000,2.92,187800,2.909,3300,2.907,300,2.906,2000,2.905,9400,2.903,5400,2.901,9000,2.9,12600,2.891,5100,2.932,10000,2.933,42100,2.935,12000,2.936,10000,2.939,35100,2.94,3600,2.95,2500,2.955,2000,2.978,2000,2.988,500
2020-08-14 14:47:58.030,2.931,20400.0,2.895,2.906331,2.943,2.897,2.931,115600,2.92,187800,2.909,3300,2.907,300,2.906,2000,2.905,9400,2.903,5400,2.901,9000,2.9,12600,2.891,5100,2.932,10000,2.933,42100,2.935,12000,2.939,35100,2.94,3600,2.95,2500,2.955,2000,2.978,2000,2.988,500,2.99,16600
2020-08-14 14:48:26.700,2.933,52100.0,2.895,2.907681,2.944,2.897,2.933,63500,2.92,187800,2.909,3300,2.907,300,2.906,2000,2.905,9400,2.903,5400,2.9,12600,2.891,5100,2.89,400,2.935,2000,2.939,35100,2.94,3600,2.95,2500,2.955,2500,2.978,2000,2.988,500,2.99,16600,2.998,23000,3.0,24800
2020-08-14 14:49:56.020,2.935,7000.0,2.895,2.907867,2.943,2.897,2.935,56500,2.933,200,2.92,187800,2.909,3300,2.907,300,2.906,2000,2.905,9400,2.903,5400,2.9,12600,2.891,5100,2.939,45100,2.94,13600,2.949,5000,2.95,2500,2.955,2500,2.978,2000,2.988,500,2.99,16600,2.998,23000,3.0,24800
2020-08-14 14:52:10.910,2.937,3000.0,2.895,2.907952,2.944,2.897,2.935,56500,2.933,200,2.92,188700,2.909,3300,2.907,300,2.906,2000,2.905,9400,2.903,5400,2.9,10600,2.891,5100,2.937,3400,2.938,100,2.939,35100,2.94,3600,2.941,10000,2.949,5000,2.95,2500,2.955,5500,2.978,2000,2.988,500
2020-08-14 14:52:35.010,2.935,5000.0,2.895,2.908082,2.944,2.897,2.935,51500,2.92,187800,2.909,3300,2.907,300,2.906,2000,2.905,9400,2.903,5400,2.9,10600,2.891,5100,2.89,400,2.937,21800,2.938,100,2.939,35100,2.94,3600,2.941,10000,2.942,10000,2.949,5000,2.95,2500,2.955,5500,2.978,2000
2020-08-14 14:54:12.310,2.936,200.0,2.895,2.9080880000000002,2.942,2.897,2.935,51700,2.92,187800,2.909,3300,2.907,300,2.906,2000,2.905,9400,2.903,5400,2.9,10600,2.891,5100,2.89,400,2.936,5800,2.937,21800,2.938,500,2.939,35100,2.94,13600,2.941,10000,2.942,10000,2.949,5000,2.95,2500,2.955,2500
2020-08-14 14:54:20.940,2.935,1000.0,2.895,2.908114,2.942,2.897,2.935,50700,2.92,187800,2.909,3300,2.907,300,2.906,2000,2.905,9400,2.903,5400,2.9,10600,2.891,5100,2.89,400,2.936,5800,2.937,21800,2.938,3500,2.939,35100,2.94,13600,2.941,10000,2.942,10000,2.949,5000,2.95,2500,2.955,2500
2020-08-14 14:54:22.640,2.935,4100.0,2.895,2.908219,2.942,2.897,2.935,46600,2.92,187800,2.909,3300,2.907,300,2.906,2000,2.905,9400,2.903,5400,2.9,10600,2.891,5100,2.89,400,2.936,5800,2.937,21800,2.938,3500,2.939,35100,2.94,13600,2.941,10000,2.942,10000,2.949,5000,2.95,2500,2.955,2500
2020-08-14 14:54:31.870,2.936,4600.0,2.895,2.908341,2.942,2.897,2.935,46600,2.92,187800,2.909,3300,2.907,300,2.906,2000,2.905,9400,2.903,5400,2.9,10600,2.891,5100,2.89,400,2.936,13200,2.937,21800,2.938,3500,2.939,35100,2.94,13600,2.941,10000,2.942,10000,2.949,5000,2.95,2500,2.955,2500
2020-08-14 14:54:35.430,2.936,13200.0,2.895,2.908686,2.942,2.897,2.936,10100,2.935,46600,2.92,187800,2.909,3300,2.907,300,2.906,2000,2.905,9400,2.903,5400,2.9,10600,2.891,5100,2.937,21800,2.938,3500,2.939,35100,2.94,13600,2.941,10000,2.942,10000,2.949,5000,2.95,2500,2.955,2500,2.978,2000
2020-08-14 14:55:04.320,2.936,200.0,2.895,2.908691,2.941,2.897,2.936,9900,2.935,46600,2.92,187800,2.909,3300,2.907,300,2.906,2000,2.905,9400,2.903,5400,2.9,10600,2.891,5100,2.937,21800,2.938,3500,2.939,39300,2.94,17600,2.941,10000,2.942,10000,2.949,5000,2.95,2500,2.955,2500,2.978,2000
2020-08-14 14:55:15.400,2.937,1000.0,2.895,2.908718,2.94,2.897,2.936,9900,2.935,46600,2.92,187800,2.909,3300,2.907,300,2.906,2000,2.905,9400,2.903,5400,2.9,10600,2.891,5100,2.937,20800,2.938,3500,2.939,39300,2.94,17600,2.941,10000,2.949,5000,2.95,2500,2.955,2500,2.978,2000,2.988,500
2020-08-14 14:55:28.040,2.937,1500.0,2.895,2.908758,2.94,2.897,2.936,9900,2.935,46600,2.92,187800,2.909,3300,2.907,300,2.906,2000,2.905,9400,2.903,5400,2.9,10600,2.891,5100,2.937,19300,2.938,3500,2.939,39300,2.94,17600,2.941,10000,2.949,5000,2.95,2500,2.955,2500,2.978,2000,2.988,500
2020-08-14 14:55:45.650,2.936,2100.0,2.895,2.9088119999999997,2.94,2.897,2.936,7800,2.935,46600,2.92,187800,2.909,3300,2.907,300,2.906,2000,2.905,9400,2.903,5400,2.9,10600,2.891,5100,2.937,29300,2.938,3000,2.939,40300,2.94,17600,2.941,10000,2.949,5000,2.95,2500,2.955,2500,2.978,2000,2.988,500
2020-08-14 14:56:12.960,2.936,100.0,2.895,2.908814,2.94,2.897,2.936,7700,2.935,46600,2.92,187800,2.909,3300,2.907,300,2.906,2000,2.905,9400,2.903,5400,2.9,10600,2.891,5100,2.937,29300,2.938,13000,2.939,40200,2.94,3600,2.949,5000,2.95,2500,2.955,2500,2.978,2000,2.988,500,2.99,16600
2020-08-14 14:56:18.420,2.936,1000.0,2.895,2.90884,2.939,2.897,2.936,6700,2.935,46600,2.92,187800,2.909,3300,2.907,300,2.906,2000,2.905,9400,2.903,5400,2.9,10600,2.891,5100,2.937,29300,2.938,13000,2.939,40200,2.94,3600,2.949,5000,2.95,2500,2.955,2500,2.978,2000,2.988,500,2.99,16600
2020-08-14 14:56:26.490,2.936,5000.0,2.895,2.908966,2.941,2.897,2.936,1700,2.935,46600,2.92,187800,2.909,3300,2.907,300,2.906,2000,2.905,9400,2.903,5400,2.9,10600,2.891,5100,2.937,29300,2.938,13000,2.939,40200,2.94,3600,2.949,5000,2.95,2500,2.955,2500,2.978,2000,2.988,500,2.99,16600
2020-08-14 14:56:43.350,2.936,200.0,2.895,2.9089720000000003,2.94,2.897,2.936,1500,2.935,46600,2.92,187800,2.909,3300,2.907,300,2.906,2000,2.903,5400,2.9,10600,2.891,5100,2.89,400,2.937,19300,2.938,13000,2.939,40200,2.94,3600,2.949,5000,2.95,2500,2.955,2500,2.978,2000,2.988,500,2.99,16600
2020-08-14 14:56:48.880,2.936,1500.0,2.895,2.909009,2.941,2.897,2.935,46600,2.92,187800,2.909,3300,2.907,300,2.906,2000,2.903,5400,2.9,10600,2.891,5100,2.89,400,2.884,3000,2.936,7400,2.937,19300,2.938,13000,2.939,40200,2.94,3600,2.949,5000,2.95,2500,2.955,2500,2.978,2000,2.988,500
2020-08-14 14:56:58.410,2.936,2000.0,2.895,2.9090599999999998,2.941,2.897,2.935,46600,2.92,187800,2.909,3300,2.907,300,2.906,2000,2.903,5400,2.9,10600,2.891,5100,2.89,400,2.884,3000,2.936,5600,2.937,19300,2.938,13000,2.939,40200,2.94,3600,2.949,5000,2.95,2500,2.955,2500,2.978,2000,2.988,500
2020-08-14 14:57:12.630,2.935,2200.0,2.895,2.909113,2.94,2.897,2.935,44400,2.92,187800,2.909,3300,2.907,300,2.906,2000,2.903,5400,2.9,10600,2.891,5100,2.89,400,2.884,3000,2.936,5600,2.937,22400,2.938,10000,2.939,40200,2.94,3600,2.949,5000,2.95,2500,2.955,2500,2.978,2000,2.988,500
2020-08-14 14:57:14.060,2.935,100.0,2.895,2.9091150000000003,2.94,2.897,2.935,44300,2.92,187800,2.909,3300,2.907,300,2.906,2000,2.903,5400,2.9,10600,2.891,5100,2.89,400,2.884,3000,2.936,5600,2.937,22400,2.938,10000,2.939,40200,2.94,3600,2.949,5000,2.95,2500,2.955,2500,2.978,2000,2.988,500
2020-08-14 14:57:34.220,2.936,3000.0,2.895,2.90919,2.94,2.897,2.935,44300,2.92,187800,2.909,3300,2.907,300,2.906,2000,2.903,5400,2.9,10600,2.891,5100,2.89,400,2.884,3000,2.936,2600,2.937,22400,2.938,10000,2.939,40200,2.94,3600,2.949,5000,2.95,2500,2.955,2500,2.978,2000,2.988,500
2020-08-14 14:57:46.460,2.935,4400.0,2.895,2.909294,2.94,2.897,2.935,39900,2.92,187800,2.909,3300,2.907,300,2.906,2000,2.903,5400,2.9,10600,2.891,5100,2.89,400,2.884,3000,2.936,6600,2.937,22400,2.938,10000,2.939,40200,2.94,3600,2.949,5000,2.95,2500,2.955,2500,2.978,2000,2.988,500
2020-08-14 14:58:05.580,2.936,39700.0,2.895,2.910238,2.94,2.897,2.935,200,2.92,187800,2.909,3300,2.907,300,2.906,2000,2.903,5400,2.9,10600,2.891,5100,2.89,400,2.884,3000,2.936,7400,2.937,24100,2.938,10000,2.939,40200,2.94,3600,2.949,5000,2.95,2500,2.955,2500,2.978,2000,2.988,500
2020-08-14 14:58:19.150,2.935,200.0,2.895,2.9102419999999998,2.94,2.897,2.92,187800,2.909,3300,2.907,300,2.906,2000,2.903,5400,2.9,10600,2.891,5100,2.89,400,2.884,3000,2.883,7900,2.935,19800,2.936,7400,2.937,24100,2.938,10000,2.939,40200,2.94,3600,2.949,5000,2.95,2500,2.955,2500,2.978,2000
2020-08-14 14:58:50.520,2.935,4800.0,2.895,2.910348,2.94,2.897,2.92,187800,2.909,3300,2.907,300,2.906,2000,2.903,5400,2.9,10600,2.891,5100,2.89,400,2.884,3000,2.883,7900,2.935,18400,2.936,9400,2.937,24100,2.938,10000,2.939,40200,2.94,7600,2.949,5000,2.95,2500,2.955,2500,2.978,2000
2020-08-14 14:59:00.440,2.92,1300.0,2.895,2.91036,2.94,2.897,2.92,187500,2.909,3300,2.907,300,2.906,2000,2.903,5400,2.9,10600,2.891,5100,2.89,400,2.884,3000,2.883,7900,2.935,18400,2.936,9400,2.937,24100,2.938,10000,2.939,40200,2.94,7600,2.949,5000,2.95,2500,2.955,2500,2.978,2000
2020-08-14 14:59:57.820,2.935,5500.0,2.895,2.910479,2.94,2.897,2.92,188300,2.909,3300,2.907,800,2.906,2000,2.903,5400,2.9,10600,2.891,5100,2.89,400,2.884,3000,2.883,7900,2.935,12900,2.936,9400,2.937,24100,2.938,10000,2.939,40200,2.94,3600,2.949,5000,2.95,2500,2.955,2500,2.978,2000
