Datetime,Price,Volume
2020-08-13 09:25:00.540,3.304,37200
2020-08-13 09:25:00.540,3.304,800
2020-08-13 09:25:00.540,3.304,6400
2020-08-13 09:25:00.540,3.304,6100
2020-08-13 09:25:00.540,3.304,1400
2020-08-13 09:25:00.540,3.304,3000
2020-08-13 09:25:00.540,3.304,13500
2020-08-13 09:25:00.540,3.304,2400
2020-08-13 09:25:00.540,3.304,1800
2020-08-13 09:25:00.540,3.304,10400
2020-08-13 09:25:00.540,3.304,1300
2020-08-13 09:25:00.540,3.304,1000
2020-08-13 09:25:00.540,3.304,5000
2020-08-13 09:25:00.540,3.304,300
2020-08-13 09:25:00.540,3.304,5000
2020-08-13 09:25:00.540,3.304,8000
2020-08-13 09:25:00.540,3.304,4500
2020-08-13 09:25:00.540,3.304,300
2020-08-13 09:25:00.540,3.304,8000
2020-08-13 09:25:00.540,3.304,2300
2020-08-13 09:25:00.540,3.304,4500
2020-08-13 09:25:00.540,3.304,10000
2020-08-13 09:25:00.540,3.304,17800
2020-08-13 09:25:00.540,3.304,3300
2020-08-13 09:25:00.540,3.304,1100
2020-08-13 09:25:00.540,3.304,100
2020-08-13 09:25:00.540,3.304,3500
2020-08-13 09:25:00.540,3.304,500
2020-08-13 09:25:00.540,3.304,300
2020-08-13 09:25:00.540,3.304,6200
2020-08-13 09:25:00.540,3.304,8000
2020-08-13 09:25:00.540,3.304,2300
2020-08-13 09:25:00.540,3.304,2600
2020-08-13 09:25:00.540,3.304,4000
2020-08-13 09:25:00.540,3.304,2400
2020-08-13 09:25:00.540,3.304,10000
2020-08-13 09:25:00.540,3.304,5000
2020-08-13 09:25:00.540,3.304,8400
2020-08-13 09:25:00.540,3.304,200
2020-08-13 09:25:00.540,3.304,100
2020-08-13 09:25:00.540,3.304,900
2020-08-13 09:25:00.540,3.304,100
2020-08-13 09:25:00.540,3.304,1600
2020-08-13 09:25:00.540,3.304,4000
2020-08-13 09:25:00.540,3.304,1000
2020-08-13 09:25:00.540,3.304,300
2020-08-13 09:25:00.540,3.304,3500
2020-08-13 09:25:00.540,3.304,3000
2020-08-13 09:25:00.540,3.304,200
2020-08-13 09:25:00.540,3.304,35400
2020-08-13 09:25:00.540,3.304,50000
2020-08-13 09:25:00.540,3.304,4000
2020-08-13 09:25:00.540,3.304,300
2020-08-13 09:25:00.540,3.304,30000
2020-08-13 09:25:00.540,3.304,100
2020-08-13 09:25:00.540,3.304,8200
2020-08-13 09:25:00.540,3.304,3000
2020-08-13 09:25:00.540,3.304,48800
2020-08-13 09:25:00.540,3.304,6000
2020-08-13 09:25:00.540,3.304,500
2020-08-13 09:25:00.540,3.304,300
2020-08-13 09:25:00.540,3.304,3200
2020-08-13 09:25:00.540,3.304,100
2020-08-13 09:25:00.540,3.304,60000
2020-08-13 09:25:00.540,3.304,30000
2020-08-13 09:25:00.540,3.304,31800
2020-08-13 09:25:00.540,3.304,200
2020-08-13 09:25:00.540,3.304,5000
2020-08-13 09:25:00.540,3.304,50000
2020-08-13 09:25:00.540,3.304,100
2020-08-13 09:25:00.540,3.304,30000
2020-08-13 09:25:00.540,3.304,89600
2020-08-13 09:25:00.540,3.304,900
2020-08-13 09:25:00.540,3.304,100
2020-08-13 09:25:00.540,3.304,3100
2020-08-13 09:25:00.540,3.304,16800
2020-08-13 09:25:00.540,3.304,300
2020-08-13 09:25:00.540,3.304,4000
2020-08-13 09:25:00.540,3.304,7000
2020-08-13 09:25:00.540,3.304,200
2020-08-13 09:25:00.540,3.304,1800
2020-08-13 09:25:00.540,3.304,10000
2020-08-13 09:25:00.540,3.304,200
2020-08-13 09:25:00.540,3.304,8300
2020-08-13 09:25:00.540,3.304,200
2020-08-13 09:25:00.540,3.304,300
2020-08-13 09:25:00.540,3.304,1600
2020-08-13 09:25:00.540,3.304,1200
2020-08-13 09:25:00.540,3.304,1300
2020-08-13 09:25:00.540,3.304,14900
2020-08-13 09:25:00.540,3.304,500
2020-08-13 09:25:00.540,3.304,100
2020-08-13 09:25:00.540,3.304,700
2020-08-13 09:25:00.540,3.304,4800
2020-08-13 09:25:00.540,3.304,2900
2020-08-13 09:25:00.540,3.304,1500
2020-08-13 09:25:00.540,3.304,2800
2020-08-13 09:25:00.540,3.304,100
2020-08-13 09:25:00.540,3.304,300
2020-08-13 09:25:00.540,3.304,400
2020-08-13 09:25:00.540,3.304,300
2020-08-13 09:25:00.540,3.304,400
2020-08-13 09:25:00.540,3.304,100
2020-08-13 09:25:00.540,3.304,200
2020-08-13 09:25:00.540,3.304,400000
2020-08-13 09:25:00.540,3.304,20000
2020-08-13 09:25:00.540,3.304,1000
2020-08-13 09:25:00.540,3.304,36900
2020-08-13 09:25:00.540,3.304,100
2020-08-13 09:25:00.540,3.304,5000
2020-08-13 09:25:00.540,3.304,5100
2020-08-13 09:25:00.540,3.304,39100
2020-08-13 09:25:00.540,3.304,27600
2020-08-13 09:25:00.540,3.304,10300
2020-08-13 09:25:00.540,3.304,59700
2020-08-13 09:25:00.540,3.304,40300
2020-08-13 09:25:00.540,3.304,10000
2020-08-13 09:25:00.540,3.304,3000
2020-08-13 09:25:00.540,3.304,3000
2020-08-13 09:25:00.540,3.304,139900
2020-08-13 09:25:00.540,3.304,48500
2020-08-13 09:25:00.540,3.304,6400
2020-08-13 09:25:00.540,3.304,800
2020-08-13 09:25:00.540,3.304,5000
2020-08-13 09:25:00.540,3.304,99400
2020-08-13 09:25:00.540,3.304,20000
2020-08-13 09:25:00.540,3.304,50000
2020-08-13 09:25:00.540,3.304,84900
2020-08-13 09:25:00.540,3.304,3000
2020-08-13 09:25:00.540,3.304,3000
2020-08-13 09:25:00.540,3.304,99000
2020-08-13 09:25:00.540,3.304,10000
2020-08-13 09:25:00.540,3.304,100100
2020-08-13 09:25:00.540,3.304,10300
2020-08-13 09:25:00.540,3.304,10000
2020-08-13 09:25:00.540,3.304,300000
2020-08-13 09:25:00.540,3.304,174400
2020-08-13 09:25:00.540,3.304,1200
2020-08-13 09:25:00.540,3.304,16200
2020-08-13 09:25:00.540,3.304,18000
2020-08-13 09:25:00.540,3.304,500
2020-08-13 09:25:00.540,3.304,3000
2020-08-13 09:25:00.540,3.304,3200
2020-08-13 09:25:00.540,3.304,900
2020-08-13 09:25:00.540,3.304,1800
2020-08-13 09:25:00.540,3.304,200
2020-08-13 09:25:00.540,3.304,600
2020-08-13 09:25:00.540,3.304,900
2020-08-13 09:25:00.540,3.304,900
2020-08-13 09:25:00.540,3.304,10000
2020-08-13 09:25:00.540,3.304,268200
2020-08-13 09:25:00.540,3.304,31800
2020-08-13 09:25:00.540,3.304,5000
2020-08-13 09:25:00.540,3.304,6000
2020-08-13 09:25:00.540,3.304,2000
2020-08-13 09:25:00.540,3.304,2000
2020-08-13 09:25:00.540,3.304,300
2020-08-13 09:25:00.540,3.304,3000
2020-08-13 09:25:00.540,3.304,20000
2020-08-13 09:25:00.540,3.304,10000
2020-08-13 09:25:00.540,3.304,200
2020-08-13 09:25:00.540,3.304,4800
2020-08-13 09:25:00.540,3.304,700
2020-08-13 09:25:00.540,3.304,100
2020-08-13 09:25:00.540,3.304,400
2020-08-13 09:25:00.540,3.304,6000
2020-08-13 09:25:00.540,3.304,2000
2020-08-13 09:25:00.540,3.304,4000
2020-08-13 09:25:00.540,3.304,4000
2020-08-13 09:25:00.540,3.304,200
2020-08-13 09:25:00.540,3.304,700
2020-08-13 09:25:00.540,3.304,10000
2020-08-13 09:25:00.540,3.304,3500
2020-08-13 09:25:00.540,3.304,100
2020-08-13 09:25:00.540,3.304,20000
2020-08-13 09:25:00.540,3.304,100
2020-08-13 09:25:00.540,3.304,2800
2020-08-13 09:25:00.540,3.304,2800
2020-08-13 09:25:00.540,3.304,200
2020-08-13 09:25:00.540,3.304,100
2020-08-13 09:25:00.540,3.304,3000
2020-08-13 09:25:00.540,3.304,15000
2020-08-13 09:25:00.540,3.304,5000
2020-08-13 09:25:00.540,3.304,600
2020-08-13 09:25:00.540,3.304,5000
2020-08-13 09:25:00.540,3.304,100
2020-08-13 09:25:00.540,3.304,10000
2020-08-13 09:25:00.540,3.304,200
2020-08-13 09:25:00.540,3.304,10000
2020-08-13 09:25:00.540,3.304,22300
2020-08-13 09:25:00.540,3.304,6000
2020-08-13 09:25:00.540,3.304,1200
2020-08-13 09:25:00.540,3.304,3000
2020-08-13 09:25:00.540,3.304,11300
2020-08-13 09:25:00.540,3.304,500
2020-08-13 09:25:00.540,3.304,7900
2020-08-13 09:25:00.540,3.304,200
2020-08-13 09:25:00.540,3.304,10000
2020-08-13 09:25:00.540,3.304,2500
2020-08-13 09:25:00.540,3.304,600
2020-08-13 09:25:00.540,3.304,42800
2020-08-13 09:25:00.540,3.304,50000
2020-08-13 09:25:00.540,3.304,10000
2020-08-13 09:25:00.540,3.304,385100
2020-08-13 09:25:00.540,3.304,10000
2020-08-13 09:25:00.540,3.304,7100
2020-08-13 09:25:00.540,3.304,5000
2020-08-13 09:25:00.540,3.304,430000
2020-08-13 09:25:00.540,3.304,3000
2020-08-13 09:25:00.540,3.304,2900
2020-08-13 09:25:00.540,3.304,100
2020-08-13 09:25:00.540,3.304,6000
2020-08-13 09:25:00.540,3.304,200
2020-08-13 09:25:00.540,3.304,1000
2020-08-13 09:25:00.540,3.304,5000
2020-08-13 09:25:00.540,3.304,1000
2020-08-13 09:25:00.540,3.304,10000
2020-08-13 09:25:00.540,3.304,33600
2020-08-13 09:25:00.540,3.304,16400
2020-08-13 09:25:00.540,3.304,5000
2020-08-13 09:25:00.540,3.304,100
2020-08-13 09:25:00.540,3.304,300
2020-08-13 09:25:00.540,3.304,200
2020-08-13 09:25:00.540,3.304,10000
2020-08-13 09:25:00.540,3.304,500
2020-08-13 09:25:00.540,3.304,4000
2020-08-13 09:25:00.540,3.304,200
2020-08-13 09:25:00.540,3.304,5000
2020-08-13 09:25:00.540,3.304,10000
2020-08-13 09:25:00.540,3.304,100
2020-08-13 09:25:00.540,3.304,6000
2020-08-13 09:25:00.540,3.304,100
2020-08-13 09:25:00.540,3.304,600
2020-08-13 09:25:00.540,3.304,200
2020-08-13 09:30:00.250,3.305,1000
2020-08-13 09:30:00.250,3.304,1000
2020-08-13 09:30:00.330,3.304,500
2020-08-13 09:30:00.330,3.305,1300
2020-08-13 09:30:00.370,3.305,700
2020-08-13 09:30:00.370,3.305,400
2020-08-13 09:30:00.370,3.305,5000
2020-08-13 09:30:00.370,3.305,100
2020-08-13 09:30:00.370,3.305,1200
2020-08-13 09:30:00.370,3.305,1000
2020-08-13 09:30:00.370,3.305,1600
2020-08-13 09:30:00.370,3.305,1400
2020-08-13 09:30:00.370,3.305,100
2020-08-13 09:30:00.370,3.305,200
2020-08-13 09:30:00.370,3.305,4000
2020-08-13 09:30:00.370,3.305,100
2020-08-13 09:30:00.370,3.305,200
2020-08-13 09:30:00.630,3.305,300
2020-08-13 09:30:00.630,3.306,400
2020-08-13 09:30:00.630,3.306,600
2020-08-13 09:30:00.630,3.306,4400
2020-08-13 09:30:00.630,3.306,500
2020-08-13 09:30:00.630,3.306,300
2020-08-13 09:30:00.630,3.306,1000
2020-08-13 09:30:00.630,3.306,100
2020-08-13 09:30:00.630,3.306,6000
2020-08-13 09:30:00.630,3.306,1000
2020-08-13 09:30:00.630,3.306,200
2020-08-13 09:30:00.630,3.306,1000
2020-08-13 09:30:00.630,3.306,1700
2020-08-13 09:30:00.680,3.305,1700
2020-08-13 09:30:00.680,3.305,8300
2020-08-13 09:30:00.760,3.305,1000
2020-08-13 09:30:00.760,3.306,6300
2020-08-13 09:30:00.760,3.306,5200
2020-08-13 09:30:00.760,3.306,30000
2020-08-13 09:30:00.850,3.306,2300
2020-08-13 09:30:00.850,3.306,3200
2020-08-13 09:30:00.850,3.306,16200
2020-08-13 09:30:00.850,3.305,3800
2020-08-13 09:30:00.850,3.307,5000
2020-08-13 09:30:00.850,3.307,100
2020-08-13 09:30:00.850,3.307,700
2020-08-13 09:30:00.850,3.307,1000
2020-08-13 09:30:00.850,3.307,1000
2020-08-13 09:30:00.850,3.307,100
2020-08-13 09:30:00.850,3.307,200
2020-08-13 09:30:00.850,3.307,5000
2020-08-13 09:30:00.850,3.307,6100
2020-08-13 09:30:00.910,3.306,1000
2020-08-13 09:30:00.980,3.306,1000
2020-08-13 09:30:00.980,3.306,100
2020-08-13 09:30:00.980,3.306,7900
2020-08-13 09:30:00.980,3.305,700
2020-08-13 09:30:01.050,3.305,1000
2020-08-13 09:30:01.050,3.305,900
2020-08-13 09:30:01.050,3.307,3900
2020-08-13 09:30:01.050,3.307,10000
2020-08-13 09:30:01.130,3.307,20000
2020-08-13 09:30:01.130,3.307,17900
2020-08-13 09:30:01.200,3.307,2000
2020-08-13 09:30:01.200,3.307,36600
2020-08-13 09:30:01.200,3.305,14300
2020-08-13 09:30:01.200,3.305,900
2020-08-13 09:30:01.200,3.305,1000
2020-08-13 09:30:01.200,3.305,16200
2020-08-13 09:30:01.200,3.305,10000
2020-08-13 09:30:01.200,3.305,90400
2020-08-13 09:30:01.200,3.305,19200
2020-08-13 09:30:01.200,3.305,78100
2020-08-13 09:30:01.200,3.305,400
2020-08-13 09:30:01.200,3.305,3100
2020-08-13 09:30:01.200,3.305,1000
2020-08-13 09:30:01.200,3.305,100
2020-08-13 09:30:01.200,3.304,28400
2020-08-13 09:30:01.340,3.308,300
2020-08-13 09:30:01.510,3.308,4700
2020-08-13 09:30:01.510,3.308,400
2020-08-13 09:30:01.550,3.307,19600
2020-08-13 09:30:01.630,3.307,1000
2020-08-13 09:30:01.630,3.307,10000
2020-08-13 09:30:01.800,3.307,2000
2020-08-13 09:30:01.850,3.307,1000
2020-08-13 09:30:01.850,3.307,1000
2020-08-13 09:30:01.990,3.307,2300
2020-08-13 09:30:01.990,3.308,2000
2020-08-13 09:30:02.150,3.308,100
2020-08-13 09:30:02.220,3.308,7500
2020-08-13 09:30:02.220,3.308,10000
2020-08-13 09:30:02.220,3.308,100
2020-08-13 09:30:02.220,3.308,4400
2020-08-13 09:30:02.280,3.307,5000
2020-08-13 09:30:02.410,3.308,100
2020-08-13 09:30:02.530,3.308,1500
2020-08-13 09:30:02.530,3.308,1000
2020-08-13 09:30:02.530,3.308,500
2020-08-13 09:30:02.580,3.307,100
2020-08-13 09:30:02.720,3.308,4400
2020-08-13 09:30:02.720,3.308,100
2020-08-13 09:30:02.720,3.308,500
2020-08-13 09:30:02.720,3.308,200
2020-08-13 09:30:02.720,3.308,7100
2020-08-13 09:30:02.840,3.307,10000
2020-08-13 09:30:02.840,3.308,900
2020-08-13 09:30:02.840,3.308,2200
2020-08-13 09:30:03.000,3.308,2800
2020-08-13 09:30:03.000,3.308,10000
2020-08-13 09:30:03.000,3.308,600
2020-08-13 09:30:03.000,3.308,1600
2020-08-13 09:30:03.120,3.307,2000
2020-08-13 09:30:03.200,3.307,7400
2020-08-13 09:30:03.200,3.307,10000
2020-08-13 09:30:03.240,3.307,6700
2020-08-13 09:30:03.240,3.307,1500
2020-08-13 09:30:03.240,3.307,11800
2020-08-13 09:30:03.290,3.307,5000
2020-08-13 09:30:03.290,3.307,4000
2020-08-13 09:30:03.400,3.307,50000
2020-08-13 09:30:03.400,3.307,3000
2020-08-13 09:30:03.470,3.307,3500
2020-08-13 09:30:03.470,3.307,10000
2020-08-13 09:30:03.800,3.307,400
2020-08-13 09:30:03.800,3.307,2000
2020-08-13 09:30:03.840,3.307,3000
2020-08-13 09:30:03.880,3.307,200
2020-08-13 09:30:03.880,3.307,30000
2020-08-13 09:30:03.880,3.307,200
2020-08-13 09:30:04.190,3.308,8400
2020-08-13 09:30:04.190,3.308,6400
2020-08-13 09:30:04.340,3.308,10000
2020-08-13 09:30:04.340,3.308,10000
2020-08-13 09:30:04.780,3.308,15200
2020-08-13 09:30:04.780,3.307,21600
2020-08-13 09:30:05.000,3.307,300
2020-08-13 09:30:05.000,3.307,300
2020-08-13 09:30:05.040,3.308,21500
2020-08-13 09:30:05.440,3.308,10000
2020-08-13 09:30:05.670,3.309,4000
2020-08-13 09:30:05.670,3.308,1000
2020-08-13 09:30:05.880,3.308,500
2020-08-13 09:30:06.000,3.308,60000
2020-08-13 09:30:06.000,3.308,1000
2020-08-13 09:30:06.030,3.308,4400
2020-08-13 09:30:06.150,3.309,1000
2020-08-13 09:30:06.150,3.309,100
2020-08-13 09:30:06.150,3.309,1000
2020-08-13 09:30:06.150,3.309,10000
2020-08-13 09:30:06.150,3.309,100
2020-08-13 09:30:06.150,3.309,200
2020-08-13 09:30:06.150,3.309,5000
2020-08-13 09:30:06.150,3.309,200
2020-08-13 09:30:06.150,3.309,2700
2020-08-13 09:30:06.290,3.308,3000
2020-08-13 09:30:06.480,3.308,3000
2020-08-13 09:30:06.480,3.308,10000
2020-08-13 09:30:06.560,3.308,3000
2020-08-13 09:30:06.670,3.308,30000
2020-08-13 09:30:06.670,3.308,10000
2020-08-13 09:30:06.810,3.308,40000
2020-08-13 09:30:06.810,3.308,3200
2020-08-13 09:30:06.880,3.308,20000
2020-08-13 09:30:06.950,3.308,10000
2020-08-13 09:30:07.260,3.308,9900
2020-08-13 09:30:07.260,3.308,100
2020-08-13 09:30:07.410,3.308,100
2020-08-13 09:30:07.530,3.309,7300
2020-08-13 09:30:07.530,3.309,2600
2020-08-13 09:30:07.530,3.308,3500
2020-08-13 09:30:07.530,3.308,3500
2020-08-13 09:30:07.830,3.308,200
2020-08-13 09:30:07.940,3.308,5000
2020-08-13 09:30:07.940,3.308,200
2020-08-13 09:30:07.940,3.308,87500
2020-08-13 09:30:08.060,3.308,10000
2020-08-13 09:30:08.100,3.308,500
2020-08-13 09:30:08.130,3.308,1500
2020-08-13 09:30:08.130,3.308,10000
2020-08-13 09:30:08.170,3.308,1000
2020-08-13 09:30:08.220,3.308,5000
2020-08-13 09:30:08.330,3.308,8000
2020-08-13 09:30:08.460,3.308,4000
2020-08-13 09:30:08.610,3.308,200
2020-08-13 09:30:08.660,3.308,500
2020-08-13 09:30:08.770,3.308,11200
2020-08-13 09:30:08.980,3.308,5000
2020-08-13 09:30:09.060,3.308,100
2020-08-13 09:30:09.060,3.308,5000
2020-08-13 09:30:09.090,3.308,45100
2020-08-13 09:30:09.170,3.308,600
2020-08-13 09:30:09.240,3.308,4000
2020-08-13 09:30:09.270,3.308,11700
2020-08-13 09:30:09.340,3.309,100
2020-08-13 09:30:09.530,3.309,3000
2020-08-13 09:30:09.590,3.308,7500
2020-08-13 09:30:09.740,3.308,6700
2020-08-13 09:30:09.780,3.308,4000
2020-08-13 09:30:10.120,3.308,98000
2020-08-13 09:30:10.220,3.309,9500
2020-08-13 09:30:10.260,3.308,100
2020-08-13 09:30:10.590,3.308,6000
2020-08-13 09:30:10.590,3.308,500
2020-08-13 09:30:10.920,3.308,7400
2020-08-13 09:30:11.070,3.308,9400
2020-08-13 09:30:11.320,3.308,18400
2020-08-13 09:30:11.420,3.309,600
2020-08-13 09:30:11.420,3.309,2400
2020-08-13 09:30:11.580,3.309,300
2020-08-13 09:30:11.580,3.309,2800
2020-08-13 09:30:11.580,3.309,1900
2020-08-13 09:30:11.930,3.308,1000
2020-08-13 09:30:12.020,3.308,28000
2020-08-13 09:30:12.720,3.308,20000
2020-08-13 09:30:13.260,3.309,100
2020-08-13 09:30:13.260,3.309,600
2020-08-13 09:30:13.260,3.309,3600
2020-08-13 09:30:13.260,3.309,5000
2020-08-13 09:30:13.260,3.309,5000
2020-08-13 09:30:13.260,3.309,10000
2020-08-13 09:30:13.260,3.309,1000
2020-08-13 09:30:13.260,3.309,5000
2020-08-13 09:30:13.260,3.309,100
2020-08-13 09:30:13.260,3.309,1000
2020-08-13 09:30:13.260,3.309,5000
2020-08-13 09:30:13.260,3.309,300
2020-08-13 09:30:13.260,3.309,2000
2020-08-13 09:30:13.260,3.309,7100
2020-08-13 09:30:13.260,3.309,204600
2020-08-13 09:30:13.260,3.309,500
2020-08-13 09:30:13.260,3.309,10000
2020-08-13 09:30:13.260,3.309,300
2020-08-13 09:30:13.260,3.309,1000
2020-08-13 09:30:13.260,3.309,20000
2020-08-13 09:30:13.260,3.309,17800
2020-08-13 09:30:13.570,3.308,700
2020-08-13 09:30:13.610,3.308,20000
2020-08-13 09:30:15.150,3.308,3000
2020-08-13 09:30:15.410,3.309,1500
2020-08-13 09:30:15.420,3.308,100
2020-08-13 09:30:15.640,3.308,500
2020-08-13 09:30:16.310,3.308,3000
2020-08-13 09:30:16.410,3.309,30700
2020-08-13 09:30:16.410,3.309,1500
2020-08-13 09:30:16.800,3.308,40000
2020-08-13 09:30:16.830,3.308,10000
2020-08-13 09:30:16.900,3.308,5300
2020-08-13 09:30:18.040,3.308,30000
2020-08-13 09:30:18.280,3.308,1000
2020-08-13 09:30:18.450,3.308,5000
2020-08-13 09:30:18.490,3.308,83800
2020-08-13 09:30:18.910,3.308,100000
2020-08-13 09:30:18.940,3.308,30000
2020-08-13 09:30:19.130,3.308,2000
2020-08-13 09:30:19.130,3.308,13000
2020-08-13 09:30:19.860,3.308,6000
2020-08-13 09:30:20.020,3.308,76200
2020-08-13 09:30:20.020,3.308,10800
2020-08-13 09:30:20.020,3.308,100
2020-08-13 09:30:20.020,3.308,2100
2020-08-13 09:30:20.310,3.307,100
2020-08-13 09:30:20.900,3.308,200
2020-08-13 09:30:21.060,3.308,5000
2020-08-13 09:30:21.580,3.307,500
2020-08-13 09:30:21.720,3.307,200
2020-08-13 09:30:21.720,3.308,1500
2020-08-13 09:30:22.680,3.308,20400
2020-08-13 09:30:23.010,3.307,11700
2020-08-13 09:30:23.010,3.307,3600
2020-08-13 09:30:23.010,3.307,4700
2020-08-13 09:30:23.830,3.308,200
2020-08-13 09:30:24.650,3.308,6600
2020-08-13 09:30:24.710,3.307,23400
2020-08-13 09:30:25.580,3.308,3000
2020-08-13 09:30:26.360,3.307,10000
2020-08-13 09:30:26.470,3.307,1500
2020-08-13 09:30:26.900,3.307,3000
2020-08-13 09:30:27.560,3.307,10000
2020-08-13 09:30:27.560,3.307,20000
2020-08-13 09:30:28.530,3.308,37700
2020-08-13 09:30:28.750,3.307,17100
2020-08-13 09:30:28.910,3.307,160300
2020-08-13 09:30:29.300,3.307,8100
2020-08-13 09:30:29.300,3.307,41900
2020-08-13 09:30:29.300,3.307,900
2020-08-13 09:30:29.300,3.307,14100
2020-08-13 09:30:29.300,3.307,79300
2020-08-13 09:30:29.640,3.307,7200
2020-08-13 09:30:30.210,3.308,20000
2020-08-13 09:30:30.210,3.308,1000
2020-08-13 09:30:30.210,3.308,19000
2020-08-13 09:30:30.350,3.307,7500
2020-08-13 09:30:30.930,3.307,188200
2020-08-13 09:30:30.930,3.307,98300
2020-08-13 09:30:30.930,3.307,13500
2020-08-13 09:30:31.490,3.307,14000
2020-08-13 09:30:31.650,3.307,100
2020-08-13 09:30:32.280,3.307,12000
2020-08-13 09:30:32.630,3.307,39400
2020-08-13 09:30:32.630,3.307,32500
2020-08-13 09:30:32.630,3.307,103400
2020-08-13 09:30:32.630,3.307,300
2020-08-13 09:30:32.630,3.307,17000
2020-08-13 09:30:32.630,3.307,300
2020-08-13 09:30:32.630,3.307,69300
2020-08-13 09:30:32.630,3.307,37800
2020-08-13 09:30:32.660,3.307,174100
2020-08-13 09:30:34.150,3.307,30000
2020-08-13 09:30:34.290,3.306,7700
2020-08-13 09:30:34.290,3.306,1600
2020-08-13 09:30:34.290,3.306,5000
2020-08-13 09:30:34.290,3.306,20000
2020-08-13 09:30:34.290,3.306,4000
2020-08-13 09:30:34.290,3.306,1100
2020-08-13 09:30:34.290,3.306,10000
2020-08-13 09:30:34.290,3.306,3100
2020-08-13 09:30:34.290,3.306,20000
2020-08-13 09:30:34.290,3.306,2000
2020-08-13 09:30:34.290,3.306,3100
2020-08-13 09:30:34.290,3.306,100
2020-08-13 09:30:34.290,3.306,10000
2020-08-13 09:30:34.290,3.306,10000
2020-08-13 09:30:34.290,3.306,3000
2020-08-13 09:30:34.290,3.306,11500
2020-08-13 09:30:34.290,3.306,6100
2020-08-13 09:30:34.290,3.306,1700
2020-08-13 09:30:34.740,3.307,10000
2020-08-13 09:30:35.080,3.307,17000
2020-08-13 09:30:35.580,3.306,3000
2020-08-13 09:30:36.070,3.307,2000
2020-08-13 09:30:36.560,3.307,166900
2020-08-13 09:30:36.560,3.307,24000
2020-08-13 09:30:36.560,3.307,2000
2020-08-13 09:30:36.560,3.307,200
2020-08-13 09:30:36.560,3.307,25000
2020-08-13 09:30:36.560,3.308,11000
2020-08-13 09:30:36.560,3.308,20900
2020-08-13 09:30:37.170,3.307,3000
2020-08-13 09:30:37.170,3.307,5000
2020-08-13 09:30:37.210,3.307,40000
2020-08-13 09:30:37.250,3.307,6000
2020-08-13 09:30:37.350,3.307,40000
2020-08-13 09:30:37.690,3.307,3000
2020-08-13 09:30:38.360,3.307,116400
2020-08-13 09:30:38.400,3.307,100
2020-08-13 09:30:38.430,3.306,1900
2020-08-13 09:30:38.740,3.307,63600
2020-08-13 09:30:38.770,3.307,3000
2020-08-13 09:30:38.990,3.307,2900
2020-08-13 09:30:38.990,3.306,3400
2020-08-13 09:30:38.990,3.306,1000
2020-08-13 09:30:38.990,3.306,3300
2020-08-13 09:30:39.710,3.306,700
2020-08-13 09:30:39.710,3.306,5500
2020-08-13 09:30:40.220,3.306,500
2020-08-13 09:30:40.880,3.306,3000
2020-08-13 09:30:41.070,3.306,2000
2020-08-13 09:30:41.390,3.306,3100
2020-08-13 09:30:41.490,3.306,11200
2020-08-13 09:30:41.490,3.306,5300
2020-08-13 09:30:42.500,3.306,10000
2020-08-13 09:30:42.560,3.307,1300
2020-08-13 09:30:42.560,3.307,6000
2020-08-13 09:30:42.560,3.307,600
2020-08-13 09:30:42.560,3.307,32100
2020-08-13 09:30:42.830,3.307,10800
2020-08-13 09:30:43.030,3.306,5000
2020-08-13 09:30:43.520,3.306,9700
2020-08-13 09:30:43.580,3.305,100
2020-08-13 09:30:43.580,3.305,400
2020-08-13 09:30:43.580,3.305,200
2020-08-13 09:30:43.580,3.305,5800
2020-08-13 09:30:43.580,3.305,2000
2020-08-13 09:30:43.580,3.305,600
2020-08-13 09:30:43.580,3.305,30800
2020-08-13 09:30:43.650,3.306,62300
2020-08-13 09:30:44.470,3.306,500
2020-08-13 09:30:44.470,3.306,1500
2020-08-13 09:30:44.600,3.306,4000
2020-08-13 09:30:44.720,3.307,10000
2020-08-13 09:30:45.410,3.307,1000
2020-08-13 09:30:46.590,3.306,100
2020-08-13 09:30:47.100,3.306,4900
2020-08-13 09:30:47.100,3.306,2000
2020-08-13 09:30:47.100,3.307,23100
2020-08-13 09:30:48.130,3.306,3000
2020-08-13 09:30:48.150,3.306,3000
2020-08-13 09:30:48.190,3.307,123000
2020-08-13 09:30:48.190,3.307,8500
2020-08-13 09:30:48.190,3.307,20000
2020-08-13 09:30:48.190,3.307,1600
2020-08-13 09:30:48.190,3.307,131700
2020-08-13 09:30:48.190,3.307,1000
2020-08-13 09:30:48.190,3.307,100000
2020-08-13 09:30:48.190,3.307,30000
2020-08-13 09:30:48.190,3.307,10000
2020-08-13 09:30:48.190,3.307,30000
2020-08-13 09:30:48.190,3.307,170000
2020-08-13 09:30:48.190,3.307,3100
2020-08-13 09:30:48.360,3.307,9000
2020-08-13 09:30:48.500,3.307,500
2020-08-13 09:30:48.840,3.307,13800
2020-08-13 09:30:48.970,3.307,14100
2020-08-13 09:30:49.510,3.307,200
2020-08-13 09:30:49.510,3.307,36200
2020-08-13 09:30:49.750,3.307,3500
2020-08-13 09:30:50.110,3.307,1000
2020-08-13 09:30:50.170,3.308,9100
2020-08-13 09:30:50.170,3.308,2200
2020-08-13 09:30:50.170,3.308,10000
2020-08-13 09:30:50.170,3.308,1000
2020-08-13 09:30:50.170,3.308,51600
2020-08-13 09:30:50.170,3.308,400
2020-08-13 09:30:50.170,3.308,1000
2020-08-13 09:30:50.170,3.308,6100
2020-08-13 09:30:50.170,3.308,300
2020-08-13 09:30:50.170,3.308,100
2020-08-13 09:30:50.170,3.308,87600
2020-08-13 09:30:50.170,3.308,2000
2020-08-13 09:30:50.170,3.308,1000
2020-08-13 09:30:50.170,3.308,1000
2020-08-13 09:30:50.170,3.308,20000
2020-08-13 09:30:50.170,3.308,15200
2020-08-13 09:30:50.170,3.308,1500
2020-08-13 09:30:50.170,3.308,5500
2020-08-13 09:30:50.170,3.308,100
2020-08-13 09:30:50.380,3.308,500
2020-08-13 09:30:50.380,3.308,3700
2020-08-13 09:30:50.640,3.308,5000
2020-08-13 09:30:50.850,3.308,100
2020-08-13 09:30:51.420,3.308,29900
2020-08-13 09:30:51.420,3.307,700
2020-08-13 09:30:51.480,3.307,1000
2020-08-13 09:30:51.970,3.307,6000
2020-08-13 09:30:52.660,3.307,10000
2020-08-13 09:30:56.320,3.308,1000
2020-08-13 09:30:56.610,3.307,3000
2020-08-13 09:30:56.680,3.307,200000
2020-08-13 09:30:57.090,3.307,1600
2020-08-13 09:30:57.480,3.307,4000
2020-08-13 09:30:57.550,3.307,10000
2020-08-13 09:30:59.070,3.308,1000
2020-08-13 09:30:59.550,3.308,15000
2020-08-13 09:30:59.550,3.308,3400
2020-08-13 09:30:59.550,3.308,3600
2020-08-13 09:30:59.550,3.308,4000
2020-08-13 09:31:00.360,3.307,100
2020-08-13 09:31:00.360,3.307,5000
2020-08-13 09:31:00.360,3.307,3000
2020-08-13 09:31:00.360,3.307,45000
2020-08-13 09:31:00.560,3.307,40000
2020-08-13 09:31:00.780,3.307,2000
2020-08-13 09:31:01.350,3.308,1000
2020-08-13 09:31:01.660,3.308,600
2020-08-13 09:31:01.660,3.308,5400
2020-08-13 09:31:01.790,3.308,100
2020-08-13 09:31:02.230,3.308,4500
2020-08-13 09:31:02.230,3.308,10000
2020-08-13 09:31:02.230,3.308,1000
2020-08-13 09:31:02.230,3.309,8500
2020-08-13 09:31:02.230,3.309,2500
2020-08-13 09:31:02.230,3.309,2500
2020-08-13 09:31:02.230,3.309,1000
2020-08-13 09:31:02.930,3.307,3300
2020-08-13 09:31:03.290,3.307,300
2020-08-13 09:31:03.430,3.308,1000
2020-08-13 09:31:03.590,3.308,3100
2020-08-13 09:31:03.680,3.308,4000
2020-08-13 09:31:03.720,3.308,1900
2020-08-13 09:31:03.970,3.309,3000
2020-08-13 09:31:04.420,3.308,3100
2020-08-13 09:31:04.420,3.308,200
2020-08-13 09:31:04.420,3.307,8700
2020-08-13 09:31:04.630,3.307,500
2020-08-13 09:31:04.720,3.307,6000
2020-08-13 09:31:04.820,3.307,1500
2020-08-13 09:31:04.980,3.308,20000
2020-08-13 09:31:04.980,3.309,10000
2020-08-13 09:31:04.980,3.309,7000
2020-08-13 09:31:04.980,3.309,3000
2020-08-13 09:31:05.400,3.307,300000
2020-08-13 09:31:05.470,3.307,300000
2020-08-13 09:31:05.590,3.308,100
2020-08-13 09:31:06.460,3.307,292700
2020-08-13 09:31:06.460,3.307,7300
2020-08-13 09:31:06.460,3.307,300000
2020-08-13 09:31:06.560,3.308,10600
2020-08-13 09:31:07.030,3.307,204600
2020-08-13 09:31:07.030,3.307,5000
2020-08-13 09:31:07.030,3.307,700
2020-08-13 09:31:07.090,3.307,89700
2020-08-13 09:31:07.090,3.308,19300
2020-08-13 09:31:07.370,3.308,71000
2020-08-13 09:31:07.400,3.308,2200
2020-08-13 09:31:08.600,3.307,3000
2020-08-13 09:31:08.740,3.307,20000
2020-08-13 09:31:09.630,3.307,100
2020-08-13 09:31:09.950,3.306,5200
2020-08-13 09:31:09.950,3.306,5000
2020-08-13 09:31:10.210,3.307,300
2020-08-13 09:31:10.460,3.305,300000
2020-08-13 09:31:10.530,3.305,4000
2020-08-13 09:31:10.880,3.307,5000
2020-08-13 09:31:11.440,3.305,300000
2020-08-13 09:31:11.440,3.305,48000
2020-08-13 09:31:11.440,3.305,5000
2020-08-13 09:31:11.440,3.305,12500
2020-08-13 09:31:11.440,3.305,1000
2020-08-13 09:31:11.440,3.305,14100
2020-08-13 09:31:11.440,3.305,219400
2020-08-13 09:31:11.440,3.305,62800
2020-08-13 09:31:11.440,3.305,3000
2020-08-13 09:31:11.440,3.305,300
2020-08-13 09:31:11.440,3.305,500
2020-08-13 09:31:11.440,3.305,10000
2020-08-13 09:31:11.440,3.305,10000
2020-08-13 09:31:11.440,3.305,20200
2020-08-13 09:31:11.440,3.305,103400
2020-08-13 09:31:11.440,3.305,79100
2020-08-13 09:31:11.440,3.305,10700
2020-08-13 09:31:12.540,3.305,21800
2020-08-13 09:31:12.540,3.305,57100
2020-08-13 09:31:12.630,3.306,1000
2020-08-13 09:31:13.980,3.306,300
2020-08-13 09:31:14.440,3.305,41300
2020-08-13 09:31:14.440,3.305,30300
2020-08-13 09:31:14.440,3.305,200
2020-08-13 09:31:14.440,3.305,43200
2020-08-13 09:31:14.440,3.305,3000
2020-08-13 09:31:14.440,3.305,9300
2020-08-13 09:31:14.440,3.305,9200
2020-08-13 09:31:14.440,3.305,600
2020-08-13 09:31:14.440,3.305,1000
2020-08-13 09:31:14.440,3.305,106100
2020-08-13 09:31:14.440,3.305,200
2020-08-13 09:31:14.440,3.305,7600
2020-08-13 09:31:14.440,3.305,1200
2020-08-13 09:31:14.440,3.305,46800
2020-08-13 09:31:14.440,3.305,22500
2020-08-13 09:31:14.440,3.305,212000
2020-08-13 09:31:14.440,3.305,200
2020-08-13 09:31:14.440,3.305,1000
2020-08-13 09:31:14.440,3.305,1000
2020-08-13 09:31:14.440,3.305,200
2020-08-13 09:31:14.440,3.305,3000
2020-08-13 09:31:14.440,3.305,4000
2020-08-13 09:31:14.440,3.305,2000
2020-08-13 09:31:14.440,3.305,2000
2020-08-13 09:31:14.440,3.305,1500
2020-08-13 09:31:14.440,3.305,10000
2020-08-13 09:31:14.440,3.305,1000
2020-08-13 09:31:14.440,3.305,100
2020-08-13 09:31:14.440,3.305,5000
2020-08-13 09:31:14.440,3.305,3000
2020-08-13 09:31:14.440,3.305,5000
2020-08-13 09:31:14.440,3.305,26500
2020-08-13 09:31:15.570,3.305,200
2020-08-13 09:31:15.600,3.305,700
2020-08-13 09:31:15.660,3.305,3000
2020-08-13 09:31:15.900,3.305,9000
2020-08-13 09:31:16.230,3.306,800
2020-08-13 09:31:16.630,3.305,500
2020-08-13 09:31:16.730,3.305,11000
2020-08-13 09:31:16.730,3.306,200
2020-08-13 09:31:17.180,3.306,37700
2020-08-13 09:31:17.180,3.306,300
2020-08-13 09:31:17.180,3.306,2000
2020-08-13 09:31:17.180,3.306,5300
2020-08-13 09:31:17.180,3.306,2000
2020-08-13 09:31:17.180,3.306,7200
2020-08-13 09:31:17.850,3.306,125500
2020-08-13 09:31:18.540,3.305,21100
2020-08-13 09:31:18.540,3.305,1600
2020-08-13 09:31:18.540,3.305,2000
2020-08-13 09:31:18.540,3.305,5000
2020-08-13 09:31:18.540,3.305,105800
2020-08-13 09:31:18.540,3.305,4000
2020-08-13 09:31:18.810,3.305,100
2020-08-13 09:31:19.450,3.304,2000
2020-08-13 09:31:19.450,3.304,1000
2020-08-13 09:31:19.450,3.304,1000
2020-08-13 09:31:19.450,3.304,17500
2020-08-13 09:31:19.450,3.304,1000
2020-08-13 09:31:19.450,3.304,1000
2020-08-13 09:31:19.450,3.304,10000
2020-08-13 09:31:19.450,3.304,100
2020-08-13 09:31:19.450,3.304,2000
2020-08-13 09:31:19.450,3.304,1000
2020-08-13 09:31:19.450,3.304,8500
2020-08-13 09:31:19.450,3.304,1200
2020-08-13 09:31:19.450,3.304,2000
2020-08-13 09:31:19.450,3.304,5000
2020-08-13 09:31:19.450,3.304,160500
2020-08-13 09:31:19.450,3.304,10000
2020-08-13 09:31:20.400,3.303,5500
2020-08-13 09:31:20.990,3.304,5000
2020-08-13 09:31:23.200,3.304,71200
2020-08-13 09:31:24.530,3.304,6000
2020-08-13 09:31:24.880,3.304,1000
2020-08-13 09:31:25.480,3.304,1800
2020-08-13 09:31:25.480,3.303,200
2020-08-13 09:31:25.510,3.305,1200
2020-08-13 09:31:25.610,3.303,4000
2020-08-13 09:31:26.710,3.303,300
2020-08-13 09:31:26.710,3.303,200
2020-08-13 09:31:26.830,3.304,700
2020-08-13 09:31:27.360,3.305,30000
2020-08-13 09:31:28.520,3.304,1900
2020-08-13 09:31:29.110,3.304,900
2020-08-13 09:31:29.300,3.304,2200
2020-08-13 09:31:29.450,3.304,9400
2020-08-13 09:31:29.800,3.304,1400
2020-08-13 09:31:29.800,3.304,2200
2020-08-13 09:31:30.090,3.303,2800
2020-08-13 09:31:30.090,3.303,200
2020-08-13 09:31:30.310,3.303,1000
2020-08-13 09:31:30.760,3.303,1800
2020-08-13 09:31:30.760,3.303,500
2020-08-13 09:31:30.760,3.303,500
2020-08-13 09:31:30.760,3.303,100
2020-08-13 09:31:30.940,3.303,5000
2020-08-13 09:31:33.800,3.302,9100
2020-08-13 09:31:34.680,3.302,800
2020-08-13 09:31:34.680,3.302,900
2020-08-13 09:31:34.680,3.302,2000
2020-08-13 09:31:34.680,3.302,200
2020-08-13 09:31:34.680,3.302,1000
2020-08-13 09:31:34.680,3.302,1200
2020-08-13 09:31:35.720,3.303,18100
2020-08-13 09:31:35.720,3.303,1000
2020-08-13 09:31:35.720,3.303,3000
2020-08-13 09:31:35.870,3.303,7900
2020-08-13 09:31:36.780,3.303,1000
2020-08-13 09:31:37.140,3.302,500
2020-08-13 09:31:38.210,3.303,1100
2020-08-13 09:31:38.210,3.304,3300
2020-08-13 09:31:38.210,3.302,8300
2020-08-13 09:31:38.210,3.302,1000
2020-08-13 09:31:38.210,3.302,3100
2020-08-13 09:31:38.210,3.302,5000
2020-08-13 09:31:38.210,3.302,2000
2020-08-13 09:31:38.740,3.301,300
2020-08-13 09:31:38.740,3.301,1700
2020-08-13 09:31:39.490,3.301,300
2020-08-13 09:31:39.490,3.301,14700
2020-08-13 09:31:39.920,3.302,5000
2020-08-13 09:31:39.980,3.301,5000
2020-08-13 09:31:41.530,3.302,5000
2020-08-13 09:31:41.870,3.302,30600
2020-08-13 09:31:41.870,3.302,10000
2020-08-13 09:31:41.870,3.302,34300
2020-08-13 09:31:41.900,3.302,8000
2020-08-13 09:31:42.230,3.302,6000
2020-08-13 09:31:42.350,3.302,8000
2020-08-13 09:31:42.350,3.302,3000
2020-08-13 09:31:42.480,3.302,300000
2020-08-13 09:31:42.590,3.303,600
2020-08-13 09:31:42.590,3.303,4400
2020-08-13 09:31:42.990,3.302,20000
2020-08-13 09:31:44.290,3.302,300000
2020-08-13 09:31:44.610,3.302,16700
2020-08-13 09:31:44.640,3.302,50000
2020-08-13 09:31:45.130,3.302,5100
2020-08-13 09:31:45.290,3.302,17400
2020-08-13 09:31:46.010,3.302,90900
2020-08-13 09:31:46.010,3.302,10000
2020-08-13 09:31:46.010,3.302,10000
2020-08-13 09:31:46.010,3.302,23200
2020-08-13 09:31:46.440,3.302,300
2020-08-13 09:31:46.810,3.302,10000
2020-08-13 09:31:46.960,3.301,34300
2020-08-13 09:31:47.360,3.301,1000
2020-08-13 09:31:47.570,3.301,10100
2020-08-13 09:31:47.570,3.302,10800
2020-08-13 09:31:47.770,3.301,500
2020-08-13 09:31:48.300,3.301,56400
2020-08-13 09:31:48.610,3.301,69200
2020-08-13 09:31:50.440,3.301,9000
2020-08-13 09:31:50.820,3.301,4500
2020-08-13 09:31:51.280,3.301,1000
2020-08-13 09:31:51.330,3.301,300
2020-08-13 09:31:52.040,3.301,15000
2020-08-13 09:31:52.210,3.302,10800
2020-08-13 09:31:53.190,3.302,500
2020-08-13 09:31:54.110,3.301,10000
2020-08-13 09:31:54.240,3.302,10800
2020-08-13 09:31:54.740,3.302,5000
2020-08-13 09:31:55.450,3.301,100
2020-08-13 09:31:55.700,3.301,50000
2020-08-13 09:31:55.730,3.301,2000
2020-08-13 09:31:56.280,3.302,6300
2020-08-13 09:31:56.340,3.301,800
2020-08-13 09:31:56.410,3.302,1000
2020-08-13 09:31:56.480,3.301,11000
2020-08-13 09:31:56.540,3.301,40000
2020-08-13 09:31:56.920,3.301,5700
2020-08-13 09:31:57.100,3.302,100000
2020-08-13 09:31:58.000,3.301,8000
2020-08-13 09:31:59.150,3.301,10000
2020-08-13 09:31:59.620,3.302,1000
2020-08-13 09:31:59.650,3.301,1400
2020-08-13 09:32:00.130,3.302,1100
2020-08-13 09:32:00.400,3.301,2000
2020-08-13 09:32:00.470,3.302,8300
2020-08-13 09:32:00.470,3.302,5000
2020-08-13 09:32:00.470,3.302,1000
2020-08-13 09:32:00.470,3.302,15700
2020-08-13 09:32:00.470,3.301,100000
2020-08-13 09:32:00.870,3.301,500
2020-08-13 09:32:01.830,3.301,1000
2020-08-13 09:32:02.200,3.301,100000
2020-08-13 09:32:02.730,3.302,10500
2020-08-13 09:32:02.730,3.302,93300
2020-08-13 09:32:02.730,3.302,100
2020-08-13 09:32:02.730,3.302,50000
2020-08-13 09:32:02.730,3.302,9900
2020-08-13 09:32:02.730,3.302,2000
2020-08-13 09:32:04.510,3.302,1000
2020-08-13 09:32:04.600,3.302,19300
2020-08-13 09:32:05.150,3.302,20000
2020-08-13 09:32:05.350,3.302,800
2020-08-13 09:32:05.660,3.302,30000
2020-08-13 09:32:05.960,3.302,5800
2020-08-13 09:32:06.350,3.302,3800
2020-08-13 09:32:06.610,3.302,28000
2020-08-13 09:32:07.090,3.302,5000
2020-08-13 09:32:07.090,3.302,100
2020-08-13 09:32:07.180,3.303,10000
2020-08-13 09:32:07.180,3.303,3000
2020-08-13 09:32:07.180,3.303,10000
2020-08-13 09:32:07.180,3.303,10000
2020-08-13 09:32:07.180,3.303,100
2020-08-13 09:32:07.180,3.303,5000
2020-08-13 09:32:07.180,3.303,2600
2020-08-13 09:32:07.180,3.303,2000
2020-08-13 09:32:07.280,3.303,1600
2020-08-13 09:32:07.320,3.303,50000
2020-08-13 09:32:07.380,3.303,20000
2020-08-13 09:32:07.760,3.303,6000
2020-08-13 09:32:07.890,3.303,100
2020-08-13 09:32:08.110,3.303,1000
2020-08-13 09:32:08.170,3.303,3700
2020-08-13 09:32:08.820,3.302,17400
2020-08-13 09:32:08.820,3.302,12600
2020-08-13 09:32:09.470,3.302,8500
2020-08-13 09:32:09.470,3.302,1000
2020-08-13 09:32:09.940,3.303,30000
2020-08-13 09:32:09.940,3.303,30000
2020-08-13 09:32:10.100,3.303,37100
2020-08-13 09:32:10.160,3.304,8100
2020-08-13 09:32:10.160,3.304,2700
2020-08-13 09:32:10.380,3.303,5000
2020-08-13 09:32:11.190,3.302,500
2020-08-13 09:32:12.070,3.303,900
2020-08-13 09:32:12.070,3.304,4300
2020-08-13 09:32:12.070,3.304,3000
2020-08-13 09:32:12.070,3.304,600
2020-08-13 09:32:12.070,3.304,2000
2020-08-13 09:32:12.330,3.303,700
2020-08-13 09:32:12.620,3.303,300
2020-08-13 09:32:12.620,3.303,4200
2020-08-13 09:32:12.620,3.304,5300
2020-08-13 09:32:12.710,3.302,5000
2020-08-13 09:32:13.880,3.304,22700
2020-08-13 09:32:13.880,3.304,7300
2020-08-13 09:32:13.920,3.303,2300
2020-08-13 09:32:13.920,3.302,3400
2020-08-13 09:32:14.180,3.303,10000
2020-08-13 09:32:15.230,3.304,6200
2020-08-13 09:32:15.230,3.304,10000
2020-08-13 09:32:15.230,3.304,500
2020-08-13 09:32:15.230,3.304,33300
2020-08-13 09:32:15.640,3.303,500
2020-08-13 09:32:15.790,3.303,9500
2020-08-13 09:32:15.790,3.303,300
2020-08-13 09:32:16.440,3.302,2000
2020-08-13 09:32:16.630,3.303,200
2020-08-13 09:32:16.750,3.304,11900
2020-08-13 09:32:17.200,3.303,600
2020-08-13 09:32:17.660,3.303,100
2020-08-13 09:32:17.920,3.303,2500
2020-08-13 09:32:19.170,3.304,4800
2020-08-13 09:32:19.170,3.304,1300
2020-08-13 09:32:19.780,3.304,300
2020-08-13 09:32:19.840,3.303,16600
2020-08-13 09:32:19.840,3.303,2000
2020-08-13 09:32:19.840,3.303,1400
2020-08-13 09:32:20.170,3.303,6600
2020-08-13 09:32:20.570,3.303,5000
2020-08-13 09:32:21.170,3.302,800
2020-08-13 09:32:22.000,3.303,300
2020-08-13 09:32:22.720,3.302,80400
2020-08-13 09:32:23.150,3.303,2700
2020-08-13 09:32:23.890,3.303,4400
2020-08-13 09:32:23.890,3.303,5600
2020-08-13 09:32:24.440,3.303,2400
2020-08-13 09:32:24.440,3.303,2000
2020-08-13 09:32:24.440,3.303,15600
2020-08-13 09:32:29.340,3.302,95800
2020-08-13 09:32:29.340,3.302,10000
2020-08-13 09:32:29.340,3.302,2000
2020-08-13 09:32:29.340,3.302,10000
2020-08-13 09:32:29.340,3.302,5000
2020-08-13 09:32:29.540,3.303,2000
2020-08-13 09:32:29.630,3.303,500
2020-08-13 09:32:31.140,3.303,600
2020-08-13 09:32:31.200,3.302,3500
2020-08-13 09:32:31.390,3.303,5000
2020-08-13 09:32:31.550,3.302,1100
2020-08-13 09:32:32.210,3.303,200
2020-08-13 09:32:32.310,3.302,5400
2020-08-13 09:32:32.610,3.303,1000
2020-08-13 09:32:35.520,3.301,239100
2020-08-13 09:32:35.520,3.301,1000
2020-08-13 09:32:35.520,3.301,33300
2020-08-13 09:32:35.520,3.301,10000
2020-08-13 09:32:35.520,3.301,8000
2020-08-13 09:32:35.520,3.301,2000
2020-08-13 09:32:35.520,3.301,4000
2020-08-13 09:32:35.520,3.301,2100
2020-08-13 09:32:35.520,3.301,500
2020-08-13 09:32:35.520,3.302,100
2020-08-13 09:32:35.520,3.302,200
2020-08-13 09:32:35.910,3.301,9500
2020-08-13 09:32:37.420,3.301,1000
2020-08-13 09:32:37.930,3.301,20000
2020-08-13 09:32:41.010,3.3,1400
2020-08-13 09:32:42.300,3.301,2000
2020-08-13 09:32:43.730,3.3,900
2020-08-13 09:32:44.680,3.3,3500
2020-08-13 09:32:45.800,3.3,2500
2020-08-13 09:32:46.200,3.3,1500
2020-08-13 09:32:46.200,3.3,28400
2020-08-13 09:32:47.380,3.3,1000
2020-08-13 09:32:47.540,3.301,500
2020-08-13 09:32:48.780,3.3,18500
2020-08-13 09:32:49.380,3.3,5000
2020-08-13 09:32:49.410,3.301,1000
2020-08-13 09:32:50.100,3.301,1500
2020-08-13 09:32:50.100,3.301,40000
2020-08-13 09:32:50.100,3.301,18300
2020-08-13 09:32:50.100,3.301,50000
2020-08-13 09:32:50.100,3.301,100000
2020-08-13 09:32:50.100,3.301,15200
2020-08-13 09:32:50.100,3.301,72000
2020-08-13 09:32:50.200,3.301,228000
2020-08-13 09:32:50.750,3.301,3500
2020-08-13 09:32:50.990,3.302,10000
2020-08-13 09:32:50.990,3.302,1000
2020-08-13 09:32:50.990,3.302,3000
2020-08-13 09:32:50.990,3.302,2100
2020-08-13 09:32:51.120,3.301,1000
2020-08-13 09:32:51.760,3.301,1000
2020-08-13 09:32:51.980,3.301,13600
2020-08-13 09:32:53.220,3.301,3900
2020-08-13 09:32:53.830,3.301,30000
2020-08-13 09:32:56.640,3.302,5500
2020-08-13 09:32:56.640,3.302,5000
2020-08-13 09:32:56.640,3.302,50000
2020-08-13 09:32:56.640,3.302,100000
2020-08-13 09:32:57.290,3.302,2400
2020-08-13 09:32:58.360,3.302,200
2020-08-13 09:32:58.460,3.302,8100
2020-08-13 09:32:58.810,3.302,10000
2020-08-13 09:32:59.710,3.302,3000
2020-08-13 09:32:59.980,3.302,6000
2020-08-13 09:33:00.410,3.302,30000
2020-08-13 09:33:00.750,3.303,1000
2020-08-13 09:33:01.640,3.302,5000
2020-08-13 09:33:02.030,3.303,10000
2020-08-13 09:33:02.870,3.303,1900
2020-08-13 09:33:04.550,3.303,200
2020-08-13 09:33:04.550,3.303,5000
2020-08-13 09:33:04.550,3.303,300
2020-08-13 09:33:04.550,3.303,6300
2020-08-13 09:33:04.550,3.303,1000
2020-08-13 09:33:04.550,3.303,5500
2020-08-13 09:33:05.180,3.302,4000
2020-08-13 09:33:06.320,3.303,1500
2020-08-13 09:33:07.010,3.302,300000
2020-08-13 09:33:07.010,3.302,300000
2020-08-13 09:33:07.370,3.303,3000
2020-08-13 09:33:07.370,3.303,7000
2020-08-13 09:33:07.760,3.302,20100
2020-08-13 09:33:07.760,3.302,117900
2020-08-13 09:33:09.220,3.302,223000
2020-08-13 09:33:09.220,3.302,6000
2020-08-13 09:33:09.220,3.302,3100
2020-08-13 09:33:09.220,3.302,10000
2020-08-13 09:33:09.220,3.302,11600
2020-08-13 09:33:09.460,3.302,100
2020-08-13 09:33:09.640,3.302,900
2020-08-13 09:33:10.190,3.301,400
2020-08-13 09:33:10.350,3.302,45400
2020-08-13 09:33:10.350,3.302,14600
2020-08-13 09:33:10.650,3.301,131200
2020-08-13 09:33:11.000,3.301,1500
2020-08-13 09:33:11.270,3.302,1000
2020-08-13 09:33:11.530,3.301,150000
2020-08-13 09:33:11.530,3.301,150000
2020-08-13 09:33:12.230,3.301,38900
2020-08-13 09:33:12.230,3.301,20000
2020-08-13 09:33:12.230,3.301,39000
2020-08-13 09:33:12.230,3.301,50000
2020-08-13 09:33:12.230,3.301,5000
2020-08-13 09:33:12.230,3.301,20000
2020-08-13 09:33:12.230,3.301,5000
2020-08-13 09:33:12.230,3.301,1000
2020-08-13 09:33:12.930,3.3,268200
2020-08-13 09:33:12.930,3.3,10000
2020-08-13 09:33:12.930,3.3,1300
2020-08-13 09:33:12.930,3.3,4700
2020-08-13 09:33:12.930,3.3,5000
2020-08-13 09:33:12.930,3.3,10800
2020-08-13 09:33:13.990,3.301,5000
2020-08-13 09:33:14.490,3.301,2000
2020-08-13 09:33:14.580,3.301,10800
2020-08-13 09:33:15.390,3.3,9200
2020-08-13 09:33:15.390,3.3,800
2020-08-13 09:33:15.430,3.301,50000
2020-08-13 09:33:15.650,3.3,4200
2020-08-13 09:33:15.650,3.3,158100
2020-08-13 09:33:15.650,3.3,1000
2020-08-13 09:33:15.650,3.3,1000
2020-08-13 09:33:15.650,3.3,1000
2020-08-13 09:33:15.650,3.3,30000
2020-08-13 09:33:15.650,3.3,2000
2020-08-13 09:33:15.650,3.3,20500
2020-08-13 09:33:15.650,3.3,1000
2020-08-13 09:33:15.650,3.3,5000
2020-08-13 09:33:15.650,3.3,8000
2020-08-13 09:33:15.650,3.3,34000
2020-08-13 09:33:15.650,3.3,10000
2020-08-13 09:33:15.650,3.3,20000
2020-08-13 09:33:15.650,3.3,300
2020-08-13 09:33:15.650,3.3,3900
2020-08-13 09:33:15.740,3.301,7000
2020-08-13 09:33:15.800,3.301,50000
2020-08-13 09:33:16.210,3.301,10900
2020-08-13 09:33:16.400,3.301,10800
2020-08-13 09:33:16.840,3.301,50000
2020-08-13 09:33:16.840,3.301,103500
2020-08-13 09:33:16.840,3.301,10000
2020-08-13 09:33:16.840,3.301,300000
2020-08-13 09:33:16.840,3.301,1600
2020-08-13 09:33:16.840,3.302,4400
2020-08-13 09:33:16.840,3.302,1100
2020-08-13 09:33:16.840,3.302,10000
2020-08-13 09:33:16.840,3.302,10000
2020-08-13 09:33:16.840,3.302,35000
2020-08-13 09:33:16.840,3.302,100
2020-08-13 09:33:16.840,3.302,10000
2020-08-13 09:33:16.840,3.302,400
2020-08-13 09:33:16.840,3.302,28100
2020-08-13 09:33:16.940,3.302,1900
2020-08-13 09:33:17.860,3.302,100
2020-08-13 09:33:18.250,3.301,1000
2020-08-13 09:33:18.510,3.3,16100
2020-08-13 09:33:18.510,3.3,2000
2020-08-13 09:33:18.510,3.3,3000
2020-08-13 09:33:18.510,3.3,600
2020-08-13 09:33:18.510,3.3,16600
2020-08-13 09:33:18.510,3.3,200
2020-08-13 09:33:21.100,3.3,200
2020-08-13 09:33:21.100,3.3,800
2020-08-13 09:33:21.270,3.301,900
2020-08-13 09:33:21.270,3.301,4100
2020-08-13 09:33:21.720,3.301,300
2020-08-13 09:33:22.110,3.3,200
2020-08-13 09:33:22.110,3.3,100
2020-08-13 09:33:22.110,3.3,10000
2020-08-13 09:33:22.110,3.3,5500
2020-08-13 09:33:22.110,3.3,13000
2020-08-13 09:33:22.110,3.3,2000
2020-08-13 09:33:22.110,3.3,1000
2020-08-13 09:33:22.110,3.3,1000
2020-08-13 09:33:22.110,3.3,5400
2020-08-13 09:33:22.110,3.3,6500
2020-08-13 09:33:22.190,3.3,3000
2020-08-13 09:33:22.190,3.3,100
2020-08-13 09:33:22.260,3.301,12600
2020-08-13 09:33:22.260,3.301,9300
2020-08-13 09:33:22.790,3.3,1000
2020-08-13 09:33:22.790,3.3,200000
2020-08-13 09:33:22.790,3.3,1000
2020-08-13 09:33:22.790,3.299,11300
2020-08-13 09:33:22.790,3.299,1500
2020-08-13 09:33:22.790,3.299,30000
2020-08-13 09:33:22.790,3.299,2000
2020-08-13 09:33:22.790,3.299,100
2020-08-13 09:33:22.790,3.299,100
2020-08-13 09:33:22.790,3.299,11000
2020-08-13 09:33:22.790,3.299,8800
2020-08-13 09:33:22.790,3.299,10000
2020-08-13 09:33:22.790,3.299,10000
2020-08-13 09:33:24.060,3.299,1300
2020-08-13 09:33:25.040,3.298,600
2020-08-13 09:33:25.360,3.299,500
2020-08-13 09:33:25.530,3.299,11400
2020-08-13 09:33:25.530,3.299,800
2020-08-13 09:33:25.650,3.299,2000
2020-08-13 09:33:25.680,3.299,200
2020-08-13 09:33:27.210,3.299,6000
2020-08-13 09:33:28.090,3.299,3800
2020-08-13 09:33:28.090,3.298,900
2020-08-13 09:33:28.090,3.298,100
2020-08-13 09:33:28.090,3.298,5000
2020-08-13 09:33:28.090,3.298,100
2020-08-13 09:33:28.090,3.298,100
2020-08-13 09:33:28.090,3.298,100
2020-08-13 09:33:28.090,3.298,100
2020-08-13 09:33:28.090,3.298,100
2020-08-13 09:33:28.090,3.298,4500
2020-08-13 09:33:28.090,3.298,400
2020-08-13 09:33:28.090,3.298,100
2020-08-13 09:33:28.090,3.298,400
2020-08-13 09:33:28.090,3.298,100
2020-08-13 09:33:28.090,3.298,3000
2020-08-13 09:33:28.090,3.298,3300
2020-08-13 09:33:28.090,3.298,247400
2020-08-13 09:33:28.510,3.3,5000
2020-08-13 09:33:29.240,3.3,75700
2020-08-13 09:33:30.510,3.298,16000
2020-08-13 09:33:30.630,3.3,11500
2020-08-13 09:33:31.600,3.299,1000
2020-08-13 09:33:32.300,3.299,1000
2020-08-13 09:33:32.300,3.298,190500
2020-08-13 09:33:35.430,3.299,10000
2020-08-13 09:33:36.810,3.3,27400
2020-08-13 09:33:36.810,3.3,22600
2020-08-13 09:33:36.940,3.3,50000
2020-08-13 09:33:37.130,3.3,3100
2020-08-13 09:33:37.190,3.299,1300
2020-08-13 09:33:37.690,3.299,200
2020-08-13 09:33:37.790,3.299,10000
2020-08-13 09:33:38.640,3.299,12000
2020-08-13 09:33:39.780,3.299,13700
2020-08-13 09:33:40.030,3.299,9700
2020-08-13 09:33:40.530,3.299,500
2020-08-13 09:33:40.850,3.299,3000
2020-08-13 09:33:41.330,3.299,4600
2020-08-13 09:33:42.200,3.3,700
2020-08-13 09:33:42.200,3.3,300
2020-08-13 09:33:42.260,3.299,300000
2020-08-13 09:33:42.300,3.299,2400
2020-08-13 09:33:42.330,3.299,120600
2020-08-13 09:33:43.260,3.299,10000
2020-08-13 09:33:43.350,3.299,10000
2020-08-13 09:33:44.410,3.3,1300
2020-08-13 09:33:44.410,3.3,200
2020-08-13 09:33:44.410,3.3,1500
2020-08-13 09:33:45.400,3.299,2500
2020-08-13 09:33:45.650,3.299,10000
2020-08-13 09:33:45.680,3.3,1700
2020-08-13 09:33:45.680,3.3,3000
2020-08-13 09:33:45.680,3.3,300
2020-08-13 09:33:45.990,3.3,800
2020-08-13 09:33:45.990,3.3,600
2020-08-13 09:33:45.990,3.3,1600
2020-08-13 09:33:47.440,3.3,400
2020-08-13 09:33:47.680,3.299,30000
2020-08-13 09:33:47.810,3.299,1000
2020-08-13 09:33:47.810,3.299,47500
2020-08-13 09:33:48.110,3.299,1000
2020-08-13 09:33:48.110,3.299,1600
2020-08-13 09:33:48.110,3.299,700
2020-08-13 09:33:49.790,3.299,3400
2020-08-13 09:33:50.770,3.299,25900
2020-08-13 09:33:50.770,3.299,1000
2020-08-13 09:33:51.410,3.299,200
2020-08-13 09:33:51.410,3.299,4400
2020-08-13 09:33:53.990,3.298,7500
2020-08-13 09:33:54.150,3.299,400
2020-08-13 09:33:54.920,3.299,100
2020-08-13 09:33:54.920,3.299,200
2020-08-13 09:33:55.400,3.299,1800
2020-08-13 09:33:55.400,3.299,43600
2020-08-13 09:33:55.400,3.299,2000
2020-08-13 09:33:55.400,3.3,2600
2020-08-13 09:33:55.710,3.3,45400
2020-08-13 09:33:55.710,3.3,4600
2020-08-13 09:33:56.620,3.299,100
2020-08-13 09:33:56.690,3.298,100
2020-08-13 09:33:56.840,3.299,6500
2020-08-13 09:33:58.260,3.299,6000
2020-08-13 09:33:58.310,3.299,2000
2020-08-13 09:34:00.080,3.3,600
2020-08-13 09:34:00.490,3.299,1000
2020-08-13 09:34:03.510,3.298,1000
2020-08-13 09:34:03.530,3.299,5000
2020-08-13 09:34:03.910,3.299,1000
2020-08-13 09:34:04.030,3.299,3000
2020-08-13 09:34:04.030,3.299,28800
2020-08-13 09:34:04.030,3.299,10000
2020-08-13 09:34:04.030,3.299,5000
2020-08-13 09:34:04.330,3.3,24800
2020-08-13 09:34:04.330,3.3,2000
2020-08-13 09:34:04.330,3.3,6000
2020-08-13 09:34:04.330,3.3,100000
2020-08-13 09:34:04.330,3.3,12300
2020-08-13 09:34:04.330,3.3,2000
2020-08-13 09:34:04.330,3.3,100000
2020-08-13 09:34:04.330,3.3,2000
2020-08-13 09:34:04.330,3.3,5000
2020-08-13 09:34:04.330,3.3,86600
2020-08-13 09:34:04.330,3.3,2000
2020-08-13 09:34:04.330,3.3,150000
2020-08-13 09:34:04.330,3.3,10000
2020-08-13 09:34:04.330,3.3,50000
2020-08-13 09:34:04.330,3.3,5000
2020-08-13 09:34:04.330,3.3,5000
2020-08-13 09:34:04.520,3.3,21900
2020-08-13 09:34:04.730,3.3,50000
2020-08-13 09:34:05.410,3.3,100
2020-08-13 09:34:05.530,3.3,500
2020-08-13 09:34:05.620,3.3,20000
2020-08-13 09:34:05.720,3.3,13600
2020-08-13 09:34:07.120,3.3,5500
2020-08-13 09:34:11.130,3.3,105700
2020-08-13 09:34:11.130,3.3,5000
2020-08-13 09:34:11.130,3.3,89300
2020-08-13 09:34:11.130,3.3,33200
2020-08-13 09:34:12.260,3.3,6600
2020-08-13 09:34:12.760,3.3,7300
2020-08-13 09:34:12.760,3.3,2000
2020-08-13 09:34:15.010,3.299,30000
2020-08-13 09:34:15.550,3.3,50000
2020-08-13 09:34:15.940,3.3,200
2020-08-13 09:34:16.000,3.3,45700
2020-08-13 09:34:16.930,3.3,1000
2020-08-13 09:34:17.920,3.299,200
2020-08-13 09:34:17.920,3.299,100
2020-08-13 09:34:17.920,3.299,29700
2020-08-13 09:34:18.580,3.3,2000
2020-08-13 09:34:20.020,3.3,297000
2020-08-13 09:34:20.410,3.3,20000
2020-08-13 09:34:21.440,3.3,10000
2020-08-13 09:34:24.170,3.299,300
2020-08-13 09:34:24.170,3.299,4700
2020-08-13 09:34:25.260,3.299,6000
2020-08-13 09:34:26.520,3.299,500
2020-08-13 09:34:26.670,3.299,5400
2020-08-13 09:34:26.670,3.299,900
2020-08-13 09:34:26.670,3.299,5100
2020-08-13 09:34:28.200,3.299,4900
2020-08-13 09:34:28.200,3.299,100
2020-08-13 09:34:28.200,3.299,2200
2020-08-13 09:34:30.160,3.299,10000
2020-08-13 09:34:30.160,3.299,1000
2020-08-13 09:34:30.160,3.299,7500
2020-08-13 09:34:30.160,3.298,87500
2020-08-13 09:34:30.160,3.298,194000
2020-08-13 09:34:32.030,3.299,2600
2020-08-13 09:34:35.960,3.298,3100
2020-08-13 09:34:36.720,3.299,7700
2020-08-13 09:34:37.210,3.299,18800
2020-08-13 09:34:37.210,3.299,6300
2020-08-13 09:34:37.210,3.299,17500
2020-08-13 09:34:37.210,3.299,7400
2020-08-13 09:34:37.260,3.298,5900
2020-08-13 09:34:38.590,3.298,2600
2020-08-13 09:34:41.480,3.298,300000
2020-08-13 09:34:42.000,3.298,4500
2020-08-13 09:34:43.020,3.298,500
2020-08-13 09:34:43.350,3.298,100
2020-08-13 09:34:44.390,3.298,2000
2020-08-13 09:34:44.390,3.298,2000
2020-08-13 09:34:45.950,3.298,900
2020-08-13 09:34:46.900,3.298,800
2020-08-13 09:34:47.670,3.298,3600
2020-08-13 09:34:47.670,3.298,1200
2020-08-13 09:34:47.670,3.298,25200
2020-08-13 09:34:47.810,3.298,4800
2020-08-13 09:34:47.810,3.298,4200
2020-08-13 09:34:47.810,3.298,11000
2020-08-13 09:34:50.630,3.299,300
2020-08-13 09:34:51.980,3.298,3000
2020-08-13 09:34:52.670,3.298,500
2020-08-13 09:34:52.800,3.298,1000
2020-08-13 09:34:53.800,3.298,10500
2020-08-13 09:34:54.010,3.299,1000
2020-08-13 09:34:55.140,3.298,400
2020-08-13 09:34:55.320,3.299,48800
2020-08-13 09:34:55.320,3.299,1200
2020-08-13 09:34:55.440,3.298,10000
2020-08-13 09:34:55.940,3.298,1000
2020-08-13 09:34:56.590,3.299,2000
2020-08-13 09:34:57.070,3.299,100
2020-08-13 09:34:57.130,3.298,5000
2020-08-13 09:34:57.440,3.298,107600
2020-08-13 09:34:57.440,3.298,192400
2020-08-13 09:34:57.600,3.298,100
2020-08-13 09:35:00.280,3.298,1600
2020-08-13 09:35:00.310,3.299,200
2020-08-13 09:35:00.500,3.298,5000
2020-08-13 09:35:01.470,3.298,900
2020-08-13 09:35:01.470,3.298,3800
2020-08-13 09:35:03.170,3.299,7200
2020-08-13 09:35:03.170,3.299,4000
2020-08-13 09:35:03.170,3.299,10000
2020-08-13 09:35:03.170,3.299,20600
2020-08-13 09:35:03.170,3.299,87600
2020-08-13 09:35:03.170,3.299,2000
2020-08-13 09:35:03.170,3.299,10000
2020-08-13 09:35:03.170,3.299,3100
2020-08-13 09:35:03.170,3.299,3000
2020-08-13 09:35:03.170,3.299,1700
2020-08-13 09:35:03.170,3.299,80000
2020-08-13 09:35:03.170,3.299,200
2020-08-13 09:35:03.550,3.299,9000
2020-08-13 09:35:04.430,3.299,41900
2020-08-13 09:35:05.210,3.299,80000
2020-08-13 09:35:06.130,3.299,100
2020-08-13 09:35:06.460,3.299,100
2020-08-13 09:35:07.110,3.3,200
2020-08-13 09:35:07.750,3.299,50000
2020-08-13 09:35:08.590,3.299,2000
2020-08-13 09:35:09.480,3.3,600
2020-08-13 09:35:10.600,3.299,3100
2020-08-13 09:35:11.650,3.3,500
2020-08-13 09:35:12.510,3.299,86400
2020-08-13 09:35:12.650,3.299,298000
2020-08-13 09:35:12.650,3.299,45000
2020-08-13 09:35:12.650,3.299,1000
2020-08-13 09:35:12.650,3.299,100
2020-08-13 09:35:12.650,3.299,50000
2020-08-13 09:35:12.650,3.298,316200
2020-08-13 09:35:12.650,3.298,1000
2020-08-13 09:35:12.650,3.298,6100
2020-08-13 09:35:12.650,3.298,200
2020-08-13 09:35:12.650,3.298,1000
2020-08-13 09:35:12.650,3.298,100
2020-08-13 09:35:12.650,3.298,400
2020-08-13 09:35:12.650,3.298,100
2020-08-13 09:35:12.650,3.298,5000
2020-08-13 09:35:12.650,3.298,400
2020-08-13 09:35:12.650,3.298,600
2020-08-13 09:35:12.650,3.298,1000
2020-08-13 09:35:12.650,3.298,1500
2020-08-13 09:35:12.650,3.298,5000
2020-08-13 09:35:12.650,3.298,200
2020-08-13 09:35:12.650,3.298,1500
2020-08-13 09:35:12.650,3.298,5000
2020-08-13 09:35:12.650,3.298,100
2020-08-13 09:35:12.650,3.298,200
2020-08-13 09:35:12.650,3.298,1500
2020-08-13 09:35:12.650,3.298,1000
2020-08-13 09:35:12.650,3.298,100
2020-08-13 09:35:12.650,3.298,2000
2020-08-13 09:35:12.650,3.298,500
2020-08-13 09:35:12.650,3.298,10000
2020-08-13 09:35:12.650,3.298,1000
2020-08-13 09:35:12.650,3.298,200
2020-08-13 09:35:12.650,3.297,1500
2020-08-13 09:35:12.650,3.297,1500
2020-08-13 09:35:12.650,3.297,4000
2020-08-13 09:35:12.650,3.297,1500
2020-08-13 09:35:12.650,3.297,1500
2020-08-13 09:35:12.650,3.297,2000
2020-08-13 09:35:12.650,3.297,2700
2020-08-13 09:35:12.650,3.297,300
2020-08-13 09:35:12.650,3.297,100
2020-08-13 09:35:12.650,3.297,1000
2020-08-13 09:35:12.650,3.297,600
2020-08-13 09:35:12.650,3.297,300
2020-08-13 09:35:12.650,3.297,100
2020-08-13 09:35:12.650,3.297,500
2020-08-13 09:35:12.650,3.297,10000
2020-08-13 09:35:12.650,3.297,200
2020-08-13 09:35:12.650,3.297,700
2020-08-13 09:35:12.650,3.297,100
2020-08-13 09:35:12.650,3.297,2000
2020-08-13 09:35:12.650,3.297,10000
2020-08-13 09:35:12.650,3.297,1000
2020-08-13 09:35:12.650,3.297,1000
2020-08-13 09:35:12.650,3.297,3600
2020-08-13 09:35:12.650,3.297,200
2020-08-13 09:35:12.650,3.297,15000
2020-08-13 09:35:12.650,3.297,12700
2020-08-13 09:35:12.650,3.297,20000
2020-08-13 09:35:12.650,3.297,1000
2020-08-13 09:35:12.650,3.297,8200
2020-08-13 09:35:12.650,3.297,2000
2020-08-13 09:35:12.650,3.297,200
2020-08-13 09:35:12.650,3.297,100
2020-08-13 09:35:12.650,3.297,1000
2020-08-13 09:35:12.650,3.297,100
2020-08-13 09:35:12.650,3.297,5000
2020-08-13 09:35:12.650,3.297,1200
2020-08-13 09:35:12.650,3.297,1000
2020-08-13 09:35:12.650,3.297,5000
2020-08-13 09:35:12.650,3.297,200
2020-08-13 09:35:12.650,3.297,10000
2020-08-13 09:35:12.650,3.297,5000
2020-08-13 09:35:12.650,3.297,109900
2020-08-13 09:35:14.420,3.299,100
2020-08-13 09:35:14.420,3.299,12900
2020-08-13 09:35:14.590,3.299,800
2020-08-13 09:35:14.910,3.3,323700
2020-08-13 09:35:14.910,3.3,1000
2020-08-13 09:35:14.910,3.3,500
2020-08-13 09:35:14.910,3.3,400
2020-08-13 09:35:14.910,3.3,800
2020-08-13 09:35:14.910,3.3,10000
2020-08-13 09:35:14.910,3.3,1300
2020-08-13 09:35:14.910,3.3,20000
2020-08-13 09:35:14.910,3.3,38500
2020-08-13 09:35:14.910,3.3,800
2020-08-13 09:35:14.910,3.3,20000
2020-08-13 09:35:14.910,3.3,2000
2020-08-13 09:35:14.910,3.3,30000
2020-08-13 09:35:14.910,3.3,700
2020-08-13 09:35:14.910,3.3,800
2020-08-13 09:35:14.910,3.3,10000
2020-08-13 09:35:14.910,3.3,4200
2020-08-13 09:35:14.910,3.3,600
2020-08-13 09:35:14.910,3.3,20000
2020-08-13 09:35:14.910,3.3,2000
2020-08-13 09:35:14.910,3.3,100000
2020-08-13 09:35:14.910,3.3,100
2020-08-13 09:35:14.910,3.3,1000
2020-08-13 09:35:14.910,3.3,800
2020-08-13 09:35:14.910,3.3,400
2020-08-13 09:35:15.640,3.3,5000
2020-08-13 09:35:18.090,3.3,30000
2020-08-13 09:35:21.270,3.3,20000
2020-08-13 09:35:22.610,3.3,30000
2020-08-13 09:35:22.890,3.3,400
2020-08-13 09:35:22.920,3.3,10000
2020-08-13 09:35:24.440,3.3,6300
2020-08-13 09:35:25.710,3.301,1300
2020-08-13 09:35:27.040,3.3,208700
2020-08-13 09:35:27.040,3.3,100
2020-08-13 09:35:29.830,3.3,300
2020-08-13 09:35:30.520,3.299,10000
2020-08-13 09:35:30.520,3.299,30000
2020-08-13 09:35:30.520,3.299,40400
2020-08-13 09:35:30.920,3.299,3000
2020-08-13 09:35:31.810,3.3,10000
2020-08-13 09:35:32.210,3.3,3400
2020-08-13 09:35:32.210,3.3,5000
2020-08-13 09:35:32.380,3.299,13800
2020-08-13 09:35:32.470,3.299,300000
2020-08-13 09:35:32.470,3.299,300000
2020-08-13 09:35:34.000,3.299,6200
2020-08-13 09:35:34.870,3.3,1200
2020-08-13 09:35:35.550,3.299,400
2020-08-13 09:35:37.060,3.299,1000
2020-08-13 09:35:37.240,3.299,12400
2020-08-13 09:35:37.580,3.299,2000
2020-08-13 09:35:38.800,3.299,100000
2020-08-13 09:35:39.370,3.299,9800
2020-08-13 09:35:39.950,3.299,10000
2020-08-13 09:35:40.260,3.299,5000
2020-08-13 09:35:43.360,3.299,300000
2020-08-13 09:35:43.630,3.299,5000
2020-08-13 09:35:44.520,3.298,3000
2020-08-13 09:35:44.550,3.299,1000
2020-08-13 09:35:45.960,3.298,297000
2020-08-13 09:35:45.960,3.298,100
2020-08-13 09:35:45.960,3.298,2900
2020-08-13 09:35:47.210,3.299,3000
2020-08-13 09:35:47.430,3.298,47100
2020-08-13 09:35:47.430,3.298,3000
2020-08-13 09:35:47.430,3.298,249900
2020-08-13 09:35:47.430,3.298,300000
2020-08-13 09:35:47.920,3.299,1000
2020-08-13 09:35:48.160,3.298,300000
2020-08-13 09:35:48.580,3.298,50100
2020-08-13 09:35:48.580,3.298,10000
2020-08-13 09:35:48.580,3.298,500
2020-08-13 09:35:48.580,3.298,50000
2020-08-13 09:35:48.580,3.298,300
2020-08-13 09:35:48.940,3.298,18100
2020-08-13 09:35:48.970,3.297,10000
2020-08-13 09:35:48.970,3.297,300
2020-08-13 09:35:48.970,3.297,62100
2020-08-13 09:35:48.970,3.297,1000
2020-08-13 09:35:48.970,3.297,10000
2020-08-13 09:35:48.970,3.297,10000
2020-08-13 09:35:49.500,3.297,24700
2020-08-13 09:35:51.570,3.297,700
2020-08-13 09:35:53.570,3.297,20000
2020-08-13 09:35:54.980,3.296,600
2020-08-13 09:35:54.980,3.296,72000
2020-08-13 09:35:55.410,3.296,200
2020-08-13 09:35:56.650,3.297,100
2020-08-13 09:35:59.630,3.296,5200
2020-08-13 09:35:59.690,3.297,161100
2020-08-13 09:35:59.690,3.297,9000
2020-08-13 09:35:59.690,3.297,3100
2020-08-13 09:35:59.750,3.297,100
2020-08-13 09:35:59.780,3.297,11200
2020-08-13 09:35:59.910,3.297,5000
2020-08-13 09:36:00.340,3.298,1000
2020-08-13 09:36:02.420,3.297,7000
2020-08-13 09:36:04.260,3.298,2000
2020-08-13 09:36:04.260,3.298,500
2020-08-13 09:36:04.260,3.298,30000
2020-08-13 09:36:04.260,3.298,10000
2020-08-13 09:36:04.440,3.298,300000
2020-08-13 09:36:04.590,3.298,10000
2020-08-13 09:36:04.840,3.298,500
2020-08-13 09:36:07.330,3.298,300000
2020-08-13 09:36:07.390,3.298,247000
2020-08-13 09:36:11.720,3.297,1000
2020-08-13 09:36:12.140,3.298,1000
2020-08-13 09:36:13.380,3.297,2500
2020-08-13 09:36:13.380,3.297,300
2020-08-13 09:36:13.380,3.297,17200
2020-08-13 09:36:16.180,3.297,57900
2020-08-13 09:36:16.180,3.297,7600
2020-08-13 09:36:16.180,3.297,55400
2020-08-13 09:36:16.240,3.297,300
2020-08-13 09:36:16.240,3.297,4400
2020-08-13 09:36:16.240,3.297,3000
2020-08-13 09:36:16.240,3.296,23100
2020-08-13 09:36:17.550,3.297,1400
2020-08-13 09:36:18.000,3.297,100
2020-08-13 09:36:18.760,3.297,2000
2020-08-13 09:36:21.480,3.297,2000
2020-08-13 09:36:21.480,3.297,200
2020-08-13 09:36:21.480,3.297,500
2020-08-13 09:36:21.480,3.297,300
2020-08-13 09:36:22.140,3.296,79500
2020-08-13 09:36:22.140,3.296,100
2020-08-13 09:36:22.140,3.296,1000
2020-08-13 09:36:22.140,3.296,6100
2020-08-13 09:36:22.140,3.296,10000
2020-08-13 09:36:22.140,3.296,200
2020-08-13 09:36:22.140,3.296,300
2020-08-13 09:36:22.140,3.296,100
2020-08-13 09:36:22.140,3.296,5000
2020-08-13 09:36:22.140,3.296,10000
2020-08-13 09:36:22.140,3.296,4000
2020-08-13 09:36:22.140,3.296,3000
2020-08-13 09:36:22.140,3.296,200
2020-08-13 09:36:22.140,3.296,3000
2020-08-13 09:36:22.140,3.296,500
2020-08-13 09:36:22.140,3.296,3000
2020-08-13 09:36:22.140,3.296,400
2020-08-13 09:36:22.140,3.296,200
2020-08-13 09:36:22.140,3.296,50000
2020-08-13 09:36:22.140,3.296,10000
2020-08-13 09:36:22.140,3.296,100
2020-08-13 09:36:22.140,3.296,2000
2020-08-13 09:36:22.140,3.296,500
2020-08-13 09:36:22.140,3.296,500
2020-08-13 09:36:22.140,3.295,200
2020-08-13 09:36:22.140,3.295,300
2020-08-13 09:36:22.140,3.295,1000
2020-08-13 09:36:22.140,3.295,30000
2020-08-13 09:36:22.140,3.295,1000
2020-08-13 09:36:22.140,3.295,10000
2020-08-13 09:36:22.140,3.295,3000
2020-08-13 09:36:22.140,3.295,200
2020-08-13 09:36:22.140,3.295,100
2020-08-13 09:36:22.140,3.295,3000
2020-08-13 09:36:22.140,3.295,5000
2020-08-13 09:36:22.140,3.295,5000
2020-08-13 09:36:22.140,3.295,4000
2020-08-13 09:36:22.140,3.295,300
2020-08-13 09:36:22.140,3.295,6000
2020-08-13 09:36:22.140,3.295,500
2020-08-13 09:36:22.140,3.295,9000
2020-08-13 09:36:22.140,3.295,3000
2020-08-13 09:36:22.140,3.295,10000
2020-08-13 09:36:22.140,3.295,1000
2020-08-13 09:36:22.140,3.295,1000
2020-08-13 09:36:22.140,3.295,600
2020-08-13 09:36:22.140,3.295,1000
2020-08-13 09:36:22.810,3.295,9000
2020-08-13 09:36:23.580,3.295,2800
2020-08-13 09:36:23.890,3.295,3300
2020-08-13 09:36:23.890,3.296,4700
2020-08-13 09:36:24.120,3.294,100
2020-08-13 09:36:24.120,3.294,200
2020-08-13 09:36:24.120,3.294,1000
2020-08-13 09:36:24.120,3.294,6100
2020-08-13 09:36:24.120,3.294,100
2020-08-13 09:36:24.120,3.294,300
2020-08-13 09:36:24.120,3.294,3000
2020-08-13 09:36:24.120,3.294,5000
2020-08-13 09:36:24.120,3.294,200
2020-08-13 09:36:25.020,3.296,3500
2020-08-13 09:36:25.020,3.296,6500
2020-08-13 09:36:25.130,3.296,300
2020-08-13 09:36:25.190,3.296,6000
2020-08-13 09:36:26.190,3.296,1000
2020-08-13 09:36:27.780,3.296,18000
2020-08-13 09:36:29.300,3.295,10000
2020-08-13 09:36:29.300,3.294,4800
2020-08-13 09:36:29.300,3.294,5000
2020-08-13 09:36:29.300,3.294,5000
2020-08-13 09:36:29.300,3.294,200
2020-08-13 09:36:29.300,3.294,26700
2020-08-13 09:36:30.140,3.294,600
2020-08-13 09:36:31.050,3.296,221100
2020-08-13 09:36:31.050,3.296,10000
2020-08-13 09:36:31.050,3.296,68900
2020-08-13 09:36:31.050,3.296,78900
2020-08-13 09:36:31.050,3.296,3500
2020-08-13 09:36:31.050,3.296,38500
2020-08-13 09:36:31.690,3.296,1100
2020-08-13 09:36:33.020,3.296,900
2020-08-13 09:36:33.860,3.296,171100
2020-08-13 09:36:36.800,3.296,6100
2020-08-13 09:36:36.800,3.296,5000
2020-08-13 09:36:36.800,3.296,7000
2020-08-13 09:36:36.800,3.296,700
2020-08-13 09:36:36.800,3.295,1000
2020-08-13 09:36:36.800,3.295,3000
2020-08-13 09:36:36.800,3.294,9400
2020-08-13 09:36:37.050,3.294,600
2020-08-13 09:36:39.370,3.294,27400
2020-08-13 09:36:39.370,3.294,24300
2020-08-13 09:36:39.580,3.294,275700
2020-08-13 09:36:39.790,3.294,500
2020-08-13 09:36:39.850,3.294,20000
2020-08-13 09:36:41.990,3.294,1000
2020-08-13 09:36:42.020,3.294,2800
2020-08-13 09:36:45.040,3.294,297200
2020-08-13 09:36:45.040,3.294,300000
2020-08-13 09:36:45.530,3.294,5000
2020-08-13 09:36:45.950,3.293,200
2020-08-13 09:36:45.950,3.293,700
2020-08-13 09:36:46.590,3.294,10000
2020-08-13 09:36:46.960,3.294,900
2020-08-13 09:36:47.920,3.293,300
2020-08-13 09:36:47.920,3.293,100
2020-08-13 09:36:47.920,3.293,2000
2020-08-13 09:36:47.920,3.293,1000
2020-08-13 09:36:47.920,3.293,3200
2020-08-13 09:36:47.920,3.293,3400
2020-08-13 09:36:48.560,3.294,300000
2020-08-13 09:36:48.960,3.294,400
2020-08-13 09:36:50.030,3.294,3000
2020-08-13 09:36:50.150,3.293,1600
2020-08-13 09:36:50.150,3.293,200
2020-08-13 09:36:50.150,3.293,200
2020-08-13 09:36:50.150,3.293,1300
2020-08-13 09:36:50.400,3.293,5100
2020-08-13 09:36:50.870,3.294,83500
2020-08-13 09:36:50.870,3.294,1000
2020-08-13 09:36:50.870,3.294,4500
2020-08-13 09:36:53.070,3.294,1000
2020-08-13 09:36:53.070,3.294,1000
2020-08-13 09:36:53.070,3.293,3000
2020-08-13 09:36:54.900,3.293,10600
2020-08-13 09:36:54.900,3.293,33700
2020-08-13 09:36:55.640,3.293,266300
2020-08-13 09:36:55.640,3.293,33700
2020-08-13 09:36:56.040,3.294,100
2020-08-13 09:36:56.040,3.294,3000
2020-08-13 09:36:56.410,3.294,1000
2020-08-13 09:36:56.860,3.294,100
2020-08-13 09:36:59.450,3.293,100
2020-08-13 09:37:00.530,3.294,1000
2020-08-13 09:37:02.090,3.294,4900
2020-08-13 09:37:02.090,3.294,1000
2020-08-13 09:37:02.090,3.294,5000
2020-08-13 09:37:02.090,3.294,1000
2020-08-13 09:37:02.090,3.294,9300
2020-08-13 09:37:02.090,3.294,30000
2020-08-13 09:37:02.700,3.294,700
2020-08-13 09:37:03.100,3.294,100
2020-08-13 09:37:03.220,3.295,28300
2020-08-13 09:37:03.220,3.295,5000
2020-08-13 09:37:03.220,3.295,100
2020-08-13 09:37:03.220,3.295,266600
2020-08-13 09:37:03.320,3.294,21500
2020-08-13 09:37:03.790,3.294,3300
2020-08-13 09:37:03.980,3.294,13000
2020-08-13 09:37:04.520,3.294,5000
2020-08-13 09:37:04.860,3.294,8000
2020-08-13 09:37:05.500,3.294,19900
2020-08-13 09:37:05.680,3.295,1100
2020-08-13 09:37:05.840,3.294,1000
2020-08-13 09:37:07.260,3.294,4200
2020-08-13 09:37:07.290,3.295,28300
2020-08-13 09:37:07.290,3.295,10000
2020-08-13 09:37:07.630,3.294,20000
2020-08-13 09:37:08.670,3.295,1400
2020-08-13 09:37:08.670,3.295,7700
2020-08-13 09:37:08.740,3.295,2000
2020-08-13 09:37:09.610,3.295,2000
2020-08-13 09:37:09.980,3.295,10000
2020-08-13 09:37:10.820,3.295,200
2020-08-13 09:37:12.270,3.295,12500
2020-08-13 09:37:12.300,3.296,4000
2020-08-13 09:37:12.300,3.296,20300
2020-08-13 09:37:12.300,3.296,4100
2020-08-13 09:37:12.300,3.296,6100
2020-08-13 09:37:12.300,3.296,100
2020-08-13 09:37:12.300,3.296,500
2020-08-13 09:37:12.300,3.296,75400
2020-08-13 09:37:12.300,3.296,5000
2020-08-13 09:37:13.310,3.296,50000
2020-08-13 09:37:14.190,3.297,800
2020-08-13 09:37:14.190,3.297,100000
2020-08-13 09:37:14.190,3.297,1400
2020-08-13 09:37:14.190,3.297,10000
2020-08-13 09:37:14.190,3.297,200
2020-08-13 09:37:14.190,3.297,10000
2020-08-13 09:37:14.190,3.297,100
2020-08-13 09:37:14.190,3.297,30000
2020-08-13 09:37:15.700,3.298,1500
2020-08-13 09:37:15.700,3.296,8500
2020-08-13 09:37:23.010,3.299,1200
2020-08-13 09:37:23.010,3.299,9800
2020-08-13 09:37:23.380,3.297,2600
2020-08-13 09:37:24.500,3.297,12000
2020-08-13 09:37:25.840,3.297,2300
2020-08-13 09:37:25.970,3.297,3000
2020-08-13 09:37:26.950,3.297,10000
2020-08-13 09:37:27.590,3.297,5000
2020-08-13 09:37:27.940,3.297,1000
2020-08-13 09:37:28.540,3.297,3000
2020-08-13 09:37:30.240,3.297,1900
2020-08-13 09:37:30.580,3.299,200
2020-08-13 09:37:31.220,3.299,400
2020-08-13 09:37:31.220,3.299,3200
2020-08-13 09:37:31.220,3.299,1300
2020-08-13 09:37:31.550,3.297,43400
2020-08-13 09:37:33.010,3.297,9100
2020-08-13 09:37:33.230,3.297,10000
2020-08-13 09:37:33.760,3.297,1500
2020-08-13 09:37:33.790,3.297,1500
2020-08-13 09:37:34.860,3.297,1000
2020-08-13 09:37:35.890,3.299,5900
2020-08-13 09:37:35.890,3.299,5700
2020-08-13 09:37:35.890,3.299,100
2020-08-13 09:37:35.890,3.299,500
2020-08-13 09:37:35.890,3.299,1000
2020-08-13 09:37:35.890,3.299,4000
2020-08-13 09:37:36.010,3.297,300000
2020-08-13 09:37:36.010,3.297,2000
2020-08-13 09:37:36.030,3.297,220600
2020-08-13 09:37:36.030,3.297,2300
2020-08-13 09:37:37.700,3.297,100
2020-08-13 09:37:41.290,3.296,20000
2020-08-13 09:37:43.460,3.297,3000
2020-08-13 09:37:43.640,3.297,10000
2020-08-13 09:37:44.600,3.297,3000
2020-08-13 09:37:44.810,3.297,20000
2020-08-13 09:37:46.950,3.297,2000
2020-08-13 09:37:46.950,3.297,257000
2020-08-13 09:37:46.950,3.296,800
2020-08-13 09:37:48.000,3.296,7100
2020-08-13 09:37:49.560,3.297,26000
2020-08-13 09:37:49.560,3.297,6000
2020-08-13 09:37:49.560,3.297,200
2020-08-13 09:37:49.560,3.297,100
2020-08-13 09:37:49.560,3.297,100000
2020-08-13 09:37:49.560,3.297,1000
2020-08-13 09:37:49.560,3.297,5000
2020-08-13 09:37:50.150,3.297,10000
2020-08-13 09:37:52.570,3.297,100
2020-08-13 09:37:53.200,3.299,200
2020-08-13 09:37:55.000,3.297,1600
2020-08-13 09:37:55.410,3.297,3700
2020-08-13 09:37:55.410,3.299,5800
2020-08-13 09:37:55.410,3.299,500
2020-08-13 09:37:55.790,3.297,3000
2020-08-13 09:37:55.790,3.296,27000
2020-08-13 09:38:01.680,3.297,5000
2020-08-13 09:38:01.680,3.296,68100
2020-08-13 09:38:01.680,3.296,100
2020-08-13 09:38:01.680,3.296,1500
2020-08-13 09:38:01.680,3.296,1200
2020-08-13 09:38:01.680,3.296,5000
2020-08-13 09:38:01.680,3.296,6200
2020-08-13 09:38:02.460,3.298,3000
2020-08-13 09:38:02.460,3.299,100
2020-08-13 09:38:02.460,3.299,14700
2020-08-13 09:38:02.460,3.299,12200
2020-08-13 09:38:04.290,3.298,100
2020-08-13 09:38:04.720,3.297,5000
2020-08-13 09:38:05.190,3.296,4300
2020-08-13 09:38:05.190,3.296,1600
2020-08-13 09:38:09.050,3.297,1900
2020-08-13 09:38:09.050,3.296,100
2020-08-13 09:38:11.290,3.296,2200
2020-08-13 09:38:11.700,3.297,3800
2020-08-13 09:38:12.000,3.297,3200
2020-08-13 09:38:12.000,3.298,27000
2020-08-13 09:38:13.040,3.296,100
2020-08-13 09:38:16.290,3.296,6000
2020-08-13 09:38:16.290,3.296,30000
2020-08-13 09:38:16.290,3.296,2600
2020-08-13 09:38:16.290,3.296,8800
2020-08-13 09:38:16.290,3.296,6000
2020-08-13 09:38:16.290,3.296,4000
2020-08-13 09:38:16.290,3.296,5000
2020-08-13 09:38:16.290,3.296,219800
2020-08-13 09:38:16.720,3.297,1000
2020-08-13 09:38:16.840,3.296,500
2020-08-13 09:38:18.600,3.296,10000
2020-08-13 09:38:18.600,3.296,200
2020-08-13 09:38:18.600,3.296,10000
2020-08-13 09:38:18.600,3.296,6000
2020-08-13 09:38:18.600,3.296,1000
2020-08-13 09:38:18.990,3.296,3000
2020-08-13 09:38:28.040,3.296,100
2020-08-13 09:38:29.240,3.296,100
2020-08-13 09:38:29.790,3.296,100
2020-08-13 09:38:31.000,3.295,2000
2020-08-13 09:38:31.000,3.295,4000
2020-08-13 09:38:31.000,3.295,1000
2020-08-13 09:38:31.000,3.295,5000
2020-08-13 09:38:31.000,3.295,100
2020-08-13 09:38:31.000,3.295,2000
2020-08-13 09:38:32.050,3.295,26600
2020-08-13 09:38:33.500,3.295,20000
2020-08-13 09:38:34.950,3.294,100
2020-08-13 09:38:34.950,3.294,1000
2020-08-13 09:38:34.950,3.294,600
2020-08-13 09:38:34.950,3.294,1800
2020-08-13 09:38:34.950,3.294,2000
2020-08-13 09:38:34.950,3.294,294500
2020-08-13 09:38:34.950,3.295,1000
2020-08-13 09:38:35.210,3.295,2000
2020-08-13 09:38:35.450,3.294,270000
2020-08-13 09:38:38.860,3.295,206000
2020-08-13 09:38:38.860,3.295,200
2020-08-13 09:38:38.890,3.296,2000
2020-08-13 09:38:41.020,3.295,93800
2020-08-13 09:38:41.020,3.295,206200
2020-08-13 09:38:42.470,3.295,15100
2020-08-13 09:38:43.760,3.296,600
2020-08-13 09:38:48.540,3.295,20000
2020-08-13 09:38:50.380,3.295,2000
2020-08-13 09:38:51.140,3.295,8800
2020-08-13 09:38:52.170,3.296,100
2020-08-13 09:38:52.570,3.296,400
2020-08-13 09:38:54.280,3.296,200
2020-08-13 09:38:54.280,3.296,5400
2020-08-13 09:38:54.280,3.296,4600
2020-08-13 09:38:54.280,3.296,9800
2020-08-13 09:38:55.040,3.295,15100
2020-08-13 09:38:59.840,3.295,10000
2020-08-13 09:39:01.250,3.295,22800
2020-08-13 09:39:01.250,3.295,6900
2020-08-13 09:39:02.640,3.296,5000
2020-08-13 09:39:02.880,3.295,13500
2020-08-13 09:39:02.880,3.295,3000
2020-08-13 09:39:02.880,3.295,80000
2020-08-13 09:39:02.880,3.295,2000
2020-08-13 09:39:02.880,3.295,10000
2020-08-13 09:39:02.880,3.295,11000
2020-08-13 09:39:03.490,3.294,20000
2020-08-13 09:39:03.490,3.294,800
2020-08-13 09:39:03.490,3.294,500
2020-08-13 09:39:03.490,3.294,10000
2020-08-13 09:39:03.490,3.294,100
2020-08-13 09:39:03.490,3.294,10000
2020-08-13 09:39:03.490,3.293,4500
2020-08-13 09:39:06.280,3.294,75300
2020-08-13 09:39:07.620,3.293,45500
2020-08-13 09:39:07.620,3.293,80500
2020-08-13 09:39:07.620,3.293,15000
2020-08-13 09:39:07.620,3.293,200
2020-08-13 09:39:07.620,3.293,2000
2020-08-13 09:39:07.620,3.293,30000
2020-08-13 09:39:07.620,3.293,10000
2020-08-13 09:39:07.620,3.293,20000
2020-08-13 09:39:07.620,3.293,10000
2020-08-13 09:39:07.620,3.293,2900
2020-08-13 09:39:07.620,3.293,5000
2020-08-13 09:39:07.620,3.293,5000
2020-08-13 09:39:07.620,3.293,3000
2020-08-13 09:39:09.760,3.293,3000
2020-08-13 09:39:09.920,3.293,300
2020-08-13 09:39:10.140,3.293,300
2020-08-13 09:39:10.670,3.293,500
2020-08-13 09:39:11.720,3.293,66800
2020-08-13 09:39:13.870,3.293,233200
2020-08-13 09:39:13.870,3.292,200
2020-08-13 09:39:13.870,3.292,1000
2020-08-13 09:39:13.870,3.292,15000
2020-08-13 09:39:13.870,3.292,6100
2020-08-13 09:39:13.870,3.292,100
2020-08-13 09:39:13.870,3.292,5000
2020-08-13 09:39:13.870,3.292,6000
2020-08-13 09:39:13.870,3.292,3000
2020-08-13 09:39:13.870,3.292,600
2020-08-13 09:39:13.870,3.292,200
2020-08-13 09:39:13.870,3.292,1000
2020-08-13 09:39:13.870,3.292,5000
2020-08-13 09:39:13.870,3.292,200
2020-08-13 09:39:13.870,3.292,6600
2020-08-13 09:39:13.870,3.292,300
2020-08-13 09:39:13.870,3.292,1000
2020-08-13 09:39:13.870,3.292,5000
2020-08-13 09:39:13.870,3.292,100
2020-08-13 09:39:13.870,3.292,500
2020-08-13 09:39:13.870,3.292,6000
2020-08-13 09:39:13.870,3.292,50000
2020-08-13 09:39:13.870,3.292,253900
2020-08-13 09:39:14.920,3.293,19000
2020-08-13 09:39:15.590,3.293,66300
2020-08-13 09:39:15.590,3.294,9000
2020-08-13 09:39:15.890,3.292,11700
2020-08-13 09:39:16.300,3.294,1000
2020-08-13 09:39:17.430,3.292,700
2020-08-13 09:39:17.790,3.295,400
2020-08-13 09:39:20.620,3.293,5000
2020-08-13 09:39:20.620,3.293,500
2020-08-13 09:39:20.620,3.293,1000
2020-08-13 09:39:20.620,3.293,500
2020-08-13 09:39:20.620,3.292,300
2020-08-13 09:39:21.040,3.292,11900
2020-08-13 09:39:21.100,3.293,100
2020-08-13 09:39:22.980,3.293,500
2020-08-13 09:39:25.660,3.293,400
2020-08-13 09:39:25.660,3.293,4000
2020-08-13 09:39:25.660,3.293,700
2020-08-13 09:39:26.290,3.293,17500
2020-08-13 09:39:27.070,3.292,18000
2020-08-13 09:39:28.500,3.294,100
2020-08-13 09:39:28.500,3.292,500
2020-08-13 09:39:28.500,3.292,1000
2020-08-13 09:39:28.500,3.292,3400
2020-08-13 09:39:29.740,3.294,100
2020-08-13 09:39:30.550,3.293,15100
2020-08-13 09:39:34.170,3.294,27700
2020-08-13 09:39:34.230,3.295,5000
2020-08-13 09:39:35.630,3.295,1000
2020-08-13 09:39:36.390,3.295,24100
2020-08-13 09:39:36.390,3.295,30000
2020-08-13 09:39:36.390,3.295,700
2020-08-13 09:39:36.390,3.295,50000
2020-08-13 09:39:36.390,3.295,48000
2020-08-13 09:39:36.390,3.295,500
2020-08-13 09:39:36.390,3.295,1000
2020-08-13 09:39:36.390,3.295,500
2020-08-13 09:39:36.390,3.295,5000
2020-08-13 09:39:36.390,3.295,4000
2020-08-13 09:39:36.540,3.295,1200
2020-08-13 09:39:37.840,3.295,1000
2020-08-13 09:39:40.200,3.296,59100
2020-08-13 09:39:40.200,3.296,1000
2020-08-13 09:39:40.200,3.296,8000
2020-08-13 09:39:40.200,3.296,38600
2020-08-13 09:39:40.200,3.296,5000
2020-08-13 09:39:42.720,3.296,1000
2020-08-13 09:39:44.110,3.296,10000
2020-08-13 09:39:44.610,3.296,1000
2020-08-13 09:39:45.090,3.296,5900
2020-08-13 09:39:45.270,3.296,1300
2020-08-13 09:39:45.350,3.296,99100
2020-08-13 09:39:45.350,3.296,9000
2020-08-13 09:39:45.350,3.296,100
2020-08-13 09:39:45.350,3.295,299000
2020-08-13 09:39:45.350,3.295,500
2020-08-13 09:39:45.350,3.294,300000
2020-08-13 09:39:45.350,3.294,15200
2020-08-13 09:39:45.350,3.294,5200
2020-08-13 09:39:45.350,3.297,300
2020-08-13 09:39:47.520,3.294,4000
2020-08-13 09:39:47.960,3.296,400
2020-08-13 09:39:52.160,3.296,3300
2020-08-13 09:39:52.420,3.295,100
2020-08-13 09:39:54.110,3.295,31400
2020-08-13 09:39:54.230,3.296,4200
2020-08-13 09:39:54.230,3.296,800
2020-08-13 09:39:55.260,3.295,2200
2020-08-13 09:39:57.390,3.296,800
2020-08-13 09:39:57.390,3.297,2200
2020-08-13 09:39:57.420,3.295,2000
2020-08-13 09:39:57.450,3.295,3000
2020-08-13 09:39:58.280,3.296,500
2020-08-13 09:39:59.940,3.295,5000
2020-08-13 09:40:00.440,3.296,900
2020-08-13 09:40:02.460,3.295,300000
2020-08-13 09:40:03.020,3.295,300000
2020-08-13 09:40:03.020,3.295,200
2020-08-13 09:40:04.990,3.295,600
2020-08-13 09:40:08.510,3.295,3000
2020-08-13 09:40:09.930,3.294,8400
2020-08-13 09:40:09.930,3.294,700
2020-08-13 09:40:12.040,3.293,10000
2020-08-13 09:40:12.040,3.293,290000
2020-08-13 09:40:12.070,3.294,400
2020-08-13 09:40:12.200,3.294,10500
2020-08-13 09:40:12.200,3.294,1200
2020-08-13 09:40:12.320,3.294,100
2020-08-13 09:40:12.470,3.294,3300
2020-08-13 09:40:12.500,3.293,300000
2020-08-13 09:40:12.500,3.293,300000
2020-08-13 09:40:13.550,3.293,10000
2020-08-13 09:40:13.550,3.293,2000
2020-08-13 09:40:13.550,3.292,400
2020-08-13 09:40:13.550,3.292,1000
2020-08-13 09:40:13.550,3.292,600
2020-08-13 09:40:13.550,3.292,2000
2020-08-13 09:40:13.550,3.292,20000
2020-08-13 09:40:13.550,3.292,1700
2020-08-13 09:40:13.550,3.292,6000
2020-08-13 09:40:13.550,3.292,1000
2020-08-13 09:40:13.550,3.292,251500
2020-08-13 09:40:17.920,3.292,500
2020-08-13 09:40:18.270,3.291,1000
2020-08-13 09:40:18.270,3.291,100
2020-08-13 09:40:18.270,3.291,200
2020-08-13 09:40:18.270,3.291,1000
2020-08-13 09:40:18.270,3.291,2000
2020-08-13 09:40:18.270,3.291,5100
2020-08-13 09:40:18.930,3.292,100
2020-08-13 09:40:21.140,3.291,14900
2020-08-13 09:40:21.140,3.291,5000
2020-08-13 09:40:21.140,3.291,200
2020-08-13 09:40:21.140,3.291,29900
2020-08-13 09:40:22.630,3.292,100
2020-08-13 09:40:25.650,3.292,700
2020-08-13 09:40:25.780,3.291,1600
2020-08-13 09:40:25.980,3.292,200
2020-08-13 09:40:26.010,3.292,1100
2020-08-13 09:40:26.010,3.292,4100
2020-08-13 09:40:26.010,3.293,800
2020-08-13 09:40:26.430,3.291,8900
2020-08-13 09:40:32.690,3.292,70000
2020-08-13 09:40:32.750,3.292,6400
2020-08-13 09:40:33.280,3.292,223600
2020-08-13 09:40:33.280,3.292,76400
2020-08-13 09:40:34.410,3.292,70000
2020-08-13 09:40:34.920,3.292,20000
2020-08-13 09:40:35.210,3.293,5800
2020-08-13 09:40:36.980,3.293,5800
2020-08-13 09:40:36.980,3.293,300100
2020-08-13 09:40:36.980,3.292,133600
2020-08-13 09:40:36.980,3.292,600
2020-08-13 09:40:36.980,3.292,299700
2020-08-13 09:40:36.980,3.292,900
2020-08-13 09:40:36.980,3.292,259300
2020-08-13 09:40:42.350,3.294,100
2020-08-13 09:40:42.350,3.294,4900
2020-08-13 09:40:44.660,3.294,9600
2020-08-13 09:40:46.650,3.293,4000
2020-08-13 09:40:49.760,3.293,200
2020-08-13 09:40:50.090,3.294,3000
2020-08-13 09:40:50.090,3.295,1700
2020-08-13 09:40:50.090,3.295,50000
2020-08-13 09:40:50.090,3.295,1000
2020-08-13 09:40:50.090,3.295,20000
2020-08-13 09:40:50.090,3.295,2000
2020-08-13 09:40:50.090,3.295,2000
2020-08-13 09:40:50.090,3.295,20000
2020-08-13 09:40:51.970,3.295,200300
2020-08-13 09:40:52.920,3.294,8400
2020-08-13 09:40:52.920,3.293,1100
2020-08-13 09:40:52.920,3.293,100
2020-08-13 09:40:52.920,3.293,900
2020-08-13 09:40:52.920,3.292,7300
2020-08-13 09:40:55.020,3.294,500
2020-08-13 09:40:58.660,3.294,17500
2020-08-13 09:41:00.010,3.294,4900
2020-08-13 09:41:01.550,3.294,5100
2020-08-13 09:41:01.550,3.293,4900
2020-08-13 09:41:02.310,3.294,2000
2020-08-13 09:41:03.330,3.293,33600
2020-08-13 09:41:04.770,3.295,299200
2020-08-13 09:41:08.310,3.295,800
2020-08-13 09:41:08.310,3.294,18300
2020-08-13 09:41:09.610,3.295,99800
2020-08-13 09:41:09.960,3.295,300
2020-08-13 09:41:11.510,3.294,5000
2020-08-13 09:41:11.510,3.294,600
2020-08-13 09:41:11.930,3.294,6900
2020-08-13 09:41:13.710,3.295,199900
2020-08-13 09:41:14.260,3.296,1600
2020-08-13 09:41:14.260,3.296,4600
2020-08-13 09:41:14.260,3.296,3800
2020-08-13 09:41:15.910,3.295,1600
2020-08-13 09:41:16.460,3.296,3200
2020-08-13 09:41:18.040,3.296,300
2020-08-13 09:41:19.050,3.296,16500
2020-08-13 09:41:19.050,3.296,500
2020-08-13 09:41:19.050,3.295,2800
2020-08-13 09:41:19.050,3.295,7200
2020-08-13 09:41:19.210,3.295,41000
2020-08-13 09:41:21.520,3.296,98600
2020-08-13 09:41:21.520,3.297,7500
2020-08-13 09:41:21.520,3.297,5000
2020-08-13 09:41:21.520,3.297,12300
2020-08-13 09:41:21.520,3.297,5000
2020-08-13 09:41:21.520,3.297,3700
2020-08-13 09:41:21.520,3.297,167900
2020-08-13 09:41:23.420,3.297,1000
2020-08-13 09:41:23.420,3.297,39000
2020-08-13 09:41:23.690,3.296,1500
2020-08-13 09:41:23.690,3.295,6300
2020-08-13 09:41:24.070,3.295,26200
2020-08-13 09:41:24.690,3.296,1000
2020-08-13 09:41:24.750,3.296,5000
2020-08-13 09:41:25.470,3.297,100
2020-08-13 09:41:25.590,3.297,400
2020-08-13 09:41:28.890,3.296,100
2020-08-13 09:41:28.890,3.295,3400
2020-08-13 09:41:30.050,3.297,200
2020-08-13 09:41:31.730,3.297,15200
2020-08-13 09:41:33.880,3.297,100
2020-08-13 09:41:34.150,3.297,200
2020-08-13 09:41:34.150,3.296,700
2020-08-13 09:41:34.390,3.296,200
2020-08-13 09:41:34.390,3.296,3600
2020-08-13 09:41:37.380,3.297,100
2020-08-13 09:41:37.380,3.297,5000
2020-08-13 09:41:37.380,3.297,194900
2020-08-13 09:41:38.120,3.297,5000
2020-08-13 09:41:38.560,3.298,230000
2020-08-13 09:41:38.910,3.297,11000
2020-08-13 09:41:40.020,3.298,1000
2020-08-13 09:41:40.430,3.298,29800
2020-08-13 09:41:40.430,3.298,200
2020-08-13 09:41:45.750,3.298,300
2020-08-13 09:41:48.050,3.299,1000
2020-08-13 09:41:51.530,3.298,6200
2020-08-13 09:41:57.400,3.299,500
2020-08-13 09:41:57.400,3.299,1000
2020-08-13 09:41:57.400,3.299,7500
2020-08-13 09:41:59.230,3.299,5000
2020-08-13 09:42:00.490,3.299,48100
2020-08-13 09:42:00.490,3.299,500
2020-08-13 09:42:02.150,3.299,300000
2020-08-13 09:42:03.040,3.299,300000
2020-08-13 09:42:03.040,3.299,251400
2020-08-13 09:42:03.040,3.299,48600
2020-08-13 09:42:03.040,3.299,300000
2020-08-13 09:42:05.070,3.299,251400
2020-08-13 09:42:05.070,3.299,1000
2020-08-13 09:42:05.070,3.299,1000
2020-08-13 09:42:05.070,3.299,46600
2020-08-13 09:42:05.070,3.299,300000
2020-08-13 09:42:07.980,3.299,500
2020-08-13 09:42:07.980,3.299,2000
2020-08-13 09:42:07.980,3.298,97500
2020-08-13 09:42:08.560,3.3,1000
2020-08-13 09:42:10.880,3.299,5100
2020-08-13 09:42:10.880,3.299,10000
2020-08-13 09:42:11.170,3.298,1000
2020-08-13 09:42:12.140,3.299,8700
2020-08-13 09:42:12.800,3.299,12100
2020-08-13 09:42:12.910,3.299,10600
2020-08-13 09:42:13.120,3.299,1000
2020-08-13 09:42:13.630,3.299,600
2020-08-13 09:42:13.660,3.298,1000
2020-08-13 09:42:14.710,3.299,100
2020-08-13 09:42:14.930,3.299,2000
2020-08-13 09:42:15.100,3.298,1000
2020-08-13 09:42:15.100,3.298,3000
2020-08-13 09:42:15.920,3.299,3000
2020-08-13 09:42:17.890,3.299,3000
2020-08-13 09:42:18.540,3.298,500
2020-08-13 09:42:18.540,3.298,100
2020-08-13 09:42:18.540,3.298,1200
2020-08-13 09:42:18.540,3.298,7300
2020-08-13 09:42:18.540,3.298,10900
2020-08-13 09:42:22.090,3.299,5800
2020-08-13 09:42:23.220,3.299,1000
2020-08-13 09:42:23.430,3.299,2800
2020-08-13 09:42:23.430,3.299,100
2020-08-13 09:42:23.780,3.299,300
2020-08-13 09:42:24.050,3.299,1000
2020-08-13 09:42:24.260,3.298,20000
2020-08-13 09:42:24.370,3.299,300
2020-08-13 09:42:25.020,3.299,2300
2020-08-13 09:42:25.260,3.299,2000
2020-08-13 09:42:25.490,3.299,1200
2020-08-13 09:42:25.520,3.299,40000
2020-08-13 09:42:25.730,3.299,20000
2020-08-13 09:42:25.760,3.299,300000
2020-08-13 09:42:25.760,3.299,300000
2020-08-13 09:42:26.550,3.299,30500
2020-08-13 09:42:26.710,3.299,208300
2020-08-13 09:42:26.710,3.299,91700
2020-08-13 09:42:28.020,3.3,2000
2020-08-13 09:42:28.020,3.3,10000
2020-08-13 09:42:28.020,3.3,1200
2020-08-13 09:42:28.020,3.3,3000
2020-08-13 09:42:28.020,3.3,6000
2020-08-13 09:42:28.020,3.3,100
2020-08-13 09:42:28.020,3.3,400
2020-08-13 09:42:28.020,3.3,100
2020-08-13 09:42:28.020,3.3,5000
2020-08-13 09:42:28.020,3.3,900
2020-08-13 09:42:28.050,3.3,2400
2020-08-13 09:42:28.050,3.3,1000
2020-08-13 09:42:28.050,3.3,1000
2020-08-13 09:42:28.050,3.3,100
2020-08-13 09:42:28.050,3.3,2000
2020-08-13 09:42:28.050,3.3,2100
2020-08-13 09:42:29.350,3.299,500
2020-08-13 09:42:29.460,3.298,300000
2020-08-13 09:42:29.460,3.298,300000
2020-08-13 09:42:29.580,3.298,150000
2020-08-13 09:42:31.170,3.298,20000
2020-08-13 09:42:31.200,3.298,900
2020-08-13 09:42:33.470,3.299,19500
2020-08-13 09:42:33.470,3.299,76500
2020-08-13 09:42:33.750,3.298,20000
2020-08-13 09:42:34.140,3.299,200
2020-08-13 09:42:34.500,3.298,109100
2020-08-13 09:42:34.990,3.298,500
2020-08-13 09:42:37.690,3.298,5000
2020-08-13 09:42:38.290,3.298,3100
2020-08-13 09:42:38.890,3.297,73300
2020-08-13 09:42:39.280,3.298,3000
2020-08-13 09:42:40.190,3.298,8900
2020-08-13 09:42:40.190,3.298,100
2020-08-13 09:42:43.140,3.298,300
2020-08-13 09:42:46.840,3.297,300
2020-08-13 09:42:48.110,3.298,500
2020-08-13 09:42:48.380,3.298,200
2020-08-13 09:42:50.820,3.298,6700
2020-08-13 09:42:50.820,3.298,2000
2020-08-13 09:42:50.820,3.298,900
2020-08-13 09:42:50.820,3.298,4600
2020-08-13 09:42:55.860,3.297,15500
2020-08-13 09:42:55.860,3.297,1000
2020-08-13 09:42:55.860,3.297,3500
2020-08-13 09:42:55.860,3.298,2900
2020-08-13 09:42:55.860,3.298,200
2020-08-13 09:42:55.860,3.298,500
2020-08-13 09:42:55.860,3.298,10000
2020-08-13 09:42:55.980,3.298,4400
2020-08-13 09:42:57.120,3.298,10800
2020-08-13 09:42:59.050,3.298,1000
2020-08-13 09:42:59.450,3.298,2100
2020-08-13 09:43:03.710,3.298,100
2020-08-13 09:43:04.770,3.297,2500
2020-08-13 09:43:04.770,3.297,100
2020-08-13 09:43:04.770,3.297,5000
2020-08-13 09:43:04.770,3.297,20000
2020-08-13 09:43:04.770,3.297,10000
2020-08-13 09:43:04.770,3.297,26000
2020-08-13 09:43:04.770,3.297,20000
2020-08-13 09:43:04.770,3.297,20000
2020-08-13 09:43:04.770,3.297,2000
2020-08-13 09:43:04.770,3.297,194400
2020-08-13 09:43:05.980,3.297,3100
2020-08-13 09:43:06.900,3.297,300000
2020-08-13 09:43:06.900,3.297,300000
2020-08-13 09:43:08.380,3.297,5000
2020-08-13 09:43:11.550,3.298,6400
2020-08-13 09:43:11.610,3.297,300000
2020-08-13 09:43:12.970,3.297,300000
2020-08-13 09:43:13.260,3.298,2000
2020-08-13 09:43:14.490,3.298,5000
2020-08-13 09:43:14.840,3.298,700
2020-08-13 09:43:14.960,3.297,208300
2020-08-13 09:43:14.960,3.297,91700
2020-08-13 09:43:15.630,3.297,43000
2020-08-13 09:43:16.190,3.297,9100
2020-08-13 09:43:16.840,3.297,500
2020-08-13 09:43:19.010,3.297,25000
2020-08-13 09:43:21.500,3.297,130700
2020-08-13 09:43:21.500,3.297,200
2020-08-13 09:43:23.040,3.297,2700
2020-08-13 09:43:23.320,3.297,3000
2020-08-13 09:43:24.300,3.297,2000
2020-08-13 09:43:24.390,3.297,100
2020-08-13 09:43:25.570,3.296,2400
2020-08-13 09:43:25.570,3.296,10000
2020-08-13 09:43:25.570,3.296,10000
2020-08-13 09:43:25.570,3.296,800
2020-08-13 09:43:25.570,3.296,2000
2020-08-13 09:43:25.570,3.296,5000
2020-08-13 09:43:27.600,3.296,100
2020-08-13 09:43:29.960,3.296,12800
2020-08-13 09:43:30.450,3.297,33100
2020-08-13 09:43:30.530,3.297,5600
2020-08-13 09:43:31.650,3.296,300000
2020-08-13 09:43:31.650,3.296,300000
2020-08-13 09:43:31.650,3.296,287200
2020-08-13 09:43:31.650,3.296,12800
2020-08-13 09:43:32.450,3.296,300000
2020-08-13 09:43:33.740,3.296,500
2020-08-13 09:43:33.880,3.296,3000
2020-08-13 09:43:34.370,3.296,371200
2020-08-13 09:43:34.910,3.296,10000
2020-08-13 09:43:35.620,3.296,43100
2020-08-13 09:43:36.320,3.296,3000
2020-08-13 09:43:36.970,3.296,156400
2020-08-13 09:43:36.970,3.296,143600
2020-08-13 09:43:39.730,3.297,400
2020-08-13 09:43:40.580,3.297,3000
2020-08-13 09:43:42.170,3.296,300000
2020-08-13 09:43:42.170,3.296,300000
2020-08-13 09:43:42.480,3.296,100000
2020-08-13 09:43:43.680,3.297,6100
2020-08-13 09:43:43.680,3.297,1000
2020-08-13 09:43:43.680,3.297,11300
2020-08-13 09:43:43.680,3.297,77600
2020-08-13 09:43:43.680,3.297,20000
2020-08-13 09:43:43.680,3.297,3000
2020-08-13 09:43:43.680,3.297,3800
2020-08-13 09:43:45.580,3.297,43100
2020-08-13 09:43:46.700,3.297,300000
2020-08-13 09:43:47.210,3.297,20000
2020-08-13 09:43:47.510,3.297,10000
2020-08-13 09:43:49.470,3.297,300000
2020-08-13 09:43:50.250,3.297,10000
2020-08-13 09:43:52.270,3.297,4100
2020-08-13 09:43:54.040,3.298,7900
2020-08-13 09:43:54.040,3.298,2100
2020-08-13 09:43:54.130,3.297,20000
2020-08-13 09:43:54.360,3.297,40000
2020-08-13 09:43:54.360,3.297,10000
2020-08-13 09:43:54.360,3.297,20000
2020-08-13 09:43:54.360,3.297,5000
2020-08-13 09:43:54.360,3.297,100000
2020-08-13 09:43:54.360,3.297,1500
2020-08-13 09:43:54.500,3.297,1700
2020-08-13 09:43:55.540,3.296,43100
2020-08-13 09:43:59.640,3.297,300
2020-08-13 09:44:01.000,3.296,3000
2020-08-13 09:44:01.570,3.297,68300
2020-08-13 09:44:01.570,3.297,1000
2020-08-13 09:44:01.570,3.297,1100
2020-08-13 09:44:01.570,3.297,10000
2020-08-13 09:44:01.570,3.297,70000
2020-08-13 09:44:01.570,3.297,3000
2020-08-13 09:44:01.740,3.297,60000
2020-08-13 09:44:02.070,3.298,5000
2020-08-13 09:44:04.450,3.297,300000
2020-08-13 09:44:05.460,3.297,300000
2020-08-13 09:44:05.590,3.297,43100
2020-08-13 09:44:06.840,3.297,6000
2020-08-13 09:44:06.870,3.298,11000
2020-08-13 09:44:07.230,3.298,1000
2020-08-13 09:44:07.720,3.297,37500
2020-08-13 09:44:07.720,3.297,5000
2020-08-13 09:44:07.720,3.297,10000
2020-08-13 09:44:07.720,3.297,2000
2020-08-13 09:44:07.720,3.297,45500
2020-08-13 09:44:07.960,3.298,132900
2020-08-13 09:44:07.960,3.298,16000
2020-08-13 09:44:07.960,3.298,3000
2020-08-13 09:44:07.960,3.298,1000
2020-08-13 09:44:07.960,3.298,43900
2020-08-13 09:44:07.960,3.298,10000
2020-08-13 09:44:07.960,3.298,4900
2020-08-13 09:44:09.060,3.298,4000
2020-08-13 09:44:09.500,3.298,20000
2020-08-13 09:44:10.200,3.298,5000
2020-08-13 09:44:10.380,3.298,300000
2020-08-13 09:44:10.540,3.298,70000
2020-08-13 09:44:11.660,3.298,3000
2020-08-13 09:44:13.400,3.298,286300
2020-08-13 09:44:13.400,3.298,5000
2020-08-13 09:44:13.400,3.298,8700
2020-08-13 09:44:13.400,3.298,300000
2020-08-13 09:44:13.910,3.298,300000
2020-08-13 09:44:13.910,3.298,291300
2020-08-13 09:44:13.910,3.298,100
2020-08-13 09:44:13.910,3.298,8600
2020-08-13 09:44:13.910,3.298,40700
2020-08-13 09:44:13.910,3.298,1300
2020-08-13 09:44:13.910,3.297,258000
2020-08-13 09:44:14.650,3.297,3000
2020-08-13 09:44:14.680,3.298,5000
2020-08-13 09:44:14.680,3.297,295000
2020-08-13 09:44:14.800,3.297,20000
2020-08-13 09:44:15.550,3.298,500
2020-08-13 09:44:16.660,3.297,100
2020-08-13 09:44:17.060,3.298,500
2020-08-13 09:44:17.120,3.298,1000
2020-08-13 09:44:17.460,3.297,900
2020-08-13 09:44:17.460,3.297,300000
2020-08-13 09:44:17.460,3.297,23000
2020-08-13 09:44:17.460,3.297,277000
2020-08-13 09:44:18.470,3.297,23100
2020-08-13 09:44:18.470,3.297,276900
2020-08-13 09:44:19.280,3.297,30500
2020-08-13 09:44:19.440,3.297,300000
2020-08-13 09:44:19.440,3.297,292600
2020-08-13 09:44:19.440,3.297,7400
2020-08-13 09:44:19.440,3.297,300000
2020-08-13 09:44:20.220,3.297,20000
2020-08-13 09:44:21.900,3.297,2400
2020-08-13 09:44:21.900,3.297,7600
2020-08-13 09:44:22.340,3.298,3000
2020-08-13 09:44:22.930,3.297,300000
2020-08-13 09:44:23.040,3.298,5000
2020-08-13 09:44:23.910,3.297,300000
2020-08-13 09:44:23.930,3.298,2000
2020-08-13 09:44:25.160,3.297,20000
2020-08-13 09:44:25.310,3.298,8000
2020-08-13 09:44:25.310,3.298,4000
2020-08-13 09:44:25.420,3.297,272400
2020-08-13 09:44:25.420,3.297,27600
2020-08-13 09:44:25.600,3.297,43000
2020-08-13 09:44:26.750,3.298,26000
2020-08-13 09:44:26.750,3.298,24000
2020-08-13 09:44:26.950,3.297,300000
2020-08-13 09:44:26.950,3.297,300000
2020-08-13 09:44:27.190,3.297,229400
2020-08-13 09:44:27.190,3.297,70600
2020-08-13 09:44:28.800,3.297,24800
2020-08-13 09:44:28.970,3.297,300000
2020-08-13 09:44:28.970,3.297,300000
2020-08-13 09:44:31.070,3.297,1100
2020-08-13 09:44:31.210,3.297,700
2020-08-13 09:44:32.200,3.297,1500
2020-08-13 09:44:33.120,3.297,3900
2020-08-13 09:44:33.120,3.298,19100
2020-08-13 09:44:33.120,3.298,30000
2020-08-13 09:44:33.120,3.298,10100
2020-08-13 09:44:33.610,3.297,5500
2020-08-13 09:44:34.410,3.296,10300
2020-08-13 09:44:34.410,3.296,2000
2020-08-13 09:44:34.410,3.296,100
2020-08-13 09:44:34.410,3.296,20000
2020-08-13 09:44:34.410,3.296,3400
2020-08-13 09:44:34.410,3.296,24600
2020-08-13 09:44:34.410,3.296,800
2020-08-13 09:44:34.410,3.296,200
2020-08-13 09:44:34.410,3.296,10000
2020-08-13 09:44:34.410,3.296,500
2020-08-13 09:44:34.410,3.296,3500
2020-08-13 09:44:34.410,3.296,1000
2020-08-13 09:44:34.410,3.296,223600
2020-08-13 09:44:34.410,3.296,300000
2020-08-13 09:44:34.940,3.297,11100
2020-08-13 09:44:35.610,3.296,43100
2020-08-13 09:44:36.130,3.296,119200
2020-08-13 09:44:37.280,3.297,1500
2020-08-13 09:44:37.310,3.296,214100
2020-08-13 09:44:37.310,3.296,85900
2020-08-13 09:44:37.480,3.296,300000
2020-08-13 09:44:37.480,3.296,300000
2020-08-13 09:44:37.480,3.296,214100
2020-08-13 09:44:37.480,3.296,85900
2020-08-13 09:44:37.530,3.297,800
2020-08-13 09:44:37.750,3.297,1100
2020-08-13 09:44:37.750,3.297,28900
2020-08-13 09:44:38.880,3.296,300000
2020-08-13 09:44:39.350,3.297,6100
2020-08-13 09:44:39.490,3.296,300000
2020-08-13 09:44:39.790,3.297,20000
2020-08-13 09:44:40.030,3.296,168600
2020-08-13 09:44:40.030,3.296,131400
2020-08-13 09:44:40.350,3.296,4800
2020-08-13 09:44:40.460,3.296,300000
2020-08-13 09:44:40.980,3.296,300000
2020-08-13 09:44:40.980,3.296,300000
2020-08-13 09:44:40.980,3.296,300000
2020-08-13 09:44:41.470,3.296,300000
2020-08-13 09:44:41.620,3.297,10000
2020-08-13 09:44:42.050,3.296,2000
2020-08-13 09:44:42.710,3.296,300000
2020-08-13 09:44:43.010,3.296,298000
2020-08-13 09:44:43.250,3.296,2000
2020-08-13 09:44:43.250,3.297,1000
2020-08-13 09:44:43.420,3.297,10800
2020-08-13 09:44:43.660,3.296,100
2020-08-13 09:44:43.850,3.296,700
2020-08-13 09:44:43.980,3.295,300
2020-08-13 09:44:43.980,3.295,500
2020-08-13 09:44:43.980,3.295,100
2020-08-13 09:44:43.980,3.295,400
2020-08-13 09:44:43.980,3.295,10000
2020-08-13 09:44:43.980,3.295,1000
2020-08-13 09:44:43.980,3.295,200
2020-08-13 09:44:43.980,3.295,6000
2020-08-13 09:44:43.980,3.295,500
2020-08-13 09:44:43.980,3.295,281000
2020-08-13 09:44:44.340,3.296,14500
2020-08-13 09:44:45.390,3.295,300
2020-08-13 09:44:45.630,3.295,10800
2020-08-13 09:44:46.140,3.295,10000
2020-08-13 09:44:47.580,3.295,10800
2020-08-13 09:44:47.700,3.295,3000
2020-08-13 09:44:48.470,3.294,2000
2020-08-13 09:44:48.470,3.294,1000
2020-08-13 09:44:48.470,3.294,100
2020-08-13 09:44:48.470,3.294,3000
2020-08-13 09:44:48.470,3.294,100
2020-08-13 09:44:48.470,3.294,293800
2020-08-13 09:44:49.440,3.295,10800
2020-08-13 09:44:50.000,3.294,100
2020-08-13 09:44:50.020,3.294,300000
2020-08-13 09:44:50.340,3.294,306100
2020-08-13 09:44:51.330,3.295,10800
2020-08-13 09:44:51.730,3.293,15200
2020-08-13 09:44:51.730,3.293,1000
2020-08-13 09:44:51.730,3.293,5000
2020-08-13 09:44:51.730,3.293,3800
2020-08-13 09:44:51.730,3.293,500
2020-08-13 09:44:51.730,3.293,10000
2020-08-13 09:44:51.730,3.293,100
2020-08-13 09:44:51.730,3.293,2000
2020-08-13 09:44:51.760,3.292,1000
2020-08-13 09:44:53.280,3.293,10800
2020-08-13 09:44:54.030,3.292,600
2020-08-13 09:44:54.030,3.292,900
2020-08-13 09:44:54.030,3.292,20000
2020-08-13 09:44:54.030,3.292,500
2020-08-13 09:44:54.030,3.292,5000
2020-08-13 09:44:54.030,3.292,200
2020-08-13 09:44:54.030,3.292,5000
2020-08-13 09:44:54.030,3.292,5000
2020-08-13 09:44:54.030,3.292,10000
2020-08-13 09:44:54.030,3.292,252800
2020-08-13 09:44:54.140,3.293,300
2020-08-13 09:44:54.380,3.293,251300
2020-08-13 09:44:54.770,3.294,6000
2020-08-13 09:44:55.460,3.293,300000
2020-08-13 09:44:55.670,3.293,43100
2020-08-13 09:44:56.900,3.293,500
2020-08-13 09:44:57.200,3.293,142000
2020-08-13 09:44:57.560,3.294,9200
2020-08-13 09:44:57.560,3.294,1600
2020-08-13 09:44:57.770,3.293,40000
2020-08-13 09:44:58.310,3.293,24000
2020-08-13 09:44:58.370,3.293,99100
2020-08-13 09:44:58.370,3.292,47200
2020-08-13 09:44:58.370,3.292,2000
2020-08-13 09:44:58.370,3.292,500
2020-08-13 09:44:58.370,3.292,3000
2020-08-13 09:44:58.370,3.292,10000
2020-08-13 09:44:58.370,3.292,81700
2020-08-13 09:44:58.480,3.294,100
2020-08-13 09:44:58.740,3.293,30000
2020-08-13 09:44:58.740,3.292,270000
2020-08-13 09:44:58.890,3.292,2500
2020-08-13 09:44:58.950,3.292,300000
2020-08-13 09:44:59.070,3.292,245800
2020-08-13 09:44:59.070,3.291,54200
2020-08-13 09:44:59.520,3.294,10800
2020-08-13 09:44:59.600,3.293,1000
2020-08-13 09:45:00.350,3.293,300
2020-08-13 09:45:01.510,3.291,5400
2020-08-13 09:45:01.510,3.291,100
2020-08-13 09:45:01.510,3.291,5000
2020-08-13 09:45:01.510,3.291,6000
2020-08-13 09:45:01.510,3.291,5000
2020-08-13 09:45:01.510,3.291,200
2020-08-13 09:45:01.510,3.291,5000
2020-08-13 09:45:01.510,3.291,10000
2020-08-13 09:45:01.510,3.291,6000
2020-08-13 09:45:01.510,3.291,2000
2020-08-13 09:45:01.510,3.291,100
2020-08-13 09:45:01.510,3.291,200
2020-08-13 09:45:01.510,3.291,10000
2020-08-13 09:45:01.510,3.291,10000
2020-08-13 09:45:01.510,3.291,50000
2020-08-13 09:45:01.510,3.291,3000
2020-08-13 09:45:01.510,3.291,182000
2020-08-13 09:45:01.620,3.293,500
2020-08-13 09:45:01.620,3.291,111300
2020-08-13 09:45:01.620,3.293,10800
2020-08-13 09:45:01.690,3.291,20000
2020-08-13 09:45:02.030,3.293,1000
2020-08-13 09:45:03.580,3.292,10800
2020-08-13 09:45:03.670,3.292,10000
2020-08-13 09:45:04.530,3.292,7200
2020-08-13 09:45:04.880,3.291,86700
2020-08-13 09:45:04.880,3.291,5000
2020-08-13 09:45:04.880,3.291,5000
2020-08-13 09:45:04.880,3.291,100
2020-08-13 09:45:04.880,3.291,5100
2020-08-13 09:45:04.880,3.291,4300
2020-08-13 09:45:05.100,3.291,5000
2020-08-13 09:45:05.530,3.291,10800
2020-08-13 09:45:05.710,3.291,5000
2020-08-13 09:45:06.020,3.29,1000
2020-08-13 09:45:06.020,3.29,600
2020-08-13 09:45:06.020,3.29,5000
2020-08-13 09:45:06.020,3.29,1000
2020-08-13 09:45:06.020,3.29,100
2020-08-13 09:45:06.020,3.29,200
2020-08-13 09:45:06.020,3.29,1000
2020-08-13 09:45:06.020,3.29,300
2020-08-13 09:45:06.020,3.29,25100
2020-08-13 09:45:06.020,3.29,4000
2020-08-13 09:45:06.020,3.29,2000
2020-08-13 09:45:06.020,3.29,1000
2020-08-13 09:45:06.020,3.29,6100
2020-08-13 09:45:06.020,3.29,15000
2020-08-13 09:45:06.020,3.29,3500
2020-08-13 09:45:06.020,3.29,10000
2020-08-13 09:45:06.020,3.29,1000
2020-08-13 09:45:06.020,3.29,600
2020-08-13 09:45:06.020,3.29,10000
2020-08-13 09:45:06.020,3.29,100
2020-08-13 09:45:06.020,3.29,1000
2020-08-13 09:45:06.020,3.29,100
2020-08-13 09:45:06.020,3.29,500
2020-08-13 09:45:06.020,3.29,100
2020-08-13 09:45:06.020,3.29,200
2020-08-13 09:45:06.020,3.29,2000
2020-08-13 09:45:06.020,3.29,500
2020-08-13 09:45:06.020,3.29,8000
2020-08-13 09:45:07.260,3.29,2000
2020-08-13 09:45:07.260,3.29,1000
2020-08-13 09:45:07.260,3.29,1000
2020-08-13 09:45:07.260,3.29,200
2020-08-13 09:45:07.260,3.29,1000
2020-08-13 09:45:07.260,3.29,200
2020-08-13 09:45:07.260,3.29,300
2020-08-13 09:45:07.260,3.29,3500
2020-08-13 09:45:07.260,3.29,3200
2020-08-13 09:45:07.260,3.29,4900
2020-08-13 09:45:07.260,3.29,20000
2020-08-13 09:45:07.260,3.29,300
2020-08-13 09:45:07.260,3.29,300
2020-08-13 09:45:07.260,3.29,2100
2020-08-13 09:45:07.350,3.29,2900
2020-08-13 09:45:07.350,3.29,500
2020-08-13 09:45:07.350,3.29,100
2020-08-13 09:45:07.350,3.29,100000
2020-08-13 09:45:07.350,3.29,600
2020-08-13 09:45:07.350,3.29,1200
2020-08-13 09:45:07.350,3.29,1000
2020-08-13 09:45:07.350,3.29,10000
2020-08-13 09:45:07.350,3.29,7000
2020-08-13 09:45:07.350,3.29,2000
2020-08-13 09:45:07.350,3.29,10000
2020-08-13 09:45:07.350,3.29,6000
2020-08-13 09:45:07.350,3.29,1000
2020-08-13 09:45:07.350,3.29,1000
2020-08-13 09:45:07.350,3.29,2000
2020-08-13 09:45:07.350,3.29,50000
2020-08-13 09:45:07.350,3.29,100
2020-08-13 09:45:07.350,3.29,104600
2020-08-13 09:45:07.700,3.291,10800
2020-08-13 09:45:08.050,3.29,195400
2020-08-13 09:45:08.050,3.29,2000
2020-08-13 09:45:08.050,3.29,2000
2020-08-13 09:45:08.050,3.29,500
2020-08-13 09:45:08.050,3.29,400
2020-08-13 09:45:08.050,3.29,10000
2020-08-13 09:45:08.050,3.29,1000
2020-08-13 09:45:08.050,3.29,2000
2020-08-13 09:45:08.050,3.29,1000
2020-08-13 09:45:08.050,3.29,5000
2020-08-13 09:45:08.050,3.29,100
2020-08-13 09:45:08.050,3.29,5000
2020-08-13 09:45:08.050,3.29,2400
2020-08-13 09:45:08.050,3.29,100
2020-08-13 09:45:08.050,3.29,5000
2020-08-13 09:45:08.050,3.289,5000
2020-08-13 09:45:08.050,3.289,100
2020-08-13 09:45:08.050,3.289,200
2020-08-13 09:45:08.050,3.289,1000
2020-08-13 09:45:08.050,3.289,1000
2020-08-13 09:45:08.050,3.289,30000
2020-08-13 09:45:08.050,3.289,5000
2020-08-13 09:45:08.050,3.289,1000
2020-08-13 09:45:08.050,3.289,3000
2020-08-13 09:45:08.050,3.289,1000
2020-08-13 09:45:08.050,3.289,20000
2020-08-13 09:45:08.050,3.289,800
2020-08-13 09:45:08.730,3.29,30000
2020-08-13 09:45:08.730,3.291,36900
2020-08-13 09:45:09.160,3.291,3000
2020-08-13 09:45:09.160,3.291,6000
2020-08-13 09:45:09.280,3.289,300000
2020-08-13 09:45:09.400,3.289,300000
2020-08-13 09:45:09.400,3.289,299200
2020-08-13 09:45:09.960,3.289,800
2020-08-13 09:45:09.960,3.289,10000
2020-08-13 09:45:10.320,3.288,5000
2020-08-13 09:45:10.320,3.288,100
2020-08-13 09:45:10.320,3.288,200
2020-08-13 09:45:10.320,3.288,6100
2020-08-13 09:45:10.320,3.288,1000
2020-08-13 09:45:10.320,3.288,100
2020-08-13 09:45:10.320,3.288,10000
2020-08-13 09:45:10.320,3.288,1000
2020-08-13 09:45:10.320,3.288,10000
2020-08-13 09:45:10.320,3.288,1600
2020-08-13 09:45:10.320,3.288,1000
2020-08-13 09:45:10.320,3.288,200
2020-08-13 09:45:10.320,3.288,5500
2020-08-13 09:45:10.320,3.288,100
2020-08-13 09:45:10.320,3.288,10000
2020-08-13 09:45:10.320,3.288,10000
2020-08-13 09:45:10.320,3.288,400
2020-08-13 09:45:10.320,3.288,2800
2020-08-13 09:45:10.320,3.288,5000
2020-08-13 09:45:10.320,3.288,50000
2020-08-13 09:45:11.070,3.288,56000
2020-08-13 09:45:11.270,3.289,5000
2020-08-13 09:45:12.090,3.289,10800
2020-08-13 09:45:12.520,3.289,500
2020-08-13 09:45:13.090,3.289,11800
2020-08-13 09:45:13.970,3.289,10800
2020-08-13 09:45:14.030,3.289,500
2020-08-13 09:45:15.490,3.288,6000
2020-08-13 09:45:15.490,3.287,5000
2020-08-13 09:45:15.490,3.287,100
2020-08-13 09:45:15.490,3.287,200
2020-08-13 09:45:15.490,3.287,58700
2020-08-13 09:45:15.580,3.288,4200
2020-08-13 09:45:15.870,3.288,2100
2020-08-13 09:45:16.810,3.288,36800
2020-08-13 09:45:16.810,3.289,1200
2020-08-13 09:45:17.150,3.288,70000
2020-08-13 09:45:17.280,3.289,3000
2020-08-13 09:45:17.560,3.288,29900
2020-08-13 09:45:18.690,3.288,14900
2020-08-13 09:45:18.820,3.288,60000
2020-08-13 09:45:19.350,3.288,200
2020-08-13 09:45:19.870,3.288,82500
2020-08-13 09:45:19.930,3.289,1000
2020-08-13 09:45:20.450,3.289,200
2020-08-13 09:45:20.840,3.288,217300
2020-08-13 09:45:20.840,3.288,1000
2020-08-13 09:45:20.840,3.288,2000
2020-08-13 09:45:20.840,3.287,64400
2020-08-13 09:45:20.840,3.287,1000
2020-08-13 09:45:20.840,3.287,5000
2020-08-13 09:45:20.840,3.287,200
2020-08-13 09:45:20.840,3.287,1000
2020-08-13 09:45:20.840,3.287,8100
2020-08-13 09:45:21.050,3.289,500
2020-08-13 09:45:21.050,3.289,20000
2020-08-13 09:45:21.050,3.289,2500
2020-08-13 09:45:21.440,3.289,1000
