Datetime,Price,Volume
2020-08-13 09:25:00.630,4.715,1000
2020-08-13 09:25:00.630,4.715,400
2020-08-13 09:25:00.630,4.715,2000
2020-08-13 09:25:00.630,4.715,1500
2020-08-13 09:25:00.630,4.715,600
2020-08-13 09:25:00.630,4.715,100
2020-08-13 09:25:00.630,4.715,7000
2020-08-13 09:25:00.630,4.715,9600
2020-08-13 09:25:00.630,4.715,40000
2020-08-13 09:25:00.630,4.715,29000
2020-08-13 09:25:00.630,4.715,15700
2020-08-13 09:25:00.630,4.715,1000
2020-08-13 09:25:00.630,4.715,200
2020-08-13 09:25:00.630,4.715,25000
2020-08-13 09:25:00.630,4.715,9100
2020-08-13 09:25:00.630,4.715,12000
2020-08-13 09:25:00.630,4.715,3000
2020-08-13 09:25:00.630,4.715,5000
2020-08-13 09:25:00.630,4.715,23000
2020-08-13 09:25:00.630,4.715,2000
2020-08-13 09:25:00.630,4.715,10000
2020-08-13 09:25:00.630,4.715,60000
2020-08-13 09:25:00.630,4.715,17600
2020-08-13 09:25:00.630,4.715,700
2020-08-13 09:25:00.630,4.715,6000
2020-08-13 09:25:00.630,4.715,8700
2020-08-13 09:25:00.630,4.715,39800
2020-08-13 09:25:00.630,4.715,22000
2020-08-13 09:25:00.630,4.715,36800
2020-08-13 09:25:00.630,4.715,7300
2020-08-13 09:25:00.630,4.715,4500
2020-08-13 09:25:00.630,4.715,56900
2020-08-13 09:25:00.630,4.715,14800
2020-08-13 09:25:00.630,4.715,200
2020-08-13 09:25:00.630,4.715,20000
2020-08-13 09:25:00.630,4.715,24800
2020-08-13 09:25:00.630,4.715,5000
2020-08-13 09:25:00.630,4.715,8000
2020-08-13 09:25:00.630,4.715,1900
2020-08-13 09:25:00.630,4.715,100
2020-08-13 09:25:00.630,4.715,9900
2020-08-13 09:25:00.630,4.715,100
2020-08-13 09:25:00.630,4.715,3000
2020-08-13 09:25:00.630,4.715,2000
2020-08-13 09:25:00.630,4.715,3900
2020-08-13 09:25:00.630,4.715,6000
2020-08-13 09:25:00.630,4.715,100
2020-08-13 09:25:00.630,4.715,900
2020-08-13 09:25:00.630,4.715,100
2020-08-13 09:25:00.630,4.715,1400
2020-08-13 09:25:00.630,4.715,2400
2020-08-13 09:25:00.630,4.715,3500
2020-08-13 09:25:00.630,4.715,100000
2020-08-13 09:25:00.630,4.715,5000
2020-08-13 09:25:00.630,4.715,1000
2020-08-13 09:25:00.630,4.715,700
2020-08-13 09:25:00.630,4.715,3700
2020-08-13 09:25:00.630,4.715,13600
2020-08-13 09:25:00.630,4.715,2400
2020-08-13 09:25:00.630,4.715,20000
2020-08-13 09:25:00.630,4.715,5000
2020-08-13 09:25:00.630,4.715,100
2020-08-13 09:25:00.630,4.715,5900
2020-08-13 09:25:00.630,4.715,40000
2020-08-13 09:25:00.630,4.715,20000
2020-08-13 09:25:00.630,4.715,500
2020-08-13 09:25:00.630,4.715,3000
2020-08-13 09:25:00.630,4.715,1200
2020-08-13 09:25:00.630,4.715,300
2020-08-13 09:25:00.630,4.715,2000
2020-08-13 09:25:00.630,4.715,10700
2020-08-13 09:25:00.630,4.715,2000
2020-08-13 09:25:00.630,4.715,13600
2020-08-13 09:25:00.630,4.715,5000
2020-08-13 09:25:00.630,4.715,35600
2020-08-13 09:25:00.630,4.715,1400
2020-08-13 09:25:00.630,4.715,3600
2020-08-13 09:25:00.630,4.715,100
2020-08-13 09:25:00.630,4.715,20000
2020-08-13 09:25:00.630,4.715,7700
2020-08-13 09:25:00.630,4.715,10000
2020-08-13 09:25:00.630,4.715,7000
2020-08-13 09:25:00.630,4.715,10000
2020-08-13 09:25:00.630,4.715,500
2020-08-13 09:25:00.630,4.715,11100
2020-08-13 09:25:00.630,4.715,1400
2020-08-13 09:25:00.630,4.715,2100
2020-08-13 09:25:00.630,4.715,12400
2020-08-13 09:25:00.630,4.715,3800
2020-08-13 09:25:00.630,4.715,500
2020-08-13 09:25:00.630,4.715,900
2020-08-13 09:25:00.630,4.715,21100
2020-08-13 09:25:00.630,4.715,50000
2020-08-13 09:25:00.630,4.715,20000
2020-08-13 09:25:00.630,4.715,200
2020-08-13 09:25:00.630,4.715,300
2020-08-13 09:25:00.630,4.715,200
2020-08-13 09:25:00.630,4.715,2700
2020-08-13 09:25:00.630,4.715,2300
2020-08-13 09:25:00.630,4.715,700
2020-08-13 09:25:00.630,4.715,400
2020-08-13 09:25:00.630,4.715,200
2020-08-13 09:25:00.630,4.715,200
2020-08-13 09:25:00.630,4.715,7200
2020-08-13 09:25:00.630,4.715,3100
2020-08-13 09:25:00.630,4.715,7100
2020-08-13 09:25:00.630,4.715,300
2020-08-13 09:25:00.630,4.715,2100
2020-08-13 09:25:00.630,4.715,200
2020-08-13 09:25:00.630,4.715,200
2020-08-13 09:25:00.630,4.715,300
2020-08-13 09:25:00.630,4.715,1000
2020-08-13 09:25:00.630,4.715,3600
2020-08-13 09:25:00.630,4.715,5000
2020-08-13 09:25:00.630,4.715,22000
2020-08-13 09:25:00.630,4.715,1900
2020-08-13 09:25:00.630,4.715,300
2020-08-13 09:25:00.630,4.715,1200
2020-08-13 09:25:00.630,4.715,3000
2020-08-13 09:25:00.630,4.715,400
2020-08-13 09:25:00.630,4.715,100
2020-08-13 09:25:00.630,4.715,300
2020-08-13 09:25:00.630,4.715,7000
2020-08-13 09:25:00.630,4.715,1000
2020-08-13 09:25:00.630,4.715,600
2020-08-13 09:25:00.630,4.715,4700
2020-08-13 09:25:00.630,4.715,100
2020-08-13 09:25:00.630,4.715,100
2020-08-13 09:25:00.630,4.715,300
2020-08-13 09:25:00.630,4.715,100
2020-08-13 09:25:00.630,4.715,100
2020-08-13 09:25:00.630,4.715,200
2020-08-13 09:25:00.630,4.715,300
2020-08-13 09:25:00.630,4.715,100
2020-08-13 09:25:00.630,4.715,100
2020-08-13 09:25:00.630,4.715,10000
2020-08-13 09:25:00.630,4.715,100
2020-08-13 09:25:00.630,4.715,5000
2020-08-13 09:25:00.630,4.715,1100
2020-08-13 09:25:00.630,4.715,1092
2020-08-13 09:25:00.630,4.715,300
2020-08-13 09:25:00.630,4.715,3000
2020-08-13 09:25:00.630,4.715,1000
2020-08-13 09:25:00.630,4.715,20000
2020-08-13 09:25:00.630,4.715,16700
2020-08-13 09:25:00.630,4.715,100
2020-08-13 09:25:00.630,4.715,1000
2020-08-13 09:25:00.630,4.715,1000
2020-08-13 09:25:00.630,4.715,100
2020-08-13 09:25:00.630,4.715,1000
2020-08-13 09:25:00.630,4.715,500
2020-08-13 09:25:00.630,4.715,3400
2020-08-13 09:25:00.630,4.715,7600
2020-08-13 09:25:00.630,4.715,20000
2020-08-13 09:25:00.630,4.715,200
2020-08-13 09:25:00.630,4.715,100
2020-08-13 09:25:00.630,4.715,3000
2020-08-13 09:25:00.630,4.715,3700
2020-08-13 09:25:00.630,4.715,500
2020-08-13 09:25:00.630,4.715,15000
2020-08-13 09:25:00.630,4.715,600
2020-08-13 09:25:00.630,4.715,400
2020-08-13 09:25:00.630,4.715,200
2020-08-13 09:25:00.630,4.715,3000
2020-08-13 09:25:00.630,4.715,200
2020-08-13 09:25:00.630,4.715,20000
2020-08-13 09:25:00.630,4.715,100
2020-08-13 09:25:00.630,4.715,2500
2020-08-13 09:25:00.630,4.715,3000
2020-08-13 09:25:00.630,4.715,30200
2020-08-13 09:25:00.630,4.715,70000
2020-08-13 09:25:00.630,4.715,29200
2020-08-13 09:25:00.630,4.715,8000
2020-08-13 09:25:00.630,4.715,100
2020-08-13 09:25:00.630,4.715,600
2020-08-13 09:25:00.630,4.715,500
2020-08-13 09:25:00.630,4.715,10000
2020-08-13 09:25:00.630,4.715,10000
2020-08-13 09:25:00.630,4.715,1500
2020-08-13 09:25:00.630,4.715,200
2020-08-13 09:25:00.630,4.715,200
2020-08-13 09:25:00.630,4.715,2500
2020-08-13 09:25:00.630,4.715,200
2020-08-13 09:25:00.630,4.715,3000
2020-08-13 09:30:00.200,4.715,2000
2020-08-13 09:30:00.230,4.717,3000
2020-08-13 09:30:00.310,4.716,900
2020-08-13 09:30:00.310,4.715,100
2020-08-13 09:30:00.310,4.715,10000
2020-08-13 09:30:00.310,4.717,400
2020-08-13 09:30:00.420,4.717,1000
2020-08-13 09:30:00.430,4.715,1000
2020-08-13 09:30:00.430,4.716,1000
2020-08-13 09:30:00.540,4.715,300
2020-08-13 09:30:00.540,4.717,2000
2020-08-13 09:30:00.660,4.715,15000
2020-08-13 09:30:00.660,4.715,2100
2020-08-13 09:30:00.660,4.717,1000
2020-08-13 09:30:00.660,4.715,3200
2020-08-13 09:30:00.660,4.715,200
2020-08-13 09:30:00.660,4.717,400
2020-08-13 09:30:00.770,4.715,300
2020-08-13 09:30:00.880,4.715,40000
2020-08-13 09:30:00.880,4.715,128000
2020-08-13 09:30:00.880,4.717,1200
2020-08-13 09:30:00.880,4.715,200
2020-08-13 09:30:00.990,4.717,1000
2020-08-13 09:30:01.100,4.716,1000
2020-08-13 09:30:01.100,4.715,9000
2020-08-13 09:30:01.210,4.715,200
2020-08-13 09:30:01.210,4.715,2000
2020-08-13 09:30:01.210,4.717,20000
2020-08-13 09:30:01.210,4.718,4500
2020-08-13 09:30:01.210,4.717,54200
2020-08-13 09:30:01.210,4.717,58000
2020-08-13 09:30:01.210,4.715,57200
2020-08-13 09:30:01.340,4.718,6500
2020-08-13 09:30:01.340,4.718,1000
2020-08-13 09:30:01.340,4.718,300
2020-08-13 09:30:01.340,4.718,2300
2020-08-13 09:30:01.340,4.715,800
2020-08-13 09:30:01.450,4.718,4300
2020-08-13 09:30:01.450,4.718,200
2020-08-13 09:30:01.450,4.718,100
2020-08-13 09:30:01.450,4.718,2000
2020-08-13 09:30:01.450,4.718,12200
2020-08-13 09:30:01.450,4.718,800
2020-08-13 09:30:01.450,4.718,2000
2020-08-13 09:30:01.450,4.717,1000
2020-08-13 09:30:01.450,4.717,500
2020-08-13 09:30:01.450,4.717,3000
2020-08-13 09:30:01.450,4.715,15500
2020-08-13 09:30:01.450,4.717,300
2020-08-13 09:30:01.670,4.717,1300
2020-08-13 09:30:01.670,4.715,4800
2020-08-13 09:30:01.790,4.717,2000
2020-08-13 09:30:01.790,4.718,700
2020-08-13 09:30:01.790,4.718,5800
2020-08-13 09:30:01.790,4.718,1500
2020-08-13 09:30:01.790,4.717,1100
2020-08-13 09:30:01.900,4.717,38900
2020-08-13 09:30:01.900,4.717,2000
2020-08-13 09:30:01.900,4.716,2000
2020-08-13 09:30:01.900,4.716,5000
2020-08-13 09:30:01.900,4.716,6600
2020-08-13 09:30:01.900,4.715,124108
2020-08-13 09:30:01.900,4.715,10000
2020-08-13 09:30:01.900,4.715,21192
2020-08-13 09:30:02.010,4.717,900
2020-08-13 09:30:02.130,4.717,100
2020-08-13 09:30:02.250,4.716,3000
2020-08-13 09:30:02.250,4.717,7700
2020-08-13 09:30:02.250,4.716,7700
2020-08-13 09:30:02.360,4.717,1900
2020-08-13 09:30:02.480,4.717,15800
2020-08-13 09:30:02.480,4.717,4200
2020-08-13 09:30:02.480,4.717,7800
2020-08-13 09:30:02.480,4.716,1000
2020-08-13 09:30:02.600,4.717,50000
2020-08-13 09:30:02.600,4.716,2500
2020-08-13 09:30:02.600,4.716,1500
2020-08-13 09:30:02.600,4.717,30000
2020-08-13 09:30:02.710,4.716,10000
2020-08-13 09:30:02.710,4.716,2000
2020-08-13 09:30:02.820,4.717,200
2020-08-13 09:30:02.820,4.716,36900
2020-08-13 09:30:02.820,4.716,2400
2020-08-13 09:30:02.820,4.715,20608
2020-08-13 09:30:02.820,4.715,92
2020-08-13 09:30:02.930,4.715,3100
2020-08-13 09:30:02.930,4.717,1500
2020-08-13 09:30:02.930,4.716,3000
2020-08-13 09:30:02.930,4.715,6808
2020-08-13 09:30:02.930,4.715,192
2020-08-13 09:30:02.930,4.717,15700
2020-08-13 09:30:02.930,4.717,9000
2020-08-13 09:30:02.930,4.715,400
2020-08-13 09:30:03.050,4.717,10000
2020-08-13 09:30:03.050,4.717,2200
2020-08-13 09:30:03.220,4.715,108
2020-08-13 09:30:03.220,4.715,200
2020-08-13 09:30:03.220,4.715,100
2020-08-13 09:30:03.220,4.715,2100
2020-08-13 09:30:03.220,4.715,300
2020-08-13 09:30:03.220,4.715,2000
2020-08-13 09:30:03.220,4.715,100
2020-08-13 09:30:03.220,4.715,2000
2020-08-13 09:30:03.220,4.715,300
2020-08-13 09:30:03.220,4.715,10000
2020-08-13 09:30:03.220,4.715,100
2020-08-13 09:30:03.220,4.715,7692
2020-08-13 09:30:03.220,4.715,2308
2020-08-13 09:30:03.220,4.715,1000
2020-08-13 09:30:03.340,4.715,200
2020-08-13 09:30:03.340,4.715,1492
2020-08-13 09:30:03.340,4.717,2308
2020-08-13 09:30:03.340,4.717,5000
2020-08-13 09:30:03.340,4.717,10000
2020-08-13 09:30:03.450,4.717,1000
2020-08-13 09:30:03.560,4.716,400
2020-08-13 09:30:03.560,4.717,6092
2020-08-13 09:30:03.560,4.717,2000
2020-08-13 09:30:03.560,4.717,1508
2020-08-13 09:30:03.560,4.717,492
2020-08-13 09:30:03.560,4.717,1000
2020-08-13 09:30:03.560,4.717,15500
2020-08-13 09:30:03.670,4.717,1000
2020-08-13 09:30:03.790,4.718,8500
2020-08-13 09:30:03.790,4.718,1500
2020-08-13 09:30:03.790,4.717,100
2020-08-13 09:30:03.790,4.717,2800
2020-08-13 09:30:03.790,4.718,8500
2020-08-13 09:30:03.790,4.718,1500
2020-08-13 09:30:03.790,4.717,500
2020-08-13 09:30:03.790,4.718,10000
2020-08-13 09:30:03.790,4.719,3000
2020-08-13 09:30:03.790,4.719,9100
2020-08-13 09:30:03.790,4.719,5000
2020-08-13 09:30:03.790,4.719,100
2020-08-13 09:30:03.790,4.719,39100
2020-08-13 09:30:03.790,4.719,1100
2020-08-13 09:30:03.790,4.719,50000
2020-08-13 09:30:03.790,4.719,5000
2020-08-13 09:30:03.790,4.719,3800
2020-08-13 09:30:03.790,4.719,1000
2020-08-13 09:30:03.790,4.719,75600
2020-08-13 09:30:03.790,4.717,1208
2020-08-13 09:30:03.790,4.717,92
2020-08-13 09:30:03.910,4.717,8
2020-08-13 09:30:03.910,4.715,200
2020-08-13 09:30:03.910,4.715,3100
2020-08-13 09:30:04.020,4.715,100
2020-08-13 09:30:04.020,4.715,2200
2020-08-13 09:30:04.150,4.715,10000
2020-08-13 09:30:04.220,4.715,4400
2020-08-13 09:30:04.220,4.715,1600
2020-08-13 09:30:04.220,4.714,25100
2020-08-13 09:30:04.450,4.715,15900
2020-08-13 09:30:04.450,4.715,700
2020-08-13 09:30:04.450,4.715,900
2020-08-13 09:30:04.590,4.715,900
2020-08-13 09:30:04.590,4.715,4000
2020-08-13 09:30:04.590,4.717,392
2020-08-13 09:30:04.590,4.717,1000
2020-08-13 09:30:04.590,4.718,300
2020-08-13 09:30:04.710,4.718,3000
2020-08-13 09:30:04.710,4.718,100
2020-08-13 09:30:04.820,4.719,4400
2020-08-13 09:30:04.820,4.719,20000
2020-08-13 09:30:04.820,4.719,2000
2020-08-13 09:30:04.820,4.72,1500
2020-08-13 09:30:04.820,4.72,400
2020-08-13 09:30:04.820,4.72,2100
2020-08-13 09:30:04.820,4.719,300
2020-08-13 09:30:04.820,4.72,3900
2020-08-13 09:30:04.820,4.72,1000
2020-08-13 09:30:04.820,4.72,5000
2020-08-13 09:30:04.820,4.72,10000
2020-08-13 09:30:04.820,4.72,1000
2020-08-13 09:30:04.820,4.72,5500
2020-08-13 09:30:04.820,4.72,200
2020-08-13 09:30:04.820,4.72,300
2020-08-13 09:30:04.820,4.72,400
2020-08-13 09:30:04.820,4.72,200
2020-08-13 09:30:04.820,4.72,500
2020-08-13 09:30:04.820,4.72,100
2020-08-13 09:30:04.820,4.72,2500
2020-08-13 09:30:04.820,4.72,6400
2020-08-13 09:30:04.940,4.719,5000
2020-08-13 09:30:04.940,4.719,100
2020-08-13 09:30:04.940,4.719,2000
2020-08-13 09:30:05.060,4.719,16200
2020-08-13 09:30:05.060,4.718,40308
2020-08-13 09:30:05.060,4.718,2000
2020-08-13 09:30:05.060,4.718,10000
2020-08-13 09:30:05.060,4.717,100
2020-08-13 09:30:05.060,4.717,400
2020-08-13 09:30:05.060,4.717,2692
2020-08-13 09:30:05.060,4.717,100
2020-08-13 09:30:05.260,4.718,5000
2020-08-13 09:30:05.370,4.719,3000
2020-08-13 09:30:05.490,4.719,1000
2020-08-13 09:30:05.490,4.718,50000
2020-08-13 09:30:05.680,4.718,900
2020-08-13 09:30:05.870,4.718,40000
2020-08-13 09:30:06.040,4.718,10000
2020-08-13 09:30:06.180,4.718,2000
2020-08-13 09:30:06.220,4.718,1000
2020-08-13 09:30:06.260,4.718,100
2020-08-13 09:30:06.260,4.718,400
2020-08-13 09:30:06.340,4.718,1000
2020-08-13 09:30:06.370,4.718,3100
2020-08-13 09:30:06.460,4.718,200
2020-08-13 09:30:06.500,4.718,4000
2020-08-13 09:30:06.500,4.719,1000
2020-08-13 09:30:06.500,4.72,3600
2020-08-13 09:30:06.500,4.72,1000
2020-08-13 09:30:06.500,4.72,1400
2020-08-13 09:30:06.540,4.718,1000
2020-08-13 09:30:06.620,4.718,20000
2020-08-13 09:30:06.620,4.718,1800
2020-08-13 09:30:06.780,4.718,300
2020-08-13 09:30:07.080,4.718,50000
2020-08-13 09:30:07.080,4.718,20000
2020-08-13 09:30:07.110,4.718,40000
2020-08-13 09:30:07.330,4.718,20700
2020-08-13 09:30:07.450,4.718,2000
2020-08-13 09:30:07.480,4.718,200
2020-08-13 09:30:07.520,4.719,4000
2020-08-13 09:30:07.520,4.719,6300
2020-08-13 09:30:07.520,4.719,3800
2020-08-13 09:30:07.520,4.719,200
2020-08-13 09:30:07.520,4.72,13600
2020-08-13 09:30:07.520,4.72,20000
2020-08-13 09:30:07.520,4.72,300
2020-08-13 09:30:07.520,4.72,10000
2020-08-13 09:30:07.520,4.72,50000
2020-08-13 09:30:07.520,4.72,200
2020-08-13 09:30:07.520,4.72,1200
2020-08-13 09:30:07.520,4.72,300
2020-08-13 09:30:07.520,4.72,5000
2020-08-13 09:30:07.520,4.72,1500
2020-08-13 09:30:07.520,4.72,71700
2020-08-13 09:30:07.520,4.72,200
2020-08-13 09:30:07.520,4.72,2000
2020-08-13 09:30:07.520,4.72,4500
2020-08-13 09:30:07.520,4.72,4000
2020-08-13 09:30:07.520,4.72,1000
2020-08-13 09:30:07.520,4.72,400
2020-08-13 09:30:07.600,4.72,1000
2020-08-13 09:30:07.640,4.72,1700
2020-08-13 09:30:07.640,4.72,5000
2020-08-13 09:30:07.680,4.72,100
2020-08-13 09:30:07.820,4.72,1000
2020-08-13 09:30:07.890,4.72,2000
2020-08-13 09:30:08.090,4.72,2000
2020-08-13 09:30:08.160,4.72,32000
2020-08-13 09:30:08.190,4.72,100
2020-08-13 09:30:08.230,4.72,5000
2020-08-13 09:30:08.270,4.72,49900
2020-08-13 09:30:08.270,4.718,10100
2020-08-13 09:30:08.340,4.718,1000
2020-08-13 09:30:08.770,4.718,200
2020-08-13 09:30:08.800,4.718,300
2020-08-13 09:30:08.800,4.718,1000
2020-08-13 09:30:09.040,4.718,70400
2020-08-13 09:30:09.150,4.718,100
2020-08-13 09:30:09.150,4.718,50000
2020-08-13 09:30:09.290,4.721,5000
2020-08-13 09:30:09.390,4.718,1000
2020-08-13 09:30:09.460,4.72,1500
2020-08-13 09:30:10.420,4.721,5100
2020-08-13 09:30:10.420,4.721,4900
2020-08-13 09:30:10.700,4.72,300
2020-08-13 09:30:10.980,4.72,4400
2020-08-13 09:30:11.150,4.72,1000
2020-08-13 09:30:11.150,4.72,2800
2020-08-13 09:30:11.150,4.719,25200
2020-08-13 09:30:11.450,4.719,1400
2020-08-13 09:30:11.590,4.719,1000
2020-08-13 09:30:12.160,4.721,6700
2020-08-13 09:30:12.760,4.719,10000
2020-08-13 09:30:12.900,4.719,13000
2020-08-13 09:30:12.940,4.721,900
2020-08-13 09:30:13.080,4.719,300
2020-08-13 09:30:13.110,4.721,7500
2020-08-13 09:30:13.110,4.721,6900
2020-08-13 09:30:13.110,4.721,10000
2020-08-13 09:30:13.110,4.721,75600
2020-08-13 09:30:13.110,4.719,8200
2020-08-13 09:30:13.900,4.719,10000
2020-08-13 09:30:14.200,4.719,1000
2020-08-13 09:30:14.570,4.719,10000
2020-08-13 09:30:15.750,4.72,200
2020-08-13 09:30:15.950,4.72,4800
2020-08-13 09:30:15.950,4.72,2300
2020-08-13 09:30:16.090,4.719,15500
2020-08-13 09:30:16.160,4.719,4400
2020-08-13 09:30:16.160,4.719,1000
2020-08-13 09:30:16.160,4.719,16600
2020-08-13 09:30:17.620,4.72,2700
2020-08-13 09:30:17.620,4.72,14600
2020-08-13 09:30:17.620,4.72,9400
2020-08-13 09:30:17.620,4.72,100
2020-08-13 09:30:17.620,4.72,3000
2020-08-13 09:30:17.620,4.72,5000
2020-08-13 09:30:17.750,4.72,4700
2020-08-13 09:30:18.240,4.721,20000
2020-08-13 09:30:18.440,4.72,1200
2020-08-13 09:30:19.190,4.72,109100
2020-08-13 09:30:19.280,4.72,10400
2020-08-13 09:30:20.340,4.721,100
2020-08-13 09:30:21.070,4.72,2000
2020-08-13 09:30:21.290,4.72,200
2020-08-13 09:30:21.670,4.721,154300
2020-08-13 09:30:21.670,4.721,10000
2020-08-13 09:30:21.670,4.721,10000
2020-08-13 09:30:21.670,4.721,10000
2020-08-13 09:30:21.670,4.721,8300
2020-08-13 09:30:21.670,4.721,5000
2020-08-13 09:30:21.670,4.721,10000
2020-08-13 09:30:21.670,4.721,2800
2020-08-13 09:30:21.670,4.721,5000
2020-08-13 09:30:21.670,4.721,10000
2020-08-13 09:30:21.670,4.721,15000
2020-08-13 09:30:21.930,4.721,10000
2020-08-13 09:30:22.110,4.721,1000
2020-08-13 09:30:22.900,4.721,5000
2020-08-13 09:30:23.150,4.721,300
2020-08-13 09:30:23.270,4.722,1700
2020-08-13 09:30:23.270,4.722,5000
2020-08-13 09:30:23.270,4.722,1500
2020-08-13 09:30:23.270,4.722,200
2020-08-13 09:30:23.270,4.722,6000
2020-08-13 09:30:23.270,4.722,22000
2020-08-13 09:30:23.270,4.722,500
2020-08-13 09:30:23.270,4.722,600
2020-08-13 09:30:23.270,4.722,3000
2020-08-13 09:30:23.270,4.722,2200
2020-08-13 09:30:23.550,4.721,11000
2020-08-13 09:30:24.500,4.721,30000
2020-08-13 09:30:24.840,4.721,2000
2020-08-13 09:30:24.880,4.722,10000
2020-08-13 09:30:25.460,4.721,3000
2020-08-13 09:30:26.920,4.721,2000
2020-08-13 09:30:27.320,4.722,600
2020-08-13 09:30:27.580,4.721,500
2020-08-13 09:30:27.900,4.722,2200
2020-08-13 09:30:27.900,4.722,15000
2020-08-13 09:30:27.900,4.722,5000
2020-08-13 09:30:27.900,4.722,600
2020-08-13 09:30:27.900,4.722,19500
2020-08-13 09:30:27.900,4.722,10000
2020-08-13 09:30:27.900,4.722,1000
2020-08-13 09:30:27.900,4.722,2400
2020-08-13 09:30:28.000,4.722,8000
2020-08-13 09:30:29.290,4.722,6100
2020-08-13 09:30:29.290,4.722,400
2020-08-13 09:30:29.900,4.722,300
2020-08-13 09:30:30.160,4.722,2000
2020-08-13 09:30:30.220,4.723,400
2020-08-13 09:30:30.280,4.722,500
2020-08-13 09:30:30.750,4.722,2000
2020-08-13 09:30:30.910,4.722,28000
2020-08-13 09:30:30.910,4.721,2000
2020-08-13 09:30:31.010,4.721,1000
2020-08-13 09:30:31.140,4.721,10000
2020-08-13 09:30:31.710,4.721,500
2020-08-13 09:30:31.740,4.721,5100
2020-08-13 09:30:32.080,4.722,4200
2020-08-13 09:30:32.200,4.721,5000
2020-08-13 09:30:32.590,4.721,6000
2020-08-13 09:30:33.050,4.721,3300
2020-08-13 09:30:33.630,4.721,10000
2020-08-13 09:30:33.860,4.721,19600
2020-08-13 09:30:33.860,4.721,5000
2020-08-13 09:30:33.860,4.72,8400
2020-08-13 09:30:33.860,4.722,100
2020-08-13 09:30:33.960,4.721,5000
2020-08-13 09:30:33.960,4.722,500
2020-08-13 09:30:34.290,4.72,4700
2020-08-13 09:30:34.290,4.72,300
2020-08-13 09:30:34.840,4.721,1000
2020-08-13 09:30:35.160,4.722,27600
2020-08-13 09:30:35.670,4.721,1200
2020-08-13 09:30:35.670,4.72,77400
2020-08-13 09:30:35.840,4.72,10000
2020-08-13 09:30:36.680,4.72,22900
2020-08-13 09:30:36.770,4.722,5300
2020-08-13 09:30:36.810,4.72,1600
2020-08-13 09:30:37.190,4.72,200
2020-08-13 09:30:37.420,4.72,7200
2020-08-13 09:30:37.420,4.72,42700
2020-08-13 09:30:38.010,4.72,2000
2020-08-13 09:30:38.130,4.72,1000
2020-08-13 09:30:38.860,4.72,100
2020-08-13 09:30:38.920,4.72,2000
2020-08-13 09:30:38.950,4.72,2200
2020-08-13 09:30:38.950,4.72,100
2020-08-13 09:30:38.950,4.72,100
2020-08-13 09:30:38.950,4.72,400
2020-08-13 09:30:39.040,4.721,9300
2020-08-13 09:30:39.390,4.72,4600
2020-08-13 09:30:39.390,4.72,2000
2020-08-13 09:30:39.390,4.72,5000
2020-08-13 09:30:39.390,4.719,8400
2020-08-13 09:30:39.520,4.72,200
2020-08-13 09:30:40.130,4.719,600
2020-08-13 09:30:40.130,4.719,1100
2020-08-13 09:30:40.130,4.719,3300
2020-08-13 09:30:40.130,4.72,19800
2020-08-13 09:30:40.130,4.72,18100
2020-08-13 09:30:40.130,4.719,1000
2020-08-13 09:30:40.600,4.72,1000
2020-08-13 09:30:40.800,4.72,10000
2020-08-13 09:30:41.300,4.72,900
2020-08-13 09:30:41.300,4.72,19100
2020-08-13 09:30:41.920,4.72,900
2020-08-13 09:30:41.920,4.72,39100
2020-08-13 09:30:42.670,4.72,25800
2020-08-13 09:30:42.830,4.72,33000
2020-08-13 09:30:43.350,4.72,700
2020-08-13 09:30:43.570,4.72,1400
2020-08-13 09:30:43.570,4.72,400
2020-08-13 09:30:43.570,4.72,4000
2020-08-13 09:30:43.570,4.72,17800
2020-08-13 09:30:43.570,4.72,5000
2020-08-13 09:30:43.570,4.72,1000
2020-08-13 09:30:43.820,4.72,42800
2020-08-13 09:30:43.820,4.72,400
2020-08-13 09:30:43.860,4.72,3000
2020-08-13 09:30:44.330,4.72,5000
2020-08-13 09:30:44.420,4.72,900
2020-08-13 09:30:44.500,4.72,10000
2020-08-13 09:30:44.600,4.721,2000
2020-08-13 09:30:44.600,4.72,15000
2020-08-13 09:30:44.630,4.72,1200
2020-08-13 09:30:44.720,4.721,1600
2020-08-13 09:30:44.880,4.72,2000
2020-08-13 09:30:44.910,4.72,30000
2020-08-13 09:30:45.000,4.72,1000
2020-08-13 09:30:45.060,4.721,200
2020-08-13 09:30:45.210,4.721,11900
2020-08-13 09:30:45.210,4.721,1000
2020-08-13 09:30:45.210,4.721,27100
2020-08-13 09:30:45.460,4.72,5000
2020-08-13 09:30:46.250,4.72,3000
2020-08-13 09:30:46.400,4.72,70000
2020-08-13 09:30:46.400,4.72,2000
2020-08-13 09:30:46.430,4.72,10000
2020-08-13 09:30:46.620,4.72,20500
2020-08-13 09:30:46.620,4.72,2300
2020-08-13 09:30:46.800,4.721,900
2020-08-13 09:30:46.800,4.721,5000
2020-08-13 09:30:46.800,4.721,4100
2020-08-13 09:30:46.900,4.72,200
2020-08-13 09:30:47.560,4.72,1300
2020-08-13 09:30:47.650,4.72,3000
2020-08-13 09:30:47.820,4.72,3500
2020-08-13 09:30:47.950,4.721,900
2020-08-13 09:30:47.950,4.721,1000
2020-08-13 09:30:47.950,4.721,5000
2020-08-13 09:30:47.950,4.721,5000
2020-08-13 09:30:47.950,4.721,12000
2020-08-13 09:30:47.950,4.721,2000
2020-08-13 09:30:47.980,4.721,4100
2020-08-13 09:30:48.010,4.721,900
2020-08-13 09:30:48.010,4.722,30000
2020-08-13 09:30:48.010,4.722,9100
2020-08-13 09:30:48.010,4.722,30900
2020-08-13 09:30:48.010,4.722,5000
2020-08-13 09:30:48.010,4.722,4100
2020-08-13 09:30:48.040,4.721,200
2020-08-13 09:30:48.510,4.721,5000
2020-08-13 09:30:48.510,4.722,5900
2020-08-13 09:30:48.510,4.722,1000
2020-08-13 09:30:48.510,4.722,2000
2020-08-13 09:30:48.510,4.722,10000
2020-08-13 09:30:48.510,4.722,25000
2020-08-13 09:30:48.510,4.722,3000
2020-08-13 09:30:48.510,4.722,4500
2020-08-13 09:30:48.510,4.722,5000
2020-08-13 09:30:48.510,4.722,1000
2020-08-13 09:30:48.510,4.722,10000
2020-08-13 09:30:48.510,4.722,5700
2020-08-13 09:30:48.510,4.722,3000
2020-08-13 09:30:48.940,4.722,3000
2020-08-13 09:30:49.030,4.722,3200
2020-08-13 09:30:49.330,4.722,1200
2020-08-13 09:30:49.690,4.723,1100
2020-08-13 09:30:49.690,4.723,100
2020-08-13 09:30:49.690,4.723,1500
2020-08-13 09:30:49.690,4.723,100
2020-08-13 09:30:49.690,4.723,5200
2020-08-13 09:30:49.690,4.723,20000
2020-08-13 09:30:49.690,4.723,200
2020-08-13 09:30:49.690,4.722,700
2020-08-13 09:30:50.170,4.722,3600
2020-08-13 09:30:50.200,4.722,2300
2020-08-13 09:30:50.520,4.722,30000
2020-08-13 09:30:50.980,4.722,150500
2020-08-13 09:30:51.190,4.722,50000
2020-08-13 09:30:51.390,4.722,300
2020-08-13 09:30:51.990,4.722,10000
2020-08-13 09:30:52.170,4.722,10000
2020-08-13 09:30:52.480,4.722,3900
2020-08-13 09:30:52.480,4.722,1000
2020-08-13 09:30:52.640,4.722,3000
2020-08-13 09:30:52.740,4.722,300
2020-08-13 09:30:53.100,4.722,100
2020-08-13 09:30:53.690,4.721,4000
2020-08-13 09:30:53.720,4.721,2500
2020-08-13 09:30:53.880,4.721,5700
2020-08-13 09:30:54.640,4.722,30000
2020-08-13 09:30:54.640,4.724,2200
2020-08-13 09:30:54.640,4.724,2100
2020-08-13 09:30:54.640,4.724,5000
2020-08-13 09:30:54.640,4.724,60000
2020-08-13 09:30:54.640,4.724,5000
2020-08-13 09:30:54.640,4.724,2000
2020-08-13 09:30:54.640,4.724,3000
2020-08-13 09:30:54.640,4.724,5000
2020-08-13 09:30:54.640,4.724,4700
2020-08-13 09:30:54.640,4.724,17000
2020-08-13 09:30:54.640,4.724,123000
2020-08-13 09:30:54.640,4.724,1000
2020-08-13 09:30:54.640,4.724,4500
2020-08-13 09:30:54.900,4.724,100
2020-08-13 09:30:54.900,4.724,5100
2020-08-13 09:30:55.090,4.724,20000
2020-08-13 09:30:55.090,4.724,3300
2020-08-13 09:30:55.120,4.724,5000
2020-08-13 09:30:55.330,4.724,2000
2020-08-13 09:30:55.560,4.722,5000
2020-08-13 09:30:55.930,4.722,5000
2020-08-13 09:30:55.930,4.722,2000
2020-08-13 09:30:56.000,4.721,24500
2020-08-13 09:30:56.030,4.722,3000
2020-08-13 09:30:56.030,4.722,2000
2020-08-13 09:30:56.400,4.723,5000
2020-08-13 09:30:56.560,4.722,2400
2020-08-13 09:30:57.520,4.722,1000
2020-08-13 09:30:57.830,4.722,20000
2020-08-13 09:30:58.080,4.722,500
2020-08-13 09:30:58.180,4.722,600
2020-08-13 09:30:59.040,4.722,2300
2020-08-13 09:30:59.070,4.722,1700
2020-08-13 09:30:59.070,4.723,8300
2020-08-13 09:30:59.170,4.722,6300
2020-08-13 09:30:59.660,4.723,17000
2020-08-13 09:30:59.660,4.723,3000
2020-08-13 09:31:00.180,4.723,500
2020-08-13 09:31:00.280,4.723,10500
2020-08-13 09:31:00.970,4.722,1300
2020-08-13 09:31:01.760,4.722,50000
2020-08-13 09:31:02.100,4.722,2400
2020-08-13 09:31:02.760,4.722,5000
2020-08-13 09:31:03.080,4.722,2600
2020-08-13 09:31:03.080,4.722,3400
2020-08-13 09:31:03.080,4.722,47200
2020-08-13 09:31:03.110,4.722,1100
2020-08-13 09:31:03.270,4.722,500
2020-08-13 09:31:03.380,4.722,100
2020-08-13 09:31:03.800,4.722,1500
2020-08-13 09:31:04.360,4.722,1000
2020-08-13 09:31:05.150,4.722,500
2020-08-13 09:31:05.370,4.721,3300
2020-08-13 09:31:05.370,4.721,200
2020-08-13 09:31:05.370,4.721,600
2020-08-13 09:31:05.370,4.721,5900
2020-08-13 09:31:05.620,4.721,3100
2020-08-13 09:31:06.820,4.721,200
2020-08-13 09:31:07.080,4.721,2400
2020-08-13 09:31:07.240,4.722,400
2020-08-13 09:31:07.340,4.721,8200
2020-08-13 09:31:07.630,4.721,5400
2020-08-13 09:31:07.670,4.722,19400
2020-08-13 09:31:08.000,4.721,2800
2020-08-13 09:31:08.060,4.721,4300
2020-08-13 09:31:09.090,4.721,2600
2020-08-13 09:31:09.090,4.721,200
2020-08-13 09:31:09.120,4.721,2600
2020-08-13 09:31:09.120,4.72,400
2020-08-13 09:31:09.120,4.72,300
2020-08-13 09:31:09.120,4.72,10800
2020-08-13 09:31:09.120,4.72,500
2020-08-13 09:31:09.120,4.72,700
2020-08-13 09:31:09.120,4.72,600
2020-08-13 09:31:09.120,4.72,35600
2020-08-13 09:31:09.190,4.722,200
2020-08-13 09:31:10.650,4.72,2600
2020-08-13 09:31:10.720,4.719,3400
2020-08-13 09:31:11.250,4.72,400
2020-08-13 09:31:11.250,4.721,2600
2020-08-13 09:31:11.520,4.721,100
2020-08-13 09:31:13.710,4.719,2000
2020-08-13 09:31:13.740,4.72,2000
2020-08-13 09:31:14.390,4.72,4500
2020-08-13 09:31:14.390,4.72,500
2020-08-13 09:31:15.070,4.72,3500
2020-08-13 09:31:15.070,4.72,56500
2020-08-13 09:31:15.540,4.719,5100
2020-08-13 09:31:15.730,4.719,5000
2020-08-13 09:31:15.940,4.719,6000
2020-08-13 09:31:16.040,4.719,24500
2020-08-13 09:31:16.040,4.719,15000
2020-08-13 09:31:16.040,4.719,5000
2020-08-13 09:31:16.110,4.719,1800
2020-08-13 09:31:17.230,4.719,5000
2020-08-13 09:31:17.230,4.719,100
2020-08-13 09:31:17.520,4.719,10000
2020-08-13 09:31:18.090,4.718,400
2020-08-13 09:31:18.150,4.718,200
2020-08-13 09:31:18.540,4.719,4900
2020-08-13 09:31:18.540,4.719,1700
2020-08-13 09:31:18.570,4.718,900
2020-08-13 09:31:18.570,4.718,9100
2020-08-13 09:31:18.570,4.719,3000
2020-08-13 09:31:19.210,4.718,200
2020-08-13 09:31:19.290,4.718,700
2020-08-13 09:31:19.290,4.718,200
2020-08-13 09:31:19.860,4.719,500
2020-08-13 09:31:19.920,4.718,300
2020-08-13 09:31:20.010,4.718,6100
2020-08-13 09:31:20.010,4.718,2000
2020-08-13 09:31:20.420,4.718,3000
2020-08-13 09:31:21.240,4.718,300
2020-08-13 09:31:21.520,4.718,2000
2020-08-13 09:31:21.610,4.718,600
2020-08-13 09:31:21.710,4.717,4200
2020-08-13 09:31:22.030,4.718,5000
2020-08-13 09:31:22.190,4.717,800
2020-08-13 09:31:22.780,4.718,500
2020-08-13 09:31:22.970,4.717,17900
2020-08-13 09:31:23.730,4.717,13608
2020-08-13 09:31:23.730,4.717,100
2020-08-13 09:31:23.730,4.717,100
2020-08-13 09:31:23.730,4.717,300
2020-08-13 09:31:23.730,4.717,100
2020-08-13 09:31:23.730,4.717,5000
2020-08-13 09:31:23.730,4.717,100
2020-08-13 09:31:23.730,4.717,100
2020-08-13 09:31:23.730,4.717,592
2020-08-13 09:31:24.040,4.717,800
2020-08-13 09:31:24.150,4.717,2100
2020-08-13 09:31:25.170,4.717,200
2020-08-13 09:31:25.710,4.717,10000
2020-08-13 09:31:25.830,4.717,7400
2020-08-13 09:31:25.950,4.717,1000
2020-08-13 09:31:26.110,4.717,68100
2020-08-13 09:31:26.430,4.717,5000
2020-08-13 09:31:27.180,4.717,200
2020-08-13 09:31:27.470,4.718,2000
2020-08-13 09:31:27.580,4.717,500
2020-08-13 09:31:27.940,4.717,10108
2020-08-13 09:31:27.940,4.717,3800
2020-08-13 09:31:27.940,4.717,100
2020-08-13 09:31:27.940,4.717,10000
2020-08-13 09:31:27.940,4.717,200
2020-08-13 09:31:27.940,4.717,392
2020-08-13 09:31:27.970,4.718,1000
2020-08-13 09:31:28.460,4.717,608
2020-08-13 09:31:28.460,4.717,100
2020-08-13 09:31:28.460,4.717,1100
2020-08-13 09:31:28.460,4.717,50000
2020-08-13 09:31:28.460,4.717,400
2020-08-13 09:31:28.460,4.717,100
2020-08-13 09:31:28.460,4.717,2600
2020-08-13 09:31:28.460,4.717,500
2020-08-13 09:31:28.460,4.717,1000
2020-08-13 09:31:28.460,4.717,700
2020-08-13 09:31:28.460,4.717,2000
2020-08-13 09:31:28.460,4.717,3000
2020-08-13 09:31:28.460,4.717,300
2020-08-13 09:31:28.460,4.717,300
2020-08-13 09:31:28.460,4.717,100000
2020-08-13 09:31:28.460,4.717,700
2020-08-13 09:31:28.460,4.717,10000
2020-08-13 09:31:28.460,4.717,7000
2020-08-13 09:31:28.460,4.717,60000
2020-08-13 09:31:29.330,4.716,500
2020-08-13 09:31:29.330,4.716,2000
2020-08-13 09:31:29.330,4.716,37500
2020-08-13 09:31:29.810,4.716,500
2020-08-13 09:31:29.870,4.716,6000
2020-08-13 09:31:30.110,4.717,28500
2020-08-13 09:31:30.240,4.717,400
2020-08-13 09:31:31.160,4.716,100
2020-08-13 09:31:31.300,4.717,100
2020-08-13 09:31:32.600,4.717,100
2020-08-13 09:31:32.600,4.716,9000
2020-08-13 09:31:32.600,4.716,196900
2020-08-13 09:31:32.720,4.717,7700
2020-08-13 09:31:35.710,4.716,4700
2020-08-13 09:31:36.090,4.716,35800
2020-08-13 09:31:36.690,4.716,800
2020-08-13 09:31:36.780,4.716,28300
2020-08-13 09:31:36.820,4.717,900
2020-08-13 09:31:36.920,4.717,1000
2020-08-13 09:31:37.600,4.716,4700
2020-08-13 09:31:37.600,4.716,600
2020-08-13 09:31:37.920,4.716,46200
2020-08-13 09:31:37.920,4.716,500
2020-08-13 09:31:37.920,4.716,30700
2020-08-13 09:31:37.920,4.716,91700
2020-08-13 09:31:37.920,4.716,13000
2020-08-13 09:31:37.920,4.716,2000
2020-08-13 09:31:37.920,4.716,100
2020-08-13 09:31:37.920,4.716,300
2020-08-13 09:31:37.920,4.716,60000
2020-08-13 09:31:38.040,4.716,22100
2020-08-13 09:31:38.820,4.715,200
2020-08-13 09:31:38.820,4.715,800
2020-08-13 09:31:38.820,4.715,3000
2020-08-13 09:31:39.080,4.716,2500
2020-08-13 09:31:39.080,4.716,9100
2020-08-13 09:31:39.080,4.716,4000
2020-08-13 09:31:39.080,4.716,1800
2020-08-13 09:31:39.300,4.716,7500
2020-08-13 09:31:39.830,4.716,3300
2020-08-13 09:31:42.030,4.716,1000
2020-08-13 09:31:43.520,4.715,17000
2020-08-13 09:31:43.520,4.715,200
2020-08-13 09:31:43.520,4.715,2800
2020-08-13 09:31:44.610,4.715,3400
2020-08-13 09:31:44.610,4.715,100
2020-08-13 09:31:44.610,4.715,200
2020-08-13 09:31:44.610,4.715,500
2020-08-13 09:31:44.610,4.715,500
2020-08-13 09:31:44.610,4.715,200
2020-08-13 09:31:44.610,4.715,3000
2020-08-13 09:31:44.610,4.715,1100
2020-08-13 09:31:44.610,4.715,400
2020-08-13 09:31:44.940,4.716,3500
2020-08-13 09:31:45.130,4.715,1600
2020-08-13 09:31:45.130,4.715,3400
2020-08-13 09:31:45.970,4.715,1000
2020-08-13 09:31:46.040,4.716,6500
2020-08-13 09:31:46.040,4.716,10000
2020-08-13 09:31:46.040,4.716,26300
2020-08-13 09:31:46.040,4.716,5000
2020-08-13 09:31:46.040,4.716,35800
2020-08-13 09:31:46.040,4.716,10200
2020-08-13 09:31:46.040,4.716,9100
2020-08-13 09:31:46.040,4.716,1500
2020-08-13 09:31:46.190,4.716,1000
2020-08-13 09:31:46.570,4.716,8300
2020-08-13 09:31:46.730,4.716,500
2020-08-13 09:31:46.730,4.716,4000
2020-08-13 09:31:46.790,4.716,5000
2020-08-13 09:31:47.010,4.716,12600
2020-08-13 09:31:47.040,4.716,5800
2020-08-13 09:31:47.160,4.716,8400
2020-08-13 09:31:47.160,4.715,1600
2020-08-13 09:31:47.250,4.715,4000
2020-08-13 09:31:47.250,4.715,2000
2020-08-13 09:31:47.430,4.715,1300
2020-08-13 09:31:48.360,4.715,5900
2020-08-13 09:31:48.770,4.715,1000
2020-08-13 09:31:49.110,4.715,900
2020-08-13 09:31:49.180,4.715,20000
2020-08-13 09:31:49.830,4.714,10000
2020-08-13 09:31:50.250,4.715,5000
2020-08-13 09:31:51.870,4.715,2000
2020-08-13 09:31:52.410,4.714,2000
2020-08-13 09:31:52.470,4.715,7900
2020-08-13 09:31:52.470,4.715,2000
2020-08-13 09:31:52.470,4.715,1000
2020-08-13 09:31:52.470,4.715,3000
2020-08-13 09:31:52.470,4.715,800
2020-08-13 09:31:52.470,4.715,1500
2020-08-13 09:31:52.470,4.715,1000
2020-08-13 09:31:52.470,4.715,79600
2020-08-13 09:31:52.470,4.715,1000
2020-08-13 09:31:52.470,4.716,6000
2020-08-13 09:31:52.470,4.716,2000
2020-08-13 09:31:52.470,4.716,200
2020-08-13 09:31:52.470,4.716,44100
2020-08-13 09:31:52.830,4.714,1400
2020-08-13 09:31:52.830,4.714,6600
2020-08-13 09:31:52.830,4.714,6000
2020-08-13 09:31:52.830,4.714,300
2020-08-13 09:31:53.300,4.715,10000
2020-08-13 09:31:53.810,4.714,11000
2020-08-13 09:31:54.210,4.715,1000
2020-08-13 09:31:54.370,4.714,96700
2020-08-13 09:31:54.370,4.714,500
2020-08-13 09:31:54.370,4.714,300
2020-08-13 09:31:54.370,4.714,14200
2020-08-13 09:31:55.090,4.714,800
2020-08-13 09:31:55.120,4.714,11800
2020-08-13 09:31:55.120,4.715,100
2020-08-13 09:31:55.120,4.715,2000
2020-08-13 09:31:55.120,4.715,22800
2020-08-13 09:31:55.120,4.715,10000
2020-08-13 09:31:55.270,4.715,500
2020-08-13 09:31:56.710,4.714,13200
2020-08-13 09:31:58.120,4.713,1000
2020-08-13 09:31:58.120,4.713,4000
2020-08-13 09:31:59.010,4.714,500
2020-08-13 09:31:59.510,4.714,16300
2020-08-13 09:31:59.510,4.714,2100
2020-08-13 09:31:59.510,4.714,100
2020-08-13 09:31:59.660,4.714,20000
2020-08-13 09:31:59.760,4.715,1000
2020-08-13 09:31:59.760,4.715,3000
2020-08-13 09:31:59.760,4.715,3800
2020-08-13 09:31:59.760,4.715,2300
2020-08-13 09:31:59.760,4.715,200
2020-08-13 09:31:59.860,4.714,1000
2020-08-13 09:31:59.920,4.715,1000
2020-08-13 09:31:59.920,4.715,800
2020-08-13 09:32:00.220,4.715,400
2020-08-13 09:32:00.430,4.715,300
2020-08-13 09:32:00.430,4.715,2100
2020-08-13 09:32:00.430,4.715,100
2020-08-13 09:32:00.430,4.715,1000
2020-08-13 09:32:00.760,4.715,500
2020-08-13 09:32:00.760,4.714,500
2020-08-13 09:32:00.760,4.713,4000
2020-08-13 09:32:02.540,4.714,500
2020-08-13 09:32:02.690,4.715,21700
2020-08-13 09:32:02.690,4.715,200
2020-08-13 09:32:03.010,4.715,18100
2020-08-13 09:32:03.010,4.714,11900
2020-08-13 09:32:03.280,4.714,400
2020-08-13 09:32:03.280,4.714,2500
2020-08-13 09:32:03.590,4.714,2800
2020-08-13 09:32:03.810,4.714,34300
2020-08-13 09:32:04.060,4.714,12700
2020-08-13 09:32:04.330,4.715,4300
2020-08-13 09:32:04.360,4.715,20000
2020-08-13 09:32:04.920,4.715,21600
2020-08-13 09:32:05.100,4.714,500
2020-08-13 09:32:05.100,4.714,500
2020-08-13 09:32:05.190,4.714,2100
2020-08-13 09:32:05.190,4.716,62400
2020-08-13 09:32:05.190,4.716,5000
2020-08-13 09:32:05.190,4.716,16500
2020-08-13 09:32:05.190,4.716,800
2020-08-13 09:32:05.190,4.716,2800
2020-08-13 09:32:05.190,4.716,2600
2020-08-13 09:32:05.190,4.716,4000
2020-08-13 09:32:05.190,4.716,500
2020-08-13 09:32:05.190,4.716,2800
2020-08-13 09:32:05.190,4.716,3000
2020-08-13 09:32:05.190,4.716,3300
2020-08-13 09:32:05.190,4.716,5000
2020-08-13 09:32:05.190,4.716,17000
2020-08-13 09:32:05.190,4.716,2200
2020-08-13 09:32:05.190,4.716,4400
2020-08-13 09:32:06.140,4.716,2100
2020-08-13 09:32:06.140,4.716,4000
2020-08-13 09:32:06.140,4.716,1000
2020-08-13 09:32:06.180,4.715,10000
2020-08-13 09:32:06.630,4.717,24600
2020-08-13 09:32:06.740,4.716,6000
2020-08-13 09:32:06.860,4.716,1400
2020-08-13 09:32:06.980,4.716,3000
2020-08-13 09:32:07.200,4.717,98092
2020-08-13 09:32:07.200,4.717,3000
2020-08-13 09:32:07.200,4.717,3500
2020-08-13 09:32:07.200,4.717,1000
2020-08-13 09:32:07.200,4.717,2800
2020-08-13 09:32:07.200,4.717,2000
2020-08-13 09:32:07.200,4.717,20000
2020-08-13 09:32:07.200,4.717,1000
2020-08-13 09:32:07.200,4.717,10000
2020-08-13 09:32:07.200,4.717,100
2020-08-13 09:32:07.200,4.717,66200
2020-08-13 09:32:07.200,4.717,300
2020-08-13 09:32:07.200,4.717,2200
2020-08-13 09:32:07.200,4.717,1000
2020-08-13 09:32:07.290,4.717,8
2020-08-13 09:32:07.290,4.716,9992
2020-08-13 09:32:07.290,4.716,300
2020-08-13 09:32:07.910,4.716,200
2020-08-13 09:32:08.000,4.716,1000
2020-08-13 09:32:08.100,4.716,1300
2020-08-13 09:32:08.160,4.718,5800
2020-08-13 09:32:08.160,4.718,2000
2020-08-13 09:32:08.160,4.718,200
2020-08-13 09:32:08.160,4.718,5000
2020-08-13 09:32:08.160,4.718,1000
2020-08-13 09:32:08.160,4.718,11300
2020-08-13 09:32:08.160,4.718,8400
2020-08-13 09:32:08.160,4.718,6000
2020-08-13 09:32:08.160,4.718,5000
2020-08-13 09:32:08.160,4.718,5000
2020-08-13 09:32:08.160,4.718,10000
2020-08-13 09:32:08.160,4.716,16808
2020-08-13 09:32:08.160,4.716,33192
2020-08-13 09:32:08.570,4.716,10000
2020-08-13 09:32:09.360,4.716,20000
2020-08-13 09:32:09.460,4.716,300
2020-08-13 09:32:09.850,4.719,29700
2020-08-13 09:32:09.850,4.719,5000
2020-08-13 09:32:09.850,4.719,8000
2020-08-13 09:32:09.850,4.719,80000
2020-08-13 09:32:09.850,4.719,2000
2020-08-13 09:32:09.850,4.719,5000
2020-08-13 09:32:09.880,4.718,3300
2020-08-13 09:32:09.970,4.718,4200
2020-08-13 09:32:10.160,4.718,4600
2020-08-13 09:32:10.780,4.718,1000
2020-08-13 09:32:10.870,4.718,12900
2020-08-13 09:32:11.570,4.718,14000
2020-08-13 09:32:11.570,4.718,400
2020-08-13 09:32:12.460,4.719,1700
2020-08-13 09:32:12.520,4.719,200
2020-08-13 09:32:12.690,4.719,3000
2020-08-13 09:32:13.120,4.719,5500
2020-08-13 09:32:13.440,4.72,50000
2020-08-13 09:32:13.440,4.72,100
2020-08-13 09:32:13.440,4.72,4000
2020-08-13 09:32:13.440,4.72,10000
2020-08-13 09:32:13.440,4.72,5000
2020-08-13 09:32:13.440,4.72,20000
2020-08-13 09:32:13.440,4.72,1800
2020-08-13 09:32:13.440,4.72,10000
2020-08-13 09:32:13.440,4.72,4300
2020-08-13 09:32:13.440,4.72,200
2020-08-13 09:32:13.440,4.72,200
2020-08-13 09:32:13.440,4.72,200
2020-08-13 09:32:14.400,4.719,20000
2020-08-13 09:32:14.470,4.72,40000
2020-08-13 09:32:14.530,4.721,400
2020-08-13 09:32:14.740,4.72,16300
2020-08-13 09:32:14.960,4.72,2900
2020-08-13 09:32:15.120,4.72,46600
2020-08-13 09:32:15.610,4.719,3000
2020-08-13 09:32:15.740,4.719,1500
2020-08-13 09:32:15.740,4.72,2900
2020-08-13 09:32:15.740,4.721,5800
2020-08-13 09:32:15.740,4.721,2000
2020-08-13 09:32:15.740,4.721,45500
2020-08-13 09:32:15.740,4.721,9200
2020-08-13 09:32:15.740,4.721,29000
2020-08-13 09:32:16.340,4.719,47100
2020-08-13 09:32:16.510,4.719,200
2020-08-13 09:32:16.600,4.719,1000
2020-08-13 09:32:16.820,4.719,1000
2020-08-13 09:32:18.490,4.721,21000
2020-08-13 09:32:18.490,4.721,5000
2020-08-13 09:32:18.490,4.721,14400
2020-08-13 09:32:18.490,4.721,6800
2020-08-13 09:32:18.490,4.721,3400
2020-08-13 09:32:18.490,4.721,3000
2020-08-13 09:32:18.490,4.721,3500
2020-08-13 09:32:18.490,4.721,200
2020-08-13 09:32:18.490,4.721,1200
2020-08-13 09:32:18.490,4.721,1000
2020-08-13 09:32:18.490,4.721,100
2020-08-13 09:32:18.490,4.721,200
2020-08-13 09:32:19.620,4.721,800
2020-08-13 09:32:19.650,4.721,121900
2020-08-13 09:32:19.960,4.721,1300
2020-08-13 09:32:20.150,4.721,3100
2020-08-13 09:32:20.450,4.721,333400
2020-08-13 09:32:20.580,4.721,300100
2020-08-13 09:32:20.960,4.721,100
2020-08-13 09:32:21.600,4.721,100
2020-08-13 09:32:21.840,4.721,9000
2020-08-13 09:32:22.000,4.721,300
2020-08-13 09:32:22.890,4.721,10000
2020-08-13 09:32:22.910,4.721,4400
2020-08-13 09:32:23.820,4.721,100
2020-08-13 09:32:24.240,4.721,10700
2020-08-13 09:32:24.650,4.721,1800
2020-08-13 09:32:24.910,4.722,100
2020-08-13 09:32:25.690,4.721,6100
2020-08-13 09:32:25.690,4.721,3000
2020-08-13 09:32:25.690,4.72,2000
2020-08-13 09:32:25.690,4.72,1900
2020-08-13 09:32:26.230,4.719,600
2020-08-13 09:32:27.590,4.72,500
2020-08-13 09:32:28.530,4.719,1200
2020-08-13 09:32:28.530,4.719,3800
2020-08-13 09:32:28.670,4.719,1300
2020-08-13 09:32:29.060,4.719,20000
2020-08-13 09:32:29.220,4.719,3500
2020-08-13 09:32:29.600,4.719,31400
2020-08-13 09:32:30.210,4.719,500
2020-08-13 09:32:30.430,4.719,5000
2020-08-13 09:32:30.520,4.719,200
2020-08-13 09:32:30.700,4.719,16000
2020-08-13 09:32:32.690,4.72,2000
2020-08-13 09:32:34.030,4.718,20000
2020-08-13 09:32:34.600,4.718,30000
2020-08-13 09:32:34.600,4.718,5000
2020-08-13 09:32:34.600,4.718,3800
2020-08-13 09:32:34.600,4.718,4000
2020-08-13 09:32:34.600,4.717,200
2020-08-13 09:32:35.150,4.717,5000
2020-08-13 09:32:36.620,4.718,100
2020-08-13 09:32:36.720,4.718,800
2020-08-13 09:32:36.720,4.718,5000
2020-08-13 09:32:36.720,4.718,5000
2020-08-13 09:32:36.750,4.718,9200
2020-08-13 09:32:37.420,4.716,900
2020-08-13 09:32:37.420,4.716,500
2020-08-13 09:32:37.420,4.716,600
2020-08-13 09:32:37.770,4.719,500
2020-08-13 09:32:38.320,4.716,200
2020-08-13 09:32:38.320,4.716,7400
2020-08-13 09:32:38.930,4.718,1000
2020-08-13 09:32:39.720,4.718,4100
2020-08-13 09:32:39.720,4.718,10000
2020-08-13 09:32:39.720,4.718,5200
2020-08-13 09:32:39.720,4.718,3000
2020-08-13 09:32:39.720,4.719,12500
2020-08-13 09:32:39.720,4.72,5200
2020-08-13 09:32:40.610,4.717,40000
2020-08-13 09:32:41.360,4.717,3000
2020-08-13 09:32:41.510,4.719,2000
2020-08-13 09:32:42.080,4.717,2100
2020-08-13 09:32:42.140,4.717,2200
2020-08-13 09:32:42.370,4.717,4000
2020-08-13 09:32:43.560,4.717,2000
2020-08-13 09:32:44.000,4.719,700
2020-08-13 09:32:44.550,4.719,1200
2020-08-13 09:32:44.550,4.72,8800
2020-08-13 09:32:46.490,4.718,500
2020-08-13 09:32:46.490,4.717,600
2020-08-13 09:32:46.860,4.717,1500
2020-08-13 09:32:46.900,4.717,10000
2020-08-13 09:32:48.250,4.717,29100
2020-08-13 09:32:48.860,4.718,3000
2020-08-13 09:32:48.860,4.718,10000
2020-08-13 09:32:48.860,4.719,1000
2020-08-13 09:32:48.860,4.719,26300
2020-08-13 09:32:48.860,4.719,100
2020-08-13 09:32:48.860,4.719,15200
2020-08-13 09:32:50.280,4.719,500
2020-08-13 09:32:52.590,4.718,400
2020-08-13 09:32:52.590,4.718,1200
2020-08-13 09:32:52.810,4.718,800
2020-08-13 09:32:52.810,4.718,6600
2020-08-13 09:32:52.810,4.718,500
2020-08-13 09:32:52.810,4.718,500
2020-08-13 09:32:52.810,4.719,31500
2020-08-13 09:32:52.810,4.719,20000
2020-08-13 09:32:52.810,4.719,2800
2020-08-13 09:32:52.810,4.719,5000
2020-08-13 09:32:52.810,4.719,2300
2020-08-13 09:32:52.950,4.717,20000
2020-08-13 09:32:54.670,4.719,200
2020-08-13 09:32:55.020,4.717,1000
2020-08-13 09:32:55.770,4.719,200
2020-08-13 09:32:56.070,4.718,300
2020-08-13 09:32:56.070,4.718,1700
2020-08-13 09:32:56.390,4.718,13000
2020-08-13 09:32:56.510,4.719,100
2020-08-13 09:32:57.290,4.718,100
2020-08-13 09:32:57.760,4.718,1500
2020-08-13 09:32:58.460,4.718,1000
2020-08-13 09:32:58.460,4.718,1200
2020-08-13 09:32:58.980,4.718,2000
2020-08-13 09:32:58.980,4.718,2700
2020-08-13 09:32:59.110,4.718,5000
2020-08-13 09:32:59.240,4.718,100
2020-08-13 09:32:59.350,4.719,600
2020-08-13 09:33:00.300,4.719,400
2020-08-13 09:33:00.540,4.718,2000
2020-08-13 09:33:00.540,4.718,1000
2020-08-13 09:33:00.670,4.718,4600
2020-08-13 09:33:00.670,4.718,4900
2020-08-13 09:33:00.670,4.718,26500
2020-08-13 09:33:00.670,4.718,1000
2020-08-13 09:33:01.510,4.717,1000
2020-08-13 09:33:02.500,4.718,500
2020-08-13 09:33:03.020,4.718,100
2020-08-13 09:33:03.820,4.718,7000
2020-08-13 09:33:03.820,4.718,200
2020-08-13 09:33:03.880,4.718,300
2020-08-13 09:33:04.240,4.717,18000
2020-08-13 09:33:04.240,4.717,6800
2020-08-13 09:33:04.700,4.717,30000
2020-08-13 09:33:05.150,4.717,2700
2020-08-13 09:33:06.190,4.718,4000
2020-08-13 09:33:07.570,4.717,5000
2020-08-13 09:33:07.810,4.717,1500
2020-08-13 09:33:07.810,4.717,1000
2020-08-13 09:33:08.110,4.718,100
2020-08-13 09:33:08.450,4.717,500
2020-08-13 09:33:08.470,4.717,500
2020-08-13 09:33:08.470,4.717,20300
2020-08-13 09:33:09.910,4.717,400
2020-08-13 09:33:10.550,4.717,30000
2020-08-13 09:33:13.400,4.717,300
2020-08-13 09:33:13.400,4.717,9000
2020-08-13 09:33:13.610,4.716,1000
2020-08-13 09:33:13.990,4.716,200
2020-08-13 09:33:15.270,4.715,1000
2020-08-13 09:33:15.270,4.715,17000
2020-08-13 09:33:15.360,4.715,3000
2020-08-13 09:33:15.360,4.715,200
2020-08-13 09:33:15.430,4.715,6800
2020-08-13 09:33:15.430,4.716,35800
2020-08-13 09:33:15.460,4.716,3000
2020-08-13 09:33:16.110,4.717,700
2020-08-13 09:33:16.110,4.717,49300
2020-08-13 09:33:16.460,4.717,35700
2020-08-13 09:33:16.460,4.717,14300
2020-08-13 09:33:18.620,4.716,2500
2020-08-13 09:33:18.620,4.716,1600
2020-08-13 09:33:18.620,4.716,1000
2020-08-13 09:33:18.620,4.717,4900
2020-08-13 09:33:19.690,4.717,500
2020-08-13 09:33:20.130,4.717,5000
2020-08-13 09:33:20.160,4.717,300
2020-08-13 09:33:20.500,4.716,100
2020-08-13 09:33:21.000,4.714,100
2020-08-13 09:33:21.610,4.714,1900
2020-08-13 09:33:21.610,4.716,400
2020-08-13 09:33:21.610,4.716,300
2020-08-13 09:33:21.610,4.716,18600
2020-08-13 09:33:22.020,4.713,2000
2020-08-13 09:33:22.020,4.713,3000
2020-08-13 09:33:22.780,4.713,1400
2020-08-13 09:33:24.100,4.714,500
2020-08-13 09:33:24.100,4.713,9500
2020-08-13 09:33:24.940,4.714,200
2020-08-13 09:33:24.980,4.714,200
2020-08-13 09:33:25.120,4.715,4500
2020-08-13 09:33:25.650,4.715,3000
2020-08-13 09:33:26.040,4.714,29800
2020-08-13 09:33:26.060,4.714,100
2020-08-13 09:33:27.380,4.713,15000
2020-08-13 09:33:28.240,4.713,1100
2020-08-13 09:33:28.240,4.713,8900
2020-08-13 09:33:29.010,4.713,1100
2020-08-13 09:33:29.010,4.712,300
2020-08-13 09:33:29.010,4.712,5000
2020-08-13 09:33:29.010,4.711,200
2020-08-13 09:33:29.010,4.711,2000
2020-08-13 09:33:29.010,4.711,100
2020-08-13 09:33:29.010,4.711,1000
2020-08-13 09:33:29.010,4.71,300
2020-08-13 09:33:29.800,4.713,2200
2020-08-13 09:33:30.260,4.713,800
2020-08-13 09:33:30.260,4.714,100
2020-08-13 09:33:30.260,4.714,400
2020-08-13 09:33:30.260,4.714,900
2020-08-13 09:33:30.260,4.714,400
2020-08-13 09:33:30.620,4.714,8700
2020-08-13 09:33:30.620,4.714,4100
2020-08-13 09:33:30.770,4.714,1000
2020-08-13 09:33:31.320,4.712,6600
2020-08-13 09:33:31.560,4.712,3400
2020-08-13 09:33:31.560,4.713,1900
2020-08-13 09:33:32.820,4.711,900
2020-08-13 09:33:32.820,4.711,1100
2020-08-13 09:33:33.130,4.713,100
2020-08-13 09:33:33.130,4.713,7000
2020-08-13 09:33:33.130,4.713,10000
2020-08-13 09:33:33.130,4.713,5000
2020-08-13 09:33:33.130,4.713,10000
2020-08-13 09:33:33.130,4.713,1700
2020-08-13 09:33:33.130,4.713,50000
2020-08-13 09:33:33.130,4.713,2500
2020-08-13 09:33:33.130,4.713,500
2020-08-13 09:33:33.130,4.714,9900
2020-08-13 09:33:33.130,4.714,1000
2020-08-13 09:33:33.130,4.714,5700
2020-08-13 09:33:33.130,4.714,2000
2020-08-13 09:33:33.130,4.714,100
2020-08-13 09:33:33.130,4.714,5300
2020-08-13 09:33:33.130,4.714,39400
2020-08-13 09:33:33.810,4.714,10000
2020-08-13 09:33:35.550,4.714,1600
2020-08-13 09:33:36.520,4.712,1000
2020-08-13 09:33:36.550,4.712,500
2020-08-13 09:33:36.610,4.712,4900
2020-08-13 09:33:36.840,4.713,600
2020-08-13 09:33:36.840,4.712,400
2020-08-13 09:33:39.020,4.714,500
2020-08-13 09:33:39.050,4.712,200
2020-08-13 09:33:39.480,4.713,200
2020-08-13 09:33:39.480,4.714,1200
2020-08-13 09:33:39.700,4.712,5000
2020-08-13 09:33:39.760,4.714,5000
2020-08-13 09:33:41.530,4.712,10000
2020-08-13 09:33:41.590,4.712,1000
2020-08-13 09:33:41.830,4.712,10000
2020-08-13 09:33:41.980,4.712,500
2020-08-13 09:33:42.010,4.712,10000
2020-08-13 09:33:43.390,4.713,500
2020-08-13 09:33:43.390,4.713,3000
2020-08-13 09:33:43.390,4.713,16500
2020-08-13 09:33:45.370,4.712,1800
2020-08-13 09:33:45.550,4.712,2000
2020-08-13 09:33:46.130,4.712,100
2020-08-13 09:33:46.200,4.713,1300
2020-08-13 09:33:46.400,4.712,2000
2020-08-13 09:33:46.400,4.712,600
2020-08-13 09:33:46.400,4.712,1600
2020-08-13 09:33:46.800,4.712,1800
2020-08-13 09:33:46.800,4.712,6300
2020-08-13 09:33:46.800,4.712,900
2020-08-13 09:33:47.160,4.712,1000
2020-08-13 09:33:47.350,4.712,5000
2020-08-13 09:33:47.860,4.713,6000
2020-08-13 09:33:48.570,4.713,200
2020-08-13 09:33:48.600,4.712,5900
2020-08-13 09:33:48.970,4.712,4800
2020-08-13 09:33:49.130,4.713,600
2020-08-13 09:33:49.190,4.712,2100
2020-08-13 09:33:50.740,4.712,300
2020-08-13 09:33:50.740,4.712,4700
2020-08-13 09:33:51.250,4.713,25400
2020-08-13 09:33:51.250,4.713,2000
2020-08-13 09:33:51.250,4.713,32200
2020-08-13 09:33:51.250,4.713,1000
2020-08-13 09:33:51.250,4.713,10000
2020-08-13 09:33:51.250,4.713,200000
2020-08-13 09:33:51.250,4.713,4000
2020-08-13 09:33:51.250,4.713,1000
2020-08-13 09:33:51.250,4.713,24400
2020-08-13 09:33:51.360,4.712,5000
2020-08-13 09:33:51.390,4.712,15000
2020-08-13 09:33:51.510,4.712,5000
2020-08-13 09:33:52.010,4.712,70300
2020-08-13 09:33:52.010,4.712,800
2020-08-13 09:33:52.010,4.712,900
2020-08-13 09:33:52.300,4.711,10000
2020-08-13 09:33:52.300,4.711,900
2020-08-13 09:33:52.300,4.711,9100
2020-08-13 09:33:52.480,4.712,100
2020-08-13 09:33:53.250,4.712,100
2020-08-13 09:33:53.500,4.712,700
2020-08-13 09:33:54.160,4.711,2400
2020-08-13 09:33:55.880,4.71,1200
2020-08-13 09:33:55.880,4.71,200
2020-08-13 09:33:56.170,4.712,7000
2020-08-13 09:33:56.330,4.712,5500
2020-08-13 09:33:56.330,4.712,7200
2020-08-13 09:33:56.360,4.712,100
2020-08-13 09:33:56.790,4.711,100
2020-08-13 09:33:57.130,4.71,1500
2020-08-13 09:33:57.670,4.71,200
2020-08-13 09:33:57.970,4.711,500
2020-08-13 09:33:58.330,4.711,1000
2020-08-13 09:33:58.530,4.711,400
2020-08-13 09:34:00.220,4.711,500
2020-08-13 09:34:01.290,4.71,100
2020-08-13 09:34:01.450,4.711,1700
2020-08-13 09:34:01.450,4.711,300
2020-08-13 09:34:01.830,4.711,100
2020-08-13 09:34:01.830,4.711,100
2020-08-13 09:34:02.310,4.71,2000
2020-08-13 09:34:02.690,4.71,1000
2020-08-13 09:34:02.690,4.71,13000
2020-08-13 09:34:03.150,4.711,500
2020-08-13 09:34:03.150,4.711,300
2020-08-13 09:34:03.150,4.711,2500
2020-08-13 09:34:03.150,4.712,100
2020-08-13 09:34:03.600,4.711,1200
2020-08-13 09:34:03.650,4.712,2600
2020-08-13 09:34:03.650,4.712,29000
2020-08-13 09:34:03.650,4.712,1700
2020-08-13 09:34:03.650,4.712,300
2020-08-13 09:34:03.650,4.712,50000
2020-08-13 09:34:03.650,4.712,10000
2020-08-13 09:34:03.650,4.712,2000
2020-08-13 09:34:03.650,4.712,14100
2020-08-13 09:34:03.650,4.712,1100
2020-08-13 09:34:03.650,4.712,3000
2020-08-13 09:34:03.650,4.712,6500
2020-08-13 09:34:03.650,4.712,46600
2020-08-13 09:34:03.650,4.712,4700
2020-08-13 09:34:03.650,4.712,30000
2020-08-13 09:34:03.650,4.712,6000
2020-08-13 09:34:03.650,4.712,2000
2020-08-13 09:34:03.650,4.712,5000
2020-08-13 09:34:03.930,4.712,2100
2020-08-13 09:34:04.240,4.712,400
2020-08-13 09:34:04.310,4.712,2300
2020-08-13 09:34:04.740,4.713,8200
2020-08-13 09:34:04.740,4.713,10000
2020-08-13 09:34:04.740,4.713,5500
2020-08-13 09:34:04.740,4.713,2500
2020-08-13 09:34:04.740,4.713,2000
2020-08-13 09:34:04.740,4.713,10000
2020-08-13 09:34:04.740,4.713,500
2020-08-13 09:34:05.160,4.713,600
2020-08-13 09:34:05.190,4.713,2100
2020-08-13 09:34:05.680,4.713,1000
2020-08-13 09:34:05.740,4.713,5100
2020-08-13 09:34:06.110,4.713,2500
2020-08-13 09:34:06.310,4.713,1100
2020-08-13 09:34:07.890,4.712,200
2020-08-13 09:34:08.560,4.713,400
2020-08-13 09:34:09.280,4.712,5100
2020-08-13 09:34:09.280,4.712,4500
2020-08-13 09:34:09.280,4.711,1600
2020-08-13 09:34:09.280,4.711,8800
2020-08-13 09:34:09.600,4.712,3000
2020-08-13 09:34:09.600,4.713,7600
2020-08-13 09:34:09.600,4.713,1500
2020-08-13 09:34:09.600,4.714,2900
2020-08-13 09:34:10.130,4.714,500
2020-08-13 09:34:10.960,4.713,4000
2020-08-13 09:34:11.990,4.714,5100
2020-08-13 09:34:12.120,4.714,24300
2020-08-13 09:34:12.120,4.714,2000
2020-08-13 09:34:12.120,4.714,200
2020-08-13 09:34:12.120,4.714,2500
2020-08-13 09:34:12.120,4.714,3000
2020-08-13 09:34:12.120,4.714,20000
2020-08-13 09:34:12.120,4.714,900
2020-08-13 09:34:12.260,4.714,4000
2020-08-13 09:34:13.470,4.714,10000
2020-08-13 09:34:14.320,4.714,1100
2020-08-13 09:34:14.440,4.714,22000
2020-08-13 09:34:14.440,4.713,1100
2020-08-13 09:34:14.440,4.713,500
2020-08-13 09:34:15.760,4.713,21000
2020-08-13 09:34:16.160,4.713,7200
2020-08-13 09:34:16.310,4.713,11400
2020-08-13 09:34:16.500,4.713,100
2020-08-13 09:34:18.020,4.713,400
2020-08-13 09:34:18.140,4.713,100
2020-08-13 09:34:19.500,4.713,100
2020-08-13 09:34:20.030,4.713,10000
2020-08-13 09:34:20.090,4.712,100
2020-08-13 09:34:20.090,4.712,1000
2020-08-13 09:34:20.090,4.712,100
2020-08-13 09:34:20.090,4.711,300
2020-08-13 09:34:20.590,4.713,3000
2020-08-13 09:34:23.450,4.712,2600
2020-08-13 09:34:23.450,4.713,700
2020-08-13 09:34:23.510,4.713,100
2020-08-13 09:34:23.730,4.712,5000
2020-08-13 09:34:23.730,4.712,1400
2020-08-13 09:34:23.730,4.713,1200
2020-08-13 09:34:24.180,4.713,13000
2020-08-13 09:34:24.180,4.713,400
2020-08-13 09:34:24.180,4.713,6600
2020-08-13 09:34:24.990,4.713,1000
2020-08-13 09:34:25.360,4.713,200
2020-08-13 09:34:26.430,4.711,2000
2020-08-13 09:34:26.720,4.711,5400
2020-08-13 09:34:26.720,4.711,4600
2020-08-13 09:34:27.640,4.711,200
2020-08-13 09:34:27.640,4.71,12000
2020-08-13 09:34:27.640,4.71,2000
2020-08-13 09:34:27.640,4.71,800
2020-08-13 09:34:27.640,4.71,1000
2020-08-13 09:34:27.640,4.71,100
2020-08-13 09:34:27.640,4.71,3900
2020-08-13 09:34:28.860,4.711,1400
2020-08-13 09:34:29.370,4.712,1000
2020-08-13 09:34:29.660,4.712,1000
2020-08-13 09:34:29.810,4.711,3600
2020-08-13 09:34:30.270,4.711,400
2020-08-13 09:34:32.440,4.71,1200
2020-08-13 09:34:33.210,4.711,6000
2020-08-13 09:34:33.210,4.711,3000
2020-08-13 09:34:33.370,4.711,100
2020-08-13 09:34:34.930,4.71,9900
2020-08-13 09:34:34.930,4.71,100
2020-08-13 09:34:35.010,4.71,100
2020-08-13 09:34:35.010,4.71,500
2020-08-13 09:34:35.010,4.71,500
2020-08-13 09:34:35.010,4.71,1100
2020-08-13 09:34:35.010,4.71,1800
2020-08-13 09:34:35.150,4.711,1500
2020-08-13 09:34:35.210,4.711,100
2020-08-13 09:34:35.520,4.711,600
2020-08-13 09:34:35.640,4.71,200
2020-08-13 09:34:35.640,4.71,500
2020-08-13 09:34:35.640,4.71,300
2020-08-13 09:34:36.410,4.711,700
2020-08-13 09:34:36.860,4.71,3000
2020-08-13 09:34:37.130,4.711,4100
2020-08-13 09:34:37.130,4.711,3000
2020-08-13 09:34:37.350,4.712,500
2020-08-13 09:34:37.790,4.711,100
2020-08-13 09:34:37.840,4.711,200
2020-08-13 09:34:38.070,4.711,2000
2020-08-13 09:34:38.960,4.711,1000
2020-08-13 09:34:39.230,4.711,1000
2020-08-13 09:34:39.470,4.711,300
2020-08-13 09:34:39.470,4.711,19700
2020-08-13 09:34:39.470,4.711,800
2020-08-13 09:34:40.880,4.711,900
2020-08-13 09:34:40.880,4.711,500
2020-08-13 09:34:40.880,4.711,1000
2020-08-13 09:34:40.880,4.71,4600
2020-08-13 09:34:41.410,4.711,200
2020-08-13 09:34:41.700,4.711,5100
2020-08-13 09:34:41.700,4.711,1100
2020-08-13 09:34:41.700,4.711,33800
2020-08-13 09:34:41.820,4.711,1000
2020-08-13 09:34:41.880,4.712,600
2020-08-13 09:34:42.280,4.712,1400
2020-08-13 09:34:43.100,4.711,9500
2020-08-13 09:34:43.470,4.711,9000
2020-08-13 09:34:43.940,4.711,17900
2020-08-13 09:34:44.520,4.712,100
2020-08-13 09:34:44.780,4.711,200
2020-08-13 09:34:45.050,4.712,500
2020-08-13 09:34:45.210,4.711,3300
2020-08-13 09:34:46.660,4.712,12000
2020-08-13 09:34:46.900,4.711,8700
2020-08-13 09:34:47.200,4.711,500
2020-08-13 09:34:47.540,4.711,600
2020-08-13 09:34:48.570,4.711,3100
2020-08-13 09:34:49.060,4.711,900
2020-08-13 09:34:49.740,4.712,500
2020-08-13 09:34:50.100,4.711,1500
2020-08-13 09:34:50.100,4.711,500
2020-08-13 09:34:50.330,4.712,1200
2020-08-13 09:34:51.420,4.711,100
2020-08-13 09:34:51.420,4.711,100
2020-08-13 09:34:51.420,4.711,300
2020-08-13 09:34:52.990,4.711,20000
2020-08-13 09:34:53.300,4.711,2200
2020-08-13 09:34:53.300,4.711,3300
2020-08-13 09:34:53.720,4.711,4000
2020-08-13 09:34:53.720,4.711,2000
2020-08-13 09:34:53.720,4.711,1000
2020-08-13 09:34:55.310,4.711,7300
2020-08-13 09:34:55.310,4.711,10000
2020-08-13 09:34:55.310,4.711,2000
2020-08-13 09:34:55.310,4.711,10000
2020-08-13 09:34:55.310,4.711,1000
2020-08-13 09:34:55.310,4.711,200
2020-08-13 09:34:55.310,4.711,500
2020-08-13 09:34:55.310,4.712,4300
2020-08-13 09:34:55.310,4.712,3000
2020-08-13 09:34:55.310,4.712,11700
2020-08-13 09:34:56.130,4.711,200
2020-08-13 09:34:56.220,4.711,100
2020-08-13 09:34:57.190,4.711,5000
2020-08-13 09:34:57.420,4.712,10000
2020-08-13 09:34:57.700,4.711,5000
2020-08-13 09:34:58.690,4.712,100
2020-08-13 09:34:59.410,4.712,200
2020-08-13 09:35:00.260,4.712,400
2020-08-13 09:35:01.700,4.711,1500
2020-08-13 09:35:01.730,4.711,1400
2020-08-13 09:35:01.790,4.711,1400
2020-08-13 09:35:01.940,4.712,1000
2020-08-13 09:35:03.120,4.711,700
2020-08-13 09:35:03.120,4.711,300
2020-08-13 09:35:04.160,4.711,6000
2020-08-13 09:35:04.160,4.711,3500
2020-08-13 09:35:04.930,4.711,5000
2020-08-13 09:35:05.180,4.711,20000
2020-08-13 09:35:05.270,4.71,5000
2020-08-13 09:35:06.380,4.711,1600
2020-08-13 09:35:06.380,4.711,900
2020-08-13 09:35:06.900,4.711,39900
2020-08-13 09:35:07.310,4.71,500
2020-08-13 09:35:07.310,4.71,4600
2020-08-13 09:35:07.310,4.71,5000
2020-08-13 09:35:07.310,4.71,1000
2020-08-13 09:35:07.310,4.71,100
2020-08-13 09:35:07.310,4.71,1000
2020-08-13 09:35:07.310,4.71,4600
2020-08-13 09:35:07.310,4.71,1000
2020-08-13 09:35:07.310,4.71,2000
2020-08-13 09:35:07.310,4.71,200
2020-08-13 09:35:07.640,4.711,9200
2020-08-13 09:35:07.640,4.711,3000
2020-08-13 09:35:07.640,4.711,1000
2020-08-13 09:35:08.350,4.711,20000
2020-08-13 09:35:08.650,4.712,30000
2020-08-13 09:35:09.580,4.712,46600
2020-08-13 09:35:09.580,4.712,2000
2020-08-13 09:35:09.580,4.712,3000
2020-08-13 09:35:09.580,4.712,4300
2020-08-13 09:35:09.580,4.712,1000
2020-08-13 09:35:09.580,4.712,7400
2020-08-13 09:35:09.580,4.712,10000
2020-08-13 09:35:09.580,4.712,5000
2020-08-13 09:35:09.580,4.712,20000
2020-08-13 09:35:09.580,4.712,15300
2020-08-13 09:35:09.580,4.712,1000
2020-08-13 09:35:09.580,4.712,5000
2020-08-13 09:35:09.580,4.712,4700
2020-08-13 09:35:09.580,4.712,1000
2020-08-13 09:35:10.060,4.712,500
2020-08-13 09:35:10.370,4.712,1300
2020-08-13 09:35:11.120,4.712,1100
2020-08-13 09:35:11.470,4.712,2000
2020-08-13 09:35:12.060,4.712,2000
2020-08-13 09:35:12.510,4.712,5000
2020-08-13 09:35:12.630,4.712,8000
2020-08-13 09:35:13.090,4.712,2700
2020-08-13 09:35:13.190,4.712,151100
2020-08-13 09:35:13.190,4.712,600
2020-08-13 09:35:13.190,4.712,100
2020-08-13 09:35:13.190,4.711,400
2020-08-13 09:35:13.190,4.711,10000
2020-08-13 09:35:13.190,4.711,30000
2020-08-13 09:35:13.400,4.71,2400
2020-08-13 09:35:13.580,4.711,30000
2020-08-13 09:35:13.640,4.711,94000
2020-08-13 09:35:14.300,4.713,22200
2020-08-13 09:35:14.300,4.713,7800
2020-08-13 09:35:15.010,4.712,100
2020-08-13 09:35:15.010,4.712,1900
2020-08-13 09:35:15.250,4.713,2200
2020-08-13 09:35:15.250,4.713,3000
2020-08-13 09:35:15.250,4.713,1200
2020-08-13 09:35:15.250,4.713,5200
2020-08-13 09:35:15.250,4.713,128800
2020-08-13 09:35:15.250,4.713,600
2020-08-13 09:35:15.290,4.713,800
2020-08-13 09:35:15.290,4.713,1000
2020-08-13 09:35:16.960,4.713,20000
2020-08-13 09:35:17.330,4.713,500
2020-08-13 09:35:17.910,4.713,100
2020-08-13 09:35:18.530,4.713,100100
2020-08-13 09:35:19.120,4.713,21600
2020-08-13 09:35:19.500,4.713,2500
2020-08-13 09:35:19.500,4.713,28100
2020-08-13 09:35:19.500,4.713,1300
2020-08-13 09:35:19.500,4.713,4000
2020-08-13 09:35:19.500,4.712,17800
2020-08-13 09:35:19.500,4.712,30000
2020-08-13 09:35:19.500,4.712,40000
2020-08-13 09:35:19.500,4.711,30000
2020-08-13 09:35:19.500,4.711,40000
2020-08-13 09:35:19.500,4.711,6300
2020-08-13 09:35:21.750,4.714,5000
2020-08-13 09:35:21.750,4.714,10000
2020-08-13 09:35:21.750,4.714,100
2020-08-13 09:35:21.750,4.714,1000
2020-08-13 09:35:21.750,4.714,1500
2020-08-13 09:35:21.750,4.714,4000
2020-08-13 09:35:21.750,4.714,1000
2020-08-13 09:35:21.750,4.714,3000
2020-08-13 09:35:21.750,4.714,50000
2020-08-13 09:35:21.750,4.714,200
2020-08-13 09:35:21.750,4.714,10000
2020-08-13 09:35:21.750,4.714,10000
2020-08-13 09:35:21.750,4.714,1200
2020-08-13 09:35:21.880,4.714,1000
2020-08-13 09:35:23.590,4.714,22500
2020-08-13 09:35:24.080,4.714,2000
2020-08-13 09:35:24.780,4.714,100
2020-08-13 09:35:25.200,4.714,7200
2020-08-13 09:35:27.250,4.714,5000
2020-08-13 09:35:27.430,4.714,3000
2020-08-13 09:35:27.500,4.714,182000
2020-08-13 09:35:28.500,4.714,1300
2020-08-13 09:35:29.970,4.715,7000
2020-08-13 09:35:29.970,4.715,1000
2020-08-13 09:35:29.970,4.715,1000
2020-08-13 09:35:29.970,4.715,1000
2020-08-13 09:35:30.190,4.715,500
2020-08-13 09:35:31.370,4.714,28900
2020-08-13 09:35:31.370,4.714,700
2020-08-13 09:35:31.370,4.714,100
2020-08-13 09:35:31.370,4.713,10000
2020-08-13 09:35:31.370,4.713,100
2020-08-13 09:35:31.370,4.711,83700
2020-08-13 09:35:31.370,4.711,5100
2020-08-13 09:35:31.370,4.711,10000
2020-08-13 09:35:31.370,4.711,200
2020-08-13 09:35:31.370,4.71,2600
2020-08-13 09:35:31.370,4.71,2000
2020-08-13 09:35:31.370,4.71,1000
2020-08-13 09:35:31.370,4.71,1000
2020-08-13 09:35:31.370,4.71,1000
2020-08-13 09:35:31.370,4.71,300
2020-08-13 09:35:31.370,4.71,500
2020-08-13 09:35:31.370,4.71,46800
2020-08-13 09:35:31.370,4.71,4000
2020-08-13 09:35:31.370,4.709,2000
2020-08-13 09:35:32.860,4.709,600
2020-08-13 09:35:32.860,4.709,400
2020-08-13 09:35:32.860,4.709,100
2020-08-13 09:35:32.860,4.709,100
2020-08-13 09:35:32.860,4.714,200
2020-08-13 09:35:32.920,4.71,100
2020-08-13 09:35:35.440,4.714,100
2020-08-13 09:35:37.030,4.714,2300
2020-08-13 09:35:37.510,4.711,2000
2020-08-13 09:35:39.040,4.711,800
2020-08-13 09:35:40.620,4.714,2400
2020-08-13 09:35:40.620,4.714,700
2020-08-13 09:35:40.620,4.714,2200
2020-08-13 09:35:41.070,4.714,800
2020-08-13 09:35:41.070,4.714,1100
2020-08-13 09:35:41.070,4.714,300
2020-08-13 09:35:41.070,4.714,8400
2020-08-13 09:35:42.710,4.712,15700
2020-08-13 09:35:43.230,4.714,1600
2020-08-13 09:35:43.230,4.714,900
2020-08-13 09:35:43.540,4.714,1100
2020-08-13 09:35:43.540,4.715,5600
2020-08-13 09:35:43.540,4.715,3300
2020-08-13 09:35:44.940,4.713,1800
2020-08-13 09:35:45.060,4.714,1000
2020-08-13 09:35:45.230,4.713,100
2020-08-13 09:35:46.160,4.713,200
2020-08-13 09:35:46.710,4.713,900
2020-08-13 09:35:47.270,4.714,300
2020-08-13 09:35:47.270,4.713,100
2020-08-13 09:35:47.770,4.713,81200
2020-08-13 09:35:48.860,4.713,100
2020-08-13 09:35:49.470,4.713,12000
2020-08-13 09:35:49.660,4.713,16800
2020-08-13 09:35:51.000,4.713,5500
2020-08-13 09:35:52.760,4.712,200
2020-08-13 09:35:54.290,4.712,1700
2020-08-13 09:35:54.570,4.712,4100
2020-08-13 09:35:54.570,4.711,90000
2020-08-13 09:35:54.570,4.711,7200
2020-08-13 09:35:55.550,4.711,900
2020-08-13 09:35:58.300,4.71,500
2020-08-13 09:35:58.300,4.71,300
2020-08-13 09:35:58.300,4.709,900
2020-08-13 09:35:58.300,4.709,1000
2020-08-13 09:35:58.300,4.709,5000
2020-08-13 09:35:58.300,4.709,2300
2020-08-13 09:35:59.200,4.711,2000
2020-08-13 09:35:59.800,4.71,400
2020-08-13 09:36:00.250,4.711,400
2020-08-13 09:36:01.180,4.711,1900
2020-08-13 09:36:01.940,4.712,42800
2020-08-13 09:36:02.790,4.711,8100
2020-08-13 09:36:02.790,4.71,1500
2020-08-13 09:36:02.790,4.71,1700
2020-08-13 09:36:02.790,4.71,3200
2020-08-13 09:36:04.540,4.712,15000
2020-08-13 09:36:04.540,4.712,50000
2020-08-13 09:36:04.540,4.712,1100
2020-08-13 09:36:04.540,4.712,300
2020-08-13 09:36:04.540,4.712,3600
2020-08-13 09:36:05.880,4.712,500
2020-08-13 09:36:07.770,4.71,10000
2020-08-13 09:36:08.080,4.711,1500
2020-08-13 09:36:08.080,4.711,1000
2020-08-13 09:36:08.080,4.712,5900
2020-08-13 09:36:08.080,4.713,3600
2020-08-13 09:36:08.470,4.713,1700
2020-08-13 09:36:08.970,4.71,1900
2020-08-13 09:36:09.580,4.711,500
2020-08-13 09:36:09.580,4.711,3000
2020-08-13 09:36:10.260,4.712,3200
2020-08-13 09:36:10.820,4.712,2900
2020-08-13 09:36:10.820,4.712,800
2020-08-13 09:36:11.190,4.712,4200
2020-08-13 09:36:11.190,4.712,2600
2020-08-13 09:36:11.760,4.712,3000
2020-08-13 09:36:12.030,4.712,4900
2020-08-13 09:36:12.030,4.712,100
2020-08-13 09:36:12.030,4.712,1000
2020-08-13 09:36:12.030,4.71,4900
2020-08-13 09:36:12.790,4.709,1300
2020-08-13 09:36:13.870,4.71,500
2020-08-13 09:36:14.970,4.71,200
2020-08-13 09:36:16.820,4.71,800
2020-08-13 09:36:17.650,4.71,1000
2020-08-13 09:36:18.830,4.71,2600
2020-08-13 09:36:18.830,4.71,4400
2020-08-13 09:36:18.890,4.71,200
2020-08-13 09:36:19.120,4.71,400
2020-08-13 09:36:19.120,4.71,3600
2020-08-13 09:36:19.340,4.709,700
2020-08-13 09:36:19.570,4.71,3100
2020-08-13 09:36:21.280,4.71,100
2020-08-13 09:36:22.270,4.709,2000
2020-08-13 09:36:22.890,4.709,3700
2020-08-13 09:36:22.890,4.709,800
2020-08-13 09:36:24.030,4.71,13200
2020-08-13 09:36:24.030,4.71,3000
2020-08-13 09:36:24.030,4.71,1000
2020-08-13 09:36:24.030,4.71,1300
2020-08-13 09:36:24.030,4.71,1000
2020-08-13 09:36:24.030,4.71,1700
2020-08-13 09:36:24.030,4.71,10000
2020-08-13 09:36:24.030,4.71,1300
2020-08-13 09:36:24.030,4.711,5000
2020-08-13 09:36:24.030,4.711,69500
2020-08-13 09:36:24.440,4.709,4200
2020-08-13 09:36:24.440,4.709,10000
2020-08-13 09:36:24.440,4.709,7400
2020-08-13 09:36:24.440,4.709,1000
2020-08-13 09:36:24.440,4.709,300
2020-08-13 09:36:24.440,4.709,200
2020-08-13 09:36:24.440,4.708,400
2020-08-13 09:36:24.440,4.708,10000
2020-08-13 09:36:24.440,4.708,100
2020-08-13 09:36:24.440,4.708,1000
2020-08-13 09:36:24.440,4.708,100
2020-08-13 09:36:24.440,4.708,100
2020-08-13 09:36:24.440,4.708,20000
2020-08-13 09:36:24.440,4.707,100
2020-08-13 09:36:24.440,4.707,20000
2020-08-13 09:36:24.440,4.707,10000
2020-08-13 09:36:24.440,4.707,30000
2020-08-13 09:36:24.440,4.707,600
2020-08-13 09:36:24.440,4.707,200
2020-08-13 09:36:26.310,4.707,200
2020-08-13 09:36:26.550,4.707,10000
2020-08-13 09:36:29.640,4.707,9700
2020-08-13 09:36:29.640,4.707,13600
2020-08-13 09:36:29.830,4.707,23000
2020-08-13 09:36:29.930,4.707,100
2020-08-13 09:36:30.110,4.706,8000
2020-08-13 09:36:30.110,4.706,2000
2020-08-13 09:36:30.290,4.707,400
2020-08-13 09:36:30.450,4.706,13000
2020-08-13 09:36:30.450,4.706,200
2020-08-13 09:36:30.450,4.706,3000
2020-08-13 09:36:30.450,4.706,30000
2020-08-13 09:36:30.840,4.706,200
2020-08-13 09:36:31.460,4.706,300
2020-08-13 09:36:32.540,4.705,100
2020-08-13 09:36:32.540,4.705,1700
2020-08-13 09:36:32.540,4.705,10000
2020-08-13 09:36:32.540,4.705,1900
2020-08-13 09:36:32.540,4.705,2500
2020-08-13 09:36:32.540,4.705,500
2020-08-13 09:36:32.540,4.705,2000
2020-08-13 09:36:32.540,4.705,3900
2020-08-13 09:36:32.790,4.706,4300
2020-08-13 09:36:32.790,4.707,3700
2020-08-13 09:36:32.790,4.707,400
2020-08-13 09:36:32.790,4.707,100
2020-08-13 09:36:33.140,4.707,300
2020-08-13 09:36:33.170,4.707,1400
2020-08-13 09:36:34.400,4.705,6100
2020-08-13 09:36:34.400,4.705,2000
2020-08-13 09:36:34.400,4.705,10000
2020-08-13 09:36:34.400,4.705,30000
2020-08-13 09:36:34.400,4.704,100
2020-08-13 09:36:34.400,4.704,200
2020-08-13 09:36:34.400,4.704,100
2020-08-13 09:36:34.400,4.704,1000
2020-08-13 09:36:34.400,4.704,200
2020-08-13 09:36:34.400,4.704,100
2020-08-13 09:36:34.400,4.704,100
2020-08-13 09:36:34.400,4.704,100
2020-08-13 09:36:35.010,4.706,100
2020-08-13 09:36:35.410,4.706,900
2020-08-13 09:36:35.410,4.707,400
2020-08-13 09:36:35.680,4.707,1000
2020-08-13 09:36:36.250,4.706,500
2020-08-13 09:36:36.370,4.704,1800
2020-08-13 09:36:37.110,4.705,500
2020-08-13 09:36:37.110,4.706,9500
2020-08-13 09:36:38.470,4.704,800
2020-08-13 09:36:38.580,4.705,1300
2020-08-13 09:36:38.610,4.705,4700
2020-08-13 09:36:38.610,4.705,2500
2020-08-13 09:36:39.450,4.704,400
2020-08-13 09:36:39.450,4.704,100
2020-08-13 09:36:39.450,4.704,200
2020-08-13 09:36:39.450,4.704,100
2020-08-13 09:36:39.450,4.704,200
2020-08-13 09:36:39.450,4.704,1000
2020-08-13 09:36:39.450,4.704,100
2020-08-13 09:36:39.450,4.704,7900
2020-08-13 09:36:39.600,4.704,7000
2020-08-13 09:36:39.780,4.704,1500
2020-08-13 09:36:39.930,4.704,10000
2020-08-13 09:36:40.120,4.704,12300
2020-08-13 09:36:40.650,4.705,100
2020-08-13 09:36:40.680,4.705,200
2020-08-13 09:36:41.510,4.705,1200
2020-08-13 09:36:41.510,4.705,12000
2020-08-13 09:36:41.510,4.706,6800
2020-08-13 09:36:41.760,4.704,100
2020-08-13 09:36:42.030,4.706,1400
2020-08-13 09:36:42.150,4.705,100
2020-08-13 09:36:42.150,4.704,49900
2020-08-13 09:36:42.150,4.704,2900
2020-08-13 09:36:42.150,4.704,2100
2020-08-13 09:36:42.700,4.705,2000
2020-08-13 09:36:42.940,4.704,1000
2020-08-13 09:36:43.250,4.704,11900
2020-08-13 09:36:43.250,4.704,100
2020-08-13 09:36:43.250,4.704,100
2020-08-13 09:36:43.250,4.704,100
2020-08-13 09:36:43.250,4.704,3800
2020-08-13 09:36:43.250,4.704,24100
2020-08-13 09:36:43.420,4.705,1500
2020-08-13 09:36:44.140,4.704,4000
2020-08-13 09:36:44.140,4.704,1000
2020-08-13 09:36:44.230,4.706,1800
2020-08-13 09:36:44.230,4.706,135700
2020-08-13 09:36:44.230,4.706,100
2020-08-13 09:36:44.900,4.704,300
2020-08-13 09:36:45.340,4.707,1300
2020-08-13 09:36:45.340,4.705,5900
2020-08-13 09:36:45.940,4.705,1300
2020-08-13 09:36:45.970,4.705,26900
2020-08-13 09:36:46.120,4.705,5000
2020-08-13 09:36:46.180,4.705,5700
2020-08-13 09:36:46.400,4.705,7000
2020-08-13 09:36:46.660,4.705,600
2020-08-13 09:36:47.760,4.705,108500
2020-08-13 09:36:47.760,4.705,3000
2020-08-13 09:36:47.760,4.705,500
2020-08-13 09:36:47.760,4.704,33700
2020-08-13 09:36:47.760,4.704,300
2020-08-13 09:36:47.760,4.704,100
2020-08-13 09:36:47.760,4.704,500
2020-08-13 09:36:47.760,4.704,100
2020-08-13 09:36:47.760,4.704,100
2020-08-13 09:36:47.760,4.704,200
2020-08-13 09:36:47.760,4.704,300
2020-08-13 09:36:47.760,4.704,100
2020-08-13 09:36:47.760,4.704,300
2020-08-13 09:36:47.760,4.704,100
2020-08-13 09:36:47.760,4.704,100
2020-08-13 09:36:47.760,4.704,4000
2020-08-13 09:36:47.760,4.704,100
2020-08-13 09:36:47.760,4.704,200
2020-08-13 09:36:47.760,4.704,100
2020-08-13 09:36:47.760,4.704,5000
2020-08-13 09:36:47.760,4.704,30000
2020-08-13 09:36:47.760,4.703,100
2020-08-13 09:36:47.760,4.703,100
2020-08-13 09:36:47.760,4.703,2000
2020-08-13 09:36:47.760,4.703,200
2020-08-13 09:36:47.760,4.703,10000
2020-08-13 09:36:47.760,4.703,100
2020-08-13 09:36:47.760,4.703,1500
2020-08-13 09:36:47.760,4.703,500
2020-08-13 09:36:47.760,4.703,10000
2020-08-13 09:36:47.760,4.703,1000
2020-08-13 09:36:47.760,4.703,10000
2020-08-13 09:36:47.760,4.703,68600
2020-08-13 09:36:47.760,4.703,30000
2020-08-13 09:36:47.760,4.703,40000
2020-08-13 09:36:47.760,4.703,30000
2020-08-13 09:36:48.150,4.703,1000
2020-08-13 09:36:49.300,4.703,300000
2020-08-13 09:36:49.990,4.703,107600
2020-08-13 09:36:50.050,4.704,4300
2020-08-13 09:36:50.050,4.704,2000
2020-08-13 09:36:50.050,4.704,700
2020-08-13 09:36:50.080,4.704,500
2020-08-13 09:36:50.260,4.703,30700
2020-08-13 09:36:51.170,4.703,8600
2020-08-13 09:36:51.790,4.704,16600
2020-08-13 09:36:52.750,4.703,500
2020-08-13 09:36:52.810,4.704,100
2020-08-13 09:36:54.260,4.704,100
2020-08-13 09:36:54.320,4.704,500
2020-08-13 09:36:55.290,4.703,5000
2020-08-13 09:36:55.470,4.704,20000
2020-08-13 09:36:55.780,4.703,1000
2020-08-13 09:36:56.730,4.703,10800
2020-08-13 09:36:58.290,4.703,10000
2020-08-13 09:36:58.350,4.703,3000
2020-08-13 09:36:58.510,4.703,6000
2020-08-13 09:36:58.690,4.704,3000
2020-08-13 09:37:00.210,4.704,500
2020-08-13 09:37:00.550,4.703,1700
2020-08-13 09:37:01.090,4.703,500
2020-08-13 09:37:01.240,4.704,1000
2020-08-13 09:37:01.930,4.703,3000
2020-08-13 09:37:03.260,4.703,2000
2020-08-13 09:37:04.300,4.703,1400
2020-08-13 09:37:05.000,4.703,10000
2020-08-13 09:37:05.090,4.703,1000
2020-08-13 09:37:05.210,4.703,3000
2020-08-13 09:37:05.540,4.703,400
2020-08-13 09:37:07.270,4.704,7000
2020-08-13 09:37:07.270,4.704,3000
2020-08-13 09:37:07.490,4.704,600
2020-08-13 09:37:07.490,4.704,1900
2020-08-13 09:37:07.690,4.704,19700
2020-08-13 09:37:07.690,4.704,20000
2020-08-13 09:37:07.690,4.704,1000
2020-08-13 09:37:07.730,4.704,1500
2020-08-13 09:37:07.730,4.703,500
2020-08-13 09:37:07.730,4.703,3000
2020-08-13 09:37:08.730,4.703,5400
2020-08-13 09:37:09.750,4.704,10700
2020-08-13 09:37:09.810,4.704,1200
2020-08-13 09:37:09.910,4.704,400
2020-08-13 09:37:10.490,4.704,500
2020-08-13 09:37:10.820,4.704,18400
2020-08-13 09:37:10.820,4.704,2200
2020-08-13 09:37:11.170,4.704,2000
2020-08-13 09:37:11.350,4.704,2900
2020-08-13 09:37:11.610,4.705,5000
2020-08-13 09:37:11.610,4.705,500
2020-08-13 09:37:11.610,4.705,4000
2020-08-13 09:37:11.610,4.705,10000
2020-08-13 09:37:11.610,4.705,2000
2020-08-13 09:37:11.610,4.704,6500
2020-08-13 09:37:12.510,4.704,4100
2020-08-13 09:37:13.200,4.705,5000
2020-08-13 09:37:13.510,4.706,2000
2020-08-13 09:37:13.510,4.706,2000
2020-08-13 09:37:13.510,4.706,30000
2020-08-13 09:37:13.690,4.706,2000
2020-08-13 09:37:14.100,4.706,4000
2020-08-13 09:37:14.530,4.706,600
2020-08-13 09:37:15.040,4.707,230500
2020-08-13 09:37:15.040,4.707,5000
2020-08-13 09:37:15.040,4.707,2000
2020-08-13 09:37:15.610,4.707,3000
2020-08-13 09:37:16.030,4.707,2000
2020-08-13 09:37:16.600,4.709,100
2020-08-13 09:37:16.600,4.709,5000
2020-08-13 09:37:16.600,4.709,2400
2020-08-13 09:37:16.600,4.709,2100
2020-08-13 09:37:16.600,4.709,1000
2020-08-13 09:37:16.600,4.709,128100
2020-08-13 09:37:16.600,4.709,50000
2020-08-13 09:37:16.600,4.709,40000
2020-08-13 09:37:16.600,4.709,15200
2020-08-13 09:37:16.600,4.709,32800
2020-08-13 09:37:16.600,4.709,3000
2020-08-13 09:37:16.600,4.709,20300
2020-08-13 09:37:17.030,4.708,30000
2020-08-13 09:37:17.030,4.708,600000
2020-08-13 09:37:17.030,4.707,2000
2020-08-13 09:37:17.030,4.707,30000
2020-08-13 09:37:17.030,4.706,23400
2020-08-13 09:37:17.030,4.706,900
2020-08-13 09:37:17.030,4.706,113700
2020-08-13 09:37:17.830,4.71,10000
2020-08-13 09:37:17.830,4.71,1000
2020-08-13 09:37:17.830,4.71,5000
2020-08-13 09:37:17.830,4.71,7800
2020-08-13 09:37:17.920,4.709,800
2020-08-13 09:37:18.470,4.71,5100
2020-08-13 09:37:20.880,4.709,3800
2020-08-13 09:37:22.180,4.709,300
2020-08-13 09:37:23.150,4.709,3000
2020-08-13 09:37:24.270,4.709,25700
2020-08-13 09:37:24.270,4.709,24300
2020-08-13 09:37:24.330,4.71,3000
2020-08-13 09:37:25.960,4.71,50000
2020-08-13 09:37:26.390,4.709,2100
2020-08-13 09:37:27.200,4.709,700
2020-08-13 09:37:27.200,4.708,1100
2020-08-13 09:37:27.960,4.708,12200
2020-08-13 09:37:27.990,4.708,1000
2020-08-13 09:37:28.230,4.708,106900
2020-08-13 09:37:28.270,4.709,1700
2020-08-13 09:37:28.400,4.709,200
2020-08-13 09:37:28.400,4.708,200
2020-08-13 09:37:29.110,4.71,10000
2020-08-13 09:37:29.700,4.709,10000
2020-08-13 09:37:29.830,4.71,84900
2020-08-13 09:37:30.250,4.71,400
2020-08-13 09:37:30.470,4.709,1300
2020-08-13 09:37:31.250,4.708,4800
2020-08-13 09:37:31.630,4.708,31700
2020-08-13 09:37:31.630,4.708,20000
2020-08-13 09:37:31.630,4.71,59500
2020-08-13 09:37:31.700,4.71,12100
2020-08-13 09:37:31.790,4.71,3000
2020-08-13 09:37:33.000,4.71,10000
2020-08-13 09:37:33.730,4.708,100
2020-08-13 09:37:35.980,4.706,1400
2020-08-13 09:37:36.140,4.708,1400
2020-08-13 09:37:36.140,4.709,5600
2020-08-13 09:37:36.940,4.709,3400
2020-08-13 09:37:36.940,4.709,6600
2020-08-13 09:37:37.000,4.709,8500
2020-08-13 09:37:37.680,4.709,6300
2020-08-13 09:37:37.680,4.709,2100
2020-08-13 09:37:38.390,4.71,1000
2020-08-13 09:37:39.860,4.71,10000
2020-08-13 09:37:40.800,4.708,500
2020-08-13 09:37:42.090,4.709,300
2020-08-13 09:37:42.300,4.709,1000
2020-08-13 09:37:42.510,4.709,3700
2020-08-13 09:37:42.860,4.709,6500
2020-08-13 09:37:44.400,4.708,900
2020-08-13 09:37:44.400,4.708,100
2020-08-13 09:37:44.400,4.707,5000
2020-08-13 09:37:45.360,4.709,17800
2020-08-13 09:37:45.360,4.709,1100
2020-08-13 09:37:45.910,4.708,5000
2020-08-13 09:37:47.400,4.709,1000
2020-08-13 09:37:47.400,4.709,1000
2020-08-13 09:37:50.150,4.708,300
2020-08-13 09:37:50.150,4.709,1000
2020-08-13 09:37:50.150,4.709,200
2020-08-13 09:37:50.150,4.71,500
2020-08-13 09:37:51.870,4.709,1400
2020-08-13 09:37:51.960,4.709,4600
2020-08-13 09:37:51.960,4.71,38000
2020-08-13 09:37:53.890,4.708,2000
2020-08-13 09:37:53.980,4.709,2000
2020-08-13 09:37:53.980,4.707,400
2020-08-13 09:37:54.430,4.71,5500
2020-08-13 09:37:56.440,4.708,300
2020-08-13 09:37:56.440,4.707,700
2020-08-13 09:37:58.020,4.709,60000
2020-08-13 09:37:58.540,4.709,10000
2020-08-13 09:38:00.240,4.708,400
2020-08-13 09:38:00.770,4.708,100
2020-08-13 09:38:04.410,4.707,5000
2020-08-13 09:38:06.450,4.707,100
2020-08-13 09:38:06.780,4.707,1200
2020-08-13 09:38:06.840,4.708,5000
2020-08-13 09:38:07.530,4.708,100
2020-08-13 09:38:07.580,4.707,100
2020-08-13 09:38:08.380,4.707,100
2020-08-13 09:38:08.440,4.707,7500
2020-08-13 09:38:08.440,4.707,500
2020-08-13 09:38:08.440,4.707,15100
2020-08-13 09:38:09.240,4.707,3000
2020-08-13 09:38:09.880,4.707,100
2020-08-13 09:38:10.470,4.707,15000
2020-08-13 09:38:10.560,4.708,2100
2020-08-13 09:38:11.070,4.708,4800
2020-08-13 09:38:11.070,4.708,5200
2020-08-13 09:38:11.890,4.707,3000
2020-08-13 09:38:12.360,4.708,300
2020-08-13 09:38:12.660,4.708,2000
2020-08-13 09:38:12.660,4.708,4500
2020-08-13 09:38:12.660,4.708,18800
2020-08-13 09:38:13.010,4.708,4700
2020-08-13 09:38:13.140,4.708,40000
2020-08-13 09:38:13.340,4.707,3000
2020-08-13 09:38:13.730,4.707,2000
2020-08-13 09:38:14.030,4.708,300
2020-08-13 09:38:14.630,4.708,30000
2020-08-13 09:38:14.660,4.708,30000
2020-08-13 09:38:14.660,4.708,30000
2020-08-13 09:38:14.990,4.708,100
2020-08-13 09:38:15.310,4.708,200
2020-08-13 09:38:15.820,4.707,10000
2020-08-13 09:38:16.150,4.708,40000
2020-08-13 09:38:17.390,4.708,2000
2020-08-13 09:38:17.800,4.708,1000
2020-08-13 09:38:17.980,4.707,1000
2020-08-13 09:38:18.430,4.708,100
2020-08-13 09:38:20.490,4.707,10000
2020-08-13 09:38:22.730,4.708,100
2020-08-13 09:38:22.960,4.707,27800
2020-08-13 09:38:22.960,4.707,1200
2020-08-13 09:38:22.960,4.707,300
2020-08-13 09:38:23.970,4.707,2200
2020-08-13 09:38:24.090,4.707,5100
2020-08-13 09:38:26.340,4.707,2200
2020-08-13 09:38:26.340,4.707,2200
2020-08-13 09:38:26.340,4.707,5600
2020-08-13 09:38:26.510,4.707,10000
2020-08-13 09:38:28.150,4.707,600
2020-08-13 09:38:30.000,4.706,100
2020-08-13 09:38:30.260,4.707,500
2020-08-13 09:38:30.260,4.706,100
2020-08-13 09:38:32.900,4.706,2600
2020-08-13 09:38:32.900,4.706,1400
2020-08-13 09:38:36.570,4.706,1000
2020-08-13 09:38:36.720,4.706,100
2020-08-13 09:38:38.010,4.707,100
2020-08-13 09:38:38.420,4.706,500
2020-08-13 09:38:38.420,4.706,10000
2020-08-13 09:38:38.420,4.706,1000
2020-08-13 09:38:38.420,4.706,400
2020-08-13 09:38:39.220,4.706,4100
2020-08-13 09:38:39.370,4.706,1500
2020-08-13 09:38:39.870,4.707,700
2020-08-13 09:38:40.560,4.706,100
2020-08-13 09:38:40.560,4.707,2500
2020-08-13 09:38:40.560,4.707,10000
2020-08-13 09:38:40.560,4.707,3000
2020-08-13 09:38:40.560,4.707,10000
2020-08-13 09:38:40.560,4.707,300
2020-08-13 09:38:40.560,4.707,20000
2020-08-13 09:38:40.560,4.707,1200
2020-08-13 09:38:40.560,4.707,2900
2020-08-13 09:38:40.560,4.707,16500
2020-08-13 09:38:40.560,4.707,2100
2020-08-13 09:38:42.050,4.707,300
2020-08-13 09:38:42.050,4.707,700
2020-08-13 09:38:44.060,4.707,300
2020-08-13 09:38:44.060,4.706,49700
2020-08-13 09:38:45.050,4.707,200
2020-08-13 09:38:47.150,4.706,100
2020-08-13 09:38:48.010,4.706,4800
2020-08-13 09:38:50.080,4.706,300
2020-08-13 09:38:51.900,4.706,84900
2020-08-13 09:38:51.900,4.705,100
2020-08-13 09:38:51.900,4.705,200
2020-08-13 09:38:51.900,4.705,1000
2020-08-13 09:38:51.900,4.705,2500
2020-08-13 09:38:51.900,4.705,400
2020-08-13 09:38:51.900,4.705,10000
2020-08-13 09:38:51.900,4.705,3000
2020-08-13 09:38:51.900,4.705,200
2020-08-13 09:38:51.900,4.705,40400
2020-08-13 09:38:54.140,4.707,1000
2020-08-13 09:39:00.280,4.707,400
2020-08-13 09:39:03.030,4.705,9400
2020-08-13 09:39:03.030,4.705,600
2020-08-13 09:39:05.020,4.706,400
2020-08-13 09:39:05.080,4.706,100
2020-08-13 09:39:05.140,4.705,3000
2020-08-13 09:39:06.690,4.706,2000
2020-08-13 09:39:07.280,4.705,26400
2020-08-13 09:39:07.280,4.705,2600
2020-08-13 09:39:07.280,4.705,2300
2020-08-13 09:39:07.280,4.705,1000
2020-08-13 09:39:07.280,4.705,1000
2020-08-13 09:39:10.560,4.704,2500
2020-08-13 09:39:14.090,4.705,5000
2020-08-13 09:39:15.230,4.704,9600
2020-08-13 09:39:15.230,4.704,300
2020-08-13 09:39:15.230,4.704,200
2020-08-13 09:39:17.250,4.705,100
2020-08-13 09:39:17.850,4.704,300
2020-08-13 09:39:17.850,4.704,200
2020-08-13 09:39:17.850,4.704,500
2020-08-13 09:39:17.850,4.704,2500
2020-08-13 09:39:18.160,4.704,7600
2020-08-13 09:39:18.220,4.704,19900
2020-08-13 09:39:18.220,4.704,3000
2020-08-13 09:39:18.220,4.704,1800
2020-08-13 09:39:18.220,4.704,10000
2020-08-13 09:39:18.220,4.704,10000
2020-08-13 09:39:18.220,4.704,500
2020-08-13 09:39:18.220,4.704,3000
2020-08-13 09:39:18.640,4.704,300
2020-08-13 09:39:18.910,4.704,1000
2020-08-13 09:39:19.050,4.704,2600
2020-08-13 09:39:19.490,4.704,200
2020-08-13 09:39:20.130,4.703,2100
2020-08-13 09:39:20.130,4.703,600
2020-08-13 09:39:20.130,4.703,47300
2020-08-13 09:39:20.400,4.704,1000
2020-08-13 09:39:21.510,4.704,1000
2020-08-13 09:39:23.790,4.703,4500
2020-08-13 09:39:23.870,4.704,300
2020-08-13 09:39:24.760,4.704,100
2020-08-13 09:39:27.520,4.704,300
2020-08-13 09:39:28.730,4.704,1300
2020-08-13 09:39:28.970,4.704,1300
2020-08-13 09:39:28.970,4.704,20000
2020-08-13 09:39:28.970,4.704,11000
2020-08-13 09:39:28.970,4.704,6700
2020-08-13 09:39:28.970,4.704,3000
2020-08-13 09:39:28.970,4.704,2000
2020-08-13 09:39:28.970,4.704,5000
2020-08-13 09:39:28.970,4.704,3000
2020-08-13 09:39:29.180,4.704,1300
2020-08-13 09:39:29.510,4.704,5000
2020-08-13 09:39:30.300,4.705,400
2020-08-13 09:39:31.670,4.703,12200
2020-08-13 09:39:31.670,4.703,7800
2020-08-13 09:39:34.020,4.704,2000
2020-08-13 09:39:34.020,4.704,20000
2020-08-13 09:39:34.020,4.704,300
2020-08-13 09:39:34.020,4.704,2000
2020-08-13 09:39:34.490,4.705,1500
2020-08-13 09:39:34.490,4.705,1000
2020-08-13 09:39:34.490,4.705,2100
2020-08-13 09:39:34.490,4.705,8700
2020-08-13 09:39:34.490,4.705,5500
2020-08-13 09:39:34.490,4.705,200
2020-08-13 09:39:34.490,4.705,5000
2020-08-13 09:39:34.490,4.705,800
2020-08-13 09:39:34.490,4.705,1100
2020-08-13 09:39:34.490,4.705,10000
2020-08-13 09:39:34.490,4.705,4500
2020-08-13 09:39:35.510,4.705,200
2020-08-13 09:39:36.660,4.706,7500
2020-08-13 09:39:36.660,4.706,3000
2020-08-13 09:39:36.660,4.706,800
2020-08-13 09:39:36.660,4.707,600
2020-08-13 09:39:36.660,4.707,1200
2020-08-13 09:39:36.660,4.707,100
2020-08-13 09:39:36.660,4.707,100
2020-08-13 09:39:36.660,4.707,600
2020-08-13 09:39:36.660,4.707,500
2020-08-13 09:39:36.660,4.707,100
2020-08-13 09:39:36.660,4.707,1000
2020-08-13 09:39:36.660,4.707,5000
2020-08-13 09:39:36.660,4.707,1000
2020-08-13 09:39:36.660,4.707,60000
2020-08-13 09:39:37.350,4.707,7800
2020-08-13 09:39:37.470,4.707,2700
2020-08-13 09:39:37.690,4.707,20000
2020-08-13 09:39:41.050,4.707,5800
2020-08-13 09:39:41.050,4.706,21900
2020-08-13 09:39:42.780,4.705,800
2020-08-13 09:39:43.590,4.707,3300
2020-08-13 09:39:43.590,4.707,3600
2020-08-13 09:39:45.410,4.707,1000
2020-08-13 09:39:45.410,4.705,1100
2020-08-13 09:39:45.470,4.708,2600
2020-08-13 09:39:47.690,4.706,4000
2020-08-13 09:39:49.060,4.708,8000
2020-08-13 09:39:50.420,4.707,100
2020-08-13 09:39:50.420,4.706,100
2020-08-13 09:39:50.420,4.705,300
2020-08-13 09:39:54.190,4.706,100
2020-08-13 09:39:54.610,4.707,300
2020-08-13 09:39:54.670,4.708,400
2020-08-13 09:39:55.640,4.707,300
2020-08-13 09:39:57.660,4.708,400
2020-08-13 09:39:59.130,4.707,100
2020-08-13 09:39:59.960,4.708,4200
2020-08-13 09:40:00.110,4.708,300
2020-08-13 09:40:00.260,4.708,500
2020-08-13 09:40:00.900,4.707,800
2020-08-13 09:40:00.900,4.706,300
2020-08-13 09:40:00.900,4.706,2000
2020-08-13 09:40:01.200,4.705,35700
2020-08-13 09:40:01.390,4.706,2900
2020-08-13 09:40:01.390,4.707,2100
2020-08-13 09:40:01.720,4.707,200
2020-08-13 09:40:03.620,4.707,100
2020-08-13 09:40:04.240,4.705,100
2020-08-13 09:40:07.580,4.707,7600
2020-08-13 09:40:07.580,4.707,5100
2020-08-13 09:40:07.580,4.708,2000
2020-08-13 09:40:08.570,4.706,900
2020-08-13 09:40:08.570,4.706,5000
2020-08-13 09:40:08.570,4.706,3000
2020-08-13 09:40:09.220,4.706,18100
2020-08-13 09:40:09.220,4.706,500
2020-08-13 09:40:10.090,4.706,1000
2020-08-13 09:40:10.270,4.705,5300
2020-08-13 09:40:10.270,4.705,60000
2020-08-13 09:40:10.270,4.705,900
2020-08-13 09:40:10.270,4.705,30000
2020-08-13 09:40:10.270,4.705,1000
2020-08-13 09:40:10.270,4.705,100
2020-08-13 09:40:10.270,4.705,200
2020-08-13 09:40:10.270,4.705,1000
2020-08-13 09:40:11.780,4.705,500
2020-08-13 09:40:12.470,4.705,17000
2020-08-13 09:40:13.070,4.704,5000
2020-08-13 09:40:13.070,4.704,20000
2020-08-13 09:40:13.070,4.704,1200
2020-08-13 09:40:13.070,4.704,100
2020-08-13 09:40:13.070,4.704,38500
2020-08-13 09:40:13.070,4.704,6400
2020-08-13 09:40:14.180,4.704,500
2020-08-13 09:40:14.590,4.703,2200
2020-08-13 09:40:14.590,4.703,100
2020-08-13 09:40:14.590,4.703,2000
2020-08-13 09:40:14.590,4.703,5300
2020-08-13 09:40:14.590,4.703,5000
2020-08-13 09:40:14.590,4.703,100
2020-08-13 09:40:14.590,4.703,5000
2020-08-13 09:40:14.590,4.703,5000
2020-08-13 09:40:14.590,4.703,3000
2020-08-13 09:40:14.590,4.703,100
2020-08-13 09:40:14.590,4.703,20000
2020-08-13 09:40:14.590,4.703,100
2020-08-13 09:40:14.590,4.703,400
2020-08-13 09:40:14.590,4.703,15000
2020-08-13 09:40:14.590,4.703,1000
2020-08-13 09:40:14.820,4.703,100
2020-08-13 09:40:15.250,4.703,300
2020-08-13 09:40:15.740,4.702,1100
2020-08-13 09:40:15.740,4.702,4200
2020-08-13 09:40:15.740,4.702,20000
2020-08-13 09:40:15.740,4.702,1000
2020-08-13 09:40:15.740,4.702,100
2020-08-13 09:40:15.740,4.702,500
2020-08-13 09:40:15.740,4.702,100
2020-08-13 09:40:15.740,4.702,100
2020-08-13 09:40:15.740,4.702,100
2020-08-13 09:40:15.740,4.702,400
2020-08-13 09:40:15.740,4.702,500
2020-08-13 09:40:15.740,4.702,100
2020-08-13 09:40:15.740,4.702,100
2020-08-13 09:40:15.740,4.702,100
2020-08-13 09:40:15.740,4.702,500
2020-08-13 09:40:15.740,4.702,2000
2020-08-13 09:40:15.740,4.702,100
2020-08-13 09:40:15.740,4.702,1000
2020-08-13 09:40:15.740,4.702,200
2020-08-13 09:40:15.740,4.702,40000
2020-08-13 09:40:15.740,4.702,200
2020-08-13 09:40:15.740,4.702,100
2020-08-13 09:40:15.740,4.702,100
2020-08-13 09:40:15.740,4.702,100
2020-08-13 09:40:15.740,4.702,100
2020-08-13 09:40:15.740,4.702,100
2020-08-13 09:40:15.740,4.702,100
2020-08-13 09:40:15.740,4.702,200
2020-08-13 09:40:15.740,4.702,100
2020-08-13 09:40:15.740,4.702,100
2020-08-13 09:40:15.740,4.702,100
2020-08-13 09:40:15.740,4.702,200
2020-08-13 09:40:15.740,4.702,100
2020-08-13 09:40:15.740,4.702,100
2020-08-13 09:40:15.740,4.702,100
2020-08-13 09:40:15.740,4.702,100
2020-08-13 09:40:15.740,4.702,300
2020-08-13 09:40:15.740,4.702,100
2020-08-13 09:40:15.740,4.702,4200
2020-08-13 09:40:15.740,4.702,100
2020-08-13 09:40:15.740,4.702,500
2020-08-13 09:40:15.740,4.702,400
2020-08-13 09:40:15.740,4.702,100
2020-08-13 09:40:15.740,4.702,100
2020-08-13 09:40:15.740,4.702,2100
2020-08-13 09:40:15.740,4.702,100
2020-08-13 09:40:15.740,4.702,300
2020-08-13 09:40:15.740,4.702,100
2020-08-13 09:40:15.740,4.702,900
2020-08-13 09:40:15.740,4.702,100
2020-08-13 09:40:15.740,4.702,300
2020-08-13 09:40:15.740,4.702,1000
2020-08-13 09:40:15.740,4.702,1000
2020-08-13 09:40:15.740,4.702,1000
2020-08-13 09:40:15.740,4.702,200
2020-08-13 09:40:15.740,4.702,1000
2020-08-13 09:40:15.740,4.702,19100
2020-08-13 09:40:15.740,4.702,4100
2020-08-13 09:40:15.850,4.702,1900
2020-08-13 09:40:15.850,4.702,1000
2020-08-13 09:40:15.850,4.702,1000
2020-08-13 09:40:15.850,4.702,200
2020-08-13 09:40:15.850,4.702,5900
2020-08-13 09:40:16.720,4.703,1000
2020-08-13 09:40:17.520,4.704,2000
2020-08-13 09:40:18.370,4.704,1000
2020-08-13 09:40:18.530,4.704,100
2020-08-13 09:40:18.770,4.703,100
2020-08-13 09:40:19.140,4.703,8400
2020-08-13 09:40:19.140,4.704,6900
2020-08-13 09:40:19.140,4.704,1800
2020-08-13 09:40:19.530,4.704,100
2020-08-13 09:40:20.220,4.704,1100
2020-08-13 09:40:20.220,4.705,2900
2020-08-13 09:40:24.960,4.703,100
2020-08-13 09:40:27.070,4.703,17900
2020-08-13 09:40:27.070,4.703,2000
2020-08-13 09:40:27.070,4.703,100
2020-08-13 09:40:28.410,4.703,1000
2020-08-13 09:40:30.240,4.703,400
2020-08-13 09:40:31.430,4.703,100
2020-08-13 09:40:31.700,4.703,36400
2020-08-13 09:40:32.710,4.703,100
2020-08-13 09:40:32.890,4.702,500
2020-08-13 09:40:33.370,4.703,10000
2020-08-13 09:40:35.740,4.703,100
2020-08-13 09:40:35.740,4.703,2000
2020-08-13 09:40:35.740,4.703,2000
2020-08-13 09:40:35.740,4.703,200
2020-08-13 09:40:35.740,4.703,200
2020-08-13 09:40:36.370,4.703,100
2020-08-13 09:40:37.170,4.704,500
2020-08-13 09:40:37.170,4.704,40000
2020-08-13 09:40:37.170,4.704,1300
2020-08-13 09:40:37.340,4.705,400
2020-08-13 09:40:38.320,4.703,1000
2020-08-13 09:40:39.390,4.704,1000
2020-08-13 09:40:40.170,4.705,100
2020-08-13 09:40:40.170,4.705,100
2020-08-13 09:40:40.170,4.705,4500
2020-08-13 09:40:40.750,4.705,5000
2020-08-13 09:40:41.690,4.705,2000
2020-08-13 09:40:44.630,4.705,5000
2020-08-13 09:40:45.690,4.705,100
2020-08-13 09:40:47.130,4.706,900
2020-08-13 09:40:47.510,4.706,2000
2020-08-13 09:40:48.640,4.706,67900
2020-08-13 09:40:52.000,4.704,100
2020-08-13 09:40:52.000,4.703,100
2020-08-13 09:40:52.000,4.703,1800
2020-08-13 09:40:53.670,4.704,500
2020-08-13 09:40:54.460,4.703,1000
2020-08-13 09:40:55.140,4.704,19500
2020-08-13 09:40:55.140,4.704,3000
2020-08-13 09:40:55.140,4.705,4000
2020-08-13 09:40:55.140,4.705,2500
2020-08-13 09:40:55.140,4.706,5000
2020-08-13 09:40:55.140,4.706,2000
2020-08-13 09:40:55.140,4.706,20000
2020-08-13 09:40:55.790,4.706,100
2020-08-13 09:40:55.810,4.706,2500
2020-08-13 09:40:57.720,4.706,20000
2020-08-13 09:40:58.400,4.707,100
2020-08-13 09:40:58.400,4.707,300
2020-08-13 09:40:59.840,4.706,20000
2020-08-13 09:41:00.020,4.706,10000
2020-08-13 09:41:00.290,4.707,100
2020-08-13 09:41:00.290,4.707,300
2020-08-13 09:41:00.730,4.706,100
2020-08-13 09:41:03.700,4.707,2700
2020-08-13 09:41:03.700,4.707,13800
2020-08-13 09:41:03.700,4.707,1400
2020-08-13 09:41:04.180,4.706,3500
2020-08-13 09:41:04.380,4.707,7400
2020-08-13 09:41:04.380,4.707,12300
2020-08-13 09:41:04.380,4.707,200
2020-08-13 09:41:04.380,4.707,2000
2020-08-13 09:41:04.510,4.706,600
2020-08-13 09:41:05.630,4.706,20000
2020-08-13 09:41:05.900,4.707,500
2020-08-13 09:41:06.980,4.707,5000
2020-08-13 09:41:07.370,4.707,500
2020-08-13 09:41:07.820,4.708,500
2020-08-13 09:41:09.510,4.708,100
2020-08-13 09:41:10.280,4.707,6900
2020-08-13 09:41:11.610,4.707,5000
2020-08-13 09:41:14.100,4.707,500
2020-08-13 09:41:15.930,4.707,9600
2020-08-13 09:41:15.930,4.707,10000
2020-08-13 09:41:18.550,4.708,1000
2020-08-13 09:41:18.810,4.708,85200
2020-08-13 09:41:18.940,4.708,3000
2020-08-13 09:41:19.540,4.707,500
2020-08-13 09:41:19.540,4.707,2000
2020-08-13 09:41:19.540,4.707,500
2020-08-13 09:41:21.030,4.707,5000
2020-08-13 09:41:21.910,4.707,100
2020-08-13 09:41:22.600,4.707,2000
2020-08-13 09:41:22.690,4.708,139700
2020-08-13 09:41:22.690,4.708,23500
2020-08-13 09:41:22.690,4.708,70000
2020-08-13 09:41:22.690,4.708,3000
2020-08-13 09:41:22.690,4.708,300
2020-08-13 09:41:22.690,4.708,800
2020-08-13 09:41:22.690,4.708,3200
2020-08-13 09:41:22.690,4.708,500
2020-08-13 09:41:22.690,4.708,1000
2020-08-13 09:41:22.690,4.708,22900
2020-08-13 09:41:22.970,4.707,800
2020-08-13 09:41:22.970,4.707,2200
2020-08-13 09:41:24.160,4.708,300000
2020-08-13 09:41:24.250,4.708,1000
2020-08-13 09:41:24.490,4.708,40000
2020-08-13 09:41:24.580,4.708,5000
2020-08-13 09:41:24.660,4.708,300000
2020-08-13 09:41:24.800,4.708,30300
2020-08-13 09:41:24.800,4.708,1500
2020-08-13 09:41:25.690,4.708,5000
2020-08-13 09:41:26.680,4.709,3000
2020-08-13 09:41:26.680,4.709,200
2020-08-13 09:41:26.680,4.709,20000
2020-08-13 09:41:26.680,4.709,900
2020-08-13 09:41:26.680,4.709,3000
2020-08-13 09:41:26.680,4.709,2900
2020-08-13 09:41:29.110,4.708,2000
2020-08-13 09:41:30.330,4.709,500
2020-08-13 09:41:30.590,4.708,10000
2020-08-13 09:41:30.630,4.709,2200
2020-08-13 09:41:31.910,4.709,16300
2020-08-13 09:41:31.910,4.709,300
2020-08-13 09:41:35.540,4.709,2100
2020-08-13 09:41:35.540,4.709,3900
2020-08-13 09:41:36.780,4.71,500
2020-08-13 09:41:36.780,4.71,5000
2020-08-13 09:41:36.780,4.71,500
2020-08-13 09:41:36.780,4.71,300
2020-08-13 09:41:36.780,4.71,35400
2020-08-13 09:41:36.780,4.71,5000
2020-08-13 09:41:36.780,4.71,300
2020-08-13 09:41:36.780,4.71,3000
2020-08-13 09:41:37.260,4.71,1000
2020-08-13 09:41:37.440,4.71,1000
2020-08-13 09:41:37.440,4.71,200
2020-08-13 09:41:37.440,4.71,600
2020-08-13 09:41:37.440,4.71,1800
2020-08-13 09:41:37.440,4.71,1000
2020-08-13 09:41:37.440,4.71,3000
2020-08-13 09:41:37.440,4.71,2400
2020-08-13 09:41:37.440,4.71,9500
2020-08-13 09:41:38.730,4.71,28300
2020-08-13 09:41:39.900,4.71,2200
2020-08-13 09:41:39.900,4.71,100
2020-08-13 09:41:39.900,4.71,500
2020-08-13 09:41:40.350,4.711,500
2020-08-13 09:41:40.350,4.711,900
2020-08-13 09:41:40.350,4.711,100
2020-08-13 09:41:40.350,4.711,1000
2020-08-13 09:41:41.250,4.712,800
2020-08-13 09:41:41.250,4.712,700
2020-08-13 09:41:41.250,4.712,200
2020-08-13 09:41:41.250,4.712,6000
2020-08-13 09:41:41.250,4.712,3000
2020-08-13 09:41:42.320,4.71,200
2020-08-13 09:41:42.720,4.713,4700
2020-08-13 09:41:42.720,4.713,10000
2020-08-13 09:41:42.720,4.713,200
2020-08-13 09:41:42.720,4.713,600
2020-08-13 09:41:42.720,4.713,1100
2020-08-13 09:41:43.160,4.71,4600
2020-08-13 09:41:43.250,4.713,14200
2020-08-13 09:41:43.250,4.713,1000
2020-08-13 09:41:43.250,4.713,100
2020-08-13 09:41:43.250,4.713,16600
2020-08-13 09:41:43.810,4.711,3600
2020-08-13 09:41:48.100,4.713,1000
2020-08-13 09:41:49.690,4.713,2500
2020-08-13 09:41:49.750,4.713,5800
2020-08-13 09:41:49.930,4.713,2000
2020-08-13 09:41:51.240,4.713,3000
2020-08-13 09:41:51.780,4.714,3700
2020-08-13 09:41:51.780,4.714,2300
2020-08-13 09:41:52.070,4.714,7700
2020-08-13 09:41:52.070,4.714,2500
2020-08-13 09:41:52.070,4.714,1300
2020-08-13 09:41:52.070,4.714,10000
2020-08-13 09:41:52.070,4.715,1000
2020-08-13 09:41:52.070,4.715,22300
2020-08-13 09:41:52.070,4.715,5000
2020-08-13 09:41:52.070,4.715,1000
2020-08-13 09:41:52.070,4.715,100
2020-08-13 09:41:52.070,4.715,1000
2020-08-13 09:41:52.070,4.715,3000
2020-08-13 09:41:52.070,4.715,2500
2020-08-13 09:41:52.070,4.715,300
2020-08-13 09:41:52.070,4.715,5000
2020-08-13 09:41:52.070,4.715,200
2020-08-13 09:41:52.070,4.715,2500
2020-08-13 09:41:52.070,4.715,32700
2020-08-13 09:41:52.070,4.715,100
2020-08-13 09:41:52.070,4.715,100
2020-08-13 09:41:52.070,4.715,500
2020-08-13 09:41:52.070,4.715,1200
2020-08-13 09:41:56.920,4.715,100
2020-08-13 09:41:57.840,4.715,800
2020-08-13 09:41:57.840,4.715,100
2020-08-13 09:41:57.840,4.715,2600
2020-08-13 09:41:57.900,4.714,100
2020-08-13 09:42:00.160,4.714,700
2020-08-13 09:42:00.160,4.714,300
2020-08-13 09:42:00.160,4.714,20000
2020-08-13 09:42:00.160,4.714,2100
2020-08-13 09:42:00.260,4.714,400
2020-08-13 09:42:00.500,4.713,900
2020-08-13 09:42:00.880,4.714,126100
2020-08-13 09:42:00.880,4.714,500
2020-08-13 09:42:01.370,4.714,500
2020-08-13 09:42:01.490,4.715,700
2020-08-13 09:42:01.490,4.715,2000
2020-08-13 09:42:01.490,4.715,1500
2020-08-13 09:42:01.490,4.715,100
2020-08-13 09:42:01.490,4.715,5000
2020-08-13 09:42:01.550,4.715,5000
2020-08-13 09:42:04.740,4.715,500
2020-08-13 09:42:05.240,4.715,900
2020-08-13 09:42:06.590,4.715,900
2020-08-13 09:42:06.590,4.715,8100
2020-08-13 09:42:07.350,4.715,4600
2020-08-13 09:42:07.350,4.715,1000
2020-08-13 09:42:07.350,4.715,14300
2020-08-13 09:42:07.350,4.714,122900
2020-08-13 09:42:07.350,4.714,2500
2020-08-13 09:42:07.350,4.714,200
2020-08-13 09:42:07.350,4.714,29300
2020-08-13 09:42:08.840,4.715,4300
2020-08-13 09:42:12.180,4.715,800
2020-08-13 09:42:12.180,4.715,5000
2020-08-13 09:42:12.180,4.715,44200
2020-08-13 09:42:13.600,4.714,1100
2020-08-13 09:42:15.650,4.715,20000
2020-08-13 09:42:15.650,4.715,5000
2020-08-13 09:42:15.650,4.715,10000
2020-08-13 09:42:15.650,4.715,100
2020-08-13 09:42:15.650,4.715,5000
2020-08-13 09:42:15.650,4.715,200
2020-08-13 09:42:15.650,4.715,10000
2020-08-13 09:42:15.650,4.715,3000
2020-08-13 09:42:15.650,4.715,1500
2020-08-13 09:42:15.650,4.715,5000
2020-08-13 09:42:15.650,4.716,17800
2020-08-13 09:42:15.650,4.716,10000
2020-08-13 09:42:15.650,4.716,1500
2020-08-13 09:42:15.650,4.716,31000
2020-08-13 09:42:15.650,4.716,4500
2020-08-13 09:42:15.650,4.716,500
2020-08-13 09:42:15.650,4.716,100
2020-08-13 09:42:15.650,4.716,17400
2020-08-13 09:42:15.650,4.716,100
2020-08-13 09:42:15.650,4.716,2300
2020-08-13 09:42:15.650,4.716,100
2020-08-13 09:42:15.650,4.716,100
2020-08-13 09:42:15.650,4.717,9900
2020-08-13 09:42:15.650,4.717,8000
2020-08-13 09:42:15.650,4.717,2500
2020-08-13 09:42:15.650,4.717,6400
2020-08-13 09:42:15.650,4.717,4000
2020-08-13 09:42:15.650,4.717,15200
2020-08-13 09:42:15.650,4.717,5000
2020-08-13 09:42:15.650,4.717,10000
2020-08-13 09:42:15.650,4.717,331900
2020-08-13 09:42:16.650,4.716,30000
2020-08-13 09:42:16.800,4.717,1200
2020-08-13 09:42:17.070,4.716,7000
2020-08-13 09:42:17.300,4.716,2100
2020-08-13 09:42:17.720,4.716,100
2020-08-13 09:42:18.000,4.716,1600
2020-08-13 09:42:18.000,4.716,18800
2020-08-13 09:42:18.000,4.714,900
2020-08-13 09:42:19.770,4.714,3000
2020-08-13 09:42:22.210,4.716,300
2020-08-13 09:42:23.000,4.716,9600
2020-08-13 09:42:23.000,4.716,400
2020-08-13 09:42:25.010,4.716,400
2020-08-13 09:42:25.230,4.716,7200
2020-08-13 09:42:25.230,4.716,4000
2020-08-13 09:42:25.260,4.717,1200
2020-08-13 09:42:25.750,4.715,500
2020-08-13 09:42:27.660,4.716,100
2020-08-13 09:42:27.660,4.716,99900
2020-08-13 09:42:29.460,4.716,2000
2020-08-13 09:42:29.700,4.715,30000
2020-08-13 09:42:29.850,4.715,1000
2020-08-13 09:42:30.230,4.715,400
2020-08-13 09:42:31.510,4.714,2800
2020-08-13 09:42:31.510,4.714,1000
2020-08-13 09:42:31.510,4.714,100
2020-08-13 09:42:31.510,4.714,5000
2020-08-13 09:42:31.510,4.714,41000
2020-08-13 09:42:31.510,4.714,5000
2020-08-13 09:42:35.370,4.714,500
2020-08-13 09:42:35.370,4.713,299500
2020-08-13 09:42:35.500,4.715,100
2020-08-13 09:42:36.550,4.714,6500
2020-08-13 09:42:36.550,4.713,293500
2020-08-13 09:42:37.690,4.715,500
2020-08-13 09:42:38.300,4.715,2500
2020-08-13 09:42:38.300,4.715,3000
2020-08-13 09:42:39.480,4.713,5000
2020-08-13 09:42:39.480,4.713,4500
2020-08-13 09:42:39.600,4.713,1900
2020-08-13 09:42:40.550,4.713,33600
2020-08-13 09:42:40.550,4.714,5000
2020-08-13 09:42:40.550,4.715,6500
2020-08-13 09:42:45.790,4.715,6500
2020-08-13 09:42:45.790,4.715,2000
2020-08-13 09:42:45.790,4.715,5000
2020-08-13 09:42:45.790,4.715,2500
2020-08-13 09:42:45.790,4.715,12200
2020-08-13 09:42:47.570,4.713,1300
2020-08-13 09:42:47.570,4.712,500
2020-08-13 09:42:47.570,4.712,200
2020-08-13 09:42:47.630,4.712,400
2020-08-13 09:42:48.720,4.712,4600
2020-08-13 09:42:48.720,4.714,1300
2020-08-13 09:42:49.110,4.714,8800
2020-08-13 09:42:49.110,4.715,91200
2020-08-13 09:42:49.790,4.713,300
2020-08-13 09:42:50.270,4.713,1700
2020-08-13 09:42:50.270,4.712,3300
2020-08-13 09:42:50.800,4.715,2000
2020-08-13 09:42:51.510,4.715,5000
2020-08-13 09:42:54.920,4.715,200
2020-08-13 09:42:55.600,4.714,6000
2020-08-13 09:42:55.600,4.715,9800
2020-08-13 09:42:55.600,4.715,2000
2020-08-13 09:42:57.320,4.715,10000
2020-08-13 09:42:57.350,4.716,3000
2020-08-13 09:42:57.350,4.716,100
2020-08-13 09:42:57.350,4.716,200
2020-08-13 09:42:57.350,4.716,300
2020-08-13 09:42:57.350,4.716,2500
2020-08-13 09:42:57.350,4.716,200
2020-08-13 09:42:57.350,4.716,5600
2020-08-13 09:42:57.350,4.716,1000
2020-08-13 09:42:57.350,4.716,1000
2020-08-13 09:42:57.350,4.716,20000
2020-08-13 09:42:57.350,4.716,2600
2020-08-13 09:42:57.350,4.716,10000
2020-08-13 09:42:57.350,4.716,37400
2020-08-13 09:42:58.730,4.715,4100
2020-08-13 09:43:00.080,4.715,10000
2020-08-13 09:43:00.250,4.716,100
2020-08-13 09:43:00.250,4.717,400
2020-08-13 09:43:00.660,4.716,3800
2020-08-13 09:43:04.660,4.716,100
2020-08-13 09:43:05.450,4.716,50000
2020-08-13 09:43:06.140,4.716,100
2020-08-13 09:43:07.880,4.716,46000
2020-08-13 09:43:08.210,4.716,900
2020-08-13 09:43:08.510,4.716,1500
2020-08-13 09:43:08.590,4.715,100
2020-08-13 09:43:09.060,4.716,2000
2020-08-13 09:43:10.010,4.716,8000
2020-08-13 09:43:10.010,4.716,100
2020-08-13 09:43:10.010,4.716,900
2020-08-13 09:43:11.380,4.716,200
2020-08-13 09:43:12.420,4.715,300000
2020-08-13 09:43:12.750,4.715,84400
2020-08-13 09:43:12.750,4.715,500
2020-08-13 09:43:12.750,4.715,100
2020-08-13 09:43:12.750,4.715,5000
2020-08-13 09:43:12.750,4.715,200
2020-08-13 09:43:13.010,4.715,900
2020-08-13 09:43:15.290,4.715,200
2020-08-13 09:43:15.610,4.714,5000
2020-08-13 09:43:15.610,4.714,900
