Datetime,Price,Volume
2020-08-13 09:30:05.570,2.915,100
2020-08-13 09:31:43.550,2.915,100
2020-08-13 09:32:27.450,2.915,200
2020-08-13 09:33:18.040,2.908,5000
2020-08-13 09:33:45.490,2.908,1500
2020-08-13 09:34:00.400,2.908,3500
2020-08-13 09:35:17.250,2.906,100
2020-08-13 09:35:17.250,2.906,10000
2020-08-13 09:35:17.250,2.906,3500
2020-08-13 09:36:39.110,2.89,5200
2020-08-13 09:38:28.240,2.915,600
2020-08-13 09:38:28.240,2.915,5100
2020-08-13 09:38:28.240,2.915,1000
2020-08-13 09:38:28.240,2.916,100
2020-08-13 09:41:41.740,2.892,1600
2020-08-13 09:41:59.240,2.895,10000
2020-08-13 09:41:59.550,2.892,500
2020-08-13 09:41:59.880,2.895,10000
2020-08-13 09:42:00.630,2.895,10000
2020-08-13 09:42:01.000,2.895,10000
2020-08-13 09:42:01.570,2.895,19100
2020-08-13 09:42:40.850,2.9,300
2020-08-13 09:42:51.880,2.9,200
2020-08-13 09:45:46.230,2.9,7200
2020-08-13 09:45:46.230,2.9,3000
2020-08-13 09:45:46.230,2.9,1000
2020-08-13 09:45:46.230,2.9,800
2020-08-13 09:47:40.750,2.898,4100
2020-08-13 09:48:40.300,2.892,1000
2020-08-13 09:50:24.450,2.892,2000
2020-08-13 09:50:24.450,2.892,5100
2020-08-13 09:53:19.710,2.893,2900
2020-08-13 09:53:54.570,2.905,700
2020-08-13 09:55:40.410,2.893,500
2020-08-13 09:55:40.410,2.893,3400
2020-08-13 09:55:53.480,2.892,100
2020-08-13 09:55:53.480,2.892,1200
2020-08-13 09:55:54.000,2.892,1300
2020-08-13 09:55:54.460,2.892,1200
2020-08-13 09:55:54.960,2.892,1200
2020-08-13 09:55:55.480,2.892,1200
2020-08-13 09:55:55.980,2.892,1200
2020-08-13 09:55:56.380,2.892,1200
2020-08-13 09:55:56.790,2.892,1200
2020-08-13 09:56:03.090,2.892,300
2020-08-13 09:56:05.960,2.891,2000
2020-08-13 09:56:05.960,2.891,1000
2020-08-13 09:56:11.980,2.89,100
2020-08-13 09:56:11.980,2.89,1000
2020-08-13 09:56:11.980,2.89,100
2020-08-13 09:56:11.980,2.89,1000
2020-08-13 09:56:11.980,2.89,3800
2020-08-13 09:58:10.550,2.892,1000
2020-08-13 09:59:19.660,2.892,8700
2020-08-13 09:59:19.660,2.892,1000
2020-08-13 10:01:36.880,2.89,1000
2020-08-13 10:02:21.950,2.892,2000
2020-08-13 10:03:01.900,2.89,200
2020-08-13 10:03:01.900,2.89,7800
2020-08-13 10:03:25.360,2.892,1000
2020-08-13 10:05:56.980,2.892,400
2020-08-13 10:06:22.740,2.892,2000
2020-08-13 10:06:22.740,2.892,4600
2020-08-13 10:06:32.260,2.892,5100
2020-08-13 10:08:37.050,2.892,500
2020-08-13 10:12:14.540,2.895,1100
2020-08-13 10:12:14.910,2.895,10100
2020-08-13 10:12:15.170,2.892,1100
2020-08-13 10:16:03.520,2.903,2500
2020-08-13 10:16:30.090,2.892,3400
2020-08-13 10:16:30.090,2.892,3000
2020-08-13 10:16:30.090,2.892,200
2020-08-13 10:16:30.090,2.892,100
2020-08-13 10:16:30.090,2.891,5000
2020-08-13 10:16:59.210,2.889,3200
2020-08-13 10:16:59.770,2.889,600
2020-08-13 10:18:27.770,2.891,10000
2020-08-13 10:18:28.090,2.891,300
2020-08-13 10:21:17.210,2.891,2500
2020-08-13 10:26:57.620,2.903,8700
2020-08-13 10:27:04.290,2.903,1300
2020-08-13 10:33:44.710,2.892,6000
2020-08-13 10:38:12.000,2.892,4000
2020-08-13 10:38:12.000,2.892,3000
2020-08-13 10:43:31.530,2.892,200
2020-08-13 10:46:32.440,2.9,500
2020-08-13 10:46:32.440,2.9,3000
2020-08-13 10:49:01.590,2.893,4800
2020-08-13 10:49:14.030,2.9,300
2020-08-13 10:49:22.040,2.9,9700
2020-08-13 10:52:48.600,2.908,300
2020-08-13 10:54:54.420,2.908,500
2020-08-13 10:56:00.070,2.904,400
2020-08-13 10:56:00.070,2.902,500
2020-08-13 10:58:47.320,2.9,700
2020-08-13 10:58:48.570,2.9,1900
2020-08-13 10:58:49.020,2.9,1800
2020-08-13 10:58:49.430,2.9,1800
2020-08-13 10:58:49.920,2.9,1800
2020-08-13 10:58:50.330,2.9,1800
2020-08-13 10:58:50.720,2.9,1900
2020-08-13 10:58:51.120,2.9,1800
2020-08-13 10:58:51.690,2.9,5600
2020-08-13 11:12:11.250,2.891,1000
2020-08-13 11:12:11.250,2.891,10000
2020-08-13 11:12:24.750,2.891,9200
2020-08-13 11:14:15.620,2.892,500
2020-08-13 11:20:45.130,2.893,100
2020-08-13 11:23:28.000,2.899,100
2020-08-13 11:23:59.320,2.893,800
2020-08-13 11:26:08.660,2.898,5000
2020-08-13 11:26:25.240,2.892,700
2020-08-13 11:26:25.240,2.89,1000
2020-08-13 11:26:25.240,2.89,100
2020-08-13 11:26:25.240,2.889,2000
2020-08-13 11:26:25.240,2.889,1000
2020-08-13 11:26:25.240,2.889,2000
2020-08-13 11:26:25.240,2.889,100
2020-08-13 11:26:25.240,2.889,10000
2020-08-13 11:26:25.240,2.888,800
2020-08-13 11:26:25.240,2.888,2600
2020-08-13 11:27:56.370,2.888,800
2020-08-13 11:27:56.370,2.888,1000
2020-08-13 11:27:56.370,2.888,800
2020-08-13 11:27:56.370,2.888,100
2020-08-13 11:27:56.370,2.888,500
2020-08-13 11:28:31.010,2.889,5000
2020-08-13 11:29:33.440,2.891,3000
2020-08-13 13:00:00.450,2.89,1300
2020-08-13 13:00:24.390,2.9,300
2020-08-13 13:00:25.730,2.9,2500
2020-08-13 13:00:25.730,2.9,1000
2020-08-13 13:00:30.050,2.9,600
2020-08-13 13:00:30.640,2.9,600
2020-08-13 13:00:31.110,2.9,600
2020-08-13 13:00:31.550,2.9,200
2020-08-13 13:00:37.580,2.9,4500
2020-08-13 13:03:41.690,2.891,200
2020-08-13 13:09:48.600,2.892,1000
2020-08-13 13:09:48.620,2.892,1500
2020-08-13 13:14:50.810,2.894,200
2020-08-13 13:16:30.170,2.905,500
2020-08-13 13:19:33.050,2.902,100
2020-08-13 13:20:26.910,2.906,10000
2020-08-13 13:21:15.370,2.907,200
2020-08-13 13:22:00.740,2.906,1500
2020-08-13 13:22:09.840,2.907,1800
2020-08-13 13:26:01.010,2.907,2000
2020-08-13 13:27:31.310,2.907,1500
2020-08-13 13:29:55.280,2.907,400
2020-08-13 13:32:29.060,2.906,8900
2020-08-13 13:38:27.130,2.906,1000
2020-08-13 13:39:24.660,2.906,1000
2020-08-13 13:43:05.110,2.901,3400
2020-08-13 13:43:24.150,2.901,1800
2020-08-13 13:44:10.450,2.901,600
2020-08-13 13:44:18.120,2.901,2000
2020-08-13 13:45:33.600,2.901,10000
2020-08-13 13:45:38.190,2.901,7000
2020-08-13 13:51:18.320,2.902,200
2020-08-13 13:52:11.250,2.906,200
2020-08-13 13:52:11.250,2.906,800
2020-08-13 13:53:06.040,2.906,500
2020-08-13 13:53:06.040,2.907,2100
2020-08-13 13:53:06.040,2.907,3400
2020-08-13 14:03:17.450,2.9,200
2020-08-13 14:03:17.450,2.9,2000
2020-08-13 14:05:59.570,2.893,10000
2020-08-13 14:07:40.210,2.893,4600
2020-08-13 14:07:42.860,2.893,4000
2020-08-13 14:08:17.390,2.899,300
2020-08-13 14:09:39.880,2.892,500
2020-08-13 14:09:39.880,2.892,800
2020-08-13 14:09:39.880,2.892,6700
2020-08-13 14:15:19.660,2.896,9900
2020-08-13 14:15:23.880,2.895,3000
2020-08-13 14:23:55.190,2.891,1100
2020-08-13 14:26:35.270,2.89,800
2020-08-13 14:26:35.270,2.89,1800
2020-08-13 14:27:02.480,2.89,400
2020-08-13 14:28:54.680,2.891,1000
2020-08-13 14:33:20.270,2.899,200
2020-08-13 14:34:13.470,2.899,100
2020-08-13 14:36:00.260,2.899,100
2020-08-13 14:40:30.790,2.899,200
2020-08-13 14:40:34.630,2.892,10000
2020-08-13 14:40:34.630,2.892,400
2020-08-13 14:42:16.910,2.899,3400
2020-08-13 14:46:54.430,2.895,700
2020-08-13 14:46:59.790,2.895,2300
2020-08-13 14:53:13.410,2.895,5100
2020-08-13 14:53:25.220,2.895,4600
2020-08-13 14:55:36.380,2.895,3200
2020-08-13 14:56:12.060,2.891,1000
2020-08-13 14:56:12.060,2.891,600
2020-08-13 14:56:12.060,2.891,8400
2020-08-13 14:59:00.590,2.895,800
2020-08-13 14:59:00.590,2.896,100
