Datetime,Price,Volume
2020-10-29 09:25:00.320,3.335,500
2020-10-29 09:25:00.320,3.335,300
2020-10-29 09:25:00.320,3.335,7800
2020-10-29 09:25:00.320,3.335,15100
2020-10-29 09:25:00.320,3.335,22200
2020-10-29 09:25:00.320,3.335,16400
2020-10-29 09:25:00.320,3.335,5000
2020-10-29 09:25:00.320,3.335,1000
2020-10-29 09:25:00.320,3.335,100
2020-10-29 09:25:00.320,3.335,200
2020-10-29 09:25:00.320,3.335,100
2020-10-29 09:25:00.320,3.335,2700
2020-10-29 09:25:00.320,3.335,1000
2020-10-29 09:25:00.320,3.335,100
2020-10-29 09:25:00.320,3.335,5000
2020-10-29 09:25:00.320,3.335,1000
2020-10-29 09:25:00.320,3.335,100
2020-10-29 09:25:00.320,3.335,300
2020-10-29 09:25:00.320,3.335,700
2020-10-29 09:25:00.320,3.335,3200
2020-10-29 09:25:00.320,3.335,1400
2020-10-29 09:25:00.320,3.335,2500
2020-10-29 09:25:00.320,3.335,18500
2020-10-29 09:25:00.320,3.335,100
2020-10-29 09:25:00.320,3.335,900
2020-10-29 09:25:00.320,3.335,5000
2020-10-29 09:25:00.320,3.335,200
2020-10-29 09:25:00.320,3.335,5900
2020-10-29 09:25:00.320,3.335,300
2020-10-29 09:25:00.320,3.335,500
2020-10-29 09:25:00.320,3.335,4600
2020-10-29 09:25:00.320,3.335,500
2020-10-29 09:25:00.320,3.335,200
2020-10-29 09:25:00.320,3.335,500
2020-10-29 09:25:00.320,3.335,200
2020-10-29 09:25:00.320,3.335,200
2020-10-29 09:25:00.320,3.335,100
2020-10-29 09:25:00.320,3.335,3000
2020-10-29 09:25:00.320,3.335,800
2020-10-29 09:25:00.320,3.335,2200
2020-10-29 09:25:00.320,3.335,200
2020-10-29 09:25:00.320,3.335,1000
2020-10-29 09:25:00.320,3.335,400
2020-10-29 09:25:00.320,3.335,200
2020-10-29 09:25:00.320,3.335,100
2020-10-29 09:25:00.320,3.335,200
2020-10-29 09:25:00.320,3.335,200
2020-10-29 09:25:00.320,3.335,200
2020-10-29 09:25:00.320,3.335,200
2020-10-29 09:25:00.320,3.335,18200
2020-10-29 09:25:00.320,3.335,10000
2020-10-29 09:25:00.320,3.335,1000
2020-10-29 09:25:00.320,3.335,200
2020-10-29 09:25:00.320,3.335,1000
2020-10-29 09:25:00.320,3.335,800
2020-10-29 09:25:00.320,3.335,37300
2020-10-29 09:25:00.320,3.335,10000
2020-10-29 09:25:00.320,3.335,3000
2020-10-29 09:25:00.320,3.335,200
2020-10-29 09:25:00.320,3.335,2000
2020-10-29 09:25:00.320,3.335,10000
2020-10-29 09:25:00.320,3.335,200
2020-10-29 09:25:00.320,3.335,2000
2020-10-29 09:25:00.320,3.335,3000
2020-10-29 09:25:00.320,3.335,6100
2020-10-29 09:25:00.320,3.335,200
2020-10-29 09:25:00.320,3.335,2000
2020-10-29 09:25:00.320,3.335,10000
2020-10-29 09:25:00.320,3.335,200
2020-10-29 09:25:00.320,3.335,21500
2020-10-29 09:25:00.320,3.335,4000
2020-10-29 09:25:00.320,3.335,24500
2020-10-29 09:25:00.320,3.335,100
2020-10-29 09:25:00.320,3.335,100
2020-10-29 09:25:00.320,3.335,200
2020-10-29 09:25:00.320,3.335,200
2020-10-29 09:25:00.320,3.335,1000
2020-10-29 09:25:00.320,3.335,20000
2020-10-29 09:25:00.320,3.335,200
2020-10-29 09:25:00.320,3.335,5000
2020-10-29 09:25:00.320,3.335,8000
2020-10-29 09:25:00.320,3.335,500
2020-10-29 09:25:00.320,3.335,10700
2020-10-29 09:25:00.320,3.335,100
2020-10-29 09:25:00.320,3.335,200
2020-10-29 09:25:00.320,3.335,1000
2020-10-29 09:25:00.320,3.335,1500
2020-10-29 09:25:00.320,3.335,1800
2020-10-29 09:25:00.320,3.335,2000
2020-10-29 09:25:00.320,3.335,10000
2020-10-29 09:25:00.320,3.335,10000
2020-10-29 09:25:00.320,3.335,30000
2020-10-29 09:25:00.320,3.335,15000
2020-10-29 09:25:00.320,3.335,2500
2020-10-29 09:25:00.320,3.335,500
2020-10-29 09:25:00.320,3.335,4900
2020-10-29 09:25:00.320,3.335,5100
2020-10-29 09:25:00.320,3.335,24900
2020-10-29 09:25:00.320,3.335,50000
2020-10-29 09:25:00.320,3.335,25100
2020-10-29 09:25:00.320,3.335,200
2020-10-29 09:25:00.320,3.335,200
2020-10-29 09:25:00.320,3.335,10000
2020-10-29 09:25:00.320,3.335,4500
2020-10-29 09:25:00.320,3.335,5500
2020-10-29 09:25:00.320,3.335,100
2020-10-29 09:25:00.320,3.335,1500
2020-10-29 09:25:00.320,3.335,5000
2020-10-29 09:25:00.320,3.335,8300
2020-10-29 09:25:00.320,3.335,200
2020-10-29 09:25:00.320,3.335,2500
2020-10-29 09:25:00.320,3.335,200
2020-10-29 09:25:00.320,3.335,34300
2020-10-29 09:25:00.320,3.335,5000
2020-10-29 09:25:00.320,3.335,10000
2020-10-29 09:25:00.320,3.335,29000
2020-10-29 09:25:00.320,3.335,300
2020-10-29 09:25:00.320,3.335,10000
2020-10-29 09:25:00.320,3.335,600
2020-10-29 09:25:00.320,3.335,10800
2020-10-29 09:25:00.320,3.335,500
2020-10-29 09:25:00.320,3.335,200
2020-10-29 09:25:00.320,3.335,10000
2020-10-29 09:25:00.320,3.335,200
2020-10-29 09:25:00.320,3.335,2000
2020-10-29 09:25:00.320,3.335,4000
2020-10-29 09:25:00.320,3.335,10000
2020-10-29 09:25:00.320,3.335,500
2020-10-29 09:25:00.320,3.335,5000
2020-10-29 09:25:00.320,3.335,2500
2020-10-29 09:25:00.320,3.335,200
2020-10-29 09:25:00.320,3.335,54100
2020-10-29 09:25:00.320,3.335,14800
2020-10-29 09:25:00.320,3.335,200
2020-10-29 09:25:00.320,3.335,20900
2020-10-29 09:25:00.320,3.335,1000
2020-10-29 09:25:00.320,3.335,13100
2020-10-29 09:25:00.320,3.335,86900
2020-10-29 09:25:00.320,3.335,2000
2020-10-29 09:25:00.320,3.335,200
2020-10-29 09:25:00.320,3.335,5000
2020-10-29 09:25:00.320,3.335,3000
2020-10-29 09:25:00.320,3.335,1600
2020-10-29 09:25:00.320,3.335,300
2020-10-29 09:25:00.320,3.335,100
2020-10-29 09:25:00.320,3.335,3000
2020-10-29 09:25:00.320,3.335,10000
2020-10-29 09:25:00.320,3.335,3000
2020-10-29 09:25:00.320,3.335,5000
2020-10-29 09:25:00.320,3.335,2500
2020-10-29 09:25:00.320,3.335,5900
2020-10-29 09:25:00.320,3.335,600
2020-10-29 09:25:00.320,3.335,200
2020-10-29 09:25:00.320,3.335,700
2020-10-29 09:25:00.320,3.335,200
2020-10-29 09:25:00.320,3.335,1000
2020-10-29 09:25:00.320,3.335,500
2020-10-29 09:25:00.320,3.335,20000
2020-10-29 09:25:00.320,3.335,500
2020-10-29 09:25:00.320,3.335,2000
2020-10-29 09:25:00.320,3.335,10000
2020-10-29 09:25:00.320,3.335,135800
2020-10-29 09:25:00.320,3.335,20000
2020-10-29 09:25:00.320,3.335,600
2020-10-29 09:25:00.320,3.335,143600
2020-10-29 09:25:00.320,3.335,5000
2020-10-29 09:25:00.320,3.335,100
2020-10-29 09:25:00.320,3.335,50000
2020-10-29 09:25:00.320,3.335,2000
2020-10-29 09:25:00.320,3.335,3000
2020-10-29 09:25:00.320,3.335,2000
2020-10-29 09:25:00.320,3.335,8000
2020-10-29 09:25:00.320,3.335,2000
2020-10-29 09:25:00.320,3.335,4500
2020-10-29 09:25:00.320,3.335,20000
2020-10-29 09:25:00.320,3.335,200
2020-10-29 09:25:00.320,3.335,300
2020-10-29 09:25:00.320,3.335,10000
2020-10-29 09:25:00.320,3.335,1000
2020-10-29 09:25:00.320,3.335,10000
2020-10-29 09:25:00.320,3.335,2200
2020-10-29 09:25:00.320,3.335,200
2020-10-29 09:25:00.320,3.335,200
2020-10-29 09:25:00.320,3.335,5700
2020-10-29 09:25:00.320,3.335,30000
2020-10-29 09:25:00.320,3.335,300
2020-10-29 09:25:00.320,3.335,9700
2020-10-29 09:25:00.320,3.335,7400
2020-10-29 09:25:00.320,3.335,3000
2020-10-29 09:25:00.320,3.335,3000
2020-10-29 09:25:00.320,3.335,100300
2020-10-29 09:25:00.320,3.335,7400
2020-10-29 09:25:00.320,3.335,15000
2020-10-29 09:25:00.320,3.335,136400
2020-10-29 09:25:00.320,3.335,2000
2020-10-29 09:25:00.320,3.335,10000
2020-10-29 09:25:00.320,3.335,20000
2020-10-29 09:25:00.320,3.335,3000
2020-10-29 09:25:00.320,3.335,10000
2020-10-29 09:25:00.320,3.335,200
2020-10-29 09:25:00.320,3.335,8000
2020-10-29 09:25:00.320,3.335,5000
2020-10-29 09:25:00.320,3.335,1000
2020-10-29 09:25:00.320,3.335,3000
2020-10-29 09:25:00.320,3.335,10000
2020-10-29 09:25:00.320,3.335,5000
2020-10-29 09:25:00.320,3.335,10000
2020-10-29 09:25:00.320,3.335,76400
2020-10-29 09:25:00.320,3.335,120000
2020-10-29 09:25:00.320,3.335,23600
2020-10-29 09:25:00.320,3.335,100
2020-10-29 09:25:00.320,3.335,200
2020-10-29 09:25:00.320,3.335,10000
2020-10-29 09:25:00.320,3.335,10000
2020-10-29 09:25:00.320,3.335,4100
2020-10-29 09:25:00.320,3.335,300
2020-10-29 09:25:00.320,3.335,400
2020-10-29 09:25:00.320,3.335,3000
2020-10-29 09:25:00.320,3.335,5000
2020-10-29 09:25:00.320,3.335,900
2020-10-29 09:25:00.320,3.335,20000
2020-10-29 09:25:00.320,3.335,3000
2020-10-29 09:25:00.320,3.335,200
2020-10-29 09:25:00.320,3.335,1000
2020-10-29 09:25:00.320,3.335,1200
2020-10-29 09:25:00.320,3.335,500
2020-10-29 09:25:00.320,3.335,100
2020-10-29 09:25:00.320,3.335,1000
2020-10-29 09:25:00.320,3.335,600
2020-10-29 09:25:00.320,3.335,4000
2020-10-29 09:25:00.320,3.335,5000
2020-10-29 09:25:00.320,3.335,100
2020-10-29 09:25:00.320,3.335,100
2020-10-29 09:25:00.320,3.335,5000
2020-10-29 09:25:00.320,3.335,20000
2020-10-29 09:25:00.320,3.335,13000
2020-10-29 09:25:00.320,3.335,2100
2020-10-29 09:25:00.320,3.335,29700
2020-10-29 09:25:00.320,3.335,10000
2020-10-29 09:25:00.320,3.335,50000
2020-10-29 09:25:00.320,3.335,10000
2020-10-29 09:25:00.320,3.335,500
2020-10-29 09:25:00.320,3.335,2000
2020-10-29 09:25:00.320,3.335,2000
2020-10-29 09:25:00.320,3.335,2000
2020-10-29 09:25:00.320,3.335,2000
2020-10-29 09:25:00.320,3.335,100
2020-10-29 09:25:00.320,3.335,10000
2020-10-29 09:25:00.320,3.335,1000
2020-10-29 09:25:00.320,3.335,200
2020-10-29 09:25:00.320,3.335,1500
2020-10-29 09:25:00.320,3.335,2800
2020-10-29 09:25:00.320,3.335,300
2020-10-29 09:25:00.320,3.335,5100
2020-10-29 09:25:00.320,3.335,2000
2020-10-29 09:25:00.320,3.335,100
2020-10-29 09:25:00.320,3.335,100
2020-10-29 09:25:00.320,3.335,10000
2020-10-29 09:25:00.320,3.335,8000
2020-10-29 09:25:00.320,3.335,10000
2020-10-29 09:25:00.320,3.335,1000
2020-10-29 09:25:00.320,3.335,20000
2020-10-29 09:25:00.320,3.335,20000
2020-10-29 09:25:00.320,3.335,1000
2020-10-29 09:25:00.320,3.335,10000
2020-10-29 09:25:00.320,3.335,6000
2020-10-29 09:25:00.320,3.335,2500
2020-10-29 09:25:00.320,3.335,2000
2020-10-29 09:25:00.320,3.335,10000
2020-10-29 09:25:00.320,3.335,100
2020-10-29 09:25:00.320,3.335,10000
2020-10-29 09:25:00.320,3.335,100
2020-10-29 09:25:00.320,3.335,2000
2020-10-29 09:25:00.320,3.335,10000
2020-10-29 09:25:00.320,3.335,2000
2020-10-29 09:25:00.320,3.335,5000
2020-10-29 09:25:00.320,3.335,50000
2020-10-29 09:25:00.320,3.335,2500
2020-10-29 09:25:00.320,3.335,5000
2020-10-29 09:25:00.320,3.335,3800
2020-10-29 09:25:00.320,3.335,100
2020-10-29 09:25:00.320,3.335,10000
2020-10-29 09:25:00.320,3.335,100
2020-10-29 09:25:00.320,3.335,3300
2020-10-29 09:25:00.320,3.335,5000
2020-10-29 09:25:00.320,3.335,200
2020-10-29 09:25:00.320,3.335,1200
2020-10-29 09:25:00.320,3.335,8000
2020-10-29 09:25:00.320,3.335,10000
2020-10-29 09:25:00.320,3.335,700
2020-10-29 09:25:00.320,3.335,200
2020-10-29 09:25:00.320,3.335,10000
2020-10-29 09:25:00.320,3.335,2000
2020-10-29 09:25:00.320,3.335,5000
2020-10-29 09:25:00.320,3.335,5000
2020-10-29 09:25:00.320,3.335,5000
2020-10-29 09:25:00.320,3.335,200
2020-10-29 09:25:00.320,3.335,400
2020-10-29 09:25:00.320,3.335,10000
2020-10-29 09:25:00.320,3.335,5000
2020-10-29 09:25:00.320,3.335,500
2020-10-29 09:25:00.320,3.335,800
2020-10-29 09:25:00.320,3.335,900
2020-10-29 09:25:00.320,3.335,5000
2020-10-29 09:25:00.320,3.335,500
2020-10-29 09:25:00.320,3.335,300
2020-10-29 09:25:00.320,3.335,5000
2020-10-29 09:25:00.320,3.335,1500
2020-10-29 09:25:00.320,3.335,200
2020-10-29 09:25:00.320,3.335,30000
2020-10-29 09:25:00.320,3.335,400
2020-10-29 09:25:00.320,3.335,5000
2020-10-29 09:25:00.320,3.335,5000
2020-10-29 09:25:00.320,3.335,2000
2020-10-29 09:25:00.320,3.335,5100
2020-10-29 09:25:00.320,3.335,43100
2020-10-29 09:25:00.320,3.335,200
2020-10-29 09:25:00.320,3.335,600
2020-10-29 09:25:00.320,3.335,18300
2020-10-29 09:25:00.320,3.335,1700
2020-10-29 09:25:00.320,3.335,200
2020-10-29 09:25:00.320,3.335,10000
2020-10-29 09:25:00.320,3.335,5100
2020-10-29 09:25:00.320,3.335,500
2020-10-29 09:25:00.320,3.335,3000
2020-10-29 09:25:00.320,3.335,1000
2020-10-29 09:25:00.320,3.335,5000
2020-10-29 09:25:00.320,3.335,5000
2020-10-29 09:25:00.320,3.335,500
2020-10-29 09:25:00.320,3.335,6000
2020-10-29 09:25:00.320,3.335,5000
2020-10-29 09:25:00.320,3.335,1000
2020-10-29 09:25:00.320,3.335,300
2020-10-29 09:25:00.320,3.335,2500
2020-10-29 09:25:00.320,3.335,100
2020-10-29 09:25:00.320,3.335,200
2020-10-29 09:25:00.320,3.335,10000
2020-10-29 09:25:00.320,3.335,100
2020-10-29 09:25:00.320,3.335,1000
2020-10-29 09:25:00.320,3.335,30000
2020-10-29 09:25:00.320,3.335,10000
2020-10-29 09:25:00.320,3.335,5000
2020-10-29 09:25:00.320,3.335,10000
2020-10-29 09:25:00.320,3.335,150000
2020-10-29 09:25:00.320,3.335,8000
2020-10-29 09:25:00.320,3.335,600
2020-10-29 09:25:00.320,3.335,4000
2020-10-29 09:25:00.320,3.335,2000
2020-10-29 09:25:00.320,3.335,50000
2020-10-29 09:25:00.320,3.335,5000
2020-10-29 09:25:00.320,3.335,1000
2020-10-29 09:25:00.320,3.335,10000
2020-10-29 09:30:00.140,3.334,1000
2020-10-29 09:30:00.140,3.334,200
2020-10-29 09:30:00.140,3.334,6000
2020-10-29 09:30:00.140,3.333,100
2020-10-29 09:30:00.140,3.333,2000
2020-10-29 09:30:00.140,3.333,200
2020-10-29 09:30:00.140,3.333,6000
2020-10-29 09:30:00.140,3.333,50000
2020-10-29 09:30:00.140,3.333,50000
2020-10-29 09:30:00.140,3.333,124700
2020-10-29 09:30:00.240,3.335,20000
2020-10-29 09:30:00.280,3.334,28100
2020-10-29 09:30:00.280,3.334,1500
2020-10-29 09:30:00.280,3.334,2000
2020-10-29 09:30:00.320,3.334,100000
2020-10-29 09:30:00.320,3.334,2000
2020-10-29 09:30:00.380,3.334,2000
2020-10-29 09:30:00.380,3.333,19600
2020-10-29 09:30:00.380,3.334,500
2020-10-29 09:30:00.380,3.334,1000
2020-10-29 09:30:00.380,3.334,5000
2020-10-29 09:30:00.380,3.334,10000
2020-10-29 09:30:00.380,3.334,3000
2020-10-29 09:30:00.380,3.334,2000
2020-10-29 09:30:00.380,3.333,5000
2020-10-29 09:30:00.450,3.334,5000
2020-10-29 09:30:00.450,3.334,30500
2020-10-29 09:30:00.450,3.333,5500
2020-10-29 09:30:00.450,3.334,3000
2020-10-29 09:30:00.510,3.333,10000
2020-10-29 09:30:00.510,3.334,42300
2020-10-29 09:30:00.510,3.334,42400
2020-10-29 09:30:00.510,3.334,19700
2020-10-29 09:30:00.510,3.334,10300
2020-10-29 09:30:00.510,3.334,900
2020-10-29 09:30:00.510,3.334,9100
2020-10-29 09:30:00.510,3.334,300
2020-10-29 09:30:00.510,3.334,300
2020-10-29 09:30:00.570,3.334,300
2020-10-29 09:30:00.570,3.335,2200
2020-10-29 09:30:00.570,3.335,20000
2020-10-29 09:30:00.570,3.334,100
2020-10-29 09:30:00.570,3.335,3600
2020-10-29 09:30:00.570,3.335,1000
2020-10-29 09:30:00.570,3.335,3000
2020-10-29 09:30:00.670,3.334,300
2020-10-29 09:30:00.670,3.334,1000
2020-10-29 09:30:00.670,3.335,7700
2020-10-29 09:30:00.670,3.335,9000
2020-10-29 09:30:00.670,3.335,100
2020-10-29 09:30:00.670,3.335,9000
2020-10-29 09:30:00.670,3.334,200
2020-10-29 09:30:00.670,3.334,1000
2020-10-29 09:30:00.670,3.333,46900
2020-10-29 09:30:00.670,3.335,3000
2020-10-29 09:30:00.750,3.335,5000
2020-10-29 09:30:00.750,3.335,5000
2020-10-29 09:30:00.790,3.335,100000
2020-10-29 09:30:00.790,3.334,500
2020-10-29 09:30:00.790,3.334,30000
2020-10-29 09:30:00.880,3.334,1000
2020-10-29 09:30:00.880,3.333,5900
2020-10-29 09:30:00.880,3.334,2000
2020-10-29 09:30:00.920,3.334,9000
2020-10-29 09:30:00.970,3.334,2400
2020-10-29 09:30:00.970,3.333,20000
2020-10-29 09:30:00.970,3.334,7700
2020-10-29 09:30:01.100,3.333,4000
2020-10-29 09:30:01.100,3.333,10000
2020-10-29 09:30:01.190,3.334,500
2020-10-29 09:30:01.190,3.334,20000
2020-10-29 09:30:01.190,3.334,100
2020-10-29 09:30:01.190,3.334,4300
2020-10-29 09:30:01.190,3.333,10000
2020-10-29 09:30:01.190,3.334,200
2020-10-29 09:30:01.190,3.333,900
2020-10-29 09:30:01.190,3.334,3000
2020-10-29 09:30:01.190,3.334,4000
2020-10-29 09:30:01.190,3.334,5000
2020-10-29 09:30:01.280,3.334,500
2020-10-29 09:30:01.280,3.333,1300
2020-10-29 09:30:01.280,3.333,1500
2020-10-29 09:30:01.280,3.334,2800
2020-10-29 09:30:01.280,3.334,5000
2020-10-29 09:30:01.280,3.334,3000
2020-10-29 09:30:01.390,3.334,3000
2020-10-29 09:30:01.390,3.333,10000
2020-10-29 09:30:01.390,3.333,94400
2020-10-29 09:30:01.390,3.334,1000
2020-10-29 09:30:01.390,3.334,35000
2020-10-29 09:30:01.390,3.334,1500
2020-10-29 09:30:01.390,3.333,400
2020-10-29 09:30:01.390,3.334,500
2020-10-29 09:30:01.390,3.333,12600
2020-10-29 09:30:01.390,3.334,30000
2020-10-29 09:30:01.390,3.334,15000
2020-10-29 09:30:01.390,3.333,10000
2020-10-29 09:30:01.470,3.334,100
2020-10-29 09:30:01.470,3.334,3000
2020-10-29 09:30:01.470,3.334,8700
2020-10-29 09:30:01.470,3.334,13400
2020-10-29 09:30:01.470,3.334,500
2020-10-29 09:30:01.550,3.334,200
2020-10-29 09:30:01.550,3.334,10700
2020-10-29 09:30:01.550,3.334,100000
2020-10-29 09:30:01.610,3.334,500
2020-10-29 09:30:01.610,3.333,4300
2020-10-29 09:30:01.610,3.333,200
2020-10-29 09:30:01.610,3.334,14900
2020-10-29 09:30:01.610,3.334,1000
2020-10-29 09:30:01.610,3.334,8000
2020-10-29 09:30:01.660,3.334,800
2020-10-29 09:30:01.660,3.334,100
2020-10-29 09:30:01.660,3.334,200
2020-10-29 09:30:01.660,3.334,700
2020-10-29 09:30:01.660,3.334,4700
2020-10-29 09:30:01.660,3.334,5000
2020-10-29 09:30:01.660,3.334,2000
2020-10-29 09:30:01.660,3.334,1600
2020-10-29 09:30:01.660,3.334,10000
2020-10-29 09:30:01.660,3.334,1000
2020-10-29 09:30:01.660,3.334,4900
2020-10-29 09:30:01.660,3.334,600
2020-10-29 09:30:01.660,3.334,15500
2020-10-29 09:30:01.660,3.334,300000
2020-10-29 09:30:01.660,3.334,500
2020-10-29 09:30:01.660,3.334,20000
2020-10-29 09:30:01.660,3.335,1500
2020-10-29 09:30:01.760,3.335,20000
2020-10-29 09:30:01.760,3.334,1500
2020-10-29 09:30:01.760,3.335,1000
2020-10-29 09:30:01.760,3.334,68500
2020-10-29 09:30:01.760,3.335,50000
2020-10-29 09:30:01.760,3.335,1200
2020-10-29 09:30:01.760,3.335,2000
2020-10-29 09:30:01.760,3.334,11000
2020-10-29 09:30:01.760,3.335,9000
2020-10-29 09:30:01.870,3.335,676500
2020-10-29 09:30:01.870,3.335,300000
2020-10-29 09:30:01.870,3.335,23500
2020-10-29 09:30:01.870,3.334,40000
2020-10-29 09:30:01.870,3.335,10000
2020-10-29 09:30:01.870,3.334,11000
2020-10-29 09:30:01.870,3.335,20000
2020-10-29 09:30:01.870,3.334,1100
2020-10-29 09:30:01.870,3.334,7300
2020-10-29 09:30:01.980,3.335,300
2020-10-29 09:30:01.980,3.334,4400
2020-10-29 09:30:01.980,3.334,10000
2020-10-29 09:30:01.980,3.335,3000
2020-10-29 09:30:01.980,3.334,50000
2020-10-29 09:30:01.980,3.334,900
2020-10-29 09:30:01.980,3.335,1000
2020-10-29 09:30:02.070,3.334,3100
2020-10-29 09:30:02.070,3.335,30000
2020-10-29 09:30:02.070,3.334,414500
2020-10-29 09:30:02.070,3.335,300
2020-10-29 09:30:02.140,3.334,100
2020-10-29 09:30:02.140,3.335,20000
2020-10-29 09:30:02.210,3.335,30000
2020-10-29 09:30:02.210,3.335,700
2020-10-29 09:30:02.210,3.335,5000
2020-10-29 09:30:02.210,3.335,500
2020-10-29 09:30:02.260,3.335,1000
2020-10-29 09:30:02.260,3.334,10100
2020-10-29 09:30:02.260,3.334,3500
2020-10-29 09:30:02.260,3.335,30000
2020-10-29 09:30:02.260,3.335,100
2020-10-29 09:30:02.260,3.335,500
2020-10-29 09:30:02.260,3.334,11400
2020-10-29 09:30:02.260,3.334,300
2020-10-29 09:30:02.260,3.334,1000
2020-10-29 09:30:02.260,3.334,100
2020-10-29 09:30:02.260,3.334,2500
2020-10-29 09:30:02.260,3.334,5000
2020-10-29 09:30:02.260,3.334,3000
2020-10-29 09:30:02.350,3.334,1600
2020-10-29 09:30:02.350,3.335,9400
2020-10-29 09:30:02.350,3.335,2600
2020-10-29 09:30:02.390,3.335,500
2020-10-29 09:30:02.390,3.335,1000
2020-10-29 09:30:02.390,3.335,8500
2020-10-29 09:30:02.390,3.335,4000
2020-10-29 09:30:02.390,3.334,1000
2020-10-29 09:30:02.390,3.333,31500
2020-10-29 09:30:02.490,3.334,100
2020-10-29 09:30:02.490,3.334,100
2020-10-29 09:30:02.490,3.334,2000
2020-10-29 09:30:02.490,3.333,27800
2020-10-29 09:30:02.490,3.334,1000
2020-10-29 09:30:02.550,3.334,3000
2020-10-29 09:30:02.550,3.335,2400
2020-10-29 09:30:02.550,3.335,300
2020-10-29 09:30:02.550,3.335,300
2020-10-29 09:30:02.550,3.335,400
2020-10-29 09:30:02.600,3.335,500
2020-10-29 09:30:02.600,3.334,10000
2020-10-29 09:30:02.600,3.334,300
2020-10-29 09:30:02.690,3.334,2000
2020-10-29 09:30:02.690,3.334,12700
2020-10-29 09:30:02.690,3.335,7300
2020-10-29 09:30:02.690,3.335,30000
2020-10-29 09:30:02.690,3.335,10000
2020-10-29 09:30:02.760,3.334,1000
2020-10-29 09:30:02.760,3.334,300
2020-10-29 09:30:02.760,3.334,8700
2020-10-29 09:30:02.760,3.334,16800
2020-10-29 09:30:02.830,3.334,400
2020-10-29 09:30:02.830,3.334,3000
2020-10-29 09:30:02.830,3.335,3000
2020-10-29 09:30:02.830,3.335,1000
2020-10-29 09:30:02.830,3.335,300
2020-10-29 09:30:02.830,3.335,1400
2020-10-29 09:30:02.900,3.335,200
2020-10-29 09:30:02.900,3.335,1000
2020-10-29 09:30:02.960,3.335,13100
2020-10-29 09:30:02.960,3.334,1100
2020-10-29 09:30:02.960,3.334,10000
2020-10-29 09:30:02.960,3.334,1200
2020-10-29 09:30:03.000,3.334,6100
2020-10-29 09:30:03.000,3.334,2000
2020-10-29 09:30:03.000,3.333,43500
2020-10-29 09:30:03.000,3.333,1300
2020-10-29 09:30:03.000,3.333,37800
2020-10-29 09:30:03.000,3.333,600
2020-10-29 09:30:03.000,3.333,16100
2020-10-29 09:30:03.000,3.334,10000
2020-10-29 09:30:03.000,3.334,150000
2020-10-29 09:30:03.040,3.334,3300
2020-10-29 09:30:03.040,3.334,900
2020-10-29 09:30:03.120,3.334,1000
2020-10-29 09:30:03.120,3.334,2400
2020-10-29 09:30:03.120,3.333,3900
2020-10-29 09:30:03.120,3.333,1000
2020-10-29 09:30:03.120,3.333,100
2020-10-29 09:30:03.250,3.333,3000
2020-10-29 09:30:03.250,3.334,100
2020-10-29 09:30:03.250,3.334,3100
2020-10-29 09:30:03.310,3.334,30000
2020-10-29 09:30:03.310,3.334,10000
2020-10-29 09:30:03.310,3.334,10000
2020-10-29 09:30:03.430,3.334,100
2020-10-29 09:30:03.430,3.334,15000
2020-10-29 09:30:03.430,3.333,1900
2020-10-29 09:30:03.430,3.333,2000
2020-10-29 09:30:03.430,3.333,100
2020-10-29 09:30:03.430,3.333,100
2020-10-29 09:30:03.430,3.333,900
2020-10-29 09:30:03.430,3.334,8200
2020-10-29 09:30:03.430,3.334,300
2020-10-29 09:30:03.430,3.334,6100
2020-10-29 09:30:03.430,3.334,24000
2020-10-29 09:30:03.430,3.334,30000
2020-10-29 09:30:03.430,3.334,900
2020-10-29 09:30:03.430,3.334,4200
2020-10-29 09:30:03.430,3.334,26300
2020-10-29 09:30:03.540,3.334,100
2020-10-29 09:30:03.540,3.333,10100
2020-10-29 09:30:03.540,3.333,20000
2020-10-29 09:30:03.540,3.333,10000
2020-10-29 09:30:03.540,3.333,3000
2020-10-29 09:30:03.540,3.333,1000
2020-10-29 09:30:03.540,3.333,100
2020-10-29 09:30:03.540,3.333,5800
2020-10-29 09:30:03.540,3.334,400
2020-10-29 09:30:03.540,3.334,14900
2020-10-29 09:30:03.540,3.334,6100
2020-10-29 09:30:03.540,3.334,10000
2020-10-29 09:30:03.610,3.334,10000
2020-10-29 09:30:03.610,3.334,2000
2020-10-29 09:30:03.650,3.334,200
2020-10-29 09:30:03.710,3.334,20000
2020-10-29 09:30:03.710,3.334,800
2020-10-29 09:30:03.710,3.334,400
2020-10-29 09:30:03.710,3.334,3000
2020-10-29 09:30:03.780,3.333,4200
2020-10-29 09:30:03.780,3.333,1000
2020-10-29 09:30:03.780,3.333,5000
2020-10-29 09:30:03.780,3.333,1600
2020-10-29 09:30:03.780,3.333,3800
2020-10-29 09:30:03.780,3.333,60000
2020-10-29 09:30:03.780,3.333,5000
2020-10-29 09:30:03.780,3.333,500
2020-10-29 09:30:03.780,3.333,8800
2020-10-29 09:30:03.780,3.333,2000
2020-10-29 09:30:03.780,3.333,300
2020-10-29 09:30:03.780,3.333,900
2020-10-29 09:30:03.780,3.333,3000
2020-10-29 09:30:03.780,3.333,8000
2020-10-29 09:30:03.780,3.333,3000
2020-10-29 09:30:03.780,3.333,5000
2020-10-29 09:30:03.780,3.333,20000
2020-10-29 09:30:03.780,3.333,400
2020-10-29 09:30:03.780,3.333,15000
2020-10-29 09:30:03.780,3.333,300
2020-10-29 09:30:03.850,3.333,100
2020-10-29 09:30:03.850,3.333,3000
2020-10-29 09:30:03.850,3.333,5000
2020-10-29 09:30:03.920,3.333,400
2020-10-29 09:30:03.920,3.333,20000
2020-10-29 09:30:04.000,3.333,3500
2020-10-29 09:30:04.000,3.333,20000
2020-10-29 09:30:04.000,3.333,30000
2020-10-29 09:30:04.000,3.333,5000
2020-10-29 09:30:04.000,3.333,3000
2020-10-29 09:30:04.000,3.333,30000
2020-10-29 09:30:04.000,3.333,40000
2020-10-29 09:30:04.070,3.333,1500
2020-10-29 09:30:04.150,3.333,10000
2020-10-29 09:30:04.150,3.333,5000
2020-10-29 09:30:04.150,3.333,10000
2020-10-29 09:30:04.150,3.333,20000
2020-10-29 09:30:04.150,3.333,15100
2020-10-29 09:30:04.220,3.333,11100
2020-10-29 09:30:04.350,3.333,531300
2020-10-29 09:30:04.350,3.333,100000
2020-10-29 09:30:04.350,3.334,68700
2020-10-29 09:30:04.350,3.334,5000
2020-10-29 09:30:04.350,3.333,10000
2020-10-29 09:30:04.350,3.332,3000
2020-10-29 09:30:04.350,3.332,300
2020-10-29 09:30:04.350,3.332,200
2020-10-29 09:30:04.350,3.332,1700
2020-10-29 09:30:04.350,3.333,3000
2020-10-29 09:30:04.350,3.333,3000
2020-10-29 09:30:04.350,3.333,1000
2020-10-29 09:30:04.350,3.333,100
2020-10-29 09:30:04.350,3.333,30000
2020-10-29 09:30:04.350,3.333,2900
2020-10-29 09:30:04.350,3.334,100
2020-10-29 09:30:04.480,3.334,14700
2020-10-29 09:30:04.480,3.333,900
2020-10-29 09:30:04.480,3.334,10000
2020-10-29 09:30:04.480,3.334,13800
2020-10-29 09:30:04.480,3.333,4700
2020-10-29 09:30:04.480,3.333,2000
2020-10-29 09:30:04.480,3.334,40000
2020-10-29 09:30:04.610,3.334,5000
2020-10-29 09:30:04.690,3.333,2400
2020-10-29 09:30:04.690,3.332,3400
2020-10-29 09:30:04.690,3.334,300
2020-10-29 09:30:04.690,3.332,100
2020-10-29 09:30:04.690,3.334,10000
2020-10-29 09:30:04.740,3.334,1000
2020-10-29 09:30:04.740,3.334,300
2020-10-29 09:30:04.740,3.334,1000
2020-10-29 09:30:04.740,3.334,12000
2020-10-29 09:30:04.740,3.333,10500
2020-10-29 09:30:04.740,3.332,39500
2020-10-29 09:30:04.740,3.332,150000
2020-10-29 09:30:04.850,3.334,5400
2020-10-29 09:30:04.850,3.334,10000
2020-10-29 09:30:04.850,3.334,3000
2020-10-29 09:30:04.850,3.334,100
2020-10-29 09:30:04.850,3.334,31600
2020-10-29 09:30:04.850,3.334,100
2020-10-29 09:30:04.850,3.334,50000
2020-10-29 09:30:04.850,3.334,30000
2020-10-29 09:30:04.850,3.334,10000
2020-10-29 09:30:04.850,3.334,2400
2020-10-29 09:30:04.850,3.334,3500
2020-10-29 09:30:04.970,3.334,1300
2020-10-29 09:30:04.970,3.334,10000
2020-10-29 09:30:04.970,3.334,10000
2020-10-29 09:30:04.970,3.333,4000
2020-10-29 09:30:04.970,3.332,11000
2020-10-29 09:30:04.970,3.334,200
2020-10-29 09:30:04.970,3.334,100
2020-10-29 09:30:04.970,3.334,7000
2020-10-29 09:30:05.150,3.334,10000
2020-10-29 09:30:05.150,3.334,500
2020-10-29 09:30:05.150,3.334,2000
2020-10-29 09:30:05.150,3.334,200
2020-10-29 09:30:05.150,3.334,5000
2020-10-29 09:30:05.230,3.334,100
2020-10-29 09:30:05.230,3.334,100
2020-10-29 09:30:05.230,3.334,20000
2020-10-29 09:30:05.290,3.332,5500
2020-10-29 09:30:05.290,3.334,2500
2020-10-29 09:30:05.360,3.334,200
2020-10-29 09:30:05.360,3.334,1500
2020-10-29 09:30:05.420,3.334,7100
2020-10-29 09:30:05.420,3.334,5100
2020-10-29 09:30:05.420,3.333,5700
2020-10-29 09:30:05.580,3.334,100
2020-10-29 09:30:05.580,3.334,1100
2020-10-29 09:30:05.580,3.333,4300
2020-10-29 09:30:05.580,3.334,5900
2020-10-29 09:30:05.580,3.334,2800
2020-10-29 09:30:05.580,3.334,4500
2020-10-29 09:30:05.580,3.334,5000
2020-10-29 09:30:05.580,3.334,3700
2020-10-29 09:30:05.650,3.334,500
2020-10-29 09:30:05.650,3.334,500
2020-10-29 09:30:05.650,3.334,4100
2020-10-29 09:30:05.650,3.334,5800
2020-10-29 09:30:05.650,3.334,100
2020-10-29 09:30:05.650,3.334,11500
2020-10-29 09:30:05.650,3.333,100
2020-10-29 09:30:05.700,3.334,200
2020-10-29 09:30:05.770,3.334,200
2020-10-29 09:30:05.830,3.334,1500
2020-10-29 09:30:05.830,3.334,6000
2020-10-29 09:30:05.900,3.333,2900
2020-10-29 09:30:05.900,3.333,9700
2020-10-29 09:30:06.150,3.334,4000
2020-10-29 09:30:06.370,3.334,1500
2020-10-29 09:30:06.400,3.334,1000
2020-10-29 09:30:06.550,3.334,3000
2020-10-29 09:30:06.680,3.334,200
2020-10-29 09:30:06.680,3.334,200
2020-10-29 09:30:06.700,3.334,200
2020-10-29 09:30:06.700,3.334,3000
2020-10-29 09:30:06.780,3.334,10000
2020-10-29 09:30:06.900,3.333,300
2020-10-29 09:30:06.900,3.333,1000
2020-10-29 09:30:06.900,3.332,200
2020-10-29 09:30:06.970,3.334,100
2020-10-29 09:30:07.300,3.333,5000
2020-10-29 09:30:07.300,3.333,18200
2020-10-29 09:30:07.470,3.333,19800
2020-10-29 09:30:07.470,3.334,500
2020-10-29 09:30:07.540,3.334,60000
2020-10-29 09:30:07.560,3.334,5000
2020-10-29 09:30:07.630,3.334,1500
2020-10-29 09:30:07.710,3.334,300
2020-10-29 09:30:07.710,3.334,3700
2020-10-29 09:30:07.900,3.334,900
2020-10-29 09:30:07.900,3.334,6900
2020-10-29 09:30:08.020,3.334,100
2020-10-29 09:30:08.170,3.334,5900
2020-10-29 09:30:08.300,3.333,1300
2020-10-29 09:30:08.460,3.334,1100
2020-10-29 09:30:08.460,3.334,900
2020-10-29 09:30:08.520,3.334,1000
2020-10-29 09:30:08.720,3.334,8000
2020-10-29 09:30:08.900,3.334,2000
2020-10-29 09:30:09.040,3.334,1000
2020-10-29 09:30:09.230,3.333,6000
2020-10-29 09:30:09.930,3.334,1000
2020-10-29 09:30:09.990,3.334,1500
2020-10-29 09:30:10.470,3.333,15100
2020-10-29 09:30:10.630,3.334,11300
2020-10-29 09:30:10.630,3.334,20000
2020-10-29 09:30:10.630,3.334,3900
2020-10-29 09:30:10.630,3.334,3100
2020-10-29 09:30:10.630,3.334,2000
2020-10-29 09:30:10.630,3.334,2100
2020-10-29 09:30:10.630,3.334,300
2020-10-29 09:30:10.630,3.334,1000
2020-10-29 09:30:10.630,3.334,100
2020-10-29 09:30:10.630,3.334,8100
2020-10-29 09:30:10.630,3.334,9300
2020-10-29 09:30:10.630,3.334,9700
2020-10-29 09:30:10.630,3.334,900
2020-10-29 09:30:10.630,3.334,8200
2020-10-29 09:30:10.790,3.333,100
2020-10-29 09:30:10.790,3.334,3100
2020-10-29 09:30:10.880,3.334,2000
2020-10-29 09:30:10.940,3.333,2800
2020-10-29 09:30:10.970,3.333,6000
2020-10-29 09:30:11.090,3.334,300
2020-10-29 09:30:11.200,3.333,10500
2020-10-29 09:30:11.500,3.333,9800
2020-10-29 09:30:11.620,3.334,300
2020-10-29 09:30:11.830,3.333,10000
2020-10-29 09:30:12.010,3.334,500
2020-10-29 09:30:12.470,3.334,10000
2020-10-29 09:30:12.470,3.334,3000
2020-10-29 09:30:12.470,3.334,700
2020-10-29 09:30:12.470,3.334,8000
2020-10-29 09:30:12.470,3.334,100
2020-10-29 09:30:12.470,3.334,6000
2020-10-29 09:30:12.470,3.334,10500
2020-10-29 09:30:12.470,3.334,111700
2020-10-29 09:30:12.500,3.334,10000
2020-10-29 09:30:12.640,3.334,5000
2020-10-29 09:30:12.670,3.333,388600
2020-10-29 09:30:12.670,3.333,3000
2020-10-29 09:30:12.670,3.333,200
2020-10-29 09:30:12.670,3.333,3700
2020-10-29 09:30:12.920,3.333,5000
2020-10-29 09:30:13.330,3.333,3000
2020-10-29 09:30:13.750,3.333,10000
2020-10-29 09:30:13.750,3.333,500
2020-10-29 09:30:13.780,3.333,198700
2020-10-29 09:30:13.840,3.333,150000
2020-10-29 09:30:14.060,3.333,5000
2020-10-29 09:30:14.150,3.333,63600
2020-10-29 09:30:15.000,3.333,5000
2020-10-29 09:30:15.000,3.333,1000
2020-10-29 09:30:15.030,3.333,100
2020-10-29 09:30:15.740,3.333,162600
2020-10-29 09:30:15.740,3.333,8300
2020-10-29 09:30:15.770,3.334,15000
2020-10-29 09:30:15.870,3.334,11900
2020-10-29 09:30:15.870,3.334,48100
2020-10-29 09:30:16.130,3.334,30000
2020-10-29 09:30:17.130,3.333,2000
2020-10-29 09:30:17.130,3.333,2000
2020-10-29 09:30:17.130,3.333,1000
2020-10-29 09:30:17.250,3.334,100
2020-10-29 09:30:17.340,3.334,300
2020-10-29 09:30:17.340,3.334,2700
2020-10-29 09:30:17.570,3.333,200
2020-10-29 09:30:17.780,3.334,2300
2020-10-29 09:30:17.780,3.334,700
2020-10-29 09:30:17.810,3.334,2300
2020-10-29 09:30:18.640,3.335,1000
2020-10-29 09:30:19.150,3.334,700
2020-10-29 09:30:19.150,3.334,529300
2020-10-29 09:30:20.070,3.334,8400
2020-10-29 09:30:20.430,3.335,25900
2020-10-29 09:30:20.430,3.335,24100
2020-10-29 09:30:20.960,3.335,300
2020-10-29 09:30:21.030,3.335,5000
2020-10-29 09:30:21.030,3.335,5000
2020-10-29 09:30:21.320,3.334,1100
2020-10-29 09:30:21.410,3.335,100
2020-10-29 09:30:21.620,3.334,5500
2020-10-29 09:30:21.620,3.334,12100
2020-10-29 09:30:21.620,3.334,5000
2020-10-29 09:30:21.620,3.334,1400
2020-10-29 09:30:22.270,3.334,12600
2020-10-29 09:30:22.400,3.333,6000
2020-10-29 09:30:22.420,3.334,27400
2020-10-29 09:30:23.060,3.335,100
2020-10-29 09:30:23.120,3.334,19400
2020-10-29 09:30:23.250,3.334,3200
2020-10-29 09:30:23.250,3.334,900
2020-10-29 09:30:25.210,3.334,1000
2020-10-29 09:30:25.520,3.334,30000
2020-10-29 09:30:25.580,3.334,300
2020-10-29 09:30:25.580,3.334,500
2020-10-29 09:30:26.050,3.333,3800
2020-10-29 09:30:26.050,3.333,5000
2020-10-29 09:30:26.050,3.333,5200
2020-10-29 09:30:26.390,3.334,2800
2020-10-29 09:30:26.450,3.334,2000
2020-10-29 09:30:27.070,3.333,14800
2020-10-29 09:30:27.070,3.333,5000
2020-10-29 09:30:27.070,3.333,13300
2020-10-29 09:30:28.210,3.334,4000
2020-10-29 09:30:28.240,3.334,1000
2020-10-29 09:30:28.240,3.335,500
2020-10-29 09:30:28.660,3.335,28400
2020-10-29 09:30:28.720,3.333,1500
2020-10-29 09:30:29.460,3.334,3000
2020-10-29 09:30:29.950,3.334,5100
2020-10-29 09:30:30.030,3.334,100
2020-10-29 09:30:30.280,3.334,900
2020-10-29 09:30:30.460,3.334,48000
2020-10-29 09:30:31.590,3.335,2000
2020-10-29 09:30:31.740,3.335,2000
2020-10-29 09:30:32.340,3.335,2900
2020-10-29 09:30:32.470,3.334,5000
2020-10-29 09:30:32.470,3.334,10000
2020-10-29 09:30:32.470,3.334,100
2020-10-29 09:30:32.620,3.334,5000
2020-10-29 09:30:33.290,3.334,4600
2020-10-29 09:30:33.290,3.335,400
2020-10-29 09:30:34.090,3.334,900
2020-10-29 09:30:35.180,3.333,1000
2020-10-29 09:30:35.180,3.333,4000
2020-10-29 09:30:35.330,3.334,23200
2020-10-29 09:30:35.440,3.334,1000
2020-10-29 09:30:35.910,3.334,29900
2020-10-29 09:30:35.940,3.335,2500
2020-10-29 09:30:37.020,3.335,700
2020-10-29 09:30:37.640,3.333,8700
2020-10-29 09:30:39.950,3.334,3000
2020-10-29 09:30:39.950,3.334,1000
2020-10-29 09:30:39.950,3.334,2000
2020-10-29 09:30:39.950,3.334,6000
2020-10-29 09:30:39.950,3.334,2900
2020-10-29 09:30:40.340,3.335,24100
2020-10-29 09:30:40.340,3.335,300
2020-10-29 09:30:40.340,3.335,3600
2020-10-29 09:30:40.340,3.335,2000
2020-10-29 09:30:40.940,3.334,3000
2020-10-29 09:30:40.940,3.334,1000
2020-10-29 09:30:40.940,3.334,2000
2020-10-29 09:30:40.940,3.334,15000
2020-10-29 09:30:40.940,3.334,100
2020-10-29 09:30:40.940,3.334,5000
2020-10-29 09:30:40.940,3.333,11100
2020-10-29 09:30:40.940,3.334,5000
2020-10-29 09:30:40.940,3.334,4000
2020-10-29 09:30:40.970,3.334,3800
2020-10-29 09:30:40.970,3.333,10400
2020-10-29 09:30:40.970,3.333,2000
2020-10-29 09:30:40.970,3.333,900
2020-10-29 09:30:40.970,3.333,100
2020-10-29 09:30:40.970,3.333,100000
2020-10-29 09:30:40.970,3.333,10000
2020-10-29 09:30:40.970,3.333,4000
2020-10-29 09:30:40.970,3.333,5000
2020-10-29 09:30:40.970,3.333,3000
2020-10-29 09:30:40.970,3.333,2000
2020-10-29 09:30:40.970,3.333,4300
2020-10-29 09:30:40.970,3.333,2500
2020-10-29 09:30:40.970,3.333,3000
2020-10-29 09:30:40.970,3.333,1900
2020-10-29 09:30:40.970,3.333,4400
2020-10-29 09:30:40.970,3.333,3000
2020-10-29 09:30:40.970,3.333,1200
2020-10-29 09:30:40.970,3.333,10000
2020-10-29 09:30:40.970,3.333,168500
2020-10-29 09:30:41.120,3.335,3900
2020-10-29 09:30:41.120,3.335,3000
2020-10-29 09:30:41.120,3.335,13100
2020-10-29 09:30:41.240,3.335,11900
2020-10-29 09:30:41.240,3.335,6700
2020-10-29 09:30:41.240,3.335,3000
2020-10-29 09:30:41.240,3.335,29900
2020-10-29 09:30:41.240,3.335,30000
2020-10-29 09:30:41.240,3.335,15000
2020-10-29 09:30:41.240,3.335,900
2020-10-29 09:30:41.240,3.335,4900
2020-10-29 09:30:41.240,3.335,3000
2020-10-29 09:30:41.240,3.335,42800
2020-10-29 09:30:41.240,3.335,1100
2020-10-29 09:30:41.240,3.335,15800
2020-10-29 09:30:41.380,3.334,1400
2020-10-29 09:30:41.980,3.335,15700
2020-10-29 09:30:42.140,3.334,8600
2020-10-29 09:30:42.140,3.334,500
2020-10-29 09:30:42.230,3.334,2000
2020-10-29 09:30:42.260,3.334,100
2020-10-29 09:30:42.450,3.334,5000
2020-10-29 09:30:42.620,3.334,5000
2020-10-29 09:30:42.890,3.334,2800
2020-10-29 09:30:43.400,3.335,6600
2020-10-29 09:30:43.570,3.334,200
2020-10-29 09:30:43.570,3.334,800
2020-10-29 09:30:43.570,3.334,3200
2020-10-29 09:30:44.210,3.334,150000
2020-10-29 09:30:44.740,3.335,100
2020-10-29 09:30:46.010,3.335,600
2020-10-29 09:30:46.010,3.335,20000
2020-10-29 09:30:46.380,3.335,2400
2020-10-29 09:30:46.670,3.335,1000
2020-10-29 09:30:47.210,3.335,5000
2020-10-29 09:30:47.840,3.335,200
2020-10-29 09:30:48.710,3.335,50000
2020-10-29 09:30:49.930,3.334,5000
2020-10-29 09:30:49.930,3.334,5000
2020-10-29 09:30:50.280,3.335,10000
2020-10-29 09:30:50.410,3.334,600
2020-10-29 09:30:50.940,3.335,10000
2020-10-29 09:30:51.140,3.335,3000
2020-10-29 09:30:52.520,3.335,1600
2020-10-29 09:30:52.580,3.335,2000
2020-10-29 09:30:53.060,3.334,11500
2020-10-29 09:30:53.060,3.334,900
2020-10-29 09:30:53.060,3.334,5000
2020-10-29 09:30:53.060,3.334,300
2020-10-29 09:30:53.060,3.334,6300
2020-10-29 09:30:53.240,3.334,600
2020-10-29 09:30:53.300,3.335,10000
2020-10-29 09:30:54.140,3.335,200
2020-10-29 09:30:54.410,3.335,21000
2020-10-29 09:30:54.530,3.334,1400
2020-10-29 09:30:55.170,3.335,3000
2020-10-29 09:30:55.200,3.334,21700
2020-10-29 09:30:55.200,3.334,4400
2020-10-29 09:30:55.200,3.334,10000
2020-10-29 09:30:55.200,3.334,200
2020-10-29 09:30:55.200,3.334,1000
2020-10-29 09:30:55.200,3.334,11000
2020-10-29 09:30:55.200,3.334,30000
2020-10-29 09:30:55.200,3.334,2000
2020-10-29 09:30:55.200,3.334,2200
2020-10-29 09:30:55.200,3.334,50000
2020-10-29 09:30:55.200,3.334,30000
2020-10-29 09:30:55.480,3.334,73600
2020-10-29 09:30:55.480,3.335,124600
2020-10-29 09:30:55.610,3.335,3000
2020-10-29 09:30:55.700,3.335,10000
2020-10-29 09:30:55.850,3.334,100
2020-10-29 09:30:56.300,3.335,2700
2020-10-29 09:30:56.300,3.335,7300
2020-10-29 09:30:56.690,3.335,5000
2020-10-29 09:30:56.990,3.335,15000
2020-10-29 09:30:56.990,3.334,900
2020-10-29 09:30:57.050,3.334,500
2020-10-29 09:30:57.480,3.335,1000
2020-10-29 09:30:57.660,3.335,2000
2020-10-29 09:30:58.170,3.335,3000
2020-10-29 09:30:58.320,3.335,1000
2020-10-29 09:30:58.990,3.335,45300
2020-10-29 09:30:58.990,3.335,600
2020-10-29 09:30:58.990,3.335,8100
2020-10-29 09:30:58.990,3.335,30000
2020-10-29 09:30:58.990,3.335,9200
2020-10-29 09:30:58.990,3.335,121800
2020-10-29 09:31:02.070,3.336,3000
2020-10-29 09:31:02.070,3.336,5000
2020-10-29 09:31:02.070,3.336,60000
2020-10-29 09:31:02.070,3.336,503000
2020-10-29 09:31:03.050,3.335,500
2020-10-29 09:31:03.380,3.336,17000
2020-10-29 09:31:03.950,3.335,1500
2020-10-29 09:31:04.710,3.335,17300
2020-10-29 09:31:04.980,3.336,80000
2020-10-29 09:31:04.980,3.336,5000
2020-10-29 09:31:05.790,3.336,3900
2020-10-29 09:31:06.720,3.336,44700
2020-10-29 09:31:07.090,3.336,6400
2020-10-29 09:31:08.450,3.336,300
2020-10-29 09:31:08.920,3.336,59700
2020-10-29 09:31:08.920,3.337,2900
2020-10-29 09:31:08.920,3.337,74800
2020-10-29 09:31:09.100,3.335,700
2020-10-29 09:31:09.100,3.335,3000
2020-10-29 09:31:10.330,3.336,8600
2020-10-29 09:31:10.870,3.337,2000
2020-10-29 09:31:11.870,3.337,52700
2020-10-29 09:31:11.870,3.337,2000
2020-10-29 09:31:11.870,3.337,3000
2020-10-29 09:31:11.870,3.337,2300
2020-10-29 09:31:12.150,3.337,100
2020-10-29 09:31:13.190,3.337,9800
2020-10-29 09:31:13.620,3.337,47800
2020-10-29 09:31:15.090,3.337,3000
2020-10-29 09:31:15.090,3.337,5000
2020-10-29 09:31:15.090,3.337,10000
2020-10-29 09:31:15.090,3.337,10000
2020-10-29 09:31:15.090,3.337,3000
2020-10-29 09:31:15.090,3.337,1800
2020-10-29 09:31:15.290,3.337,27200
2020-10-29 09:31:15.850,3.337,2800
2020-10-29 09:31:15.850,3.337,6100
2020-10-29 09:31:16.980,3.338,10000
2020-10-29 09:31:17.140,3.338,6700
2020-10-29 09:31:17.140,3.338,1200
2020-10-29 09:31:18.790,3.338,21900
2020-10-29 09:31:18.790,3.338,2000
2020-10-29 09:31:18.790,3.338,500
2020-10-29 09:31:18.790,3.338,19900
2020-10-29 09:31:18.790,3.338,6000
2020-10-29 09:31:18.790,3.338,800
2020-10-29 09:31:18.790,3.338,3000
2020-10-29 09:31:18.920,3.338,7100
2020-10-29 09:31:19.110,3.338,60000
2020-10-29 09:31:19.290,3.339,2100
2020-10-29 09:31:19.290,3.339,5000
2020-10-29 09:31:19.290,3.339,6000
2020-10-29 09:31:19.520,3.339,6900
2020-10-29 09:31:19.520,3.338,293300
2020-10-29 09:31:20.100,3.338,60000
2020-10-29 09:31:20.160,3.338,9000
2020-10-29 09:31:20.320,3.338,24000
2020-10-29 09:31:21.150,3.338,1000
2020-10-29 09:31:23.070,3.338,2900
2020-10-29 09:31:23.070,3.338,30000
2020-10-29 09:31:23.070,3.338,500
2020-10-29 09:31:23.070,3.337,1900
2020-10-29 09:31:23.070,3.337,1500
2020-10-29 09:31:23.070,3.337,2000
2020-10-29 09:31:23.070,3.337,30000
2020-10-29 09:31:23.070,3.337,5000
2020-10-29 09:31:23.070,3.337,9000
2020-10-29 09:31:23.070,3.337,6200
2020-10-29 09:31:25.020,3.338,30000
2020-10-29 09:31:25.390,3.338,400
2020-10-29 09:31:25.510,3.338,10000
2020-10-29 09:31:25.510,3.338,500
2020-10-29 09:31:25.850,3.338,700
2020-10-29 09:31:25.970,3.338,2300
2020-10-29 09:31:26.230,3.338,10000
2020-10-29 09:31:26.460,3.337,1300
2020-10-29 09:31:26.550,3.338,200
2020-10-29 09:31:26.920,3.338,4600
2020-10-29 09:31:26.950,3.338,1300
2020-10-29 09:31:28.010,3.338,1700
2020-10-29 09:31:28.010,3.338,2000
2020-10-29 09:31:28.010,3.338,1500
2020-10-29 09:31:28.970,3.338,2000
2020-10-29 09:31:29.740,3.338,2000
2020-10-29 09:31:29.820,3.338,600
2020-10-29 09:31:30.000,3.338,100
2020-10-29 09:31:30.030,3.338,2500
2020-10-29 09:31:30.180,3.338,30000
2020-10-29 09:31:30.250,3.338,5000
2020-10-29 09:31:30.460,3.338,1600
2020-10-29 09:31:30.660,3.338,11000
2020-10-29 09:31:30.660,3.338,500
2020-10-29 09:31:30.870,3.339,100
2020-10-29 09:31:31.090,3.339,900
2020-10-29 09:31:32.020,3.338,18500
2020-10-29 09:31:32.020,3.338,3000
2020-10-29 09:31:32.020,3.338,1800
2020-10-29 09:31:32.020,3.338,2000
2020-10-29 09:31:32.020,3.338,500
2020-10-29 09:31:32.020,3.338,3000
2020-10-29 09:31:32.020,3.338,5900
2020-10-29 09:31:32.020,3.338,2800
2020-10-29 09:31:32.260,3.338,20000
2020-10-29 09:31:32.380,3.338,1000
2020-10-29 09:31:32.620,3.338,1000
2020-10-29 09:31:32.970,3.339,11100
2020-10-29 09:31:33.180,3.339,300
2020-10-29 09:31:34.330,3.338,5800
2020-10-29 09:31:35.780,3.339,10000
2020-10-29 09:31:35.990,3.339,7600
2020-10-29 09:31:35.990,3.339,19800
2020-10-29 09:31:36.040,3.339,600
2020-10-29 09:31:36.330,3.338,100
2020-10-29 09:31:36.440,3.338,4300
2020-10-29 09:31:36.850,3.339,6000
2020-10-29 09:31:37.170,3.339,5000
2020-10-29 09:31:37.310,3.339,50000
2020-10-29 09:31:37.360,3.338,19800
2020-10-29 09:31:37.360,3.338,100
2020-10-29 09:31:37.360,3.338,800
2020-10-29 09:31:37.390,3.339,40000
2020-10-29 09:31:37.540,3.339,3200
2020-10-29 09:31:37.800,3.339,63000
2020-10-29 09:31:38.120,3.339,800
2020-10-29 09:31:38.460,3.339,1500
2020-10-29 09:31:38.770,3.339,30000
2020-10-29 09:31:38.820,3.339,1100
2020-10-29 09:31:38.960,3.338,11300
2020-10-29 09:31:39.460,3.339,4000
2020-10-29 09:31:39.600,3.339,30000
2020-10-29 09:31:39.980,3.339,500
2020-10-29 09:31:40.050,3.338,400
2020-10-29 09:31:40.050,3.338,10000
2020-10-29 09:31:40.050,3.338,1000
2020-10-29 09:31:40.050,3.338,200
2020-10-29 09:31:40.050,3.338,5000
2020-10-29 09:31:40.050,3.338,3000
2020-10-29 09:31:40.050,3.338,5000
2020-10-29 09:31:40.050,3.338,5000
2020-10-29 09:31:40.050,3.338,10000
2020-10-29 09:31:40.050,3.338,4500
2020-10-29 09:31:40.050,3.338,1000
2020-10-29 09:31:40.050,3.338,54900
2020-10-29 09:31:40.130,3.338,5100
2020-10-29 09:31:40.130,3.338,4900
2020-10-29 09:31:40.190,3.339,1000
2020-10-29 09:31:40.260,3.339,229700
2020-10-29 09:31:40.340,3.339,30000
2020-10-29 09:31:40.550,3.339,47400
2020-10-29 09:31:40.920,3.339,30000
2020-10-29 09:31:41.170,3.338,5100
2020-10-29 09:31:41.170,3.338,1200
2020-10-29 09:31:41.170,3.338,500
2020-10-29 09:31:41.170,3.338,8200
2020-10-29 09:31:41.310,3.339,6400
2020-10-29 09:31:41.310,3.339,8200
2020-10-29 09:31:41.310,3.339,17000
2020-10-29 09:31:41.310,3.339,11000
2020-10-29 09:31:43.820,3.34,500
2020-10-29 09:31:43.820,3.34,20000
2020-10-29 09:31:43.820,3.34,17000
2020-10-29 09:31:44.520,3.339,900
2020-10-29 09:31:44.520,3.339,19100
2020-10-29 09:31:44.980,3.34,13000
2020-10-29 09:31:44.980,3.34,1000
2020-10-29 09:31:44.980,3.34,27300
2020-10-29 09:31:44.980,3.34,3100
2020-10-29 09:31:44.980,3.34,10000
2020-10-29 09:31:44.980,3.34,89000
2020-10-29 09:31:44.980,3.34,1000
2020-10-29 09:31:44.980,3.34,50000
2020-10-29 09:31:44.980,3.34,5600
2020-10-29 09:31:45.200,3.34,500
2020-10-29 09:31:45.330,3.339,9100
2020-10-29 09:31:45.700,3.34,3000
2020-10-29 09:31:47.690,3.339,1000
2020-10-29 09:31:48.310,3.34,10900
2020-10-29 09:31:48.310,3.34,500
2020-10-29 09:31:48.310,3.34,1700
2020-10-29 09:31:48.340,3.34,18200
2020-10-29 09:31:48.370,3.34,10000
2020-10-29 09:31:49.530,3.34,3000
2020-10-29 09:31:49.680,3.34,700
2020-10-29 09:31:50.400,3.34,3000
2020-10-29 09:31:50.450,3.34,1000
2020-10-29 09:31:50.590,3.34,8000
2020-10-29 09:31:51.560,3.34,5000
2020-10-29 09:31:51.820,3.34,500
2020-10-29 09:31:52.210,3.34,3000
2020-10-29 09:31:52.210,3.34,5000
2020-10-29 09:31:52.360,3.34,1000
2020-10-29 09:31:52.510,3.34,1300
2020-10-29 09:31:53.030,3.34,900
2020-10-29 09:31:53.150,3.34,2000
2020-10-29 09:31:53.180,3.34,20000
2020-10-29 09:31:53.270,3.34,1500
2020-10-29 09:31:53.460,3.34,11000
2020-10-29 09:31:53.720,3.339,2000
2020-10-29 09:31:53.750,3.34,10000
2020-10-29 09:31:54.320,3.34,152500
2020-10-29 09:31:54.320,3.34,11000
2020-10-29 09:31:54.320,3.34,300200
2020-10-29 09:31:54.320,3.34,36300
2020-10-29 09:31:54.500,3.339,18800
2020-10-29 09:31:54.500,3.339,6300
2020-10-29 09:31:54.500,3.339,6000
2020-10-29 09:31:54.500,3.339,5000
2020-10-29 09:31:54.500,3.339,66500
2020-10-29 09:31:54.560,3.34,60000
2020-10-29 09:31:54.850,3.34,3600
2020-10-29 09:31:55.870,3.34,100
2020-10-29 09:31:56.000,3.34,6000
2020-10-29 09:31:56.180,3.339,57900
2020-10-29 09:31:56.240,3.339,175600
2020-10-29 09:31:56.240,3.339,600
2020-10-29 09:31:56.240,3.339,3000
2020-10-29 09:31:56.240,3.339,3000
2020-10-29 09:31:56.240,3.339,5000
2020-10-29 09:31:56.240,3.339,2000
2020-10-29 09:31:56.240,3.339,5000
2020-10-29 09:31:56.240,3.339,1000
2020-10-29 09:31:56.240,3.339,30000
2020-10-29 09:31:56.240,3.339,100
2020-10-29 09:31:56.240,3.339,300
2020-10-29 09:31:56.240,3.339,20000
2020-10-29 09:31:56.240,3.339,1000
2020-10-29 09:31:56.240,3.339,5000
2020-10-29 09:31:56.240,3.339,10000
2020-10-29 09:31:56.240,3.339,2000
2020-10-29 09:31:56.240,3.339,3000
2020-10-29 09:31:56.240,3.339,100
2020-10-29 09:31:56.240,3.339,60000
2020-10-29 09:31:56.240,3.339,3000
2020-10-29 09:31:56.240,3.339,10000
2020-10-29 09:31:56.240,3.339,3000
2020-10-29 09:31:56.240,3.339,5000
2020-10-29 09:31:56.240,3.339,2000
2020-10-29 09:31:56.240,3.339,400
2020-10-29 09:31:56.240,3.339,10000
2020-10-29 09:31:56.240,3.339,200
2020-10-29 09:31:56.240,3.339,1500
2020-10-29 09:31:56.240,3.339,900
2020-10-29 09:31:56.240,3.339,10000
2020-10-29 09:31:56.240,3.339,100
2020-10-29 09:31:56.240,3.339,10000
2020-10-29 09:31:56.240,3.339,12000
2020-10-29 09:31:56.240,3.339,20000
2020-10-29 09:31:56.240,3.339,40000
2020-10-29 09:31:56.240,3.339,40000
2020-10-29 09:31:56.240,3.339,10000
2020-10-29 09:31:56.540,3.339,4000
2020-10-29 09:31:56.680,3.339,30000
2020-10-29 09:31:56.880,3.339,3300
2020-10-29 09:31:56.880,3.34,1700
2020-10-29 09:31:56.910,3.34,300
2020-10-29 09:31:57.000,3.34,1000
2020-10-29 09:31:57.020,3.34,1000
2020-10-29 09:31:57.020,3.34,10000
2020-10-29 09:31:58.450,3.34,300
2020-10-29 09:31:58.990,3.34,200
2020-10-29 09:31:58.990,3.34,3000
2020-10-29 09:31:58.990,3.34,10000
2020-10-29 09:31:58.990,3.34,80000
2020-10-29 09:31:58.990,3.34,2500
2020-10-29 09:31:58.990,3.34,1000
2020-10-29 09:31:58.990,3.34,20500
2020-10-29 09:31:58.990,3.34,600
2020-10-29 09:31:58.990,3.34,10000
2020-10-29 09:31:59.150,3.34,2700
2020-10-29 09:31:59.350,3.34,20000
2020-10-29 09:31:59.550,3.34,2000
2020-10-29 09:31:59.890,3.34,20000
2020-10-29 09:31:59.890,3.339,1500
2020-10-29 09:31:59.940,3.34,2300
2020-10-29 09:32:00.030,3.339,1000
2020-10-29 09:32:00.080,3.34,1000
2020-10-29 09:32:00.120,3.34,10000
2020-10-29 09:32:00.240,3.34,5500
2020-10-29 09:32:00.570,3.34,100
2020-10-29 09:32:00.910,3.34,108600
2020-10-29 09:32:00.910,3.34,111400
2020-10-29 09:32:01.610,3.339,2000
2020-10-29 09:32:01.610,3.339,17000
2020-10-29 09:32:01.610,3.339,3000
2020-10-29 09:32:01.610,3.338,20000
2020-10-29 09:32:01.610,3.338,40000
2020-10-29 09:32:01.610,3.338,40000
2020-10-29 09:32:01.610,3.338,1200
2020-10-29 09:32:01.610,3.338,5000
2020-10-29 09:32:01.610,3.338,1000
2020-10-29 09:32:01.610,3.338,1000
2020-10-29 09:32:01.610,3.338,5000
2020-10-29 09:32:01.610,3.338,2000
2020-10-29 09:32:01.610,3.338,8900
2020-10-29 09:32:01.610,3.338,5000
2020-10-29 09:32:01.610,3.338,5000
2020-10-29 09:32:01.610,3.338,900
2020-10-29 09:32:01.610,3.338,20000
2020-10-29 09:32:01.610,3.338,700
2020-10-29 09:32:01.610,3.338,1000
2020-10-29 09:32:01.610,3.338,5000
2020-10-29 09:32:01.610,3.338,116300
2020-10-29 09:32:01.880,3.339,59000
2020-10-29 09:32:02.300,3.339,1500
2020-10-29 09:32:02.330,3.339,10000
2020-10-29 09:32:02.330,3.339,500
2020-10-29 09:32:02.500,3.339,7700
2020-10-29 09:32:02.530,3.339,200
2020-10-29 09:32:02.650,3.339,6000
2020-10-29 09:32:02.940,3.339,1000
2020-10-29 09:32:03.260,3.339,3000
2020-10-29 09:32:03.420,3.339,6000
2020-10-29 09:32:03.450,3.339,2000
2020-10-29 09:32:03.760,3.339,2800
2020-10-29 09:32:03.790,3.339,1000
2020-10-29 09:32:04.420,3.339,1000
2020-10-29 09:32:05.350,3.339,5000
2020-10-29 09:32:05.410,3.339,5000
2020-10-29 09:32:05.650,3.339,5000
2020-10-29 09:32:05.830,3.338,12400
2020-10-29 09:32:05.970,3.339,2000
2020-10-29 09:32:06.040,3.339,9900
2020-10-29 09:32:06.070,3.338,152200
2020-10-29 09:32:06.070,3.338,5000
2020-10-29 09:32:06.070,3.338,1000
2020-10-29 09:32:06.070,3.338,10000
2020-10-29 09:32:06.070,3.338,3000
2020-10-29 09:32:06.070,3.338,1500
2020-10-29 09:32:06.070,3.338,10000
2020-10-29 09:32:06.070,3.338,500
2020-10-29 09:32:06.340,3.338,5000
2020-10-29 09:32:06.670,3.338,5000
2020-10-29 09:32:06.980,3.338,5000
2020-10-29 09:32:07.160,3.338,1400
2020-10-29 09:32:07.350,3.338,10000
2020-10-29 09:32:07.450,3.338,2000
2020-10-29 09:32:08.550,3.337,10000
2020-10-29 09:32:08.550,3.337,10000
2020-10-29 09:32:08.550,3.337,30000
2020-10-29 09:32:08.550,3.337,10000
2020-10-29 09:32:08.550,3.337,2000
2020-10-29 09:32:08.550,3.337,2000
2020-10-29 09:32:08.550,3.337,3200
2020-10-29 09:32:08.550,3.337,2000
2020-10-29 09:32:08.550,3.337,3000
2020-10-29 09:32:08.550,3.337,1500
2020-10-29 09:32:08.550,3.337,2000
2020-10-29 09:32:08.550,3.337,1800
2020-10-29 09:32:08.550,3.337,10000
2020-10-29 09:32:08.550,3.337,6000
2020-10-29 09:32:08.550,3.337,15300
2020-10-29 09:32:08.550,3.337,2000
2020-10-29 09:32:08.550,3.337,15000
2020-10-29 09:32:08.550,3.337,21800
2020-10-29 09:32:08.600,3.337,2000
2020-10-29 09:32:08.860,3.337,15000
2020-10-29 09:32:09.780,3.337,2000
2020-10-29 09:32:10.220,3.337,10000
2020-10-29 09:32:11.040,3.337,100
2020-10-29 09:32:11.220,3.337,1500
2020-10-29 09:32:11.790,3.337,100
2020-10-29 09:32:12.760,3.337,200
2020-10-29 09:32:12.760,3.337,2000
2020-10-29 09:32:13.370,3.336,6000
2020-10-29 09:32:13.370,3.336,20000
2020-10-29 09:32:13.370,3.336,10000
2020-10-29 09:32:13.370,3.336,100
2020-10-29 09:32:13.370,3.336,1000
2020-10-29 09:32:13.370,3.336,5000
2020-10-29 09:32:13.370,3.336,2000
2020-10-29 09:32:13.370,3.336,1000
2020-10-29 09:32:13.370,3.336,600
2020-10-29 09:32:13.370,3.336,2000
2020-10-29 09:32:13.370,3.336,5000
2020-10-29 09:32:13.370,3.336,1000
2020-10-29 09:32:13.370,3.336,60000
2020-10-29 09:32:13.370,3.336,1000
2020-10-29 09:32:13.370,3.336,1500
2020-10-29 09:32:13.370,3.336,4200
2020-10-29 09:32:13.370,3.336,4000
2020-10-29 09:32:13.370,3.336,2600
2020-10-29 09:32:13.370,3.336,4500
2020-10-29 09:32:13.370,3.336,1500
2020-10-29 09:32:13.370,3.336,3000
2020-10-29 09:32:13.370,3.336,1000
2020-10-29 09:32:13.370,3.336,500
2020-10-29 09:32:13.370,3.336,10600
2020-10-29 09:32:13.370,3.336,30000
2020-10-29 09:32:13.370,3.336,40000
2020-10-29 09:32:13.370,3.336,40000
2020-10-29 09:32:13.690,3.336,1000
2020-10-29 09:32:13.690,3.336,20000
2020-10-29 09:32:15.330,3.336,1000
2020-10-29 09:32:15.740,3.335,1000
2020-10-29 09:32:15.740,3.335,30000
2020-10-29 09:32:15.740,3.335,3000
2020-10-29 09:32:15.740,3.335,58000
2020-10-29 09:32:15.740,3.335,5000
2020-10-29 09:32:15.740,3.335,11000
2020-10-29 09:32:15.740,3.335,6000
2020-10-29 09:32:15.740,3.335,600
2020-10-29 09:32:15.740,3.335,5000
2020-10-29 09:32:15.740,3.335,300
2020-10-29 09:32:15.740,3.335,300
2020-10-29 09:32:15.740,3.335,100
2020-10-29 09:32:15.740,3.335,200
2020-10-29 09:32:15.740,3.335,8000
2020-10-29 09:32:15.740,3.335,100
2020-10-29 09:32:15.740,3.335,200
2020-10-29 09:32:15.740,3.335,12400
2020-10-29 09:32:16.020,3.336,5000
2020-10-29 09:32:16.850,3.336,1000
2020-10-29 09:32:16.990,3.336,11000
2020-10-29 09:32:17.270,3.336,2900
2020-10-29 09:32:17.270,3.336,100
2020-10-29 09:32:17.530,3.335,12600
2020-10-29 09:32:17.530,3.335,2000
2020-10-29 09:32:17.530,3.335,5000
2020-10-29 09:32:17.530,3.335,2000
2020-10-29 09:32:17.530,3.335,2500
2020-10-29 09:32:17.530,3.335,2000
2020-10-29 09:32:17.530,3.335,100
2020-10-29 09:32:17.530,3.335,1000
2020-10-29 09:32:17.530,3.335,300
2020-10-29 09:32:17.530,3.335,3000
2020-10-29 09:32:17.530,3.335,5500
2020-10-29 09:32:17.530,3.335,1000
2020-10-29 09:32:17.530,3.335,10000
2020-10-29 09:32:17.530,3.335,5800
2020-10-29 09:32:17.530,3.335,1000
2020-10-29 09:32:17.530,3.335,100
2020-10-29 09:32:17.530,3.335,5000
2020-10-29 09:32:17.530,3.335,8000
2020-10-29 09:32:17.530,3.335,2000
2020-10-29 09:32:17.530,3.335,1500
2020-10-29 09:32:17.530,3.335,100
2020-10-29 09:32:17.530,3.335,3000
2020-10-29 09:32:17.530,3.335,29900
2020-10-29 09:32:17.530,3.335,1000
2020-10-29 09:32:17.530,3.335,50000
2020-10-29 09:32:17.530,3.335,500
2020-10-29 09:32:17.530,3.335,6500
2020-10-29 09:32:17.530,3.335,3000
2020-10-29 09:32:17.530,3.335,1800
2020-10-29 09:32:17.530,3.335,1500
2020-10-29 09:32:17.530,3.335,40000
2020-10-29 09:32:17.530,3.335,10000
2020-10-29 09:32:17.530,3.335,800
2020-10-29 09:32:17.530,3.335,100
2020-10-29 09:32:17.530,3.335,700
2020-10-29 09:32:17.590,3.335,1000
2020-10-29 09:32:18.080,3.335,30000
2020-10-29 09:32:18.150,3.335,5000
2020-10-29 09:32:18.590,3.335,11200
2020-10-29 09:32:18.620,3.335,4500
2020-10-29 09:32:18.860,3.335,2000
2020-10-29 09:32:19.290,3.334,8500
2020-10-29 09:32:19.290,3.334,3000
2020-10-29 09:32:19.290,3.334,10000
2020-10-29 09:32:19.290,3.334,8500
2020-10-29 09:32:19.340,3.335,5000
2020-10-29 09:32:19.370,3.335,500
2020-10-29 09:32:19.830,3.335,1700
2020-10-29 09:32:19.940,3.335,9000
2020-10-29 09:32:19.970,3.335,5000
2020-10-29 09:32:20.330,3.335,3000
2020-10-29 09:32:20.390,3.335,3000
2020-10-29 09:32:21.210,3.334,1500
2020-10-29 09:32:21.210,3.334,1500
2020-10-29 09:32:21.210,3.334,5000
2020-10-29 09:32:21.210,3.334,900
2020-10-29 09:32:21.210,3.334,2000
2020-10-29 09:32:21.210,3.334,2000
2020-10-29 09:32:21.210,3.334,17300
2020-10-29 09:32:21.210,3.334,3000
2020-10-29 09:32:21.210,3.334,100
2020-10-29 09:32:21.210,3.334,4900
2020-10-29 09:32:21.210,3.334,300
2020-10-29 09:32:21.210,3.334,1000
2020-10-29 09:32:21.210,3.334,500
2020-10-29 09:32:21.210,3.334,40000
2020-10-29 09:32:21.240,3.334,4500
2020-10-29 09:32:21.420,3.334,400
2020-10-29 09:32:21.590,3.334,6000
2020-10-29 09:32:21.850,3.334,500
2020-10-29 09:32:21.960,3.334,30500
2020-10-29 09:32:22.670,3.334,3000
2020-10-29 09:32:22.730,3.334,1500
2020-10-29 09:32:22.990,3.334,2000
2020-10-29 09:32:23.080,3.334,10000
2020-10-29 09:32:23.080,3.334,30000
2020-10-29 09:32:23.220,3.334,40000
2020-10-29 09:32:23.240,3.334,5000
2020-10-29 09:32:23.410,3.334,700
2020-10-29 09:32:23.410,3.334,18900
2020-10-29 09:32:23.410,3.334,281100
2020-10-29 09:32:23.590,3.334,19000
2020-10-29 09:32:23.920,3.335,1000
2020-10-29 09:32:24.250,3.335,2000
2020-10-29 09:32:24.430,3.334,10000
2020-10-29 09:32:24.580,3.334,3000
2020-10-29 09:32:24.630,3.334,1500
2020-10-29 09:32:24.730,3.336,500
2020-10-29 09:32:25.360,3.335,16500
2020-10-29 09:32:25.360,3.335,100
2020-10-29 09:32:25.360,3.335,2000
2020-10-29 09:32:26.230,3.335,200
2020-10-29 09:32:26.730,3.335,1000
2020-10-29 09:32:26.960,3.335,1100
2020-10-29 09:32:27.020,3.335,279100
2020-10-29 09:32:27.020,3.335,10900
2020-10-29 09:32:27.020,3.335,9000
2020-10-29 09:32:27.020,3.335,1000
2020-10-29 09:32:27.680,3.335,5000
2020-10-29 09:32:27.790,3.335,37600
2020-10-29 09:32:28.250,3.335,20000
2020-10-29 09:32:28.300,3.335,16400
2020-10-29 09:32:28.430,3.335,9500
2020-10-29 09:32:28.860,3.335,1200
2020-10-29 09:32:31.560,3.335,12900
2020-10-29 09:32:31.560,3.335,30000
2020-10-29 09:32:31.560,3.335,10000
2020-10-29 09:32:31.560,3.335,35900
2020-10-29 09:32:31.980,3.335,30000
2020-10-29 09:32:32.520,3.335,10000
2020-10-29 09:32:32.640,3.336,2000
2020-10-29 09:32:32.810,3.335,100000
2020-10-29 09:32:33.060,3.335,32900
2020-10-29 09:32:34.480,3.336,200
2020-10-29 09:32:36.050,3.335,13300
2020-10-29 09:32:36.290,3.335,30000
2020-10-29 09:32:36.480,3.335,2200
2020-10-29 09:32:36.980,3.336,36700
2020-10-29 09:32:37.150,3.336,10000
2020-10-29 09:32:37.270,3.336,10600
2020-10-29 09:32:37.270,3.336,1900
2020-10-29 09:32:37.910,3.336,28100
2020-10-29 09:32:37.910,3.336,1000
2020-10-29 09:32:37.910,3.337,119500
2020-10-29 09:32:37.910,3.337,151400
2020-10-29 09:32:38.160,3.336,40000
2020-10-29 09:32:38.160,3.336,10000
2020-10-29 09:32:38.330,3.336,3000
2020-10-29 09:32:38.420,3.336,7000
2020-10-29 09:32:38.420,3.337,33000
2020-10-29 09:32:38.800,3.337,5000
2020-10-29 09:32:39.680,3.336,5900
2020-10-29 09:32:39.910,3.336,2000
2020-10-29 09:32:39.970,3.336,300
2020-10-29 09:32:40.490,3.336,8200
2020-10-29 09:32:40.720,3.336,300
2020-10-29 09:32:40.910,3.336,6000
2020-10-29 09:32:41.520,3.336,5000
2020-10-29 09:32:41.700,3.337,110600
2020-10-29 09:32:41.700,3.337,10000
2020-10-29 09:32:41.700,3.337,9100
2020-10-29 09:32:41.700,3.337,60000
2020-10-29 09:32:41.870,3.337,4700
2020-10-29 09:32:42.450,3.337,1500
2020-10-29 09:32:43.420,3.337,3800
2020-10-29 09:32:43.810,3.337,20000
2020-10-29 09:32:44.010,3.338,600
2020-10-29 09:32:44.260,3.338,3000
2020-10-29 09:32:44.950,3.337,80300
2020-10-29 09:32:44.950,3.337,1200
2020-10-29 09:32:44.950,3.337,1000
2020-10-29 09:32:46.600,3.337,200
2020-10-29 09:32:46.920,3.337,100
2020-10-29 09:32:47.110,3.337,5000
2020-10-29 09:32:47.610,3.336,2400
2020-10-29 09:32:48.390,3.337,1000
2020-10-29 09:32:48.850,3.337,211200
2020-10-29 09:32:48.850,3.338,32000
2020-10-29 09:32:48.850,3.338,20000
2020-10-29 09:32:48.850,3.338,3000
2020-10-29 09:32:48.850,3.338,33800
2020-10-29 09:32:49.290,3.337,27500
2020-10-29 09:32:49.290,3.337,32500
2020-10-29 09:32:49.520,3.337,700
2020-10-29 09:32:50.110,3.337,3000
2020-10-29 09:32:50.250,3.337,37000
2020-10-29 09:32:50.250,3.337,10000
2020-10-29 09:32:50.250,3.337,300
2020-10-29 09:32:51.030,3.337,9000
2020-10-29 09:32:51.330,3.338,3000
2020-10-29 09:32:51.440,3.337,3000
2020-10-29 09:32:51.440,3.337,3700
2020-10-29 09:32:51.820,3.337,6000
2020-10-29 09:32:52.150,3.336,1200
2020-10-29 09:32:52.310,3.337,1500
2020-10-29 09:32:52.720,3.337,10000
2020-10-29 09:32:52.880,3.337,5100
2020-10-29 09:32:52.880,3.337,4800
2020-10-29 09:32:53.000,3.337,100
2020-10-29 09:32:53.180,3.337,9800
2020-10-29 09:32:53.180,3.337,2600
2020-10-29 09:32:53.180,3.337,800
2020-10-29 09:32:53.890,3.337,9200
2020-10-29 09:32:53.890,3.337,5000
2020-10-29 09:32:53.890,3.337,6800
2020-10-29 09:32:53.890,3.337,10000
2020-10-29 09:32:53.890,3.336,8800
2020-10-29 09:32:53.890,3.336,10000
2020-10-29 09:32:53.890,3.336,15300
2020-10-29 09:32:54.300,3.336,18000
2020-10-29 09:32:54.440,3.338,20000
2020-10-29 09:32:55.280,3.338,2000
2020-10-29 09:32:55.460,3.338,2000
2020-10-29 09:32:55.630,3.337,10000
2020-10-29 09:32:55.910,3.337,400
2020-10-29 09:32:56.390,3.337,6000
2020-10-29 09:32:56.710,3.338,1000
2020-10-29 09:32:56.930,3.338,100
2020-10-29 09:32:57.460,3.338,13000
2020-10-29 09:32:57.460,3.338,8700
2020-10-29 09:32:57.460,3.338,400
2020-10-29 09:32:57.590,3.338,2600
2020-10-29 09:32:58.120,3.338,4400
2020-10-29 09:32:59.840,3.339,1000
2020-10-29 09:33:00.740,3.338,9100
2020-10-29 09:33:01.220,3.338,15900
2020-10-29 09:33:03.840,3.339,200
2020-10-29 09:33:04.800,3.338,245900
2020-10-29 09:33:04.800,3.338,3000
2020-10-29 09:33:04.800,3.338,5000
2020-10-29 09:33:04.800,3.338,10000
2020-10-29 09:33:04.800,3.338,17700
2020-10-29 09:33:04.800,3.338,1000
2020-10-29 09:33:04.800,3.338,6000
2020-10-29 09:33:04.800,3.338,500
2020-10-29 09:33:04.800,3.338,200
2020-10-29 09:33:04.800,3.338,2200
2020-10-29 09:33:05.110,3.338,8500
2020-10-29 09:33:05.110,3.338,700
2020-10-29 09:33:05.110,3.338,900
2020-10-29 09:33:06.000,3.338,600
2020-10-29 09:33:06.440,3.338,2400
2020-10-29 09:33:06.560,3.338,1000
2020-10-29 09:33:06.630,3.338,3900
2020-10-29 09:33:06.710,3.338,1000
2020-10-29 09:33:07.230,3.338,6000
2020-10-29 09:33:07.230,3.338,700
2020-10-29 09:33:07.400,3.338,1500
2020-10-29 09:33:07.620,3.337,600
2020-10-29 09:33:07.620,3.337,5000
2020-10-29 09:33:07.620,3.337,3000
2020-10-29 09:33:07.620,3.337,3000
2020-10-29 09:33:07.620,3.337,3000
2020-10-29 09:33:07.620,3.337,3800
2020-10-29 09:33:07.690,3.338,700
2020-10-29 09:33:07.940,3.338,10000
2020-10-29 09:33:08.020,3.338,1600
2020-10-29 09:33:08.130,3.338,10000
2020-10-29 09:33:08.240,3.338,4000
2020-10-29 09:33:10.090,3.338,10000
2020-10-29 09:33:10.120,3.338,5000
2020-10-29 09:33:11.310,3.338,7400
2020-10-29 09:33:11.670,3.338,700
2020-10-29 09:33:11.810,3.338,300
2020-10-29 09:33:11.840,3.338,1000
2020-10-29 09:33:11.930,3.338,1000
2020-10-29 09:33:12.440,3.337,2100
2020-10-29 09:33:12.440,3.337,300
2020-10-29 09:33:12.440,3.337,2000
2020-10-29 09:33:12.440,3.337,3000
2020-10-29 09:33:12.440,3.337,3000
2020-10-29 09:33:12.440,3.337,2000
2020-10-29 09:33:12.440,3.337,500
2020-10-29 09:33:12.440,3.337,2000
2020-10-29 09:33:12.440,3.337,5900
2020-10-29 09:33:12.440,3.337,300
2020-10-29 09:33:12.440,3.337,5000
2020-10-29 09:33:12.440,3.337,3300
2020-10-29 09:33:12.440,3.337,600
2020-10-29 09:33:12.440,3.337,5000
2020-10-29 09:33:12.440,3.337,6400
2020-10-29 09:33:12.440,3.337,3000
2020-10-29 09:33:12.440,3.337,100
2020-10-29 09:33:12.440,3.337,20000
2020-10-29 09:33:12.440,3.337,600
2020-10-29 09:33:12.440,3.337,10000
2020-10-29 09:33:12.500,3.337,10000
2020-10-29 09:33:12.610,3.336,7300
2020-10-29 09:33:12.890,3.336,37500
2020-10-29 09:33:13.050,3.337,11000
2020-10-29 09:33:13.160,3.337,3900
2020-10-29 09:33:13.160,3.338,11100
2020-10-29 09:33:13.300,3.338,10000
2020-10-29 09:33:13.740,3.338,20000
2020-10-29 09:33:14.170,3.338,59900
2020-10-29 09:33:15.290,3.337,9900
2020-10-29 09:33:15.290,3.337,10100
2020-10-29 09:33:15.290,3.338,5000
2020-10-29 09:33:15.530,3.338,1000
2020-10-29 09:33:15.640,3.338,200
2020-10-29 09:33:15.720,3.337,19900
2020-10-29 09:33:15.720,3.337,5000
2020-10-29 09:33:15.720,3.337,1000
2020-10-29 09:33:15.720,3.338,300
2020-10-29 09:33:16.060,3.338,3000
2020-10-29 09:33:16.460,3.337,1000
2020-10-29 09:33:16.490,3.337,500
2020-10-29 09:33:16.760,3.337,10000
2020-10-29 09:33:17.170,3.337,3000
2020-10-29 09:33:17.230,3.337,1000
2020-10-29 09:33:17.620,3.337,300
2020-10-29 09:33:17.990,3.337,2000
2020-10-29 09:33:17.990,3.337,6600
2020-10-29 09:33:18.070,3.337,200
2020-10-29 09:33:18.100,3.337,1700
2020-10-29 09:33:18.730,3.337,3000
2020-10-29 09:33:18.820,3.337,12400
2020-10-29 09:33:18.930,3.337,1000
2020-10-29 09:33:19.020,3.337,15700
2020-10-29 09:33:19.280,3.337,1500
2020-10-29 09:33:19.360,3.337,1500
2020-10-29 09:33:19.360,3.337,5900
2020-10-29 09:33:19.360,3.337,10600
2020-10-29 09:33:20.120,3.337,3000
2020-10-29 09:33:20.590,3.337,2000
2020-10-29 09:33:20.780,3.337,14400
2020-10-29 09:33:20.780,3.337,15600
2020-10-29 09:33:20.900,3.336,500
2020-10-29 09:33:20.960,3.336,221400
2020-10-29 09:33:20.960,3.336,5000
2020-10-29 09:33:20.960,3.336,500
2020-10-29 09:33:20.960,3.336,1000
2020-10-29 09:33:20.960,3.336,3000
2020-10-29 09:33:20.960,3.336,1000
2020-10-29 09:33:20.960,3.336,2500
2020-10-29 09:33:20.960,3.336,20000
2020-10-29 09:33:20.960,3.336,30000
2020-10-29 09:33:20.960,3.336,8000
2020-10-29 09:33:20.960,3.336,3000
2020-10-29 09:33:20.960,3.336,3000
2020-10-29 09:33:20.960,3.336,5000
2020-10-29 09:33:20.960,3.336,100
2020-10-29 09:33:20.960,3.336,200
2020-10-29 09:33:20.960,3.336,200
2020-10-29 09:33:20.960,3.336,100
2020-10-29 09:33:20.960,3.336,13400
2020-10-29 09:33:20.960,3.336,2000
2020-10-29 09:33:20.960,3.336,5000
2020-10-29 09:33:20.960,3.336,1200
2020-10-29 09:33:20.960,3.336,100
2020-10-29 09:33:20.960,3.336,1500
2020-10-29 09:33:20.960,3.336,29900
2020-10-29 09:33:20.960,3.336,300
2020-10-29 09:33:20.960,3.336,1000
2020-10-29 09:33:20.960,3.336,100
2020-10-29 09:33:20.960,3.336,4000
2020-10-29 09:33:20.960,3.336,5500
2020-10-29 09:33:20.960,3.336,6100
2020-10-29 09:33:20.960,3.337,35600
2020-10-29 09:33:21.160,3.337,6000
2020-10-29 09:33:21.680,3.337,3000
2020-10-29 09:33:22.220,3.337,500
2020-10-29 09:33:22.500,3.337,100
2020-10-29 09:33:24.900,3.337,700
2020-10-29 09:33:25.200,3.337,3000
2020-10-29 09:33:25.390,3.337,18000
2020-10-29 09:33:25.930,3.337,9700
2020-10-29 09:33:26.050,3.336,3000
2020-10-29 09:33:26.100,3.336,300
2020-10-29 09:33:26.270,3.337,3000
2020-10-29 09:33:26.330,3.337,1000
2020-10-29 09:33:26.640,3.337,3000
2020-10-29 09:33:27.010,3.337,80000
2020-10-29 09:33:27.260,3.337,500
2020-10-29 09:33:27.670,3.337,5000
2020-10-29 09:33:28.160,3.337,1500
2020-10-29 09:33:28.400,3.337,500
2020-10-29 09:33:29.010,3.337,100
2020-10-29 09:33:29.550,3.337,9700
2020-10-29 09:33:29.700,3.337,2000
2020-10-29 09:33:29.880,3.337,10100
2020-10-29 09:33:30.090,3.337,2000
2020-10-29 09:33:30.540,3.336,1100
2020-10-29 09:33:32.120,3.337,600
2020-10-29 09:33:32.860,3.336,1000
2020-10-29 09:33:33.000,3.336,6400
2020-10-29 09:33:34.190,3.337,200
2020-10-29 09:33:34.370,3.336,12100
2020-10-29 09:33:34.370,3.336,2000
2020-10-29 09:33:34.370,3.336,2000
2020-10-29 09:33:34.370,3.336,2000
2020-10-29 09:33:34.370,3.336,11400
2020-10-29 09:33:34.580,3.337,100
2020-10-29 09:33:34.930,3.336,5500
2020-10-29 09:33:34.930,3.337,1000
2020-10-29 09:33:35.080,3.336,22800
2020-10-29 09:33:35.410,3.337,10000
2020-10-29 09:33:35.760,3.336,15000
2020-10-29 09:33:36.130,3.337,1400
2020-10-29 09:33:36.810,3.337,2000
2020-10-29 09:33:37.050,3.337,6000
2020-10-29 09:33:37.170,3.336,5300
2020-10-29 09:33:37.170,3.336,500
2020-10-29 09:33:37.170,3.336,10000
2020-10-29 09:33:37.170,3.336,1200
2020-10-29 09:33:37.170,3.336,1500
2020-10-29 09:33:37.170,3.336,3500
2020-10-29 09:33:37.780,3.336,1500
2020-10-29 09:33:37.780,3.336,1800
2020-10-29 09:33:38.400,3.336,400
2020-10-29 09:33:39.390,3.337,1000
2020-10-29 09:33:39.700,3.337,2400
2020-10-29 09:33:39.700,3.337,200
2020-10-29 09:33:40.110,3.337,2900
2020-10-29 09:33:40.580,3.337,2000
2020-10-29 09:33:40.740,3.337,7900
2020-10-29 09:33:41.140,3.336,7800
2020-10-29 09:33:41.140,3.336,90000
2020-10-29 09:33:41.140,3.336,33300
2020-10-29 09:33:41.140,3.336,5000
2020-10-29 09:33:41.140,3.336,200
2020-10-29 09:33:41.140,3.336,1500
2020-10-29 09:33:41.140,3.336,1000
2020-10-29 09:33:41.140,3.336,5000
2020-10-29 09:33:41.140,3.336,4000
2020-10-29 09:33:41.140,3.336,5000
2020-10-29 09:33:41.140,3.336,4000
2020-10-29 09:33:41.140,3.336,300
2020-10-29 09:33:41.140,3.336,5000
2020-10-29 09:33:41.140,3.336,50000
2020-10-29 09:33:41.140,3.336,1000
2020-10-29 09:33:41.140,3.336,1000
2020-10-29 09:33:41.140,3.336,6700
2020-10-29 09:33:41.140,3.336,10000
2020-10-29 09:33:41.140,3.336,5000
2020-10-29 09:33:41.140,3.336,1000
2020-10-29 09:33:41.140,3.336,3000
2020-10-29 09:33:41.140,3.336,4200
2020-10-29 09:33:41.140,3.336,1000
2020-10-29 09:33:41.140,3.336,10000
2020-10-29 09:33:41.140,3.336,3100
2020-10-29 09:33:41.140,3.336,3000
2020-10-29 09:33:41.140,3.336,20000
2020-10-29 09:33:41.140,3.336,2000
2020-10-29 09:33:41.140,3.336,1000
2020-10-29 09:33:41.140,3.336,2900
2020-10-29 09:33:41.140,3.336,300
2020-10-29 09:33:42.130,3.336,10000
2020-10-29 09:33:42.320,3.336,200
2020-10-29 09:33:42.880,3.336,2000
2020-10-29 09:33:42.960,3.336,500
2020-10-29 09:33:42.960,3.336,1500
2020-10-29 09:33:43.040,3.336,13000
2020-10-29 09:33:43.440,3.336,5200
2020-10-29 09:33:43.440,3.336,3000
2020-10-29 09:33:43.630,3.336,5000
2020-10-29 09:33:43.720,3.336,5000
2020-10-29 09:33:44.210,3.336,1800
2020-10-29 09:33:44.240,3.336,5000
2020-10-29 09:33:44.500,3.336,2500
2020-10-29 09:33:44.690,3.336,5000
2020-10-29 09:33:45.630,3.336,1500
2020-10-29 09:33:45.680,3.336,3000
2020-10-29 09:33:45.980,3.336,200
2020-10-29 09:33:47.280,3.335,9200
2020-10-29 09:33:48.130,3.335,10000
2020-10-29 09:33:48.260,3.336,10000
2020-10-29 09:33:49.280,3.336,1600
2020-10-29 09:33:51.790,3.335,100
2020-10-29 09:33:51.930,3.336,20000
2020-10-29 09:33:51.930,3.336,15600
2020-10-29 09:33:52.250,3.336,800
2020-10-29 09:33:53.650,3.336,5000
2020-10-29 09:33:53.840,3.336,1500
2020-10-29 09:33:54.250,3.336,5000
2020-10-29 09:33:55.020,3.336,600
2020-10-29 09:33:56.630,3.335,20000
2020-10-29 09:33:56.710,3.336,5300
2020-10-29 09:33:56.740,3.336,1900
2020-10-29 09:33:56.930,3.336,13000
2020-10-29 09:33:57.310,3.335,6400
2020-10-29 09:33:57.310,3.335,7100
2020-10-29 09:33:57.390,3.336,5300
2020-10-29 09:33:57.590,3.335,2900
2020-10-29 09:33:57.590,3.335,9900
2020-10-29 09:33:58.150,3.336,20000
2020-10-29 09:33:58.830,3.335,100
2020-10-29 09:33:58.830,3.335,2000
2020-10-29 09:33:58.830,3.335,10000
2020-10-29 09:33:58.830,3.335,10000
2020-10-29 09:33:58.830,3.335,2000
2020-10-29 09:33:58.830,3.335,600
2020-10-29 09:33:58.830,3.335,5000
2020-10-29 09:33:58.830,3.335,2000
2020-10-29 09:33:58.830,3.335,200
2020-10-29 09:33:58.830,3.335,1000
2020-10-29 09:33:58.830,3.335,5000
2020-10-29 09:33:58.830,3.335,3000
2020-10-29 09:33:58.830,3.335,100
2020-10-29 09:33:58.830,3.335,3000
2020-10-29 09:33:58.830,3.335,3000
2020-10-29 09:33:58.830,3.335,2200
2020-10-29 09:33:58.830,3.335,800
2020-10-29 09:33:59.290,3.336,10000
2020-10-29 09:33:59.290,3.335,9200
2020-10-29 09:33:59.290,3.335,1600
2020-10-29 09:33:59.290,3.335,10000
2020-10-29 09:33:59.290,3.335,3300
2020-10-29 09:33:59.290,3.335,1500
2020-10-29 09:33:59.290,3.335,1000
2020-10-29 09:33:59.290,3.335,5000
2020-10-29 09:33:59.290,3.335,20000
2020-10-29 09:33:59.290,3.335,3000
2020-10-29 09:33:59.290,3.335,100
2020-10-29 09:33:59.290,3.335,5000
2020-10-29 09:33:59.290,3.335,100
2020-10-29 09:33:59.290,3.335,7300
2020-10-29 09:33:59.290,3.335,8000
2020-10-29 09:33:59.290,3.335,13100
2020-10-29 09:33:59.290,3.335,800
2020-10-29 09:33:59.290,3.335,1000
2020-10-29 09:33:59.400,3.336,2000
2020-10-29 09:33:59.590,3.336,5000
2020-10-29 09:33:59.830,3.336,5500
2020-10-29 09:34:01.000,3.336,44900
2020-10-29 09:34:01.000,3.336,105000
2020-10-29 09:34:01.220,3.336,3000
2020-10-29 09:34:01.710,3.335,1000
2020-10-29 09:34:01.710,3.335,15000
2020-10-29 09:34:01.710,3.335,1000
2020-10-29 09:34:01.710,3.335,3000
2020-10-29 09:34:01.890,3.335,2000
2020-10-29 09:34:01.890,3.335,10000
2020-10-29 09:34:01.890,3.335,5000
2020-10-29 09:34:01.890,3.335,100
2020-10-29 09:34:01.890,3.335,5000
2020-10-29 09:34:01.890,3.335,3000
2020-10-29 09:34:01.890,3.335,2000
2020-10-29 09:34:01.890,3.335,5000
2020-10-29 09:34:01.890,3.335,8000
2020-10-29 09:34:01.890,3.335,3600
2020-10-29 09:34:01.890,3.335,15000
2020-10-29 09:34:01.890,3.335,500
2020-10-29 09:34:01.890,3.335,10000
2020-10-29 09:34:01.890,3.335,10000
2020-10-29 09:34:01.890,3.335,1000
2020-10-29 09:34:01.890,3.335,5000
2020-10-29 09:34:01.890,3.335,700
2020-10-29 09:34:01.890,3.335,1000
2020-10-29 09:34:01.890,3.335,500
2020-10-29 09:34:01.890,3.335,10000
2020-10-29 09:34:01.890,3.335,2000
2020-10-29 09:34:01.890,3.335,100
2020-10-29 09:34:01.890,3.335,500
2020-10-29 09:34:01.890,3.335,10000
2020-10-29 09:34:01.890,3.335,300
2020-10-29 09:34:01.890,3.335,1700
2020-10-29 09:34:01.890,3.335,80000
2020-10-29 09:34:01.890,3.335,6000
2020-10-29 09:34:01.890,3.335,1200
2020-10-29 09:34:01.890,3.335,1000
2020-10-29 09:34:01.890,3.335,2100
2020-10-29 09:34:01.890,3.335,3000
2020-10-29 09:34:01.890,3.335,1000
2020-10-29 09:34:01.890,3.335,800
2020-10-29 09:34:01.890,3.335,2000
2020-10-29 09:34:01.890,3.335,600
2020-10-29 09:34:01.890,3.335,8000
2020-10-29 09:34:01.890,3.335,1000
2020-10-29 09:34:01.890,3.335,10000
2020-10-29 09:34:01.890,3.335,1000
2020-10-29 09:34:01.890,3.335,10000
2020-10-29 09:34:01.890,3.335,200
2020-10-29 09:34:01.890,3.335,5000
2020-10-29 09:34:01.890,3.335,100
2020-10-29 09:34:01.890,3.335,10000
2020-10-29 09:34:01.890,3.335,100
2020-10-29 09:34:01.890,3.335,3000
2020-10-29 09:34:01.890,3.335,800
2020-10-29 09:34:01.890,3.335,300
2020-10-29 09:34:01.890,3.335,2000
2020-10-29 09:34:01.890,3.335,5000
2020-10-29 09:34:01.890,3.335,10000
2020-10-29 09:34:01.890,3.335,5000
2020-10-29 09:34:01.890,3.335,18800
2020-10-29 09:34:01.910,3.336,1000
2020-10-29 09:34:02.070,3.335,1200
2020-10-29 09:34:02.070,3.335,1000
2020-10-29 09:34:02.070,3.335,800
2020-10-29 09:34:02.070,3.335,8400
2020-10-29 09:34:02.070,3.335,10000
2020-10-29 09:34:02.070,3.335,3000
2020-10-29 09:34:02.070,3.335,6100
2020-10-29 09:34:02.070,3.335,500
2020-10-29 09:34:02.070,3.335,10000
2020-10-29 09:34:02.240,3.335,20000
2020-10-29 09:34:02.740,3.335,14900
2020-10-29 09:34:02.890,3.335,500
2020-10-29 09:34:03.590,3.335,100
2020-10-29 09:34:03.980,3.335,1700
2020-10-29 09:34:04.220,3.335,800
2020-10-29 09:34:04.220,3.335,14200
2020-10-29 09:34:04.580,3.335,2000
2020-10-29 09:34:04.690,3.335,2900
2020-10-29 09:34:04.690,3.335,11300
2020-10-29 09:34:05.170,3.335,6200
2020-10-29 09:34:07.250,3.335,5200
2020-10-29 09:34:07.900,3.335,1000
2020-10-29 09:34:08.110,3.334,6000
2020-10-29 09:34:08.110,3.334,2000
2020-10-29 09:34:08.110,3.334,1600
2020-10-29 09:34:08.110,3.334,300
2020-10-29 09:34:08.110,3.334,500
2020-10-29 09:34:08.110,3.334,11000
2020-10-29 09:34:08.110,3.334,10000
2020-10-29 09:34:08.110,3.334,3000
2020-10-29 09:34:08.110,3.334,1000
2020-10-29 09:34:08.110,3.334,100
2020-10-29 09:34:08.110,3.334,10000
2020-10-29 09:34:08.110,3.334,1600
2020-10-29 09:34:08.110,3.334,2000
2020-10-29 09:34:08.110,3.334,50000
2020-10-29 09:34:08.110,3.334,2900
2020-10-29 09:34:08.110,3.334,600
2020-10-29 09:34:08.110,3.334,1200
2020-10-29 09:34:08.110,3.334,12400
2020-10-29 09:34:08.250,3.334,7600
2020-10-29 09:34:08.250,3.334,1800
2020-10-29 09:34:08.250,3.334,5000
2020-10-29 09:34:08.250,3.334,10000
2020-10-29 09:34:08.250,3.334,200
2020-10-29 09:34:08.250,3.334,30000
2020-10-29 09:34:08.250,3.334,600
2020-10-29 09:34:08.250,3.334,2000
2020-10-29 09:34:08.250,3.334,10000
2020-10-29 09:34:08.250,3.334,5000
2020-10-29 09:34:08.250,3.334,1000
2020-10-29 09:34:08.250,3.334,9800
2020-10-29 09:34:08.250,3.334,1000
2020-10-29 09:34:08.250,3.334,20000
2020-10-29 09:34:08.250,3.334,3000
2020-10-29 09:34:08.250,3.334,9900
2020-10-29 09:34:08.250,3.334,3000
2020-10-29 09:34:08.250,3.334,1000
2020-10-29 09:34:08.250,3.334,9000
2020-10-29 09:34:08.250,3.334,10000
2020-10-29 09:34:08.250,3.334,20000
2020-10-29 09:34:08.250,3.334,4000
2020-10-29 09:34:08.250,3.334,1800
2020-10-29 09:34:08.250,3.334,10000
2020-10-29 09:34:08.250,3.334,4000
2020-10-29 09:34:08.250,3.334,1000
2020-10-29 09:34:08.250,3.334,3400
2020-10-29 09:34:08.250,3.334,400
2020-10-29 09:34:08.250,3.334,3000
2020-10-29 09:34:08.250,3.334,1200
2020-10-29 09:34:08.250,3.334,200
2020-10-29 09:34:09.470,3.334,300
2020-10-29 09:34:11.460,3.334,12000
2020-10-29 09:34:12.510,3.334,3000
2020-10-29 09:34:12.880,3.334,1700
2020-10-29 09:34:13.500,3.334,2000
2020-10-29 09:34:13.780,3.334,3000
2020-10-29 09:34:14.470,3.334,200
2020-10-29 09:34:14.910,3.334,4000
2020-10-29 09:34:15.870,3.334,200
2020-10-29 09:34:16.460,3.334,1000
2020-10-29 09:34:16.780,3.334,2000
2020-10-29 09:34:17.670,3.333,4200
2020-10-29 09:34:17.970,3.334,81700
2020-10-29 09:34:17.970,3.334,10100
2020-10-29 09:34:17.970,3.334,9900
2020-10-29 09:34:17.970,3.334,8600
2020-10-29 09:34:17.970,3.334,8800
2020-10-29 09:34:17.970,3.334,8700
2020-10-29 09:34:17.970,3.334,10000
2020-10-29 09:34:17.970,3.334,162200
2020-10-29 09:34:18.190,3.334,100000
2020-10-29 09:34:18.190,3.333,2600
2020-10-29 09:34:18.390,3.334,1400
2020-10-29 09:34:18.510,3.334,200
2020-10-29 09:34:18.590,3.333,3200
2020-10-29 09:34:18.590,3.333,5000
2020-10-29 09:34:18.590,3.333,1800
2020-10-29 09:34:18.750,3.334,100
2020-10-29 09:34:19.030,3.334,1000
2020-10-29 09:34:19.330,3.334,8900
2020-10-29 09:34:20.630,3.335,157200
2020-10-29 09:34:20.630,3.335,142800
2020-10-29 09:34:20.630,3.334,20000
2020-10-29 09:34:21.640,3.334,600
2020-10-29 09:34:22.890,3.334,1000
2020-10-29 09:34:24.010,3.334,5000
2020-10-29 09:34:25.180,3.334,5000
2020-10-29 09:34:25.180,3.334,1000
2020-10-29 09:34:25.180,3.334,2000
2020-10-29 09:34:25.180,3.334,3000
2020-10-29 09:34:25.180,3.334,1000
2020-10-29 09:34:25.180,3.334,500
2020-10-29 09:34:25.180,3.334,14100
2020-10-29 09:34:26.950,3.335,1000
2020-10-29 09:34:27.300,3.334,1000
2020-10-29 09:34:27.330,3.335,900
2020-10-29 09:34:27.330,3.335,100
2020-10-29 09:34:27.330,3.335,49000
2020-10-29 09:34:28.470,3.335,10000
2020-10-29 09:34:29.840,3.335,2000
2020-10-29 09:34:30.750,3.335,4200
2020-10-29 09:34:31.410,3.334,14900
2020-10-29 09:34:31.410,3.334,3000
2020-10-29 09:34:31.410,3.334,11000
2020-10-29 09:34:31.410,3.334,13000
2020-10-29 09:34:31.410,3.334,8100
2020-10-29 09:34:31.410,3.335,50000
2020-10-29 09:34:31.530,3.334,250000
2020-10-29 09:34:31.850,3.335,5300
2020-10-29 09:34:31.900,3.334,31700
2020-10-29 09:34:33.320,3.335,7500
2020-10-29 09:34:33.320,3.335,100
2020-10-29 09:34:33.320,3.335,10000
2020-10-29 09:34:33.320,3.335,9200
2020-10-29 09:34:33.320,3.335,101200
2020-10-29 09:34:33.350,3.335,5000
2020-10-29 09:34:34.080,3.334,6500
2020-10-29 09:34:34.080,3.334,9100
2020-10-29 09:34:34.930,3.335,5100
2020-10-29 09:34:35.140,3.335,9300
2020-10-29 09:34:35.140,3.335,5000
2020-10-29 09:34:35.140,3.336,5700
2020-10-29 09:34:36.870,3.335,3000
2020-10-29 09:34:38.130,3.335,100
2020-10-29 09:34:38.130,3.335,100
2020-10-29 09:34:38.130,3.335,2000
2020-10-29 09:34:38.620,3.335,2000
2020-10-29 09:34:38.620,3.335,1000
2020-10-29 09:34:38.620,3.335,3000
2020-10-29 09:34:38.950,3.335,17000
2020-10-29 09:34:38.950,3.335,2000
2020-10-29 09:34:39.620,3.335,1000
2020-10-29 09:34:39.770,3.335,50000
2020-10-29 09:34:40.450,3.335,3000
2020-10-29 09:34:41.270,3.335,2000
2020-10-29 09:34:41.290,3.335,500
2020-10-29 09:34:42.190,3.334,1800
2020-10-29 09:34:42.190,3.334,20000
2020-10-29 09:34:42.190,3.334,8200
2020-10-29 09:34:42.470,3.335,3000
2020-10-29 09:34:43.400,3.335,500
2020-10-29 09:34:43.520,3.334,1800
2020-10-29 09:34:43.520,3.334,5000
2020-10-29 09:34:43.520,3.334,1000
2020-10-29 09:34:43.520,3.334,10000
2020-10-29 09:34:43.520,3.334,1500
2020-10-29 09:34:43.520,3.334,100
2020-10-29 09:34:43.520,3.334,500
2020-10-29 09:34:43.520,3.334,200
2020-10-29 09:34:43.520,3.334,9900
2020-10-29 09:34:44.200,3.335,2900
2020-10-29 09:34:45.970,3.335,5000
2020-10-29 09:34:45.990,3.335,100
2020-10-29 09:34:45.990,3.335,100
2020-10-29 09:34:45.990,3.335,100
2020-10-29 09:34:45.990,3.335,100
2020-10-29 09:34:45.990,3.335,100
2020-10-29 09:34:45.990,3.335,100
2020-10-29 09:34:45.990,3.335,100
2020-10-29 09:34:45.990,3.335,100
2020-10-29 09:34:45.990,3.335,100
2020-10-29 09:34:45.990,3.335,100
2020-10-29 09:34:45.990,3.335,100
2020-10-29 09:34:45.990,3.335,100
2020-10-29 09:34:45.990,3.335,100
2020-10-29 09:34:45.990,3.335,100
2020-10-29 09:34:45.990,3.335,100
2020-10-29 09:34:45.990,3.335,100
2020-10-29 09:34:46.050,3.335,100
2020-10-29 09:34:46.050,3.335,100
2020-10-29 09:34:46.050,3.335,100
2020-10-29 09:34:46.050,3.335,100
2020-10-29 09:34:46.050,3.335,100
2020-10-29 09:34:46.050,3.335,100
2020-10-29 09:34:46.050,3.335,100
2020-10-29 09:34:46.050,3.335,100
2020-10-29 09:34:46.050,3.335,100
2020-10-29 09:34:46.050,3.335,100
2020-10-29 09:34:46.050,3.335,100
2020-10-29 09:34:46.050,3.335,100
2020-10-29 09:34:46.050,3.335,100
2020-10-29 09:34:46.050,3.335,100
2020-10-29 09:34:46.220,3.335,5000
2020-10-29 09:34:46.570,3.335,30000
2020-10-29 09:34:46.910,3.334,7500
2020-10-29 09:34:47.090,3.335,1500
2020-10-29 09:34:47.720,3.335,100
2020-10-29 09:34:47.720,3.335,100
2020-10-29 09:34:47.720,3.335,100
2020-10-29 09:34:47.720,3.335,100
2020-10-29 09:34:47.720,3.335,100
2020-10-29 09:34:47.720,3.335,100
2020-10-29 09:34:47.720,3.335,100
2020-10-29 09:34:47.720,3.335,100
2020-10-29 09:34:47.720,3.335,100
2020-10-29 09:34:47.750,3.335,100
2020-10-29 09:34:47.750,3.335,100
2020-10-29 09:34:47.750,3.335,100
2020-10-29 09:34:47.750,3.335,100
2020-10-29 09:34:47.750,3.335,100
2020-10-29 09:34:47.750,3.335,100
2020-10-29 09:34:47.750,3.335,100
2020-10-29 09:34:47.800,3.335,100
2020-10-29 09:34:47.800,3.335,100
2020-10-29 09:34:47.800,3.335,100
2020-10-29 09:34:47.800,3.335,100
2020-10-29 09:34:47.880,3.335,100
2020-10-29 09:34:47.880,3.335,100
2020-10-29 09:34:47.880,3.335,100
2020-10-29 09:34:47.880,3.335,100
2020-10-29 09:34:47.880,3.335,100
2020-10-29 09:34:47.880,3.335,100
2020-10-29 09:34:47.880,3.335,100
2020-10-29 09:34:47.880,3.335,100
2020-10-29 09:34:47.880,3.335,100
2020-10-29 09:34:47.880,3.335,100
2020-10-29 09:34:48.330,3.335,300
2020-10-29 09:34:48.580,3.335,10000
2020-10-29 09:34:48.690,3.335,3000
2020-10-29 09:34:49.030,3.335,4600
2020-10-29 09:34:49.220,3.335,30000
2020-10-29 09:34:49.710,3.334,2600
2020-10-29 09:34:49.710,3.334,3000
2020-10-29 09:34:49.710,3.334,3200
2020-10-29 09:34:49.770,3.334,1800
2020-10-29 09:34:49.770,3.334,2000
2020-10-29 09:34:49.770,3.334,700
2020-10-29 09:34:50.220,3.334,1300
2020-10-29 09:34:50.220,3.334,4100
2020-10-29 09:34:50.250,3.335,16300
2020-10-29 09:34:50.860,3.334,2500
2020-10-29 09:34:50.860,3.334,7500
2020-10-29 09:34:50.910,3.335,200
2020-10-29 09:34:52.320,3.335,200
2020-10-29 09:34:53.450,3.334,10000
2020-10-29 09:34:54.540,3.335,3000
2020-10-29 09:34:54.720,3.334,10800
2020-10-29 09:34:54.950,3.335,10000
2020-10-29 09:34:55.470,3.335,100
2020-10-29 09:34:55.500,3.335,2000
2020-10-29 09:34:55.700,3.335,1900
2020-10-29 09:34:55.930,3.335,89000
2020-10-29 09:34:55.930,3.335,8300
2020-10-29 09:34:55.930,3.335,15100
2020-10-29 09:34:55.930,3.335,17000
2020-10-29 09:34:55.930,3.335,3000
2020-10-29 09:34:55.930,3.335,10200
2020-10-29 09:34:57.480,3.335,20000
2020-10-29 09:34:57.780,3.335,1500
2020-10-29 09:34:58.420,3.335,30000
2020-10-29 09:35:00.580,3.335,3000
2020-10-29 09:35:01.820,3.335,1400
2020-10-29 09:35:02.780,3.335,101500
2020-10-29 09:35:02.780,3.335,2500
2020-10-29 09:35:02.780,3.335,300
2020-10-29 09:35:02.780,3.335,100
2020-10-29 09:35:02.780,3.335,20000
2020-10-29 09:35:02.780,3.335,1000
2020-10-29 09:35:02.780,3.335,7400
2020-10-29 09:35:02.780,3.335,500
2020-10-29 09:35:02.780,3.335,5000
2020-10-29 09:35:02.780,3.335,300
2020-10-29 09:35:02.780,3.335,15000
2020-10-29 09:35:02.780,3.335,10000
2020-10-29 09:35:03.510,3.335,3000
2020-10-29 09:35:04.900,3.335,900
2020-10-29 09:35:05.480,3.335,69500
2020-10-29 09:35:05.790,3.335,300
2020-10-29 09:35:06.100,3.335,5000
2020-10-29 09:35:06.520,3.334,14700
2020-10-29 09:35:06.810,3.335,20000
2020-10-29 09:35:07.260,3.335,1000
2020-10-29 09:35:07.330,3.335,200
2020-10-29 09:35:07.610,3.335,5000
2020-10-29 09:35:08.000,3.335,2900
2020-10-29 09:35:08.030,3.334,24500
2020-10-29 09:35:08.030,3.334,1000
2020-10-29 09:35:08.030,3.334,200
2020-10-29 09:35:08.030,3.334,6000
2020-10-29 09:35:08.030,3.334,9000
2020-10-29 09:35:08.030,3.334,3000
2020-10-29 09:35:08.030,3.334,10000
2020-10-29 09:35:08.030,3.334,5000
2020-10-29 09:35:08.030,3.334,30000
2020-10-29 09:35:08.030,3.334,1000
2020-10-29 09:35:08.030,3.334,3000
2020-10-29 09:35:08.030,3.334,6000
2020-10-29 09:35:08.030,3.334,3000
2020-10-29 09:35:08.030,3.334,200
2020-10-29 09:35:08.030,3.334,10000
2020-10-29 09:35:08.030,3.334,20000
2020-10-29 09:35:08.030,3.334,15000
2020-10-29 09:35:08.030,3.334,500
2020-10-29 09:35:08.030,3.334,20000
2020-10-29 09:35:08.030,3.334,1500
2020-10-29 09:35:08.030,3.334,3000
2020-10-29 09:35:08.030,3.334,10000
2020-10-29 09:35:08.030,3.334,500
2020-10-29 09:35:08.030,3.334,50000
2020-10-29 09:35:08.030,3.334,10100
2020-10-29 09:35:08.030,3.334,200
2020-10-29 09:35:08.030,3.334,500
2020-10-29 09:35:08.030,3.334,10000
2020-10-29 09:35:08.030,3.334,100
2020-10-29 09:35:08.030,3.334,46900
2020-10-29 09:35:08.060,3.334,76200
2020-10-29 09:35:08.060,3.334,1000
2020-10-29 09:35:08.060,3.334,5000
2020-10-29 09:35:08.060,3.334,30000
2020-10-29 09:35:08.060,3.334,3000
2020-10-29 09:35:08.060,3.334,6000
2020-10-29 09:35:08.060,3.334,30000
2020-10-29 09:35:08.060,3.334,5000
2020-10-29 09:35:08.060,3.334,3000
2020-10-29 09:35:08.060,3.334,1500
2020-10-29 09:35:08.060,3.334,1600
2020-10-29 09:35:08.060,3.334,100000
2020-10-29 09:35:08.060,3.334,2000
2020-10-29 09:35:08.060,3.334,21000
2020-10-29 09:35:08.310,3.334,10000
2020-10-29 09:35:08.750,3.334,300
2020-10-29 09:35:09.500,3.334,600
2020-10-29 09:35:11.060,3.334,3000
2020-10-29 09:35:11.620,3.334,800
2020-10-29 09:35:11.620,3.334,2200
2020-10-29 09:35:12.110,3.334,2800
2020-10-29 09:35:12.280,3.334,38800
2020-10-29 09:35:12.750,3.333,7800
2020-10-29 09:35:13.050,3.334,15000
2020-10-29 09:35:13.130,3.334,5000
2020-10-29 09:35:13.300,3.334,3000
2020-10-29 09:35:14.280,3.334,200
2020-10-29 09:35:14.310,3.334,7000
2020-10-29 09:35:14.310,3.334,60000
2020-10-29 09:35:14.690,3.334,2000
2020-10-29 09:35:14.690,3.334,10000
2020-10-29 09:35:14.810,3.334,1000
2020-10-29 09:35:15.150,3.334,1000
2020-10-29 09:35:15.340,3.333,10400
2020-10-29 09:35:15.340,3.333,5000
2020-10-29 09:35:15.340,3.333,1100
2020-10-29 09:35:15.640,3.334,200
2020-10-29 09:35:16.270,3.334,1800
2020-10-29 09:35:16.270,3.334,300
2020-10-29 09:35:16.270,3.334,7900
2020-10-29 09:35:16.270,3.334,1000
2020-10-29 09:35:16.300,3.333,4200
2020-10-29 09:35:16.370,3.334,100
2020-10-29 09:35:16.950,3.334,900
2020-10-29 09:35:16.980,3.334,600
2020-10-29 09:35:17.180,3.334,500
2020-10-29 09:35:17.180,3.334,6400
2020-10-29 09:35:17.610,3.334,20000
2020-10-29 09:35:19.310,3.334,30000
2020-10-29 09:35:19.330,3.334,400
2020-10-29 09:35:20.160,3.334,2500
2020-10-29 09:35:20.260,3.334,5000
2020-10-29 09:35:21.170,3.334,17000
2020-10-29 09:35:21.170,3.334,400
2020-10-29 09:35:21.170,3.334,19400
2020-10-29 09:35:21.170,3.334,300000
2020-10-29 09:35:21.170,3.334,4800
2020-10-29 09:35:21.170,3.334,1000
2020-10-29 09:35:21.170,3.335,28600
2020-10-29 09:35:21.170,3.335,5100
2020-10-29 09:35:21.170,3.335,1000
2020-10-29 09:35:21.170,3.335,8400
2020-10-29 09:35:21.170,3.335,2000
2020-10-29 09:35:21.170,3.336,612300
2020-10-29 09:35:21.950,3.335,6000
2020-10-29 09:35:22.380,3.334,200
2020-10-29 09:35:22.550,3.333,4100
2020-10-29 09:35:22.880,3.334,300
2020-10-29 09:35:23.370,3.334,100
2020-10-29 09:35:24.090,3.334,3200
2020-10-29 09:35:24.460,3.334,900
2020-10-29 09:35:24.480,3.334,9000
2020-10-29 09:35:24.600,3.334,10000
2020-10-29 09:35:24.710,3.334,100
2020-10-29 09:35:24.710,3.333,3300
2020-10-29 09:35:25.480,3.334,2000
2020-10-29 09:35:25.760,3.334,600
2020-10-29 09:35:26.490,3.334,100
2020-10-29 09:35:26.930,3.334,4100
2020-10-29 09:35:26.930,3.334,5900
2020-10-29 09:35:27.270,3.333,7300
2020-10-29 09:35:27.270,3.333,5000
2020-10-29 09:35:27.270,3.333,30000
2020-10-29 09:35:27.270,3.333,800
2020-10-29 09:35:27.270,3.333,500
2020-10-29 09:35:27.270,3.333,1300
2020-10-29 09:35:27.270,3.333,300
2020-10-29 09:35:27.270,3.333,5000
2020-10-29 09:35:27.270,3.333,1500
2020-10-29 09:35:27.270,3.333,5600
2020-10-29 09:35:27.270,3.333,100
2020-10-29 09:35:27.270,3.333,500
2020-10-29 09:35:27.270,3.333,5000
2020-10-29 09:35:27.270,3.333,600
2020-10-29 09:35:27.270,3.333,1700
2020-10-29 09:35:27.270,3.333,100
2020-10-29 09:35:27.270,3.333,10000
2020-10-29 09:35:27.270,3.333,400
2020-10-29 09:35:27.270,3.333,3000
2020-10-29 09:35:27.270,3.333,300
2020-10-29 09:35:27.270,3.333,600
2020-10-29 09:35:27.270,3.333,5000
2020-10-29 09:35:27.270,3.333,3000
2020-10-29 09:35:27.270,3.333,1000
2020-10-29 09:35:27.270,3.333,2000
2020-10-29 09:35:27.270,3.333,5000
2020-10-29 09:35:27.270,3.333,200
2020-10-29 09:35:27.270,3.333,10000
2020-10-29 09:35:27.270,3.333,1000
2020-10-29 09:35:27.270,3.333,10000
2020-10-29 09:35:27.270,3.333,11000
2020-10-29 09:35:27.270,3.333,20000
2020-10-29 09:35:27.270,3.333,300
2020-10-29 09:35:27.270,3.333,100
2020-10-29 09:35:27.270,3.333,3000
2020-10-29 09:35:27.270,3.333,15000
2020-10-29 09:35:27.270,3.333,2900
2020-10-29 09:35:27.270,3.333,5000
2020-10-29 09:35:27.270,3.333,1000
2020-10-29 09:35:27.270,3.333,49000
2020-10-29 09:35:27.270,3.333,100
2020-10-29 09:35:27.270,3.333,500
2020-10-29 09:35:27.270,3.333,400
2020-10-29 09:35:27.270,3.333,1000
2020-10-29 09:35:27.270,3.333,10000
2020-10-29 09:35:27.270,3.333,5000
2020-10-29 09:35:27.270,3.333,3000
2020-10-29 09:35:27.270,3.333,10000
2020-10-29 09:35:27.270,3.333,45900
2020-10-29 09:35:27.270,3.333,54100
2020-10-29 09:35:27.270,3.333,100
2020-10-29 09:35:27.270,3.333,1000
2020-10-29 09:35:27.270,3.333,3000
2020-10-29 09:35:27.270,3.333,1300
2020-10-29 09:35:27.270,3.333,900
2020-10-29 09:35:27.270,3.333,300
2020-10-29 09:35:27.270,3.333,2000
2020-10-29 09:35:27.270,3.333,1000
2020-10-29 09:35:27.270,3.333,5000
2020-10-29 09:35:27.270,3.333,1000
2020-10-29 09:35:27.270,3.333,10000
2020-10-29 09:35:27.270,3.333,300
2020-10-29 09:35:27.270,3.333,10000
2020-10-29 09:35:27.270,3.333,100
2020-10-29 09:35:27.270,3.333,166600
2020-10-29 09:35:27.330,3.334,2600
2020-10-29 09:35:27.330,3.334,500
2020-10-29 09:35:27.330,3.334,1900
2020-10-29 09:35:27.600,3.333,2000
2020-10-29 09:35:28.060,3.334,10000
2020-10-29 09:35:28.530,3.334,100000
2020-10-29 09:35:28.750,3.333,131400
2020-10-29 09:35:28.750,3.333,400
2020-10-29 09:35:28.750,3.333,2000
2020-10-29 09:35:28.750,3.333,30000
2020-10-29 09:35:28.750,3.333,3700
2020-10-29 09:35:28.750,3.333,6000
2020-10-29 09:35:28.750,3.333,100
2020-10-29 09:35:28.750,3.333,300
2020-10-29 09:35:28.750,3.333,11000
2020-10-29 09:35:28.750,3.333,300
2020-10-29 09:35:28.750,3.333,5000
2020-10-29 09:35:28.750,3.333,5000
2020-10-29 09:35:28.750,3.333,12000
2020-10-29 09:35:28.750,3.333,2000
2020-10-29 09:35:28.750,3.333,10000
2020-10-29 09:35:28.750,3.333,5000
2020-10-29 09:35:28.750,3.333,10000
2020-10-29 09:35:28.750,3.333,10000
2020-10-29 09:35:28.750,3.333,2000
2020-10-29 09:35:28.750,3.333,100
2020-10-29 09:35:28.750,3.333,3000
2020-10-29 09:35:28.750,3.333,300
2020-10-29 09:35:28.750,3.333,100
2020-10-29 09:35:28.750,3.333,7400
2020-10-29 09:35:28.750,3.333,60000
2020-10-29 09:35:28.750,3.333,10000
2020-10-29 09:35:28.750,3.333,2000
2020-10-29 09:35:28.750,3.333,5000
2020-10-29 09:35:28.750,3.333,3100
2020-10-29 09:35:28.750,3.333,1000
2020-10-29 09:35:28.750,3.333,2700
2020-10-29 09:35:28.750,3.333,30000
2020-10-29 09:35:28.750,3.333,2000
2020-10-29 09:35:28.750,3.333,900
2020-10-29 09:35:28.750,3.333,4000
2020-10-29 09:35:28.750,3.333,10000
2020-10-29 09:35:28.750,3.333,20000
2020-10-29 09:35:28.750,3.333,3000
2020-10-29 09:35:28.750,3.333,5200
2020-10-29 09:35:28.750,3.333,1300
2020-10-29 09:35:28.750,3.333,1900
2020-10-29 09:35:28.750,3.333,30000
2020-10-29 09:35:28.750,3.333,100
2020-10-29 09:35:28.750,3.333,6000
2020-10-29 09:35:28.750,3.333,11000
2020-10-29 09:35:28.750,3.333,1500
2020-10-29 09:35:28.750,3.333,5000
2020-10-29 09:35:28.750,3.333,2500
2020-10-29 09:35:28.750,3.332,288600
2020-10-29 09:35:28.750,3.332,3100
2020-10-29 09:35:28.750,3.332,100
2020-10-29 09:35:28.750,3.332,1000
2020-10-29 09:35:28.750,3.332,3700
2020-10-29 09:35:28.750,3.332,500
2020-10-29 09:35:28.750,3.332,11000
2020-10-29 09:35:28.750,3.332,5000
2020-10-29 09:35:28.750,3.332,1000
2020-10-29 09:35:28.750,3.332,10000
2020-10-29 09:35:28.750,3.332,2000
2020-10-29 09:35:28.750,3.332,5000
2020-10-29 09:35:28.750,3.332,400
2020-10-29 09:35:28.750,3.332,2600
2020-10-29 09:35:28.750,3.332,1000
2020-10-29 09:35:28.750,3.332,200
2020-10-29 09:35:28.750,3.332,400
2020-10-29 09:35:28.750,3.332,30000
2020-10-29 09:35:28.750,3.332,1200
2020-10-29 09:35:28.750,3.332,10000
2020-10-29 09:35:28.750,3.332,500
2020-10-29 09:35:28.750,3.332,100
2020-10-29 09:35:28.750,3.332,100
2020-10-29 09:35:28.750,3.332,10000
2020-10-29 09:35:28.750,3.332,3000
2020-10-29 09:35:28.750,3.332,2000
2020-10-29 09:35:28.750,3.332,200
2020-10-29 09:35:28.750,3.332,20000
2020-10-29 09:35:28.750,3.332,3000
2020-10-29 09:35:28.750,3.332,300
2020-10-29 09:35:28.750,3.332,1000
2020-10-29 09:35:28.750,3.332,2000
2020-10-29 09:35:28.750,3.332,5000
2020-10-29 09:35:28.750,3.332,700
2020-10-29 09:35:28.870,3.334,7000
2020-10-29 09:35:29.120,3.334,400
2020-10-29 09:35:29.640,3.333,1100
2020-10-29 09:35:29.640,3.333,30000
2020-10-29 09:35:29.700,3.333,10000
2020-10-29 09:35:30.060,3.333,1500
2020-10-29 09:35:30.810,3.333,1000
2020-10-29 09:35:30.830,3.333,300
2020-10-29 09:35:30.960,3.333,5000
2020-10-29 09:35:30.990,3.333,10000
2020-10-29 09:35:31.300,3.333,1000
2020-10-29 09:35:31.410,3.332,1600
2020-10-29 09:35:31.410,3.332,900
2020-10-29 09:35:31.410,3.332,27500
2020-10-29 09:35:31.660,3.333,100
2020-10-29 09:35:32.160,3.333,100
2020-10-29 09:35:32.950,3.333,10000
2020-10-29 09:35:33.040,3.333,1000
2020-10-29 09:35:33.040,3.333,3700
2020-10-29 09:35:34.360,3.333,5000
2020-10-29 09:35:34.690,3.332,122500
2020-10-29 09:35:34.690,3.332,6600
2020-10-29 09:35:34.690,3.332,1000
2020-10-29 09:35:34.690,3.332,3000
2020-10-29 09:35:34.690,3.332,100
2020-10-29 09:35:34.690,3.332,1000
2020-10-29 09:35:34.690,3.332,10000
2020-10-29 09:35:34.690,3.332,20000
2020-10-29 09:35:34.690,3.332,200
2020-10-29 09:35:34.690,3.332,100
2020-10-29 09:35:34.690,3.332,3000
2020-10-29 09:35:34.690,3.332,10300
2020-10-29 09:35:34.690,3.332,2000
2020-10-29 09:35:34.690,3.332,5100
2020-10-29 09:35:34.690,3.332,2000
2020-10-29 09:35:34.690,3.332,1800
2020-10-29 09:35:34.690,3.332,400
2020-10-29 09:35:34.690,3.332,11000
2020-10-29 09:35:34.690,3.332,400
2020-10-29 09:35:34.690,3.332,20000
2020-10-29 09:35:34.690,3.332,3000
2020-10-29 09:35:34.690,3.332,2000
2020-10-29 09:35:34.690,3.332,400
2020-10-29 09:35:34.690,3.332,50000
2020-10-29 09:35:34.690,3.332,1000
2020-10-29 09:35:34.690,3.332,5000
2020-10-29 09:35:34.690,3.332,5000
2020-10-29 09:35:34.690,3.332,3000
2020-10-29 09:35:34.690,3.332,7800
2020-10-29 09:35:34.690,3.332,2300
2020-10-29 09:35:34.940,3.332,500
2020-10-29 09:35:34.940,3.332,1000
2020-10-29 09:35:35.080,3.332,1000
2020-10-29 09:35:35.510,3.332,4300
2020-10-29 09:35:36.060,3.332,13000
2020-10-29 09:35:36.660,3.332,2300
2020-10-29 09:35:37.010,3.331,7000
2020-10-29 09:35:37.010,3.331,20000
2020-10-29 09:35:37.010,3.331,200
2020-10-29 09:35:37.010,3.331,500
2020-10-29 09:35:37.010,3.331,500
2020-10-29 09:35:37.010,3.331,5000
2020-10-29 09:35:37.010,3.331,1000
2020-10-29 09:35:37.010,3.331,6000
2020-10-29 09:35:37.010,3.331,600
2020-10-29 09:35:37.010,3.331,2000
2020-10-29 09:35:37.010,3.331,5000
2020-10-29 09:35:37.010,3.331,5000
2020-10-29 09:35:37.010,3.331,2000
2020-10-29 09:35:37.010,3.331,400
2020-10-29 09:35:37.010,3.331,100000
2020-10-29 09:35:37.010,3.331,5000
2020-10-29 09:35:37.010,3.331,10000
2020-10-29 09:35:37.010,3.331,11000
2020-10-29 09:35:37.010,3.331,2000
2020-10-29 09:35:37.010,3.331,42700
2020-10-29 09:35:37.010,3.331,1000
2020-10-29 09:35:37.010,3.331,200
2020-10-29 09:35:37.010,3.331,3000
2020-10-29 09:35:37.010,3.331,7600
2020-10-29 09:35:37.010,3.331,1000
2020-10-29 09:35:37.010,3.331,1000
2020-10-29 09:35:37.010,3.331,3000
2020-10-29 09:35:37.010,3.331,5000
2020-10-29 09:35:37.010,3.331,1000
2020-10-29 09:35:37.010,3.331,5000
2020-10-29 09:35:37.010,3.331,10000
2020-10-29 09:35:37.010,3.331,5000
2020-10-29 09:35:37.010,3.331,1000
2020-10-29 09:35:37.010,3.331,5000
2020-10-29 09:35:37.010,3.331,1500
2020-10-29 09:35:37.010,3.331,5000
2020-10-29 09:35:37.010,3.331,16900
2020-10-29 09:35:37.010,3.331,1500
2020-10-29 09:35:37.010,3.331,400
2020-10-29 09:35:37.300,3.332,10000
2020-10-29 09:35:37.790,3.332,1800
2020-10-29 09:35:38.580,3.332,1700
2020-10-29 09:35:38.690,3.332,10000
2020-10-29 09:35:39.160,3.332,300
2020-10-29 09:35:39.910,3.332,3000
2020-10-29 09:35:40.080,3.332,15000
2020-10-29 09:35:41.250,3.332,6000
2020-10-29 09:35:41.250,3.332,2200
2020-10-29 09:35:41.250,3.333,9100
2020-10-29 09:35:41.610,3.333,4400
2020-10-29 09:35:42.180,3.332,2000
2020-10-29 09:35:43.620,3.332,5000
2020-10-29 09:35:43.770,3.332,1000
2020-10-29 09:35:44.520,3.332,1200
2020-10-29 09:35:44.520,3.332,1500
2020-10-29 09:35:45.370,3.333,300000
2020-10-29 09:35:45.530,3.332,2300
2020-10-29 09:35:45.530,3.332,1000
2020-10-29 09:35:45.530,3.332,1500
2020-10-29 09:35:45.530,3.332,3500
2020-10-29 09:35:45.980,3.333,5600
2020-10-29 09:35:46.300,3.332,113800
2020-10-29 09:35:46.460,3.333,1400
2020-10-29 09:35:46.460,3.333,500
2020-10-29 09:35:46.460,3.333,1400
2020-10-29 09:35:46.460,3.333,3500
2020-10-29 09:35:46.460,3.333,5200
2020-10-29 09:35:46.780,3.332,100
2020-10-29 09:35:47.560,3.333,10000
2020-10-29 09:35:47.660,3.333,5000
2020-10-29 09:35:47.870,3.332,29500
2020-10-29 09:35:48.500,3.333,3000
2020-10-29 09:35:48.980,3.332,9000
2020-10-29 09:35:49.740,3.332,5000
2020-10-29 09:35:49.770,3.333,100
2020-10-29 09:35:50.220,3.333,100
2020-10-29 09:35:50.220,3.333,100
2020-10-29 09:35:50.220,3.333,100
2020-10-29 09:35:50.220,3.333,100
2020-10-29 09:35:50.220,3.333,100
2020-10-29 09:35:50.220,3.333,100
2020-10-29 09:35:50.220,3.333,100
2020-10-29 09:35:50.220,3.333,100
2020-10-29 09:35:50.220,3.333,100
2020-10-29 09:35:50.220,3.333,100
2020-10-29 09:35:50.220,3.333,100
2020-10-29 09:35:50.220,3.333,100
2020-10-29 09:35:50.220,3.333,100
2020-10-29 09:35:50.220,3.333,100
2020-10-29 09:35:50.220,3.333,100
2020-10-29 09:35:50.220,3.333,100
2020-10-29 09:35:50.310,3.333,100
2020-10-29 09:35:50.310,3.333,100
2020-10-29 09:35:50.310,3.333,100
2020-10-29 09:35:50.310,3.333,100
2020-10-29 09:35:50.310,3.333,100
2020-10-29 09:35:50.310,3.333,100
2020-10-29 09:35:50.310,3.333,100
2020-10-29 09:35:50.310,3.333,100
2020-10-29 09:35:50.310,3.333,100
2020-10-29 09:35:50.310,3.333,100
2020-10-29 09:35:50.310,3.333,100
2020-10-29 09:35:50.310,3.333,100
2020-10-29 09:35:50.310,3.333,100
2020-10-29 09:35:50.310,3.333,100
2020-10-29 09:35:50.430,3.333,10800
2020-10-29 09:35:51.150,3.333,100
2020-10-29 09:35:51.150,3.333,100
2020-10-29 09:35:51.150,3.333,100
2020-10-29 09:35:51.150,3.333,100
2020-10-29 09:35:51.150,3.333,100
2020-10-29 09:35:51.150,3.333,100
2020-10-29 09:35:51.150,3.333,100
2020-10-29 09:35:51.150,3.333,100
2020-10-29 09:35:51.150,3.333,100
2020-10-29 09:35:51.150,3.333,100
2020-10-29 09:35:51.150,3.333,100
2020-10-29 09:35:51.150,3.333,100
2020-10-29 09:35:51.150,3.333,100
2020-10-29 09:35:51.150,3.333,100
2020-10-29 09:35:51.150,3.333,100
2020-10-29 09:35:51.150,3.333,100
2020-10-29 09:35:51.260,3.333,100
2020-10-29 09:35:51.260,3.333,100
2020-10-29 09:35:51.260,3.333,100
2020-10-29 09:35:51.260,3.333,100
2020-10-29 09:35:51.260,3.333,100
2020-10-29 09:35:51.260,3.333,100
2020-10-29 09:35:51.260,3.333,100
2020-10-29 09:35:51.260,3.333,100
2020-10-29 09:35:51.260,3.333,100
2020-10-29 09:35:51.260,3.333,100
2020-10-29 09:35:51.260,3.333,100
2020-10-29 09:35:51.260,3.333,100
2020-10-29 09:35:51.260,3.333,100
2020-10-29 09:35:51.260,3.333,100
2020-10-29 09:35:51.490,3.333,100
2020-10-29 09:35:51.700,3.332,20000
2020-10-29 09:35:53.200,3.332,15000
2020-10-29 09:35:54.420,3.332,5700
2020-10-29 09:35:54.420,3.333,600
2020-10-29 09:35:55.980,3.332,43600
2020-10-29 09:35:56.090,3.332,54800
2020-10-29 09:35:56.090,3.332,20000
2020-10-29 09:35:56.090,3.332,10000
2020-10-29 09:35:56.090,3.332,5000
2020-10-29 09:35:56.090,3.332,200
2020-10-29 09:35:56.090,3.332,10000
2020-10-29 09:35:56.090,3.332,4500
2020-10-29 09:35:56.090,3.332,18700
2020-10-29 09:35:56.090,3.332,100
2020-10-29 09:35:56.090,3.332,5000
2020-10-29 09:35:56.090,3.332,10000
2020-10-29 09:35:56.090,3.332,10000
2020-10-29 09:35:56.090,3.332,9500
2020-10-29 09:35:56.090,3.332,3000
2020-10-29 09:35:56.090,3.332,5000
2020-10-29 09:35:56.090,3.332,1000
2020-10-29 09:35:56.090,3.332,1000
2020-10-29 09:35:56.090,3.332,3600
2020-10-29 09:35:56.090,3.332,3100
2020-10-29 09:35:56.090,3.332,3000
2020-10-29 09:35:56.090,3.332,300
2020-10-29 09:35:56.090,3.332,1700
2020-10-29 09:35:56.090,3.332,1000
2020-10-29 09:35:56.090,3.332,20000
2020-10-29 09:35:56.090,3.332,100
2020-10-29 09:35:56.090,3.332,10000
2020-10-29 09:35:56.090,3.332,3300
2020-10-29 09:35:56.140,3.331,2000
2020-10-29 09:35:56.220,3.332,900
2020-10-29 09:35:56.650,3.332,3000
2020-10-29 09:35:57.170,3.332,100
2020-10-29 09:35:57.200,3.332,82300
2020-10-29 09:35:57.200,3.332,117700
2020-10-29 09:35:58.520,3.332,10000
2020-10-29 09:35:59.250,3.332,1200
2020-10-29 09:35:59.640,3.332,5000
2020-10-29 09:35:59.700,3.332,3000
2020-10-29 09:35:59.920,3.332,2700
2020-10-29 09:36:00.170,3.332,1000
2020-10-29 09:36:00.170,3.332,10000
2020-10-29 09:36:01.240,3.332,1000
2020-10-29 09:36:01.580,3.332,300
2020-10-29 09:36:01.750,3.332,1000
2020-10-29 09:36:01.850,3.332,1500
2020-10-29 09:36:02.480,3.332,50000
2020-10-29 09:36:02.600,3.332,1000
2020-10-29 09:36:02.750,3.332,1000
2020-10-29 09:36:03.370,3.332,2400
2020-10-29 09:36:03.370,3.332,4000
2020-10-29 09:36:03.460,3.332,2000
2020-10-29 09:36:03.590,3.332,5000
2020-10-29 09:36:03.820,3.332,1700
2020-10-29 09:36:03.960,3.332,1000
2020-10-29 09:36:04.050,3.332,10700
2020-10-29 09:36:04.310,3.332,10000
2020-10-29 09:36:05.240,3.332,10000
2020-10-29 09:36:05.540,3.332,3100
2020-10-29 09:36:05.720,3.332,2000
2020-10-29 09:36:05.920,3.332,4000
2020-10-29 09:36:06.190,3.331,7600
2020-10-29 09:36:06.190,3.331,5100
2020-10-29 09:36:06.290,3.332,3000
2020-10-29 09:36:06.460,3.332,100
2020-10-29 09:36:06.460,3.332,100
2020-10-29 09:36:06.460,3.332,100
2020-10-29 09:36:06.460,3.332,100
2020-10-29 09:36:06.460,3.332,100
2020-10-29 09:36:06.460,3.332,100
2020-10-29 09:36:06.460,3.332,100
2020-10-29 09:36:06.460,3.332,100
