Datetime,Price,Volume
2020-10-29 09:25:00.030,4.759,300
2020-10-29 09:25:00.030,4.759,24300
2020-10-29 09:25:00.030,4.759,3700
2020-10-29 09:25:00.030,4.759,1000
2020-10-29 09:25:00.030,4.759,8000
2020-10-29 09:25:00.030,4.759,2300
2020-10-29 09:25:00.030,4.759,4400
2020-10-29 09:25:00.030,4.759,700
2020-10-29 09:25:00.030,4.759,2000
2020-10-29 09:25:00.030,4.759,700
2020-10-29 09:25:00.030,4.759,24300
2020-10-29 09:25:00.030,4.759,13800
2020-10-29 09:25:00.030,4.759,42800
2020-10-29 09:25:00.030,4.759,13600
2020-10-29 09:25:00.030,4.759,5600
2020-10-29 09:25:00.030,4.759,10000
2020-10-29 09:25:00.030,4.759,500
2020-10-29 09:25:00.030,4.759,400
2020-10-29 09:25:00.030,4.759,2100
2020-10-29 09:25:00.030,4.759,100
2020-10-29 09:25:00.030,4.759,10000
2020-10-29 09:25:00.030,4.759,2000
2020-10-29 09:25:00.030,4.759,6500
2020-10-29 09:25:00.030,4.759,2300
2020-10-29 09:25:00.030,4.759,200
2020-10-29 09:25:00.030,4.759,800
2020-10-29 09:25:00.030,4.759,200
2020-10-29 09:25:00.030,4.759,800
2020-10-29 09:25:00.030,4.759,2000
2020-10-29 09:25:00.030,4.759,6200
2020-10-29 09:25:00.030,4.759,2000
2020-10-29 09:25:00.030,4.759,1800
2020-10-29 09:25:00.030,4.759,4700
2020-10-29 09:25:00.030,4.759,300
2020-10-29 09:25:00.030,4.759,700
2020-10-29 09:25:00.030,4.759,100
2020-10-29 09:25:00.030,4.759,300
2020-10-29 09:25:00.030,4.759,100
2020-10-29 09:25:00.030,4.759,500
2020-10-29 09:25:00.030,4.759,400
2020-10-29 09:25:00.030,4.759,500
2020-10-29 09:25:00.030,4.759,100
2020-10-29 09:25:00.030,4.759,100
2020-10-29 09:25:00.030,4.759,500
2020-10-29 09:25:00.030,4.759,100
2020-10-29 09:25:00.030,4.759,100
2020-10-29 09:25:00.030,4.759,1100
2020-10-29 09:25:00.030,4.759,200
2020-10-29 09:25:00.030,4.759,600
2020-10-29 09:25:00.030,4.759,2600
2020-10-29 09:25:00.030,4.759,7000
2020-10-29 09:25:00.030,4.759,6000
2020-10-29 09:25:00.030,4.759,1500
2020-10-29 09:25:00.030,4.759,6400
2020-10-29 09:25:00.030,4.759,1000
2020-10-29 09:25:00.030,4.759,100
2020-10-29 09:25:00.030,4.759,100
2020-10-29 09:25:00.030,4.759,200
2020-10-29 09:25:00.030,4.759,100
2020-10-29 09:25:00.030,4.759,200
2020-10-29 09:25:00.030,4.759,100
2020-10-29 09:25:00.030,4.759,100
2020-10-29 09:25:00.030,4.759,2000
2020-10-29 09:25:00.030,4.759,3800
2020-10-29 09:25:00.030,4.759,200
2020-10-29 09:25:00.030,4.759,4200
2020-10-29 09:25:00.030,4.759,100
2020-10-29 09:25:00.030,4.759,5000
2020-10-29 09:25:00.030,4.759,100
2020-10-29 09:25:00.030,4.759,300
2020-10-29 09:25:00.030,4.759,6000
2020-10-29 09:25:00.030,4.759,500
2020-10-29 09:25:00.030,4.759,200
2020-10-29 09:25:00.030,4.759,900
2020-10-29 09:25:00.030,4.759,22500
2020-10-29 09:25:00.030,4.759,10800
2020-10-29 09:25:00.030,4.759,100
2020-10-29 09:25:00.030,4.759,1100
2020-10-29 09:25:00.030,4.759,200
2020-10-29 09:25:00.030,4.759,100
2020-10-29 09:25:00.030,4.759,500
2020-10-29 09:25:00.030,4.759,500
2020-10-29 09:25:00.030,4.759,100
2020-10-29 09:25:00.030,4.759,100
2020-10-29 09:25:00.030,4.759,100
2020-10-29 09:25:00.030,4.759,300
2020-10-29 09:25:00.030,4.759,100
2020-10-29 09:25:00.030,4.759,200
2020-10-29 09:25:00.030,4.759,100
2020-10-29 09:25:00.030,4.759,200
2020-10-29 09:25:00.030,4.759,100
2020-10-29 09:25:00.030,4.759,200
2020-10-29 09:25:00.030,4.759,200
2020-10-29 09:25:00.030,4.759,200
2020-10-29 09:25:00.030,4.759,300
2020-10-29 09:25:00.030,4.759,200
2020-10-29 09:25:00.030,4.759,100
2020-10-29 09:25:00.030,4.759,200
2020-10-29 09:25:00.030,4.759,100
2020-10-29 09:25:00.030,4.759,4200
2020-10-29 09:25:00.030,4.759,200
2020-10-29 09:25:00.030,4.759,1400
2020-10-29 09:25:00.030,4.759,2000
2020-10-29 09:25:00.030,4.759,100
2020-10-29 09:25:00.030,4.759,200
2020-10-29 09:25:00.030,4.759,100
2020-10-29 09:25:00.030,4.759,100
2020-10-29 09:25:00.030,4.759,300
2020-10-29 09:25:00.030,4.759,2100
2020-10-29 09:25:00.030,4.759,100
2020-10-29 09:25:00.030,4.759,100
2020-10-29 09:25:00.030,4.759,500
2020-10-29 09:25:00.030,4.759,400
2020-10-29 09:25:00.030,4.759,100
2020-10-29 09:25:00.030,4.759,100
2020-10-29 09:25:00.030,4.759,100
2020-10-29 09:25:00.030,4.759,100
2020-10-29 09:25:00.030,4.759,100
2020-10-29 09:25:00.030,4.759,300
2020-10-29 09:25:00.030,4.759,100
2020-10-29 09:25:00.030,4.759,100
2020-10-29 09:25:00.030,4.759,200
2020-10-29 09:25:00.030,4.759,1000
2020-10-29 09:25:00.030,4.759,1600
2020-10-29 09:25:00.030,4.759,100
2020-10-29 09:25:00.030,4.759,300
2020-10-29 09:25:00.030,4.759,400
2020-10-29 09:25:00.030,4.759,1300
2020-10-29 09:25:00.030,4.759,6000
2020-10-29 09:25:00.030,4.759,200
2020-10-29 09:25:00.030,4.759,200
2020-10-29 09:25:00.030,4.759,500
2020-10-29 09:25:00.030,4.759,100
2020-10-29 09:25:00.030,4.759,900
2020-10-29 09:25:00.030,4.759,3000
2020-10-29 09:25:00.030,4.759,7000
2020-10-29 09:25:00.030,4.759,2000
2020-10-29 09:25:00.030,4.759,7100
2020-10-29 09:25:00.030,4.759,900
2020-10-29 09:25:00.030,4.759,300
2020-10-29 09:25:00.030,4.759,200
2020-10-29 09:25:00.030,4.759,1100
2020-10-29 09:25:00.030,4.759,100
2020-10-29 09:25:00.030,4.759,300
2020-10-29 09:25:00.030,4.759,100
2020-10-29 09:25:00.030,4.759,2000
2020-10-29 09:25:00.030,4.759,2100
2020-10-29 09:25:00.030,4.759,400
2020-10-29 09:25:00.030,4.759,100
2020-10-29 09:25:00.030,4.759,2000
2020-10-29 09:25:00.030,4.759,7300
2020-10-29 09:25:00.030,4.759,27600
2020-10-29 09:25:00.030,4.759,3000
2020-10-29 09:25:00.030,4.759,3000
2020-10-29 09:25:00.030,4.759,100
2020-10-29 09:25:00.030,4.759,200
2020-10-29 09:25:00.030,4.759,1000
2020-10-29 09:25:00.030,4.759,600
2020-10-29 09:25:00.030,4.759,100
2020-10-29 09:25:00.030,4.759,2000
2020-10-29 09:25:00.030,4.759,3000
2020-10-29 09:25:00.030,4.759,1000
2020-10-29 09:25:00.030,4.759,6000
2020-10-29 09:25:00.030,4.759,14000
2020-10-29 09:25:00.030,4.759,10100
2020-10-29 09:25:00.030,4.759,6400
2020-10-29 09:25:00.030,4.759,1500
2020-10-29 09:25:00.030,4.759,3000
2020-10-29 09:25:00.030,4.759,500
2020-10-29 09:25:00.030,4.759,4500
2020-10-29 09:25:00.030,4.759,2500
2020-10-29 09:25:00.030,4.759,6000
2020-10-29 09:25:00.030,4.759,6500
2020-10-29 09:25:00.030,4.759,2000
2020-10-29 09:25:00.030,4.759,1000
2020-10-29 09:25:00.030,4.759,1000
2020-10-29 09:25:00.030,4.759,3000
2020-10-29 09:25:00.030,4.759,1200
2020-10-29 09:25:00.030,4.759,800
2020-10-29 09:25:00.030,4.759,13000
2020-10-29 09:25:00.030,4.759,500
2020-10-29 09:25:00.030,4.759,100
2020-10-29 09:25:00.030,4.759,700
2020-10-29 09:25:00.030,4.759,2500
2020-10-29 09:25:00.030,4.759,1000
2020-10-29 09:25:00.030,4.759,200
2020-10-29 09:25:00.030,4.759,100
2020-10-29 09:25:00.030,4.759,57700
2020-10-29 09:25:00.030,4.759,10000
2020-10-29 09:25:00.030,4.759,3200
2020-10-29 09:25:00.030,4.759,26000
2020-10-29 09:25:00.030,4.759,17400
2020-10-29 09:25:00.030,4.759,12600
2020-10-29 09:25:00.030,4.759,15000
2020-10-29 09:25:00.030,4.759,10000
2020-10-29 09:25:00.030,4.759,5000
2020-10-29 09:25:00.030,4.759,59900
2020-10-29 09:25:00.030,4.759,100
2020-10-29 09:25:00.030,4.759,1000
2020-10-29 09:25:00.030,4.759,100
2020-10-29 09:25:00.030,4.759,200
2020-10-29 09:25:00.030,4.759,7700
2020-10-29 09:25:00.030,4.759,500
2020-10-29 09:25:00.030,4.759,300
2020-10-29 09:25:00.030,4.759,300
2020-10-29 09:25:00.030,4.759,200
2020-10-29 09:25:00.030,4.759,1000
2020-10-29 09:25:00.030,4.759,6300
2020-10-29 09:25:00.030,4.759,1000
2020-10-29 09:25:00.030,4.759,2700
2020-10-29 09:25:00.030,4.759,100
2020-10-29 09:25:00.030,4.759,200
2020-10-29 09:25:00.030,4.759,300
2020-10-29 09:25:00.030,4.759,100
2020-10-29 09:25:00.030,4.759,2500
2020-10-29 09:25:00.030,4.759,900
2020-10-29 09:25:00.030,4.759,1200
2020-10-29 09:25:00.030,4.759,1000
2020-10-29 09:25:00.030,4.759,200
2020-10-29 09:25:00.030,4.759,800
2020-10-29 09:25:00.030,4.759,9000
2020-10-29 09:25:00.030,4.759,3000
2020-10-29 09:25:00.030,4.759,4000
2020-10-29 09:25:00.030,4.759,500
2020-10-29 09:25:00.030,4.759,500
2020-10-29 09:25:00.030,4.759,600
2020-10-29 09:25:00.030,4.759,200
2020-10-29 09:25:00.030,4.759,200
2020-10-29 09:25:00.030,4.759,700
2020-10-29 09:25:00.030,4.759,300
2020-10-29 09:25:00.030,4.759,200
2020-10-29 09:25:00.030,4.759,200
2020-10-29 09:25:00.030,4.759,10000
2020-10-29 09:25:00.030,4.759,300
2020-10-29 09:25:00.030,4.759,500
2020-10-29 09:25:00.030,4.759,3000
2020-10-29 09:25:00.030,4.759,700
2020-10-29 09:25:00.030,4.759,500
2020-10-29 09:25:00.030,4.759,3000
2020-10-29 09:25:00.030,4.759,4000
2020-10-29 09:25:00.030,4.759,36000
2020-10-29 09:25:00.030,4.759,12600
2020-10-29 09:25:00.030,4.759,17400
2020-10-29 09:25:00.030,4.759,6500
2020-10-29 09:25:00.030,4.759,2100
2020-10-29 09:25:00.030,4.759,2000
2020-10-29 09:25:00.030,4.759,1000
2020-10-29 09:25:00.030,4.759,100
2020-10-29 09:25:00.030,4.759,2500
2020-10-29 09:25:00.030,4.759,1000
2020-10-29 09:25:00.030,4.759,1200
2020-10-29 09:25:00.030,4.759,5000
2020-10-29 09:25:00.030,4.759,100
2020-10-29 09:25:00.030,4.759,900
2020-10-29 09:25:00.030,4.759,1600
2020-10-29 09:25:00.030,4.759,200
2020-10-29 09:25:00.030,4.759,3000
2020-10-29 09:25:00.030,4.759,100
2020-10-29 09:25:00.030,4.759,3000
2020-10-29 09:25:00.030,4.759,1000
2020-10-29 09:25:00.030,4.759,10000
2020-10-29 09:25:00.030,4.759,14000
2020-10-29 09:25:00.030,4.759,2700
2020-10-29 09:25:00.030,4.759,50000
2020-10-29 09:25:00.030,4.759,14800
2020-10-29 09:25:00.030,4.759,40200
2020-10-29 09:25:00.030,4.759,1000
2020-10-29 09:25:00.030,4.759,2500
2020-10-29 09:25:00.030,4.759,100
2020-10-29 09:25:00.030,4.759,800
2020-10-29 09:25:00.030,4.759,800
2020-10-29 09:25:00.030,4.759,45000
2020-10-29 09:25:00.030,4.759,1500
2020-10-29 09:25:00.030,4.759,100
2020-10-29 09:25:00.030,4.759,5500
2020-10-29 09:25:00.030,4.759,10000
2020-10-29 09:25:00.030,4.759,6000
2020-10-29 09:25:00.030,4.759,28600
2020-10-29 09:25:00.030,4.759,400
2020-10-29 09:25:00.030,4.759,2500
2020-10-29 09:25:00.030,4.759,500
2020-10-29 09:25:00.030,4.759,2100
2020-10-29 09:25:00.030,4.759,2500
2020-10-29 09:25:00.030,4.759,20000
2020-10-29 09:25:00.030,4.759,1000
2020-10-29 09:25:00.030,4.759,100
2020-10-29 09:25:00.030,4.759,100
2020-10-29 09:25:00.030,4.759,2000
2020-10-29 09:25:00.030,4.759,100
2020-10-29 09:25:00.030,4.759,1000
2020-10-29 09:25:00.030,4.759,1100
2020-10-29 09:25:00.030,4.759,500
2020-10-29 09:25:00.030,4.759,17000
2020-10-29 09:25:00.030,4.759,500
2020-10-29 09:25:00.030,4.759,2500
2020-10-29 09:25:00.030,4.759,2500
2020-10-29 09:25:00.030,4.759,10000
2020-10-29 09:25:00.030,4.759,100
2020-10-29 09:25:00.030,4.759,1000
2020-10-29 09:25:00.030,4.759,3000
2020-10-29 09:25:00.030,4.759,200
2020-10-29 09:25:00.030,4.759,14900
2020-10-29 09:25:00.030,4.759,1000
2020-10-29 09:25:00.030,4.759,300
2020-10-29 09:25:00.030,4.759,200
2020-10-29 09:25:00.030,4.759,1900
2020-10-29 09:25:00.030,4.759,300
2020-10-29 09:25:00.030,4.759,3000
2020-10-29 09:25:00.030,4.759,200
2020-10-29 09:25:00.030,4.759,700
2020-10-29 09:25:00.030,4.759,1000
2020-10-29 09:25:00.030,4.759,1000
2020-10-29 09:25:00.030,4.759,1000
2020-10-29 09:25:00.030,4.759,20900
2020-10-29 09:25:00.030,4.759,1000
2020-10-29 09:25:00.030,4.759,31200
2020-10-29 09:25:00.030,4.759,2000
2020-10-29 09:25:00.030,4.759,15000
2020-10-29 09:25:00.030,4.759,300
2020-10-29 09:25:00.030,4.759,30000
2020-10-29 09:25:00.030,4.759,10000
2020-10-29 09:25:00.030,4.759,6900
2020-10-29 09:25:00.030,4.759,10000
2020-10-29 09:25:00.030,4.759,3000
2020-10-29 09:25:00.030,4.759,900
2020-10-29 09:25:00.030,4.759,5000
2020-10-29 09:25:00.030,4.759,5000
2020-10-29 09:25:00.030,4.759,200
2020-10-29 09:25:00.030,4.759,20000
2020-10-29 09:25:00.030,4.759,600
2020-10-29 09:25:00.030,4.759,100
2020-10-29 09:25:00.030,4.759,5000
2020-10-29 09:25:00.030,4.759,100
2020-10-29 09:25:00.030,4.759,500
2020-10-29 09:25:00.030,4.759,5000
2020-10-29 09:25:00.030,4.759,200
2020-10-29 09:25:00.030,4.759,3500
2020-10-29 09:25:00.030,4.759,6000
2020-10-29 09:25:00.030,4.759,100
2020-10-29 09:25:00.030,4.759,100
2020-10-29 09:25:00.030,4.759,500
2020-10-29 09:25:00.030,4.759,2000
2020-10-29 09:25:00.030,4.759,3900
2020-10-29 09:25:00.030,4.759,1000
2020-10-29 09:25:00.030,4.759,1000
2020-10-29 09:25:00.030,4.759,500
2020-10-29 09:25:00.030,4.759,5000
2020-10-29 09:25:00.030,4.759,5000
2020-10-29 09:25:00.030,4.759,200
2020-10-29 09:25:00.030,4.759,37000
2020-10-29 09:25:00.030,4.759,3000
2020-10-29 09:25:00.030,4.759,10000
2020-10-29 09:25:00.030,4.759,10000
2020-10-29 09:25:00.030,4.759,800
2020-10-29 09:25:00.030,4.759,1000
2020-10-29 09:25:00.030,4.759,500
2020-10-29 09:25:00.030,4.759,5700
2020-10-29 09:25:00.030,4.759,30000
2020-10-29 09:25:00.030,4.759,14800
2020-10-29 09:25:00.030,4.759,100
2020-10-29 09:25:00.030,4.759,12700
2020-10-29 09:25:00.030,4.759,40300
2020-10-29 09:25:00.030,4.759,200
2020-10-29 09:25:00.030,4.759,1000
2020-10-29 09:25:00.030,4.759,100
2020-10-29 09:25:00.030,4.759,10000
2020-10-29 09:25:00.030,4.759,1000
2020-10-29 09:25:00.030,4.759,2000
2020-10-29 09:25:00.030,4.759,1000
2020-10-29 09:25:00.030,4.759,900
2020-10-29 09:25:00.030,4.759,2500
2020-10-29 09:25:00.030,4.759,10000
2020-10-29 09:25:00.030,4.759,200
2020-10-29 09:25:00.030,4.759,3500
2020-10-29 09:25:00.030,4.759,5000
2020-10-29 09:25:00.030,4.759,500
2020-10-29 09:25:00.030,4.759,2000
2020-10-29 09:25:00.030,4.759,10000
2020-10-29 09:25:00.030,4.759,27700
2020-10-29 09:25:00.030,4.759,1000
2020-10-29 09:25:00.030,4.759,10000
2020-10-29 09:25:00.030,4.759,3000
2020-10-29 09:25:00.030,4.759,2000
2020-10-29 09:25:00.030,4.759,3000
2020-10-29 09:25:00.030,4.759,2000
2020-10-29 09:25:00.030,4.759,55300
2020-10-29 09:25:00.030,4.759,4700
2020-10-29 09:25:00.030,4.759,14100
2020-10-29 09:25:00.030,4.759,21000
2020-10-29 09:25:00.030,4.759,30000
2020-10-29 09:25:00.030,4.759,4900
2020-10-29 09:25:00.030,4.759,2100
2020-10-29 09:25:00.030,4.759,200
2020-10-29 09:25:00.030,4.759,200
2020-10-29 09:25:00.030,4.759,1100
2020-10-29 09:25:00.030,4.759,5000
2020-10-29 09:25:00.030,4.759,5000
2020-10-29 09:25:00.030,4.759,20000
2020-10-29 09:25:00.030,4.759,19800
2020-10-29 09:25:00.030,4.759,18900
2020-10-29 09:25:00.030,4.759,3500
2020-10-29 09:25:00.030,4.759,5000
2020-10-29 09:25:00.030,4.759,2100
2020-10-29 09:25:00.030,4.759,5000
2020-10-29 09:25:00.030,4.759,500
2020-10-29 09:25:00.030,4.759,5000
2020-10-29 09:25:00.030,4.759,7000
2020-10-29 09:25:00.030,4.759,10000
2020-10-29 09:25:00.030,4.759,3300
2020-10-29 09:25:00.030,4.759,100
2020-10-29 09:25:00.030,4.759,6500
2020-10-29 09:25:00.030,4.759,3000
2020-10-29 09:25:00.030,4.759,1300
2020-10-29 09:25:00.030,4.759,2000
2020-10-29 09:25:00.030,4.759,41800
2020-10-29 09:25:00.030,4.759,1000
2020-10-29 09:25:00.030,4.759,3000
2020-10-29 09:25:00.030,4.759,600
2020-10-29 09:25:00.030,4.759,1000
2020-10-29 09:25:00.030,4.759,1100
2020-10-29 09:25:00.030,4.759,100
2020-10-29 09:25:00.030,4.759,2500
2020-10-29 09:25:00.030,4.759,5000
2020-10-29 09:25:00.030,4.759,5000
2020-10-29 09:25:00.030,4.759,1000
2020-10-29 09:25:00.030,4.759,1000
2020-10-29 09:25:00.030,4.759,1200
2020-10-29 09:25:00.030,4.759,2000
2020-10-29 09:25:00.030,4.759,100
2020-10-29 09:25:00.030,4.759,800
2020-10-29 09:25:00.030,4.759,200
2020-10-29 09:25:00.030,4.759,3000
2020-10-29 09:25:00.030,4.759,100
2020-10-29 09:25:00.030,4.759,100
2020-10-29 09:25:00.030,4.759,1000
2020-10-29 09:25:00.030,4.759,2000
2020-10-29 09:25:00.030,4.759,10000
2020-10-29 09:25:00.030,4.759,14800
2020-10-29 09:25:00.030,4.759,40300
2020-10-29 09:25:00.030,4.759,10000
2020-10-29 09:25:00.030,4.759,100
2020-10-29 09:25:00.030,4.759,10000
2020-10-29 09:25:00.030,4.759,16500
2020-10-29 09:25:00.030,4.759,1500
2020-10-29 09:25:00.030,4.759,1100
2020-10-29 09:25:00.030,4.759,31700
2020-10-29 09:25:00.030,4.759,8300
2020-10-29 09:25:00.030,4.759,500
2020-10-29 09:25:00.030,4.759,200
2020-10-29 09:25:00.030,4.759,500
2020-10-29 09:25:00.030,4.759,300
2020-10-29 09:25:00.030,4.759,2500
2020-10-29 09:25:00.030,4.759,800
2020-10-29 09:25:00.030,4.759,50000
2020-10-29 09:25:00.030,4.759,2000
2020-10-29 09:25:00.030,4.759,100
2020-10-29 09:25:00.030,4.759,1000
2020-10-29 09:25:00.030,4.759,5000
2020-10-29 09:25:00.030,4.759,5000
2020-10-29 09:25:00.030,4.759,10000
2020-10-29 09:25:00.030,4.759,2500
2020-10-29 09:25:00.030,4.759,10000
2020-10-29 09:25:00.030,4.759,2400
2020-10-29 09:25:00.030,4.759,105000
2020-10-29 09:25:00.030,4.759,700
2020-10-29 09:25:00.030,4.759,1000
2020-10-29 09:25:00.030,4.759,1000
2020-10-29 09:25:00.030,4.759,1000
2020-10-29 09:25:00.030,4.759,4000
2020-10-29 09:25:00.030,4.759,900
2020-10-29 09:25:00.030,4.759,10000
2020-10-29 09:25:00.030,4.759,500
2020-10-29 09:25:00.030,4.759,5000
2020-10-29 09:25:00.030,4.759,4200
2020-10-29 09:25:00.030,4.759,2000
2020-10-29 09:25:00.030,4.759,1200
2020-10-29 09:25:00.030,4.759,1800
2020-10-29 09:25:00.030,4.759,100
2020-10-29 09:25:00.030,4.759,100
2020-10-29 09:25:00.030,4.759,10000
2020-10-29 09:25:00.030,4.759,600
2020-10-29 09:25:00.030,4.759,200
2020-10-29 09:25:00.030,4.759,2000
2020-10-29 09:25:00.030,4.759,800
2020-10-29 09:25:00.030,4.759,5000
2020-10-29 09:25:00.030,4.759,200
2020-10-29 09:25:00.030,4.759,800
2020-10-29 09:25:00.030,4.759,10000
2020-10-29 09:25:00.030,4.759,5000
2020-10-29 09:25:00.030,4.759,1400
2020-10-29 09:25:00.030,4.759,5000
2020-10-29 09:25:00.030,4.759,20000
2020-10-29 09:25:00.030,4.759,300
2020-10-29 09:25:00.030,4.759,1400
2020-10-29 09:25:00.030,4.759,1000
2020-10-29 09:25:00.030,4.759,2500
2020-10-29 09:25:00.030,4.759,5000
2020-10-29 09:25:00.030,4.759,10000
2020-10-29 09:25:00.030,4.759,2500
2020-10-29 09:25:00.030,4.759,300
2020-10-29 09:25:00.030,4.759,1000
2020-10-29 09:25:00.030,4.759,100
2020-10-29 09:25:00.030,4.759,1000
2020-10-29 09:25:00.030,4.759,5000
2020-10-29 09:25:00.030,4.759,25600
2020-10-29 09:25:00.030,4.759,1000
2020-10-29 09:25:00.030,4.759,10000
2020-10-29 09:25:00.030,4.759,100
2020-10-29 09:25:00.030,4.759,10000
2020-10-29 09:25:00.030,4.759,3500
2020-10-29 09:25:00.030,4.759,2300
2020-10-29 09:25:00.030,4.759,73100
2020-10-29 09:25:00.030,4.759,31500
2020-10-29 09:25:00.030,4.759,2000
2020-10-29 09:25:00.030,4.759,3000
2020-10-29 09:25:00.030,4.759,700
2020-10-29 09:25:00.030,4.759,300
2020-10-29 09:25:00.030,4.759,2000
2020-10-29 09:25:00.030,4.759,300
2020-10-29 09:25:00.030,4.759,4200
2020-10-29 09:25:00.030,4.759,600
2020-10-29 09:25:00.030,4.759,10000
2020-10-29 09:25:00.030,4.759,40000
2020-10-29 09:25:00.030,4.759,7000
2020-10-29 09:25:00.030,4.759,4000
2020-10-29 09:25:00.030,4.759,5000
2020-10-29 09:25:00.030,4.759,10000
2020-10-29 09:25:00.030,4.759,3000
2020-10-29 09:25:00.030,4.759,1100
2020-10-29 09:25:00.030,4.759,400
2020-10-29 09:25:00.030,4.759,10000
2020-10-29 09:25:00.030,4.759,5000
2020-10-29 09:25:00.030,4.759,500
2020-10-29 09:25:00.030,4.759,5000
2020-10-29 09:25:00.030,4.759,800
2020-10-29 09:25:00.030,4.759,1000
2020-10-29 09:25:00.030,4.759,10000
2020-10-29 09:25:00.030,4.759,3000
2020-10-29 09:25:00.030,4.759,5000
2020-10-29 09:25:00.030,4.759,4200
2020-10-29 09:25:00.030,4.759,7000
2020-10-29 09:25:00.030,4.759,6000
2020-10-29 09:25:00.030,4.759,20000
2020-10-29 09:25:00.030,4.759,100
2020-10-29 09:25:00.030,4.759,1000
2020-10-29 09:25:00.030,4.759,100
2020-10-29 09:25:00.030,4.759,2000
2020-10-29 09:25:00.030,4.759,6500
2020-10-29 09:25:00.030,4.759,300
2020-10-29 09:25:00.030,4.759,200
2020-10-29 09:25:00.030,4.759,10000
2020-10-29 09:25:00.030,4.759,5000
2020-10-29 09:25:00.030,4.759,1000
2020-10-29 09:25:00.030,4.759,700
2020-10-29 09:25:00.030,4.759,5000
2020-10-29 09:25:00.030,4.759,100
2020-10-29 09:25:00.030,4.759,1400
2020-10-29 09:25:00.030,4.759,100
2020-10-29 09:25:00.030,4.759,6300
2020-10-29 09:25:00.030,4.759,1000
2020-10-29 09:25:00.030,4.759,700
2020-10-29 09:25:00.030,4.759,1000
2020-10-29 09:25:00.030,4.759,10000
2020-10-29 09:25:00.030,4.759,24100
2020-10-29 09:25:00.030,4.759,1200
2020-10-29 09:25:00.030,4.759,11000
2020-10-29 09:25:00.030,4.759,10000
2020-10-29 09:25:00.030,4.759,100
2020-10-29 09:25:00.030,4.759,3000
2020-10-29 09:25:00.030,4.759,800
2020-10-29 09:25:00.030,4.759,9000
2020-10-29 09:25:00.030,4.759,5000
2020-10-29 09:25:00.030,4.759,10000
2020-10-29 09:25:00.030,4.759,300
2020-10-29 09:25:00.030,4.759,1000
2020-10-29 09:25:00.030,4.759,10000
2020-10-29 09:25:00.030,4.759,1000
2020-10-29 09:25:00.030,4.759,1800
2020-10-29 09:25:00.030,4.759,1000
2020-10-29 09:25:00.030,4.759,3000
2020-10-29 09:25:00.030,4.759,6000
2020-10-29 09:25:00.030,4.759,1000
2020-10-29 09:25:00.030,4.759,2000
2020-10-29 09:25:00.030,4.759,100
2020-10-29 09:25:00.030,4.759,500
2020-10-29 09:25:00.030,4.759,300
2020-10-29 09:25:00.030,4.759,600
2020-10-29 09:25:00.030,4.759,300
2020-10-29 09:25:00.030,4.759,400
2020-10-29 09:25:00.030,4.759,100
2020-10-29 09:30:00.010,4.758,10500
2020-10-29 09:30:00.010,4.758,2100
2020-10-29 09:30:00.010,4.758,300
2020-10-29 09:30:00.010,4.758,26500
2020-10-29 09:30:00.010,4.758,5000
2020-10-29 09:30:00.010,4.758,100
2020-10-29 09:30:00.010,4.757,3500
2020-10-29 09:30:00.010,4.757,200
2020-10-29 09:30:00.010,4.757,1100
2020-10-29 09:30:00.010,4.757,800
2020-10-29 09:30:00.010,4.757,5000
2020-10-29 09:30:00.110,4.756,1000
2020-10-29 09:30:00.110,4.756,300
2020-10-29 09:30:00.110,4.756,300
2020-10-29 09:30:00.110,4.756,100
2020-10-29 09:30:00.110,4.756,1000
2020-10-29 09:30:00.110,4.756,2000
2020-10-29 09:30:00.110,4.756,10000
2020-10-29 09:30:00.110,4.755,200
2020-10-29 09:30:00.110,4.755,800
2020-10-29 09:30:00.110,4.755,2000
2020-10-29 09:30:00.110,4.755,600
2020-10-29 09:30:00.110,4.755,3200
2020-10-29 09:30:00.110,4.755,1000
2020-10-29 09:30:00.110,4.755,5000
2020-10-29 09:30:00.110,4.755,41500
2020-10-29 09:30:00.190,4.755,2000
2020-10-29 09:30:00.260,4.755,5000
2020-10-29 09:30:00.260,4.755,5000
2020-10-29 09:30:00.320,4.755,10000
2020-10-29 09:30:00.320,4.755,2000
2020-10-29 09:30:00.320,4.755,4000
2020-10-29 09:30:00.410,4.755,400
2020-10-29 09:30:00.410,4.755,2600
2020-10-29 09:30:00.410,4.755,2400
2020-10-29 09:30:00.410,4.755,500
2020-10-29 09:30:00.410,4.755,100
2020-10-29 09:30:00.410,4.755,7500
2020-10-29 09:30:00.410,4.756,1000
2020-10-29 09:30:00.410,4.756,1500
2020-10-29 09:30:00.410,4.756,300
2020-10-29 09:30:00.410,4.756,8000
2020-10-29 09:30:00.410,4.756,3000
2020-10-29 09:30:00.410,4.756,500
2020-10-29 09:30:00.410,4.754,2300
2020-10-29 09:30:00.410,4.754,700
2020-10-29 09:30:00.410,4.756,3000
2020-10-29 09:30:00.410,4.756,3000
2020-10-29 09:30:00.410,4.756,10000
2020-10-29 09:30:00.410,4.756,700
2020-10-29 09:30:00.410,4.756,900
2020-10-29 09:30:00.520,4.756,700
2020-10-29 09:30:00.520,4.757,1300
2020-10-29 09:30:00.520,4.757,1000
2020-10-29 09:30:00.520,4.757,2000
2020-10-29 09:30:00.520,4.757,600
2020-10-29 09:30:00.520,4.757,1800
2020-10-29 09:30:00.640,4.754,1300
2020-10-29 09:30:00.640,4.754,700
2020-10-29 09:30:00.640,4.754,300
2020-10-29 09:30:00.640,4.754,100
2020-10-29 09:30:00.640,4.754,1000
2020-10-29 09:30:00.640,4.754,10000
2020-10-29 09:30:00.640,4.754,6000
2020-10-29 09:30:00.640,4.754,500
2020-10-29 09:30:00.640,4.754,20000
2020-10-29 09:30:00.640,4.754,100
2020-10-29 09:30:00.640,4.756,4900
2020-10-29 09:30:00.640,4.756,200
2020-10-29 09:30:00.640,4.757,1500
2020-10-29 09:30:00.640,4.757,200
2020-10-29 09:30:00.640,4.757,36500
2020-10-29 09:30:00.640,4.757,19500
2020-10-29 09:30:00.640,4.753,5600
2020-10-29 09:30:00.640,4.753,1000
2020-10-29 09:30:00.640,4.757,200
2020-10-29 09:30:00.750,4.756,1500
2020-10-29 09:30:00.750,4.756,5000
2020-10-29 09:30:00.750,4.753,1600
2020-10-29 09:30:00.750,4.756,2200
2020-10-29 09:30:00.750,4.757,200
2020-10-29 09:30:00.750,4.757,200
2020-10-29 09:30:00.750,4.757,300
2020-10-29 09:30:00.860,4.757,2000
2020-10-29 09:30:00.860,4.757,3900
2020-10-29 09:30:00.860,4.757,100
2020-10-29 09:30:00.860,4.757,2000
2020-10-29 09:30:00.860,4.757,500
2020-10-29 09:30:00.860,4.757,1000
2020-10-29 09:30:00.860,4.757,1000
2020-10-29 09:30:00.970,4.757,1000
2020-10-29 09:30:00.970,4.757,2000
2020-10-29 09:30:00.970,4.757,2000
2020-10-29 09:30:00.970,4.758,2000
2020-10-29 09:30:00.970,4.758,2000
2020-10-29 09:30:00.970,4.758,1000
2020-10-29 09:30:00.970,4.758,1000
2020-10-29 09:30:00.970,4.758,200
2020-10-29 09:30:00.970,4.758,200
2020-10-29 09:30:00.970,4.758,2200
2020-10-29 09:30:00.970,4.757,1000
2020-10-29 09:30:00.970,4.757,5200
2020-10-29 09:30:00.970,4.757,2400
2020-10-29 09:30:00.970,4.756,17800
2020-10-29 09:30:00.970,4.755,5000
2020-10-29 09:30:00.970,4.755,200
2020-10-29 09:30:00.970,4.754,17000
2020-10-29 09:30:00.970,4.757,700
2020-10-29 09:30:01.080,4.757,1000
2020-10-29 09:30:01.080,4.757,100
2020-10-29 09:30:01.080,4.757,9900
2020-10-29 09:30:01.080,4.757,3000
2020-10-29 09:30:01.080,4.757,5000
2020-10-29 09:30:01.080,4.757,2600
2020-10-29 09:30:01.080,4.757,2000
2020-10-29 09:30:01.080,4.757,500
2020-10-29 09:30:01.080,4.755,1000
2020-10-29 09:30:01.190,4.757,8500
2020-10-29 09:30:01.190,4.757,1200
2020-10-29 09:30:01.190,4.757,10000
2020-10-29 09:30:01.190,4.758,46400
2020-10-29 09:30:01.190,4.758,3400
2020-10-29 09:30:01.190,4.758,10800
2020-10-29 09:30:01.190,4.758,10000
2020-10-29 09:30:01.190,4.758,209700
2020-10-29 09:30:01.190,4.758,2000
2020-10-29 09:30:01.190,4.758,1300
2020-10-29 09:30:01.190,4.758,2000
2020-10-29 09:30:01.190,4.758,1300
2020-10-29 09:30:01.190,4.758,1700
2020-10-29 09:30:01.190,4.758,2500
2020-10-29 09:30:01.190,4.758,2000
2020-10-29 09:30:01.190,4.755,1200
2020-10-29 09:30:01.320,4.756,400
2020-10-29 09:30:01.320,4.756,4600
2020-10-29 09:30:01.320,4.758,400
2020-10-29 09:30:01.320,4.758,100
2020-10-29 09:30:01.320,4.755,800
2020-10-29 09:30:01.320,4.755,1000
2020-10-29 09:30:01.320,4.754,98200
2020-10-29 09:30:01.430,4.758,1100
2020-10-29 09:30:01.430,4.758,7000
2020-10-29 09:30:01.430,4.758,1000
2020-10-29 09:30:01.430,4.758,10500
2020-10-29 09:30:01.430,4.758,20000
2020-10-29 09:30:01.430,4.758,1000
2020-10-29 09:30:01.430,4.758,300
2020-10-29 09:30:01.430,4.758,10000
2020-10-29 09:30:01.430,4.756,700
2020-10-29 09:30:01.430,4.758,3000
2020-10-29 09:30:01.570,4.757,4100
2020-10-29 09:30:01.570,4.758,25900
2020-10-29 09:30:01.570,4.758,200
2020-10-29 09:30:01.570,4.758,100
2020-10-29 09:30:01.570,4.758,4000
2020-10-29 09:30:01.570,4.758,4000
2020-10-29 09:30:01.570,4.756,4300
2020-10-29 09:30:01.570,4.756,10000
2020-10-29 09:30:01.570,4.756,5000
2020-10-29 09:30:01.680,4.756,200
2020-10-29 09:30:01.680,4.756,1000
2020-10-29 09:30:01.680,4.756,5000
2020-10-29 09:30:01.680,4.756,100
2020-10-29 09:30:01.680,4.756,1000
2020-10-29 09:30:01.680,4.756,45000
2020-10-29 09:30:01.680,4.756,3000
2020-10-29 09:30:01.680,4.756,1500
2020-10-29 09:30:01.680,4.756,1000
2020-10-29 09:30:01.680,4.755,2000
2020-10-29 09:30:01.680,4.755,1000
2020-10-29 09:30:01.680,4.755,500
2020-10-29 09:30:01.680,4.755,400
2020-10-29 09:30:01.680,4.756,15300
2020-10-29 09:30:01.680,4.756,100
2020-10-29 09:30:01.800,4.756,300
2020-10-29 09:30:01.800,4.756,3300
2020-10-29 09:30:01.800,4.755,700
2020-10-29 09:30:01.800,4.754,12100
2020-10-29 09:30:01.800,4.756,200
2020-10-29 09:30:01.800,4.756,100
2020-10-29 09:30:01.800,4.756,100
2020-10-29 09:30:01.920,4.756,500
2020-10-29 09:30:01.920,4.756,1000
2020-10-29 09:30:01.920,4.756,2000
2020-10-29 09:30:01.920,4.756,100
2020-10-29 09:30:01.920,4.756,2600
2020-10-29 09:30:01.920,4.756,3000
2020-10-29 09:30:01.920,4.756,2100
2020-10-29 09:30:01.920,4.756,1000
2020-10-29 09:30:02.030,4.756,200
2020-10-29 09:30:02.030,4.756,700
2020-10-29 09:30:02.030,4.756,20000
2020-10-29 09:30:02.030,4.756,2700
2020-10-29 09:30:02.030,4.756,2300
2020-10-29 09:30:02.150,4.756,21600
2020-10-29 09:30:02.150,4.756,6600
2020-10-29 09:30:02.150,4.756,9500
2020-10-29 09:30:02.150,4.756,1100
2020-10-29 09:30:02.150,4.756,12000
2020-10-29 09:30:02.150,4.755,10000
2020-10-29 09:30:02.150,4.754,20000
2020-10-29 09:30:02.150,4.755,1900
2020-10-29 09:30:02.150,4.756,1100
2020-10-29 09:30:02.150,4.756,400
2020-10-29 09:30:02.150,4.756,7800
2020-10-29 09:30:02.150,4.756,100
2020-10-29 09:30:02.150,4.757,16000
2020-10-29 09:30:02.150,4.758,6100
2020-10-29 09:30:02.150,4.758,2200
2020-10-29 09:30:02.150,4.758,500
2020-10-29 09:30:02.150,4.758,500
2020-10-29 09:30:02.150,4.758,100
2020-10-29 09:30:02.150,4.758,2600
2020-10-29 09:30:02.150,4.758,1600
2020-10-29 09:30:02.150,4.758,100
2020-10-29 09:30:02.270,4.754,3800
2020-10-29 09:30:02.270,4.754,5200
2020-10-29 09:30:02.270,4.758,1000
2020-10-29 09:30:02.270,4.758,4000
2020-10-29 09:30:02.270,4.758,1700
2020-10-29 09:30:02.270,4.758,2000
2020-10-29 09:30:02.270,4.758,1000
2020-10-29 09:30:02.270,4.757,10000
2020-10-29 09:30:02.270,4.758,5000
2020-10-29 09:30:02.270,4.758,200
2020-10-29 09:30:02.270,4.758,200
2020-10-29 09:30:02.390,4.758,8000
2020-10-29 09:30:02.390,4.758,2500
2020-10-29 09:30:02.390,4.755,18000
2020-10-29 09:30:02.390,4.758,10000
2020-10-29 09:30:02.390,4.758,200
2020-10-29 09:30:02.390,4.758,1000
2020-10-29 09:30:02.390,4.758,2000
2020-10-29 09:30:02.390,4.758,10200
2020-10-29 09:30:02.390,4.758,2500
2020-10-29 09:30:02.510,4.758,1000
2020-10-29 09:30:02.510,4.757,3000
2020-10-29 09:30:02.510,4.757,3000
2020-10-29 09:30:02.510,4.758,400
2020-10-29 09:30:02.510,4.757,5000
2020-10-29 09:30:02.510,4.758,100
2020-10-29 09:30:02.510,4.758,10000
2020-10-29 09:30:02.510,4.758,4000
2020-10-29 09:30:02.510,4.758,100
2020-10-29 09:30:02.510,4.758,5000
2020-10-29 09:30:02.620,4.758,500
2020-10-29 09:30:02.620,4.757,32400
2020-10-29 09:30:02.620,4.757,100
2020-10-29 09:30:02.620,4.756,5000
2020-10-29 09:30:02.620,4.756,200
2020-10-29 09:30:02.620,4.755,62300
2020-10-29 09:30:02.620,4.758,1000
2020-10-29 09:30:02.620,4.755,1100
2020-10-29 09:30:02.620,4.758,5800
2020-10-29 09:30:02.620,4.758,3000
2020-10-29 09:30:02.730,4.758,1000
2020-10-29 09:30:02.730,4.758,300
2020-10-29 09:30:02.730,4.758,2000
2020-10-29 09:30:02.730,4.758,1500
2020-10-29 09:30:02.730,4.758,1100
2020-10-29 09:30:02.850,4.758,200
2020-10-29 09:30:02.850,4.758,1000
2020-10-29 09:30:02.850,4.758,150100
2020-10-29 09:30:02.850,4.758,5000
2020-10-29 09:30:02.850,4.758,1500
2020-10-29 09:30:02.850,4.758,900
2020-10-29 09:30:02.980,4.758,600
2020-10-29 09:30:02.980,4.758,800
2020-10-29 09:30:03.040,4.758,3000
2020-10-29 09:30:03.040,4.757,700
2020-10-29 09:30:03.040,4.758,300
2020-10-29 09:30:03.040,4.758,1800
2020-10-29 09:30:03.040,4.758,2000
2020-10-29 09:30:03.040,4.758,2000
2020-10-29 09:30:03.040,4.758,1000
2020-10-29 09:30:03.150,4.757,3300
2020-10-29 09:30:03.150,4.758,20000
2020-10-29 09:30:03.150,4.758,105000
2020-10-29 09:30:03.150,4.756,1100
2020-10-29 09:30:03.150,4.756,100000
2020-10-29 09:30:03.150,4.756,10000
2020-10-29 09:30:03.150,4.756,2500
2020-10-29 09:30:03.150,4.755,24800
2020-10-29 09:30:03.260,4.758,100
2020-10-29 09:30:03.260,4.758,400
2020-10-29 09:30:03.260,4.758,10900
2020-10-29 09:30:03.260,4.758,1000
2020-10-29 09:30:03.260,4.758,2100
2020-10-29 09:30:03.260,4.758,100
2020-10-29 09:30:03.260,4.758,1000
2020-10-29 09:30:03.380,4.758,5000
2020-10-29 09:30:03.380,4.758,20000
2020-10-29 09:30:03.380,4.757,5000
2020-10-29 09:30:03.380,4.758,1500
2020-10-29 09:30:03.380,4.758,10000
2020-10-29 09:30:03.380,4.758,2000
2020-10-29 09:30:03.380,4.758,2000
2020-10-29 09:30:03.380,4.758,600
2020-10-29 09:30:03.490,4.758,5000
2020-10-29 09:30:03.490,4.758,900
2020-10-29 09:30:03.490,4.758,2000
2020-10-29 09:30:03.490,4.758,3000
2020-10-29 09:30:03.490,4.758,2500
2020-10-29 09:30:03.490,4.758,11000
2020-10-29 09:30:03.490,4.757,1000
2020-10-29 09:30:03.490,4.757,500
2020-10-29 09:30:03.490,4.757,1500
2020-10-29 09:30:03.490,4.756,2000
2020-10-29 09:30:03.490,4.755,10000
2020-10-29 09:30:03.490,4.758,1000
2020-10-29 09:30:03.490,4.758,500
2020-10-29 09:30:03.490,4.758,800
2020-10-29 09:30:03.490,4.758,10000
2020-10-29 09:30:03.490,4.757,10000
2020-10-29 09:30:03.600,4.758,5000
2020-10-29 09:30:03.600,4.758,400
2020-10-29 09:30:03.600,4.758,10000
2020-10-29 09:30:03.600,4.757,21400
2020-10-29 09:30:03.600,4.756,2000
2020-10-29 09:30:03.600,4.756,400
2020-10-29 09:30:03.600,4.756,800
2020-10-29 09:30:03.600,4.756,6800
2020-10-29 09:30:03.710,4.756,100
2020-10-29 09:30:03.710,4.756,1500
2020-10-29 09:30:03.710,4.756,3000
2020-10-29 09:30:03.710,4.755,4900
2020-10-29 09:30:03.710,4.756,3000
2020-10-29 09:30:03.830,4.756,9000
2020-10-29 09:30:03.830,4.756,4100
2020-10-29 09:30:03.830,4.756,1000
2020-10-29 09:30:03.830,4.756,4000
2020-10-29 09:30:03.830,4.756,2200
2020-10-29 09:30:04.020,4.756,3000
2020-10-29 09:30:04.020,4.756,100
2020-10-29 09:30:04.020,4.756,500
2020-10-29 09:30:04.070,4.756,5000
2020-10-29 09:30:04.070,4.756,2000
2020-10-29 09:30:04.070,4.755,2100
2020-10-29 09:30:04.070,4.756,300
2020-10-29 09:30:04.070,4.756,1200
2020-10-29 09:30:04.070,4.756,3000
2020-10-29 09:30:04.070,4.756,200
2020-10-29 09:30:04.070,4.756,1000
2020-10-29 09:30:04.070,4.756,5000
2020-10-29 09:30:04.070,4.756,500
2020-10-29 09:30:04.070,4.756,10000
2020-10-29 09:30:04.180,4.756,1000
2020-10-29 09:30:04.180,4.756,300
2020-10-29 09:30:04.180,4.756,1500
2020-10-29 09:30:04.290,4.756,2000
2020-10-29 09:30:04.290,4.756,1000
2020-10-29 09:30:04.290,4.756,400
2020-10-29 09:30:04.290,4.756,2100
2020-10-29 09:30:04.290,4.756,10000
2020-10-29 09:30:04.410,4.756,300
2020-10-29 09:30:04.410,4.756,2000
2020-10-29 09:30:04.410,4.756,3200
2020-10-29 09:30:04.410,4.756,5000
2020-10-29 09:30:04.410,4.756,1000
2020-10-29 09:30:04.410,4.756,600
2020-10-29 09:30:04.410,4.756,19900
2020-10-29 09:30:04.410,4.756,200
2020-10-29 09:30:04.410,4.756,100
2020-10-29 09:30:04.410,4.756,20000
2020-10-29 09:30:04.410,4.756,10700
2020-10-29 09:30:04.530,4.756,5800
2020-10-29 09:30:04.530,4.756,4000
2020-10-29 09:30:04.530,4.756,16800
2020-10-29 09:30:04.530,4.756,1000
2020-10-29 09:30:04.530,4.756,5000
2020-10-29 09:30:04.530,4.756,2000
2020-10-29 09:30:04.530,4.755,20000
2020-10-29 09:30:04.530,4.756,3600
2020-10-29 09:30:04.530,4.756,1000
2020-10-29 09:30:04.530,4.756,5400
2020-10-29 09:30:04.530,4.755,10300
2020-10-29 09:30:04.650,4.756,2000
2020-10-29 09:30:04.650,4.756,1000
2020-10-29 09:30:04.650,4.756,12000
2020-10-29 09:30:04.650,4.756,1000
2020-10-29 09:30:04.650,4.756,4200
2020-10-29 09:30:04.650,4.756,500
2020-10-29 09:30:04.650,4.756,50000
2020-10-29 09:30:04.760,4.756,2300
2020-10-29 09:30:04.760,4.756,8300
2020-10-29 09:30:04.860,4.756,5000
2020-10-29 09:30:04.860,4.756,10000
2020-10-29 09:30:04.860,4.756,1000
2020-10-29 09:30:04.860,4.756,3200
2020-10-29 09:30:04.860,4.756,500
2020-10-29 09:30:04.860,4.755,1000
2020-10-29 09:30:04.860,4.756,2500
2020-10-29 09:30:04.860,4.756,14200
2020-10-29 09:30:04.860,4.756,100
2020-10-29 09:30:04.860,4.756,6000
2020-10-29 09:30:04.970,4.755,3000
2020-10-29 09:30:04.970,4.755,3000
2020-10-29 09:30:04.970,4.756,500
2020-10-29 09:30:04.970,4.756,500
2020-10-29 09:30:04.970,4.756,200
2020-10-29 09:30:04.970,4.756,27600
2020-10-29 09:30:05.040,4.756,2300
2020-10-29 09:30:05.040,4.756,1000
2020-10-29 09:30:05.100,4.755,54600
2020-10-29 09:30:05.100,4.756,5000
2020-10-29 09:30:05.100,4.756,1400
2020-10-29 09:30:05.100,4.756,10000
2020-10-29 09:30:05.100,4.756,3200
2020-10-29 09:30:05.100,4.756,200
2020-10-29 09:30:05.100,4.756,100
2020-10-29 09:30:05.100,4.756,900
2020-10-29 09:30:05.100,4.757,1000
2020-10-29 09:30:05.100,4.757,300
2020-10-29 09:30:05.100,4.757,7800
2020-10-29 09:30:05.100,4.755,500
2020-10-29 09:30:05.210,4.756,2900
2020-10-29 09:30:05.210,4.757,18500
2020-10-29 09:30:05.210,4.757,5000
2020-10-29 09:30:05.210,4.757,30000
2020-10-29 09:30:05.210,4.757,6000
2020-10-29 09:30:05.210,4.757,100
2020-10-29 09:30:05.210,4.757,400
2020-10-29 09:30:05.210,4.755,13000
2020-10-29 09:30:05.210,4.757,200
2020-10-29 09:30:05.320,4.755,1300
2020-10-29 09:30:05.320,4.757,9400
2020-10-29 09:30:05.320,4.757,500
2020-10-29 09:30:05.320,4.757,500
2020-10-29 09:30:05.320,4.757,1500
2020-10-29 09:30:05.320,4.757,100
2020-10-29 09:30:05.320,4.757,400
2020-10-29 09:30:05.320,4.757,1600
2020-10-29 09:30:05.320,4.757,700
2020-10-29 09:30:05.320,4.758,1000
2020-10-29 09:30:05.320,4.757,100
2020-10-29 09:30:05.320,4.758,200
2020-10-29 09:30:05.320,4.757,1700
2020-10-29 09:30:05.320,4.756,400
2020-10-29 09:30:05.320,4.758,500
2020-10-29 09:30:05.320,4.758,5000
2020-10-29 09:30:05.510,4.758,16000
2020-10-29 09:30:05.510,4.756,200
2020-10-29 09:30:05.510,4.756,4400
2020-10-29 09:30:05.510,4.756,6200
2020-10-29 09:30:05.510,4.758,20000
2020-10-29 09:30:05.510,4.758,3000
2020-10-29 09:30:05.590,4.757,200
2020-10-29 09:30:05.590,4.756,300
2020-10-29 09:30:05.590,4.758,5000
2020-10-29 09:30:05.590,4.758,6300
2020-10-29 09:30:05.590,4.758,400
2020-10-29 09:30:05.590,4.758,13800
2020-10-29 09:30:05.590,4.758,500
2020-10-29 09:30:05.590,4.758,100
2020-10-29 09:30:05.830,4.758,20000
2020-10-29 09:30:05.830,4.758,91100
2020-10-29 09:30:05.830,4.758,1500
2020-10-29 09:30:05.830,4.758,6000
2020-10-29 09:30:05.830,4.758,9000
2020-10-29 09:30:05.830,4.758,5700
2020-10-29 09:30:05.830,4.758,5900
2020-10-29 09:30:05.830,4.758,500
2020-10-29 09:30:05.830,4.758,3000
2020-10-29 09:30:05.830,4.758,5800
2020-10-29 09:30:05.830,4.758,12500
2020-10-29 09:30:05.830,4.758,4000
2020-10-29 09:30:05.830,4.758,8000
2020-10-29 09:30:05.830,4.758,2500
2020-10-29 09:30:05.830,4.758,2400
2020-10-29 09:30:05.830,4.758,2100
2020-10-29 09:30:05.830,4.758,600
2020-10-29 09:30:05.830,4.758,500
2020-10-29 09:30:05.830,4.758,4500
2020-10-29 09:30:05.830,4.758,100
2020-10-29 09:30:05.830,4.756,3500
2020-10-29 09:30:05.830,4.757,1000
2020-10-29 09:30:05.830,4.757,100
2020-10-29 09:30:05.930,4.757,200
2020-10-29 09:30:05.930,4.757,1500
2020-10-29 09:30:05.930,4.757,200
2020-10-29 09:30:05.930,4.757,1500
2020-10-29 09:30:05.930,4.757,100
2020-10-29 09:30:05.930,4.757,400
2020-10-29 09:30:05.930,4.758,600
2020-10-29 09:30:05.930,4.758,5000
2020-10-29 09:30:05.930,4.758,500
2020-10-29 09:30:05.930,4.758,100
2020-10-29 09:30:05.930,4.758,100
2020-10-29 09:30:05.930,4.758,2900
2020-10-29 09:30:05.930,4.758,7100
2020-10-29 09:30:06.040,4.757,2300
2020-10-29 09:30:06.040,4.758,2000
2020-10-29 09:30:06.110,4.758,24900
2020-10-29 09:30:06.200,4.757,1400
2020-10-29 09:30:06.250,4.758,900
2020-10-29 09:30:06.250,4.757,900
2020-10-29 09:30:06.250,4.756,14900
2020-10-29 09:30:06.250,4.756,2000
2020-10-29 09:30:06.250,4.758,10000
2020-10-29 09:30:06.370,4.757,1000
2020-10-29 09:30:06.420,4.756,3000
2020-10-29 09:30:06.420,4.757,9000
2020-10-29 09:30:06.420,4.758,4400
2020-10-29 09:30:06.510,4.758,600
2020-10-29 09:30:06.510,4.758,100
2020-10-29 09:30:06.510,4.758,400
2020-10-29 09:30:06.710,4.758,200
2020-10-29 09:30:06.730,4.758,100
2020-10-29 09:30:06.730,4.758,800
2020-10-29 09:30:06.730,4.758,8400
2020-10-29 09:30:06.730,4.758,1000
2020-10-29 09:30:06.830,4.758,1500
2020-10-29 09:30:06.900,4.758,200
2020-10-29 09:30:06.930,4.758,1600
2020-10-29 09:30:06.930,4.758,400
2020-10-29 09:30:06.930,4.758,1200
2020-10-29 09:30:07.120,4.758,400
2020-10-29 09:30:07.120,4.758,400
2020-10-29 09:30:07.120,4.758,3000
2020-10-29 09:30:07.120,4.758,5200
2020-10-29 09:30:07.120,4.758,2800
2020-10-29 09:30:07.200,4.758,200
2020-10-29 09:30:07.200,4.758,200
2020-10-29 09:30:07.300,4.758,15000
2020-10-29 09:30:07.300,4.758,500
2020-10-29 09:30:07.300,4.758,1500
2020-10-29 09:30:07.300,4.758,700
2020-10-29 09:30:07.300,4.758,10000
2020-10-29 09:30:07.300,4.758,4000
2020-10-29 09:30:07.300,4.758,10600
2020-10-29 09:30:07.300,4.758,9700
2020-10-29 09:30:07.300,4.758,600
2020-10-29 09:30:07.300,4.758,32000
2020-10-29 09:30:07.300,4.758,20400
2020-10-29 09:30:07.330,4.758,400
2020-10-29 09:30:07.330,4.758,5000
2020-10-29 09:30:07.370,4.758,2100
2020-10-29 09:30:07.400,4.758,2100
2020-10-29 09:30:07.400,4.758,1000
2020-10-29 09:30:07.400,4.758,6900
2020-10-29 09:30:07.430,4.758,6000
2020-10-29 09:30:07.470,4.758,100
2020-10-29 09:30:07.470,4.758,3000
2020-10-29 09:30:07.470,4.758,200
2020-10-29 09:30:07.470,4.758,1700
2020-10-29 09:30:07.470,4.758,4000
2020-10-29 09:30:07.580,4.758,3000
2020-10-29 09:30:07.580,4.756,100
2020-10-29 09:30:07.580,4.758,600
2020-10-29 09:30:07.580,4.758,2000
2020-10-29 09:30:07.740,4.758,1400
2020-10-29 09:30:07.740,4.758,500
2020-10-29 09:30:07.740,4.758,1100
2020-10-29 09:30:07.770,4.758,1000
2020-10-29 09:30:07.900,4.756,900
2020-10-29 09:30:07.900,4.756,10000
2020-10-29 09:30:07.900,4.756,24100
2020-10-29 09:30:07.960,4.758,100
2020-10-29 09:30:08.030,4.758,2500
2020-10-29 09:30:08.090,4.758,4200
2020-10-29 09:30:08.210,4.758,5000
2020-10-29 09:30:08.280,4.756,5000
2020-10-29 09:30:08.470,4.758,2000
2020-10-29 09:30:08.470,4.758,1100
2020-10-29 09:30:08.960,4.757,2100
2020-10-29 09:30:08.960,4.757,2500
2020-10-29 09:30:09.150,4.757,1000
2020-10-29 09:30:09.340,4.757,1000
2020-10-29 09:30:09.410,4.757,400
2020-10-29 09:30:09.480,4.757,100
2020-10-29 09:30:09.530,4.757,12000
2020-10-29 09:30:09.530,4.757,5000
2020-10-29 09:30:09.690,4.757,14200
2020-10-29 09:30:09.750,4.756,70900
2020-10-29 09:30:09.750,4.756,4000
2020-10-29 09:30:09.750,4.756,1000
2020-10-29 09:30:09.750,4.756,2500
2020-10-29 09:30:09.750,4.756,10000
2020-10-29 09:30:09.750,4.756,3000
2020-10-29 09:30:09.750,4.756,3000
2020-10-29 09:30:09.750,4.756,41900
2020-10-29 09:30:09.750,4.756,10000
2020-10-29 09:30:09.750,4.755,70100
2020-10-29 09:30:09.750,4.755,15000
2020-10-29 09:30:09.750,4.755,200
2020-10-29 09:30:09.750,4.755,2000
2020-10-29 09:30:09.750,4.755,2000
2020-10-29 09:30:09.750,4.755,10000
2020-10-29 09:30:09.750,4.755,2200
2020-10-29 09:30:09.750,4.755,20000
2020-10-29 09:30:09.750,4.755,5000
2020-10-29 09:30:09.750,4.755,5000
2020-10-29 09:30:09.750,4.755,1000
2020-10-29 09:30:09.750,4.755,1000
2020-10-29 09:30:09.750,4.755,2000
2020-10-29 09:30:09.750,4.755,2000
2020-10-29 09:30:09.750,4.755,2000
2020-10-29 09:30:09.750,4.755,100
2020-10-29 09:30:09.750,4.755,200
2020-10-29 09:30:09.750,4.755,10000
2020-10-29 09:30:09.750,4.755,1000
2020-10-29 09:30:09.750,4.755,2900
2020-10-29 09:30:09.930,4.757,50100
2020-10-29 09:30:10.200,4.756,10000
2020-10-29 09:30:10.200,4.756,10000
2020-10-29 09:30:10.200,4.755,1200
2020-10-29 09:30:10.200,4.755,10000
2020-10-29 09:30:10.200,4.755,60000
2020-10-29 09:30:10.200,4.755,3000
2020-10-29 09:30:10.200,4.755,3000
2020-10-29 09:30:10.480,4.755,50000
2020-10-29 09:30:10.640,4.755,6000
2020-10-29 09:30:10.870,4.755,2000
2020-10-29 09:30:10.900,4.755,200
2020-10-29 09:30:11.280,4.755,100
2020-10-29 09:30:11.580,4.755,7900
2020-10-29 09:30:11.710,4.755,5000
2020-10-29 09:30:11.860,4.755,200
2020-10-29 09:30:11.890,4.755,200
2020-10-29 09:30:11.950,4.755,10000
2020-10-29 09:30:12.050,4.755,20600
2020-10-29 09:30:12.170,4.755,100
2020-10-29 09:30:12.170,4.755,5000
2020-10-29 09:30:12.230,4.754,14800
2020-10-29 09:30:12.260,4.755,695500
2020-10-29 09:30:12.260,4.755,304500
2020-10-29 09:30:12.320,4.755,600
2020-10-29 09:30:12.450,4.755,300000
2020-10-29 09:30:12.550,4.755,11700
2020-10-29 09:30:12.650,4.755,1000
2020-10-29 09:30:13.160,4.755,3000
2020-10-29 09:30:13.190,4.755,20000
2020-10-29 09:30:13.190,4.755,2000
2020-10-29 09:30:13.220,4.755,1000
2020-10-29 09:30:13.340,4.755,100
2020-10-29 09:30:13.760,4.755,2000
2020-10-29 09:30:13.990,4.755,1000
2020-10-29 09:30:14.010,4.755,10000
2020-10-29 09:30:14.170,4.755,4100
2020-10-29 09:30:14.620,4.755,4000
2020-10-29 09:30:14.680,4.755,1000
2020-10-29 09:30:14.750,4.755,5000
2020-10-29 09:30:14.750,4.755,100
2020-10-29 09:30:14.990,4.755,500
2020-10-29 09:30:14.990,4.754,10600
2020-10-29 09:30:14.990,4.755,1500
2020-10-29 09:30:15.330,4.755,27900
2020-10-29 09:30:15.330,4.754,58300
2020-10-29 09:30:15.330,4.754,30000
2020-10-29 09:30:15.330,4.754,2000
2020-10-29 09:30:15.330,4.754,1000
2020-10-29 09:30:15.330,4.754,700
2020-10-29 09:30:15.330,4.754,300
2020-10-29 09:30:15.330,4.754,5000
2020-10-29 09:30:15.330,4.754,2000
2020-10-29 09:30:15.330,4.754,41900
2020-10-29 09:30:15.330,4.754,20000
2020-10-29 09:30:15.330,4.754,90000
2020-10-29 09:30:15.330,4.754,100
2020-10-29 09:30:15.330,4.754,500
2020-10-29 09:30:15.330,4.754,32000
2020-10-29 09:30:15.330,4.754,4000
2020-10-29 09:30:15.330,4.754,10000
2020-10-29 09:30:15.330,4.754,200
2020-10-29 09:30:15.330,4.754,300
2020-10-29 09:30:15.330,4.754,2000
2020-10-29 09:30:15.330,4.754,200
2020-10-29 09:30:15.330,4.754,8000
2020-10-29 09:30:15.330,4.754,500
2020-10-29 09:30:15.330,4.754,70000
2020-10-29 09:30:15.330,4.754,1000
2020-10-29 09:30:15.330,4.754,1000
2020-10-29 09:30:15.330,4.754,54200
2020-10-29 09:30:15.330,4.754,1500
2020-10-29 09:30:15.330,4.754,1800
2020-10-29 09:30:15.330,4.754,300
2020-10-29 09:30:15.330,4.754,7000
2020-10-29 09:30:15.330,4.754,4000
2020-10-29 09:30:15.330,4.754,10000
2020-10-29 09:30:15.330,4.754,5000
2020-10-29 09:30:15.330,4.754,1300
2020-10-29 09:30:15.330,4.754,5000
2020-10-29 09:30:15.330,4.754,100
2020-10-29 09:30:15.330,4.753,2400
2020-10-29 09:30:15.330,4.753,20000
2020-10-29 09:30:15.330,4.753,30000
2020-10-29 09:30:15.330,4.753,75000
2020-10-29 09:30:15.330,4.753,1000
2020-10-29 09:30:15.330,4.753,100
2020-10-29 09:30:15.330,4.753,3000
2020-10-29 09:30:15.330,4.753,5000
2020-10-29 09:30:15.330,4.753,1300
2020-10-29 09:30:15.330,4.753,80800
2020-10-29 09:30:15.330,4.753,3000
2020-10-29 09:30:15.330,4.753,1000
2020-10-29 09:30:15.330,4.753,75000
2020-10-29 09:30:15.330,4.753,2000
2020-10-29 09:30:15.330,4.753,2000
2020-10-29 09:30:15.330,4.753,10000
2020-10-29 09:30:15.330,4.753,2000
2020-10-29 09:30:15.330,4.753,29800
2020-10-29 09:30:15.330,4.753,1000
2020-10-29 09:30:15.330,4.753,200
2020-10-29 09:30:15.330,4.753,50000
2020-10-29 09:30:15.330,4.753,200
2020-10-29 09:30:15.330,4.753,2000
2020-10-29 09:30:15.330,4.753,32000
2020-10-29 09:30:15.540,4.755,1000
2020-10-29 09:30:16.130,4.755,2000
2020-10-29 09:30:16.200,4.755,3900
2020-10-29 09:30:16.470,4.755,30000
2020-10-29 09:30:16.670,4.753,8000
2020-10-29 09:30:16.670,4.752,100
2020-10-29 09:30:16.760,4.755,200
2020-10-29 09:30:16.970,4.755,11400
2020-10-29 09:30:17.120,4.755,100
2020-10-29 09:30:17.380,4.753,1000
2020-10-29 09:30:17.460,4.755,300
2020-10-29 09:30:17.880,4.754,2000
2020-10-29 09:30:18.060,4.754,2000
2020-10-29 09:30:18.330,4.752,29900
2020-10-29 09:30:18.330,4.752,1000
2020-10-29 09:30:18.330,4.752,4100
2020-10-29 09:30:18.330,4.752,500
2020-10-29 09:30:18.330,4.752,10000
2020-10-29 09:30:18.330,4.752,3500
2020-10-29 09:30:18.330,4.752,2300
2020-10-29 09:30:18.330,4.752,30000
2020-10-29 09:30:18.330,4.752,500
2020-10-29 09:30:18.330,4.752,100
2020-10-29 09:30:18.330,4.752,500
2020-10-29 09:30:18.330,4.752,200
2020-10-29 09:30:18.330,4.752,2000
2020-10-29 09:30:18.330,4.752,10000
2020-10-29 09:30:18.330,4.752,5000
2020-10-29 09:30:18.330,4.752,10000
2020-10-29 09:30:18.330,4.752,3000
2020-10-29 09:30:18.330,4.752,5000
2020-10-29 09:30:18.330,4.752,100
2020-10-29 09:30:18.330,4.752,5000
2020-10-29 09:30:18.330,4.752,1600
2020-10-29 09:30:18.330,4.752,300
2020-10-29 09:30:18.330,4.752,300
2020-10-29 09:30:18.330,4.752,300
2020-10-29 09:30:18.330,4.752,300
2020-10-29 09:30:18.330,4.752,300
2020-10-29 09:30:18.330,4.752,300
2020-10-29 09:30:18.330,4.752,300
2020-10-29 09:30:18.330,4.752,10500
2020-10-29 09:30:18.330,4.752,5000
2020-10-29 09:30:18.330,4.752,1000
2020-10-29 09:30:18.330,4.752,5000
2020-10-29 09:30:18.330,4.752,5000
2020-10-29 09:30:18.330,4.752,2000
2020-10-29 09:30:18.330,4.752,500
2020-10-29 09:30:18.330,4.752,10000
2020-10-29 09:30:18.330,4.752,5000
2020-10-29 09:30:18.330,4.752,1000
2020-10-29 09:30:18.330,4.752,300
2020-10-29 09:30:18.330,4.752,4000
2020-10-29 09:30:18.330,4.752,100
2020-10-29 09:30:18.330,4.752,1000
2020-10-29 09:30:18.330,4.752,315000
2020-10-29 09:30:18.330,4.752,300000
2020-10-29 09:30:18.360,4.752,100
2020-10-29 09:30:18.390,4.752,20400
2020-10-29 09:30:18.490,4.752,300
2020-10-29 09:30:18.560,4.752,500
2020-10-29 09:30:18.620,4.752,41900
2020-10-29 09:30:18.950,4.752,400
2020-10-29 09:30:18.990,4.752,44600
2020-10-29 09:30:19.070,4.754,1000
2020-10-29 09:30:19.130,4.754,3000
2020-10-29 09:30:19.130,4.754,3000
2020-10-29 09:30:19.130,4.754,20000
2020-10-29 09:30:19.360,4.754,151200
2020-10-29 09:30:19.390,4.754,12600
2020-10-29 09:30:19.420,4.754,2000
2020-10-29 09:30:19.570,4.754,500
2020-10-29 09:30:19.690,4.753,2300
2020-10-29 09:30:19.920,4.754,3000
2020-10-29 09:30:20.100,4.753,700
2020-10-29 09:30:20.100,4.752,93800
2020-10-29 09:30:20.210,4.752,5000
2020-10-29 09:30:20.650,4.752,24000
2020-10-29 09:30:20.910,4.754,3000
2020-10-29 09:30:21.000,4.754,1000
2020-10-29 09:30:21.050,4.754,20000
2020-10-29 09:30:21.270,4.753,5000
2020-10-29 09:30:21.420,4.754,500
2020-10-29 09:30:21.620,4.754,3000
2020-10-29 09:30:21.670,4.753,20000
2020-10-29 09:30:22.100,4.754,2000
2020-10-29 09:30:22.210,4.754,4000
2020-10-29 09:30:22.390,4.754,20000
2020-10-29 09:30:22.390,4.754,2500
2020-10-29 09:30:22.480,4.754,100
2020-10-29 09:30:22.650,4.754,5000
2020-10-29 09:30:22.710,4.753,6100
2020-10-29 09:30:22.790,4.754,4200
2020-10-29 09:30:23.130,4.753,85068
2020-10-29 09:30:23.180,4.753,100000
2020-10-29 09:30:23.380,4.754,50000
2020-10-29 09:30:23.640,4.754,100
2020-10-29 09:30:23.880,4.754,20000
2020-10-29 09:30:24.000,4.754,2500
2020-10-29 09:30:24.340,4.753,53200
2020-10-29 09:30:24.700,4.753,6632
2020-10-29 09:30:24.700,4.753,20000
2020-10-29 09:30:24.700,4.753,5000
2020-10-29 09:30:24.700,4.753,3800
2020-10-29 09:30:24.700,4.753,5000
2020-10-29 09:30:24.700,4.753,10000
2020-10-29 09:30:24.700,4.753,2100
2020-10-29 09:30:24.700,4.752,500
2020-10-29 09:30:24.700,4.752,1000
2020-10-29 09:30:24.700,4.752,5000
2020-10-29 09:30:24.700,4.752,10268
2020-10-29 09:30:24.860,4.754,100
2020-10-29 09:30:24.980,4.754,3000
2020-10-29 09:30:25.590,4.753,200
2020-10-29 09:30:26.220,4.753,800
2020-10-29 09:30:26.220,4.753,3100
2020-10-29 09:30:26.220,4.753,100
2020-10-29 09:30:26.220,4.754,60000
2020-10-29 09:30:26.700,4.753,10000
2020-10-29 09:30:27.370,4.753,10000
2020-10-29 09:30:27.430,4.753,100000
2020-10-29 09:30:27.560,4.753,11800
2020-10-29 09:30:27.840,4.753,500
2020-10-29 09:30:28.020,4.753,500
2020-10-29 09:30:28.140,4.752,9532
2020-10-29 09:30:28.140,4.752,368
2020-10-29 09:30:28.470,4.753,3000
2020-10-29 09:30:28.730,4.753,300000
2020-10-29 09:30:28.940,4.753,3800
2020-10-29 09:30:29.050,4.753,30000
2020-10-29 09:30:29.050,4.752,1632
2020-10-29 09:30:29.050,4.752,20000
2020-10-29 09:30:29.050,4.752,10000
2020-10-29 09:30:29.050,4.752,2000
2020-10-29 09:30:29.050,4.752,4000
2020-10-29 09:30:29.050,4.752,5000
2020-10-29 09:30:29.050,4.752,90000
2020-10-29 09:30:29.050,4.752,50000
2020-10-29 09:30:29.050,4.752,14300
2020-10-29 09:30:29.050,4.752,5000
2020-10-29 09:30:29.050,4.752,98068
2020-10-29 09:30:29.260,4.753,30400
2020-10-29 09:30:29.260,4.753,500
2020-10-29 09:30:29.260,4.753,4000
2020-10-29 09:30:29.260,4.753,30000
2020-10-29 09:30:29.260,4.753,500
2020-10-29 09:30:29.840,4.754,10000
2020-10-29 09:30:29.900,4.753,10000
2020-10-29 09:30:29.900,4.753,200
2020-10-29 09:30:29.900,4.754,600
2020-10-29 09:30:30.210,4.753,700
2020-10-29 09:30:30.410,4.754,300000
2020-10-29 09:30:30.500,4.753,1400
2020-10-29 09:30:30.500,4.752,10000
2020-10-29 09:30:30.500,4.752,1000
2020-10-29 09:30:30.500,4.752,21600
2020-10-29 09:30:30.540,4.754,2400
2020-10-29 09:30:30.780,4.754,30000
2020-10-29 09:30:31.040,4.753,100
2020-10-29 09:30:31.220,4.754,33000
2020-10-29 09:30:31.270,4.753,5000
2020-10-29 09:30:31.420,4.754,300000
2020-10-29 09:30:31.580,4.754,20000
2020-10-29 09:30:31.960,4.754,30000
2020-10-29 09:30:32.290,4.754,2000
2020-10-29 09:30:32.570,4.754,5000
2020-10-29 09:30:32.570,4.754,100
2020-10-29 09:30:32.690,4.754,30000
2020-10-29 09:30:32.990,4.754,47500
2020-10-29 09:30:32.990,4.754,5000
2020-10-29 09:30:32.990,4.754,9000
2020-10-29 09:30:32.990,4.755,100000
2020-10-29 09:30:32.990,4.755,10800
2020-10-29 09:30:32.990,4.755,200
2020-10-29 09:30:33.280,4.755,3800
2020-10-29 09:30:33.640,4.756,1500
2020-10-29 09:30:33.880,4.755,2000
2020-10-29 09:30:33.880,4.756,8300
2020-10-29 09:30:33.880,4.756,134300
2020-10-29 09:30:35.130,4.755,2600
2020-10-29 09:30:35.160,4.755,4400
2020-10-29 09:30:35.480,4.756,5000
2020-10-29 09:30:35.540,4.756,10000
2020-10-29 09:30:35.570,4.755,500
2020-10-29 09:30:35.660,4.755,4500
2020-10-29 09:30:35.660,4.755,500
2020-10-29 09:30:35.660,4.754,4200
2020-10-29 09:30:35.660,4.754,10000
2020-10-29 09:30:35.660,4.754,600
2020-10-29 09:30:35.660,4.753,24900
2020-10-29 09:30:35.660,4.753,1000
2020-10-29 09:30:35.660,4.753,10000
2020-10-29 09:30:35.660,4.753,100
2020-10-29 09:30:35.660,4.753,16800
2020-10-29 09:30:35.660,4.753,100
2020-10-29 09:30:35.690,4.753,114700
2020-10-29 09:30:35.690,4.753,5900
2020-10-29 09:30:36.080,4.752,2100
2020-10-29 09:30:36.080,4.752,2500
2020-10-29 09:30:36.080,4.752,10000
2020-10-29 09:30:36.080,4.752,15400
2020-10-29 09:30:36.340,4.753,5000
2020-10-29 09:30:36.500,4.753,400
2020-10-29 09:30:36.530,4.753,5500
2020-10-29 09:30:36.600,4.753,30000
2020-10-29 09:30:36.700,4.753,2000
2020-10-29 09:30:36.760,4.753,25000
2020-10-29 09:30:36.820,4.753,10000
2020-10-29 09:30:37.040,4.753,100
2020-10-29 09:30:37.040,4.753,2100
2020-10-29 09:30:37.200,4.753,1200
2020-10-29 09:30:37.350,4.752,200
2020-10-29 09:30:37.410,4.753,1000
2020-10-29 09:30:37.470,4.753,600
2020-10-29 09:30:37.470,4.753,1000
2020-10-29 09:30:37.540,4.753,10000
2020-10-29 09:30:37.570,4.753,50000
2020-10-29 09:30:37.730,4.753,100000
2020-10-29 09:30:37.910,4.753,4000
2020-10-29 09:30:38.010,4.753,30000
2020-10-29 09:30:38.080,4.753,5000
2020-10-29 09:30:38.080,4.753,5000
2020-10-29 09:30:38.570,4.753,11500
2020-10-29 09:30:38.570,4.753,600
2020-10-29 09:30:38.750,4.753,1000
2020-10-29 09:30:38.960,4.753,200
2020-10-29 09:30:38.960,4.753,5500
2020-10-29 09:30:38.960,4.753,500
2020-10-29 09:30:38.960,4.753,2400
2020-10-29 09:30:38.960,4.753,1000
2020-10-29 09:30:38.960,4.753,3000
2020-10-29 09:30:38.960,4.753,900
2020-10-29 09:30:38.960,4.753,4200
2020-10-29 09:30:39.150,4.755,10000
2020-10-29 09:30:39.150,4.755,200
2020-10-29 09:30:39.150,4.756,9800
2020-10-29 09:30:39.760,4.755,2000
2020-10-29 09:30:39.760,4.754,2500
2020-10-29 09:30:40.030,4.756,1500
2020-10-29 09:30:40.090,4.756,10000
2020-10-29 09:30:40.240,4.756,98400
2020-10-29 09:30:40.270,4.755,800
2020-10-29 09:30:40.330,4.755,10000
2020-10-29 09:30:40.530,4.756,3000
2020-10-29 09:30:40.970,4.756,500
2020-10-29 09:30:41.410,4.755,2100
2020-10-29 09:30:42.190,4.755,17000
2020-10-29 09:30:42.540,4.756,2000
2020-10-29 09:30:42.630,4.755,100
2020-10-29 09:30:42.630,4.755,300
2020-10-29 09:30:42.700,4.756,400
2020-10-29 09:30:43.090,4.756,50000
2020-10-29 09:30:43.180,4.756,1000
2020-10-29 09:30:43.310,4.756,700
2020-10-29 09:30:43.430,4.756,50000
2020-10-29 09:30:43.480,4.756,700
2020-10-29 09:30:43.500,4.756,50000
2020-10-29 09:30:43.500,4.756,72700
2020-10-29 09:30:43.500,4.756,200000
2020-10-29 09:30:43.500,4.756,400
2020-10-29 09:30:43.500,4.756,2500
2020-10-29 09:30:43.500,4.756,324400
2020-10-29 09:30:43.730,4.756,700
2020-10-29 09:30:44.310,4.756,8400
2020-10-29 09:30:44.400,4.756,2000
2020-10-29 09:30:44.550,4.756,100000
2020-10-29 09:30:44.940,4.756,64500
2020-10-29 09:30:44.940,4.756,17000
2020-10-29 09:30:44.940,4.756,100000
2020-10-29 09:30:44.940,4.756,2300
2020-10-29 09:30:45.350,4.757,5000
2020-10-29 09:30:45.790,4.757,1000
2020-10-29 09:30:45.790,4.757,1200
2020-10-29 09:30:45.790,4.757,7800
2020-10-29 09:30:46.390,4.756,2500
2020-10-29 09:30:46.660,4.756,40000
2020-10-29 09:30:46.660,4.756,10500
2020-10-29 09:30:47.590,4.757,4000
2020-10-29 09:30:47.750,4.757,400
2020-10-29 09:30:47.960,4.757,3000
2020-10-29 09:30:48.340,4.756,236400
2020-10-29 09:30:49.090,4.756,6000
2020-10-29 09:30:49.350,4.757,2000
2020-10-29 09:30:49.590,4.757,10000
2020-10-29 09:30:49.850,4.757,20000
2020-10-29 09:30:49.910,4.757,200
2020-10-29 09:30:49.940,4.757,6000
2020-10-29 09:30:50.800,4.756,4000
2020-10-29 09:30:50.800,4.756,2200
2020-10-29 09:30:50.800,4.756,1800
2020-10-29 09:30:50.800,4.756,7000
2020-10-29 09:30:50.800,4.756,100
2020-10-29 09:30:50.800,4.756,2500
2020-10-29 09:30:50.800,4.756,1200
2020-10-29 09:30:50.800,4.756,500
2020-10-29 09:30:50.800,4.756,10000
2020-10-29 09:30:50.800,4.756,2000
2020-10-29 09:30:50.800,4.756,7300
2020-10-29 09:30:50.800,4.756,3000
2020-10-29 09:30:50.800,4.756,1800
2020-10-29 09:30:51.000,4.756,5000
2020-10-29 09:30:51.090,4.756,5000
2020-10-29 09:30:51.310,4.756,100000
2020-10-29 09:30:51.330,4.756,2000
2020-10-29 09:30:51.890,4.756,4000
2020-10-29 09:30:52.010,4.756,10000
2020-10-29 09:30:52.200,4.756,1500
2020-10-29 09:30:52.200,4.756,1100
2020-10-29 09:30:52.370,4.756,1000
2020-10-29 09:30:52.520,4.756,3000
2020-10-29 09:30:52.610,4.756,5000
2020-10-29 09:30:53.140,4.755,4700
2020-10-29 09:30:53.140,4.755,12300
2020-10-29 09:30:53.190,4.756,10000
2020-10-29 09:30:53.310,4.756,10000
2020-10-29 09:30:53.440,4.756,100
2020-10-29 09:30:53.530,4.756,10000
2020-10-29 09:30:54.070,4.756,3000
2020-10-29 09:30:54.710,4.756,10000
2020-10-29 09:30:54.840,4.756,30000
2020-10-29 09:30:54.840,4.756,3000
2020-10-29 09:30:55.020,4.756,174700
2020-10-29 09:30:55.290,4.756,1000
2020-10-29 09:30:55.630,4.756,100
2020-10-29 09:30:55.660,4.756,10000
2020-10-29 09:30:55.660,4.756,3000
2020-10-29 09:30:55.810,4.756,10000
2020-10-29 09:30:56.150,4.755,7100
2020-10-29 09:30:56.270,4.756,22300
2020-10-29 09:30:56.490,4.755,2000
2020-10-29 09:30:56.620,4.756,1100
2020-10-29 09:30:56.650,4.756,200
2020-10-29 09:30:56.650,4.756,5000
2020-10-29 09:30:56.680,4.756,500
2020-10-29 09:30:56.820,4.756,3000
2020-10-29 09:30:56.820,4.756,30000
2020-10-29 09:30:56.820,4.756,500
2020-10-29 09:30:56.950,4.756,381500
2020-10-29 09:30:56.950,4.756,9000
2020-10-29 09:30:56.950,4.756,195700
2020-10-29 09:30:56.950,4.756,1100
2020-10-29 09:30:56.950,4.757,12700
2020-10-29 09:30:57.270,4.757,700
2020-10-29 09:30:57.270,4.757,14900
2020-10-29 09:30:57.650,4.757,1000
2020-10-29 09:30:58.220,4.756,5000
2020-10-29 09:30:58.220,4.756,1000
2020-10-29 09:30:58.220,4.756,100
2020-10-29 09:30:58.250,4.756,40000
2020-10-29 09:30:58.350,4.756,5000
2020-10-29 09:30:58.610,4.756,1000
2020-10-29 09:30:58.680,4.756,10000
2020-10-29 09:30:58.830,4.756,2400
2020-10-29 09:30:58.830,4.757,2600
2020-10-29 09:30:59.080,4.757,20000
2020-10-29 09:30:59.470,4.757,8500
2020-10-29 09:31:00.290,4.757,4600
2020-10-29 09:31:00.330,4.757,1000
2020-10-29 09:31:00.430,4.757,9300
2020-10-29 09:31:00.670,4.757,2700
2020-10-29 09:31:01.160,4.756,500
2020-10-29 09:31:01.160,4.756,15500
2020-10-29 09:31:01.190,4.757,2000
2020-10-29 09:31:01.290,4.757,40000
2020-10-29 09:31:01.380,4.757,3000
2020-10-29 09:31:01.540,4.756,100
2020-10-29 09:31:01.870,4.757,10000
2020-10-29 09:31:02.060,4.757,200
2020-10-29 09:31:02.120,4.757,10000
2020-10-29 09:31:02.150,4.757,10500
2020-10-29 09:31:02.440,4.757,5000
2020-10-29 09:31:02.530,4.757,87900
2020-10-29 09:31:02.530,4.757,500
2020-10-29 09:31:02.530,4.757,2300
2020-10-29 09:31:02.530,4.757,2400
2020-10-29 09:31:02.530,4.757,15000
2020-10-29 09:31:02.600,4.758,600
2020-10-29 09:31:02.970,4.758,10000
2020-10-29 09:31:03.410,4.757,900
2020-10-29 09:31:03.780,4.758,300000
2020-10-29 09:31:04.360,4.757,5000
2020-10-29 09:31:04.910,4.758,5000
2020-10-29 09:31:05.000,4.758,3000
2020-10-29 09:31:05.180,4.757,5000
2020-10-29 09:31:05.530,4.758,2000
2020-10-29 09:31:06.030,4.758,600000
2020-10-29 09:31:06.220,4.758,2000
2020-10-29 09:31:06.420,4.758,60400
2020-10-29 09:31:06.420,4.758,10000
2020-10-29 09:31:06.420,4.758,70900
2020-10-29 09:31:06.670,4.758,9100
2020-10-29 09:31:06.670,4.758,8000
2020-10-29 09:31:06.670,4.758,22900
2020-10-29 09:31:06.830,4.758,8300
2020-10-29 09:31:06.830,4.758,4500
2020-10-29 09:31:06.830,4.758,10000
2020-10-29 09:31:06.830,4.758,2500
2020-10-29 09:31:06.830,4.758,3000
2020-10-29 09:31:06.830,4.758,400
2020-10-29 09:31:06.830,4.758,3500
2020-10-29 09:31:06.830,4.758,1500
2020-10-29 09:31:06.830,4.758,400
2020-10-29 09:31:06.830,4.758,100
2020-10-29 09:31:06.830,4.758,3400
2020-10-29 09:31:06.830,4.758,10000
2020-10-29 09:31:06.830,4.758,1000
2020-10-29 09:31:06.830,4.758,400
2020-10-29 09:31:06.830,4.758,8700
2020-10-29 09:31:06.830,4.758,2300
2020-10-29 09:31:06.830,4.758,100
2020-10-29 09:31:06.830,4.758,5000
2020-10-29 09:31:06.830,4.758,2000
2020-10-29 09:31:06.830,4.758,15000
2020-10-29 09:31:06.830,4.758,1800
2020-10-29 09:31:06.830,4.758,200
2020-10-29 09:31:06.830,4.758,41100
2020-10-29 09:31:06.830,4.758,3000
2020-10-29 09:31:06.830,4.758,3000
2020-10-29 09:31:06.830,4.758,600
2020-10-29 09:31:06.830,4.758,10600
2020-10-29 09:31:06.830,4.758,3300
2020-10-29 09:31:06.830,4.758,9300
2020-10-29 09:31:06.830,4.758,1000
2020-10-29 09:31:06.830,4.758,11700
2020-10-29 09:31:06.830,4.758,147300
2020-10-29 09:31:06.940,4.757,81000
2020-10-29 09:31:06.940,4.757,1000
2020-10-29 09:31:06.940,4.757,500
2020-10-29 09:31:06.940,4.757,1000
2020-10-29 09:31:06.940,4.757,14600
2020-10-29 09:31:06.940,4.757,10000
2020-10-29 09:31:06.940,4.757,6000
2020-10-29 09:31:06.940,4.757,38900
2020-10-29 09:31:07.010,4.758,52700
2020-10-29 09:31:07.010,4.758,6000
2020-10-29 09:31:07.010,4.758,159100
2020-10-29 09:31:07.010,4.758,34700
2020-10-29 09:31:07.010,4.758,200
2020-10-29 09:31:07.010,4.758,2800
2020-10-29 09:31:07.010,4.758,7400
2020-10-29 09:31:07.010,4.758,500
2020-10-29 09:31:07.010,4.758,3400
2020-10-29 09:31:07.010,4.758,15000
2020-10-29 09:31:07.010,4.758,3000
2020-10-29 09:31:07.010,4.758,20000
2020-10-29 09:31:07.010,4.758,5100
2020-10-29 09:31:07.010,4.758,5000
2020-10-29 09:31:07.010,4.759,285100
2020-10-29 09:31:07.100,4.759,68000
2020-10-29 09:31:07.130,4.759,5000
2020-10-29 09:31:07.390,4.759,4300
2020-10-29 09:31:07.520,4.759,1000
2020-10-29 09:31:08.370,4.759,40400
2020-10-29 09:31:08.640,4.759,23800
2020-10-29 09:31:08.730,4.759,72400
2020-10-29 09:31:08.730,4.759,1000
2020-10-29 09:31:08.730,4.759,100
2020-10-29 09:31:08.730,4.759,22000
2020-10-29 09:31:08.730,4.759,400
2020-10-29 09:31:08.730,4.759,4100
2020-10-29 09:31:08.730,4.759,11000
2020-10-29 09:31:08.730,4.759,1000
2020-10-29 09:31:08.730,4.759,2000
2020-10-29 09:31:08.730,4.759,4000
2020-10-29 09:31:08.730,4.759,500
2020-10-29 09:31:08.730,4.759,12000
2020-10-29 09:31:08.730,4.759,10000
2020-10-29 09:31:08.730,4.759,5000
2020-10-29 09:31:08.730,4.759,1000
2020-10-29 09:31:08.730,4.759,71600
2020-10-29 09:31:08.730,4.759,81900
2020-10-29 09:31:08.730,4.758,10000
2020-10-29 09:31:08.730,4.759,23900
2020-10-29 09:31:08.730,4.759,2000
2020-10-29 09:31:08.730,4.759,30000
2020-10-29 09:31:08.730,4.759,400
2020-10-29 09:31:08.730,4.759,1400
2020-10-29 09:31:08.730,4.759,14700
2020-10-29 09:31:08.730,4.759,30000
2020-10-29 09:31:08.730,4.759,2300
2020-10-29 09:31:08.730,4.759,10000
2020-10-29 09:31:08.730,4.759,2000
2020-10-29 09:31:08.790,4.76,4200
2020-10-29 09:31:08.790,4.76,63000
2020-10-29 09:31:08.790,4.76,20000
2020-10-29 09:31:08.790,4.76,500
2020-10-29 09:31:08.790,4.76,2000
2020-10-29 09:31:08.790,4.76,5000
2020-10-29 09:31:08.790,4.761,500
2020-10-29 09:31:08.790,4.761,2300
2020-10-29 09:31:08.790,4.761,3400
2020-10-29 09:31:08.790,4.762,199100
2020-10-29 09:31:09.140,4.759,2900
2020-10-29 09:31:09.140,4.759,10000
2020-10-29 09:31:09.360,4.759,10000
2020-10-29 09:31:09.750,4.76,2000
2020-10-29 09:31:11.750,4.762,200
2020-10-29 09:31:12.540,4.762,700
2020-10-29 09:31:12.540,4.762,14100
2020-10-29 09:31:12.540,4.762,2500
2020-10-29 09:31:12.540,4.763,2700
2020-10-29 09:31:13.470,4.763,1500
2020-10-29 09:31:13.470,4.763,2300
2020-10-29 09:31:13.470,4.764,17400
2020-10-29 09:31:13.720,4.761,20900
2020-10-29 09:31:13.720,4.761,40000
2020-10-29 09:31:13.720,4.76,40000
2020-10-29 09:31:13.720,4.76,30000
2020-10-29 09:31:13.720,4.759,20000
2020-10-29 09:31:13.720,4.759,40000
2020-10-29 09:31:13.720,4.759,1000
2020-10-29 09:31:13.720,4.759,5000
2020-10-29 09:31:13.720,4.759,25900
2020-10-29 09:31:14.620,4.761,2200
2020-10-29 09:31:15.900,4.762,3800
2020-10-29 09:31:15.900,4.762,2500
2020-10-29 09:31:15.940,4.763,500
2020-10-29 09:31:15.940,4.764,500
2020-10-29 09:31:17.970,4.764,1000
2020-10-29 09:31:18.010,4.763,100
2020-10-29 09:31:18.010,4.762,3500
2020-10-29 09:31:18.010,4.762,16400
2020-10-29 09:31:18.140,4.764,6400
2020-10-29 09:31:18.140,4.764,2500
2020-10-29 09:31:18.140,4.764,1100
2020-10-29 09:31:18.810,4.762,200
2020-10-29 09:31:20.370,4.763,8000
2020-10-29 09:31:20.370,4.763,500
2020-10-29 09:31:20.370,4.763,500
2020-10-29 09:31:20.370,4.763,2500
2020-10-29 09:31:20.370,4.763,5500
2020-10-29 09:31:20.530,4.764,100
2020-10-29 09:31:22.130,4.763,84900
2020-10-29 09:31:22.130,4.763,30000
2020-10-29 09:31:22.130,4.763,20000
2020-10-29 09:31:22.130,4.763,500
2020-10-29 09:31:22.130,4.763,3000
2020-10-29 09:31:22.130,4.763,3000
2020-10-29 09:31:22.130,4.763,1200
2020-10-29 09:31:22.130,4.763,200
2020-10-29 09:31:22.130,4.763,300
2020-10-29 09:31:22.130,4.763,10000
2020-10-29 09:31:22.130,4.763,2500
2020-10-29 09:31:22.290,4.763,1000
2020-10-29 09:31:22.690,4.763,3000
2020-10-29 09:31:23.000,4.763,6000
2020-10-29 09:31:23.030,4.763,45100
2020-10-29 09:31:23.320,4.763,1800
2020-10-29 09:31:23.630,4.763,1500
2020-10-29 09:31:23.720,4.763,40000
2020-10-29 09:31:23.750,4.763,46000
2020-10-29 09:31:23.910,4.764,100
2020-10-29 09:31:24.270,4.764,2000
2020-10-29 09:31:24.430,4.764,10000
2020-10-29 09:31:24.430,4.764,100
2020-10-29 09:31:24.430,4.764,10000
2020-10-29 09:31:24.710,4.764,3000
2020-10-29 09:31:24.860,4.763,21200
2020-10-29 09:31:24.860,4.763,1100
2020-10-29 09:31:24.860,4.763,2200
2020-10-29 09:31:24.860,4.763,10000
2020-10-29 09:31:24.860,4.763,100
2020-10-29 09:31:24.930,4.763,2000
2020-10-29 09:31:25.050,4.763,300
2020-10-29 09:31:25.150,4.763,200
2020-10-29 09:31:25.210,4.763,21000
2020-10-29 09:31:25.330,4.763,30000
2020-10-29 09:31:25.840,4.763,2000
2020-10-29 09:31:26.000,4.763,7500
2020-10-29 09:31:26.130,4.763,30000
2020-10-29 09:31:26.230,4.763,2000
2020-10-29 09:31:26.370,4.763,3000
2020-10-29 09:31:26.670,4.763,1000
2020-10-29 09:31:26.730,4.763,30000
2020-10-29 09:31:26.850,4.763,500
2020-10-29 09:31:26.850,4.763,3000
2020-10-29 09:31:27.240,4.763,800
2020-10-29 09:31:27.240,4.762,5900
2020-10-29 09:31:27.240,4.762,100
2020-10-29 09:31:27.240,4.763,4600
2020-10-29 09:31:27.240,4.763,100000
2020-10-29 09:31:27.240,4.762,5000
2020-10-29 09:31:27.240,4.762,50000
2020-10-29 09:31:27.240,4.762,600
2020-10-29 09:31:27.240,4.762,2000
2020-10-29 09:31:27.240,4.762,1000
2020-10-29 09:31:27.240,4.762,1000
2020-10-29 09:31:27.240,4.762,400
2020-10-29 09:31:27.450,4.763,100
2020-10-29 09:31:27.540,4.763,4000
2020-10-29 09:31:27.680,4.763,2100
2020-10-29 09:31:27.800,4.763,2500
2020-10-29 09:31:28.020,4.763,5000
2020-10-29 09:31:28.090,4.763,13800
2020-10-29 09:31:28.090,4.763,100
2020-10-29 09:31:28.090,4.764,12700
2020-10-29 09:31:28.210,4.764,3000
2020-10-29 09:31:28.270,4.764,2000
2020-10-29 09:31:28.480,4.764,300
2020-10-29 09:31:28.570,4.764,3000
2020-10-29 09:31:28.760,4.764,2200
2020-10-29 09:31:29.050,4.764,500
2020-10-29 09:31:29.150,4.764,10000
2020-10-29 09:31:29.210,4.764,300
2020-10-29 09:31:29.250,4.764,53200
2020-10-29 09:31:29.280,4.764,18400
2020-10-29 09:31:29.460,4.763,5000
2020-10-29 09:31:29.650,4.764,700
2020-10-29 09:31:30.100,4.764,1000
2020-10-29 09:31:30.200,4.764,5000
2020-10-29 09:31:30.260,4.764,100
2020-10-29 09:31:30.320,4.764,400
2020-10-29 09:31:30.320,4.764,4000
2020-10-29 09:31:30.320,4.763,5600
2020-10-29 09:31:30.320,4.763,2000
2020-10-29 09:31:30.320,4.763,1000
2020-10-29 09:31:30.320,4.763,1400
2020-10-29 09:31:30.540,4.764,5000
2020-10-29 09:31:30.600,4.764,5000
2020-10-29 09:31:31.090,4.764,5000
2020-10-29 09:31:31.610,4.764,5000
2020-10-29 09:31:31.640,4.764,1000
2020-10-29 09:31:31.670,4.764,3300
2020-10-29 09:31:31.910,4.763,600
2020-10-29 09:31:31.910,4.763,1500
2020-10-29 09:31:31.910,4.763,8300
2020-10-29 09:31:31.910,4.763,189600
2020-10-29 09:31:31.940,4.764,100000
2020-10-29 09:31:32.110,4.764,1100
2020-10-29 09:31:32.270,4.764,23000
2020-10-29 09:31:32.650,4.764,2500
2020-10-29 09:31:32.800,4.764,7100
2020-10-29 09:31:32.800,4.764,2000
2020-10-29 09:31:32.800,4.764,2500
2020-10-29 09:31:33.480,4.764,3000
2020-10-29 09:31:33.630,4.764,200
2020-10-29 09:31:33.630,4.764,1000
2020-10-29 09:31:35.130,4.765,100
2020-10-29 09:31:35.130,4.765,4900
2020-10-29 09:31:35.310,4.764,2100
2020-10-29 09:31:35.940,4.764,800
2020-10-29 09:31:36.750,4.765,100
2020-10-29 09:31:37.000,4.765,13200
2020-10-29 09:31:37.000,4.765,2000
2020-10-29 09:31:37.000,4.765,2200
2020-10-29 09:31:37.000,4.765,2600
2020-10-29 09:31:37.250,4.764,3000
2020-10-29 09:31:37.970,4.765,7400
2020-10-29 09:31:37.970,4.765,5000
2020-10-29 09:31:37.970,4.765,2300
2020-10-29 09:31:37.970,4.765,3000
2020-10-29 09:31:37.970,4.765,300000
2020-10-29 09:31:38.150,4.766,8400
2020-10-29 09:31:38.150,4.766,10000
2020-10-29 09:31:38.150,4.766,2300
2020-10-29 09:31:38.150,4.766,3000
2020-10-29 09:31:38.150,4.766,2400
2020-10-29 09:31:38.150,4.766,500
2020-10-29 09:31:38.150,4.766,6100
2020-10-29 09:31:38.150,4.766,10000
2020-10-29 09:31:38.210,4.767,5000
2020-10-29 09:31:40.200,4.766,3000
2020-10-29 09:31:40.960,4.766,4300
2020-10-29 09:31:40.960,4.766,2500
2020-10-29 09:31:40.960,4.766,26200
2020-10-29 09:31:40.960,4.765,182300
2020-10-29 09:31:40.960,4.765,7400
2020-10-29 09:31:40.960,4.765,10000
2020-10-29 09:31:40.960,4.765,3900
2020-10-29 09:31:40.960,4.765,4600
2020-10-29 09:31:40.960,4.765,100
2020-10-29 09:31:40.960,4.765,1200
2020-10-29 09:31:40.960,4.765,100
2020-10-29 09:31:40.960,4.764,5900
2020-10-29 09:31:40.960,4.764,2000
2020-10-29 09:31:40.960,4.764,2000
2020-10-29 09:31:40.960,4.764,50000
2020-10-29 09:31:40.960,4.764,1900
2020-10-29 09:31:40.960,4.764,100
2020-10-29 09:31:40.960,4.764,4600
2020-10-29 09:31:40.960,4.764,200
2020-10-29 09:31:40.960,4.764,50000
2020-10-29 09:31:40.960,4.764,200
2020-10-29 09:31:40.960,4.764,1200
2020-10-29 09:31:40.960,4.764,1000
2020-10-29 09:31:40.960,4.764,3000
2020-10-29 09:31:40.960,4.764,5000
2020-10-29 09:31:40.960,4.764,2000
2020-10-29 09:31:40.960,4.764,5000
2020-10-29 09:31:40.960,4.764,1000
2020-10-29 09:31:40.960,4.764,42000
2020-10-29 09:31:40.960,4.764,1500
2020-10-29 09:31:40.960,4.764,1000
2020-10-29 09:31:40.960,4.764,1000
2020-10-29 09:31:40.960,4.764,400
2020-10-29 09:31:40.960,4.764,2000
2020-10-29 09:31:40.960,4.764,100
2020-10-29 09:31:40.960,4.763,13300
2020-10-29 09:31:41.460,4.765,2500
2020-10-29 09:31:42.240,4.767,5700
2020-10-29 09:31:42.240,4.767,9900
2020-10-29 09:31:42.240,4.767,2300
2020-10-29 09:31:42.240,4.767,3000
2020-10-29 09:31:42.240,4.767,400
2020-10-29 09:31:42.240,4.765,1100
2020-10-29 09:31:42.530,4.765,500
2020-10-29 09:31:43.460,4.765,3900
2020-10-29 09:31:43.460,4.765,100
2020-10-29 09:31:43.490,4.767,500
2020-10-29 09:31:43.820,4.767,1000
2020-10-29 09:31:43.970,4.767,100
2020-10-29 09:31:44.760,4.766,6800
2020-10-29 09:31:44.790,4.765,4200
2020-10-29 09:31:44.790,4.765,800
2020-10-29 09:31:45.210,4.766,10000
2020-10-29 09:31:45.370,4.766,10000
2020-10-29 09:31:45.510,4.766,3200
2020-10-29 09:31:45.510,4.767,46800
2020-10-29 09:31:45.540,4.767,10000
2020-10-29 09:31:45.730,4.765,1000
2020-10-29 09:31:45.820,4.765,3500
2020-10-29 09:31:46.040,4.767,1600
2020-10-29 09:31:46.430,4.767,1000
2020-10-29 09:31:46.460,4.767,2500
2020-10-29 09:31:46.740,4.767,1200
2020-10-29 09:31:46.800,4.767,1100
2020-10-29 09:31:47.260,4.767,1200
2020-10-29 09:31:47.260,4.767,300
2020-10-29 09:31:47.260,4.766,100
2020-10-29 09:31:47.260,4.765,3400
2020-10-29 09:31:47.880,4.766,500
2020-10-29 09:31:48.060,4.765,500
2020-10-29 09:31:48.380,4.766,500
2020-10-29 09:31:48.410,4.766,5600
2020-10-29 09:31:48.410,4.766,100
2020-10-29 09:31:48.930,4.765,1900
2020-10-29 09:31:49.190,4.766,300
2020-10-29 09:31:49.420,4.766,3000
2020-10-29 09:31:49.930,4.766,2000
2020-10-29 09:31:49.930,4.766,1000
2020-10-29 09:31:50.020,4.766,700
2020-10-29 09:31:50.110,4.766,500
2020-10-29 09:31:50.250,4.766,5000
2020-10-29 09:31:51.010,4.766,3000
2020-10-29 09:31:51.010,4.766,57500
2020-10-29 09:31:51.140,4.766,500
2020-10-29 09:31:51.280,4.766,2400
2020-10-29 09:31:51.500,4.766,30000
2020-10-29 09:31:51.870,4.766,1000
2020-10-29 09:31:52.060,4.766,3000
2020-10-29 09:31:52.090,4.766,60000
2020-10-29 09:31:52.120,4.766,200
2020-10-29 09:31:52.260,4.766,4400
2020-10-29 09:31:52.660,4.766,1000
2020-10-29 09:31:52.850,4.766,1000
2020-10-29 09:31:53.030,4.766,2500
2020-10-29 09:31:53.220,4.766,2000
2020-10-29 09:31:53.250,4.766,8700
2020-10-29 09:31:53.320,4.766,100
2020-10-29 09:31:53.380,4.766,10000
2020-10-29 09:31:53.470,4.765,1300
2020-10-29 09:31:53.470,4.765,700
2020-10-29 09:31:53.630,4.765,1800
2020-10-29 09:31:53.630,4.765,5000
2020-10-29 09:31:53.630,4.765,3000
2020-10-29 09:31:53.630,4.765,1000
2020-10-29 09:31:53.630,4.765,4000
2020-10-29 09:31:53.630,4.765,100
2020-10-29 09:31:53.630,4.765,1000
2020-10-29 09:31:53.630,4.765,10000
2020-10-29 09:31:53.630,4.765,500
2020-10-29 09:31:53.630,4.765,2000
2020-10-29 09:31:53.630,4.765,1600
2020-10-29 09:31:53.850,4.766,10000
2020-10-29 09:31:54.190,4.766,5000
2020-10-29 09:31:54.220,4.766,500
2020-10-29 09:31:54.430,4.766,100
2020-10-29 09:31:54.730,4.766,10000
2020-10-29 09:31:54.890,4.766,600
2020-10-29 09:31:54.920,4.766,28600
2020-10-29 09:31:54.980,4.766,1900
2020-10-29 09:31:54.980,4.766,700
2020-10-29 09:31:55.490,4.766,2200
2020-10-29 09:31:55.710,4.766,15800
2020-10-29 09:31:55.710,4.766,400
2020-10-29 09:31:55.770,4.766,31900
2020-10-29 09:31:55.770,4.766,93200
2020-10-29 09:31:55.770,4.766,5000
2020-10-29 09:31:55.770,4.766,2500
2020-10-29 09:31:56.210,4.766,160000
2020-10-29 09:31:56.210,4.766,5400
2020-10-29 09:31:56.210,4.766,1000
2020-10-29 09:31:56.210,4.766,3000
2020-10-29 09:31:56.210,4.766,500
2020-10-29 09:31:56.210,4.766,2000
2020-10-29 09:31:56.210,4.765,23200
2020-10-29 09:31:56.210,4.765,300
2020-10-29 09:31:56.210,4.765,2000
2020-10-29 09:31:56.210,4.765,41000
2020-10-29 09:31:56.210,4.765,100
2020-10-29 09:31:56.210,4.765,1000
2020-10-29 09:31:56.210,4.765,70000
2020-10-29 09:31:56.210,4.765,20000
2020-10-29 09:31:56.210,4.765,4200
2020-10-29 09:31:56.210,4.765,10900
2020-10-29 09:31:56.210,4.765,300
2020-10-29 09:31:56.210,4.765,2000
2020-10-29 09:31:56.210,4.765,1000
2020-10-29 09:31:56.210,4.765,12100
2020-10-29 09:31:56.670,4.767,5000
2020-10-29 09:31:56.670,4.767,73000
2020-10-29 09:31:57.050,4.767,800
2020-10-29 09:31:57.420,4.767,50000
2020-10-29 09:31:57.790,4.766,1200
2020-10-29 09:31:57.970,4.767,8000
2020-10-29 09:31:58.860,4.767,2300
2020-10-29 09:31:59.040,4.767,5900
2020-10-29 09:31:59.040,4.767,200
2020-10-29 09:31:59.040,4.767,5000
2020-10-29 09:31:59.040,4.767,4800
2020-10-29 09:31:59.040,4.767,1000
2020-10-29 09:31:59.040,4.767,2000
2020-10-29 09:31:59.040,4.767,1100
2020-10-29 09:31:59.230,4.767,2000
2020-10-29 09:31:59.600,4.766,3100
2020-10-29 09:31:59.600,4.766,200
2020-10-29 09:31:59.600,4.766,3700
2020-10-29 09:31:59.780,4.767,4400
2020-10-29 09:31:59.840,4.766,10000
2020-10-29 09:32:00.380,4.766,10000
2020-10-29 09:32:00.710,4.767,8000
2020-10-29 09:32:01.180,4.767,2000
2020-10-29 09:32:01.370,4.766,5000
2020-10-29 09:32:01.680,4.767,1000
2020-10-29 09:32:01.890,4.767,3000
2020-10-29 09:32:02.100,4.767,4000
2020-10-29 09:32:02.220,4.767,17300
2020-10-29 09:32:02.250,4.766,33000
2020-10-29 09:32:02.280,4.767,5600
2020-10-29 09:32:02.720,4.766,1000
2020-10-29 09:32:03.240,4.767,800
2020-10-29 09:32:03.980,4.767,400
2020-10-29 09:32:04.330,4.767,100
2020-10-29 09:32:04.690,4.767,20000
2020-10-29 09:32:04.810,4.767,42000
2020-10-29 09:32:05.060,4.767,1200
2020-10-29 09:32:05.440,4.767,10500
2020-10-29 09:32:05.740,4.766,13300
2020-10-29 09:32:05.740,4.766,70000
2020-10-29 09:32:05.740,4.766,11000
2020-10-29 09:32:05.740,4.766,2000
2020-10-29 09:32:05.740,4.766,10000
2020-10-29 09:32:05.740,4.766,500
2020-10-29 09:32:05.740,4.766,10000
2020-10-29 09:32:05.740,4.766,4000
2020-10-29 09:32:05.740,4.766,2000
2020-10-29 09:32:05.740,4.766,2000
2020-10-29 09:32:05.740,4.766,500
2020-10-29 09:32:05.740,4.766,10000
2020-10-29 09:32:05.740,4.766,1000
2020-10-29 09:32:05.740,4.766,5000
2020-10-29 09:32:05.740,4.766,8000
2020-10-29 09:32:05.740,4.766,400
2020-10-29 09:32:05.740,4.766,200
2020-10-29 09:32:05.740,4.766,3000
2020-10-29 09:32:05.740,4.766,10600
2020-10-29 09:32:05.740,4.766,2000
2020-10-29 09:32:05.740,4.766,30000
2020-10-29 09:32:05.740,4.766,4500
2020-10-29 09:32:06.470,4.767,111100
2020-10-29 09:32:06.750,4.767,1000
2020-10-29 09:32:06.850,4.766,5500
2020-10-29 09:32:06.850,4.766,1000
2020-10-29 09:32:06.850,4.766,400
2020-10-29 09:32:06.850,4.766,1000
2020-10-29 09:32:06.850,4.766,500
2020-10-29 09:32:06.850,4.766,2500
2020-10-29 09:32:06.850,4.766,100
2020-10-29 09:32:06.850,4.766,2000
2020-10-29 09:32:06.850,4.766,3000
2020-10-29 09:32:06.850,4.766,2100
2020-10-29 09:32:06.850,4.766,21000
2020-10-29 09:32:06.850,4.766,20000
2020-10-29 09:32:06.850,4.766,10000
2020-10-29 09:32:06.910,4.766,5000
2020-10-29 09:32:06.910,4.766,1000
2020-10-29 09:32:07.170,4.766,1000
2020-10-29 09:32:07.370,4.766,1500
2020-10-29 09:32:07.410,4.766,2000
2020-10-29 09:32:07.440,4.766,20000
2020-10-29 09:32:07.730,4.766,12900
2020-10-29 09:32:07.730,4.766,4000
2020-10-29 09:32:07.790,4.766,2000
2020-10-29 09:32:07.940,4.766,10500
2020-10-29 09:32:08.030,4.766,10000
2020-10-29 09:32:08.060,4.766,200
2020-10-29 09:32:08.180,4.766,5000
2020-10-29 09:32:08.270,4.766,2000
2020-10-29 09:32:08.720,4.766,168800
2020-10-29 09:32:08.720,4.766,2000
2020-10-29 09:32:08.720,4.766,5000
2020-10-29 09:32:08.720,4.766,600
2020-10-29 09:32:08.720,4.766,14300
2020-10-29 09:32:08.720,4.767,49300
2020-10-29 09:32:08.960,4.767,10000
2020-10-29 09:32:09.300,4.766,700
2020-10-29 09:32:09.430,4.766,3000
2020-10-29 09:32:09.560,4.766,500
2020-10-29 09:32:09.560,4.766,1300
2020-10-29 09:32:09.660,4.766,13100
2020-10-29 09:32:09.800,4.766,6400
2020-10-29 09:32:09.800,4.767,3600
2020-10-29 09:32:09.920,4.767,1600
2020-10-29 09:32:09.920,4.767,300
2020-10-29 09:32:09.920,4.767,200
2020-10-29 09:32:09.920,4.767,2500
2020-10-29 09:32:10.850,4.767,200
2020-10-29 09:32:11.010,4.767,10000
2020-10-29 09:32:11.100,4.766,2000
2020-10-29 09:32:11.130,4.766,17000
2020-10-29 09:32:11.130,4.767,100
2020-10-29 09:32:11.260,4.767,1000
2020-10-29 09:32:11.290,4.767,3400
2020-10-29 09:32:11.570,4.767,400
2020-10-29 09:32:11.630,4.767,2400
2020-10-29 09:32:11.930,4.767,7600
2020-10-29 09:32:11.930,4.767,1000
2020-10-29 09:32:11.930,4.767,1000
2020-10-29 09:32:11.930,4.767,5000
2020-10-29 09:32:11.930,4.766,1000
2020-10-29 09:32:11.930,4.766,1000
2020-10-29 09:32:11.930,4.766,2800
2020-10-29 09:32:12.800,4.767,300
2020-10-29 09:32:12.800,4.767,400
2020-10-29 09:32:12.800,4.767,100
2020-10-29 09:32:12.980,4.766,15800
2020-10-29 09:32:13.010,4.766,200
2020-10-29 09:32:13.160,4.767,10000
2020-10-29 09:32:13.220,4.767,700
2020-10-29 09:32:13.220,4.767,19300
2020-10-29 09:32:13.250,4.767,4500
2020-10-29 09:32:13.430,4.767,3000
2020-10-29 09:32:13.770,4.767,25000
2020-10-29 09:32:13.980,4.767,1100
2020-10-29 09:32:14.130,4.767,2000
2020-10-29 09:32:14.220,4.767,9000
2020-10-29 09:32:14.510,4.767,400
2020-10-29 09:32:14.820,4.766,1000
2020-10-29 09:32:15.150,4.767,100
2020-10-29 09:32:15.720,4.767,10700
2020-10-29 09:32:16.030,4.766,10200
2020-10-29 09:32:16.030,4.766,15000
2020-10-29 09:32:16.030,4.766,300
2020-10-29 09:32:16.030,4.766,10000
2020-10-29 09:32:16.030,4.766,1100
2020-10-29 09:32:16.030,4.766,3100
2020-10-29 09:32:16.090,4.766,20600
2020-10-29 09:32:16.290,4.766,500
2020-10-29 09:32:16.420,4.766,7000
2020-10-29 09:32:16.480,4.766,200
2020-10-29 09:32:16.640,4.766,100
2020-10-29 09:32:17.030,4.766,5100
2020-10-29 09:32:17.240,4.766,2400
2020-10-29 09:32:17.300,4.766,100
2020-10-29 09:32:17.330,4.765,166700
2020-10-29 09:32:17.520,4.766,5000
2020-10-29 09:32:18.010,4.766,400
2020-10-29 09:32:18.070,4.766,300
2020-10-29 09:32:18.100,4.765,271200
2020-10-29 09:32:18.100,4.765,2100
2020-10-29 09:32:18.100,4.765,3000
2020-10-29 09:32:18.100,4.765,2000
2020-10-29 09:32:18.100,4.765,10000
2020-10-29 09:32:18.100,4.765,10000
2020-10-29 09:32:18.100,4.765,1700
2020-10-29 09:32:18.910,4.766,200
2020-10-29 09:32:19.030,4.765,18300
2020-10-29 09:32:19.030,4.765,4000
2020-10-29 09:32:19.130,4.766,3600
2020-10-29 09:32:19.690,4.766,300
2020-10-29 09:32:19.760,4.766,8700
2020-10-29 09:32:19.880,4.766,3000
2020-10-29 09:32:20.060,4.765,6400
2020-10-29 09:32:20.190,4.766,600
2020-10-29 09:32:20.430,4.766,2500
2020-10-29 09:32:20.520,4.766,2000
2020-10-29 09:32:20.550,4.766,1600
2020-10-29 09:32:20.580,4.765,13800
2020-10-29 09:32:21.130,4.766,7500
2020-10-29 09:32:21.130,4.766,300
2020-10-29 09:32:21.350,4.766,50000
2020-10-29 09:32:21.450,4.766,5800
2020-10-29 09:32:21.540,4.766,10000
2020-10-29 09:32:21.700,4.765,37600
2020-10-29 09:32:21.700,4.765,2000
2020-10-29 09:32:21.700,4.765,200
2020-10-29 09:32:21.700,4.765,500
2020-10-29 09:32:21.700,4.765,2000
2020-10-29 09:32:21.700,4.765,4000
2020-10-29 09:32:21.700,4.765,10000
2020-10-29 09:32:21.700,4.765,6800
2020-10-29 09:32:21.700,4.765,500
2020-10-29 09:32:21.700,4.765,10000
2020-10-29 09:32:21.700,4.765,4000
2020-10-29 09:32:21.700,4.765,500
2020-10-29 09:32:21.700,4.765,5000
2020-10-29 09:32:21.700,4.765,10000
2020-10-29 09:32:21.700,4.765,10700
2020-10-29 09:32:21.700,4.765,10000
2020-10-29 09:32:21.700,4.765,11400
2020-10-29 09:32:21.700,4.765,2000
2020-10-29 09:32:21.700,4.765,56000
2020-10-29 09:32:21.700,4.765,10000
2020-10-29 09:32:21.700,4.765,3900
2020-10-29 09:32:21.700,4.765,200
2020-10-29 09:32:21.700,4.765,2000
2020-10-29 09:32:21.700,4.765,1000
2020-10-29 09:32:21.700,4.765,5000
2020-10-29 09:32:21.700,4.765,300
2020-10-29 09:32:21.700,4.765,11100
2020-10-29 09:32:21.700,4.765,1000
2020-10-29 09:32:21.700,4.765,3000
2020-10-29 09:32:21.940,4.765,300
2020-10-29 09:32:22.340,4.765,30000
2020-10-29 09:32:22.410,4.765,1000
2020-10-29 09:32:22.560,4.765,2000
2020-10-29 09:32:22.590,4.764,600
2020-10-29 09:32:22.590,4.764,100
2020-10-29 09:32:22.830,4.765,58000
2020-10-29 09:32:23.360,4.765,10000
2020-10-29 09:32:23.550,4.765,10000
2020-10-29 09:32:23.610,4.765,1000
2020-10-29 09:32:23.820,4.765,10000
2020-10-29 09:32:23.820,4.764,2000
2020-10-29 09:32:23.820,4.764,8000
2020-10-29 09:32:24.270,4.765,5000
2020-10-29 09:32:24.440,4.765,500
2020-10-29 09:32:24.440,4.765,19500
2020-10-29 09:32:24.680,4.764,2000
2020-10-29 09:32:24.680,4.764,100
2020-10-29 09:32:24.860,4.765,10500
2020-10-29 09:32:25.020,4.765,300
2020-10-29 09:32:26.380,4.765,10000
2020-10-29 09:32:26.710,4.765,30000
2020-10-29 09:32:26.770,4.765,41800
2020-10-29 09:32:27.560,4.765,20000
2020-10-29 09:32:27.810,4.765,100
2020-10-29 09:32:27.970,4.765,300
2020-10-29 09:32:28.040,4.765,500
2020-10-29 09:32:28.100,4.765,1000
2020-10-29 09:32:28.520,4.765,900
2020-10-29 09:32:28.610,4.764,200
2020-10-29 09:32:29.090,4.765,2000
2020-10-29 09:32:29.150,4.764,400
2020-10-29 09:32:29.210,4.765,200
2020-10-29 09:32:29.520,4.765,800
2020-10-29 09:32:29.610,4.765,1000
2020-10-29 09:32:29.610,4.765,500
2020-10-29 09:32:29.610,4.765,1000
2020-10-29 09:32:29.610,4.765,6000
2020-10-29 09:32:29.830,4.765,3000
2020-10-29 09:32:29.920,4.766,12500
2020-10-29 09:32:29.920,4.766,600
2020-10-29 09:32:29.920,4.766,200000
2020-10-29 09:32:29.920,4.766,1000
2020-10-29 09:32:29.920,4.766,2000
2020-10-29 09:32:29.920,4.766,5000
2020-10-29 09:32:29.920,4.766,1200
2020-10-29 09:32:30.110,4.766,800
2020-10-29 09:32:30.110,4.767,200
2020-10-29 09:32:30.270,4.767,2300
2020-10-29 09:32:30.890,4.766,2000
2020-10-29 09:32:31.920,4.766,8600
2020-10-29 09:32:32.100,4.766,3700
2020-10-29 09:32:33.070,4.766,1000
2020-10-29 09:32:33.410,4.766,4000
2020-10-29 09:32:33.730,4.766,20000
2020-10-29 09:32:34.390,4.767,2000
2020-10-29 09:32:34.800,4.767,200
2020-10-29 09:32:34.830,4.766,12100
2020-10-29 09:32:34.950,4.767,3100
2020-10-29 09:32:35.110,4.766,600
2020-10-29 09:32:35.600,4.767,5200
2020-10-29 09:32:35.940,4.766,1100
2020-10-29 09:32:36.060,4.767,5000
2020-10-29 09:32:36.340,4.766,1400
2020-10-29 09:32:36.440,4.766,1000
2020-10-29 09:32:36.630,4.767,5000
2020-10-29 09:32:37.450,4.767,2100
2020-10-29 09:32:37.580,4.766,2000
2020-10-29 09:32:37.580,4.766,1000
2020-10-29 09:32:37.580,4.766,13000
2020-10-29 09:32:37.700,4.766,26900
2020-10-29 09:32:37.700,4.766,100
2020-10-29 09:32:37.700,4.766,10000
2020-10-29 09:32:37.700,4.766,2000
2020-10-29 09:32:37.990,4.766,100
2020-10-29 09:32:38.080,4.766,1000
2020-10-29 09:32:38.140,4.766,300
2020-10-29 09:32:38.230,4.766,1000
2020-10-29 09:32:38.320,4.766,31800
2020-10-29 09:32:38.320,4.766,1500
2020-10-29 09:32:38.320,4.767,25800
2020-10-29 09:32:38.710,4.766,300
2020-10-29 09:32:38.830,4.766,700
2020-10-29 09:32:38.900,4.766,2800
2020-10-29 09:32:39.300,4.766,1500
2020-10-29 09:32:39.370,4.765,2100
2020-10-29 09:32:39.710,4.765,3900
2020-10-29 09:32:40.050,4.766,3000
2020-10-29 09:32:40.250,4.766,100
2020-10-29 09:32:40.250,4.766,1500
2020-10-29 09:32:40.280,4.766,3000
2020-10-29 09:32:40.580,4.767,100
2020-10-29 09:32:40.670,4.766,2000
2020-10-29 09:32:40.700,4.767,100
2020-10-29 09:32:40.840,4.767,800
2020-10-29 09:32:41.080,4.767,200
2020-10-29 09:32:41.080,4.766,300
2020-10-29 09:32:41.240,4.766,1700
2020-10-29 09:32:41.390,4.767,100
2020-10-29 09:32:42.030,4.767,100
2020-10-29 09:32:42.800,4.766,3000
2020-10-29 09:32:42.800,4.767,114700
2020-10-29 09:32:42.910,4.767,800
2020-10-29 09:32:43.380,4.767,1500
2020-10-29 09:32:43.400,4.767,100
2020-10-29 09:32:43.440,4.767,2000
2020-10-29 09:32:44.000,4.767,23500
2020-10-29 09:32:44.950,4.767,230000
2020-10-29 09:32:44.950,4.767,4000
2020-10-29 09:32:44.950,4.767,10000
2020-10-29 09:32:44.950,4.767,500
2020-10-29 09:32:44.950,4.767,25000
2020-10-29 09:32:44.950,4.767,10000
2020-10-29 09:32:44.950,4.767,20500
2020-10-29 09:32:45.120,4.767,10500
2020-10-29 09:32:45.210,4.767,1400
2020-10-29 09:32:46.020,4.767,10000
2020-10-29 09:32:46.380,4.766,1000
2020-10-29 09:32:46.850,4.766,20000
2020-10-29 09:32:47.180,4.767,10000
2020-10-29 09:32:47.270,4.767,20000
2020-10-29 09:32:47.330,4.767,114700
2020-10-29 09:32:47.390,4.766,4000
2020-10-29 09:32:47.480,4.766,4300
2020-10-29 09:32:47.730,4.766,2000
2020-10-29 09:32:48.240,4.766,8900
2020-10-29 09:32:48.450,4.767,4000
2020-10-29 09:32:48.720,4.767,1000
2020-10-29 09:32:48.810,4.766,20000
2020-10-29 09:32:49.180,4.766,300
2020-10-29 09:32:49.240,4.767,107900
2020-10-29 09:32:49.240,4.767,5700
2020-10-29 09:32:49.240,4.767,5000
2020-10-29 09:32:49.240,4.767,5000
2020-10-29 09:32:49.240,4.767,7000
2020-10-29 09:32:49.240,4.767,3000
2020-10-29 09:32:49.240,4.767,4500
2020-10-29 09:32:49.890,4.767,20000
2020-10-29 09:32:50.670,4.767,3600
2020-10-29 09:32:51.120,4.767,1200
2020-10-29 09:32:51.120,4.767,400
2020-10-29 09:32:51.120,4.767,200
2020-10-29 09:32:51.120,4.766,28200
2020-10-29 09:32:51.510,4.767,1000
2020-10-29 09:32:51.670,4.768,3700
2020-10-29 09:32:51.670,4.768,2200
2020-10-29 09:32:51.670,4.768,294100
2020-10-29 09:32:51.790,4.768,30300
2020-10-29 09:32:51.790,4.768,84400
2020-10-29 09:32:51.860,4.766,49700
2020-10-29 09:32:52.230,4.767,3700
2020-10-29 09:32:52.230,4.767,400
2020-10-29 09:32:52.230,4.767,1400
2020-10-29 09:32:52.260,4.768,10000
2020-10-29 09:32:52.950,4.767,400
2020-10-29 09:32:53.430,4.768,1800
2020-10-29 09:32:53.780,4.767,700
2020-10-29 09:32:53.780,4.767,3200
2020-10-29 09:32:54.500,4.767,7300
2020-10-29 09:32:54.500,4.767,1000
2020-10-29 09:32:54.500,4.767,100
2020-10-29 09:32:54.500,4.766,34900
2020-10-29 09:32:54.850,4.767,2000
2020-10-29 09:32:55.000,4.768,48900
2020-10-29 09:32:55.000,4.768,25000
2020-10-29 09:32:55.000,4.768,4500
2020-10-29 09:32:55.060,4.768,1000
2020-10-29 09:32:55.710,4.767,1000
2020-10-29 09:32:56.260,4.768,300
2020-10-29 09:32:56.730,4.768,500
2020-10-29 09:32:56.990,4.768,500
2020-10-29 09:32:57.900,4.768,1000
2020-10-29 09:32:58.050,4.767,40000
2020-10-29 09:32:58.050,4.767,7000
2020-10-29 09:32:58.050,4.767,5000
2020-10-29 09:32:58.050,4.767,10000
2020-10-29 09:32:58.050,4.767,500
2020-10-29 09:32:58.050,4.767,1000
2020-10-29 09:32:58.050,4.766,16500
2020-10-29 09:32:58.050,4.766,5500
2020-10-29 09:32:58.050,4.766,2000
2020-10-29 09:32:58.050,4.766,200
2020-10-29 09:32:58.050,4.766,300
2020-10-29 09:32:58.050,4.766,300
2020-10-29 09:32:58.050,4.766,300
2020-10-29 09:32:58.050,4.766,100
2020-10-29 09:32:58.050,4.766,5000
2020-10-29 09:32:58.050,4.766,100
2020-10-29 09:32:58.050,4.766,5000
2020-10-29 09:32:58.050,4.766,1000
2020-10-29 09:32:58.050,4.766,4000
2020-10-29 09:32:58.050,4.766,10000
2020-10-29 09:32:58.050,4.766,2100
2020-10-29 09:32:58.050,4.766,1000
2020-10-29 09:32:58.050,4.766,100
2020-10-29 09:32:58.050,4.766,3000
2020-10-29 09:32:58.590,4.768,500
2020-10-29 09:32:59.280,4.767,1000
2020-10-29 09:32:59.310,4.768,11700
2020-10-29 09:32:59.310,4.768,4600
2020-10-29 09:32:59.310,4.768,5000
2020-10-29 09:32:59.310,4.768,5000
2020-10-29 09:32:59.310,4.768,200
2020-10-29 09:32:59.310,4.768,6000
2020-10-29 09:32:59.310,4.768,1000
2020-10-29 09:32:59.310,4.768,5000
2020-10-29 09:32:59.310,4.768,500
2020-10-29 09:32:59.310,4.768,1000
2020-10-29 09:32:59.310,4.768,3100
2020-10-29 09:32:59.310,4.769,2000
2020-10-29 09:32:59.310,4.769,20500
2020-10-29 09:32:59.310,4.769,10000
2020-10-29 09:32:59.310,4.769,1000
2020-10-29 09:32:59.310,4.769,20000
2020-10-29 09:32:59.310,4.769,500
2020-10-29 09:32:59.310,4.769,2300
2020-10-29 09:32:59.310,4.769,100
2020-10-29 09:32:59.310,4.769,15200
2020-10-29 09:33:00.980,4.768,200
2020-10-29 09:33:00.980,4.768,1200
2020-10-29 09:33:00.980,4.767,500
2020-10-29 09:33:00.980,4.767,100
2020-10-29 09:33:02.080,4.768,1500
2020-10-29 09:33:02.080,4.767,25400
2020-10-29 09:33:02.080,4.767,4200
2020-10-29 09:33:02.080,4.767,3800
2020-10-29 09:33:02.720,4.767,3200
2020-10-29 09:33:02.720,4.767,100
2020-10-29 09:33:02.720,4.767,100
2020-10-29 09:33:02.720,4.767,1600
2020-10-29 09:33:03.220,4.768,300
2020-10-29 09:33:03.880,4.767,1200
2020-10-29 09:33:03.910,4.767,2200
2020-10-29 09:33:03.910,4.767,300
2020-10-29 09:33:04.090,4.768,1700
2020-10-29 09:33:04.480,4.769,2000
2020-10-29 09:33:04.540,4.769,14300
2020-10-29 09:33:05.720,4.769,11400
2020-10-29 09:33:06.120,4.768,1300
2020-10-29 09:33:06.120,4.768,13700
2020-10-29 09:33:06.630,4.769,100
2020-10-29 09:33:06.770,4.768,1300
2020-10-29 09:33:06.770,4.768,1700
2020-10-29 09:33:06.770,4.768,5000
2020-10-29 09:33:06.770,4.768,5000
2020-10-29 09:33:06.770,4.767,20000
2020-10-29 09:33:06.770,4.769,500
2020-10-29 09:33:06.870,4.769,3600
2020-10-29 09:33:07.160,4.769,10000
2020-10-29 09:33:07.840,4.769,2000
2020-10-29 09:33:07.840,4.768,100
2020-10-29 09:33:08.590,4.769,2100
2020-10-29 09:33:08.820,4.769,100
2020-10-29 09:33:08.850,4.768,2000
2020-10-29 09:33:09.660,4.769,4800
2020-10-29 09:33:09.720,4.769,100000
2020-10-29 09:33:09.980,4.768,900
2020-10-29 09:33:09.980,4.768,1000
2020-10-29 09:33:09.980,4.768,400
2020-10-29 09:33:09.980,4.768,200
2020-10-29 09:33:09.980,4.768,2000
2020-10-29 09:33:09.980,4.768,400
2020-10-29 09:33:10.330,4.768,600
2020-10-29 09:33:10.330,4.768,1000
2020-10-29 09:33:10.330,4.768,400
2020-10-29 09:33:11.050,4.768,5000
2020-10-29 09:33:11.430,4.768,700
2020-10-29 09:33:11.550,4.769,5000
2020-10-29 09:33:11.920,4.768,3900
2020-10-29 09:33:11.920,4.768,300
2020-10-29 09:33:11.920,4.768,1000
2020-10-29 09:33:11.920,4.768,100
2020-10-29 09:33:11.920,4.768,15000
2020-10-29 09:33:11.920,4.768,6100
2020-10-29 09:33:11.920,4.768,10000
2020-10-29 09:33:11.920,4.768,5000
2020-10-29 09:33:11.920,4.768,4000
2020-10-29 09:33:11.920,4.768,2000
2020-10-29 09:33:11.920,4.767,12700
2020-10-29 09:33:13.190,4.769,100
2020-10-29 09:33:13.290,4.769,100
2020-10-29 09:33:13.620,4.769,500
2020-10-29 09:33:13.980,4.768,100
2020-10-29 09:33:14.070,4.769,50000
2020-10-29 09:33:14.190,4.768,2900
2020-10-29 09:33:14.190,4.768,2000
2020-10-29 09:33:14.400,4.768,5000
2020-10-29 09:33:14.490,4.768,2200
2020-10-29 09:33:14.640,4.768,1500
2020-10-29 09:33:15.400,4.767,10000
2020-10-29 09:33:15.890,4.768,10000
2020-10-29 09:33:16.230,4.767,60200
2020-10-29 09:33:16.260,4.768,200
2020-10-29 09:33:16.480,4.767,17500
2020-10-29 09:33:16.480,4.767,100
2020-10-29 09:33:16.480,4.767,500
2020-10-29 09:33:16.480,4.767,10000
2020-10-29 09:33:16.480,4.767,1000
2020-10-29 09:33:16.480,4.767,3200
2020-10-29 09:33:16.760,4.768,1000
2020-10-29 09:33:17.080,4.767,6800
2020-10-29 09:33:17.080,4.767,3000
2020-10-29 09:33:17.080,4.767,3000
2020-10-29 09:33:17.080,4.767,2100
2020-10-29 09:33:17.080,4.767,49000
2020-10-29 09:33:17.080,4.767,2000
2020-10-29 09:33:17.080,4.767,1000
2020-10-29 09:33:17.080,4.767,7000
2020-10-29 09:33:17.610,4.767,1600
2020-10-29 09:33:17.630,4.767,2000
2020-10-29 09:33:18.130,4.767,2500
2020-10-29 09:33:18.130,4.767,100
2020-10-29 09:33:18.520,4.768,500
2020-10-29 09:33:18.800,4.768,4700
2020-10-29 09:33:18.800,4.768,300
2020-10-29 09:33:19.040,4.767,10000
2020-10-29 09:33:19.040,4.767,5800
2020-10-29 09:33:19.040,4.767,600
2020-10-29 09:33:19.040,4.766,9100
2020-10-29 09:33:19.040,4.766,100
2020-10-29 09:33:19.040,4.766,1300
2020-10-29 09:33:19.040,4.766,300
2020-10-29 09:33:19.040,4.766,900
2020-10-29 09:33:19.040,4.766,2400
2020-10-29 09:33:19.040,4.766,100
2020-10-29 09:33:19.040,4.766,2200
2020-10-29 09:33:19.040,4.766,20100
2020-10-29 09:33:19.040,4.766,2400
2020-10-29 09:33:19.040,4.766,5000
2020-10-29 09:33:19.040,4.766,5000
2020-10-29 09:33:19.040,4.766,5000
2020-10-29 09:33:19.040,4.766,2000
2020-10-29 09:33:19.040,4.766,1000
2020-10-29 09:33:19.040,4.766,2000
2020-10-29 09:33:19.040,4.766,500
2020-10-29 09:33:19.040,4.766,8200
2020-10-29 09:33:19.040,4.766,6000
2020-10-29 09:33:19.040,4.766,4100
2020-10-29 09:33:19.040,4.766,100
2020-10-29 09:33:19.040,4.766,1000
2020-10-29 09:33:19.040,4.766,2000
2020-10-29 09:33:19.040,4.766,1200
2020-10-29 09:33:19.040,4.766,2800
2020-10-29 09:33:19.040,4.766,300000
2020-10-29 09:33:19.040,4.766,2200
2020-10-29 09:33:19.040,4.766,500
2020-10-29 09:33:19.040,4.766,200000
2020-10-29 09:33:19.730,4.766,3000
2020-10-29 09:33:19.870,4.766,3000
2020-10-29 09:33:19.930,4.766,5000
2020-10-29 09:33:20.210,4.766,5000
2020-10-29 09:33:20.450,4.766,2500
2020-10-29 09:33:20.450,4.766,2000
2020-10-29 09:33:20.660,4.766,1800
2020-10-29 09:33:20.690,4.766,10000
2020-10-29 09:33:20.730,4.766,3000
2020-10-29 09:33:20.930,4.766,1000
2020-10-29 09:33:21.100,4.766,10000
2020-10-29 09:33:21.350,4.766,3000
2020-10-29 09:33:21.410,4.766,1000
2020-10-29 09:33:21.440,4.766,500
2020-10-29 09:33:21.530,4.766,22900
2020-10-29 09:33:21.590,4.766,1000
2020-10-29 09:33:21.650,4.766,600
2020-10-29 09:33:21.650,4.766,32500
2020-10-29 09:33:21.840,4.766,100
2020-10-29 09:33:22.210,4.766,2900
2020-10-29 09:33:22.350,4.766,3000
2020-10-29 09:33:22.430,4.765,17500
2020-10-29 09:33:22.430,4.765,100
2020-10-29 09:33:22.430,4.765,5000
2020-10-29 09:33:22.430,4.765,100000
2020-10-29 09:33:22.430,4.765,50000
2020-10-29 09:33:22.430,4.765,100
2020-10-29 09:33:22.430,4.765,5000
2020-10-29 09:33:22.430,4.765,500
2020-10-29 09:33:22.430,4.765,2500
2020-10-29 09:33:22.430,4.765,100
2020-10-29 09:33:22.430,4.765,2000
2020-10-29 09:33:22.430,4.765,11300
2020-10-29 09:33:22.430,4.765,2200
2020-10-29 09:33:22.430,4.765,500
2020-10-29 09:33:22.430,4.765,2200
2020-10-29 09:33:22.430,4.765,10000
2020-10-29 09:33:22.430,4.765,40000
2020-10-29 09:33:22.430,4.765,10000
2020-10-29 09:33:22.430,4.765,41000
2020-10-29 09:33:22.840,4.766,500
2020-10-29 09:33:23.510,4.766,700
2020-10-29 09:33:23.690,4.766,500
2020-10-29 09:33:23.770,4.766,1000
2020-10-29 09:33:23.890,4.766,700
2020-10-29 09:33:24.050,4.766,1000
2020-10-29 09:33:24.050,4.766,2400
2020-10-29 09:33:24.120,4.766,40600
2020-10-29 09:33:24.120,4.766,20000
2020-10-29 09:33:24.120,4.767,39400
2020-10-29 09:33:24.390,4.767,5000
2020-10-29 09:33:24.410,4.767,7400
2020-10-29 09:33:24.410,4.767,22600
2020-10-29 09:33:25.090,4.767,5000
2020-10-29 09:33:25.610,4.767,2400
2020-10-29 09:33:25.610,4.767,100
2020-10-29 09:33:25.610,4.767,800
2020-10-29 09:33:26.050,4.767,7000
2020-10-29 09:33:26.050,4.767,10000
2020-10-29 09:33:26.320,4.766,5000
2020-10-29 09:33:26.320,4.765,900
2020-10-29 09:33:26.320,4.765,29900
2020-10-29 09:33:26.980,4.768,200
2020-10-29 09:33:26.980,4.768,3900
2020-10-29 09:33:26.980,4.768,900
2020-10-29 09:33:26.980,4.768,1000
2020-10-29 09:33:26.980,4.768,27900
2020-10-29 09:33:27.030,4.768,1000
2020-10-29 09:33:27.480,4.768,800
2020-10-29 09:33:27.480,4.768,29200
2020-10-29 09:33:27.550,4.768,1000
2020-10-29 09:33:28.140,4.767,500
2020-10-29 09:33:28.890,4.767,300
2020-10-29 09:33:28.890,4.767,300
2020-10-29 09:33:29.010,4.767,5000
2020-10-29 09:33:29.740,4.767,3000
2020-10-29 09:33:29.740,4.767,20000
2020-10-29 09:33:30.220,4.767,14200
2020-10-29 09:33:30.220,4.767,4000
2020-10-29 09:33:30.220,4.768,21800
2020-10-29 09:33:30.750,4.767,3800
2020-10-29 09:33:30.970,4.767,2500
2020-10-29 09:33:31.130,4.766,5000
2020-10-29 09:33:31.130,4.766,2000
2020-10-29 09:33:31.130,4.766,200
2020-10-29 09:33:31.130,4.766,1000
2020-10-29 09:33:31.130,4.766,1800
2020-10-29 09:33:31.640,4.767,200
2020-10-29 09:33:31.710,4.766,2600
2020-10-29 09:33:31.710,4.766,4000
2020-10-29 09:33:31.710,4.766,300
2020-10-29 09:33:31.710,4.766,1000
2020-10-29 09:33:31.710,4.766,500
2020-10-29 09:33:31.710,4.766,100000
2020-10-29 09:33:32.160,4.766,100
2020-10-29 09:33:32.410,4.767,10000
2020-10-29 09:33:32.650,4.767,900
2020-10-29 09:33:33.080,4.767,200
2020-10-29 09:33:33.410,4.767,3000
2020-10-29 09:33:33.890,4.767,2000
2020-10-29 09:33:34.070,4.767,100
2020-10-29 09:33:34.190,4.767,500
2020-10-29 09:33:34.730,4.767,300
2020-10-29 09:33:35.540,4.767,10000
2020-10-29 09:33:35.560,4.767,500
2020-10-29 09:33:35.930,4.766,200
2020-10-29 09:33:35.930,4.766,2500
2020-10-29 09:33:35.930,4.766,10500
2020-10-29 09:33:35.930,4.766,2000
2020-10-29 09:33:35.930,4.766,500
2020-10-29 09:33:36.190,4.766,500
2020-10-29 09:33:36.960,4.766,200
2020-10-29 09:33:37.960,4.766,300
2020-10-29 09:33:38.450,4.766,700
2020-10-29 09:33:38.450,4.766,2600
2020-10-29 09:33:38.450,4.766,37400
2020-10-29 09:33:39.930,4.765,2000
2020-10-29 09:33:40.520,4.766,100
2020-10-29 09:33:40.930,4.766,100
2020-10-29 09:33:41.290,4.766,200
2020-10-29 09:33:41.340,4.766,1000
2020-10-29 09:33:41.490,4.766,2000
2020-10-29 09:33:41.550,4.766,600
2020-10-29 09:33:41.670,4.766,1000
2020-10-29 09:33:41.820,4.765,18100
2020-10-29 09:33:41.820,4.765,500
2020-10-29 09:33:41.820,4.765,30000
2020-10-29 09:33:41.820,4.765,20000
2020-10-29 09:33:41.820,4.765,200
2020-10-29 09:33:41.820,4.765,900
2020-10-29 09:33:41.820,4.765,1000
2020-10-29 09:33:41.820,4.765,200
2020-10-29 09:33:41.820,4.765,5000
2020-10-29 09:33:41.820,4.765,10000
2020-10-29 09:33:41.820,4.765,900
2020-10-29 09:33:41.820,4.765,500
2020-10-29 09:33:41.820,4.765,400
2020-10-29 09:33:41.820,4.765,3000
2020-10-29 09:33:41.820,4.765,2100
2020-10-29 09:33:41.820,4.765,5000
2020-10-29 09:33:41.820,4.765,2200
2020-10-29 09:33:41.880,4.766,1000
2020-10-29 09:33:42.090,4.766,4000
2020-10-29 09:33:42.750,4.765,7800
2020-10-29 09:33:42.750,4.765,100
2020-10-29 09:33:42.750,4.765,1000
2020-10-29 09:33:42.750,4.765,10000
2020-10-29 09:33:42.750,4.765,1100
2020-10-29 09:33:42.750,4.765,10000
2020-10-29 09:33:42.750,4.765,5000
2020-10-29 09:33:42.750,4.765,3000
2020-10-29 09:33:42.750,4.765,200
2020-10-29 09:33:42.750,4.765,1000
2020-10-29 09:33:42.750,4.765,20000
2020-10-29 09:33:42.750,4.765,2800
2020-10-29 09:33:42.750,4.765,200
2020-10-29 09:33:42.750,4.765,300
2020-10-29 09:33:42.750,4.765,600
2020-10-29 09:33:42.810,4.765,1000
2020-10-29 09:33:43.030,4.765,93200
2020-10-29 09:33:43.030,4.765,6800
2020-10-29 09:33:43.190,4.765,50000
2020-10-29 09:33:43.840,4.766,1000
2020-10-29 09:33:44.100,4.766,1000
2020-10-29 09:33:44.510,4.766,20800
2020-10-29 09:33:44.600,4.766,300
2020-10-29 09:33:45.290,4.766,3000
2020-10-29 09:33:45.500,4.766,3000
2020-10-29 09:33:45.590,4.766,5200
2020-10-29 09:33:45.930,4.765,200
2020-10-29 09:33:45.930,4.765,1900
2020-10-29 09:33:45.950,4.766,2000
2020-10-29 09:33:46.560,4.766,1200
2020-10-29 09:33:47.600,4.766,1700
2020-10-29 09:33:48.240,4.766,3000
2020-10-29 09:33:48.300,4.765,32400
2020-10-29 09:33:48.330,4.765,2000
2020-10-29 09:33:48.660,4.764,4000
2020-10-29 09:33:49.580,4.765,1000
2020-10-29 09:33:49.870,4.765,3000
2020-10-29 09:33:49.970,4.765,500
2020-10-29 09:33:50.260,4.765,5000
2020-10-29 09:33:50.460,4.765,300
2020-10-29 09:33:51.330,4.765,2000
2020-10-29 09:33:51.410,4.765,300
2020-10-29 09:33:52.290,4.765,100
2020-10-29 09:33:53.020,4.765,3400
2020-10-29 09:33:53.020,4.765,1600
2020-10-29 09:33:53.090,4.765,1000
2020-10-29 09:33:53.680,4.765,3000
2020-10-29 09:33:54.160,4.765,1000
2020-10-29 09:33:54.160,4.765,500
2020-10-29 09:33:54.350,4.765,2300
2020-10-29 09:33:56.410,4.765,7200
