ExChangeId,ChannelNo,SeqNo,SecurityID,Trade2_Order1,TradeDate,UpdateTime,Price,Volume,TrdMoney,OrdSide,OrdType,TrdBSFlag,TrdBuyNo,TrdSellNo
1,1,25094,510360,2,20201029,93000790,1.590000,500,795.000000,-,-,S,22583,152743
1,1,37373,510360,2,20201029,93003080,1.581000,200,316.200000,-,-,S,174652,186884
1,1,63454,510360,2,20201029,93020720,1.582000,1000,1582.000000,-,-,S,242107,245392
1,1,63455,510360,2,20201029,93020720,1.581000,300,474.300000,-,-,S,174652,245392
1,1,63534,510360,2,20201029,93020780,1.588000,500,794.000000,-,-,B,245531,177025
1,1,63757,510360,2,20201029,93020970,1.588000,100,158.800000,-,-,S,245531,245916
1,1,65983,510360,2,20201029,93023710,1.588000,600,952.800000,-,-,S,245531,249201
1,1,65984,510360,2,20201029,93023710,1.581000,1200,1897.200000,-,-,S,174652,249201
1,1,67810,510360,2,20201029,93025680,1.590000,1200,1908.000000,-,-,B,251887,152743
1,1,87673,510360,2,20201029,93052650,1.582000,1000,1582.000000,-,-,S,252862,284411
1,1,87674,510360,2,20201029,93052650,1.582000,1000,1582.000000,-,-,S,275618,284411
1,1,89487,510360,2,20201029,93055480,1.582000,1200,1898.400000,-,-,B,287523,284411
1,1,103039,510360,2,20201029,93112210,1.581000,300,474.300000,-,-,S,174652,309571
1,1,103040,510360,2,20201029,93112210,1.581000,100,158.100000,-,-,S,241506,309571
1,1,103041,510360,2,20201029,93112210,1.581000,100,158.100000,-,-,S,250509,309571
1,1,105476,510360,2,20201029,93115450,1.581000,3300,5217.300000,-,-,B,313963,309571
1,1,207065,510360,2,20201029,93410030,1.583000,20000,31660.000000,-,-,S,404915,488818
1,1,218604,510360,2,20201029,93431540,1.581000,2000,3162.000000,-,-,S,313963,507949
1,1,226625,510360,2,20201029,93447850,1.581000,2800,4426.800000,-,-,S,313963,521643
1,1,226626,510360,2,20201029,93447850,1.581000,100,158.100000,-,-,S,315247,521643
1,1,231577,510360,2,20201029,93457710,1.583000,400,633.200000,-,-,B,529892,514751
1,1,274390,510360,2,20201029,93620220,1.585000,1000,1585.000000,-,-,B,601706,569529
1,1,340621,510360,2,20201029,93850910,1.586000,700,1110.200000,-,-,B,718567,593145
1,1,389941,510360,2,20201029,94051770,1.588000,700,1111.600000,-,-,B,803675,745746
1,1,393480,510360,2,20201029,94101890,1.588000,500,794.000000,-,-,B,810159,806024
1,1,425056,510360,2,20201029,94230620,1.588000,700,1111.600000,-,-,B,868736,806024
1,1,425057,510360,2,20201029,94230620,1.588000,2500,3970.000000,-,-,B,868736,829839
1,1,427132,510360,2,20201029,94237390,1.588000,500,794.000000,-,-,B,872849,829839
1,1,430610,510360,2,20201029,94249040,1.588000,2000,3176.000000,-,-,B,880013,829839
1,1,444571,510360,2,20201029,94331790,1.588000,100,158.800000,-,-,B,906545,829839
1,1,463722,510360,2,20201029,94432210,1.588000,1700,2699.600000,-,-,B,940023,829839
1,1,517632,510360,2,20201029,94658620,1.589000,500,794.500000,-,-,B,1029463,997064
1,1,529088,510360,2,20201029,94732960,1.589000,1800,2860.200000,-,-,S,1033852,1048209
1,1,529396,510360,2,20201029,94733960,1.590000,300,477.000000,-,-,B,1048716,152743
1,1,529397,510360,2,20201029,94733960,1.590000,5000,7950.000000,-,-,B,1048716,153465
1,1,529398,510360,2,20201029,94733960,1.590000,1200,1908.000000,-,-,B,1048716,248256
1,1,529399,510360,2,20201029,94733960,1.590000,1200,1908.000000,-,-,B,1048716,257356
1,1,529400,510360,2,20201029,94733960,1.590000,20000,31800.000000,-,-,B,1048716,950579
1,1,550373,510360,2,20201029,94847670,1.592000,500,796.000000,-,-,B,1086709,1003212
1,1,550374,510360,2,20201029,94847670,1.592000,2000,3184.000000,-,-,B,1086709,1056255
1,1,550823,510360,2,20201029,94849430,1.592000,100,159.200000,-,-,S,1086709,1087515
1,1,565447,510360,2,20201029,94940530,1.592000,300,477.600000,-,-,S,1086709,1112538
1,1,565448,510360,2,20201029,94940530,1.592000,100,159.200000,-,-,S,1086709,1112539
1,1,574844,510360,2,20201029,95006500,1.592000,100,159.200000,-,-,S,1086709,1127335
1,1,576746,510360,2,20201029,95010560,1.592000,300,477.600000,-,-,S,1086709,1130151
1,1,577135,510360,2,20201029,95011270,1.592000,800,1273.600000,-,-,S,1086709,1130769
1,1,577136,510360,2,20201029,95011270,1.592000,800,1273.600000,-,-,S,1086709,1130770
1,1,577914,510360,2,20201029,95012610,1.592000,1200,1910.400000,-,-,S,1086709,1132101
1,1,577937,510360,2,20201029,95012740,1.592000,600,955.200000,-,-,S,1086709,1132156
1,1,578054,510360,2,20201029,95013010,1.592000,600,955.200000,-,-,S,1086709,1132352
1,1,578447,510360,2,20201029,95014100,1.592000,200,318.400000,-,-,S,1086709,1133028
1,1,578655,510360,2,20201029,95014380,1.592000,600,955.200000,-,-,S,1086709,1133340
1,1,578949,510360,2,20201029,95014710,1.592000,600,955.200000,-,-,S,1086709,1133779
1,1,579575,510360,2,20201029,95015790,1.592000,300,477.600000,-,-,S,1086709,1134598
1,1,579611,510360,2,20201029,95015910,1.592000,900,1432.800000,-,-,S,1086709,1134675
1,1,612702,510360,2,20201029,95204140,1.590000,300,477.000000,-,-,S,1179778,1189188
1,1,664266,510360,2,20201029,95510180,1.591000,7200,11455.200000,-,-,B,1273747,1272904
1,1,671987,510360,2,20201029,95532830,1.592000,10000,15920.000000,-,-,B,1286930,1286394
1,1,751362,510360,2,20201029,100029030,1.588000,100,158.800000,-,-,S,940023,1416786
1,1,752727,510360,2,20201029,100031150,1.588000,1900,3017.200000,-,-,S,940023,1418424
1,1,759310,510360,2,20201029,100044040,1.588000,700,1111.600000,-,-,S,940023,1426370
1,1,759311,510360,2,20201029,100044040,1.588000,700,1111.600000,-,-,S,940023,1426371
1,1,760024,510360,2,20201029,100045630,1.588000,600,952.800000,-,-,S,940023,1427414
1,1,760216,510360,2,20201029,100045780,1.588000,600,952.800000,-,-,S,940023,1427499
1,1,760261,510360,2,20201029,100045900,1.588000,600,952.800000,-,-,S,940023,1427546
1,1,760300,510360,2,20201029,100045980,1.588000,600,952.800000,-,-,S,940023,1427595
1,1,760468,510360,2,20201029,100046360,1.588000,600,952.800000,-,-,S,940023,1427778
1,1,760613,510360,2,20201029,100046700,1.588000,600,952.800000,-,-,S,940023,1427899
1,1,760726,510360,2,20201029,100047070,1.588000,600,952.800000,-,-,S,940023,1428068
1,1,760825,510360,2,20201029,100047220,1.588000,600,952.800000,-,-,S,940023,1428186
1,1,760860,510360,2,20201029,100047280,1.588000,100,158.800000,-,-,S,940023,1428230
1,1,760861,510360,2,20201029,100047280,1.586000,300,475.800000,-,-,S,874161,1428230
1,1,760862,510360,2,20201029,100047280,1.586000,200,317.200000,-,-,S,1414308,1428230
1,1,913351,510360,2,20201029,101136700,1.595000,100,159.500000,-,-,B,1685322,1008881
1,1,914585,510360,2,20201029,101141270,1.595000,400,638.000000,-,-,B,1687267,1008881
1,1,914586,510360,2,20201029,101141270,1.595000,600,957.000000,-,-,B,1687267,1186948
1,1,983263,510360,2,20201029,101749430,1.594000,1000,1594.000000,-,-,B,1806322,1759676
1,1,1126131,510360,2,20201029,103017220,1.590000,300,477.000000,-,-,S,1468002,2035207
1,1,1126132,510360,2,20201029,103017220,1.590000,500,795.000000,-,-,S,1709683,2035207
1,1,1127382,510360,2,20201029,103021010,1.590000,1200,1908.000000,-,-,B,2037115,2035207
1,1,1132945,510360,2,20201029,103041600,1.590000,8000,12720.000000,-,-,B,2045646,2035207
1,1,1157332,510360,2,20201029,103248170,1.593000,100,159.300000,-,-,S,2084320,2084901
1,1,1205967,510360,2,20201029,103753750,1.595000,4000,6380.000000,-,-,B,2169813,1186948
1,1,1226426,510360,2,20201029,104006130,1.595000,5400,8613.000000,-,-,B,2206533,1186948
1,1,1226427,510360,2,20201029,104006130,1.595000,300,478.500000,-,-,B,2206533,1191296
1,1,1226428,510360,2,20201029,104006130,1.595000,1200,1914.000000,-,-,B,2206533,1688002
1,1,1226429,510360,2,20201029,104006130,1.595000,1200,1914.000000,-,-,B,2206533,2170602
1,1,1266809,510360,2,20201029,104408760,1.595000,100,159.500000,-,-,S,2206533,2276287
1,1,1292153,510360,2,20201029,104715210,1.595000,2400,3828.000000,-,-,S,2234685,2321602
1,1,1293379,510360,2,20201029,104726230,1.595000,200,319.000000,-,-,B,2323840,2321602
1,1,1323046,510360,2,20201029,105043350,1.598000,500,799.000000,-,-,B,2373874,1134165
1,1,1323047,510360,2,20201029,105043350,1.598000,400,639.200000,-,-,B,2373874,1286395
1,1,1340197,510360,2,20201029,105238820,1.600000,300,480.000000,-,-,B,2403324,1193121
1,1,1340198,510360,2,20201029,105238820,1.600000,1400,2240.000000,-,-,B,2403324,2230273
1,1,1376081,510360,2,20201029,105738820,1.600000,3000,4800.000000,-,-,B,2468399,2230273
1,1,1387986,510360,2,20201029,105904990,1.600000,1600,2560.000000,-,-,B,2488756,2230273
1,1,1387987,510360,2,20201029,105904990,1.600000,1200,1920.000000,-,-,B,2488756,2403749
1,1,1393250,510360,2,20201029,105940200,1.601000,17000,27217.000000,-,-,B,2497248,75521
1,1,1393251,510360,2,20201029,105940200,1.601000,100,160.100000,-,-,B,2497248,104551
1,1,1393252,510360,2,20201029,105940200,1.601000,500,800.500000,-,-,B,2497248,1148320
1,1,1401023,510360,2,20201029,110007910,1.601000,1600,2561.600000,-,-,S,2497248,2505663
1,1,1469543,510360,2,20201029,110705520,1.603000,200,320.600000,-,-,B,2619558,2553133
1,1,1470030,510360,2,20201029,110708450,1.603000,100,160.300000,-,-,S,2619558,2620216
1,1,1470031,510360,2,20201029,110708450,1.603000,100,160.300000,-,-,S,2619558,2620217
1,1,1470368,510360,2,20201029,110709750,1.604000,500,802.000000,-,-,B,2620620,2419641
1,1,1483073,510360,2,20201029,110830160,1.605000,300,481.500000,-,-,B,2641278,1194665
1,1,1494567,510360,2,20201029,110951640,1.605000,4700,7543.500000,-,-,S,2641278,2661567
1,1,1494568,510360,2,20201029,110951640,1.605000,1500,2407.500000,-,-,S,2645742,2661567
1,1,1504944,510360,2,20201029,111028330,1.606000,1200,1927.200000,-,-,B,2676728,2642120
1,1,1540586,510360,2,20201029,111423060,1.606000,3800,6102.800000,-,-,S,2676728,2739872
1,1,1544023,510360,2,20201029,111447620,1.606000,6000,9636.000000,-,-,B,2746208,2742027
1,1,1563535,510360,2,20201029,111709590,1.605000,2500,4012.500000,-,-,S,2645742,2781085
1,1,1572259,510360,2,20201029,111801490,1.606000,3000,4818.000000,-,-,B,2794528,2744758
1,1,1572260,510360,2,20201029,111801490,1.606000,10000,16060.000000,-,-,B,2794528,2754421
1,1,1575536,510360,2,20201029,111828160,1.606000,8000,12848.000000,-,-,S,2794528,2800324
1,1,1591927,510360,2,20201029,112020760,1.607000,500,803.500000,-,-,B,2828514,2422392
1,1,1591928,510360,2,20201029,112020760,1.607000,1000,1607.000000,-,-,B,2828514,2736284
1,1,1592097,510360,2,20201029,112021180,1.607000,1300,2089.100000,-,-,B,2828716,2736284
1,1,1592210,510360,2,20201029,112021550,1.607000,1400,2249.800000,-,-,B,2828879,2736284
1,1,1592269,510360,2,20201029,112021970,1.607000,800,1285.600000,-,-,B,2828975,2736284
1,1,1592270,510360,2,20201029,112021970,1.607000,600,964.200000,-,-,B,2828975,2794306
1,1,1592411,510360,2,20201029,112022460,1.607000,1400,2249.800000,-,-,B,2829092,2794306
1,1,1592434,510360,2,20201029,112022860,1.607000,1400,2249.800000,-,-,B,2829176,2794306
1,1,1592471,510360,2,20201029,112023230,1.607000,1400,2249.800000,-,-,B,2829287,2794306
1,1,1592553,510360,2,20201029,112023650,1.607000,1400,2249.800000,-,-,B,2829441,2794306
1,1,1621457,510360,2,20201029,112403810,1.605000,2200,3531.000000,-,-,S,2645742,2879815
1,1,1631695,510360,2,20201029,112537310,1.605000,118800,190674.000000,-,-,B,2897952,2885616
1,1,1639524,510360,2,20201029,112649360,1.605000,9400,15087.000000,-,-,B,2911244,2885616
1,1,1683389,510360,2,20201029,130058490,1.605000,700,1123.500000,-,-,B,2999850,2933789
1,1,1683390,510360,2,20201029,130058490,1.605000,3000,4815.000000,-,-,B,2999850,2955460
1,1,1683391,510360,2,20201029,130058490,1.605000,6300,10111.500000,-,-,B,2999850,2988475
1,1,1689511,510360,2,20201029,130107410,1.603000,50000,80150.000000,-,-,S,2997876,3007033
1,1,1698003,510360,2,20201029,130119380,1.601000,10000,16010.000000,-,-,S,2516948,3017343
1,1,1698004,510360,2,20201029,130119380,1.601000,5000,8005.000000,-,-,S,2946391,3017343
1,1,1730123,510360,2,20201029,130513850,1.600000,3400,5440.000000,-,-,S,2506235,3075669
1,1,1730546,510360,2,20201029,130517690,1.602000,1200,1922.400000,-,-,B,3076475,3010422
1,1,1763787,510360,2,20201029,131007020,1.602000,15000,24030.000000,-,-,B,3137190,3083210
1,1,1789401,510360,2,20201029,131257450,1.606000,600000,963600.000000,-,-,B,3182081,3137191
1,1,1789502,510360,2,20201029,131257930,1.606000,300000,481800.000000,-,-,S,3182081,3182231
1,1,1791650,510360,2,20201029,131314440,1.606000,1200,1927.200000,-,-,B,3186247,3182682
1,1,1797156,510360,2,20201029,131354020,1.607000,4200,6749.400000,-,-,B,3195223,2794306
1,1,1797157,510360,2,20201029,131354020,1.607000,700,1124.900000,-,-,B,3195223,2841242
1,1,1797158,510360,2,20201029,131354020,1.607000,700,1124.900000,-,-,B,3195223,2935141
1,1,1797159,510360,2,20201029,131354020,1.607000,600,964.200000,-,-,B,3195223,3085551
1,1,1797160,510360,2,20201029,131354020,1.607000,600000,964200.000000,-,-,B,3195223,3175735
1,1,1797612,510360,2,20201029,131357000,1.606000,292600,469915.600000,-,-,S,3195481,3195968
1,1,1797823,510360,2,20201029,131358440,1.606000,607400,975484.400000,-,-,B,3196340,3195968
1,1,1797824,510360,2,20201029,131358440,1.606000,292600,469915.600000,-,-,B,3196340,3195969
1,1,1798982,510360,2,20201029,131406960,1.606000,607400,975484.400000,-,-,B,3198333,3195969
1,1,1798983,510360,2,20201029,131406960,1.606000,200000,321200.000000,-,-,B,3198333,3195970
1,1,1835556,510360,2,20201029,131914750,1.606000,1800,2890.800000,-,-,B,3263964,3223675
1,1,1835557,510360,2,20201029,131914750,1.606000,20000,32120.000000,-,-,B,3263964,3237430
1,1,1840284,510360,2,20201029,131946120,1.607000,50000,80350.000000,-,-,B,3271082,3208479
1,1,1840375,510360,2,20201029,131946720,1.607000,50000,80350.000000,-,-,B,3271189,3208479
1,1,1840470,510360,2,20201029,131947470,1.607000,50000,80350.000000,-,-,B,3271333,3208479
1,1,1840538,510360,2,20201029,131948240,1.607000,50000,80350.000000,-,-,B,3271470,3208479
1,1,1840664,510360,2,20201029,131948950,1.607000,50000,80350.000000,-,-,B,3271648,3208479
1,1,1840799,510360,2,20201029,131950170,1.607000,50000,80350.000000,-,-,B,3271880,3208479
1,1,1840900,510360,2,20201029,131951310,1.607000,50000,80350.000000,-,-,B,3272087,3208479
1,1,1841073,510360,2,20201029,131951920,1.607000,50000,80350.000000,-,-,B,3272221,3208479
1,1,1845500,510360,2,20201029,132013500,1.607000,500000,803500.000000,-,-,B,3279577,3208479
1,1,1845501,510360,2,20201029,132013500,1.607000,400000,642800.000000,-,-,B,3279577,3208480
1,1,1845689,510360,2,20201029,132014950,1.607000,500000,803500.000000,-,-,B,3279949,3208480
1,1,1845690,510360,2,20201029,132014950,1.607000,200000,321400.000000,-,-,B,3279949,3208481
1,1,1917936,510360,2,20201029,132857830,1.605000,4000,6420.000000,-,-,B,3403207,3402381
1,1,1960080,510360,2,20201029,133356380,1.605000,200,321.000000,-,-,S,3472806,3475356
1,1,1966665,510360,2,20201029,133444490,1.606000,19400,31156.400000,-,-,S,3484263,3485633
1,1,1982882,510360,2,20201029,133642440,1.606000,5000,8030.000000,-,-,S,3503146,3512083
1,1,1988536,510360,2,20201029,133726550,1.607000,200,321.400000,-,-,B,3520869,3378502
1,1,1988537,510360,2,20201029,133726550,1.607000,700,1124.900000,-,-,B,3520869,3445861
1,1,1993346,510360,2,20201029,133758250,1.607000,35400,56887.800000,-,-,B,3527379,3523368
1,1,1997492,510360,2,20201029,133813000,1.608000,180600,290404.800000,-,-,B,3532253,3308061
1,1,1998272,510360,2,20201029,133816260,1.608000,200000,321600.000000,-,-,B,3533510,3308061
1,1,1998370,510360,2,20201029,133816660,1.608000,200000,321600.000000,-,-,B,3533638,3308061
1,1,1998637,510360,2,20201029,133817320,1.608000,200000,321600.000000,-,-,B,3533836,3308061
1,1,1998690,510360,2,20201029,133817720,1.608000,119400,191995.200000,-,-,B,3533931,3308061
1,1,1998691,510360,2,20201029,133817720,1.608000,80600,129604.800000,-,-,B,3533931,3308062
1,1,1998771,510360,2,20201029,133818270,1.608000,200000,321600.000000,-,-,B,3534130,3308062
1,1,1998935,510360,2,20201029,133818830,1.608000,200000,321600.000000,-,-,B,3534412,3308062
1,1,1999042,510360,2,20201029,133819250,1.608000,200000,321600.000000,-,-,B,3534606,3308062
1,1,1999152,510360,2,20201029,133819820,1.608000,200000,321600.000000,-,-,B,3534756,3308062
1,1,1999758,510360,2,20201029,133822310,1.608000,19400,31195.200000,-,-,B,3535636,3308062
1,1,1999759,510360,2,20201029,133822310,1.608000,180600,290404.800000,-,-,B,3535636,3308063
1,1,1999793,510360,2,20201029,133822570,1.608000,19400,31195.200000,-,-,B,3535709,3308063
1,1,2001726,510360,2,20201029,133830910,1.608000,100,160.800000,-,-,S,3535893,3538269
1,1,2008730,510360,2,20201029,133907010,1.609000,4200,6757.800000,-,-,B,3549024,3411662
1,1,2008731,510360,2,20201029,133907010,1.609000,100,160.900000,-,-,B,3549024,3540289
1,1,2015853,510360,2,20201029,133948570,1.609000,100,160.900000,-,-,S,3550582,3560838
1,1,2022123,510360,2,20201029,134012820,1.610000,300,483.000000,-,-,B,3569334,1196089
1,1,2022124,510360,2,20201029,134012820,1.610000,1000,1610.000000,-,-,B,3569334,2491693
1,1,2022125,510360,2,20201029,134012820,1.610000,5000,8050.000000,-,-,B,3569334,2674913
1,1,2022126,510360,2,20201029,134012820,1.610000,500,805.000000,-,-,B,3569334,2741763
1,1,2022127,510360,2,20201029,134012820,1.610000,2500,4025.000000,-,-,B,3569334,3151340
1,1,2022128,510360,2,20201029,134012820,1.610000,500,805.000000,-,-,B,3569334,3418522
1,1,2022129,510360,2,20201029,134012820,1.610000,100,161.000000,-,-,B,3569334,3542152
1,1,2023968,510360,2,20201029,134018810,1.610000,100,161.000000,-,-,B,3571788,3571465
1,1,2027121,510360,2,20201029,134030760,1.610000,100,161.000000,-,-,S,3571788,3576236
1,1,2034580,510360,2,20201029,134104360,1.611000,200,322.200000,-,-,B,3588346,1803013
1,1,2040978,510360,2,20201029,134134430,1.611000,300,483.300000,-,-,B,3598927,1803013
1,1,2040979,510360,2,20201029,134134430,1.611000,300,483.300000,-,-,B,3598927,2558347
1,1,2057637,510360,2,20201029,134316290,1.609000,18600,29927.400000,-,-,S,3550582,3627914
1,1,2061984,510360,2,20201029,134346090,1.609000,19800,31858.200000,-,-,S,3550582,3635526
1,1,2066320,510360,2,20201029,134416150,1.608000,11900,19135.200000,-,-,S,3608697,3643413
1,1,2068009,510360,2,20201029,134428770,1.610000,100,161.000000,-,-,B,3646508,3610693
1,1,2070473,510360,2,20201029,134446000,1.608000,24400,39235.200000,-,-,S,3608697,3650468
1,1,2075698,510360,2,20201029,134516000,1.609000,22200,35719.800000,-,-,S,3654090,3658121
1,1,2079994,510360,2,20201029,134546860,1.609000,13200,21238.800000,-,-,S,3654090,3665883
1,1,2084136,510360,2,20201029,134616790,1.609000,10300,16572.700000,-,-,S,3654090,3673078
1,1,2088187,510360,2,20201029,134646670,1.609000,16100,25904.900000,-,-,S,3654090,3680651
1,1,2091833,510360,2,20201029,134716660,1.608000,19000,30552.000000,-,-,S,3608697,3687271
1,1,2095248,510360,2,20201029,134746530,1.608000,12500,20100.000000,-,-,S,3608697,3693448
1,1,2099192,510360,2,20201029,134816580,1.608000,11800,18974.400000,-,-,S,3608697,3700593
1,1,2102900,510360,2,20201029,134846440,1.608000,10300,16562.400000,-,-,S,3608697,3706848
1,1,2109518,510360,2,20201029,134939230,1.608000,24300,39074.400000,-,-,B,3717949,3713411
1,1,2110658,510360,2,20201029,134946450,1.608000,10000,16080.000000,-,-,S,3717949,3719343
1,1,2115625,510360,2,20201029,135016320,1.608000,15700,25245.600000,-,-,S,3717949,3727243
1,1,2115626,510360,2,20201029,135016320,1.608000,7300,11738.400000,-,-,S,3724504,3727243
1,1,2121502,510360,2,20201029,135046100,1.608000,16900,27175.200000,-,-,S,3724504,3736076
1,1,2126317,510360,2,20201029,135116200,1.608000,8600,13828.800000,-,-,S,3724504,3743340
1,1,2130491,510360,2,20201029,135145990,1.608000,17200,27657.600000,-,-,S,3724504,3749972
1,1,2130492,510360,2,20201029,135145990,1.608000,7400,11899.200000,-,-,S,3726797,3749972
1,1,2130929,510360,2,20201029,135148740,1.608000,100,160.800000,-,-,S,3726797,3750654
1,1,2134604,510360,2,20201029,135216010,1.608000,11600,18652.800000,-,-,S,3726797,3756646
1,1,2137106,510360,2,20201029,135228510,1.609000,2000,3218.000000,-,-,S,3758048,3759673
1,1,2140030,510360,2,20201029,135246910,1.608000,13300,21386.400000,-,-,S,3726797,3763951
1,1,2144982,510360,2,20201029,135316890,1.609000,20900,33628.100000,-,-,S,3768508,3771405
1,1,2146461,510360,2,20201029,135328340,1.609000,1000,1609.000000,-,-,S,3768508,3774102
1,1,2148724,510360,2,20201029,135346730,1.609000,17900,28801.100000,-,-,S,3768508,3778049
1,1,2154454,510360,2,20201029,135416770,1.609000,10200,16411.800000,-,-,S,3768508,3785824
1,1,2154455,510360,2,20201029,135416770,1.609000,5000,8045.000000,-,-,S,3770001,3785824
1,1,2158292,510360,2,20201029,135446620,1.609000,9000,14481.000000,-,-,S,3770001,3792816
1,1,2162502,510360,2,20201029,135516710,1.609000,20400,32823.600000,-,-,S,3770001,3800658
1,1,2167014,510360,2,20201029,135546480,1.609000,14100,22686.900000,-,-,S,3770001,3807818
1,1,2170409,510360,2,20201029,135608880,1.609000,100,160.900000,-,-,S,3770001,3813357
1,1,2171336,510360,2,20201029,135616510,1.609000,20400,32823.600000,-,-,S,3770001,3815097
1,1,2173260,510360,2,20201029,135631470,1.610000,1400,2254.000000,-,-,B,3818429,3643104
1,1,2173261,510360,2,20201029,135631470,1.610000,500,805.000000,-,-,B,3818429,3652182
1,1,2173262,510360,2,20201029,135631470,1.610000,300,483.000000,-,-,B,3818429,3726015
1,1,2173263,510360,2,20201029,135631470,1.610000,1200,1932.000000,-,-,B,3818429,3795211
1,1,2175517,510360,2,20201029,135646340,1.610000,16700,26887.000000,-,-,S,3818429,3821938
1,1,2179500,510360,2,20201029,135716390,1.610000,8400,13524.000000,-,-,S,3818429,3828778
1,1,2182694,510360,2,20201029,135746250,1.610000,17200,27692.000000,-,-,S,3818429,3835250
1,1,2186057,510360,2,20201029,135816220,1.610000,15000,24150.000000,-,-,S,3818429,3841643
1,1,2187063,510360,2,20201029,135824530,1.610000,2800,4508.000000,-,-,S,3818429,3843225
1,1,2189440,510360,2,20201029,135847080,1.610000,16700,26887.000000,-,-,S,3818429,3847633
1,1,2191107,510360,2,20201029,135859430,1.611000,500,805.500000,-,-,B,3850274,2558347
1,1,2191710,510360,2,20201029,135902500,1.611000,9200,14821.200000,-,-,B,3851071,2558347
1,1,2191711,510360,2,20201029,135902500,1.611000,100000,161100.000000,-,-,B,3851071,3562096
1,1,2191712,510360,2,20201029,135902500,1.611000,90800,146278.800000,-,-,B,3851071,3562097
1,1,2191753,510360,2,20201029,135902870,1.611000,100000,161100.000000,-,-,B,3851135,3562097
1,1,2191835,510360,2,20201029,135903510,1.611000,200000,322200.000000,-,-,B,3851284,3562097
1,1,2193418,510360,2,20201029,135917120,1.610000,8300,13363.000000,-,-,S,3818429,3854163
1,1,2195399,510360,2,20201029,135932120,1.611000,200000,322200.000000,-,-,B,3857339,3562097
1,1,2195871,510360,2,20201029,135935890,1.611000,200000,322200.000000,-,-,B,3858084,3562097
1,1,2195899,510360,2,20201029,135936120,1.611000,109200,175921.200000,-,-,B,3858126,3562097
1,1,2195900,510360,2,20201029,135936120,1.611000,1200,1933.200000,-,-,B,3858126,3590177
1,1,2195901,510360,2,20201029,135936120,1.611000,100,161.100000,-,-,B,3858126,3594980
1,1,2195902,510360,2,20201029,135936120,1.611000,100,161.100000,-,-,B,3858126,3613441
1,1,2195903,510360,2,20201029,135936120,1.611000,80000,128880.000000,-,-,B,3858126,3635405
1,1,2197153,510360,2,20201029,135947110,1.611000,9400,15143.400000,-,-,S,3858126,3860377
1,1,2198551,510360,2,20201029,135958700,1.611000,2800,4510.800000,-,-,B,3862636,3860377
1,1,2200785,510360,2,20201029,140009660,1.612000,100,161.200000,-,-,B,3866241,3221733
1,1,2200786,510360,2,20201029,140009660,1.612000,100,161.200000,-,-,B,3866241,3615723
1,1,2202228,510360,2,20201029,140017120,1.612000,200,322.400000,-,-,S,3866241,3868596
1,1,2202229,510360,2,20201029,140017120,1.612000,400,644.800000,-,-,S,3868156,3868596
1,1,2209509,510360,2,20201029,140046860,1.610000,16600,26726.000000,-,-,S,3818429,3879612
1,1,2209684,510360,2,20201029,140048330,1.613000,100,161.300000,-,-,B,3879935,2743935
1,1,2211127,510360,2,20201029,140059290,1.612000,600,967.200000,-,-,B,3882631,3881188
1,1,2211128,510360,2,20201029,140059290,1.613000,400,645.200000,-,-,B,3882631,2743935
1,1,2211129,510360,2,20201029,140059290,1.613000,2100,3387.300000,-,-,B,3882631,2948414
1,1,2213512,510360,2,20201029,140117020,1.610000,18700,30107.000000,-,-,S,3818429,3887009
1,1,2213917,510360,2,20201029,140120440,1.613000,400,645.200000,-,-,B,3887786,2948414
1,1,2217196,510360,2,20201029,140146750,1.610000,14600,23506.000000,-,-,S,3818429,3893771
1,1,2221260,510360,2,20201029,140216780,1.610000,14400,23184.000000,-,-,S,3818429,3900621
1,1,2223433,510360,2,20201029,140235460,1.610000,100,161.000000,-,-,S,3818429,3904678
1,1,2224906,510360,2,20201029,140246630,1.610000,18200,29302.000000,-,-,S,3818429,3907247
1,1,2226193,510360,2,20201029,140256640,1.613000,500,806.500000,-,-,B,3909487,2948414
1,1,2228701,510360,2,20201029,140314820,1.613000,200,322.600000,-,-,B,3913516,2948414
1,1,2228926,510360,2,20201029,140316640,1.611000,9800,15787.800000,-,-,S,3911687,3913916
1,1,2230552,510360,2,20201029,140327030,1.611000,200,322.200000,-,-,S,3911687,3916490
1,1,2231995,510360,2,20201029,140337110,1.613000,1800,2903.400000,-,-,B,3918985,2948414
1,1,2231996,510360,2,20201029,140337110,1.613000,4200,6774.600000,-,-,B,3918985,3838569
1,1,2233555,510360,2,20201029,140346390,1.611000,22100,35603.100000,-,-,S,3911687,3921358
1,1,2238007,510360,2,20201029,140416480,1.611000,23600,38019.600000,-,-,S,3911687,3928517
1,1,2244157,510360,2,20201029,140447260,1.611000,21700,34958.700000,-,-,S,3911687,3935895
1,1,2246590,510360,2,20201029,140503530,1.612000,100,161.200000,-,-,B,3939803,3926672
1,1,2246591,510360,2,20201029,140503530,1.612000,200,322.400000,-,-,B,3939803,3939776
1,1,2249392,510360,2,20201029,140517380,1.611000,10800,17398.800000,-,-,S,3911687,3943227
1,1,2251502,510360,2,20201029,140531960,1.612000,100,161.200000,-,-,B,3946609,3945454
1,1,2253699,510360,2,20201029,140547260,1.612000,10600,17087.200000,-,-,S,3947867,3950403
1,1,2255280,510360,2,20201029,140558240,1.612000,100,161.200000,-,-,S,3947867,3953052
1,1,2257388,510360,2,20201029,140610220,1.612000,200,322.400000,-,-,S,3947867,3956285
1,1,2258612,510360,2,20201029,140617200,1.612000,10700,17248.400000,-,-,S,3947867,3958184
1,1,2261108,510360,2,20201029,140631760,1.613000,400,645.200000,-,-,B,3962193,3838569
1,1,2263130,510360,2,20201029,140646920,1.611000,20600,33186.600000,-,-,S,3911687,3966083
1,1,2265756,510360,2,20201029,140706790,1.613000,500,806.500000,-,-,B,3970888,3838569
1,1,2266459,510360,2,20201029,140711860,1.613000,400,645.200000,-,-,B,3972157,3838569
1,1,2267219,510360,2,20201029,140716980,1.611000,22600,36408.600000,-,-,S,3911687,3973434
1,1,2268088,510360,2,20201029,140723110,1.613000,400,645.200000,-,-,B,3974955,3838569
1,1,2271379,510360,2,20201029,140746770,1.613000,300,483.900000,-,-,B,3980231,3838569
1,1,2271385,510360,2,20201029,140746840,1.611000,18900,30447.900000,-,-,S,3911687,3980245
1,1,2271790,510360,2,20201029,140750070,1.613000,300,483.900000,-,-,B,3980939,3838569
1,1,2273803,510360,2,20201029,140807460,1.613000,500,806.500000,-,-,B,3984625,3838569
1,1,2275011,510360,2,20201029,140816840,1.611000,10100,16271.100000,-,-,S,3911687,3986492
1,1,2277260,510360,2,20201029,140835650,1.613000,400,645.200000,-,-,B,3990388,3838569
1,1,2278425,510360,2,20201029,140844630,1.613000,300,483.900000,-,-,B,3992147,3838569
1,1,2278647,510360,2,20201029,140846720,1.611000,11600,18687.600000,-,-,S,3911687,3992555
1,1,2282832,510360,2,20201029,140916770,1.611000,21800,35119.800000,-,-,S,3911687,3999381
1,1,2286328,510360,2,20201029,140936350,1.613000,200,322.600000,-,-,B,4004752,3838569
1,1,2288234,510360,2,20201029,140946710,1.612000,100,161.200000,-,-,S,3999751,4007597
1,1,2288235,510360,2,20201029,140946710,1.612000,13300,21439.600000,-,-,S,4006177,4007597
1,1,2294067,510360,2,20201029,141016660,1.612000,17200,27726.400000,-,-,S,4006177,4016526
1,1,2298239,510360,2,20201029,141032540,1.613000,2500,4032.500000,-,-,B,4022102,3838569
1,1,2298240,510360,2,20201029,141032540,1.613000,200,322.600000,-,-,B,4022102,3862530
1,1,2298241,510360,2,20201029,141032540,1.613000,100,161.300000,-,-,B,4022102,3880652
1,1,2298242,510360,2,20201029,141032540,1.613000,71300,115006.900000,-,-,B,4022102,3914788
1,1,2298243,510360,2,20201029,141032540,1.613000,100,161.300000,-,-,B,4022102,3932394
1,1,2298244,510360,2,20201029,141032540,1.613000,8000,12904.000000,-,-,B,4022102,3979943
1,1,2302552,510360,2,20201029,141046550,1.613000,13600,21936.800000,-,-,S,4022102,4027043
1,1,2303877,510360,2,20201029,141051950,1.614000,100,161.400000,-,-,B,4028795,3934267
1,1,2303878,510360,2,20201029,141051950,1.614000,5900,9522.600000,-,-,B,4028795,3968543
1,1,2304030,510360,2,20201029,141052480,1.614000,200000,322800.000000,-,-,B,4029027,3968543
1,1,2304057,510360,2,20201029,141052560,1.613000,1000,1613.000000,-,-,S,4022102,4029059
1,1,2304124,510360,2,20201029,141052930,1.614000,200000,322800.000000,-,-,B,4029153,3968543
1,1,2304239,510360,2,20201029,141053510,1.614000,200000,322800.000000,-,-,B,4029307,3968543
1,1,2304465,510360,2,20201029,141054540,1.614000,200000,322800.000000,-,-,B,4029537,3968543
1,1,2304627,510360,2,20201029,141054980,1.614000,94100,151877.400000,-,-,B,4029700,3968543
1,1,2304628,510360,2,20201029,141054980,1.614000,100000,161400.000000,-,-,B,4029700,3968544
1,1,2306029,510360,2,20201029,141059280,1.614000,100,161.400000,-,-,S,4029700,4031132
1,1,2307470,510360,2,20201029,141103630,1.615000,100,161.500000,-,-,B,4032706,1197221
1,1,2310484,510360,2,20201029,141116500,1.614000,5800,9361.200000,-,-,S,4029700,4037079
1,1,2310485,510360,2,20201029,141116500,1.614000,14000,22596.000000,-,-,S,4029866,4037079
1,1,2316481,510360,2,20201029,141147310,1.614000,11100,17915.400000,-,-,S,4029866,4046218
1,1,2319974,510360,2,20201029,141203000,1.615000,200,323.000000,-,-,B,4051064,1197221
1,1,2319975,510360,2,20201029,141203000,1.615000,2000,3230.000000,-,-,B,4051064,2714394
1,1,2319976,510360,2,20201029,141203000,1.615000,500,807.500000,-,-,B,4051064,2764198
1,1,2319977,510360,2,20201029,141203000,1.615000,500,807.500000,-,-,B,4051064,3579973
1,1,2323208,510360,2,20201029,141217320,1.615000,8400,13566.000000,-,-,S,4054652,4055277
1,1,2327642,510360,2,20201029,141240210,1.615000,10100,16311.500000,-,-,B,4062244,4061577
1,1,2329124,510360,2,20201029,141247170,1.614000,21400,34539.600000,-,-,S,4029866,4064523
1,1,2329858,510360,2,20201029,141251260,1.616000,100,161.600000,-,-,B,4065816,2746113
1,1,2330877,510360,2,20201029,141256810,1.614000,100,161.400000,-,-,S,4029866,4067391
1,1,2334063,510360,2,20201029,141317170,1.614000,8500,13719.000000,-,-,S,4029866,4073022
1,1,2337477,510360,2,20201029,141338660,1.615000,1800,2907.000000,-,-,B,4078915,4065817
1,1,2338832,510360,2,20201029,141347150,1.615000,18100,29231.500000,-,-,S,4081119,4081164
1,1,2343282,510360,2,20201029,141417220,1.615000,24700,39890.500000,-,-,S,4081119,4088963
1,1,2344493,510360,2,20201029,141425460,1.615000,200,323.000000,-,-,S,4081119,4090939
1,1,2347707,510360,2,20201029,141447270,1.615000,11000,17765.000000,-,-,S,4081119,4096229
1,1,2348348,510360,2,20201029,141452090,1.616000,400,646.400000,-,-,B,4097369,2746113
1,1,2348349,510360,2,20201029,141452090,1.616000,400,646.400000,-,-,B,4097369,3966228
1,1,2351687,510360,2,20201029,141514270,1.616000,3400,5494.400000,-,-,S,4097369,4102717
1,1,2355730,510360,2,20201029,141540130,1.616000,100,161.600000,-,-,S,4097369,4109703
1,1,2364382,510360,2,20201029,141637450,1.616000,5000,8080.000000,-,-,S,4097369,4124901
1,1,2366578,510360,2,20201029,141653130,1.616000,100,161.600000,-,-,S,4097369,4128497
1,1,2368562,510360,2,20201029,141710790,1.616000,5000,8080.000000,-,-,S,4097369,4132474
1,1,2371007,510360,2,20201029,141730420,1.616000,100,161.600000,-,-,S,4097369,4137262
1,1,2376854,510360,2,20201029,141819370,1.616000,3700,5979.200000,-,-,S,4097369,4147988
1,1,2392990,510360,2,20201029,142016970,1.616000,3000,4848.000000,-,-,S,4097369,4175292
1,1,2407252,510360,2,20201029,142146080,1.616000,100,161.600000,-,-,S,4097369,4197403
1,1,2425217,510360,2,20201029,142306200,1.617000,100,161.700000,-,-,B,4220635,4199544
1,1,2432488,510360,2,20201029,142345570,1.618000,500,809.000000,-,-,B,4232537,4090057
1,1,2436786,510360,2,20201029,142410210,1.618000,100,161.800000,-,-,S,4232537,4239527
1,1,2446691,510360,2,20201029,142512860,1.619000,500,809.500000,-,-,B,4255738,3229361
1,1,2446692,510360,2,20201029,142512860,1.619000,3600,5828.400000,-,-,B,4255738,4201920
1,1,2458036,510360,2,20201029,142612100,1.617000,200,323.400000,-,-,S,4253564,4272914
1,1,2489792,510360,2,20201029,142924480,1.618000,100,161.800000,-,-,B,4324580,4301219
1,1,2494610,510360,2,20201029,143000500,1.618000,600,970.800000,-,-,B,4333204,4301219
1,1,2494832,510360,2,20201029,143001740,1.617000,30000,48510.000000,-,-,S,4284996,4333570
1,1,2506082,510360,2,20201029,143102000,1.615000,1000,1615.000000,-,-,S,4325287,4351818
1,1,2506083,510360,2,20201029,143102000,1.615000,100,161.500000,-,-,S,4342587,4351818
1,1,2517956,510360,2,20201029,143211970,1.616000,2000,3232.000000,-,-,B,4370649,4370642
1,1,2517957,510360,2,20201029,143211970,1.617000,3400,5497.800000,-,-,B,4370649,4333570
1,1,2521275,510360,2,20201029,143232730,1.614000,300,484.200000,-,-,S,4313041,4375733
1,1,2521861,510360,2,20201029,143236880,1.614000,100,161.400000,-,-,S,4313041,4376673
1,1,2533446,510360,2,20201029,143349230,1.615000,5300,8559.500000,-,-,S,4381519,4395182
1,1,2541608,510360,2,20201029,143439340,1.615000,2000,3230.000000,-,-,S,4381519,4408049
1,1,2549786,510360,2,20201029,143529630,1.615000,2000,3230.000000,-,-,S,4381519,4421447
1,1,2550233,510360,2,20201029,143532220,1.615000,100,161.500000,-,-,S,4381519,4422102
1,1,2554976,510360,2,20201029,143604090,1.615000,1000,1615.000000,-,-,S,4381519,4430046
1,1,2555760,510360,2,20201029,143609490,1.615000,400,646.000000,-,-,S,4381519,4431401
1,1,2557679,510360,2,20201029,143619070,1.615000,300,484.500000,-,-,S,4381519,4433945
1,1,2560342,510360,2,20201029,143632840,1.615000,200,323.000000,-,-,S,4381519,4437904
1,1,2568264,510360,2,20201029,143703290,1.615000,2000,3230.000000,-,-,S,4381519,4448643
1,1,2613050,510360,2,20201029,144116670,1.615000,10000,16150.000000,-,-,S,4381519,4519646
1,1,2620158,510360,2,20201029,144156580,1.615000,16000,25840.000000,-,-,S,4381519,4530579
1,1,2629622,510360,2,20201029,144249070,1.615000,300,484.500000,-,-,S,4381519,4545154
1,1,2634544,510360,2,20201029,144319790,1.615000,400,646.000000,-,-,S,4381519,4553205
1,1,2636992,510360,2,20201029,144333430,1.616000,3000,4848.000000,-,-,B,4556713,4494258
1,1,2636993,510360,2,20201029,144333430,1.616000,100,161.600000,-,-,B,4556713,4530010
1,1,2643447,510360,2,20201029,144410250,1.617000,39600,64033.200000,-,-,B,4566383,4333570
1,1,2649958,510360,2,20201029,144447850,1.617000,55700,90066.900000,-,-,B,4575936,4333570
1,1,2659881,510360,2,20201029,144534240,1.615000,3000,4845.000000,-,-,S,4381519,4591316
1,1,2664854,510360,2,20201029,144558200,1.615000,11900,19218.500000,-,-,S,4381519,4598879
1,1,2671665,510360,2,20201029,144632070,1.615000,10000,16150.000000,-,-,S,4381519,4609157
1,1,2682995,510360,2,20201029,144732550,1.615000,2000,3230.000000,-,-,S,4381519,4626389
1,1,2690381,510360,2,20201029,144810280,1.615000,100,161.500000,-,-,S,4381519,4636782
1,1,2691333,510360,2,20201029,144814950,1.615000,200,323.000000,-,-,S,4381519,4638136
1,1,2698072,510360,2,20201029,144851290,1.617000,700,1131.900000,-,-,B,4648085,4333570
1,1,2700468,510360,2,20201029,144903150,1.617000,400,646.800000,-,-,B,4651399,4333570
1,1,2700959,510360,2,20201029,144905080,1.617000,1000,1617.000000,-,-,B,4652127,4333570
1,1,2702089,510360,2,20201029,144911090,1.615000,1000,1615.000000,-,-,S,4381519,4654039
1,1,2711348,510360,2,20201029,144958200,1.615000,200,323.000000,-,-,S,4381519,4667430
1,1,2724095,510360,2,20201029,145040130,1.615000,200,323.000000,-,-,S,4654815,4686266
1,1,2780520,510360,2,20201029,145426970,1.614000,100,161.400000,-,-,S,4365650,4766994
1,1,2782819,510360,2,20201029,145436450,1.614000,400,645.600000,-,-,S,4365650,4770413
1,1,2782820,510360,2,20201029,145436450,1.614000,3000,4842.000000,-,-,S,4407410,4770413
1,1,2793636,510360,2,20201029,145511480,1.613000,300,483.900000,-,-,S,4040490,4785875
1,1,2802471,510360,2,20201029,145541450,1.611000,500,805.500000,-,-,S,4789635,4797904
1,1,2802472,510360,2,20201029,145541450,1.611000,21500,34636.500000,-,-,S,4794586,4797904
1,1,2817185,510360,2,20201029,145636260,1.613000,1700,2742.100000,-,-,B,4817639,4785875
1,1,2817186,510360,2,20201029,145636260,1.614000,5300,8554.200000,-,-,B,4817639,4795614
1,1,2823453,510360,2,20201029,145721570,1.610000,100,161.000000,-,-,S,4029996,4830171
1,1,2823454,510360,2,20201029,145721570,1.610000,3400,5474.000000,-,-,S,4416937,4830171
1,1,2824376,510360,2,20201029,145838760,1.611000,300,483.300000,-,-,S,4837990,4844782
1,1,2824748,510360,2,20201029,145911810,1.611000,1200,1933.200000,-,-,S,4837990,4849971
1,1,2824935,510360,2,20201029,145921470,1.614000,7200,11620.800000,-,-,B,4851513,4795614
