Datetime,Price,Volume
2020-10-26 09:25:00.720,3.38,4000
2020-10-26 09:25:00.720,3.38,10000
2020-10-26 09:25:00.720,3.38,700
2020-10-26 09:25:00.720,3.38,100
2020-10-26 09:25:00.720,3.38,100
2020-10-26 09:25:00.720,3.38,3800
2020-10-26 09:25:00.720,3.38,3900
2020-10-26 09:25:00.720,3.38,3300
2020-10-26 09:25:00.720,3.38,1800
2020-10-26 09:25:00.720,3.38,10000
2020-10-26 09:25:00.720,3.38,20000
2020-10-26 09:25:00.720,3.38,30000
2020-10-26 09:25:00.720,3.38,12300
2020-10-26 09:25:00.720,3.38,6000
2020-10-26 09:25:00.720,3.38,6300
2020-10-26 09:25:00.720,3.38,1000
2020-10-26 09:25:00.720,3.38,3000
2020-10-26 09:25:00.720,3.38,1000
2020-10-26 09:25:00.720,3.38,2200
2020-10-26 09:25:00.720,3.38,4000
2020-10-26 09:25:00.720,3.38,33100
2020-10-26 09:25:00.720,3.38,50000
2020-10-26 09:25:00.720,3.38,50000
2020-10-26 09:25:00.720,3.38,90000
2020-10-26 09:25:00.720,3.38,100
2020-10-26 09:25:00.720,3.38,3000
2020-10-26 09:25:00.720,3.38,500
2020-10-26 09:25:00.720,3.38,60000
2020-10-26 09:25:00.720,3.38,100
2020-10-26 09:25:00.720,3.38,116500
2020-10-26 09:25:00.720,3.38,60000
2020-10-26 09:25:00.720,3.38,100
2020-10-26 09:25:00.720,3.38,1400
2020-10-26 09:25:00.720,3.38,6700
2020-10-26 09:25:00.720,3.38,100
2020-10-26 09:25:00.720,3.38,3500
2020-10-26 09:25:00.720,3.38,100
2020-10-26 09:25:00.720,3.38,800
2020-10-26 09:25:00.720,3.38,60000
2020-10-26 09:25:00.720,3.38,100
2020-10-26 09:25:00.720,3.38,10000
2020-10-26 09:25:00.720,3.38,292400
2020-10-26 09:25:00.720,3.38,5000
2020-10-26 09:25:00.720,3.38,3000
2020-10-26 09:25:00.720,3.38,1000
2020-10-26 09:25:00.720,3.38,400
2020-10-26 09:25:00.720,3.38,400
2020-10-26 09:25:00.720,3.38,1000
2020-10-26 09:25:00.720,3.38,9200
2020-10-26 09:25:00.720,3.38,5700
2020-10-26 09:25:00.720,3.38,4300
2020-10-26 09:25:00.720,3.38,1000
2020-10-26 09:25:00.720,3.38,500
2020-10-26 09:25:00.720,3.38,1000
2020-10-26 09:25:00.720,3.38,2500
2020-10-26 09:25:00.720,3.38,5200
2020-10-26 09:25:00.720,3.38,34400
2020-10-26 09:25:00.720,3.38,60400
2020-10-26 09:25:00.720,3.38,200
2020-10-26 09:25:00.720,3.38,100
2020-10-26 09:25:00.720,3.38,1000
2020-10-26 09:25:00.720,3.38,60000
2020-10-26 09:25:00.720,3.38,100
2020-10-26 09:25:00.720,3.38,5000
2020-10-26 09:25:00.720,3.38,300
2020-10-26 09:25:00.720,3.38,900
2020-10-26 09:25:00.720,3.38,5000
2020-10-26 09:25:00.720,3.38,100
2020-10-26 09:25:00.720,3.38,46000
2020-10-26 09:25:00.720,3.38,100
2020-10-26 09:25:00.720,3.38,7000
2020-10-26 09:25:00.720,3.38,1000
2020-10-26 09:25:00.720,3.38,2900
2020-10-26 09:25:00.720,3.38,100
2020-10-26 09:25:00.720,3.38,100
2020-10-26 09:25:00.720,3.38,100
2020-10-26 09:25:00.720,3.38,100
2020-10-26 09:25:00.720,3.38,100
2020-10-26 09:25:00.720,3.38,1500
2020-10-26 09:25:00.720,3.38,100
2020-10-26 09:25:00.720,3.38,1000
2020-10-26 09:25:00.720,3.38,20000
2020-10-26 09:25:00.720,3.38,20000
2020-10-26 09:25:00.720,3.38,100
2020-10-26 09:25:00.720,3.38,1000
2020-10-26 09:25:00.720,3.38,2000
2020-10-26 09:25:00.720,3.38,100
2020-10-26 09:25:00.720,3.38,30000
2020-10-26 09:25:00.720,3.38,20000
2020-10-26 09:25:00.720,3.38,200
2020-10-26 09:25:00.720,3.38,1000
2020-10-26 09:25:00.720,3.38,100
2020-10-26 09:25:00.720,3.38,100
2020-10-26 09:25:00.720,3.38,100
2020-10-26 09:25:00.720,3.38,3000
2020-10-26 09:25:00.720,3.38,5000
2020-10-26 09:25:00.720,3.38,1100
2020-10-26 09:25:00.720,3.38,32000
2020-10-26 09:25:00.720,3.38,23400
2020-10-26 09:25:00.720,3.38,100
2020-10-26 09:25:00.720,3.38,900
2020-10-26 09:25:00.720,3.38,2000
2020-10-26 09:25:00.720,3.38,23900
2020-10-26 09:25:00.720,3.38,3000
2020-10-26 09:25:00.720,3.38,100
2020-10-26 09:25:00.720,3.38,200
2020-10-26 09:25:00.720,3.38,11700
2020-10-26 09:25:00.720,3.38,100
2020-10-26 09:25:00.720,3.38,100
2020-10-26 09:25:00.720,3.38,100
2020-10-26 09:25:00.720,3.38,100
2020-10-26 09:25:00.720,3.38,300
2020-10-26 09:25:00.720,3.38,44000
2020-10-26 09:25:00.720,3.38,100
2020-10-26 09:25:00.720,3.38,9000
2020-10-26 09:25:00.720,3.38,1300
2020-10-26 09:25:00.720,3.38,15000
2020-10-26 09:25:00.720,3.38,3000
2020-10-26 09:25:00.720,3.38,200
2020-10-26 09:25:00.720,3.38,400
2020-10-26 09:25:00.720,3.38,800
2020-10-26 09:25:00.720,3.38,100
2020-10-26 09:25:00.720,3.38,200
2020-10-26 09:25:00.720,3.38,100
2020-10-26 09:25:00.720,3.38,100
2020-10-26 09:25:00.720,3.38,100
2020-10-26 09:25:00.720,3.38,6000
2020-10-26 09:25:00.720,3.38,100
2020-10-26 09:25:00.720,3.38,300
2020-10-26 09:25:00.720,3.38,800
2020-10-26 09:25:00.720,3.38,100
2020-10-26 09:25:00.720,3.38,20000
2020-10-26 09:25:00.720,3.38,200
2020-10-26 09:25:00.720,3.38,10000
2020-10-26 09:25:00.720,3.38,6500
2020-10-26 09:25:00.720,3.38,4000
2020-10-26 09:25:00.720,3.38,100
2020-10-26 09:25:00.720,3.38,200
2020-10-26 09:25:00.720,3.38,200
2020-10-26 09:25:00.720,3.38,100
2020-10-26 09:25:00.720,3.38,100
2020-10-26 09:25:00.720,3.38,400
2020-10-26 09:25:00.720,3.38,200
2020-10-26 09:25:00.720,3.38,200
2020-10-26 09:25:00.720,3.38,1900
2020-10-26 09:25:00.720,3.38,100
2020-10-26 09:25:00.720,3.38,600
2020-10-26 09:25:00.720,3.38,22100
2020-10-26 09:25:00.720,3.38,288600
2020-10-26 09:25:00.720,3.38,3700
2020-10-26 09:25:00.720,3.38,100
2020-10-26 09:25:00.720,3.38,200
2020-10-26 09:25:00.720,3.38,200
2020-10-26 09:25:00.720,3.38,200
2020-10-26 09:25:00.720,3.38,5600
2020-10-26 09:25:00.720,3.38,100
2020-10-26 09:25:00.720,3.38,300
2020-10-26 09:25:00.720,3.38,200
2020-10-26 09:25:00.720,3.38,200
2020-10-26 09:25:00.720,3.38,5000
2020-10-26 09:25:00.720,3.38,100
2020-10-26 09:25:00.720,3.38,100
2020-10-26 09:25:00.720,3.38,200
2020-10-26 09:25:00.720,3.38,200
2020-10-26 09:25:00.720,3.38,100
2020-10-26 09:25:00.720,3.38,10000
2020-10-26 09:25:00.720,3.38,10000
2020-10-26 09:25:00.720,3.38,100
2020-10-26 09:25:00.720,3.38,600
2020-10-26 09:25:00.720,3.38,10000
2020-10-26 09:25:00.720,3.38,500
2020-10-26 09:25:00.720,3.38,2000
2020-10-26 09:25:00.720,3.38,200
2020-10-26 09:25:00.720,3.38,600
2020-10-26 09:25:00.720,3.38,2500
2020-10-26 09:25:00.720,3.38,2200
2020-10-26 09:25:00.720,3.38,5000
2020-10-26 09:25:00.720,3.38,200
2020-10-26 09:25:00.720,3.38,7400
2020-10-26 09:25:00.720,3.38,42600
2020-10-26 09:25:00.720,3.38,7400
2020-10-26 09:25:00.720,3.38,5000
2020-10-26 09:25:00.720,3.38,1400
2020-10-26 09:25:00.720,3.38,1000
2020-10-26 09:25:00.720,3.38,5100
2020-10-26 09:25:00.720,3.38,100
2020-10-26 09:25:00.720,3.38,6200
2020-10-26 09:25:00.720,3.38,10000
2020-10-26 09:25:00.720,3.38,1000
2020-10-26 09:25:00.720,3.38,100
2020-10-26 09:25:00.720,3.38,100
2020-10-26 09:25:00.720,3.38,300
2020-10-26 09:25:00.720,3.38,100
2020-10-26 09:25:00.720,3.38,500
2020-10-26 09:25:00.720,3.38,100
2020-10-26 09:25:00.720,3.38,1600
2020-10-26 09:25:00.720,3.38,8900
2020-10-26 09:25:00.720,3.38,1000
2020-10-26 09:25:00.720,3.38,200
2020-10-26 09:25:00.720,3.38,1000
2020-10-26 09:25:00.720,3.38,2500
2020-10-26 09:25:00.720,3.38,1900
2020-10-26 09:25:00.720,3.38,100
2020-10-26 09:25:00.720,3.38,10000
2020-10-26 09:25:00.720,3.38,300
2020-10-26 09:25:00.720,3.38,100
2020-10-26 09:25:00.720,3.38,300
2020-10-26 09:25:00.720,3.38,20000
2020-10-26 09:25:00.720,3.38,10000
2020-10-26 09:25:00.720,3.38,6000
2020-10-26 09:25:00.720,3.38,500
2020-10-26 09:25:00.720,3.38,15000
2020-10-26 09:25:00.720,3.38,6000
2020-10-26 09:25:00.720,3.38,10000
2020-10-26 09:25:00.720,3.38,1100
2020-10-26 09:25:00.720,3.38,400
2020-10-26 09:25:00.720,3.38,10000
2020-10-26 09:25:00.720,3.38,100
2020-10-26 09:25:00.720,3.38,1000
2020-10-26 09:25:00.720,3.38,100
2020-10-26 09:25:00.720,3.38,100
2020-10-26 09:25:00.720,3.38,10000
2020-10-26 09:25:00.720,3.38,8000
2020-10-26 09:25:00.720,3.38,100
2020-10-26 09:25:00.720,3.38,200
2020-10-26 09:25:00.720,3.38,100
2020-10-26 09:25:00.720,3.38,100
2020-10-26 09:25:00.720,3.38,100
2020-10-26 09:25:00.720,3.38,5800
2020-10-26 09:25:00.720,3.38,100
2020-10-26 09:25:00.720,3.38,600
2020-10-26 09:25:00.720,3.38,200
2020-10-26 09:25:00.720,3.38,100000
2020-10-26 09:25:00.720,3.38,100
2020-10-26 09:25:00.720,3.38,4000
2020-10-26 09:25:00.720,3.38,200
2020-10-26 09:25:00.720,3.38,800
2020-10-26 09:25:00.720,3.38,400
2020-10-26 09:25:00.720,3.38,1000
2020-10-26 09:25:00.720,3.38,2000
2020-10-26 09:25:00.720,3.38,100
2020-10-26 09:25:00.720,3.38,10000
2020-10-26 09:25:00.720,3.38,500
2020-10-26 09:25:00.720,3.38,200
2020-10-26 09:25:00.720,3.38,2600
2020-10-26 09:25:00.720,3.38,10000
2020-10-26 09:25:00.720,3.38,10000
2020-10-26 09:25:00.720,3.38,10000
2020-10-26 09:25:00.720,3.38,7500
2020-10-26 09:25:00.720,3.38,5000
2020-10-26 09:25:00.720,3.38,2000
2020-10-26 09:25:00.720,3.38,100
2020-10-26 09:25:00.720,3.38,167100
2020-10-26 09:25:00.720,3.38,100
2020-10-26 09:25:00.720,3.38,200
2020-10-26 09:25:00.720,3.38,2900
2020-10-26 09:25:00.720,3.38,2000
2020-10-26 09:25:00.720,3.38,1500
2020-10-26 09:25:00.720,3.38,10000
2020-10-26 09:25:00.720,3.38,100
2020-10-26 09:25:00.720,3.38,200
2020-10-26 09:25:00.720,3.38,9400
2020-10-26 09:25:00.720,3.38,100
2020-10-26 09:25:00.720,3.38,600
2020-10-26 09:25:00.720,3.38,200
2020-10-26 09:25:00.720,3.38,3000
2020-10-26 09:25:00.720,3.38,3000
2020-10-26 09:25:00.720,3.38,400
2020-10-26 09:25:00.720,3.38,12000
2020-10-26 09:25:00.720,3.38,5000
2020-10-26 09:25:00.720,3.38,5000
2020-10-26 09:25:00.720,3.38,100
2020-10-26 09:25:00.720,3.38,1400
2020-10-26 09:25:00.720,3.38,100
2020-10-26 09:25:00.720,3.38,200
2020-10-26 09:25:00.720,3.38,10000
2020-10-26 09:25:00.720,3.38,20000
2020-10-26 09:25:00.720,3.38,300
2020-10-26 09:25:00.720,3.38,14300
2020-10-26 09:25:00.720,3.38,2000
2020-10-26 09:25:00.720,3.38,8000
2020-10-26 09:25:00.720,3.38,100
2020-10-26 09:25:00.720,3.38,600
2020-10-26 09:25:00.720,3.38,10000
2020-10-26 09:25:00.720,3.38,10000
2020-10-26 09:25:00.720,3.38,10000
2020-10-26 09:25:00.720,3.38,500
2020-10-26 09:25:00.720,3.38,200
2020-10-26 09:25:00.720,3.38,2900
2020-10-26 09:25:00.720,3.38,22200
2020-10-26 09:25:00.720,3.38,20000
2020-10-26 09:25:00.720,3.38,10000
2020-10-26 09:25:00.720,3.38,10000
2020-10-26 09:25:00.720,3.38,100
2020-10-26 09:25:00.720,3.38,5500
2020-10-26 09:25:00.720,3.38,5000
2020-10-26 09:25:00.720,3.38,400
2020-10-26 09:25:00.720,3.38,2000
2020-10-26 09:25:00.720,3.38,600
2020-10-26 09:25:00.720,3.38,500
2020-10-26 09:25:00.720,3.38,1000
2020-10-26 09:25:00.720,3.38,1000
2020-10-26 09:25:00.720,3.38,100
2020-10-26 09:25:00.720,3.38,38300
2020-10-26 09:25:00.720,3.38,100
2020-10-26 09:25:00.720,3.38,1000
2020-10-26 09:25:00.720,3.38,100
2020-10-26 09:25:00.720,3.38,8900
2020-10-26 09:25:00.720,3.38,49300
2020-10-26 09:25:00.720,3.38,200
2020-10-26 09:25:00.720,3.38,10000
2020-10-26 09:25:00.720,3.38,5000
2020-10-26 09:25:00.720,3.38,400
2020-10-26 09:25:00.720,3.38,10000
2020-10-26 09:25:00.720,3.38,3800
2020-10-26 09:25:00.720,3.38,400
2020-10-26 09:25:00.720,3.38,800
2020-10-26 09:25:00.720,3.38,700
2020-10-26 09:25:00.720,3.38,100
2020-10-26 09:25:00.720,3.38,20000
2020-10-26 09:25:00.720,3.38,500
2020-10-26 09:25:00.720,3.38,100
2020-10-26 09:25:00.720,3.38,600
2020-10-26 09:25:00.720,3.38,200
2020-10-26 09:25:00.720,3.38,10000
2020-10-26 09:25:00.720,3.38,5100
2020-10-26 09:25:00.720,3.38,10000
2020-10-26 09:25:00.720,3.38,100
2020-10-26 09:25:00.720,3.38,200
2020-10-26 09:25:00.720,3.38,12600
2020-10-26 09:25:00.720,3.38,100
2020-10-26 09:25:00.720,3.38,2500
2020-10-26 09:25:00.720,3.38,100
2020-10-26 09:25:00.720,3.38,1500
2020-10-26 09:25:00.720,3.38,1500
2020-10-26 09:25:00.720,3.38,1500
2020-10-26 09:25:00.720,3.38,100
2020-10-26 09:25:00.720,3.38,200
2020-10-26 09:25:00.720,3.38,34000
2020-10-26 09:25:00.720,3.38,5000
2020-10-26 09:25:00.720,3.38,200
2020-10-26 09:25:00.720,3.38,24100
2020-10-26 09:25:00.720,3.38,1500
2020-10-26 09:25:00.720,3.38,300
2020-10-26 09:25:00.720,3.38,1000
2020-10-26 09:25:00.720,3.38,4500
2020-10-26 09:25:00.720,3.38,1000
2020-10-26 09:25:00.720,3.38,50000
2020-10-26 09:25:00.720,3.38,100
2020-10-26 09:25:00.720,3.38,200
2020-10-26 09:25:00.720,3.38,300
2020-10-26 09:25:00.720,3.38,58000
2020-10-26 09:25:00.720,3.38,400
2020-10-26 09:25:00.720,3.38,2000
2020-10-26 09:25:00.720,3.38,100
2020-10-26 09:25:00.720,3.38,10000
2020-10-26 09:25:00.720,3.38,8000
2020-10-26 09:25:00.720,3.38,500
2020-10-26 09:25:00.720,3.38,200
2020-10-26 09:25:00.720,3.38,6300
2020-10-26 09:25:00.720,3.38,100
2020-10-26 09:25:00.720,3.38,10000
2020-10-26 09:25:00.720,3.38,5000
2020-10-26 09:25:00.720,3.38,100
2020-10-26 09:25:00.720,3.38,100
2020-10-26 09:25:00.720,3.38,200
2020-10-26 09:25:00.720,3.38,8300
2020-10-26 09:25:00.720,3.38,31700
2020-10-26 09:25:00.720,3.38,10000
2020-10-26 09:25:00.720,3.38,2200
2020-10-26 09:25:00.720,3.38,4000
2020-10-26 09:25:00.720,3.38,10000
2020-10-26 09:25:00.720,3.38,200
2020-10-26 09:25:00.720,3.38,100
2020-10-26 09:25:00.720,3.38,100
2020-10-26 09:25:00.720,3.38,200
2020-10-26 09:25:00.720,3.38,2000
2020-10-26 09:25:00.720,3.38,2000
2020-10-26 09:25:00.720,3.38,10000
2020-10-26 09:25:00.720,3.38,8000
2020-10-26 09:25:00.720,3.38,100
2020-10-26 09:25:00.720,3.38,2000
2020-10-26 09:25:00.720,3.38,2100
2020-10-26 09:25:00.720,3.38,200
2020-10-26 09:25:00.720,3.38,1400
2020-10-26 09:25:00.720,3.38,2800
2020-10-26 09:25:00.720,3.38,2300
2020-10-26 09:25:00.720,3.38,200
2020-10-26 09:25:00.720,3.38,800
2020-10-26 09:25:00.720,3.38,2000
2020-10-26 09:25:00.720,3.38,100000
2020-10-26 09:25:00.720,3.38,2000
2020-10-26 09:25:00.720,3.38,1000
2020-10-26 09:25:00.720,3.38,600
2020-10-26 09:25:00.720,3.38,50000
2020-10-26 09:25:00.720,3.38,500
2020-10-26 09:25:00.720,3.38,10000
2020-10-26 09:25:00.720,3.38,200
2020-10-26 09:25:00.720,3.38,20000
2020-10-26 09:25:00.720,3.38,15000
2020-10-26 09:25:00.720,3.38,1500
2020-10-26 09:25:00.720,3.38,5700
2020-10-26 09:25:00.720,3.38,4300
2020-10-26 09:25:00.720,3.38,75700
2020-10-26 09:25:00.720,3.38,74300
2020-10-26 09:25:00.720,3.38,3900
2020-10-26 09:25:00.720,3.38,4000
2020-10-26 09:25:00.720,3.38,1500
2020-10-26 09:25:00.720,3.38,14400
2020-10-26 09:25:00.720,3.38,30000
2020-10-26 09:25:00.720,3.38,5100
2020-10-26 09:25:00.720,3.38,2000
2020-10-26 09:25:00.720,3.38,600
2020-10-26 09:25:00.720,3.38,1000
2020-10-26 09:25:00.720,3.38,1000
2020-10-26 09:25:00.720,3.38,600
2020-10-26 09:25:00.720,3.38,1500
2020-10-26 09:25:00.720,3.38,100
2020-10-26 09:25:00.720,3.38,10000
2020-10-26 09:25:00.720,3.38,8900
2020-10-26 09:25:00.720,3.38,300
2020-10-26 09:25:00.720,3.38,200
2020-10-26 09:25:00.720,3.38,1000
2020-10-26 09:25:00.720,3.38,2000
2020-10-26 09:25:00.720,3.38,1000
2020-10-26 09:25:00.720,3.38,100
2020-10-26 09:25:00.720,3.38,2500
2020-10-26 09:25:00.720,3.38,14200
2020-10-26 09:25:00.720,3.38,10000
2020-10-26 09:25:00.720,3.38,15900
2020-10-26 09:25:00.720,3.38,2000
2020-10-26 09:25:00.720,3.38,1500
2020-10-26 09:25:00.720,3.38,10000
2020-10-26 09:25:00.720,3.38,10000
2020-10-26 09:25:00.720,3.38,2000
2020-10-26 09:25:00.720,3.38,10000
2020-10-26 09:25:00.720,3.38,8000
2020-10-26 09:25:00.720,3.38,100
2020-10-26 09:25:00.720,3.38,100
2020-10-26 09:25:00.720,3.38,100
2020-10-26 09:30:00.040,3.38,300000
2020-10-26 09:30:00.110,3.379,20000
2020-10-26 09:30:00.110,3.379,1800
2020-10-26 09:30:00.110,3.379,200
2020-10-26 09:30:00.110,3.379,700
2020-10-26 09:30:00.110,3.379,12000
2020-10-26 09:30:00.110,3.378,200
2020-10-26 09:30:00.110,3.378,300
2020-10-26 09:30:00.110,3.378,100
2020-10-26 09:30:00.110,3.378,600
2020-10-26 09:30:00.110,3.378,300
2020-10-26 09:30:00.110,3.378,100
2020-10-26 09:30:00.110,3.378,200
2020-10-26 09:30:00.110,3.378,3000
2020-10-26 09:30:00.110,3.378,2000
2020-10-26 09:30:00.110,3.378,59300
2020-10-26 09:30:00.110,3.377,1500
2020-10-26 09:30:00.110,3.377,200
2020-10-26 09:30:00.110,3.377,1000
2020-10-26 09:30:00.110,3.377,100
2020-10-26 09:30:00.110,3.376,2000
2020-10-26 09:30:00.110,3.376,300
2020-10-26 09:30:00.110,3.376,3000
2020-10-26 09:30:00.110,3.376,500
2020-10-26 09:30:00.110,3.376,200
2020-10-26 09:30:00.110,3.376,700
2020-10-26 09:30:00.110,3.375,8000
2020-10-26 09:30:00.110,3.375,8000
2020-10-26 09:30:00.110,3.375,100
2020-10-26 09:30:00.110,3.375,10000
2020-10-26 09:30:00.110,3.375,4000
2020-10-26 09:30:00.110,3.375,200
2020-10-26 09:30:00.110,3.375,3000
2020-10-26 09:30:00.110,3.375,2500
2020-10-26 09:30:00.110,3.375,6000
2020-10-26 09:30:00.110,3.375,10000
2020-10-26 09:30:00.110,3.375,201700
2020-10-26 09:30:00.110,3.38,50100
2020-10-26 09:30:00.110,3.38,5000
2020-10-26 09:30:00.110,3.38,43200
2020-10-26 09:30:00.110,3.38,10000
2020-10-26 09:30:00.220,3.38,300
2020-10-26 09:30:00.250,3.38,10000
2020-10-26 09:30:00.250,3.38,2000
2020-10-26 09:30:00.290,3.38,200
2020-10-26 09:30:00.290,3.38,7700
2020-10-26 09:30:00.290,3.38,30500
2020-10-26 09:30:00.290,3.38,28100
2020-10-26 09:30:00.290,3.38,10000
2020-10-26 09:30:00.290,3.38,10000
2020-10-26 09:30:00.290,3.38,10000
2020-10-26 09:30:00.330,3.379,3500
2020-10-26 09:30:00.370,3.379,5000
2020-10-26 09:30:00.370,3.379,200
2020-10-26 09:30:00.370,3.378,400
2020-10-26 09:30:00.370,3.377,1200
2020-10-26 09:30:00.370,3.379,2600
2020-10-26 09:30:00.450,3.379,3400
2020-10-26 09:30:00.450,3.379,2000
2020-10-26 09:30:00.450,3.379,100
2020-10-26 09:30:00.450,3.379,1500
2020-10-26 09:30:00.450,3.379,500
2020-10-26 09:30:00.450,3.379,500
2020-10-26 09:30:00.450,3.379,700
2020-10-26 09:30:00.450,3.38,19300
2020-10-26 09:30:00.450,3.38,1200
2020-10-26 09:30:00.450,3.379,300
2020-10-26 09:30:00.450,3.379,15000
2020-10-26 09:30:00.570,3.379,500
2020-10-26 09:30:00.570,3.379,8700
2020-10-26 09:30:00.570,3.379,8000
2020-10-26 09:30:00.570,3.38,142000
2020-10-26 09:30:00.570,3.38,1000
2020-10-26 09:30:00.570,3.379,100
2020-10-26 09:30:00.570,3.379,100
2020-10-26 09:30:00.570,3.38,400
2020-10-26 09:30:00.570,3.379,100
2020-10-26 09:30:00.570,3.379,4900
2020-10-26 09:30:00.570,3.38,3000
2020-10-26 09:30:00.570,3.38,10000
2020-10-26 09:30:00.570,3.38,500
2020-10-26 09:30:00.570,3.38,40000
2020-10-26 09:30:00.570,3.38,26100
2020-10-26 09:30:00.570,3.38,2000
2020-10-26 09:30:00.570,3.38,6000
2020-10-26 09:30:00.570,3.38,100
2020-10-26 09:30:00.570,3.38,1000
2020-10-26 09:30:00.690,3.379,5100
2020-10-26 09:30:00.690,3.379,800
2020-10-26 09:30:00.690,3.379,15400
2020-10-26 09:30:00.690,3.379,28700
2020-10-26 09:30:00.690,3.38,29900
2020-10-26 09:30:00.690,3.38,3000
2020-10-26 09:30:00.690,3.38,1000
2020-10-26 09:30:00.690,3.38,20000
2020-10-26 09:30:00.690,3.38,259100
2020-10-26 09:30:00.690,3.38,20000
2020-10-26 09:30:00.690,3.38,100
2020-10-26 09:30:00.690,3.38,50000
2020-10-26 09:30:00.690,3.38,200
2020-10-26 09:30:00.690,3.38,4400
2020-10-26 09:30:00.800,3.379,20400
2020-10-26 09:30:00.800,3.379,2000
2020-10-26 09:30:00.800,3.379,6000
2020-10-26 09:30:00.800,3.379,3200
2020-10-26 09:30:00.800,3.379,20000
2020-10-26 09:30:00.800,3.379,1000
2020-10-26 09:30:00.800,3.379,13300
2020-10-26 09:30:00.800,3.379,2000
2020-10-26 09:30:00.800,3.379,18000
2020-10-26 09:30:00.800,3.379,900
2020-10-26 09:30:00.800,3.379,100
2020-10-26 09:30:00.800,3.379,50000
2020-10-26 09:30:00.800,3.378,14400
2020-10-26 09:30:00.800,3.378,5600
2020-10-26 09:30:00.800,3.378,19500
2020-10-26 09:30:00.800,3.378,500
2020-10-26 09:30:00.800,3.379,1800
2020-10-26 09:30:00.800,3.379,15400
2020-10-26 09:30:00.800,3.379,1300
2020-10-26 09:30:00.800,3.378,2200
2020-10-26 09:30:00.800,3.378,8000
2020-10-26 09:30:00.910,3.378,5000
2020-10-26 09:30:00.910,3.378,5000
2020-10-26 09:30:00.910,3.378,179800
2020-10-26 09:30:00.910,3.379,111900
2020-10-26 09:30:00.910,3.379,500
2020-10-26 09:30:00.910,3.38,97700
2020-10-26 09:30:00.910,3.38,510100
2020-10-26 09:30:00.910,3.379,2000
2020-10-26 09:30:00.910,3.379,3000
2020-10-26 09:30:00.910,3.379,3000
2020-10-26 09:30:00.910,3.38,2000
2020-10-26 09:30:00.910,3.38,300
2020-10-26 09:30:00.910,3.38,10000
2020-10-26 09:30:00.910,3.38,3300
2020-10-26 09:30:00.910,3.38,34800
2020-10-26 09:30:00.910,3.38,1000
2020-10-26 09:30:00.910,3.38,300
2020-10-26 09:30:00.910,3.38,4000
2020-10-26 09:30:00.910,3.379,6000
2020-10-26 09:30:01.020,3.379,4000
2020-10-26 09:30:01.020,3.38,56200
2020-10-26 09:30:01.020,3.38,1000
2020-10-26 09:30:01.020,3.38,8000
2020-10-26 09:30:01.020,3.38,100
2020-10-26 09:30:01.020,3.38,100
2020-10-26 09:30:01.020,3.38,300
2020-10-26 09:30:01.020,3.38,50000
2020-10-26 09:30:01.020,3.38,3600
2020-10-26 09:30:01.020,3.38,4500
2020-10-26 09:30:01.020,3.379,10000
2020-10-26 09:30:01.020,3.379,1000
2020-10-26 09:30:01.020,3.379,5800
2020-10-26 09:30:01.020,3.38,44200
2020-10-26 09:30:01.020,3.38,7700
2020-10-26 09:30:01.020,3.38,10000
2020-10-26 09:30:01.020,3.38,100000
2020-10-26 09:30:01.020,3.38,14600
2020-10-26 09:30:01.030,3.38,400
2020-10-26 09:30:01.140,3.38,11900
2020-10-26 09:30:01.140,3.38,1000
2020-10-26 09:30:01.140,3.38,3000
2020-10-26 09:30:01.140,3.38,17600
2020-10-26 09:30:01.140,3.38,4400
2020-10-26 09:30:01.140,3.38,2000
2020-10-26 09:30:01.140,3.38,10000
2020-10-26 09:30:01.140,3.38,63600
2020-10-26 09:30:01.140,3.38,20000
2020-10-26 09:30:01.140,3.38,163300
2020-10-26 09:30:01.140,3.379,5000
2020-10-26 09:30:01.140,3.379,200
2020-10-26 09:30:01.140,3.378,11000
2020-10-26 09:30:01.140,3.378,2000
2020-10-26 09:30:01.140,3.378,35600
2020-10-26 09:30:01.140,3.378,5600
2020-10-26 09:30:01.140,3.38,3400
2020-10-26 09:30:01.140,3.38,600
2020-10-26 09:30:01.140,3.379,2900
2020-10-26 09:30:01.140,3.379,3400
2020-10-26 09:30:01.140,3.379,4500
2020-10-26 09:30:01.140,3.379,300
2020-10-26 09:30:01.140,3.379,6400
2020-10-26 09:30:01.140,3.379,5000
2020-10-26 09:30:01.140,3.379,36900
2020-10-26 09:30:01.140,3.38,74700
2020-10-26 09:30:01.140,3.38,5900
2020-10-26 09:30:01.140,3.38,8800
2020-10-26 09:30:01.250,3.38,3000
2020-10-26 09:30:01.250,3.38,300100
2020-10-26 09:30:01.250,3.38,10000
2020-10-26 09:30:01.250,3.38,63900
2020-10-26 09:30:01.250,3.38,10000
2020-10-26 09:30:01.250,3.38,2000
2020-10-26 09:30:01.250,3.38,1400
2020-10-26 09:30:01.250,3.381,1000
2020-10-26 09:30:01.250,3.381,10000
2020-10-26 09:30:01.250,3.381,39000
2020-10-26 09:30:01.250,3.381,9400
2020-10-26 09:30:01.250,3.382,3000
2020-10-26 09:30:01.260,3.382,125000
2020-10-26 09:30:01.260,3.382,85000
2020-10-26 09:30:01.390,3.382,3300
2020-10-26 09:30:01.390,3.381,12800
2020-10-26 09:30:01.390,3.381,100000
2020-10-26 09:30:01.390,3.38,100
2020-10-26 09:30:01.390,3.38,1400
2020-10-26 09:30:01.390,3.38,20000
2020-10-26 09:30:01.390,3.38,37000
2020-10-26 09:30:01.390,3.38,15100
2020-10-26 09:30:01.390,3.38,300
2020-10-26 09:30:01.390,3.38,6000
2020-10-26 09:30:01.390,3.38,8900
2020-10-26 09:30:01.390,3.38,3000
2020-10-26 09:30:01.390,3.38,300
2020-10-26 09:30:01.390,3.38,5000
2020-10-26 09:30:01.390,3.38,90100
2020-10-26 09:30:01.390,3.38,9900
2020-10-26 09:30:01.390,3.38,2000
2020-10-26 09:30:01.390,3.38,10000
2020-10-26 09:30:01.390,3.38,400
2020-10-26 09:30:01.390,3.38,1800
2020-10-26 09:30:01.390,3.38,5900
2020-10-26 09:30:01.510,3.381,1000
2020-10-26 09:30:01.510,3.381,5000
2020-10-26 09:30:01.510,3.381,2900
2020-10-26 09:30:01.510,3.381,5100
2020-10-26 09:30:01.510,3.382,70800
2020-10-26 09:30:01.630,3.381,200
2020-10-26 09:30:01.630,3.382,3500
2020-10-26 09:30:01.630,3.382,200
2020-10-26 09:30:01.630,3.382,9100
2020-10-26 09:30:01.630,3.382,1700
2020-10-26 09:30:01.630,3.381,141100
2020-10-26 09:30:01.630,3.381,7600
2020-10-26 09:30:01.630,3.381,500
2020-10-26 09:30:01.630,3.38,4100
2020-10-26 09:30:01.630,3.38,1600
2020-10-26 09:30:01.630,3.38,38500
2020-10-26 09:30:01.630,3.38,50000
2020-10-26 09:30:01.630,3.38,2000
2020-10-26 09:30:01.630,3.38,4500
2020-10-26 09:30:01.630,3.38,6500
2020-10-26 09:30:01.630,3.38,200
2020-10-26 09:30:01.630,3.38,200
2020-10-26 09:30:01.630,3.38,12000
2020-10-26 09:30:01.630,3.38,10000
2020-10-26 09:30:01.630,3.38,500
2020-10-26 09:30:01.630,3.38,3000
2020-10-26 09:30:01.630,3.38,10700
2020-10-26 09:30:01.630,3.38,200
2020-10-26 09:30:01.630,3.38,2000
2020-10-26 09:30:01.630,3.38,1000
2020-10-26 09:30:01.630,3.38,1700
2020-10-26 09:30:01.630,3.38,4000
2020-10-26 09:30:01.630,3.38,20000
2020-10-26 09:30:01.630,3.38,30000
2020-10-26 09:30:01.630,3.38,800
2020-10-26 09:30:01.630,3.38,15000
2020-10-26 09:30:01.630,3.38,5900
2020-10-26 09:30:01.630,3.38,15000
2020-10-26 09:30:01.630,3.38,100
2020-10-26 09:30:01.630,3.38,3000
2020-10-26 09:30:01.630,3.38,15000
2020-10-26 09:30:01.630,3.38,2000
2020-10-26 09:30:01.630,3.379,2300
2020-10-26 09:30:01.630,3.379,600
2020-10-26 09:30:01.630,3.379,5000
2020-10-26 09:30:01.630,3.379,6000
2020-10-26 09:30:01.630,3.379,2000
2020-10-26 09:30:01.630,3.379,3800
2020-10-26 09:30:01.630,3.378,15000
2020-10-26 09:30:01.630,3.378,10000
2020-10-26 09:30:01.630,3.378,1000
2020-10-26 09:30:01.630,3.378,5000
2020-10-26 09:30:01.630,3.377,1800
2020-10-26 09:30:01.630,3.377,1000
2020-10-26 09:30:01.630,3.377,100
2020-10-26 09:30:01.630,3.377,2000
2020-10-26 09:30:01.630,3.377,100
2020-10-26 09:30:01.630,3.377,10000
2020-10-26 09:30:01.630,3.377,800
2020-10-26 09:30:01.630,3.377,11000
2020-10-26 09:30:01.630,3.377,1000
2020-10-26 09:30:01.630,3.377,20000
2020-10-26 09:30:01.630,3.377,1000
2020-10-26 09:30:01.630,3.377,900
2020-10-26 09:30:01.630,3.377,1300
2020-10-26 09:30:01.630,3.376,1000
2020-10-26 09:30:01.630,3.376,3000
2020-10-26 09:30:01.630,3.376,1000
2020-10-26 09:30:01.630,3.376,1000
2020-10-26 09:30:01.630,3.376,2500
2020-10-26 09:30:01.630,3.376,200
2020-10-26 09:30:01.630,3.376,5000
2020-10-26 09:30:01.630,3.376,5000
2020-10-26 09:30:01.630,3.376,300
2020-10-26 09:30:01.630,3.376,11000
2020-10-26 09:30:01.630,3.376,20000
2020-10-26 09:30:01.630,3.376,1800
2020-10-26 09:30:01.630,3.376,500
2020-10-26 09:30:01.630,3.376,5000
2020-10-26 09:30:01.630,3.376,10000
2020-10-26 09:30:01.630,3.376,300
2020-10-26 09:30:01.630,3.375,100
2020-10-26 09:30:01.630,3.375,500
2020-10-26 09:30:01.630,3.375,5000
2020-10-26 09:30:01.630,3.375,6000
2020-10-26 09:30:01.630,3.375,10000
2020-10-26 09:30:01.630,3.375,1000
2020-10-26 09:30:01.630,3.375,5000
2020-10-26 09:30:01.630,3.375,3000
2020-10-26 09:30:01.630,3.375,10000
2020-10-26 09:30:01.630,3.375,1000
2020-10-26 09:30:01.630,3.375,100
2020-10-26 09:30:01.630,3.375,500
2020-10-26 09:30:01.630,3.375,5000
2020-10-26 09:30:01.630,3.375,6700
2020-10-26 09:30:01.630,3.375,100
2020-10-26 09:30:01.630,3.375,6100
2020-10-26 09:30:01.630,3.375,11000
2020-10-26 09:30:01.630,3.375,10000
2020-10-26 09:30:01.630,3.375,5000
2020-10-26 09:30:01.630,3.375,100
2020-10-26 09:30:01.630,3.375,10000
2020-10-26 09:30:01.630,3.375,6000
2020-10-26 09:30:01.630,3.375,1000
2020-10-26 09:30:01.630,3.375,5000
2020-10-26 09:30:01.630,3.375,20000
2020-10-26 09:30:01.630,3.374,700
2020-10-26 09:30:01.630,3.374,200
2020-10-26 09:30:01.630,3.374,400
2020-10-26 09:30:01.630,3.374,400
2020-10-26 09:30:01.630,3.374,3000
2020-10-26 09:30:01.630,3.374,3400
2020-10-26 09:30:01.630,3.374,22000
2020-10-26 09:30:01.630,3.374,1600
2020-10-26 09:30:01.630,3.373,5600
2020-10-26 09:30:01.630,3.373,12000
2020-10-26 09:30:01.630,3.373,100
2020-10-26 09:30:01.630,3.373,5000
2020-10-26 09:30:01.630,3.373,30000
2020-10-26 09:30:01.630,3.373,100
2020-10-26 09:30:01.630,3.373,10000
2020-10-26 09:30:01.630,3.373,10000
2020-10-26 09:30:01.630,3.373,200
2020-10-26 09:30:01.630,3.373,5500
2020-10-26 09:30:01.630,3.373,700
2020-10-26 09:30:01.630,3.373,5000
2020-10-26 09:30:01.630,3.373,20000
2020-10-26 09:30:01.630,3.373,1000
2020-10-26 09:30:01.630,3.373,500
2020-10-26 09:30:01.630,3.373,1000
2020-10-26 09:30:01.630,3.373,7000
2020-10-26 09:30:01.630,3.373,3000
2020-10-26 09:30:01.630,3.373,22000
2020-10-26 09:30:01.630,3.373,100
2020-10-26 09:30:01.630,3.372,10000
2020-10-26 09:30:01.630,3.372,12000
2020-10-26 09:30:01.630,3.372,5000
2020-10-26 09:30:01.630,3.372,5000
2020-10-26 09:30:01.630,3.372,6000
2020-10-26 09:30:01.630,3.382,10000
2020-10-26 09:30:01.740,3.381,300
2020-10-26 09:30:01.740,3.382,10000
2020-10-26 09:30:01.740,3.382,12900
2020-10-26 09:30:01.860,3.381,200
2020-10-26 09:30:01.860,3.381,7000
2020-10-26 09:30:01.860,3.38,22800
2020-10-26 09:30:01.860,3.382,2900
2020-10-26 09:30:01.860,3.381,9000
2020-10-26 09:30:01.860,3.381,14400
2020-10-26 09:30:01.860,3.381,19000
2020-10-26 09:30:01.860,3.382,9000
2020-10-26 09:30:01.860,3.381,28100
2020-10-26 09:30:01.860,3.38,61900
2020-10-26 09:30:01.860,3.382,5000
2020-10-26 09:30:01.960,3.382,59100
2020-10-26 09:30:02.020,3.381,5000
2020-10-26 09:30:02.020,3.382,14700
2020-10-26 09:30:02.170,3.381,1200
2020-10-26 09:30:02.170,3.381,100
2020-10-26 09:30:02.170,3.382,7700
2020-10-26 09:30:02.170,3.382,1200
2020-10-26 09:30:02.170,3.381,2600
2020-10-26 09:30:02.170,3.38,114100
2020-10-26 09:30:02.170,3.38,900
2020-10-26 09:30:02.170,3.38,5000
2020-10-26 09:30:02.170,3.38,30000
2020-10-26 09:30:02.170,3.38,2600
2020-10-26 09:30:02.170,3.38,10000
2020-10-26 09:30:02.170,3.38,30000
2020-10-26 09:30:02.170,3.38,14100
2020-10-26 09:30:02.170,3.38,30000
2020-10-26 09:30:02.170,3.38,5000
2020-10-26 09:30:02.170,3.38,3500
2020-10-26 09:30:02.170,3.38,44000
2020-10-26 09:30:02.170,3.38,1000
2020-10-26 09:30:02.170,3.38,1000
2020-10-26 09:30:02.170,3.38,38900
2020-10-26 09:30:02.170,3.38,1700
2020-10-26 09:30:02.170,3.38,6000
2020-10-26 09:30:02.170,3.38,5000
2020-10-26 09:30:02.170,3.38,1000
2020-10-26 09:30:02.170,3.38,11800
2020-10-26 09:30:02.170,3.38,20000
2020-10-26 09:30:02.170,3.38,5500
2020-10-26 09:30:02.170,3.38,170500
2020-10-26 09:30:02.170,3.38,5500
2020-10-26 09:30:02.170,3.38,1500
2020-10-26 09:30:02.170,3.38,7500
2020-10-26 09:30:02.170,3.38,28800
2020-10-26 09:30:02.170,3.38,112500
2020-10-26 09:30:02.240,3.38,1500
2020-10-26 09:30:02.240,3.38,7300
2020-10-26 09:30:02.240,3.382,465900
2020-10-26 09:30:02.240,3.382,200
2020-10-26 09:30:02.240,3.383,433900
2020-10-26 09:30:02.290,3.383,10000
2020-10-26 09:30:02.290,3.381,4000
2020-10-26 09:30:02.290,3.382,1000
2020-10-26 09:30:02.330,3.383,50000
2020-10-26 09:30:02.380,3.382,2000
2020-10-26 09:30:02.380,3.381,6000
2020-10-26 09:30:02.380,3.383,17400
2020-10-26 09:30:02.450,3.382,4300
2020-10-26 09:30:02.520,3.382,12000
2020-10-26 09:30:02.830,3.382,20000
2020-10-26 09:30:02.830,3.382,10000
2020-10-26 09:30:02.960,3.383,40000
2020-10-26 09:30:02.960,3.383,40000
2020-10-26 09:30:03.000,3.383,8700
2020-10-26 09:30:03.000,3.383,3000
2020-10-26 09:30:03.000,3.383,10000
2020-10-26 09:30:03.040,3.383,8300
2020-10-26 09:30:03.040,3.382,11700
2020-10-26 09:30:03.040,3.381,2000
2020-10-26 09:30:03.040,3.381,8000
2020-10-26 09:30:03.040,3.384,40000
2020-10-26 09:30:03.040,3.384,30000
2020-10-26 09:30:03.040,3.384,30000
2020-10-26 09:30:03.040,3.385,40000
2020-10-26 09:30:03.040,3.385,40000
2020-10-26 09:30:03.040,3.385,40000
2020-10-26 09:30:03.080,3.383,2000
2020-10-26 09:30:03.120,3.383,2900
2020-10-26 09:30:03.190,3.381,22800
2020-10-26 09:30:03.190,3.381,7200
2020-10-26 09:30:03.230,3.381,17100
2020-10-26 09:30:03.230,3.38,22900
2020-10-26 09:30:03.230,3.385,40000
2020-10-26 09:30:03.290,3.384,14600
2020-10-26 09:30:03.340,3.384,100
2020-10-26 09:30:03.380,3.385,15000
2020-10-26 09:30:03.380,3.384,100
2020-10-26 09:30:03.420,3.384,25200
2020-10-26 09:30:03.420,3.383,24800
2020-10-26 09:30:03.420,3.385,8600
2020-10-26 09:30:03.470,3.383,14000
2020-10-26 09:30:03.470,3.385,3100
2020-10-26 09:30:03.470,3.383,1200
2020-10-26 09:30:03.470,3.382,40000
2020-10-26 09:30:03.470,3.382,10900
2020-10-26 09:30:03.470,3.385,1600
2020-10-26 09:30:03.470,3.385,100
2020-10-26 09:30:03.500,3.382,5800
2020-10-26 09:30:03.680,3.383,200
2020-10-26 09:30:03.680,3.383,1500
2020-10-26 09:30:03.720,3.385,30200
2020-10-26 09:30:03.760,3.383,28300
2020-10-26 09:30:03.760,3.383,5000
2020-10-26 09:30:03.760,3.383,5000
2020-10-26 09:30:03.760,3.383,4000
2020-10-26 09:30:03.760,3.383,5000
2020-10-26 09:30:03.760,3.383,40000
2020-10-26 09:30:03.760,3.382,4000
2020-10-26 09:30:03.760,3.382,2700
2020-10-26 09:30:03.910,3.385,3000
2020-10-26 09:30:03.910,3.382,1600
2020-10-26 09:30:03.910,3.382,500
2020-10-26 09:30:03.910,3.382,200
2020-10-26 09:30:03.910,3.382,13600
2020-10-26 09:30:03.910,3.382,6200
2020-10-26 09:30:03.960,3.382,3000
2020-10-26 09:30:04.080,3.385,3000
2020-10-26 09:30:04.190,3.385,1100
2020-10-26 09:30:04.270,3.382,5100
2020-10-26 09:30:04.270,3.382,7900
2020-10-26 09:30:04.270,3.382,100
2020-10-26 09:30:04.380,3.382,1000
2020-10-26 09:30:04.520,3.384,100000
2020-10-26 09:30:04.520,3.382,3000
2020-10-26 09:30:04.640,3.382,21900
2020-10-26 09:30:04.640,3.384,200
2020-10-26 09:30:04.790,3.382,11100
2020-10-26 09:30:04.790,3.382,800
2020-10-26 09:30:04.790,3.382,40000
2020-10-26 09:30:04.790,3.381,20000
2020-10-26 09:30:04.790,3.381,6000
2020-10-26 09:30:04.790,3.381,1000
2020-10-26 09:30:04.790,3.381,1000
2020-10-26 09:30:04.790,3.381,3000
2020-10-26 09:30:04.790,3.381,5500
2020-10-26 09:30:04.790,3.381,3000
2020-10-26 09:30:04.790,3.381,1500
2020-10-26 09:30:04.790,3.381,30000
2020-10-26 09:30:04.790,3.381,7700
2020-10-26 09:30:04.790,3.381,10000
2020-10-26 09:30:04.790,3.38,13400
2020-10-26 09:30:05.070,3.381,15000
2020-10-26 09:30:05.070,3.38,42400
2020-10-26 09:30:05.070,3.38,2000
2020-10-26 09:30:05.070,3.38,20000
2020-10-26 09:30:05.070,3.38,5000
2020-10-26 09:30:05.070,3.38,10000
2020-10-26 09:30:05.070,3.38,3000
2020-10-26 09:30:05.070,3.38,20000
2020-10-26 09:30:05.070,3.38,59000
2020-10-26 09:30:05.070,3.38,400
2020-10-26 09:30:05.070,3.38,10000
2020-10-26 09:30:05.070,3.38,10000
2020-10-26 09:30:05.070,3.38,1000
2020-10-26 09:30:05.070,3.38,2700
2020-10-26 09:30:05.070,3.38,1500
2020-10-26 09:30:05.070,3.38,3000
2020-10-26 09:30:05.070,3.384,3300
2020-10-26 09:30:05.190,3.384,10600
2020-10-26 09:30:05.270,3.381,9500
2020-10-26 09:30:05.410,3.383,14000
2020-10-26 09:30:05.410,3.382,700
2020-10-26 09:30:05.650,3.382,300
2020-10-26 09:30:05.650,3.382,700
2020-10-26 09:30:05.680,3.382,1500
2020-10-26 09:30:05.680,3.381,23500
2020-10-26 09:30:05.680,3.382,1500
2020-10-26 09:30:05.680,3.381,7000
2020-10-26 09:30:05.680,3.381,1000
2020-10-26 09:30:05.680,3.381,60000
2020-10-26 09:30:05.680,3.38,2000
2020-10-26 09:30:05.680,3.38,14800
2020-10-26 09:30:05.680,3.38,116200
2020-10-26 09:30:05.680,3.38,10000
2020-10-26 09:30:05.680,3.38,500
2020-10-26 09:30:05.680,3.38,1000
2020-10-26 09:30:05.680,3.38,1700
2020-10-26 09:30:05.680,3.38,6000
2020-10-26 09:30:05.680,3.38,600
2020-10-26 09:30:05.680,3.38,11800
2020-10-26 09:30:05.680,3.38,10000
2020-10-26 09:30:05.680,3.38,1000
2020-10-26 09:30:05.680,3.38,1500
2020-10-26 09:30:05.680,3.38,10000
2020-10-26 09:30:05.680,3.38,10000
2020-10-26 09:30:05.680,3.38,3000
2020-10-26 09:30:05.680,3.38,24000
2020-10-26 09:30:05.680,3.38,1000
2020-10-26 09:30:05.680,3.38,25000
2020-10-26 09:30:05.680,3.38,91200
2020-10-26 09:30:05.680,3.38,1000
2020-10-26 09:30:05.680,3.38,1000
2020-10-26 09:30:05.680,3.38,1000
2020-10-26 09:30:05.680,3.38,10000
2020-10-26 09:30:05.680,3.38,3000
2020-10-26 09:30:05.680,3.38,5900
2020-10-26 09:30:05.680,3.38,200
2020-10-26 09:30:05.680,3.38,5000
2020-10-26 09:30:05.680,3.38,1000
2020-10-26 09:30:05.680,3.38,5000
2020-10-26 09:30:05.680,3.38,15000
2020-10-26 09:30:05.680,3.38,1000
2020-10-26 09:30:05.680,3.38,12500
2020-10-26 09:30:05.680,3.38,1000
2020-10-26 09:30:05.680,3.38,1400
2020-10-26 09:30:05.680,3.38,4100
2020-10-26 09:30:05.680,3.38,10000
2020-10-26 09:30:05.680,3.38,5000
2020-10-26 09:30:05.680,3.38,29600
2020-10-26 09:30:05.680,3.38,10000
2020-10-26 09:30:05.680,3.38,2000
2020-10-26 09:30:05.680,3.38,2900
2020-10-26 09:30:05.680,3.38,8000
2020-10-26 09:30:05.680,3.38,500
2020-10-26 09:30:05.680,3.38,148000
2020-10-26 09:30:05.680,3.38,200
2020-10-26 09:30:05.680,3.38,5300
2020-10-26 09:30:05.680,3.38,9000
2020-10-26 09:30:05.680,3.38,2000
2020-10-26 09:30:05.680,3.38,14700
2020-10-26 09:30:05.680,3.38,1000
2020-10-26 09:30:05.680,3.38,23500
2020-10-26 09:30:05.680,3.38,7000
2020-10-26 09:30:05.680,3.38,600
2020-10-26 09:30:05.680,3.38,2000
2020-10-26 09:30:05.680,3.38,5000
2020-10-26 09:30:05.680,3.38,1500
2020-10-26 09:30:05.680,3.38,11800
2020-10-26 09:30:05.680,3.38,10000
2020-10-26 09:30:05.680,3.38,3000
2020-10-26 09:30:05.680,3.38,89000
2020-10-26 09:30:05.680,3.38,1500
2020-10-26 09:30:05.680,3.38,2000
2020-10-26 09:30:05.680,3.38,3000
2020-10-26 09:30:05.680,3.38,10000
2020-10-26 09:30:05.680,3.38,1000
2020-10-26 09:30:05.680,3.38,1100
2020-10-26 09:30:05.680,3.38,200
2020-10-26 09:30:05.680,3.38,700
2020-10-26 09:30:06.030,3.382,100
2020-10-26 09:30:06.030,3.382,700
2020-10-26 09:30:06.250,3.382,500
2020-10-26 09:30:06.250,3.382,100
2020-10-26 09:30:06.250,3.381,1400
2020-10-26 09:30:06.280,3.381,2300
2020-10-26 09:30:06.460,3.383,20000
2020-10-26 09:30:06.460,3.383,100
2020-10-26 09:30:06.460,3.382,300
2020-10-26 09:30:06.460,3.382,1000
2020-10-26 09:30:06.460,3.381,70700
2020-10-26 09:30:06.500,3.383,200
2020-10-26 09:30:07.030,3.383,164400
2020-10-26 09:30:07.030,3.383,100000
2020-10-26 09:30:07.030,3.384,35600
2020-10-26 09:30:07.130,3.384,20000
2020-10-26 09:30:07.130,3.384,100000
2020-10-26 09:30:07.130,3.382,1000
2020-10-26 09:30:07.130,3.381,9000
2020-10-26 09:30:07.130,3.384,50000
2020-10-26 09:30:07.280,3.381,1800
2020-10-26 09:30:07.380,3.381,248100
2020-10-26 09:30:07.380,3.381,1000
2020-10-26 09:30:07.380,3.38,300
2020-10-26 09:30:07.380,3.38,1000
2020-10-26 09:30:07.380,3.38,6000
2020-10-26 09:30:07.380,3.38,500
2020-10-26 09:30:07.380,3.38,3000
2020-10-26 09:30:07.380,3.38,10000
2020-10-26 09:30:07.380,3.38,8800
2020-10-26 09:30:07.380,3.38,3300
2020-10-26 09:30:07.380,3.38,7500
2020-10-26 09:30:07.380,3.38,1500
2020-10-26 09:30:07.380,3.38,3000
2020-10-26 09:30:07.380,3.38,400
2020-10-26 09:30:07.380,3.38,5600
2020-10-26 09:30:07.690,3.381,60000
2020-10-26 09:30:07.690,3.38,400
2020-10-26 09:30:07.690,3.38,400
2020-10-26 09:30:07.690,3.38,1000
2020-10-26 09:30:07.690,3.38,4000
2020-10-26 09:30:07.690,3.38,50000
2020-10-26 09:30:07.690,3.38,20500
2020-10-26 09:30:07.690,3.38,30400
2020-10-26 09:30:07.690,3.38,30000
2020-10-26 09:30:07.690,3.38,5000
2020-10-26 09:30:07.690,3.38,30000
2020-10-26 09:30:07.690,3.38,300
2020-10-26 09:30:07.690,3.38,16300
2020-10-26 09:30:07.690,3.38,14700
2020-10-26 09:30:07.690,3.38,10000
2020-10-26 09:30:07.690,3.38,2000
2020-10-26 09:30:07.690,3.38,40000
2020-10-26 09:30:07.690,3.38,3000
2020-10-26 09:30:07.690,3.38,200
2020-10-26 09:30:07.690,3.38,17000
2020-10-26 09:30:07.690,3.38,10000
2020-10-26 09:30:07.690,3.38,5000
2020-10-26 09:30:07.690,3.38,200
2020-10-26 09:30:07.690,3.38,4600
2020-10-26 09:30:07.690,3.38,500
2020-10-26 09:30:07.690,3.38,6000
2020-10-26 09:30:07.690,3.38,9800
2020-10-26 09:30:07.690,3.38,8800
2020-10-26 09:30:07.690,3.38,5000
2020-10-26 09:30:07.690,3.38,76500
2020-10-26 09:30:07.690,3.38,3000
2020-10-26 09:30:07.690,3.38,6000
2020-10-26 09:30:07.690,3.38,55600
2020-10-26 09:30:07.690,3.38,200
2020-10-26 09:30:07.690,3.38,4200
2020-10-26 09:30:07.690,3.38,2500
2020-10-26 09:30:07.690,3.38,10000
2020-10-26 09:30:07.690,3.38,3000
2020-10-26 09:30:07.690,3.38,6000
2020-10-26 09:30:07.690,3.38,14800
2020-10-26 09:30:07.690,3.38,10000
2020-10-26 09:30:07.690,3.38,8000
2020-10-26 09:30:07.690,3.38,15900
2020-10-26 09:30:07.690,3.38,5000
2020-10-26 09:30:07.690,3.38,10000
2020-10-26 09:30:07.690,3.38,3000
2020-10-26 09:30:07.690,3.38,10000
2020-10-26 09:30:07.690,3.38,1500
2020-10-26 09:30:07.690,3.38,600
2020-10-26 09:30:07.690,3.38,2000
2020-10-26 09:30:07.690,3.38,35000
2020-10-26 09:30:07.690,3.38,4400
2020-10-26 09:30:07.690,3.38,4000
2020-10-26 09:30:07.690,3.38,3000
2020-10-26 09:30:07.690,3.38,300
2020-10-26 09:30:07.690,3.38,10000
2020-10-26 09:30:07.690,3.38,28000
2020-10-26 09:30:07.690,3.38,100
2020-10-26 09:30:07.690,3.38,3000
2020-10-26 09:30:07.690,3.38,25700
2020-10-26 09:30:07.690,3.38,7000
2020-10-26 09:30:07.690,3.38,3000
2020-10-26 09:30:07.690,3.38,29600
2020-10-26 09:30:07.690,3.38,2200
2020-10-26 09:30:07.690,3.38,30000
2020-10-26 09:30:07.690,3.38,12700
2020-10-26 09:30:07.690,3.38,11500
2020-10-26 09:30:07.690,3.38,600
2020-10-26 09:30:07.690,3.38,20000
2020-10-26 09:30:07.690,3.38,2500
2020-10-26 09:30:07.690,3.38,4000
2020-10-26 09:30:07.690,3.38,30000
2020-10-26 09:30:07.690,3.38,500
2020-10-26 09:30:08.300,3.381,1500
2020-10-26 09:30:08.490,3.381,10000
2020-10-26 09:30:08.640,3.381,18700
2020-10-26 09:30:08.640,3.381,41300
2020-10-26 09:30:08.640,3.381,5000
2020-10-26 09:30:08.730,3.381,147800
2020-10-26 09:30:09.130,3.381,5000
2020-10-26 09:30:09.410,3.38,4300
2020-10-26 09:30:09.410,3.38,1500
2020-10-26 09:30:09.410,3.38,20000
2020-10-26 09:30:09.410,3.38,30600
2020-10-26 09:30:09.410,3.38,50000
2020-10-26 09:30:09.410,3.38,1300
2020-10-26 09:30:09.410,3.38,2500
2020-10-26 09:30:09.410,3.38,300
2020-10-26 09:30:09.410,3.38,2900
2020-10-26 09:30:09.410,3.38,600
2020-10-26 09:30:09.410,3.38,300
2020-10-26 09:30:09.410,3.38,200
2020-10-26 09:30:09.410,3.38,5900
2020-10-26 09:30:09.410,3.38,3000
2020-10-26 09:30:09.410,3.38,6000
2020-10-26 09:30:09.410,3.38,100
2020-10-26 09:30:09.410,3.38,2500
2020-10-26 09:30:09.410,3.38,300000
2020-10-26 09:30:09.410,3.38,9000
2020-10-26 09:30:09.410,3.38,1000
2020-10-26 09:30:09.410,3.38,1000
2020-10-26 09:30:09.410,3.38,1100
2020-10-26 09:30:09.410,3.38,300
2020-10-26 09:30:09.410,3.38,11900
2020-10-26 09:30:09.410,3.38,500
2020-10-26 09:30:09.410,3.38,200
2020-10-26 09:30:09.410,3.38,2000
2020-10-26 09:30:09.410,3.38,100
2020-10-26 09:30:09.410,3.38,6000
2020-10-26 09:30:09.410,3.38,1700
2020-10-26 09:30:09.410,3.38,500
2020-10-26 09:30:09.410,3.38,50000
2020-10-26 09:30:09.410,3.38,700
2020-10-26 09:30:09.410,3.38,300
2020-10-26 09:30:09.410,3.38,1000
2020-10-26 09:30:09.410,3.38,4400
2020-10-26 09:30:09.410,3.38,3000
2020-10-26 09:30:09.410,3.38,100
2020-10-26 09:30:09.410,3.38,10000
2020-10-26 09:30:09.410,3.38,8900
2020-10-26 09:30:09.410,3.38,3700
2020-10-26 09:30:09.410,3.38,2900
2020-10-26 09:30:09.410,3.38,12000
2020-10-26 09:30:09.410,3.38,1000
2020-10-26 09:30:09.410,3.38,2000
2020-10-26 09:30:09.410,3.38,5900
2020-10-26 09:30:09.410,3.38,300
2020-10-26 09:30:09.410,3.38,2500
2020-10-26 09:30:09.510,3.38,40000
2020-10-26 09:30:09.800,3.38,5000
2020-10-26 09:30:10.380,3.38,20000
2020-10-26 09:30:10.930,3.38,30000
2020-10-26 09:30:10.960,3.38,100
2020-10-26 09:30:11.060,3.38,1800
2020-10-26 09:30:11.100,3.38,227100
2020-10-26 09:30:11.100,3.38,1000
2020-10-26 09:30:11.100,3.381,71900
2020-10-26 09:30:11.380,3.381,300000
2020-10-26 09:30:11.510,3.381,20000
2020-10-26 09:30:11.790,3.38,3000
2020-10-26 09:30:11.790,3.38,3600
2020-10-26 09:30:11.790,3.38,60000
2020-10-26 09:30:12.160,3.38,3000
2020-10-26 09:30:12.260,3.38,2000
2020-10-26 09:30:12.260,3.38,3300
2020-10-26 09:30:12.290,3.38,2000
2020-10-26 09:30:12.320,3.38,11900
2020-10-26 09:30:12.320,3.38,300000
2020-10-26 09:30:12.460,3.38,1000
2020-10-26 09:30:12.510,3.38,1100
2020-10-26 09:30:12.510,3.379,1000
2020-10-26 09:30:12.510,3.379,1200
2020-10-26 09:30:12.510,3.379,1000
2020-10-26 09:30:12.510,3.379,5000
2020-10-26 09:30:12.510,3.379,100
2020-10-26 09:30:12.510,3.379,5000
2020-10-26 09:30:12.510,3.379,5000
2020-10-26 09:30:12.510,3.379,8000
2020-10-26 09:30:12.510,3.379,1200
2020-10-26 09:30:12.510,3.379,7800
2020-10-26 09:30:12.510,3.379,8000
2020-10-26 09:30:12.510,3.379,80000
2020-10-26 09:30:12.510,3.379,50000
2020-10-26 09:30:12.510,3.379,1000
2020-10-26 09:30:12.510,3.379,500
2020-10-26 09:30:12.510,3.379,300
2020-10-26 09:30:12.510,3.379,50000
2020-10-26 09:30:12.510,3.379,147900
2020-10-26 09:30:12.510,3.379,50000
2020-10-26 09:30:12.510,3.379,6000
2020-10-26 09:30:12.510,3.379,6000
2020-10-26 09:30:12.510,3.379,5000
2020-10-26 09:30:12.510,3.379,4000
2020-10-26 09:30:12.510,3.379,1000
2020-10-26 09:30:12.510,3.379,3700
2020-10-26 09:30:12.510,3.379,20000
2020-10-26 09:30:12.510,3.379,1000
2020-10-26 09:30:12.510,3.379,1000
2020-10-26 09:30:12.510,3.379,6000
2020-10-26 09:30:12.510,3.379,3000
2020-10-26 09:30:12.510,3.379,800
2020-10-26 09:30:12.510,3.379,4000
2020-10-26 09:30:12.510,3.379,10000
2020-10-26 09:30:12.510,3.379,3400
2020-10-26 09:30:12.510,3.379,48500
2020-10-26 09:30:12.510,3.379,2000
2020-10-26 09:30:12.510,3.379,5900
2020-10-26 09:30:12.510,3.379,16300
2020-10-26 09:30:12.510,3.379,30000
2020-10-26 09:30:12.510,3.379,40000
2020-10-26 09:30:12.510,3.378,5000
2020-10-26 09:30:12.510,3.378,2000
2020-10-26 09:30:12.510,3.378,3000
2020-10-26 09:30:12.510,3.378,3800
2020-10-26 09:30:12.510,3.378,1600
2020-10-26 09:30:12.510,3.378,100
2020-10-26 09:30:12.510,3.378,2000
2020-10-26 09:30:12.510,3.378,500
2020-10-26 09:30:12.510,3.378,700
2020-10-26 09:30:12.510,3.378,10000
2020-10-26 09:30:12.510,3.378,300
2020-10-26 09:30:12.510,3.378,20000
2020-10-26 09:30:12.510,3.378,10000
2020-10-26 09:30:12.510,3.378,100
2020-10-26 09:30:12.510,3.378,10600
2020-10-26 09:30:12.510,3.378,1200
2020-10-26 09:30:12.510,3.378,5000
2020-10-26 09:30:12.510,3.378,2000
2020-10-26 09:30:12.510,3.378,8000
2020-10-26 09:30:12.510,3.378,30000
2020-10-26 09:30:12.510,3.378,200
2020-10-26 09:30:12.510,3.378,500
2020-10-26 09:30:12.510,3.378,100000
2020-10-26 09:30:12.510,3.378,1000
2020-10-26 09:30:12.510,3.378,15000
2020-10-26 09:30:12.510,3.378,15000
2020-10-26 09:30:12.510,3.378,11800
2020-10-26 09:30:13.360,3.38,8000
2020-10-26 09:30:13.510,3.38,15000
2020-10-26 09:30:13.880,3.38,600
2020-10-26 09:30:13.980,3.38,6000
2020-10-26 09:30:14.200,3.379,11800
2020-10-26 09:30:14.200,3.379,60000
2020-10-26 09:30:14.290,3.379,100
2020-10-26 09:30:14.470,3.379,2000
2020-10-26 09:30:14.710,3.379,200
2020-10-26 09:30:14.860,3.379,82000
2020-10-26 09:30:14.860,3.379,100000
2020-10-26 09:30:14.900,3.379,600
2020-10-26 09:30:14.990,3.379,643300
2020-10-26 09:30:14.990,3.379,256700
2020-10-26 09:30:14.990,3.379,300000
2020-10-26 09:30:15.050,3.379,30000
2020-10-26 09:30:15.080,3.379,30000
2020-10-26 09:30:15.180,3.379,12000
2020-10-26 09:30:16.090,3.378,15600
2020-10-26 09:30:16.190,3.379,59200
2020-10-26 09:30:16.320,3.379,3800
2020-10-26 09:30:16.350,3.378,2600
2020-10-26 09:30:16.350,3.378,100
2020-10-26 09:30:16.350,3.378,12900
2020-10-26 09:30:16.350,3.379,30000
2020-10-26 09:30:16.480,3.379,4000
2020-10-26 09:30:16.480,3.379,174300
2020-10-26 09:30:16.480,3.379,1000
2020-10-26 09:30:16.480,3.379,1000
2020-10-26 09:30:16.480,3.38,123700
2020-10-26 09:30:16.480,3.38,118600
2020-10-26 09:30:16.510,3.38,4300
2020-10-26 09:30:16.510,3.38,232900
2020-10-26 09:30:16.510,3.38,667100
2020-10-26 09:30:16.570,3.38,10000
2020-10-26 09:30:16.570,3.38,5000
2020-10-26 09:30:16.780,3.379,30000
2020-10-26 09:30:16.870,3.379,1000
2020-10-26 09:30:16.900,3.379,7600
2020-10-26 09:30:17.210,3.379,115300
2020-10-26 09:30:17.210,3.38,5000
2020-10-26 09:30:17.210,3.381,179700
2020-10-26 09:30:17.410,3.381,20000
2020-10-26 09:30:17.470,3.38,14200
2020-10-26 09:30:17.470,3.38,100000
2020-10-26 09:30:17.470,3.378,47100
2020-10-26 09:30:17.470,3.378,100
2020-10-26 09:30:17.470,3.378,21600
2020-10-26 09:30:18.200,3.38,1000
2020-10-26 09:30:18.200,3.38,9500
2020-10-26 09:30:18.760,3.381,40000
2020-10-26 09:30:18.900,3.38,2500
2020-10-26 09:30:19.000,3.381,10000
2020-10-26 09:30:19.000,3.381,20000
2020-10-26 09:30:19.210,3.381,39300
2020-10-26 09:30:19.210,3.381,700
2020-10-26 09:30:19.250,3.381,2300
2020-10-26 09:30:19.250,3.381,37700
2020-10-26 09:30:19.510,3.381,300000
2020-10-26 09:30:20.110,3.381,562300
2020-10-26 09:30:20.110,3.382,11000
2020-10-26 09:30:20.110,3.382,200
2020-10-26 09:30:20.110,3.382,326500
2020-10-26 09:30:20.540,3.38,2000
2020-10-26 09:30:20.540,3.38,14800
2020-10-26 09:30:20.540,3.38,1000
2020-10-26 09:30:20.540,3.38,40000
2020-10-26 09:30:20.540,3.38,3000
2020-10-26 09:30:20.540,3.38,88400
2020-10-26 09:30:20.690,3.38,10100
2020-10-26 09:30:20.880,3.38,70700
2020-10-26 09:30:21.230,3.381,4300
2020-10-26 09:30:21.230,3.38,130800
2020-10-26 09:30:21.230,3.38,9000
2020-10-26 09:30:21.230,3.38,300000
2020-10-26 09:30:21.230,3.38,60000
2020-10-26 09:30:21.390,3.38,2000
2020-10-26 09:30:21.430,3.379,3400
2020-10-26 09:30:21.430,3.38,300
2020-10-26 09:30:21.530,3.38,90000
2020-10-26 09:30:21.770,3.38,1000
2020-10-26 09:30:22.100,3.379,3400
2020-10-26 09:30:22.160,3.38,15000
2020-10-26 09:30:22.510,3.38,287600
2020-10-26 09:30:22.510,3.38,12400
2020-10-26 09:30:22.570,3.38,60000
2020-10-26 09:30:22.670,3.38,700
2020-10-26 09:30:22.670,3.38,59200
2020-10-26 09:30:22.730,3.379,700
2020-10-26 09:30:22.760,3.379,32500
2020-10-26 09:30:22.760,3.379,400
2020-10-26 09:30:22.760,3.379,17100
2020-10-26 09:30:22.850,3.379,22900
2020-10-26 09:30:22.850,3.379,7100
2020-10-26 09:30:23.170,3.38,40000
2020-10-26 09:30:23.230,3.38,40000
2020-10-26 09:30:23.230,3.38,20000
2020-10-26 09:30:23.230,3.38,300000
2020-10-26 09:30:23.500,3.38,61800
2020-10-26 09:30:23.530,3.38,60000
2020-10-26 09:30:23.530,3.379,12900
2020-10-26 09:30:23.530,3.379,500
2020-10-26 09:30:23.720,3.38,5000
2020-10-26 09:30:23.810,3.38,11900
2020-10-26 09:30:24.060,3.38,500
2020-10-26 09:30:24.190,3.38,2700
2020-10-26 09:30:24.420,3.38,400
2020-10-26 09:30:24.450,3.38,3300
2020-10-26 09:30:24.590,3.38,5000
2020-10-26 09:30:24.590,3.38,60000
2020-10-26 09:30:24.910,3.38,157100
2020-10-26 09:30:24.910,3.38,142900
2020-10-26 09:30:25.040,3.38,120700
2020-10-26 09:30:25.210,3.38,10000
2020-10-26 09:30:25.430,3.379,4500
2020-10-26 09:30:25.430,3.379,10000
2020-10-26 09:30:25.430,3.379,300000
2020-10-26 09:30:25.430,3.379,2000
2020-10-26 09:30:25.430,3.378,1000
2020-10-26 09:30:25.430,3.378,12000
2020-10-26 09:30:25.430,3.378,10000
2020-10-26 09:30:25.430,3.378,6000
2020-10-26 09:30:25.430,3.378,700
2020-10-26 09:30:25.430,3.378,100
2020-10-26 09:30:25.430,3.378,10000
2020-10-26 09:30:25.430,3.378,1000
2020-10-26 09:30:25.430,3.378,33900
2020-10-26 09:30:25.550,3.378,30000
2020-10-26 09:30:25.550,3.378,40000
2020-10-26 09:30:25.740,3.378,5900
2020-10-26 09:30:25.740,3.378,3500
2020-10-26 09:30:25.830,3.378,50000
2020-10-26 09:30:25.860,3.378,300000
2020-10-26 09:30:25.980,3.378,40000
2020-10-26 09:30:26.050,3.378,39400
2020-10-26 09:30:26.050,3.38,20000
2020-10-26 09:30:26.050,3.38,500
2020-10-26 09:30:26.260,3.38,1000
2020-10-26 09:30:26.590,3.379,100000
2020-10-26 09:30:26.590,3.379,1000
2020-10-26 09:30:26.590,3.379,60000
2020-10-26 09:30:26.590,3.379,300000
2020-10-26 09:30:26.660,3.379,5000
2020-10-26 09:30:26.660,3.379,600
2020-10-26 09:30:26.660,3.379,300000
2020-10-26 09:30:26.720,3.379,100000
2020-10-26 09:30:26.750,3.379,33400
2020-10-26 09:30:26.750,3.38,266600
2020-10-26 09:30:27.100,3.38,200000
2020-10-26 09:30:27.120,3.38,900
2020-10-26 09:30:27.270,3.38,10000
2020-10-26 09:30:27.440,3.38,10700
2020-10-26 09:30:27.650,3.38,116700
2020-10-26 09:30:27.650,3.38,300
2020-10-26 09:30:27.650,3.38,183000
2020-10-26 09:30:28.330,3.379,6100
2020-10-26 09:30:28.650,3.38,2000
2020-10-26 09:30:28.970,3.38,300000
2020-10-26 09:30:29.030,3.379,53900
2020-10-26 09:30:29.030,3.379,5000
2020-10-26 09:30:29.190,3.379,600
2020-10-26 09:30:29.250,3.378,1000
2020-10-26 09:30:29.250,3.378,3000
2020-10-26 09:30:29.250,3.378,200
2020-10-26 09:30:29.250,3.378,4300
2020-10-26 09:30:29.250,3.378,40000
2020-10-26 09:30:29.250,3.378,3000
2020-10-26 09:30:29.250,3.377,900
2020-10-26 09:30:29.250,3.377,2000
2020-10-26 09:30:29.250,3.377,5000
2020-10-26 09:30:29.250,3.379,3000
2020-10-26 09:30:29.360,3.379,36500
2020-10-26 09:30:29.360,3.38,263500
2020-10-26 09:30:29.460,3.379,2000
2020-10-26 09:30:29.460,3.379,6000
2020-10-26 09:30:29.460,3.378,2000
2020-10-26 09:30:29.570,3.38,2500
2020-10-26 09:30:29.570,3.38,149000
2020-10-26 09:30:29.570,3.38,19800
2020-10-26 09:30:29.570,3.38,5000
2020-10-26 09:30:29.570,3.38,126200
2020-10-26 09:30:29.660,3.38,5000
2020-10-26 09:30:29.940,3.38,3700
2020-10-26 09:30:30.030,3.38,12000
2020-10-26 09:30:30.100,3.38,300000
2020-10-26 09:30:31.450,3.38,126600
2020-10-26 09:30:31.450,3.381,173400
2020-10-26 09:30:32.020,3.38,300000
2020-10-26 09:30:32.020,3.38,8000
2020-10-26 09:30:32.080,3.38,5000
2020-10-26 09:30:32.110,3.38,300000
2020-10-26 09:30:32.170,3.38,500
2020-10-26 09:30:32.230,3.38,1000
2020-10-26 09:30:32.330,3.38,30000
2020-10-26 09:30:32.840,3.379,60000
2020-10-26 09:30:32.840,3.379,9200
2020-10-26 09:30:32.840,3.379,3000
2020-10-26 09:30:32.840,3.379,800
2020-10-26 09:30:32.840,3.378,5000
2020-10-26 09:30:32.840,3.378,5000
2020-10-26 09:30:32.840,3.378,1000
2020-10-26 09:30:32.840,3.378,5000
2020-10-26 09:30:32.840,3.378,14800
2020-10-26 09:30:32.840,3.378,2000
2020-10-26 09:30:32.900,3.378,1500
2020-10-26 09:30:33.090,3.378,4500
2020-10-26 09:30:33.090,3.378,20000
2020-10-26 09:30:33.120,3.378,300000
2020-10-26 09:30:33.240,3.378,6000
2020-10-26 09:30:33.440,3.378,300000
2020-10-26 09:30:33.440,3.378,500
2020-10-26 09:30:33.470,3.378,18200
2020-10-26 09:30:33.980,3.38,400
2020-10-26 09:30:34.170,3.379,900
2020-10-26 09:30:34.200,3.38,255100
2020-10-26 09:30:34.200,3.38,44900
2020-10-26 09:30:34.360,3.38,300
2020-10-26 09:30:34.650,3.379,50000
2020-10-26 09:30:35.080,3.38,6000
2020-10-26 09:30:35.150,3.38,5000
2020-10-26 09:30:35.300,3.379,11000
2020-10-26 09:30:35.300,3.38,30000
2020-10-26 09:30:35.400,3.38,300000
2020-10-26 09:30:36.280,3.38,10000
2020-10-26 09:30:36.490,3.38,50000
2020-10-26 09:30:36.930,3.38,2900
2020-10-26 09:30:37.060,3.38,14400
2020-10-26 09:30:37.340,3.38,300000
2020-10-26 09:30:37.490,3.379,30800
2020-10-26 09:30:37.530,3.378,11800
2020-10-26 09:30:37.530,3.378,10000
2020-10-26 09:30:37.530,3.378,1000
2020-10-26 09:30:37.530,3.378,1800
2020-10-26 09:30:37.530,3.378,75400
2020-10-26 09:30:37.850,3.379,20000
2020-10-26 09:30:37.850,3.379,300000
2020-10-26 09:30:37.910,3.379,14900
2020-10-26 09:30:38.070,3.379,100000
2020-10-26 09:30:38.070,3.38,136500
2020-10-26 09:30:38.070,3.38,63500
2020-10-26 09:30:38.390,3.379,144000
2020-10-26 09:30:38.390,3.38,116500
2020-10-26 09:30:38.390,3.38,32200
2020-10-26 09:30:38.390,3.381,7300
2020-10-26 09:30:38.480,3.38,6000
2020-10-26 09:30:38.480,3.38,88300
2020-10-26 09:30:38.650,3.38,1000
2020-10-26 09:30:39.380,3.38,6000
2020-10-26 09:30:39.380,3.38,4000
2020-10-26 09:30:39.480,3.379,60000
2020-10-26 09:30:39.480,3.379,4400
2020-10-26 09:30:39.480,3.379,10000
2020-10-26 09:30:39.480,3.379,5000
2020-10-26 09:30:39.480,3.378,20000
2020-10-26 09:30:39.480,3.378,9000
2020-10-26 09:30:39.480,3.378,3700
2020-10-26 09:30:39.480,3.378,7200
2020-10-26 09:30:39.510,3.38,14800
2020-10-26 09:30:39.650,3.38,20200
2020-10-26 09:30:39.650,3.38,100
2020-10-26 09:30:40.460,3.38,100
2020-10-26 09:30:40.460,3.38,15000
2020-10-26 09:30:40.460,3.38,26600
2020-10-26 09:30:40.460,3.378,2800
2020-10-26 09:30:40.460,3.378,15000
2020-10-26 09:30:40.460,3.378,3000
2020-10-26 09:30:40.500,3.378,32000
2020-10-26 09:30:40.500,3.378,60000
2020-10-26 09:30:40.850,3.378,5000
2020-10-26 09:30:40.910,3.378,3000
2020-10-26 09:30:41.130,3.377,6900
2020-10-26 09:30:41.130,3.377,700
2020-10-26 09:30:41.130,3.379,3800
2020-10-26 09:30:41.160,3.379,2000
2020-10-26 09:30:41.530,3.379,60000
2020-10-26 09:30:41.640,3.379,30000
2020-10-26 09:30:41.940,3.379,200
2020-10-26 09:30:41.940,3.379,900
2020-10-26 09:30:41.970,3.378,3000
2020-10-26 09:30:41.970,3.378,90000
2020-10-26 09:30:41.970,3.378,3100
2020-10-26 09:30:41.970,3.378,2000
2020-10-26 09:30:41.970,3.377,4300
2020-10-26 09:30:41.970,3.377,5000
2020-10-26 09:30:41.970,3.377,100
2020-10-26 09:30:41.970,3.377,1000
2020-10-26 09:30:41.970,3.377,300000
2020-10-26 09:30:41.970,3.377,6900
2020-10-26 09:30:41.970,3.377,14900
2020-10-26 09:30:41.970,3.377,5000
2020-10-26 09:30:41.970,3.377,2000
2020-10-26 09:30:41.970,3.377,10000
2020-10-26 09:30:41.970,3.377,4000
2020-10-26 09:30:41.970,3.377,10000
2020-10-26 09:30:42.000,3.377,266700
2020-10-26 09:30:42.130,3.379,3100
2020-10-26 09:30:42.130,3.379,6900
2020-10-26 09:30:42.130,3.379,1500
2020-10-26 09:30:42.510,3.379,60000
2020-10-26 09:30:42.540,3.379,1200
2020-10-26 09:30:42.540,3.38,300
2020-10-26 09:30:42.920,3.38,5000
2020-10-26 09:30:42.950,3.38,94700
2020-10-26 09:30:42.950,3.38,5300
2020-10-26 09:30:42.980,3.38,10000
2020-10-26 09:30:43.040,3.38,3000
2020-10-26 09:30:43.320,3.378,1300
2020-10-26 09:30:43.320,3.378,300
2020-10-26 09:30:43.320,3.377,33300
2020-10-26 09:30:43.320,3.377,3000
2020-10-26 09:30:43.480,3.377,10000
2020-10-26 09:30:43.480,3.377,300
2020-10-26 09:30:43.510,3.377,30000
2020-10-26 09:30:43.610,3.377,21800
2020-10-26 09:30:43.610,3.38,8200
2020-10-26 09:30:43.700,3.38,1000
2020-10-26 09:30:43.850,3.38,500
2020-10-26 09:30:44.130,3.379,9000
2020-10-26 09:30:44.260,3.38,87200
2020-10-26 09:30:44.740,3.38,4500
2020-10-26 09:30:44.930,3.38,3000
2020-10-26 09:30:45.310,3.38,200000
2020-10-26 09:30:46.010,3.381,11000
2020-10-26 09:30:47.020,3.381,289000
2020-10-26 09:30:47.730,3.382,100000
2020-10-26 09:30:48.330,3.38,5300
2020-10-26 09:30:48.330,3.38,10000
2020-10-26 09:30:48.330,3.38,33800
2020-10-26 09:30:48.330,3.38,250900
2020-10-26 09:30:48.390,3.382,300
2020-10-26 09:30:48.390,3.382,300
2020-10-26 09:30:49.850,3.381,500
2020-10-26 09:30:49.890,3.381,1700
2020-10-26 09:30:49.890,3.381,300
2020-10-26 09:30:49.890,3.381,1000
2020-10-26 09:30:50.080,3.381,50000
2020-10-26 09:30:50.080,3.38,600
2020-10-26 09:30:50.380,3.381,7500
2020-10-26 09:30:50.380,3.382,292500
2020-10-26 09:30:50.470,3.38,1300
2020-10-26 09:30:51.010,3.382,1700
2020-10-26 09:30:51.300,3.382,10000
2020-10-26 09:30:52.000,3.382,30000
2020-10-26 09:30:52.340,3.382,140000
2020-10-26 09:30:52.340,3.383,160000
2020-10-26 09:30:53.320,3.383,17300
2020-10-26 09:30:53.450,3.382,1500
2020-10-26 09:30:53.450,3.382,3500
2020-10-26 09:30:53.610,3.382,11000
2020-10-26 09:30:54.220,3.382,15500
2020-10-26 09:30:54.220,3.382,142600
2020-10-26 09:30:54.420,3.383,2700
2020-10-26 09:30:54.420,3.383,85900
2020-10-26 09:30:54.950,3.383,1000
2020-10-26 09:30:56.010,3.384,100
2020-10-26 09:30:56.010,3.384,115200
2020-10-26 09:30:56.010,3.384,180000
2020-10-26 09:30:56.010,3.384,4700
2020-10-26 09:30:56.570,3.383,400
2020-10-26 09:30:56.570,3.383,200
2020-10-26 09:30:56.570,3.383,6000
2020-10-26 09:30:56.570,3.383,300000
2020-10-26 09:30:56.860,3.383,300
2020-10-26 09:30:56.960,3.383,14800
2020-10-26 09:30:57.210,3.384,700
2020-10-26 09:30:57.400,3.383,1000
2020-10-26 09:30:57.400,3.382,157400
2020-10-26 09:30:57.400,3.382,10000
2020-10-26 09:30:57.400,3.382,100
2020-10-26 09:30:57.400,3.382,30800
2020-10-26 09:30:57.400,3.382,10000
2020-10-26 09:30:57.400,3.382,100
2020-10-26 09:30:57.400,3.381,50000
2020-10-26 09:30:57.400,3.381,467200
2020-10-26 09:30:57.780,3.383,11700
2020-10-26 09:30:58.170,3.383,1000
2020-10-26 09:30:58.170,3.384,1000
2020-10-26 09:30:58.840,3.383,17300
2020-10-26 09:30:58.840,3.383,300000
2020-10-26 09:30:58.840,3.383,28300
2020-10-26 09:30:58.960,3.383,3000
2020-10-26 09:30:59.280,3.383,33700
2020-10-26 09:30:59.280,3.383,1700
2020-10-26 09:30:59.380,3.383,100
2020-10-26 09:30:59.440,3.383,11700
2020-10-26 09:30:59.580,3.383,286500
2020-10-26 09:30:59.580,3.383,30000
2020-10-26 09:30:59.640,3.382,4100
2020-10-26 09:30:59.740,3.383,3000
2020-10-26 09:30:59.780,3.382,1900
2020-10-26 09:30:59.900,3.383,12400
2020-10-26 09:30:59.940,3.383,40000
2020-10-26 09:31:01.020,3.382,11700
2020-10-26 09:31:01.170,3.382,882300
2020-10-26 09:31:01.170,3.382,5000
2020-10-26 09:31:01.170,3.382,2000
2020-10-26 09:31:01.170,3.382,10700
2020-10-26 09:31:01.260,3.383,5000
2020-10-26 09:31:01.460,3.383,32000
2020-10-26 09:31:01.490,3.382,3000
2020-10-26 09:31:01.600,3.382,500
2020-10-26 09:31:02.150,3.382,15400
2020-10-26 09:31:02.150,3.382,10000
2020-10-26 09:31:02.150,3.382,4200
2020-10-26 09:31:02.400,3.382,12100
2020-10-26 09:31:02.500,3.382,20000
2020-10-26 09:31:02.690,3.382,118300
2020-10-26 09:31:02.690,3.382,7600
2020-10-26 09:31:02.690,3.383,123800
2020-10-26 09:31:02.810,3.383,30000
2020-10-26 09:31:02.870,3.383,500
2020-10-26 09:31:03.410,3.383,1500
2020-10-26 09:31:03.680,3.383,7000
2020-10-26 09:31:03.930,3.383,2500
2020-10-26 09:31:03.930,3.383,500
2020-10-26 09:31:04.020,3.383,400
2020-10-26 09:31:04.050,3.382,5000
2020-10-26 09:31:04.050,3.382,3000
2020-10-26 09:31:04.280,3.381,10000
2020-10-26 09:31:04.310,3.381,2900
2020-10-26 09:31:04.410,3.382,92000
2020-10-26 09:31:04.410,3.383,208000
2020-10-26 09:31:04.500,3.381,3100
2020-10-26 09:31:04.500,3.381,200000
2020-10-26 09:31:04.500,3.381,20000
2020-10-26 09:31:04.500,3.381,6500
2020-10-26 09:31:04.500,3.381,10000
2020-10-26 09:31:04.500,3.381,45400
2020-10-26 09:31:04.500,3.381,100000
2020-10-26 09:31:04.500,3.381,2900
2020-10-26 09:31:04.500,3.381,44400
2020-10-26 09:31:04.500,3.381,10000
2020-10-26 09:31:04.500,3.381,100
2020-10-26 09:31:04.500,3.381,17800
2020-10-26 09:31:04.500,3.381,3000
2020-10-26 09:31:04.500,3.381,10000
2020-10-26 09:31:04.500,3.38,47200
2020-10-26 09:31:04.500,3.38,90000
2020-10-26 09:31:04.500,3.38,162800
2020-10-26 09:31:04.950,3.381,2000
2020-10-26 09:31:04.980,3.381,12000
2020-10-26 09:31:05.400,3.383,10000
2020-10-26 09:31:05.790,3.382,35400
2020-10-26 09:31:05.790,3.382,54600
2020-10-26 09:31:05.890,3.382,31000
2020-10-26 09:31:05.920,3.382,800
2020-10-26 09:31:05.950,3.382,1200
2020-10-26 09:31:05.950,3.381,5000
2020-10-26 09:31:05.950,3.38,5800
2020-10-26 09:31:06.150,3.381,5000
2020-10-26 09:31:06.150,3.382,1700
2020-10-26 09:31:06.220,3.382,10000
2020-10-26 09:31:06.220,3.382,100000
2020-10-26 09:31:06.350,3.382,300
2020-10-26 09:31:06.480,3.38,30500
2020-10-26 09:31:06.480,3.382,1000
2020-10-26 09:31:06.670,3.382,10000
2020-10-26 09:31:06.930,3.381,3500
2020-10-26 09:31:07.020,3.38,5000
2020-10-26 09:31:07.080,3.381,3000
2020-10-26 09:31:07.480,3.381,9900
2020-10-26 09:31:07.550,3.381,3600
2020-10-26 09:31:07.550,3.381,300
2020-10-26 09:31:07.550,3.382,177000
2020-10-26 09:31:07.550,3.382,40000
2020-10-26 09:31:07.550,3.383,79100
2020-10-26 09:31:07.940,3.383,5000
2020-10-26 09:31:07.970,3.381,300000
2020-10-26 09:31:07.970,3.38,95900
2020-10-26 09:31:07.970,3.38,10000
2020-10-26 09:31:07.970,3.38,1200
2020-10-26 09:31:07.970,3.38,3000
2020-10-26 09:31:07.970,3.38,30000
2020-10-26 09:31:07.970,3.38,100
2020-10-26 09:31:07.970,3.38,10000
2020-10-26 09:31:07.970,3.38,2200
2020-10-26 09:31:07.970,3.38,200000
2020-10-26 09:31:07.970,3.38,3000
2020-10-26 09:31:07.970,3.38,60000
2020-10-26 09:31:07.970,3.38,100
2020-10-26 09:31:07.970,3.38,10000
2020-10-26 09:31:07.970,3.38,8000
2020-10-26 09:31:07.970,3.38,10000
2020-10-26 09:31:07.970,3.38,4000
2020-10-26 09:31:07.970,3.38,11900
2020-10-26 09:31:07.970,3.38,200
2020-10-26 09:31:07.970,3.38,20000
2020-10-26 09:31:07.970,3.38,100
2020-10-26 09:31:07.970,3.38,10000
2020-10-26 09:31:07.970,3.38,2000
2020-10-26 09:31:07.970,3.38,20000
2020-10-26 09:31:08.120,3.379,5600
2020-10-26 09:31:08.120,3.379,1100
2020-10-26 09:31:08.250,3.379,3900
2020-10-26 09:31:08.250,3.379,65000
2020-10-26 09:31:08.250,3.379,32000
2020-10-26 09:31:08.250,3.379,300
2020-10-26 09:31:08.250,3.379,6000
2020-10-26 09:31:08.250,3.379,10000
2020-10-26 09:31:08.250,3.379,10000
2020-10-26 09:31:08.250,3.379,50000
2020-10-26 09:31:08.320,3.379,6700
2020-10-26 09:31:08.320,3.38,83300
2020-10-26 09:31:08.480,3.378,10000
2020-10-26 09:31:08.480,3.378,90000
2020-10-26 09:31:08.480,3.378,50000
2020-10-26 09:31:08.480,3.378,6000
2020-10-26 09:31:08.480,3.378,1000
2020-10-26 09:31:08.480,3.378,2400
2020-10-26 09:31:08.480,3.378,30000
2020-10-26 09:31:08.480,3.378,5600
2020-10-26 09:31:08.580,3.38,600
2020-10-26 09:31:08.740,3.38,3000
2020-10-26 09:31:09.140,3.38,5000
2020-10-26 09:31:09.310,3.379,5000
2020-10-26 09:31:09.310,3.379,30000
2020-10-26 09:31:09.640,3.379,15000
2020-10-26 09:31:09.790,3.38,10000
2020-10-26 09:31:09.860,3.38,2000
2020-10-26 09:31:10.260,3.38,5000
2020-10-26 09:31:10.350,3.38,1000
2020-10-26 09:31:10.350,3.38,10000
2020-10-26 09:31:10.440,3.38,3000
2020-10-26 09:31:10.870,3.38,4200
2020-10-26 09:31:11.220,3.38,18800
2020-10-26 09:31:11.220,3.38,200
2020-10-26 09:31:11.470,3.38,10000
2020-10-26 09:31:11.610,3.38,29600
2020-10-26 09:31:11.640,3.38,300000
2020-10-26 09:31:11.740,3.38,8000
2020-10-26 09:31:11.910,3.38,4100
2020-10-26 09:31:12.040,3.38,13200
2020-10-26 09:31:12.550,3.38,12000
2020-10-26 09:31:12.550,3.379,16000
2020-10-26 09:31:12.550,3.378,300
2020-10-26 09:31:12.550,3.378,1000
2020-10-26 09:31:12.550,3.378,300
2020-10-26 09:31:12.550,3.378,2000
2020-10-26 09:31:12.550,3.378,1500
2020-10-26 09:31:12.550,3.378,10000
2020-10-26 09:31:12.550,3.378,5000
2020-10-26 09:31:12.550,3.378,5000
2020-10-26 09:31:12.550,3.378,2000
2020-10-26 09:31:12.550,3.378,2900
2020-10-26 09:31:12.550,3.378,700
2020-10-26 09:31:12.550,3.378,1800
2020-10-26 09:31:12.550,3.378,30000
2020-10-26 09:31:12.550,3.378,12000
2020-10-26 09:31:12.550,3.378,100
2020-10-26 09:31:12.550,3.378,800
2020-10-26 09:31:12.550,3.378,6000
2020-10-26 09:31:12.550,3.378,3000
2020-10-26 09:31:12.590,3.378,10000
2020-10-26 09:31:12.820,3.378,60000
2020-10-26 09:31:12.980,3.378,10400
2020-10-26 09:31:13.170,3.378,3000
2020-10-26 09:31:13.260,3.378,16200
2020-10-26 09:31:13.260,3.379,2600
2020-10-26 09:31:13.260,3.38,10700
2020-10-26 09:31:13.570,3.38,20000
2020-10-26 09:31:13.700,3.38,2700
2020-10-26 09:31:13.910,3.38,1000
2020-10-26 09:31:13.910,3.38,10000
2020-10-26 09:31:14.060,3.38,10000
2020-10-26 09:31:14.120,3.38,100
2020-10-26 09:31:14.540,3.38,4000
2020-10-26 09:31:14.790,3.38,3000
2020-10-26 09:31:14.860,3.38,3000
2020-10-26 09:31:15.050,3.38,11800
2020-10-26 09:31:15.050,3.38,300000
2020-10-26 09:31:15.290,3.38,4300
2020-10-26 09:31:15.350,3.38,16000
2020-10-26 09:31:15.450,3.38,63700
2020-10-26 09:31:15.450,3.38,100
2020-10-26 09:31:15.450,3.38,16200
2020-10-26 09:31:15.450,3.38,3000
2020-10-26 09:31:15.600,3.38,18200
2020-10-26 09:31:15.760,3.379,400
2020-10-26 09:31:15.760,3.38,139000
2020-10-26 09:31:15.760,3.38,4700
2020-10-26 09:31:15.760,3.381,56300
2020-10-26 09:31:16.360,3.381,300000
2020-10-26 09:31:16.880,3.38,300
2020-10-26 09:31:16.880,3.38,138800
2020-10-26 09:31:16.940,3.38,600
2020-10-26 09:31:17.100,3.381,300000
2020-10-26 09:31:17.550,3.381,25600
2020-10-26 09:31:17.800,3.381,18000
2020-10-26 09:31:18.090,3.381,10000
2020-10-26 09:31:18.210,3.381,10000
2020-10-26 09:31:19.320,3.38,5000
2020-10-26 09:31:20.230,3.38,20000
2020-10-26 09:31:20.580,3.38,50000
2020-10-26 09:31:21.170,3.381,21300
2020-10-26 09:31:21.500,3.38,85600
2020-10-26 09:31:21.500,3.38,10000
2020-10-26 09:31:21.500,3.38,10000
2020-10-26 09:31:21.500,3.38,9000
2020-10-26 09:31:21.500,3.38,6700
2020-10-26 09:31:21.500,3.38,293300
2020-10-26 09:31:21.500,3.38,30000
2020-10-26 09:31:21.500,3.38,158300
2020-10-26 09:31:21.500,3.38,10000
2020-10-26 09:31:21.500,3.38,300
2020-10-26 09:31:21.500,3.38,10000
2020-10-26 09:31:21.500,3.38,3000
2020-10-26 09:31:21.500,3.38,200
2020-10-26 09:31:21.500,3.38,5000
2020-10-26 09:31:21.500,3.38,1500
2020-10-26 09:31:21.500,3.38,3000
2020-10-26 09:31:21.500,3.38,12000
2020-10-26 09:31:21.500,3.38,5000
2020-10-26 09:31:21.940,3.38,3900
2020-10-26 09:31:21.970,3.38,1000
2020-10-26 09:31:22.160,3.38,100
2020-10-26 09:31:22.410,3.38,2000
2020-10-26 09:31:22.620,3.38,140000
2020-10-26 09:31:22.710,3.38,4000
2020-10-26 09:31:22.890,3.38,100
2020-10-26 09:31:22.920,3.38,300
2020-10-26 09:31:23.100,3.38,300
2020-10-26 09:31:23.410,3.38,50000
2020-10-26 09:31:23.740,3.38,4300
2020-10-26 09:31:24.460,3.38,300000
2020-10-26 09:31:24.580,3.38,2000
2020-10-26 09:31:24.670,3.379,15300
2020-10-26 09:31:24.670,3.379,10000
2020-10-26 09:31:24.670,3.378,1700
2020-10-26 09:31:24.800,3.38,3000
2020-10-26 09:31:24.900,3.38,200
2020-10-26 09:31:25.020,3.38,5900
2020-10-26 09:31:25.240,3.38,100
2020-10-26 09:31:25.270,3.38,15000
2020-10-26 09:31:25.560,3.379,2400
2020-10-26 09:31:25.620,3.379,2500
2020-10-26 09:31:26.010,3.379,50000
2020-10-26 09:31:26.010,3.378,300
2020-10-26 09:31:26.010,3.378,6200
2020-10-26 09:31:26.010,3.378,10000
2020-10-26 09:31:26.010,3.378,400
2020-10-26 09:31:26.010,3.378,50000
2020-10-26 09:31:26.010,3.378,100
2020-10-26 09:31:26.010,3.378,1500
2020-10-26 09:31:26.010,3.378,2900
2020-10-26 09:31:26.010,3.378,20000
2020-10-26 09:31:26.010,3.378,3000
2020-10-26 09:31:26.010,3.378,15000
2020-10-26 09:31:26.010,3.378,500
2020-10-26 09:31:26.070,3.378,10000
2020-10-26 09:31:26.360,3.378,10000
2020-10-26 09:31:26.390,3.378,170100
2020-10-26 09:31:26.390,3.38,129900
2020-10-26 09:31:26.390,3.38,800
2020-10-26 09:31:26.950,3.379,2500
2020-10-26 09:31:27.070,3.379,29800
2020-10-26 09:31:27.710,3.38,15000
2020-10-26 09:31:27.840,3.38,35000
2020-10-26 09:31:27.840,3.38,5000
2020-10-26 09:31:28.060,3.379,270200
2020-10-26 09:31:28.650,3.379,2000
2020-10-26 09:31:28.990,3.379,34300
2020-10-26 09:31:28.990,3.379,265700
2020-10-26 09:31:29.140,3.379,3000
2020-10-26 09:31:29.200,3.379,10300
2020-10-26 09:31:29.630,3.378,5000
2020-10-26 09:31:29.660,3.378,5000
2020-10-26 09:31:29.660,3.379,21000
2020-10-26 09:31:29.660,3.379,300
2020-10-26 09:31:29.660,3.38,23600
2020-10-26 09:31:30.140,3.378,1000
2020-10-26 09:31:31.000,3.379,200
2020-10-26 09:31:31.220,3.378,1000
2020-10-26 09:31:31.220,3.378,500
2020-10-26 09:31:31.220,3.377,3100
2020-10-26 09:31:31.290,3.379,400
2020-10-26 09:31:31.290,3.379,9600
2020-10-26 09:31:31.320,3.379,9100
2020-10-26 09:31:31.320,3.379,10900
2020-10-26 09:31:31.410,3.379,300
2020-10-26 09:31:31.530,3.377,1900
2020-10-26 09:31:31.530,3.377,44100
2020-10-26 09:31:31.530,3.377,3000
2020-10-26 09:31:31.530,3.377,200
2020-10-26 09:31:31.530,3.377,1000
2020-10-26 09:31:31.530,3.377,2200
2020-10-26 09:31:31.530,3.377,3000
2020-10-26 09:31:31.530,3.377,500
2020-10-26 09:31:31.530,3.377,5000
2020-10-26 09:31:31.530,3.377,3000
2020-10-26 09:31:31.530,3.377,15000
2020-10-26 09:31:31.530,3.377,1600
2020-10-26 09:31:31.530,3.377,60000
2020-10-26 09:31:31.530,3.376,10000
2020-10-26 09:31:31.530,3.376,6000
2020-10-26 09:31:31.530,3.376,2000
2020-10-26 09:31:31.530,3.376,2000
2020-10-26 09:31:31.530,3.376,100
2020-10-26 09:31:31.530,3.376,15300
2020-10-26 09:31:31.530,3.376,3000
2020-10-26 09:31:31.530,3.376,30000
2020-10-26 09:31:31.530,3.376,100
2020-10-26 09:31:31.530,3.376,9300
2020-10-26 09:31:31.530,3.376,3100
2020-10-26 09:31:31.530,3.376,20000
2020-10-26 09:31:31.530,3.376,14800
2020-10-26 09:31:31.530,3.376,50000
2020-10-26 09:31:31.530,3.376,20000
2020-10-26 09:31:31.530,3.376,1000
2020-10-26 09:31:31.530,3.376,5700
2020-10-26 09:31:31.530,3.376,600
2020-10-26 09:31:31.530,3.376,10000
2020-10-26 09:31:31.530,3.376,3000
2020-10-26 09:31:31.530,3.376,3000
2020-10-26 09:31:31.530,3.376,2000
2020-10-26 09:31:31.530,3.376,1500
2020-10-26 09:31:31.530,3.376,300
2020-10-26 09:31:31.530,3.376,100
2020-10-26 09:31:31.530,3.376,5000
2020-10-26 09:31:31.530,3.376,5000
2020-10-26 09:31:31.530,3.376,1400
2020-10-26 09:31:31.530,3.376,10000
2020-10-26 09:31:31.530,3.376,500
2020-10-26 09:31:31.530,3.376,100
2020-10-26 09:31:31.530,3.376,3000
2020-10-26 09:31:31.530,3.376,15000
2020-10-26 09:31:31.530,3.376,10000
2020-10-26 09:31:31.620,3.376,3000
2020-10-26 09:31:31.650,3.376,9300
2020-10-26 09:31:31.750,3.376,25100
2020-10-26 09:31:32.010,3.376,6000
2020-10-26 09:31:32.010,3.376,2000
2020-10-26 09:31:32.140,3.376,1100
2020-10-26 09:31:32.290,3.376,3500
2020-10-26 09:31:32.440,3.376,60000
2020-10-26 09:31:32.620,3.376,2500
2020-10-26 09:31:32.870,3.376,5000
2020-10-26 09:31:32.870,3.376,9000
2020-10-26 09:31:32.990,3.376,300000
2020-10-26 09:31:33.050,3.376,170100
2020-10-26 09:31:33.050,3.376,11700
2020-10-26 09:31:33.210,3.377,1400
2020-10-26 09:31:33.240,3.377,10000
2020-10-26 09:31:33.300,3.377,10900
2020-10-26 09:31:33.300,3.377,65000
2020-10-26 09:31:33.430,3.377,20000
2020-10-26 09:31:34.840,3.377,1000
2020-10-26 09:31:35.030,3.377,10000
2020-10-26 09:31:36.120,3.377,100000
2020-10-26 09:31:36.120,3.377,10000
2020-10-26 09:31:36.210,3.377,300000
2020-10-26 09:31:36.210,3.377,5000
2020-10-26 09:31:36.270,3.377,3000
2020-10-26 09:31:36.490,3.377,2000
2020-10-26 09:31:36.860,3.376,50900
2020-10-26 09:31:37.910,3.376,50000
2020-10-26 09:31:38.010,3.377,300000
2020-10-26 09:31:38.080,3.376,17300
2020-10-26 09:31:38.080,3.376,100000
2020-10-26 09:31:38.080,3.376,48400
2020-10-26 09:31:38.460,3.376,6200
2020-10-26 09:31:38.710,3.376,45400
2020-10-26 09:31:38.710,3.376,10000
2020-10-26 09:31:38.710,3.376,20000
2020-10-26 09:31:38.710,3.376,80000
2020-10-26 09:31:38.710,3.376,60000
2020-10-26 09:31:38.710,3.376,10000
2020-10-26 09:31:38.710,3.376,100
2020-10-26 09:31:38.710,3.376,60000
2020-10-26 09:31:39.110,3.376,100000
2020-10-26 09:31:39.110,3.376,50000
2020-10-26 09:31:39.110,3.376,80000
2020-10-26 09:31:39.110,3.376,80000
2020-10-26 09:31:39.110,3.376,3300
2020-10-26 09:31:39.240,3.376,900
2020-10-26 09:31:39.340,3.376,5000
2020-10-26 09:31:39.710,3.376,7000
2020-10-26 09:31:39.740,3.376,20000
2020-10-26 09:31:41.010,3.376,200
2020-10-26 09:31:41.200,3.376,500
2020-10-26 09:31:41.200,3.376,900
2020-10-26 09:31:41.480,3.376,5000
2020-10-26 09:31:41.540,3.376,10000
2020-10-26 09:31:41.780,3.376,1000
2020-10-26 09:31:41.860,3.376,16700
2020-10-26 09:31:41.860,3.376,200
2020-10-26 09:31:41.980,3.376,2600
2020-10-26 09:31:42.040,3.376,20000
2020-10-26 09:31:42.210,3.376,56500
2020-10-26 09:31:42.460,3.376,1500
2020-10-26 09:31:42.460,3.376,1000
2020-10-26 09:31:42.520,3.376,50000
2020-10-26 09:31:42.720,3.376,102200
2020-10-26 09:31:42.720,3.376,197800
2020-10-26 09:31:43.520,3.376,102200
2020-10-26 09:31:43.520,3.376,26700
2020-10-26 09:31:43.520,3.376,3000
2020-10-26 09:31:43.520,3.376,300
2020-10-26 09:31:43.520,3.376,45400
2020-10-26 09:31:43.780,3.376,400
2020-10-26 09:31:43.960,3.376,30000
2020-10-26 09:31:44.620,3.375,2000
2020-10-26 09:31:44.620,3.375,10000
2020-10-26 09:31:44.620,3.375,2000
2020-10-26 09:31:44.620,3.375,9200
2020-10-26 09:31:44.680,3.376,2500
2020-10-26 09:31:44.750,3.375,7500
2020-10-26 09:31:44.810,3.375,106700
2020-10-26 09:31:44.810,3.375,900
2020-10-26 09:31:44.810,3.375,10000
2020-10-26 09:31:44.810,3.375,122700
2020-10-26 09:31:44.810,3.375,100
2020-10-26 09:31:44.810,3.375,10000
2020-10-26 09:31:44.810,3.375,27700
2020-10-26 09:31:44.810,3.375,2000
2020-10-26 09:31:44.810,3.375,400
2020-10-26 09:31:44.810,3.375,4200
2020-10-26 09:31:44.810,3.375,100
2020-10-26 09:31:44.810,3.375,2500
2020-10-26 09:31:44.810,3.375,200
2020-10-26 09:31:44.810,3.375,2000
2020-10-26 09:31:44.810,3.375,10500
2020-10-26 09:31:44.900,3.376,10000
2020-10-26 09:31:44.930,3.375,5400
2020-10-26 09:31:44.930,3.375,5000
2020-10-26 09:31:44.930,3.375,10000
2020-10-26 09:31:44.930,3.375,500
2020-10-26 09:31:44.930,3.375,6000
2020-10-26 09:31:44.930,3.375,129600
2020-10-26 09:31:44.930,3.375,8000
2020-10-26 09:31:44.930,3.375,5000
2020-10-26 09:31:44.930,3.375,800
2020-10-26 09:31:44.930,3.375,500
2020-10-26 09:31:44.930,3.375,6600
2020-10-26 09:31:44.930,3.375,5000
2020-10-26 09:31:44.930,3.375,10000
2020-10-26 09:31:44.930,3.375,1800
2020-10-26 09:31:44.930,3.375,1000
2020-10-26 09:31:44.930,3.375,10000
2020-10-26 09:31:44.930,3.375,7500
2020-10-26 09:31:44.930,3.375,50000
2020-10-26 09:31:44.930,3.375,2000
2020-10-26 09:31:44.930,3.375,500
2020-10-26 09:31:44.930,3.375,500
2020-10-26 09:31:44.930,3.375,1000
2020-10-26 09:31:44.930,3.375,3000
2020-10-26 09:31:44.930,3.375,2000
2020-10-26 09:31:44.930,3.375,1000
2020-10-26 09:31:44.930,3.375,3000
2020-10-26 09:31:44.930,3.375,100
2020-10-26 09:31:44.930,3.375,3400
2020-10-26 09:31:44.930,3.375,10000
2020-10-26 09:31:44.930,3.375,1000
2020-10-26 09:31:44.930,3.375,6300
2020-10-26 09:31:44.930,3.375,3500
2020-10-26 09:31:45.210,3.375,500
2020-10-26 09:31:45.210,3.375,1000
2020-10-26 09:31:45.210,3.375,100
2020-10-26 09:31:45.210,3.375,29700
2020-10-26 09:31:45.210,3.375,700
2020-10-26 09:31:45.210,3.375,1000
2020-10-26 09:31:45.210,3.375,60000
2020-10-26 09:31:45.210,3.375,1000
2020-10-26 09:31:45.210,3.375,200
2020-10-26 09:31:45.210,3.374,100
2020-10-26 09:31:45.210,3.374,2000
2020-10-26 09:31:45.210,3.374,2000
2020-10-26 09:31:45.210,3.374,300
2020-10-26 09:31:45.210,3.374,200
2020-10-26 09:31:45.210,3.374,3000
2020-10-26 09:31:45.210,3.374,100
2020-10-26 09:31:45.210,3.374,100
2020-10-26 09:31:45.210,3.374,1000
2020-10-26 09:31:45.210,3.374,1200
2020-10-26 09:31:45.210,3.374,3000
2020-10-26 09:31:45.210,3.374,2900
2020-10-26 09:31:45.210,3.374,100
2020-10-26 09:31:45.210,3.374,2000
2020-10-26 09:31:45.210,3.374,3000
2020-10-26 09:31:45.210,3.374,4000
2020-10-26 09:31:45.210,3.373,1000
2020-10-26 09:31:45.210,3.373,1300
2020-10-26 09:31:45.210,3.373,500
2020-10-26 09:31:45.210,3.373,100
2020-10-26 09:31:45.210,3.373,6000
2020-10-26 09:31:45.210,3.373,1000
2020-10-26 09:31:45.210,3.373,2000
2020-10-26 09:31:45.210,3.373,5000
2020-10-26 09:31:45.210,3.373,10400
2020-10-26 09:31:45.210,3.373,20000
2020-10-26 09:31:45.210,3.373,20000
2020-10-26 09:31:45.210,3.373,5000
2020-10-26 09:31:45.210,3.373,10000
2020-10-26 09:31:45.210,3.373,500
2020-10-26 09:31:45.210,3.373,5000
2020-10-26 09:31:45.210,3.373,10000
2020-10-26 09:31:45.210,3.373,10000
2020-10-26 09:31:45.340,3.373,5000
2020-10-26 09:31:45.560,3.373,300000
2020-10-26 09:31:45.560,3.373,6000
2020-10-26 09:31:45.590,3.373,29500
2020-10-26 09:31:45.750,3.373,32500
2020-10-26 09:31:45.810,3.373,1000
2020-10-26 09:31:45.850,3.373,22100
2020-10-26 09:31:46.190,3.373,5000
2020-10-26 09:31:46.610,3.373,60000
2020-10-26 09:31:47.060,3.373,10000
2020-10-26 09:31:47.180,3.373,6000
2020-10-26 09:31:47.270,3.373,8000
2020-10-26 09:31:47.310,3.373,3000
2020-10-26 09:31:47.340,3.373,3000
2020-10-26 09:31:47.340,3.373,41000
2020-10-26 09:31:47.530,3.373,2000
2020-10-26 09:31:47.530,3.373,33000
2020-10-26 09:31:47.560,3.373,3400
2020-10-26 09:31:47.780,3.373,1000
2020-10-26 09:31:48.000,3.373,50000
2020-10-26 09:31:48.130,3.373,40000
2020-10-26 09:31:48.130,3.373,11500
2020-10-26 09:31:48.280,3.375,15000
2020-10-26 09:31:48.310,3.375,1200
2020-10-26 09:31:49.110,3.375,13700
2020-10-26 09:31:50.280,3.375,3500
2020-10-26 09:31:50.340,3.375,500
2020-10-26 09:31:50.500,3.374,600
2020-10-26 09:31:50.500,3.374,20000
2020-10-26 09:31:50.600,3.374,5000
2020-10-26 09:31:51.080,3.374,100
2020-10-26 09:31:51.180,3.374,2000
2020-10-26 09:31:51.650,3.374,2000
2020-10-26 09:31:51.740,3.374,1000
2020-10-26 09:31:51.770,3.374,100
2020-10-26 09:31:51.950,3.374,200
2020-10-26 09:31:51.980,3.374,700
2020-10-26 09:31:51.980,3.375,23500
2020-10-26 09:31:52.280,3.375,9000
2020-10-26 09:31:52.460,3.375,7600
2020-10-26 09:31:52.800,3.375,65000
2020-10-26 09:31:52.840,3.374,50000
2020-10-26 09:31:52.840,3.373,11700
2020-10-26 09:31:53.240,3.375,3000
2020-10-26 09:31:53.490,3.375,2000
2020-10-26 09:31:53.720,3.375,5000
2020-10-26 09:31:53.910,3.374,100000
2020-10-26 09:31:53.910,3.374,60000
2020-10-26 09:31:53.910,3.374,50000
2020-10-26 09:31:53.910,3.373,16800
2020-10-26 09:31:53.910,3.373,300000
2020-10-26 09:31:53.910,3.373,150000
2020-10-26 09:31:53.910,3.373,800
2020-10-26 09:31:53.910,3.373,14800
2020-10-26 09:31:53.970,3.373,2000
2020-10-26 09:31:53.970,3.372,800
2020-10-26 09:31:54.010,3.373,15200
2020-10-26 09:31:54.200,3.373,102100
2020-10-26 09:31:54.200,3.374,143000
2020-10-26 09:31:54.200,3.375,54900
2020-10-26 09:31:54.240,3.372,23200
2020-10-26 09:31:54.240,3.372,200
2020-10-26 09:31:54.240,3.372,1000
2020-10-26 09:31:54.240,3.372,4500
2020-10-26 09:31:54.430,3.373,3500
2020-10-26 09:31:54.780,3.373,113800
2020-10-26 09:31:54.780,3.373,10000
2020-10-26 09:31:54.780,3.373,80000
2020-10-26 09:31:54.780,3.373,2000
2020-10-26 09:31:54.820,3.373,50000
2020-10-26 09:31:54.820,3.373,500
2020-10-26 09:31:55.240,3.373,50000
2020-10-26 09:31:55.400,3.373,2000
2020-10-26 09:31:55.650,3.373,600
2020-10-26 09:31:55.780,3.373,600
2020-10-26 09:31:55.880,3.373,200
2020-10-26 09:31:56.120,3.373,30000
2020-10-26 09:31:56.180,3.373,266600
2020-10-26 09:31:56.250,3.373,5100
2020-10-26 09:31:56.280,3.373,3000
2020-10-26 09:31:56.280,3.373,100000
2020-10-26 09:31:56.350,3.372,500
2020-10-26 09:31:56.350,3.372,10000
2020-10-26 09:31:56.350,3.372,10000
2020-10-26 09:31:56.350,3.372,11000
2020-10-26 09:31:56.350,3.372,22000
2020-10-26 09:31:56.350,3.372,2700
2020-10-26 09:31:56.380,3.373,6000
2020-10-26 09:31:56.630,3.373,1000
2020-10-26 09:31:56.760,3.373,1300
2020-10-26 09:31:56.920,3.373,50000
2020-10-26 09:31:56.920,3.373,50000
2020-10-26 09:31:57.040,3.373,5000
2020-10-26 09:31:57.070,3.373,72300
2020-10-26 09:31:57.070,3.374,300
2020-10-26 09:31:57.230,3.374,50000
2020-10-26 09:31:57.470,3.374,100
2020-10-26 09:31:57.660,3.374,100
2020-10-26 09:31:58.130,3.374,5000
2020-10-26 09:31:58.250,3.374,3000
2020-10-26 09:31:58.660,3.373,27700
2020-10-26 09:31:58.660,3.373,600
2020-10-26 09:31:59.640,3.374,1000
2020-10-26 09:32:00.010,3.373,1000
2020-10-26 09:32:00.040,3.373,400
2020-10-26 09:32:00.280,3.374,1000
2020-10-26 09:32:00.280,3.374,1000
2020-10-26 09:32:00.280,3.374,51100
2020-10-26 09:32:00.280,3.374,46200
2020-10-26 09:32:00.620,3.374,700
2020-10-26 09:32:00.620,3.374,800
2020-10-26 09:32:01.390,3.374,19200
2020-10-26 09:32:01.390,3.374,5800
2020-10-26 09:32:01.800,3.375,1200
2020-10-26 09:32:01.830,3.374,33000
2020-10-26 09:32:01.920,3.374,61200
2020-10-26 09:32:01.920,3.374,30000
2020-10-26 09:32:01.920,3.374,100000
2020-10-26 09:32:01.920,3.374,20000
2020-10-26 09:32:01.920,3.374,88800
2020-10-26 09:32:02.290,3.374,5900
2020-10-26 09:32:02.460,3.374,5300
2020-10-26 09:32:02.460,3.374,7100
2020-10-26 09:32:02.810,3.374,92900
2020-10-26 09:32:02.810,3.374,100000
2020-10-26 09:32:02.810,3.374,7100
2020-10-26 09:32:02.900,3.374,292900
2020-10-26 09:32:02.900,3.374,2000
2020-10-26 09:32:02.900,3.374,200
2020-10-26 09:32:03.140,3.373,38000
2020-10-26 09:32:03.140,3.373,162000
2020-10-26 09:32:03.140,3.374,3000
2020-10-26 09:32:03.590,3.373,138000
2020-10-26 09:32:03.590,3.373,10000
2020-10-26 09:32:03.590,3.373,600
2020-10-26 09:32:03.590,3.373,3000
2020-10-26 09:32:03.590,3.373,48600
2020-10-26 09:32:03.590,3.373,14800
2020-10-26 09:32:03.590,3.373,5000
2020-10-26 09:32:03.590,3.373,10000
2020-10-26 09:32:03.590,3.373,300
2020-10-26 09:32:03.590,3.373,10000
2020-10-26 09:32:03.590,3.373,2000
2020-10-26 09:32:03.590,3.373,1700
2020-10-26 09:32:03.590,3.373,14700
2020-10-26 09:32:03.590,3.373,10000
2020-10-26 09:32:03.590,3.373,2000
2020-10-26 09:32:03.590,3.373,100
2020-10-26 09:32:03.590,3.373,2000
2020-10-26 09:32:03.590,3.373,1000
2020-10-26 09:32:03.590,3.373,3000
2020-10-26 09:32:03.870,3.373,200
2020-10-26 09:32:04.340,3.373,5000
2020-10-26 09:32:04.400,3.372,5000
2020-10-26 09:32:04.400,3.372,5000
2020-10-26 09:32:04.400,3.372,6000
2020-10-26 09:32:04.400,3.372,100
2020-10-26 09:32:04.400,3.372,6000
2020-10-26 09:32:04.400,3.372,10000
2020-10-26 09:32:04.400,3.372,5800
2020-10-26 09:32:04.400,3.372,100
2020-10-26 09:32:04.400,3.372,5000
2020-10-26 09:32:04.400,3.372,3000
2020-10-26 09:32:04.400,3.372,6000
2020-10-26 09:32:04.400,3.372,1000
2020-10-26 09:32:04.400,3.372,10000
2020-10-26 09:32:04.400,3.372,2000
2020-10-26 09:32:04.400,3.372,5000
2020-10-26 09:32:04.400,3.372,800
2020-10-26 09:32:04.400,3.372,4000
2020-10-26 09:32:04.400,3.372,100
2020-10-26 09:32:04.400,3.372,2000
2020-10-26 09:32:04.400,3.372,200
2020-10-26 09:32:04.400,3.372,7500
2020-10-26 09:32:04.400,3.372,3000
2020-10-26 09:32:04.400,3.372,50000
2020-10-26 09:32:04.400,3.372,50000
2020-10-26 09:32:04.400,3.372,30000
2020-10-26 09:32:04.400,3.372,2600
2020-10-26 09:32:04.400,3.372,200
2020-10-26 09:32:04.400,3.372,39600
2020-10-26 09:32:04.400,3.373,5000
2020-10-26 09:32:04.470,3.373,6000
2020-10-26 09:32:04.500,3.372,10400
2020-10-26 09:32:04.500,3.372,20000
2020-10-26 09:32:04.500,3.372,10000
2020-10-26 09:32:04.500,3.372,5900
2020-10-26 09:32:04.500,3.372,2900
2020-10-26 09:32:04.500,3.372,100
2020-10-26 09:32:04.500,3.372,10000
2020-10-26 09:32:04.500,3.372,3000
2020-10-26 09:32:04.530,3.372,2200
2020-10-26 09:32:04.530,3.372,3000
2020-10-26 09:32:04.670,3.372,3000
2020-10-26 09:32:04.670,3.372,5000
2020-10-26 09:32:04.820,3.372,9000
2020-10-26 09:32:05.020,3.371,20000
2020-10-26 09:32:05.020,3.371,3300
2020-10-26 09:32:05.020,3.371,2000
2020-10-26 09:32:05.020,3.371,600
2020-10-26 09:32:05.020,3.371,500
2020-10-26 09:32:05.020,3.371,200
2020-10-26 09:32:05.020,3.371,2300
2020-10-26 09:32:05.020,3.371,1000
2020-10-26 09:32:05.020,3.371,900
2020-10-26 09:32:05.020,3.371,3000
2020-10-26 09:32:05.020,3.371,2000
2020-10-26 09:32:05.020,3.371,10000
2020-10-26 09:32:05.020,3.371,1000
2020-10-26 09:32:05.020,3.371,1100
2020-10-26 09:32:05.020,3.371,22000
2020-10-26 09:32:05.020,3.371,10000
2020-10-26 09:32:05.020,3.371,20000
2020-10-26 09:32:05.020,3.371,10000
2020-10-26 09:32:05.020,3.371,5000
2020-10-26 09:32:05.020,3.371,600
2020-10-26 09:32:05.020,3.371,1600
2020-10-26 09:32:05.020,3.371,100
2020-10-26 09:32:05.020,3.371,5000
2020-10-26 09:32:05.020,3.371,5000
2020-10-26 09:32:05.020,3.371,3700
2020-10-26 09:32:05.020,3.371,10000
2020-10-26 09:32:05.020,3.371,10000
2020-10-26 09:32:05.020,3.371,1000
2020-10-26 09:32:05.020,3.371,3000
2020-10-26 09:32:05.020,3.371,10000
2020-10-26 09:32:05.020,3.371,20000
2020-10-26 09:32:05.020,3.371,5000
2020-10-26 09:32:05.020,3.371,3000
2020-10-26 09:32:05.020,3.371,2000
2020-10-26 09:32:05.020,3.371,3000
2020-10-26 09:32:05.020,3.371,5000
2020-10-26 09:32:05.020,3.371,1000
2020-10-26 09:32:05.020,3.371,30000
2020-10-26 09:32:05.020,3.371,5000
2020-10-26 09:32:05.020,3.371,4000
2020-10-26 09:32:05.020,3.371,1000
2020-10-26 09:32:05.020,3.371,1000
2020-10-26 09:32:05.020,3.371,3000
2020-10-26 09:32:05.020,3.371,1000
2020-10-26 09:32:05.020,3.37,6800
2020-10-26 09:32:05.020,3.37,5000
2020-10-26 09:32:05.020,3.37,600
2020-10-26 09:32:05.020,3.37,2000
2020-10-26 09:32:05.020,3.37,300
2020-10-26 09:32:05.020,3.37,1000
2020-10-26 09:32:05.020,3.37,20000
2020-10-26 09:32:05.020,3.37,1000
2020-10-26 09:32:05.020,3.37,2000
2020-10-26 09:32:05.020,3.37,100
2020-10-26 09:32:05.020,3.37,8900
2020-10-26 09:32:05.020,3.37,300
2020-10-26 09:32:05.020,3.37,200
2020-10-26 09:32:05.020,3.37,2000
2020-10-26 09:32:05.020,3.37,400
2020-10-26 09:32:05.020,3.37,10000
2020-10-26 09:32:05.020,3.37,100
2020-10-26 09:32:05.020,3.37,5000
2020-10-26 09:32:05.020,3.37,200
2020-10-26 09:32:05.020,3.37,1800
2020-10-26 09:32:05.020,3.37,1000
2020-10-26 09:32:05.020,3.37,1000
2020-10-26 09:32:05.020,3.37,1000
2020-10-26 09:32:05.020,3.37,7500
2020-10-26 09:32:05.020,3.37,1000
2020-10-26 09:32:05.020,3.37,20000
2020-10-26 09:32:05.020,3.37,100
2020-10-26 09:32:05.020,3.37,500
2020-10-26 09:32:05.020,3.37,22000
2020-10-26 09:32:05.020,3.37,20000
2020-10-26 09:32:05.020,3.37,9300
2020-10-26 09:32:05.020,3.37,1000
2020-10-26 09:32:05.020,3.37,300
2020-10-26 09:32:05.020,3.37,3000
2020-10-26 09:32:05.020,3.37,3000
2020-10-26 09:32:05.020,3.37,500
2020-10-26 09:32:05.020,3.37,3000
2020-10-26 09:32:05.020,3.37,2000
2020-10-26 09:32:05.020,3.37,2000
2020-10-26 09:32:05.020,3.37,2000
2020-10-26 09:32:05.020,3.37,5000
2020-10-26 09:32:05.020,3.37,1000
2020-10-26 09:32:05.020,3.37,2000
2020-10-26 09:32:05.020,3.37,474300
2020-10-26 09:32:05.420,3.371,8100
2020-10-26 09:32:05.550,3.371,5000
2020-10-26 09:32:05.610,3.371,5000
2020-10-26 09:32:05.770,3.372,200
2020-10-26 09:32:05.860,3.372,10000
2020-10-26 09:32:05.950,3.371,5200
2020-10-26 09:32:05.990,3.37,25700
2020-10-26 09:32:05.990,3.37,20000
2020-10-26 09:32:05.990,3.37,1000
2020-10-26 09:32:05.990,3.37,1000
2020-10-26 09:32:05.990,3.37,10000
2020-10-26 09:32:05.990,3.37,10000
2020-10-26 09:32:05.990,3.37,800
2020-10-26 09:32:05.990,3.37,4000
2020-10-26 09:32:05.990,3.37,1500
2020-10-26 09:32:05.990,3.37,100
2020-10-26 09:32:05.990,3.37,100
2020-10-26 09:32:05.990,3.37,5000
2020-10-26 09:32:05.990,3.37,50000
2020-10-26 09:32:05.990,3.37,8900
2020-10-26 09:32:05.990,3.37,500
2020-10-26 09:32:05.990,3.37,11000
2020-10-26 09:32:05.990,3.37,5000
2020-10-26 09:32:05.990,3.37,900
2020-10-26 09:32:05.990,3.37,30000
2020-10-26 09:32:05.990,3.37,1000
2020-10-26 09:32:05.990,3.37,10000
2020-10-26 09:32:05.990,3.37,1000
2020-10-26 09:32:05.990,3.37,10000
2020-10-26 09:32:05.990,3.37,3000
2020-10-26 09:32:05.990,3.37,400
2020-10-26 09:32:05.990,3.37,6000
2020-10-26 09:32:05.990,3.37,1000
2020-10-26 09:32:05.990,3.37,2000
2020-10-26 09:32:05.990,3.37,2000
2020-10-26 09:32:05.990,3.37,2000
2020-10-26 09:32:05.990,3.37,8000
2020-10-26 09:32:05.990,3.37,5000
2020-10-26 09:32:05.990,3.37,4900
2020-10-26 09:32:05.990,3.37,2000
2020-10-26 09:32:05.990,3.37,5000
2020-10-26 09:32:05.990,3.37,10000
2020-10-26 09:32:05.990,3.37,2900
2020-10-26 09:32:05.990,3.37,700
2020-10-26 09:32:05.990,3.37,37600
2020-10-26 09:32:06.350,3.371,600
2020-10-26 09:32:06.510,3.371,3000
2020-10-26 09:32:06.880,3.371,5000
2020-10-26 09:32:07.070,3.37,12400
2020-10-26 09:32:07.070,3.37,500
2020-10-26 09:32:07.070,3.37,50000
2020-10-26 09:32:07.070,3.37,6000
2020-10-26 09:32:07.070,3.37,15000
2020-10-26 09:32:07.070,3.37,30000
2020-10-26 09:32:07.070,3.37,500
2020-10-26 09:32:07.070,3.37,3000
2020-10-26 09:32:07.070,3.37,1000
2020-10-26 09:32:07.070,3.37,10000
2020-10-26 09:32:07.070,3.37,1400
2020-10-26 09:32:07.070,3.37,3000
2020-10-26 09:32:07.070,3.37,12000
2020-10-26 09:32:07.070,3.37,3000
2020-10-26 09:32:07.070,3.37,14800
2020-10-26 09:32:07.070,3.37,5000
2020-10-26 09:32:07.070,3.37,1500
2020-10-26 09:32:07.070,3.37,300
2020-10-26 09:32:07.070,3.37,300
2020-10-26 09:32:07.070,3.37,1500
2020-10-26 09:32:07.070,3.37,500
2020-10-26 09:32:07.070,3.37,4700
2020-10-26 09:32:07.070,3.37,2000
2020-10-26 09:32:07.070,3.37,1000
2020-10-26 09:32:07.070,3.37,20000
2020-10-26 09:32:07.070,3.37,500
2020-10-26 09:32:07.070,3.37,5000
2020-10-26 09:32:07.070,3.37,3000
2020-10-26 09:32:07.070,3.37,12000
2020-10-26 09:32:07.070,3.37,3000
2020-10-26 09:32:07.070,3.37,1000
2020-10-26 09:32:07.070,3.37,10000
2020-10-26 09:32:07.070,3.37,10000
2020-10-26 09:32:07.070,3.37,8000
2020-10-26 09:32:07.070,3.37,3000
2020-10-26 09:32:07.070,3.37,3000
2020-10-26 09:32:07.070,3.37,2500
2020-10-26 09:32:07.070,3.37,10000
2020-10-26 09:32:07.070,3.37,12300
2020-10-26 09:32:07.070,3.37,10000
2020-10-26 09:32:07.070,3.37,300
2020-10-26 09:32:07.070,3.37,1000
2020-10-26 09:32:07.070,3.37,500
2020-10-26 09:32:07.070,3.37,10000
2020-10-26 09:32:07.070,3.37,2000
2020-10-26 09:32:07.070,3.37,4000
2020-10-26 09:32:07.070,3.37,30000
2020-10-26 09:32:07.070,3.369,100
2020-10-26 09:32:07.070,3.369,20000
2020-10-26 09:32:07.070,3.369,200
2020-10-26 09:32:07.070,3.369,900
2020-10-26 09:32:07.070,3.369,3100
2020-10-26 09:32:07.070,3.369,22000
2020-10-26 09:32:07.070,3.369,100
2020-10-26 09:32:07.070,3.369,6000
2020-10-26 09:32:07.070,3.369,200
2020-10-26 09:32:07.070,3.369,22000
2020-10-26 09:32:07.070,3.369,484900
2020-10-26 09:32:07.070,3.371,3000
2020-10-26 09:32:07.390,3.371,4000
2020-10-26 09:32:07.780,3.37,4100
2020-10-26 09:32:08.030,3.37,1000
2020-10-26 09:32:08.130,3.37,10000
2020-10-26 09:32:08.200,3.37,14800
2020-10-26 09:32:08.230,3.37,48100
2020-10-26 09:32:08.390,3.37,4800
2020-10-26 09:32:08.420,3.37,5000
2020-10-26 09:32:08.450,3.37,4900
2020-10-26 09:32:08.520,3.37,16800
2020-10-26 09:32:08.580,3.37,10000
2020-10-26 09:32:08.610,3.369,15100
2020-10-26 09:32:08.610,3.369,20000
2020-10-26 09:32:08.610,3.368,200
2020-10-26 09:32:08.610,3.368,1500
2020-10-26 09:32:08.610,3.368,600
2020-10-26 09:32:08.610,3.368,100
2020-10-26 09:32:08.610,3.368,3000
2020-10-26 09:32:08.610,3.368,200
2020-10-26 09:32:08.610,3.368,200
2020-10-26 09:32:08.610,3.368,500
2020-10-26 09:32:08.610,3.368,1000
2020-10-26 09:32:08.610,3.368,22000
2020-10-26 09:32:08.610,3.368,1000
2020-10-26 09:32:08.610,3.368,10000
2020-10-26 09:32:08.610,3.368,10000
2020-10-26 09:32:08.610,3.368,30000
2020-10-26 09:32:08.610,3.368,100
2020-10-26 09:32:08.610,3.368,1000
2020-10-26 09:32:08.610,3.368,10000
2020-10-26 09:32:08.610,3.368,1000
2020-10-26 09:32:08.610,3.368,3000
2020-10-26 09:32:08.610,3.368,4900
2020-10-26 09:32:08.610,3.368,2000
2020-10-26 09:32:08.610,3.368,10000
2020-10-26 09:32:08.610,3.368,5900
2020-10-26 09:32:08.610,3.368,20000
2020-10-26 09:32:08.610,3.368,30000
2020-10-26 09:32:08.610,3.368,500
2020-10-26 09:32:08.610,3.368,100
2020-10-26 09:32:08.610,3.368,10000
2020-10-26 09:32:08.640,3.368,100
2020-10-26 09:32:08.770,3.368,3300
2020-10-26 09:32:08.770,3.368,60200
2020-10-26 09:32:09.110,3.368,10000
2020-10-26 09:32:09.140,3.368,10000
2020-10-26 09:32:09.210,3.368,200
2020-10-26 09:32:09.240,3.368,1000
2020-10-26 09:32:09.280,3.368,1300
2020-10-26 09:32:09.280,3.37,3700
2020-10-26 09:32:09.310,3.37,50000
2020-10-26 09:32:09.340,3.37,50000
2020-10-26 09:32:09.340,3.37,50000
2020-10-26 09:32:09.500,3.37,100
2020-10-26 09:32:09.880,3.369,4000
2020-10-26 09:32:10.150,3.369,1500
2020-10-26 09:32:10.210,3.369,3000
2020-10-26 09:32:10.310,3.369,3000
2020-10-26 09:32:10.530,3.369,6000
2020-10-26 09:32:10.560,3.369,30000
2020-10-26 09:32:10.660,3.369,14000
2020-10-26 09:32:10.880,3.369,1000
2020-10-26 09:32:10.880,3.369,10000
2020-10-26 09:32:10.960,3.369,2000
2020-10-26 09:32:10.960,3.369,10000
2020-10-26 09:32:10.960,3.369,1000
2020-10-26 09:32:11.100,3.369,100
2020-10-26 09:32:11.560,3.369,2000
2020-10-26 09:32:12.000,3.368,6000
2020-10-26 09:32:12.000,3.368,1000
2020-10-26 09:32:12.160,3.368,20000
2020-10-26 09:32:12.160,3.368,20000
2020-10-26 09:32:12.530,3.368,253000
2020-10-26 09:32:12.530,3.37,119400
2020-10-26 09:32:12.530,3.37,13200
2020-10-26 09:32:12.530,3.37,6900
2020-10-26 09:32:12.530,3.37,300000
2020-10-26 09:32:12.530,3.371,42200
2020-10-26 09:32:12.530,3.371,192900
2020-10-26 09:32:12.800,3.371,20000
2020-10-26 09:32:12.980,3.37,100000
2020-10-26 09:32:13.390,3.37,2000
2020-10-26 09:32:13.490,3.369,2000
2020-10-26 09:32:13.490,3.367,200
2020-10-26 09:32:13.490,3.367,22000
2020-10-26 09:32:13.490,3.367,5000
2020-10-26 09:32:13.490,3.367,3000
2020-10-26 09:32:13.490,3.367,40400
2020-10-26 09:32:13.550,3.37,6500
2020-10-26 09:32:13.830,3.368,100
2020-10-26 09:32:13.830,3.369,9900
2020-10-26 09:32:13.960,3.369,10000
2020-10-26 09:32:14.090,3.369,280100
2020-10-26 09:32:14.090,3.369,34800
2020-10-26 09:32:14.250,3.368,30000
2020-10-26 09:32:14.410,3.368,10000
2020-10-26 09:32:14.690,3.367,159600
2020-10-26 09:32:14.690,3.366,2000
2020-10-26 09:32:14.690,3.366,300
2020-10-26 09:32:14.690,3.366,200
2020-10-26 09:32:14.690,3.366,300
2020-10-26 09:32:14.690,3.366,500
2020-10-26 09:32:14.690,3.366,22000
2020-10-26 09:32:14.690,3.366,10000
2020-10-26 09:32:14.690,3.366,10000
2020-10-26 09:32:14.690,3.366,22000
2020-10-26 09:32:14.690,3.366,10000
2020-10-26 09:32:14.690,3.366,5000
2020-10-26 09:32:14.690,3.366,500
2020-10-26 09:32:14.690,3.366,20000
2020-10-26 09:32:14.690,3.366,5000
2020-10-26 09:32:14.690,3.366,100
2020-10-26 09:32:14.690,3.366,3000
2020-10-26 09:32:14.690,3.366,1000
2020-10-26 09:32:14.690,3.366,100
2020-10-26 09:32:14.690,3.366,28400
2020-10-26 09:32:15.000,3.368,100
2020-10-26 09:32:15.210,3.366,21600
2020-10-26 09:32:15.210,3.366,6000
2020-10-26 09:32:15.210,3.366,3000
2020-10-26 09:32:15.250,3.366,5900
2020-10-26 09:32:15.380,3.366,2000
2020-10-26 09:32:16.290,3.365,1900
2020-10-26 09:32:16.290,3.365,100
2020-10-26 09:32:16.290,3.365,200
2020-10-26 09:32:16.290,3.365,10000
2020-10-26 09:32:16.290,3.365,100
2020-10-26 09:32:16.290,3.365,22000
2020-10-26 09:32:16.290,3.365,15500
2020-10-26 09:32:16.290,3.365,600
2020-10-26 09:32:16.290,3.365,3000
2020-10-26 09:32:16.290,3.365,5500
2020-10-26 09:32:16.290,3.365,4000
2020-10-26 09:32:16.290,3.365,3000
2020-10-26 09:32:16.290,3.365,10000
2020-10-26 09:32:16.290,3.365,1000
2020-10-26 09:32:16.290,3.365,20000
2020-10-26 09:32:16.290,3.365,10000
2020-10-26 09:32:16.290,3.365,1000
2020-10-26 09:32:16.390,3.365,200
2020-10-26 09:32:16.490,3.365,6000
2020-10-26 09:32:16.990,3.365,3000
2020-10-26 09:32:17.060,3.365,2000
2020-10-26 09:32:17.610,3.365,1500
2020-10-26 09:32:17.610,3.365,200
2020-10-26 09:32:17.730,3.365,10000
2020-10-26 09:32:17.730,3.364,200
2020-10-26 09:32:17.730,3.364,1000
2020-10-26 09:32:17.730,3.364,12500
2020-10-26 09:32:17.730,3.364,3000
2020-10-26 09:32:17.730,3.364,5000
2020-10-26 09:32:17.730,3.364,11000
2020-10-26 09:32:17.730,3.363,12500
2020-10-26 09:32:17.730,3.363,5000
2020-10-26 09:32:17.730,3.363,2000
2020-10-26 09:32:17.730,3.363,3000
2020-10-26 09:32:17.730,3.363,200
2020-10-26 09:32:17.730,3.363,700
2020-10-26 09:32:17.730,3.363,1500
2020-10-26 09:32:17.730,3.363,1000
2020-10-26 09:32:17.730,3.363,11000
2020-10-26 09:32:17.730,3.363,600
2020-10-26 09:32:17.730,3.363,7100
2020-10-26 09:32:17.730,3.363,5000
2020-10-26 09:32:17.730,3.363,17700
2020-10-26 09:32:18.170,3.365,1000
2020-10-26 09:32:18.580,3.365,5400
2020-10-26 09:32:19.050,3.365,20000
2020-10-26 09:32:19.110,3.365,2700
2020-10-26 09:32:19.210,3.362,200
2020-10-26 09:32:19.210,3.362,1000
2020-10-26 09:32:19.210,3.362,5300
2020-10-26 09:32:19.350,3.365,3000
2020-10-26 09:32:19.380,3.365,1000
2020-10-26 09:32:19.380,3.364,1800
2020-10-26 09:32:19.410,3.364,1500
2020-10-26 09:32:19.410,3.364,600
2020-10-26 09:32:19.640,3.364,1000
2020-10-26 09:32:20.260,3.363,200
2020-10-26 09:32:20.350,3.363,200
2020-10-26 09:32:20.350,3.364,7500
2020-10-26 09:32:20.420,3.364,1000
2020-10-26 09:32:20.640,3.363,200000
2020-10-26 09:32:20.640,3.363,10000
2020-10-26 09:32:20.740,3.363,1000
2020-10-26 09:32:21.160,3.363,14800
2020-10-26 09:32:21.450,3.363,8400
2020-10-26 09:32:21.590,3.363,1000
2020-10-26 09:32:21.620,3.363,53100
2020-10-26 09:32:21.820,3.363,11700
2020-10-26 09:32:21.820,3.364,34900
2020-10-26 09:32:22.080,3.364,20000
2020-10-26 09:32:22.230,3.364,3000
2020-10-26 09:32:22.260,3.362,5700
2020-10-26 09:32:22.260,3.362,800
2020-10-26 09:32:22.260,3.362,600
2020-10-26 09:32:22.260,3.362,1000
2020-10-26 09:32:22.260,3.362,3700
2020-10-26 09:32:22.260,3.362,1700
2020-10-26 09:32:22.260,3.362,2000
2020-10-26 09:32:22.260,3.362,10300
2020-10-26 09:32:22.260,3.362,800
2020-10-26 09:32:22.260,3.362,6100
2020-10-26 09:32:22.260,3.362,3000
2020-10-26 09:32:22.260,3.362,5000
2020-10-26 09:32:22.260,3.362,60000
2020-10-26 09:32:22.260,3.362,30000
2020-10-26 09:32:22.320,3.362,300
2020-10-26 09:32:22.710,3.362,900
2020-10-26 09:32:22.840,3.362,800
2020-10-26 09:32:23.030,3.362,10000
2020-10-26 09:32:23.150,3.362,3000
2020-10-26 09:32:23.180,3.362,2000
2020-10-26 09:32:23.380,3.362,200
2020-10-26 09:32:23.530,3.362,3400
2020-10-26 09:32:24.210,3.362,100
2020-10-26 09:32:24.290,3.361,50000
2020-10-26 09:32:24.290,3.361,10000
2020-10-26 09:32:24.290,3.361,2000
2020-10-26 09:32:24.290,3.361,10000
2020-10-26 09:32:24.290,3.361,200
2020-10-26 09:32:24.290,3.361,2000
2020-10-26 09:32:24.290,3.361,1000
2020-10-26 09:32:24.290,3.361,10000
2020-10-26 09:32:24.290,3.361,10000
2020-10-26 09:32:24.290,3.361,500
2020-10-26 09:32:24.290,3.361,11000
2020-10-26 09:32:24.290,3.361,10000
2020-10-26 09:32:24.290,3.361,10000
2020-10-26 09:32:24.290,3.361,10100
2020-10-26 09:32:24.290,3.361,600
2020-10-26 09:32:24.290,3.361,8000
2020-10-26 09:32:24.290,3.361,5000
2020-10-26 09:32:24.290,3.361,38000
2020-10-26 09:32:24.290,3.361,5000
2020-10-26 09:32:24.290,3.361,10000
2020-10-26 09:32:24.290,3.361,300
2020-10-26 09:32:24.290,3.361,500
2020-10-26 09:32:24.290,3.361,2000
2020-10-26 09:32:24.290,3.361,1000
2020-10-26 09:32:24.290,3.361,100000
2020-10-26 09:32:24.560,3.361,400
2020-10-26 09:32:24.960,3.361,700
2020-10-26 09:32:24.960,3.361,500
2020-10-26 09:32:24.960,3.361,2000
2020-10-26 09:32:25.050,3.361,100
2020-10-26 09:32:25.200,3.361,300
2020-10-26 09:32:25.260,3.361,800
2020-10-26 09:32:25.460,3.361,9000
2020-10-26 09:32:25.580,3.361,10000
2020-10-26 09:32:25.640,3.36,200
2020-10-26 09:32:25.640,3.36,10000
2020-10-26 09:32:25.640,3.36,10000
2020-10-26 09:32:25.640,3.36,5100
2020-10-26 09:32:25.640,3.36,1000
2020-10-26 09:32:25.640,3.36,2500
2020-10-26 09:32:25.640,3.36,100
2020-10-26 09:32:25.640,3.36,100
2020-10-26 09:32:25.640,3.36,300
2020-10-26 09:32:25.640,3.36,700
2020-10-26 09:32:25.670,3.361,1000
2020-10-26 09:32:25.730,3.361,200
2020-10-26 09:32:26.170,3.361,2000
2020-10-26 09:32:26.370,3.361,100
2020-10-26 09:32:26.620,3.361,10000
2020-10-26 09:32:26.820,3.361,6000
2020-10-26 09:32:26.820,3.361,400
2020-10-26 09:32:27.070,3.361,5000
2020-10-26 09:32:27.140,3.361,30000
2020-10-26 09:32:27.200,3.361,500
2020-10-26 09:32:27.300,3.361,5000
2020-10-26 09:32:27.430,3.361,1500
2020-10-26 09:32:27.720,3.361,1500
2020-10-26 09:32:27.750,3.361,5000
2020-10-26 09:32:27.810,3.36,49300
2020-10-26 09:32:27.810,3.36,200
2020-10-26 09:32:27.810,3.36,1400
2020-10-26 09:32:27.810,3.36,1000
2020-10-26 09:32:27.810,3.36,20000
2020-10-26 09:32:27.810,3.36,10000
2020-10-26 09:32:27.810,3.36,10000
2020-10-26 09:32:27.810,3.36,5000
2020-10-26 09:32:27.810,3.36,10000
2020-10-26 09:32:27.810,3.36,100
2020-10-26 09:32:27.810,3.36,1500
2020-10-26 09:32:27.810,3.36,10000
2020-10-26 09:32:27.810,3.36,1000
2020-10-26 09:32:27.810,3.36,100
2020-10-26 09:32:27.810,3.36,15000
