Datetime,Price,Volume
2020-10-26 09:25:00.080,4.757,3000
2020-10-26 09:25:00.080,4.757,200
2020-10-26 09:25:00.080,4.757,20000
2020-10-26 09:25:00.080,4.757,4200
2020-10-26 09:25:00.080,4.757,1100
2020-10-26 09:25:00.080,4.757,20000
2020-10-26 09:25:00.080,4.757,1500
2020-10-26 09:25:00.080,4.757,11400
2020-10-26 09:25:00.080,4.757,1000
2020-10-26 09:25:00.080,4.757,100
2020-10-26 09:25:00.080,4.757,100
2020-10-26 09:25:00.080,4.757,100
2020-10-26 09:25:00.080,4.757,100
2020-10-26 09:25:00.080,4.757,100
2020-10-26 09:25:00.080,4.757,100
2020-10-26 09:25:00.080,4.757,100
2020-10-26 09:25:00.080,4.757,10000
2020-10-26 09:25:00.080,4.757,100
2020-10-26 09:25:00.080,4.757,2100
2020-10-26 09:25:00.080,4.757,12600
2020-10-26 09:25:00.080,4.757,12600
2020-10-26 09:25:00.080,4.757,3700
2020-10-26 09:25:00.080,4.757,3700
2020-10-26 09:25:00.080,4.757,6300
2020-10-26 09:25:00.080,4.757,4700
2020-10-26 09:25:00.080,4.757,10000
2020-10-26 09:25:00.080,4.757,2300
2020-10-26 09:25:00.080,4.757,3000
2020-10-26 09:25:00.080,4.757,600
2020-10-26 09:25:00.080,4.757,4000
2020-10-26 09:25:00.080,4.757,5000
2020-10-26 09:25:00.080,4.757,5000
2020-10-26 09:25:00.080,4.757,15000
2020-10-26 09:25:00.080,4.757,2000
2020-10-26 09:25:00.080,4.757,12500
2020-10-26 09:25:00.080,4.757,10300
2020-10-26 09:25:00.080,4.757,4200
2020-10-26 09:25:00.080,4.757,10000
2020-10-26 09:25:00.080,4.757,95000
2020-10-26 09:25:00.080,4.757,500
2020-10-26 09:25:00.080,4.757,1100
2020-10-26 09:25:00.080,4.757,1000
2020-10-26 09:25:00.080,4.757,400
2020-10-26 09:25:00.080,4.757,2000
2020-10-26 09:25:00.080,4.757,2100
2020-10-26 09:25:00.080,4.757,400
2020-10-26 09:25:00.080,4.757,3200
2020-10-26 09:25:00.080,4.757,300
2020-10-26 09:25:00.080,4.757,300
2020-10-26 09:25:00.080,4.757,10000
2020-10-26 09:25:00.080,4.757,7000
2020-10-26 09:25:00.080,4.757,99200
2020-10-26 09:25:00.080,4.757,22600
2020-10-26 09:25:00.080,4.757,31500
2020-10-26 09:25:00.080,4.757,5000
2020-10-26 09:25:00.080,4.757,13500
2020-10-26 09:25:00.080,4.757,10000
2020-10-26 09:25:00.080,4.757,156400
2020-10-26 09:25:00.080,4.757,200
2020-10-26 09:25:00.080,4.757,2000
2020-10-26 09:25:00.080,4.757,1100
2020-10-26 09:25:00.080,4.757,100000
2020-10-26 09:25:00.080,4.757,5000
2020-10-26 09:25:00.080,4.757,700
2020-10-26 09:25:00.080,4.757,10000
2020-10-26 09:25:00.080,4.757,5000
2020-10-26 09:25:00.080,4.757,3000
2020-10-26 09:25:00.080,4.757,10000
2020-10-26 09:25:00.080,4.757,2000
2020-10-26 09:25:00.080,4.757,800
2020-10-26 09:25:00.080,4.757,1000
2020-10-26 09:25:00.080,4.757,200
2020-10-26 09:25:00.080,4.757,1000
2020-10-26 09:25:00.080,4.757,4200
2020-10-26 09:25:00.080,4.757,5000
2020-10-26 09:25:00.080,4.757,72200
2020-10-26 09:25:00.080,4.757,1000
2020-10-26 09:25:00.080,4.757,2200
2020-10-26 09:25:00.080,4.757,200
2020-10-26 09:25:00.080,4.757,100
2020-10-26 09:25:00.080,4.757,100
2020-10-26 09:25:00.080,4.757,2000
2020-10-26 09:25:00.080,4.757,1600
2020-10-26 09:25:00.080,4.757,100
2020-10-26 09:25:00.080,4.757,200
2020-10-26 09:25:00.080,4.757,100
2020-10-26 09:25:00.080,4.757,200
2020-10-26 09:25:00.080,4.757,200
2020-10-26 09:25:00.080,4.757,5000
2020-10-26 09:25:00.080,4.757,1000
2020-10-26 09:25:00.080,4.757,100
2020-10-26 09:25:00.080,4.757,100
2020-10-26 09:25:00.080,4.757,3000
2020-10-26 09:25:00.080,4.757,100
2020-10-26 09:25:00.080,4.757,3500
2020-10-26 09:25:00.080,4.757,1100
2020-10-26 09:25:00.080,4.757,100
2020-10-26 09:25:00.080,4.757,200
2020-10-26 09:25:00.080,4.757,100
2020-10-26 09:25:00.080,4.757,100
2020-10-26 09:25:00.080,4.757,100
2020-10-26 09:25:00.080,4.757,800
2020-10-26 09:25:00.080,4.757,100
2020-10-26 09:25:00.080,4.757,800
2020-10-26 09:25:00.080,4.757,100
2020-10-26 09:25:00.080,4.757,100
2020-10-26 09:25:00.080,4.757,100
2020-10-26 09:25:00.080,4.757,500
2020-10-26 09:25:00.080,4.757,200
2020-10-26 09:25:00.080,4.757,200
2020-10-26 09:25:00.080,4.757,300
2020-10-26 09:25:00.080,4.757,500
2020-10-26 09:25:00.080,4.757,500
2020-10-26 09:25:00.080,4.757,200
2020-10-26 09:25:00.080,4.757,600
2020-10-26 09:25:00.080,4.757,100
2020-10-26 09:25:00.080,4.757,200
2020-10-26 09:25:00.080,4.757,100
2020-10-26 09:25:00.080,4.757,200
2020-10-26 09:25:00.080,4.757,600
2020-10-26 09:25:00.080,4.757,100
2020-10-26 09:25:00.080,4.757,4500
2020-10-26 09:25:00.080,4.757,100
2020-10-26 09:25:00.080,4.757,100
2020-10-26 09:25:00.080,4.757,100
2020-10-26 09:25:00.080,4.757,100
2020-10-26 09:25:00.080,4.757,200
2020-10-26 09:25:00.080,4.757,200
2020-10-26 09:25:00.080,4.757,500
2020-10-26 09:25:00.080,4.757,300
2020-10-26 09:25:00.080,4.757,2000
2020-10-26 09:25:00.080,4.757,700
2020-10-26 09:25:00.080,4.757,300
2020-10-26 09:25:00.080,4.757,200
2020-10-26 09:25:00.080,4.757,500
2020-10-26 09:25:00.080,4.757,100
2020-10-26 09:25:00.080,4.757,100
2020-10-26 09:25:00.080,4.757,1000
2020-10-26 09:25:00.080,4.757,2100
2020-10-26 09:25:00.080,4.757,100
2020-10-26 09:25:00.080,4.757,900
2020-10-26 09:25:00.080,4.757,100
2020-10-26 09:25:00.080,4.757,200
2020-10-26 09:25:00.080,4.757,600
2020-10-26 09:25:00.080,4.757,100
2020-10-26 09:25:00.080,4.757,100
2020-10-26 09:25:00.080,4.757,100
2020-10-26 09:25:00.080,4.757,100
2020-10-26 09:25:00.080,4.757,100
2020-10-26 09:25:00.080,4.757,1000
2020-10-26 09:25:00.080,4.757,100
2020-10-26 09:25:00.080,4.757,700
2020-10-26 09:25:00.080,4.757,400
2020-10-26 09:25:00.080,4.757,4200
2020-10-26 09:25:00.080,4.757,600
2020-10-26 09:25:00.080,4.757,100
2020-10-26 09:25:00.080,4.757,3000
2020-10-26 09:25:00.080,4.757,300
2020-10-26 09:25:00.080,4.757,4000
2020-10-26 09:25:00.080,4.757,200
2020-10-26 09:25:00.080,4.757,20900
2020-10-26 09:25:00.080,4.757,100
2020-10-26 09:25:00.080,4.757,1000
2020-10-26 09:25:00.080,4.757,100
2020-10-26 09:25:00.080,4.757,1000
2020-10-26 09:25:00.080,4.757,2100
2020-10-26 09:25:00.080,4.757,3000
2020-10-26 09:25:00.080,4.757,100
2020-10-26 09:25:00.080,4.757,200
2020-10-26 09:25:00.080,4.757,2000
2020-10-26 09:25:00.080,4.757,500
2020-10-26 09:25:00.080,4.757,1000
2020-10-26 09:25:00.080,4.757,200
2020-10-26 09:25:00.080,4.757,1000
2020-10-26 09:25:00.080,4.757,1000
2020-10-26 09:25:00.080,4.757,1300
2020-10-26 09:25:00.080,4.757,200
2020-10-26 09:25:00.080,4.757,100
2020-10-26 09:25:00.080,4.757,1000
2020-10-26 09:25:00.080,4.757,200
2020-10-26 09:25:00.080,4.757,300
2020-10-26 09:25:00.080,4.757,16700
2020-10-26 09:25:00.080,4.757,200
2020-10-26 09:25:00.080,4.757,2800
2020-10-26 09:25:00.080,4.757,10000
2020-10-26 09:25:00.080,4.757,100
2020-10-26 09:25:00.080,4.757,100
2020-10-26 09:25:00.080,4.757,100
2020-10-26 09:25:00.080,4.757,1100
2020-10-26 09:25:00.080,4.757,1000
2020-10-26 09:25:00.080,4.757,1000
2020-10-26 09:25:00.080,4.757,2000
2020-10-26 09:25:00.080,4.757,900
2020-10-26 09:25:00.080,4.757,100
2020-10-26 09:25:00.080,4.757,300
2020-10-26 09:25:00.080,4.757,100
2020-10-26 09:25:00.080,4.757,900
2020-10-26 09:25:00.080,4.757,100
2020-10-26 09:25:00.080,4.757,2300
2020-10-26 09:25:00.080,4.757,100
2020-10-26 09:25:00.080,4.757,100
2020-10-26 09:25:00.080,4.757,200
2020-10-26 09:25:00.080,4.757,300
2020-10-26 09:25:00.080,4.757,100
2020-10-26 09:25:00.080,4.757,100
2020-10-26 09:25:00.080,4.757,1000
2020-10-26 09:25:00.080,4.757,100
2020-10-26 09:25:00.080,4.757,100
2020-10-26 09:25:00.080,4.757,200
2020-10-26 09:25:00.080,4.757,100
2020-10-26 09:25:00.080,4.757,200
2020-10-26 09:25:00.080,4.757,100
2020-10-26 09:25:00.080,4.757,100
2020-10-26 09:25:00.080,4.757,2200
2020-10-26 09:25:00.080,4.757,500
2020-10-26 09:25:00.080,4.757,100
2020-10-26 09:25:00.080,4.757,100
2020-10-26 09:25:00.080,4.757,100
2020-10-26 09:25:00.080,4.757,100
2020-10-26 09:25:00.080,4.757,100
2020-10-26 09:25:00.080,4.757,1500
2020-10-26 09:25:00.080,4.757,83600
2020-10-26 09:25:00.080,4.757,100
2020-10-26 09:25:00.080,4.757,3100
2020-10-26 09:25:00.080,4.757,100
2020-10-26 09:25:00.080,4.757,100
2020-10-26 09:25:00.080,4.757,100
2020-10-26 09:25:00.080,4.757,100
2020-10-26 09:25:00.080,4.757,100
2020-10-26 09:25:00.080,4.757,200
2020-10-26 09:25:00.080,4.757,1000
2020-10-26 09:25:00.080,4.757,1000
2020-10-26 09:25:00.080,4.757,200
2020-10-26 09:25:00.080,4.757,200
2020-10-26 09:25:00.080,4.757,100
2020-10-26 09:25:00.080,4.757,300
2020-10-26 09:25:00.080,4.757,300
2020-10-26 09:25:00.080,4.757,5000
2020-10-26 09:25:00.080,4.757,6100
2020-10-26 09:25:00.080,4.757,100
2020-10-26 09:25:00.080,4.757,100
2020-10-26 09:25:00.080,4.757,100
2020-10-26 09:25:00.080,4.757,200
2020-10-26 09:25:00.080,4.757,200
2020-10-26 09:25:00.080,4.757,400
2020-10-26 09:25:00.080,4.757,100
2020-10-26 09:25:00.080,4.757,100
2020-10-26 09:25:00.080,4.757,100
2020-10-26 09:25:00.080,4.757,200
2020-10-26 09:25:00.080,4.757,200
2020-10-26 09:25:00.080,4.757,300
2020-10-26 09:25:00.080,4.757,200
2020-10-26 09:25:00.080,4.757,100
2020-10-26 09:25:00.080,4.757,200
2020-10-26 09:25:00.080,4.757,100
2020-10-26 09:25:00.080,4.757,100
2020-10-26 09:25:00.080,4.757,100
2020-10-26 09:25:00.080,4.757,4000
2020-10-26 09:25:00.080,4.757,8500
2020-10-26 09:25:00.080,4.757,600
2020-10-26 09:25:00.080,4.757,2000
2020-10-26 09:25:00.080,4.757,5000
2020-10-26 09:25:00.080,4.757,500
2020-10-26 09:25:00.080,4.757,200
2020-10-26 09:25:00.080,4.757,2000
2020-10-26 09:25:00.080,4.757,4000
2020-10-26 09:25:00.080,4.757,10400
2020-10-26 09:25:00.080,4.757,100
2020-10-26 09:25:00.080,4.757,2100
2020-10-26 09:25:00.080,4.757,700
2020-10-26 09:25:00.080,4.757,800
2020-10-26 09:25:00.080,4.757,500
2020-10-26 09:25:00.080,4.757,100
2020-10-26 09:25:00.080,4.757,300
2020-10-26 09:25:00.080,4.757,4700
2020-10-26 09:25:00.080,4.757,1700
2020-10-26 09:25:00.080,4.757,100
2020-10-26 09:25:00.080,4.757,100
2020-10-26 09:25:00.080,4.757,100
2020-10-26 09:25:00.080,4.757,100
2020-10-26 09:25:00.080,4.757,10000
2020-10-26 09:25:00.080,4.757,500
2020-10-26 09:25:00.080,4.757,200
2020-10-26 09:25:00.080,4.757,100
2020-10-26 09:25:00.080,4.757,20000
2020-10-26 09:25:00.080,4.757,100
2020-10-26 09:25:00.080,4.757,300
2020-10-26 09:25:00.080,4.757,100
2020-10-26 09:25:00.080,4.757,1000
2020-10-26 09:25:00.080,4.757,12400
2020-10-26 09:25:00.080,4.757,200
2020-10-26 09:25:00.080,4.757,10000
2020-10-26 09:25:00.080,4.757,2100
2020-10-26 09:25:00.080,4.757,100
2020-10-26 09:25:00.080,4.757,300
2020-10-26 09:25:00.080,4.757,12700
2020-10-26 09:25:00.080,4.757,400
2020-10-26 09:25:00.080,4.757,200
2020-10-26 09:25:00.080,4.757,500
2020-10-26 09:25:00.080,4.757,1000
2020-10-26 09:25:00.080,4.757,100
2020-10-26 09:25:00.080,4.757,1000
2020-10-26 09:25:00.080,4.757,500
2020-10-26 09:25:00.080,4.757,900
2020-10-26 09:25:00.080,4.757,4200
2020-10-26 09:25:00.080,4.757,100
2020-10-26 09:25:00.080,4.757,200
2020-10-26 09:25:00.080,4.757,500
2020-10-26 09:25:00.080,4.757,100
2020-10-26 09:25:00.080,4.757,100
2020-10-26 09:25:00.080,4.757,100
2020-10-26 09:25:00.080,4.757,900
2020-10-26 09:25:00.080,4.757,100
2020-10-26 09:25:00.080,4.757,31300
2020-10-26 09:25:00.080,4.757,2000
2020-10-26 09:25:00.080,4.757,100
2020-10-26 09:25:00.080,4.757,8000
2020-10-26 09:25:00.080,4.757,300
2020-10-26 09:25:00.080,4.757,400
2020-10-26 09:25:00.080,4.757,100
2020-10-26 09:25:00.080,4.757,200
2020-10-26 09:25:00.080,4.757,20000
2020-10-26 09:25:00.080,4.757,400
2020-10-26 09:25:00.080,4.757,400
2020-10-26 09:25:00.080,4.757,400
2020-10-26 09:25:00.080,4.757,2000
2020-10-26 09:25:00.080,4.757,31400
2020-10-26 09:25:00.080,4.757,100
2020-10-26 09:25:00.080,4.757,10000
2020-10-26 09:25:00.080,4.757,8600
2020-10-26 09:25:00.080,4.757,1000
2020-10-26 09:25:00.080,4.757,1000
2020-10-26 09:25:00.080,4.757,600
2020-10-26 09:25:00.080,4.757,700
2020-10-26 09:25:00.080,4.757,19300
2020-10-26 09:25:00.080,4.757,200
2020-10-26 09:25:00.080,4.757,100
2020-10-26 09:25:00.080,4.757,1000
2020-10-26 09:25:00.080,4.757,4000
2020-10-26 09:25:00.080,4.757,2500
2020-10-26 09:25:00.080,4.757,600
2020-10-26 09:25:00.080,4.757,1000
2020-10-26 09:25:00.080,4.757,200
2020-10-26 09:25:00.080,4.757,100
2020-10-26 09:25:00.080,4.757,4100
2020-10-26 09:25:00.080,4.757,2000
2020-10-26 09:25:00.080,4.757,200
2020-10-26 09:25:00.080,4.757,100
2020-10-26 09:25:00.080,4.757,1000
2020-10-26 09:25:00.080,4.757,2000
2020-10-26 09:25:00.080,4.757,58800
2020-10-26 09:25:00.080,4.757,1500
2020-10-26 09:25:00.080,4.757,7500
2020-10-26 09:25:00.080,4.757,300
2020-10-26 09:25:00.080,4.757,100
2020-10-26 09:25:00.080,4.757,1000
2020-10-26 09:25:00.080,4.757,400
2020-10-26 09:25:00.080,4.757,200
2020-10-26 09:25:00.080,4.757,4200
2020-10-26 09:25:00.080,4.757,100
2020-10-26 09:25:00.080,4.757,200
2020-10-26 09:25:00.080,4.757,100
2020-10-26 09:25:00.080,4.757,3100
2020-10-26 09:25:00.080,4.757,100
2020-10-26 09:25:00.080,4.757,39600
2020-10-26 09:25:00.080,4.757,200
2020-10-26 09:25:00.080,4.757,500
2020-10-26 09:25:00.080,4.757,5000
2020-10-26 09:25:00.080,4.757,4000
2020-10-26 09:25:00.080,4.757,400
2020-10-26 09:25:00.080,4.757,100
2020-10-26 09:25:00.080,4.757,6900
2020-10-26 09:25:00.080,4.757,100
2020-10-26 09:25:00.080,4.757,100
2020-10-26 09:25:00.080,4.757,2000
2020-10-26 09:25:00.080,4.757,2000
2020-10-26 09:25:00.080,4.757,6000
2020-10-26 09:25:00.080,4.757,100
2020-10-26 09:25:00.080,4.757,5200
2020-10-26 09:25:00.080,4.757,100
2020-10-26 09:25:00.080,4.757,100
2020-10-26 09:25:00.080,4.757,5000
2020-10-26 09:25:00.080,4.757,300
2020-10-26 09:25:00.080,4.757,6000
2020-10-26 09:25:00.080,4.757,3000
2020-10-26 09:25:00.080,4.757,14000
2020-10-26 09:25:00.080,4.757,100
2020-10-26 09:25:00.080,4.757,10000
2020-10-26 09:25:00.080,4.757,2600
2020-10-26 09:25:00.080,4.757,5000
2020-10-26 09:25:00.080,4.757,200
2020-10-26 09:25:00.080,4.757,500
2020-10-26 09:25:00.080,4.757,100
2020-10-26 09:25:00.080,4.757,200
2020-10-26 09:25:00.080,4.757,200
2020-10-26 09:25:00.080,4.757,100
2020-10-26 09:25:00.080,4.757,1000
2020-10-26 09:25:00.080,4.757,100
2020-10-26 09:25:00.080,4.757,4100
2020-10-26 09:25:00.080,4.757,1000
2020-10-26 09:25:00.080,4.757,100
2020-10-26 09:25:00.080,4.757,500
2020-10-26 09:25:00.080,4.757,20000
2020-10-26 09:25:00.080,4.757,200
2020-10-26 09:25:00.080,4.757,10000
2020-10-26 09:25:00.080,4.757,5000
2020-10-26 09:25:00.080,4.757,500
2020-10-26 09:25:00.080,4.757,5000
2020-10-26 09:25:00.080,4.757,100
2020-10-26 09:25:00.080,4.757,100
2020-10-26 09:25:00.080,4.757,2000
2020-10-26 09:25:00.080,4.757,1000
2020-10-26 09:25:00.080,4.757,500
2020-10-26 09:25:00.080,4.757,100
2020-10-26 09:25:00.080,4.757,5000
2020-10-26 09:25:00.080,4.757,400
2020-10-26 09:25:00.080,4.757,300
2020-10-26 09:25:00.080,4.757,1400
2020-10-26 09:25:00.080,4.757,1000
2020-10-26 09:25:00.080,4.757,7200
2020-10-26 09:25:00.080,4.757,15000
2020-10-26 09:25:00.080,4.757,100
2020-10-26 09:25:00.080,4.757,10000
2020-10-26 09:25:00.080,4.757,200
2020-10-26 09:25:00.080,4.757,1000
2020-10-26 09:25:00.080,4.757,3100
2020-10-26 09:25:00.080,4.757,10000
2020-10-26 09:25:00.080,4.757,3000
2020-10-26 09:25:00.080,4.757,9900
2020-10-26 09:25:00.080,4.757,2500
2020-10-26 09:25:00.080,4.757,500
2020-10-26 09:25:00.080,4.757,10000
2020-10-26 09:25:00.080,4.757,10000
2020-10-26 09:25:00.080,4.757,5000
2020-10-26 09:25:00.080,4.757,1000
2020-10-26 09:25:00.080,4.757,100
2020-10-26 09:25:00.080,4.757,100
2020-10-26 09:25:00.080,4.757,1000
2020-10-26 09:25:00.080,4.757,1000
2020-10-26 09:25:00.080,4.757,6100
2020-10-26 09:25:00.080,4.757,100
2020-10-26 09:25:00.080,4.757,500
2020-10-26 09:25:00.080,4.757,4400
2020-10-26 09:25:00.080,4.757,3100
2020-10-26 09:25:00.080,4.757,1100
2020-10-26 09:25:00.080,4.757,3200
2020-10-26 09:25:00.080,4.757,3800
2020-10-26 09:25:00.080,4.757,2500
2020-10-26 09:25:00.080,4.757,1000
2020-10-26 09:25:00.080,4.757,20000
2020-10-26 09:25:00.080,4.757,800
2020-10-26 09:25:00.080,4.757,100
2020-10-26 09:25:00.080,4.757,300
2020-10-26 09:25:00.080,4.757,500
2020-10-26 09:25:00.080,4.757,4000
2020-10-26 09:25:00.080,4.757,500
2020-10-26 09:25:00.080,4.757,1000
2020-10-26 09:25:00.080,4.757,10000
2020-10-26 09:25:00.080,4.757,100
2020-10-26 09:25:00.080,4.757,1000
2020-10-26 09:25:00.080,4.757,5000
2020-10-26 09:25:00.080,4.757,100
2020-10-26 09:25:00.080,4.757,1000
2020-10-26 09:25:00.080,4.757,300
2020-10-26 09:25:00.080,4.757,5200
2020-10-26 09:25:00.080,4.757,2000
2020-10-26 09:25:00.080,4.757,30000
2020-10-26 09:25:00.080,4.757,6000
2020-10-26 09:25:00.080,4.757,1000
2020-10-26 09:25:00.080,4.757,5400
2020-10-26 09:25:00.080,4.757,100
2020-10-26 09:25:00.080,4.757,10000
2020-10-26 09:25:00.080,4.757,100
2020-10-26 09:25:00.080,4.757,100
2020-10-26 09:25:00.080,4.757,2500
2020-10-26 09:25:00.080,4.757,200
2020-10-26 09:25:00.080,4.757,5000
2020-10-26 09:25:00.080,4.757,100
2020-10-26 09:25:00.080,4.757,100
2020-10-26 09:25:00.080,4.757,2500
2020-10-26 09:25:00.080,4.757,400
2020-10-26 09:25:00.080,4.757,1000
2020-10-26 09:25:00.080,4.757,1300
2020-10-26 09:25:00.080,4.757,17000
2020-10-26 09:25:00.080,4.757,700
2020-10-26 09:25:00.080,4.757,10000
2020-10-26 09:25:00.080,4.757,500
2020-10-26 09:25:00.080,4.757,300
2020-10-26 09:25:00.080,4.757,3000
2020-10-26 09:25:00.080,4.757,1000
2020-10-26 09:25:00.080,4.757,2500
2020-10-26 09:25:00.080,4.757,2500
2020-10-26 09:25:00.080,4.757,7300
2020-10-26 09:25:00.080,4.757,12700
2020-10-26 09:25:00.080,4.757,500
2020-10-26 09:25:00.080,4.757,1500
2020-10-26 09:25:00.080,4.757,20000
2020-10-26 09:25:00.080,4.757,3900
2020-10-26 09:25:00.080,4.757,2100
2020-10-26 09:25:00.080,4.757,20700
2020-10-26 09:25:00.080,4.757,700
2020-10-26 09:25:00.080,4.757,1000
2020-10-26 09:25:00.080,4.757,2500
2020-10-26 09:25:00.080,4.757,10000
2020-10-26 09:25:00.080,4.757,41800
2020-10-26 09:25:00.080,4.757,8500
2020-10-26 09:25:00.080,4.757,2000
2020-10-26 09:25:00.080,4.757,98000
2020-10-26 09:25:00.080,4.757,6000
2020-10-26 09:25:00.080,4.757,100
2020-10-26 09:25:00.080,4.757,100
2020-10-26 09:25:00.080,4.757,300
2020-10-26 09:25:00.080,4.757,500
2020-10-26 09:25:00.080,4.757,5000
2020-10-26 09:25:00.080,4.757,100
2020-10-26 09:25:00.080,4.757,6000
2020-10-26 09:25:00.080,4.757,6000
2020-10-26 09:25:00.080,4.757,300
2020-10-26 09:25:00.080,4.757,200
2020-10-26 09:25:00.080,4.757,400
2020-10-26 09:25:00.080,4.757,1000
2020-10-26 09:25:00.080,4.757,200
2020-10-26 09:25:00.080,4.757,1300
2020-10-26 09:25:00.080,4.757,100
2020-10-26 09:25:00.080,4.757,1000
2020-10-26 09:25:00.080,4.757,5000
2020-10-26 09:25:00.080,4.757,1000
2020-10-26 09:25:00.080,4.757,2000
2020-10-26 09:25:00.080,4.757,600
2020-10-26 09:25:00.080,4.757,100
2020-10-26 09:25:00.080,4.757,600
2020-10-26 09:25:00.080,4.757,10000
2020-10-26 09:25:00.080,4.757,100
2020-10-26 09:25:00.080,4.757,10000
2020-10-26 09:25:00.080,4.757,200
2020-10-26 09:25:00.080,4.757,2400
2020-10-26 09:25:00.080,4.757,1900
2020-10-26 09:25:00.080,4.757,100
2020-10-26 09:25:00.080,4.757,1000
2020-10-26 09:25:00.080,4.757,5500
2020-10-26 09:25:00.080,4.757,1000
2020-10-26 09:25:00.080,4.757,3000
2020-10-26 09:25:00.080,4.757,100
2020-10-26 09:25:00.080,4.757,3000
2020-10-26 09:25:00.080,4.757,700
2020-10-26 09:25:00.080,4.757,2500
2020-10-26 09:25:00.080,4.757,1000
2020-10-26 09:25:00.080,4.757,3000
2020-10-26 09:25:00.080,4.757,6600
2020-10-26 09:25:00.080,4.757,40000
2020-10-26 09:25:00.080,4.757,1000
2020-10-26 09:25:00.080,4.757,1000
2020-10-26 09:25:00.080,4.757,100
2020-10-26 09:25:00.080,4.757,300
2020-10-26 09:25:00.080,4.757,100
2020-10-26 09:25:00.080,4.757,700
2020-10-26 09:25:00.080,4.757,1000
2020-10-26 09:25:00.080,4.757,1000
2020-10-26 09:25:00.080,4.757,200
2020-10-26 09:25:00.080,4.757,100
2020-10-26 09:25:00.080,4.757,100
2020-10-26 09:25:00.080,4.757,200
2020-10-26 09:25:00.080,4.757,500
2020-10-26 09:25:00.080,4.757,4200
2020-10-26 09:25:00.080,4.757,300
2020-10-26 09:25:00.080,4.757,10000
2020-10-26 09:25:00.080,4.757,5000
2020-10-26 09:25:00.080,4.757,2500
2020-10-26 09:25:00.080,4.757,200
2020-10-26 09:25:00.080,4.757,59000
2020-10-26 09:25:00.080,4.757,3000
2020-10-26 09:25:00.080,4.757,1000
2020-10-26 09:25:00.080,4.757,100
2020-10-26 09:25:00.080,4.757,1200
2020-10-26 09:25:00.080,4.757,4100
2020-10-26 09:25:00.080,4.757,3900
2020-10-26 09:25:00.080,4.757,100
2020-10-26 09:25:00.080,4.757,500
2020-10-26 09:25:00.080,4.757,413800
2020-10-26 09:25:00.080,4.757,3500
2020-10-26 09:25:00.080,4.757,600
2020-10-26 09:25:00.080,4.757,2000
2020-10-26 09:25:00.080,4.757,3000
2020-10-26 09:25:00.080,4.757,5000
2020-10-26 09:25:00.080,4.757,1200
2020-10-26 09:25:00.080,4.757,800
2020-10-26 09:25:00.080,4.757,1000
2020-10-26 09:25:00.080,4.757,10000
2020-10-26 09:25:00.080,4.757,4500
2020-10-26 09:25:00.080,4.757,3900
2020-10-26 09:25:00.080,4.757,4000
2020-10-26 09:25:00.080,4.757,200
2020-10-26 09:25:00.080,4.757,800
2020-10-26 09:25:00.080,4.757,10000
2020-10-26 09:25:00.080,4.757,1000
2020-10-26 09:25:00.080,4.757,10000
2020-10-26 09:25:00.080,4.757,10000
2020-10-26 09:25:00.080,4.757,2500
2020-10-26 09:25:00.080,4.757,30000
2020-10-26 09:25:00.080,4.757,1300
2020-10-26 09:25:00.080,4.757,72600
2020-10-26 09:25:00.080,4.757,31300
2020-10-26 09:25:00.080,4.757,1000
2020-10-26 09:25:00.080,4.757,300
2020-10-26 09:25:00.080,4.757,2000
2020-10-26 09:25:00.080,4.757,2200
2020-10-26 09:25:00.080,4.757,1100
2020-10-26 09:25:00.080,4.757,2000
2020-10-26 09:25:00.080,4.757,500
2020-10-26 09:25:00.080,4.757,2300
2020-10-26 09:25:00.080,4.757,700
2020-10-26 09:25:00.080,4.757,3000
2020-10-26 09:25:00.080,4.757,5000
2020-10-26 09:25:00.080,4.757,20000
2020-10-26 09:25:00.080,4.757,4200
2020-10-26 09:25:00.080,4.757,100
2020-10-26 09:25:00.080,4.757,5000
2020-10-26 09:25:00.080,4.757,1100
2020-10-26 09:25:00.080,4.757,5000
2020-10-26 09:25:00.080,4.757,100
2020-10-26 09:25:00.080,4.757,20000
2020-10-26 09:25:00.080,4.757,300
2020-10-26 09:25:00.080,4.757,4200
2020-10-26 09:25:00.080,4.757,6000
2020-10-26 09:25:00.080,4.757,5000
2020-10-26 09:25:00.080,4.757,6000
2020-10-26 09:25:00.080,4.757,5000
2020-10-26 09:25:00.080,4.757,500
2020-10-26 09:25:00.080,4.757,100
2020-10-26 09:25:00.080,4.757,15000
2020-10-26 09:25:00.080,4.757,2000
2020-10-26 09:25:00.080,4.757,1800
2020-10-26 09:25:00.080,4.757,100
2020-10-26 09:25:00.080,4.757,100
2020-10-26 09:25:00.080,4.757,100
2020-10-26 09:25:00.080,4.757,1000
2020-10-26 09:25:00.080,4.757,100
2020-10-26 09:25:00.080,4.757,2000
2020-10-26 09:25:00.080,4.757,1000
2020-10-26 09:25:00.080,4.757,10000
2020-10-26 09:25:00.080,4.757,300
2020-10-26 09:25:00.080,4.757,1000
2020-10-26 09:25:00.080,4.757,5000
2020-10-26 09:25:00.080,4.757,1500
2020-10-26 09:25:00.080,4.757,4000
2020-10-26 09:25:00.080,4.757,700
2020-10-26 09:25:00.080,4.757,10000
2020-10-26 09:25:00.080,4.757,1000
2020-10-26 09:25:00.080,4.757,10000
2020-10-26 09:25:00.080,4.757,3000
2020-10-26 09:25:00.080,4.757,4000
2020-10-26 09:25:00.080,4.757,1000
2020-10-26 09:25:00.080,4.757,900
2020-10-26 09:25:00.080,4.757,6300
2020-10-26 09:25:00.080,4.757,1000
2020-10-26 09:25:00.080,4.757,4600
2020-10-26 09:25:00.080,4.757,2500
2020-10-26 09:25:00.080,4.757,1000
2020-10-26 09:25:00.080,4.757,4000
2020-10-26 09:25:00.080,4.757,1000
2020-10-26 09:25:00.080,4.757,6400
2020-10-26 09:25:00.080,4.757,22100
2020-10-26 09:25:00.080,4.757,2000
2020-10-26 09:25:00.080,4.757,500
2020-10-26 09:25:00.080,4.757,100
2020-10-26 09:25:00.080,4.757,4200
2020-10-26 09:25:00.080,4.757,100
2020-10-26 09:25:00.080,4.757,300
2020-10-26 09:25:00.080,4.757,2200
2020-10-26 09:25:00.080,4.757,300
2020-10-26 09:25:00.080,4.757,1000
2020-10-26 09:25:00.080,4.757,100
2020-10-26 09:25:00.080,4.757,5000
2020-10-26 09:25:00.080,4.757,10500
2020-10-26 09:25:00.080,4.757,800
2020-10-26 09:25:00.080,4.757,1000
2020-10-26 09:30:00.020,4.757,10000
2020-10-26 09:30:00.080,4.757,21100
2020-10-26 09:30:00.080,4.757,200
2020-10-26 09:30:00.200,4.757,2000
2020-10-26 09:30:00.200,4.757,20000
2020-10-26 09:30:00.200,4.757,500
2020-10-26 09:30:00.230,4.756,100
2020-10-26 09:30:00.230,4.756,2500
2020-10-26 09:30:00.230,4.756,1700
2020-10-26 09:30:00.270,4.757,200
2020-10-26 09:30:00.270,4.757,10000
2020-10-26 09:30:00.270,4.757,700
2020-10-26 09:30:00.270,4.757,101600
2020-10-26 09:30:00.310,4.759,5000
2020-10-26 09:30:00.310,4.759,300
2020-10-26 09:30:00.310,4.759,200
2020-10-26 09:30:00.380,4.759,10000
2020-10-26 09:30:00.380,4.758,4300
2020-10-26 09:30:00.480,4.758,1000
2020-10-26 09:30:00.480,4.759,500
2020-10-26 09:30:00.480,4.758,20000
2020-10-26 09:30:00.480,4.759,3500
2020-10-26 09:30:00.480,4.759,20000
2020-10-26 09:30:00.480,4.759,10000
2020-10-26 09:30:00.480,4.758,8200
2020-10-26 09:30:00.480,4.758,400
2020-10-26 09:30:00.480,4.757,22600
2020-10-26 09:30:00.480,4.759,10000
2020-10-26 09:30:00.480,4.759,10000
2020-10-26 09:30:00.600,4.757,18800
2020-10-26 09:30:00.600,4.759,10000
2020-10-26 09:30:00.600,4.757,94600
2020-10-26 09:30:00.600,4.758,1000
2020-10-26 09:30:00.600,4.759,20000
2020-10-26 09:30:00.600,4.758,1000
2020-10-26 09:30:00.600,4.757,9000
2020-10-26 09:30:00.600,4.757,700
2020-10-26 09:30:00.600,4.757,48700
2020-10-26 09:30:00.600,4.757,500
2020-10-26 09:30:00.600,4.757,100
2020-10-26 09:30:00.600,4.757,100
2020-10-26 09:30:00.600,4.757,2200
2020-10-26 09:30:00.600,4.757,100
2020-10-26 09:30:00.600,4.757,100
2020-10-26 09:30:00.600,4.757,1900
2020-10-26 09:30:00.710,4.757,100
2020-10-26 09:30:00.710,4.757,2000
2020-10-26 09:30:00.710,4.757,500
2020-10-26 09:30:00.710,4.757,2100
2020-10-26 09:30:00.710,4.757,2000
2020-10-26 09:30:00.710,4.757,4000
2020-10-26 09:30:00.710,4.757,1800
2020-10-26 09:30:00.710,4.757,3000
2020-10-26 09:30:00.710,4.757,300
2020-10-26 09:30:00.710,4.757,2000
2020-10-26 09:30:00.710,4.757,200000
2020-10-26 09:30:00.710,4.757,500
2020-10-26 09:30:00.710,4.757,3000
2020-10-26 09:30:00.710,4.757,20000
2020-10-26 09:30:00.710,4.757,10000
2020-10-26 09:30:00.710,4.757,2000
2020-10-26 09:30:00.710,4.757,20000
2020-10-26 09:30:00.710,4.757,800
2020-10-26 09:30:00.710,4.757,18500
2020-10-26 09:30:00.710,4.757,5000
2020-10-26 09:30:00.710,4.757,100
2020-10-26 09:30:00.710,4.757,100
2020-10-26 09:30:00.710,4.757,2100
2020-10-26 09:30:00.710,4.757,100
2020-10-26 09:30:00.710,4.757,13100
2020-10-26 09:30:00.710,4.757,36800
2020-10-26 09:30:00.710,4.757,1000
2020-10-26 09:30:00.710,4.757,100
2020-10-26 09:30:00.710,4.757,2000
2020-10-26 09:30:00.710,4.756,200
2020-10-26 09:30:00.710,4.756,1000
2020-10-26 09:30:00.710,4.756,158900
2020-10-26 09:30:00.710,4.757,300
2020-10-26 09:30:00.710,4.757,2600
2020-10-26 09:30:00.710,4.759,30000
2020-10-26 09:30:00.830,4.759,200
2020-10-26 09:30:00.830,4.757,1000
2020-10-26 09:30:00.830,4.757,1000
2020-10-26 09:30:00.830,4.757,100
2020-10-26 09:30:00.830,4.757,2800
2020-10-26 09:30:00.830,4.757,2000
2020-10-26 09:30:00.830,4.757,1100
2020-10-26 09:30:00.830,4.757,200
2020-10-26 09:30:00.830,4.757,400
2020-10-26 09:30:00.830,4.759,2300
2020-10-26 09:30:00.950,4.757,800
2020-10-26 09:30:00.950,4.757,30000
2020-10-26 09:30:00.950,4.757,2200
2020-10-26 09:30:00.950,4.757,1300
2020-10-26 09:30:00.950,4.757,5000
2020-10-26 09:30:00.950,4.757,300
2020-10-26 09:30:00.950,4.759,45000
2020-10-26 09:30:00.950,4.759,28100
2020-10-26 09:30:00.950,4.757,1300
2020-10-26 09:30:00.950,4.757,3600
2020-10-26 09:30:00.950,4.757,1400
2020-10-26 09:30:00.950,4.757,600
2020-10-26 09:30:00.950,4.759,2000
2020-10-26 09:30:00.950,4.759,8400
2020-10-26 09:30:01.070,4.759,500
2020-10-26 09:30:01.070,4.757,100
2020-10-26 09:30:01.070,4.759,2500
2020-10-26 09:30:01.070,4.759,10000
2020-10-26 09:30:01.070,4.757,4300
2020-10-26 09:30:01.070,4.757,900
2020-10-26 09:30:01.190,4.757,1500
2020-10-26 09:30:01.190,4.757,2000
2020-10-26 09:30:01.190,4.757,1000
2020-10-26 09:30:01.190,4.757,2000
2020-10-26 09:30:01.190,4.757,1000
2020-10-26 09:30:01.190,4.757,2400
2020-10-26 09:30:01.190,4.757,100
2020-10-26 09:30:01.190,4.757,4500
2020-10-26 09:30:01.190,4.758,3000
2020-10-26 09:30:01.190,4.757,15500
2020-10-26 09:30:01.190,4.757,17200
2020-10-26 09:30:01.190,4.757,1000
2020-10-26 09:30:01.190,4.757,300
2020-10-26 09:30:01.190,4.757,500
2020-10-26 09:30:01.190,4.757,2400
2020-10-26 09:30:01.190,4.757,4500
2020-10-26 09:30:01.190,4.757,4200
2020-10-26 09:30:01.190,4.757,200
2020-10-26 09:30:01.190,4.757,500
2020-10-26 09:30:01.190,4.757,8000
2020-10-26 09:30:01.190,4.757,1000
2020-10-26 09:30:01.190,4.757,100
2020-10-26 09:30:01.190,4.757,800
2020-10-26 09:30:01.190,4.757,800
2020-10-26 09:30:01.190,4.759,40000
2020-10-26 09:30:01.190,4.757,200
2020-10-26 09:30:01.190,4.757,2800
2020-10-26 09:30:01.190,4.757,700
2020-10-26 09:30:01.300,4.759,300
2020-10-26 09:30:01.300,4.758,7000
2020-10-26 09:30:01.300,4.757,6500
2020-10-26 09:30:01.300,4.757,4000
2020-10-26 09:30:01.300,4.757,1000
2020-10-26 09:30:01.300,4.757,3000
2020-10-26 09:30:01.300,4.757,5000
2020-10-26 09:30:01.300,4.757,3500
2020-10-26 09:30:01.300,4.759,2000
2020-10-26 09:30:01.420,4.758,2200
2020-10-26 09:30:01.420,4.757,3300
2020-10-26 09:30:01.420,4.758,5500
2020-10-26 09:30:01.420,4.759,5000
2020-10-26 09:30:01.420,4.758,9800
2020-10-26 09:30:01.420,4.759,6000
2020-10-26 09:30:01.420,4.758,400
2020-10-26 09:30:01.420,4.757,19600
2020-10-26 09:30:01.540,4.758,4000
2020-10-26 09:30:01.540,4.759,6000
2020-10-26 09:30:01.540,4.757,3000
2020-10-26 09:30:01.540,4.759,400
2020-10-26 09:30:01.540,4.759,4200
2020-10-26 09:30:01.660,4.759,100
2020-10-26 09:30:01.660,4.759,6600
2020-10-26 09:30:01.660,4.759,6600
2020-10-26 09:30:01.660,4.759,6600
2020-10-26 09:30:01.660,4.759,6600
2020-10-26 09:30:01.660,4.759,6600
2020-10-26 09:30:01.660,4.758,1000
2020-10-26 09:30:01.660,4.758,200
2020-10-26 09:30:01.660,4.757,3600
2020-10-26 09:30:01.660,4.759,10000
2020-10-26 09:30:01.660,4.759,2500
2020-10-26 09:30:01.660,4.757,5500
2020-10-26 09:30:01.660,4.759,104500
2020-10-26 09:30:01.770,4.757,1500
2020-10-26 09:30:01.770,4.757,8500
2020-10-26 09:30:01.770,4.759,10600
2020-10-26 09:30:01.770,4.757,11500
2020-10-26 09:30:01.770,4.757,100
2020-10-26 09:30:01.770,4.757,500
2020-10-26 09:30:01.770,4.757,1600
2020-10-26 09:30:01.770,4.757,100
2020-10-26 09:30:01.770,4.757,40000
2020-10-26 09:30:01.770,4.757,31200
2020-10-26 09:30:01.770,4.757,12000
2020-10-26 09:30:01.770,4.757,100
2020-10-26 09:30:01.770,4.757,3100
2020-10-26 09:30:01.770,4.757,100
2020-10-26 09:30:01.770,4.757,500
2020-10-26 09:30:01.770,4.757,5000
2020-10-26 09:30:01.770,4.757,5000
2020-10-26 09:30:01.770,4.757,1000
2020-10-26 09:30:01.770,4.757,100
2020-10-26 09:30:01.770,4.757,10000
2020-10-26 09:30:01.770,4.757,2000
2020-10-26 09:30:01.770,4.757,10000
2020-10-26 09:30:01.770,4.757,800
2020-10-26 09:30:01.770,4.757,25000
2020-10-26 09:30:01.770,4.757,5000
2020-10-26 09:30:01.770,4.757,3000
2020-10-26 09:30:01.770,4.757,2200
2020-10-26 09:30:01.770,4.757,200
2020-10-26 09:30:01.770,4.757,10000
2020-10-26 09:30:01.770,4.757,2500
2020-10-26 09:30:01.770,4.757,2000
2020-10-26 09:30:01.770,4.757,7700
2020-10-26 09:30:01.770,4.757,600
2020-10-26 09:30:01.770,4.757,1100
2020-10-26 09:30:01.770,4.757,2000
2020-10-26 09:30:01.770,4.757,3800
2020-10-26 09:30:01.770,4.757,3000
2020-10-26 09:30:01.770,4.757,1000
2020-10-26 09:30:01.770,4.757,5000
2020-10-26 09:30:01.770,4.757,2000
2020-10-26 09:30:01.770,4.757,100
2020-10-26 09:30:01.770,4.757,1000
2020-10-26 09:30:01.770,4.757,1000
2020-10-26 09:30:01.770,4.757,5000
2020-10-26 09:30:01.770,4.757,400
2020-10-26 09:30:01.770,4.757,4600
2020-10-26 09:30:01.770,4.757,100
2020-10-26 09:30:01.770,4.757,6000
2020-10-26 09:30:01.770,4.757,100
2020-10-26 09:30:01.770,4.757,1500
2020-10-26 09:30:01.770,4.757,500
2020-10-26 09:30:01.770,4.757,16900
2020-10-26 09:30:01.770,4.757,1000
2020-10-26 09:30:01.770,4.757,12400
2020-10-26 09:30:01.770,4.756,31700
2020-10-26 09:30:01.770,4.757,800
2020-10-26 09:30:01.770,4.757,500
2020-10-26 09:30:01.770,4.757,1000
2020-10-26 09:30:01.890,4.756,10000
2020-10-26 09:30:01.890,4.757,1200
2020-10-26 09:30:01.890,4.756,2000
2020-10-26 09:30:01.890,4.757,31000
2020-10-26 09:30:01.890,4.757,4100
2020-10-26 09:30:01.890,4.757,30000
2020-10-26 09:30:01.890,4.757,8000
2020-10-26 09:30:01.890,4.757,13000
2020-10-26 09:30:01.890,4.759,7000
2020-10-26 09:30:01.890,4.757,100
2020-10-26 09:30:01.890,4.757,4000
2020-10-26 09:30:01.890,4.757,4000
2020-10-26 09:30:01.890,4.759,5000
2020-10-26 09:30:01.890,4.757,10400
2020-10-26 09:30:02.010,4.759,5000
2020-10-26 09:30:02.010,4.757,100
2020-10-26 09:30:02.010,4.757,1000
2020-10-26 09:30:02.010,4.759,10000
2020-10-26 09:30:02.010,4.759,300000
2020-10-26 09:30:02.010,4.757,3400
2020-10-26 09:30:02.010,4.759,3200
2020-10-26 09:30:02.010,4.759,2400
2020-10-26 09:30:02.010,4.759,4000
2020-10-26 09:30:02.010,4.759,500
2020-10-26 09:30:02.010,4.759,400
2020-10-26 09:30:02.010,4.757,5000
2020-10-26 09:30:02.010,4.757,30200
2020-10-26 09:30:02.140,4.757,200
2020-10-26 09:30:02.140,4.757,900
2020-10-26 09:30:02.140,4.757,19100
2020-10-26 09:30:02.140,4.757,900
2020-10-26 09:30:02.140,4.757,5000
2020-10-26 09:30:02.140,4.757,3000
2020-10-26 09:30:02.140,4.757,100
2020-10-26 09:30:02.140,4.758,5000
2020-10-26 09:30:02.140,4.757,16900
2020-10-26 09:30:02.140,4.757,5600
2020-10-26 09:30:02.140,4.757,3500
2020-10-26 09:30:02.140,4.757,10900
2020-10-26 09:30:02.140,4.757,3000
2020-10-26 09:30:02.140,4.757,1000
2020-10-26 09:30:02.140,4.757,100
2020-10-26 09:30:02.140,4.757,200
2020-10-26 09:30:02.140,4.757,2000
2020-10-26 09:30:02.140,4.757,2800
2020-10-26 09:30:02.140,4.759,6600
2020-10-26 09:30:02.140,4.759,35400
2020-10-26 09:30:02.140,4.758,6300
2020-10-26 09:30:02.140,4.758,600
2020-10-26 09:30:02.140,4.757,6600
2020-10-26 09:30:02.140,4.757,3000
2020-10-26 09:30:02.140,4.757,10000
2020-10-26 09:30:02.140,4.757,1200
2020-10-26 09:30:02.140,4.757,100
2020-10-26 09:30:02.140,4.757,100
2020-10-26 09:30:02.140,4.757,31500
2020-10-26 09:30:02.140,4.757,2000
2020-10-26 09:30:02.140,4.757,1200
2020-10-26 09:30:02.140,4.757,200
2020-10-26 09:30:02.140,4.757,22300
2020-10-26 09:30:02.140,4.758,400
2020-10-26 09:30:02.260,4.758,10000
2020-10-26 09:30:02.260,4.758,3400
2020-10-26 09:30:02.260,4.758,100
2020-10-26 09:30:02.260,4.758,1100
2020-10-26 09:30:02.260,4.758,10000
2020-10-26 09:30:02.260,4.758,500
2020-10-26 09:30:02.260,4.757,3000
2020-10-26 09:30:02.260,4.757,8000
2020-10-26 09:30:02.380,4.757,2000
2020-10-26 09:30:02.380,4.758,51500
2020-10-26 09:30:02.380,4.758,10000
2020-10-26 09:30:02.380,4.758,300
2020-10-26 09:30:02.380,4.758,1100
2020-10-26 09:30:02.490,4.757,1100
2020-10-26 09:30:02.490,4.757,1000
2020-10-26 09:30:02.490,4.758,9300
2020-10-26 09:30:02.490,4.759,30700
2020-10-26 09:30:02.490,4.758,400
2020-10-26 09:30:02.540,4.758,3600
2020-10-26 09:30:02.540,4.757,4500
2020-10-26 09:30:02.540,4.757,200
2020-10-26 09:30:02.540,4.757,5300
2020-10-26 09:30:02.540,4.758,3700
2020-10-26 09:30:02.540,4.757,3000
2020-10-26 09:30:02.540,4.758,500
2020-10-26 09:30:02.540,4.758,10000
2020-10-26 09:30:02.660,4.758,2200
2020-10-26 09:30:02.660,4.759,36700
2020-10-26 09:30:02.660,4.76,200
2020-10-26 09:30:02.660,4.76,100
2020-10-26 09:30:02.660,4.76,200
2020-10-26 09:30:02.660,4.76,10000
2020-10-26 09:30:02.660,4.758,41200
2020-10-26 09:30:02.660,4.757,4900
2020-10-26 09:30:02.660,4.757,5500
2020-10-26 09:30:02.660,4.758,10000
2020-10-26 09:30:02.660,4.758,5000
2020-10-26 09:30:02.660,4.757,1300
2020-10-26 09:30:02.660,4.757,5000
2020-10-26 09:30:02.660,4.757,3700
2020-10-26 09:30:02.660,4.757,7300
2020-10-26 09:30:02.660,4.757,4100
2020-10-26 09:30:02.660,4.757,5000
2020-10-26 09:30:02.660,4.757,10000
2020-10-26 09:30:02.660,4.757,900
2020-10-26 09:30:02.660,4.757,1600
2020-10-26 09:30:02.660,4.757,50000
2020-10-26 09:30:02.780,4.758,10000
2020-10-26 09:30:02.780,4.758,6400
2020-10-26 09:30:02.780,4.757,10400
2020-10-26 09:30:02.780,4.758,2000
2020-10-26 09:30:02.780,4.758,2200
2020-10-26 09:30:02.780,4.758,100
2020-10-26 09:30:02.780,4.757,5000
2020-10-26 09:30:02.780,4.757,500
2020-10-26 09:30:02.780,4.758,1300
2020-10-26 09:30:02.900,4.758,20000
2020-10-26 09:30:02.900,4.757,8000
2020-10-26 09:30:02.900,4.758,14600
2020-10-26 09:30:03.030,4.757,24500
2020-10-26 09:30:03.030,4.757,2200
2020-10-26 09:30:03.030,4.757,100
2020-10-26 09:30:03.030,4.757,3200
2020-10-26 09:30:03.030,4.758,3800
2020-10-26 09:30:03.030,4.758,42000
2020-10-26 09:30:03.030,4.757,200
2020-10-26 09:30:03.210,4.758,2000
2020-10-26 09:30:03.210,4.758,10500
2020-10-26 09:30:03.210,4.758,10400
2020-10-26 09:30:03.280,4.757,6900
2020-10-26 09:30:03.280,4.757,10000
2020-10-26 09:30:03.280,4.757,8300
2020-10-26 09:30:03.280,4.757,3000
2020-10-26 09:30:03.280,4.757,4300
2020-10-26 09:30:03.280,4.757,13400
2020-10-26 09:30:03.280,4.758,6200
2020-10-26 09:30:03.280,4.757,2800
2020-10-26 09:30:03.330,4.758,2200
2020-10-26 09:30:03.330,4.758,600
2020-10-26 09:30:03.330,4.758,1000
2020-10-26 09:30:03.330,4.758,31000
2020-10-26 09:30:03.330,4.757,20000
2020-10-26 09:30:03.330,4.757,2000
2020-10-26 09:30:03.330,4.758,100
2020-10-26 09:30:03.330,4.758,1500
2020-10-26 09:30:03.330,4.758,100
2020-10-26 09:30:03.330,4.757,9000
2020-10-26 09:30:03.330,4.757,8400
2020-10-26 09:30:03.330,4.757,5200
2020-10-26 09:30:03.450,4.758,40000
2020-10-26 09:30:03.450,4.758,25600
2020-10-26 09:30:03.450,4.76,13000
2020-10-26 09:30:03.450,4.761,1400
2020-10-26 09:30:03.450,4.757,5000
2020-10-26 09:30:03.450,4.757,400
2020-10-26 09:30:03.450,4.761,40000
2020-10-26 09:30:03.650,4.761,48700
2020-10-26 09:30:03.650,4.761,5000
2020-10-26 09:30:03.650,4.759,1000
2020-10-26 09:30:03.650,4.758,200
2020-10-26 09:30:03.650,4.757,13800
2020-10-26 09:30:03.650,4.76,21400
2020-10-26 09:30:03.650,4.76,3000
2020-10-26 09:30:03.650,4.757,4600
2020-10-26 09:30:03.650,4.76,100000
2020-10-26 09:30:03.650,4.76,4200
2020-10-26 09:30:03.650,4.757,20700
2020-10-26 09:30:03.650,4.757,3000
2020-10-26 09:30:03.650,4.757,2200
2020-10-26 09:30:03.650,4.757,200
2020-10-26 09:30:03.650,4.757,8400
2020-10-26 09:30:03.650,4.757,5000
2020-10-26 09:30:03.650,4.757,25000
2020-10-26 09:30:03.650,4.757,1000
2020-10-26 09:30:03.650,4.757,7500
2020-10-26 09:30:03.650,4.757,2900
2020-10-26 09:30:03.650,4.757,200
2020-10-26 09:30:03.650,4.757,8500
2020-10-26 09:30:03.770,4.76,300
2020-10-26 09:30:03.770,4.76,300
2020-10-26 09:30:03.770,4.76,200
2020-10-26 09:30:03.770,4.757,1000
2020-10-26 09:30:03.770,4.757,600
2020-10-26 09:30:03.770,4.757,22000
2020-10-26 09:30:03.770,4.76,40000
2020-10-26 09:30:03.770,4.759,5000
2020-10-26 09:30:03.770,4.759,2000
2020-10-26 09:30:03.770,4.758,3600
2020-10-26 09:30:03.770,4.76,600
2020-10-26 09:30:03.880,4.76,20400
2020-10-26 09:30:03.880,4.759,1900
2020-10-26 09:30:03.880,4.758,2400
2020-10-26 09:30:03.880,4.757,29600
2020-10-26 09:30:03.880,4.757,2200
2020-10-26 09:30:03.880,4.757,5000
2020-10-26 09:30:03.880,4.757,2000
2020-10-26 09:30:03.880,4.757,6900
2020-10-26 09:30:03.880,4.757,1000
2020-10-26 09:30:03.880,4.757,54500
2020-10-26 09:30:03.880,4.758,1000
2020-10-26 09:30:03.880,4.757,20200
2020-10-26 09:30:03.880,4.757,2000
2020-10-26 09:30:03.880,4.757,100
2020-10-26 09:30:03.880,4.757,1700
2020-10-26 09:30:03.880,4.76,2000
2020-10-26 09:30:04.000,4.759,30000
2020-10-26 09:30:04.000,4.759,30000
2020-10-26 09:30:04.000,4.757,3300
2020-10-26 09:30:04.000,4.757,6700
2020-10-26 09:30:04.000,4.759,5100
2020-10-26 09:30:04.000,4.759,90000
2020-10-26 09:30:04.000,4.759,700
2020-10-26 09:30:04.000,4.759,10000
2020-10-26 09:30:04.000,4.759,100
2020-10-26 09:30:04.130,4.759,10000
2020-10-26 09:30:04.130,4.759,21800
2020-10-26 09:30:04.170,4.758,600
2020-10-26 09:30:04.170,4.757,3300
2020-10-26 09:30:04.170,4.757,8700
2020-10-26 09:30:04.170,4.757,1100
2020-10-26 09:30:04.170,4.757,2300
2020-10-26 09:30:04.170,4.757,200
2020-10-26 09:30:04.170,4.758,3700
2020-10-26 09:30:04.170,4.757,5400
2020-10-26 09:30:04.170,4.757,200
2020-10-26 09:30:04.170,4.757,200
2020-10-26 09:30:04.170,4.757,6900
2020-10-26 09:30:04.170,4.759,400
2020-10-26 09:30:04.170,4.759,3000
2020-10-26 09:30:04.170,4.759,30000
2020-10-26 09:30:04.170,4.759,5000
2020-10-26 09:30:04.280,4.759,42000
2020-10-26 09:30:04.280,4.757,100
2020-10-26 09:30:04.280,4.759,3000
2020-10-26 09:30:04.280,4.759,3000
2020-10-26 09:30:04.280,4.759,6500
2020-10-26 09:30:04.280,4.758,2000
2020-10-26 09:30:04.280,4.757,3600
2020-10-26 09:30:04.280,4.757,300
2020-10-26 09:30:04.280,4.757,1000
2020-10-26 09:30:04.280,4.757,600
2020-10-26 09:30:04.280,4.757,1000
2020-10-26 09:30:04.280,4.757,1500
2020-10-26 09:30:04.280,4.757,2100
2020-10-26 09:30:04.480,4.757,1400
2020-10-26 09:30:04.480,4.757,4800
2020-10-26 09:30:04.480,4.757,600
2020-10-26 09:30:04.480,4.757,93200
2020-10-26 09:30:04.480,4.757,294300
2020-10-26 09:30:04.480,4.757,10000
2020-10-26 09:30:04.480,4.757,4500
2020-10-26 09:30:04.480,4.757,3000
2020-10-26 09:30:04.480,4.757,100
2020-10-26 09:30:04.480,4.757,9100
2020-10-26 09:30:04.480,4.757,4000
2020-10-26 09:30:04.480,4.757,100
2020-10-26 09:30:04.480,4.757,5000
2020-10-26 09:30:04.480,4.757,5000
2020-10-26 09:30:04.480,4.757,5000
2020-10-26 09:30:04.480,4.757,1000
2020-10-26 09:30:04.480,4.757,4100
2020-10-26 09:30:04.480,4.757,1200
2020-10-26 09:30:04.480,4.757,10100
2020-10-26 09:30:04.480,4.757,20000
2020-10-26 09:30:04.480,4.757,4300
2020-10-26 09:30:04.480,4.757,1000
2020-10-26 09:30:04.480,4.757,13300
2020-10-26 09:30:04.480,4.757,2000
2020-10-26 09:30:04.480,4.757,50000
2020-10-26 09:30:04.480,4.757,12000
2020-10-26 09:30:04.480,4.757,5000
2020-10-26 09:30:04.480,4.757,5000
2020-10-26 09:30:04.480,4.757,2500
2020-10-26 09:30:04.480,4.757,1000
2020-10-26 09:30:04.480,4.757,300
2020-10-26 09:30:04.480,4.757,100000
2020-10-26 09:30:04.480,4.757,700
2020-10-26 09:30:04.480,4.757,10000
2020-10-26 09:30:04.480,4.757,100
2020-10-26 09:30:04.480,4.757,100
2020-10-26 09:30:04.480,4.757,20000
2020-10-26 09:30:04.480,4.757,500
2020-10-26 09:30:04.480,4.757,1000
2020-10-26 09:30:04.480,4.757,10000
2020-10-26 09:30:04.480,4.757,10000
2020-10-26 09:30:04.480,4.757,10000
2020-10-26 09:30:04.480,4.757,1000
2020-10-26 09:30:04.480,4.757,10600
2020-10-26 09:30:04.480,4.757,200
2020-10-26 09:30:04.480,4.757,8500
2020-10-26 09:30:04.480,4.757,6400
2020-10-26 09:30:04.480,4.757,2000
2020-10-26 09:30:04.480,4.757,20000
2020-10-26 09:30:04.480,4.757,4000
2020-10-26 09:30:04.480,4.757,10000
2020-10-26 09:30:04.480,4.757,1800
2020-10-26 09:30:04.480,4.757,10000
2020-10-26 09:30:04.480,4.757,2100
2020-10-26 09:30:04.480,4.757,1200
2020-10-26 09:30:04.480,4.757,2100
2020-10-26 09:30:04.480,4.757,5000
2020-10-26 09:30:04.480,4.757,200
2020-10-26 09:30:04.480,4.757,7400
2020-10-26 09:30:04.480,4.757,4000
2020-10-26 09:30:04.480,4.757,50000
2020-10-26 09:30:04.480,4.757,21100
2020-10-26 09:30:04.480,4.757,27700
2020-10-26 09:30:04.480,4.757,10000
2020-10-26 09:30:04.480,4.757,3000
2020-10-26 09:30:04.480,4.757,1000
2020-10-26 09:30:04.480,4.757,100
2020-10-26 09:30:04.480,4.757,10000
2020-10-26 09:30:04.480,4.757,1000
2020-10-26 09:30:04.480,4.757,900
2020-10-26 09:30:04.480,4.757,100
2020-10-26 09:30:04.480,4.757,11000
2020-10-26 09:30:04.480,4.757,100
2020-10-26 09:30:04.480,4.757,20000
2020-10-26 09:30:04.480,4.757,200
2020-10-26 09:30:04.480,4.757,2000
2020-10-26 09:30:04.480,4.757,100
2020-10-26 09:30:04.480,4.757,9900
2020-10-26 09:30:04.530,4.757,11100
2020-10-26 09:30:04.530,4.757,4300
2020-10-26 09:30:04.530,4.757,7000
2020-10-26 09:30:04.530,4.757,10600
2020-10-26 09:30:04.530,4.759,2300
2020-10-26 09:30:04.580,4.758,5000
2020-10-26 09:30:04.650,4.759,200
2020-10-26 09:30:04.650,4.757,9400
2020-10-26 09:30:04.650,4.757,5600
2020-10-26 09:30:04.690,4.758,15400
2020-10-26 09:30:04.830,4.758,9100
2020-10-26 09:30:04.830,4.758,13300
2020-10-26 09:30:04.860,4.758,3000
2020-10-26 09:30:04.890,4.758,3000
2020-10-26 09:30:04.890,4.758,9100
2020-10-26 09:30:04.920,4.758,5000
2020-10-26 09:30:04.920,4.758,23700
2020-10-26 09:30:04.960,4.758,1000
2020-10-26 09:30:04.990,4.758,10000
2020-10-26 09:30:04.990,4.758,3000
2020-10-26 09:30:05.030,4.757,400
2020-10-26 09:30:05.030,4.757,1000
2020-10-26 09:30:05.030,4.757,600
2020-10-26 09:30:05.060,4.757,2000
2020-10-26 09:30:05.060,4.757,1200
2020-10-26 09:30:05.060,4.757,400
2020-10-26 09:30:05.100,4.757,200
2020-10-26 09:30:05.100,4.757,1000
2020-10-26 09:30:05.100,4.757,4500
2020-10-26 09:30:05.100,4.757,1400
2020-10-26 09:30:05.100,4.757,10500
2020-10-26 09:30:05.100,4.757,2400
2020-10-26 09:30:05.130,4.757,4400
2020-10-26 09:30:05.130,4.757,200
2020-10-26 09:30:05.130,4.757,1900
2020-10-26 09:30:05.160,4.758,6400
2020-10-26 09:30:05.210,4.758,7500
2020-10-26 09:30:05.210,4.757,2200
2020-10-26 09:30:05.210,4.757,5900
2020-10-26 09:30:05.210,4.757,1000
2020-10-26 09:30:05.210,4.757,500
2020-10-26 09:30:05.210,4.757,2600
2020-10-26 09:30:05.310,4.757,7400
2020-10-26 09:30:05.310,4.757,300
2020-10-26 09:30:05.360,4.758,200
2020-10-26 09:30:05.360,4.758,1200
2020-10-26 09:30:05.380,4.758,100
2020-10-26 09:30:05.380,4.758,200
2020-10-26 09:30:05.380,4.758,800
2020-10-26 09:30:05.380,4.758,1000
2020-10-26 09:30:05.380,4.758,200
2020-10-26 09:30:05.380,4.757,1600
2020-10-26 09:30:05.490,4.758,200
2020-10-26 09:30:05.490,4.758,400
2020-10-26 09:30:05.490,4.758,300
2020-10-26 09:30:05.490,4.758,300
2020-10-26 09:30:05.490,4.758,900
2020-10-26 09:30:05.490,4.758,300
2020-10-26 09:30:05.490,4.758,1100
2020-10-26 09:30:05.490,4.757,5300
2020-10-26 09:30:05.530,4.758,400
2020-10-26 09:30:05.530,4.758,600
2020-10-26 09:30:05.660,4.757,2800
2020-10-26 09:30:05.660,4.757,2200
2020-10-26 09:30:05.660,4.757,500
2020-10-26 09:30:05.660,4.758,100
2020-10-26 09:30:05.660,4.758,2000
2020-10-26 09:30:05.660,4.758,2400
2020-10-26 09:30:05.660,4.758,600
2020-10-26 09:30:05.700,4.758,500
2020-10-26 09:30:05.740,4.757,2300
2020-10-26 09:30:05.740,4.757,3800
2020-10-26 09:30:05.740,4.757,2300
2020-10-26 09:30:05.770,4.758,500
2020-10-26 09:30:05.770,4.758,4900
2020-10-26 09:30:05.770,4.758,11500
2020-10-26 09:30:05.770,4.76,23600
2020-10-26 09:30:05.770,4.76,100
2020-10-26 09:30:05.810,4.76,1000
2020-10-26 09:30:05.810,4.76,3000
2020-10-26 09:30:05.810,4.76,1000
2020-10-26 09:30:05.810,4.76,800
2020-10-26 09:30:06.000,4.76,100
2020-10-26 09:30:06.000,4.76,10000
2020-10-26 09:30:06.000,4.76,1000
2020-10-26 09:30:06.000,4.76,30000
2020-10-26 09:30:06.000,4.76,200
2020-10-26 09:30:06.000,4.76,300
2020-10-26 09:30:06.030,4.76,20000
2020-10-26 09:30:06.100,4.76,300
2020-10-26 09:30:06.160,4.759,34300
2020-10-26 09:30:06.160,4.759,1000
2020-10-26 09:30:06.160,4.759,2000
2020-10-26 09:30:06.160,4.759,1000
2020-10-26 09:30:06.200,4.758,2000
2020-10-26 09:30:06.200,4.758,9600
2020-10-26 09:30:06.200,4.758,900
2020-10-26 09:30:06.200,4.757,12500
2020-10-26 09:30:06.270,4.757,3200
2020-10-26 09:30:06.270,4.757,5000
2020-10-26 09:30:06.270,4.757,3500
2020-10-26 09:30:06.270,4.757,4200
2020-10-26 09:30:06.270,4.757,1200
2020-10-26 09:30:06.270,4.757,4200
2020-10-26 09:30:06.270,4.757,9000
2020-10-26 09:30:06.270,4.757,500
2020-10-26 09:30:06.270,4.757,100
2020-10-26 09:30:06.270,4.757,100
2020-10-26 09:30:06.270,4.757,2600
2020-10-26 09:30:06.270,4.757,1300
2020-10-26 09:30:06.270,4.757,4000
2020-10-26 09:30:06.270,4.757,6000
2020-10-26 09:30:06.270,4.757,5400
2020-10-26 09:30:06.270,4.757,1000
2020-10-26 09:30:06.270,4.757,400
2020-10-26 09:30:06.270,4.757,5000
2020-10-26 09:30:06.270,4.757,1000
2020-10-26 09:30:06.270,4.757,22500
2020-10-26 09:30:06.270,4.757,5000
2020-10-26 09:30:06.270,4.757,5000
2020-10-26 09:30:06.270,4.757,14000
2020-10-26 09:30:06.270,4.757,15000
2020-10-26 09:30:06.270,4.757,1000
2020-10-26 09:30:06.270,4.757,1600
2020-10-26 09:30:06.270,4.757,500
2020-10-26 09:30:06.270,4.757,1000
2020-10-26 09:30:06.270,4.757,100
2020-10-26 09:30:06.270,4.757,1200
2020-10-26 09:30:06.270,4.757,10000
2020-10-26 09:30:06.270,4.757,1000
2020-10-26 09:30:06.270,4.757,7900
2020-10-26 09:30:06.270,4.757,1000
2020-10-26 09:30:06.270,4.757,1500
2020-10-26 09:30:06.270,4.757,2000
2020-10-26 09:30:06.270,4.757,4300
2020-10-26 09:30:06.270,4.757,21600
2020-10-26 09:30:06.270,4.757,800
2020-10-26 09:30:06.270,4.757,25000
2020-10-26 09:30:06.270,4.757,5000
2020-10-26 09:30:06.270,4.757,15600
2020-10-26 09:30:06.270,4.757,100
2020-10-26 09:30:06.270,4.757,21000
2020-10-26 09:30:06.270,4.757,21000
2020-10-26 09:30:06.270,4.757,3100
2020-10-26 09:30:06.270,4.757,39400
2020-10-26 09:30:06.270,4.757,3000
2020-10-26 09:30:06.270,4.757,2500
2020-10-26 09:30:06.270,4.757,2200
2020-10-26 09:30:06.270,4.757,2400
2020-10-26 09:30:06.270,4.759,600
2020-10-26 09:30:06.340,4.759,500
2020-10-26 09:30:06.440,4.759,1500
2020-10-26 09:30:06.440,4.759,2000
2020-10-26 09:30:06.440,4.759,1200
2020-10-26 09:30:06.440,4.759,1500
2020-10-26 09:30:06.480,4.759,10000
2020-10-26 09:30:06.480,4.759,14600
2020-10-26 09:30:06.650,4.759,30000
2020-10-26 09:30:07.020,4.757,7600
2020-10-26 09:30:07.020,4.757,2000
2020-10-26 09:30:07.020,4.757,800
2020-10-26 09:30:07.290,4.758,300
2020-10-26 09:30:07.620,4.758,2700
2020-10-26 09:30:07.620,4.759,300
2020-10-26 09:30:07.620,4.757,2200
2020-10-26 09:30:07.620,4.757,12400
2020-10-26 09:30:07.620,4.757,4300
2020-10-26 09:30:07.620,4.757,100
2020-10-26 09:30:07.620,4.757,3000
2020-10-26 09:30:07.620,4.757,1000
2020-10-26 09:30:07.620,4.757,2100
2020-10-26 09:30:07.620,4.757,4400
2020-10-26 09:30:07.620,4.757,52000
2020-10-26 09:30:07.620,4.757,25900
2020-10-26 09:30:07.620,4.757,7300
2020-10-26 09:30:07.620,4.757,100
2020-10-26 09:30:07.620,4.757,8900
2020-10-26 09:30:07.620,4.757,31500
2020-10-26 09:30:07.620,4.757,30000
2020-10-26 09:30:07.620,4.757,17600
2020-10-26 09:30:07.620,4.757,94900
2020-10-26 09:30:07.620,4.757,2300
2020-10-26 09:30:07.660,4.759,40000
2020-10-26 09:30:07.660,4.759,7000
2020-10-26 09:30:07.820,4.757,47700
2020-10-26 09:30:07.820,4.757,3000
2020-10-26 09:30:07.820,4.757,14000
2020-10-26 09:30:07.820,4.757,30000
2020-10-26 09:30:07.820,4.757,3000
2020-10-26 09:30:07.820,4.757,100
2020-10-26 09:30:07.820,4.757,100000
2020-10-26 09:30:07.820,4.757,1000
2020-10-26 09:30:07.820,4.757,2200
2020-10-26 09:30:07.820,4.757,5600
2020-10-26 09:30:07.820,4.757,1000
2020-10-26 09:30:07.820,4.757,3100
2020-10-26 09:30:07.820,4.757,2100
2020-10-26 09:30:07.820,4.757,1000
2020-10-26 09:30:07.820,4.757,400
2020-10-26 09:30:07.820,4.757,10000
2020-10-26 09:30:07.820,4.757,400
2020-10-26 09:30:07.820,4.757,2100
2020-10-26 09:30:07.820,4.757,300
2020-10-26 09:30:07.820,4.757,10500
2020-10-26 09:30:07.820,4.757,3100
2020-10-26 09:30:07.820,4.757,400
2020-10-26 09:30:07.820,4.757,10000
2020-10-26 09:30:07.820,4.757,1800
2020-10-26 09:30:07.820,4.757,300
2020-10-26 09:30:07.820,4.757,300
2020-10-26 09:30:07.820,4.757,2500
2020-10-26 09:30:07.820,4.757,1000
2020-10-26 09:30:07.820,4.757,500
2020-10-26 09:30:07.820,4.757,5000
2020-10-26 09:30:07.820,4.757,300
2020-10-26 09:30:07.820,4.757,1000
2020-10-26 09:30:07.820,4.757,500
2020-10-26 09:30:07.820,4.757,10900
2020-10-26 09:30:07.820,4.757,400
2020-10-26 09:30:07.820,4.757,5000
2020-10-26 09:30:07.820,4.757,10600
2020-10-26 09:30:07.820,4.757,100
2020-10-26 09:30:07.820,4.757,2000
2020-10-26 09:30:07.820,4.757,100
2020-10-26 09:30:07.820,4.757,600
2020-10-26 09:30:07.820,4.757,100
2020-10-26 09:30:07.820,4.757,1000
2020-10-26 09:30:07.820,4.757,500
2020-10-26 09:30:07.820,4.757,3000
2020-10-26 09:30:07.820,4.757,5000
2020-10-26 09:30:07.820,4.757,6300
2020-10-26 09:30:07.820,4.757,5200
2020-10-26 09:30:08.300,4.758,5000
2020-10-26 09:30:08.460,4.758,14600
2020-10-26 09:30:08.460,4.758,100
2020-10-26 09:30:08.610,4.758,3300
2020-10-26 09:30:08.610,4.758,46700
2020-10-26 09:30:08.840,4.757,2800
2020-10-26 09:30:08.840,4.757,2000
2020-10-26 09:30:08.840,4.757,200
2020-10-26 09:30:08.840,4.757,2100
2020-10-26 09:30:08.840,4.757,300
2020-10-26 09:30:08.840,4.757,600
2020-10-26 09:30:08.840,4.757,5000
2020-10-26 09:30:08.840,4.757,100
2020-10-26 09:30:08.840,4.757,300
2020-10-26 09:30:08.840,4.757,5000
2020-10-26 09:30:08.840,4.757,30000
2020-10-26 09:30:08.840,4.757,400
2020-10-26 09:30:08.840,4.757,100
2020-10-26 09:30:08.840,4.757,1000
2020-10-26 09:30:08.840,4.757,5000
2020-10-26 09:30:08.840,4.757,400
2020-10-26 09:30:08.840,4.757,3000
2020-10-26 09:30:08.840,4.757,400
2020-10-26 09:30:08.840,4.757,500
2020-10-26 09:30:08.840,4.757,5000
2020-10-26 09:30:08.840,4.757,300
2020-10-26 09:30:08.840,4.757,200
2020-10-26 09:30:08.840,4.757,1000
2020-10-26 09:30:08.840,4.757,10000
2020-10-26 09:30:08.840,4.757,1000
2020-10-26 09:30:08.840,4.757,2000
2020-10-26 09:30:08.840,4.757,39000
2020-10-26 09:30:08.840,4.757,100
2020-10-26 09:30:08.840,4.757,4000
2020-10-26 09:30:08.840,4.757,5600
2020-10-26 09:30:08.840,4.757,200
2020-10-26 09:30:08.840,4.757,500
2020-10-26 09:30:08.840,4.757,400
2020-10-26 09:30:08.840,4.757,2100
2020-10-26 09:30:08.840,4.757,200
2020-10-26 09:30:08.840,4.757,4300
2020-10-26 09:30:08.840,4.757,1000
2020-10-26 09:30:08.840,4.757,600
2020-10-26 09:30:08.840,4.757,600
2020-10-26 09:30:08.840,4.757,1000
2020-10-26 09:30:08.840,4.757,4100
2020-10-26 09:30:08.840,4.757,20000
2020-10-26 09:30:08.840,4.757,1000
2020-10-26 09:30:08.840,4.757,600
2020-10-26 09:30:08.840,4.757,200
2020-10-26 09:30:08.840,4.757,6000
2020-10-26 09:30:08.840,4.757,2000
2020-10-26 09:30:08.840,4.757,5000
2020-10-26 09:30:08.840,4.757,137800
2020-10-26 09:30:08.840,4.758,20000
2020-10-26 09:30:09.030,4.758,10000
2020-10-26 09:30:09.090,4.757,862200
2020-10-26 09:30:09.090,4.757,10000
2020-10-26 09:30:09.090,4.757,500
2020-10-26 09:30:09.090,4.757,5000
2020-10-26 09:30:09.090,4.757,500
2020-10-26 09:30:09.090,4.757,5000
2020-10-26 09:30:09.090,4.757,4100
2020-10-26 09:30:09.090,4.757,1000
2020-10-26 09:30:09.090,4.757,300
2020-10-26 09:30:09.090,4.757,100
2020-10-26 09:30:09.090,4.757,500
2020-10-26 09:30:09.090,4.757,500
2020-10-26 09:30:09.090,4.757,10300
2020-10-26 09:30:09.190,4.758,100
2020-10-26 09:30:09.510,4.757,39700
2020-10-26 09:30:09.510,4.757,1100
2020-10-26 09:30:09.510,4.757,200
2020-10-26 09:30:09.510,4.757,1000
2020-10-26 09:30:09.510,4.757,3100
2020-10-26 09:30:09.510,4.757,1000
2020-10-26 09:30:09.510,4.757,2000
2020-10-26 09:30:09.510,4.757,2500
2020-10-26 09:30:09.510,4.757,10000
2020-10-26 09:30:09.510,4.757,2000
2020-10-26 09:30:09.510,4.757,2000
2020-10-26 09:30:09.510,4.757,300
2020-10-26 09:30:09.510,4.757,3200
2020-10-26 09:30:09.510,4.757,10000
2020-10-26 09:30:09.510,4.757,500
2020-10-26 09:30:09.510,4.757,2000
2020-10-26 09:30:09.510,4.757,12000
2020-10-26 09:30:09.510,4.757,2000
2020-10-26 09:30:09.510,4.757,1000
2020-10-26 09:30:09.510,4.757,2100
2020-10-26 09:30:09.510,4.757,1000
2020-10-26 09:30:09.510,4.757,1000
2020-10-26 09:30:09.510,4.756,10000
2020-10-26 09:30:09.510,4.756,1200
2020-10-26 09:30:09.510,4.756,500
2020-10-26 09:30:09.510,4.756,5000
2020-10-26 09:30:09.510,4.756,500
2020-10-26 09:30:09.510,4.756,183100
2020-10-26 09:30:10.020,4.756,78600
2020-10-26 09:30:10.020,4.756,5000
2020-10-26 09:30:10.020,4.756,10000
2020-10-26 09:30:10.020,4.756,4000
2020-10-26 09:30:10.020,4.756,4000
2020-10-26 09:30:10.020,4.756,300
2020-10-26 09:30:10.020,4.756,1000
2020-10-26 09:30:10.020,4.756,60000
2020-10-26 09:30:10.020,4.756,6000
2020-10-26 09:30:10.020,4.756,100
2020-10-26 09:30:10.020,4.756,8000
2020-10-26 09:30:10.020,4.756,2000
2020-10-26 09:30:10.020,4.756,10000
2020-10-26 09:30:10.020,4.756,500
2020-10-26 09:30:10.020,4.756,200
2020-10-26 09:30:10.020,4.756,10500
2020-10-26 09:30:10.020,4.756,1000
2020-10-26 09:30:10.020,4.756,100
2020-10-26 09:30:10.020,4.756,1000
2020-10-26 09:30:10.020,4.756,1000
2020-10-26 09:30:10.020,4.756,15000
2020-10-26 09:30:10.020,4.756,300
2020-10-26 09:30:10.020,4.756,1600
2020-10-26 09:30:10.020,4.756,2000
2020-10-26 09:30:10.020,4.756,5000
2020-10-26 09:30:10.020,4.756,5000
2020-10-26 09:30:10.020,4.756,3000
2020-10-26 09:30:10.020,4.756,4000
2020-10-26 09:30:10.020,4.756,5000
2020-10-26 09:30:10.020,4.756,2500
2020-10-26 09:30:10.020,4.756,4000
2020-10-26 09:30:10.020,4.756,4000
2020-10-26 09:30:10.020,4.756,10000
2020-10-26 09:30:10.020,4.756,2000
2020-10-26 09:30:10.020,4.756,500
2020-10-26 09:30:10.020,4.756,105100
2020-10-26 09:30:10.020,4.756,100
2020-10-26 09:30:10.020,4.756,1500
2020-10-26 09:30:10.020,4.756,500
2020-10-26 09:30:10.020,4.756,2200
2020-10-26 09:30:10.020,4.756,4500
2020-10-26 09:30:10.020,4.756,10000
2020-10-26 09:30:10.020,4.756,1500
2020-10-26 09:30:10.020,4.756,7400
2020-10-26 09:30:10.090,4.757,300
2020-10-26 09:30:10.230,4.757,20200
2020-10-26 09:30:10.260,4.757,15000
2020-10-26 09:30:10.300,4.757,200
2020-10-26 09:30:10.530,4.757,2500
2020-10-26 09:30:10.690,4.757,9200
2020-10-26 09:30:10.760,4.757,3000
2020-10-26 09:30:10.820,4.757,200
2020-10-26 09:30:10.890,4.757,1200
2020-10-26 09:30:10.890,4.756,5000
2020-10-26 09:30:11.150,4.757,20000
2020-10-26 09:30:11.210,4.757,3000
2020-10-26 09:30:11.520,4.756,92600
2020-10-26 09:30:11.520,4.756,5000
2020-10-26 09:30:11.520,4.756,1000
2020-10-26 09:30:11.520,4.756,105100
2020-10-26 09:30:11.520,4.756,5000
2020-10-26 09:30:11.520,4.756,5000
2020-10-26 09:30:11.520,4.756,6000
2020-10-26 09:30:11.520,4.756,1000
2020-10-26 09:30:11.520,4.756,700
2020-10-26 09:30:11.520,4.756,1000
2020-10-26 09:30:11.520,4.756,3000
2020-10-26 09:30:11.520,4.756,5000
2020-10-26 09:30:11.520,4.756,10000
2020-10-26 09:30:11.520,4.756,500
2020-10-26 09:30:11.520,4.756,500
2020-10-26 09:30:11.520,4.756,3000
2020-10-26 09:30:11.520,4.756,10000
2020-10-26 09:30:11.520,4.756,2000
2020-10-26 09:30:11.520,4.756,500
2020-10-26 09:30:11.520,4.756,2100
2020-10-26 09:30:11.520,4.756,2000
2020-10-26 09:30:11.520,4.756,4000
2020-10-26 09:30:11.520,4.756,100
2020-10-26 09:30:11.520,4.756,10000
2020-10-26 09:30:11.520,4.756,10000
2020-10-26 09:30:11.520,4.756,1000
2020-10-26 09:30:11.520,4.756,1000
2020-10-26 09:30:11.520,4.756,200
2020-10-26 09:30:11.520,4.756,10500
2020-10-26 09:30:11.520,4.756,2200
2020-10-26 09:30:11.520,4.757,1000
2020-10-26 09:30:11.520,4.756,17800
2020-10-26 09:30:11.520,4.756,5000
2020-10-26 09:30:11.520,4.756,600
2020-10-26 09:30:11.520,4.756,500
2020-10-26 09:30:11.520,4.756,8000
2020-10-26 09:30:11.520,4.756,1000
2020-10-26 09:30:11.520,4.756,700
2020-10-26 09:30:11.520,4.756,3000
2020-10-26 09:30:11.520,4.756,500
2020-10-26 09:30:11.520,4.756,100
2020-10-26 09:30:11.520,4.756,2200
2020-10-26 09:30:11.520,4.756,2500
2020-10-26 09:30:11.520,4.756,1100
2020-10-26 09:30:11.520,4.756,1500
2020-10-26 09:30:11.520,4.756,500
2020-10-26 09:30:11.520,4.756,200
2020-10-26 09:30:11.520,4.756,500
2020-10-26 09:30:11.520,4.756,100
2020-10-26 09:30:11.790,4.755,200
2020-10-26 09:30:11.790,4.755,200
2020-10-26 09:30:11.790,4.755,300
2020-10-26 09:30:11.790,4.755,200
2020-10-26 09:30:11.790,4.755,1000
2020-10-26 09:30:11.790,4.755,200
2020-10-26 09:30:11.790,4.755,10000
2020-10-26 09:30:11.790,4.755,4200
2020-10-26 09:30:11.790,4.755,1200
2020-10-26 09:30:11.790,4.755,3200
2020-10-26 09:30:11.790,4.755,1300
2020-10-26 09:30:11.790,4.755,600
2020-10-26 09:30:11.790,4.755,50000
2020-10-26 09:30:11.790,4.755,300
2020-10-26 09:30:11.790,4.755,1000
2020-10-26 09:30:11.790,4.755,5000
2020-10-26 09:30:11.790,4.755,5000
2020-10-26 09:30:11.790,4.755,300
2020-10-26 09:30:11.790,4.755,10000
2020-10-26 09:30:11.790,4.755,5000
2020-10-26 09:30:11.790,4.755,10000
2020-10-26 09:30:11.790,4.755,10000
2020-10-26 09:30:11.790,4.755,1000
2020-10-26 09:30:11.790,4.755,5000
2020-10-26 09:30:11.790,4.755,200
2020-10-26 09:30:11.790,4.755,200
2020-10-26 09:30:11.790,4.755,700
2020-10-26 09:30:11.790,4.755,500
2020-10-26 09:30:11.790,4.755,400
2020-10-26 09:30:11.790,4.755,500
2020-10-26 09:30:11.790,4.755,2000
2020-10-26 09:30:11.790,4.755,1000
2020-10-26 09:30:11.790,4.755,800
2020-10-26 09:30:11.790,4.755,3000
2020-10-26 09:30:11.790,4.755,10000
2020-10-26 09:30:11.790,4.755,600
2020-10-26 09:30:11.790,4.755,25000
2020-10-26 09:30:11.790,4.755,10000
2020-10-26 09:30:11.790,4.755,2500
2020-10-26 09:30:11.790,4.755,5000
2020-10-26 09:30:11.790,4.755,5500
2020-10-26 09:30:11.790,4.755,2000
2020-10-26 09:30:11.790,4.755,2000
2020-10-26 09:30:11.790,4.755,500
2020-10-26 09:30:11.790,4.755,2000
2020-10-26 09:30:11.790,4.755,200
2020-10-26 09:30:11.790,4.755,10000
2020-10-26 09:30:11.790,4.755,2000
2020-10-26 09:30:11.790,4.755,3000
2020-10-26 09:30:11.790,4.755,300
2020-10-26 09:30:11.790,4.755,4300
2020-10-26 09:30:11.790,4.755,3000
2020-10-26 09:30:11.790,4.755,3000
2020-10-26 09:30:11.790,4.755,2200
2020-10-26 09:30:11.790,4.755,5200
2020-10-26 09:30:11.790,4.755,100
2020-10-26 09:30:11.790,4.755,200
2020-10-26 09:30:11.790,4.755,12300
2020-10-26 09:30:11.790,4.755,1100
2020-10-26 09:30:11.850,4.755,100
2020-10-26 09:30:11.890,4.755,11600
2020-10-26 09:30:11.920,4.755,8000
2020-10-26 09:30:12.060,4.755,3000
2020-10-26 09:30:12.260,4.755,3200
2020-10-26 09:30:12.350,4.755,1000
2020-10-26 09:30:12.390,4.755,500
2020-10-26 09:30:12.390,4.755,26100
2020-10-26 09:30:12.390,4.756,13900
2020-10-26 09:30:12.470,4.756,10000
2020-10-26 09:30:12.470,4.756,10000
2020-10-26 09:30:12.540,4.754,700
2020-10-26 09:30:12.540,4.754,5000
2020-10-26 09:30:12.540,4.754,9300
2020-10-26 09:30:12.770,4.756,2000
2020-10-26 09:30:12.870,4.756,20000
2020-10-26 09:30:13.080,4.756,1000
2020-10-26 09:30:13.110,4.756,4200
2020-10-26 09:30:13.150,4.754,10700
2020-10-26 09:30:13.150,4.754,1000
2020-10-26 09:30:13.150,4.754,100
2020-10-26 09:30:13.150,4.754,8000
2020-10-26 09:30:13.150,4.754,9800
2020-10-26 09:30:13.150,4.754,4000
2020-10-26 09:30:13.150,4.754,6200
2020-10-26 09:30:13.150,4.754,3000
2020-10-26 09:30:13.150,4.754,20000
2020-10-26 09:30:13.150,4.754,7000
2020-10-26 09:30:13.150,4.754,9000
2020-10-26 09:30:13.150,4.754,10000
2020-10-26 09:30:13.150,4.754,100
2020-10-26 09:30:13.150,4.754,200
2020-10-26 09:30:13.150,4.754,800
2020-10-26 09:30:13.150,4.754,2000
2020-10-26 09:30:13.150,4.754,5000
2020-10-26 09:30:13.150,4.754,175300
2020-10-26 09:30:13.150,4.754,10000
2020-10-26 09:30:13.150,4.754,3000
2020-10-26 09:30:13.150,4.754,5000
2020-10-26 09:30:13.150,4.754,6000
2020-10-26 09:30:13.150,4.754,300
2020-10-26 09:30:13.150,4.754,3500
2020-10-26 09:30:13.150,4.756,5000
2020-10-26 09:30:13.150,4.754,7000
2020-10-26 09:30:13.150,4.754,5000
2020-10-26 09:30:13.150,4.754,1100
2020-10-26 09:30:13.150,4.754,30000
2020-10-26 09:30:13.150,4.754,1000
2020-10-26 09:30:13.150,4.754,5000
2020-10-26 09:30:13.150,4.754,400
2020-10-26 09:30:13.150,4.754,300
2020-10-26 09:30:13.150,4.753,1000
2020-10-26 09:30:13.150,4.753,5400
2020-10-26 09:30:13.150,4.753,17000
2020-10-26 09:30:13.150,4.753,8000
2020-10-26 09:30:13.150,4.753,2000
2020-10-26 09:30:13.150,4.753,500
2020-10-26 09:30:13.150,4.753,5000
2020-10-26 09:30:13.150,4.753,4000
2020-10-26 09:30:13.150,4.753,25300
2020-10-26 09:30:13.150,4.753,700
2020-10-26 09:30:13.150,4.753,300
2020-10-26 09:30:13.150,4.753,1000
2020-10-26 09:30:13.150,4.753,20000
2020-10-26 09:30:13.150,4.753,500
2020-10-26 09:30:13.150,4.753,8400
2020-10-26 09:30:13.150,4.753,5000
2020-10-26 09:30:13.150,4.753,900
2020-10-26 09:30:13.150,4.753,2000
2020-10-26 09:30:13.150,4.753,5000
2020-10-26 09:30:13.150,4.753,400
2020-10-26 09:30:13.150,4.753,300
2020-10-26 09:30:13.150,4.753,3500
2020-10-26 09:30:13.150,4.753,3000
2020-10-26 09:30:13.150,4.753,1000
2020-10-26 09:30:13.150,4.752,2200
2020-10-26 09:30:13.150,4.752,4300
2020-10-26 09:30:13.150,4.752,4100
2020-10-26 09:30:13.150,4.752,500
2020-10-26 09:30:13.150,4.752,5000
2020-10-26 09:30:13.150,4.752,5000
2020-10-26 09:30:13.150,4.752,2300
2020-10-26 09:30:13.150,4.752,3000
2020-10-26 09:30:13.150,4.752,6900
2020-10-26 09:30:13.150,4.752,2500
2020-10-26 09:30:13.150,4.752,5000
2020-10-26 09:30:13.150,4.752,200
2020-10-26 09:30:13.150,4.752,10000
2020-10-26 09:30:13.150,4.752,10000
2020-10-26 09:30:13.150,4.752,2000
2020-10-26 09:30:13.150,4.752,3500
2020-10-26 09:30:13.150,4.752,2100
2020-10-26 09:30:13.150,4.752,2000
2020-10-26 09:30:13.150,4.752,2600
2020-10-26 09:30:13.150,4.752,2100
2020-10-26 09:30:13.150,4.752,2000
2020-10-26 09:30:13.150,4.752,2000
2020-10-26 09:30:13.150,4.752,6000
2020-10-26 09:30:13.150,4.752,2500
2020-10-26 09:30:13.150,4.752,6000
2020-10-26 09:30:13.150,4.752,2200
2020-10-26 09:30:13.150,4.752,3500
2020-10-26 09:30:13.150,4.752,1000
2020-10-26 09:30:13.150,4.752,20000
2020-10-26 09:30:13.150,4.752,15000
2020-10-26 09:30:13.150,4.752,100
2020-10-26 09:30:13.150,4.752,12000
2020-10-26 09:30:13.150,4.752,3000
2020-10-26 09:30:13.150,4.752,1000
2020-10-26 09:30:13.150,4.752,100
2020-10-26 09:30:13.150,4.752,3000
2020-10-26 09:30:13.150,4.752,1000
2020-10-26 09:30:13.150,4.752,5000
2020-10-26 09:30:13.150,4.752,1200
2020-10-26 09:30:13.150,4.752,58500
2020-10-26 09:30:13.150,4.752,20000
2020-10-26 09:30:13.150,4.752,10000
2020-10-26 09:30:13.150,4.752,5000
2020-10-26 09:30:13.150,4.752,500
2020-10-26 09:30:13.150,4.752,10000
2020-10-26 09:30:13.150,4.752,20000
2020-10-26 09:30:13.150,4.752,25000
2020-10-26 09:30:13.150,4.752,2000
2020-10-26 09:30:13.150,4.752,10000
2020-10-26 09:30:13.150,4.752,400
2020-10-26 09:30:13.150,4.752,2200
2020-10-26 09:30:13.150,4.752,10000
2020-10-26 09:30:13.150,4.752,20000
2020-10-26 09:30:13.150,4.752,10500
2020-10-26 09:30:13.150,4.752,100
2020-10-26 09:30:13.150,4.752,1200
2020-10-26 09:30:13.150,4.752,2200
2020-10-26 09:30:13.150,4.751,300
2020-10-26 09:30:13.150,4.751,15000
2020-10-26 09:30:13.150,4.751,5000
2020-10-26 09:30:13.150,4.751,12600
2020-10-26 09:30:13.150,4.751,700
2020-10-26 09:30:13.150,4.751,100
2020-10-26 09:30:13.150,4.751,100
2020-10-26 09:30:13.150,4.751,5000
2020-10-26 09:30:13.150,4.751,30000
2020-10-26 09:30:13.150,4.751,2000
2020-10-26 09:30:13.150,4.751,2000
2020-10-26 09:30:13.150,4.751,6400
2020-10-26 09:30:13.150,4.751,200
2020-10-26 09:30:13.150,4.751,400
2020-10-26 09:30:13.150,4.751,20000
2020-10-26 09:30:13.150,4.751,1000
2020-10-26 09:30:13.150,4.751,2000
2020-10-26 09:30:13.150,4.751,5000
2020-10-26 09:30:13.150,4.751,1200
2020-10-26 09:30:13.150,4.751,1000
2020-10-26 09:30:13.150,4.751,2000
2020-10-26 09:30:13.150,4.751,6000
2020-10-26 09:30:13.150,4.751,200
2020-10-26 09:30:13.150,4.751,3000
2020-10-26 09:30:13.150,4.751,3000
2020-10-26 09:30:13.150,4.751,500
2020-10-26 09:30:13.150,4.751,3000
2020-10-26 09:30:13.150,4.751,6000
2020-10-26 09:30:13.150,4.751,3700
2020-10-26 09:30:13.150,4.751,3000
2020-10-26 09:30:13.150,4.751,1000
2020-10-26 09:30:13.150,4.751,3000
2020-10-26 09:30:13.150,4.751,6100
2020-10-26 09:30:13.150,4.751,300
2020-10-26 09:30:13.150,4.751,5000
2020-10-26 09:30:13.150,4.751,10000
2020-10-26 09:30:13.150,4.751,11900
2020-10-26 09:30:13.150,4.751,10000
2020-10-26 09:30:13.150,4.751,2000
2020-10-26 09:30:13.150,4.751,500
2020-10-26 09:30:13.150,4.751,100
2020-10-26 09:30:13.150,4.751,2000
2020-10-26 09:30:13.150,4.751,3100
2020-10-26 09:30:13.150,4.751,20000
2020-10-26 09:30:13.150,4.751,245100
2020-10-26 09:30:13.150,4.756,54900
2020-10-26 09:30:13.260,4.751,200000
2020-10-26 09:30:13.260,4.756,4300
2020-10-26 09:30:13.490,4.756,10000
2020-10-26 09:30:13.520,4.754,4100
2020-10-26 09:30:13.550,4.754,3000
2020-10-26 09:30:13.620,4.754,500
2020-10-26 09:30:13.720,4.754,7400
2020-10-26 09:30:13.850,4.754,4100
2020-10-26 09:30:14.120,4.754,5000
2020-10-26 09:30:14.120,4.754,4200
2020-10-26 09:30:14.650,4.754,5000
2020-10-26 09:30:14.810,4.754,5900
2020-10-26 09:30:14.810,4.754,10600
2020-10-26 09:30:14.890,4.754,10000
2020-10-26 09:30:14.890,4.752,10000
2020-10-26 09:30:14.960,4.754,10000
2020-10-26 09:30:14.990,4.754,3100
2020-10-26 09:30:14.990,4.754,292900
2020-10-26 09:30:14.990,4.756,7100
2020-10-26 09:30:15.200,4.756,11300
2020-10-26 09:30:15.520,4.754,7200
2020-10-26 09:30:15.520,4.754,150100
2020-10-26 09:30:15.560,4.754,10000
2020-10-26 09:30:15.660,4.754,600
2020-10-26 09:30:15.660,4.754,400
2020-10-26 09:30:15.820,4.754,129400
2020-10-26 09:30:16.080,4.752,4000
2020-10-26 09:30:16.280,4.754,40000
2020-10-26 09:30:16.310,4.753,10000
2020-10-26 09:30:16.310,4.752,46000
2020-10-26 09:30:16.310,4.752,10000
2020-10-26 09:30:16.310,4.751,4000
2020-10-26 09:30:16.380,4.754,30000
2020-10-26 09:30:16.530,4.754,1200
2020-10-26 09:30:16.530,4.754,8500
2020-10-26 09:30:16.600,4.754,5000
2020-10-26 09:30:16.660,4.754,7000
2020-10-26 09:30:16.720,4.754,4000
2020-10-26 09:30:16.800,4.754,30000
2020-10-26 09:30:16.800,4.754,40000
2020-10-26 09:30:16.830,4.754,30000
2020-10-26 09:30:16.890,4.754,5000
2020-10-26 09:30:16.890,4.754,500
2020-10-26 09:30:16.890,4.754,1000
2020-10-26 09:30:16.990,4.754,13000
2020-10-26 09:30:17.050,4.754,300
2020-10-26 09:30:17.460,4.754,10000
2020-10-26 09:30:17.610,4.752,40000
2020-10-26 09:30:17.610,4.752,60000
2020-10-26 09:30:18.030,4.752,300000
2020-10-26 09:30:18.030,4.752,1100
2020-10-26 09:30:18.100,4.752,5000
2020-10-26 09:30:18.130,4.751,1000
2020-10-26 09:30:18.130,4.751,95900
2020-10-26 09:30:18.130,4.751,40000
2020-10-26 09:30:18.130,4.751,2100
2020-10-26 09:30:18.130,4.75,500
2020-10-26 09:30:18.130,4.75,500
2020-10-26 09:30:18.130,4.75,1200
2020-10-26 09:30:18.130,4.75,1000
2020-10-26 09:30:18.130,4.75,2000
2020-10-26 09:30:18.130,4.75,6000
2020-10-26 09:30:18.130,4.75,6000
2020-10-26 09:30:18.130,4.75,10100
2020-10-26 09:30:18.130,4.75,2200
2020-10-26 09:30:18.130,4.75,3000
2020-10-26 09:30:18.130,4.75,1000
2020-10-26 09:30:18.130,4.75,500
2020-10-26 09:30:18.130,4.75,2000
2020-10-26 09:30:18.130,4.75,3000
2020-10-26 09:30:18.130,4.75,100
2020-10-26 09:30:18.130,4.75,3000
2020-10-26 09:30:18.130,4.75,1000
2020-10-26 09:30:18.130,4.75,5000
2020-10-26 09:30:18.130,4.75,7500
2020-10-26 09:30:18.130,4.75,1000
2020-10-26 09:30:18.130,4.75,10000
2020-10-26 09:30:18.130,4.75,300
2020-10-26 09:30:18.130,4.75,1200
2020-10-26 09:30:18.130,4.75,1000
2020-10-26 09:30:18.130,4.75,6000
2020-10-26 09:30:18.130,4.75,5000
2020-10-26 09:30:18.130,4.75,3000
2020-10-26 09:30:18.130,4.75,6000
2020-10-26 09:30:18.130,4.75,500
2020-10-26 09:30:18.130,4.75,50000
2020-10-26 09:30:18.130,4.75,3000
2020-10-26 09:30:18.130,4.75,100
2020-10-26 09:30:18.130,4.75,2500
2020-10-26 09:30:18.130,4.75,1100
2020-10-26 09:30:18.130,4.75,5000
2020-10-26 09:30:18.130,4.75,3000
2020-10-26 09:30:18.130,4.75,5000
2020-10-26 09:30:18.130,4.75,300
2020-10-26 09:30:18.130,4.75,2200
2020-10-26 09:30:18.130,4.75,2500
2020-10-26 09:30:18.130,4.75,500
2020-10-26 09:30:18.130,4.75,1000
2020-10-26 09:30:18.130,4.75,10000
2020-10-26 09:30:18.130,4.75,1000
2020-10-26 09:30:18.130,4.75,10000
2020-10-26 09:30:18.130,4.75,3000
2020-10-26 09:30:18.130,4.75,2800
2020-10-26 09:30:18.130,4.75,300
2020-10-26 09:30:18.130,4.75,5500
2020-10-26 09:30:18.130,4.75,10000
2020-10-26 09:30:18.130,4.75,5000
2020-10-26 09:30:18.130,4.75,3000
2020-10-26 09:30:18.130,4.75,2000
2020-10-26 09:30:18.130,4.75,5000
2020-10-26 09:30:18.130,4.75,1000
2020-10-26 09:30:18.130,4.75,10000
2020-10-26 09:30:18.130,4.75,300
2020-10-26 09:30:18.130,4.75,1000
2020-10-26 09:30:18.130,4.75,1000
2020-10-26 09:30:18.130,4.75,2000
2020-10-26 09:30:18.130,4.75,1500
2020-10-26 09:30:18.130,4.75,10000
2020-10-26 09:30:18.130,4.75,500
2020-10-26 09:30:18.130,4.75,1000
2020-10-26 09:30:18.130,4.75,2000
2020-10-26 09:30:18.130,4.75,1500
2020-10-26 09:30:18.130,4.75,1000
2020-10-26 09:30:18.130,4.75,200
2020-10-26 09:30:18.130,4.75,1000
2020-10-26 09:30:18.130,4.75,3000
2020-10-26 09:30:18.130,4.75,20000
2020-10-26 09:30:18.130,4.75,3000
2020-10-26 09:30:18.130,4.75,100
2020-10-26 09:30:18.130,4.75,1000
2020-10-26 09:30:18.130,4.75,3000
2020-10-26 09:30:18.130,4.75,200
2020-10-26 09:30:18.130,4.75,500
2020-10-26 09:30:18.130,4.75,100
2020-10-26 09:30:18.130,4.75,5000
2020-10-26 09:30:18.130,4.75,400
2020-10-26 09:30:18.130,4.75,500
2020-10-26 09:30:18.130,4.75,10000
2020-10-26 09:30:18.130,4.75,1000
2020-10-26 09:30:18.130,4.75,10500
2020-10-26 09:30:18.130,4.75,200
2020-10-26 09:30:18.130,4.75,10000
2020-10-26 09:30:18.130,4.75,100
2020-10-26 09:30:18.130,4.75,10000
2020-10-26 09:30:18.130,4.75,8000
2020-10-26 09:30:18.130,4.75,1000
2020-10-26 09:30:18.130,4.75,4900
2020-10-26 09:30:18.130,4.75,1000
2020-10-26 09:30:18.130,4.75,10000
2020-10-26 09:30:18.130,4.75,4000
2020-10-26 09:30:18.130,4.75,10000
2020-10-26 09:30:18.130,4.75,5000
2020-10-26 09:30:18.130,4.75,100
2020-10-26 09:30:18.130,4.75,5000
2020-10-26 09:30:18.130,4.75,200
2020-10-26 09:30:18.130,4.75,10000
2020-10-26 09:30:18.130,4.75,1000
2020-10-26 09:30:18.130,4.75,10000
2020-10-26 09:30:18.130,4.75,5000
2020-10-26 09:30:18.130,4.75,3600
2020-10-26 09:30:18.130,4.75,1300
2020-10-26 09:30:18.130,4.75,10000
2020-10-26 09:30:18.130,4.75,300
2020-10-26 09:30:18.130,4.75,200
2020-10-26 09:30:18.130,4.75,127800
2020-10-26 09:30:18.130,4.75,1000
2020-10-26 09:30:18.130,4.75,100
2020-10-26 09:30:18.130,4.75,1200
2020-10-26 09:30:18.130,4.75,2000
2020-10-26 09:30:18.130,4.75,10000
2020-10-26 09:30:18.130,4.75,10000
2020-10-26 09:30:18.130,4.75,2500
2020-10-26 09:30:18.130,4.75,5000
2020-10-26 09:30:18.130,4.75,1000
2020-10-26 09:30:18.130,4.75,4000
2020-10-26 09:30:18.130,4.75,50000
2020-10-26 09:30:18.130,4.75,10000
2020-10-26 09:30:18.130,4.75,12300
2020-10-26 09:30:18.130,4.75,20000
2020-10-26 09:30:18.130,4.75,1000
2020-10-26 09:30:18.130,4.75,200
2020-10-26 09:30:18.130,4.75,1300
2020-10-26 09:30:18.130,4.75,500
2020-10-26 09:30:18.130,4.75,10000
2020-10-26 09:30:18.130,4.75,20000
2020-10-26 09:30:18.130,4.75,1000
2020-10-26 09:30:18.130,4.75,3000
2020-10-26 09:30:18.130,4.75,5000
2020-10-26 09:30:18.130,4.75,3000
2020-10-26 09:30:18.130,4.75,5000
2020-10-26 09:30:18.130,4.75,6500
2020-10-26 09:30:18.130,4.75,100
2020-10-26 09:30:18.130,4.75,2000
2020-10-26 09:30:18.130,4.75,3000
2020-10-26 09:30:18.130,4.75,5000
2020-10-26 09:30:18.130,4.75,1000
2020-10-26 09:30:18.130,4.75,2000
2020-10-26 09:30:18.130,4.75,1000
2020-10-26 09:30:18.130,4.75,6900
2020-10-26 09:30:18.560,4.752,500
2020-10-26 09:30:18.560,4.752,300000
2020-10-26 09:30:18.890,4.752,500
2020-10-26 09:30:18.920,4.751,200
2020-10-26 09:30:19.140,4.752,20400
2020-10-26 09:30:19.340,4.751,59800
2020-10-26 09:30:19.340,4.751,10000
2020-10-26 09:30:19.340,4.751,900
2020-10-26 09:30:19.340,4.75,23100
2020-10-26 09:30:19.340,4.75,1000
2020-10-26 09:30:19.340,4.75,300
2020-10-26 09:30:19.340,4.75,10000
2020-10-26 09:30:19.340,4.75,1100
2020-10-26 09:30:19.340,4.75,4300
2020-10-26 09:30:19.340,4.75,100
2020-10-26 09:30:19.340,4.75,300
2020-10-26 09:30:19.340,4.75,2000
2020-10-26 09:30:19.340,4.75,5000
2020-10-26 09:30:19.340,4.75,4200
2020-10-26 09:30:19.340,4.75,1000
2020-10-26 09:30:19.340,4.75,600
2020-10-26 09:30:19.340,4.75,300
2020-10-26 09:30:19.340,4.75,600
2020-10-26 09:30:19.340,4.75,4000
2020-10-26 09:30:19.340,4.75,1000
2020-10-26 09:30:19.340,4.75,100
2020-10-26 09:30:19.340,4.75,1000
2020-10-26 09:30:19.340,4.75,3000
2020-10-26 09:30:19.340,4.75,1000
2020-10-26 09:30:19.340,4.75,2000
2020-10-26 09:30:19.340,4.75,1000
2020-10-26 09:30:19.340,4.75,100
2020-10-26 09:30:19.340,4.75,2500
2020-10-26 09:30:19.340,4.75,100
2020-10-26 09:30:19.340,4.75,30000
2020-10-26 09:30:19.340,4.75,300000
2020-10-26 09:30:19.650,4.75,10000
2020-10-26 09:30:19.770,4.75,150100
2020-10-26 09:30:19.880,4.75,800
2020-10-26 09:30:19.940,4.75,100
2020-10-26 09:30:19.970,4.75,5000
2020-10-26 09:30:20.210,4.75,100000
2020-10-26 09:30:20.390,4.75,60000
2020-10-26 09:30:20.420,4.75,30000
2020-10-26 09:30:20.490,4.75,1300
2020-10-26 09:30:20.490,4.75,72300
2020-10-26 09:30:20.490,4.75,242700
2020-10-26 09:30:20.490,4.75,40000
2020-10-26 09:30:20.490,4.75,315000
2020-10-26 09:30:20.490,4.75,302300
2020-10-26 09:30:20.490,4.752,12700
2020-10-26 09:30:20.510,4.752,1000
2020-10-26 09:30:20.700,4.752,81400
2020-10-26 09:30:20.900,4.752,5000
2020-10-26 09:30:20.900,4.752,500
2020-10-26 09:30:20.960,4.752,600
2020-10-26 09:30:20.990,4.752,4000
2020-10-26 09:30:21.150,4.751,50000
2020-10-26 09:30:21.150,4.751,50000
2020-10-26 09:30:21.150,4.751,38000
2020-10-26 09:30:21.150,4.751,1000
2020-10-26 09:30:21.150,4.75,2900
2020-10-26 09:30:21.210,4.75,100
2020-10-26 09:30:21.390,4.75,33000
2020-10-26 09:30:21.420,4.75,60000
2020-10-26 09:30:21.490,4.75,1000
2020-10-26 09:30:21.490,4.75,4000
2020-10-26 09:30:21.710,4.75,1000
2020-10-26 09:30:21.770,4.75,500
2020-10-26 09:30:21.830,4.75,500
2020-10-26 09:30:21.870,4.75,5000
2020-10-26 09:30:21.900,4.75,200
2020-10-26 09:30:21.900,4.75,7000
2020-10-26 09:30:22.050,4.75,1100
2020-10-26 09:30:22.210,4.75,300
2020-10-26 09:30:22.590,4.75,60000
2020-10-26 09:30:22.590,4.75,1000
2020-10-26 09:30:22.650,4.75,600
2020-10-26 09:30:22.710,4.75,3000
2020-10-26 09:30:22.710,4.75,1000
2020-10-26 09:30:22.800,4.75,20000
2020-10-26 09:30:22.870,4.75,5000
2020-10-26 09:30:22.930,4.75,100
2020-10-26 09:30:22.990,4.75,10000
2020-10-26 09:30:23.410,4.75,100000
2020-10-26 09:30:23.540,4.75,60000
2020-10-26 09:30:23.600,4.749,500
2020-10-26 09:30:23.600,4.749,500
2020-10-26 09:30:23.790,4.75,1000
2020-10-26 09:30:23.790,4.75,2000
2020-10-26 09:30:23.910,4.75,200
2020-10-26 09:30:23.910,4.75,500
2020-10-26 09:30:23.940,4.75,150100
2020-10-26 09:30:24.000,4.75,100
2020-10-26 09:30:24.000,4.75,300
2020-10-26 09:30:24.000,4.75,100
2020-10-26 09:30:24.000,4.749,700
2020-10-26 09:30:24.000,4.75,100
2020-10-26 09:30:24.000,4.75,1000
2020-10-26 09:30:24.000,4.75,100
2020-10-26 09:30:24.000,4.75,1500
2020-10-26 09:30:24.000,4.75,1500
2020-10-26 09:30:24.130,4.75,5000
2020-10-26 09:30:24.350,4.75,12000
2020-10-26 09:30:24.380,4.75,200
2020-10-26 09:30:24.380,4.75,100
2020-10-26 09:30:24.420,4.749,3400
2020-10-26 09:30:24.520,4.75,3000
2020-10-26 09:30:24.610,4.75,500
2020-10-26 09:30:24.710,4.749,5200
2020-10-26 09:30:24.710,4.749,2700
2020-10-26 09:30:24.740,4.749,7500
2020-10-26 09:30:24.740,4.749,1000
2020-10-26 09:30:24.740,4.749,5000
2020-10-26 09:30:24.740,4.749,25000
2020-10-26 09:30:24.740,4.749,20000
2020-10-26 09:30:24.740,4.749,1000
2020-10-26 09:30:24.740,4.749,2000
2020-10-26 09:30:24.740,4.749,1000
2020-10-26 09:30:24.740,4.749,100
2020-10-26 09:30:24.740,4.749,2000
2020-10-26 09:30:24.740,4.749,100
2020-10-26 09:30:24.740,4.749,60000
2020-10-26 09:30:25.190,4.749,3000
2020-10-26 09:30:25.240,4.749,1000
2020-10-26 09:30:25.560,4.749,400
2020-10-26 09:30:25.590,4.749,500
2020-10-26 09:30:25.960,4.749,10500
2020-10-26 09:30:26.020,4.749,9100
2020-10-26 09:30:26.420,4.749,1000
2020-10-26 09:30:26.570,4.749,60000
2020-10-26 09:30:26.570,4.749,300
2020-10-26 09:30:26.720,4.749,1500
2020-10-26 09:30:27.150,4.749,1000
2020-10-26 09:30:27.220,4.749,10000
2020-10-26 09:30:27.220,4.749,100
2020-10-26 09:30:27.360,4.748,700
2020-10-26 09:30:27.360,4.748,400
2020-10-26 09:30:27.360,4.748,3000
2020-10-26 09:30:27.360,4.748,4500
2020-10-26 09:30:27.360,4.748,1500
2020-10-26 09:30:27.360,4.748,100
2020-10-26 09:30:27.360,4.748,2300
2020-10-26 09:30:27.360,4.748,600
2020-10-26 09:30:27.360,4.748,800
2020-10-26 09:30:27.360,4.748,20000
2020-10-26 09:30:27.360,4.748,500
2020-10-26 09:30:27.360,4.748,2000
2020-10-26 09:30:27.360,4.748,4200
2020-10-26 09:30:27.360,4.748,1500
2020-10-26 09:30:27.360,4.748,200
2020-10-26 09:30:27.360,4.748,3000
2020-10-26 09:30:27.360,4.748,2000
2020-10-26 09:30:27.360,4.748,4000
2020-10-26 09:30:27.360,4.748,900
2020-10-26 09:30:27.360,4.748,1200
2020-10-26 09:30:27.360,4.748,600
2020-10-26 09:30:27.360,4.748,500
2020-10-26 09:30:27.360,4.748,50000
2020-10-26 09:30:27.360,4.748,100
2020-10-26 09:30:27.360,4.748,3000
2020-10-26 09:30:27.360,4.748,200
2020-10-26 09:30:27.360,4.748,1000
2020-10-26 09:30:27.360,4.748,1000
2020-10-26 09:30:27.360,4.747,200
2020-10-26 09:30:27.360,4.747,1200
2020-10-26 09:30:27.360,4.747,54100
2020-10-26 09:30:27.360,4.747,10000
2020-10-26 09:30:27.360,4.747,200
2020-10-26 09:30:27.360,4.747,2600
2020-10-26 09:30:27.360,4.747,3000
2020-10-26 09:30:27.360,4.747,15000
2020-10-26 09:30:27.360,4.747,15000
2020-10-26 09:30:27.360,4.747,1000
2020-10-26 09:30:27.360,4.747,5000
2020-10-26 09:30:27.360,4.747,20000
2020-10-26 09:30:27.360,4.747,5000
2020-10-26 09:30:27.580,4.747,50000
2020-10-26 09:30:27.780,4.747,200
2020-10-26 09:30:27.840,4.747,8400
2020-10-26 09:30:27.970,4.747,2500
2020-10-26 09:30:27.970,4.747,1300
2020-10-26 09:30:28.030,4.747,400
2020-10-26 09:30:28.030,4.747,800
2020-10-26 09:30:28.030,4.747,1000
2020-10-26 09:30:28.160,4.747,15000
2020-10-26 09:30:28.160,4.747,2000
2020-10-26 09:30:28.250,4.747,150100
2020-10-26 09:30:28.250,4.747,3100
2020-10-26 09:30:28.310,4.747,20100
2020-10-26 09:30:28.440,4.747,60000
2020-10-26 09:30:28.530,4.747,2500
2020-10-26 09:30:28.590,4.746,10000
2020-10-26 09:30:28.590,4.746,2000
2020-10-26 09:30:29.250,4.747,100
2020-10-26 09:30:29.410,4.747,60000
2020-10-26 09:30:29.730,4.747,2100
2020-10-26 09:30:29.920,4.747,200
2020-10-26 09:30:29.920,4.747,10000
2020-10-26 09:30:30.100,4.747,15000
2020-10-26 09:30:30.100,4.747,500
2020-10-26 09:30:30.390,4.747,8500
2020-10-26 09:30:30.760,4.747,400
2020-10-26 09:30:30.790,4.747,15000
2020-10-26 09:30:30.880,4.747,200
2020-10-26 09:30:30.880,4.747,1000
2020-10-26 09:30:31.070,4.747,200
2020-10-26 09:30:31.100,4.747,600
2020-10-26 09:30:31.220,4.747,2500
2020-10-26 09:30:31.260,4.747,2500
2020-10-26 09:30:31.290,4.747,5000
2020-10-26 09:30:31.290,4.747,5000
2020-10-26 09:30:31.350,4.747,100
2020-10-26 09:30:31.520,4.747,50000
2020-10-26 09:30:31.610,4.747,1500
2020-10-26 09:30:31.670,4.746,300
2020-10-26 09:30:31.670,4.746,10000
2020-10-26 09:30:31.670,4.746,9700
2020-10-26 09:30:32.010,4.747,1000
2020-10-26 09:30:32.010,4.747,100
2020-10-26 09:30:32.500,4.747,1000
2020-10-26 09:30:32.560,4.747,5000
2020-10-26 09:30:32.800,4.746,3900
2020-10-26 09:30:32.800,4.746,7000
2020-10-26 09:30:32.800,4.746,5800
2020-10-26 09:30:32.800,4.746,100
2020-10-26 09:30:32.800,4.746,100
2020-10-26 09:30:32.800,4.746,3100
2020-10-26 09:30:32.840,4.747,4500
2020-10-26 09:30:33.020,4.747,100
2020-10-26 09:30:33.090,4.747,5800
2020-10-26 09:30:33.090,4.747,30000
2020-10-26 09:30:33.090,4.747,1000
2020-10-26 09:30:33.260,4.747,5000
2020-10-26 09:30:33.360,4.747,2100
2020-10-26 09:30:33.440,4.747,2500
2020-10-26 09:30:33.620,4.747,5000
2020-10-26 09:30:33.780,4.747,300
2020-10-26 09:30:33.840,4.747,10000
2020-10-26 09:30:33.900,4.747,49400
2020-10-26 09:30:33.990,4.747,2000
2020-10-26 09:30:34.050,4.747,5000
2020-10-26 09:30:34.050,4.747,23400
2020-10-26 09:30:34.050,4.747,1000
2020-10-26 09:30:34.140,4.746,1900
2020-10-26 09:30:34.140,4.746,100
2020-10-26 09:30:34.490,4.747,500
2020-10-26 09:30:34.560,4.747,5400
2020-10-26 09:30:34.560,4.747,8800
2020-10-26 09:30:34.560,4.747,15800
2020-10-26 09:30:34.770,4.746,5900
2020-10-26 09:30:34.770,4.746,6000
2020-10-26 09:30:34.770,4.746,15000
2020-10-26 09:30:34.770,4.746,2000
2020-10-26 09:30:34.770,4.746,10000
2020-10-26 09:30:34.770,4.746,4000
2020-10-26 09:30:34.770,4.746,10000
2020-10-26 09:30:34.770,4.746,3000
2020-10-26 09:30:34.770,4.746,2200
2020-10-26 09:30:34.770,4.746,4000
2020-10-26 09:30:34.770,4.746,500
2020-10-26 09:30:34.770,4.746,60000
2020-10-26 09:30:34.770,4.746,30000
2020-10-26 09:30:34.770,4.746,86900
2020-10-26 09:30:35.110,4.747,2000
2020-10-26 09:30:35.600,4.747,2200
2020-10-26 09:30:35.600,4.748,6000
2020-10-26 09:30:35.600,4.748,11800
2020-10-26 09:30:35.600,4.748,500
2020-10-26 09:30:35.630,4.748,1000
2020-10-26 09:30:35.880,4.748,700
2020-10-26 09:30:35.910,4.748,1000
2020-10-26 09:30:36.040,4.748,5100
2020-10-26 09:30:36.130,4.748,33000
2020-10-26 09:30:36.420,4.748,100000
2020-10-26 09:30:36.450,4.747,1000
2020-10-26 09:30:36.450,4.747,1000
2020-10-26 09:30:36.450,4.746,10000
2020-10-26 09:30:36.450,4.746,2200
2020-10-26 09:30:36.450,4.746,30000
2020-10-26 09:30:36.450,4.746,32300
2020-10-26 09:30:36.610,4.748,5000
2020-10-26 09:30:36.640,4.746,8300
2020-10-26 09:30:36.790,4.746,10300
2020-10-26 09:30:36.890,4.746,9100
2020-10-26 09:30:36.950,4.746,2000
2020-10-26 09:30:37.010,4.746,30000
2020-10-26 09:30:37.010,4.746,13000
2020-10-26 09:30:37.140,4.746,300
2020-10-26 09:30:37.200,4.746,2300
2020-10-26 09:30:37.590,4.746,800
2020-10-26 09:30:37.830,4.746,40000
2020-10-26 09:30:38.050,4.746,1000
2020-10-26 09:30:38.100,4.746,500
2020-10-26 09:30:38.220,4.746,5000
2020-10-26 09:30:38.400,4.746,6000
2020-10-26 09:30:38.430,4.745,500
2020-10-26 09:30:38.430,4.745,600
2020-10-26 09:30:38.430,4.745,7200
2020-10-26 09:30:38.430,4.746,5000
2020-10-26 09:30:38.460,4.746,5800
2020-10-26 09:30:38.860,4.746,10000
2020-10-26 09:30:38.930,4.745,9800
2020-10-26 09:30:38.930,4.745,100
2020-10-26 09:30:38.930,4.745,700
2020-10-26 09:30:38.930,4.745,1200
2020-10-26 09:30:38.930,4.745,10000
2020-10-26 09:30:38.930,4.745,200
2020-10-26 09:30:38.930,4.745,1000
2020-10-26 09:30:38.930,4.745,800
2020-10-26 09:30:38.990,4.746,10000
2020-10-26 09:30:39.060,4.746,900
2020-10-26 09:30:39.120,4.746,200
2020-10-26 09:30:39.580,4.746,10500
2020-10-26 09:30:39.640,4.746,800
2020-10-26 09:30:39.670,4.746,100
2020-10-26 09:30:39.700,4.746,3000
2020-10-26 09:30:39.880,4.746,6800
2020-10-26 09:30:40.030,4.746,200
2020-10-26 09:30:40.340,4.746,100000
2020-10-26 09:30:40.520,4.746,1300
2020-10-26 09:30:40.520,4.746,2000
2020-10-26 09:30:40.900,4.746,15000
2020-10-26 09:30:41.120,4.746,300
2020-10-26 09:30:41.150,4.746,500
2020-10-26 09:30:41.150,4.746,300
2020-10-26 09:30:41.220,4.746,5000
2020-10-26 09:30:41.430,4.746,4300
2020-10-26 09:30:41.430,4.746,3000
2020-10-26 09:30:41.430,4.745,700
2020-10-26 09:30:41.430,4.745,3000
2020-10-26 09:30:41.430,4.745,10000
2020-10-26 09:30:41.430,4.745,1300
2020-10-26 09:30:41.430,4.745,300
2020-10-26 09:30:41.430,4.745,100
2020-10-26 09:30:41.430,4.745,1000
2020-10-26 09:30:41.430,4.745,3000
2020-10-26 09:30:41.430,4.745,10000
2020-10-26 09:30:41.430,4.745,2200
2020-10-26 09:30:41.430,4.745,2500
2020-10-26 09:30:41.430,4.745,300
2020-10-26 09:30:41.430,4.745,2000
2020-10-26 09:30:41.430,4.745,500
2020-10-26 09:30:41.430,4.745,5000
2020-10-26 09:30:41.430,4.745,500
2020-10-26 09:30:41.430,4.745,100
2020-10-26 09:30:41.430,4.745,1000
2020-10-26 09:30:41.430,4.745,200
2020-10-26 09:30:41.430,4.745,3000
2020-10-26 09:30:41.430,4.745,1000
2020-10-26 09:30:41.430,4.745,10000
2020-10-26 09:30:41.430,4.745,30000
2020-10-26 09:30:41.430,4.745,6000
2020-10-26 09:30:41.430,4.745,5000
2020-10-26 09:30:41.430,4.745,2300
2020-10-26 09:30:41.430,4.745,1000
2020-10-26 09:30:41.630,4.745,2500
2020-10-26 09:30:41.720,4.745,10000
2020-10-26 09:30:41.810,4.745,10000
2020-10-26 09:30:41.810,4.745,38900
2020-10-26 09:30:41.970,4.744,2400
2020-10-26 09:30:41.970,4.744,200
2020-10-26 09:30:41.970,4.744,2100
2020-10-26 09:30:42.220,4.745,12000
2020-10-26 09:30:42.500,4.745,10000
2020-10-26 09:30:42.530,4.745,30000
2020-10-26 09:30:42.620,4.744,98900
2020-10-26 09:30:42.620,4.744,900
2020-10-26 09:30:42.620,4.744,5000
2020-10-26 09:30:42.620,4.744,600
2020-10-26 09:30:42.620,4.744,30000
2020-10-26 09:30:42.620,4.744,60000
2020-10-26 09:30:42.620,4.744,40000
2020-10-26 09:30:42.680,4.744,2500
2020-10-26 09:30:42.680,4.744,10000
2020-10-26 09:30:42.740,4.744,500
2020-10-26 09:30:42.740,4.743,2400
2020-10-26 09:30:42.740,4.743,1500
2020-10-26 09:30:42.740,4.743,30000
2020-10-26 09:30:42.740,4.743,6000
2020-10-26 09:30:42.740,4.743,1500
2020-10-26 09:30:42.740,4.743,10000
2020-10-26 09:30:42.740,4.743,1500
2020-10-26 09:30:42.740,4.743,4200
2020-10-26 09:30:42.740,4.743,40000
2020-10-26 09:30:42.740,4.743,40000
2020-10-26 09:30:42.740,4.742,700
2020-10-26 09:30:42.740,4.742,4500
2020-10-26 09:30:42.740,4.742,900
2020-10-26 09:30:42.740,4.742,2000
2020-10-26 09:30:42.740,4.742,700
2020-10-26 09:30:42.740,4.742,1300
2020-10-26 09:30:42.740,4.742,5000
2020-10-26 09:30:42.740,4.742,2000
2020-10-26 09:30:42.740,4.742,39200
2020-10-26 09:30:42.740,4.742,3000
2020-10-26 09:30:42.740,4.742,2000
2020-10-26 09:30:42.740,4.742,10000
2020-10-26 09:30:42.740,4.742,100
2020-10-26 09:30:42.740,4.742,22300
2020-10-26 09:30:42.740,4.742,10000
2020-10-26 09:30:42.740,4.742,20000
2020-10-26 09:30:42.740,4.742,3000
2020-10-26 09:30:42.900,4.742,1000
2020-10-26 09:30:42.990,4.742,5000
2020-10-26 09:30:43.020,4.742,40000
2020-10-26 09:30:43.050,4.742,5200
2020-10-26 09:30:43.050,4.744,34800
2020-10-26 09:30:43.050,4.744,100000
2020-10-26 09:30:43.050,4.744,60000
2020-10-26 09:30:43.050,4.744,100000
2020-10-26 09:30:43.050,4.744,100000
2020-10-26 09:30:43.050,4.744,30000
2020-10-26 09:30:43.050,4.744,60000
2020-10-26 09:30:43.050,4.744,20000
2020-10-26 09:30:43.050,4.744,80000
2020-10-26 09:30:43.200,4.744,15000
2020-10-26 09:30:43.540,4.744,2000
2020-10-26 09:30:43.540,4.744,700
2020-10-26 09:30:43.730,4.744,500
2020-10-26 09:30:43.850,4.744,6600
2020-10-26 09:30:43.910,4.744,42000
2020-10-26 09:30:43.910,4.744,2000
2020-10-26 09:30:44.110,4.744,30000
2020-10-26 09:30:44.140,4.744,5000
2020-10-26 09:30:44.360,4.744,60000
2020-10-26 09:30:44.480,4.744,2000
2020-10-26 09:30:44.650,4.744,5000
2020-10-26 09:30:44.650,4.744,30000
2020-10-26 09:30:44.920,4.744,100000
2020-10-26 09:30:44.920,4.743,1500
2020-10-26 09:30:44.920,4.744,100000
2020-10-26 09:30:44.920,4.744,90000
2020-10-26 09:30:44.920,4.744,30000
2020-10-26 09:30:44.920,4.744,100
2020-10-26 09:30:45.120,4.744,45900
2020-10-26 09:30:45.120,4.745,254100
2020-10-26 09:30:45.120,4.745,1100
2020-10-26 09:30:45.180,4.745,1000
2020-10-26 09:30:45.480,4.745,49200
2020-10-26 09:30:45.560,4.745,150100
2020-10-26 09:30:46.020,4.745,229100
2020-10-26 09:30:46.020,4.745,17300
2020-10-26 09:30:46.020,4.745,53600
2020-10-26 09:30:46.080,4.745,1000
2020-10-26 09:30:46.080,4.744,3000
2020-10-26 09:30:46.080,4.743,4800
2020-10-26 09:30:46.430,4.744,20000
2020-10-26 09:30:46.430,4.744,10000
2020-10-26 09:30:46.450,4.744,2000
2020-10-26 09:30:46.520,4.744,188000
2020-10-26 09:30:46.520,4.746,1000
2020-10-26 09:30:46.680,4.746,300
2020-10-26 09:30:46.840,4.746,1000
2020-10-26 09:30:46.870,4.746,2700
2020-10-26 09:30:46.870,4.746,1000
2020-10-26 09:30:46.870,4.746,1300
2020-10-26 09:30:46.900,4.746,1000
2020-10-26 09:30:47.290,4.746,21000
2020-10-26 09:30:47.440,4.746,10000
2020-10-26 09:30:47.630,4.746,4000
2020-10-26 09:30:47.830,4.746,31700
2020-10-26 09:30:47.830,4.746,48300
2020-10-26 09:30:47.830,4.746,30000
2020-10-26 09:30:47.930,4.745,46600
2020-10-26 09:30:47.960,4.745,65400
2020-10-26 09:30:47.960,4.745,5000
2020-10-26 09:30:47.960,4.745,200
2020-10-26 09:30:47.960,4.745,1000
2020-10-26 09:30:48.180,4.745,10400
2020-10-26 09:30:48.720,4.745,40000
2020-10-26 09:30:49.250,4.745,1000
2020-10-26 09:30:49.510,4.745,60000
2020-10-26 09:30:49.550,4.745,1200
2020-10-26 09:30:49.920,4.744,500
2020-10-26 09:30:49.920,4.744,1800
2020-10-26 09:30:49.920,4.744,1000
2020-10-26 09:30:49.920,4.744,28500
2020-10-26 09:30:49.920,4.745,5000
2020-10-26 09:30:50.260,4.745,30000
2020-10-26 09:30:50.330,4.745,30000
2020-10-26 09:30:50.430,4.745,60000
2020-10-26 09:30:50.730,4.745,4000
2020-10-26 09:30:50.790,4.745,600
2020-10-26 09:30:50.790,4.745,1000
2020-10-26 09:30:50.830,4.745,10000
2020-10-26 09:30:50.830,4.745,100000
2020-10-26 09:30:50.860,4.745,200
2020-10-26 09:30:50.890,4.745,20000
2020-10-26 09:30:50.890,4.745,40000
2020-10-26 09:30:50.890,4.745,100000
2020-10-26 09:30:50.890,4.745,100000
2020-10-26 09:30:50.890,4.745,60000
2020-10-26 09:30:50.890,4.745,40000
2020-10-26 09:30:51.040,4.745,200
2020-10-26 09:30:51.160,4.745,5000
2020-10-26 09:30:51.520,4.745,10000
2020-10-26 09:30:51.800,4.744,10500
2020-10-26 09:30:51.860,4.745,1400
2020-10-26 09:30:52.340,4.745,1000
2020-10-26 09:30:52.410,4.744,1000
2020-10-26 09:30:52.410,4.744,2000
2020-10-26 09:30:52.410,4.744,40000
2020-10-26 09:30:52.410,4.744,8000
2020-10-26 09:30:52.410,4.744,500
2020-10-26 09:30:52.410,4.744,4000
2020-10-26 09:30:52.410,4.744,44500
2020-10-26 09:30:52.410,4.744,5500
2020-10-26 09:30:52.410,4.744,100
2020-10-26 09:30:52.410,4.744,6200
2020-10-26 09:30:52.410,4.744,10000
2020-10-26 09:30:52.410,4.744,6600
2020-10-26 09:30:52.410,4.745,1000
2020-10-26 09:30:52.430,4.745,1500
2020-10-26 09:30:52.460,4.745,300
2020-10-26 09:30:52.600,4.745,40000
2020-10-26 09:30:52.690,4.745,40000
2020-10-26 09:30:52.720,4.745,4000
2020-10-26 09:30:52.900,4.745,2000
2020-10-26 09:30:52.900,4.745,1700
2020-10-26 09:30:52.970,4.745,6900
2020-10-26 09:30:52.970,4.745,3100
2020-10-26 09:30:53.000,4.744,7000
2020-10-26 09:30:53.120,4.745,900
2020-10-26 09:30:53.120,4.745,4000
2020-10-26 09:30:53.210,4.746,10000
2020-10-26 09:30:53.210,4.746,15300
2020-10-26 09:30:53.210,4.746,200
2020-10-26 09:30:53.210,4.746,2000
2020-10-26 09:30:53.210,4.746,4000
2020-10-26 09:30:53.210,4.746,10000
2020-10-26 09:30:53.410,4.747,20000
2020-10-26 09:30:53.610,4.747,100
2020-10-26 09:30:53.730,4.747,9900
2020-10-26 09:30:53.950,4.747,2100
2020-10-26 09:30:53.950,4.747,11800
2020-10-26 09:30:54.200,4.748,10000
2020-10-26 09:30:54.900,4.747,20000
2020-10-26 09:30:55.180,4.748,5000
2020-10-26 09:30:55.370,4.747,5000
2020-10-26 09:30:55.760,4.748,6300
2020-10-26 09:30:56.200,4.747,100000
2020-10-26 09:30:56.410,4.749,200
2020-10-26 09:30:56.580,4.747,1000
2020-10-26 09:30:56.800,4.749,2100
2020-10-26 09:30:56.800,4.749,97900
2020-10-26 09:30:56.890,4.749,70000
2020-10-26 09:30:56.890,4.749,80000
2020-10-26 09:30:57.660,4.748,10000
2020-10-26 09:30:57.660,4.75,2000
2020-10-26 09:30:57.720,4.749,200
2020-10-26 09:30:57.720,4.748,3000
2020-10-26 09:30:57.720,4.748,2000
2020-10-26 09:30:57.720,4.747,34800
2020-10-26 09:30:57.750,4.75,100
2020-10-26 09:30:57.750,4.75,3000
2020-10-26 09:30:57.820,4.75,40000
2020-10-26 09:30:58.030,4.747,6200
2020-10-26 09:30:58.490,4.75,200
2020-10-26 09:30:59.830,4.75,100000
2020-10-26 09:30:59.890,4.75,30000
2020-10-26 09:31:00.200,4.75,29100
2020-10-26 09:31:00.200,4.75,10000
2020-10-26 09:31:00.200,4.751,7000
2020-10-26 09:31:00.200,4.751,1600
2020-10-26 09:31:00.200,4.751,141900
2020-10-26 09:31:00.200,4.751,110400
2020-10-26 09:31:00.660,4.749,10000
2020-10-26 09:31:00.660,4.748,4600
2020-10-26 09:31:01.010,4.752,2000
2020-10-26 09:31:01.660,4.749,5500
2020-10-26 09:31:01.660,4.748,400
2020-10-26 09:31:01.660,4.748,100
2020-10-26 09:31:01.660,4.747,6500
2020-10-26 09:31:02.170,4.748,400
2020-10-26 09:31:02.170,4.747,2600
2020-10-26 09:31:02.240,4.748,100
2020-10-26 09:31:02.290,4.748,4200
2020-10-26 09:31:02.570,4.747,700
2020-10-26 09:31:02.600,4.747,51000
2020-10-26 09:31:02.600,4.747,300
2020-10-26 09:31:02.600,4.747,3000
2020-10-26 09:31:02.600,4.747,5000
2020-10-26 09:31:02.600,4.747,500
2020-10-26 09:31:02.600,4.746,33000
2020-10-26 09:31:02.600,4.746,5000
2020-10-26 09:31:02.600,4.746,200
2020-10-26 09:31:02.600,4.746,20000
2020-10-26 09:31:02.600,4.746,2000
2020-10-26 09:31:02.600,4.746,100000
2020-10-26 09:31:02.600,4.746,2000
2020-10-26 09:31:02.600,4.745,13600
2020-10-26 09:31:02.600,4.745,5000
2020-10-26 09:31:02.600,4.745,4200
2020-10-26 09:31:02.600,4.745,5000
2020-10-26 09:31:02.600,4.745,2100
2020-10-26 09:31:02.600,4.745,5000
2020-10-26 09:31:02.600,4.745,4000
2020-10-26 09:31:02.600,4.745,2000
2020-10-26 09:31:02.600,4.745,2200
2020-10-26 09:31:02.600,4.745,5000
2020-10-26 09:31:02.600,4.745,6500
2020-10-26 09:31:02.600,4.745,500
2020-10-26 09:31:02.600,4.745,10000
2020-10-26 09:31:02.600,4.745,10000
2020-10-26 09:31:02.600,4.745,2900
2020-10-26 09:31:02.850,4.748,100000
2020-10-26 09:31:02.850,4.748,40000
2020-10-26 09:31:02.850,4.748,100000
2020-10-26 09:31:02.850,4.748,1000
2020-10-26 09:31:02.850,4.745,2100
2020-10-26 09:31:02.850,4.745,1000
2020-10-26 09:31:02.850,4.745,14100
2020-10-26 09:31:02.850,4.745,600
2020-10-26 09:31:02.850,4.745,3000
2020-10-26 09:31:02.850,4.745,20000
2020-10-26 09:31:02.850,4.745,30800
2020-10-26 09:31:02.850,4.745,2000
2020-10-26 09:31:02.850,4.745,10000
2020-10-26 09:31:02.850,4.745,300
2020-10-26 09:31:02.850,4.745,5000
2020-10-26 09:31:02.850,4.745,2000
2020-10-26 09:31:02.850,4.745,10000
2020-10-26 09:31:02.850,4.745,6000
2020-10-26 09:31:02.850,4.745,7000
2020-10-26 09:31:02.850,4.745,5000
2020-10-26 09:31:02.850,4.744,82500
2020-10-26 09:31:02.850,4.744,300
2020-10-26 09:31:02.850,4.744,20000
2020-10-26 09:31:02.850,4.744,2200
2020-10-26 09:31:02.850,4.744,20000
2020-10-26 09:31:02.850,4.744,10000
2020-10-26 09:31:02.850,4.744,3000
2020-10-26 09:31:02.850,4.744,500
2020-10-26 09:31:02.850,4.744,3000
2020-10-26 09:31:02.850,4.744,35300
2020-10-26 09:31:02.850,4.744,2000
2020-10-26 09:31:02.850,4.744,2300
2020-10-26 09:31:03.010,4.748,10000
2020-10-26 09:31:03.040,4.747,2000
2020-10-26 09:31:03.040,4.745,40000
2020-10-26 09:31:03.040,4.744,37700
2020-10-26 09:31:03.040,4.744,8000
2020-10-26 09:31:03.040,4.744,200
2020-10-26 09:31:03.040,4.744,100
2020-10-26 09:31:03.040,4.744,1100
2020-10-26 09:31:03.040,4.744,500
2020-10-26 09:31:03.040,4.744,3000
2020-10-26 09:31:03.040,4.744,1100
2020-10-26 09:31:03.040,4.744,3000
2020-10-26 09:31:03.040,4.744,1100
2020-10-26 09:31:03.040,4.744,2500
2020-10-26 09:31:03.040,4.744,2000
2020-10-26 09:31:03.040,4.744,8000
2020-10-26 09:31:03.040,4.744,2000
2020-10-26 09:31:03.040,4.744,10000
2020-10-26 09:31:03.040,4.744,5000
2020-10-26 09:31:03.040,4.744,6000
2020-10-26 09:31:03.040,4.744,40000
2020-10-26 09:31:03.100,4.744,40000
2020-10-26 09:31:03.100,4.744,28500
2020-10-26 09:31:03.230,4.744,2000
2020-10-26 09:31:03.260,4.744,3000
2020-10-26 09:31:03.360,4.744,800
2020-10-26 09:31:03.380,4.744,1000
2020-10-26 09:31:03.550,4.744,3300
2020-10-26 09:31:03.840,4.744,500
2020-10-26 09:31:03.960,4.744,47600
2020-10-26 09:31:03.960,4.744,9500
2020-10-26 09:31:03.960,4.746,117800
2020-10-26 09:31:04.080,4.746,500
2020-10-26 09:31:04.200,4.746,2000
2020-10-26 09:31:04.300,4.746,5000
2020-10-26 09:31:04.460,4.746,1100
2020-10-26 09:31:04.460,4.746,3000
2020-10-26 09:31:04.490,4.746,19400
2020-10-26 09:31:04.520,4.746,1000
2020-10-26 09:31:04.550,4.746,1000
2020-10-26 09:31:04.700,4.746,600
2020-10-26 09:31:05.000,4.746,100
2020-10-26 09:31:05.030,4.746,2000
2020-10-26 09:31:05.190,4.745,2000
2020-10-26 09:31:05.190,4.744,3900
2020-10-26 09:31:05.190,4.746,5000
2020-10-26 09:31:05.280,4.746,9400
2020-10-26 09:31:05.320,4.746,1100
2020-10-26 09:31:05.320,4.746,2500
2020-10-26 09:31:05.470,4.746,1000
2020-10-26 09:31:05.470,4.746,200
2020-10-26 09:31:05.470,4.746,100
2020-10-26 09:31:05.630,4.746,10000
2020-10-26 09:31:05.630,4.746,500
2020-10-26 09:31:05.630,4.746,2000
2020-10-26 09:31:05.630,4.746,3100
2020-10-26 09:31:05.630,4.746,1000
2020-10-26 09:31:05.630,4.746,5000
2020-10-26 09:31:05.700,4.746,200
2020-10-26 09:31:05.800,4.746,1000
2020-10-26 09:31:05.800,4.746,5000
2020-10-26 09:31:05.890,4.746,40000
2020-10-26 09:31:05.890,4.746,100000
2020-10-26 09:31:05.890,4.746,50000
2020-10-26 09:31:05.890,4.746,100000
2020-10-26 09:31:05.890,4.746,80000
2020-10-26 09:31:05.890,4.746,30500
2020-10-26 09:31:05.890,4.746,9500
2020-10-26 09:31:05.890,4.746,100000
2020-10-26 09:31:05.890,4.745,200
2020-10-26 09:31:06.000,4.745,800
2020-10-26 09:31:06.000,4.744,26100
2020-10-26 09:31:06.000,4.744,3000
2020-10-26 09:31:06.000,4.744,1000
2020-10-26 09:31:06.000,4.744,100
2020-10-26 09:31:06.000,4.744,500
2020-10-26 09:31:06.000,4.744,40000
2020-10-26 09:31:06.000,4.743,300
2020-10-26 09:31:06.000,4.743,10500
2020-10-26 09:31:06.000,4.743,2000
2020-10-26 09:31:06.000,4.743,4200
2020-10-26 09:31:06.000,4.743,3000
2020-10-26 09:31:06.000,4.743,12600
2020-10-26 09:31:06.000,4.743,10000
2020-10-26 09:31:06.000,4.743,10600
2020-10-26 09:31:06.000,4.743,5000
2020-10-26 09:31:06.000,4.743,100
2020-10-26 09:31:06.000,4.743,3000
2020-10-26 09:31:06.000,4.743,5000
2020-10-26 09:31:06.000,4.743,5000
2020-10-26 09:31:06.000,4.743,2000
2020-10-26 09:31:06.000,4.743,10000
2020-10-26 09:31:06.000,4.743,200
2020-10-26 09:31:06.000,4.743,100
2020-10-26 09:31:06.000,4.743,1000
2020-10-26 09:31:06.060,4.743,2800
2020-10-26 09:31:06.090,4.743,1000
2020-10-26 09:31:06.090,4.743,2000
2020-10-26 09:31:06.120,4.743,5000
2020-10-26 09:31:06.220,4.743,1000
2020-10-26 09:31:06.250,4.743,2000
2020-10-26 09:31:06.290,4.743,400
2020-10-26 09:31:06.500,4.743,100
2020-10-26 09:31:06.520,4.743,1600
2020-10-26 09:31:06.650,4.743,100
2020-10-26 09:31:06.840,4.742,1000
2020-10-26 09:31:06.840,4.742,2000
2020-10-26 09:31:06.840,4.742,2200
2020-10-26 09:31:06.840,4.742,5000
2020-10-26 09:31:06.840,4.742,10000
2020-10-26 09:31:06.840,4.742,100
2020-10-26 09:31:06.840,4.742,10000
2020-10-26 09:31:07.020,4.742,2500
2020-10-26 09:31:07.020,4.741,3000
2020-10-26 09:31:07.020,4.741,200
2020-10-26 09:31:07.020,4.741,1800
2020-10-26 09:31:07.110,4.742,900
2020-10-26 09:31:07.180,4.742,100
2020-10-26 09:31:07.180,4.742,13300
2020-10-26 09:31:07.180,4.742,1000
2020-10-26 09:31:07.300,4.743,10000
2020-10-26 09:31:07.330,4.743,3200
2020-10-26 09:31:07.460,4.743,1500
2020-10-26 09:31:07.550,4.743,900
2020-10-26 09:31:07.580,4.743,5000
2020-10-26 09:31:07.610,4.743,3000
2020-10-26 09:31:07.640,4.743,1000
2020-10-26 09:31:07.710,4.742,100
2020-10-26 09:31:07.750,4.742,2400
