Datetime,Price,Volume
2020-09-23 09:25:00.990,3.322,3600
2020-09-23 09:25:00.990,3.322,1400
2020-09-23 09:25:00.990,3.322,7200
2020-09-23 09:25:00.990,3.322,600
2020-09-23 09:25:00.990,3.322,7300
2020-09-23 09:25:00.990,3.322,100
2020-09-23 09:25:00.990,3.322,1000
2020-09-23 09:25:00.990,3.322,100
2020-09-23 09:25:00.990,3.322,13700
2020-09-23 09:25:00.990,3.322,25300
2020-09-23 09:25:00.990,3.322,1270
2020-09-23 09:25:00.990,3.322,500
2020-09-23 09:25:00.990,3.322,1200
2020-09-23 09:25:00.990,3.322,700
2020-09-23 09:25:00.990,3.322,4000
2020-09-23 09:25:00.990,3.322,2200
2020-09-23 09:25:00.990,3.322,700
2020-09-23 09:25:00.990,3.322,8300
2020-09-23 09:25:00.990,3.322,500
2020-09-23 09:25:00.990,3.322,1630
2020-09-23 09:25:00.990,3.322,2200
2020-09-23 09:25:00.990,3.322,9300
2020-09-23 09:25:00.990,3.322,6000
2020-09-23 09:25:00.990,3.322,7400
2020-09-23 09:25:00.990,3.322,800
2020-09-23 09:25:00.990,3.322,8000
2020-09-23 09:25:00.990,3.322,30000
2020-09-23 09:25:00.990,3.322,30000
2020-09-23 09:25:00.990,3.322,1000
2020-09-23 09:25:00.990,3.322,3000
2020-09-23 09:25:00.990,3.322,5000
2020-09-23 09:25:00.990,3.322,5000
2020-09-23 09:25:00.990,3.322,8000
2020-09-23 09:25:00.990,3.322,2670
2020-09-23 09:25:00.990,3.322,1000
2020-09-23 09:25:00.990,3.322,5830
2020-09-23 09:25:00.990,3.322,170
2020-09-23 09:25:00.990,3.322,12830
2020-09-23 09:25:00.990,3.322,1900
2020-09-23 09:25:00.990,3.322,100
2020-09-23 09:25:00.990,3.322,42000
2020-09-23 09:25:00.990,3.322,1770
2020-09-23 09:25:00.990,3.322,10000
2020-09-23 09:25:00.990,3.322,6000
2020-09-23 09:25:00.990,3.322,2200
2020-09-23 09:25:00.990,3.322,2500
2020-09-23 09:25:00.990,3.322,1000
2020-09-23 09:25:00.990,3.322,4030
2020-09-23 09:25:00.990,3.322,5000
2020-09-23 09:25:00.990,3.322,10000
2020-09-23 09:25:00.990,3.322,12000
2020-09-23 09:25:00.990,3.322,2000
2020-09-23 09:25:00.990,3.322,500
2020-09-23 09:25:00.990,3.322,100
2020-09-23 09:25:00.990,3.322,5300
2020-09-23 09:25:00.990,3.322,5170
2020-09-23 09:25:00.990,3.322,4830
2020-09-23 09:25:00.990,3.322,5470
2020-09-23 09:25:00.990,3.322,8900
2020-09-23 09:25:00.990,3.322,5630
2020-09-23 09:25:00.990,3.322,670
2020-09-23 09:25:00.990,3.322,4330
2020-09-23 09:25:00.990,3.322,170
2020-09-23 09:25:00.990,3.322,130
2020-09-23 09:25:00.990,3.322,100
2020-09-23 09:25:00.990,3.322,70
2020-09-23 09:25:00.990,3.322,2000
2020-09-23 09:25:00.990,3.322,730
2020-09-23 09:25:00.990,3.322,300
2020-09-23 09:25:00.990,3.322,2000
2020-09-23 09:25:00.990,3.322,300
2020-09-23 09:25:00.990,3.322,100
2020-09-23 09:25:00.990,3.322,300
2020-09-23 09:25:00.990,3.322,3100
2020-09-23 09:25:00.990,3.322,2000
2020-09-23 09:25:00.990,3.322,200
2020-09-23 09:25:00.990,3.322,400
2020-09-23 09:25:00.990,3.322,3200
2020-09-23 09:25:00.990,3.322,3000
2020-09-23 09:25:00.990,3.322,9000
2020-09-23 09:25:00.990,3.322,100
2020-09-23 09:25:00.990,3.322,2000
2020-09-23 09:25:00.990,3.322,1000
2020-09-23 09:25:00.990,3.322,23000
2020-09-23 09:25:00.990,3.322,7700
2020-09-23 09:25:00.990,3.322,3600
2020-09-23 09:25:00.990,3.322,500
2020-09-23 09:25:00.990,3.322,10100
2020-09-23 09:25:00.990,3.322,600
2020-09-23 09:25:00.990,3.322,8100
2020-09-23 09:25:00.990,3.322,5000
2020-09-23 09:25:00.990,3.322,100
2020-09-23 09:25:00.990,3.322,700
2020-09-23 09:25:00.990,3.322,300
2020-09-23 09:25:00.990,3.322,1000
2020-09-23 09:25:00.990,3.322,200
2020-09-23 09:25:00.990,3.322,10000
2020-09-23 09:25:00.990,3.322,50000
2020-09-23 09:25:00.990,3.322,2000
2020-09-23 09:25:00.990,3.322,1600
2020-09-23 09:25:00.990,3.322,1000
2020-09-23 09:25:00.990,3.322,3800
2020-09-23 09:25:00.990,3.322,500
2020-09-23 09:25:00.990,3.322,900
2020-09-23 09:25:00.990,3.322,100
2020-09-23 09:25:00.990,3.322,1000
2020-09-23 09:25:00.990,3.322,100
2020-09-23 09:25:00.990,3.322,200
2020-09-23 09:25:00.990,3.322,20000
2020-09-23 09:25:00.990,3.322,9200
2020-09-23 09:25:00.990,3.322,8200
2020-09-23 09:25:00.990,3.322,12900
2020-09-23 09:25:00.990,3.322,2500
2020-09-23 09:25:00.990,3.322,2000
2020-09-23 09:25:00.990,3.322,10400
2020-09-23 09:25:00.990,3.322,300
2020-09-23 09:25:00.990,3.322,100
2020-09-23 09:25:00.990,3.322,100
2020-09-23 09:25:00.990,3.322,4600
2020-09-23 09:25:00.990,3.322,100
2020-09-23 09:25:00.990,3.322,3000
2020-09-23 09:25:00.990,3.322,6000
2020-09-23 09:25:00.990,3.322,200
2020-09-23 09:25:00.990,3.322,100
2020-09-23 09:25:00.990,3.322,3000
2020-09-23 09:25:00.990,3.322,1000
2020-09-23 09:25:00.990,3.322,100
2020-09-23 09:25:00.990,3.322,3100
2020-09-23 09:25:00.990,3.322,400
2020-09-23 09:25:00.990,3.322,5900
2020-09-23 09:25:00.990,3.322,1000
2020-09-23 09:25:00.990,3.322,2000
2020-09-23 09:25:00.990,3.322,20000
2020-09-23 09:25:00.990,3.322,900
2020-09-23 09:25:00.990,3.322,100
2020-09-23 09:25:00.990,3.322,100
2020-09-23 09:25:00.990,3.322,3100
2020-09-23 09:25:00.990,3.322,600
2020-09-23 09:25:00.990,3.322,100
2020-09-23 09:25:00.990,3.322,100
2020-09-23 09:25:00.990,3.322,100
2020-09-23 09:25:00.990,3.322,100
2020-09-23 09:25:00.990,3.322,300
2020-09-23 09:25:00.990,3.322,2000
2020-09-23 09:25:00.990,3.322,800
2020-09-23 09:25:00.990,3.322,1600
2020-09-23 09:25:00.990,3.322,200
2020-09-23 09:25:00.990,3.322,300
2020-09-23 09:25:00.990,3.322,10000
2020-09-23 09:25:00.990,3.322,3570
2020-09-23 09:25:00.990,3.322,1430
2020-09-23 09:25:00.990,3.322,1600
2020-09-23 09:25:00.990,3.322,200
2020-09-23 09:25:00.990,3.322,1000
2020-09-23 09:25:00.990,3.322,6000
2020-09-23 09:30:00.020,3.321,100
2020-09-23 09:30:00.270,3.322,100
2020-09-23 09:30:00.350,3.322,19670
2020-09-23 09:30:00.350,3.322,800
2020-09-23 09:30:00.350,3.322,200
2020-09-23 09:30:00.350,3.322,200
2020-09-23 09:30:00.350,3.322,7200
2020-09-23 09:30:00.350,3.322,71930
2020-09-23 09:30:00.430,3.322,2000
2020-09-23 09:30:00.520,3.322,5000
2020-09-23 09:30:00.520,3.321,200
2020-09-23 09:30:00.520,3.321,1000
2020-09-23 09:30:00.520,3.321,1300
2020-09-23 09:30:00.520,3.321,200
2020-09-23 09:30:00.520,3.321,5000
2020-09-23 09:30:00.520,3.321,16100
2020-09-23 09:30:00.520,3.322,4670
2020-09-23 09:30:00.520,3.322,5330
2020-09-23 09:30:00.520,3.322,4070
2020-09-23 09:30:00.520,3.322,700
2020-09-23 09:30:00.520,3.322,7130
2020-09-23 09:30:00.590,3.322,370
2020-09-23 09:30:00.590,3.322,2500
2020-09-23 09:30:00.590,3.322,500
2020-09-23 09:30:00.590,3.322,100
2020-09-23 09:30:00.590,3.322,3800
2020-09-23 09:30:00.590,3.322,10730
2020-09-23 09:30:00.590,3.322,1000
2020-09-23 09:30:00.590,3.322,3000
2020-09-23 09:30:00.590,3.321,2000
2020-09-23 09:30:00.700,3.322,100
2020-09-23 09:30:00.700,3.322,200
2020-09-23 09:30:00.730,3.322,4970
2020-09-23 09:30:00.730,3.322,8330
2020-09-23 09:30:00.730,3.322,100
2020-09-23 09:30:00.780,3.321,1000
2020-09-23 09:30:00.820,3.322,1000
2020-09-23 09:30:00.820,3.322,2300
2020-09-23 09:30:00.820,3.322,50000
2020-09-23 09:30:00.900,3.321,900
2020-09-23 09:30:00.900,3.321,3000
2020-09-23 09:30:00.900,3.321,3100
2020-09-23 09:30:00.900,3.322,2000
2020-09-23 09:30:00.900,3.322,300
2020-09-23 09:30:00.980,3.321,1900
2020-09-23 09:30:00.980,3.321,500
2020-09-23 09:30:00.980,3.321,2500
2020-09-23 09:30:01.030,3.321,1600
2020-09-23 09:30:01.030,3.321,6000
2020-09-23 09:30:01.150,3.321,500
2020-09-23 09:30:01.150,3.322,19500
2020-09-23 09:30:01.200,3.322,8000
2020-09-23 09:30:01.240,3.321,10000
2020-09-23 09:30:01.240,3.322,3400
2020-09-23 09:30:01.240,3.322,5000
2020-09-23 09:30:01.320,3.322,100
2020-09-23 09:30:01.320,3.322,2000
2020-09-23 09:30:01.320,3.322,15000
2020-09-23 09:30:01.320,3.322,1100
2020-09-23 09:30:01.450,3.321,500
2020-09-23 09:30:01.610,3.322,1000
2020-09-23 09:30:01.610,3.322,34000
2020-09-23 09:30:01.710,3.322,146870
2020-09-23 09:30:01.710,3.322,30000
2020-09-23 09:30:01.710,3.322,40000
2020-09-23 09:30:01.710,3.322,6300
2020-09-23 09:30:01.760,3.323,1600
2020-09-23 09:30:01.860,3.323,2800
2020-09-23 09:30:01.860,3.323,5900
2020-09-23 09:30:01.860,3.323,1300
2020-09-23 09:30:01.980,3.322,500
2020-09-23 09:30:02.170,3.323,700
2020-09-23 09:30:02.170,3.323,600
2020-09-23 09:30:02.170,3.323,8700
2020-09-23 09:30:02.260,3.322,1000
2020-09-23 09:30:02.460,3.322,75730
2020-09-23 09:30:02.460,3.322,500
2020-09-23 09:30:02.460,3.322,10000
2020-09-23 09:30:02.460,3.322,1000
2020-09-23 09:30:02.460,3.322,40000
2020-09-23 09:30:02.460,3.322,900
2020-09-23 09:30:02.460,3.322,5000
2020-09-23 09:30:02.460,3.322,170
2020-09-23 09:30:02.460,3.322,3000
2020-09-23 09:30:02.580,3.322,3000
2020-09-23 09:30:02.620,3.322,71830
2020-09-23 09:30:02.620,3.322,8000
2020-09-23 09:30:02.620,3.322,300
2020-09-23 09:30:02.620,3.322,50000
2020-09-23 09:30:02.620,3.322,2600
2020-09-23 09:30:02.620,3.322,2600
2020-09-23 09:30:02.620,3.321,5600
2020-09-23 09:30:02.620,3.321,3200
2020-09-23 09:30:02.620,3.321,500
2020-09-23 09:30:02.620,3.321,2000
2020-09-23 09:30:02.620,3.321,147370
2020-09-23 09:30:02.810,3.322,500
2020-09-23 09:30:02.810,3.322,600
2020-09-23 09:30:03.210,3.323,41300
2020-09-23 09:30:03.210,3.323,3000
2020-09-23 09:30:03.390,3.323,15000
2020-09-23 09:30:03.680,3.324,600
2020-09-23 09:30:03.760,3.323,700
2020-09-23 09:30:03.760,3.323,100
2020-09-23 09:30:03.760,3.322,5200
2020-09-23 09:30:04.640,3.324,9400
2020-09-23 09:30:04.640,3.324,100
2020-09-23 09:30:04.820,3.322,17200
2020-09-23 09:30:04.820,3.322,10000
2020-09-23 09:30:04.820,3.322,2000
2020-09-23 09:30:04.820,3.322,200
2020-09-23 09:30:04.820,3.322,5000
2020-09-23 09:30:04.820,3.322,9300
2020-09-23 09:30:04.820,3.322,200
2020-09-23 09:30:04.820,3.322,6100
2020-09-23 09:30:04.940,3.322,100
2020-09-23 09:30:04.940,3.322,2000
2020-09-23 09:30:04.940,3.322,12900
2020-09-23 09:30:05.100,3.323,1500
2020-09-23 09:30:05.100,3.322,3200
2020-09-23 09:30:05.440,3.323,50000
2020-09-23 09:30:05.550,3.323,10000
2020-09-23 09:30:05.870,3.323,19900
2020-09-23 09:30:05.950,3.324,100
2020-09-23 09:30:05.950,3.324,2000
2020-09-23 09:30:05.950,3.324,2200
2020-09-23 09:30:05.950,3.324,3000
2020-09-23 09:30:05.950,3.324,1000
2020-09-23 09:30:05.950,3.324,1000
2020-09-23 09:30:05.950,3.324,300
2020-09-23 09:30:06.150,3.323,4000
2020-09-23 09:30:06.760,3.324,200
2020-09-23 09:30:07.540,3.324,19500
2020-09-23 09:30:07.540,3.324,500
2020-09-23 09:30:08.210,3.323,500
2020-09-23 09:30:09.580,3.324,20000
2020-09-23 09:30:09.610,3.323,100
2020-09-23 09:30:09.720,3.324,5000
2020-09-23 09:30:09.980,3.323,26800
2020-09-23 09:30:09.980,3.323,13200
2020-09-23 09:30:10.200,3.323,175500
2020-09-23 09:30:10.200,3.323,20000
2020-09-23 09:30:10.200,3.323,100
2020-09-23 09:30:10.200,3.323,60200
2020-09-23 09:30:10.200,3.322,5600
2020-09-23 09:30:10.200,3.322,3000
2020-09-23 09:30:10.200,3.322,10000
2020-09-23 09:30:10.200,3.322,500
2020-09-23 09:30:10.200,3.322,12100
2020-09-23 09:30:10.200,3.322,400
2020-09-23 09:30:10.200,3.322,29600
2020-09-23 09:30:11.440,3.324,235500
2020-09-23 09:30:11.440,3.324,64500
2020-09-23 09:30:12.280,3.324,112000
2020-09-23 09:30:12.280,3.324,1700
2020-09-23 09:30:12.280,3.324,600
2020-09-23 09:30:12.280,3.324,10000
2020-09-23 09:30:12.280,3.324,5800
2020-09-23 09:30:12.280,3.324,5800
2020-09-23 09:30:12.280,3.324,10000
2020-09-23 09:30:12.280,3.324,100000
2020-09-23 09:30:12.280,3.325,1000
2020-09-23 09:30:12.280,3.325,10000
2020-09-23 09:30:12.280,3.325,500
2020-09-23 09:30:12.280,3.325,10000
2020-09-23 09:30:12.280,3.325,10000
2020-09-23 09:30:12.280,3.325,5000
2020-09-23 09:30:12.280,3.325,10000
2020-09-23 09:30:12.280,3.325,4000
2020-09-23 09:30:12.280,3.325,3600
2020-09-23 09:30:12.390,3.325,600
2020-09-23 09:30:14.030,3.325,1600
2020-09-23 09:30:14.030,3.325,15000
2020-09-23 09:30:14.030,3.326,3400
2020-09-23 09:30:14.370,3.326,6600
2020-09-23 09:30:14.370,3.326,600
2020-09-23 09:30:14.370,3.326,100
2020-09-23 09:30:14.370,3.326,30000
2020-09-23 09:30:14.370,3.326,100
2020-09-23 09:30:14.370,3.326,10000
2020-09-23 09:30:14.370,3.326,100
2020-09-23 09:30:14.370,3.326,20000
2020-09-23 09:30:14.370,3.326,10000
2020-09-23 09:30:14.370,3.326,10000
2020-09-23 09:30:14.370,3.326,500
2020-09-23 09:30:14.370,3.327,400
2020-09-23 09:30:14.590,3.327,600
2020-09-23 09:30:14.590,3.327,10000
2020-09-23 09:30:14.590,3.327,9400
2020-09-23 09:30:14.900,3.326,50000
2020-09-23 09:30:14.970,3.327,600
2020-09-23 09:30:14.970,3.327,5000
2020-09-23 09:30:14.970,3.327,10000
2020-09-23 09:30:14.970,3.327,85400
2020-09-23 09:30:15.150,3.327,14600
2020-09-23 09:30:15.150,3.327,5000
2020-09-23 09:30:15.150,3.328,400
2020-09-23 09:30:16.440,3.326,2600
2020-09-23 09:30:16.830,3.328,200
2020-09-23 09:30:16.900,3.328,300
2020-09-23 09:30:17.080,3.327,200
2020-09-23 09:30:17.080,3.326,1300
2020-09-23 09:30:17.170,3.328,100
2020-09-23 09:30:17.170,3.328,500
2020-09-23 09:30:18.290,3.328,2300
2020-09-23 09:30:18.630,3.327,100
2020-09-23 09:30:18.630,3.328,500
2020-09-23 09:30:19.110,3.328,1700
2020-09-23 09:30:19.110,3.328,200
2020-09-23 09:30:19.110,3.328,1000
2020-09-23 09:30:19.110,3.328,10000
2020-09-23 09:30:19.110,3.328,100
2020-09-23 09:30:19.110,3.328,6000
2020-09-23 09:30:19.110,3.328,1000
2020-09-23 09:30:19.110,3.328,8600
2020-09-23 09:30:19.110,3.328,5900
2020-09-23 09:30:19.110,3.328,5500
2020-09-23 09:30:19.580,3.326,600
2020-09-23 09:30:20.120,3.326,400
2020-09-23 09:30:20.120,3.327,5000
2020-09-23 09:30:20.150,3.327,300
2020-09-23 09:30:20.720,3.328,600
2020-09-23 09:30:25.110,3.328,20000
2020-09-23 09:30:26.040,3.327,14300
2020-09-23 09:30:26.040,3.327,3000
2020-09-23 09:30:26.040,3.327,300
2020-09-23 09:30:26.040,3.327,900
2020-09-23 09:30:26.040,3.327,1500
2020-09-23 09:30:26.660,3.328,300
2020-09-23 09:30:27.250,3.327,100
2020-09-23 09:30:28.100,3.328,73600
2020-09-23 09:30:28.100,3.328,10000
2020-09-23 09:30:28.100,3.328,10000
2020-09-23 09:30:28.100,3.328,1000
2020-09-23 09:30:28.100,3.328,400
2020-09-23 09:30:28.100,3.328,1000
2020-09-23 09:30:28.100,3.328,6000
2020-09-23 09:30:28.100,3.328,300000
2020-09-23 09:30:28.710,3.328,500
2020-09-23 09:30:28.830,3.329,10000
2020-09-23 09:30:28.830,3.329,7000
2020-09-23 09:30:29.380,3.328,5100
2020-09-23 09:30:30.270,3.328,1000
2020-09-23 09:30:30.840,3.328,11900
2020-09-23 09:30:30.960,3.328,400
2020-09-23 09:30:31.440,3.328,11900
2020-09-23 09:30:31.760,3.328,11900
2020-09-23 09:30:32.040,3.328,100000
2020-09-23 09:30:32.040,3.328,11900
2020-09-23 09:30:32.330,3.328,11900
2020-09-23 09:30:32.330,3.328,300000
2020-09-23 09:30:32.700,3.328,11900
2020-09-23 09:30:33.330,3.328,19600
2020-09-23 09:30:33.330,3.328,800
2020-09-23 09:30:33.330,3.328,6100
2020-09-23 09:30:33.330,3.328,45900
2020-09-23 09:30:33.330,3.328,100
2020-09-23 09:30:33.330,3.328,77900
2020-09-23 09:30:33.330,3.328,100
2020-09-23 09:30:33.330,3.328,5000
2020-09-23 09:30:33.330,3.328,2000
2020-09-23 09:30:35.900,3.327,49600
2020-09-23 09:30:35.900,3.327,400
2020-09-23 09:30:36.910,3.327,3400
2020-09-23 09:30:37.770,3.328,30100
2020-09-23 09:30:37.940,3.327,13000
2020-09-23 09:30:37.940,3.327,5000
2020-09-23 09:30:37.940,3.327,200
2020-09-23 09:30:37.940,3.327,300
2020-09-23 09:30:37.940,3.325,5000
2020-09-23 09:30:37.940,3.324,3500
2020-09-23 09:30:37.940,3.324,100
2020-09-23 09:30:37.940,3.324,2000
2020-09-23 09:30:37.940,3.324,88800
2020-09-23 09:30:37.940,3.323,3000
2020-09-23 09:30:37.940,3.323,80400
2020-09-23 09:30:38.820,3.328,5000
2020-09-23 09:30:39.250,3.328,107600
2020-09-23 09:30:39.250,3.328,3100
2020-09-23 09:30:39.250,3.328,800
2020-09-23 09:30:39.250,3.328,27100
2020-09-23 09:30:39.250,3.328,300000
2020-09-23 09:30:39.250,3.328,500
2020-09-23 09:30:39.250,3.328,10000
2020-09-23 09:30:39.440,3.328,500
2020-09-23 09:30:39.510,3.328,5000
2020-09-23 09:30:39.960,3.328,100000
2020-09-23 09:30:40.400,3.328,300000
2020-09-23 09:30:40.590,3.328,100
2020-09-23 09:30:40.740,3.328,17200
2020-09-23 09:30:40.870,3.328,43600
2020-09-23 09:30:40.930,3.329,3000
2020-09-23 09:30:40.930,3.329,1000
2020-09-23 09:30:40.930,3.329,2400
2020-09-23 09:30:42.450,3.328,16400
2020-09-23 09:30:42.630,3.328,37000
2020-09-23 09:30:42.630,3.328,3000
2020-09-23 09:30:42.630,3.328,100
2020-09-23 09:30:45.170,3.327,3900
2020-09-23 09:30:46.840,3.327,1000
2020-09-23 09:30:46.960,3.326,20000
2020-09-23 09:30:48.560,3.326,200
2020-09-23 09:30:49.600,3.325,700
2020-09-23 09:30:49.990,3.326,20000
2020-09-23 09:30:50.210,3.326,21400
2020-09-23 09:30:50.240,3.326,8200
2020-09-23 09:30:50.400,3.326,2000
2020-09-23 09:30:52.280,3.326,26800
2020-09-23 09:30:53.430,3.326,5100
2020-09-23 09:30:53.430,3.326,200
2020-09-23 09:30:53.430,3.326,6700
2020-09-23 09:30:53.600,3.326,12800
2020-09-23 09:30:53.750,3.326,7200
2020-09-23 09:30:53.750,3.325,10400
2020-09-23 09:30:54.030,3.326,100
2020-09-23 09:30:54.970,3.327,2700
2020-09-23 09:30:57.940,3.326,14900
2020-09-23 09:30:57.940,3.326,100
2020-09-23 09:30:58.290,3.326,200
2020-09-23 09:30:58.510,3.326,4700
2020-09-23 09:30:58.510,3.326,5300
2020-09-23 09:30:59.030,3.326,4700
2020-09-23 09:30:59.030,3.326,5000
2020-09-23 09:30:59.030,3.326,30000
2020-09-23 09:30:59.030,3.326,20000
2020-09-23 09:30:59.480,3.326,7300
2020-09-23 09:30:59.800,3.326,400
2020-09-23 09:31:00.250,3.326,30000
2020-09-23 09:31:00.350,3.326,3000
2020-09-23 09:31:00.390,3.326,99600
2020-09-23 09:31:00.390,3.327,7400
2020-09-23 09:31:00.390,3.327,1000
2020-09-23 09:31:00.390,3.327,500
2020-09-23 09:31:00.390,3.327,10000
2020-09-23 09:31:00.390,3.327,1300
2020-09-23 09:31:00.390,3.327,22900
2020-09-23 09:31:00.390,3.327,2000
2020-09-23 09:31:00.390,3.327,600
2020-09-23 09:31:00.390,3.327,153200
2020-09-23 09:31:00.530,3.326,4800
2020-09-23 09:31:01.660,3.326,1100
2020-09-23 09:31:02.020,3.326,8900
2020-09-23 09:31:02.020,3.326,3200
2020-09-23 09:31:03.630,3.327,40000
2020-09-23 09:31:04.090,3.326,10000
2020-09-23 09:31:05.280,3.327,3000
2020-09-23 09:31:07.220,3.326,5000
2020-09-23 09:31:07.910,3.327,8100
2020-09-23 09:31:09.940,3.327,6000
2020-09-23 09:31:10.400,3.327,13200
2020-09-23 09:31:11.000,3.326,100
2020-09-23 09:31:11.490,3.327,300
2020-09-23 09:31:11.520,3.327,6000
2020-09-23 09:31:14.260,3.327,10000
2020-09-23 09:31:14.540,3.326,6000
2020-09-23 09:31:14.620,3.327,700
2020-09-23 09:31:14.620,3.327,10000
2020-09-23 09:31:14.860,3.326,1000
2020-09-23 09:31:14.950,3.327,5500
2020-09-23 09:31:14.950,3.327,4500
2020-09-23 09:31:15.680,3.327,20000
2020-09-23 09:31:15.720,3.327,12400
2020-09-23 09:31:15.720,3.327,7600
2020-09-23 09:31:16.990,3.327,12400
2020-09-23 09:31:16.990,3.327,7600
2020-09-23 09:31:17.060,3.327,11400
2020-09-23 09:31:17.060,3.327,8600
2020-09-23 09:31:17.620,3.326,14700
2020-09-23 09:31:17.620,3.326,3200
2020-09-23 09:31:17.620,3.326,100
2020-09-23 09:31:17.620,3.326,2900
2020-09-23 09:31:17.620,3.326,1500
2020-09-23 09:31:17.620,3.326,7600
2020-09-23 09:31:18.620,3.326,12400
2020-09-23 09:31:19.730,3.326,2000
2020-09-23 09:31:20.160,3.327,20000
2020-09-23 09:31:20.160,3.327,20000
2020-09-23 09:31:20.930,3.326,40100
2020-09-23 09:31:20.930,3.326,40000
2020-09-23 09:31:22.870,3.325,1000
2020-09-23 09:31:22.870,3.325,3000
2020-09-23 09:31:22.930,3.326,14000
2020-09-23 09:31:22.970,3.326,3900
2020-09-23 09:31:23.190,3.326,2000
2020-09-23 09:31:23.190,3.326,2500
2020-09-23 09:31:23.190,3.327,15500
2020-09-23 09:31:23.300,3.326,100
2020-09-23 09:31:23.860,3.326,4800
2020-09-23 09:31:24.050,3.326,15100
2020-09-23 09:31:24.050,3.326,4800
2020-09-23 09:31:25.170,3.326,1200
2020-09-23 09:31:26.140,3.326,20000
2020-09-23 09:31:27.080,3.326,28800
2020-09-23 09:31:27.080,3.327,235900
2020-09-23 09:31:27.080,3.327,708400
2020-09-23 09:31:27.200,3.326,3000
2020-09-23 09:31:27.510,3.326,80000
2020-09-23 09:31:30.610,3.326,5000
2020-09-23 09:31:30.980,3.326,11000
2020-09-23 09:31:31.100,3.326,800
2020-09-23 09:31:31.430,3.326,200
2020-09-23 09:31:31.430,3.326,800
2020-09-23 09:31:31.620,3.326,2200
2020-09-23 09:31:31.620,3.326,2200
2020-09-23 09:31:31.620,3.326,1100
2020-09-23 09:31:31.620,3.326,2000
2020-09-23 09:31:31.620,3.326,12500
2020-09-23 09:31:32.230,3.326,3100
2020-09-23 09:31:32.350,3.325,500
2020-09-23 09:31:32.500,3.325,4500
2020-09-23 09:31:32.500,3.325,5500
2020-09-23 09:31:32.620,3.326,3900
2020-09-23 09:31:32.760,3.326,500
2020-09-23 09:31:32.760,3.326,1500
2020-09-23 09:31:32.760,3.326,6900
2020-09-23 09:31:33.230,3.325,4500
2020-09-23 09:31:33.230,3.325,5000
2020-09-23 09:31:33.230,3.325,2000
2020-09-23 09:31:33.230,3.325,400
2020-09-23 09:31:33.230,3.325,32700
2020-09-23 09:31:33.230,3.325,100
2020-09-23 09:31:33.230,3.325,20000
2020-09-23 09:31:33.290,3.326,3300
2020-09-23 09:31:33.680,3.326,2700
2020-09-23 09:31:36.950,3.325,6300
2020-09-23 09:31:37.160,3.325,2300
2020-09-23 09:31:37.660,3.325,11400
2020-09-23 09:31:38.170,3.326,3000
2020-09-23 09:31:42.090,3.325,4800
2020-09-23 09:31:42.830,3.325,100
2020-09-23 09:31:44.060,3.325,5100
2020-09-23 09:31:44.060,3.325,5000
2020-09-23 09:31:44.760,3.326,600
2020-09-23 09:31:46.100,3.325,7900
2020-09-23 09:31:49.230,3.325,15000
2020-09-23 09:31:49.730,3.325,100
2020-09-23 09:31:50.730,3.324,1500
2020-09-23 09:31:52.800,3.325,2000
2020-09-23 09:31:53.940,3.325,5800
2020-09-23 09:31:54.560,3.325,10000
2020-09-23 09:31:56.200,3.324,1500
2020-09-23 09:31:56.200,3.324,2200
2020-09-23 09:31:56.200,3.324,16300
2020-09-23 09:31:57.150,3.325,100
2020-09-23 09:31:57.500,3.324,2000
2020-09-23 09:31:58.750,3.324,1700
2020-09-23 09:31:58.750,3.323,8300
2020-09-23 09:32:00.650,3.324,6000
2020-09-23 09:32:00.880,3.324,5000
2020-09-23 09:32:01.800,3.324,1200
2020-09-23 09:32:02.050,3.324,20000
2020-09-23 09:32:02.680,3.324,5000
2020-09-23 09:32:02.960,3.324,500
2020-09-23 09:32:03.690,3.323,5100
2020-09-23 09:32:03.990,3.323,35400
2020-09-23 09:32:03.990,3.323,100
2020-09-23 09:32:03.990,3.323,3500
2020-09-23 09:32:03.990,3.323,3000
2020-09-23 09:32:03.990,3.323,8000
2020-09-23 09:32:03.990,3.323,2000
2020-09-23 09:32:03.990,3.323,2000
2020-09-23 09:32:03.990,3.323,10000
2020-09-23 09:32:04.530,3.323,1500
2020-09-23 09:32:04.730,3.323,10000
2020-09-23 09:32:05.980,3.323,4500
2020-09-23 09:32:05.980,3.324,16600
2020-09-23 09:32:06.500,3.324,1500
2020-09-23 09:32:08.620,3.323,1200
2020-09-23 09:32:08.870,3.323,8800
2020-09-23 09:32:08.870,3.324,74500
2020-09-23 09:32:08.870,3.324,4300
2020-09-23 09:32:08.870,3.324,1800
2020-09-23 09:32:08.870,3.324,10000
2020-09-23 09:32:08.870,3.324,5000
2020-09-23 09:32:08.870,3.324,100000
2020-09-23 09:32:08.870,3.324,295600
2020-09-23 09:32:09.960,3.323,8800
2020-09-23 09:32:09.960,3.323,8800
2020-09-23 09:32:09.960,3.323,8800
2020-09-23 09:32:09.960,3.324,4400
2020-09-23 09:32:11.280,3.324,3000
2020-09-23 09:32:11.310,3.324,5800
2020-09-23 09:32:11.750,3.324,121600
2020-09-23 09:32:12.060,3.324,39100
2020-09-23 09:32:12.090,3.324,300000
2020-09-23 09:32:12.340,3.324,22400
2020-09-23 09:32:12.370,3.324,226400
2020-09-23 09:32:12.560,3.324,7000
2020-09-23 09:32:13.160,3.323,30000
2020-09-23 09:32:13.160,3.323,30000
2020-09-23 09:32:13.160,3.323,30000
2020-09-23 09:32:13.160,3.323,30000
2020-09-23 09:32:13.160,3.323,20000
2020-09-23 09:32:14.360,3.324,5000
2020-09-23 09:32:14.800,3.323,24700
2020-09-23 09:32:16.170,3.323,30000
2020-09-23 09:32:16.810,3.323,5300
2020-09-23 09:32:16.810,3.323,10000
2020-09-23 09:32:17.500,3.323,1000
2020-09-23 09:32:18.120,3.322,2000
2020-09-23 09:32:19.570,3.323,20000
2020-09-23 09:32:20.390,3.323,1200
2020-09-23 09:32:20.760,3.323,300
2020-09-23 09:32:22.200,3.323,20000
2020-09-23 09:32:22.980,3.323,20000
2020-09-23 09:32:23.010,3.322,1000
2020-09-23 09:32:23.010,3.322,4000
2020-09-23 09:32:23.890,3.323,9900
2020-09-23 09:32:24.370,3.322,18100
2020-09-23 09:32:24.490,3.322,24900
2020-09-23 09:32:24.490,3.322,50000
2020-09-23 09:32:24.490,3.322,6000
2020-09-23 09:32:24.490,3.322,100
2020-09-23 09:32:24.490,3.322,8900
2020-09-23 09:32:24.860,3.322,1100
2020-09-23 09:32:24.860,3.322,2000
2020-09-23 09:32:24.860,3.322,1900
2020-09-23 09:32:25.120,3.323,500
2020-09-23 09:32:26.130,3.323,11800
2020-09-23 09:32:26.130,3.323,2600
2020-09-23 09:32:26.130,3.323,5600
2020-09-23 09:32:26.160,3.323,20000
2020-09-23 09:32:26.490,3.323,40000
2020-09-23 09:32:26.640,3.323,10000
2020-09-23 09:32:26.860,3.323,1000
2020-09-23 09:32:26.920,3.323,1000
2020-09-23 09:32:27.600,3.323,3800
2020-09-23 09:32:27.600,3.323,6200
2020-09-23 09:32:27.750,3.322,3100
2020-09-23 09:32:27.750,3.322,1900
2020-09-23 09:32:28.540,3.322,2500
2020-09-23 09:32:28.630,3.323,100
2020-09-23 09:32:29.150,3.323,2400
2020-09-23 09:32:29.150,3.323,17500
2020-09-23 09:32:30.570,3.323,100
2020-09-23 09:32:30.570,3.323,15000
2020-09-23 09:32:30.570,3.323,30000
2020-09-23 09:32:32.050,3.322,1600
2020-09-23 09:32:32.050,3.322,6000
2020-09-23 09:32:32.050,3.322,500
2020-09-23 09:32:32.050,3.322,900
2020-09-23 09:32:32.150,3.323,3700
2020-09-23 09:32:33.660,3.324,20000
2020-09-23 09:32:35.050,3.323,5000
2020-09-23 09:32:36.160,3.324,20000
2020-09-23 09:32:36.540,3.323,11300
2020-09-23 09:32:36.540,3.323,500
2020-09-23 09:32:36.540,3.323,200
2020-09-23 09:32:36.540,3.322,5200
2020-09-23 09:32:36.540,3.322,20000
2020-09-23 09:32:36.540,3.322,100
2020-09-23 09:32:36.540,3.322,5000
2020-09-23 09:32:36.540,3.322,1200
2020-09-23 09:32:36.540,3.322,3400
2020-09-23 09:32:36.540,3.322,6400
2020-09-23 09:32:36.540,3.322,36500
2020-09-23 09:32:37.270,3.322,3500
2020-09-23 09:32:37.270,3.322,10000
2020-09-23 09:32:37.270,3.322,100
2020-09-23 09:32:37.270,3.322,36400
2020-09-23 09:32:37.420,3.323,400
2020-09-23 09:32:38.120,3.324,20000
2020-09-23 09:32:38.560,3.323,500
2020-09-23 09:32:39.130,3.324,600
2020-09-23 09:32:39.740,3.324,1000
2020-09-23 09:32:39.740,3.324,1000
2020-09-23 09:32:41.740,3.323,1300
2020-09-23 09:32:41.770,3.323,1000
2020-09-23 09:32:42.870,3.323,6800
2020-09-23 09:32:42.870,3.323,13200
2020-09-23 09:32:42.990,3.323,2000
2020-09-23 09:32:43.740,3.323,4800
2020-09-23 09:32:43.740,3.323,300
2020-09-23 09:32:43.740,3.323,3000
2020-09-23 09:32:45.940,3.323,200
2020-09-23 09:32:46.190,3.323,300
2020-09-23 09:32:47.200,3.323,20000
2020-09-23 09:32:51.390,3.322,2400
2020-09-23 09:32:51.390,3.322,500
2020-09-23 09:32:51.390,3.322,5000
2020-09-23 09:32:51.390,3.322,20000
2020-09-23 09:32:51.390,3.322,1000
2020-09-23 09:32:51.390,3.322,5000
2020-09-23 09:32:51.390,3.322,5000
2020-09-23 09:32:51.390,3.322,11100
2020-09-23 09:32:51.390,3.322,38900
2020-09-23 09:32:51.390,3.322,7300
2020-09-23 09:32:51.390,3.322,1500
2020-09-23 09:32:51.390,3.322,2300
2020-09-23 09:32:51.390,3.322,7700
2020-09-23 09:32:51.390,3.322,100
2020-09-23 09:32:51.390,3.322,22200
2020-09-23 09:32:51.790,3.322,7800
2020-09-23 09:32:51.790,3.322,12200
2020-09-23 09:32:52.400,3.323,10000
2020-09-23 09:32:54.410,3.323,200
2020-09-23 09:32:55.020,3.322,7800
2020-09-23 09:32:55.020,3.322,4200
2020-09-23 09:32:55.020,3.322,1000
2020-09-23 09:32:55.020,3.322,1000
2020-09-23 09:32:55.020,3.322,1500
2020-09-23 09:32:55.610,3.322,20000
2020-09-23 09:32:56.510,3.322,100
2020-09-23 09:32:58.140,3.322,5000
2020-09-23 09:32:58.170,3.322,400
2020-09-23 09:32:58.410,3.322,1000
2020-09-23 09:32:59.150,3.322,8000
2020-09-23 09:32:59.150,3.322,5000
2020-09-23 09:32:59.150,3.322,600
2020-09-23 09:32:59.360,3.322,6400
2020-09-23 09:33:00.670,3.322,500
2020-09-23 09:33:00.900,3.321,4900
2020-09-23 09:33:01.240,3.322,11200
2020-09-23 09:33:01.240,3.322,11700
2020-09-23 09:33:01.240,3.322,11700
2020-09-23 09:33:01.240,3.322,3000
2020-09-23 09:33:03.850,3.322,30000
2020-09-23 09:33:03.850,3.322,30000
2020-09-23 09:33:03.850,3.322,10000
2020-09-23 09:33:04.060,3.322,4200
2020-09-23 09:33:04.060,3.322,800
2020-09-23 09:33:05.240,3.323,3000
2020-09-23 09:33:06.220,3.323,1000
2020-09-23 09:33:06.290,3.322,600
2020-09-23 09:33:06.850,3.322,30000
2020-09-23 09:33:06.880,3.322,10000
2020-09-23 09:33:08.180,3.322,3100
2020-09-23 09:33:08.180,3.322,3700
2020-09-23 09:33:08.180,3.322,20000
2020-09-23 09:33:08.180,3.322,10000
2020-09-23 09:33:08.890,3.321,45100
2020-09-23 09:33:08.890,3.321,1500
2020-09-23 09:33:08.890,3.321,2200
2020-09-23 09:33:08.890,3.321,30000
2020-09-23 09:33:08.890,3.321,1500
2020-09-23 09:33:08.890,3.321,3000
2020-09-23 09:33:08.890,3.321,1000
2020-09-23 09:33:08.890,3.321,1000
2020-09-23 09:33:08.890,3.321,10000
2020-09-23 09:33:08.890,3.321,10000
2020-09-23 09:33:08.890,3.321,8200
2020-09-23 09:33:08.890,3.321,100000
2020-09-23 09:33:08.890,3.321,3000
2020-09-23 09:33:08.890,3.321,20000
2020-09-23 09:33:08.890,3.321,3000
2020-09-23 09:33:09.160,3.321,3000
2020-09-23 09:33:09.300,3.321,15000
2020-09-23 09:33:10.210,3.321,20000
2020-09-23 09:33:10.370,3.32,100
2020-09-23 09:33:10.370,3.32,300
2020-09-23 09:33:10.370,3.32,800
2020-09-23 09:33:10.560,3.321,22500
2020-09-23 09:33:11.260,3.322,5000
2020-09-23 09:33:12.530,3.321,1900
2020-09-23 09:33:14.110,3.321,18100
2020-09-23 09:33:14.110,3.32,900
2020-09-23 09:33:14.110,3.32,1000
2020-09-23 09:33:14.110,3.32,100
2020-09-23 09:33:14.110,3.32,200
2020-09-23 09:33:14.110,3.32,2000
2020-09-23 09:33:14.110,3.32,300
2020-09-23 09:33:14.110,3.32,6600
2020-09-23 09:33:14.110,3.32,2500
2020-09-23 09:33:14.110,3.32,200
2020-09-23 09:33:14.110,3.32,3200
2020-09-23 09:33:14.110,3.32,600
2020-09-23 09:33:14.110,3.32,100
2020-09-23 09:33:14.110,3.32,5000
2020-09-23 09:33:14.110,3.32,2000
2020-09-23 09:33:14.110,3.32,500
2020-09-23 09:33:14.110,3.32,600
2020-09-23 09:33:14.110,3.32,200
2020-09-23 09:33:14.110,3.32,3000
2020-09-23 09:33:14.110,3.32,8000
2020-09-23 09:33:14.110,3.32,3000
2020-09-23 09:33:14.110,3.32,10000
2020-09-23 09:33:14.110,3.32,5000
2020-09-23 09:33:14.110,3.32,100
2020-09-23 09:33:14.110,3.32,1000
2020-09-23 09:33:14.110,3.32,2000
2020-09-23 09:33:14.110,3.32,200
2020-09-23 09:33:14.110,3.32,100
2020-09-23 09:33:14.110,3.32,10000
2020-09-23 09:33:14.110,3.32,5000
2020-09-23 09:33:14.110,3.32,10000
2020-09-23 09:33:14.110,3.32,1000
2020-09-23 09:33:14.110,3.32,300
2020-09-23 09:33:14.110,3.32,10000
2020-09-23 09:33:14.110,3.32,2600
2020-09-23 09:33:15.180,3.321,1000
2020-09-23 09:33:16.080,3.321,100
2020-09-23 09:33:16.350,3.321,2400
2020-09-23 09:33:17.050,3.321,3700
2020-09-23 09:33:17.050,3.321,3700
2020-09-23 09:33:20.050,3.321,2000
2020-09-23 09:33:21.240,3.322,3800
2020-09-23 09:33:22.540,3.321,10600
2020-09-23 09:33:23.150,3.32,12400
2020-09-23 09:33:23.150,3.32,10000
2020-09-23 09:33:23.150,3.32,8200
2020-09-23 09:33:23.150,3.32,1000
2020-09-23 09:33:23.150,3.32,28400
2020-09-23 09:33:24.780,3.321,4600
2020-09-23 09:33:24.780,3.321,5400
2020-09-23 09:33:26.910,3.321,4300
2020-09-23 09:33:26.910,3.321,4300
2020-09-23 09:33:27.580,3.321,1700
2020-09-23 09:33:27.580,3.321,4000
2020-09-23 09:33:27.580,3.321,1000
2020-09-23 09:33:27.690,3.321,13300
2020-09-23 09:33:28.850,3.321,100
2020-09-23 09:33:29.130,3.321,900
2020-09-23 09:33:29.130,3.321,14300
2020-09-23 09:33:29.130,3.321,4800
2020-09-23 09:33:29.660,3.32,11600
2020-09-23 09:33:29.660,3.32,20000
2020-09-23 09:33:29.660,3.32,8400
2020-09-23 09:33:30.140,3.321,9500
2020-09-23 09:33:30.140,3.321,500
2020-09-23 09:33:30.830,3.32,4000
2020-09-23 09:33:31.220,3.32,5000
2020-09-23 09:33:32.210,3.321,800
2020-09-23 09:33:32.210,3.321,9500
2020-09-23 09:33:32.210,3.321,3000
2020-09-23 09:33:32.210,3.321,6700
2020-09-23 09:33:32.530,3.32,10200
2020-09-23 09:33:32.940,3.32,6000
2020-09-23 09:33:33.680,3.32,3000
2020-09-23 09:33:34.560,3.321,2800
2020-09-23 09:33:34.560,3.321,12200
2020-09-23 09:33:34.630,3.321,7800
2020-09-23 09:33:34.630,3.321,2800
2020-09-23 09:33:34.630,3.321,2800
2020-09-23 09:33:34.630,3.322,6600
2020-09-23 09:33:34.630,3.32,2900
2020-09-23 09:33:36.610,3.321,5000
2020-09-23 09:33:36.900,3.321,10000
2020-09-23 09:33:36.900,3.321,13900
2020-09-23 09:33:36.900,3.321,2900
2020-09-23 09:33:36.990,3.321,3200
2020-09-23 09:33:36.990,3.321,40000
2020-09-23 09:33:36.990,3.32,16000
2020-09-23 09:33:37.500,3.321,1200
2020-09-23 09:33:41.160,3.321,900
2020-09-23 09:33:42.000,3.322,100
2020-09-23 09:33:43.580,3.321,500
2020-09-23 09:33:43.670,3.321,500
2020-09-23 09:33:45.290,3.321,700
2020-09-23 09:33:45.390,3.321,10000
2020-09-23 09:33:48.950,3.321,1200
2020-09-23 09:33:48.950,3.321,1000
2020-09-23 09:33:48.950,3.321,100
2020-09-23 09:33:48.950,3.321,2000
2020-09-23 09:33:48.950,3.321,100
2020-09-23 09:33:48.950,3.321,500
2020-09-23 09:33:48.950,3.321,42800
2020-09-23 09:33:54.810,3.321,300
2020-09-23 09:33:55.250,3.321,25000
2020-09-23 09:33:55.890,3.321,6100
2020-09-23 09:33:56.100,3.321,20000
2020-09-23 09:33:56.300,3.322,5000
2020-09-23 09:33:57.940,3.322,30000
2020-09-23 09:33:57.940,3.322,10000
2020-09-23 09:34:00.010,3.322,10000
2020-09-23 09:34:00.250,3.322,10700
2020-09-23 09:34:00.250,3.322,200
2020-09-23 09:34:00.250,3.322,18500
2020-09-23 09:34:00.250,3.322,21300
2020-09-23 09:34:00.250,3.322,65800
2020-09-23 09:34:00.250,3.322,18900
2020-09-23 09:34:00.720,3.322,16400
2020-09-23 09:34:00.720,3.322,7700
2020-09-23 09:34:01.840,3.322,800
2020-09-23 09:34:02.360,3.322,14700
2020-09-23 09:34:03.610,3.322,10000
2020-09-23 09:34:05.150,3.322,17000
2020-09-23 09:34:05.920,3.322,34500
2020-09-23 09:34:05.920,3.321,5800
2020-09-23 09:34:05.920,3.321,4600
2020-09-23 09:34:07.360,3.321,5400
2020-09-23 09:34:07.360,3.321,2000
2020-09-23 09:34:07.360,3.321,5000
2020-09-23 09:34:07.360,3.321,7600
2020-09-23 09:34:08.890,3.322,16300
2020-09-23 09:34:12.270,3.323,200
2020-09-23 09:34:12.810,3.323,3000
2020-09-23 09:34:13.330,3.322,33700
2020-09-23 09:34:13.330,3.322,20000
2020-09-23 09:34:14.020,3.321,700
2020-09-23 09:34:18.830,3.322,1100
2020-09-23 09:34:19.010,3.321,3000
2020-09-23 09:34:19.460,3.321,8700
2020-09-23 09:34:19.460,3.321,30000
2020-09-23 09:34:19.460,3.321,2000
2020-09-23 09:34:19.460,3.321,2800
2020-09-23 09:34:19.460,3.321,15000
2020-09-23 09:34:19.760,3.32,5000
2020-09-23 09:34:19.760,3.32,20000
2020-09-23 09:34:19.760,3.32,2000
2020-09-23 09:34:19.760,3.32,2300
2020-09-23 09:34:20.160,3.321,10000
2020-09-23 09:34:20.190,3.321,100
2020-09-23 09:34:20.710,3.321,3200
2020-09-23 09:34:22.020,3.321,1000
2020-09-23 09:34:22.150,3.321,2000
2020-09-23 09:34:23.160,3.321,100
2020-09-23 09:34:23.160,3.321,1700
2020-09-23 09:34:23.160,3.322,8200
2020-09-23 09:34:23.190,3.32,7700
2020-09-23 09:34:23.190,3.32,3000
2020-09-23 09:34:23.190,3.32,2400
2020-09-23 09:34:23.190,3.32,7700
2020-09-23 09:34:23.190,3.32,2500
2020-09-23 09:34:23.190,3.32,50000
2020-09-23 09:34:23.190,3.32,1000
2020-09-23 09:34:23.190,3.32,100
2020-09-23 09:34:23.190,3.32,20000
2020-09-23 09:34:23.190,3.32,20000
2020-09-23 09:34:23.190,3.32,40000
2020-09-23 09:34:23.190,3.32,10000
2020-09-23 09:34:23.190,3.32,6000
2020-09-23 09:34:28.490,3.32,10000
2020-09-23 09:34:28.490,3.32,600
2020-09-23 09:34:28.490,3.32,6000
2020-09-23 09:34:28.490,3.32,700
2020-09-23 09:34:28.490,3.32,200
2020-09-23 09:34:28.490,3.32,12500
2020-09-23 09:34:29.410,3.322,17600
2020-09-23 09:34:29.410,3.322,30000
2020-09-23 09:34:29.410,3.322,2000
2020-09-23 09:34:29.410,3.322,400
2020-09-23 09:34:29.720,3.321,900
2020-09-23 09:34:32.970,3.321,10000
2020-09-23 09:34:33.120,3.321,50000
2020-09-23 09:34:37.660,3.32,600
2020-09-23 09:34:38.060,3.32,19400
2020-09-23 09:34:38.060,3.32,5000
2020-09-23 09:34:38.060,3.32,800
2020-09-23 09:34:38.060,3.32,18500
2020-09-23 09:34:38.060,3.32,200
2020-09-23 09:34:38.060,3.32,4500
2020-09-23 09:34:38.060,3.32,5000
2020-09-23 09:34:38.060,3.32,15000
2020-09-23 09:34:38.060,3.32,300
2020-09-23 09:34:39.530,3.32,2000
2020-09-23 09:34:40.230,3.32,2400
2020-09-23 09:34:40.390,3.32,64900
2020-09-23 09:34:41.190,3.32,20000
2020-09-23 09:34:41.400,3.319,100
2020-09-23 09:34:41.400,3.319,100
2020-09-23 09:34:41.400,3.319,200
2020-09-23 09:34:41.400,3.319,100
2020-09-23 09:34:41.400,3.319,400
2020-09-23 09:34:41.400,3.319,5000
2020-09-23 09:34:41.400,3.319,2000
2020-09-23 09:34:41.400,3.319,2000
2020-09-23 09:34:41.400,3.319,700
2020-09-23 09:34:41.400,3.319,2000
2020-09-23 09:34:41.400,3.319,5000
2020-09-23 09:34:41.400,3.319,2000
2020-09-23 09:34:41.400,3.319,1000
2020-09-23 09:34:41.400,3.319,15000
2020-09-23 09:34:41.400,3.319,100
2020-09-23 09:34:41.400,3.319,5000
2020-09-23 09:34:41.400,3.319,10000
2020-09-23 09:34:41.400,3.319,3000
2020-09-23 09:34:41.400,3.319,10000
2020-09-23 09:34:41.400,3.319,10000
2020-09-23 09:34:41.400,3.319,10000
2020-09-23 09:34:41.400,3.319,7500
2020-09-23 09:34:41.400,3.319,1000
2020-09-23 09:34:41.400,3.319,5000
2020-09-23 09:34:41.400,3.319,1000
2020-09-23 09:34:41.400,3.319,4300
2020-09-23 09:34:41.400,3.319,100
2020-09-23 09:34:41.400,3.319,83700
2020-09-23 09:34:41.400,3.319,200
2020-09-23 09:34:41.400,3.319,500
2020-09-23 09:34:41.400,3.319,20000
2020-09-23 09:34:41.400,3.319,5400
2020-09-23 09:34:41.400,3.319,27600
2020-09-23 09:34:43.220,3.32,300
2020-09-23 09:34:44.060,3.32,1700
2020-09-23 09:34:44.060,3.32,18300
2020-09-23 09:34:44.290,3.32,10000
2020-09-23 09:34:45.840,3.319,1000
2020-09-23 09:34:45.840,3.319,19000
2020-09-23 09:34:45.930,3.32,8000
2020-09-23 09:34:46.770,3.32,244500
2020-09-23 09:34:47.070,3.32,15800
2020-09-23 09:34:47.070,3.32,4200
2020-09-23 09:34:49.360,3.32,10000
2020-09-23 09:34:49.970,3.32,15800
2020-09-23 09:34:49.970,3.32,4200
2020-09-23 09:34:50.620,3.32,100
2020-09-23 09:34:52.310,3.32,9000
2020-09-23 09:34:53.490,3.32,5700
2020-09-23 09:34:53.490,3.32,6600
2020-09-23 09:34:54.190,3.319,1000
2020-09-23 09:34:54.190,3.319,1000
2020-09-23 09:34:54.190,3.319,10000
2020-09-23 09:34:54.190,3.319,3300
2020-09-23 09:34:54.190,3.319,10000
2020-09-23 09:34:54.190,3.319,4700
2020-09-23 09:34:54.760,3.32,5000
2020-09-23 09:34:56.500,3.319,400
2020-09-23 09:34:57.170,3.319,100
2020-09-23 09:34:57.700,3.32,3000
2020-09-23 09:34:58.680,3.32,200
2020-09-23 09:34:59.060,3.319,400
2020-09-23 09:35:01.720,3.319,4400
2020-09-23 09:35:01.720,3.319,6900
2020-09-23 09:35:01.720,3.319,2000
2020-09-23 09:35:02.000,3.319,5000
2020-09-23 09:35:03.450,3.319,1000
2020-09-23 09:35:05.500,3.318,2000
2020-09-23 09:35:05.500,3.318,1000
2020-09-23 09:35:05.500,3.318,200
2020-09-23 09:35:05.500,3.318,100
2020-09-23 09:35:05.500,3.318,200
2020-09-23 09:35:05.500,3.318,100
2020-09-23 09:35:05.500,3.318,1000
2020-09-23 09:35:05.500,3.318,2400
2020-09-23 09:35:05.700,3.319,1000
2020-09-23 09:35:07.000,3.319,3000
2020-09-23 09:35:07.670,3.319,6700
2020-09-23 09:35:07.670,3.319,1500
2020-09-23 09:35:07.670,3.319,31800
2020-09-23 09:35:07.760,3.319,5100
2020-09-23 09:35:09.600,3.318,600
2020-09-23 09:35:09.600,3.318,50000
2020-09-23 09:35:09.600,3.318,2900
2020-09-23 09:35:09.810,3.318,5000
2020-09-23 09:35:09.930,3.318,9700
2020-09-23 09:35:09.930,3.318,100
2020-09-23 09:35:09.930,3.318,1000
2020-09-23 09:35:09.930,3.318,100
2020-09-23 09:35:09.930,3.318,2000
2020-09-23 09:35:09.930,3.318,1600
2020-09-23 09:35:09.930,3.318,1000
2020-09-23 09:35:09.930,3.318,200
2020-09-23 09:35:09.930,3.318,300
2020-09-23 09:35:10.190,3.318,3700
2020-09-23 09:35:10.190,3.318,100
2020-09-23 09:35:10.190,3.318,10000
2020-09-23 09:35:10.190,3.318,1000
2020-09-23 09:35:10.190,3.318,7900
2020-09-23 09:35:10.190,3.318,1000
2020-09-23 09:35:10.190,3.318,10000
2020-09-23 09:35:10.190,3.318,3000
2020-09-23 09:35:10.190,3.318,1000
2020-09-23 09:35:10.190,3.318,20000
2020-09-23 09:35:10.190,3.318,192300
2020-09-23 09:35:10.190,3.318,600
2020-09-23 09:35:11.080,3.318,300200
2020-09-23 09:35:11.110,3.318,300000
2020-09-23 09:35:11.390,3.319,10000
2020-09-23 09:35:11.390,3.318,70000
2020-09-23 09:35:11.820,3.319,2900
2020-09-23 09:35:12.090,3.318,90900
2020-09-23 09:35:14.280,3.318,46000
2020-09-23 09:35:14.280,3.318,100
2020-09-23 09:35:14.280,3.318,1500
2020-09-23 09:35:14.280,3.318,5000
2020-09-23 09:35:14.280,3.318,4000
2020-09-23 09:35:14.280,3.318,3600
2020-09-23 09:35:14.280,3.318,500
2020-09-23 09:35:14.280,3.318,1600
2020-09-23 09:35:14.280,3.318,1000
2020-09-23 09:35:14.280,3.318,9200
2020-09-23 09:35:14.650,3.317,100
2020-09-23 09:35:14.650,3.317,200
2020-09-23 09:35:14.650,3.317,700
2020-09-23 09:35:14.720,3.317,8800
2020-09-23 09:35:14.720,3.317,1000
2020-09-23 09:35:14.720,3.317,100
2020-09-23 09:35:14.720,3.317,100
2020-09-23 09:35:14.720,3.317,300
2020-09-23 09:35:14.720,3.317,3500
2020-09-23 09:35:14.720,3.317,800
2020-09-23 09:35:14.720,3.317,10000
2020-09-23 09:35:14.720,3.317,4000
2020-09-23 09:35:14.720,3.317,1000
2020-09-23 09:35:14.720,3.317,10000
2020-09-23 09:35:14.720,3.317,1700
2020-09-23 09:35:15.170,3.317,20000
2020-09-23 09:35:15.860,3.317,1000
2020-09-23 09:35:16.630,3.317,200
2020-09-23 09:35:16.760,3.317,10000
2020-09-23 09:35:16.800,3.317,800
2020-09-23 09:35:17.200,3.317,20000
2020-09-23 09:35:18.960,3.317,3000
2020-09-23 09:35:19.700,3.317,1500
2020-09-23 09:35:19.980,3.317,20000
2020-09-23 09:35:21.550,3.317,20000
2020-09-23 09:35:21.770,3.317,10000
2020-09-23 09:35:22.110,3.317,40000
2020-09-23 09:35:22.920,3.317,2100
2020-09-23 09:35:23.620,3.316,200
2020-09-23 09:35:23.620,3.316,200
2020-09-23 09:35:23.620,3.316,100
2020-09-23 09:35:23.620,3.316,9500
2020-09-23 09:35:23.620,3.316,20000
2020-09-23 09:35:23.770,3.317,100
2020-09-23 09:35:24.860,3.316,500
2020-09-23 09:35:24.860,3.316,5900
2020-09-23 09:35:25.130,3.317,11800
2020-09-23 09:35:25.130,3.317,17900
2020-09-23 09:35:25.840,3.317,10300
2020-09-23 09:35:25.840,3.316,4100
2020-09-23 09:35:25.840,3.316,20000
2020-09-23 09:35:25.840,3.316,100
2020-09-23 09:35:25.840,3.316,500
2020-09-23 09:35:25.840,3.316,500
2020-09-23 09:35:25.840,3.316,10000
2020-09-23 09:35:25.840,3.316,600
2020-09-23 09:35:25.840,3.316,100
2020-09-23 09:35:25.840,3.316,20000
2020-09-23 09:35:25.840,3.316,16800
2020-09-23 09:35:26.850,3.316,2000
2020-09-23 09:35:28.340,3.317,6000
2020-09-23 09:35:28.920,3.318,20000
2020-09-23 09:35:31.170,3.318,10000
2020-09-23 09:35:31.170,3.318,30000
2020-09-23 09:35:31.370,3.317,1500
2020-09-23 09:35:31.370,3.317,28500
2020-09-23 09:35:33.600,3.318,4300
2020-09-23 09:35:33.600,3.318,10700
2020-09-23 09:35:33.820,3.318,19300
2020-09-23 09:35:33.820,3.318,30000
2020-09-23 09:35:33.820,3.318,6100
2020-09-23 09:35:34.130,3.318,6000
2020-09-23 09:35:35.160,3.318,34000
2020-09-23 09:35:35.160,3.318,14100
2020-09-23 09:35:35.600,3.318,4000
2020-09-23 09:35:36.600,3.319,5000
2020-09-23 09:35:36.600,3.319,500
2020-09-23 09:35:36.600,3.319,10000
2020-09-23 09:35:36.600,3.319,284500
2020-09-23 09:35:38.830,3.318,20000
2020-09-23 09:35:38.890,3.319,50000
2020-09-23 09:35:39.480,3.318,5000
2020-09-23 09:35:42.120,3.319,41100
2020-09-23 09:35:42.120,3.319,80100
2020-09-23 09:35:42.530,3.319,178800
2020-09-23 09:35:42.530,3.319,5000
2020-09-23 09:35:42.530,3.318,75000
2020-09-23 09:35:42.530,3.318,5000
2020-09-23 09:35:42.530,3.318,36200
2020-09-23 09:35:43.810,3.319,50000
2020-09-23 09:35:44.360,3.319,27600
2020-09-23 09:35:44.360,3.319,100000
2020-09-23 09:35:48.230,3.319,10000
2020-09-23 09:35:48.370,3.319,400
2020-09-23 09:35:49.510,3.319,6900
2020-09-23 09:35:49.630,3.32,300
2020-09-23 09:35:51.060,3.32,500
2020-09-23 09:35:52.440,3.32,200
2020-09-23 09:35:55.290,3.32,4200
2020-09-23 09:35:55.290,3.32,100
2020-09-23 09:35:55.290,3.32,5300
2020-09-23 09:35:55.290,3.32,5300
2020-09-23 09:35:55.290,3.32,3500
2020-09-23 09:35:55.290,3.321,500
2020-09-23 09:35:57.860,3.32,20000
2020-09-23 09:35:58.900,3.321,700
2020-09-23 09:36:00.420,3.321,500
2020-09-23 09:36:00.420,3.321,1000
2020-09-23 09:36:01.800,3.321,5000
2020-09-23 09:36:02.310,3.321,10000
2020-09-23 09:36:03.770,3.32,4000
2020-09-23 09:36:04.130,3.321,1000
2020-09-23 09:36:09.510,3.321,20000
2020-09-23 09:36:11.130,3.321,500
2020-09-23 09:36:11.160,3.321,6600
2020-09-23 09:36:11.800,3.321,11900
2020-09-23 09:36:11.800,3.321,8100
2020-09-23 09:36:11.830,3.321,91900
2020-09-23 09:36:11.830,3.321,11000
2020-09-23 09:36:11.830,3.321,37800
2020-09-23 09:36:12.770,3.322,1700
2020-09-23 09:36:12.770,3.322,1200
2020-09-23 09:36:12.770,3.322,20000
2020-09-23 09:36:12.770,3.322,800
2020-09-23 09:36:12.770,3.322,25000
2020-09-23 09:36:12.770,3.322,4000
2020-09-23 09:36:12.770,3.321,400
2020-09-23 09:36:12.990,3.321,19600
2020-09-23 09:36:12.990,3.321,21900
2020-09-23 09:36:12.990,3.321,14600
2020-09-23 09:36:14.940,3.322,10000
2020-09-23 09:36:14.940,3.321,90000
2020-09-23 09:36:14.940,3.321,100000
2020-09-23 09:36:17.330,3.323,187800
2020-09-23 09:36:17.740,3.323,10000
2020-09-23 09:36:18.670,3.323,10000
2020-09-23 09:36:22.140,3.323,20000
2020-09-23 09:36:23.850,3.323,3000
2020-09-23 09:36:24.800,3.322,100
2020-09-23 09:36:26.180,3.323,20000
2020-09-23 09:36:26.220,3.323,3200
2020-09-23 09:36:26.220,3.323,900
2020-09-23 09:36:26.220,3.323,15000
2020-09-23 09:36:26.220,3.323,1000
2020-09-23 09:36:26.220,3.323,5800
2020-09-23 09:36:26.370,3.323,4200
2020-09-23 09:36:26.370,3.323,38400
2020-09-23 09:36:26.370,3.323,37700
2020-09-23 09:36:26.370,3.323,1000
2020-09-23 09:36:27.540,3.323,150000
2020-09-23 09:36:27.810,3.324,13000
2020-09-23 09:36:27.810,3.324,7000
2020-09-23 09:36:28.240,3.323,3000
2020-09-23 09:36:32.080,3.324,4000
2020-09-23 09:36:32.080,3.324,16000
2020-09-23 09:36:32.480,3.323,100
2020-09-23 09:36:33.300,3.324,4000
2020-09-23 09:36:33.300,3.324,200
2020-09-23 09:36:33.300,3.324,100
2020-09-23 09:36:33.300,3.324,10000
2020-09-23 09:36:33.300,3.324,20000
2020-09-23 09:36:33.370,3.324,5000
2020-09-23 09:36:33.850,3.324,200
2020-09-23 09:36:34.660,3.324,100
2020-09-23 09:36:39.410,3.324,2000
2020-09-23 09:36:40.840,3.324,4000
2020-09-23 09:36:40.840,3.324,200
2020-09-23 09:36:40.840,3.324,5800
2020-09-23 09:36:41.670,3.325,1500
2020-09-23 09:36:43.300,3.323,1000
2020-09-23 09:36:44.200,3.325,18500
2020-09-23 09:36:44.200,3.325,1000
2020-09-23 09:36:44.200,3.325,10000
2020-09-23 09:36:44.200,3.325,5400
2020-09-23 09:36:44.200,3.325,6000
2020-09-23 09:36:44.200,3.325,13800
2020-09-23 09:36:44.270,3.324,2000
2020-09-23 09:36:44.970,3.325,300
2020-09-23 09:36:45.990,3.324,500
2020-09-23 09:36:46.800,3.324,700
2020-09-23 09:36:46.800,3.324,3300
2020-09-23 09:36:48.030,3.325,100
2020-09-23 09:36:48.830,3.325,2000
2020-09-23 09:36:49.360,3.324,4600
2020-09-23 09:36:49.360,3.324,1000
2020-09-23 09:36:50.850,3.324,6000
2020-09-23 09:36:52.350,3.324,20000
2020-09-23 09:36:52.350,3.324,2000
2020-09-23 09:36:52.530,3.324,6000
2020-09-23 09:36:53.020,3.324,8000
2020-09-23 09:36:53.810,3.324,5600
2020-09-23 09:36:54.150,3.324,1400
2020-09-23 09:36:54.630,3.324,1900
2020-09-23 09:36:55.130,3.324,1800
2020-09-23 09:36:55.940,3.324,5000
2020-09-23 09:36:56.260,3.324,5000
2020-09-23 09:36:56.450,3.324,100000
2020-09-23 09:36:57.140,3.323,300
2020-09-23 09:36:57.140,3.323,700
2020-09-23 09:36:57.590,3.323,8300
2020-09-23 09:36:57.590,3.323,1700
2020-09-23 09:37:00.250,3.324,3000
2020-09-23 09:37:00.980,3.324,2000
2020-09-23 09:37:00.980,3.324,8000
2020-09-23 09:37:03.090,3.323,3200
2020-09-23 09:37:03.090,3.323,2000
2020-09-23 09:37:03.090,3.323,1800
2020-09-23 09:37:03.090,3.323,8900
2020-09-23 09:37:03.090,3.323,4100
2020-09-23 09:37:05.280,3.324,600
2020-09-23 09:37:06.220,3.324,11400
2020-09-23 09:37:06.220,3.324,8600
2020-09-23 09:37:07.240,3.323,3200
2020-09-23 09:37:09.880,3.323,1000
2020-09-23 09:37:09.880,3.323,2000
2020-09-23 09:37:09.880,3.323,7500
2020-09-23 09:37:09.880,3.323,2000
2020-09-23 09:37:09.880,3.323,10000
2020-09-23 09:37:09.880,3.323,4500
2020-09-23 09:37:11.170,3.323,20000
2020-09-23 09:37:12.130,3.323,10000
2020-09-23 09:37:12.390,3.323,1500
2020-09-23 09:37:12.920,3.323,10000
2020-09-23 09:37:14.810,3.323,1000
2020-09-23 09:37:15.380,3.322,2800
2020-09-23 09:37:15.380,3.322,10000
2020-09-23 09:37:15.380,3.322,3000
2020-09-23 09:37:17.120,3.322,20000
2020-09-23 09:37:17.320,3.322,2000
2020-09-23 09:37:18.140,3.322,1500
2020-09-23 09:37:18.740,3.322,10000
2020-09-23 09:37:19.100,3.322,10000
2020-09-23 09:37:19.130,3.322,6000
2020-09-23 09:37:19.820,3.322,10000
2020-09-23 09:37:19.960,3.322,3000
2020-09-23 09:37:20.400,3.322,20000
2020-09-23 09:37:20.670,3.322,201700
2020-09-23 09:37:20.980,3.322,100
2020-09-23 09:37:21.410,3.322,200
2020-09-23 09:37:21.860,3.323,2500
2020-09-23 09:37:22.360,3.322,4000
2020-09-23 09:37:22.470,3.323,2600
2020-09-23 09:37:22.610,3.323,2900
2020-09-23 09:37:23.010,3.323,1000
2020-09-23 09:37:24.900,3.323,50000
2020-09-23 09:37:24.900,3.323,30000
2020-09-23 09:37:26.170,3.323,20000
2020-09-23 09:37:35.220,3.323,200
2020-09-23 09:37:36.020,3.323,121300
2020-09-23 09:37:36.020,3.323,100
2020-09-23 09:37:36.020,3.323,100
2020-09-23 09:37:36.020,3.323,12200
2020-09-23 09:37:37.100,3.323,12000
2020-09-23 09:37:38.180,3.323,20000
2020-09-23 09:37:40.630,3.324,11400
2020-09-23 09:37:40.630,3.324,5000
2020-09-23 09:37:40.630,3.324,500
2020-09-23 09:37:40.630,3.324,3100
2020-09-23 09:37:41.170,3.323,134300
2020-09-23 09:37:41.170,3.323,6500
2020-09-23 09:37:41.170,3.323,11100
2020-09-23 09:37:41.170,3.323,300
2020-09-23 09:37:41.170,3.323,7500
2020-09-23 09:37:41.170,3.323,3100
2020-09-23 09:37:45.090,3.323,100
2020-09-23 09:37:47.860,3.322,3800
2020-09-23 09:37:48.510,3.323,200
2020-09-23 09:37:48.670,3.323,100
2020-09-23 09:37:50.490,3.323,2000
2020-09-23 09:37:50.570,3.323,1600
2020-09-23 09:37:52.600,3.323,10000
2020-09-23 09:37:54.550,3.323,7500
2020-09-23 09:37:54.580,3.323,5000
2020-09-23 09:37:55.370,3.323,100
2020-09-23 09:37:55.590,3.323,800
2020-09-23 09:37:57.850,3.323,7000
2020-09-23 09:37:58.940,3.322,1000
2020-09-23 09:38:00.320,3.323,50000
2020-09-23 09:38:00.450,3.323,2800
2020-09-23 09:38:02.700,3.323,10000
2020-09-23 09:38:03.680,3.323,1000
2020-09-23 09:38:03.940,3.323,39000
2020-09-23 09:38:03.940,3.323,61000
2020-09-23 09:38:04.790,3.323,2000
2020-09-23 09:38:05.810,3.322,89200
2020-09-23 09:38:05.810,3.322,210800
2020-09-23 09:38:07.240,3.322,400
2020-09-23 09:38:13.810,3.323,100
2020-09-23 09:38:16.590,3.323,600
2020-09-23 09:38:17.530,3.323,50000
2020-09-23 09:38:17.530,3.323,10000
2020-09-23 09:38:17.800,3.323,8000
2020-09-23 09:38:17.800,3.323,1000
2020-09-23 09:38:17.800,3.323,3000
2020-09-23 09:38:17.800,3.323,10300
2020-09-23 09:38:17.830,3.324,6900
2020-09-23 09:38:17.830,3.324,10000
2020-09-23 09:38:17.830,3.324,10000
2020-09-23 09:38:17.830,3.324,10000
2020-09-23 09:38:17.830,3.325,3900
2020-09-23 09:38:17.830,3.325,300
2020-09-23 09:38:17.830,3.325,3000
2020-09-23 09:38:17.830,3.325,250000
2020-09-23 09:38:17.830,3.325,2700
2020-09-23 09:38:17.830,3.325,100
2020-09-23 09:38:17.830,3.325,3100
2020-09-23 09:38:18.900,3.323,17100
2020-09-23 09:38:19.020,3.323,1000
2020-09-23 09:38:19.160,3.323,800
2020-09-23 09:38:20.280,3.324,20000
2020-09-23 09:38:21.090,3.324,300000
2020-09-23 09:38:21.920,3.323,2000
2020-09-23 09:38:28.930,3.326,300
2020-09-23 09:38:33.170,3.325,100
2020-09-23 09:38:35.300,3.326,100
2020-09-23 09:38:35.300,3.326,300
2020-09-23 09:38:35.300,3.326,9600
2020-09-23 09:38:35.830,3.325,299900
2020-09-23 09:38:40.380,3.324,200
2020-09-23 09:38:40.700,3.324,7600
2020-09-23 09:38:40.940,3.324,3000
2020-09-23 09:38:41.360,3.325,100
2020-09-23 09:38:41.360,3.326,400
2020-09-23 09:38:41.360,3.326,1500
2020-09-23 09:38:42.940,3.325,6000
2020-09-23 09:38:45.130,3.326,2000
2020-09-23 09:38:52.860,3.325,300
2020-09-23 09:38:54.950,3.325,19700
2020-09-23 09:38:54.950,3.326,600
2020-09-23 09:38:56.910,3.325,3000
2020-09-23 09:38:57.700,3.326,100
2020-09-23 09:38:58.660,3.326,4000
2020-09-23 09:38:58.660,3.326,400
2020-09-23 09:38:58.660,3.326,100
2020-09-23 09:38:58.660,3.326,100
2020-09-23 09:38:58.660,3.326,10000
2020-09-23 09:38:58.660,3.326,500
2020-09-23 09:38:58.660,3.326,1000
2020-09-23 09:38:58.660,3.326,5900
2020-09-23 09:38:58.660,3.326,1500
2020-09-23 09:38:58.660,3.326,3000
2020-09-23 09:38:58.660,3.326,6000
2020-09-23 09:39:03.060,3.326,100
2020-09-23 09:39:05.690,3.326,11200
2020-09-23 09:39:05.690,3.326,1000
2020-09-23 09:39:05.690,3.326,1000
2020-09-23 09:39:05.690,3.326,2000
2020-09-23 09:39:05.690,3.326,1500
2020-09-23 09:39:07.480,3.325,800
2020-09-23 09:39:07.480,3.325,9000
2020-09-23 09:39:07.480,3.325,5000
2020-09-23 09:39:07.480,3.325,35200
2020-09-23 09:39:08.060,3.326,7600
2020-09-23 09:39:08.060,3.326,500
2020-09-23 09:39:08.060,3.326,1900
2020-09-23 09:39:08.610,3.326,3100
2020-09-23 09:39:08.610,3.326,700
2020-09-23 09:39:09.410,3.327,5000
2020-09-23 09:39:10.190,3.326,4700
2020-09-23 09:39:10.190,3.326,11900
2020-09-23 09:39:10.190,3.325,133400
2020-09-23 09:39:12.420,3.327,286600
2020-09-23 09:39:12.420,3.327,13400
2020-09-23 09:39:15.380,3.326,15000
2020-09-23 09:39:15.380,3.326,2000
2020-09-23 09:39:15.380,3.326,3000
2020-09-23 09:39:15.380,3.326,53500
2020-09-23 09:39:18.930,3.327,2000
2020-09-23 09:39:21.830,3.326,1500
2020-09-23 09:39:21.980,3.326,10000
2020-09-23 09:39:22.370,3.327,1000
2020-09-23 09:39:24.610,3.327,100
2020-09-23 09:39:25.840,3.326,1000
2020-09-23 09:39:27.380,3.327,3000
2020-09-23 09:39:27.690,3.327,3100
2020-09-23 09:39:27.930,3.327,100
2020-09-23 09:39:28.500,3.326,3000
2020-09-23 09:39:30.110,3.326,86900
2020-09-23 09:39:30.110,3.326,3000
2020-09-23 09:39:30.110,3.326,10100
2020-09-23 09:39:31.020,3.326,19900
2020-09-23 09:39:31.020,3.326,500
2020-09-23 09:39:31.020,3.326,1800
2020-09-23 09:39:31.020,3.326,4000
2020-09-23 09:39:31.020,3.326,2000
2020-09-23 09:39:31.020,3.326,71800
2020-09-23 09:39:31.720,3.327,27300
2020-09-23 09:39:31.720,3.327,800
2020-09-23 09:39:31.720,3.327,4700
2020-09-23 09:39:31.900,3.327,500
2020-09-23 09:39:31.980,3.326,18200
2020-09-23 09:39:31.980,3.326,10000
2020-09-23 09:39:31.980,3.326,6000
2020-09-23 09:39:31.980,3.325,14600
2020-09-23 09:39:31.980,3.325,6000
2020-09-23 09:39:31.980,3.325,45200
2020-09-23 09:39:32.700,3.327,4800
2020-09-23 09:39:32.700,3.327,1200
2020-09-23 09:39:35.520,3.326,5000
2020-09-23 09:39:35.520,3.326,32000
2020-09-23 09:39:35.800,3.327,8800
2020-09-23 09:39:35.800,3.327,10000
2020-09-23 09:39:35.800,3.327,100
2020-09-23 09:39:35.800,3.327,20000
2020-09-23 09:39:35.800,3.327,15000
2020-09-23 09:39:35.800,3.327,6100
2020-09-23 09:39:36.450,3.326,10000
2020-09-23 09:39:36.970,3.326,58000
2020-09-23 09:39:36.970,3.326,10000
2020-09-23 09:39:38.370,3.326,500
2020-09-23 09:39:39.370,3.326,300
2020-09-23 09:39:40.160,3.326,231200
2020-09-23 09:39:40.160,3.326,20000
2020-09-23 09:39:40.160,3.326,5000
2020-09-23 09:39:42.580,3.326,3000
2020-09-23 09:39:43.090,3.327,200
2020-09-23 09:39:44.710,3.326,40800
2020-09-23 09:39:45.390,3.326,253200
2020-09-23 09:39:46.720,3.326,1300
2020-09-23 09:39:46.960,3.326,200
2020-09-23 09:39:47.820,3.326,8700
2020-09-23 09:39:49.920,3.327,3700
2020-09-23 09:39:49.920,3.327,3000
2020-09-23 09:39:49.920,3.327,4600
2020-09-23 09:39:50.590,3.326,1000
2020-09-23 09:39:51.000,3.326,35600
2020-09-23 09:39:51.000,3.326,10500
2020-09-23 09:39:51.000,3.326,28200
2020-09-23 09:39:51.000,3.326,1000
2020-09-23 09:39:56.020,3.325,100
2020-09-23 09:39:57.550,3.326,100
2020-09-23 09:39:58.690,3.326,9000
2020-09-23 09:40:02.640,3.326,100
2020-09-23 09:40:03.120,3.326,1200
2020-09-23 09:40:06.840,3.325,4700
2020-09-23 09:40:06.840,3.325,1500
2020-09-23 09:40:06.840,3.325,2000
2020-09-23 09:40:06.840,3.325,1800
2020-09-23 09:40:06.860,3.325,8200
2020-09-23 09:40:06.860,3.325,800
2020-09-23 09:40:07.580,3.325,4200
2020-09-23 09:40:07.580,3.325,800
2020-09-23 09:40:08.910,3.325,1500
2020-09-23 09:40:10.510,3.326,5000
2020-09-23 09:40:10.990,3.325,2000
2020-09-23 09:40:12.180,3.325,200
2020-09-23 09:40:12.180,3.325,100
2020-09-23 09:40:12.180,3.325,2000
2020-09-23 09:40:12.180,3.325,300
2020-09-23 09:40:12.180,3.325,1600
2020-09-23 09:40:12.180,3.325,500
2020-09-23 09:40:12.180,3.325,600
2020-09-23 09:40:12.180,3.325,300
2020-09-23 09:40:12.180,3.325,5000
2020-09-23 09:40:15.590,3.325,100
2020-09-23 09:40:21.780,3.325,1200
2020-09-23 09:40:21.780,3.325,300
2020-09-23 09:40:21.780,3.325,1500
2020-09-23 09:40:23.520,3.325,3500
2020-09-23 09:40:23.520,3.325,5000
2020-09-23 09:40:23.520,3.325,1000
2020-09-23 09:40:23.520,3.325,500
2020-09-23 09:40:24.290,3.325,100
2020-09-23 09:40:24.570,3.324,2000
2020-09-23 09:40:24.570,3.324,100
2020-09-23 09:40:24.570,3.324,10000
2020-09-23 09:40:24.570,3.324,3000
2020-09-23 09:40:24.570,3.324,1600
2020-09-23 09:40:24.570,3.324,3000
2020-09-23 09:40:24.570,3.324,200
2020-09-23 09:40:24.570,3.324,5000
2020-09-23 09:40:24.570,3.324,169700
2020-09-23 09:40:26.350,3.325,3600
2020-09-23 09:40:28.010,3.324,35000
2020-09-23 09:40:28.420,3.324,5000
2020-09-23 09:40:31.360,3.325,10000
2020-09-23 09:40:33.190,3.324,6000
2020-09-23 09:40:33.660,3.325,1500
2020-09-23 09:40:33.890,3.325,20000
2020-09-23 09:40:34.370,3.325,800
2020-09-23 09:40:37.170,3.324,30
2020-09-23 09:40:38.090,3.324,5100
2020-09-23 09:40:38.310,3.324,5000
2020-09-23 09:40:40.290,3.324,9300
2020-09-23 09:40:40.620,3.325,500
2020-09-23 09:40:43.230,3.324,64870
2020-09-23 09:40:43.230,3.324,1900
2020-09-23 09:40:43.230,3.324,15300
2020-09-23 09:40:43.230,3.324,217930
2020-09-23 09:40:44.880,3.325,263000
2020-09-23 09:40:44.880,3.325,31500
2020-09-23 09:40:45.180,3.324,20000
2020-09-23 09:40:45.850,3.325,1000
2020-09-23 09:40:47.520,3.324,10000
2020-09-23 09:40:50.620,3.324,5000
2020-09-23 09:40:52.390,3.324,200
2020-09-23 09:40:54.250,3.325,700
2020-09-23 09:40:57.390,3.325,7400
2020-09-23 09:40:57.420,3.325,1000
2020-09-23 09:41:02.220,3.325,1100
2020-09-23 09:41:02.900,3.324,4000
2020-09-23 09:41:06.760,3.325,1000
2020-09-23 09:41:07.220,3.325,3000
2020-09-23 09:41:09.260,3.324,42870
2020-09-23 09:41:09.260,3.324,1100
2020-09-23 09:41:09.260,3.324,10000
2020-09-23 09:41:11.050,3.324,1400
2020-09-23 09:41:12.170,3.324,300
2020-09-23 09:41:13.460,3.324,1000
2020-09-23 09:41:13.790,3.324,80200
2020-09-23 09:41:19.650,3.323,100
2020-09-23 09:41:20.380,3.323,3000
2020-09-23 09:41:20.380,3.323,3700
2020-09-23 09:41:21.490,3.323,3800
2020-09-23 09:41:21.490,3.323,3000
2020-09-23 09:41:21.490,3.323,2000
2020-09-23 09:41:21.490,3.323,500
2020-09-23 09:41:21.490,3.323,100
2020-09-23 09:41:21.580,3.324,3000
2020-09-23 09:41:22.480,3.324,3000
2020-09-23 09:41:22.830,3.324,10000
2020-09-23 09:41:25.380,3.323,500
2020-09-23 09:41:30.500,3.324,100
2020-09-23 09:41:32.700,3.323,9400
2020-09-23 09:41:32.700,3.323,15000
2020-09-23 09:41:32.700,3.323,5000
2020-09-23 09:41:32.700,3.323,1000
2020-09-23 09:41:32.700,3.323,20000
2020-09-23 09:41:32.700,3.323,29530
2020-09-23 09:41:33.430,3.323,20470
2020-09-23 09:41:33.430,3.323,6000
2020-09-23 09:41:33.430,3.323,80000
2020-09-23 09:41:33.430,3.323,800
2020-09-23 09:41:35.240,3.323,5400
2020-09-23 09:41:35.450,3.322,20100
2020-09-23 09:41:35.450,3.322,100
2020-09-23 09:41:35.450,3.322,5000
2020-09-23 09:41:35.450,3.322,1300
2020-09-23 09:41:35.450,3.322,2000
2020-09-23 09:41:35.450,3.322,200
2020-09-23 09:41:35.450,3.322,5000
2020-09-23 09:41:35.450,3.322,266300
2020-09-23 09:41:35.540,3.322,33700
2020-09-23 09:41:35.540,3.322,300
2020-09-23 09:41:35.540,3.322,1000
2020-09-23 09:41:35.540,3.322,2000
2020-09-23 09:41:35.540,3.322,7100
2020-09-23 09:41:35.540,3.322,10000
2020-09-23 09:41:35.540,3.322,500
2020-09-23 09:41:35.540,3.322,31000
2020-09-23 09:41:35.540,3.322,3000
2020-09-23 09:41:35.540,3.322,1600
2020-09-23 09:41:35.540,3.322,3200
2020-09-23 09:41:35.540,3.322,206600
2020-09-23 09:41:40.010,3.323,2000
2020-09-23 09:41:40.490,3.323,400
2020-09-23 09:41:42.430,3.322,10000
2020-09-23 09:41:42.940,3.323,50000
2020-09-23 09:41:43.030,3.323,50000
2020-09-23 09:41:44.670,3.322,83400
2020-09-23 09:41:44.670,3.322,1800
2020-09-23 09:41:44.670,3.322,5000
2020-09-23 09:41:44.670,3.322,1000
2020-09-23 09:41:47.380,3.321,200
2020-09-23 09:41:47.380,3.321,400
2020-09-23 09:41:47.380,3.321,3000
2020-09-23 09:41:47.380,3.321,3000
2020-09-23 09:41:47.380,3.321,3400
2020-09-23 09:41:47.500,3.321,6600
2020-09-23 09:41:47.500,3.321,3400
2020-09-23 09:41:48.800,3.322,3000
2020-09-23 09:41:56.600,3.321,6600
2020-09-23 09:41:56.600,3.321,2000
2020-09-23 09:41:56.600,3.321,2600
2020-09-23 09:41:56.600,3.321,3800
2020-09-23 09:41:56.600,3.321,5000
2020-09-23 09:41:58.310,3.321,87400
2020-09-23 09:42:00.860,3.321,3000
2020-09-23 09:42:03.160,3.321,800
2020-09-23 09:42:03.160,3.321,15000
2020-09-23 09:42:06.080,3.321,5200
2020-09-23 09:42:07.080,3.32,60000
2020-09-23 09:42:07.890,3.321,3000
2020-09-23 09:42:08.130,3.321,1000
2020-09-23 09:42:08.640,3.321,1000
2020-09-23 09:42:09.650,3.32,60000
2020-09-23 09:42:11.970,3.32,1500
2020-09-23 09:42:13.090,3.32,1300
2020-09-23 09:42:15.760,3.32,60000
2020-09-23 09:42:17.320,3.32,100
2020-09-23 09:42:17.490,3.321,300
2020-09-23 09:42:21.800,3.32,1000
2020-09-23 09:42:27.650,3.321,82300
2020-09-23 09:42:28.230,3.32,300000
2020-09-23 09:42:29.950,3.32,2000
2020-09-23 09:42:31.200,3.32,5500
2020-09-23 09:42:32.400,3.32,8600
2020-09-23 09:42:32.400,3.32,5100
2020-09-23 09:42:32.400,3.32,100
2020-09-23 09:42:32.400,3.32,10000
2020-09-23 09:42:32.400,3.32,4000
2020-09-23 09:42:32.400,3.32,3000
2020-09-23 09:42:32.400,3.32,2000
2020-09-23 09:42:32.400,3.32,10000
2020-09-23 09:42:32.400,3.32,500
2020-09-23 09:42:32.400,3.32,1000
2020-09-23 09:42:32.400,3.32,200
2020-09-23 09:42:32.400,3.32,200
2020-09-23 09:42:32.400,3.32,10000
2020-09-23 09:42:32.400,3.32,3000
2020-09-23 09:42:32.400,3.32,5000
2020-09-23 09:42:32.400,3.32,2000
2020-09-23 09:42:32.400,3.32,2000
2020-09-23 09:42:32.400,3.32,20000
2020-09-23 09:42:32.400,3.32,200
2020-09-23 09:42:32.400,3.32,1000
2020-09-23 09:42:32.400,3.32,10000
2020-09-23 09:42:32.400,3.32,300000
2020-09-23 09:42:32.400,3.32,200
2020-09-23 09:42:32.400,3.32,500
2020-09-23 09:42:32.400,3.32,1200
2020-09-23 09:42:32.400,3.32,500
2020-09-23 09:42:32.400,3.32,800
2020-09-23 09:42:32.400,3.32,1000
2020-09-23 09:42:32.400,3.32,1000
2020-09-23 09:42:32.400,3.32,6000
2020-09-23 09:42:32.460,3.32,1000
2020-09-23 09:42:32.860,3.32,100
2020-09-23 09:42:33.850,3.32,49800
2020-09-23 09:42:34.420,3.32,10000
2020-09-23 09:42:34.700,3.32,258200
2020-09-23 09:42:34.700,3.32,25000
2020-09-23 09:42:34.700,3.321,16800
2020-09-23 09:42:41.820,3.32,2600
2020-09-23 09:42:43.360,3.32,20000
2020-09-23 09:42:45.820,3.32,5900
2020-09-23 09:42:46.120,3.32,1000
2020-09-23 09:42:46.980,3.321,4100
2020-09-23 09:42:47.290,3.32,400
2020-09-23 09:42:49.360,3.32,4000
2020-09-23 09:42:49.620,3.32,59700
2020-09-23 09:42:50.130,3.32,5000
2020-09-23 09:42:50.310,3.32,66700
2020-09-23 09:42:51.660,3.32,20000
2020-09-23 09:42:53.260,3.321,400
2020-09-23 09:42:53.860,3.32,200
2020-09-23 09:42:57.210,3.321,600
2020-09-23 09:42:59.100,3.321,5000
2020-09-23 09:43:00.670,3.32,6300
2020-09-23 09:43:01.620,3.32,500
2020-09-23 09:43:03.880,3.321,1000
2020-09-23 09:43:04.200,3.32,5200
2020-09-23 09:43:04.650,3.321,1000
2020-09-23 09:43:05.000,3.32,80000
2020-09-23 09:43:05.250,3.32,100000
2020-09-23 09:43:05.280,3.32,2300
2020-09-23 09:43:08.540,3.32,15300
2020-09-23 09:43:08.880,3.32,100
2020-09-23 09:43:10.020,3.321,300
2020-09-23 09:43:11.570,3.321,100
2020-09-23 09:43:12.310,3.321,100
2020-09-23 09:43:15.040,3.321,400
2020-09-23 09:43:17.410,3.32,10000
2020-09-23 09:43:17.890,3.32,100
2020-09-23 09:43:19.920,3.321,20100
2020-09-23 09:43:19.920,3.321,2500
2020-09-23 09:43:19.920,3.321,30000
2020-09-23 09:43:19.920,3.321,2000
2020-09-23 09:43:19.920,3.321,8500
2020-09-23 09:43:21.920,3.32,100
2020-09-23 09:43:22.040,3.32,8400
2020-09-23 09:43:22.040,3.32,1000
2020-09-23 09:43:22.040,3.32,5000
2020-09-23 09:43:22.040,3.32,2000
2020-09-23 09:43:22.040,3.32,2000
2020-09-23 09:43:22.040,3.32,800
2020-09-23 09:43:22.040,3.32,2000
2020-09-23 09:43:22.040,3.32,10000
2020-09-23 09:43:22.040,3.32,5000
2020-09-23 09:43:22.040,3.32,100
2020-09-23 09:43:22.040,3.32,5000
2020-09-23 09:43:22.040,3.32,5000
2020-09-23 09:43:22.040,3.32,3700
2020-09-23 09:43:24.690,3.32,500
2020-09-23 09:43:26.430,3.321,100
2020-09-23 09:43:26.690,3.32,10000
2020-09-23 09:43:27.010,3.32,10000
2020-09-23 09:43:29.910,3.32,6000
2020-09-23 09:43:30.490,3.321,700
2020-09-23 09:43:31.030,3.32,2000
2020-09-23 09:43:33.060,3.32,20000
2020-09-23 09:43:36.700,3.32,1000
2020-09-23 09:43:40.220,3.32,33300
2020-09-23 09:43:40.690,3.321,300
2020-09-23 09:43:43.100,3.321,3200
2020-09-23 09:43:43.500,3.32,300000
2020-09-23 09:43:43.890,3.32,27300
2020-09-23 09:43:43.890,3.32,10000
2020-09-23 09:43:43.890,3.32,5000
2020-09-23 09:43:43.890,3.32,3000
2020-09-23 09:43:43.890,3.32,300
2020-09-23 09:43:43.890,3.32,254400
2020-09-23 09:43:43.950,3.32,159400
2020-09-23 09:43:43.950,3.32,1000
2020-09-23 09:43:43.950,3.32,600
2020-09-23 09:43:43.950,3.32,300
2020-09-23 09:43:43.950,3.32,10000
2020-09-23 09:43:43.950,3.32,500
2020-09-23 09:43:43.950,3.32,200
2020-09-23 09:43:43.950,3.32,3100
2020-09-23 09:43:43.950,3.32,124900
2020-09-23 09:43:44.110,3.32,289100
2020-09-23 09:43:44.110,3.32,3000
2020-09-23 09:43:44.110,3.32,900
2020-09-23 09:43:44.110,3.32,3000
2020-09-23 09:43:44.110,3.32,100
2020-09-23 09:43:44.110,3.32,4000
2020-09-23 09:43:44.410,3.32,5030
2020-09-23 09:43:44.410,3.321,4970
2020-09-23 09:43:44.820,3.32,5000
2020-09-23 09:43:44.820,3.32,200
2020-09-23 09:43:45.180,3.32,700
2020-09-23 09:43:46.010,3.32,2000
2020-09-23 09:43:47.520,3.32,80000
2020-09-23 09:43:49.450,3.32,3000
2020-09-23 09:43:50.160,3.32,20000
2020-09-23 09:43:50.160,3.32,50000
2020-09-23 09:43:50.160,3.32,100000
2020-09-23 09:43:50.160,3.32,39100
2020-09-23 09:43:50.160,3.32,40900
2020-09-23 09:43:50.740,3.32,100
2020-09-23 09:43:51.640,3.32,4700
2020-09-23 09:43:51.640,3.32,30000
2020-09-23 09:43:51.640,3.32,2000
2020-09-23 09:43:51.640,3.321,83300
2020-09-23 09:43:51.970,3.321,200
2020-09-23 09:43:52.970,3.32,500
2020-09-23 09:43:52.970,3.319,500
2020-09-23 09:43:52.970,3.319,5000
2020-09-23 09:43:52.970,3.319,1000
2020-09-23 09:43:52.970,3.319,300
2020-09-23 09:43:52.970,3.319,10000
2020-09-23 09:43:52.970,3.319,700
2020-09-23 09:43:54.510,3.321,400
2020-09-23 09:43:56.080,3.321,500
2020-09-23 09:43:56.080,3.321,20000
2020-09-23 09:43:57.920,3.32,1100
2020-09-23 09:43:57.920,3.319,300
2020-09-23 09:43:57.920,3.319,200
2020-09-23 09:43:57.920,3.319,5400
2020-09-23 09:44:00.050,3.319,4600
2020-09-23 09:44:00.050,3.319,3700
2020-09-23 09:44:05.040,3.32,300
2020-09-23 09:44:07.650,3.32,9700
2020-09-23 09:44:08.480,3.32,10000
2020-09-23 09:44:09.540,3.32,30000
2020-09-23 09:44:10.310,3.32,300
2020-09-23 09:44:10.310,3.321,700
2020-09-23 09:44:11.190,3.32,20000
2020-09-23 09:44:11.190,3.32,30000
2020-09-23 09:44:12.660,3.32,200
2020-09-23 09:44:12.690,3.32,9400
2020-09-23 09:44:13.440,3.319,6300
2020-09-23 09:44:13.440,3.319,13700
2020-09-23 09:44:16.880,3.32,10400
2020-09-23 09:44:18.180,3.32,100
2020-09-23 09:44:19.990,3.32,19500
2020-09-23 09:44:19.990,3.32,500
2020-09-23 09:44:22.430,3.32,15500
2020-09-23 09:44:25.840,3.32,6000
2020-09-23 09:44:26.930,3.32,5800
2020-09-23 09:44:27.990,3.32,100
2020-09-23 09:44:29.950,3.32,70000
2020-09-23 09:44:30.960,3.32,100
2020-09-23 09:44:32.240,3.32,2000
2020-09-23 09:44:32.540,3.32,900
2020-09-23 09:44:32.540,3.32,10000
2020-09-23 09:44:33.370,3.32,3100
2020-09-23 09:44:33.550,3.32,200
2020-09-23 09:44:34.040,3.32,3000
2020-09-23 09:44:35.670,3.319,1000
2020-09-23 09:44:35.670,3.319,2000
2020-09-23 09:44:36.600,3.32,48730
2020-09-23 09:44:36.600,3.32,900
2020-09-23 09:44:38.800,3.321,10000
2020-09-23 09:44:38.800,3.321,1000
2020-09-23 09:44:38.940,3.321,1400
2020-09-23 09:44:38.940,3.32,100
2020-09-23 09:44:46.800,3.32,19400
2020-09-23 09:44:48.430,3.32,3200
2020-09-23 09:44:54.890,3.321,1000
2020-09-23 09:44:54.890,3.32,8900
2020-09-23 09:44:58.460,3.321,200
2020-09-23 09:45:03.900,3.32,18770
2020-09-23 09:45:03.900,3.32,2000
2020-09-23 09:45:03.900,3.32,12000
2020-09-23 09:45:03.900,3.32,15000
2020-09-23 09:45:03.900,3.32,200
2020-09-23 09:45:03.900,3.32,1000
2020-09-23 09:45:03.900,3.32,3600
2020-09-23 09:45:03.900,3.32,200
2020-09-23 09:45:03.900,3.32,7000
2020-09-23 09:45:03.900,3.32,1500
2020-09-23 09:45:03.900,3.32,5000
2020-09-23 09:45:09.490,3.319,13000
2020-09-23 09:45:09.490,3.319,10000
2020-09-23 09:45:09.490,3.319,5000
2020-09-23 09:45:09.490,3.319,10000
2020-09-23 09:45:09.490,3.319,1200
2020-09-23 09:45:09.490,3.319,3100
2020-09-23 09:45:09.490,3.319,200
2020-09-23 09:45:09.490,3.319,3000
2020-09-23 09:45:09.490,3.319,4500
2020-09-23 09:45:12.390,3.319,27200
2020-09-23 09:45:12.390,3.319,1300
2020-09-23 09:45:12.390,3.319,50000
2020-09-23 09:45:12.390,3.319,100
2020-09-23 09:45:12.390,3.319,500
2020-09-23 09:45:12.390,3.319,900
2020-09-23 09:45:12.390,3.319,6000
2020-09-23 09:45:12.390,3.319,214000
2020-09-23 09:45:13.590,3.319,100
2020-09-23 09:45:15.050,3.319,285900
2020-09-23 09:45:15.050,3.319,4000
2020-09-23 09:45:15.050,3.319,1000
2020-09-23 09:45:15.050,3.319,200
2020-09-23 09:45:15.050,3.319,8900
2020-09-23 09:45:18.070,3.32,10000
2020-09-23 09:45:27.470,3.32,5000
2020-09-23 09:45:27.840,3.32,100
2020-09-23 09:45:30.330,3.32,200
2020-09-23 09:45:33.370,3.32,1500
2020-09-23 09:45:35.640,3.319,100
2020-09-23 09:45:35.640,3.319,100
2020-09-23 09:45:35.640,3.319,100
2020-09-23 09:45:35.890,3.32,4500
2020-09-23 09:45:36.590,3.319,900
2020-09-23 09:45:36.590,3.319,9000
2020-09-23 09:45:36.840,3.319,3000
2020-09-23 09:45:37.240,3.319,2000
2020-09-23 09:45:39.040,3.32,4000
2020-09-23 09:45:41.350,3.32,100
2020-09-23 09:45:43.330,3.32,500
2020-09-23 09:45:43.480,3.32,11400
2020-09-23 09:45:43.710,3.319,10000
2020-09-23 09:45:44.480,3.319,3000
2020-09-23 09:45:45.050,3.32,100
2020-09-23 09:45:45.420,3.319,100
2020-09-23 09:45:46.620,3.32,100
2020-09-23 09:45:49.580,3.319,2900
2020-09-23 09:45:49.580,3.319,7000
2020-09-23 09:45:53.830,3.32,100
2020-09-23 09:45:54.420,3.319,3000
2020-09-23 09:45:54.420,3.319,100
2020-09-23 09:45:54.420,3.319,6000
2020-09-23 09:45:54.420,3.319,10000
2020-09-23 09:45:54.420,3.319,100
2020-09-23 09:45:56.070,3.319,500
2020-09-23 09:45:58.670,3.319,3000
2020-09-23 09:46:02.990,3.318,3800
2020-09-23 09:46:02.990,3.318,2000
2020-09-23 09:46:02.990,3.318,900
2020-09-23 09:46:02.990,3.318,500
2020-09-23 09:46:02.990,3.318,1000
2020-09-23 09:46:02.990,3.318,100
2020-09-23 09:46:02.990,3.318,1000
2020-09-23 09:46:02.990,3.318,700
2020-09-23 09:46:02.990,3.318,1300
2020-09-23 09:46:02.990,3.318,2000
2020-09-23 09:46:02.990,3.318,6700
2020-09-23 09:46:04.990,3.319,3300
2020-09-23 09:46:04.990,3.319,6700
2020-09-23 09:46:05.930,3.319,3300
2020-09-23 09:46:05.930,3.319,26700
2020-09-23 09:46:08.190,3.319,3300
2020-09-23 09:46:08.190,3.319,1100
2020-09-23 09:46:08.190,3.319,6000
2020-09-23 09:46:13.800,3.32,10000
2020-09-23 09:46:14.030,3.319,3400
2020-09-23 09:46:18.730,3.32,1100
2020-09-23 09:46:18.730,3.32,2000
2020-09-23 09:46:18.730,3.32,500
2020-09-23 09:46:18.730,3.32,3000
2020-09-23 09:46:18.730,3.32,400
2020-09-23 09:46:19.640,3.321,86400
2020-09-23 09:46:22.370,3.322,3200
2020-09-23 09:46:22.370,3.322,2800
2020-09-23 09:46:26.930,3.321,900
2020-09-23 09:46:29.260,3.321,12700
2020-09-23 09:46:29.260,3.32,2000
2020-09-23 09:46:29.260,3.32,73500
2020-09-23 09:46:29.260,3.32,800
2020-09-23 09:46:34.410,3.322,6500
2020-09-23 09:46:36.000,3.321,30000
2020-09-23 09:46:36.000,3.321,20000
2020-09-23 09:46:36.340,3.322,10700
2020-09-23 09:46:36.340,3.322,5400
2020-09-23 09:46:36.340,3.322,40000
2020-09-23 09:46:36.340,3.322,18700
2020-09-23 09:46:36.340,3.322,50000
2020-09-23 09:46:38.100,3.322,1000
2020-09-23 09:46:41.510,3.322,50000
2020-09-23 09:46:41.510,3.322,20000
2020-09-23 09:46:42.930,3.322,30000
2020-09-23 09:46:42.930,3.322,30000
2020-09-23 09:46:42.930,3.322,30000
2020-09-23 09:46:43.340,3.322,14200
2020-09-23 09:46:43.340,3.322,10000
2020-09-23 09:46:43.340,3.322,200
2020-09-23 09:46:43.760,3.322,200
2020-09-23 09:46:44.820,3.322,100
2020-09-23 09:46:46.550,3.322,200
2020-09-23 09:46:46.920,3.322,200
2020-09-23 09:46:47.770,3.322,5200
2020-09-23 09:46:48.150,3.322,269700
2020-09-23 09:46:48.710,3.322,100
2020-09-23 09:46:49.000,3.322,30000
2020-09-23 09:46:49.000,3.322,200
2020-09-23 09:46:49.000,3.322,9800
2020-09-23 09:46:49.110,3.322,50000
2020-09-23 09:46:50.900,3.322,100
2020-09-23 09:46:50.990,3.322,50000
2020-09-23 09:46:50.990,3.322,20000
2020-09-23 09:46:51.500,3.322,30000
2020-09-23 09:46:51.500,3.322,30000
2020-09-23 09:46:51.500,3.322,30000
2020-09-23 09:46:51.500,3.322,30000
2020-09-23 09:46:52.740,3.323,600
2020-09-23 09:46:52.740,3.323,900
2020-09-23 09:46:53.680,3.322,30000
2020-09-23 09:46:53.680,3.322,10000
2020-09-23 09:46:54.560,3.323,3000
2020-09-23 09:46:57.700,3.323,7000
2020-09-23 09:46:58.240,3.323,18000
2020-09-23 09:46:58.510,3.322,200
2020-09-23 09:46:59.410,3.322,100
2020-09-23 09:47:02.460,3.321,10000
2020-09-23 09:47:02.460,3.321,3400
2020-09-23 09:47:02.460,3.321,4500
2020-09-23 09:47:02.460,3.321,500
2020-09-23 09:47:02.460,3.321,1600
2020-09-23 09:47:04.260,3.322,200
2020-09-23 09:47:04.660,3.322,6500
2020-09-23 09:47:07.900,3.322,1000
2020-09-23 09:47:08.940,3.321,8400
2020-09-23 09:47:08.940,3.321,200
2020-09-23 09:47:08.940,3.321,500
2020-09-23 09:47:08.940,3.321,6000
2020-09-23 09:47:08.940,3.321,14900
2020-09-23 09:47:08.940,3.321,30000
2020-09-23 09:47:10.220,3.322,500
2020-09-23 09:47:14.320,3.321,100000
2020-09-23 09:47:14.800,3.322,100
2020-09-23 09:47:17.480,3.322,80000
2020-09-23 09:47:17.750,3.322,8000
2020-09-23 09:47:19.370,3.322,500
2020-09-23 09:47:21.210,3.323,108500
2020-09-23 09:47:23.460,3.323,80000
2020-09-23 09:47:36.960,3.322,2000
2020-09-23 09:47:36.960,3.322,1900
2020-09-23 09:47:37.600,3.322,3000
2020-09-23 09:47:39.820,3.321,20000
2020-09-23 09:47:42.100,3.322,100
2020-09-23 09:47:43.020,3.322,5000
2020-09-23 09:47:47.110,3.322,9000
2020-09-23 09:47:48.020,3.321,4500
2020-09-23 09:47:48.020,3.321,100
2020-09-23 09:47:48.020,3.321,6000
2020-09-23 09:47:48.020,3.321,10000
2020-09-23 09:47:48.020,3.321,8400
2020-09-23 09:47:50.340,3.323,20000
2020-09-23 09:47:50.340,3.323,100000
2020-09-23 09:47:50.340,3.323,100000
2020-09-23 09:47:50.340,3.323,100000
2020-09-23 09:47:50.340,3.323,60000
2020-09-23 09:47:50.340,3.323,40000
2020-09-23 09:47:50.340,3.323,60000
2020-09-23 09:47:51.290,3.323,202600
2020-09-23 09:47:51.290,3.323,1000
2020-09-23 09:47:51.290,3.323,96400
2020-09-23 09:47:54.480,3.322,10000
2020-09-23 09:47:54.480,3.322,40000
2020-09-23 09:47:54.480,3.322,50000
2020-09-23 09:47:54.480,3.322,50000
2020-09-23 09:47:54.480,3.322,50000
2020-09-23 09:47:54.480,3.322,50000
2020-09-23 09:47:54.480,3.322,50000
2020-09-23 09:47:58.760,3.323,1100
2020-09-23 09:47:59.800,3.323,5000
2020-09-23 09:48:00.640,3.323,24900
2020-09-23 09:48:00.640,3.323,5000
2020-09-23 09:48:00.640,3.323,3000
2020-09-23 09:48:00.640,3.323,20000
2020-09-23 09:48:00.640,3.323,10000
2020-09-23 09:48:00.640,3.323,5500
2020-09-23 09:48:00.940,3.323,300
2020-09-23 09:48:01.930,3.323,10000
2020-09-23 09:48:01.930,3.323,20000
2020-09-23 09:48:01.930,3.323,30000
2020-09-23 09:48:01.930,3.323,30000
2020-09-23 09:48:01.930,3.323,30000
2020-09-23 09:48:01.930,3.323,30000
2020-09-23 09:48:01.930,3.323,30000
2020-09-23 09:48:04.940,3.323,30000
2020-09-23 09:48:04.940,3.323,21300
2020-09-23 09:48:04.940,3.323,8700
2020-09-23 09:48:04.940,3.323,30000
2020-09-23 09:48:04.940,3.323,30000
2020-09-23 09:48:04.940,3.323,30000
2020-09-23 09:48:04.940,3.323,30000
2020-09-23 09:48:04.940,3.323,30000
2020-09-23 09:48:04.940,3.323,30000
2020-09-23 09:48:04.940,3.323,30000
2020-09-23 09:48:04.940,3.323,30000
2020-09-23 09:48:04.940,3.323,30000
2020-09-23 09:48:04.940,3.323,21300
2020-09-23 09:48:04.940,3.323,8700
2020-09-23 09:48:04.940,3.323,30000
2020-09-23 09:48:04.940,3.323,1200
2020-09-23 09:48:04.940,3.323,28800
2020-09-23 09:48:04.940,3.323,30000
2020-09-23 09:48:04.940,3.323,30000
2020-09-23 09:48:04.940,3.323,30000
2020-09-23 09:48:04.940,3.323,30000
2020-09-23 09:48:04.940,3.323,30000
2020-09-23 09:48:04.940,3.323,10000
2020-09-23 09:48:04.940,3.323,30000
2020-09-23 09:48:04.940,3.323,30000
2020-09-23 09:48:04.940,3.323,30000
2020-09-23 09:48:04.940,3.323,21300
2020-09-23 09:48:04.940,3.323,3000
2020-09-23 09:48:04.940,3.323,5700
2020-09-23 09:48:04.940,3.323,30000
2020-09-23 09:48:04.940,3.323,30000
2020-09-23 09:48:04.940,3.323,30000
2020-09-23 09:48:07.450,3.324,1100
2020-09-23 09:48:07.450,3.324,1000
2020-09-23 09:48:07.450,3.324,200
2020-09-23 09:48:07.450,3.324,1000
2020-09-23 09:48:07.450,3.324,300
2020-09-23 09:48:07.450,3.324,100
2020-09-23 09:48:07.450,3.324,5000
2020-09-23 09:48:07.450,3.324,3100
2020-09-23 09:48:07.750,3.324,1000
2020-09-23 09:48:09.580,3.323,5000
2020-09-23 09:48:12.840,3.323,4000
2020-09-23 09:48:12.840,3.323,700
2020-09-23 09:48:13.910,3.323,30000
2020-09-23 09:48:13.910,3.323,10000
2020-09-23 09:48:13.910,3.323,30000
2020-09-23 09:48:13.910,3.323,10000
2020-09-23 09:48:13.910,3.323,10000
2020-09-23 09:48:13.910,3.323,40000
2020-09-23 09:48:13.910,3.323,40000
2020-09-23 09:48:13.910,3.323,10000
2020-09-23 09:48:13.910,3.323,10000
2020-09-23 09:48:14.960,3.323,100000
2020-09-23 09:48:16.510,3.324,900
2020-09-23 09:48:16.510,3.324,10000
2020-09-23 09:48:16.510,3.324,19100
2020-09-23 09:48:16.930,3.323,5300
2020-09-23 09:48:16.930,3.323,44700
2020-09-23 09:48:16.930,3.323,30000
2020-09-23 09:48:17.580,3.324,300
2020-09-23 09:48:20.320,3.324,200
2020-09-23 09:48:21.930,3.324,2000
2020-09-23 09:48:24.490,3.323,25300
2020-09-23 09:48:24.490,3.323,400
2020-09-23 09:48:24.490,3.323,24300
2020-09-23 09:48:24.490,3.323,5700
2020-09-23 09:48:24.490,3.323,44300
2020-09-23 09:48:24.490,3.323,10000
2020-09-23 09:48:24.490,3.323,50000
2020-09-23 09:48:24.730,3.323,1000
2020-09-23 09:48:25.350,3.324,100
2020-09-23 09:48:25.900,3.323,50000
2020-09-23 09:48:25.900,3.323,50000
2020-09-23 09:48:27.280,3.323,30000
2020-09-23 09:48:27.430,3.323,30000
2020-09-23 09:48:27.430,3.323,30000
2020-09-23 09:48:27.430,3.323,4700
2020-09-23 09:48:27.430,3.323,5300
2020-09-23 09:48:28.930,3.324,1500
2020-09-23 09:48:29.990,3.323,50000
2020-09-23 09:48:29.990,3.323,30000
2020-09-23 09:48:30.940,3.323,30000
2020-09-23 09:48:30.940,3.323,10000
2020-09-23 09:48:30.940,3.323,30000
2020-09-23 09:48:31.450,3.324,100
2020-09-23 09:48:31.890,3.323,3000
2020-09-23 09:48:31.890,3.323,47000
2020-09-23 09:48:31.890,3.323,20000
2020-09-23 09:48:31.920,3.323,30000
2020-09-23 09:48:31.920,3.323,30000
2020-09-23 09:48:31.920,3.323,10000
2020-09-23 09:48:33.830,3.323,100000
2020-09-23 09:48:34.880,3.323,30000
2020-09-23 09:48:34.880,3.323,33100
2020-09-23 09:48:34.880,3.323,16900
2020-09-23 09:48:34.940,3.323,20000
2020-09-23 09:48:34.940,3.323,30000
2020-09-23 09:48:34.940,3.323,50000
2020-09-23 09:48:34.940,3.323,30000
2020-09-23 09:48:34.970,3.324,1000
2020-09-23 09:48:35.270,3.323,500
2020-09-23 09:48:35.920,3.323,100
2020-09-23 09:48:37.750,3.324,2500
2020-09-23 09:48:38.510,3.323,40000
2020-09-23 09:48:38.510,3.323,12500
2020-09-23 09:48:38.510,3.323,37500
2020-09-23 09:48:38.510,3.323,10000
2020-09-23 09:48:38.510,3.323,50000
2020-09-23 09:48:38.970,3.323,30000
2020-09-23 09:48:38.970,3.323,20000
2020-09-23 09:48:39.490,3.324,2400
2020-09-23 09:48:40.860,3.323,50000
2020-09-23 09:48:40.950,3.323,30000
2020-09-23 09:48:41.290,3.323,4000
2020-09-23 09:48:42.020,3.323,30000
2020-09-23 09:48:42.020,3.323,30000
2020-09-23 09:48:42.020,3.323,8500
2020-09-23 09:48:42.020,3.323,11500
2020-09-23 09:48:42.290,3.324,1000
2020-09-23 09:48:43.250,3.324,100
2020-09-23 09:48:43.250,3.324,1000
2020-09-23 09:48:43.540,3.324,8500
2020-09-23 09:48:43.750,3.324,15000
2020-09-23 09:48:43.830,3.324,2500
2020-09-23 09:48:43.990,3.323,10000
2020-09-23 09:48:43.990,3.323,50000
2020-09-23 09:48:43.990,3.323,10000
2020-09-23 09:48:43.990,3.323,50000
2020-09-23 09:48:43.990,3.323,50000
2020-09-23 09:48:43.990,3.323,20000
2020-09-23 09:48:45.040,3.324,2400
2020-09-23 09:48:45.490,3.324,20000
2020-09-23 09:48:45.700,3.324,300
2020-09-23 09:48:46.990,3.324,20000
2020-09-23 09:48:46.990,3.324,1000
2020-09-23 09:48:46.990,3.324,9000
2020-09-23 09:48:47.200,3.324,1500
2020-09-23 09:48:48.250,3.324,9500
2020-09-23 09:48:48.790,3.325,8500
2020-09-23 09:48:48.790,3.325,4000
2020-09-23 09:48:48.790,3.325,800
2020-09-23 09:48:48.790,3.325,117600
2020-09-23 09:48:48.790,3.325,20000
2020-09-23 09:48:48.790,3.325,1000
2020-09-23 09:48:48.790,3.325,100
2020-09-23 09:48:48.790,3.325,300
2020-09-23 09:48:48.790,3.325,5000
2020-09-23 09:48:48.790,3.325,6700
2020-09-23 09:48:48.790,3.325,136000
2020-09-23 09:48:49.960,3.324,30000
2020-09-23 09:48:49.960,3.324,30000
2020-09-23 09:48:52.930,3.324,50000
2020-09-23 09:48:52.930,3.324,30000
2020-09-23 09:48:52.930,3.324,20000
2020-09-23 09:48:52.930,3.324,10000
2020-09-23 09:48:52.930,3.324,30000
2020-09-23 09:48:55.960,3.324,50000
2020-09-23 09:48:55.960,3.324,20000
2020-09-23 09:48:56.430,3.325,300
2020-09-23 09:48:56.550,3.324,8100
2020-09-23 09:48:57.700,3.325,10000
2020-09-23 09:48:58.490,3.324,12400
2020-09-23 09:48:58.490,3.324,17600
2020-09-23 09:48:58.490,3.324,10000
2020-09-23 09:48:59.000,3.324,40000
2020-09-23 09:48:59.000,3.324,40000
2020-09-23 09:48:59.470,3.324,30000
2020-09-23 09:48:59.470,3.324,30000
2020-09-23 09:48:59.470,3.324,10000
2020-09-23 09:49:01.090,3.324,15100
2020-09-23 09:49:01.180,3.324,300000
2020-09-23 09:49:01.920,3.324,50000
2020-09-23 09:49:01.920,3.324,10000
2020-09-23 09:49:03.770,3.325,21000
2020-09-23 09:49:03.770,3.325,5000
2020-09-23 09:49:05.090,3.325,25900
2020-09-23 09:49:05.280,3.325,2000
2020-09-23 09:49:06.630,3.325,5000
2020-09-23 09:49:06.920,3.325,32500
2020-09-23 09:49:06.920,3.325,30000
2020-09-23 09:49:06.920,3.325,100000
2020-09-23 09:49:06.920,3.325,300
2020-09-23 09:49:06.920,3.325,5000
2020-09-23 09:49:06.920,3.325,132200
2020-09-23 09:49:07.340,3.325,59800
2020-09-23 09:49:08.590,3.325,100000
2020-09-23 09:49:08.650,3.325,50000
2020-09-23 09:49:08.840,3.325,38000
2020-09-23 09:49:08.840,3.325,100
2020-09-23 09:49:08.840,3.325,3200
2020-09-23 09:49:11.500,3.326,50000
2020-09-23 09:49:11.500,3.326,30000
2020-09-23 09:49:12.200,3.326,20000
2020-09-23 09:49:12.200,3.326,1000
2020-09-23 09:49:12.200,3.326,500
2020-09-23 09:49:12.200,3.326,2000
2020-09-23 09:49:12.200,3.326,10000
2020-09-23 09:49:12.200,3.326,266500
2020-09-23 09:49:13.040,3.326,133500
2020-09-23 09:49:13.040,3.326,14200
2020-09-23 09:49:13.040,3.326,152300
2020-09-23 09:49:13.280,3.326,25700
2020-09-23 09:49:13.280,3.326,1500
2020-09-23 09:49:13.280,3.326,100
2020-09-23 09:49:13.280,3.326,6000
2020-09-23 09:49:13.880,3.326,30000
2020-09-23 09:49:14.460,3.326,1000
2020-09-23 09:49:14.490,3.326,50000
2020-09-23 09:49:14.490,3.326,10000
2020-09-23 09:49:16.950,3.326,50000
2020-09-23 09:49:16.950,3.326,30000
2020-09-23 09:49:16.950,3.326,20000
2020-09-23 09:49:16.950,3.326,50000
2020-09-23 09:49:16.950,3.326,50000
2020-09-23 09:49:16.950,3.326,30000
2020-09-23 09:49:16.950,3.326,20000
2020-09-23 09:49:16.950,3.326,50000
2020-09-23 09:49:16.950,3.326,10000
2020-09-23 09:49:16.950,3.326,30000
2020-09-23 09:49:20.250,3.327,5000
2020-09-23 09:49:20.250,3.327,500
2020-09-23 09:49:20.250,3.327,50000
2020-09-23 09:49:20.250,3.327,7000
2020-09-23 09:49:20.250,3.327,10000
2020-09-23 09:49:20.250,3.327,227500
2020-09-23 09:49:20.700,3.326,15300
2020-09-23 09:49:22.270,3.327,7700
2020-09-23 09:49:26.810,3.327,3000
2020-09-23 09:49:29.650,3.326,50000
2020-09-23 09:49:29.650,3.326,10000
2020-09-23 09:49:30.340,3.327,100
2020-09-23 09:49:30.940,3.326,100
2020-09-23 09:49:32.440,3.327,61700
2020-09-23 09:49:32.440,3.327,7000
2020-09-23 09:49:32.440,3.327,7400
2020-09-23 09:49:32.440,3.327,2000
2020-09-23 09:49:32.440,3.327,1000
2020-09-23 09:49:32.440,3.327,10000
2020-09-23 09:49:32.440,3.327,5000
2020-09-23 09:49:32.440,3.327,5900
2020-09-23 09:49:32.440,3.327,4100
2020-09-23 09:49:32.440,3.327,5900
2020-09-23 09:49:32.710,3.327,4100
2020-09-23 09:49:32.710,3.327,10000
2020-09-23 09:49:32.710,3.327,2300
2020-09-23 09:49:32.710,3.327,20000
2020-09-23 09:49:32.710,3.327,2100
2020-09-23 09:49:32.710,3.327,100
2020-09-23 09:49:32.710,3.327,1000
2020-09-23 09:49:34.050,3.328,20000
2020-09-23 09:49:37.210,3.327,1000
2020-09-23 09:49:38.620,3.327,259400
2020-09-23 09:49:38.620,3.327,40600
2020-09-23 09:49:42.980,3.328,800
2020-09-23 09:49:44.110,3.328,279200
2020-09-23 09:49:44.110,3.328,1000
2020-09-23 09:49:44.110,3.328,200
2020-09-23 09:49:44.110,3.328,200
2020-09-23 09:49:44.110,3.328,99400
2020-09-23 09:49:44.840,3.328,10000
2020-09-23 09:49:47.250,3.327,50000
2020-09-23 09:49:47.250,3.327,20000
2020-09-23 09:49:49.110,3.328,10000
2020-09-23 09:49:50.270,3.327,28500
2020-09-23 09:49:50.270,3.327,1500
2020-09-23 09:49:50.300,3.327,1500
2020-09-23 09:49:50.300,3.327,8500
2020-09-23 09:49:51.270,3.328,20000
2020-09-23 09:49:53.030,3.327,1500
2020-09-23 09:49:53.030,3.327,7500
2020-09-23 09:49:53.150,3.328,100000
2020-09-23 09:49:53.250,3.327,8900
2020-09-23 09:49:53.250,3.327,1100
2020-09-23 09:49:53.490,3.328,4300
2020-09-23 09:49:54.560,3.327,400
2020-09-23 09:49:54.560,3.327,500
2020-09-23 09:49:55.310,3.327,8000
2020-09-23 09:49:57.520,3.327,6100
2020-09-23 09:49:58.200,3.328,22900
2020-09-23 09:49:58.480,3.327,400
2020-09-23 09:49:58.970,3.328,33400
2020-09-23 09:49:58.970,3.328,13800
2020-09-23 09:49:59.260,3.328,10000
2020-09-23 09:49:59.260,3.328,6200
2020-09-23 09:49:59.260,3.328,53800
2020-09-23 09:49:59.260,3.328,6200
2020-09-23 09:49:59.260,3.328,100
2020-09-23 09:49:59.260,3.328,10000
2020-09-23 09:49:59.260,3.328,3100
2020-09-23 09:49:59.260,3.328,500
2020-09-23 09:49:59.260,3.328,100
2020-09-23 09:49:59.260,3.328,200
2020-09-23 09:49:59.260,3.328,1000
2020-09-23 09:49:59.260,3.328,5500
2020-09-23 09:49:59.260,3.328,3300
2020-09-23 09:49:59.260,3.328,50000
2020-09-23 09:49:59.260,3.328,50000
2020-09-23 09:49:59.550,3.328,700
2020-09-23 09:49:59.600,3.328,196000
2020-09-23 09:49:59.600,3.328,1000
2020-09-23 09:49:59.600,3.328,2000
2020-09-23 09:49:59.600,3.328,1000
2020-09-23 09:49:59.600,3.328,100
2020-09-23 09:49:59.600,3.328,99900
2020-09-23 09:50:00.510,3.327,1600
2020-09-23 09:50:00.790,3.328,100
2020-09-23 09:50:00.790,3.328,7000
2020-09-23 09:50:00.790,3.328,1000
2020-09-23 09:50:02.060,3.329,27600
2020-09-23 09:50:02.060,3.329,100
2020-09-23 09:50:02.060,3.329,22300
2020-09-23 09:50:03.710,3.328,8200
2020-09-23 09:50:03.710,3.328,1100
2020-09-23 09:50:03.710,3.328,700
2020-09-23 09:50:03.740,3.328,59300
2020-09-23 09:50:04.070,3.328,10000
2020-09-23 09:50:04.940,3.327,50000
2020-09-23 09:50:04.940,3.327,50000
2020-09-23 09:50:04.940,3.327,31900
2020-09-23 09:50:04.940,3.327,18100
2020-09-23 09:50:04.940,3.327,30000
2020-09-23 09:50:04.940,3.327,30000
2020-09-23 09:50:04.940,3.327,10000
2020-09-23 09:50:05.170,3.328,30000
2020-09-23 09:50:05.880,3.328,700
2020-09-23 09:50:05.880,3.328,300
2020-09-23 09:50:07.960,3.327,30000
2020-09-23 09:50:07.960,3.327,9000
2020-09-23 09:50:07.960,3.327,1000
2020-09-23 09:50:07.960,3.327,18400
2020-09-23 09:50:07.960,3.327,100
2020-09-23 09:50:08.350,3.328,1600
2020-09-23 09:50:08.960,3.327,1400
2020-09-23 09:50:09.740,3.327,3000
2020-09-23 09:50:10.920,3.326,9900
2020-09-23 09:50:10.920,3.326,100
2020-09-23 09:50:10.920,3.326,3000
2020-09-23 09:50:10.920,3.326,100
2020-09-23 09:50:10.920,3.326,6900
2020-09-23 09:50:13.470,3.327,7000
2020-09-23 09:50:13.910,3.326,3100
2020-09-23 09:50:13.910,3.326,6900
2020-09-23 09:50:14.000,3.327,88700
2020-09-23 09:50:15.040,3.327,600
2020-09-23 09:50:15.220,3.327,3000
2020-09-23 09:50:19.130,3.326,1400
2020-09-23 09:50:19.820,3.327,1000
2020-09-23 09:50:20.310,3.327,100
2020-09-23 09:50:21.160,3.326,1700
2020-09-23 09:50:21.160,3.326,400
2020-09-23 09:50:24.480,3.326,5000
2020-09-23 09:50:26.650,3.326,3800
2020-09-23 09:50:26.650,3.326,2600
2020-09-23 09:50:26.650,3.327,1600
2020-09-23 09:50:28.130,3.326,100
2020-09-23 09:50:28.880,3.325,100
2020-09-23 09:50:28.940,3.325,100
2020-09-23 09:50:28.940,3.325,100
2020-09-23 09:50:28.940,3.325,100
2020-09-23 09:50:28.940,3.325,100
2020-09-23 09:50:29.060,3.325,100
2020-09-23 09:50:29.060,3.325,100
2020-09-23 09:50:29.060,3.325,100
2020-09-23 09:50:29.060,3.325,100
2020-09-23 09:50:29.060,3.325,100
2020-09-23 09:50:29.060,3.325,100
2020-09-23 09:50:29.060,3.325,100
2020-09-23 09:50:29.120,3.325,100
2020-09-23 09:50:29.120,3.325,100
2020-09-23 09:50:29.120,3.325,100
2020-09-23 09:50:29.120,3.325,100
2020-09-23 09:50:29.120,3.325,100
2020-09-23 09:50:29.120,3.325,100
2020-09-23 09:50:29.120,3.325,100
2020-09-23 09:50:29.120,3.325,100
2020-09-23 09:50:29.120,3.325,100
2020-09-23 09:50:29.120,3.325,100
2020-09-23 09:50:29.120,3.325,100
2020-09-23 09:50:29.120,3.325,100
2020-09-23 09:50:29.120,3.325,100
2020-09-23 09:50:29.120,3.325,100
2020-09-23 09:50:29.120,3.325,100
2020-09-23 09:50:29.120,3.325,100
2020-09-23 09:50:29.120,3.325,100
2020-09-23 09:50:29.120,3.325,100
2020-09-23 09:50:29.180,3.325,100
2020-09-23 09:50:29.180,3.325,100
2020-09-23 09:50:29.180,3.325,100
2020-09-23 09:50:29.180,3.325,100
2020-09-23 09:50:29.270,3.325,100
2020-09-23 09:50:29.270,3.325,100
2020-09-23 09:50:29.270,3.325,100
2020-09-23 09:50:29.270,3.325,100
2020-09-23 09:50:29.270,3.325,100
2020-09-23 09:50:29.270,3.325,100
2020-09-23 09:50:29.330,3.325,100
2020-09-23 09:50:29.330,3.325,100
2020-09-23 09:50:29.330,3.325,100
2020-09-23 09:50:29.330,3.325,100
2020-09-23 09:50:29.330,3.325,100
2020-09-23 09:50:29.330,3.325,100
2020-09-23 09:50:29.330,3.325,100
2020-09-23 09:50:29.330,3.325,100
2020-09-23 09:50:29.330,3.325,100
2020-09-23 09:50:29.330,3.325,100
2020-09-23 09:50:29.330,3.325,100
2020-09-23 09:50:29.330,3.325,100
2020-09-23 09:50:29.390,3.325,100
2020-09-23 09:50:29.390,3.325,100
2020-09-23 09:50:29.390,3.325,100
2020-09-23 09:50:29.390,3.325,100
2020-09-23 09:50:29.390,3.325,100
2020-09-23 09:50:29.390,3.325,100
2020-09-23 09:50:29.450,3.325,100
2020-09-23 09:50:29.450,3.325,100
2020-09-23 09:50:29.450,3.325,100
2020-09-23 09:50:29.480,3.325,100
2020-09-23 09:50:29.480,3.325,100
2020-09-23 09:50:29.480,3.325,100
2020-09-23 09:50:29.480,3.325,100
2020-09-23 09:50:29.480,3.325,100
2020-09-23 09:50:29.480,3.325,100
2020-09-23 09:50:29.480,3.325,100
2020-09-23 09:50:29.480,3.325,100
2020-09-23 09:50:29.480,3.325,100
2020-09-23 09:50:29.480,3.325,100
2020-09-23 09:50:29.530,3.325,100
2020-09-23 09:50:29.530,3.325,100
2020-09-23 09:50:29.630,3.325,100
2020-09-23 09:50:29.630,3.325,100
2020-09-23 09:50:29.630,3.325,100
2020-09-23 09:50:29.630,3.325,100
2020-09-23 09:50:29.630,3.325,100
2020-09-23 09:50:29.630,3.325,100
2020-09-23 09:50:29.630,3.325,100
2020-09-23 09:50:29.630,3.325,100
2020-09-23 09:50:29.630,3.325,100
2020-09-23 09:50:29.630,3.325,100
2020-09-23 09:50:29.630,3.325,100
2020-09-23 09:50:29.630,3.325,100
2020-09-23 09:50:29.630,3.325,100
2020-09-23 09:50:29.630,3.325,100
2020-09-23 09:50:29.720,3.325,100
2020-09-23 09:50:29.720,3.325,100
2020-09-23 09:50:29.720,3.325,100
2020-09-23 09:50:29.720,3.325,100
2020-09-23 09:50:29.720,3.325,100
2020-09-23 09:50:29.780,3.325,100
2020-09-23 09:50:29.780,3.325,100
2020-09-23 09:50:29.780,3.325,100
2020-09-23 09:50:29.780,3.325,100
2020-09-23 09:50:29.780,3.325,100
2020-09-23 09:50:29.780,3.325,100
2020-09-23 09:50:29.780,3.325,40200
2020-09-23 09:50:29.780,3.325,800
2020-09-23 09:50:29.780,3.325,1900
2020-09-23 09:50:29.780,3.325,200
2020-09-23 09:50:29.780,3.325,3000
2020-09-23 09:50:29.780,3.325,300
2020-09-23 09:50:29.780,3.325,1000
2020-09-23 09:50:29.780,3.325,452600
2020-09-23 09:50:29.780,3.325,100
2020-09-23 09:50:29.940,3.325,100
2020-09-23 09:50:32.660,3.324,100
2020-09-23 09:50:32.730,3.324,100
2020-09-23 09:50:32.730,3.324,100
2020-09-23 09:50:32.730,3.324,100
2020-09-23 09:50:32.730,3.324,100
2020-09-23 09:50:32.730,3.324,100
2020-09-23 09:50:32.730,3.324,100
2020-09-23 09:50:32.730,3.324,100
2020-09-23 09:50:32.730,3.324,100
2020-09-23 09:50:32.730,3.324,100
2020-09-23 09:50:32.730,3.324,100
2020-09-23 09:50:32.730,3.324,100
2020-09-23 09:50:32.730,3.324,100
2020-09-23 09:50:32.730,3.324,100
2020-09-23 09:50:32.730,3.324,100
2020-09-23 09:50:32.730,3.324,100
2020-09-23 09:50:32.730,3.324,100
2020-09-23 09:50:32.730,3.324,100
2020-09-23 09:50:32.730,3.324,100
2020-09-23 09:50:32.790,3.324,100
2020-09-23 09:50:32.790,3.324,100
2020-09-23 09:50:32.790,3.324,100
2020-09-23 09:50:32.970,3.324,100
2020-09-23 09:50:32.970,3.324,100
2020-09-23 09:50:32.970,3.324,100
2020-09-23 09:50:32.970,3.324,100
2020-09-23 09:50:32.970,3.324,100
2020-09-23 09:50:32.970,3.324,100
2020-09-23 09:50:32.970,3.324,100
2020-09-23 09:50:32.970,3.324,100
2020-09-23 09:50:32.970,3.324,100
2020-09-23 09:50:32.970,3.324,100
2020-09-23 09:50:32.970,3.324,100
2020-09-23 09:50:33.030,3.324,100
2020-09-23 09:50:33.030,3.324,100
2020-09-23 09:50:33.030,3.324,100
2020-09-23 09:50:33.030,3.324,100
2020-09-23 09:50:33.580,3.324,100
2020-09-23 09:50:33.580,3.324,100
2020-09-23 09:50:33.580,3.324,100
2020-09-23 09:50:33.580,3.324,100
2020-09-23 09:50:33.580,3.324,100
2020-09-23 09:50:33.580,3.324,100
2020-09-23 09:50:33.580,3.324,100
2020-09-23 09:50:33.580,3.324,100
2020-09-23 09:50:33.580,3.324,100
2020-09-23 09:50:33.580,3.324,100
2020-09-23 09:50:33.580,3.324,100
2020-09-23 09:50:33.580,3.324,100
2020-09-23 09:50:33.580,3.324,100
2020-09-23 09:50:33.580,3.324,100
2020-09-23 09:50:33.580,3.324,100
2020-09-23 09:50:33.580,3.324,100
2020-09-23 09:50:34.010,3.324,100
2020-09-23 09:50:34.070,3.324,100
2020-09-23 09:50:34.070,3.324,100
2020-09-23 09:50:34.070,3.324,100
2020-09-23 09:50:34.070,3.324,100
2020-09-23 09:50:34.070,3.324,100
2020-09-23 09:50:34.070,3.324,100
2020-09-23 09:50:34.070,3.324,100
2020-09-23 09:50:34.070,3.324,100
2020-09-23 09:50:34.070,3.324,100
2020-09-23 09:50:34.130,3.324,100
2020-09-23 09:50:34.130,3.324,100
2020-09-23 09:50:34.130,3.324,100
2020-09-23 09:50:34.130,3.324,100
2020-09-23 09:50:34.190,3.324,100
2020-09-23 09:50:34.190,3.324,100
2020-09-23 09:50:34.190,3.324,100
2020-09-23 09:50:34.190,3.324,100
2020-09-23 09:50:34.190,3.324,100
2020-09-23 09:50:34.260,3.324,100
2020-09-23 09:50:34.260,3.324,100
2020-09-23 09:50:34.260,3.324,100
2020-09-23 09:50:34.260,3.324,100
2020-09-23 09:50:34.280,3.324,100
2020-09-23 09:50:34.280,3.324,100
2020-09-23 09:50:34.280,3.324,100
2020-09-23 09:50:34.280,3.324,100
2020-09-23 09:50:34.340,3.324,100
2020-09-23 09:50:34.340,3.324,100
2020-09-23 09:50:34.340,3.324,100
2020-09-23 09:50:34.340,3.324,100
2020-09-23 09:50:34.400,3.324,100
2020-09-23 09:50:34.400,3.324,100
2020-09-23 09:50:34.400,3.324,100
2020-09-23 09:50:34.400,3.324,100
2020-09-23 09:50:34.400,3.324,100
2020-09-23 09:50:34.400,3.324,100
2020-09-23 09:50:34.430,3.324,100
2020-09-23 09:50:34.430,3.324,100
2020-09-23 09:50:34.430,3.324,100
2020-09-23 09:50:34.430,3.324,100
2020-09-23 09:50:34.490,3.324,100
2020-09-23 09:50:34.490,3.324,100
2020-09-23 09:50:34.490,3.324,100
2020-09-23 09:50:34.520,3.324,100
2020-09-23 09:50:34.520,3.324,100
2020-09-23 09:50:34.520,3.324,100
2020-09-23 09:50:35.630,3.325,11300
2020-09-23 09:50:35.630,3.325,8700
2020-09-23 09:50:35.630,3.325,100000
2020-09-23 09:50:37.970,3.325,30000
2020-09-23 09:50:38.120,3.325,200
2020-09-23 09:50:39.710,3.325,100
2020-09-23 09:50:40.290,3.324,1300
2020-09-23 09:50:40.930,3.325,11000
2020-09-23 09:50:40.930,3.325,9000
2020-09-23 09:50:42.170,3.324,200
2020-09-23 09:50:42.600,3.325,1500
2020-09-23 09:50:45.090,3.325,4000
2020-09-23 09:50:45.270,3.325,100
2020-09-23 09:50:45.300,3.325,10000
2020-09-23 09:50:46.970,3.326,9900
2020-09-23 09:50:46.970,3.326,100
2020-09-23 09:50:47.390,3.326,900
2020-09-23 09:50:47.390,3.326,100
2020-09-23 09:50:52.110,3.326,500
2020-09-23 09:50:53.360,3.326,2000
2020-09-23 09:50:54.200,3.325,1000
2020-09-23 09:50:54.600,3.326,1500
2020-09-23 09:50:54.600,3.326,1000
2020-09-23 09:50:54.600,3.326,7500
2020-09-23 09:50:54.600,3.325,4100
2020-09-23 09:50:55.800,3.326,36500
2020-09-23 09:50:55.980,3.326,56000
2020-09-23 09:50:57.850,3.326,100
2020-09-23 09:50:59.010,3.327,100000
2020-09-23 09:50:59.010,3.327,40000
2020-09-23 09:51:00.680,3.327,50000
2020-09-23 09:51:00.680,3.327,8000
2020-09-23 09:51:00.680,3.327,20000
2020-09-23 09:51:00.680,3.327,10000
2020-09-23 09:51:00.680,3.327,12000
2020-09-23 09:51:05.380,3.327,5000
2020-09-23 09:51:06.660,3.327,4800
2020-09-23 09:51:06.660,3.327,1000
2020-09-23 09:51:06.660,3.327,2000
2020-09-23 09:51:06.660,3.327,2000
2020-09-23 09:51:06.660,3.327,4100
2020-09-23 09:51:07.480,3.326,500
2020-09-23 09:51:07.480,3.326,19500
2020-09-23 09:51:08.580,3.326,30000
2020-09-23 09:51:10.650,3.326,1000
2020-09-23 09:51:13.760,3.327,900
2020-09-23 09:51:13.760,3.327,5000
2020-09-23 09:51:13.760,3.327,1100
2020-09-23 09:51:14.570,3.326,9000
2020-09-23 09:51:14.570,3.326,10000
2020-09-23 09:51:14.570,3.326,1000
2020-09-23 09:51:14.820,3.327,2600
2020-09-23 09:51:14.980,3.327,5700
2020-09-23 09:51:15.910,3.327,500
2020-09-23 09:51:18.840,3.326,3000
2020-09-23 09:51:19.710,3.326,5000
2020-09-23 09:51:20.540,3.327,400
2020-09-23 09:51:20.570,3.326,1000
2020-09-23 09:51:20.570,3.326,100
2020-09-23 09:51:20.570,3.326,8900
2020-09-23 09:51:21.850,3.326,1100
2020-09-23 09:51:21.850,3.326,9000
2020-09-23 09:51:23.200,3.326,10000
2020-09-23 09:51:23.570,3.326,10000
2020-09-23 09:51:26.790,3.326,8400
2020-09-23 09:51:28.940,3.326,1500
2020-09-23 09:51:28.940,3.326,2000
2020-09-23 09:51:28.940,3.326,16500
2020-09-23 09:51:29.410,3.326,100
2020-09-23 09:51:30.640,3.326,19500
2020-09-23 09:51:30.950,3.326,60000
2020-09-23 09:51:31.830,3.325,5000
2020-09-23 09:51:32.370,3.326,3900
2020-09-23 09:51:32.370,3.326,76100
2020-09-23 09:51:32.370,3.326,20000
2020-09-23 09:51:32.370,3.326,80000
2020-09-23 09:51:32.370,3.326,40000
2020-09-23 09:51:32.370,3.326,100000
2020-09-23 09:51:32.370,3.326,40000
2020-09-23 09:51:32.370,3.326,100000
2020-09-23 09:51:32.370,3.326,20000
2020-09-23 09:51:33.090,3.326,2300
2020-09-23 09:51:33.850,3.326,123600
2020-09-23 09:51:35.310,3.326,50000
2020-09-23 09:51:35.490,3.327,900
2020-09-23 09:51:36.050,3.327,38800
2020-09-23 09:51:36.050,3.327,1200
2020-09-23 09:51:36.780,3.325,275900
2020-09-23 09:51:36.780,3.325,101600
2020-09-23 09:51:36.780,3.325,10000
2020-09-23 09:51:36.780,3.325,10000
2020-09-23 09:51:36.780,3.325,1000
2020-09-23 09:51:36.780,3.325,5000
2020-09-23 09:51:36.780,3.325,100
2020-09-23 09:51:36.780,3.325,900
2020-09-23 09:51:36.780,3.325,5000
2020-09-23 09:51:36.780,3.325,2000
2020-09-23 09:51:36.780,3.325,9200
2020-09-23 09:51:36.780,3.325,23700
2020-09-23 09:51:37.490,3.326,5000
2020-09-23 09:51:38.340,3.326,100
2020-09-23 09:51:42.600,3.326,300
2020-09-23 09:51:45.360,3.326,1000
2020-09-23 09:51:46.470,3.326,1000
2020-09-23 09:51:47.020,3.326,800
2020-09-23 09:51:47.540,3.326,20000
2020-09-23 09:51:47.540,3.325,1800
2020-09-23 09:51:49.670,3.326,500
2020-09-23 09:51:49.670,3.325,1500
2020-09-23 09:51:50.220,3.325,30000
2020-09-23 09:51:52.650,3.326,300
2020-09-23 09:51:53.500,3.327,18800
2020-09-23 09:51:53.500,3.327,5000
2020-09-23 09:51:53.500,3.327,2000
2020-09-23 09:51:53.500,3.327,200
2020-09-23 09:51:53.500,3.327,7900
2020-09-23 09:51:53.500,3.327,5000
2020-09-23 09:51:53.500,3.327,1100
2020-09-23 09:51:53.560,3.326,500
2020-09-23 09:51:53.560,3.326,40000
2020-09-23 09:51:54.380,3.326,200000
2020-09-23 09:51:54.630,3.326,600
2020-09-23 09:51:56.310,3.326,10000
2020-09-23 09:51:56.310,3.326,10000
2020-09-23 09:51:56.310,3.326,30000
2020-09-23 09:51:56.310,3.326,100000
2020-09-23 09:51:56.310,3.326,40000
2020-09-23 09:51:56.310,3.326,100000
2020-09-23 09:51:56.310,3.326,90000
2020-09-23 09:51:56.310,3.326,80000
2020-09-23 09:51:56.310,3.326,40000
2020-09-23 09:51:56.310,3.326,100000
2020-09-23 09:51:59.270,3.326,100000
2020-09-23 09:51:59.270,3.326,20000
2020-09-23 09:52:00.430,3.326,6700
2020-09-23 09:52:00.580,3.325,80000
2020-09-23 09:52:01.960,3.326,20000
2020-09-23 09:52:02.050,3.326,1000
2020-09-23 09:52:04.930,3.326,11200
2020-09-23 09:52:04.930,3.326,18800
2020-09-23 09:52:04.930,3.326,1000
2020-09-23 09:52:09.850,3.326,10200
2020-09-23 09:52:10.240,3.326,3000
2020-09-23 09:52:10.920,3.326,36800
2020-09-23 09:52:10.920,3.326,13200
2020-09-23 09:52:10.920,3.326,20000
2020-09-23 09:52:13.350,3.326,300
2020-09-23 09:52:13.530,3.326,10000
2020-09-23 09:52:16.210,3.326,6500
2020-09-23 09:52:16.210,3.326,300
2020-09-23 09:52:16.940,3.326,700
2020-09-23 09:52:16.940,3.326,100
2020-09-23 09:52:16.940,3.326,700
2020-09-23 09:52:16.940,3.326,6000
2020-09-23 09:52:16.940,3.326,10000
2020-09-23 09:52:16.940,3.326,2500
2020-09-23 09:52:17.260,3.326,7500
2020-09-23 09:52:19.590,3.326,400
2020-09-23 09:52:24.000,3.326,10000
2020-09-23 09:52:24.060,3.326,70000
2020-09-23 09:52:26.190,3.326,1000
2020-09-23 09:52:27.450,3.325,300
2020-09-23 09:52:27.450,3.325,21000
2020-09-23 09:52:27.450,3.325,200
2020-09-23 09:52:27.450,3.325,100
2020-09-23 09:52:27.450,3.325,500
2020-09-23 09:52:27.450,3.325,2100
2020-09-23 09:52:27.450,3.325,20000
2020-09-23 09:52:27.450,3.325,400
2020-09-23 09:52:27.800,3.325,300
2020-09-23 09:52:29.300,3.325,4200
2020-09-23 09:52:29.510,3.325,900
2020-09-23 09:52:29.510,3.325,3800
2020-09-23 09:52:30.670,3.325,1000
2020-09-23 09:52:35.230,3.325,2000
2020-09-23 09:52:37.180,3.325,200
2020-09-23 09:52:38.130,3.324,1000
2020-09-23 09:52:38.400,3.324,2500
