Datetime,Price,Volume
2020-09-23 09:25:00.170,4.703,800
2020-09-23 09:25:00.170,4.703,3200
2020-09-23 09:25:00.170,4.703,3600
2020-09-23 09:25:00.170,4.703,200
2020-09-23 09:25:00.170,4.703,3800
2020-09-23 09:25:00.170,4.703,4000
2020-09-23 09:25:00.170,4.703,2200
2020-09-23 09:25:00.170,4.703,1100
2020-09-23 09:25:00.170,4.703,4000
2020-09-23 09:25:00.170,4.703,4000
2020-09-23 09:25:00.170,4.703,1100
2020-09-23 09:25:00.170,4.703,17300
2020-09-23 09:25:00.170,4.703,4700
2020-09-23 09:25:00.170,4.703,4300
2020-09-23 09:25:00.170,4.703,38000
2020-09-23 09:25:00.170,4.703,6100
2020-09-23 09:25:00.170,4.703,10000
2020-09-23 09:25:00.170,4.703,5300
2020-09-23 09:25:00.170,4.703,1600
2020-09-23 09:25:00.170,4.703,8700
2020-09-23 09:25:00.170,4.703,6800
2020-09-23 09:25:00.170,4.703,6500
2020-09-23 09:25:00.170,4.703,13400
2020-09-23 09:25:00.170,4.703,13500
2020-09-23 09:25:00.170,4.703,100
2020-09-23 09:25:00.170,4.703,1000
2020-09-23 09:25:00.170,4.703,12700
2020-09-23 09:25:00.170,4.703,4600
2020-09-23 09:25:00.170,4.703,23000
2020-09-23 09:25:00.170,4.703,200
2020-09-23 09:25:00.170,4.703,4000
2020-09-23 09:25:00.170,4.703,10000
2020-09-23 09:25:00.170,4.703,1700
2020-09-23 09:25:00.170,4.703,4100
2020-09-23 09:25:00.170,4.703,3700
2020-09-23 09:25:00.170,4.703,500
2020-09-23 09:25:00.170,4.703,4000
2020-09-23 09:25:00.170,4.703,3900
2020-09-23 09:25:00.170,4.703,4100
2020-09-23 09:25:00.170,4.703,5200
2020-09-23 09:25:00.170,4.703,900
2020-09-23 09:25:00.170,4.703,6200
2020-09-23 09:25:00.170,4.703,11200
2020-09-23 09:25:00.170,4.703,100
2020-09-23 09:25:00.170,4.703,2300
2020-09-23 09:25:00.170,4.703,1000
2020-09-23 09:25:00.170,4.703,100
2020-09-23 09:25:00.170,4.703,200
2020-09-23 09:25:00.170,4.703,4600
2020-09-23 09:25:00.170,4.703,2000
2020-09-23 09:25:00.170,4.703,4300
2020-09-23 09:25:00.170,4.703,4000
2020-09-23 09:25:00.170,4.703,2000
2020-09-23 09:25:00.170,4.703,1100
2020-09-23 09:25:00.170,4.703,600
2020-09-23 09:25:00.170,4.703,300
2020-09-23 09:25:00.170,4.703,400
2020-09-23 09:25:00.170,4.703,700
2020-09-23 09:25:00.170,4.703,10000
2020-09-23 09:25:00.170,4.703,3600
2020-09-23 09:25:00.170,4.703,5300
2020-09-23 09:25:00.170,4.703,400
2020-09-23 09:25:00.170,4.703,10000
2020-09-23 09:25:00.170,4.703,11200
2020-09-23 09:25:00.170,4.703,5000
2020-09-23 09:25:00.170,4.703,10000
2020-09-23 09:25:00.170,4.703,20000
2020-09-23 09:25:00.170,4.703,5000
2020-09-23 09:25:00.170,4.703,18800
2020-09-23 09:25:00.170,4.703,1200
2020-09-23 09:25:00.170,4.703,3800
2020-09-23 09:25:00.170,4.703,200
2020-09-23 09:25:00.170,4.703,10000
2020-09-23 09:25:00.170,4.703,1700
2020-09-23 09:25:00.170,4.703,100
2020-09-23 09:25:00.170,4.703,4100
2020-09-23 09:25:00.170,4.703,5800
2020-09-23 09:25:00.170,4.703,44200
2020-09-23 09:25:00.170,4.703,5800
2020-09-23 09:25:00.170,4.703,28800
2020-09-23 09:25:00.170,4.703,1000
2020-09-23 09:25:00.170,4.703,2000
2020-09-23 09:25:00.170,4.703,2500
2020-09-23 09:25:00.170,4.703,100
2020-09-23 09:25:00.170,4.703,100
2020-09-23 09:25:00.170,4.703,500
2020-09-23 09:25:00.170,4.703,500
2020-09-23 09:25:00.170,4.703,10000
2020-09-23 09:25:00.170,4.703,100
2020-09-23 09:25:00.170,4.703,1700
2020-09-23 09:25:00.170,4.703,1000
2020-09-23 09:25:00.170,4.703,4000
2020-09-23 09:25:00.170,4.703,2000
2020-09-23 09:25:00.170,4.703,15000
2020-09-23 09:25:00.170,4.703,12000
2020-09-23 09:25:00.170,4.703,4000
2020-09-23 09:25:00.170,4.703,100
2020-09-23 09:25:00.170,4.703,5400
2020-09-23 09:25:00.170,4.703,100
2020-09-23 09:25:00.170,4.703,100
2020-09-23 09:25:00.170,4.703,200
2020-09-23 09:25:00.170,4.703,5000
2020-09-23 09:25:00.170,4.703,100
2020-09-23 09:25:00.170,4.703,500
2020-09-23 09:25:00.170,4.703,100
2020-09-23 09:25:00.170,4.703,2900
2020-09-23 09:25:00.170,4.703,20000
2020-09-23 09:25:00.170,4.703,19800
2020-09-23 09:25:00.170,4.703,200
2020-09-23 09:25:00.170,4.703,200
2020-09-23 09:25:00.170,4.703,200
2020-09-23 09:25:00.170,4.703,3000
2020-09-23 09:25:00.170,4.703,7000
2020-09-23 09:25:00.170,4.703,279400
2020-09-23 09:25:00.170,4.703,200
2020-09-23 09:25:00.170,4.703,1000
2020-09-23 09:25:00.170,4.703,100
2020-09-23 09:25:00.170,4.703,10000
2020-09-23 09:25:00.170,4.703,100
2020-09-23 09:25:00.170,4.703,42100
2020-09-23 09:25:00.170,4.703,100
2020-09-23 09:25:00.170,4.703,4800
2020-09-23 09:25:00.170,4.703,800
2020-09-23 09:25:00.170,4.703,500
2020-09-23 09:25:00.170,4.703,2200
2020-09-23 09:25:00.170,4.703,900
2020-09-23 09:25:00.170,4.703,100
2020-09-23 09:25:00.170,4.703,100
2020-09-23 09:25:00.170,4.703,100
2020-09-23 09:25:00.170,4.703,20000
2020-09-23 09:25:00.170,4.703,100
2020-09-23 09:25:00.170,4.703,200
2020-09-23 09:25:00.170,4.703,2000
2020-09-23 09:25:00.170,4.703,36000
2020-09-23 09:25:00.170,4.703,14000
2020-09-23 09:25:00.170,4.703,1800
2020-09-23 09:25:00.170,4.703,1000
2020-09-23 09:25:00.170,4.703,10000
2020-09-23 09:25:00.170,4.703,100
2020-09-23 09:25:00.170,4.703,2000
2020-09-23 09:25:00.170,4.703,5000
2020-09-23 09:25:00.170,4.703,2700
2020-09-23 09:25:00.170,4.703,7400
2020-09-23 09:25:00.170,4.703,600
2020-09-23 09:25:00.170,4.703,200
2020-09-23 09:25:00.170,4.703,100
2020-09-23 09:25:00.170,4.703,2000
2020-09-23 09:25:00.170,4.703,9100
2020-09-23 09:25:00.170,4.703,900
2020-09-23 09:25:00.170,4.703,500
2020-09-23 09:25:00.170,4.703,2900
2020-09-23 09:25:00.170,4.703,2100
2020-09-23 09:25:00.170,4.703,2200
2020-09-23 09:25:00.170,4.703,200
2020-09-23 09:25:00.170,4.703,2600
2020-09-23 09:25:00.170,4.703,3000
2020-09-23 09:25:00.170,4.703,2000
2020-09-23 09:25:00.170,4.703,1100
2020-09-23 09:25:00.170,4.703,100
2020-09-23 09:25:00.170,4.703,700
2020-09-23 09:25:00.170,4.703,500
2020-09-23 09:25:00.170,4.703,300
2020-09-23 09:25:00.170,4.703,100
2020-09-23 09:25:00.170,4.703,100
2020-09-23 09:25:00.170,4.703,200
2020-09-23 09:25:00.170,4.703,300
2020-09-23 09:25:00.170,4.703,200
2020-09-23 09:25:00.170,4.703,100
2020-09-23 09:25:00.170,4.703,100
2020-09-23 09:25:00.170,4.703,100
2020-09-23 09:25:00.170,4.703,200
2020-09-23 09:25:00.170,4.703,200
2020-09-23 09:25:00.170,4.703,500
2020-09-23 09:25:00.170,4.703,1900
2020-09-23 09:25:00.170,4.703,100
2020-09-23 09:25:00.170,4.703,100
2020-09-23 09:25:00.170,4.703,100
2020-09-23 09:25:00.170,4.703,100
2020-09-23 09:25:00.170,4.703,1000
2020-09-23 09:30:00.020,4.703,1000
2020-09-23 09:30:00.020,4.703,100
2020-09-23 09:30:00.020,4.703,2200
2020-09-23 09:30:00.020,4.703,100
2020-09-23 09:30:00.020,4.703,100
2020-09-23 09:30:00.020,4.703,100
2020-09-23 09:30:00.020,4.703,100
2020-09-23 09:30:00.020,4.703,200
2020-09-23 09:30:00.020,4.703,200
2020-09-23 09:30:00.020,4.703,100
2020-09-23 09:30:00.020,4.703,400
2020-09-23 09:30:00.020,4.703,300
2020-09-23 09:30:00.020,4.703,200
2020-09-23 09:30:00.020,4.703,200
2020-09-23 09:30:00.020,4.703,200
2020-09-23 09:30:00.020,4.703,400
2020-09-23 09:30:00.020,4.703,200
2020-09-23 09:30:00.020,4.703,100
2020-09-23 09:30:00.020,4.703,500
2020-09-23 09:30:00.020,4.703,100
2020-09-23 09:30:00.020,4.703,3400
2020-09-23 09:30:00.020,4.703,1000
2020-09-23 09:30:00.020,4.703,100
2020-09-23 09:30:00.020,4.703,100
2020-09-23 09:30:00.020,4.703,300
2020-09-23 09:30:00.020,4.703,100
2020-09-23 09:30:00.020,4.703,100
2020-09-23 09:30:00.020,4.703,400
2020-09-23 09:30:00.020,4.703,100
2020-09-23 09:30:00.020,4.703,3000
2020-09-23 09:30:00.020,4.703,100
2020-09-23 09:30:00.020,4.703,5000
2020-09-23 09:30:00.020,4.703,100
2020-09-23 09:30:00.020,4.703,200
2020-09-23 09:30:00.020,4.703,100
2020-09-23 09:30:00.020,4.703,2800
2020-09-23 09:30:00.020,4.703,5000
2020-09-23 09:30:00.020,4.703,5000
2020-09-23 09:30:00.020,4.703,1900
2020-09-23 09:30:00.020,4.703,300
2020-09-23 09:30:00.020,4.703,4100
2020-09-23 09:30:00.200,4.704,100
2020-09-23 09:30:00.200,4.704,10000
2020-09-23 09:30:00.200,4.704,4000
2020-09-23 09:30:00.200,4.704,5900
2020-09-23 09:30:00.310,4.704,3400
2020-09-23 09:30:00.310,4.704,8600
2020-09-23 09:30:00.370,4.703,6700
2020-09-23 09:30:00.370,4.702,100
2020-09-23 09:30:00.370,4.702,100
2020-09-23 09:30:00.370,4.702,1700
2020-09-23 09:30:00.370,4.702,3000
2020-09-23 09:30:00.370,4.702,100
2020-09-23 09:30:00.370,4.702,500
2020-09-23 09:30:00.370,4.702,1400
2020-09-23 09:30:00.370,4.704,1000
2020-09-23 09:30:00.370,4.704,200
2020-09-23 09:30:00.370,4.703,500
2020-09-23 09:30:00.370,4.704,100
2020-09-23 09:30:00.460,4.704,700
2020-09-23 09:30:00.560,4.704,2000
2020-09-23 09:30:00.690,4.704,300
2020-09-23 09:30:00.690,4.703,10200
2020-09-23 09:30:00.690,4.703,5000
2020-09-23 09:30:00.690,4.703,1000
2020-09-23 09:30:00.690,4.703,200
2020-09-23 09:30:00.690,4.703,5000
2020-09-23 09:30:00.690,4.703,700
2020-09-23 09:30:00.690,4.703,3000
2020-09-23 09:30:00.820,4.703,10000
2020-09-23 09:30:00.820,4.703,2000
2020-09-23 09:30:00.820,4.703,600
2020-09-23 09:30:00.820,4.703,2300
2020-09-23 09:30:00.820,4.704,200
2020-09-23 09:30:00.820,4.704,100
2020-09-23 09:30:01.020,4.704,100
2020-09-23 09:30:01.020,4.704,100
2020-09-23 09:30:01.180,4.704,97200
2020-09-23 09:30:01.180,4.704,25000
2020-09-23 09:30:01.180,4.704,77800
2020-09-23 09:30:01.180,4.704,6900
2020-09-23 09:30:01.180,4.704,5000
2020-09-23 09:30:01.180,4.703,76800
2020-09-23 09:30:01.180,4.703,200
2020-09-23 09:30:01.180,4.703,2500
2020-09-23 09:30:01.180,4.703,5000
2020-09-23 09:30:01.180,4.702,100
2020-09-23 09:30:01.180,4.702,6400
2020-09-23 09:30:01.180,4.702,100
2020-09-23 09:30:01.180,4.702,20000
2020-09-23 09:30:01.320,4.702,700
2020-09-23 09:30:01.320,4.702,6000
2020-09-23 09:30:01.320,4.702,10700
2020-09-23 09:30:01.320,4.702,1200
2020-09-23 09:30:01.320,4.702,100
2020-09-23 09:30:01.320,4.702,200
2020-09-23 09:30:01.320,4.702,100
2020-09-23 09:30:01.320,4.702,21000
2020-09-23 09:30:01.440,4.702,100
2020-09-23 09:30:01.440,4.702,4000
2020-09-23 09:30:01.560,4.702,100
2020-09-23 09:30:01.560,4.702,100
2020-09-23 09:30:01.560,4.702,100
2020-09-23 09:30:01.560,4.702,1000
2020-09-23 09:30:01.560,4.702,1000
2020-09-23 09:30:01.740,4.701,4000
2020-09-23 09:30:01.740,4.701,2300
2020-09-23 09:30:01.740,4.702,5000
2020-09-23 09:30:01.740,4.702,5000
2020-09-23 09:30:01.740,4.702,6800
2020-09-23 09:30:01.740,4.702,5000
2020-09-23 09:30:01.740,4.702,500
2020-09-23 09:30:01.860,4.702,100
2020-09-23 09:30:01.860,4.702,20000
2020-09-23 09:30:01.860,4.702,1000
2020-09-23 09:30:01.860,4.702,3200
2020-09-23 09:30:01.860,4.702,50000
2020-09-23 09:30:01.860,4.703,6800
2020-09-23 09:30:01.860,4.703,5000
2020-09-23 09:30:01.990,4.703,100
2020-09-23 09:30:01.990,4.703,700
2020-09-23 09:30:01.990,4.703,10000
2020-09-23 09:30:01.990,4.703,2200
2020-09-23 09:30:02.100,4.703,4300
2020-09-23 09:30:02.100,4.703,50000
2020-09-23 09:30:02.100,4.703,24200
2020-09-23 09:30:02.100,4.703,2000
2020-09-23 09:30:02.100,4.702,4100
2020-09-23 09:30:02.100,4.703,10700
2020-09-23 09:30:02.100,4.703,12000
2020-09-23 09:30:02.100,4.703,100
2020-09-23 09:30:02.100,4.703,100
2020-09-23 09:30:02.210,4.703,200
2020-09-23 09:30:02.210,4.703,100
2020-09-23 09:30:02.210,4.703,1000
2020-09-23 09:30:02.210,4.703,200
2020-09-23 09:30:02.210,4.703,60000
2020-09-23 09:30:02.210,4.703,3000
2020-09-23 09:30:02.210,4.703,100
2020-09-23 09:30:02.210,4.703,26400
2020-09-23 09:30:02.210,4.703,13500
2020-09-23 09:30:02.320,4.703,100
2020-09-23 09:30:02.320,4.702,300
2020-09-23 09:30:02.320,4.701,12700
2020-09-23 09:30:02.320,4.701,2000
2020-09-23 09:30:02.320,4.701,4400
2020-09-23 09:30:02.320,4.701,1400
2020-09-23 09:30:02.320,4.703,100
2020-09-23 09:30:02.390,4.703,2300
2020-09-23 09:30:02.390,4.703,2000
2020-09-23 09:30:02.500,4.703,5000
2020-09-23 09:30:02.500,4.703,10000
2020-09-23 09:30:02.500,4.702,1200
2020-09-23 09:30:02.500,4.703,2000
2020-09-23 09:30:02.500,4.703,1000
2020-09-23 09:30:02.630,4.703,2000
2020-09-23 09:30:02.630,4.703,1000
2020-09-23 09:30:02.630,4.703,2000
2020-09-23 09:30:02.630,4.703,4000
2020-09-23 09:30:02.740,4.703,1900
2020-09-23 09:30:02.740,4.703,100
2020-09-23 09:30:02.740,4.703,5000
2020-09-23 09:30:02.740,4.703,3900
2020-09-23 09:30:02.870,4.703,2000
2020-09-23 09:30:02.870,4.702,35600
2020-09-23 09:30:02.980,4.703,40000
2020-09-23 09:30:02.980,4.702,32400
2020-09-23 09:30:02.980,4.702,15000
2020-09-23 09:30:02.980,4.701,3600
2020-09-23 09:30:02.980,4.701,5000
2020-09-23 09:30:02.980,4.701,17500
2020-09-23 09:30:02.980,4.701,100
2020-09-23 09:30:02.980,4.701,3000
2020-09-23 09:30:02.980,4.701,16700
2020-09-23 09:30:02.980,4.703,28000
2020-09-23 09:30:02.980,4.703,1000
2020-09-23 09:30:03.100,4.703,7600
2020-09-23 09:30:03.100,4.703,10000
2020-09-23 09:30:03.100,4.703,200
2020-09-23 09:30:03.220,4.703,108800
2020-09-23 09:30:03.220,4.703,13000
2020-09-23 09:30:03.220,4.703,5000
2020-09-23 09:30:03.220,4.703,2000
2020-09-23 09:30:03.220,4.702,300
2020-09-23 09:30:03.340,4.701,200
2020-09-23 09:30:03.340,4.703,2500
2020-09-23 09:30:03.340,4.703,100
2020-09-23 09:30:03.470,4.703,200
2020-09-23 09:30:03.470,4.703,300
2020-09-23 09:30:03.470,4.703,3800
2020-09-23 09:30:03.470,4.703,5000
2020-09-23 09:30:03.470,4.703,100
2020-09-23 09:30:03.470,4.703,15000
2020-09-23 09:30:03.470,4.703,5000
2020-09-23 09:30:03.470,4.703,400
2020-09-23 09:30:03.470,4.703,400
2020-09-23 09:30:03.470,4.703,20000
2020-09-23 09:30:03.470,4.703,500
2020-09-23 09:30:03.470,4.703,500
2020-09-23 09:30:03.470,4.703,10000
2020-09-23 09:30:03.470,4.703,3000
2020-09-23 09:30:03.470,4.703,1000
2020-09-23 09:30:03.470,4.703,27800
2020-09-23 09:30:03.470,4.703,800
2020-09-23 09:30:03.470,4.703,500
2020-09-23 09:30:03.470,4.703,500
2020-09-23 09:30:03.470,4.703,500
2020-09-23 09:30:03.470,4.703,100
2020-09-23 09:30:03.470,4.703,4800
2020-09-23 09:30:03.470,4.703,1100
2020-09-23 09:30:03.470,4.703,16100
2020-09-23 09:30:03.470,4.704,40000
2020-09-23 09:30:03.470,4.704,2300
2020-09-23 09:30:03.470,4.704,4000
2020-09-23 09:30:03.470,4.705,100
2020-09-23 09:30:03.470,4.705,200
2020-09-23 09:30:03.470,4.705,100
2020-09-23 09:30:03.470,4.705,100
2020-09-23 09:30:03.470,4.705,2500
2020-09-23 09:30:03.470,4.705,200
2020-09-23 09:30:03.470,4.705,500
2020-09-23 09:30:03.470,4.705,33900
2020-09-23 09:30:03.470,4.705,5000
2020-09-23 09:30:03.470,4.705,20000
2020-09-23 09:30:03.580,4.703,100
2020-09-23 09:30:03.580,4.702,1700
2020-09-23 09:30:03.580,4.702,2500
2020-09-23 09:30:03.650,4.705,600
2020-09-23 09:30:03.650,4.704,500
2020-09-23 09:30:03.650,4.704,1500
2020-09-23 09:30:03.780,4.705,6300
2020-09-23 09:30:03.890,4.704,3500
2020-09-23 09:30:03.890,4.704,200
2020-09-23 09:30:03.890,4.704,500
2020-09-23 09:30:03.890,4.704,400
2020-09-23 09:30:03.890,4.703,3200
2020-09-23 09:30:03.890,4.702,5000
2020-09-23 09:30:04.010,4.702,1000
2020-09-23 09:30:04.010,4.703,2000
2020-09-23 09:30:04.010,4.702,19800
2020-09-23 09:30:04.010,4.702,100
2020-09-23 09:30:04.010,4.702,10000
2020-09-23 09:30:04.010,4.702,70100
2020-09-23 09:30:04.140,4.703,5200
2020-09-23 09:30:04.140,4.703,300
2020-09-23 09:30:04.140,4.705,500
2020-09-23 09:30:04.140,4.705,500
2020-09-23 09:30:04.200,4.705,13600
2020-09-23 09:30:04.200,4.705,300
2020-09-23 09:30:04.200,4.705,4800
2020-09-23 09:30:04.200,4.705,100
2020-09-23 09:30:04.200,4.705,500
2020-09-23 09:30:04.200,4.705,10000
2020-09-23 09:30:04.200,4.705,4000
2020-09-23 09:30:04.200,4.705,5800
2020-09-23 09:30:04.200,4.705,500
2020-09-23 09:30:04.200,4.705,5000
2020-09-23 09:30:04.200,4.705,200
2020-09-23 09:30:04.200,4.705,40000
2020-09-23 09:30:04.200,4.705,500
2020-09-23 09:30:04.200,4.705,1900
2020-09-23 09:30:04.200,4.705,32800
2020-09-23 09:30:04.320,4.705,17200
2020-09-23 09:30:04.320,4.706,3000
2020-09-23 09:30:04.320,4.706,1800
2020-09-23 09:30:04.320,4.706,200
2020-09-23 09:30:04.440,4.705,1000
2020-09-23 09:30:04.440,4.705,500
2020-09-23 09:30:04.440,4.704,4700
2020-09-23 09:30:04.440,4.704,600
2020-09-23 09:30:04.440,4.704,2100
2020-09-23 09:30:04.440,4.704,2100
2020-09-23 09:30:04.440,4.704,400
2020-09-23 09:30:04.440,4.704,6900
2020-09-23 09:30:04.440,4.704,1000
2020-09-23 09:30:04.440,4.704,100
2020-09-23 09:30:04.440,4.703,1000
2020-09-23 09:30:04.440,4.703,600
2020-09-23 09:30:04.530,4.703,400
2020-09-23 09:30:04.530,4.703,100
2020-09-23 09:30:04.530,4.703,200
2020-09-23 09:30:04.530,4.703,300
2020-09-23 09:30:04.590,4.703,10600
2020-09-23 09:30:04.590,4.703,1000
2020-09-23 09:30:04.640,4.703,7400
2020-09-23 09:30:04.640,4.703,900
2020-09-23 09:30:04.680,4.703,1000
2020-09-23 09:30:04.720,4.703,400
2020-09-23 09:30:04.720,4.703,100
2020-09-23 09:30:04.810,4.703,600
2020-09-23 09:30:04.810,4.703,1000
2020-09-23 09:30:04.810,4.703,1000
2020-09-23 09:30:04.840,4.703,100
2020-09-23 09:30:04.840,4.703,5000
2020-09-23 09:30:04.880,4.703,1000
2020-09-23 09:30:04.960,4.703,100
2020-09-23 09:30:04.990,4.703,6200
2020-09-23 09:30:04.990,4.703,1000
2020-09-23 09:30:04.990,4.703,100
2020-09-23 09:30:04.990,4.703,1000
2020-09-23 09:30:04.990,4.706,9800
2020-09-23 09:30:04.990,4.706,1900
2020-09-23 09:30:05.070,4.703,400
2020-09-23 09:30:05.240,4.703,2000
2020-09-23 09:30:05.240,4.703,600
2020-09-23 09:30:05.280,4.703,1000
2020-09-23 09:30:05.430,4.703,25000
2020-09-23 09:30:05.560,4.703,200
2020-09-23 09:30:05.560,4.703,8000
2020-09-23 09:30:05.600,4.702,400
2020-09-23 09:30:05.600,4.703,1000
2020-09-23 09:30:05.640,4.703,11800
2020-09-23 09:30:05.640,4.703,1000
2020-09-23 09:30:05.710,4.706,500
2020-09-23 09:30:05.770,4.704,7000
2020-09-23 09:30:05.810,4.706,7200
2020-09-23 09:30:05.810,4.706,400
2020-09-23 09:30:05.810,4.707,19600
2020-09-23 09:30:08.450,4.706,500
2020-09-23 09:30:08.930,4.706,12500
2020-09-23 09:30:08.930,4.704,200
2020-09-23 09:30:08.930,4.704,4000
2020-09-23 09:30:08.930,4.704,1500
2020-09-23 09:30:08.930,4.704,3000
2020-09-23 09:30:08.930,4.704,400
2020-09-23 09:30:08.930,4.704,600
2020-09-23 09:30:08.930,4.704,2500
2020-09-23 09:30:08.930,4.703,100
2020-09-23 09:30:08.930,4.703,2300
2020-09-23 09:30:08.930,4.703,10900
2020-09-23 09:30:09.960,4.704,600
2020-09-23 09:30:10.020,4.704,700
2020-09-23 09:30:10.020,4.703,3900
2020-09-23 09:30:10.920,4.706,500
2020-09-23 09:30:10.920,4.707,10700
2020-09-23 09:30:11.080,4.707,4300
2020-09-23 09:30:11.270,4.707,100
2020-09-23 09:30:11.400,4.707,20500
2020-09-23 09:30:11.400,4.704,1700
2020-09-23 09:30:11.400,4.704,4700
2020-09-23 09:30:11.520,4.704,40000
2020-09-23 09:30:12.400,4.706,200
2020-09-23 09:30:13.430,4.706,9800
2020-09-23 09:30:13.430,4.706,100
2020-09-23 09:30:13.430,4.706,5000
2020-09-23 09:30:13.520,4.706,2000
2020-09-23 09:30:14.080,4.707,2000
2020-09-23 09:30:14.860,4.707,22800
2020-09-23 09:30:14.860,4.707,1100
2020-09-23 09:30:14.860,4.707,2400
2020-09-23 09:30:14.860,4.707,5000
2020-09-23 09:30:14.860,4.707,1000
2020-09-23 09:30:14.860,4.707,200
2020-09-23 09:30:14.860,4.707,200
2020-09-23 09:30:14.860,4.707,200
2020-09-23 09:30:14.860,4.707,200
2020-09-23 09:30:14.860,4.707,1500
2020-09-23 09:30:14.860,4.707,2500
2020-09-23 09:30:14.860,4.707,10000
2020-09-23 09:30:17.050,4.707,33500
2020-09-23 09:30:17.230,4.708,397800
2020-09-23 09:30:17.230,4.708,100
2020-09-23 09:30:17.230,4.708,1400
2020-09-23 09:30:17.230,4.708,13300
2020-09-23 09:30:17.230,4.708,100
2020-09-23 09:30:17.230,4.708,300
2020-09-23 09:30:17.230,4.708,25000
2020-09-23 09:30:17.230,4.708,25000
2020-09-23 09:30:17.230,4.708,13000
2020-09-23 09:30:17.230,4.708,8800
2020-09-23 09:30:17.230,4.708,8700
2020-09-23 09:30:17.230,4.708,5000
2020-09-23 09:30:17.230,4.708,11000
2020-09-23 09:30:17.230,4.708,10000
2020-09-23 09:30:17.230,4.708,10000
2020-09-23 09:30:17.230,4.708,50000
2020-09-23 09:30:17.230,4.708,5500
2020-09-23 09:30:17.230,4.708,15000
2020-09-23 09:30:18.680,4.708,10000
2020-09-23 09:30:18.680,4.708,37800
2020-09-23 09:30:18.680,4.708,25000
2020-09-23 09:30:22.300,4.709,11200
2020-09-23 09:30:22.300,4.709,2900
2020-09-23 09:30:22.300,4.709,5000
2020-09-23 09:30:22.300,4.709,5000
2020-09-23 09:30:22.300,4.709,3000
2020-09-23 09:30:22.300,4.709,10000
2020-09-23 09:30:22.300,4.71,100
2020-09-23 09:30:22.300,4.71,5700
2020-09-23 09:30:22.300,4.71,100
2020-09-23 09:30:22.300,4.71,500
2020-09-23 09:30:22.300,4.71,3200
2020-09-23 09:30:22.300,4.71,3000
2020-09-23 09:30:22.300,4.71,100
2020-09-23 09:30:22.300,4.71,2500
2020-09-23 09:30:22.300,4.71,15000
2020-09-23 09:30:22.300,4.71,300
2020-09-23 09:30:22.300,4.71,200
2020-09-23 09:30:22.300,4.71,10000
2020-09-23 09:30:22.300,4.71,300
2020-09-23 09:30:22.300,4.71,9000
2020-09-23 09:30:22.300,4.71,1000
2020-09-23 09:30:22.300,4.71,1800
2020-09-23 09:30:22.300,4.71,10000
2020-09-23 09:30:22.300,4.71,800
2020-09-23 09:30:22.300,4.71,5300
2020-09-23 09:30:22.300,4.71,500
2020-09-23 09:30:22.300,4.71,2000
2020-09-23 09:30:22.300,4.71,1000
2020-09-23 09:30:22.300,4.71,200
2020-09-23 09:30:22.300,4.711,500
2020-09-23 09:30:22.300,4.711,500
2020-09-23 09:30:22.300,4.711,12700
2020-09-23 09:30:22.300,4.711,200
2020-09-23 09:30:22.300,4.711,2300
2020-09-23 09:30:22.300,4.711,900
2020-09-23 09:30:22.300,4.711,60000
2020-09-23 09:30:22.300,4.712,100
2020-09-23 09:30:22.300,4.712,2000
2020-09-23 09:30:22.300,4.713,200
2020-09-23 09:30:22.300,4.713,25100
2020-09-23 09:30:22.300,4.713,13400
2020-09-23 09:30:22.300,4.713,10000
2020-09-23 09:30:22.300,4.713,5000
2020-09-23 09:30:22.300,4.713,1400
2020-09-23 09:30:22.300,4.713,9200
2020-09-23 09:30:22.300,4.713,300000
2020-09-23 09:30:22.300,4.714,300
2020-09-23 09:30:22.300,4.714,100
2020-09-23 09:30:22.300,4.714,900
2020-09-23 09:30:22.300,4.714,10800
2020-09-23 09:30:22.300,4.714,2500
2020-09-23 09:30:22.300,4.714,10000
2020-09-23 09:30:22.300,4.714,2600
2020-09-23 09:30:22.300,4.714,19600
2020-09-23 09:30:23.240,4.708,1000
2020-09-23 09:30:25.050,4.711,500
2020-09-23 09:30:25.050,4.711,500
2020-09-23 09:30:26.940,4.708,2000
2020-09-23 09:30:26.940,4.711,11000
2020-09-23 09:30:28.310,4.711,8500
2020-09-23 09:30:29.840,4.708,8000
2020-09-23 09:30:29.840,4.708,100
2020-09-23 09:30:29.840,4.708,50000
2020-09-23 09:30:29.840,4.708,1100
2020-09-23 09:30:29.840,4.707,1000
2020-09-23 09:30:29.840,4.707,10000
2020-09-23 09:30:29.840,4.707,500
2020-09-23 09:30:29.840,4.707,300
2020-09-23 09:30:31.340,4.707,100
2020-09-23 09:30:32.000,4.707,2300
2020-09-23 09:30:32.890,4.707,10000
2020-09-23 09:30:35.770,4.706,200
2020-09-23 09:30:37.150,4.707,37800
2020-09-23 09:30:37.390,4.707,8600
2020-09-23 09:30:37.740,4.707,10500
2020-09-23 09:30:37.740,4.707,1000
2020-09-23 09:30:38.930,4.708,1000
2020-09-23 09:30:38.930,4.708,33000
2020-09-23 09:30:38.930,4.709,20000
2020-09-23 09:30:41.150,4.709,16000
2020-09-23 09:30:41.210,4.709,1000
2020-09-23 09:30:42.240,4.709,29000
2020-09-23 09:30:42.520,4.708,3000
2020-09-23 09:30:42.520,4.707,2800
2020-09-23 09:30:43.250,4.708,1000
2020-09-23 09:30:43.380,4.708,5000
2020-09-23 09:30:43.380,4.707,5000
2020-09-23 09:30:43.560,4.707,37400
2020-09-23 09:30:43.560,4.707,5000
2020-09-23 09:30:43.560,4.707,2300
2020-09-23 09:30:43.560,4.707,3000
2020-09-23 09:30:43.560,4.707,600
2020-09-23 09:30:43.560,4.707,1700
2020-09-23 09:30:43.620,4.708,20000
2020-09-23 09:30:43.620,4.708,50000
2020-09-23 09:30:43.620,4.709,23300
2020-09-23 09:30:44.410,4.709,1000
2020-09-23 09:30:45.780,4.707,200
2020-09-23 09:30:46.000,4.709,100
2020-09-23 09:30:46.030,4.709,100
2020-09-23 09:30:46.090,4.707,20000
2020-09-23 09:30:46.270,4.707,10000
2020-09-23 09:30:46.740,4.707,20000
2020-09-23 09:30:47.440,4.707,8600
2020-09-23 09:30:47.440,4.707,21400
2020-09-23 09:30:47.470,4.707,1600
2020-09-23 09:30:47.470,4.707,200
2020-09-23 09:30:47.470,4.707,1000
2020-09-23 09:30:47.470,4.707,200
2020-09-23 09:30:47.860,4.706,8700
2020-09-23 09:30:47.860,4.706,100
2020-09-23 09:30:47.860,4.706,11200
2020-09-23 09:30:48.870,4.707,900
2020-09-23 09:30:49.020,4.707,300
2020-09-23 09:30:49.290,4.707,200
2020-09-23 09:30:50.230,4.707,2000
2020-09-23 09:30:50.630,4.707,200
2020-09-23 09:30:51.700,4.707,3400
2020-09-23 09:30:51.700,4.707,10500
2020-09-23 09:30:52.060,4.707,4500
2020-09-23 09:30:52.110,4.707,5000
2020-09-23 09:30:52.110,4.707,1000
2020-09-23 09:30:52.110,4.707,200
2020-09-23 09:30:52.200,4.707,24800
2020-09-23 09:30:52.200,4.707,1000
2020-09-23 09:30:52.200,4.708,10000
2020-09-23 09:30:52.200,4.708,4200
2020-09-23 09:30:52.850,4.706,10000
2020-09-23 09:30:54.190,4.707,1200
2020-09-23 09:30:54.370,4.708,100
2020-09-23 09:30:54.710,4.708,700
2020-09-23 09:30:55.130,4.708,2000
2020-09-23 09:30:55.420,4.708,4700
2020-09-23 09:30:55.420,4.707,100
2020-09-23 09:30:55.420,4.707,5000
2020-09-23 09:30:55.420,4.707,200
2020-09-23 09:30:55.420,4.709,27800
2020-09-23 09:30:55.420,4.709,72000
2020-09-23 09:30:55.870,4.706,10000
2020-09-23 09:30:56.140,4.709,2000
2020-09-23 09:30:56.140,4.709,33000
2020-09-23 09:30:56.600,4.706,8800
2020-09-23 09:30:56.600,4.706,200
2020-09-23 09:30:57.270,4.706,4000
2020-09-23 09:30:57.620,4.706,2500
2020-09-23 09:30:57.710,4.706,500
2020-09-23 09:30:57.710,4.707,9400
2020-09-23 09:30:57.710,4.707,12000
2020-09-23 09:30:57.710,4.707,5000
2020-09-23 09:30:57.800,4.708,500
2020-09-23 09:30:57.800,4.708,1800
2020-09-23 09:30:58.410,4.707,5700
2020-09-23 09:30:58.900,4.707,800
2020-09-23 09:30:58.900,4.707,2200
2020-09-23 09:30:59.840,4.708,21400
2020-09-23 09:30:59.840,4.708,500
2020-09-23 09:30:59.840,4.708,1000
2020-09-23 09:30:59.840,4.709,77100
2020-09-23 09:31:00.230,4.707,6000
2020-09-23 09:31:00.830,4.707,11800
2020-09-23 09:31:00.830,4.707,2100
2020-09-23 09:31:00.830,4.706,10600
2020-09-23 09:31:00.830,4.705,200
2020-09-23 09:31:00.830,4.705,8400
2020-09-23 09:31:00.830,4.705,2000
2020-09-23 09:31:00.830,4.704,300
2020-09-23 09:31:00.830,4.704,100
2020-09-23 09:31:00.830,4.704,100
2020-09-23 09:31:00.830,4.704,200
2020-09-23 09:31:00.830,4.704,500
2020-09-23 09:31:00.830,4.704,13700
2020-09-23 09:31:01.400,4.705,1000
2020-09-23 09:31:01.740,4.705,1800
2020-09-23 09:31:01.740,4.706,11400
2020-09-23 09:31:01.740,4.709,8300
2020-09-23 09:31:02.460,4.709,10000
2020-09-23 09:31:02.580,4.708,33000
2020-09-23 09:31:02.580,4.707,1700
2020-09-23 09:31:02.920,4.707,125300
2020-09-23 09:31:02.920,4.707,2300
2020-09-23 09:31:03.430,4.706,1800
2020-09-23 09:31:03.580,4.708,600
2020-09-23 09:31:03.640,4.708,2400
2020-09-23 09:31:03.640,4.709,97600
2020-09-23 09:31:04.210,4.709,1400
2020-09-23 09:31:05.630,4.708,100
2020-09-23 09:31:05.750,4.708,1200
2020-09-23 09:31:05.880,4.706,200
2020-09-23 09:31:05.880,4.706,1100
2020-09-23 09:31:05.880,4.705,200
2020-09-23 09:31:05.880,4.705,5500
2020-09-23 09:31:06.520,4.707,5600
2020-09-23 09:31:06.520,4.708,3700
2020-09-23 09:31:06.520,4.709,9700
2020-09-23 09:31:06.770,4.705,2200
2020-09-23 09:31:06.940,4.709,400
2020-09-23 09:31:07.920,4.709,4500
2020-09-23 09:31:07.920,4.709,1000
2020-09-23 09:31:07.920,4.709,70100
2020-09-23 09:31:07.920,4.709,20000
2020-09-23 09:31:07.920,4.71,500
2020-09-23 09:31:07.920,4.71,3900
2020-09-23 09:31:11.910,4.706,100
2020-09-23 09:31:12.040,4.706,800
2020-09-23 09:31:12.190,4.707,98300
2020-09-23 09:31:12.190,4.708,1700
2020-09-23 09:31:12.230,4.707,21200
2020-09-23 09:31:12.230,4.705,6300
2020-09-23 09:31:12.930,4.708,1000
2020-09-23 09:31:13.110,4.705,7000
2020-09-23 09:31:14.450,4.707,2000
2020-09-23 09:31:14.450,4.706,100
2020-09-23 09:31:14.450,4.706,17900
2020-09-23 09:31:14.670,4.706,3000
2020-09-23 09:31:15.610,4.708,800
2020-09-23 09:31:15.610,4.708,1200
2020-09-23 09:31:16.190,4.705,5000
2020-09-23 09:31:17.040,4.707,100
2020-09-23 09:31:17.040,4.709,56700
2020-09-23 09:31:17.040,4.709,1000
2020-09-23 09:31:17.040,4.709,300
2020-09-23 09:31:17.040,4.71,30000
2020-09-23 09:31:17.040,4.71,11900
2020-09-23 09:31:17.190,4.706,2500
2020-09-23 09:31:20.080,4.707,2800
2020-09-23 09:31:20.080,4.708,10000
2020-09-23 09:31:20.890,4.708,2500
2020-09-23 09:31:21.050,4.708,10000
2020-09-23 09:31:21.210,4.708,7700
2020-09-23 09:31:21.340,4.708,2300
2020-09-23 09:31:21.340,4.71,3100
2020-09-23 09:31:21.340,4.71,1000
2020-09-23 09:31:21.340,4.71,5000
2020-09-23 09:31:21.340,4.71,56700
2020-09-23 09:31:21.340,4.71,5000
2020-09-23 09:31:21.340,4.71,2000
2020-09-23 09:31:21.340,4.71,100
2020-09-23 09:31:21.340,4.71,15000
2020-09-23 09:31:21.340,4.71,100
2020-09-23 09:31:21.340,4.71,9700
2020-09-23 09:31:26.500,4.707,500
2020-09-23 09:31:26.500,4.707,5000
2020-09-23 09:31:26.690,4.706,1000
2020-09-23 09:31:26.690,4.706,1900
2020-09-23 09:31:26.690,4.706,17100
2020-09-23 09:31:27.570,4.706,2600
2020-09-23 09:31:29.100,4.706,10300
2020-09-23 09:31:29.100,4.706,400
2020-09-23 09:31:29.100,4.706,1400
2020-09-23 09:31:29.100,4.706,30000
2020-09-23 09:31:29.100,4.706,500
2020-09-23 09:31:29.100,4.705,7400
2020-09-23 09:31:31.920,4.707,9500
2020-09-23 09:31:32.510,4.707,1000
2020-09-23 09:31:32.810,4.707,2000
2020-09-23 09:31:33.150,4.706,100
2020-09-23 09:31:33.720,4.707,2000
2020-09-23 09:31:33.720,4.707,2100
2020-09-23 09:31:33.720,4.707,4000
2020-09-23 09:31:33.720,4.707,400
2020-09-23 09:31:34.300,4.706,200
2020-09-23 09:31:34.300,4.706,1000
2020-09-23 09:31:34.300,4.705,23200
2020-09-23 09:31:34.580,4.705,1100
2020-09-23 09:31:34.580,4.705,100
2020-09-23 09:31:34.580,4.705,10000
2020-09-23 09:31:34.580,4.705,8800
2020-09-23 09:31:35.140,4.705,1200
2020-09-23 09:31:35.140,4.705,2500
2020-09-23 09:31:35.140,4.705,16300
2020-09-23 09:31:35.630,4.705,22500
2020-09-23 09:31:35.730,4.705,11200
2020-09-23 09:31:35.730,4.705,1100
2020-09-23 09:31:36.150,4.705,1000
2020-09-23 09:31:36.910,4.705,6700
2020-09-23 09:31:36.910,4.705,33000
2020-09-23 09:31:36.940,4.706,10000
2020-09-23 09:31:36.940,4.706,7800
2020-09-23 09:31:38.660,4.706,2000
2020-09-23 09:31:38.690,4.705,10300
2020-09-23 09:31:38.690,4.705,9700
2020-09-23 09:31:38.750,4.706,2000
2020-09-23 09:31:40.050,4.705,14500
2020-09-23 09:31:40.080,4.705,5500
2020-09-23 09:31:40.080,4.706,500
2020-09-23 09:31:41.760,4.704,30000
2020-09-23 09:31:42.640,4.705,4100
2020-09-23 09:31:43.190,4.705,5100
2020-09-23 09:31:43.190,4.705,2000
2020-09-23 09:31:43.190,4.705,2800
2020-09-23 09:31:43.350,4.705,200
2020-09-23 09:31:43.350,4.705,2800
2020-09-23 09:31:43.740,4.705,3000
2020-09-23 09:31:44.080,4.705,10000
2020-09-23 09:31:44.690,4.704,10000
2020-09-23 09:31:44.780,4.704,6300
2020-09-23 09:31:44.780,4.704,200
2020-09-23 09:31:44.780,4.704,1500
2020-09-23 09:31:45.100,4.705,200
2020-09-23 09:31:45.100,4.705,1800
2020-09-23 09:31:45.340,4.705,200
2020-09-23 09:31:45.580,4.705,15100
2020-09-23 09:31:46.250,4.705,16800
2020-09-23 09:31:46.680,4.705,1200
2020-09-23 09:31:46.770,4.705,4000
2020-09-23 09:31:46.840,4.704,300
2020-09-23 09:31:47.190,4.705,1000
2020-09-23 09:31:47.410,4.704,1200
2020-09-23 09:31:47.410,4.704,1000
2020-09-23 09:31:47.720,4.703,10000
2020-09-23 09:31:47.720,4.703,20000
2020-09-23 09:31:47.720,4.703,5200
2020-09-23 09:31:47.720,4.703,700
2020-09-23 09:31:47.720,4.703,5000
2020-09-23 09:31:47.720,4.703,39100
2020-09-23 09:31:48.650,4.704,7800
2020-09-23 09:31:48.650,4.705,700
2020-09-23 09:31:48.650,4.705,91500
2020-09-23 09:31:49.510,4.704,200
2020-09-23 09:31:49.510,4.705,2300
2020-09-23 09:31:49.570,4.704,100
2020-09-23 09:31:49.720,4.704,100
2020-09-23 09:31:49.720,4.705,1300
2020-09-23 09:31:50.730,4.703,3000
2020-09-23 09:31:50.730,4.703,200
2020-09-23 09:31:50.730,4.703,6800
2020-09-23 09:31:51.320,4.704,1700
2020-09-23 09:31:52.260,4.703,3200
2020-09-23 09:31:52.260,4.703,1400
2020-09-23 09:31:52.260,4.702,2400
2020-09-23 09:31:53.000,4.704,4300
2020-09-23 09:31:53.000,4.704,10900
2020-09-23 09:31:53.000,4.704,3000
2020-09-23 09:31:53.000,4.704,31700
2020-09-23 09:31:53.000,4.705,4900
2020-09-23 09:31:53.000,4.705,25000
2020-09-23 09:31:53.000,4.705,100
2020-09-23 09:31:53.000,4.706,20100
2020-09-23 09:31:53.690,4.703,2000
2020-09-23 09:31:53.690,4.702,37100
2020-09-23 09:31:53.690,4.702,900
2020-09-23 09:31:53.720,4.702,9100
2020-09-23 09:31:53.720,4.702,500
2020-09-23 09:31:53.720,4.702,20400
2020-09-23 09:31:55.710,4.704,200
2020-09-23 09:31:56.060,4.704,100
2020-09-23 09:31:56.730,4.702,1000
2020-09-23 09:31:56.730,4.702,500
2020-09-23 09:31:56.730,4.702,48500
2020-09-23 09:31:56.760,4.702,30000
2020-09-23 09:31:59.100,4.704,50000
2020-09-23 09:31:59.220,4.704,45000
2020-09-23 09:31:59.270,4.702,16900
2020-09-23 09:31:59.300,4.702,1200
2020-09-23 09:31:59.720,4.702,3400
2020-09-23 09:31:59.720,4.702,26600
2020-09-23 09:31:59.720,4.702,3400
2020-09-23 09:31:59.720,4.702,6600
2020-09-23 09:31:59.720,4.702,20000
2020-09-23 09:32:00.080,4.702,23400
2020-09-23 09:32:00.080,4.701,3100
2020-09-23 09:32:00.080,4.701,1800
2020-09-23 09:32:00.080,4.701,400
2020-09-23 09:32:00.080,4.701,1300
2020-09-23 09:32:00.420,4.702,200
2020-09-23 09:32:00.580,4.702,5000
2020-09-23 09:32:00.810,4.702,900
2020-09-23 09:32:00.810,4.702,100
2020-09-23 09:32:01.150,4.702,1100
2020-09-23 09:32:02.000,4.702,4100
2020-09-23 09:32:02.000,4.702,2000
2020-09-23 09:32:02.000,4.703,1900
2020-09-23 09:32:02.730,4.701,8700
2020-09-23 09:32:02.730,4.701,21300
2020-09-23 09:32:02.730,4.701,28700
2020-09-23 09:32:02.730,4.701,10000
2020-09-23 09:32:02.730,4.701,1300
2020-09-23 09:32:02.730,4.701,1200
2020-09-23 09:32:02.730,4.701,700
2020-09-23 09:32:02.730,4.701,5000
2020-09-23 09:32:02.730,4.701,500
2020-09-23 09:32:02.730,4.701,2600
2020-09-23 09:32:03.580,4.702,500
2020-09-23 09:32:03.920,4.702,3300
2020-09-23 09:32:03.920,4.703,5300
2020-09-23 09:32:03.920,4.703,20000
2020-09-23 09:32:03.920,4.704,3700
2020-09-23 09:32:03.920,4.704,17000
2020-09-23 09:32:03.920,4.704,700
2020-09-23 09:32:05.050,4.701,1900
2020-09-23 09:32:05.050,4.701,100
2020-09-23 09:32:05.500,4.701,2100
2020-09-23 09:32:05.530,4.702,500
2020-09-23 09:32:05.740,4.701,1100
2020-09-23 09:32:05.740,4.701,5500
2020-09-23 09:32:05.740,4.701,5000
2020-09-23 09:32:05.740,4.701,18400
2020-09-23 09:32:05.740,4.701,10000
2020-09-23 09:32:06.640,4.702,100
2020-09-23 09:32:07.040,4.702,200
2020-09-23 09:32:07.310,4.702,400
2020-09-23 09:32:07.370,4.701,10100
2020-09-23 09:32:07.370,4.701,4000
2020-09-23 09:32:07.990,4.702,100
2020-09-23 09:32:08.190,4.702,7900
2020-09-23 09:32:08.190,4.702,600
2020-09-23 09:32:08.190,4.702,2500
2020-09-23 09:32:08.190,4.702,25000
2020-09-23 09:32:08.190,4.703,14000
2020-09-23 09:32:08.380,4.701,7500
2020-09-23 09:32:08.380,4.701,22500
2020-09-23 09:32:08.400,4.701,10000
2020-09-23 09:32:08.400,4.701,10000
2020-09-23 09:32:08.400,4.701,10000
2020-09-23 09:32:08.400,4.701,30000
2020-09-23 09:32:08.400,4.701,17500
2020-09-23 09:32:08.400,4.701,12500
2020-09-23 09:32:08.770,4.701,300
2020-09-23 09:32:08.770,4.701,500
2020-09-23 09:32:09.040,4.701,6500
2020-09-23 09:32:09.790,4.701,2000
2020-09-23 09:32:10.230,4.701,100
2020-09-23 09:32:11.400,4.7,200
2020-09-23 09:32:11.400,4.7,4000
2020-09-23 09:32:11.400,4.7,100
2020-09-23 09:32:11.400,4.7,500
2020-09-23 09:32:11.400,4.7,100
2020-09-23 09:32:11.400,4.7,200
2020-09-23 09:32:11.400,4.7,2200
2020-09-23 09:32:11.400,4.7,6000
2020-09-23 09:32:11.400,4.7,4300
2020-09-23 09:32:11.400,4.7,300
2020-09-23 09:32:11.400,4.7,100
2020-09-23 09:32:11.400,4.7,700
2020-09-23 09:32:11.400,4.7,200
2020-09-23 09:32:11.400,4.7,100
2020-09-23 09:32:11.400,4.7,200
2020-09-23 09:32:11.400,4.7,200
2020-09-23 09:32:11.400,4.7,400
2020-09-23 09:32:11.400,4.7,20000
2020-09-23 09:32:11.400,4.7,200
2020-09-23 09:32:11.400,4.7,1800
2020-09-23 09:32:11.400,4.7,100
2020-09-23 09:32:11.400,4.7,1000
2020-09-23 09:32:11.400,4.7,45900
2020-09-23 09:32:11.400,4.7,100
2020-09-23 09:32:11.400,4.7,100
2020-09-23 09:32:11.400,4.7,100
2020-09-23 09:32:11.400,4.7,100
2020-09-23 09:32:11.400,4.7,800
2020-09-23 09:32:11.400,4.7,200
2020-09-23 09:32:11.400,4.7,900
2020-09-23 09:32:11.400,4.7,200
2020-09-23 09:32:11.400,4.7,20000
2020-09-23 09:32:11.400,4.7,500
2020-09-23 09:32:11.400,4.7,18200
2020-09-23 09:32:11.400,4.7,1800
2020-09-23 09:32:11.400,4.7,5000
2020-09-23 09:32:11.400,4.7,1000
2020-09-23 09:32:11.400,4.7,5000
2020-09-23 09:32:11.400,4.7,200
2020-09-23 09:32:11.400,4.7,3600
2020-09-23 09:32:11.400,4.7,6100
2020-09-23 09:32:11.400,4.7,500
2020-09-23 09:32:11.400,4.7,1000
2020-09-23 09:32:11.400,4.7,400
2020-09-23 09:32:11.400,4.7,10000
2020-09-23 09:32:11.400,4.7,100
2020-09-23 09:32:11.400,4.7,100
2020-09-23 09:32:11.400,4.7,3000
2020-09-23 09:32:11.400,4.7,200
2020-09-23 09:32:11.400,4.7,12000
2020-09-23 09:32:11.400,4.7,26200
2020-09-23 09:32:11.400,4.7,3000
2020-09-23 09:32:11.400,4.7,800
2020-09-23 09:32:11.400,4.7,1200
2020-09-23 09:32:11.400,4.7,200
2020-09-23 09:32:11.400,4.7,1000
2020-09-23 09:32:11.400,4.7,1000
2020-09-23 09:32:11.400,4.7,100
2020-09-23 09:32:11.400,4.7,1000
2020-09-23 09:32:11.400,4.7,10000
2020-09-23 09:32:11.400,4.7,15000
2020-09-23 09:32:11.400,4.7,10000
2020-09-23 09:32:11.400,4.7,100
2020-09-23 09:32:11.400,4.7,1000
2020-09-23 09:32:11.400,4.7,1000
2020-09-23 09:32:11.400,4.7,5700
2020-09-23 09:32:11.400,4.7,100
2020-09-23 09:32:11.400,4.7,2600
2020-09-23 09:32:11.650,4.701,1000
2020-09-23 09:32:12.610,4.701,1500
2020-09-23 09:32:13.470,4.701,1000
2020-09-23 09:32:13.470,4.701,800
2020-09-23 09:32:13.470,4.701,1200
2020-09-23 09:32:14.190,4.7,2400
2020-09-23 09:32:14.190,4.7,100
2020-09-23 09:32:14.190,4.7,200
2020-09-23 09:32:14.190,4.7,300
2020-09-23 09:32:14.190,4.7,2000
2020-09-23 09:32:14.190,4.7,500
2020-09-23 09:32:14.190,4.7,100
2020-09-23 09:32:14.190,4.7,10000
2020-09-23 09:32:14.190,4.7,2000
2020-09-23 09:32:15.420,4.7,800
2020-09-23 09:32:16.780,4.7,100
2020-09-23 09:32:17.270,4.7,300
2020-09-23 09:32:17.510,4.7,20000
2020-09-23 09:32:17.600,4.7,100
2020-09-23 09:32:18.140,4.7,1000
2020-09-23 09:32:18.320,4.699,500
2020-09-23 09:32:18.320,4.699,100
2020-09-23 09:32:18.320,4.699,100
2020-09-23 09:32:18.320,4.699,200
2020-09-23 09:32:18.320,4.699,200
2020-09-23 09:32:18.320,4.699,100
2020-09-23 09:32:18.320,4.699,200
2020-09-23 09:32:18.320,4.699,100
2020-09-23 09:32:18.320,4.699,6000
2020-09-23 09:32:18.320,4.699,100
2020-09-23 09:32:18.320,4.699,1000
2020-09-23 09:32:18.320,4.699,200
2020-09-23 09:32:18.320,4.699,300
2020-09-23 09:32:18.320,4.699,200
2020-09-23 09:32:18.320,4.699,200
2020-09-23 09:32:18.320,4.699,100
2020-09-23 09:32:18.320,4.699,1000
2020-09-23 09:32:18.320,4.699,100
2020-09-23 09:32:18.320,4.699,100
2020-09-23 09:32:18.320,4.699,100
2020-09-23 09:32:18.320,4.699,100
2020-09-23 09:32:18.320,4.699,100
2020-09-23 09:32:18.320,4.699,100
2020-09-23 09:32:18.320,4.699,600
2020-09-23 09:32:18.320,4.699,500
2020-09-23 09:32:18.320,4.699,100
2020-09-23 09:32:18.320,4.699,300
2020-09-23 09:32:18.320,4.699,100
2020-09-23 09:32:18.320,4.699,100
2020-09-23 09:32:18.320,4.699,1500
2020-09-23 09:32:18.320,4.699,100
2020-09-23 09:32:18.320,4.699,1000
2020-09-23 09:32:18.320,4.699,100
2020-09-23 09:32:18.320,4.699,100
2020-09-23 09:32:18.320,4.699,100
2020-09-23 09:32:18.320,4.699,100
2020-09-23 09:32:18.320,4.699,300
2020-09-23 09:32:18.320,4.699,10000
2020-09-23 09:32:18.320,4.699,200
2020-09-23 09:32:18.320,4.699,100
2020-09-23 09:32:18.320,4.699,100
2020-09-23 09:32:18.320,4.699,100
2020-09-23 09:32:18.320,4.699,200
2020-09-23 09:32:18.320,4.699,100
2020-09-23 09:32:18.320,4.699,100
2020-09-23 09:32:18.320,4.699,100
2020-09-23 09:32:18.320,4.699,2800
2020-09-23 09:32:19.070,4.7,30000
2020-09-23 09:32:19.330,4.7,21300
2020-09-23 09:32:19.330,4.7,15600
2020-09-23 09:32:19.330,4.7,5400
2020-09-23 09:32:20.310,4.7,10000
2020-09-23 09:32:20.470,4.7,30000
2020-09-23 09:32:20.470,4.7,50000
2020-09-23 09:32:20.470,4.7,900
2020-09-23 09:32:20.530,4.7,30000
2020-09-23 09:32:20.530,4.7,30000
2020-09-23 09:32:20.530,4.7,30000
2020-09-23 09:32:20.530,4.7,30000
2020-09-23 09:32:20.530,4.7,30000
2020-09-23 09:32:20.530,4.7,30000
2020-09-23 09:32:20.530,4.7,30000
2020-09-23 09:32:20.530,4.7,14100
2020-09-23 09:32:20.530,4.699,2900
2020-09-23 09:32:20.530,4.699,100
2020-09-23 09:32:20.530,4.699,200
2020-09-23 09:32:20.530,4.699,100
2020-09-23 09:32:20.530,4.699,100
2020-09-23 09:32:20.530,4.699,100
2020-09-23 09:32:20.530,4.699,100
2020-09-23 09:32:20.530,4.699,9600
2020-09-23 09:32:20.530,4.699,100
2020-09-23 09:32:20.530,4.699,1000
2020-09-23 09:32:20.530,4.699,100
2020-09-23 09:32:20.530,4.699,100
2020-09-23 09:32:20.530,4.699,100
2020-09-23 09:32:20.530,4.699,500
2020-09-23 09:32:20.530,4.699,100
2020-09-23 09:32:20.530,4.699,200
2020-09-23 09:32:20.530,4.699,100
2020-09-23 09:32:20.530,4.699,400
2020-09-23 09:32:20.530,4.699,600
2020-09-23 09:32:20.530,4.699,1200
2020-09-23 09:32:20.530,4.699,300
2020-09-23 09:32:20.530,4.699,100
2020-09-23 09:32:20.530,4.699,100
2020-09-23 09:32:20.530,4.699,100
2020-09-23 09:32:20.530,4.699,600
2020-09-23 09:32:20.530,4.699,200
2020-09-23 09:32:20.530,4.699,200
2020-09-23 09:32:20.530,4.699,200
2020-09-23 09:32:20.530,4.699,100
2020-09-23 09:32:20.530,4.699,100
2020-09-23 09:32:20.530,4.699,100
2020-09-23 09:32:20.530,4.699,5000
2020-09-23 09:32:20.530,4.699,200
2020-09-23 09:32:20.530,4.699,100
2020-09-23 09:32:20.530,4.699,1900
2020-09-23 09:32:20.530,4.699,12700
2020-09-23 09:32:20.530,4.699,6200
2020-09-23 09:32:20.530,4.699,3800
2020-09-23 09:32:20.530,4.699,2000
2020-09-23 09:32:20.530,4.699,700
2020-09-23 09:32:20.530,4.699,2000
2020-09-23 09:32:20.530,4.699,21500
2020-09-23 09:32:20.530,4.699,28500
2020-09-23 09:32:20.530,4.699,1500
2020-09-23 09:32:20.530,4.699,28500
2020-09-23 09:32:20.530,4.699,21500
2020-09-23 09:32:20.530,4.699,30000
2020-09-23 09:32:20.530,4.699,50000
2020-09-23 09:32:20.530,4.699,10000
2020-09-23 09:32:20.530,4.699,30000
2020-09-23 09:32:21.010,4.701,2500
2020-09-23 09:32:21.670,4.7,2800
2020-09-23 09:32:21.670,4.7,7200
2020-09-23 09:32:22.630,4.701,2300
2020-09-23 09:32:22.630,4.701,10000
2020-09-23 09:32:22.630,4.701,17700
2020-09-23 09:32:23.150,4.7,6000
2020-09-23 09:32:23.220,4.7,2800
2020-09-23 09:32:23.500,4.701,52300
2020-09-23 09:32:23.500,4.701,20000
2020-09-23 09:32:23.500,4.701,116800
2020-09-23 09:32:23.500,4.701,100900
2020-09-23 09:32:23.500,4.701,2000
2020-09-23 09:32:24.660,4.702,30000
2020-09-23 09:32:24.810,4.701,1500
2020-09-23 09:32:25.110,4.701,2000
2020-09-23 09:32:25.480,4.701,3000
2020-09-23 09:32:25.930,4.701,1500
2020-09-23 09:32:25.930,4.701,2500
2020-09-23 09:32:26.200,4.702,20000
2020-09-23 09:32:26.200,4.702,10000
2020-09-23 09:32:26.380,4.701,10500
2020-09-23 09:32:26.890,4.701,2000
2020-09-23 09:32:27.040,4.702,2600
2020-09-23 09:32:27.340,4.702,100
2020-09-23 09:32:29.080,4.702,100
2020-09-23 09:32:29.300,4.701,1200
2020-09-23 09:32:29.300,4.701,800
2020-09-23 09:32:29.840,4.701,29200
2020-09-23 09:32:29.840,4.701,20800
2020-09-23 09:32:29.900,4.701,50000
2020-09-23 09:32:29.900,4.701,30000
2020-09-23 09:32:29.900,4.701,20000
2020-09-23 09:32:29.900,4.701,50000
2020-09-23 09:32:30.290,4.701,20000
2020-09-23 09:32:30.290,4.701,20000
2020-09-23 09:32:30.540,4.702,7200
2020-09-23 09:32:30.540,4.702,2800
2020-09-23 09:32:31.230,4.702,13400
2020-09-23 09:32:31.360,4.701,5000
2020-09-23 09:32:31.420,4.701,500
2020-09-23 09:32:31.730,4.701,9900
2020-09-23 09:32:31.730,4.701,3000
2020-09-23 09:32:31.730,4.7,16200
2020-09-23 09:32:32.130,4.702,1400
2020-09-23 09:32:32.380,4.701,10000
2020-09-23 09:32:32.380,4.701,20000
2020-09-23 09:32:35.030,4.701,200
2020-09-23 09:32:35.180,4.701,9800
2020-09-23 09:32:35.180,4.7,4200
2020-09-23 09:32:35.360,4.7,22000
2020-09-23 09:32:36.330,4.7,10000
2020-09-23 09:32:36.390,4.7,20000
2020-09-23 09:32:36.630,4.7,26600
2020-09-23 09:32:36.630,4.7,16000
2020-09-23 09:32:37.150,4.7,5000
2020-09-23 09:32:37.870,4.7,9000
2020-09-23 09:32:37.870,4.7,1000
2020-09-23 09:32:38.130,4.701,20000
2020-09-23 09:32:38.540,4.701,10000
2020-09-23 09:32:38.540,4.701,6500
2020-09-23 09:32:39.120,4.7,6700
2020-09-23 09:32:40.190,4.701,3000
2020-09-23 09:32:40.340,4.701,38900
2020-09-23 09:32:40.680,4.701,20000
2020-09-23 09:32:41.110,4.701,1100
2020-09-23 09:32:41.230,4.701,50000
2020-09-23 09:32:41.410,4.701,50000
2020-09-23 09:32:41.410,4.701,20000
2020-09-23 09:32:41.410,4.701,30000
2020-09-23 09:32:41.410,4.701,30000
2020-09-23 09:32:41.410,4.701,30000
2020-09-23 09:32:41.410,4.701,30000
2020-09-23 09:32:41.410,4.701,30000
2020-09-23 09:32:41.410,4.701,20000
2020-09-23 09:32:41.410,4.701,30000
2020-09-23 09:32:41.410,4.701,30000
2020-09-23 09:32:41.410,4.701,50000
2020-09-23 09:32:41.410,4.701,30000
2020-09-23 09:32:41.410,4.701,10000
2020-09-23 09:32:41.410,4.701,20000
2020-09-23 09:32:42.920,4.702,900
2020-09-23 09:32:42.920,4.702,9100
2020-09-23 09:32:43.160,4.701,6900
2020-09-23 09:32:44.310,4.701,2600
2020-09-23 09:32:44.400,4.701,10000
2020-09-23 09:32:45.360,4.701,500
2020-09-23 09:32:45.360,4.701,500
2020-09-23 09:32:46.360,4.701,1600
2020-09-23 09:32:46.360,4.701,200
2020-09-23 09:32:46.360,4.701,2200
2020-09-23 09:32:46.360,4.701,4900
2020-09-23 09:32:46.510,4.702,100
2020-09-23 09:32:46.570,4.701,2500
2020-09-23 09:32:47.560,4.701,2600
2020-09-23 09:32:47.910,4.7,1000
2020-09-23 09:32:47.960,4.7,1300
2020-09-23 09:32:47.960,4.7,45200
2020-09-23 09:32:49.120,4.701,700
2020-09-23 09:32:50.030,4.7,300
2020-09-23 09:32:50.030,4.7,2200
2020-09-23 09:32:50.420,4.7,4600
2020-09-23 09:32:50.420,4.7,5000
2020-09-23 09:32:50.420,4.7,400
2020-09-23 09:32:50.740,4.7,3000
2020-09-23 09:32:50.740,4.7,200
2020-09-23 09:32:50.740,4.7,100
2020-09-23 09:32:50.740,4.7,1700
2020-09-23 09:32:50.740,4.7,300
2020-09-23 09:32:50.740,4.699,6200
2020-09-23 09:32:50.990,4.701,900
2020-09-23 09:32:51.070,4.701,12100
2020-09-23 09:32:53.440,4.699,30000
2020-09-23 09:32:53.500,4.699,13800
2020-09-23 09:32:53.500,4.699,1000
2020-09-23 09:32:53.500,4.699,500
2020-09-23 09:32:53.500,4.699,20000
2020-09-23 09:32:53.620,4.699,14700
2020-09-23 09:32:53.620,4.699,300
2020-09-23 09:32:53.740,4.699,5000
2020-09-23 09:32:53.890,4.699,4700
2020-09-23 09:32:53.890,4.699,30000
2020-09-23 09:32:53.890,4.699,10300
2020-09-23 09:32:54.310,4.699,1200
2020-09-23 09:32:54.630,4.699,5000
2020-09-23 09:32:55.240,4.699,3500
2020-09-23 09:32:55.730,4.7,1100
2020-09-23 09:32:55.730,4.7,10000
2020-09-23 09:32:55.730,4.701,110300
2020-09-23 09:32:55.730,4.701,40000
2020-09-23 09:32:55.730,4.701,9400
2020-09-23 09:32:55.730,4.701,20000
2020-09-23 09:32:55.730,4.701,100
2020-09-23 09:32:55.730,4.701,10000
2020-09-23 09:32:55.730,4.701,2000
2020-09-23 09:32:55.730,4.702,40800
2020-09-23 09:32:55.730,4.702,300000
2020-09-23 09:32:55.730,4.702,30500
2020-09-23 09:32:55.730,4.702,25800
2020-09-23 09:32:55.790,4.7,100
2020-09-23 09:32:57.330,4.699,30000
2020-09-23 09:32:57.330,4.699,16500
2020-09-23 09:32:57.330,4.699,13500
2020-09-23 09:32:57.330,4.699,16500
2020-09-23 09:32:57.330,4.699,3500
2020-09-23 09:32:58.380,4.7,100
2020-09-23 09:32:58.380,4.7,600
2020-09-23 09:32:59.100,4.7,14300
2020-09-23 09:33:00.050,4.7,100
2020-09-23 09:33:00.180,4.7,500
2020-09-23 09:33:02.520,4.7,1000
2020-09-23 09:33:03.180,4.7,5800
2020-09-23 09:33:03.180,4.7,44200
2020-09-23 09:33:04.620,4.7,200
2020-09-23 09:33:04.650,4.7,5000
2020-09-23 09:33:05.000,4.7,600
2020-09-23 09:33:05.000,4.7,400
2020-09-23 09:33:05.220,4.699,25000
2020-09-23 09:33:05.220,4.698,6000
2020-09-23 09:33:05.220,4.698,2000
2020-09-23 09:33:05.220,4.698,100
2020-09-23 09:33:05.220,4.698,1100
2020-09-23 09:33:05.220,4.698,8800
2020-09-23 09:33:05.220,4.698,7500
2020-09-23 09:33:05.220,4.698,7900
2020-09-23 09:33:06.220,4.7,5000
2020-09-23 09:33:07.160,4.698,50000
2020-09-23 09:33:07.330,4.698,30000
2020-09-23 09:33:07.360,4.698,12100
2020-09-23 09:33:07.360,4.698,4000
2020-09-23 09:33:07.360,4.698,500
2020-09-23 09:33:07.360,4.698,200
2020-09-23 09:33:07.360,4.698,3200
2020-09-23 09:33:07.360,4.698,5800
2020-09-23 09:33:07.360,4.698,300
2020-09-23 09:33:08.050,4.698,3000
2020-09-23 09:33:08.980,4.697,5000
2020-09-23 09:33:08.980,4.697,100
2020-09-23 09:33:08.980,4.697,500
2020-09-23 09:33:08.980,4.697,5000
2020-09-23 09:33:08.980,4.697,2500
2020-09-23 09:33:08.980,4.697,4500
2020-09-23 09:33:08.980,4.697,1500
2020-09-23 09:33:09.370,4.697,20900
2020-09-23 09:33:09.750,4.696,2000
2020-09-23 09:33:09.750,4.696,1000
2020-09-23 09:33:09.750,4.696,9000
2020-09-23 09:33:09.790,4.697,2500
2020-09-23 09:33:10.310,4.697,1300
2020-09-23 09:33:10.310,4.697,6200
2020-09-23 09:33:10.380,4.697,800
2020-09-23 09:33:10.650,4.698,500
2020-09-23 09:33:11.110,4.698,20400
2020-09-23 09:33:11.110,4.698,500
2020-09-23 09:33:11.770,4.697,900
2020-09-23 09:33:12.170,4.698,1300
2020-09-23 09:33:12.810,4.698,48200
2020-09-23 09:33:12.810,4.698,200000
2020-09-23 09:33:14.250,4.698,5000
2020-09-23 09:33:15.290,4.7,10000
2020-09-23 09:33:16.040,4.7,38400
2020-09-23 09:33:16.040,4.7,11600
2020-09-23 09:33:16.440,4.698,1000
2020-09-23 09:33:17.450,4.698,10000
2020-09-23 09:33:17.450,4.698,10000
2020-09-23 09:33:18.600,4.698,1100
2020-09-23 09:33:19.300,4.698,5000
2020-09-23 09:33:19.330,4.699,500
2020-09-23 09:33:19.770,4.698,1100
2020-09-23 09:33:19.860,4.698,1200
2020-09-23 09:33:20.160,4.699,10000
2020-09-23 09:33:20.400,4.698,17400
2020-09-23 09:33:20.400,4.698,5000
2020-09-23 09:33:20.400,4.698,100
2020-09-23 09:33:20.400,4.698,7500
2020-09-23 09:33:20.400,4.698,10000
2020-09-23 09:33:20.700,4.698,2500
2020-09-23 09:33:20.700,4.698,14000
2020-09-23 09:33:21.130,4.698,5000
2020-09-23 09:33:21.630,4.698,300
2020-09-23 09:33:21.980,4.698,1000
2020-09-23 09:33:23.170,4.697,100
2020-09-23 09:33:23.170,4.697,64900
2020-09-23 09:33:25.470,4.698,900
2020-09-23 09:33:25.470,4.698,200
2020-09-23 09:33:25.470,4.698,2300
2020-09-23 09:33:27.060,4.698,1100
2020-09-23 09:33:27.190,4.698,1500
2020-09-23 09:33:27.190,4.698,6000
2020-09-23 09:33:27.190,4.698,2000
2020-09-23 09:33:27.190,4.698,40000
2020-09-23 09:33:27.190,4.698,1500
2020-09-23 09:33:27.190,4.699,10600
2020-09-23 09:33:27.190,4.699,40000
2020-09-23 09:33:27.190,4.699,10000
2020-09-23 09:33:27.190,4.699,50000
2020-09-23 09:33:27.190,4.7,28400
2020-09-23 09:33:27.190,4.7,50000
2020-09-23 09:33:27.190,4.7,1200
2020-09-23 09:33:27.190,4.7,5000
2020-09-23 09:33:29.020,4.7,50000
2020-09-23 09:33:29.360,4.7,30000
2020-09-23 09:33:29.410,4.7,30000
2020-09-23 09:33:29.410,4.7,30000
2020-09-23 09:33:29.410,4.7,30000
2020-09-23 09:33:29.410,4.7,30000
2020-09-23 09:33:29.410,4.7,30000
2020-09-23 09:33:29.410,4.7,20000
2020-09-23 09:33:29.410,4.7,10000
2020-09-23 09:33:29.410,4.7,20000
2020-09-23 09:33:29.410,4.7,20000
2020-09-23 09:33:29.410,4.7,20000
2020-09-23 09:33:29.410,4.7,30000
2020-09-23 09:33:29.410,4.7,20000
2020-09-23 09:33:29.410,4.7,30000
2020-09-23 09:33:30.180,4.7,40000
2020-09-23 09:33:30.240,4.7,40000
2020-09-23 09:33:33.240,4.7,10000
2020-09-23 09:33:33.240,4.7,1200
2020-09-23 09:33:33.240,4.699,200
2020-09-23 09:33:35.250,4.7,100
2020-09-23 09:33:35.420,4.699,30000
2020-09-23 09:33:35.420,4.699,19800
2020-09-23 09:33:35.420,4.699,30200
2020-09-23 09:33:35.420,4.699,2000
2020-09-23 09:33:35.420,4.699,28000
2020-09-23 09:33:35.420,4.699,30000
2020-09-23 09:33:35.420,4.699,30000
2020-09-23 09:33:35.420,4.699,30000
2020-09-23 09:33:35.420,4.699,30000
2020-09-23 09:33:35.420,4.699,30000
2020-09-23 09:33:35.420,4.699,30000
2020-09-23 09:33:35.420,4.699,30000
2020-09-23 09:33:35.420,4.699,30000
2020-09-23 09:33:35.420,4.699,30000
2020-09-23 09:33:35.420,4.699,30000
2020-09-23 09:33:35.420,4.699,30000
2020-09-23 09:33:35.420,4.699,30000
2020-09-23 09:33:35.420,4.699,30000
2020-09-23 09:33:35.420,4.699,30000
2020-09-23 09:33:35.420,4.699,30000
2020-09-23 09:33:35.420,4.699,30000
2020-09-23 09:33:35.420,4.699,30000
2020-09-23 09:33:35.420,4.699,30000
2020-09-23 09:33:35.420,4.699,10000
2020-09-23 09:33:35.420,4.699,10000
2020-09-23 09:33:35.420,4.699,12000
2020-09-23 09:33:35.420,4.699,8000
2020-09-23 09:33:35.420,4.699,50000
2020-09-23 09:33:35.420,4.699,30000
2020-09-23 09:33:38.010,4.7,1000
2020-09-23 09:33:38.370,4.699,100
2020-09-23 09:33:38.370,4.699,29900
2020-09-23 09:33:38.400,4.699,10000
2020-09-23 09:33:38.610,4.7,300
2020-09-23 09:33:40.180,4.699,2600
2020-09-23 09:33:40.670,4.699,1500
2020-09-23 09:33:40.910,4.699,2000
2020-09-23 09:33:41.570,4.699,100
2020-09-23 09:33:41.990,4.699,500
2020-09-23 09:33:42.820,4.699,14700
2020-09-23 09:33:43.450,4.699,200
2020-09-23 09:33:43.590,4.699,8000
2020-09-23 09:33:43.720,4.699,2300
2020-09-23 09:33:44.420,4.699,6800
2020-09-23 09:33:44.420,4.699,43200
2020-09-23 09:33:44.420,4.699,6800
2020-09-23 09:33:44.420,4.699,2000
2020-09-23 09:33:47.240,4.699,5000
2020-09-23 09:33:47.320,4.699,21000
2020-09-23 09:33:48.020,4.699,300
2020-09-23 09:33:48.550,4.699,14900
2020-09-23 09:33:48.550,4.699,35100
2020-09-23 09:33:48.790,4.699,14900
2020-09-23 09:33:48.790,4.699,25100
2020-09-23 09:33:49.040,4.699,6600
2020-09-23 09:33:49.570,4.699,200
2020-09-23 09:33:50.350,4.699,200
2020-09-23 09:33:50.580,4.699,1000
2020-09-23 09:33:51.410,4.698,10000
2020-09-23 09:33:51.410,4.698,100
2020-09-23 09:33:51.410,4.698,6700
2020-09-23 09:33:51.410,4.698,1400
2020-09-23 09:33:51.410,4.698,5000
2020-09-23 09:33:51.410,4.698,300
2020-09-23 09:33:51.410,4.698,6500
2020-09-23 09:33:51.440,4.698,9500
2020-09-23 09:33:51.440,4.698,100
2020-09-23 09:33:51.440,4.698,300
2020-09-23 09:33:51.440,4.698,1000
2020-09-23 09:33:51.440,4.698,3000
2020-09-23 09:33:51.440,4.698,16100
2020-09-23 09:33:51.440,4.698,30000
2020-09-23 09:33:51.440,4.698,10000
2020-09-23 09:33:51.440,4.698,30000
2020-09-23 09:33:51.440,4.698,30000
2020-09-23 09:33:51.580,4.698,200
2020-09-23 09:33:53.120,4.698,100
2020-09-23 09:33:53.150,4.698,900
2020-09-23 09:33:53.500,4.698,15000
2020-09-23 09:33:54.460,4.697,3000
2020-09-23 09:33:54.460,4.697,500
2020-09-23 09:33:54.460,4.697,9500
2020-09-23 09:33:54.880,4.698,10000
2020-09-23 09:33:55.750,4.698,33100
2020-09-23 09:33:55.960,4.698,39700
2020-09-23 09:33:56.580,4.699,100
2020-09-23 09:33:56.580,4.699,50000
2020-09-23 09:33:56.580,4.699,100
2020-09-23 09:33:56.580,4.699,1000
2020-09-23 09:33:56.580,4.7,28600
2020-09-23 09:33:56.580,4.7,200
2020-09-23 09:33:56.580,4.7,3000
2020-09-23 09:33:56.580,4.7,110200
2020-09-23 09:33:56.580,4.7,1400
2020-09-23 09:33:56.580,4.7,800
2020-09-23 09:33:56.580,4.7,100000
2020-09-23 09:33:56.580,4.7,50000
2020-09-23 09:33:57.730,4.7,900
2020-09-23 09:33:57.850,4.7,1000
2020-09-23 09:33:59.430,4.7,50000
2020-09-23 09:33:59.430,4.7,30000
2020-09-23 09:33:59.430,4.7,20000
2020-09-23 09:33:59.430,4.7,30000
2020-09-23 09:33:59.430,4.7,30000
2020-09-23 09:33:59.430,4.7,30000
2020-09-23 09:33:59.430,4.7,30000
2020-09-23 09:33:59.430,4.7,26100
2020-09-23 09:33:59.430,4.7,3900
2020-09-23 09:33:59.430,4.7,30000
2020-09-23 09:33:59.430,4.7,10000
2020-09-23 09:33:59.430,4.7,30000
2020-09-23 09:33:59.430,4.7,20000
2020-09-23 09:33:59.430,4.7,20000
2020-09-23 09:33:59.430,4.7,50000
2020-09-23 09:33:59.430,4.7,30000
2020-09-23 09:33:59.850,4.7,100
2020-09-23 09:34:01.130,4.7,2000
2020-09-23 09:34:01.200,4.7,100000
2020-09-23 09:34:01.760,4.7,4000
2020-09-23 09:34:01.760,4.7,6000
2020-09-23 09:34:03.860,4.7,3200
2020-09-23 09:34:04.000,4.7,200
2020-09-23 09:34:04.290,4.7,300
2020-09-23 09:34:04.810,4.7,4000
2020-09-23 09:34:04.990,4.701,100
2020-09-23 09:34:04.990,4.701,2000
2020-09-23 09:34:04.990,4.701,1000
2020-09-23 09:34:04.990,4.701,8800
2020-09-23 09:34:05.020,4.7,10700
2020-09-23 09:34:05.050,4.7,5600
2020-09-23 09:34:05.050,4.7,4400
2020-09-23 09:34:08.440,4.701,2000
2020-09-23 09:34:08.830,4.701,9200
2020-09-23 09:34:08.830,4.701,5000
2020-09-23 09:34:08.830,4.701,3600
2020-09-23 09:34:08.830,4.701,10400
2020-09-23 09:34:08.860,4.7,600
2020-09-23 09:34:08.860,4.7,29400
2020-09-23 09:34:08.920,4.7,20600
2020-09-23 09:34:08.920,4.7,29400
2020-09-23 09:34:08.920,4.7,20000
2020-09-23 09:34:08.920,4.7,30000
2020-09-23 09:34:08.920,4.7,30000
2020-09-23 09:34:08.920,4.7,30000
2020-09-23 09:34:08.920,4.7,30000
2020-09-23 09:34:09.090,4.701,50700
2020-09-23 09:34:09.090,4.702,40000
2020-09-23 09:34:09.120,4.702,8300
2020-09-23 09:34:09.120,4.702,1000
2020-09-23 09:34:10.100,4.701,200
2020-09-23 09:34:10.590,4.701,99800
2020-09-23 09:34:10.590,4.702,200
2020-09-23 09:34:10.860,4.7,2000
2020-09-23 09:34:10.860,4.7,300
2020-09-23 09:34:12.810,4.7,200
2020-09-23 09:34:14.300,4.7,500
2020-09-23 09:34:14.400,4.7,400
2020-09-23 09:34:14.510,4.701,400
2020-09-23 09:34:14.540,4.701,9200
2020-09-23 09:34:14.540,4.699,11200
2020-09-23 09:34:14.540,4.699,100
2020-09-23 09:34:14.540,4.699,9500
2020-09-23 09:34:14.540,4.699,10000
2020-09-23 09:34:14.840,4.699,30500
2020-09-23 09:34:14.840,4.699,1000
2020-09-23 09:34:14.840,4.699,2000
2020-09-23 09:34:14.840,4.699,3600
2020-09-23 09:34:14.840,4.699,30000
2020-09-23 09:34:14.840,4.698,160300
2020-09-23 09:34:14.840,4.698,2000
2020-09-23 09:34:14.840,4.698,6700
2020-09-23 09:34:14.840,4.698,100
2020-09-23 09:34:14.840,4.698,1100
2020-09-23 09:34:14.840,4.698,200
2020-09-23 09:34:14.840,4.698,50000
2020-09-23 09:34:14.840,4.698,200
2020-09-23 09:34:14.840,4.698,2800
2020-09-23 09:34:14.840,4.698,400
2020-09-23 09:34:14.840,4.698,2000
2020-09-23 09:34:14.840,4.698,200
2020-09-23 09:34:14.840,4.698,136500
2020-09-23 09:34:15.110,4.7,100
2020-09-23 09:34:15.200,4.7,2900
2020-09-23 09:34:16.250,4.699,100
2020-09-23 09:34:17.260,4.699,60600
2020-09-23 09:34:18.710,4.7,100
2020-09-23 09:34:19.970,4.7,300
2020-09-23 09:34:21.120,4.7,600
2020-09-23 09:34:22.150,4.7,300
2020-09-23 09:34:23.860,4.7,20000
2020-09-23 09:34:25.090,4.701,10000
2020-09-23 09:34:27.050,4.7,100
2020-09-23 09:34:27.050,4.7,500
2020-09-23 09:34:27.050,4.699,4100
2020-09-23 09:34:28.370,4.7,1100
2020-09-23 09:34:29.540,4.7,100
2020-09-23 09:34:29.610,4.699,10000
2020-09-23 09:34:29.610,4.699,20000
2020-09-23 09:34:29.640,4.699,20000
2020-09-23 09:34:30.350,4.699,30000
2020-09-23 09:34:30.620,4.7,100
2020-09-23 09:34:30.900,4.7,2900
2020-09-23 09:34:30.900,4.7,800
2020-09-23 09:34:31.050,4.7,5000
2020-09-23 09:34:32.180,4.7,34200
2020-09-23 09:34:32.180,4.7,100
2020-09-23 09:34:32.180,4.701,700
2020-09-23 09:34:32.180,4.701,65000
2020-09-23 09:34:32.620,4.7,30000
2020-09-23 09:34:32.620,4.7,12400
2020-09-23 09:34:32.620,4.699,7600
2020-09-23 09:34:32.620,4.699,20000
2020-09-23 09:34:32.620,4.699,30000
2020-09-23 09:34:32.780,4.701,4300
2020-09-23 09:34:33.120,4.699,32400
2020-09-23 09:34:33.120,4.699,600
2020-09-23 09:34:33.120,4.699,1000
2020-09-23 09:34:33.120,4.699,16000
2020-09-23 09:34:34.180,4.7,600
2020-09-23 09:34:34.240,4.7,49400
2020-09-23 09:34:34.240,4.701,600
2020-09-23 09:34:34.370,4.699,24000
2020-09-23 09:34:34.370,4.699,200
2020-09-23 09:34:34.540,4.699,10000
2020-09-23 09:34:35.010,4.699,1100
2020-09-23 09:34:35.340,4.699,5000
2020-09-23 09:34:35.560,4.699,3000
2020-09-23 09:34:35.730,4.699,6700
2020-09-23 09:34:37.030,4.699,200
2020-09-23 09:34:37.140,4.699,200
2020-09-23 09:34:38.440,4.698,400
2020-09-23 09:34:38.440,4.698,800
2020-09-23 09:34:38.690,4.699,5000
2020-09-23 09:34:39.840,4.698,4000
2020-09-23 09:34:39.840,4.698,500
2020-09-23 09:34:39.840,4.698,1000
2020-09-23 09:34:39.840,4.698,5500
2020-09-23 09:34:40.100,4.697,124000
2020-09-23 09:34:40.100,4.697,20000
2020-09-23 09:34:40.100,4.697,10000
2020-09-23 09:34:40.100,4.697,100
2020-09-23 09:34:40.100,4.697,10000
2020-09-23 09:34:40.100,4.697,100
2020-09-23 09:34:40.100,4.697,50000
2020-09-23 09:34:40.100,4.697,6700
2020-09-23 09:34:40.100,4.697,20000
2020-09-23 09:34:40.100,4.697,30000
2020-09-23 09:34:40.100,4.697,1000
2020-09-23 09:34:40.100,4.697,7000
2020-09-23 09:34:40.100,4.696,16000
2020-09-23 09:34:40.100,4.696,25000
2020-09-23 09:34:40.100,4.696,100
2020-09-23 09:34:40.100,4.696,200
2020-09-23 09:34:40.100,4.696,1000
2020-09-23 09:34:40.100,4.696,27300
2020-09-23 09:34:40.100,4.696,5200
2020-09-23 09:34:40.100,4.696,5000
2020-09-23 09:34:40.100,4.696,5000
2020-09-23 09:34:40.100,4.696,50900
2020-09-23 09:34:40.150,4.698,3300
2020-09-23 09:34:40.370,4.698,5700
2020-09-23 09:34:41.020,4.699,100
2020-09-23 09:34:41.150,4.699,300
2020-09-23 09:34:41.210,4.699,400
2020-09-23 09:34:41.450,4.698,14300
2020-09-23 09:34:41.450,4.696,700
2020-09-23 09:34:42.280,4.699,2000
2020-09-23 09:34:42.810,4.699,100
2020-09-23 09:34:44.200,4.699,2500
2020-09-23 09:34:44.540,4.699,600
2020-09-23 09:34:45.270,4.699,300
2020-09-23 09:34:45.390,4.699,166800
2020-09-23 09:34:45.840,4.699,1000
2020-09-23 09:34:47.670,4.699,5000
2020-09-23 09:34:47.920,4.699,500
2020-09-23 09:34:49.140,4.699,9400
2020-09-23 09:34:49.990,4.699,5000
2020-09-23 09:34:50.140,4.699,100
2020-09-23 09:34:50.260,4.698,5000
2020-09-23 09:34:50.260,4.698,400
2020-09-23 09:34:50.260,4.698,1000
2020-09-23 09:34:50.260,4.698,15600
2020-09-23 09:34:50.380,4.699,100
2020-09-23 09:34:54.070,4.699,100
2020-09-23 09:34:54.340,4.699,50300
2020-09-23 09:34:54.340,4.699,3500
2020-09-23 09:34:54.610,4.699,6500
2020-09-23 09:34:55.920,4.699,4300
2020-09-23 09:34:56.240,4.699,2100
2020-09-23 09:34:57.260,4.699,10000
2020-09-23 09:34:57.290,4.699,7100
2020-09-23 09:34:57.290,4.699,12900
2020-09-23 09:34:58.670,4.699,8500
2020-09-23 09:34:58.670,4.699,100
2020-09-23 09:34:58.670,4.699,1400
2020-09-23 09:34:59.480,4.699,1200
2020-09-23 09:34:59.480,4.699,1000
2020-09-23 09:34:59.480,4.699,100
2020-09-23 09:34:59.480,4.698,500
2020-09-23 09:34:59.480,4.698,200
2020-09-23 09:34:59.480,4.698,5000
2020-09-23 09:35:03.150,4.698,100
2020-09-23 09:35:03.850,4.698,500
2020-09-23 09:35:03.910,4.698,700
2020-09-23 09:35:04.940,4.698,100
2020-09-23 09:35:05.110,4.698,600
2020-09-23 09:35:05.110,4.698,1400
2020-09-23 09:35:06.200,4.698,200
2020-09-23 09:35:06.370,4.697,6800
2020-09-23 09:35:06.370,4.697,3000
2020-09-23 09:35:06.370,4.697,2000
2020-09-23 09:35:06.370,4.697,18200
2020-09-23 09:35:06.400,4.697,20000
2020-09-23 09:35:07.400,4.697,27800
2020-09-23 09:35:07.510,4.696,1000
2020-09-23 09:35:07.510,4.696,1000
2020-09-23 09:35:07.510,4.696,40000
2020-09-23 09:35:07.510,4.696,5000
2020-09-23 09:35:07.510,4.696,2600
2020-09-23 09:35:07.990,4.697,10000
2020-09-23 09:35:08.290,4.697,2000
2020-09-23 09:35:08.500,4.697,100
2020-09-23 09:35:09.630,4.696,181300
2020-09-23 09:35:09.990,4.696,4300
2020-09-23 09:35:12.060,4.696,200
2020-09-23 09:35:12.280,4.696,100
2020-09-23 09:35:12.280,4.696,1000
2020-09-23 09:35:12.620,4.696,3000
2020-09-23 09:35:13.030,4.696,35700
2020-09-23 09:35:13.030,4.696,30000
2020-09-23 09:35:13.030,4.696,10000
2020-09-23 09:35:13.030,4.696,100000
2020-09-23 09:35:13.030,4.696,44300
2020-09-23 09:35:13.710,4.696,69900
2020-09-23 09:35:13.960,4.696,100
2020-09-23 09:35:14.570,4.695,100
2020-09-23 09:35:14.570,4.695,100
2020-09-23 09:35:14.570,4.695,100
2020-09-23 09:35:14.570,4.695,100
2020-09-23 09:35:14.570,4.695,100
2020-09-23 09:35:14.570,4.695,1800
2020-09-23 09:35:14.570,4.695,2500
2020-09-23 09:35:14.570,4.695,2500
2020-09-23 09:35:14.570,4.695,100
2020-09-23 09:35:14.570,4.695,900
2020-09-23 09:35:14.570,4.695,3000
2020-09-23 09:35:14.570,4.695,25000
2020-09-23 09:35:14.570,4.695,10000
2020-09-23 09:35:14.570,4.695,30000
2020-09-23 09:35:14.570,4.695,10000
2020-09-23 09:35:14.570,4.695,10000
2020-09-23 09:35:14.570,4.695,10000
2020-09-23 09:35:14.570,4.695,5000
2020-09-23 09:35:14.570,4.695,81400
2020-09-23 09:35:14.570,4.695,200
2020-09-23 09:35:14.570,4.695,1000
2020-09-23 09:35:14.570,4.695,3600
2020-09-23 09:35:14.570,4.695,300
2020-09-23 09:35:14.570,4.695,100
2020-09-23 09:35:14.570,4.695,500
2020-09-23 09:35:15.540,4.695,100
2020-09-23 09:35:15.860,4.695,900
2020-09-23 09:35:15.960,4.695,100
2020-09-23 09:35:16.440,4.695,19600
2020-09-23 09:35:16.570,4.695,1500
2020-09-23 09:35:17.280,4.695,10000
2020-09-23 09:35:17.960,4.695,3800
2020-09-23 09:35:19.400,4.695,300
2020-09-23 09:35:19.970,4.695,100
2020-09-23 09:35:20.640,4.695,5000
2020-09-23 09:35:20.640,4.695,21600
2020-09-23 09:35:20.670,4.695,5000
2020-09-23 09:35:20.920,4.695,23400
2020-09-23 09:35:20.920,4.695,30000
2020-09-23 09:35:20.920,4.695,6500
2020-09-23 09:35:20.950,4.696,200
2020-09-23 09:35:21.270,4.695,4100
2020-09-23 09:35:22.130,4.696,500
2020-09-23 09:35:22.310,4.696,1200
2020-09-23 09:35:22.310,4.696,8800
2020-09-23 09:35:23.070,4.696,30000
2020-09-23 09:35:24.230,4.695,3000
2020-09-23 09:35:26.300,4.696,3500
2020-09-23 09:35:26.300,4.696,9200
2020-09-23 09:35:28.140,4.697,400
2020-09-23 09:35:31.020,4.698,5000
2020-09-23 09:35:31.020,4.698,400
2020-09-23 09:35:31.020,4.699,80900
2020-09-23 09:35:31.020,4.699,1300
2020-09-23 09:35:31.020,4.699,4000
2020-09-23 09:35:31.020,4.699,50000
2020-09-23 09:35:31.020,4.699,60000
2020-09-23 09:35:31.020,4.7,1000
2020-09-23 09:35:31.020,4.7,10000
2020-09-23 09:35:31.020,4.7,20000
2020-09-23 09:35:31.020,4.7,4000
2020-09-23 09:35:31.020,4.7,63400
2020-09-23 09:35:31.250,4.698,50000
2020-09-23 09:35:33.220,4.698,2000
2020-09-23 09:35:33.410,4.698,200
2020-09-23 09:35:33.500,4.699,3000
2020-09-23 09:35:33.790,4.699,500
2020-09-23 09:35:33.850,4.7,113200
2020-09-23 09:35:35.750,4.699,2500
2020-09-23 09:35:36.330,4.7,23400
2020-09-23 09:35:36.330,4.7,400
2020-09-23 09:35:36.330,4.7,5300
2020-09-23 09:35:37.540,4.7,10500
2020-09-23 09:35:38.260,4.7,1000
2020-09-23 09:35:38.990,4.7,30000
2020-09-23 09:35:39.030,4.7,30000
2020-09-23 09:35:39.030,4.7,10000
2020-09-23 09:35:39.030,4.7,30000
2020-09-23 09:35:39.030,4.7,40000
2020-09-23 09:35:39.030,4.7,20000
2020-09-23 09:35:39.030,4.7,50000
2020-09-23 09:35:39.030,4.7,30000
2020-09-23 09:35:42.250,4.701,700
2020-09-23 09:35:42.340,4.701,300
2020-09-23 09:35:42.400,4.701,4700
2020-09-23 09:35:42.400,4.7,5300
2020-09-23 09:35:42.860,4.7,10500
2020-09-23 09:35:45.340,4.702,3600
2020-09-23 09:35:45.490,4.701,100
2020-09-23 09:35:45.490,4.7,5300
2020-09-23 09:35:45.600,4.7,1000
2020-09-23 09:35:47.570,4.702,1400
2020-09-23 09:35:47.570,4.702,8600
2020-09-23 09:35:47.710,4.702,20700
2020-09-23 09:35:47.990,4.701,10000
2020-09-23 09:35:49.320,4.701,12000
2020-09-23 09:35:49.320,4.701,5000
2020-09-23 09:35:49.320,4.7,13000
2020-09-23 09:35:49.890,4.702,10700
2020-09-23 09:35:49.890,4.702,10000
2020-09-23 09:35:50.630,4.702,40000
2020-09-23 09:35:51.000,4.702,30000
2020-09-23 09:35:51.000,4.702,50000
2020-09-23 09:35:51.000,4.702,50000
2020-09-23 09:35:51.000,4.702,50000
2020-09-23 09:35:51.000,4.702,10000
2020-09-23 09:35:52.350,4.702,49300
2020-09-23 09:35:52.350,4.702,3300
2020-09-23 09:35:52.350,4.701,23800
2020-09-23 09:35:52.350,4.701,500
2020-09-23 09:35:53.180,4.701,23100
2020-09-23 09:35:53.180,4.701,26900
2020-09-23 09:35:53.180,4.701,50000
2020-09-23 09:35:53.180,4.701,23100
2020-09-23 09:35:53.180,4.702,26900
2020-09-23 09:35:53.210,4.702,300
2020-09-23 09:35:53.500,4.7,100
2020-09-23 09:35:53.500,4.7,500
2020-09-23 09:35:53.500,4.7,1700
2020-09-23 09:35:55.110,4.701,2000
2020-09-23 09:35:55.230,4.701,37000
2020-09-23 09:35:55.990,4.701,100
2020-09-23 09:35:56.050,4.7,400
2020-09-23 09:35:58.450,4.7,333000
2020-09-23 09:35:59.180,4.701,50000
2020-09-23 09:35:59.400,4.7,1200
2020-09-23 09:36:01.250,4.701,10900
2020-09-23 09:36:04.310,4.701,9100
2020-09-23 09:36:04.310,4.701,900
2020-09-23 09:36:06.580,4.702,1700
2020-09-23 09:36:06.580,4.702,1000
2020-09-23 09:36:06.580,4.702,3500
2020-09-23 09:36:06.580,4.702,1000
2020-09-23 09:36:06.580,4.702,3800
2020-09-23 09:36:07.970,4.701,500
2020-09-23 09:36:08.970,4.701,100
2020-09-23 09:36:08.970,4.701,10000
2020-09-23 09:36:08.970,4.701,19900
2020-09-23 09:36:09.050,4.701,30000
2020-09-23 09:36:09.050,4.701,20000
2020-09-23 09:36:09.050,4.701,10000
2020-09-23 09:36:09.050,4.701,30000
2020-09-23 09:36:09.200,4.701,15600
2020-09-23 09:36:09.340,4.702,4200
2020-09-23 09:36:11.390,4.703,1700
2020-09-23 09:36:11.390,4.703,800
2020-09-23 09:36:11.510,4.701,3000
2020-09-23 09:36:11.510,4.701,100
2020-09-23 09:36:11.510,4.701,37800
2020-09-23 09:36:12.080,4.703,199200
2020-09-23 09:36:12.080,4.703,50000
2020-09-23 09:36:12.160,4.704,300
2020-09-23 09:36:12.160,4.704,1000
2020-09-23 09:36:12.160,4.704,6100
2020-09-23 09:36:13.870,4.703,40800
2020-09-23 09:36:13.930,4.704,3000
2020-09-23 09:36:14.340,4.704,900
2020-09-23 09:36:14.340,4.704,50000
2020-09-23 09:36:14.340,4.704,60000
2020-09-23 09:36:14.340,4.705,500
2020-09-23 09:36:14.340,4.705,4800
2020-09-23 09:36:14.340,4.705,2500
2020-09-23 09:36:14.340,4.705,50000
2020-09-23 09:36:14.340,4.705,60000
2020-09-23 09:36:14.340,4.705,5000
2020-09-23 09:36:14.340,4.706,6000
2020-09-23 09:36:14.340,4.706,2000
2020-09-23 09:36:14.340,4.706,6300
2020-09-23 09:36:14.340,4.706,52000
2020-09-23 09:36:16.210,4.704,300
2020-09-23 09:36:17.390,4.706,7500
2020-09-23 09:36:18.490,4.704,14000
2020-09-23 09:36:20.810,4.706,25000
2020-09-23 09:36:21.550,4.706,115500
2020-09-23 09:36:21.550,4.706,500
2020-09-23 09:36:23.240,4.706,20000
2020-09-23 09:36:24.040,4.705,100
2020-09-23 09:36:26.880,4.706,4400
2020-09-23 09:36:26.880,4.707,6000
2020-09-23 09:36:26.880,4.707,3400
2020-09-23 09:36:27.020,4.706,18900
2020-09-23 09:36:27.230,4.706,5000
2020-09-23 09:36:28.130,4.707,1600
2020-09-23 09:36:28.130,4.707,5000
2020-09-23 09:36:28.130,4.707,400
2020-09-23 09:36:28.130,4.707,10000
2020-09-23 09:36:28.130,4.707,100000
2020-09-23 09:36:28.130,4.707,200
2020-09-23 09:36:28.430,4.707,100
2020-09-23 09:36:29.340,4.707,62400
2020-09-23 09:36:29.960,4.707,50000
2020-09-23 09:36:30.020,4.707,50000
2020-09-23 09:36:30.020,4.707,50000
2020-09-23 09:36:30.020,4.707,50000
2020-09-23 09:36:30.020,4.707,30000
2020-09-23 09:36:30.020,4.707,30000
2020-09-23 09:36:30.020,4.707,30000
2020-09-23 09:36:30.020,4.707,30000
2020-09-23 09:36:30.020,4.707,300
2020-09-23 09:36:30.020,4.707,29700
2020-09-23 09:36:30.020,4.707,30000
2020-09-23 09:36:31.390,4.708,30000
2020-09-23 09:36:31.390,4.708,3900
2020-09-23 09:36:31.390,4.708,60000
2020-09-23 09:36:31.390,4.708,10000
2020-09-23 09:36:31.390,4.708,43300
2020-09-23 09:36:31.930,4.708,300
2020-09-23 09:36:31.960,4.708,2000
2020-09-23 09:36:32.840,4.707,75200
2020-09-23 09:36:35.930,4.708,54400
2020-09-23 09:36:35.930,4.708,45600
2020-09-23 09:36:36.630,4.708,5000
2020-09-23 09:36:37.080,4.707,30000
2020-09-23 09:36:37.080,4.707,500
2020-09-23 09:36:37.080,4.707,43600
2020-09-23 09:36:37.080,4.707,200
2020-09-23 09:36:37.080,4.707,1000
2020-09-23 09:36:37.080,4.707,60000
2020-09-23 09:36:37.080,4.706,7600
2020-09-23 09:36:37.470,4.708,28000
2020-09-23 09:36:37.820,4.708,300
2020-09-23 09:36:38.120,4.708,2100
2020-09-23 09:36:38.340,4.708,10000
2020-09-23 09:36:38.580,4.708,5000
2020-09-23 09:36:38.660,4.707,60000
2020-09-23 09:36:39.130,4.707,8000
2020-09-23 09:36:39.220,4.707,32000
2020-09-23 09:36:39.220,4.708,4000
2020-09-23 09:36:39.220,4.708,46000
2020-09-23 09:36:39.280,4.707,100
2020-09-23 09:36:39.340,4.707,17900
2020-09-23 09:36:39.340,4.706,14100
2020-09-23 09:36:39.340,4.706,2200
2020-09-23 09:36:39.340,4.706,60000
2020-09-23 09:36:39.340,4.706,6400
2020-09-23 09:36:39.340,4.706,5900
2020-09-23 09:36:39.660,4.708,10000
2020-09-23 09:36:40.160,4.707,1000
2020-09-23 09:36:42.760,4.708,12800
2020-09-23 09:36:43.750,4.708,4700
2020-09-23 09:36:44.840,4.707,5400
2020-09-23 09:36:44.840,4.707,100
2020-09-23 09:36:44.840,4.707,11900
2020-09-23 09:36:46.510,4.706,1500
2020-09-23 09:36:46.720,4.707,100
2020-09-23 09:36:47.330,4.707,200
2020-09-23 09:36:48.910,4.707,500
2020-09-23 09:36:49.090,4.707,1800
2020-09-23 09:36:49.090,4.707,200
2020-09-23 09:36:49.300,4.707,10000
2020-09-23 09:36:49.730,4.706,1100
2020-09-23 09:36:50.680,4.706,1000
2020-09-23 09:36:50.680,4.706,3100
2020-09-23 09:36:51.450,4.706,13700
2020-09-23 09:36:52.390,4.706,200
2020-09-23 09:36:52.740,4.705,6000
2020-09-23 09:36:52.740,4.705,4600
2020-09-23 09:36:52.830,4.706,1100
2020-09-23 09:36:55.200,4.706,700
2020-09-23 09:36:55.720,4.706,19100
2020-09-23 09:36:55.720,4.706,38900
2020-09-23 09:36:55.720,4.706,38900
2020-09-23 09:36:55.720,4.706,5000
2020-09-23 09:36:55.720,4.706,1400
2020-09-23 09:36:55.720,4.706,23300
2020-09-23 09:36:55.720,4.708,2000
2020-09-23 09:36:55.720,4.708,20000
2020-09-23 09:36:55.720,4.708,300
2020-09-23 09:36:55.720,4.708,1000
2020-09-23 09:36:55.720,4.708,6700
2020-09-23 09:36:57.630,4.708,23300
2020-09-23 09:36:58.670,4.706,200
2020-09-23 09:36:59.200,4.707,2000
2020-09-23 09:36:59.200,4.708,8000
2020-09-23 09:36:59.230,4.706,300
2020-09-23 09:37:01.460,4.707,20000
2020-09-23 09:37:01.930,4.706,20600
2020-09-23 09:37:02.310,4.707,5500
2020-09-23 09:37:05.530,4.707,57700
2020-09-23 09:37:05.900,4.707,8000
2020-09-23 09:37:06.140,4.707,300
2020-09-23 09:37:06.380,4.707,1700
2020-09-23 09:37:07.880,4.706,10000
2020-09-23 09:37:09.560,4.707,2000
2020-09-23 09:37:10.380,4.707,2000
2020-09-23 09:37:11.090,4.706,5000
2020-09-23 09:37:11.230,4.706,5000
2020-09-23 09:37:11.980,4.706,15900
2020-09-23 09:37:11.980,4.706,24100
2020-09-23 09:37:12.010,4.706,7700
2020-09-23 09:37:12.010,4.706,2100
2020-09-23 09:37:12.010,4.706,3000
2020-09-23 09:37:12.010,4.706,100
2020-09-23 09:37:12.010,4.706,2100
2020-09-23 09:37:12.010,4.706,7700
2020-09-23 09:37:12.010,4.706,500
2020-09-23 09:37:12.010,4.706,1000
2020-09-23 09:37:12.010,4.706,15800
2020-09-23 09:37:12.040,4.706,5000
2020-09-23 09:37:12.930,4.706,300
2020-09-23 09:37:13.200,4.707,2700
2020-09-23 09:37:13.260,4.706,100
2020-09-23 09:37:13.960,4.706,1000
2020-09-23 09:37:14.010,4.706,1000
2020-09-23 09:37:14.170,4.706,3000
2020-09-23 09:37:14.170,4.706,5000
2020-09-23 09:37:14.350,4.706,2200
2020-09-23 09:37:14.890,4.707,12200
2020-09-23 09:37:14.890,4.706,12800
2020-09-23 09:37:14.890,4.706,1000
2020-09-23 09:37:15.700,4.706,2000
2020-09-23 09:37:17.540,4.706,164200
2020-09-23 09:37:17.540,4.706,10000
2020-09-23 09:37:17.860,4.707,1100
2020-09-23 09:37:17.940,4.706,3600
2020-09-23 09:37:19.640,4.706,20000
2020-09-23 09:37:19.920,4.706,700
2020-09-23 09:37:20.250,4.706,1500
2020-09-23 09:37:20.480,4.706,41000
2020-09-23 09:37:20.570,4.706,2800
2020-09-23 09:37:20.910,4.705,100
2020-09-23 09:37:23.230,4.706,10000
2020-09-23 09:37:24.410,4.706,1000
2020-09-23 09:37:25.310,4.706,500
2020-09-23 09:37:25.760,4.706,8100
2020-09-23 09:37:25.760,4.706,200
2020-09-23 09:37:25.760,4.706,1500
2020-09-23 09:37:26.190,4.706,200
2020-09-23 09:37:26.480,4.706,100
2020-09-23 09:37:27.310,4.706,100
2020-09-23 09:37:27.750,4.706,3100
2020-09-23 09:37:27.750,4.706,5000
2020-09-23 09:37:27.750,4.706,1900
2020-09-23 09:37:28.350,4.706,6600
2020-09-23 09:37:28.350,4.706,8500
2020-09-23 09:37:29.620,4.706,300
2020-09-23 09:37:30.710,4.706,1200
2020-09-23 09:37:31.380,4.706,10000
2020-09-23 09:37:31.380,4.706,10000
2020-09-23 09:37:32.720,4.707,3000
2020-09-23 09:37:32.720,4.707,6700
2020-09-23 09:37:32.720,4.707,1000
2020-09-23 09:37:32.720,4.707,12600
2020-09-23 09:37:32.720,4.707,7900
2020-09-23 09:37:33.070,4.707,500
2020-09-23 09:37:33.600,4.707,700
2020-09-23 09:37:34.110,4.707,3000
2020-09-23 09:37:34.680,4.707,500
2020-09-23 09:37:34.680,4.707,200
2020-09-23 09:37:34.680,4.708,5300
2020-09-23 09:37:36.730,4.707,100
2020-09-23 09:37:36.730,4.706,900
2020-09-23 09:37:37.550,4.707,1600
2020-09-23 09:37:38.970,4.707,20000
2020-09-23 09:37:39.290,4.708,14800
2020-09-23 09:37:39.900,4.707,1100
2020-09-23 09:37:40.590,4.707,8900
2020-09-23 09:37:40.590,4.707,10000
2020-09-23 09:37:40.590,4.706,60400
2020-09-23 09:37:40.590,4.706,2000
2020-09-23 09:37:40.590,4.706,100
2020-09-23 09:37:40.590,4.706,2700
2020-09-23 09:37:40.970,4.706,2000
2020-09-23 09:37:43.600,4.706,500
2020-09-23 09:37:44.290,4.706,1000
2020-09-23 09:37:44.530,4.706,2000
2020-09-23 09:37:45.660,4.705,2000
2020-09-23 09:37:45.910,4.706,1900
2020-09-23 09:37:46.090,4.706,6000
2020-09-23 09:37:47.040,4.706,1200
2020-09-23 09:37:47.770,4.706,200
2020-09-23 09:37:48.870,4.706,1100
2020-09-23 09:37:48.870,4.706,48900
2020-09-23 09:37:49.570,4.706,100
2020-09-23 09:37:52.490,4.706,100
2020-09-23 09:37:52.520,4.706,16000
2020-09-23 09:37:53.650,4.706,100
2020-09-23 09:37:55.690,4.706,100
2020-09-23 09:37:55.980,4.706,100
2020-09-23 09:37:56.950,4.706,100
2020-09-23 09:37:57.420,4.706,400
2020-09-23 09:37:57.590,4.706,4300
2020-09-23 09:37:57.640,4.706,900
2020-09-23 09:37:58.930,4.705,31800
2020-09-23 09:37:59.080,4.705,3600
2020-09-23 09:38:00.810,4.706,28900
2020-09-23 09:38:00.810,4.706,74100
2020-09-23 09:38:00.870,4.705,1000
2020-09-23 09:38:00.870,4.705,100
2020-09-23 09:38:00.870,4.705,900
2020-09-23 09:38:00.870,4.705,4800
2020-09-23 09:38:00.870,4.705,1000
2020-09-23 09:38:00.870,4.705,36800
2020-09-23 09:38:01.170,4.706,25900
2020-09-23 09:38:01.170,4.706,52900
2020-09-23 09:38:01.710,4.706,300
2020-09-23 09:38:02.260,4.705,1000
2020-09-23 09:38:03.440,4.706,200
2020-09-23 09:38:05.080,4.706,3500
2020-09-23 09:38:05.160,4.706,600
2020-09-23 09:38:06.510,4.705,30000
2020-09-23 09:38:07.360,4.705,30000
2020-09-23 09:38:07.390,4.705,2200
2020-09-23 09:38:07.390,4.705,10000
2020-09-23 09:38:07.390,4.705,5000
2020-09-23 09:38:07.390,4.705,22800
2020-09-23 09:38:07.410,4.706,300
2020-09-23 09:38:07.410,4.705,10000
2020-09-23 09:38:08.980,4.705,17200
2020-09-23 09:38:08.980,4.705,2800
2020-09-23 09:38:10.090,4.706,3600
2020-09-23 09:38:10.390,4.706,5000
2020-09-23 09:38:10.580,4.706,10000
2020-09-23 09:38:10.610,4.705,400
2020-09-23 09:38:11.260,4.706,23600
2020-09-23 09:38:11.260,4.706,1000
2020-09-23 09:38:11.260,4.706,20000
2020-09-23 09:38:11.260,4.706,5400
2020-09-23 09:38:12.890,4.705,9800
2020-09-23 09:38:12.890,4.705,7000
2020-09-23 09:38:12.890,4.705,2700
2020-09-23 09:38:12.980,4.704,600
2020-09-23 09:38:12.980,4.704,7400
2020-09-23 09:38:14.730,4.705,300
2020-09-23 09:38:14.730,4.705,9700
2020-09-23 09:38:16.630,4.705,30000
2020-09-23 09:38:16.690,4.705,20000
2020-09-23 09:38:17.400,4.704,1200
2020-09-23 09:38:17.910,4.705,12387
2020-09-23 09:38:17.910,4.705,913
2020-09-23 09:38:18.250,4.705,87
2020-09-23 09:38:18.250,4.705,13300
2020-09-23 09:38:18.250,4.705,13300
2020-09-23 09:38:18.250,4.705,200
2020-09-23 09:38:18.330,4.706,14600
2020-09-23 09:38:18.330,4.706,100
2020-09-23 09:38:18.330,4.706,100
2020-09-23 09:38:21.510,4.706,15200
2020-09-23 09:38:21.510,4.706,284800
2020-09-23 09:38:21.950,4.707,1000
2020-09-23 09:38:21.950,4.707,10000
2020-09-23 09:38:21.950,4.707,100
2020-09-23 09:38:21.950,4.707,10000
2020-09-23 09:38:21.950,4.707,2000
2020-09-23 09:38:21.950,4.707,200
2020-09-23 09:38:21.950,4.707,100
2020-09-23 09:38:21.950,4.707,23400
2020-09-23 09:38:21.950,4.707,23400
2020-09-23 09:38:21.980,4.707,3000
2020-09-23 09:38:24.880,4.707,4100
2020-09-23 09:38:25.710,4.707,5900
2020-09-23 09:38:25.710,4.706,1000
2020-09-23 09:38:25.710,4.706,30000
2020-09-23 09:38:26.460,4.706,52800
2020-09-23 09:38:27.070,4.706,1300
2020-09-23 09:38:27.610,4.706,30000
2020-09-23 09:38:27.670,4.706,40000
2020-09-23 09:38:28.320,4.706,139000
2020-09-23 09:38:29.170,4.707,1000
2020-09-23 09:38:29.170,4.707,5000
2020-09-23 09:38:29.170,4.707,24000
2020-09-23 09:38:30.430,4.707,22300
2020-09-23 09:38:30.910,4.707,2000
2020-09-23 09:38:31.230,4.706,2000
2020-09-23 09:38:31.390,4.707,30000
2020-09-23 09:38:31.660,4.706,5000
2020-09-23 09:38:33.220,4.706,4100
2020-09-23 09:38:33.220,4.706,800
2020-09-23 09:38:33.220,4.706,100
2020-09-23 09:38:35.890,4.707,20000
2020-09-23 09:38:35.890,4.707,20000
2020-09-23 09:38:35.890,4.707,20000
2020-09-23 09:38:35.890,4.707,20000
2020-09-23 09:38:35.890,4.707,20000
2020-09-23 09:38:36.150,4.706,100
2020-09-23 09:38:38.180,4.706,200
2020-09-23 09:38:38.180,4.706,40000
2020-09-23 09:38:38.180,4.706,50000
2020-09-23 09:38:38.180,4.706,600000
2020-09-23 09:38:38.180,4.706,2100
2020-09-23 09:38:38.180,4.706,20000
2020-09-23 09:38:39.560,4.706,22000
2020-09-23 09:38:40.980,4.706,165700
2020-09-23 09:38:40.980,4.706,8000
2020-09-23 09:38:42.000,4.706,1200
2020-09-23 09:38:42.760,4.706,1000
2020-09-23 09:38:43.570,4.707,2200
2020-09-23 09:38:43.630,4.706,2500
2020-09-23 09:38:46.120,4.707,200
2020-09-23 09:38:46.660,4.706,25300
2020-09-23 09:38:46.660,4.706,18700
2020-09-23 09:38:47.000,4.707,10800
2020-09-23 09:38:50.730,4.706,400
2020-09-23 09:38:51.060,4.706,900
2020-09-23 09:38:51.060,4.706,3000
2020-09-23 09:38:51.060,4.706,400
2020-09-23 09:38:51.060,4.706,20600
2020-09-23 09:38:51.060,4.706,400
2020-09-23 09:38:51.060,4.706,7700
2020-09-23 09:38:51.340,4.707,108500
2020-09-23 09:38:51.340,4.707,1000
2020-09-23 09:38:51.340,4.707,74000
2020-09-23 09:38:51.340,4.707,45900
2020-09-23 09:38:51.340,4.707,70600
2020-09-23 09:38:52.230,4.707,29400
2020-09-23 09:38:52.230,4.707,37200
2020-09-23 09:38:52.230,4.707,30000
2020-09-23 09:38:53.290,4.707,1000
2020-09-23 09:38:59.670,4.708,1000
2020-09-23 09:38:59.670,4.708,5000
2020-09-23 09:38:59.670,4.708,1000
2020-09-23 09:38:59.670,4.708,20000
2020-09-23 09:38:59.670,4.708,800
2020-09-23 09:38:59.670,4.708,5200
2020-09-23 09:39:01.340,4.708,4800
2020-09-23 09:39:01.340,4.708,5200
2020-09-23 09:39:01.370,4.707,100
2020-09-23 09:39:01.370,4.707,900
2020-09-23 09:39:05.300,4.707,400
2020-09-23 09:39:05.300,4.707,500
2020-09-23 09:39:05.300,4.707,4100
2020-09-23 09:39:05.300,4.707,3900
2020-09-23 09:39:05.300,4.707,1100
2020-09-23 09:39:05.320,4.707,100
2020-09-23 09:39:05.320,4.707,4900
2020-09-23 09:39:05.410,4.707,26700
2020-09-23 09:39:05.410,4.707,5000
2020-09-23 09:39:05.450,4.707,2000
2020-09-23 09:39:05.450,4.707,6600
2020-09-23 09:39:05.820,4.707,1000
2020-09-23 09:39:07.360,4.707,58700
2020-09-23 09:39:07.360,4.707,500
2020-09-23 09:39:09.320,4.708,9800
2020-09-23 09:39:09.320,4.708,50000
2020-09-23 09:39:09.320,4.708,1500
2020-09-23 09:39:09.320,4.708,1400
2020-09-23 09:39:09.320,4.708,200
2020-09-23 09:39:09.320,4.708,16000
2020-09-23 09:39:09.320,4.708,9600
2020-09-23 09:39:09.320,4.708,10000
2020-09-23 09:39:09.320,4.708,1400
2020-09-23 09:39:09.320,4.708,500000
2020-09-23 09:39:09.610,4.708,100
2020-09-23 09:39:09.610,4.708,20100
2020-09-23 09:39:11.170,4.709,500
2020-09-23 09:39:11.170,4.709,5600
2020-09-23 09:39:11.170,4.709,23900
2020-09-23 09:39:11.230,4.709,40000
2020-09-23 09:39:13.560,4.709,700
2020-09-23 09:39:14.580,4.709,10000
2020-09-23 09:39:16.130,4.709,5000
2020-09-23 09:39:16.250,4.709,600
2020-09-23 09:39:16.400,4.709,19800
2020-09-23 09:39:16.400,4.709,5000
2020-09-23 09:39:16.400,4.709,2000
2020-09-23 09:39:16.400,4.709,500
2020-09-23 09:39:16.400,4.709,3000
2020-09-23 09:39:16.400,4.709,10000
2020-09-23 09:39:16.400,4.709,5000
2020-09-23 09:39:16.400,4.709,300
2020-09-23 09:39:16.400,4.709,4400
2020-09-23 09:39:16.400,4.709,15600
2020-09-23 09:39:16.400,4.709,200
2020-09-23 09:39:16.400,4.709,2000
2020-09-23 09:39:16.400,4.709,12200
2020-09-23 09:39:16.430,4.709,30000
2020-09-23 09:39:16.430,4.709,20000
2020-09-23 09:39:16.430,4.709,30000
2020-09-23 09:39:20.750,4.709,150100
2020-09-23 09:39:21.430,4.709,10000
2020-09-23 09:39:21.460,4.709,50000
2020-09-23 09:39:21.460,4.709,50000
2020-09-23 09:39:21.460,4.709,10000
2020-09-23 09:39:21.460,4.709,50000
2020-09-23 09:39:21.460,4.709,50000
2020-09-23 09:39:22.150,4.709,30000
2020-09-23 09:39:22.910,4.709,7700
2020-09-23 09:39:22.910,4.709,5000
2020-09-23 09:39:22.910,4.709,2000
2020-09-23 09:39:22.910,4.709,10000
2020-09-23 09:39:22.910,4.709,100
2020-09-23 09:39:22.910,4.709,400
2020-09-23 09:39:22.910,4.709,4800
2020-09-23 09:39:22.930,4.709,200
2020-09-23 09:39:22.930,4.709,100
2020-09-23 09:39:22.930,4.709,6000
2020-09-23 09:39:22.930,4.709,500
2020-09-23 09:39:23.390,4.709,2500
2020-09-23 09:39:25.960,4.709,1900
2020-09-23 09:39:25.980,4.71,10000
2020-09-23 09:39:26.040,4.71,130300
2020-09-23 09:39:26.040,4.71,69700
2020-09-23 09:39:28.380,4.709,18800
2020-09-23 09:39:28.380,4.709,30000
2020-09-23 09:39:28.380,4.709,30000
2020-09-23 09:39:28.380,4.709,20000
2020-09-23 09:39:28.380,4.709,200
2020-09-23 09:39:28.380,4.709,3900
2020-09-23 09:39:28.380,4.709,7000
2020-09-23 09:39:28.380,4.709,30000
2020-09-23 09:39:28.380,4.709,40000
2020-09-23 09:39:28.950,4.709,30000
2020-09-23 09:39:29.040,4.709,30000
2020-09-23 09:39:29.040,4.709,30000
2020-09-23 09:39:29.810,4.709,100
2020-09-23 09:39:31.170,4.709,30000
2020-09-23 09:39:31.170,4.709,10000
2020-09-23 09:39:31.960,4.709,3000
2020-09-23 09:39:32.900,4.709,7000
2020-09-23 09:39:32.900,4.709,7000
2020-09-23 09:39:32.900,4.709,16000
2020-09-23 09:39:32.900,4.709,10000
2020-09-23 09:39:32.900,4.709,30000
2020-09-23 09:39:32.900,4.709,10100
2020-09-23 09:39:32.900,4.71,19900
2020-09-23 09:39:32.900,4.71,30000
2020-09-23 09:39:32.900,4.71,30000
2020-09-23 09:39:33.510,4.709,300
2020-09-23 09:39:33.510,4.71,11700
2020-09-23 09:39:34.600,4.708,200
2020-09-23 09:39:34.600,4.708,1300
2020-09-23 09:39:34.650,4.708,400
2020-09-23 09:39:35.090,4.709,300
2020-09-23 09:39:37.250,4.709,700
2020-09-23 09:39:37.250,4.709,1400
2020-09-23 09:39:37.250,4.71,54700
2020-09-23 09:39:39.420,4.71,200000
2020-09-23 09:39:39.650,4.71,17700
2020-09-23 09:39:39.880,4.709,2000
2020-09-23 09:39:39.880,4.709,10000
2020-09-23 09:39:39.880,4.709,100
2020-09-23 09:39:39.880,4.709,1200
2020-09-23 09:39:39.910,4.709,300
2020-09-23 09:39:40.110,4.709,3400
2020-09-23 09:39:40.110,4.71,6600
2020-09-23 09:39:44.540,4.709,3000
2020-09-23 09:39:45.380,4.709,100
2020-09-23 09:39:46.600,4.709,6900
2020-09-23 09:39:46.600,4.709,1500
2020-09-23 09:39:46.600,4.709,100
2020-09-23 09:39:46.600,4.709,6200
2020-09-23 09:39:46.830,4.709,35300
2020-09-23 09:39:47.820,4.709,16100
2020-09-23 09:39:49.930,4.709,48600
2020-09-23 09:39:49.930,4.709,100
2020-09-23 09:39:49.930,4.709,1300
2020-09-23 09:39:49.960,4.709,10000
2020-09-23 09:39:50.880,4.708,100
2020-09-23 09:39:51.700,4.709,300
2020-09-23 09:39:52.900,4.709,4700
2020-09-23 09:39:52.900,4.709,10100
2020-09-23 09:39:52.900,4.709,100
2020-09-23 09:39:52.900,4.709,15100
2020-09-23 09:39:53.830,4.709,9000
2020-09-23 09:39:54.270,4.709,3000
2020-09-23 09:39:54.450,4.708,2100
2020-09-23 09:39:54.450,4.708,500
2020-09-23 09:39:54.450,4.708,100
2020-09-23 09:39:54.450,4.708,500
2020-09-23 09:39:54.790,4.709,1500
2020-09-23 09:39:54.850,4.709,20000
2020-09-23 09:39:54.850,4.709,30000
2020-09-23 09:39:54.850,4.709,30000
2020-09-23 09:39:54.850,4.709,30000
2020-09-23 09:39:54.850,4.709,30000
2020-09-23 09:39:54.880,4.708,1500
2020-09-23 09:39:54.880,4.708,200
2020-09-23 09:39:54.880,4.708,500
2020-09-23 09:39:54.880,4.708,14000
2020-09-23 09:39:55.860,4.709,30000
2020-09-23 09:39:56.000,4.708,5000
2020-09-23 09:39:57.660,4.709,1400
2020-09-23 09:39:57.660,4.709,5000
2020-09-23 09:39:57.660,4.709,4200
2020-09-23 09:39:58.050,4.709,3300
2020-09-23 09:39:58.750,4.709,5900
2020-09-23 09:39:58.750,4.709,14100
2020-09-23 09:39:58.880,4.708,1700
2020-09-23 09:39:58.880,4.708,3300
2020-09-23 09:39:59.000,4.709,1000
2020-09-23 09:39:59.190,4.709,1900
2020-09-23 09:39:59.190,4.709,5000
2020-09-23 09:39:59.620,4.71,100
2020-09-23 09:40:02.160,4.709,15000
2020-09-23 09:40:02.510,4.709,2000
2020-09-23 09:40:02.870,4.709,7600
2020-09-23 09:40:02.870,4.71,2400
2020-09-23 09:40:03.700,4.708,18000
2020-09-23 09:40:04.720,4.709,1000
2020-09-23 09:40:04.720,4.709,9000
2020-09-23 09:40:05.030,4.709,100
2020-09-23 09:40:06.020,4.708,500
2020-09-23 09:40:06.350,4.708,1000
2020-09-23 09:40:07.480,4.708,1600
2020-09-23 09:40:08.910,4.708,5500
2020-09-23 09:40:08.970,4.709,10900
2020-09-23 09:40:08.970,4.709,34400
2020-09-23 09:40:10.280,4.708,12000
2020-09-23 09:40:11.780,4.709,100
2020-09-23 09:40:11.890,4.709,5000
2020-09-23 09:40:13.430,4.709,300
2020-09-23 09:40:14.390,4.708,2000
2020-09-23 09:40:14.390,4.708,2000
2020-09-23 09:40:15.140,4.708,3900
2020-09-23 09:40:15.320,4.708,250200
2020-09-23 09:40:15.320,4.708,2000
2020-09-23 09:40:15.320,4.708,500
2020-09-23 09:40:15.320,4.708,5000
2020-09-23 09:40:15.320,4.708,10000
2020-09-23 09:40:15.320,4.708,10000
2020-09-23 09:40:15.320,4.708,600
2020-09-23 09:40:15.320,4.708,300
2020-09-23 09:40:16.540,4.708,2000
2020-09-23 09:40:17.080,4.708,3000
2020-09-23 09:40:18.990,4.707,3000
2020-09-23 09:40:19.930,4.706,8400
2020-09-23 09:40:19.930,4.706,8000
2020-09-23 09:40:22.520,4.707,3000
2020-09-23 09:40:23.570,4.707,100
2020-09-23 09:40:25.090,4.706,5000
2020-09-23 09:40:25.150,4.707,100
2020-09-23 09:40:26.010,4.707,10000
2020-09-23 09:40:26.940,4.707,100
2020-09-23 09:40:27.210,4.706,2500
2020-09-23 09:40:29.850,4.707,2000
2020-09-23 09:40:31.570,4.706,4500
2020-09-23 09:40:31.570,4.706,500
2020-09-23 09:40:33.940,4.707,100
2020-09-23 09:40:34.100,4.707,100
2020-09-23 09:40:34.240,4.707,200
2020-09-23 09:40:34.390,4.706,100
2020-09-23 09:40:34.390,4.706,900
2020-09-23 09:40:36.130,4.706,2500
2020-09-23 09:40:36.590,4.706,200
2020-09-23 09:40:38.610,4.706,1400
2020-09-23 09:40:38.610,4.706,500
2020-09-23 09:40:38.610,4.706,100
2020-09-23 09:40:38.610,4.706,3000
2020-09-23 09:40:39.000,4.707,100
2020-09-23 09:40:39.210,4.706,1000
2020-09-23 09:40:39.760,4.707,100
2020-09-23 09:40:39.910,4.706,10000
2020-09-23 09:40:40.230,4.706,1200
2020-09-23 09:40:41.620,4.706,20000
2020-09-23 09:40:42.040,4.707,500
2020-09-23 09:40:43.490,4.706,5000
2020-09-23 09:40:44.210,4.706,1000
2020-09-23 09:40:44.300,4.706,5300
2020-09-23 09:40:45.230,4.706,253500
2020-09-23 09:40:45.230,4.705,200
2020-09-23 09:40:45.230,4.705,800
2020-09-23 09:40:45.230,4.705,100000
2020-09-23 09:40:45.230,4.705,30000
2020-09-23 09:40:45.230,4.705,1000
2020-09-23 09:40:45.230,4.705,600
2020-09-23 09:40:45.230,4.705,1000
2020-09-23 09:40:45.230,4.705,12900
2020-09-23 09:40:45.290,4.706,200
2020-09-23 09:40:46.410,4.706,20000
2020-09-23 09:40:48.570,4.705,15400
2020-09-23 09:40:48.670,4.706,2000
2020-09-23 09:40:49.310,4.706,9800
2020-09-23 09:40:49.310,4.706,200
2020-09-23 09:40:49.310,4.706,1000
2020-09-23 09:40:49.310,4.707,100
2020-09-23 09:40:50.280,4.707,500
2020-09-23 09:40:50.460,4.705,200
2020-09-23 09:40:51.770,4.706,900
2020-09-23 09:40:51.770,4.707,1100
2020-09-23 09:40:54.590,4.706,200
2020-09-23 09:40:54.590,4.706,5000
2020-09-23 09:40:54.590,4.706,4800
2020-09-23 09:40:55.590,4.706,1000
2020-09-23 09:40:56.160,4.705,20000
2020-09-23 09:40:57.850,4.706,30000
2020-09-23 09:40:57.910,4.706,20000
2020-09-23 09:40:57.910,4.706,30000
2020-09-23 09:40:57.910,4.706,30000
2020-09-23 09:40:59.430,4.705,1500
2020-09-23 09:40:59.430,4.705,41500
2020-09-23 09:40:59.970,4.706,300
2020-09-23 09:41:02.900,4.705,500
2020-09-23 09:41:05.120,4.706,33900
2020-09-23 09:41:05.120,4.706,1000
2020-09-23 09:41:05.180,4.706,300
2020-09-23 09:41:05.480,4.706,14800
2020-09-23 09:41:05.970,4.706,200
2020-09-23 09:41:06.300,4.705,3300
2020-09-23 09:41:08.570,4.705,30000
2020-09-23 09:41:09.090,4.705,24700
2020-09-23 09:41:09.090,4.705,3000
2020-09-23 09:41:09.090,4.705,200
2020-09-23 09:41:09.090,4.705,2100
2020-09-23 09:41:09.380,4.705,2900
2020-09-23 09:41:10.360,4.704,8400
2020-09-23 09:41:10.360,4.704,200
2020-09-23 09:41:10.360,4.704,500
2020-09-23 09:41:10.360,4.704,10900
2020-09-23 09:41:10.870,4.704,289100
2020-09-23 09:41:11.100,4.703,60000
2020-09-23 09:41:11.100,4.703,400
2020-09-23 09:41:11.100,4.703,2000
2020-09-23 09:41:11.100,4.703,200
2020-09-23 09:41:12.190,4.703,1400
2020-09-23 09:41:13.380,4.702,10900
2020-09-23 09:41:13.830,4.703,500
2020-09-23 09:41:15.010,4.705,1000
2020-09-23 09:41:17.560,4.702,2600
2020-09-23 09:41:18.830,4.703,1000
2020-09-23 09:41:19.560,4.702,30000
2020-09-23 09:41:20.780,4.702,700
2020-09-23 09:41:21.060,4.703,3900
2020-09-23 09:41:23.700,4.703,300
2020-09-23 09:41:24.410,4.703,500
2020-09-23 09:41:25.040,4.703,5300
2020-09-23 09:41:25.040,4.703,4700
2020-09-23 09:41:26.880,4.702,500
2020-09-23 09:41:27.810,4.703,300
2020-09-23 09:41:28.540,4.702,300
2020-09-23 09:41:31.100,4.702,700
2020-09-23 09:41:32.210,4.703,100
2020-09-23 09:41:33.240,4.702,14300
2020-09-23 09:41:33.240,4.702,300
2020-09-23 09:41:33.240,4.702,100
2020-09-23 09:41:33.240,4.702,100
2020-09-23 09:41:33.240,4.702,200
2020-09-23 09:41:33.240,4.702,285000
2020-09-23 09:41:34.610,4.703,300
2020-09-23 09:41:34.850,4.702,15000
2020-09-23 09:41:34.850,4.702,20000
2020-09-23 09:41:34.850,4.702,300
2020-09-23 09:41:34.850,4.702,1200
2020-09-23 09:41:34.850,4.702,3500
2020-09-23 09:41:35.060,4.702,4000
2020-09-23 09:41:35.990,4.702,700
2020-09-23 09:41:35.990,4.702,300
2020-09-23 09:41:37.340,4.702,1500
2020-09-23 09:41:38.740,4.702,100
2020-09-23 09:41:39.330,4.701,100
2020-09-23 09:41:40.440,4.702,10000
2020-09-23 09:41:40.750,4.701,1900
2020-09-23 09:41:40.750,4.701,400
2020-09-23 09:41:40.750,4.701,2100
2020-09-23 09:41:40.750,4.701,5600
2020-09-23 09:41:41.540,4.702,100
2020-09-23 09:41:42.160,4.702,100
2020-09-23 09:41:42.660,4.702,10000
2020-09-23 09:41:42.930,4.702,27900
2020-09-23 09:41:42.930,4.702,8800
2020-09-23 09:41:42.930,4.702,2100
2020-09-23 09:41:42.930,4.703,300
2020-09-23 09:41:42.930,4.703,800
2020-09-23 09:41:42.930,4.703,1000
2020-09-23 09:41:42.930,4.703,2000
2020-09-23 09:41:42.930,4.703,20000
2020-09-23 09:41:43.460,4.703,100
2020-09-23 09:41:44.030,4.703,2700
2020-09-23 09:41:44.090,4.703,500
2020-09-23 09:41:44.090,4.701,700
2020-09-23 09:41:44.090,4.701,500
2020-09-23 09:41:44.090,4.701,3300
2020-09-23 09:41:44.180,4.701,500
2020-09-23 09:41:48.320,4.702,200
2020-09-23 09:41:48.320,4.701,2500
2020-09-23 09:41:48.320,4.701,2300
2020-09-23 09:41:48.700,4.701,12000
2020-09-23 09:41:53.560,4.702,10000
2020-09-23 09:41:53.560,4.702,100
2020-09-23 09:41:53.560,4.702,500
2020-09-23 09:41:54.160,4.701,5700
2020-09-23 09:41:54.160,4.701,200
2020-09-23 09:41:54.160,4.701,1400
2020-09-23 09:41:54.390,4.701,8600
2020-09-23 09:41:54.930,4.701,1400
2020-09-23 09:41:55.560,4.702,100
2020-09-23 09:41:56.990,4.702,19000
2020-09-23 09:41:57.670,4.702,200
2020-09-23 09:41:58.320,4.701,1000
2020-09-23 09:42:03.160,4.701,7000
2020-09-23 09:42:04.270,4.702,100
2020-09-23 09:42:04.270,4.702,100
2020-09-23 09:42:04.700,4.702,200
2020-09-23 09:42:04.760,4.701,600
2020-09-23 09:42:04.760,4.701,1900
2020-09-23 09:42:04.970,4.702,1000
2020-09-23 09:42:07.930,4.702,300
2020-09-23 09:42:08.530,4.702,3600
2020-09-23 09:42:08.530,4.701,6400
2020-09-23 09:42:10.370,4.701,200
2020-09-23 09:42:10.640,4.701,8700
2020-09-23 09:42:11.170,4.701,2100
2020-09-23 09:42:11.950,4.702,1800
2020-09-23 09:42:12.660,4.702,200
2020-09-23 09:42:12.960,4.701,30000
2020-09-23 09:42:13.490,4.702,2000
2020-09-23 09:42:14.760,4.702,46000
2020-09-23 09:42:14.760,4.703,11400
2020-09-23 09:42:16.180,4.703,200
2020-09-23 09:42:18.610,4.702,200
2020-09-23 09:42:18.610,4.702,1300
2020-09-23 09:42:18.610,4.702,7900
2020-09-23 09:42:18.610,4.701,700
2020-09-23 09:42:18.610,4.701,7800
2020-09-23 09:42:18.610,4.701,10000
2020-09-23 09:42:18.610,4.701,32000
2020-09-23 09:42:18.730,4.701,11000
2020-09-23 09:42:18.910,4.701,5000
2020-09-23 09:42:20.390,4.703,200
2020-09-23 09:42:21.400,4.702,4600
2020-09-23 09:42:21.980,4.702,14400
2020-09-23 09:42:23.700,4.701,2000
2020-09-23 09:42:23.700,4.701,3000
2020-09-23 09:42:23.700,4.7,1000
2020-09-23 09:42:23.700,4.7,200
2020-09-23 09:42:23.700,4.7,20000
2020-09-23 09:42:23.700,4.7,1000
2020-09-23 09:42:23.700,4.7,2000
2020-09-23 09:42:23.700,4.7,200
2020-09-23 09:42:23.700,4.7,1000
2020-09-23 09:42:23.700,4.7,100000
2020-09-23 09:42:23.700,4.7,100
2020-09-23 09:42:23.700,4.7,1000
2020-09-23 09:42:23.700,4.7,500
2020-09-23 09:42:25.680,4.701,100
2020-09-23 09:42:26.070,4.701,2000
2020-09-23 09:42:26.390,4.701,3200
2020-09-23 09:42:27.890,4.7,500
2020-09-23 09:42:27.890,4.7,5000
2020-09-23 09:42:27.890,4.7,900
2020-09-23 09:42:27.890,4.7,1000
2020-09-23 09:42:27.890,4.7,500
2020-09-23 09:42:27.890,4.7,10000
2020-09-23 09:42:27.890,4.7,500
2020-09-23 09:42:27.890,4.7,5000
2020-09-23 09:42:27.890,4.7,2100
2020-09-23 09:42:27.890,4.7,1000
2020-09-23 09:42:27.890,4.7,100
2020-09-23 09:42:27.890,4.7,100
2020-09-23 09:42:27.890,4.7,300
2020-09-23 09:42:27.890,4.7,2300
2020-09-23 09:42:27.890,4.7,100
2020-09-23 09:42:27.890,4.7,21200
2020-09-23 09:42:27.890,4.7,4300
2020-09-23 09:42:27.890,4.7,5000
2020-09-23 09:42:27.890,4.7,200
2020-09-23 09:42:27.890,4.7,300
2020-09-23 09:42:27.890,4.7,4300
2020-09-23 09:42:27.890,4.7,100
2020-09-23 09:42:27.890,4.7,100
2020-09-23 09:42:27.890,4.7,200
2020-09-23 09:42:27.890,4.7,1500
2020-09-23 09:42:27.890,4.7,10000
2020-09-23 09:42:27.890,4.7,200
2020-09-23 09:42:27.890,4.7,1000
2020-09-23 09:42:27.890,4.7,3000
2020-09-23 09:42:27.890,4.7,29200
2020-09-23 09:42:29.290,4.7,100
2020-09-23 09:42:29.560,4.701,12000
2020-09-23 09:42:30.370,4.701,200
2020-09-23 09:42:30.400,4.701,8900
2020-09-23 09:42:30.540,4.701,400
2020-09-23 09:42:31.890,4.701,30000
2020-09-23 09:42:31.910,4.701,10000
2020-09-23 09:42:34.580,4.701,33200
2020-09-23 09:42:34.580,4.701,200
2020-09-23 09:42:34.580,4.701,15000
2020-09-23 09:42:35.480,4.701,1000
2020-09-23 09:42:35.610,4.701,50000
2020-09-23 09:42:37.480,4.701,300
2020-09-23 09:42:37.830,4.701,5700
2020-09-23 09:42:37.830,4.701,6600
2020-09-23 09:42:38.710,4.701,1000
2020-09-23 09:42:39.950,4.702,30000
2020-09-23 09:42:39.950,4.702,30000
2020-09-23 09:42:42.110,4.701,22400
2020-09-23 09:42:42.110,4.701,3900
2020-09-23 09:42:42.890,4.701,1000
2020-09-23 09:42:45.420,4.701,1000
2020-09-23 09:42:47.600,4.701,1100
2020-09-23 09:42:50.610,4.701,10000
2020-09-23 09:42:51.000,4.701,800
2020-09-23 09:42:53.330,4.7,400
2020-09-23 09:42:53.330,4.7,400
2020-09-23 09:42:53.330,4.7,1000
2020-09-23 09:42:53.330,4.7,500
2020-09-23 09:42:55.370,4.7,2700
2020-09-23 09:42:55.370,4.7,500
2020-09-23 09:42:55.370,4.7,1800
2020-09-23 09:42:55.370,4.701,8700
2020-09-23 09:42:55.800,4.701,100
2020-09-23 09:42:56.080,4.701,500
2020-09-23 09:42:56.610,4.701,400
2020-09-23 09:42:57.770,4.7,100
2020-09-23 09:42:57.770,4.701,1000
2020-09-23 09:42:58.070,4.701,30000
2020-09-23 09:42:58.150,4.701,3000
2020-09-23 09:43:02.220,4.7,1000
2020-09-23 09:43:02.800,4.7,800
2020-09-23 09:43:03.300,4.699,100
2020-09-23 09:43:03.300,4.699,400
2020-09-23 09:43:04.380,4.699,600
2020-09-23 09:43:04.380,4.699,100
2020-09-23 09:43:04.380,4.699,100
2020-09-23 09:43:04.380,4.699,400
2020-09-23 09:43:04.380,4.699,2300
2020-09-23 09:43:04.380,4.699,5000
2020-09-23 09:43:06.310,4.7,4500
2020-09-23 09:43:06.310,4.7,10500
2020-09-23 09:43:06.740,4.699,5600
2020-09-23 09:43:06.740,4.699,100
2020-09-23 09:43:06.740,4.699,5000
2020-09-23 09:43:06.740,4.699,20000
2020-09-23 09:43:06.740,4.699,100
2020-09-23 09:43:06.740,4.699,2000
2020-09-23 09:43:06.740,4.699,300
2020-09-23 09:43:06.740,4.699,41500
2020-09-23 09:43:06.910,4.699,6000
2020-09-23 09:43:09.630,4.7,100
2020-09-23 09:43:10.570,4.699,1500
2020-09-23 09:43:11.730,4.699,700
2020-09-23 09:43:11.730,4.7,100
2020-09-23 09:43:12.320,4.7,2100
2020-09-23 09:43:13.670,4.699,100
2020-09-23 09:43:14.390,4.699,200
2020-09-23 09:43:14.390,4.699,1000
2020-09-23 09:43:14.390,4.699,8800
2020-09-23 09:43:14.390,4.699,70000
2020-09-23 09:43:14.920,4.7,600
2020-09-23 09:43:15.220,4.699,200
2020-09-23 09:43:15.480,4.699,4000
2020-09-23 09:43:16.240,4.699,3000
2020-09-23 09:43:17.700,4.699,100
2020-09-23 09:43:19.670,4.699,2000
2020-09-23 09:43:21.620,4.698,2600
2020-09-23 09:43:21.620,4.698,2000
2020-09-23 09:43:21.620,4.698,100
2020-09-23 09:43:21.620,4.698,1000
2020-09-23 09:43:21.620,4.698,300
2020-09-23 09:43:21.620,4.698,1100
2020-09-23 09:43:21.620,4.698,200
2020-09-23 09:43:21.620,4.698,7000
2020-09-23 09:43:22.120,4.698,9000
2020-09-23 09:43:22.120,4.698,200
2020-09-23 09:43:22.120,4.698,3900
2020-09-23 09:43:22.120,4.698,500
2020-09-23 09:43:22.120,4.698,200
2020-09-23 09:43:22.120,4.698,2000
2020-09-23 09:43:22.120,4.698,10000
2020-09-23 09:43:23.180,4.698,100
2020-09-23 09:43:24.320,4.698,10300
2020-09-23 09:43:26.120,4.698,2000
2020-09-23 09:43:27.030,4.697,7000
2020-09-23 09:43:28.220,4.698,5000
2020-09-23 09:43:29.240,4.698,6800
2020-09-23 09:43:30.050,4.699,2000
2020-09-23 09:43:33.080,4.698,8200
2020-09-23 09:43:33.080,4.698,1800
2020-09-23 09:43:39.710,4.698,2000
2020-09-23 09:43:39.800,4.698,3000
2020-09-23 09:43:42.820,4.699,12200
2020-09-23 09:43:42.820,4.699,50000
2020-09-23 09:43:42.820,4.699,3000
2020-09-23 09:43:42.960,4.7,100
2020-09-23 09:43:43.870,4.699,10000
2020-09-23 09:43:43.900,4.699,4800
2020-09-23 09:43:45.890,4.699,1000
2020-09-23 09:43:45.890,4.699,500
2020-09-23 09:43:45.890,4.698,1500
2020-09-23 09:43:46.930,4.699,300
2020-09-23 09:43:46.930,4.698,1700
2020-09-23 09:43:46.930,4.698,100
2020-09-23 09:43:46.930,4.698,8000
2020-09-23 09:43:46.930,4.698,200
2020-09-23 09:43:46.930,4.698,1200
2020-09-23 09:43:47.300,4.698,3800
2020-09-23 09:43:47.300,4.698,100
2020-09-23 09:43:47.300,4.698,200
2020-09-23 09:43:47.300,4.698,100
2020-09-23 09:43:47.300,4.698,100
2020-09-23 09:43:47.300,4.698,3000
2020-09-23 09:43:47.300,4.698,1000
2020-09-23 09:43:47.300,4.698,400
2020-09-23 09:43:47.620,4.698,300
2020-09-23 09:43:47.800,4.698,1000
2020-09-23 09:43:48.920,4.699,4000
2020-09-23 09:43:48.920,4.698,2000
2020-09-23 09:43:51.040,4.698,500
2020-09-23 09:43:51.130,4.698,200
2020-09-23 09:43:51.310,4.698,200
2020-09-23 09:43:51.450,4.697,50000
2020-09-23 09:43:51.930,4.698,800
2020-09-23 09:43:52.400,4.698,200
2020-09-23 09:43:52.460,4.697,400
2020-09-23 09:43:52.720,4.697,2600
2020-09-23 09:43:52.720,4.697,5000
2020-09-23 09:43:52.720,4.697,3000
2020-09-23 09:43:52.720,4.697,100
2020-09-23 09:43:52.720,4.697,10000
