Datetime,Price,Volume
2020-09-10 09:25:00.440,3.306,6600
2020-09-10 09:25:00.440,3.306,12300
2020-09-10 09:25:00.440,3.306,6100
2020-09-10 09:25:00.440,3.306,3100
2020-09-10 09:25:00.440,3.306,3000
2020-09-10 09:25:00.440,3.306,18900
2020-09-10 09:25:00.440,3.306,25000
2020-09-10 09:25:00.440,3.306,1600
2020-09-10 09:25:00.440,3.306,2000
2020-09-10 09:25:00.440,3.306,400
2020-09-10 09:25:00.440,3.306,6300
2020-09-10 09:25:00.440,3.306,200
2020-09-10 09:25:00.440,3.306,500
2020-09-10 09:25:00.440,3.306,2500
2020-09-10 09:25:00.440,3.306,100
2020-09-10 09:25:00.440,3.306,1000
2020-09-10 09:25:00.440,3.306,200
2020-09-10 09:25:00.440,3.306,5200
2020-09-10 09:25:00.440,3.306,20000
2020-09-10 09:25:00.440,3.306,100
2020-09-10 09:25:00.440,3.306,1000
2020-09-10 09:25:00.440,3.306,100
2020-09-10 09:25:00.440,3.306,100
2020-09-10 09:25:00.440,3.306,900
2020-09-10 09:25:00.440,3.306,200
2020-09-10 09:25:00.440,3.306,100
2020-09-10 09:25:00.440,3.306,100
2020-09-10 09:25:00.440,3.306,600
2020-09-10 09:25:00.440,3.306,68100
2020-09-10 09:25:00.440,3.306,100000
2020-09-10 09:25:00.440,3.306,34900
2020-09-10 09:25:00.440,3.306,3000
2020-09-10 09:25:00.440,3.306,500
2020-09-10 09:25:00.440,3.306,6000
2020-09-10 09:25:00.440,3.306,6000
2020-09-10 09:25:00.440,3.306,61500
2020-09-10 09:25:00.440,3.306,100
2020-09-10 09:25:00.440,3.306,8100
2020-09-10 09:25:00.440,3.306,5700
2020-09-10 09:25:00.440,3.306,25000
2020-09-10 09:25:00.440,3.306,30500
2020-09-10 09:25:00.440,3.306,30500
2020-09-10 09:25:00.440,3.306,250400
2020-09-10 09:25:00.440,3.306,200
2020-09-10 09:25:00.440,3.306,200
2020-09-10 09:25:00.440,3.306,100
2020-09-10 09:25:00.440,3.306,4000
2020-09-10 09:25:00.440,3.306,300
2020-09-10 09:25:00.440,3.306,100
2020-09-10 09:25:00.440,3.306,500
2020-09-10 09:25:00.440,3.306,1800
2020-09-10 09:25:00.440,3.306,2000
2020-09-10 09:25:00.440,3.306,3000
2020-09-10 09:25:00.440,3.306,100
2020-09-10 09:25:00.440,3.306,2200
2020-09-10 09:25:00.440,3.306,2200
2020-09-10 09:25:00.440,3.306,31300
2020-09-10 09:25:00.440,3.306,1600
2020-09-10 09:25:00.440,3.306,7600
2020-09-10 09:25:00.440,3.306,400
2020-09-10 09:25:00.440,3.306,200
2020-09-10 09:25:00.440,3.306,100
2020-09-10 09:25:00.440,3.306,1000
2020-09-10 09:25:00.440,3.306,2000
2020-09-10 09:25:00.440,3.306,18800
2020-09-10 09:25:00.440,3.306,112500
2020-09-10 09:25:00.440,3.306,300000
2020-09-10 09:25:00.440,3.306,100
2020-09-10 09:25:00.440,3.306,67400
2020-09-10 09:25:00.440,3.306,10000
2020-09-10 09:25:00.440,3.306,222600
2020-09-10 09:25:00.440,3.306,100000
2020-09-10 09:25:00.440,3.306,3000
2020-09-10 09:25:00.440,3.306,98100
2020-09-10 09:25:00.440,3.306,201900
2020-09-10 09:25:00.440,3.306,169900
2020-09-10 09:25:00.440,3.306,13900
2020-09-10 09:25:00.440,3.306,5000
2020-09-10 09:25:00.440,3.306,5700
2020-09-10 09:25:00.440,3.306,46200
2020-09-10 09:25:00.440,3.306,2000
2020-09-10 09:25:00.440,3.306,20500
2020-09-10 09:25:00.440,3.306,13300
2020-09-10 09:25:00.440,3.306,200
2020-09-10 09:25:00.440,3.306,6000
2020-09-10 09:25:00.440,3.306,10000
2020-09-10 09:25:00.440,3.306,37100
2020-09-10 09:25:00.440,3.306,5000
2020-09-10 09:25:00.440,3.306,7000
2020-09-10 09:25:00.440,3.306,10000
2020-09-10 09:25:00.440,3.306,6000
2020-09-10 09:25:00.440,3.306,7000
2020-09-10 09:25:00.440,3.306,1000
2020-09-10 09:25:00.440,3.306,100
2020-09-10 09:25:00.440,3.306,100
2020-09-10 09:25:00.440,3.306,7000
2020-09-10 09:25:00.440,3.306,10000
2020-09-10 09:25:00.440,3.306,1000
2020-09-10 09:25:00.440,3.306,100
2020-09-10 09:25:00.440,3.306,500
2020-09-10 09:25:00.440,3.306,200
2020-09-10 09:25:00.440,3.306,6000
2020-09-10 09:25:00.440,3.306,1000
2020-09-10 09:25:00.440,3.306,7000
2020-09-10 09:25:00.440,3.306,1000
2020-09-10 09:25:00.440,3.306,34200
2020-09-10 09:25:00.440,3.306,1000
2020-09-10 09:25:00.440,3.306,1000
2020-09-10 09:25:00.440,3.306,10000
2020-09-10 09:25:00.440,3.306,7000
2020-09-10 09:25:00.440,3.306,14900
2020-09-10 09:25:00.440,3.306,100
2020-09-10 09:25:00.440,3.306,3000
2020-09-10 09:25:00.440,3.306,6000
2020-09-10 09:25:00.440,3.306,7000
2020-09-10 09:25:00.440,3.306,1000
2020-09-10 09:25:00.440,3.306,4200
2020-09-10 09:25:00.440,3.306,1000
2020-09-10 09:25:00.440,3.306,2500
2020-09-10 09:25:00.440,3.306,10000
2020-09-10 09:25:00.440,3.306,10000
2020-09-10 09:25:00.440,3.306,1000
2020-09-10 09:25:00.440,3.306,7000
2020-09-10 09:25:00.440,3.306,2000
2020-09-10 09:25:00.440,3.306,2000
2020-09-10 09:25:00.440,3.306,6900
2020-09-10 09:25:00.440,3.306,40000
2020-09-10 09:25:00.440,3.306,4000
2020-09-10 09:25:00.440,3.306,200
2020-09-10 09:25:00.440,3.306,1200
2020-09-10 09:25:00.440,3.306,3000
2020-09-10 09:25:00.440,3.306,10000
2020-09-10 09:25:00.440,3.306,6000
2020-09-10 09:25:00.440,3.306,1000
2020-09-10 09:25:00.440,3.306,3000
2020-09-10 09:25:00.440,3.306,100
2020-09-10 09:25:00.440,3.306,7000
2020-09-10 09:25:00.440,3.306,40000
2020-09-10 09:25:00.440,3.306,5000
2020-09-10 09:25:00.440,3.306,15000
2020-09-10 09:25:00.440,3.306,500
2020-09-10 09:25:00.440,3.306,10000
2020-09-10 09:25:00.440,3.306,900
2020-09-10 09:25:00.440,3.306,100
2020-09-10 09:25:00.440,3.306,221400
2020-09-10 09:25:00.440,3.306,300
2020-09-10 09:25:00.440,3.306,50700
2020-09-10 09:25:00.440,3.306,434600
2020-09-10 09:25:00.440,3.306,30200
2020-09-10 09:25:00.440,3.306,200
2020-09-10 09:25:00.440,3.306,500
2020-09-10 09:25:00.440,3.306,1000
2020-09-10 09:25:00.440,3.306,7000
2020-09-10 09:25:00.440,3.306,100
2020-09-10 09:25:00.440,3.306,5000
2020-09-10 09:25:00.440,3.306,11000
2020-09-10 09:25:00.440,3.306,4600
2020-09-10 09:25:00.440,3.306,3000
2020-09-10 09:25:00.440,3.306,6000
2020-09-10 09:25:00.440,3.306,1000
2020-09-10 09:25:00.440,3.306,10000
2020-09-10 09:25:00.440,3.306,7000
2020-09-10 09:25:00.440,3.306,10000
2020-09-10 09:25:00.440,3.306,5000
2020-09-10 09:25:00.440,3.306,1000
2020-09-10 09:25:00.440,3.306,7000
2020-09-10 09:25:00.440,3.306,100
2020-09-10 09:25:00.440,3.306,5000
2020-09-10 09:25:00.440,3.306,2000
2020-09-10 09:25:00.440,3.306,17500
2020-09-10 09:25:00.440,3.306,200
2020-09-10 09:25:00.440,3.306,10000
2020-09-10 09:25:00.440,3.306,6000
2020-09-10 09:25:00.440,3.306,1000
2020-09-10 09:25:00.440,3.306,7000
2020-09-10 09:25:00.440,3.306,200
2020-09-10 09:25:00.440,3.306,1000
2020-09-10 09:25:00.440,3.306,8800
2020-09-10 09:25:00.440,3.306,7000
2020-09-10 09:25:00.440,3.306,41900
2020-09-10 09:25:00.440,3.306,1500
2020-09-10 09:25:00.440,3.306,4000
2020-09-10 09:25:00.440,3.306,1000
2020-09-10 09:25:00.440,3.306,6000
2020-09-10 09:25:00.440,3.306,1000
2020-09-10 09:25:00.440,3.306,183900
2020-09-10 09:25:00.440,3.306,100
2020-09-10 09:25:00.440,3.306,12400
2020-09-10 09:25:00.440,3.306,11400
2020-09-10 09:25:00.440,3.306,92200
2020-09-10 09:25:00.440,3.306,4800
2020-09-10 09:25:00.440,3.306,7000
2020-09-10 09:25:00.440,3.306,14100
2020-09-10 09:25:00.440,3.306,2000
2020-09-10 09:25:00.440,3.306,209100
2020-09-10 09:25:00.440,3.306,10000
2020-09-10 09:30:00.060,3.306,179500
2020-09-10 09:30:00.150,3.307,5000
2020-09-10 09:30:00.150,3.307,1000
2020-09-10 09:30:00.150,3.307,1000
2020-09-10 09:30:00.150,3.307,10000
2020-09-10 09:30:00.150,3.307,7000
2020-09-10 09:30:00.220,3.307,9000
2020-09-10 09:30:00.220,3.306,6000
2020-09-10 09:30:00.220,3.308,200
2020-09-10 09:30:00.220,3.308,300
2020-09-10 09:30:00.220,3.308,6000
2020-09-10 09:30:00.220,3.308,1000
2020-09-10 09:30:00.220,3.308,2500
2020-09-10 09:30:00.220,3.308,90500
2020-09-10 09:30:00.220,3.308,5000
2020-09-10 09:30:00.220,3.308,2000
2020-09-10 09:30:00.220,3.308,300000
2020-09-10 09:30:00.220,3.308,7000
2020-09-10 09:30:00.220,3.308,2000
2020-09-10 09:30:00.260,3.308,5000
2020-09-10 09:30:00.260,3.308,9500
2020-09-10 09:30:00.300,3.309,10000
2020-09-10 09:30:00.300,3.309,1000
2020-09-10 09:30:00.300,3.309,7000
2020-09-10 09:30:00.300,3.309,700
2020-09-10 09:30:00.300,3.309,3900
2020-09-10 09:30:00.340,3.308,100
2020-09-10 09:30:00.390,3.308,1500
2020-09-10 09:30:00.430,3.309,100
2020-09-10 09:30:00.430,3.309,3900
2020-09-10 09:30:00.490,3.308,25300
2020-09-10 09:30:00.490,3.308,1800
2020-09-10 09:30:00.490,3.308,10000
2020-09-10 09:30:00.600,3.308,1600
2020-09-10 09:30:00.670,3.308,1500
2020-09-10 09:30:00.730,3.309,100
2020-09-10 09:30:00.730,3.308,24600
2020-09-10 09:30:00.990,3.309,2000
2020-09-10 09:30:00.990,3.309,19800
2020-09-10 09:30:00.990,3.308,21300
2020-09-10 09:30:00.990,3.308,14400
2020-09-10 09:30:01.060,3.308,76600
2020-09-10 09:30:01.060,3.308,10000
2020-09-10 09:30:01.200,3.308,30400
2020-09-10 09:30:01.200,3.309,200
2020-09-10 09:30:01.200,3.309,26000
2020-09-10 09:30:01.200,3.309,3100
2020-09-10 09:30:01.200,3.309,30000
2020-09-10 09:30:01.200,3.31,2000
2020-09-10 09:30:01.200,3.31,500
2020-09-10 09:30:01.200,3.31,10000
2020-09-10 09:30:01.200,3.31,1500
2020-09-10 09:30:01.200,3.31,1500
2020-09-10 09:30:01.200,3.31,2600
2020-09-10 09:30:01.200,3.31,6100
2020-09-10 09:30:01.200,3.308,1000
2020-09-10 09:30:01.200,3.308,800
2020-09-10 09:30:01.200,3.308,100
2020-09-10 09:30:01.390,3.31,500
2020-09-10 09:30:01.390,3.308,200
2020-09-10 09:30:01.390,3.308,200
2020-09-10 09:30:01.510,3.308,1500
2020-09-10 09:30:01.600,3.309,3200
2020-09-10 09:30:01.600,3.308,1000
2020-09-10 09:30:01.600,3.308,5400
2020-09-10 09:30:01.600,3.308,10000
2020-09-10 09:30:01.700,3.308,300
2020-09-10 09:30:01.700,3.309,100
2020-09-10 09:30:01.700,3.308,37000
2020-09-10 09:30:01.700,3.308,94400
2020-09-10 09:30:01.840,3.308,1000
2020-09-10 09:30:01.930,3.308,4500
2020-09-10 09:30:02.040,3.308,10000
2020-09-10 09:30:02.040,3.308,10300
2020-09-10 09:30:02.110,3.308,72200
2020-09-10 09:30:02.110,3.308,227800
2020-09-10 09:30:02.110,3.308,5000
2020-09-10 09:30:02.170,3.308,2600
2020-09-10 09:30:02.170,3.308,2400
2020-09-10 09:30:02.170,3.308,2600
2020-09-10 09:30:02.170,3.308,2400
2020-09-10 09:30:02.170,3.308,2600
2020-09-10 09:30:02.170,3.308,2400
2020-09-10 09:30:02.170,3.308,100
2020-09-10 09:30:02.170,3.308,3400
2020-09-10 09:30:02.170,3.308,2600
2020-09-10 09:30:02.170,3.308,2000
2020-09-10 09:30:02.170,3.308,2600
2020-09-10 09:30:02.170,3.309,6700
2020-09-10 09:30:02.170,3.309,1600
2020-09-10 09:30:02.170,3.308,400
2020-09-10 09:30:02.230,3.308,8000
2020-09-10 09:30:02.270,3.309,4400
2020-09-10 09:30:02.420,3.308,100
2020-09-10 09:30:02.460,3.308,11000
2020-09-10 09:30:02.500,3.308,22000
2020-09-10 09:30:02.500,3.308,1600
2020-09-10 09:30:02.500,3.308,5000
2020-09-10 09:30:02.500,3.308,1000
2020-09-10 09:30:02.500,3.308,7800
2020-09-10 09:30:02.560,3.308,2300
2020-09-10 09:30:02.560,3.308,10000
2020-09-10 09:30:02.560,3.308,400
2020-09-10 09:30:02.600,3.308,10000
2020-09-10 09:30:02.640,3.308,16900
2020-09-10 09:30:02.640,3.308,3000
2020-09-10 09:30:02.640,3.308,3000
2020-09-10 09:30:02.640,3.308,100
2020-09-10 09:30:02.640,3.307,20000
2020-09-10 09:30:02.640,3.307,1700
2020-09-10 09:30:02.640,3.307,2000
2020-09-10 09:30:02.640,3.307,4000
2020-09-10 09:30:02.640,3.307,6000
2020-09-10 09:30:02.640,3.307,1000
2020-09-10 09:30:02.640,3.307,2300
2020-09-10 09:30:02.640,3.307,500
2020-09-10 09:30:02.680,3.307,300
2020-09-10 09:30:02.720,3.308,6000
2020-09-10 09:30:02.720,3.308,8100
2020-09-10 09:30:02.760,3.308,41900
2020-09-10 09:30:02.760,3.307,8100
2020-09-10 09:30:02.760,3.307,300
2020-09-10 09:30:02.800,3.309,65000
2020-09-10 09:30:02.960,3.309,1500
2020-09-10 09:30:03.060,3.308,3200
2020-09-10 09:30:03.060,3.308,10000
2020-09-10 09:30:03.100,3.308,500
2020-09-10 09:30:03.100,3.308,500
2020-09-10 09:30:03.100,3.308,500
2020-09-10 09:30:03.150,3.309,27500
2020-09-10 09:30:03.150,3.309,6000
2020-09-10 09:30:03.150,3.309,3000
2020-09-10 09:30:03.150,3.309,36400
2020-09-10 09:30:03.150,3.309,1000
2020-09-10 09:30:03.150,3.309,2000
2020-09-10 09:30:03.150,3.309,200
2020-09-10 09:30:03.150,3.31,33400
2020-09-10 09:30:03.150,3.31,1400
2020-09-10 09:30:03.150,3.31,6000
2020-09-10 09:30:03.150,3.31,1000
2020-09-10 09:30:03.150,3.31,100
2020-09-10 09:30:03.150,3.31,10000
2020-09-10 09:30:03.150,3.31,100
2020-09-10 09:30:03.150,3.31,1000
2020-09-10 09:30:03.150,3.31,7000
2020-09-10 09:30:03.150,3.31,5000
2020-09-10 09:30:03.150,3.31,600
2020-09-10 09:30:03.150,3.31,3000
2020-09-10 09:30:03.150,3.31,10000
2020-09-10 09:30:03.150,3.31,15000
2020-09-10 09:30:03.150,3.31,10000
2020-09-10 09:30:03.150,3.31,4100
2020-09-10 09:30:03.150,3.31,5300
2020-09-10 09:30:03.150,3.31,2000
2020-09-10 09:30:03.150,3.31,200
2020-09-10 09:30:03.150,3.31,10000
2020-09-10 09:30:03.150,3.31,100
2020-09-10 09:30:03.150,3.31,30000
2020-09-10 09:30:03.150,3.31,100
2020-09-10 09:30:03.150,3.31,200
2020-09-10 09:30:03.150,3.31,3000
2020-09-10 09:30:03.150,3.31,100000
2020-09-10 09:30:03.150,3.31,28800
2020-09-10 09:30:03.150,3.31,10000
2020-09-10 09:30:03.150,3.31,37300
2020-09-10 09:30:03.150,3.31,3000
2020-09-10 09:30:03.150,3.31,4900
2020-09-10 09:30:03.150,3.31,10000
2020-09-10 09:30:03.150,3.31,25400
2020-09-10 09:30:03.150,3.31,500
2020-09-10 09:30:03.150,3.31,10000
2020-09-10 09:30:03.150,3.31,15000
2020-09-10 09:30:03.150,3.31,500
2020-09-10 09:30:03.300,3.31,8000
2020-09-10 09:30:03.300,3.31,3000
2020-09-10 09:30:03.470,3.31,3000
2020-09-10 09:30:03.510,3.31,10000
2020-09-10 09:30:03.670,3.31,240000
2020-09-10 09:30:03.720,3.31,1000
2020-09-10 09:30:03.790,3.31,5000
2020-09-10 09:30:03.790,3.31,1400
2020-09-10 09:30:03.790,3.31,213000
2020-09-10 09:30:03.830,3.308,2000
2020-09-10 09:30:03.880,3.308,200
2020-09-10 09:30:03.970,3.308,15000
2020-09-10 09:30:04.050,3.308,5000
2020-09-10 09:30:04.050,3.309,15000
2020-09-10 09:30:04.210,3.309,4000
2020-09-10 09:30:04.250,3.308,59100
2020-09-10 09:30:04.310,3.308,4000
2020-09-10 09:30:04.310,3.308,10000
2020-09-10 09:30:04.310,3.308,5000
2020-09-10 09:30:04.310,3.308,60500
2020-09-10 09:30:04.310,3.308,4400
2020-09-10 09:30:04.310,3.308,4000
2020-09-10 09:30:04.310,3.307,3500
2020-09-10 09:30:04.310,3.307,2000
2020-09-10 09:30:04.310,3.307,13100
2020-09-10 09:30:04.310,3.307,1300
2020-09-10 09:30:04.310,3.307,10000
2020-09-10 09:30:04.310,3.307,182700
2020-09-10 09:30:04.430,3.307,20000
2020-09-10 09:30:04.510,3.307,100
2020-09-10 09:30:04.590,3.307,3800
2020-09-10 09:30:04.660,3.307,1000
2020-09-10 09:30:04.700,3.307,18600
2020-09-10 09:30:04.820,3.307,12600
2020-09-10 09:30:04.820,3.307,100
2020-09-10 09:30:04.910,3.307,2000
2020-09-10 09:30:04.990,3.307,10100
2020-09-10 09:30:05.020,3.308,18200
2020-09-10 09:30:05.020,3.308,48500
2020-09-10 09:30:05.020,3.308,115500
2020-09-10 09:30:05.060,3.308,484700
2020-09-10 09:30:05.140,3.307,1000
2020-09-10 09:30:05.140,3.308,15000
2020-09-10 09:30:05.360,3.307,20000
2020-09-10 09:30:05.470,3.307,500
2020-09-10 09:30:05.510,3.307,100
2020-09-10 09:30:05.510,3.307,1000
2020-09-10 09:30:05.650,3.308,2000
2020-09-10 09:30:05.690,3.307,10100
2020-09-10 09:30:05.810,3.307,28100
2020-09-10 09:30:05.810,3.307,1500
2020-09-10 09:30:05.810,3.307,3000
2020-09-10 09:30:05.810,3.307,5000
2020-09-10 09:30:05.810,3.307,10000
2020-09-10 09:30:05.900,3.307,10000
2020-09-10 09:30:05.900,3.308,30000
2020-09-10 09:30:05.970,3.307,10000
2020-09-10 09:30:05.970,3.307,11700
2020-09-10 09:30:06.100,3.308,9300
2020-09-10 09:30:06.170,3.307,5000
2020-09-10 09:30:06.240,3.307,10000
2020-09-10 09:30:06.370,3.307,3000
2020-09-10 09:30:06.420,3.307,100
2020-09-10 09:30:06.500,3.308,5000
2020-09-10 09:30:06.500,3.307,102400
2020-09-10 09:30:06.500,3.308,43300
2020-09-10 09:30:06.540,3.307,16500
2020-09-10 09:30:06.540,3.307,2200
2020-09-10 09:30:06.540,3.307,2000
2020-09-10 09:30:06.540,3.307,6000
2020-09-10 09:30:06.540,3.307,3500
2020-09-10 09:30:06.540,3.307,1000
2020-09-10 09:30:06.540,3.307,900
2020-09-10 09:30:06.540,3.307,100
2020-09-10 09:30:06.540,3.307,1500
2020-09-10 09:30:06.540,3.307,300
2020-09-10 09:30:06.540,3.307,300
2020-09-10 09:30:06.540,3.307,1000
2020-09-10 09:30:06.540,3.307,300
2020-09-10 09:30:06.540,3.307,600
2020-09-10 09:30:06.540,3.307,3200
2020-09-10 09:30:06.540,3.307,8800
2020-09-10 09:30:06.540,3.307,1000
2020-09-10 09:30:06.590,3.308,12000
2020-09-10 09:30:06.620,3.308,10000
2020-09-10 09:30:06.660,3.307,15000
2020-09-10 09:30:06.800,3.308,106500
2020-09-10 09:30:06.800,3.308,5000
2020-09-10 09:30:06.800,3.308,2000
2020-09-10 09:30:06.900,3.308,4400
2020-09-10 09:30:06.980,3.308,500
2020-09-10 09:30:07.060,3.309,3300
2020-09-10 09:30:07.060,3.309,10000
2020-09-10 09:30:07.060,3.309,5000
2020-09-10 09:30:07.060,3.309,1900
2020-09-10 09:30:07.060,3.309,9800
2020-09-10 09:30:07.060,3.308,5000
2020-09-10 09:30:07.270,3.308,26600
2020-09-10 09:30:07.310,3.308,30000
2020-09-10 09:30:07.470,3.307,4700
2020-09-10 09:30:07.470,3.307,300
2020-09-10 09:30:07.470,3.307,400
2020-09-10 09:30:07.470,3.307,300
2020-09-10 09:30:07.470,3.307,4700
2020-09-10 09:30:07.510,3.307,2000
2020-09-10 09:30:07.590,3.307,500
2020-09-10 09:30:07.770,3.307,1000
2020-09-10 09:30:07.770,3.307,600
2020-09-10 09:30:07.770,3.307,400
2020-09-10 09:30:07.770,3.307,1200
2020-09-10 09:30:07.770,3.307,400
2020-09-10 09:30:07.770,3.307,1000
2020-09-10 09:30:07.770,3.307,300
2020-09-10 09:30:07.770,3.307,700
2020-09-10 09:30:07.770,3.307,10000
2020-09-10 09:30:07.770,3.307,1100
2020-09-10 09:30:07.770,3.307,1300
2020-09-10 09:30:07.770,3.307,83600
2020-09-10 09:30:07.810,3.308,3000
2020-09-10 09:30:07.840,3.308,3000
2020-09-10 09:30:07.920,3.308,9000
2020-09-10 09:30:07.990,3.307,6800
2020-09-10 09:30:08.100,3.308,300
2020-09-10 09:30:08.140,3.308,5800
2020-09-10 09:30:08.350,3.308,300
2020-09-10 09:30:08.560,3.307,100
2020-09-10 09:30:08.700,3.308,900000
2020-09-10 09:30:08.770,3.307,1000
2020-09-10 09:30:08.910,3.307,3000
2020-09-10 09:30:08.950,3.307,45000
2020-09-10 09:30:08.950,3.307,6000
2020-09-10 09:30:08.980,3.308,22000
2020-09-10 09:30:08.980,3.308,300000
2020-09-10 09:30:08.980,3.308,4400
2020-09-10 09:30:08.980,3.308,10000
2020-09-10 09:30:08.980,3.308,300
2020-09-10 09:30:09.080,3.308,200
2020-09-10 09:30:09.210,3.308,100
2020-09-10 09:30:09.210,3.308,6000
2020-09-10 09:30:09.320,3.308,61100
2020-09-10 09:30:09.750,3.309,8000
2020-09-10 09:30:10.070,3.308,1800
2020-09-10 09:30:10.500,3.309,200
2020-09-10 09:30:10.500,3.308,10000
2020-09-10 09:30:10.520,3.309,500
2020-09-10 09:30:10.580,3.308,8800
2020-09-10 09:30:10.740,3.308,10000
2020-09-10 09:30:11.760,3.308,5000
2020-09-10 09:30:11.760,3.308,1200
2020-09-10 09:30:11.820,3.308,500
2020-09-10 09:30:12.800,3.309,100
2020-09-10 09:30:13.680,3.309,9800
2020-09-10 09:30:14.660,3.309,10700
2020-09-10 09:30:14.910,3.309,25300
2020-09-10 09:30:14.910,3.309,500
2020-09-10 09:30:14.910,3.309,4200
2020-09-10 09:30:14.990,3.309,16800
2020-09-10 09:30:14.990,3.309,10000
2020-09-10 09:30:14.990,3.309,12700
2020-09-10 09:30:14.990,3.309,600
2020-09-10 09:30:14.990,3.309,13100
2020-09-10 09:30:14.990,3.309,2000
2020-09-10 09:30:14.990,3.309,12800
2020-09-10 09:30:14.990,3.309,8900
2020-09-10 09:30:14.990,3.309,14200
2020-09-10 09:30:14.990,3.309,1600
2020-09-10 09:30:14.990,3.309,3000
2020-09-10 09:30:14.990,3.309,24300
2020-09-10 09:30:15.050,3.309,5700
2020-09-10 09:30:15.050,3.309,4300
2020-09-10 09:30:15.240,3.308,900
2020-09-10 09:30:15.420,3.308,4000
2020-09-10 09:30:15.470,3.308,8500
2020-09-10 09:30:15.470,3.308,300000
2020-09-10 09:30:15.470,3.308,20000
2020-09-10 09:30:15.470,3.308,10000
2020-09-10 09:30:15.470,3.308,60500
2020-09-10 09:30:15.470,3.307,5600
2020-09-10 09:30:15.470,3.307,7000
2020-09-10 09:30:15.470,3.307,6100
2020-09-10 09:30:15.470,3.307,91300
2020-09-10 09:30:15.990,3.309,700
2020-09-10 09:30:15.990,3.309,1900
2020-09-10 09:30:16.050,3.309,2400
2020-09-10 09:30:19.420,3.308,3000
2020-09-10 09:30:19.570,3.308,3000
2020-09-10 09:30:19.840,3.307,5000
2020-09-10 09:30:20.640,3.308,400
2020-09-10 09:30:21.030,3.308,100
2020-09-10 09:30:21.290,3.308,200
2020-09-10 09:30:21.960,3.308,1000
2020-09-10 09:30:22.020,3.308,2000
2020-09-10 09:30:22.020,3.308,20000
2020-09-10 09:30:22.020,3.308,1000
2020-09-10 09:30:22.020,3.308,1500
2020-09-10 09:30:22.020,3.308,175500
2020-09-10 09:30:22.080,3.307,3000
2020-09-10 09:30:22.270,3.308,2600
2020-09-10 09:30:22.270,3.308,21900
2020-09-10 09:30:22.270,3.308,2600
2020-09-10 09:30:22.270,3.308,10000
2020-09-10 09:30:22.270,3.309,5700
2020-09-10 09:30:22.270,3.309,9000
2020-09-10 09:30:22.270,3.309,3800
2020-09-10 09:30:22.460,3.308,2400
2020-09-10 09:30:22.520,3.308,600
2020-09-10 09:30:22.660,3.309,300
2020-09-10 09:30:22.830,3.309,1000
2020-09-10 09:30:23.530,3.308,400
2020-09-10 09:30:23.530,3.307,10600
2020-09-10 09:30:23.830,3.309,1900
2020-09-10 09:30:24.030,3.309,100
2020-09-10 09:30:24.190,3.309,1800
2020-09-10 09:30:24.190,3.309,10000
2020-09-10 09:30:24.280,3.309,1200
2020-09-10 09:30:24.280,3.307,7600
2020-09-10 09:30:24.850,3.309,3600
2020-09-10 09:30:24.850,3.308,26400
2020-09-10 09:30:24.910,3.308,20000
2020-09-10 09:30:27.750,3.309,500
2020-09-10 09:30:27.750,3.309,2100
2020-09-10 09:30:27.750,3.308,7400
2020-09-10 09:30:27.810,3.308,300000
2020-09-10 09:30:28.090,3.308,30400
2020-09-10 09:30:28.140,3.31,100
2020-09-10 09:30:28.230,3.308,600
2020-09-10 09:30:28.340,3.308,2000
2020-09-10 09:30:28.370,3.308,1300
2020-09-10 09:30:28.480,3.31,900
2020-09-10 09:30:28.480,3.31,1700
2020-09-10 09:30:28.540,3.31,12200
2020-09-10 09:30:28.540,3.31,2000
2020-09-10 09:30:28.540,3.31,500
2020-09-10 09:30:28.540,3.31,10000
2020-09-10 09:30:28.540,3.31,20000
2020-09-10 09:30:28.540,3.31,300000
2020-09-10 09:30:28.540,3.31,500
2020-09-10 09:30:28.540,3.31,100
2020-09-10 09:30:28.540,3.31,8700
2020-09-10 09:30:28.540,3.31,5000
2020-09-10 09:30:29.070,3.31,5000
2020-09-10 09:30:29.360,3.31,10000
2020-09-10 09:30:29.530,3.31,98800
2020-09-10 09:30:29.590,3.31,3000
2020-09-10 09:30:29.680,3.31,6200
2020-09-10 09:30:30.260,3.31,25400
2020-09-10 09:30:30.380,3.31,300000
2020-09-10 09:30:31.410,3.31,1300
2020-09-10 09:30:31.950,3.311,5100
2020-09-10 09:30:31.950,3.311,3000
2020-09-10 09:30:31.950,3.311,1000
2020-09-10 09:30:31.950,3.311,15000
2020-09-10 09:30:31.950,3.311,7000
2020-09-10 09:30:31.950,3.311,600
2020-09-10 09:30:31.950,3.311,18300
2020-09-10 09:30:32.600,3.31,10000
2020-09-10 09:30:32.960,3.31,30000
2020-09-10 09:30:33.320,3.31,10000
2020-09-10 09:30:33.440,3.31,3000
2020-09-10 09:30:33.470,3.311,3100
2020-09-10 09:30:33.690,3.311,9400
2020-09-10 09:30:33.810,3.31,6000
2020-09-10 09:30:33.810,3.31,32300
2020-09-10 09:30:33.810,3.31,2400
2020-09-10 09:30:33.810,3.31,5000
2020-09-10 09:30:33.810,3.31,35300
2020-09-10 09:30:33.810,3.309,20000
2020-09-10 09:30:33.810,3.309,2000
2020-09-10 09:30:33.810,3.309,1000
2020-09-10 09:30:34.200,3.309,4500
2020-09-10 09:30:34.280,3.309,94900
2020-09-10 09:30:34.710,3.309,6400
2020-09-10 09:30:34.710,3.309,2600
2020-09-10 09:30:34.710,3.309,2400
2020-09-10 09:30:35.230,3.308,15300
2020-09-10 09:30:35.820,3.308,10000
2020-09-10 09:30:36.760,3.309,100
2020-09-10 09:30:36.950,3.309,61900
2020-09-10 09:30:37.890,3.308,290000
2020-09-10 09:30:37.890,3.308,10000
2020-09-10 09:30:38.170,3.308,10000
2020-09-10 09:30:38.170,3.308,100000
2020-09-10 09:30:38.170,3.308,100
2020-09-10 09:30:38.170,3.308,5000
2020-09-10 09:30:38.170,3.308,184900
2020-09-10 09:30:38.600,3.309,3100
2020-09-10 09:30:38.790,3.309,500
2020-09-10 09:30:38.850,3.308,50000
2020-09-10 09:30:39.230,3.309,20000
2020-09-10 09:30:39.870,3.308,79000
2020-09-10 09:30:40.310,3.308,16700
2020-09-10 09:30:40.900,3.309,2400
2020-09-10 09:30:41.230,3.309,3200
2020-09-10 09:30:41.230,3.309,2900
2020-09-10 09:30:41.850,3.309,6100
2020-09-10 09:30:42.330,3.309,6100
2020-09-10 09:30:42.850,3.309,6100
2020-09-10 09:30:43.120,3.309,2000
2020-09-10 09:30:43.450,3.309,5300
2020-09-10 09:30:44.190,3.309,10000
2020-09-10 09:30:44.490,3.308,44700
2020-09-10 09:30:44.490,3.308,30000
2020-09-10 09:30:44.490,3.307,82500
2020-09-10 09:30:44.490,3.307,21100
2020-09-10 09:30:44.490,3.307,10000
2020-09-10 09:30:44.490,3.307,3000
2020-09-10 09:30:44.490,3.307,5000
2020-09-10 09:30:44.490,3.307,2000
2020-09-10 09:30:44.490,3.307,3000
2020-09-10 09:30:44.490,3.307,3900
2020-09-10 09:30:44.490,3.307,20000
2020-09-10 09:30:44.490,3.307,200
2020-09-10 09:30:44.490,3.307,10000
2020-09-10 09:30:44.490,3.307,3000
2020-09-10 09:30:44.490,3.307,100
2020-09-10 09:30:44.490,3.307,1000
2020-09-10 09:30:44.490,3.307,1000
2020-09-10 09:30:44.490,3.307,30200
2020-09-10 09:30:44.490,3.307,10000
2020-09-10 09:30:44.490,3.307,10000
2020-09-10 09:30:44.490,3.307,10000
2020-09-10 09:30:44.490,3.307,2000
2020-09-10 09:30:44.490,3.307,20000
2020-09-10 09:30:44.490,3.307,1400
2020-09-10 09:30:44.490,3.307,2000
2020-09-10 09:30:44.490,3.307,1000
2020-09-10 09:30:44.490,3.307,1000
2020-09-10 09:30:44.490,3.307,500
2020-09-10 09:30:44.490,3.307,20000
2020-09-10 09:30:44.490,3.307,1400
2020-09-10 09:30:44.490,3.307,20000
2020-09-10 09:30:44.490,3.307,1000
2020-09-10 09:30:44.490,3.307,2400
2020-09-10 09:30:44.490,3.307,5000
2020-09-10 09:30:44.490,3.307,10000
2020-09-10 09:30:44.490,3.307,400
2020-09-10 09:30:44.490,3.307,200
2020-09-10 09:30:44.490,3.307,100
2020-09-10 09:30:44.490,3.307,3000
2020-09-10 09:30:44.490,3.307,2000
2020-09-10 09:30:44.490,3.307,500
2020-09-10 09:30:44.490,3.307,1000
2020-09-10 09:30:44.490,3.307,20000
2020-09-10 09:30:44.490,3.307,2400
2020-09-10 09:30:44.490,3.307,500
2020-09-10 09:30:44.490,3.307,100
2020-09-10 09:30:44.490,3.307,500
2020-09-10 09:30:44.490,3.307,500
2020-09-10 09:30:44.490,3.307,3000
2020-09-10 09:30:44.490,3.307,300
2020-09-10 09:30:44.490,3.307,500
2020-09-10 09:30:44.490,3.307,100
2020-09-10 09:30:44.490,3.307,100
2020-09-10 09:30:44.490,3.307,12600
2020-09-10 09:30:44.490,3.307,100
2020-09-10 09:30:44.490,3.307,5000
2020-09-10 09:30:44.490,3.307,10000
2020-09-10 09:30:44.490,3.307,100
2020-09-10 09:30:44.490,3.307,3000
2020-09-10 09:30:44.490,3.307,100
2020-09-10 09:30:44.490,3.307,108300
2020-09-10 09:30:45.140,3.307,3600
2020-09-10 09:30:45.550,3.307,300000
2020-09-10 09:30:45.580,3.308,2000
2020-09-10 09:30:45.580,3.309,41300
2020-09-10 09:30:45.580,3.309,1400
2020-09-10 09:30:46.950,3.308,500
2020-09-10 09:30:47.430,3.307,110700
2020-09-10 09:30:47.560,3.307,100
2020-09-10 09:30:48.290,3.307,1000
2020-09-10 09:30:48.510,3.307,100
2020-09-10 09:30:49.540,3.306,1000
2020-09-10 09:30:49.540,3.306,3000
2020-09-10 09:30:49.540,3.306,15000
2020-09-10 09:30:49.540,3.306,500
2020-09-10 09:30:49.540,3.306,500
2020-09-10 09:30:49.540,3.306,100
2020-09-10 09:30:49.540,3.306,5000
2020-09-10 09:30:49.540,3.306,300
2020-09-10 09:30:49.540,3.306,900
2020-09-10 09:30:49.540,3.306,3000
2020-09-10 09:30:49.540,3.306,2400
2020-09-10 09:30:49.540,3.306,2400
2020-09-10 09:30:49.540,3.306,300
2020-09-10 09:30:49.540,3.306,20000
2020-09-10 09:30:49.540,3.306,4000
2020-09-10 09:30:49.540,3.306,2000
2020-09-10 09:30:49.540,3.306,900
2020-09-10 09:30:49.540,3.306,5000
2020-09-10 09:30:49.540,3.306,200
2020-09-10 09:30:49.540,3.306,300
2020-09-10 09:30:49.540,3.306,9200
2020-09-10 09:30:49.540,3.306,1000
2020-09-10 09:30:49.540,3.306,100
2020-09-10 09:30:49.540,3.306,9000
2020-09-10 09:30:49.540,3.306,10000
2020-09-10 09:30:49.540,3.306,50000
2020-09-10 09:30:49.540,3.306,200
2020-09-10 09:30:49.540,3.306,100
2020-09-10 09:30:49.540,3.306,30800
2020-09-10 09:30:49.640,3.307,3000
2020-09-10 09:30:50.180,3.307,185100
2020-09-10 09:30:50.290,3.308,27200
2020-09-10 09:30:50.960,3.308,100
2020-09-10 09:30:51.080,3.308,2600
2020-09-10 09:30:51.080,3.308,1400
2020-09-10 09:30:51.080,3.307,6000
2020-09-10 09:30:52.760,3.307,32900
2020-09-10 09:30:52.950,3.307,2000
2020-09-10 09:30:53.280,3.308,2000
2020-09-10 09:30:53.320,3.307,2000
2020-09-10 09:30:53.350,3.307,32300
2020-09-10 09:30:53.350,3.306,10000
2020-09-10 09:30:53.420,3.306,4200
2020-09-10 09:30:53.870,3.305,10500
2020-09-10 09:30:53.870,3.305,10000
2020-09-10 09:30:53.870,3.305,1000
2020-09-10 09:30:53.870,3.305,30000
2020-09-10 09:30:53.870,3.305,1000
2020-09-10 09:30:53.870,3.305,247500
2020-09-10 09:30:54.110,3.306,30000
2020-09-10 09:30:54.340,3.306,2500
2020-09-10 09:30:54.430,3.306,50000
2020-09-10 09:30:55.080,3.306,1000
2020-09-10 09:30:55.620,3.306,30000
2020-09-10 09:30:55.930,3.305,300000
2020-09-10 09:30:55.930,3.306,1000
2020-09-10 09:30:57.140,3.306,700
2020-09-10 09:30:57.600,3.306,300
2020-09-10 09:30:57.910,3.305,2000
2020-09-10 09:30:58.570,3.305,100
2020-09-10 09:30:58.830,3.305,1500
2020-09-10 09:30:59.510,3.305,100
2020-09-10 09:30:59.510,3.306,4900
2020-09-10 09:30:59.560,3.304,10000
2020-09-10 09:30:59.560,3.304,290000
2020-09-10 09:31:00.040,3.304,5000
2020-09-10 09:31:01.350,3.306,100
2020-09-10 09:31:01.640,3.306,3000
2020-09-10 09:31:02.010,3.306,300
2020-09-10 09:31:02.010,3.306,129700
2020-09-10 09:31:02.010,3.306,800
2020-09-10 09:31:02.010,3.306,20000
2020-09-10 09:31:02.010,3.306,100
2020-09-10 09:31:02.010,3.306,70000
2020-09-10 09:31:02.010,3.306,10000
2020-09-10 09:31:02.010,3.307,69400
2020-09-10 09:31:03.250,3.306,5000
2020-09-10 09:31:03.250,3.303,100
2020-09-10 09:31:03.250,3.303,51500
2020-09-10 09:31:03.640,3.303,300000
2020-09-10 09:31:03.870,3.307,10000
2020-09-10 09:31:04.480,3.304,20000
2020-09-10 09:31:04.640,3.304,5000
2020-09-10 09:31:04.980,3.304,1200
2020-09-10 09:31:05.050,3.305,1000
2020-09-10 09:31:05.050,3.306,1000
2020-09-10 09:31:05.050,3.306,3100
2020-09-10 09:31:05.050,3.307,1000
2020-09-10 09:31:05.050,3.307,3000
2020-09-10 09:31:05.050,3.307,100
2020-09-10 09:31:05.050,3.307,5800
2020-09-10 09:31:05.190,3.304,50000
2020-09-10 09:31:05.270,3.304,9300
2020-09-10 09:31:05.350,3.307,1700
2020-09-10 09:31:05.350,3.307,1000
2020-09-10 09:31:05.350,3.308,300
2020-09-10 09:31:07.260,3.305,20000
2020-09-10 09:31:07.480,3.304,166900
2020-09-10 09:31:07.580,3.305,10200
2020-09-10 09:31:07.660,3.305,2000
2020-09-10 09:31:07.770,3.305,32900
2020-09-10 09:31:08.060,3.305,300
2020-09-10 09:31:08.860,3.305,40000
2020-09-10 09:31:08.950,3.305,1700
2020-09-10 09:31:09.120,3.304,5000
2020-09-10 09:31:09.520,3.305,1300
2020-09-10 09:31:09.840,3.304,16700
2020-09-10 09:31:10.170,3.305,100
2020-09-10 09:31:10.460,3.304,4200
2020-09-10 09:31:10.800,3.304,17000
2020-09-10 09:31:12.480,3.305,3500
2020-09-10 09:31:12.480,3.305,58400
2020-09-10 09:31:12.480,3.305,6600
2020-09-10 09:31:12.480,3.305,15000
2020-09-10 09:31:12.480,3.305,38300
2020-09-10 09:31:12.480,3.305,2400
2020-09-10 09:31:13.740,3.305,175800
2020-09-10 09:31:13.740,3.304,283500
2020-09-10 09:31:14.450,3.306,100
2020-09-10 09:31:15.140,3.305,2400
2020-09-10 09:31:15.710,3.305,4600
2020-09-10 09:31:16.470,3.305,10000
2020-09-10 09:31:16.860,3.306,9500
2020-09-10 09:31:16.940,3.306,8800
2020-09-10 09:31:16.940,3.307,200
2020-09-10 09:31:16.940,3.307,500
2020-09-10 09:31:17.410,3.305,19200
2020-09-10 09:31:17.640,3.305,800
2020-09-10 09:31:17.640,3.305,100
2020-09-10 09:31:18.130,3.304,2500
2020-09-10 09:31:18.460,3.305,2200
2020-09-10 09:31:18.490,3.305,3000
2020-09-10 09:31:19.070,3.305,200
2020-09-10 09:31:20.860,3.304,20000
2020-09-10 09:31:20.880,3.305,500
2020-09-10 09:31:20.880,3.307,1500
2020-09-10 09:31:21.520,3.305,15100
2020-09-10 09:31:21.520,3.305,30000
2020-09-10 09:31:21.710,3.305,7600
2020-09-10 09:31:22.760,3.305,10000
2020-09-10 09:31:22.920,3.305,3100
2020-09-10 09:31:23.250,3.305,4800
2020-09-10 09:31:23.460,3.305,10000
2020-09-10 09:31:23.790,3.306,5000
2020-09-10 09:31:23.790,3.307,8000
2020-09-10 09:31:23.790,3.307,100
2020-09-10 09:31:23.790,3.307,45000
2020-09-10 09:31:23.790,3.307,30000
2020-09-10 09:31:23.790,3.307,100
2020-09-10 09:31:23.790,3.307,100
2020-09-10 09:31:23.790,3.307,2500
2020-09-10 09:31:23.790,3.308,193200
2020-09-10 09:31:23.790,3.308,4300
2020-09-10 09:31:23.790,3.308,4100
2020-09-10 09:31:23.790,3.308,100
2020-09-10 09:31:23.790,3.308,5000
2020-09-10 09:31:23.790,3.308,2500
2020-09-10 09:31:24.110,3.305,20000
2020-09-10 09:31:25.560,3.305,1000
2020-09-10 09:31:25.890,3.305,40000
2020-09-10 09:31:25.970,3.307,10000
2020-09-10 09:31:26.420,3.305,8000
2020-09-10 09:31:27.030,3.306,3100
2020-09-10 09:31:27.250,3.305,300
2020-09-10 09:31:27.460,3.305,2500
2020-09-10 09:31:27.510,3.306,5000
2020-09-10 09:31:28.050,3.305,1500
2020-09-10 09:31:29.580,3.306,17600
2020-09-10 09:31:29.580,3.306,1000
2020-09-10 09:31:29.580,3.307,7700
2020-09-10 09:31:31.060,3.305,8000
2020-09-10 09:31:31.600,3.305,5000
2020-09-10 09:31:31.840,3.305,24700
2020-09-10 09:31:31.840,3.305,1000
2020-09-10 09:31:31.840,3.305,1000
2020-09-10 09:31:31.840,3.305,30000
2020-09-10 09:31:32.150,3.304,280000
2020-09-10 09:31:32.150,3.304,10000
2020-09-10 09:31:32.150,3.304,10000
2020-09-10 09:31:32.150,3.305,3100
2020-09-10 09:31:32.560,3.304,1000
2020-09-10 09:31:32.560,3.304,300
2020-09-10 09:31:32.560,3.303,98700
2020-09-10 09:31:34.460,3.304,2000
2020-09-10 09:31:35.220,3.304,2600
2020-09-10 09:31:35.280,3.304,500
2020-09-10 09:31:35.790,3.304,9500
2020-09-10 09:31:35.790,3.304,9500
2020-09-10 09:31:36.170,3.304,600
2020-09-10 09:31:37.050,3.303,12000
2020-09-10 09:31:37.500,3.303,46900
2020-09-10 09:31:38.660,3.303,35000
2020-09-10 09:31:39.730,3.304,100
2020-09-10 09:31:39.850,3.304,200
2020-09-10 09:31:40.070,3.304,1200
2020-09-10 09:31:40.070,3.303,15200
2020-09-10 09:31:42.520,3.303,166000
2020-09-10 09:31:42.520,3.303,373500
2020-09-10 09:31:42.770,3.303,5200
2020-09-10 09:31:42.900,3.303,2000
2020-09-10 09:31:42.930,3.303,117800
2020-09-10 09:31:42.930,3.303,3100
2020-09-10 09:31:42.930,3.303,1000
2020-09-10 09:31:42.930,3.303,1000
2020-09-10 09:31:42.930,3.303,99900
2020-09-10 09:31:43.220,3.303,100
2020-09-10 09:31:43.610,3.303,271800
2020-09-10 09:31:43.610,3.303,5000
2020-09-10 09:31:43.690,3.303,800
2020-09-10 09:31:44.100,3.303,8100
2020-09-10 09:31:44.470,3.303,200
2020-09-10 09:31:44.620,3.302,20000
2020-09-10 09:31:44.620,3.302,300
2020-09-10 09:31:44.620,3.302,10000
2020-09-10 09:31:44.950,3.302,2000
2020-09-10 09:31:45.150,3.302,51200
2020-09-10 09:31:45.380,3.301,5000
2020-09-10 09:31:46.000,3.302,600
2020-09-10 09:31:46.120,3.302,100
2020-09-10 09:31:47.530,3.301,45000
2020-09-10 09:31:47.530,3.301,5000
2020-09-10 09:31:47.530,3.301,500
2020-09-10 09:31:47.530,3.301,30000
2020-09-10 09:31:47.530,3.301,7000
2020-09-10 09:31:47.530,3.301,2500
2020-09-10 09:31:47.530,3.301,10000
2020-09-10 09:31:47.530,3.3,800
2020-09-10 09:31:47.580,3.302,3700
2020-09-10 09:31:48.590,3.3,2200
2020-09-10 09:31:48.590,3.3,17800
2020-09-10 09:31:48.790,3.302,98800
2020-09-10 09:31:49.050,3.301,100
2020-09-10 09:31:49.050,3.3,12200
2020-09-10 09:31:49.050,3.3,99900
2020-09-10 09:31:49.470,3.3,1300
2020-09-10 09:31:50.050,3.302,200
2020-09-10 09:31:50.210,3.302,3700
2020-09-10 09:31:50.990,3.301,100
2020-09-10 09:31:51.200,3.301,4900
2020-09-10 09:31:51.200,3.301,2000
2020-09-10 09:31:51.200,3.301,10000
2020-09-10 09:31:51.200,3.3,13100
2020-09-10 09:31:52.470,3.301,3600
2020-09-10 09:31:52.470,3.302,6400
2020-09-10 09:31:53.060,3.301,100
2020-09-10 09:31:53.060,3.302,9400
2020-09-10 09:31:53.120,3.302,9500
2020-09-10 09:31:53.320,3.3,5000
2020-09-10 09:31:53.830,3.3,5000
2020-09-10 09:31:54.630,3.301,200
2020-09-10 09:31:54.630,3.302,9200
2020-09-10 09:31:54.710,3.302,9500
2020-09-10 09:31:55.080,3.302,2600
2020-09-10 09:31:55.190,3.3,15100
2020-09-10 09:31:55.330,3.3,300
2020-09-10 09:31:55.430,3.3,5000
2020-09-10 09:31:55.570,3.3,150800
2020-09-10 09:31:56.080,3.3,5000
2020-09-10 09:31:56.250,3.302,8300
2020-09-10 09:31:56.360,3.302,8200
2020-09-10 09:31:57.650,3.302,700
2020-09-10 09:31:57.860,3.302,8200
2020-09-10 09:31:57.950,3.302,8300
2020-09-10 09:31:58.050,3.301,1800
2020-09-10 09:31:58.050,3.301,1200
2020-09-10 09:31:58.770,3.301,18800
2020-09-10 09:31:58.770,3.301,1000
2020-09-10 09:31:58.770,3.3,147300
2020-09-10 09:31:59.530,3.302,7400
2020-09-10 09:31:59.530,3.302,7300
2020-09-10 09:31:59.560,3.302,600
2020-09-10 09:31:59.880,3.302,13800
2020-09-10 09:31:59.880,3.302,50100
2020-09-10 09:31:59.880,3.302,3000
2020-09-10 09:31:59.880,3.302,30000
2020-09-10 09:31:59.880,3.302,1000
2020-09-10 09:31:59.880,3.302,3000
2020-09-10 09:31:59.910,3.302,60000
2020-09-10 09:31:59.910,3.302,1000
2020-09-10 09:32:00.640,3.302,10000
2020-09-10 09:32:01.130,3.303,4000
2020-09-10 09:32:01.130,3.303,200
2020-09-10 09:32:01.130,3.303,3000
2020-09-10 09:32:01.130,3.303,200
2020-09-10 09:32:01.180,3.303,7400
2020-09-10 09:32:01.570,3.303,200
2020-09-10 09:32:02.910,3.302,100
2020-09-10 09:32:02.910,3.302,100
2020-09-10 09:32:02.910,3.302,41300
2020-09-10 09:32:02.910,3.3,22200
2020-09-10 09:32:02.910,3.3,5000
2020-09-10 09:32:02.910,3.3,2000
2020-09-10 09:32:02.910,3.3,2500
2020-09-10 09:32:02.910,3.3,100
2020-09-10 09:32:02.910,3.3,5000
2020-09-10 09:32:02.910,3.3,30000
2020-09-10 09:32:02.910,3.3,2400
2020-09-10 09:32:02.910,3.3,1000
2020-09-10 09:32:02.910,3.3,200
2020-09-10 09:32:02.910,3.3,1000
2020-09-10 09:32:02.910,3.3,1400
2020-09-10 09:32:02.910,3.3,200
2020-09-10 09:32:02.910,3.3,3600
2020-09-10 09:32:02.910,3.3,2000
2020-09-10 09:32:02.910,3.3,1000
2020-09-10 09:32:02.910,3.3,100
2020-09-10 09:32:02.910,3.3,1000
2020-09-10 09:32:02.910,3.3,400
2020-09-10 09:32:02.910,3.3,2600
2020-09-10 09:32:02.910,3.3,2600
2020-09-10 09:32:03.590,3.3,100
2020-09-10 09:32:04.150,3.301,1000
2020-09-10 09:32:04.660,3.301,19100
2020-09-10 09:32:05.510,3.302,100
2020-09-10 09:32:06.640,3.301,5000
2020-09-10 09:32:07.200,3.302,26800
2020-09-10 09:32:08.180,3.302,2000
2020-09-10 09:32:08.360,3.302,2000
2020-09-10 09:32:08.440,3.302,1000
2020-09-10 09:32:08.750,3.303,200
2020-09-10 09:32:09.110,3.302,300
2020-09-10 09:32:09.490,3.302,3000
2020-09-10 09:32:09.670,3.302,500
2020-09-10 09:32:09.980,3.303,1900
2020-09-10 09:32:09.980,3.303,800
2020-09-10 09:32:09.980,3.303,2300
2020-09-10 09:32:10.640,3.302,700
2020-09-10 09:32:11.380,3.302,200
2020-09-10 09:32:11.550,3.303,100
2020-09-10 09:32:11.600,3.302,263200
2020-09-10 09:32:11.600,3.302,15000
2020-09-10 09:32:11.600,3.302,900
2020-09-10 09:32:11.600,3.302,2000
2020-09-10 09:32:11.600,3.302,150000
2020-09-10 09:32:11.600,3.302,900
2020-09-10 09:32:11.600,3.301,11700
2020-09-10 09:32:11.870,3.303,500
2020-09-10 09:32:12.710,3.302,200
2020-09-10 09:32:12.710,3.301,19800
2020-09-10 09:32:13.370,3.303,2100
2020-09-10 09:32:13.370,3.303,1100
2020-09-10 09:32:14.300,3.302,2000
2020-09-10 09:32:17.810,3.302,100
2020-09-10 09:32:18.050,3.302,83500
2020-09-10 09:32:18.050,3.302,6000
2020-09-10 09:32:18.050,3.302,2000
2020-09-10 09:32:18.050,3.302,5000
2020-09-10 09:32:18.050,3.302,3500
2020-09-10 09:32:19.730,3.302,9400
2020-09-10 09:32:20.580,3.302,9400
2020-09-10 09:32:20.860,3.302,9700
2020-09-10 09:32:20.860,3.302,51300
2020-09-10 09:32:20.860,3.302,1000
2020-09-10 09:32:20.860,3.302,1600
2020-09-10 09:32:20.860,3.302,10000
2020-09-10 09:32:20.970,3.302,400
2020-09-10 09:32:20.990,3.302,5000
2020-09-10 09:32:21.280,3.303,900
2020-09-10 09:32:21.280,3.303,8400
2020-09-10 09:32:21.280,3.303,200
2020-09-10 09:32:22.030,3.303,5800
2020-09-10 09:32:22.030,3.303,2000
2020-09-10 09:32:22.030,3.303,1700
2020-09-10 09:32:22.110,3.302,200
2020-09-10 09:32:22.670,3.303,300
2020-09-10 09:32:22.670,3.303,2700
2020-09-10 09:32:22.810,3.302,5000
2020-09-10 09:32:22.830,3.303,3500
2020-09-10 09:32:22.830,3.303,4700
2020-09-10 09:32:23.630,3.303,4900
2020-09-10 09:32:24.370,3.304,2000
2020-09-10 09:32:24.740,3.303,1900
2020-09-10 09:32:25.760,3.303,1400
2020-09-10 09:32:25.760,3.302,4600
2020-09-10 09:32:26.570,3.302,2200
2020-09-10 09:32:27.060,3.303,3000
2020-09-10 09:32:27.060,3.304,38100
2020-09-10 09:32:28.180,3.304,100000
2020-09-10 09:32:29.100,3.304,5300
2020-09-10 09:32:29.430,3.302,6300
2020-09-10 09:32:29.980,3.302,3000
2020-09-10 09:32:30.250,3.304,128400
2020-09-10 09:32:30.250,3.304,5800
2020-09-10 09:32:30.250,3.304,3000
2020-09-10 09:32:30.250,3.304,90000
2020-09-10 09:32:30.250,3.304,5300
2020-09-10 09:32:30.250,3.304,4400
2020-09-10 09:32:30.250,3.304,33300
2020-09-10 09:32:30.250,3.304,300
2020-09-10 09:32:30.250,3.304,4100
2020-09-10 09:32:30.520,3.305,1000
2020-09-10 09:32:30.600,3.303,100
2020-09-10 09:32:31.550,3.303,1900
2020-09-10 09:32:31.550,3.303,2100
2020-09-10 09:32:34.760,3.304,24000
2020-09-10 09:32:34.790,3.304,176000
2020-09-10 09:32:34.790,3.303,42700
2020-09-10 09:32:35.280,3.303,8800
2020-09-10 09:32:36.060,3.305,4000
2020-09-10 09:32:36.060,3.305,1000
2020-09-10 09:32:36.500,3.305,700
2020-09-10 09:32:37.810,3.304,1600
2020-09-10 09:32:37.810,3.304,8400
2020-09-10 09:32:37.830,3.304,30000
2020-09-10 09:32:38.610,3.305,6300
2020-09-10 09:32:38.610,3.305,16600
2020-09-10 09:32:38.610,3.305,500
2020-09-10 09:32:38.610,3.305,3000
2020-09-10 09:32:38.610,3.305,10000
2020-09-10 09:32:38.610,3.305,5000
2020-09-10 09:32:38.610,3.305,3300
2020-09-10 09:32:38.920,3.305,14700
2020-09-10 09:32:39.030,3.306,4000
2020-09-10 09:32:39.030,3.306,100
2020-09-10 09:32:39.030,3.306,100
2020-09-10 09:32:39.030,3.306,1600
2020-09-10 09:32:39.700,3.305,500
2020-09-10 09:32:40.520,3.305,528800
2020-09-10 09:32:40.590,3.305,16100
2020-09-10 09:32:40.820,3.306,8400
2020-09-10 09:32:40.820,3.306,500
2020-09-10 09:32:40.820,3.306,10000
2020-09-10 09:32:40.820,3.306,3000
2020-09-10 09:32:41.040,3.306,1500
2020-09-10 09:32:41.530,3.306,3700
2020-09-10 09:32:44.060,3.306,9300
2020-09-10 09:32:44.560,3.306,300000
2020-09-10 09:32:44.910,3.307,100
2020-09-10 09:32:45.290,3.306,153600
2020-09-10 09:32:45.290,3.305,10000
2020-09-10 09:32:45.290,3.305,50000
2020-09-10 09:32:45.290,3.305,10000
2020-09-10 09:32:45.290,3.304,300000
2020-09-10 09:32:45.290,3.303,209900
2020-09-10 09:32:45.290,3.303,100000
2020-09-10 09:32:45.290,3.302,6000
2020-09-10 09:32:45.290,3.302,160500
2020-09-10 09:32:47.510,3.306,100
2020-09-10 09:32:50.360,3.306,10000
2020-09-10 09:32:51.170,3.306,3100
2020-09-10 09:32:52.400,3.305,800
2020-09-10 09:32:52.400,3.305,20000
2020-09-10 09:32:52.400,3.303,300000
2020-09-10 09:32:52.400,3.303,318800
2020-09-10 09:32:52.400,3.303,299700
2020-09-10 09:32:52.400,3.302,60700
2020-09-10 09:32:52.430,3.306,20000
2020-09-10 09:32:52.700,3.306,15100
2020-09-10 09:32:53.570,3.303,40000
2020-09-10 09:32:53.730,3.303,260000
2020-09-10 09:32:54.810,3.305,100
2020-09-10 09:32:56.690,3.305,900
2020-09-10 09:32:56.690,3.305,100
2020-09-10 09:32:56.740,3.305,300
2020-09-10 09:32:56.740,3.305,9400
2020-09-10 09:32:57.450,3.305,80200
2020-09-10 09:32:57.450,3.305,2000
2020-09-10 09:32:57.450,3.305,119600
2020-09-10 09:32:57.650,3.304,10000
2020-09-10 09:32:57.970,3.304,15100
2020-09-10 09:32:59.000,3.304,4300
2020-09-10 09:32:59.020,3.303,640000
2020-09-10 09:32:59.020,3.303,300000
2020-09-10 09:32:59.020,3.303,60000
2020-09-10 09:32:59.810,3.304,9500
2020-09-10 09:32:59.810,3.304,9500
2020-09-10 09:33:00.200,3.303,100
2020-09-10 09:33:01.260,3.304,20000
2020-09-10 09:33:01.370,3.304,9500
2020-09-10 09:33:01.450,3.304,9500
2020-09-10 09:33:01.980,3.304,10000
2020-09-10 09:33:02.690,3.304,5000
2020-09-10 09:33:02.950,3.304,9400
2020-09-10 09:33:02.950,3.304,9400
2020-09-10 09:33:02.980,3.304,2000
2020-09-10 09:33:03.140,3.304,10000
2020-09-10 09:33:03.250,3.304,5000
2020-09-10 09:33:05.720,3.304,10000
2020-09-10 09:33:06.530,3.304,1400
2020-09-10 09:33:07.020,3.303,6000
2020-09-10 09:33:07.020,3.302,378800
2020-09-10 09:33:07.020,3.302,10000
2020-09-10 09:33:07.020,3.302,5000
2020-09-10 09:33:07.020,3.302,1100
2020-09-10 09:33:07.020,3.302,100
2020-09-10 09:33:07.020,3.302,1000
2020-09-10 09:33:07.020,3.302,3000
2020-09-10 09:33:07.020,3.302,5000
2020-09-10 09:33:07.020,3.302,300000
2020-09-10 09:33:07.020,3.302,7500
2020-09-10 09:33:07.020,3.302,80000
2020-09-10 09:33:07.020,3.302,5000
2020-09-10 09:33:07.020,3.302,2000
2020-09-10 09:33:07.020,3.301,195500
2020-09-10 09:33:07.440,3.304,288600
2020-09-10 09:33:07.440,3.305,100
2020-09-10 09:33:07.440,3.305,2000
2020-09-10 09:33:07.440,3.305,300
2020-09-10 09:33:07.440,3.305,9700
2020-09-10 09:33:07.830,3.302,200
2020-09-10 09:33:07.860,3.302,200
2020-09-10 09:33:08.360,3.302,1600
2020-09-10 09:33:08.360,3.303,900
2020-09-10 09:33:08.760,3.303,3000
2020-09-10 09:33:09.510,3.303,100
2020-09-10 09:33:09.510,3.303,1400
2020-09-10 09:33:09.510,3.304,300000
2020-09-10 09:33:09.510,3.304,100000
2020-09-10 09:33:09.540,3.304,498500
2020-09-10 09:33:10.910,3.302,200
2020-09-10 09:33:11.210,3.302,20000
2020-09-10 09:33:11.530,3.302,700
2020-09-10 09:33:11.580,3.302,20000
2020-09-10 09:33:11.750,3.302,18200
2020-09-10 09:33:11.940,3.305,400
2020-09-10 09:33:13.130,3.303,5000
2020-09-10 09:33:13.130,3.304,2400
2020-09-10 09:33:13.440,3.302,7500
2020-09-10 09:33:13.440,3.302,300000
2020-09-10 09:33:13.440,3.301,1000
2020-09-10 09:33:13.440,3.301,5000
2020-09-10 09:33:13.440,3.301,2000
2020-09-10 09:33:13.440,3.301,5000
2020-09-10 09:33:13.440,3.301,1000
2020-09-10 09:33:13.440,3.301,16300
2020-09-10 09:33:13.440,3.301,662200
2020-09-10 09:33:13.760,3.301,300
2020-09-10 09:33:14.090,3.301,20000
2020-09-10 09:33:14.250,3.304,1300
2020-09-10 09:33:14.250,3.305,700
2020-09-10 09:33:14.820,3.302,100
2020-09-10 09:33:16.510,3.302,100
2020-09-10 09:33:16.510,3.302,1400
2020-09-10 09:33:16.510,3.302,20000
2020-09-10 09:33:16.510,3.302,3000
2020-09-10 09:33:16.510,3.302,18100
2020-09-10 09:33:16.540,3.302,9000
2020-09-10 09:33:19.440,3.302,2400
2020-09-10 09:33:20.160,3.302,649929
2020-09-10 09:33:25.070,3.302,7000
2020-09-10 09:33:25.860,3.304,15500
2020-09-10 09:33:29.630,3.304,4500
2020-09-10 09:33:29.630,3.304,5500
2020-09-10 09:33:30.340,3.303,400
2020-09-10 09:33:31.660,3.303,1600
2020-09-10 09:33:31.660,3.303,200
2020-09-10 09:33:32.290,3.303,20000
2020-09-10 09:33:32.460,3.303,10000
2020-09-10 09:33:33.300,3.303,100
2020-09-10 09:33:35.120,3.304,5000
2020-09-10 09:33:36.370,3.303,1600
2020-09-10 09:33:36.370,3.304,2000
2020-09-10 09:33:36.980,3.303,6000
2020-09-10 09:33:37.510,3.303,100
2020-09-10 09:33:37.650,3.303,7000
2020-09-10 09:33:38.590,3.303,59500
2020-09-10 09:33:38.590,3.303,5700
2020-09-10 09:33:38.590,3.303,2000
2020-09-10 09:33:38.590,3.302,213571
2020-09-10 09:33:38.590,3.302,4300
2020-09-10 09:33:38.590,3.302,17200
2020-09-10 09:33:38.590,3.302,1000
2020-09-10 09:33:38.590,3.302,20000
2020-09-10 09:33:38.590,3.302,40000
2020-09-10 09:33:38.590,3.302,30000
2020-09-10 09:33:38.590,3.302,30000
2020-09-10 09:33:38.590,3.302,32129
2020-09-10 09:33:41.470,3.303,1000
2020-09-10 09:33:41.850,3.303,2900
2020-09-10 09:33:41.870,3.303,2900
2020-09-10 09:33:41.930,3.303,3200
2020-09-10 09:33:41.930,3.303,6800
2020-09-10 09:33:42.490,3.303,3200
2020-09-10 09:33:42.490,3.303,3000
2020-09-10 09:33:42.490,3.304,3800
2020-09-10 09:33:43.140,3.304,2800
2020-09-10 09:33:43.190,3.304,2800
2020-09-10 09:33:43.460,3.302,5000
2020-09-10 09:33:45.890,3.302,142500
2020-09-10 09:33:46.400,3.302,29600
2020-09-10 09:33:46.620,3.303,1500
2020-09-10 09:33:47.140,3.302,2000
2020-09-10 09:33:47.140,3.302,25200
2020-09-10 09:33:49.120,3.302,200
2020-09-10 09:33:49.510,3.302,4800
2020-09-10 09:33:50.700,3.303,100
2020-09-10 09:33:51.370,3.303,300000
2020-09-10 09:33:52.000,3.302,2700
2020-09-10 09:33:52.260,3.302,600
2020-09-10 09:33:53.310,3.302,6000
2020-09-10 09:33:54.090,3.302,29200
2020-09-10 09:33:54.700,3.302,20000
2020-09-10 09:33:55.950,3.302,1500
2020-09-10 09:33:57.150,3.303,30000
2020-09-10 09:33:57.180,3.302,10000
2020-09-10 09:33:57.360,3.303,73600
2020-09-10 09:33:57.360,3.303,300
2020-09-10 09:33:57.360,3.303,3900
2020-09-10 09:33:57.360,3.303,10000
2020-09-10 09:33:57.360,3.303,30000
2020-09-10 09:33:57.360,3.303,30000
2020-09-10 09:33:57.360,3.303,8000
2020-09-10 09:33:57.600,3.304,18100
2020-09-10 09:33:57.600,3.304,15600
2020-09-10 09:33:58.100,3.303,20100
2020-09-10 09:33:59.000,3.304,24400
2020-09-10 09:33:59.000,3.304,1200
2020-09-10 09:33:59.000,3.304,19800
2020-09-10 09:33:59.610,3.303,2000
2020-09-10 09:34:02.190,3.303,10000
2020-09-10 09:34:03.090,3.304,1500
2020-09-10 09:34:04.410,3.303,400
2020-09-10 09:34:04.410,3.303,2000
2020-09-10 09:34:04.410,3.303,2200
2020-09-10 09:34:04.410,3.303,100
2020-09-10 09:34:04.410,3.303,300
2020-09-10 09:34:04.920,3.302,4000
2020-09-10 09:34:05.320,3.303,5000
2020-09-10 09:34:06.280,3.303,800
2020-09-10 09:34:07.310,3.303,3300
2020-09-10 09:34:07.610,3.303,546900
2020-09-10 09:34:08.820,3.303,10000
2020-09-10 09:34:10.350,3.303,900
2020-09-10 09:34:10.610,3.304,1800
2020-09-10 09:34:10.610,3.304,5000
2020-09-10 09:34:10.610,3.304,100
2020-09-10 09:34:10.610,3.304,14500
2020-09-10 09:34:10.610,3.304,200
2020-09-10 09:34:10.610,3.304,1300
2020-09-10 09:34:10.610,3.304,50000
2020-09-10 09:34:10.610,3.304,3000
2020-09-10 09:34:10.710,3.304,1000
2020-09-10 09:34:12.370,3.304,10000
2020-09-10 09:34:12.710,3.304,300000
2020-09-10 09:34:13.690,3.304,3000
2020-09-10 09:34:13.720,3.304,300
2020-09-10 09:34:14.330,3.304,3000
2020-09-10 09:34:14.560,3.305,3100
2020-09-10 09:34:14.560,3.305,500
2020-09-10 09:34:14.560,3.305,1400
2020-09-10 09:34:15.710,3.304,300000
2020-09-10 09:34:16.290,3.304,200
2020-09-10 09:34:16.530,3.304,7000
2020-09-10 09:34:17.720,3.305,1100
2020-09-10 09:34:17.720,3.305,5000
2020-09-10 09:34:17.720,3.305,5000
2020-09-10 09:34:17.720,3.305,400
2020-09-10 09:34:17.720,3.305,2300
2020-09-10 09:34:17.720,3.305,96200
2020-09-10 09:34:18.010,3.304,1000
2020-09-10 09:34:18.150,3.304,5000
2020-09-10 09:34:20.940,3.304,500
2020-09-10 09:34:21.130,3.304,193100
2020-09-10 09:34:21.130,3.304,500000
2020-09-10 09:34:21.130,3.303,243100
2020-09-10 09:34:21.130,3.303,10000
2020-09-10 09:34:21.130,3.303,3700
2020-09-10 09:34:21.130,3.303,50100
2020-09-10 09:34:21.660,3.304,19500
2020-09-10 09:34:22.880,3.304,3000
2020-09-10 09:34:22.880,3.304,2900
2020-09-10 09:34:23.700,3.304,300
2020-09-10 09:34:24.080,3.305,100
2020-09-10 09:34:24.610,3.304,800
2020-09-10 09:34:24.660,3.305,125200
2020-09-10 09:34:24.660,3.305,100000
2020-09-10 09:34:24.810,3.304,10900
2020-09-10 09:34:25.010,3.305,22400
2020-09-10 09:34:25.010,3.305,34400
2020-09-10 09:34:25.240,3.305,24800
2020-09-10 09:34:25.240,3.305,12200
2020-09-10 09:34:25.240,3.305,12600
2020-09-10 09:34:25.480,3.305,63600
2020-09-10 09:34:25.670,3.305,118500
2020-09-10 09:34:25.670,3.305,1700
2020-09-10 09:34:25.670,3.305,10000
2020-09-10 09:34:25.670,3.305,200
2020-09-10 09:34:25.670,3.305,100
2020-09-10 09:34:25.670,3.305,5000
2020-09-10 09:34:25.700,3.305,10000
2020-09-10 09:34:26.690,3.305,2500
2020-09-10 09:34:27.460,3.305,42000
2020-09-10 09:34:28.620,3.306,200
2020-09-10 09:34:28.620,3.306,90000
2020-09-10 09:34:28.620,3.306,9500
2020-09-10 09:34:28.620,3.306,600
2020-09-10 09:34:28.620,3.306,1000
2020-09-10 09:34:28.620,3.306,100
2020-09-10 09:34:28.620,3.306,300
2020-09-10 09:34:28.620,3.306,500
2020-09-10 09:34:28.620,3.306,5000
2020-09-10 09:34:28.620,3.306,7000
2020-09-10 09:34:28.620,3.306,2800
2020-09-10 09:34:29.020,3.306,3500
2020-09-10 09:34:29.300,3.306,100
2020-09-10 09:34:30.470,3.306,100
2020-09-10 09:34:30.880,3.306,1000
2020-09-10 09:34:34.470,3.306,100
2020-09-10 09:34:35.430,3.306,34000
2020-09-10 09:34:36.540,3.306,5500
2020-09-10 09:34:36.570,3.306,59600
2020-09-10 09:34:36.570,3.306,76000
2020-09-10 09:34:36.570,3.305,164400
2020-09-10 09:34:36.570,3.305,300000
2020-09-10 09:34:36.570,3.305,245600
2020-09-10 09:34:36.570,3.305,54400
2020-09-10 09:34:36.630,3.305,245600
2020-09-10 09:34:36.630,3.305,5000
2020-09-10 09:34:36.630,3.305,200400
2020-09-10 09:34:37.070,3.306,1000
2020-09-10 09:34:37.880,3.306,2000
2020-09-10 09:34:37.880,3.307,1400
2020-09-10 09:34:37.880,3.307,100
2020-09-10 09:34:37.880,3.307,2000
2020-09-10 09:34:37.880,3.307,10000
2020-09-10 09:34:37.880,3.307,400
2020-09-10 09:34:37.880,3.307,10000
2020-09-10 09:34:37.880,3.307,10000
2020-09-10 09:34:37.880,3.307,100
2020-09-10 09:34:37.880,3.307,10000
2020-09-10 09:34:37.880,3.307,10000
2020-09-10 09:34:37.880,3.307,4000
2020-09-10 09:34:38.140,3.305,300000
2020-09-10 09:34:38.140,3.305,300000
2020-09-10 09:34:42.110,3.306,100
2020-09-10 09:34:42.110,3.306,1600
2020-09-10 09:34:42.110,3.306,8300
2020-09-10 09:34:42.710,3.305,300000
2020-09-10 09:34:42.710,3.305,2000
2020-09-10 09:34:42.710,3.305,200
2020-09-10 09:34:42.710,3.305,5000
2020-09-10 09:34:42.710,3.305,3000
2020-09-10 09:34:42.710,3.305,289800
2020-09-10 09:34:42.710,3.305,300000
2020-09-10 09:34:42.840,3.306,4700
2020-09-10 09:34:43.480,3.305,8000
2020-09-10 09:34:44.370,3.305,100
2020-09-10 09:34:45.670,3.305,300000
2020-09-10 09:34:45.670,3.305,2200
2020-09-10 09:34:45.670,3.305,300
2020-09-10 09:34:45.670,3.305,297500
2020-09-10 09:34:45.990,3.305,43300
2020-09-10 09:34:47.870,3.305,1000
2020-09-10 09:34:48.380,3.306,3000
2020-09-10 09:34:48.690,3.305,2000
2020-09-10 09:34:48.840,3.305,7500
2020-09-10 09:34:49.250,3.305,100
2020-09-10 09:34:50.410,3.306,1000
2020-09-10 09:34:50.850,3.305,1700
2020-09-10 09:34:51.060,3.305,300000
2020-09-10 09:34:52.250,3.306,1600
2020-09-10 09:34:52.520,3.305,196900
2020-09-10 09:34:52.520,3.305,500
2020-09-10 09:34:52.520,3.305,102600
2020-09-10 09:34:53.610,3.306,3600
2020-09-10 09:34:53.610,3.306,6400
2020-09-10 09:34:53.920,3.305,8000
2020-09-10 09:34:54.120,3.306,5000
2020-09-10 09:34:54.210,3.305,100
2020-09-10 09:34:54.650,3.305,300000
2020-09-10 09:34:54.670,3.306,1900
2020-09-10 09:34:55.470,3.306,4600
2020-09-10 09:34:56.230,3.305,1000
2020-09-10 09:34:56.440,3.305,5000
2020-09-10 09:34:56.850,3.305,3000
2020-09-10 09:34:57.600,3.305,50000
2020-09-10 09:34:57.670,3.305,300000
2020-09-10 09:34:58.450,3.306,400
2020-09-10 09:34:58.770,3.306,300
2020-09-10 09:34:59.020,3.306,10000
2020-09-10 09:34:59.820,3.305,100000
2020-09-10 09:35:00.490,3.305,10000
2020-09-10 09:35:00.830,3.305,300000
2020-09-10 09:35:01.310,3.305,98800
2020-09-10 09:35:01.580,3.305,300000
2020-09-10 09:35:03.010,3.305,9000
2020-09-10 09:35:03.180,3.306,10000
2020-09-10 09:35:03.210,3.305,10000
2020-09-10 09:35:03.570,3.306,1400
2020-09-10 09:35:03.570,3.306,6600
2020-09-10 09:35:03.680,3.305,172200
2020-09-10 09:35:03.680,3.305,1000
2020-09-10 09:35:03.680,3.304,300000
2020-09-10 09:35:03.680,3.304,300000
2020-09-10 09:35:03.680,3.304,288000
2020-09-10 09:35:03.680,3.304,10000
2020-09-10 09:35:03.680,3.304,2000
2020-09-10 09:35:05.740,3.304,15900
2020-09-10 09:35:05.740,3.304,1000
2020-09-10 09:35:05.740,3.304,2000
2020-09-10 09:35:05.740,3.304,2000
2020-09-10 09:35:05.740,3.304,13600
2020-09-10 09:35:05.740,3.304,6500
2020-09-10 09:35:05.740,3.304,514100
2020-09-10 09:35:09.340,3.304,1000
2020-09-10 09:35:10.010,3.303,3000
2020-09-10 09:35:10.580,3.303,3000
2020-09-10 09:35:10.580,3.303,1000
2020-09-10 09:35:10.580,3.303,8000
2020-09-10 09:35:12.400,3.304,9400
2020-09-10 09:35:12.720,3.304,1000
2020-09-10 09:35:13.080,3.304,5000
2020-09-10 09:35:15.290,3.303,2000
2020-09-10 09:35:15.290,3.303,13000
2020-09-10 09:35:15.740,3.303,5000
2020-09-10 09:35:16.160,3.303,900
2020-09-10 09:35:16.330,3.303,300
2020-09-10 09:35:16.440,3.303,2800
2020-09-10 09:35:17.700,3.303,5000
2020-09-10 09:35:17.770,3.304,12200
2020-09-10 09:35:18.160,3.303,4100
2020-09-10 09:35:18.160,3.303,900
2020-09-10 09:35:18.280,3.304,300
2020-09-10 09:35:18.580,3.303,600
2020-09-10 09:35:18.580,3.303,200
2020-09-10 09:35:18.580,3.303,800
2020-09-10 09:35:18.580,3.303,100
2020-09-10 09:35:18.580,3.303,24700
2020-09-10 09:35:18.940,3.303,5600
2020-09-10 09:35:18.940,3.303,100
2020-09-10 09:35:18.940,3.303,10000
2020-09-10 09:35:18.940,3.303,200
2020-09-10 09:35:18.940,3.302,9000
2020-09-10 09:35:18.940,3.302,1000
2020-09-10 09:35:18.940,3.302,1000
2020-09-10 09:35:18.940,3.302,130000
2020-09-10 09:35:18.940,3.302,200
2020-09-10 09:35:18.940,3.302,10600
2020-09-10 09:35:18.940,3.302,100
2020-09-10 09:35:18.940,3.302,103300
2020-09-10 09:35:19.330,3.304,5000
2020-09-10 09:35:19.530,3.304,9000
2020-09-10 09:35:19.530,3.304,3100
2020-09-10 09:35:20.320,3.303,3900
2020-09-10 09:35:20.340,3.304,10700
2020-09-10 09:35:20.340,3.304,3700
2020-09-10 09:35:20.340,3.304,5600
2020-09-10 09:35:20.500,3.303,20100
2020-09-10 09:35:20.550,3.303,30000
2020-09-10 09:35:21.130,3.304,12200
2020-09-10 09:35:22.780,3.304,12200
2020-09-10 09:35:24.470,3.304,12100
2020-09-10 09:35:24.700,3.304,8200
2020-09-10 09:35:25.740,3.304,449700
2020-09-10 09:35:26.230,3.304,1000
2020-09-10 09:35:26.560,3.305,800
2020-09-10 09:35:27.190,3.304,2000
2020-09-10 09:35:27.240,3.305,3000
2020-09-10 09:35:28.420,3.304,4000
2020-09-10 09:35:29.040,3.304,443300
2020-09-10 09:35:29.040,3.304,200
2020-09-10 09:35:29.040,3.304,300
2020-09-10 09:35:29.040,3.304,300
2020-09-10 09:35:29.040,3.303,315900
2020-09-10 09:35:30.890,3.305,1200
2020-09-10 09:35:30.890,3.305,90000
2020-09-10 09:35:30.890,3.305,30000
2020-09-10 09:35:30.890,3.305,70000
2020-09-10 09:35:30.890,3.305,6000
2020-09-10 09:35:30.890,3.305,2500
2020-09-10 09:35:30.890,3.305,10000
2020-09-10 09:35:31.260,3.305,18200
2020-09-10 09:35:31.590,3.305,1800
2020-09-10 09:35:31.590,3.305,100
2020-09-10 09:35:31.650,3.305,30000
2020-09-10 09:35:31.900,3.305,100
2020-09-10 09:35:31.960,3.306,3400
2020-09-10 09:35:31.960,3.306,6100
2020-09-10 09:35:32.250,3.305,9500
2020-09-10 09:35:33.280,3.305,4000
2020-09-10 09:35:33.830,3.305,300
2020-09-10 09:35:34.490,3.305,2000
2020-09-10 09:35:34.660,3.305,224300
2020-09-10 09:35:34.660,3.305,100
2020-09-10 09:35:34.660,3.304,100
2020-09-10 09:35:34.660,3.304,209500
2020-09-10 09:35:35.460,3.304,2000
2020-09-10 09:35:37.500,3.304,15000
2020-09-10 09:35:37.630,3.305,2000
2020-09-10 09:35:37.630,3.305,900
2020-09-10 09:35:37.630,3.305,1600
2020-09-10 09:35:37.630,3.305,900
2020-09-10 09:35:37.970,3.305,200
2020-09-10 09:35:38.300,3.305,200
2020-09-10 09:35:39.290,3.305,3500
2020-09-10 09:35:39.340,3.305,100000
2020-09-10 09:35:39.430,3.305,50000
2020-09-10 09:35:39.950,3.306,100
2020-09-10 09:35:40.410,3.305,9000
2020-09-10 09:35:40.750,3.305,100
2020-09-10 09:35:40.780,3.305,38600
2020-09-10 09:35:40.990,3.305,7400
2020-09-10 09:35:41.120,3.305,1000
2020-09-10 09:35:41.150,3.305,500
2020-09-10 09:35:42.640,3.305,10000
2020-09-10 09:35:43.870,3.306,100
2020-09-10 09:35:44.270,3.306,10000
2020-09-10 09:35:45.310,3.306,5100
2020-09-10 09:35:45.400,3.305,4000
2020-09-10 09:35:46.460,3.305,500
2020-09-10 09:35:46.630,3.305,10000
2020-09-10 09:35:46.870,3.305,6900
2020-09-10 09:35:47.380,3.305,3100
2020-09-10 09:35:47.980,3.306,3200
2020-09-10 09:35:47.980,3.306,8000
2020-09-10 09:35:47.980,3.306,1200
2020-09-10 09:35:47.980,3.306,1000
2020-09-10 09:35:47.980,3.306,2100
2020-09-10 09:35:47.980,3.306,2000
2020-09-10 09:35:47.980,3.306,19100
2020-09-10 09:35:47.980,3.306,5800
2020-09-10 09:35:47.980,3.306,1000
2020-09-10 09:35:47.980,3.306,6500
2020-09-10 09:35:47.980,3.306,20000
2020-09-10 09:35:47.980,3.306,3600
2020-09-10 09:35:48.490,3.305,1600
2020-09-10 09:35:48.980,3.306,496400
2020-09-10 09:35:48.980,3.306,10000
2020-09-10 09:35:48.980,3.306,50000
2020-09-10 09:35:48.980,3.306,100
2020-09-10 09:35:48.980,3.306,3000
2020-09-10 09:35:48.980,3.306,5000
2020-09-10 09:35:48.980,3.306,10000
2020-09-10 09:35:48.980,3.306,5000
2020-09-10 09:35:48.980,3.306,10000
2020-09-10 09:35:48.980,3.306,6000
2020-09-10 09:35:48.980,3.306,9200
2020-09-10 09:35:48.980,3.306,3000
2020-09-10 09:35:48.980,3.306,14500
2020-09-10 09:35:48.980,3.306,5000
2020-09-10 09:35:48.980,3.306,5000
2020-09-10 09:35:49.450,3.306,2000
2020-09-10 09:35:50.000,3.307,8100
2020-09-10 09:35:50.160,3.306,100000
2020-09-10 09:35:50.240,3.306,2000
2020-09-10 09:35:50.520,3.306,10000
2020-09-10 09:35:50.640,3.306,100
2020-09-10 09:35:51.770,3.306,10000
2020-09-10 09:35:52.180,3.306,30500
2020-09-10 09:35:54.010,3.306,4200
2020-09-10 09:35:54.410,3.306,3000
2020-09-10 09:35:55.030,3.306,10000
2020-09-10 09:35:55.420,3.306,20000
2020-09-10 09:35:55.770,3.306,9500
2020-09-10 09:35:56.040,3.306,66500
2020-09-10 09:35:56.040,3.306,1000
2020-09-10 09:35:57.200,3.306,100
2020-09-10 09:35:58.250,3.305,300000
2020-09-10 09:35:58.250,3.305,198400
2020-09-10 09:35:58.250,3.305,101600
2020-09-10 09:35:58.250,3.305,300000
2020-09-10 09:35:58.560,3.306,29200
2020-09-10 09:35:59.090,3.306,200
2020-09-10 09:35:59.810,3.306,21400
2020-09-10 09:35:59.810,3.306,6000
2020-09-10 09:35:59.810,3.306,10000
2020-09-10 09:35:59.810,3.306,300
2020-09-10 09:35:59.810,3.306,5000
2020-09-10 09:35:59.810,3.306,8000
2020-09-10 09:35:59.810,3.306,5000
2020-09-10 09:35:59.930,3.306,1700
2020-09-10 09:35:59.960,3.307,100
2020-09-10 09:36:00.130,3.306,30000
2020-09-10 09:36:00.680,3.306,300000
2020-09-10 09:36:00.810,3.306,2000
2020-09-10 09:36:01.010,3.306,510600
2020-09-10 09:36:01.840,3.306,7700
2020-09-10 09:36:03.030,3.306,50000
2020-09-10 09:36:03.400,3.305,1600
2020-09-10 09:36:03.660,3.305,496800
2020-09-10 09:36:03.660,3.305,300
2020-09-10 09:36:03.660,3.305,2000
2020-09-10 09:36:03.660,3.305,100
2020-09-10 09:36:03.660,3.305,100
2020-09-10 09:36:03.660,3.305,13600
2020-09-10 09:36:04.210,3.305,600
2020-09-10 09:36:04.350,3.305,3100
2020-09-10 09:36:05.180,3.306,1500
2020-09-10 09:36:05.690,3.306,300
2020-09-10 09:36:06.720,3.305,300
2020-09-10 09:36:06.750,3.306,300
2020-09-10 09:36:07.530,3.305,1000
2020-09-10 09:36:08.170,3.305,300000
2020-09-10 09:36:09.340,3.305,5500
2020-09-10 09:36:09.750,3.305,300000
2020-09-10 09:36:10.440,3.305,90000
2020-09-10 09:36:10.900,3.305,10000
2020-09-10 09:36:11.360,3.305,5100
2020-09-10 09:36:11.820,3.305,10000
2020-09-10 09:36:12.070,3.305,1600
2020-09-10 09:36:12.670,3.305,30000
2020-09-10 09:36:12.850,3.305,41900
2020-09-10 09:36:13.210,3.305,87300
2020-09-10 09:36:13.210,3.305,100000
2020-09-10 09:36:13.210,3.305,200
2020-09-10 09:36:13.210,3.304,1600
2020-09-10 09:36:13.210,3.304,27300
2020-09-10 09:36:13.210,3.304,1000
2020-09-10 09:36:13.210,3.304,100
2020-09-10 09:36:14.170,3.304,1600
2020-09-10 09:36:15.730,3.304,100
2020-09-10 09:36:16.390,3.304,17800
2020-09-10 09:36:20.860,3.304,6000
2020-09-10 09:36:21.270,3.304,19000
2020-09-10 09:36:23.120,3.303,100
2020-09-10 09:36:23.120,3.303,2400
2020-09-10 09:36:23.810,3.303,600
2020-09-10 09:36:23.810,3.303,1600
2020-09-10 09:36:23.810,3.303,6800
2020-09-10 09:36:23.810,3.303,5000
2020-09-10 09:36:23.810,3.303,10000
2020-09-10 09:36:23.810,3.303,14000
2020-09-10 09:36:24.050,3.304,400
2020-09-10 09:36:24.050,3.304,600
2020-09-10 09:36:24.240,3.303,2000
2020-09-10 09:36:24.830,3.304,1000
2020-09-10 09:36:24.830,3.304,1100
2020-09-10 09:36:25.020,3.304,1300
2020-09-10 09:36:25.020,3.303,39200
2020-09-10 09:36:25.350,3.305,100
2020-09-10 09:36:25.640,3.304,15000
2020-09-10 09:36:26.890,3.304,100
2020-09-10 09:36:28.960,3.304,200
2020-09-10 09:36:30.200,3.304,1000
2020-09-10 09:36:30.500,3.304,500
2020-09-10 09:36:31.060,3.303,2000
2020-09-10 09:36:31.060,3.303,1000
2020-09-10 09:36:32.090,3.303,300
2020-09-10 09:36:32.690,3.303,298700
2020-09-10 09:36:35.520,3.303,269000
2020-09-10 09:36:35.520,3.303,5000
2020-09-10 09:36:35.520,3.303,1500
2020-09-10 09:36:36.830,3.304,100
2020-09-10 09:36:37.130,3.303,300000
2020-09-10 09:36:37.620,3.304,2400
2020-09-10 09:36:37.620,3.304,7600
2020-09-10 09:36:39.350,3.303,200
2020-09-10 09:36:39.350,3.303,1600
2020-09-10 09:36:39.690,3.303,100
2020-09-10 09:36:39.870,3.303,100
2020-09-10 09:36:40.260,3.304,22500
2020-09-10 09:36:41.070,3.303,10000
2020-09-10 09:36:42.090,3.303,300000
2020-09-10 09:36:42.090,3.303,300000
2020-09-10 09:36:42.250,3.304,2000
2020-09-10 09:36:42.880,3.303,1400
2020-09-10 09:36:43.560,3.304,1100
2020-09-10 09:36:43.590,3.303,286600
2020-09-10 09:36:43.590,3.303,13400
2020-09-10 09:36:43.590,3.303,300000
2020-09-10 09:36:45.380,3.303,3000
2020-09-10 09:36:45.600,3.303,300000
2020-09-10 09:36:47.430,3.303,10000
2020-09-10 09:36:48.060,3.304,10000
2020-09-10 09:36:48.720,3.303,300000
2020-09-10 09:36:48.720,3.303,290000
2020-09-10 09:36:48.720,3.303,2000
2020-09-10 09:36:48.720,3.303,8000
2020-09-10 09:36:48.720,3.303,2000
2020-09-10 09:36:48.720,3.302,2000
2020-09-10 09:36:48.720,3.302,6000
2020-09-10 09:36:48.720,3.302,290000
2020-09-10 09:36:48.720,3.302,300000
2020-09-10 09:36:48.850,3.302,1600
2020-09-10 09:36:49.580,3.302,500
2020-09-10 09:36:49.640,3.303,3100
2020-09-10 09:36:51.430,3.303,12700
2020-09-10 09:36:52.620,3.303,300
2020-09-10 09:36:52.720,3.303,100
2020-09-10 09:36:53.720,3.302,3500
2020-09-10 09:36:54.640,3.302,2000
2020-09-10 09:36:55.200,3.303,10000
2020-09-10 09:36:55.550,3.302,1000
2020-09-10 09:36:55.550,3.302,100
2020-09-10 09:36:55.550,3.302,7900
2020-09-10 09:36:55.860,3.302,100000
2020-09-10 09:36:56.080,3.303,199100
2020-09-10 09:36:57.670,3.302,300000
2020-09-10 09:36:57.800,3.302,5000
2020-09-10 09:36:59.180,3.302,1000
2020-09-10 09:36:59.450,3.303,1000
2020-09-10 09:37:00.720,3.302,73700
2020-09-10 09:37:00.850,3.303,3000
2020-09-10 09:37:00.850,3.303,1600
2020-09-10 09:37:00.850,3.303,3800
2020-09-10 09:37:00.850,3.303,1600
2020-09-10 09:37:01.270,3.302,13400
2020-09-10 09:37:01.680,3.302,458300
2020-09-10 09:37:01.680,3.302,100000
2020-09-10 09:37:02.910,3.302,3000
2020-09-10 09:37:03.320,3.302,3000
2020-09-10 09:37:03.930,3.302,1200
2020-09-10 09:37:04.970,3.302,100
2020-09-10 09:37:05.080,3.302,45700
2020-09-10 09:37:05.080,3.302,100
2020-09-10 09:37:05.080,3.302,47000
2020-09-10 09:37:05.520,3.303,300
2020-09-10 09:37:06.260,3.302,1000
2020-09-10 09:37:06.260,3.303,1300
2020-09-10 09:37:06.260,3.303,8700
2020-09-10 09:37:06.740,3.302,300000
2020-09-10 09:37:07.480,3.302,12000
2020-09-10 09:37:07.700,3.302,200
2020-09-10 09:37:08.440,3.302,100000
2020-09-10 09:37:09.720,3.302,300000
2020-09-10 09:37:09.910,3.302,300
2020-09-10 09:37:10.320,3.303,1000
2020-09-10 09:37:10.660,3.302,20000
2020-09-10 09:37:11.180,3.302,1000
2020-09-10 09:37:11.230,3.302,2000
2020-09-10 09:37:11.530,3.302,6000
2020-09-10 09:37:11.740,3.302,30000
2020-09-10 09:37:11.920,3.303,300
2020-09-10 09:37:11.920,3.303,200
2020-09-10 09:37:12.680,3.302,200
2020-09-10 09:37:12.860,3.303,5000
2020-09-10 09:37:13.530,3.302,34500
2020-09-10 09:37:13.530,3.302,24500
2020-09-10 09:37:13.530,3.302,100
2020-09-10 09:37:13.530,3.302,200
2020-09-10 09:37:13.530,3.302,300
2020-09-10 09:37:13.530,3.302,240400
2020-09-10 09:37:13.530,3.303,2800
2020-09-10 09:37:13.530,3.303,5500
2020-09-10 09:37:13.530,3.303,18800
2020-09-10 09:37:13.870,3.302,9000
2020-09-10 09:37:14.540,3.302,300000
2020-09-10 09:37:15.190,3.302,5000
2020-09-10 09:37:15.190,3.302,1900
2020-09-10 09:37:15.460,3.302,1000
2020-09-10 09:37:15.760,3.302,1000
2020-09-10 09:37:15.800,3.303,100
2020-09-10 09:37:16.410,3.302,13000
2020-09-10 09:37:16.650,3.302,900
2020-09-10 09:37:17.830,3.302,10000
2020-09-10 09:37:17.990,3.302,3000
2020-09-10 09:37:18.210,3.302,30000
2020-09-10 09:37:19.910,3.302,1000
2020-09-10 09:37:20.060,3.302,20000
2020-09-10 09:37:20.730,3.302,2500
2020-09-10 09:37:21.930,3.302,2500
2020-09-10 09:37:22.290,3.302,2000
2020-09-10 09:37:22.310,3.302,21200
2020-09-10 09:37:22.900,3.302,5000
2020-09-10 09:37:22.920,3.303,200
2020-09-10 09:37:23.600,3.302,1000
2020-09-10 09:37:23.650,3.302,43000
2020-09-10 09:37:23.860,3.302,1000
2020-09-10 09:37:24.310,3.302,8800
2020-09-10 09:37:28.280,3.302,176800
2020-09-10 09:37:28.280,3.302,1800
2020-09-10 09:37:28.280,3.302,400
2020-09-10 09:37:28.280,3.302,154800
2020-09-10 09:37:29.140,3.302,800
2020-09-10 09:37:29.350,3.302,48000
2020-09-10 09:37:29.460,3.303,500
2020-09-10 09:37:29.870,3.303,200
2020-09-10 09:37:30.170,3.303,52700
2020-09-10 09:37:30.170,3.303,5000
2020-09-10 09:37:30.170,3.303,1000
2020-09-10 09:37:30.170,3.303,2000
2020-09-10 09:37:30.170,3.303,2900
2020-09-10 09:37:30.170,3.303,236400
2020-09-10 09:37:30.680,3.302,6400
2020-09-10 09:37:30.680,3.302,300000
2020-09-10 09:37:30.680,3.302,27300
2020-09-10 09:37:30.680,3.302,400
2020-09-10 09:37:30.680,3.302,109900
2020-09-10 09:37:30.700,3.303,263600
2020-09-10 09:37:30.700,3.303,2500
2020-09-10 09:37:30.700,3.303,500
2020-09-10 09:37:30.700,3.303,1000
2020-09-10 09:37:30.700,3.303,10800
2020-09-10 09:37:30.700,3.303,10600
2020-09-10 09:37:30.700,3.303,4000
2020-09-10 09:37:30.700,3.303,5000
2020-09-10 09:37:32.080,3.303,300000
2020-09-10 09:37:32.080,3.303,200
2020-09-10 09:37:32.770,3.303,3000
2020-09-10 09:37:34.230,3.303,3500
2020-09-10 09:37:34.630,3.304,1400
2020-09-10 09:37:34.630,3.304,500
2020-09-10 09:37:34.630,3.304,9100
2020-09-10 09:37:34.630,3.304,36700
2020-09-10 09:37:34.630,3.304,2000
2020-09-10 09:37:34.630,3.304,1000
2020-09-10 09:37:34.630,3.304,100
2020-09-10 09:37:34.630,3.304,13200
2020-09-10 09:37:34.630,3.304,200
2020-09-10 09:37:34.630,3.304,10000
2020-09-10 09:37:34.630,3.304,13000
2020-09-10 09:37:34.630,3.304,3500
2020-09-10 09:37:34.630,3.304,2700
2020-09-10 09:37:34.630,3.304,6000
2020-09-10 09:37:34.630,3.304,5000
2020-09-10 09:37:34.630,3.304,2000
2020-09-10 09:37:34.630,3.304,300
2020-09-10 09:37:34.630,3.304,300
2020-09-10 09:37:34.630,3.304,5000
2020-09-10 09:37:34.630,3.304,18500
2020-09-10 09:37:34.630,3.304,10000
2020-09-10 09:37:34.630,3.304,900
2020-09-10 09:37:34.630,3.304,5000
2020-09-10 09:37:34.730,3.304,500
2020-09-10 09:37:36.540,3.304,16000
2020-09-10 09:37:36.950,3.304,10000
2020-09-10 09:37:37.260,3.304,298900
2020-09-10 09:37:37.950,3.304,28200
2020-09-10 09:37:37.950,3.304,100
2020-09-10 09:37:37.950,3.303,36700
2020-09-10 09:37:38.670,3.303,1000
2020-09-10 09:37:41.560,3.303,257600
2020-09-10 09:37:41.560,3.303,10000
2020-09-10 09:37:41.560,3.303,400
2020-09-10 09:37:41.560,3.303,3600
2020-09-10 09:37:41.560,3.303,11100
2020-09-10 09:37:43.320,3.303,3000
2020-09-10 09:37:43.820,3.303,5000
2020-09-10 09:37:44.980,3.302,500
2020-09-10 09:37:44.980,3.302,251500
2020-09-10 09:37:46.890,3.303,100
2020-09-10 09:37:47.870,3.302,1100
2020-09-10 09:37:49.140,3.303,9200
2020-09-10 09:37:49.140,3.303,8000
2020-09-10 09:37:49.140,3.303,1400
2020-09-10 09:37:49.140,3.304,8000
2020-09-10 09:37:49.140,3.304,1500
2020-09-10 09:37:49.140,3.304,40000
2020-09-10 09:37:49.140,3.304,2300
2020-09-10 09:37:49.140,3.304,20000
2020-09-10 09:37:49.140,3.304,2500
2020-09-10 09:37:49.140,3.304,7100
2020-09-10 09:37:50.450,3.303,3000
2020-09-10 09:37:52.550,3.302,13500
2020-09-10 09:37:52.830,3.303,200
2020-09-10 09:37:53.370,3.302,6000
2020-09-10 09:37:55.270,3.303,14000
2020-09-10 09:37:57.570,3.304,1000
2020-09-10 09:37:57.570,3.304,4000
2020-09-10 09:37:58.460,3.303,2000
2020-09-10 09:37:59.720,3.303,23400
2020-09-10 09:37:59.720,3.302,214000
2020-09-10 09:37:59.720,3.302,3400
2020-09-10 09:37:59.720,3.302,3400
2020-09-10 09:37:59.720,3.302,1500
2020-09-10 09:37:59.720,3.302,32000
2020-09-10 09:37:59.720,3.302,251500
2020-09-10 09:38:00.560,3.302,2900
2020-09-10 09:38:01.430,3.304,1000
2020-09-10 09:38:01.430,3.304,9000
2020-09-10 09:38:01.930,3.303,100
2020-09-10 09:38:02.890,3.303,12000
2020-09-10 09:38:05.840,3.303,2500
2020-09-10 09:38:07.230,3.303,2000
2020-09-10 09:38:08.160,3.303,100
2020-09-10 09:38:08.740,3.304,5500
2020-09-10 09:38:09.760,3.303,3000
2020-09-10 09:38:09.950,3.303,1000
2020-09-10 09:38:12.980,3.303,500
2020-09-10 09:38:13.130,3.303,400
2020-09-10 09:38:13.160,3.304,3800
2020-09-10 09:38:14.520,3.303,5000
2020-09-10 09:38:15.220,3.303,400
2020-09-10 09:38:16.220,3.304,9100
2020-09-10 09:38:16.720,3.303,11000
2020-09-10 09:38:19.350,3.304,3700
2020-09-10 09:38:19.350,3.303,3800
2020-09-10 09:38:20.160,3.304,18900
2020-09-10 09:38:20.160,3.304,3300
2020-09-10 09:38:20.160,3.304,5000
2020-09-10 09:38:20.160,3.304,5000
2020-09-10 09:38:20.160,3.304,500000
2020-09-10 09:38:20.160,3.304,2000
2020-09-10 09:38:20.160,3.304,100
2020-09-10 09:38:20.160,3.304,500
2020-09-10 09:38:20.160,3.304,41000
2020-09-10 09:38:20.160,3.304,1000
2020-09-10 09:38:20.340,3.305,3100
2020-09-10 09:38:20.340,3.305,1300
2020-09-10 09:38:20.340,3.305,5600
2020-09-10 09:38:20.630,3.304,200
2020-09-10 09:38:21.310,3.304,500
2020-09-10 09:38:21.580,3.304,3000
2020-09-10 09:38:22.230,3.304,8900
2020-09-10 09:38:23.150,3.305,34300
2020-09-10 09:38:23.150,3.305,1000
2020-09-10 09:38:23.150,3.305,1000
2020-09-10 09:38:23.150,3.305,56500
2020-09-10 09:38:23.150,3.305,80000
2020-09-10 09:38:23.150,3.305,5500
2020-09-10 09:38:23.150,3.305,100
2020-09-10 09:38:23.150,3.305,100
2020-09-10 09:38:23.150,3.305,10000
2020-09-10 09:38:23.150,3.305,5000
2020-09-10 09:38:23.150,3.305,10100
2020-09-10 09:38:23.150,3.305,40000
2020-09-10 09:38:23.150,3.305,1500
2020-09-10 09:38:23.150,3.305,1000
2020-09-10 09:38:23.150,3.305,20000
2020-09-10 09:38:23.560,3.305,1000
2020-09-10 09:38:24.940,3.305,10000
2020-09-10 09:38:26.280,3.305,5500
2020-09-10 09:38:26.730,3.305,2000
2020-09-10 09:38:26.780,3.305,215400
2020-09-10 09:38:27.700,3.304,5000
2020-09-10 09:38:28.790,3.304,305600
2020-09-10 09:38:28.790,3.304,3800
2020-09-10 09:38:28.790,3.304,100
2020-09-10 09:38:28.790,3.304,300
2020-09-10 09:38:28.790,3.304,273200
2020-09-10 09:38:30.820,3.305,84600
2020-09-10 09:38:30.820,3.305,3000
2020-09-10 09:38:31.470,3.306,10000
2020-09-10 09:38:34.590,3.306,500
2020-09-10 09:38:35.710,3.306,200
2020-09-10 09:38:36.350,3.306,28900
2020-09-10 09:38:36.350,3.306,2000
2020-09-10 09:38:36.350,3.306,23100
2020-09-10 09:38:36.350,3.306,4000
2020-09-10 09:38:36.760,3.305,300
2020-09-10 09:38:36.760,3.305,9700
2020-09-10 09:38:36.780,3.306,3500
2020-09-10 09:38:38.950,3.306,2000
2020-09-10 09:38:40.970,3.305,10000
2020-09-10 09:38:41.990,3.305,800
2020-09-10 09:38:43.440,3.305,3500
2020-09-10 09:38:43.620,3.306,3500
2020-09-10 09:38:43.620,3.306,30000
2020-09-10 09:38:43.620,3.306,20000
2020-09-10 09:38:43.620,3.306,5000
2020-09-10 09:38:43.620,3.306,1000
2020-09-10 09:38:43.620,3.306,5000
2020-09-10 09:38:43.620,3.306,7700
2020-09-10 09:38:43.620,3.306,1000
2020-09-10 09:38:43.620,3.306,20000
2020-09-10 09:38:43.620,3.306,10000
2020-09-10 09:38:43.620,3.306,1000
2020-09-10 09:38:43.620,3.306,1400
2020-09-10 09:38:43.620,3.306,50000
2020-09-10 09:38:43.620,3.306,20000
2020-09-10 09:38:43.620,3.306,100
2020-09-10 09:38:43.620,3.306,10000
2020-09-10 09:38:43.620,3.306,200
2020-09-10 09:38:43.620,3.306,300
2020-09-10 09:38:43.670,3.306,65400
2020-09-10 09:38:43.690,3.306,15200
2020-09-10 09:38:44.960,3.307,29900
2020-09-10 09:38:45.320,3.306,3000
2020-09-10 09:38:45.480,3.307,4700
2020-09-10 09:38:46.710,3.306,5000
2020-09-10 09:38:46.710,3.307,900000
2020-09-10 09:38:48.330,3.307,13200
2020-09-10 09:38:48.330,3.307,100
2020-09-10 09:38:48.330,3.307,300
2020-09-10 09:38:48.330,3.307,500
2020-09-10 09:38:48.330,3.307,1500
2020-09-10 09:38:48.330,3.307,5000
2020-09-10 09:38:48.330,3.307,2000
2020-09-10 09:38:50.010,3.307,5000
2020-09-10 09:38:50.540,3.307,10000
2020-09-10 09:38:51.810,3.307,10000
2020-09-10 09:38:53.860,3.307,10000
2020-09-10 09:38:54.980,3.307,6500
2020-09-10 09:38:55.220,3.307,1000
2020-09-10 09:38:56.220,3.308,2500
2020-09-10 09:38:56.220,3.308,500
2020-09-10 09:38:56.350,3.307,500
2020-09-10 09:38:57.740,3.307,234400
2020-09-10 09:38:57.740,3.307,15000
2020-09-10 09:38:57.740,3.307,100
2020-09-10 09:38:57.740,3.307,10000
2020-09-10 09:38:57.740,3.307,5000
2020-09-10 09:38:57.740,3.306,25200
2020-09-10 09:38:57.740,3.306,203700
2020-09-10 09:38:58.320,3.308,500
2020-09-10 09:38:58.320,3.308,500
2020-09-10 09:39:00.760,3.308,100
2020-09-10 09:39:02.150,3.307,4000
2020-09-10 09:39:02.610,3.308,1400
2020-09-10 09:39:02.610,3.308,2600
2020-09-10 09:39:03.300,3.308,100
2020-09-10 09:39:05.140,3.307,10000
2020-09-10 09:39:09.730,3.308,100
2020-09-10 09:39:10.000,3.308,7200
2020-09-10 09:39:10.000,3.308,4400
2020-09-10 09:39:10.660,3.307,7000
2020-09-10 09:39:10.660,3.307,1000
2020-09-10 09:39:10.860,3.307,600
2020-09-10 09:39:10.860,3.307,6000
2020-09-10 09:39:10.860,3.307,1200
2020-09-10 09:39:10.860,3.307,7900
2020-09-10 09:39:11.230,3.308,10000
2020-09-10 09:39:13.270,3.308,600
2020-09-10 09:39:13.270,3.308,9400
2020-09-10 09:39:14.790,3.307,300
2020-09-10 09:39:15.700,3.308,600
2020-09-10 09:39:15.700,3.308,1000
2020-09-10 09:39:15.700,3.308,3100
2020-09-10 09:39:15.700,3.308,1000
2020-09-10 09:39:15.700,3.308,1900
2020-09-10 09:39:15.980,3.308,4100
2020-09-10 09:39:15.980,3.308,100
2020-09-10 09:39:15.980,3.308,500
2020-09-10 09:39:15.980,3.308,3000
2020-09-10 09:39:15.980,3.308,3000
2020-09-10 09:39:15.980,3.308,4200
2020-09-10 09:39:16.240,3.308,800
2020-09-10 09:39:16.240,3.308,14100
2020-09-10 09:39:16.370,3.307,50000
2020-09-10 09:39:16.650,3.308,5900
2020-09-10 09:39:16.650,3.308,9000
2020-09-10 09:39:16.820,3.308,41000
2020-09-10 09:39:16.820,3.308,51200
2020-09-10 09:39:16.820,3.308,200000
2020-09-10 09:39:16.820,3.308,100
2020-09-10 09:39:16.820,3.308,5000
2020-09-10 09:39:17.470,3.308,2400
2020-09-10 09:39:17.470,3.307,2600
2020-09-10 09:39:17.780,3.307,449200
2020-09-10 09:39:17.780,3.307,180000
2020-09-10 09:39:17.780,3.307,10000
2020-09-10 09:39:17.780,3.307,300000
2020-09-10 09:39:17.780,3.306,60800
2020-09-10 09:39:17.780,3.306,165200
2020-09-10 09:39:18.320,3.307,1000
2020-09-10 09:39:20.190,3.307,6000
2020-09-10 09:39:21.400,3.307,1500
2020-09-10 09:39:21.400,3.307,1500
2020-09-10 09:39:21.450,3.307,1500
2020-09-10 09:39:21.450,3.307,1500
2020-09-10 09:39:21.450,3.307,1500
2020-09-10 09:39:22.350,3.308,1600
2020-09-10 09:39:22.350,3.308,500
2020-09-10 09:39:23.920,3.307,1000
2020-09-10 09:39:24.660,3.307,5000
2020-09-10 09:39:24.710,3.308,1000
2020-09-10 09:39:24.710,3.308,4000
2020-09-10 09:39:24.790,3.308,400
2020-09-10 09:39:24.950,3.308,600
2020-09-10 09:39:24.950,3.308,500
2020-09-10 09:39:24.950,3.308,1000
2020-09-10 09:39:25.660,3.308,5000
2020-09-10 09:39:25.740,3.308,20000
2020-09-10 09:39:28.600,3.309,600
2020-09-10 09:39:28.600,3.309,9400
2020-09-10 09:39:28.670,3.308,5000
2020-09-10 09:39:28.920,3.309,3000
2020-09-10 09:39:29.800,3.308,5000
2020-09-10 09:39:29.920,3.309,18900
2020-09-10 09:39:29.920,3.309,1000
2020-09-10 09:39:29.920,3.309,300
2020-09-10 09:39:29.920,3.309,200
2020-09-10 09:39:29.920,3.309,2100
2020-09-10 09:39:29.920,3.309,3000
2020-09-10 09:39:29.920,3.309,100000
2020-09-10 09:39:29.920,3.309,800
2020-09-10 09:39:29.920,3.309,10000
2020-09-10 09:39:29.920,3.309,5000
2020-09-10 09:39:29.920,3.309,1700
2020-09-10 09:39:29.920,3.309,10000
2020-09-10 09:39:29.920,3.309,8000
2020-09-10 09:39:29.920,3.309,20000
2020-09-10 09:39:29.920,3.309,1000
2020-09-10 09:39:29.920,3.309,5000
2020-09-10 09:39:29.920,3.309,10000
2020-09-10 09:39:29.920,3.309,65100
2020-09-10 09:39:29.920,3.309,3200
2020-09-10 09:39:29.920,3.309,1000
2020-09-10 09:39:29.920,3.309,4500
2020-09-10 09:39:29.920,3.309,10000
2020-09-10 09:39:29.920,3.309,7300
2020-09-10 09:39:30.440,3.309,10000
2020-09-10 09:39:31.240,3.309,1900
2020-09-10 09:39:31.240,3.308,48100
2020-09-10 09:39:31.240,3.308,200
2020-09-10 09:39:32.470,3.309,1200
2020-09-10 09:39:32.470,3.309,7400
2020-09-10 09:39:32.740,3.309,200
2020-09-10 09:39:33.190,3.31,1900
2020-09-10 09:39:33.190,3.31,1000
2020-09-10 09:39:33.190,3.31,11000
2020-09-10 09:39:33.190,3.31,5000
2020-09-10 09:39:33.190,3.31,10000
2020-09-10 09:39:33.190,3.31,20000
2020-09-10 09:39:33.190,3.31,5000
2020-09-10 09:39:33.190,3.31,3000
2020-09-10 09:39:33.190,3.31,10000
2020-09-10 09:39:33.190,3.31,2000
2020-09-10 09:39:33.190,3.31,100
2020-09-10 09:39:33.190,3.31,2200
2020-09-10 09:39:34.200,3.309,300000
2020-09-10 09:39:34.200,3.309,300000
2020-09-10 09:39:34.200,3.309,292400
2020-09-10 09:39:34.200,3.309,7600
2020-09-10 09:39:34.480,3.309,5000
2020-09-10 09:39:35.890,3.31,3100
2020-09-10 09:39:35.890,3.31,1000
2020-09-10 09:39:35.890,3.31,6000
2020-09-10 09:39:35.890,3.31,15000
2020-09-10 09:39:35.890,3.31,10500
2020-09-10 09:39:35.890,3.31,2000
2020-09-10 09:39:35.890,3.31,600
2020-09-10 09:39:35.890,3.31,100
2020-09-10 09:39:35.890,3.31,20000
2020-09-10 09:39:35.890,3.31,2500
2020-09-10 09:39:35.890,3.31,300
2020-09-10 09:39:35.890,3.31,1000
2020-09-10 09:39:35.890,3.31,10000
2020-09-10 09:39:35.890,3.31,10000
2020-09-10 09:39:35.890,3.31,10000
2020-09-10 09:39:35.890,3.31,1000
2020-09-10 09:39:35.890,3.31,5200
2020-09-10 09:39:35.890,3.31,2000
2020-09-10 09:39:35.890,3.31,3100
2020-09-10 09:39:35.890,3.31,4000
2020-09-10 09:39:35.890,3.31,2000
2020-09-10 09:39:35.890,3.31,25600
2020-09-10 09:39:35.890,3.31,2000
2020-09-10 09:39:35.890,3.31,900
2020-09-10 09:39:35.890,3.31,2000
2020-09-10 09:39:35.890,3.31,16100
2020-09-10 09:39:35.890,3.31,3000
2020-09-10 09:39:35.890,3.31,20000
2020-09-10 09:39:35.890,3.31,3500
2020-09-10 09:39:35.890,3.31,1000
2020-09-10 09:39:35.890,3.31,11600
2020-09-10 09:39:35.890,3.31,5900
2020-09-10 09:39:35.890,3.31,11700
2020-09-10 09:39:35.890,3.31,1700
2020-09-10 09:39:35.890,3.31,20000
2020-09-10 09:39:35.890,3.31,100
2020-09-10 09:39:35.890,3.31,800
2020-09-10 09:39:35.890,3.31,29700
2020-09-10 09:39:35.890,3.31,600
2020-09-10 09:39:35.890,3.31,2000
2020-09-10 09:39:35.890,3.31,13000
2020-09-10 09:39:35.890,3.31,1200
2020-09-10 09:39:35.890,3.31,100
2020-09-10 09:39:35.890,3.31,10000
2020-09-10 09:39:35.890,3.31,8400
2020-09-10 09:39:35.890,3.31,600
2020-09-10 09:39:35.890,3.31,100
2020-09-10 09:39:35.890,3.31,11000
2020-09-10 09:39:35.890,3.31,300
2020-09-10 09:39:35.890,3.31,9200
2020-09-10 09:39:35.890,3.31,10000
2020-09-10 09:39:35.890,3.31,400
2020-09-10 09:39:35.890,3.31,1600
2020-09-10 09:39:35.890,3.31,1000
2020-09-10 09:39:35.890,3.31,15000
2020-09-10 09:39:35.890,3.31,20000
2020-09-10 09:39:35.890,3.31,4400
2020-09-10 09:39:35.890,3.31,27700
2020-09-10 09:39:35.890,3.31,3900
2020-09-10 09:39:35.890,3.31,3400
2020-09-10 09:39:36.550,3.31,300000
2020-09-10 09:39:36.550,3.31,5000
2020-09-10 09:39:37.580,3.31,6400
2020-09-10 09:39:38.430,3.31,30000
2020-09-10 09:39:38.900,3.31,20000
2020-09-10 09:39:39.850,3.31,1500
2020-09-10 09:39:41.290,3.31,2000
2020-09-10 09:39:42.330,3.311,200
2020-09-10 09:39:44.750,3.31,1000
2020-09-10 09:39:45.450,3.311,500
2020-09-10 09:39:46.370,3.31,30000
2020-09-10 09:39:46.420,3.311,900
2020-09-10 09:39:46.650,3.311,100
2020-09-10 09:39:46.730,3.31,95400
2020-09-10 09:39:46.730,3.31,4000
2020-09-10 09:39:46.730,3.31,3000
2020-09-10 09:39:46.730,3.31,6000
2020-09-10 09:39:46.730,3.309,891600
2020-09-10 09:39:46.730,3.309,36200
2020-09-10 09:39:46.760,3.31,100
2020-09-10 09:39:46.760,3.309,7400
2020-09-10 09:39:48.250,3.31,200
2020-09-10 09:39:48.250,3.311,4400
2020-09-10 09:39:48.250,3.311,5000
2020-09-10 09:39:48.250,3.311,3900
2020-09-10 09:39:48.250,3.311,200
2020-09-10 09:39:48.250,3.311,200
2020-09-10 09:39:48.250,3.311,2000
2020-09-10 09:39:48.250,3.311,14100
2020-09-10 09:39:48.590,3.311,5900
2020-09-10 09:39:48.590,3.311,12200
2020-09-10 09:39:51.610,3.31,3000
2020-09-10 09:39:51.610,3.31,5000
2020-09-10 09:39:51.820,3.311,1000
2020-09-10 09:39:53.280,3.31,1000
2020-09-10 09:39:54.320,3.311,900
2020-09-10 09:39:54.480,3.31,15000
2020-09-10 09:39:55.470,3.31,2000
2020-09-10 09:39:55.470,3.31,5000
2020-09-10 09:39:56.400,3.311,3000
2020-09-10 09:39:56.480,3.31,100
2020-09-10 09:39:56.560,3.31,5000
2020-09-10 09:39:56.670,3.311,1000
2020-09-10 09:39:57.010,3.311,10000
2020-09-10 09:39:57.650,3.311,100
2020-09-10 09:39:59.480,3.311,6700
2020-09-10 09:40:00.670,3.311,300
2020-09-10 09:40:00.860,3.311,44800
2020-09-10 09:40:00.860,3.311,5000
2020-09-10 09:40:00.860,3.311,1000
2020-09-10 09:40:00.860,3.311,1500
2020-09-10 09:40:00.860,3.311,20000
2020-09-10 09:40:00.860,3.311,5000
2020-09-10 09:40:00.860,3.311,7000
2020-09-10 09:40:00.860,3.311,15700
2020-09-10 09:40:01.070,3.31,8100
2020-09-10 09:40:01.630,3.311,4300
2020-09-10 09:40:01.630,3.311,700
2020-09-10 09:40:01.850,3.31,5000
2020-09-10 09:40:02.270,3.311,4300
2020-09-10 09:40:02.270,3.311,400
2020-09-10 09:40:02.270,3.311,34500
2020-09-10 09:40:02.270,3.311,5000
2020-09-10 09:40:02.270,3.311,10000
2020-09-10 09:40:02.270,3.311,3100
2020-09-10 09:40:02.270,3.311,20000
2020-09-10 09:40:02.270,3.311,1000
2020-09-10 09:40:02.270,3.311,800
2020-09-10 09:40:02.270,3.311,3100
2020-09-10 09:40:02.270,3.311,9000
2020-09-10 09:40:02.270,3.311,186700
2020-09-10 09:40:02.270,3.311,55600
2020-09-10 09:40:02.270,3.311,2500
2020-09-10 09:40:02.270,3.311,5000
2020-09-10 09:40:02.270,3.311,9200
2020-09-10 09:40:02.270,3.311,1000
2020-09-10 09:40:02.270,3.311,100
2020-09-10 09:40:02.270,3.311,200
2020-09-10 09:40:02.270,3.311,1100
2020-09-10 09:40:02.270,3.311,10000
2020-09-10 09:40:02.270,3.311,13700
2020-09-10 09:40:02.270,3.311,5000
2020-09-10 09:40:02.270,3.311,81900
2020-09-10 09:40:02.270,3.311,3200
2020-09-10 09:40:02.270,3.311,15600
2020-09-10 09:40:02.270,3.311,1000
2020-09-10 09:40:02.270,3.311,30000
2020-09-10 09:40:02.270,3.311,3000
2020-09-10 09:40:02.270,3.311,5000
2020-09-10 09:40:02.970,3.311,30000
2020-09-10 09:40:03.320,3.311,100
2020-09-10 09:40:04.190,3.311,300000
2020-09-10 09:40:04.190,3.311,36300
2020-09-10 09:40:04.190,3.311,400
2020-09-10 09:40:04.190,3.311,263300
2020-09-10 09:40:04.190,3.311,300000
2020-09-10 09:40:04.280,3.311,3000
2020-09-10 09:40:05.250,3.311,1500
2020-09-10 09:40:05.400,3.311,4900
2020-09-10 09:40:05.660,3.311,1000
2020-09-10 09:40:06.210,3.311,1000
2020-09-10 09:40:06.230,3.312,200
2020-09-10 09:40:06.230,3.312,100
2020-09-10 09:40:06.230,3.312,700
2020-09-10 09:40:06.820,3.312,300
2020-09-10 09:40:06.820,3.312,3000
2020-09-10 09:40:06.820,3.312,2800
2020-09-10 09:40:06.820,3.312,6000
2020-09-10 09:40:06.820,3.312,6000
2020-09-10 09:40:06.820,3.312,1000
2020-09-10 09:40:06.820,3.312,6000
2020-09-10 09:40:06.820,3.312,200
2020-09-10 09:40:06.820,3.312,10000
2020-09-10 09:40:06.820,3.312,14700
2020-09-10 09:40:07.170,3.311,200
2020-09-10 09:40:07.170,3.311,2900
2020-09-10 09:40:07.170,3.311,4200
2020-09-10 09:40:07.170,3.311,100
2020-09-10 09:40:07.170,3.311,2900
2020-09-10 09:40:07.170,3.311,700
2020-09-10 09:40:09.020,3.311,12200
2020-09-10 09:40:11.560,3.311,600
2020-09-10 09:40:11.650,3.31,70800
2020-09-10 09:40:11.650,3.31,33500
2020-09-10 09:40:11.650,3.31,10000
2020-09-10 09:40:11.650,3.31,4000
2020-09-10 09:40:11.650,3.31,6100
2020-09-10 09:40:11.650,3.31,175600
2020-09-10 09:40:12.010,3.31,2000
2020-09-10 09:40:12.580,3.31,300000
2020-09-10 09:40:13.680,3.31,300000
2020-09-10 09:40:13.710,3.31,5000
2020-09-10 09:40:14.290,3.311,100
2020-09-10 09:40:14.700,3.311,100
2020-09-10 09:40:14.700,3.311,9900
2020-09-10 09:40:15.660,3.31,400
2020-09-10 09:40:15.820,3.31,117000
2020-09-10 09:40:15.820,3.31,500
2020-09-10 09:40:15.820,3.31,100
2020-09-10 09:40:15.820,3.31,700
2020-09-10 09:40:15.820,3.31,5200
2020-09-10 09:40:15.820,3.31,10000
2020-09-10 09:40:15.820,3.309,10000
2020-09-10 09:40:15.820,3.309,3000
2020-09-10 09:40:15.820,3.309,10000
2020-09-10 09:40:15.820,3.309,775600
2020-09-10 09:40:16.160,3.311,10100
2020-09-10 09:40:16.160,3.311,2500
2020-09-10 09:40:16.160,3.311,1100
2020-09-10 09:40:17.790,3.31,22500
2020-09-10 09:40:18.000,3.31,300
2020-09-10 09:40:21.110,3.31,163900
2020-09-10 09:40:21.110,3.31,4500
2020-09-10 09:40:21.110,3.31,5000
2020-09-10 09:40:22.950,3.31,2000
2020-09-10 09:40:26.270,3.31,600
2020-09-10 09:40:26.410,3.311,5000
2020-09-10 09:40:28.100,3.31,6800
2020-09-10 09:40:28.350,3.31,10000
2020-09-10 09:40:28.460,3.311,4000
2020-09-10 09:40:28.800,3.31,5000
2020-09-10 09:40:28.900,3.31,55000
2020-09-10 09:40:29.580,3.31,7000
2020-09-10 09:40:29.710,3.31,400
2020-09-10 09:40:30.170,3.31,7000
2020-09-10 09:40:30.680,3.31,1500
2020-09-10 09:40:31.730,3.31,300
2020-09-10 09:40:32.350,3.311,900
2020-09-10 09:40:32.350,3.311,300
2020-09-10 09:40:33.070,3.311,100
2020-09-10 09:40:33.790,3.311,1600
2020-09-10 09:40:33.790,3.311,3400
2020-09-10 09:40:34.010,3.31,30000
2020-09-10 09:40:34.420,3.311,4300
2020-09-10 09:40:34.420,3.311,2000
2020-09-10 09:40:34.420,3.311,100
2020-09-10 09:40:34.420,3.311,1500
2020-09-10 09:40:34.420,3.311,300
2020-09-10 09:40:34.420,3.311,200
2020-09-10 09:40:34.420,3.311,1600
2020-09-10 09:40:34.470,3.31,200
2020-09-10 09:40:34.690,3.31,300
2020-09-10 09:40:34.970,3.31,500
2020-09-10 09:40:34.970,3.31,500
2020-09-10 09:40:35.490,3.31,400
2020-09-10 09:40:35.490,3.31,10000
2020-09-10 09:40:35.490,3.31,900
2020-09-10 09:40:35.490,3.31,2200
2020-09-10 09:40:36.600,3.311,100
2020-09-10 09:40:37.120,3.311,2300
2020-09-10 09:40:39.030,3.31,5000
2020-09-10 09:40:39.830,3.31,2800
2020-09-10 09:40:39.830,3.31,10000
2020-09-10 09:40:39.830,3.31,1000
2020-09-10 09:40:39.830,3.31,500
2020-09-10 09:40:39.830,3.31,5700
2020-09-10 09:40:40.480,3.31,4300
2020-09-10 09:40:40.480,3.31,10000
2020-09-10 09:40:40.480,3.31,15700
2020-09-10 09:40:40.480,3.31,10000
2020-09-10 09:40:40.590,3.31,200
2020-09-10 09:40:40.950,3.311,1000
2020-09-10 09:40:40.950,3.311,2400
2020-09-10 09:40:41.510,3.31,500
2020-09-10 09:40:42.500,3.31,10000
2020-09-10 09:40:43.500,3.31,131400
2020-09-10 09:40:43.870,3.31,20000
2020-09-10 09:40:44.090,3.311,1500
2020-09-10 09:40:44.320,3.31,2000
2020-09-10 09:40:44.460,3.31,10000
2020-09-10 09:40:44.640,3.31,15000
2020-09-10 09:40:44.790,3.31,326500
2020-09-10 09:40:44.790,3.31,300000
2020-09-10 09:40:44.790,3.31,300000
2020-09-10 09:40:44.790,3.31,73500
2020-09-10 09:40:44.790,3.31,27200
2020-09-10 09:40:45.250,3.31,100
2020-09-10 09:40:45.490,3.31,1500
2020-09-10 09:40:46.210,3.31,10000
2020-09-10 09:40:47.150,3.31,300
2020-09-10 09:40:49.940,3.31,30000
2020-09-10 09:40:50.000,3.31,15000
2020-09-10 09:40:51.690,3.31,500
2020-09-10 09:40:52.190,3.31,2900
2020-09-10 09:40:52.270,3.31,4100
2020-09-10 09:40:52.350,3.31,6000
2020-09-10 09:40:52.810,3.311,305000
2020-09-10 09:40:52.920,3.31,3000
2020-09-10 09:40:53.120,3.311,191100
2020-09-10 09:40:53.120,3.311,10000
2020-09-10 09:40:53.120,3.311,500
2020-09-10 09:40:53.120,3.311,100
2020-09-10 09:40:53.120,3.311,44600
2020-09-10 09:40:53.120,3.311,3000
2020-09-10 09:40:53.120,3.311,100000
2020-09-10 09:40:53.120,3.311,10000
2020-09-10 09:40:53.120,3.311,10000
2020-09-10 09:40:53.120,3.311,3000
2020-09-10 09:40:53.120,3.311,100
2020-09-10 09:40:53.120,3.311,58700
2020-09-10 09:40:53.120,3.311,16200
2020-09-10 09:40:53.120,3.311,10000
2020-09-10 09:40:53.120,3.311,500
2020-09-10 09:40:53.120,3.311,400
2020-09-10 09:40:53.120,3.311,16000
2020-09-10 09:40:53.120,3.311,10000
2020-09-10 09:40:53.120,3.311,2100
2020-09-10 09:40:53.120,3.311,2000
2020-09-10 09:40:53.120,3.311,1500
2020-09-10 09:40:53.120,3.311,24700
2020-09-10 09:40:53.120,3.311,4000
2020-09-10 09:40:53.120,3.311,65000
2020-09-10 09:40:53.120,3.311,5000
2020-09-10 09:40:53.120,3.311,30000
2020-09-10 09:40:53.120,3.311,5700
2020-09-10 09:40:53.120,3.311,5000
2020-09-10 09:40:53.120,3.311,6400
2020-09-10 09:40:53.120,3.311,3000
2020-09-10 09:40:53.120,3.311,600
2020-09-10 09:40:53.120,3.311,2200
2020-09-10 09:40:53.120,3.311,500
2020-09-10 09:40:53.120,3.311,10000
2020-09-10 09:40:53.120,3.311,10000
2020-09-10 09:40:53.120,3.311,3000
2020-09-10 09:40:53.120,3.311,3100
2020-09-10 09:40:53.120,3.311,1000
2020-09-10 09:40:53.120,3.311,1000
2020-09-10 09:40:53.120,3.311,17600
2020-09-10 09:40:53.120,3.311,10900
2020-09-10 09:40:53.120,3.311,1000
2020-09-10 09:40:53.120,3.311,3000
2020-09-10 09:40:53.120,3.311,1000
2020-09-10 09:40:53.120,3.311,8700
2020-09-10 09:40:53.120,3.311,3100
2020-09-10 09:40:53.120,3.311,1500
2020-09-10 09:40:53.710,3.311,183200
2020-09-10 09:40:53.710,3.311,14300
2020-09-10 09:40:53.710,3.311,302500
2020-09-10 09:40:54.020,3.311,2000
2020-09-10 09:40:54.270,3.311,100000
2020-09-10 09:40:54.270,3.311,3600
2020-09-10 09:40:55.040,3.311,31300
2020-09-10 09:40:55.250,3.311,2200
2020-09-10 09:40:55.330,3.311,43800
2020-09-10 09:40:55.410,3.311,500
2020-09-10 09:40:55.490,3.311,1000
2020-09-10 09:40:55.750,3.311,1000
2020-09-10 09:40:55.900,3.311,40000
2020-09-10 09:40:55.990,3.311,10000
2020-09-10 09:40:56.320,3.311,1000
2020-09-10 09:40:57.440,3.311,17000
2020-09-10 09:40:58.010,3.312,5300
2020-09-10 09:40:58.010,3.312,7000
2020-09-10 09:40:58.010,3.312,3000
2020-09-10 09:40:58.010,3.312,174700
2020-09-10 09:40:58.130,3.311,5400
2020-09-10 09:40:58.810,3.311,11000
2020-09-10 09:40:59.970,3.311,7000
2020-09-10 09:41:00.090,3.311,4600
2020-09-10 09:41:01.000,3.311,3000
2020-09-10 09:41:02.020,3.311,1000
2020-09-10 09:41:02.020,3.312,1000
2020-09-10 09:41:02.160,3.311,5000
2020-09-10 09:41:02.950,3.312,2400
2020-09-10 09:41:04.200,3.311,10000
2020-09-10 09:41:04.560,3.311,10000
2020-09-10 09:41:04.910,3.312,2000
2020-09-10 09:41:05.220,3.311,3200
2020-09-10 09:41:06.660,3.311,39600
2020-09-10 09:41:06.660,3.312,300
2020-09-10 09:41:07.610,3.312,500000
2020-09-10 09:41:07.800,3.312,4300
2020-09-10 09:41:08.530,3.312,40600
2020-09-10 09:41:08.530,3.312,1000
2020-09-10 09:41:08.530,3.312,3000
2020-09-10 09:41:08.530,3.312,55400
2020-09-10 09:41:09.300,3.311,600
2020-09-10 09:41:09.420,3.311,3000
2020-09-10 09:41:09.990,3.311,600
2020-09-10 09:41:10.080,3.311,3000
2020-09-10 09:41:11.220,3.311,10000
2020-09-10 09:41:11.330,3.311,20000
2020-09-10 09:41:12.140,3.311,3400
2020-09-10 09:41:12.660,3.311,20000
2020-09-10 09:41:13.520,3.311,5000
2020-09-10 09:41:13.850,3.311,158700
2020-09-10 09:41:13.850,3.311,1000
2020-09-10 09:41:13.850,3.311,300100
2020-09-10 09:41:13.850,3.311,9900
2020-09-10 09:41:13.850,3.311,500
2020-09-10 09:41:13.850,3.311,341800
2020-09-10 09:41:14.240,3.312,325300
2020-09-10 09:41:16.790,3.311,84300
2020-09-10 09:41:17.650,3.311,300000
2020-09-10 09:41:17.980,3.311,2000
2020-09-10 09:41:18.250,3.312,2000
2020-09-10 09:41:18.530,3.311,5000
2020-09-10 09:41:18.780,3.311,900
2020-09-10 09:41:19.040,3.311,42700
2020-09-10 09:41:19.310,3.312,1200
2020-09-10 09:41:19.720,3.311,20000
2020-09-10 09:41:20.430,3.312,4400
2020-09-10 09:41:21.050,3.311,103500
2020-09-10 09:41:21.050,3.311,1000
2020-09-10 09:41:21.050,3.311,10000
2020-09-10 09:41:21.050,3.311,1000
2020-09-10 09:41:21.050,3.311,1000
2020-09-10 09:41:21.050,3.311,100
2020-09-10 09:41:21.050,3.311,10300
2020-09-10 09:41:21.050,3.31,9000
2020-09-10 09:41:21.050,3.31,500
2020-09-10 09:41:21.050,3.31,29500
2020-09-10 09:41:21.050,3.31,134100
2020-09-10 09:41:21.050,3.31,300000
2020-09-10 09:41:21.050,3.31,300000
2020-09-10 09:41:21.050,3.31,130700
2020-09-10 09:41:21.050,3.31,2000
2020-09-10 09:41:21.050,3.31,115000
2020-09-10 09:41:21.050,3.31,1000
2020-09-10 09:41:21.050,3.31,1800
2020-09-10 09:41:21.050,3.31,2500
2020-09-10 09:41:21.050,3.31,4600
2020-09-10 09:41:21.050,3.31,1900
2020-09-10 09:41:21.050,3.31,5000
2020-09-10 09:41:21.050,3.31,35500
2020-09-10 09:41:21.460,3.31,20000
2020-09-10 09:41:22.010,3.31,16600
2020-09-10 09:41:22.530,3.31,68000
2020-09-10 09:41:22.530,3.31,300000
2020-09-10 09:41:22.640,3.31,300000
2020-09-10 09:41:24.430,3.311,10000
2020-09-10 09:41:26.130,3.31,20000
2020-09-10 09:41:26.130,3.31,10000
2020-09-10 09:41:27.940,3.31,1500
2020-09-10 09:41:27.940,3.309,5000
2020-09-10 09:41:27.940,3.309,57700
2020-09-10 09:41:29.930,3.31,2000
2020-09-10 09:41:30.490,3.309,10000
2020-09-10 09:41:30.560,3.308,81
2020-09-10 09:41:30.750,3.309,1100
2020-09-10 09:41:30.970,3.309,8200
2020-09-10 09:41:31.090,3.309,700
2020-09-10 09:41:31.430,3.31,900
2020-09-10 09:41:36.530,3.309,19300
2020-09-10 09:41:36.530,3.309,2000
2020-09-10 09:41:37.820,3.308,2919
2020-09-10 09:41:37.820,3.308,8681
2020-09-10 09:41:38.620,3.309,2700
2020-09-10 09:41:38.620,3.309,43700
2020-09-10 09:41:41.140,3.309,300
2020-09-10 09:41:41.380,3.309,100
2020-09-10 09:41:42.570,3.309,400
2020-09-10 09:41:42.630,3.309,2000
2020-09-10 09:41:42.860,3.309,70800
2020-09-10 09:41:42.860,3.309,300000
2020-09-10 09:41:42.860,3.308,51319
2020-09-10 09:41:42.860,3.308,1000
2020-09-10 09:41:42.860,3.308,299900
2020-09-10 09:41:42.860,3.308,1000
2020-09-10 09:41:42.860,3.308,131181
2020-09-10 09:41:43.950,3.309,20000
2020-09-10 09:41:44.200,3.309,400
2020-09-10 09:41:44.480,3.309,279600
2020-09-10 09:41:44.700,3.309,300
2020-09-10 09:41:45.980,3.309,300
2020-09-10 09:41:46.620,3.309,19800
2020-09-10 09:41:46.620,3.309,10000
2020-09-10 09:41:47.060,3.309,100
2020-09-10 09:41:47.840,3.309,10000
2020-09-10 09:41:47.890,3.309,30100
2020-09-10 09:41:47.890,3.309,20000
2020-09-10 09:41:47.890,3.309,4000
2020-09-10 09:41:48.810,3.309,1500
2020-09-10 09:41:48.960,3.31,500
2020-09-10 09:41:48.960,3.31,1500
2020-09-10 09:41:50.580,3.309,6000
2020-09-10 09:41:51.830,3.31,248500
2020-09-10 09:41:51.830,3.31,900
2020-09-10 09:41:51.830,3.31,600
2020-09-10 09:41:52.700,3.31,1400
2020-09-10 09:41:52.700,3.31,1500
2020-09-10 09:41:52.700,3.31,1000
2020-09-10 09:41:52.700,3.31,2000
2020-09-10 09:41:53.350,3.309,3100
2020-09-10 09:41:54.470,3.31,500
2020-09-10 09:41:54.470,3.31,400
2020-09-10 09:41:54.920,3.309,400
2020-09-10 09:41:55.030,3.31,3600
2020-09-10 09:41:55.030,3.31,3400
2020-09-10 09:41:55.480,3.309,40000
2020-09-10 09:41:56.190,3.31,5800
2020-09-10 09:41:56.820,3.309,29400
2020-09-10 09:41:57.620,3.309,3000
2020-09-10 09:41:59.540,3.31,490800
2020-09-10 09:41:59.540,3.31,5000
2020-09-10 09:41:59.540,3.31,5000
2020-09-10 09:41:59.540,3.31,500
2020-09-10 09:41:59.540,3.31,10000
2020-09-10 09:41:59.540,3.31,45200
2020-09-10 09:42:01.490,3.31,20000
2020-09-10 09:42:04.720,3.31,30000
2020-09-10 09:42:05.180,3.311,10000
2020-09-10 09:42:05.180,3.311,300
2020-09-10 09:42:05.180,3.311,10000
2020-09-10 09:42:05.180,3.311,100
2020-09-10 09:42:05.180,3.311,30000
2020-09-10 09:42:05.180,3.311,3700
2020-09-10 09:42:05.180,3.311,100
2020-09-10 09:42:05.180,3.311,4000
2020-09-10 09:42:05.180,3.311,50000
2020-09-10 09:42:05.180,3.311,2000
2020-09-10 09:42:05.180,3.311,2000
2020-09-10 09:42:05.180,3.311,400
2020-09-10 09:42:05.180,3.311,6100
2020-09-10 09:42:05.180,3.311,4000
2020-09-10 09:42:05.180,3.311,10000
2020-09-10 09:42:05.180,3.311,9200
2020-09-10 09:42:05.180,3.311,1500
2020-09-10 09:42:05.180,3.311,5000
2020-09-10 09:42:05.180,3.311,12900
2020-09-10 09:42:05.180,3.311,6000
2020-09-10 09:42:05.180,3.311,100
2020-09-10 09:42:05.180,3.311,4600
2020-09-10 09:42:05.180,3.311,2000
2020-09-10 09:42:05.180,3.311,800
2020-09-10 09:42:05.180,3.311,2000
2020-09-10 09:42:05.180,3.311,300
2020-09-10 09:42:05.180,3.311,3300
2020-09-10 09:42:05.180,3.311,13900
2020-09-10 09:42:05.180,3.311,1000
2020-09-10 09:42:05.180,3.311,300
2020-09-10 09:42:05.180,3.311,15000
2020-09-10 09:42:05.180,3.311,9200
2020-09-10 09:42:05.180,3.311,3000
2020-09-10 09:42:05.180,3.311,1000
2020-09-10 09:42:05.180,3.311,8000
2020-09-10 09:42:06.190,3.311,58700
2020-09-10 09:42:06.340,3.311,10000
2020-09-10 09:42:07.020,3.311,500
2020-09-10 09:42:07.720,3.311,200000
2020-09-10 09:42:07.910,3.311,4400
2020-09-10 09:42:08.180,3.311,10000
2020-09-10 09:42:08.200,3.311,2000
2020-09-10 09:42:08.810,3.311,100
2020-09-10 09:42:09.200,3.311,20000
2020-09-10 09:42:09.840,3.311,3000
2020-09-10 09:42:10.610,3.311,300000
2020-09-10 09:42:10.660,3.312,110200
2020-09-10 09:42:10.660,3.312,400
2020-09-10 09:42:10.660,3.312,5000
2020-09-10 09:42:10.660,3.312,2000
2020-09-10 09:42:10.660,3.312,10000
2020-09-10 09:42:10.660,3.312,4000
2020-09-10 09:42:10.660,3.312,5000
2020-09-10 09:42:10.660,3.312,100
2020-09-10 09:42:10.660,3.312,2000
2020-09-10 09:42:10.660,3.312,5000
2020-09-10 09:42:10.660,3.312,5000
2020-09-10 09:42:10.660,3.312,10000
2020-09-10 09:42:10.660,3.312,10000
2020-09-10 09:42:10.660,3.312,1500
2020-09-10 09:42:10.660,3.312,5000
2020-09-10 09:42:10.660,3.312,5000
2020-09-10 09:42:10.660,3.312,10000
2020-09-10 09:42:10.660,3.312,300000
2020-09-10 09:42:10.660,3.312,20000
2020-09-10 09:42:10.660,3.312,200
2020-09-10 09:42:10.660,3.312,100
2020-09-10 09:42:10.660,3.312,10000
2020-09-10 09:42:10.660,3.312,600
2020-09-10 09:42:10.660,3.312,2000
2020-09-10 09:42:10.660,3.312,3000
2020-09-10 09:42:10.660,3.312,1000
2020-09-10 09:42:10.660,3.312,4900
2020-09-10 09:42:10.660,3.312,30000
2020-09-10 09:42:10.660,3.312,10000
2020-09-10 09:42:10.660,3.312,2000
2020-09-10 09:42:10.660,3.312,1200
2020-09-10 09:42:10.660,3.312,50000
2020-09-10 09:42:10.660,3.312,10000
2020-09-10 09:42:10.660,3.312,33300
2020-09-10 09:42:10.660,3.312,5000
2020-09-10 09:42:10.660,3.312,500
2020-09-10 09:42:10.660,3.312,10000
2020-09-10 09:42:10.660,3.312,2000
2020-09-10 09:42:10.660,3.312,5000
2020-09-10 09:42:10.660,3.312,209000
2020-09-10 09:42:10.790,3.311,7900
2020-09-10 09:42:11.070,3.311,51600
2020-09-10 09:42:11.070,3.311,248400
2020-09-10 09:42:11.430,3.311,800
2020-09-10 09:42:11.590,3.311,300000
2020-09-10 09:42:11.590,3.311,300000
2020-09-10 09:42:11.720,3.311,17100
2020-09-10 09:42:11.860,3.311,33700
2020-09-10 09:42:11.860,3.311,900000
2020-09-10 09:42:11.860,3.311,66300
2020-09-10 09:42:11.860,3.311,163800
2020-09-10 09:42:12.730,3.311,10000
2020-09-10 09:42:12.860,3.311,20000
2020-09-10 09:42:12.970,3.312,791000
2020-09-10 09:42:12.970,3.312,5000
2020-09-10 09:42:12.970,3.312,5000
2020-09-10 09:42:12.970,3.312,1000
2020-09-10 09:42:12.970,3.312,500
2020-09-10 09:42:12.970,3.312,10000
2020-09-10 09:42:12.970,3.312,10000
2020-09-10 09:42:12.970,3.312,10000
2020-09-10 09:42:12.970,3.312,100
2020-09-10 09:42:12.970,3.312,2000
2020-09-10 09:42:12.970,3.312,400
2020-09-10 09:42:12.970,3.312,100
2020-09-10 09:42:12.970,3.312,10000
2020-09-10 09:42:12.970,3.312,20000
2020-09-10 09:42:12.970,3.312,34900
