Datetime,Price,Volume
2020-09-10 09:25:00.130,4.684,25000
2020-09-10 09:25:00.130,4.684,15000
2020-09-10 09:25:00.130,4.684,1000
2020-09-10 09:25:00.130,4.684,9000
2020-09-10 09:25:00.130,4.684,5000
2020-09-10 09:25:00.130,4.684,1100
2020-09-10 09:25:00.130,4.684,2600
2020-09-10 09:25:00.130,4.684,6000
2020-09-10 09:25:00.130,4.684,3500
2020-09-10 09:25:00.130,4.684,300
2020-09-10 09:25:00.130,4.684,9100
2020-09-10 09:25:00.130,4.684,3300
2020-09-10 09:25:00.130,4.684,500
2020-09-10 09:25:00.130,4.684,50000
2020-09-10 09:25:00.130,4.684,100
2020-09-10 09:25:00.130,4.684,60000
2020-09-10 09:25:00.130,4.684,86100
2020-09-10 09:25:00.130,4.684,1000
2020-09-10 09:25:00.130,4.684,2000
2020-09-10 09:25:00.130,4.684,3500
2020-09-10 09:25:00.130,4.684,3500
2020-09-10 09:25:00.130,4.684,1800
2020-09-10 09:25:00.130,4.684,200
2020-09-10 09:25:00.130,4.684,5000
2020-09-10 09:25:00.130,4.684,1000
2020-09-10 09:25:00.130,4.684,1000
2020-09-10 09:25:00.130,4.684,5000
2020-09-10 09:25:00.130,4.684,4000
2020-09-10 09:25:00.130,4.684,5000
2020-09-10 09:25:00.130,4.684,1000
2020-09-10 09:25:00.130,4.684,5000
2020-09-10 09:25:00.130,4.684,16200
2020-09-10 09:25:00.130,4.684,36000
2020-09-10 09:25:00.130,4.684,2700
2020-09-10 09:25:00.130,4.684,4700
2020-09-10 09:25:00.130,4.684,28700
2020-09-10 09:25:00.130,4.684,9900
2020-09-10 09:25:00.130,4.684,5000
2020-09-10 09:25:00.130,4.684,6400
2020-09-10 09:25:00.130,4.684,5000
2020-09-10 09:25:00.130,4.684,100
2020-09-10 09:25:00.130,4.684,600
2020-09-10 09:25:00.130,4.684,600
2020-09-10 09:25:00.130,4.684,300
2020-09-10 09:25:00.130,4.684,400
2020-09-10 09:25:00.130,4.684,20000
2020-09-10 09:25:00.130,4.684,100
2020-09-10 09:25:00.130,4.684,600
2020-09-10 09:25:00.130,4.684,3000
2020-09-10 09:25:00.130,4.684,59900
2020-09-10 09:25:00.130,4.684,1000
2020-09-10 09:25:00.130,4.684,1300
2020-09-10 09:25:00.130,4.684,200
2020-09-10 09:25:00.130,4.684,100
2020-09-10 09:25:00.130,4.684,500
2020-09-10 09:25:00.130,4.684,4600
2020-09-10 09:25:00.130,4.684,100
2020-09-10 09:25:00.130,4.684,10000
2020-09-10 09:25:00.130,4.684,5000
2020-09-10 09:25:00.130,4.684,100
2020-09-10 09:25:00.130,4.684,2800
2020-09-10 09:25:00.130,4.684,13000
2020-09-10 09:25:00.130,4.684,200
2020-09-10 09:25:00.130,4.684,5800
2020-09-10 09:25:00.130,4.684,400
2020-09-10 09:25:00.130,4.684,2000
2020-09-10 09:25:00.130,4.684,200
2020-09-10 09:25:00.130,4.684,100
2020-09-10 09:25:00.130,4.684,100
2020-09-10 09:25:00.130,4.684,100
2020-09-10 09:25:00.130,4.684,13000
2020-09-10 09:25:00.130,4.684,100
2020-09-10 09:25:00.130,4.684,20000
2020-09-10 09:25:00.130,4.684,28400
2020-09-10 09:25:00.130,4.684,5000
2020-09-10 09:25:00.130,4.684,3600
2020-09-10 09:25:00.130,4.684,400
2020-09-10 09:25:00.130,4.684,800
2020-09-10 09:25:00.130,4.684,1900
2020-09-10 09:25:00.130,4.684,1600
2020-09-10 09:25:00.130,4.684,3400
2020-09-10 09:25:00.130,4.684,6500
2020-09-10 09:25:00.130,4.684,2500
2020-09-10 09:25:00.130,4.684,600
2020-09-10 09:25:00.130,4.684,1400
2020-09-10 09:25:00.130,4.684,11500
2020-09-10 09:25:00.130,4.684,100
2020-09-10 09:25:00.130,4.684,100
2020-09-10 09:25:00.130,4.684,100
2020-09-10 09:25:00.130,4.684,8200
2020-09-10 09:25:00.130,4.684,4800
2020-09-10 09:25:00.130,4.684,2500
2020-09-10 09:25:00.130,4.684,800
2020-09-10 09:25:00.130,4.684,4000
2020-09-10 09:25:00.130,4.684,4000
2020-09-10 09:25:00.130,4.684,1900
2020-09-10 09:25:00.130,4.684,3000
2020-09-10 09:25:00.130,4.684,9000
2020-09-10 09:25:00.130,4.684,700
2020-09-10 09:25:00.130,4.684,5300
2020-09-10 09:25:00.130,4.684,8000
2020-09-10 09:25:00.130,4.684,6700
2020-09-10 09:25:00.130,4.684,600
2020-09-10 09:25:00.130,4.684,12700
2020-09-10 09:25:00.130,4.684,100
2020-09-10 09:25:00.130,4.684,300
2020-09-10 09:25:00.130,4.684,1100
2020-09-10 09:25:00.130,4.684,100
2020-09-10 09:25:00.130,4.684,100
2020-09-10 09:25:00.130,4.684,13000
2020-09-10 09:25:00.130,4.684,1300
2020-09-10 09:25:00.130,4.684,10700
2020-09-10 09:25:00.130,4.684,4300
2020-09-10 09:25:00.130,4.684,4800
2020-09-10 09:25:00.130,4.684,2000
2020-09-10 09:25:00.130,4.684,2000
2020-09-10 09:25:00.130,4.684,100
2020-09-10 09:25:00.130,4.684,200
2020-09-10 09:25:00.130,4.684,20000
2020-09-10 09:25:00.130,4.684,16600
2020-09-10 09:25:00.130,4.684,4300
2020-09-10 09:25:00.130,4.684,700
2020-09-10 09:25:00.130,4.684,6600
2020-09-10 09:25:00.130,4.684,3000
2020-09-10 09:25:00.130,4.684,10000
2020-09-10 09:25:00.130,4.684,8800
2020-09-10 09:25:00.130,4.684,4000
2020-09-10 09:25:00.130,4.684,1500
2020-09-10 09:25:00.130,4.684,15000
2020-09-10 09:25:00.130,4.684,9000
2020-09-10 09:25:00.130,4.684,300
2020-09-10 09:25:00.130,4.684,300
2020-09-10 09:25:00.130,4.684,600
2020-09-10 09:25:00.130,4.684,189800
2020-09-10 09:25:00.130,4.684,200
2020-09-10 09:25:00.130,4.684,1000
2020-09-10 09:25:00.130,4.684,146400
2020-09-10 09:25:00.130,4.684,7800
2020-09-10 09:25:00.130,4.684,7500
2020-09-10 09:25:00.130,4.684,22200
2020-09-10 09:25:00.130,4.684,600
2020-09-10 09:25:00.130,4.684,14600
2020-09-10 09:25:00.130,4.684,40000
2020-09-10 09:25:00.130,4.684,3900
2020-09-10 09:25:00.130,4.684,50000
2020-09-10 09:25:00.130,4.684,100000
2020-09-10 09:25:00.130,4.684,5000
2020-09-10 09:25:00.130,4.684,14900
2020-09-10 09:25:00.130,4.684,300
2020-09-10 09:25:00.130,4.684,5000
2020-09-10 09:25:00.130,4.684,290900
2020-09-10 09:25:00.130,4.684,48100
2020-09-10 09:25:00.130,4.684,1000
2020-09-10 09:25:00.130,4.684,900
2020-09-10 09:25:00.130,4.684,700
2020-09-10 09:25:00.130,4.684,22100
2020-09-10 09:25:00.130,4.684,7900
2020-09-10 09:25:00.130,4.684,2100
2020-09-10 09:25:00.130,4.684,500
2020-09-10 09:25:00.130,4.684,100
2020-09-10 09:25:00.130,4.684,200
2020-09-10 09:25:00.130,4.684,1000
2020-09-10 09:25:00.130,4.684,100
2020-09-10 09:25:00.130,4.684,2500
2020-09-10 09:25:00.130,4.684,300
2020-09-10 09:25:00.130,4.684,200
2020-09-10 09:25:00.130,4.684,146400
2020-09-10 09:25:00.130,4.684,1100
2020-09-10 09:25:00.130,4.684,180300
2020-09-10 09:25:00.130,4.684,2000
2020-09-10 09:25:00.130,4.684,1000
2020-09-10 09:25:00.130,4.684,216400
2020-09-10 09:25:00.130,4.684,2000
2020-09-10 09:25:00.130,4.684,18900
2020-09-10 09:25:00.130,4.684,1500
2020-09-10 09:25:00.130,4.684,3000
2020-09-10 09:25:00.130,4.684,1600
2020-09-10 09:25:00.130,4.684,6500
2020-09-10 09:25:00.130,4.684,3000
2020-09-10 09:25:00.130,4.684,5000
2020-09-10 09:25:00.130,4.684,10000
2020-09-10 09:25:00.130,4.684,11600
2020-09-10 09:25:00.130,4.684,35000
2020-09-10 09:25:00.130,4.684,1000
2020-09-10 09:25:00.130,4.684,5000
2020-09-10 09:25:00.130,4.684,3000
2020-09-10 09:25:00.130,4.684,5000
2020-09-10 09:25:00.130,4.684,120000
2020-09-10 09:25:00.130,4.684,29800
2020-09-10 09:25:00.130,4.684,26200
2020-09-10 09:25:00.130,4.684,2000
2020-09-10 09:25:00.130,4.684,23000
2020-09-10 09:25:00.130,4.684,2300
2020-09-10 09:25:00.130,4.684,1000
2020-09-10 09:25:00.130,4.684,29400
2020-09-10 09:25:00.130,4.684,56500
2020-09-10 09:25:00.130,4.684,100
2020-09-10 09:25:00.130,4.684,1400
2020-09-10 09:25:00.130,4.684,100
2020-09-10 09:25:00.130,4.684,500
2020-09-10 09:25:00.130,4.684,200
2020-09-10 09:25:00.130,4.684,3000
2020-09-10 09:25:00.130,4.684,100
2020-09-10 09:25:00.130,4.684,40000
2020-09-10 09:25:00.130,4.684,200
2020-09-10 09:25:00.130,4.684,52400
2020-09-10 09:25:00.130,4.684,50000
2020-09-10 09:25:00.130,4.684,343100
2020-09-10 09:25:00.130,4.684,2000
2020-09-10 09:25:00.130,4.684,2000
2020-09-10 09:25:00.130,4.684,3000
2020-09-10 09:25:00.130,4.684,10000
2020-09-10 09:25:00.130,4.684,17400
2020-09-10 09:25:00.130,4.684,65100
2020-09-10 09:25:00.130,4.684,105000
2020-09-10 09:25:00.130,4.684,11000
2020-09-10 09:25:00.130,4.684,127700
2020-09-10 09:25:00.130,4.684,9200
2020-09-10 09:25:00.130,4.684,19900
2020-09-10 09:25:00.130,4.684,10000
2020-09-10 09:25:00.130,4.684,2300
2020-09-10 09:25:00.130,4.684,100
2020-09-10 09:25:00.130,4.684,4000
2020-09-10 09:25:00.130,4.684,863800
2020-09-10 09:25:00.130,4.684,136200
2020-09-10 09:25:00.130,4.684,2000
2020-09-10 09:25:00.130,4.684,2500
2020-09-10 09:25:00.130,4.684,5000
2020-09-10 09:25:00.130,4.684,900
2020-09-10 09:25:00.130,4.684,5000
2020-09-10 09:25:00.130,4.684,1200
2020-09-10 09:25:00.130,4.684,9100
2020-09-10 09:25:00.130,4.684,11000
2020-09-10 09:25:00.130,4.684,4000
2020-09-10 09:25:00.130,4.684,5000
2020-09-10 09:25:00.130,4.684,4500
2020-09-10 09:25:00.130,4.684,100
2020-09-10 09:25:00.130,4.684,200
2020-09-10 09:25:00.130,4.684,10000
2020-09-10 09:25:00.130,4.684,117600
2020-09-10 09:25:00.130,4.684,300
2020-09-10 09:25:00.130,4.684,200
2020-09-10 09:25:00.130,4.684,3500
2020-09-10 09:25:00.130,4.684,700
2020-09-10 09:25:00.130,4.684,2000
2020-09-10 09:25:00.130,4.684,100
2020-09-10 09:25:00.130,4.684,3000
2020-09-10 09:25:00.130,4.684,200
2020-09-10 09:25:00.130,4.684,16600
2020-09-10 09:25:00.130,4.684,100
2020-09-10 09:25:00.130,4.684,2500
2020-09-10 09:25:00.130,4.684,10000
2020-09-10 09:25:00.130,4.684,2500
2020-09-10 09:25:00.130,4.684,30000
2020-09-10 09:25:00.130,4.684,2300
2020-09-10 09:25:00.130,4.684,2000
2020-09-10 09:25:00.130,4.684,5000
2020-09-10 09:25:00.130,4.684,8900
2020-09-10 09:25:00.130,4.684,10000
2020-09-10 09:25:00.130,4.684,3000
2020-09-10 09:25:00.130,4.684,300
2020-09-10 09:25:00.130,4.684,1000
2020-09-10 09:25:00.130,4.684,30000
2020-09-10 09:25:00.130,4.684,15400
2020-09-10 09:25:00.130,4.684,436100
2020-09-10 09:25:00.130,4.684,10000
2020-09-10 09:25:00.130,4.684,553900
2020-09-10 09:25:00.130,4.684,100
2020-09-10 09:25:00.130,4.684,1700
2020-09-10 09:25:00.130,4.684,2000
2020-09-10 09:25:00.130,4.684,5000
2020-09-10 09:25:00.130,4.684,1000
2020-09-10 09:25:00.130,4.684,5400
2020-09-10 09:25:00.130,4.684,1000
2020-09-10 09:25:00.130,4.684,10000
2020-09-10 09:25:00.130,4.684,3200
2020-09-10 09:25:00.130,4.684,200
2020-09-10 09:25:00.130,4.684,900
2020-09-10 09:25:00.130,4.684,200
2020-09-10 09:25:00.130,4.684,14000
2020-09-10 09:25:00.130,4.684,5000
2020-09-10 09:25:00.130,4.684,20000
2020-09-10 09:25:00.130,4.684,600
2020-09-10 09:25:00.130,4.684,1500
2020-09-10 09:25:00.130,4.684,5000
2020-09-10 09:25:00.130,4.684,100
2020-09-10 09:25:00.130,4.684,100000
2020-09-10 09:25:00.130,4.684,5000
2020-09-10 09:25:00.130,4.684,11000
2020-09-10 09:25:00.130,4.684,3600
2020-09-10 09:25:00.130,4.684,20000
2020-09-10 09:25:00.130,4.684,10000
2020-09-10 09:25:00.130,4.684,100
2020-09-10 09:25:00.130,4.684,5000
2020-09-10 09:25:00.130,4.684,2000
2020-09-10 09:25:00.130,4.684,5000
2020-09-10 09:25:00.130,4.684,3000
2020-09-10 09:25:00.130,4.684,104500
2020-09-10 09:25:00.130,4.684,45500
2020-09-10 09:25:00.130,4.684,2400
2020-09-10 09:25:00.130,4.684,3000
2020-09-10 09:25:00.130,4.684,216500
2020-09-10 09:25:00.130,4.684,2300
2020-09-10 09:30:00.050,4.685,100
2020-09-10 09:30:00.050,4.685,500
2020-09-10 09:30:00.050,4.685,10000
2020-09-10 09:30:00.050,4.685,11000
2020-09-10 09:30:00.050,4.685,200
2020-09-10 09:30:00.050,4.685,10000
2020-09-10 09:30:00.050,4.685,100
2020-09-10 09:30:00.050,4.685,10000
2020-09-10 09:30:00.050,4.685,10000
2020-09-10 09:30:00.050,4.685,10000
2020-09-10 09:30:00.050,4.685,3000
2020-09-10 09:30:00.050,4.685,30000
2020-09-10 09:30:00.050,4.685,200
2020-09-10 09:30:00.050,4.685,1200
2020-09-10 09:30:00.050,4.685,10000
2020-09-10 09:30:00.050,4.686,6000
2020-09-10 09:30:00.050,4.687,13000
2020-09-10 09:30:00.050,4.687,400
2020-09-10 09:30:00.050,4.687,100
2020-09-10 09:30:00.050,4.687,1800
2020-09-10 09:30:00.130,4.687,10000
2020-09-10 09:30:00.190,4.687,10000
2020-09-10 09:30:00.260,4.687,15000
2020-09-10 09:30:00.260,4.687,20000
2020-09-10 09:30:00.290,4.687,16000
2020-09-10 09:30:00.290,4.687,10100
2020-09-10 09:30:00.350,4.687,10000
2020-09-10 09:30:00.350,4.687,1100
2020-09-10 09:30:00.350,4.687,2000
2020-09-10 09:30:00.350,4.687,1100
2020-09-10 09:30:00.350,4.687,2100
2020-09-10 09:30:00.350,4.687,10000
2020-09-10 09:30:00.350,4.687,10000
2020-09-10 09:30:00.350,4.687,20000
2020-09-10 09:30:00.440,4.687,4000
2020-09-10 09:30:00.440,4.687,1100
2020-09-10 09:30:00.440,4.687,2000
2020-09-10 09:30:00.440,4.687,1100
2020-09-10 09:30:00.440,4.688,1600
2020-09-10 09:30:00.440,4.688,400
2020-09-10 09:30:00.440,4.688,7400
2020-09-10 09:30:00.440,4.688,400
2020-09-10 09:30:00.440,4.688,2200
2020-09-10 09:30:00.440,4.687,900
2020-09-10 09:30:00.570,4.687,10000
2020-09-10 09:30:00.570,4.688,2800
2020-09-10 09:30:00.570,4.688,2000
2020-09-10 09:30:00.570,4.688,100
2020-09-10 09:30:00.570,4.688,3100
2020-09-10 09:30:00.570,4.687,200
2020-09-10 09:30:00.570,4.687,30000
2020-09-10 09:30:00.680,4.687,2000
2020-09-10 09:30:00.680,4.688,10000
2020-09-10 09:30:00.840,4.687,5300
2020-09-10 09:30:00.840,4.687,1000
2020-09-10 09:30:00.840,4.688,5000
2020-09-10 09:30:00.900,4.687,200
2020-09-10 09:30:00.900,4.687,5000
2020-09-10 09:30:00.900,4.687,10000
2020-09-10 09:30:00.900,4.687,2000
2020-09-10 09:30:00.900,4.687,60000
2020-09-10 09:30:01.010,4.687,300
2020-09-10 09:30:01.010,4.688,5300
2020-09-10 09:30:01.010,4.687,7300
2020-09-10 09:30:01.010,4.687,15000
2020-09-10 09:30:01.010,4.687,2100
2020-09-10 09:30:01.010,4.687,2500
2020-09-10 09:30:01.010,4.687,473000
2020-09-10 09:30:01.010,4.686,200000
2020-09-10 09:30:01.010,4.686,20000
2020-09-10 09:30:01.010,4.686,100
2020-09-10 09:30:01.010,4.686,4000
2020-09-10 09:30:01.010,4.686,20500
2020-09-10 09:30:01.010,4.686,2000
2020-09-10 09:30:01.010,4.685,6000
2020-09-10 09:30:01.010,4.685,2500
2020-09-10 09:30:01.010,4.685,3000
2020-09-10 09:30:01.010,4.685,100
2020-09-10 09:30:01.010,4.685,2100
2020-09-10 09:30:01.010,4.685,100
2020-09-10 09:30:01.010,4.685,2500
2020-09-10 09:30:01.010,4.685,1500
2020-09-10 09:30:01.010,4.685,5000
2020-09-10 09:30:01.010,4.685,400
2020-09-10 09:30:01.010,4.685,10000
2020-09-10 09:30:01.010,4.685,1100
2020-09-10 09:30:01.010,4.685,10600
2020-09-10 09:30:01.010,4.684,235500
2020-09-10 09:30:01.010,4.688,10000
2020-09-10 09:30:01.130,4.688,4000
2020-09-10 09:30:01.130,4.688,500
2020-09-10 09:30:01.130,4.688,10000
2020-09-10 09:30:01.130,4.688,2000
2020-09-10 09:30:01.130,4.688,3500
2020-09-10 09:30:01.250,4.686,100
2020-09-10 09:30:01.250,4.687,2500
2020-09-10 09:30:01.250,4.686,9800
2020-09-10 09:30:01.250,4.687,12500
2020-09-10 09:30:01.250,4.687,42900
2020-09-10 09:30:01.250,4.688,26500
2020-09-10 09:30:01.250,4.688,5000
2020-09-10 09:30:01.250,4.688,40000
2020-09-10 09:30:01.250,4.688,10000
2020-09-10 09:30:01.250,4.688,1000
2020-09-10 09:30:01.250,4.688,300
2020-09-10 09:30:01.250,4.688,2000
2020-09-10 09:30:01.250,4.688,10000
2020-09-10 09:30:01.250,4.688,100
2020-09-10 09:30:01.250,4.688,400
2020-09-10 09:30:01.250,4.689,2300
2020-09-10 09:30:01.250,4.689,2600
2020-09-10 09:30:01.250,4.689,50000
2020-09-10 09:30:01.250,4.689,30000
2020-09-10 09:30:01.250,4.689,1000
2020-09-10 09:30:01.250,4.689,2000
2020-09-10 09:30:01.250,4.689,2000
2020-09-10 09:30:01.250,4.689,10000
2020-09-10 09:30:01.250,4.689,10000
2020-09-10 09:30:01.250,4.689,30000
2020-09-10 09:30:01.250,4.689,19400
2020-09-10 09:30:01.360,4.686,4900
2020-09-10 09:30:01.360,4.686,5200
2020-09-10 09:30:01.360,4.686,12000
2020-09-10 09:30:01.360,4.686,2000
2020-09-10 09:30:01.360,4.686,10800
2020-09-10 09:30:01.360,4.686,100
2020-09-10 09:30:01.360,4.686,100
2020-09-10 09:30:01.360,4.688,1000
2020-09-10 09:30:01.360,4.686,5000
2020-09-10 09:30:01.470,4.686,8100
2020-09-10 09:30:01.470,4.686,1000
2020-09-10 09:30:01.470,4.686,2000
2020-09-10 09:30:01.590,4.686,2000
2020-09-10 09:30:01.590,4.686,70900
2020-09-10 09:30:01.590,4.685,2000
2020-09-10 09:30:01.590,4.685,8000
2020-09-10 09:30:01.710,4.685,1500
2020-09-10 09:30:01.710,4.685,500
2020-09-10 09:30:01.930,4.685,4100
2020-09-10 09:30:01.930,4.685,1000
2020-09-10 09:30:01.930,4.685,1900
2020-09-10 09:30:02.040,4.685,100
2020-09-10 09:30:02.040,4.685,1000
2020-09-10 09:30:02.040,4.685,48900
2020-09-10 09:30:02.160,4.686,3500
2020-09-10 09:30:02.160,4.686,800
2020-09-10 09:30:02.160,4.687,700
2020-09-10 09:30:02.160,4.687,5000
2020-09-10 09:30:02.160,4.687,10000
2020-09-10 09:30:02.160,4.685,1500
2020-09-10 09:30:02.270,4.685,800
2020-09-10 09:30:02.270,4.685,30000
2020-09-10 09:30:02.270,4.685,900
2020-09-10 09:30:02.270,4.687,1000
2020-09-10 09:30:02.400,4.687,9000
2020-09-10 09:30:02.400,4.685,6000
2020-09-10 09:30:02.400,4.685,100
2020-09-10 09:30:02.400,4.685,9900
2020-09-10 09:30:02.400,4.687,2700
2020-09-10 09:30:02.520,4.685,1900
2020-09-10 09:30:02.520,4.685,600
2020-09-10 09:30:02.620,4.686,2100
2020-09-10 09:30:02.620,4.686,500
2020-09-10 09:30:02.620,4.687,500
2020-09-10 09:30:02.620,4.687,2500
2020-09-10 09:30:02.730,4.686,1400
2020-09-10 09:30:02.730,4.686,600
2020-09-10 09:30:02.850,4.687,20000
2020-09-10 09:30:02.850,4.686,9000
2020-09-10 09:30:02.960,4.687,300
2020-09-10 09:30:02.960,4.686,700
2020-09-10 09:30:02.960,4.686,11300
2020-09-10 09:30:02.960,4.686,6500
2020-09-10 09:30:02.960,4.686,3000
2020-09-10 09:30:02.960,4.685,900
2020-09-10 09:30:02.960,4.685,3000
2020-09-10 09:30:02.960,4.685,5000
2020-09-10 09:30:02.960,4.685,1000
2020-09-10 09:30:02.960,4.685,2000
2020-09-10 09:30:02.960,4.685,10000
2020-09-10 09:30:02.960,4.685,1800
2020-09-10 09:30:03.070,4.685,1100
2020-09-10 09:30:03.070,4.685,5100
2020-09-10 09:30:03.070,4.685,4000
2020-09-10 09:30:03.070,4.685,29800
2020-09-10 09:30:03.070,4.685,1000
2020-09-10 09:30:03.070,4.686,8500
2020-09-10 09:30:03.070,4.686,600
2020-09-10 09:30:03.190,4.686,2800
2020-09-10 09:30:03.190,4.685,1000
2020-09-10 09:30:03.190,4.686,100
2020-09-10 09:30:03.190,4.685,2500
2020-09-10 09:30:03.190,4.686,4300
2020-09-10 09:30:03.320,4.685,15200
2020-09-10 09:30:03.320,4.685,1000
2020-09-10 09:30:03.320,4.685,5000
2020-09-10 09:30:03.320,4.685,1200
2020-09-10 09:30:03.320,4.685,5000
2020-09-10 09:30:03.320,4.685,2600
2020-09-10 09:30:03.320,4.685,200
2020-09-10 09:30:03.320,4.685,200
2020-09-10 09:30:03.320,4.685,200
2020-09-10 09:30:03.320,4.685,200
2020-09-10 09:30:03.320,4.685,6600
2020-09-10 09:30:03.320,4.685,1000
2020-09-10 09:30:03.320,4.685,6100
2020-09-10 09:30:03.320,4.686,500
2020-09-10 09:30:03.320,4.685,1400
2020-09-10 09:30:03.320,4.685,300
2020-09-10 09:30:03.440,4.686,3800
2020-09-10 09:30:03.440,4.685,2000
2020-09-10 09:30:03.440,4.686,18200
2020-09-10 09:30:03.440,4.687,13900
2020-09-10 09:30:03.440,4.685,24700
2020-09-10 09:30:03.440,4.685,900
2020-09-10 09:30:03.440,4.685,7100
2020-09-10 09:30:03.550,4.687,4400
2020-09-10 09:30:03.550,4.687,2000
2020-09-10 09:30:03.550,4.687,27300
2020-09-10 09:30:03.550,4.687,60000
2020-09-10 09:30:03.550,4.687,4700
2020-09-10 09:30:03.550,4.688,55400
2020-09-10 09:30:03.550,4.685,22900
2020-09-10 09:30:03.550,4.685,100
2020-09-10 09:30:03.550,4.685,100
2020-09-10 09:30:03.550,4.685,20000
2020-09-10 09:30:03.550,4.685,3000
2020-09-10 09:30:03.550,4.685,15400
2020-09-10 09:30:03.550,4.688,2300
2020-09-10 09:30:03.550,4.688,2000
2020-09-10 09:30:03.550,4.688,5500
2020-09-10 09:30:03.550,4.688,200
2020-09-10 09:30:03.680,4.688,2100
2020-09-10 09:30:03.800,4.685,4600
2020-09-10 09:30:03.800,4.685,100
2020-09-10 09:30:03.800,4.685,100
2020-09-10 09:30:03.800,4.685,2000
2020-09-10 09:30:03.800,4.685,100
2020-09-10 09:30:03.800,4.685,1000
2020-09-10 09:30:03.800,4.685,100
2020-09-10 09:30:03.800,4.685,400
2020-09-10 09:30:03.800,4.685,6600
2020-09-10 09:30:03.800,4.688,3500
2020-09-10 09:30:03.800,4.688,8500
2020-09-10 09:30:03.930,4.687,3000
2020-09-10 09:30:03.930,4.688,16500
2020-09-10 09:30:03.930,4.688,500
2020-09-10 09:30:03.930,4.685,3800
2020-09-10 09:30:03.930,4.685,2500
2020-09-10 09:30:03.930,4.686,2000
2020-09-10 09:30:03.930,4.685,3000
2020-09-10 09:30:03.930,4.686,1600
2020-09-10 09:30:03.930,4.685,2500
2020-09-10 09:30:04.050,4.686,8400
2020-09-10 09:30:04.050,4.688,1600
2020-09-10 09:30:04.050,4.685,100
2020-09-10 09:30:04.050,4.685,100
2020-09-10 09:30:04.050,4.685,2000
2020-09-10 09:30:04.170,4.685,3000
2020-09-10 09:30:04.280,4.685,500
2020-09-10 09:30:04.410,4.685,100
2020-09-10 09:30:04.410,4.685,3700
2020-09-10 09:30:04.410,4.687,2700
2020-09-10 09:30:04.520,4.685,19700
2020-09-10 09:30:04.700,4.685,10000
2020-09-10 09:30:04.700,4.685,7900
2020-09-10 09:30:04.700,4.685,400
2020-09-10 09:30:04.700,4.685,400
2020-09-10 09:30:04.700,4.685,100
2020-09-10 09:30:04.700,4.685,2800
2020-09-10 09:30:04.700,4.685,1700
2020-09-10 09:30:04.750,4.687,2300
2020-09-10 09:30:04.750,4.687,2700
2020-09-10 09:30:04.750,4.685,100
2020-09-10 09:30:04.750,4.685,5000
2020-09-10 09:30:04.750,4.685,2000
2020-09-10 09:30:04.880,4.687,2000
2020-09-10 09:30:04.880,4.686,2500
2020-09-10 09:30:04.880,4.686,800
2020-09-10 09:30:04.880,4.686,1200
2020-09-10 09:30:04.880,4.687,300
2020-09-10 09:30:04.880,4.687,500
2020-09-10 09:30:04.880,4.688,3600
2020-09-10 09:30:04.990,4.686,2000
2020-09-10 09:30:05.110,4.686,2000
2020-09-10 09:30:05.110,4.686,10000
2020-09-10 09:30:05.110,4.686,1000
2020-09-10 09:30:05.110,4.686,2200
2020-09-10 09:30:05.110,4.688,1300
2020-09-10 09:30:05.110,4.688,600
2020-09-10 09:30:05.110,4.688,1100
2020-09-10 09:30:05.110,4.686,10000
2020-09-10 09:30:05.110,4.688,4900
2020-09-10 09:30:05.110,4.688,7700
2020-09-10 09:30:05.110,4.688,800
2020-09-10 09:30:05.110,4.688,200
2020-09-10 09:30:05.110,4.688,3000
2020-09-10 09:30:05.110,4.688,13400
2020-09-10 09:30:05.240,4.686,1000
2020-09-10 09:30:05.240,4.688,2300
2020-09-10 09:30:05.240,4.688,3000
2020-09-10 09:30:05.350,4.686,10000
2020-09-10 09:30:05.480,4.688,4400
2020-09-10 09:30:05.590,4.687,200
2020-09-10 09:30:05.590,4.688,2000
2020-09-10 09:30:05.590,4.687,19000
2020-09-10 09:30:05.590,4.687,400
2020-09-10 09:30:05.670,4.687,2800
2020-09-10 09:30:05.670,4.688,20000
2020-09-10 09:30:05.670,4.687,9300
2020-09-10 09:30:05.670,4.687,2000
2020-09-10 09:30:05.670,4.686,7300
2020-09-10 09:30:05.670,4.686,20000
2020-09-10 09:30:05.670,4.686,700
2020-09-10 09:30:05.670,4.686,50000
2020-09-10 09:30:05.670,4.686,5000
2020-09-10 09:30:05.670,4.686,287900
2020-09-10 09:30:05.670,4.686,200
2020-09-10 09:30:05.670,4.688,10000
2020-09-10 09:30:05.670,4.688,6600
2020-09-10 09:30:05.670,4.687,10000
2020-09-10 09:30:05.670,4.686,75000
2020-09-10 09:30:05.780,4.687,5600
2020-09-10 09:30:05.780,4.686,236900
2020-09-10 09:30:05.780,4.686,2100
2020-09-10 09:30:05.780,4.686,5000
2020-09-10 09:30:05.780,4.686,11400
2020-09-10 09:30:05.780,4.685,139000
2020-09-10 09:30:05.780,4.685,200
2020-09-10 09:30:05.780,4.685,700
2020-09-10 09:30:05.780,4.685,400
2020-09-10 09:30:05.780,4.685,10000
2020-09-10 09:30:05.780,4.685,4100
2020-09-10 09:30:05.780,4.685,7500
2020-09-10 09:30:05.780,4.685,21300
2020-09-10 09:30:05.780,4.685,8600
2020-09-10 09:30:05.780,4.685,100
2020-09-10 09:30:05.780,4.685,39900
2020-09-10 09:30:05.780,4.685,1000
2020-09-10 09:30:05.780,4.685,3000
2020-09-10 09:30:05.780,4.685,1000
2020-09-10 09:30:05.780,4.685,200
2020-09-10 09:30:05.780,4.685,7500
2020-09-10 09:30:05.780,4.685,100
2020-09-10 09:30:05.780,4.685,100
2020-09-10 09:30:05.780,4.685,100
2020-09-10 09:30:05.780,4.685,1200
2020-09-10 09:30:05.780,4.685,100
2020-09-10 09:30:05.780,4.685,500
2020-09-10 09:30:05.780,4.685,1000
2020-09-10 09:30:05.780,4.685,10000
2020-09-10 09:30:05.780,4.685,200
2020-09-10 09:30:05.780,4.685,5000
2020-09-10 09:30:05.780,4.685,10000
2020-09-10 09:30:05.780,4.685,100
2020-09-10 09:30:05.780,4.685,900
2020-09-10 09:30:05.780,4.685,100
2020-09-10 09:30:05.780,4.685,700
2020-09-10 09:30:05.780,4.685,30000
2020-09-10 09:30:05.780,4.685,500
2020-09-10 09:30:05.780,4.685,2700
2020-09-10 09:30:05.780,4.685,5000
2020-09-10 09:30:05.780,4.685,426200
2020-09-10 09:30:05.930,4.686,3000
2020-09-10 09:30:05.930,4.686,100
2020-09-10 09:30:05.930,4.686,4000
2020-09-10 09:30:05.930,4.687,1400
2020-09-10 09:30:05.930,4.687,1600
2020-09-10 09:30:05.930,4.688,4300
2020-09-10 09:30:05.930,4.686,3300
2020-09-10 09:30:05.930,4.686,5000
2020-09-10 09:30:05.930,4.686,40000
2020-09-10 09:30:05.930,4.685,55500
2020-09-10 09:30:06.050,4.685,2000
2020-09-10 09:30:06.050,4.685,1000
2020-09-10 09:30:06.160,4.687,10000
2020-09-10 09:30:06.160,4.686,1000
2020-09-10 09:30:06.160,4.686,1000
2020-09-10 09:30:06.160,4.686,26000
2020-09-10 09:30:06.160,4.686,1000
2020-09-10 09:30:06.160,4.687,15000
2020-09-10 09:30:06.240,4.687,200
2020-09-10 09:30:06.240,4.686,80200
2020-09-10 09:30:06.240,4.685,29000
2020-09-10 09:30:06.240,4.685,10000
2020-09-10 09:30:06.300,4.688,1000
2020-09-10 09:30:06.300,4.688,11000
2020-09-10 09:30:06.300,4.685,3800
2020-09-10 09:30:06.300,4.685,100
2020-09-10 09:30:06.460,4.685,10000
2020-09-10 09:30:06.540,4.686,2000
2020-09-10 09:30:06.540,4.688,48000
2020-09-10 09:30:06.590,4.685,500
2020-09-10 09:30:06.630,4.685,16500
2020-09-10 09:30:06.630,4.686,2000
2020-09-10 09:30:06.660,4.685,200
2020-09-10 09:30:06.750,4.685,5000
2020-09-10 09:30:06.810,4.686,12000
2020-09-10 09:30:06.810,4.685,1000
2020-09-10 09:30:06.850,4.685,39200
2020-09-10 09:30:06.850,4.685,500000
2020-09-10 09:30:06.850,4.685,100
2020-09-10 09:30:06.850,4.685,100
2020-09-10 09:30:06.850,4.685,3000
2020-09-10 09:30:06.850,4.685,200
2020-09-10 09:30:06.850,4.685,6000
2020-09-10 09:30:06.850,4.685,2000
2020-09-10 09:30:06.850,4.685,100
2020-09-10 09:30:06.850,4.685,1000
2020-09-10 09:30:06.850,4.685,100000
2020-09-10 09:30:06.850,4.685,40000
2020-09-10 09:30:06.850,4.685,1000
2020-09-10 09:30:06.850,4.685,1000
2020-09-10 09:30:06.850,4.685,100
2020-09-10 09:30:06.850,4.685,2000
2020-09-10 09:30:06.850,4.685,50000
2020-09-10 09:30:06.850,4.685,100
2020-09-10 09:30:06.850,4.685,200
2020-09-10 09:30:06.850,4.685,25800
2020-09-10 09:30:06.850,4.685,200
2020-09-10 09:30:06.850,4.685,100
2020-09-10 09:30:06.850,4.685,500
2020-09-10 09:30:06.850,4.685,3000
2020-09-10 09:30:06.850,4.685,200
2020-09-10 09:30:06.850,4.685,700
2020-09-10 09:30:06.850,4.685,100
2020-09-10 09:30:06.850,4.685,100
2020-09-10 09:30:06.850,4.685,1000
2020-09-10 09:30:06.850,4.685,200
2020-09-10 09:30:06.850,4.685,2000
2020-09-10 09:30:06.850,4.685,3000
2020-09-10 09:30:06.850,4.685,200
2020-09-10 09:30:06.850,4.685,200
2020-09-10 09:30:06.850,4.685,1000
2020-09-10 09:30:06.850,4.685,5000
2020-09-10 09:30:06.850,4.685,200
2020-09-10 09:30:06.850,4.685,4300
2020-09-10 09:30:06.850,4.685,3000
2020-09-10 09:30:06.850,4.685,100
2020-09-10 09:30:06.850,4.685,50000
2020-09-10 09:30:06.850,4.685,109100
2020-09-10 09:30:06.850,4.685,10000
2020-09-10 09:30:06.850,4.685,3000
2020-09-10 09:30:06.850,4.685,200
2020-09-10 09:30:06.850,4.685,100
2020-09-10 09:30:06.850,4.685,1000
2020-09-10 09:30:06.850,4.685,2000
2020-09-10 09:30:06.850,4.685,27600
2020-09-10 09:30:06.850,4.685,17900
2020-09-10 09:30:06.850,4.685,3000
2020-09-10 09:30:07.000,4.686,50000
2020-09-10 09:30:07.000,4.686,50000
2020-09-10 09:30:07.000,4.685,2000
2020-09-10 09:30:07.060,4.685,4000
2020-09-10 09:30:07.060,4.686,700
2020-09-10 09:30:07.060,4.686,700
2020-09-10 09:30:07.060,4.686,1000
2020-09-10 09:30:07.180,4.685,1000
2020-09-10 09:30:07.340,4.685,25000
2020-09-10 09:30:07.380,4.685,4500
2020-09-10 09:30:07.410,4.685,1100
2020-09-10 09:30:07.450,4.685,1000
2020-09-10 09:30:07.480,4.686,12900
2020-09-10 09:30:07.520,4.685,93000
2020-09-10 09:30:07.520,4.686,10000
2020-09-10 09:30:07.520,4.685,1900
2020-09-10 09:30:07.550,4.686,23800
2020-09-10 09:30:07.550,4.686,300
2020-09-10 09:30:07.550,4.687,200000
2020-09-10 09:30:07.550,4.688,4000
2020-09-10 09:30:07.550,4.688,3700
2020-09-10 09:30:07.550,4.688,600
2020-09-10 09:30:07.550,4.688,1800
2020-09-10 09:30:07.550,4.688,10000
2020-09-10 09:30:07.550,4.688,2000
2020-09-10 09:30:07.550,4.688,10000
2020-09-10 09:30:07.550,4.688,62800
2020-09-10 09:30:07.660,4.688,2800
2020-09-10 09:30:07.730,4.687,200
2020-09-10 09:30:07.730,4.687,300
2020-09-10 09:30:07.880,4.687,5000
2020-09-10 09:30:07.880,4.688,32000
2020-09-10 09:30:07.880,4.688,100
2020-09-10 09:30:07.960,4.687,100000
2020-09-10 09:30:07.960,4.687,10000
2020-09-10 09:30:07.960,4.687,5000
2020-09-10 09:30:07.960,4.688,200
2020-09-10 09:30:07.990,4.687,10000
2020-09-10 09:30:08.060,4.688,323600
2020-09-10 09:30:08.060,4.688,60000
2020-09-10 09:30:08.060,4.688,30000
2020-09-10 09:30:08.060,4.688,500
2020-09-10 09:30:08.060,4.688,410800
2020-09-10 09:30:08.060,4.688,30000
2020-09-10 09:30:08.100,4.688,45100
2020-09-10 09:30:08.100,4.687,4900
2020-09-10 09:30:08.130,4.689,81300
2020-09-10 09:30:08.130,4.689,10000
2020-09-10 09:30:08.130,4.689,10000
2020-09-10 09:30:08.130,4.689,100
2020-09-10 09:30:08.130,4.689,2000
2020-09-10 09:30:08.130,4.689,10000
2020-09-10 09:30:08.130,4.689,1000
2020-09-10 09:30:08.130,4.689,5000
2020-09-10 09:30:08.130,4.689,10000
2020-09-10 09:30:08.130,4.689,20000
2020-09-10 09:30:08.130,4.689,20000
2020-09-10 09:30:08.130,4.689,1500
2020-09-10 09:30:08.130,4.689,2300
2020-09-10 09:30:08.130,4.689,5000
2020-09-10 09:30:08.130,4.689,3000
2020-09-10 09:30:08.130,4.689,29000
2020-09-10 09:30:08.130,4.689,500
2020-09-10 09:30:08.130,4.689,2000
2020-09-10 09:30:08.130,4.689,5000
2020-09-10 09:30:08.130,4.689,8000
2020-09-10 09:30:08.130,4.689,5000
2020-09-10 09:30:08.130,4.689,100
2020-09-10 09:30:08.130,4.689,7700
2020-09-10 09:30:08.130,4.689,2500
2020-09-10 09:30:08.130,4.689,122500
2020-09-10 09:30:08.130,4.689,5000
2020-09-10 09:30:08.130,4.689,350000
2020-09-10 09:30:08.130,4.689,1000
2020-09-10 09:30:08.130,4.689,5000
2020-09-10 09:30:08.130,4.689,5000
2020-09-10 09:30:08.130,4.689,300
2020-09-10 09:30:08.130,4.689,500
2020-09-10 09:30:08.130,4.689,4200
2020-09-10 09:30:08.130,4.689,500
2020-09-10 09:30:08.130,4.689,2000
2020-09-10 09:30:08.130,4.689,45900
2020-09-10 09:30:08.130,4.69,100
2020-09-10 09:30:08.130,4.69,2100
2020-09-10 09:30:08.130,4.69,3500
2020-09-10 09:30:08.130,4.69,200
2020-09-10 09:30:08.130,4.69,40000
2020-09-10 09:30:08.130,4.69,40000
2020-09-10 09:30:08.130,4.69,500
2020-09-10 09:30:08.130,4.69,500
2020-09-10 09:30:08.130,4.69,200
2020-09-10 09:30:08.130,4.69,3000
2020-09-10 09:30:08.130,4.69,200
2020-09-10 09:30:08.130,4.69,100
2020-09-10 09:30:08.130,4.69,2000
2020-09-10 09:30:08.130,4.69,4200
2020-09-10 09:30:08.130,4.69,100
2020-09-10 09:30:08.130,4.69,10000
2020-09-10 09:30:08.130,4.69,5000
2020-09-10 09:30:08.130,4.69,3700
2020-09-10 09:30:08.130,4.69,500
2020-09-10 09:30:08.130,4.69,1200
2020-09-10 09:30:08.350,4.687,2000
2020-09-10 09:30:08.350,4.69,2200
2020-09-10 09:30:08.350,4.69,500
2020-09-10 09:30:08.350,4.69,2100
2020-09-10 09:30:08.350,4.69,5000
2020-09-10 09:30:08.350,4.69,4400
2020-09-10 09:30:08.350,4.69,1000
2020-09-10 09:30:08.350,4.69,200
2020-09-10 09:30:08.350,4.69,1000
2020-09-10 09:30:08.350,4.69,5000
2020-09-10 09:30:08.350,4.69,16500
2020-09-10 09:30:08.350,4.69,100
2020-09-10 09:30:08.350,4.69,3000
2020-09-10 09:30:08.350,4.69,2000
2020-09-10 09:30:08.350,4.69,100
2020-09-10 09:30:08.350,4.69,23600
2020-09-10 09:30:08.350,4.69,300
2020-09-10 09:30:08.350,4.69,20000
2020-09-10 09:30:08.350,4.69,300
2020-09-10 09:30:08.350,4.69,2000
2020-09-10 09:30:08.350,4.69,3000
2020-09-10 09:30:08.350,4.69,3600
2020-09-10 09:30:08.350,4.691,800
2020-09-10 09:30:08.350,4.691,500
2020-09-10 09:30:08.350,4.691,100
2020-09-10 09:30:08.350,4.691,5000
2020-09-10 09:30:08.350,4.691,200
2020-09-10 09:30:08.350,4.691,3500
2020-09-10 09:30:08.520,4.687,600
2020-09-10 09:30:08.650,4.687,50000
2020-09-10 09:30:08.770,4.687,3000
2020-09-10 09:30:08.770,4.687,3000
2020-09-10 09:30:08.770,4.687,500
2020-09-10 09:30:08.860,4.688,1000
2020-09-10 09:30:08.860,4.688,1000
2020-09-10 09:30:09.020,4.689,3000
2020-09-10 09:30:09.020,4.688,61200
2020-09-10 09:30:09.090,4.688,20000
2020-09-10 09:30:09.230,4.688,100
2020-09-10 09:30:09.230,4.688,10700
2020-09-10 09:30:09.450,4.688,20000
2020-09-10 09:30:09.640,4.688,32500
2020-09-10 09:30:09.780,4.688,1000
2020-09-10 09:30:09.970,4.688,395300
2020-09-10 09:30:10.030,4.688,4000
2020-09-10 09:30:10.030,4.688,1400
2020-09-10 09:30:10.100,4.688,38300
2020-09-10 09:30:10.190,4.689,30000
2020-09-10 09:30:10.190,4.689,11100
2020-09-10 09:30:10.220,4.688,500
2020-09-10 09:30:10.290,4.688,2500
2020-09-10 09:30:10.690,4.689,10000
2020-09-10 09:30:10.720,4.688,60000
2020-09-10 09:30:10.840,4.688,25000
2020-09-10 09:30:10.930,4.688,197200
2020-09-10 09:30:10.960,4.688,28300
2020-09-10 09:30:10.960,4.688,33500
2020-09-10 09:30:10.990,4.688,200
2020-09-10 09:30:11.170,4.689,700
2020-09-10 09:30:11.170,4.69,1100
2020-09-10 09:30:11.170,4.69,300000
2020-09-10 09:30:11.170,4.69,300000
2020-09-10 09:30:11.170,4.69,298200
2020-09-10 09:30:11.260,4.688,1300
2020-09-10 09:30:11.290,4.688,2200
2020-09-10 09:30:11.320,4.688,5000
2020-09-10 09:30:11.550,4.688,10000
2020-09-10 09:30:11.550,4.688,10000
2020-09-10 09:30:11.580,4.688,20000
2020-09-10 09:30:11.580,4.688,6000
2020-09-10 09:30:11.850,4.688,60000
2020-09-10 09:30:11.970,4.688,3000
2020-09-10 09:30:12.190,4.688,2500
2020-09-10 09:30:12.350,4.688,10900
2020-09-10 09:30:12.380,4.688,10500
2020-09-10 09:30:12.670,4.688,32900
2020-09-10 09:30:12.670,4.688,9400
2020-09-10 09:30:12.670,4.688,400
2020-09-10 09:30:13.190,4.688,300
2020-09-10 09:30:13.480,4.686,4600
2020-09-10 09:30:13.750,4.686,30000
2020-09-10 09:30:14.450,4.686,10000
2020-09-10 09:30:14.550,4.688,20000
2020-09-10 09:30:14.910,4.686,5400
2020-09-10 09:30:14.910,4.686,6500
2020-09-10 09:30:14.930,4.686,4000
2020-09-10 09:30:15.450,4.688,137000
2020-09-10 09:30:15.450,4.688,4100
2020-09-10 09:30:15.450,4.688,3000
2020-09-10 09:30:15.450,4.689,1000
2020-09-10 09:30:15.450,4.689,10000
2020-09-10 09:30:15.450,4.69,1700
2020-09-10 09:30:15.450,4.69,500
2020-09-10 09:30:15.450,4.69,60000
2020-09-10 09:30:15.450,4.69,5000
2020-09-10 09:30:15.450,4.69,5000
2020-09-10 09:30:15.450,4.691,6500
2020-09-10 09:30:15.450,4.691,150000
2020-09-10 09:30:15.450,4.691,1900
2020-09-10 09:30:15.450,4.691,200
2020-09-10 09:30:15.450,4.691,1300
2020-09-10 09:30:15.450,4.691,2000
2020-09-10 09:30:15.450,4.691,200
2020-09-10 09:30:15.450,4.691,200
2020-09-10 09:30:15.450,4.691,200
2020-09-10 09:30:15.450,4.691,200
2020-09-10 09:30:15.450,4.691,200
2020-09-10 09:30:15.450,4.691,200
2020-09-10 09:30:15.450,4.691,500
2020-09-10 09:30:15.450,4.691,2600
2020-09-10 09:30:15.450,4.691,1100
2020-09-10 09:30:15.480,4.686,15000
2020-09-10 09:30:16.660,4.687,2400
2020-09-10 09:30:16.660,4.688,1100
2020-09-10 09:30:16.860,4.686,500
2020-09-10 09:30:16.860,4.686,700
2020-09-10 09:30:16.860,4.686,1000
2020-09-10 09:30:17.310,4.688,1900
2020-09-10 09:30:17.310,4.688,200
2020-09-10 09:30:17.310,4.688,1000
2020-09-10 09:30:17.310,4.688,60000
2020-09-10 09:30:17.310,4.688,50000
2020-09-10 09:30:17.310,4.688,25000
2020-09-10 09:30:17.700,4.688,10000
2020-09-10 09:30:18.680,4.688,50900
2020-09-10 09:30:19.230,4.688,5000
2020-09-10 09:30:19.330,4.688,1000
2020-09-10 09:30:19.360,4.688,10600
2020-09-10 09:30:19.420,4.689,3000
2020-09-10 09:30:19.420,4.689,2000
2020-09-10 09:30:19.420,4.688,62100
2020-09-10 09:30:19.560,4.688,2500
2020-09-10 09:30:19.940,4.688,10800
2020-09-10 09:30:20.090,4.689,100
2020-09-10 09:30:20.120,4.688,40000
2020-09-10 09:30:20.450,4.688,200000
2020-09-10 09:30:20.710,4.688,10000
2020-09-10 09:30:20.740,4.688,2500
2020-09-10 09:30:21.040,4.688,500
2020-09-10 09:30:21.100,4.688,1600
2020-09-10 09:30:21.290,4.689,10000
2020-09-10 09:30:21.960,4.688,1000
2020-09-10 09:30:21.960,4.688,2200
2020-09-10 09:30:22.110,4.689,200
2020-09-10 09:30:22.330,4.689,17700
2020-09-10 09:30:22.330,4.689,10000
2020-09-10 09:30:22.330,4.689,46300
2020-09-10 09:30:22.330,4.689,14600
2020-09-10 09:30:22.330,4.689,60000
2020-09-10 09:30:22.330,4.689,20000
2020-09-10 09:30:22.330,4.689,2500
2020-09-10 09:30:22.330,4.689,5000
2020-09-10 09:30:22.330,4.689,1000
2020-09-10 09:30:22.480,4.689,20000
2020-09-10 09:30:22.750,4.689,10000
2020-09-10 09:30:22.750,4.689,4400
2020-09-10 09:30:23.760,4.689,15900
2020-09-10 09:30:23.760,4.689,60000
2020-09-10 09:30:23.760,4.689,2000
2020-09-10 09:30:24.300,4.689,610600
2020-09-10 09:30:24.300,4.689,3000
2020-09-10 09:30:24.300,4.689,5000
2020-09-10 09:30:24.300,4.689,381400
2020-09-10 09:30:24.760,4.689,10000
2020-09-10 09:30:24.940,4.689,17000
2020-09-10 09:30:25.410,4.689,200
2020-09-10 09:30:25.410,4.689,20000
2020-09-10 09:30:25.830,4.689,100
2020-09-10 09:30:25.830,4.689,1000
2020-09-10 09:30:25.830,4.689,8900
2020-09-10 09:30:26.820,4.689,1400
2020-09-10 09:30:26.820,4.689,4800
2020-09-10 09:30:26.820,4.689,100
2020-09-10 09:30:26.820,4.689,3000
2020-09-10 09:30:26.940,4.688,3000
2020-09-10 09:30:27.400,4.689,2000
2020-09-10 09:30:27.400,4.688,10000
2020-09-10 09:30:27.660,4.689,12300
2020-09-10 09:30:27.660,4.69,5500
2020-09-10 09:30:27.660,4.69,5000
2020-09-10 09:30:27.660,4.69,5000
2020-09-10 09:30:27.660,4.69,50000
2020-09-10 09:30:27.660,4.69,5100
2020-09-10 09:30:27.660,4.69,10000
2020-09-10 09:30:27.660,4.69,60000
2020-09-10 09:30:27.660,4.69,15000
2020-09-10 09:30:27.660,4.69,1000
2020-09-10 09:30:28.060,4.69,1000
2020-09-10 09:30:28.520,4.69,10000
2020-09-10 09:30:28.640,4.69,100
2020-09-10 09:30:28.700,4.69,60000
2020-09-10 09:30:29.160,4.69,100
2020-09-10 09:30:29.160,4.69,359900
2020-09-10 09:30:29.160,4.69,10000
2020-09-10 09:30:29.160,4.69,100
2020-09-10 09:30:29.190,4.69,800
2020-09-10 09:30:29.190,4.69,26600
2020-09-10 09:30:29.700,4.69,60000
2020-09-10 09:30:30.040,4.69,3000
2020-09-10 09:30:30.230,4.691,5000
2020-09-10 09:30:30.230,4.691,150000
2020-09-10 09:30:30.230,4.691,57500
2020-09-10 09:30:30.230,4.691,4100
2020-09-10 09:30:30.230,4.691,10000
2020-09-10 09:30:30.330,4.691,5500
2020-09-10 09:30:30.430,4.691,10000
2020-09-10 09:30:30.640,4.691,5000
2020-09-10 09:30:30.830,4.691,60000
2020-09-10 09:30:31.550,4.691,2300
2020-09-10 09:30:31.760,4.691,60000
2020-09-10 09:30:31.940,4.691,2000
2020-09-10 09:30:31.970,4.691,35600
2020-09-10 09:30:32.560,4.691,2600
2020-09-10 09:30:32.620,4.691,1900
2020-09-10 09:30:32.620,4.691,21400
2020-09-10 09:30:32.620,4.691,61400
2020-09-10 09:30:32.820,4.691,10000
2020-09-10 09:30:32.950,4.691,1000
2020-09-10 09:30:33.190,4.692,430000
2020-09-10 09:30:33.190,4.692,700
2020-09-10 09:30:33.190,4.692,5000
2020-09-10 09:30:33.190,4.692,2000
2020-09-10 09:30:33.190,4.692,300
2020-09-10 09:30:33.190,4.692,5000
2020-09-10 09:30:33.190,4.692,1700
2020-09-10 09:30:33.190,4.692,5000
2020-09-10 09:30:33.190,4.692,10000
2020-09-10 09:30:33.190,4.692,1000
2020-09-10 09:30:33.190,4.692,2000
2020-09-10 09:30:33.190,4.692,8700
2020-09-10 09:30:33.260,4.691,500
2020-09-10 09:30:33.350,4.691,94200
2020-09-10 09:30:33.350,4.691,9500
2020-09-10 09:30:33.450,4.691,2000
2020-09-10 09:30:33.580,4.691,86000
2020-09-10 09:30:33.920,4.691,3000
2020-09-10 09:30:34.150,4.691,5000
2020-09-10 09:30:34.460,4.692,50000
2020-09-10 09:30:34.590,4.691,6600
2020-09-10 09:30:34.690,4.691,10000
2020-09-10 09:30:35.020,4.692,41300
2020-09-10 09:30:35.020,4.692,1000
2020-09-10 09:30:35.020,4.692,4000
2020-09-10 09:30:35.020,4.692,5000
2020-09-10 09:30:35.020,4.692,1000
2020-09-10 09:30:35.020,4.692,2500
2020-09-10 09:30:35.020,4.692,1000
2020-09-10 09:30:35.020,4.692,30100
2020-09-10 09:30:35.560,4.692,20000
2020-09-10 09:30:35.770,4.692,232300
2020-09-10 09:30:35.770,4.692,400
2020-09-10 09:30:35.770,4.691,100
2020-09-10 09:30:35.770,4.691,100000
2020-09-10 09:30:35.770,4.691,5600
2020-09-10 09:30:35.770,4.691,300000
2020-09-10 09:30:35.770,4.691,300000
2020-09-10 09:30:35.770,4.691,500
2020-09-10 09:30:35.770,4.691,2000
2020-09-10 09:30:35.770,4.69,9500
2020-09-10 09:30:35.770,4.69,3500
2020-09-10 09:30:35.770,4.69,300
2020-09-10 09:30:35.770,4.69,500
2020-09-10 09:30:35.770,4.69,7500
2020-09-10 09:30:35.770,4.69,37800
2020-09-10 09:30:35.770,4.69,20000
2020-09-10 09:30:35.890,4.691,3000
2020-09-10 09:30:36.250,4.691,100
2020-09-10 09:30:36.320,4.692,700
2020-09-10 09:30:36.320,4.69,3800
2020-09-10 09:30:36.320,4.69,10000
2020-09-10 09:30:37.080,4.691,100
2020-09-10 09:30:37.470,4.69,10000
2020-09-10 09:30:37.680,4.691,2100
2020-09-10 09:30:37.680,4.691,24700
2020-09-10 09:30:38.160,4.691,700
2020-09-10 09:30:38.160,4.691,800
2020-09-10 09:30:38.440,4.691,500
2020-09-10 09:30:39.020,4.691,20000
2020-09-10 09:30:39.480,4.692,300
2020-09-10 09:30:39.740,4.691,100
2020-09-10 09:30:39.740,4.691,3400
2020-09-10 09:30:39.740,4.691,100
2020-09-10 09:30:39.740,4.69,96400
2020-09-10 09:30:39.810,4.69,2000
2020-09-10 09:30:40.130,4.691,300
2020-09-10 09:30:40.130,4.691,4000
2020-09-10 09:30:40.160,4.691,500
2020-09-10 09:30:40.310,4.691,1400
2020-09-10 09:30:40.780,4.69,15000
2020-09-10 09:30:40.930,4.691,5600
2020-09-10 09:30:41.050,4.691,2100
2020-09-10 09:30:41.080,4.691,200
2020-09-10 09:30:41.230,4.69,600
2020-09-10 09:30:41.320,4.691,100
2020-09-10 09:30:42.190,4.69,500
2020-09-10 09:30:42.190,4.69,1000
2020-09-10 09:30:42.190,4.69,100
2020-09-10 09:30:42.190,4.69,9900
2020-09-10 09:30:42.250,4.69,2000
2020-09-10 09:30:42.380,4.691,31700
2020-09-10 09:30:42.380,4.691,7300
2020-09-10 09:30:42.380,4.691,5000
2020-09-10 09:30:42.380,4.691,100
2020-09-10 09:30:42.380,4.691,2000
2020-09-10 09:30:42.380,4.691,2000
2020-09-10 09:30:42.420,4.692,6000
2020-09-10 09:30:42.610,4.691,12400
2020-09-10 09:30:43.160,4.692,100
2020-09-10 09:30:43.700,4.692,800
2020-09-10 09:30:43.790,4.691,1100
2020-09-10 09:30:43.880,4.691,10000
2020-09-10 09:30:43.950,4.692,6100
2020-09-10 09:30:43.980,4.692,900
2020-09-10 09:30:44.330,4.691,28400
2020-09-10 09:30:44.330,4.69,20000
2020-09-10 09:30:44.330,4.689,300
2020-09-10 09:30:44.330,4.689,700
2020-09-10 09:30:44.330,4.689,600
2020-09-10 09:30:44.490,4.691,1000
2020-09-10 09:30:44.490,4.691,100
2020-09-10 09:30:44.490,4.692,800
2020-09-10 09:30:44.760,4.689,1800
2020-09-10 09:30:44.760,4.689,200
2020-09-10 09:30:44.760,4.689,30000
2020-09-10 09:30:44.760,4.689,800
2020-09-10 09:30:44.760,4.689,100
2020-09-10 09:30:44.790,4.689,30000
2020-09-10 09:30:44.910,4.688,300
2020-09-10 09:30:44.910,4.688,100
2020-09-10 09:30:44.910,4.688,5000
2020-09-10 09:30:44.910,4.689,5000
2020-09-10 09:30:44.940,4.688,7700
2020-09-10 09:30:44.940,4.688,5000
2020-09-10 09:30:44.940,4.688,2000
2020-09-10 09:30:44.940,4.688,5000
2020-09-10 09:30:44.940,4.688,300
2020-09-10 09:30:44.940,4.688,800
2020-09-10 09:30:44.940,4.688,100
2020-09-10 09:30:44.940,4.688,600000
2020-09-10 09:30:44.940,4.688,379100
2020-09-10 09:30:45.000,4.689,900
2020-09-10 09:30:45.330,4.687,7600
2020-09-10 09:30:45.330,4.687,200
2020-09-10 09:30:45.330,4.687,100
2020-09-10 09:30:45.330,4.687,100000
2020-09-10 09:30:45.330,4.687,100
2020-09-10 09:30:45.330,4.687,50000
2020-09-10 09:30:45.330,4.687,300
2020-09-10 09:30:45.330,4.687,600000
2020-09-10 09:30:45.330,4.687,241700
2020-09-10 09:30:45.520,4.689,900
2020-09-10 09:30:45.550,4.689,300
2020-09-10 09:30:45.550,4.69,200
2020-09-10 09:30:45.550,4.69,3800
2020-09-10 09:30:45.550,4.691,500
2020-09-10 09:30:45.550,4.691,100
2020-09-10 09:30:45.550,4.692,1400
2020-09-10 09:30:45.830,4.692,5700
2020-09-10 09:30:45.890,4.69,5300
2020-09-10 09:30:45.890,4.687,400
2020-09-10 09:30:45.890,4.687,31600
2020-09-10 09:30:46.030,4.69,4700
2020-09-10 09:30:46.120,4.69,800
2020-09-10 09:30:46.530,4.69,36100
2020-09-10 09:30:46.620,4.69,800
2020-09-10 09:30:46.870,4.69,6700
2020-09-10 09:30:47.100,4.689,5700
2020-09-10 09:30:47.100,4.689,5700
2020-09-10 09:30:47.160,4.689,2000
2020-09-10 09:30:47.340,4.689,800
2020-09-10 09:30:47.460,4.689,2100
2020-09-10 09:30:47.650,4.686,15000
2020-09-10 09:30:47.780,4.686,54100
2020-09-10 09:30:48.020,4.689,7000
2020-09-10 09:30:48.020,4.689,3000
2020-09-10 09:30:48.290,4.686,10000
2020-09-10 09:30:48.380,4.687,2000
2020-09-10 09:30:48.380,4.689,200
2020-09-10 09:30:48.380,4.69,2200
2020-09-10 09:30:48.730,4.69,10000
2020-09-10 09:30:49.480,4.69,2000
2020-09-10 09:30:49.550,4.69,5000
2020-09-10 09:30:49.690,4.69,900
2020-09-10 09:30:50.190,4.689,1000
2020-09-10 09:30:50.640,4.688,4000
2020-09-10 09:30:50.640,4.689,800
2020-09-10 09:30:51.060,4.686,2000
2020-09-10 09:30:51.270,4.689,200
2020-09-10 09:30:51.580,4.689,200
2020-09-10 09:30:51.750,4.689,100
2020-09-10 09:30:52.290,4.686,93000
2020-09-10 09:30:52.500,4.689,2500
2020-09-10 09:30:52.870,4.686,82500
2020-09-10 09:30:52.870,4.686,600
2020-09-10 09:30:52.870,4.686,2000
2020-09-10 09:30:52.870,4.686,200
2020-09-10 09:30:52.870,4.686,6200
2020-09-10 09:30:52.870,4.686,100
2020-09-10 09:30:52.870,4.686,1000
2020-09-10 09:30:52.870,4.686,100
2020-09-10 09:30:52.870,4.686,1000
2020-09-10 09:30:52.870,4.686,100000
2020-09-10 09:30:52.870,4.686,291600
2020-09-10 09:30:52.870,4.685,500
2020-09-10 09:30:52.870,4.685,2200
2020-09-10 09:30:52.870,4.685,2000
2020-09-10 09:30:52.870,4.685,300
2020-09-10 09:30:52.870,4.685,100
2020-09-10 09:30:52.870,4.685,2000
2020-09-10 09:30:52.870,4.685,800
2020-09-10 09:30:52.870,4.685,100
2020-09-10 09:30:52.870,4.685,200
2020-09-10 09:30:52.870,4.685,400
2020-09-10 09:30:52.870,4.685,30000
2020-09-10 09:30:52.870,4.685,300
2020-09-10 09:30:52.870,4.685,300
2020-09-10 09:30:52.870,4.685,3900
2020-09-10 09:30:52.870,4.685,10600
2020-09-10 09:30:52.870,4.685,3000
2020-09-10 09:30:52.870,4.685,5000
2020-09-10 09:30:52.870,4.685,100
2020-09-10 09:30:52.870,4.685,900
2020-09-10 09:30:52.870,4.685,100
2020-09-10 09:30:52.870,4.685,100
2020-09-10 09:30:52.870,4.685,600
2020-09-10 09:30:52.870,4.685,1000
2020-09-10 09:30:52.870,4.685,300
2020-09-10 09:30:52.870,4.685,800
2020-09-10 09:30:52.870,4.685,4000
2020-09-10 09:30:52.870,4.685,500
2020-09-10 09:30:52.870,4.685,100
2020-09-10 09:30:52.870,4.685,200
2020-09-10 09:30:52.870,4.685,1000
2020-09-10 09:30:52.870,4.685,100
2020-09-10 09:30:52.870,4.685,100
2020-09-10 09:30:52.870,4.685,200
2020-09-10 09:30:52.870,4.685,100
2020-09-10 09:30:52.870,4.685,2000
2020-09-10 09:30:52.870,4.685,50000
2020-09-10 09:30:52.870,4.685,10000
2020-09-10 09:30:52.870,4.685,11500
2020-09-10 09:30:52.870,4.685,3000
2020-09-10 09:30:52.870,4.685,200
2020-09-10 09:30:52.870,4.685,2000
2020-09-10 09:30:52.870,4.685,100
2020-09-10 09:30:52.870,4.685,2300
2020-09-10 09:30:52.870,4.685,600
2020-09-10 09:30:52.870,4.685,10000
2020-09-10 09:30:52.870,4.685,200
2020-09-10 09:30:52.870,4.685,4000
2020-09-10 09:30:52.870,4.685,2700
2020-09-10 09:30:52.870,4.685,2100
2020-09-10 09:30:52.870,4.685,200
2020-09-10 09:30:52.870,4.685,5000
2020-09-10 09:30:52.870,4.685,3000
2020-09-10 09:30:52.870,4.685,5000
2020-09-10 09:30:52.870,4.685,2200
2020-09-10 09:30:52.870,4.685,10000
2020-09-10 09:30:52.870,4.685,300
2020-09-10 09:30:52.870,4.685,5900
2020-09-10 09:30:52.870,4.685,9100
2020-09-10 09:30:52.870,4.685,700
2020-09-10 09:30:52.870,4.685,3000
2020-09-10 09:30:52.870,4.685,1000
2020-09-10 09:30:52.870,4.684,296700
2020-09-10 09:30:52.870,4.687,8600
2020-09-10 09:30:53.140,4.687,16900
2020-09-10 09:30:53.940,4.688,200
2020-09-10 09:30:53.940,4.688,800
2020-09-10 09:30:53.940,4.689,1200
2020-09-10 09:30:54.160,4.689,28000
2020-09-10 09:30:54.160,4.689,50000
2020-09-10 09:30:54.300,4.687,6000
2020-09-10 09:30:55.270,4.687,200
2020-09-10 09:30:55.510,4.688,100
2020-09-10 09:30:55.510,4.687,50000
2020-09-10 09:30:55.570,4.687,600
2020-09-10 09:30:55.640,4.688,600
2020-09-10 09:30:55.640,4.689,200
2020-09-10 09:30:55.640,4.689,3200
2020-09-10 09:30:55.700,4.689,1600
2020-09-10 09:30:55.700,4.687,26300
2020-09-10 09:30:55.700,4.687,100
2020-09-10 09:30:55.700,4.687,1500
2020-09-10 09:30:55.770,4.687,1900
2020-09-10 09:30:55.770,4.686,100
2020-09-10 09:30:55.950,4.686,100
2020-09-10 09:30:56.160,4.686,1000
2020-09-10 09:30:56.310,4.685,1100
2020-09-10 09:30:56.440,4.686,29800
2020-09-10 09:30:56.560,4.687,1100
2020-09-10 09:30:57.000,4.687,1100
2020-09-10 09:30:57.070,4.687,5000
2020-09-10 09:30:57.260,4.687,200
2020-09-10 09:30:57.540,4.687,1000
2020-09-10 09:30:57.610,4.686,38200
2020-09-10 09:30:57.730,4.687,2000
2020-09-10 09:30:57.750,4.687,100
2020-09-10 09:30:58.020,4.687,1100
2020-09-10 09:30:58.050,4.687,5000
2020-09-10 09:30:58.100,4.687,1400
2020-09-10 09:30:58.100,4.687,22500
2020-09-10 09:30:58.270,4.687,100
2020-09-10 09:30:58.380,4.687,1000
2020-09-10 09:30:58.720,4.686,32000
2020-09-10 09:30:58.720,4.685,100
2020-09-10 09:30:58.720,4.684,61000
2020-09-10 09:30:59.930,4.685,200
2020-09-10 09:30:59.930,4.685,200
2020-09-10 09:30:59.930,4.684,37200
2020-09-10 09:30:59.930,4.684,6500
2020-09-10 09:30:59.930,4.684,10000
2020-09-10 09:30:59.930,4.684,10000
2020-09-10 09:30:59.930,4.684,100
2020-09-10 09:30:59.930,4.684,200
2020-09-10 09:30:59.930,4.684,500
2020-09-10 09:30:59.930,4.684,100
2020-09-10 09:30:59.930,4.684,100
2020-09-10 09:30:59.930,4.684,100
2020-09-10 09:30:59.930,4.684,200
2020-09-10 09:30:59.930,4.684,1600
2020-09-10 09:30:59.930,4.684,100
2020-09-10 09:30:59.930,4.684,100
2020-09-10 09:30:59.930,4.684,100
2020-09-10 09:30:59.930,4.684,100
2020-09-10 09:30:59.930,4.684,200
2020-09-10 09:30:59.930,4.684,7600
2020-09-10 09:30:59.930,4.684,100
2020-09-10 09:30:59.930,4.684,500
2020-09-10 09:30:59.930,4.684,1000
2020-09-10 09:30:59.930,4.684,100
2020-09-10 09:30:59.930,4.684,300
2020-09-10 09:30:59.930,4.684,1500
2020-09-10 09:30:59.930,4.684,2200
2020-09-10 09:30:59.930,4.684,400
2020-09-10 09:30:59.930,4.684,200
2020-09-10 09:30:59.930,4.684,300
2020-09-10 09:30:59.930,4.684,500
2020-09-10 09:30:59.930,4.684,800
2020-09-10 09:30:59.930,4.684,1700
2020-09-10 09:30:59.930,4.684,2400
2020-09-10 09:30:59.930,4.684,5100
2020-09-10 09:30:59.930,4.684,500
2020-09-10 09:30:59.930,4.684,500
2020-09-10 09:30:59.930,4.684,3000
2020-09-10 09:30:59.930,4.684,10000
2020-09-10 09:30:59.930,4.684,1000
2020-09-10 09:30:59.930,4.684,100
2020-09-10 09:30:59.930,4.684,200
2020-09-10 09:30:59.930,4.684,2000
2020-09-10 09:30:59.930,4.684,3000
2020-09-10 09:30:59.930,4.684,1000
2020-09-10 09:30:59.930,4.684,2500
2020-09-10 09:30:59.930,4.684,100
2020-09-10 09:30:59.930,4.684,1000
2020-09-10 09:30:59.930,4.684,19600
2020-09-10 09:30:59.930,4.684,500
2020-09-10 09:30:59.930,4.684,500
2020-09-10 09:30:59.930,4.684,2000
2020-09-10 09:30:59.930,4.684,1000
2020-09-10 09:30:59.930,4.684,1000
2020-09-10 09:30:59.930,4.684,400
2020-09-10 09:30:59.930,4.684,100
2020-09-10 09:30:59.930,4.684,100
2020-09-10 09:30:59.930,4.684,100
2020-09-10 09:30:59.930,4.684,3400
2020-09-10 09:30:59.930,4.684,10000
2020-09-10 09:30:59.930,4.684,20000
2020-09-10 09:30:59.930,4.684,500
2020-09-10 09:30:59.930,4.684,100
2020-09-10 09:30:59.930,4.684,1000
2020-09-10 09:31:00.090,4.684,2000
2020-09-10 09:31:00.090,4.684,22000
2020-09-10 09:31:00.330,4.684,500
2020-09-10 09:31:01.010,4.684,100000
2020-09-10 09:31:01.600,4.684,100
2020-09-10 09:31:01.600,4.684,100
2020-09-10 09:31:01.820,4.684,4300
2020-09-10 09:31:02.260,4.684,600000
2020-09-10 09:31:02.500,4.684,2000
2020-09-10 09:31:02.570,4.684,40000
2020-09-10 09:31:02.690,4.684,8900
2020-09-10 09:31:02.750,4.683,5700
2020-09-10 09:31:02.780,4.684,42600
2020-09-10 09:31:02.850,4.684,8900
2020-09-10 09:31:02.850,4.684,40000
2020-09-10 09:31:02.850,4.683,4300
2020-09-10 09:31:02.850,4.683,200
2020-09-10 09:31:02.850,4.683,800
2020-09-10 09:31:02.850,4.683,3800
2020-09-10 09:31:02.850,4.683,300
2020-09-10 09:31:02.850,4.683,22700
2020-09-10 09:31:02.880,4.685,100000
2020-09-10 09:31:02.880,4.686,5000
2020-09-10 09:31:02.880,4.686,100
2020-09-10 09:31:02.880,4.686,30000
2020-09-10 09:31:02.880,4.686,15000
2020-09-10 09:31:02.880,4.686,2500
2020-09-10 09:31:03.030,4.685,300
2020-09-10 09:31:03.120,4.685,100
2020-09-10 09:31:03.120,4.686,900
2020-09-10 09:31:03.290,4.685,1100
2020-09-10 09:31:03.480,4.686,31600
2020-09-10 09:31:03.480,4.686,5400
2020-09-10 09:31:03.480,4.686,10000
2020-09-10 09:31:03.480,4.686,100
2020-09-10 09:31:03.480,4.686,70000
2020-09-10 09:31:03.480,4.687,37200
2020-09-10 09:31:03.480,4.687,8600
2020-09-10 09:31:03.480,4.687,20000
2020-09-10 09:31:03.480,4.687,10000
2020-09-10 09:31:03.480,4.687,46400
2020-09-10 09:31:03.480,4.687,5000
2020-09-10 09:31:03.480,4.687,2500
2020-09-10 09:31:03.480,4.687,17400
2020-09-10 09:31:03.480,4.687,6400
2020-09-10 09:31:03.480,4.687,1000
2020-09-10 09:31:03.480,4.687,8600
2020-09-10 09:31:03.480,4.687,5100
2020-09-10 09:31:03.480,4.687,3000
2020-09-10 09:31:03.530,4.687,10000
2020-09-10 09:31:03.920,4.687,2000
2020-09-10 09:31:03.920,4.687,300
2020-09-10 09:31:03.990,4.687,20000
2020-09-10 09:31:04.140,4.687,500
2020-09-10 09:31:04.320,4.687,62100
2020-09-10 09:31:04.560,4.687,400
2020-09-10 09:31:04.560,4.687,1700
2020-09-10 09:31:04.560,4.685,38900
2020-09-10 09:31:04.560,4.685,5000
2020-09-10 09:31:04.560,4.684,4000
2020-09-10 09:31:04.720,4.688,10000
2020-09-10 09:31:04.810,4.684,10000
2020-09-10 09:31:04.900,4.686,8400
2020-09-10 09:31:04.900,4.686,11600
2020-09-10 09:31:04.900,4.684,16900
2020-09-10 09:31:05.200,4.684,200000
2020-09-10 09:31:05.260,4.687,100
2020-09-10 09:31:05.260,4.687,1000
2020-09-10 09:31:05.380,4.686,23800
2020-09-10 09:31:05.440,4.686,226200
2020-09-10 09:31:05.440,4.687,3900
2020-09-10 09:31:05.440,4.687,5000
2020-09-10 09:31:05.470,4.687,20000
2020-09-10 09:31:05.550,4.687,36500
2020-09-10 09:31:05.640,4.687,9400
2020-09-10 09:31:05.790,4.687,22000
2020-09-10 09:31:05.790,4.687,30000
2020-09-10 09:31:06.060,4.687,5500
2020-09-10 09:31:07.450,4.688,200
2020-09-10 09:31:07.540,4.687,600
2020-09-10 09:31:07.780,4.687,400
2020-09-10 09:31:07.780,4.687,500
2020-09-10 09:31:07.780,4.687,100
2020-09-10 09:31:07.840,4.687,1600
2020-09-10 09:31:07.840,4.686,4300
2020-09-10 09:31:07.990,4.686,4100
2020-09-10 09:31:07.990,4.686,100
2020-09-10 09:31:07.990,4.685,57200
2020-09-10 09:31:08.010,4.688,7100
2020-09-10 09:31:08.220,4.688,500
2020-09-10 09:31:08.220,4.688,500
2020-09-10 09:31:08.330,4.686,10000
2020-09-10 09:31:08.450,4.687,5700
2020-09-10 09:31:08.450,4.687,15600
2020-09-10 09:31:08.450,4.687,12800
2020-09-10 09:31:08.450,4.688,15900
2020-09-10 09:31:08.450,4.687,100
2020-09-10 09:31:08.450,4.688,10600
2020-09-10 09:31:08.450,4.688,3000
2020-09-10 09:31:08.450,4.688,500
2020-09-10 09:31:08.450,4.688,10000
2020-09-10 09:31:08.450,4.688,500
2020-09-10 09:31:08.450,4.688,5300
2020-09-10 09:31:08.450,4.688,50000
2020-09-10 09:31:08.450,4.688,40000
2020-09-10 09:31:08.730,4.688,300
2020-09-10 09:31:08.790,4.686,1400
2020-09-10 09:31:08.860,4.687,18000
2020-09-10 09:31:08.890,4.688,1100
2020-09-10 09:31:09.020,4.687,7400
2020-09-10 09:31:09.090,4.688,150100
2020-09-10 09:31:09.280,4.687,1000
2020-09-10 09:31:09.490,4.687,13600
2020-09-10 09:31:09.490,4.687,900
2020-09-10 09:31:09.490,4.686,28600
2020-09-10 09:31:09.490,4.686,6900
2020-09-10 09:31:09.590,4.686,4000
2020-09-10 09:31:09.780,4.686,3000
2020-09-10 09:31:09.880,4.686,15000
2020-09-10 09:31:10.380,4.686,5000
2020-09-10 09:31:10.550,4.686,1600
2020-09-10 09:31:10.730,4.687,200
2020-09-10 09:31:10.730,4.687,2000
2020-09-10 09:31:10.730,4.687,5000
2020-09-10 09:31:10.730,4.687,10000
2020-09-10 09:31:10.820,4.687,34800
2020-09-10 09:31:10.850,4.687,24700
2020-09-10 09:31:10.910,4.687,1000
2020-09-10 09:31:10.940,4.688,200000
2020-09-10 09:31:11.060,4.687,6400
2020-09-10 09:31:11.090,4.687,10000
2020-09-10 09:31:11.150,4.687,5000
2020-09-10 09:31:11.240,4.687,500900
2020-09-10 09:31:11.240,4.687,300
2020-09-10 09:31:11.240,4.686,498800
2020-09-10 09:31:11.350,4.687,400
2020-09-10 09:31:11.470,4.686,3000
2020-09-10 09:31:11.470,4.686,400
2020-09-10 09:31:12.040,4.686,5000
2020-09-10 09:31:12.140,4.686,1200
2020-09-10 09:31:12.500,4.687,4600
2020-09-10 09:31:13.000,4.686,17000
2020-09-10 09:31:13.090,4.687,1300
2020-09-10 09:31:13.090,4.687,1700
2020-09-10 09:31:13.150,4.687,8300
2020-09-10 09:31:13.150,4.687,32600
2020-09-10 09:31:13.150,4.687,5000
2020-09-10 09:31:13.150,4.687,7000
2020-09-10 09:31:13.150,4.687,1000
2020-09-10 09:31:13.150,4.687,2900
2020-09-10 09:31:13.150,4.687,10000
2020-09-10 09:31:13.150,4.688,133200
2020-09-10 09:31:13.430,4.686,2000
2020-09-10 09:31:13.460,4.686,37100
2020-09-10 09:31:13.460,4.686,112900
2020-09-10 09:31:13.650,4.686,2000
2020-09-10 09:31:13.740,4.686,300100
2020-09-10 09:31:13.740,4.686,3000
2020-09-10 09:31:13.770,4.686,10000
2020-09-10 09:31:13.830,4.687,1000
2020-09-10 09:31:13.830,4.687,1500
2020-09-10 09:31:13.890,4.687,100
2020-09-10 09:31:13.970,4.686,4200
2020-09-10 09:31:14.060,4.687,400
2020-09-10 09:31:14.190,4.686,1000
2020-09-10 09:31:14.220,4.686,600
2020-09-10 09:31:14.460,4.687,900
2020-09-10 09:31:14.460,4.687,2100
2020-09-10 09:31:14.700,4.687,4000
2020-09-10 09:31:14.700,4.688,11000
2020-09-10 09:31:15.220,4.687,5000
2020-09-10 09:31:15.250,4.686,27200
2020-09-10 09:31:15.320,4.686,58200
2020-09-10 09:31:15.510,4.687,100
2020-09-10 09:31:15.510,4.687,10000
2020-09-10 09:31:15.510,4.687,1000
2020-09-10 09:31:15.510,4.688,409000
2020-09-10 09:31:15.510,4.688,3600
2020-09-10 09:31:15.510,4.688,1000
2020-09-10 09:31:15.970,4.688,200
2020-09-10 09:31:16.070,4.688,25000
2020-09-10 09:31:16.070,4.688,3500
2020-09-10 09:31:16.360,4.688,13900
2020-09-10 09:31:16.360,4.689,300
2020-09-10 09:31:16.450,4.689,300
2020-09-10 09:31:16.600,4.688,29900
2020-09-10 09:31:16.750,4.688,5000
2020-09-10 09:31:17.190,4.688,10000
2020-09-10 09:31:17.250,4.688,2000
2020-09-10 09:31:17.520,4.688,1000
2020-09-10 09:31:18.040,4.688,16000
2020-09-10 09:31:18.210,4.689,1000
2020-09-10 09:31:18.210,4.689,5700
2020-09-10 09:31:18.210,4.689,100
2020-09-10 09:31:18.210,4.689,10000
2020-09-10 09:31:18.210,4.689,10000
2020-09-10 09:31:18.210,4.689,3000
2020-09-10 09:31:18.240,4.689,2000
2020-09-10 09:31:18.470,4.69,2000
2020-09-10 09:31:18.470,4.69,1000
2020-09-10 09:31:18.470,4.69,10000
2020-09-10 09:31:18.470,4.69,8900
2020-09-10 09:31:19.000,4.69,1100
2020-09-10 09:31:19.030,4.689,1000
2020-09-10 09:31:19.570,4.689,6000
2020-09-10 09:31:20.760,4.689,2000
2020-09-10 09:31:20.820,4.689,20000
2020-09-10 09:31:20.950,4.689,1200
2020-09-10 09:31:21.800,4.69,900
2020-09-10 09:31:21.800,4.69,100
2020-09-10 09:31:22.050,4.689,2000
2020-09-10 09:31:22.150,4.689,536000
2020-09-10 09:31:22.150,4.689,500
2020-09-10 09:31:22.150,4.688,463500
2020-09-10 09:31:22.920,4.689,100
2020-09-10 09:31:22.920,4.688,2900
2020-09-10 09:31:23.140,4.688,2000
2020-09-10 09:31:23.800,4.689,400
2020-09-10 09:31:24.240,4.689,100
2020-09-10 09:31:24.570,4.689,100
2020-09-10 09:31:24.600,4.688,4000
2020-09-10 09:31:24.690,4.689,4300
2020-09-10 09:31:24.890,4.688,29200
2020-09-10 09:31:24.890,4.689,100
2020-09-10 09:31:24.890,4.689,100
2020-09-10 09:31:25.650,4.688,267600
2020-09-10 09:31:25.650,4.688,2000
2020-09-10 09:31:25.840,4.688,100
2020-09-10 09:31:26.510,4.688,64800
2020-09-10 09:31:26.510,4.688,300
2020-09-10 09:31:26.510,4.688,200
2020-09-10 09:31:26.510,4.688,20000
2020-09-10 09:31:26.510,4.688,100
2020-09-10 09:31:26.510,4.688,100
2020-09-10 09:31:26.510,4.688,100000
2020-09-10 09:31:26.660,4.687,1500
2020-09-10 09:31:26.660,4.687,200
2020-09-10 09:31:26.660,4.687,13800
2020-09-10 09:31:26.780,4.687,10000
2020-09-10 09:31:26.870,4.688,22300
2020-09-10 09:31:26.900,4.687,15000
2020-09-10 09:31:26.990,4.688,100
2020-09-10 09:31:26.990,4.688,800
2020-09-10 09:31:26.990,4.688,4200
2020-09-10 09:31:27.170,4.688,26100
2020-09-10 09:31:27.580,4.689,100
2020-09-10 09:31:27.670,4.688,1300
2020-09-10 09:31:28.010,4.689,100
2020-09-10 09:31:28.010,4.689,100
2020-09-10 09:31:28.510,4.688,300
2020-09-10 09:31:28.510,4.688,5200
2020-09-10 09:31:28.590,4.689,300
2020-09-10 09:31:28.800,4.688,100
2020-09-10 09:31:28.800,4.689,600
2020-09-10 09:31:29.250,4.689,200
2020-09-10 09:31:29.550,4.688,3000
2020-09-10 09:31:29.550,4.688,500
2020-09-10 09:31:29.760,4.688,500
2020-09-10 09:31:30.180,4.688,1000
2020-09-10 09:31:30.550,4.687,10000
2020-09-10 09:31:30.810,4.689,200
2020-09-10 09:31:31.010,4.689,1200
2020-09-10 09:31:31.070,4.689,200
2020-09-10 09:31:31.150,4.687,27000
2020-09-10 09:31:32.230,4.687,11400
2020-09-10 09:31:32.520,4.688,5000
2020-09-10 09:31:32.610,4.687,12800
2020-09-10 09:31:32.610,4.687,3600
2020-09-10 09:31:32.610,4.687,500
2020-09-10 09:31:32.610,4.687,3000
2020-09-10 09:31:32.610,4.687,500
2020-09-10 09:31:32.610,4.687,10000
2020-09-10 09:31:32.610,4.687,10000
2020-09-10 09:31:32.610,4.687,200
2020-09-10 09:31:32.610,4.687,500
2020-09-10 09:31:32.610,4.687,2700
2020-09-10 09:31:32.610,4.686,5000
2020-09-10 09:31:32.610,4.686,16400
2020-09-10 09:31:32.610,4.686,100
2020-09-10 09:31:32.610,4.686,2500
2020-09-10 09:31:32.610,4.686,4900
2020-09-10 09:31:32.610,4.686,200
2020-09-10 09:31:32.610,4.686,2000
2020-09-10 09:31:33.200,4.686,1000
2020-09-10 09:31:33.550,4.685,10000
2020-09-10 09:31:33.640,4.686,34300
2020-09-10 09:31:33.800,4.686,100
2020-09-10 09:31:34.050,4.686,1000
2020-09-10 09:31:34.770,4.687,100
2020-09-10 09:31:35.220,4.687,800
2020-09-10 09:31:35.220,4.687,13900
2020-09-10 09:31:35.370,4.685,32800
2020-09-10 09:31:35.370,4.685,2000
2020-09-10 09:31:35.370,4.685,400
2020-09-10 09:31:35.370,4.685,1000
2020-09-10 09:31:35.370,4.685,400
2020-09-10 09:31:35.370,4.684,100
2020-09-10 09:31:35.370,4.684,2600
2020-09-10 09:31:35.370,4.684,100
2020-09-10 09:31:35.370,4.684,100
2020-09-10 09:31:35.370,4.684,800
2020-09-10 09:31:35.370,4.684,1000
2020-09-10 09:31:35.370,4.684,500
2020-09-10 09:31:35.370,4.684,100
2020-09-10 09:31:35.370,4.684,1000
2020-09-10 09:31:35.370,4.684,300
2020-09-10 09:31:35.370,4.683,27300
2020-09-10 09:31:35.370,4.683,3600
2020-09-10 09:31:35.370,4.683,19000
2020-09-10 09:31:35.370,4.687,300
2020-09-10 09:31:36.070,4.687,100
2020-09-10 09:31:36.280,4.687,100
2020-09-10 09:31:37.000,4.683,2000
2020-09-10 09:31:37.260,4.685,100
2020-09-10 09:31:37.700,4.682,600
2020-09-10 09:31:37.700,4.682,1200
2020-09-10 09:31:37.700,4.682,1000
2020-09-10 09:31:37.700,4.682,1000
2020-09-10 09:31:37.700,4.682,1000
2020-09-10 09:31:37.700,4.682,100
2020-09-10 09:31:37.700,4.682,600
2020-09-10 09:31:37.700,4.682,600000
2020-09-10 09:31:37.700,4.682,50000
2020-09-10 09:31:37.700,4.682,100000
2020-09-10 09:31:37.700,4.681,12000
2020-09-10 09:31:37.700,4.681,6000
2020-09-10 09:31:37.700,4.681,18000
2020-09-10 09:31:37.700,4.681,208500
2020-09-10 09:31:37.730,4.685,1000
2020-09-10 09:31:37.940,4.685,100
2020-09-10 09:31:38.000,4.681,500
2020-09-10 09:31:39.110,4.685,4800
2020-09-10 09:31:39.110,4.685,200
2020-09-10 09:31:39.140,4.685,5000
2020-09-10 09:31:39.760,4.685,400
2020-09-10 09:31:41.020,4.685,900
2020-09-10 09:31:41.290,4.684,100
2020-09-10 09:31:41.290,4.683,3900
2020-09-10 09:31:41.850,4.684,100
2020-09-10 09:31:42.030,4.684,1000
2020-09-10 09:31:42.060,4.684,900
2020-09-10 09:31:42.060,4.685,2400
2020-09-10 09:31:42.100,4.685,2300
2020-09-10 09:31:42.100,4.685,2300
2020-09-10 09:31:42.170,4.685,5000
2020-09-10 09:31:42.230,4.683,4100
2020-09-10 09:31:42.230,4.685,3000
2020-09-10 09:31:42.410,4.685,1900
2020-09-10 09:31:42.410,4.685,100
2020-09-10 09:31:42.410,4.685,200
2020-09-10 09:31:42.530,4.685,6700
2020-09-10 09:31:42.530,4.685,500
2020-09-10 09:31:42.590,4.685,300100
2020-09-10 09:31:42.660,4.685,2000
2020-09-10 09:31:42.810,4.686,1000
2020-09-10 09:31:42.900,4.686,3600
2020-09-10 09:31:42.900,4.686,6000
2020-09-10 09:31:42.900,4.686,400
2020-09-10 09:31:42.990,4.686,400
2020-09-10 09:31:43.350,4.686,2200
2020-09-10 09:31:43.380,4.685,10900
2020-09-10 09:31:43.380,4.686,2100
2020-09-10 09:31:43.380,4.686,100
2020-09-10 09:31:43.440,4.685,1500
2020-09-10 09:31:43.530,4.685,300100
2020-09-10 09:31:44.080,4.685,3500
2020-09-10 09:31:44.080,4.685,6000
2020-09-10 09:31:44.080,4.685,2400
2020-09-10 09:31:44.260,4.686,1000
2020-09-10 09:31:44.260,4.686,5100
2020-09-10 09:31:44.260,4.686,3400
2020-09-10 09:31:44.260,4.685,266300
2020-09-10 09:31:44.830,4.681,18000
2020-09-10 09:31:45.050,4.681,734800
2020-09-10 09:31:45.160,4.681,200
2020-09-10 09:31:45.250,4.684,100
2020-09-10 09:31:45.250,4.684,1100
2020-09-10 09:31:45.460,4.684,500
2020-09-10 09:31:45.460,4.684,5000
2020-09-10 09:31:45.580,4.684,100
2020-09-10 09:31:45.730,4.684,500
2020-09-10 09:31:46.040,4.683,100
2020-09-10 09:31:46.870,4.682,400
2020-09-10 09:31:46.870,4.683,7600
2020-09-10 09:31:46.870,4.681,3500
2020-09-10 09:31:47.380,4.683,200
2020-09-10 09:31:47.470,4.683,100
2020-09-10 09:31:47.500,4.683,200
2020-09-10 09:31:47.670,4.683,200
2020-09-10 09:31:48.500,4.683,100
2020-09-10 09:31:48.500,4.683,100
2020-09-10 09:31:48.500,4.683,100
2020-09-10 09:31:48.500,4.683,100
2020-09-10 09:31:48.500,4.683,100
2020-09-10 09:31:48.500,4.683,100
2020-09-10 09:31:48.500,4.683,100
2020-09-10 09:31:48.500,4.683,100
2020-09-10 09:31:48.500,4.683,100
2020-09-10 09:31:48.560,4.683,100
2020-09-10 09:31:48.600,4.683,100
2020-09-10 09:31:48.650,4.683,100
2020-09-10 09:31:48.650,4.683,100
2020-09-10 09:31:48.650,4.683,100
2020-09-10 09:31:48.650,4.683,100
2020-09-10 09:31:48.650,4.683,100
2020-09-10 09:31:48.650,4.683,100
2020-09-10 09:31:48.720,4.683,100
2020-09-10 09:31:48.720,4.683,100
2020-09-10 09:31:48.720,4.683,100
2020-09-10 09:31:48.720,4.683,100
2020-09-10 09:31:48.720,4.683,100
2020-09-10 09:31:48.720,4.683,100
2020-09-10 09:31:48.720,4.683,100
2020-09-10 09:31:48.720,4.683,100
2020-09-10 09:31:48.720,4.683,100
2020-09-10 09:31:48.720,4.683,100
2020-09-10 09:31:48.720,4.683,100
2020-09-10 09:31:48.720,4.683,100
2020-09-10 09:31:48.720,4.683,100
2020-09-10 09:31:48.720,4.683,100
2020-09-10 09:31:48.760,4.683,100
2020-09-10 09:31:48.760,4.683,100
2020-09-10 09:31:48.760,4.683,100
2020-09-10 09:31:48.790,4.683,400
2020-09-10 09:31:48.850,4.683,100
2020-09-10 09:31:48.850,4.683,100
2020-09-10 09:31:48.850,4.683,100
2020-09-10 09:31:48.850,4.683,100
2020-09-10 09:31:48.850,4.683,100
2020-09-10 09:31:48.850,4.683,100
2020-09-10 09:31:48.850,4.683,100
2020-09-10 09:31:48.850,4.683,100
2020-09-10 09:31:48.850,4.683,100
2020-09-10 09:31:48.850,4.683,100
2020-09-10 09:31:48.890,4.683,600
2020-09-10 09:31:48.920,4.683,100
2020-09-10 09:31:48.920,4.683,100
2020-09-10 09:31:48.920,4.683,100
2020-09-10 09:31:48.920,4.683,100
2020-09-10 09:31:48.980,4.683,100
2020-09-10 09:31:48.980,4.683,100
2020-09-10 09:31:48.980,4.683,100
2020-09-10 09:31:48.980,4.683,100
2020-09-10 09:31:48.980,4.683,100
2020-09-10 09:31:49.010,4.683,100
2020-09-10 09:31:49.010,4.683,100
2020-09-10 09:31:49.010,4.683,100
2020-09-10 09:31:49.010,4.683,100
2020-09-10 09:31:49.060,4.683,1000
2020-09-10 09:31:49.060,4.683,100
2020-09-10 09:31:49.060,4.683,100
2020-09-10 09:31:49.060,4.683,100
2020-09-10 09:31:49.060,4.683,100
2020-09-10 09:31:49.060,4.683,100
2020-09-10 09:31:49.060,4.683,100
2020-09-10 09:31:49.120,4.683,100
2020-09-10 09:31:49.120,4.683,100
2020-09-10 09:31:49.120,4.683,100
2020-09-10 09:31:49.120,4.683,100
2020-09-10 09:31:49.150,4.683,100
2020-09-10 09:31:49.150,4.683,100
2020-09-10 09:31:49.150,4.683,100
2020-09-10 09:31:49.150,4.683,100
2020-09-10 09:31:49.150,4.683,100
2020-09-10 09:31:49.150,4.683,100
2020-09-10 09:31:49.150,4.683,100
2020-09-10 09:31:49.210,4.683,100
2020-09-10 09:31:49.210,4.683,100
2020-09-10 09:31:49.210,4.683,100
2020-09-10 09:31:49.240,4.681,1000
2020-09-10 09:31:49.270,4.683,100
2020-09-10 09:31:49.270,4.683,100
2020-09-10 09:31:49.270,4.683,100
2020-09-10 09:31:49.270,4.683,100
2020-09-10 09:31:49.270,4.683,100
2020-09-10 09:31:49.270,4.683,100
2020-09-10 09:31:49.270,4.683,100
2020-09-10 09:31:49.350,4.683,100
2020-09-10 09:31:49.350,4.683,100
2020-09-10 09:31:49.350,4.683,100
2020-09-10 09:31:49.350,4.683,100
2020-09-10 09:31:49.350,4.683,100
2020-09-10 09:31:49.350,4.683,100
2020-09-10 09:31:50.080,4.683,2500
2020-09-10 09:31:50.160,4.683,98100
2020-09-10 09:31:50.220,4.684,11500
2020-09-10 09:31:50.220,4.684,1000
2020-09-10 09:31:50.220,4.684,5000
2020-09-10 09:31:50.220,4.685,500
2020-09-10 09:31:50.220,4.685,5000
2020-09-10 09:31:50.220,4.685,800
2020-09-10 09:31:50.220,4.685,10000
2020-09-10 09:31:50.220,4.685,106200
2020-09-10 09:31:50.520,4.683,300
2020-09-10 09:31:50.600,4.683,3000
2020-09-10 09:31:50.920,4.685,100
2020-09-10 09:31:50.980,4.683,67100
2020-09-10 09:31:51.250,4.683,3000
2020-09-10 09:31:51.510,4.683,5000
2020-09-10 09:31:52.070,4.685,100
2020-09-10 09:31:52.220,4.683,5500
2020-09-10 09:31:52.350,4.683,32600
2020-09-10 09:31:52.470,4.685,1000
2020-09-10 09:31:52.760,4.683,7800
2020-09-10 09:31:53.180,4.683,200000
2020-09-10 09:31:53.210,4.684,100
2020-09-10 09:31:53.240,4.683,8000
2020-09-10 09:31:54.030,4.684,1400
2020-09-10 09:31:54.080,4.683,2000
2020-09-10 09:31:54.260,4.684,100
2020-09-10 09:31:54.320,4.683,23900
2020-09-10 09:31:54.380,4.684,100
2020-09-10 09:31:54.380,4.684,100
2020-09-10 09:31:54.380,4.684,100
2020-09-10 09:31:54.380,4.684,100
2020-09-10 09:31:54.380,4.684,100
2020-09-10 09:31:54.380,4.684,100
2020-09-10 09:31:54.380,4.684,100
2020-09-10 09:31:54.380,4.684,100
2020-09-10 09:31:54.380,4.684,100
2020-09-10 09:31:54.440,4.684,100
2020-09-10 09:31:54.440,4.684,100
2020-09-10 09:31:54.440,4.684,100
2020-09-10 09:31:54.440,4.684,100
2020-09-10 09:31:54.440,4.684,100
2020-09-10 09:31:54.470,4.684,100
2020-09-10 09:31:54.470,4.684,100
2020-09-10 09:31:54.470,4.684,100
2020-09-10 09:31:54.470,4.684,100
2020-09-10 09:31:54.470,4.684,100
2020-09-10 09:31:54.470,4.684,100
2020-09-10 09:31:54.530,4.684,100
2020-09-10 09:31:54.530,4.684,100
2020-09-10 09:31:54.530,4.684,100
2020-09-10 09:31:54.530,4.684,100
2020-09-10 09:31:54.570,4.684,100
2020-09-10 09:31:54.570,4.684,100
2020-09-10 09:31:54.570,4.684,100
2020-09-10 09:31:54.570,4.684,100
2020-09-10 09:31:54.570,4.684,100
2020-09-10 09:31:54.570,4.684,100
2020-09-10 09:31:54.570,4.684,100
2020-09-10 09:31:54.620,4.684,100
2020-09-10 09:31:54.620,4.684,100
2020-09-10 09:31:54.620,4.684,100
2020-09-10 09:31:54.620,4.684,100
2020-09-10 09:31:54.650,4.684,100
2020-09-10 09:31:54.650,4.684,100
2020-09-10 09:31:54.650,4.684,100
2020-09-10 09:31:54.650,4.684,100
2020-09-10 09:31:54.740,4.684,100
2020-09-10 09:31:54.740,4.684,100
2020-09-10 09:31:54.740,4.684,100
2020-09-10 09:31:54.740,4.684,100
2020-09-10 09:31:54.740,4.684,100
2020-09-10 09:31:54.740,4.684,100
2020-09-10 09:31:54.740,4.684,100
2020-09-10 09:31:54.740,4.684,100
2020-09-10 09:31:54.770,4.684,100
2020-09-10 09:31:54.770,4.684,100
2020-09-10 09:31:54.770,4.684,100
2020-09-10 09:31:54.770,4.684,100
2020-09-10 09:31:54.800,4.683,1500
2020-09-10 09:31:54.890,4.683,4700
2020-09-10 09:31:54.920,4.684,100
2020-09-10 09:31:54.920,4.684,100
2020-09-10 09:31:54.920,4.684,100
2020-09-10 09:31:54.920,4.684,100
2020-09-10 09:31:54.920,4.684,100
2020-09-10 09:31:54.920,4.684,100
2020-09-10 09:31:54.920,4.684,100
2020-09-10 09:31:54.950,4.684,100
2020-09-10 09:31:54.950,4.684,100
2020-09-10 09:31:54.950,4.684,100
2020-09-10 09:31:54.950,4.684,100
2020-09-10 09:31:54.950,4.684,100
2020-09-10 09:31:55.010,4.684,100
2020-09-10 09:31:55.010,4.684,100
2020-09-10 09:31:55.070,4.684,100
2020-09-10 09:31:55.100,4.684,100
2020-09-10 09:31:55.100,4.684,100
2020-09-10 09:31:55.100,4.684,100
2020-09-10 09:31:55.100,4.684,100
2020-09-10 09:31:55.160,4.684,100
2020-09-10 09:31:55.160,4.684,100
2020-09-10 09:31:55.160,4.684,100
2020-09-10 09:31:55.160,4.684,100
2020-09-10 09:31:55.160,4.684,100
2020-09-10 09:31:55.160,4.684,100
2020-09-10 09:31:55.160,4.684,100
2020-09-10 09:31:55.160,4.684,100
2020-09-10 09:31:55.160,4.684,100
2020-09-10 09:31:55.160,4.684,100
2020-09-10 09:31:55.200,4.684,100
2020-09-10 09:31:55.200,4.684,100
2020-09-10 09:31:55.200,4.684,100
2020-09-10 09:31:55.200,4.684,100
2020-09-10 09:31:55.260,4.684,100
2020-09-10 09:31:55.260,4.684,100
2020-09-10 09:31:55.260,4.684,100
2020-09-10 09:31:55.260,4.684,100
2020-09-10 09:31:55.320,4.684,100
2020-09-10 09:31:55.430,4.683,500
2020-09-10 09:31:55.430,4.683,200
2020-09-10 09:31:55.520,4.684,500
2020-09-10 09:31:55.580,4.683,5000
2020-09-10 09:31:55.870,4.683,10000
2020-09-10 09:31:56.100,4.683,2000
2020-09-10 09:31:56.430,4.683,1000
2020-09-10 09:31:56.430,4.683,6700
2020-09-10 09:31:56.630,4.683,12300
2020-09-10 09:31:56.720,4.683,10000
2020-09-10 09:31:57.240,4.683,120000
2020-09-10 09:31:57.330,4.683,600
2020-09-10 09:31:57.360,4.683,1000
2020-09-10 09:31:57.420,4.684,2000
2020-09-10 09:31:57.450,4.683,100
2020-09-10 09:31:57.530,4.683,5000
2020-09-10 09:31:57.890,4.683,2000
2020-09-10 09:31:58.220,4.683,2000
2020-09-10 09:31:58.600,4.683,8900
2020-09-10 09:31:58.720,4.683,10000
2020-09-10 09:31:58.720,4.683,3000
2020-09-10 09:31:58.840,4.683,15000
2020-09-10 09:31:59.110,4.684,600
2020-09-10 09:31:59.200,4.683,27200
2020-09-10 09:31:59.200,4.683,100
2020-09-10 09:31:59.200,4.683,2000
2020-09-10 09:31:59.200,4.683,100
2020-09-10 09:31:59.200,4.683,1500
2020-09-10 09:31:59.200,4.683,100
2020-09-10 09:31:59.890,4.683,2300
2020-09-10 09:31:59.890,4.682,14000
2020-09-10 09:32:00.140,4.682,600
2020-09-10 09:32:00.360,4.682,700
2020-09-10 09:32:00.620,4.683,100
2020-09-10 09:32:00.770,4.683,10000
2020-09-10 09:32:00.950,4.683,2500
2020-09-10 09:32:00.950,4.683,2500
2020-09-10 09:32:01.240,4.682,20000
2020-09-10 09:32:01.570,4.682,4700
2020-09-10 09:32:01.570,4.682,15300
2020-09-10 09:32:01.660,4.683,10000
2020-09-10 09:32:01.860,4.682,12900
2020-09-10 09:32:01.920,4.682,20000
2020-09-10 09:32:02.370,4.683,6000
2020-09-10 09:32:02.510,4.683,1500
2020-09-10 09:32:02.510,4.683,3000
2020-09-10 09:32:02.510,4.683,34500
2020-09-10 09:32:02.510,4.683,189000
2020-09-10 09:32:02.510,4.683,16200
2020-09-10 09:32:02.510,4.683,4000
2020-09-10 09:32:02.510,4.683,100
2020-09-10 09:32:02.780,4.684,6900
2020-09-10 09:32:02.780,4.684,100
2020-09-10 09:32:02.780,4.684,1000
2020-09-10 09:32:02.780,4.684,2000
2020-09-10 09:32:02.930,4.683,500
2020-09-10 09:32:03.000,4.684,200
2020-09-10 09:32:03.360,4.683,100
2020-09-10 09:32:03.360,4.683,3000
2020-09-10 09:32:03.390,4.684,300
2020-09-10 09:32:03.720,4.683,1700
2020-09-10 09:32:03.990,4.683,10000
2020-09-10 09:32:04.230,4.684,200
2020-09-10 09:32:04.260,4.683,20000
2020-09-10 09:32:04.260,4.683,6600
2020-09-10 09:32:04.380,4.683,20200
2020-09-10 09:32:04.380,4.683,100
2020-09-10 09:32:04.550,4.683,10000
2020-09-10 09:32:04.550,4.683,10000
2020-09-10 09:32:04.610,4.683,569500
2020-09-10 09:32:04.610,4.683,300000
2020-09-10 09:32:04.610,4.683,100
2020-09-10 09:32:04.610,4.683,2400
2020-09-10 09:32:04.610,4.683,100
2020-09-10 09:32:04.610,4.683,127900
2020-09-10 09:32:04.670,4.683,20000
2020-09-10 09:32:05.050,4.684,300
2020-09-10 09:32:05.050,4.684,2000
2020-09-10 09:32:05.050,4.684,5000
2020-09-10 09:32:05.050,4.684,1000
2020-09-10 09:32:05.050,4.684,200
2020-09-10 09:32:05.050,4.684,2000
2020-09-10 09:32:05.050,4.684,5000
2020-09-10 09:32:05.050,4.684,10000
2020-09-10 09:32:05.050,4.684,3500
2020-09-10 09:32:05.050,4.684,300
2020-09-10 09:32:05.050,4.685,32100
2020-09-10 09:32:05.050,4.685,9000
2020-09-10 09:32:05.050,4.685,6700
2020-09-10 09:32:05.050,4.685,500
2020-09-10 09:32:05.050,4.685,100
2020-09-10 09:32:05.050,4.685,33100
2020-09-10 09:32:05.050,4.685,25000
2020-09-10 09:32:05.050,4.685,5000
2020-09-10 09:32:05.050,4.685,2000
2020-09-10 09:32:05.050,4.685,1400
2020-09-10 09:32:05.050,4.685,1000
2020-09-10 09:32:05.050,4.685,11000
2020-09-10 09:32:05.050,4.685,10000
2020-09-10 09:32:05.050,4.685,4000
2020-09-10 09:32:05.320,4.685,5000
2020-09-10 09:32:05.780,4.685,2000
2020-09-10 09:32:05.940,4.685,400
2020-09-10 09:32:06.230,4.685,2200
2020-09-10 09:32:06.390,4.685,3100
2020-09-10 09:32:06.630,4.685,2400
2020-09-10 09:32:06.870,4.685,3900
2020-09-10 09:32:07.240,4.685,60000
2020-09-10 09:32:07.440,4.685,1100
2020-09-10 09:32:07.470,4.685,14100
2020-09-10 09:32:07.470,4.685,1000
2020-09-10 09:32:07.500,4.685,10300
2020-09-10 09:32:08.000,4.685,10000
2020-09-10 09:32:08.000,4.685,300
2020-09-10 09:32:08.330,4.685,1400
2020-09-10 09:32:08.360,4.685,7400
2020-09-10 09:32:08.510,4.685,3200
2020-09-10 09:32:08.510,4.685,1800
2020-09-10 09:32:08.830,4.685,1400
2020-09-10 09:32:08.830,4.685,298600
2020-09-10 09:32:08.890,4.686,6000
2020-09-10 09:32:09.040,4.686,100
2020-09-10 09:32:09.410,4.685,10000
2020-09-10 09:32:09.770,4.686,1400
2020-09-10 09:32:09.770,4.685,30000
2020-09-10 09:32:09.830,4.685,500
2020-09-10 09:32:09.880,4.685,500
2020-09-10 09:32:10.650,4.685,19800
2020-09-10 09:32:10.740,4.685,800
2020-09-10 09:32:11.070,4.685,93000
2020-09-10 09:32:11.250,4.685,10000
2020-09-10 09:32:11.870,4.686,5500
2020-09-10 09:32:11.870,4.686,14500
2020-09-10 09:32:12.280,4.685,31800
2020-09-10 09:32:12.450,4.685,27000
2020-09-10 09:32:12.510,4.685,2000
2020-09-10 09:32:12.600,4.685,2000
2020-09-10 09:32:12.830,4.686,26700
2020-09-10 09:32:12.830,4.686,9700
2020-09-10 09:32:13.090,4.686,3000
2020-09-10 09:32:13.150,4.685,32800
2020-09-10 09:32:13.180,4.685,30000
2020-09-10 09:32:13.250,4.685,30000
2020-09-10 09:32:14.110,4.686,2300
2020-09-10 09:32:14.110,4.686,2000
2020-09-10 09:32:14.110,4.686,12400
2020-09-10 09:32:14.110,4.686,10000
2020-09-10 09:32:14.110,4.686,1200
2020-09-10 09:32:14.110,4.686,100000
2020-09-10 09:32:14.110,4.686,1000
2020-09-10 09:32:14.110,4.686,6000
2020-09-10 09:32:14.110,4.686,700
2020-09-10 09:32:14.890,4.686,100
2020-09-10 09:32:14.970,4.686,20000
2020-09-10 09:32:15.000,4.686,300000
2020-09-10 09:32:15.270,4.686,1500
2020-09-10 09:32:15.510,4.686,5000
2020-09-10 09:32:15.530,4.686,2000
2020-09-10 09:32:16.310,4.687,100
2020-09-10 09:32:16.570,4.687,10000
2020-09-10 09:32:16.830,4.686,2000
2020-09-10 09:32:16.830,4.686,900
2020-09-10 09:32:16.830,4.685,4100
2020-09-10 09:32:17.060,4.685,10000
2020-09-10 09:32:17.300,4.686,52700
2020-09-10 09:32:17.300,4.687,1400
2020-09-10 09:32:17.300,4.687,10000
2020-09-10 09:32:17.300,4.687,1000
2020-09-10 09:32:17.300,4.687,7000
2020-09-10 09:32:17.300,4.687,16600
2020-09-10 09:32:17.300,4.687,20000
2020-09-10 09:32:17.300,4.687,10000
2020-09-10 09:32:17.300,4.687,17200
2020-09-10 09:32:17.300,4.687,6600
2020-09-10 09:32:17.730,4.686,100
2020-09-10 09:32:18.170,4.686,100
2020-09-10 09:32:18.170,4.686,300
2020-09-10 09:32:18.170,4.685,1600
2020-09-10 09:32:18.460,4.685,4000
2020-09-10 09:32:18.540,4.686,100
2020-09-10 09:32:19.190,4.685,15000
2020-09-10 09:32:19.460,4.686,500
2020-09-10 09:32:19.810,4.685,246500
2020-09-10 09:32:19.810,4.685,1500
2020-09-10 09:32:19.810,4.685,30000
2020-09-10 09:32:19.810,4.685,22000
2020-09-10 09:32:19.890,4.685,10000
2020-09-10 09:32:20.000,4.685,250000
2020-09-10 09:32:20.470,4.686,9400
2020-09-10 09:32:20.470,4.686,200
2020-09-10 09:32:20.520,4.686,4000
2020-09-10 09:32:20.580,4.686,2100
2020-09-10 09:32:21.290,4.686,2700
2020-09-10 09:32:21.910,4.686,11600
2020-09-10 09:32:21.910,4.686,200
2020-09-10 09:32:21.910,4.686,4400
2020-09-10 09:32:22.510,4.686,500
2020-09-10 09:32:22.810,4.686,15000
2020-09-10 09:32:23.090,4.685,10000
2020-09-10 09:32:23.290,4.686,29000
2020-09-10 09:32:23.560,4.687,23400
2020-09-10 09:32:23.560,4.687,200
2020-09-10 09:32:23.560,4.687,500
2020-09-10 09:32:23.560,4.687,3000
2020-09-10 09:32:23.560,4.687,10000
2020-09-10 09:32:23.560,4.687,2900
2020-09-10 09:32:23.820,4.686,100
2020-09-10 09:32:24.960,4.686,1700
2020-09-10 09:32:25.080,4.686,369200
2020-09-10 09:32:25.080,4.686,100000
2020-09-10 09:32:25.080,4.686,1000
2020-09-10 09:32:25.080,4.686,4500
2020-09-10 09:32:25.080,4.685,145300
2020-09-10 09:32:25.080,4.685,700
2020-09-10 09:32:25.590,4.686,1500
2020-09-10 09:32:25.630,4.685,10000
2020-09-10 09:32:26.370,4.686,500
2020-09-10 09:32:26.430,4.685,40000
2020-09-10 09:32:26.430,4.685,7000
2020-09-10 09:32:26.950,4.685,11000
2020-09-10 09:32:26.950,4.686,1000
2020-09-10 09:32:27.580,4.685,10000
2020-09-10 09:32:27.610,4.685,200
2020-09-10 09:32:28.300,4.685,1000
2020-09-10 09:32:28.680,4.685,1000
2020-09-10 09:32:28.740,4.685,1000
2020-09-10 09:32:28.800,4.686,200
2020-09-10 09:32:28.850,4.685,3500
2020-09-10 09:32:28.880,4.686,800
2020-09-10 09:32:28.880,4.686,29200
2020-09-10 09:32:28.990,4.685,300
2020-09-10 09:32:29.170,4.686,100
2020-09-10 09:32:29.220,4.685,2000
2020-09-10 09:32:29.830,4.686,175900
2020-09-10 09:32:29.830,4.686,2900
2020-09-10 09:32:29.830,4.686,2000
2020-09-10 09:32:30.540,4.686,15000
2020-09-10 09:32:30.630,4.686,500
2020-09-10 09:32:31.110,4.686,1100
2020-09-10 09:32:31.140,4.686,1400
2020-09-10 09:32:31.230,4.686,34300
2020-09-10 09:32:32.070,4.687,50600
2020-09-10 09:32:32.070,4.687,1100
2020-09-10 09:32:32.070,4.687,500
2020-09-10 09:32:32.160,4.687,41100
2020-09-10 09:32:32.290,4.687,700
2020-09-10 09:32:32.830,4.687,10000
2020-09-10 09:32:33.040,4.687,1500
2020-09-10 09:32:34.520,4.687,500
2020-09-10 09:32:35.260,4.687,3000
2020-09-10 09:32:35.830,4.687,10000
2020-09-10 09:32:35.860,4.687,3000
2020-09-10 09:32:36.220,4.687,2000
2020-09-10 09:32:36.490,4.687,2000
2020-09-10 09:32:36.750,4.687,5000
2020-09-10 09:32:36.870,4.688,500
2020-09-10 09:32:37.310,4.688,2200
2020-09-10 09:32:38.180,4.687,250000
2020-09-10 09:32:38.770,4.687,400
2020-09-10 09:32:38.900,4.687,2300
2020-09-10 09:32:39.090,4.687,10000
2020-09-10 09:32:39.750,4.687,10000
2020-09-10 09:32:39.900,4.687,4700
2020-09-10 09:32:40.140,4.687,4000
2020-09-10 09:32:40.260,4.687,2000
2020-09-10 09:32:40.860,4.688,37300
2020-09-10 09:32:40.860,4.688,10000
2020-09-10 09:32:40.860,4.688,10000
2020-09-10 09:32:40.860,4.688,9000
2020-09-10 09:32:40.860,4.688,300
2020-09-10 09:32:40.860,4.688,100
2020-09-10 09:32:40.860,4.688,1000
2020-09-10 09:32:40.860,4.688,2100
2020-09-10 09:32:40.860,4.688,500
2020-09-10 09:32:40.860,4.688,1500
2020-09-10 09:32:40.860,4.688,2200
2020-09-10 09:32:40.860,4.688,15100
2020-09-10 09:32:40.860,4.688,10000
2020-09-10 09:32:40.860,4.688,10000
2020-09-10 09:32:40.860,4.688,2500
2020-09-10 09:32:40.860,4.688,2000
2020-09-10 09:32:40.860,4.688,100000
2020-09-10 09:32:40.860,4.688,8000
2020-09-10 09:32:40.860,4.688,172900
2020-09-10 09:32:40.860,4.688,1200
2020-09-10 09:32:40.860,4.688,1600
2020-09-10 09:32:40.860,4.688,2000
2020-09-10 09:32:40.860,4.688,5000
2020-09-10 09:32:40.860,4.688,10000
2020-09-10 09:32:40.860,4.688,25000
2020-09-10 09:32:40.860,4.688,12200
2020-09-10 09:32:41.220,4.688,200
2020-09-10 09:32:41.570,4.688,3700
2020-09-10 09:32:41.730,4.688,5000
2020-09-10 09:32:42.270,4.688,9400
2020-09-10 09:32:43.190,4.688,4500
2020-09-10 09:32:43.280,4.688,5000
2020-09-10 09:32:43.640,4.689,100
2020-09-10 09:32:43.640,4.689,300
2020-09-10 09:32:43.640,4.689,5500
2020-09-10 09:32:43.640,4.689,11600
2020-09-10 09:32:43.640,4.689,80000
2020-09-10 09:32:43.640,4.689,11500
2020-09-10 09:32:43.640,4.689,5000
2020-09-10 09:32:43.640,4.689,3000
2020-09-10 09:32:43.640,4.689,100
2020-09-10 09:32:43.640,4.689,9000
2020-09-10 09:32:43.640,4.689,200
2020-09-10 09:32:43.640,4.689,4300
2020-09-10 09:32:43.640,4.689,5400
2020-09-10 09:32:43.640,4.689,5400
2020-09-10 09:32:43.640,4.689,10000
2020-09-10 09:32:43.640,4.689,100
2020-09-10 09:32:43.640,4.689,6000
2020-09-10 09:32:43.640,4.689,1800
2020-09-10 09:32:43.640,4.689,5000
2020-09-10 09:32:43.640,4.689,7500
2020-09-10 09:32:43.640,4.689,3000
2020-09-10 09:32:43.640,4.689,10000
2020-09-10 09:32:43.640,4.689,2000
2020-09-10 09:32:45.010,4.689,11900
2020-09-10 09:32:45.210,4.689,3000
2020-09-10 09:32:45.990,4.689,5300
2020-09-10 09:32:46.460,4.689,5000
2020-09-10 09:32:46.640,4.689,4200
2020-09-10 09:32:46.940,4.689,10000
2020-09-10 09:32:47.100,4.689,1000
2020-09-10 09:32:47.850,4.689,85200
2020-09-10 09:32:48.380,4.689,10000
2020-09-10 09:32:48.400,4.689,100
2020-09-10 09:32:48.430,4.689,3000
2020-09-10 09:32:49.420,4.689,2200
2020-09-10 09:32:49.720,4.689,3000
2020-09-10 09:32:49.800,4.689,50000
2020-09-10 09:32:49.830,4.689,20000
2020-09-10 09:32:49.950,4.689,5700
2020-09-10 09:32:50.040,4.689,20000
2020-09-10 09:32:50.390,4.69,200
2020-09-10 09:32:50.390,4.69,2000
2020-09-10 09:32:50.390,4.69,2800
2020-09-10 09:32:50.660,4.689,57400
2020-09-10 09:32:51.750,4.689,1800
2020-09-10 09:32:51.750,4.689,300
2020-09-10 09:32:51.750,4.688,18000
2020-09-10 09:32:52.020,4.69,2200
2020-09-10 09:32:52.020,4.69,1000
2020-09-10 09:32:52.020,4.69,6900
2020-09-10 09:32:52.020,4.69,300
2020-09-10 09:32:52.020,4.69,1000
2020-09-10 09:32:52.020,4.69,1000
2020-09-10 09:32:52.020,4.69,500
2020-09-10 09:32:52.020,4.69,1600
2020-09-10 09:32:52.020,4.69,50000
2020-09-10 09:32:52.020,4.69,2000
2020-09-10 09:32:52.020,4.69,120000
2020-09-10 09:32:52.020,4.69,5000
2020-09-10 09:32:52.020,4.69,3000
2020-09-10 09:32:52.020,4.69,2500
2020-09-10 09:32:52.020,4.69,50000
2020-09-10 09:32:52.020,4.69,100
2020-09-10 09:32:52.020,4.69,4000
2020-09-10 09:32:52.020,4.69,2200
2020-09-10 09:32:52.020,4.69,1000
2020-09-10 09:32:52.020,4.69,4700
2020-09-10 09:32:52.020,4.69,100
2020-09-10 09:32:52.020,4.69,2500
2020-09-10 09:32:52.020,4.69,1000
2020-09-10 09:32:52.020,4.69,1900
2020-09-10 09:32:52.020,4.69,5200
2020-09-10 09:32:52.020,4.69,300
2020-09-10 09:32:52.020,4.69,100
2020-09-10 09:32:52.020,4.69,200
2020-09-10 09:32:52.020,4.69,8000
2020-09-10 09:32:52.020,4.69,500
2020-09-10 09:32:52.020,4.69,100
2020-09-10 09:32:52.020,4.69,25100
2020-09-10 09:32:52.020,4.69,10000
2020-09-10 09:32:52.020,4.69,3000
2020-09-10 09:32:52.020,4.69,16300
2020-09-10 09:32:52.020,4.69,2000
2020-09-10 09:32:52.020,4.69,26000
2020-09-10 09:32:52.020,4.69,25000
2020-09-10 09:32:52.020,4.69,100
2020-09-10 09:32:52.020,4.69,3000
2020-09-10 09:32:52.020,4.69,1500
2020-09-10 09:32:52.020,4.69,2000
2020-09-10 09:32:52.020,4.69,5000
2020-09-10 09:32:52.350,4.69,800
2020-09-10 09:32:52.500,4.69,3000
2020-09-10 09:32:52.690,4.69,29800
2020-09-10 09:32:52.780,4.688,1800
2020-09-10 09:32:53.240,4.69,100000
2020-09-10 09:32:53.820,4.689,2200
2020-09-10 09:32:53.930,4.689,3800
2020-09-10 09:32:53.930,4.69,4800
2020-09-10 09:32:54.050,4.689,500
2020-09-10 09:32:54.050,4.689,2100
2020-09-10 09:32:54.240,4.688,5000
2020-09-10 09:32:54.540,4.689,17900
2020-09-10 09:32:54.540,4.689,5800
2020-09-10 09:32:54.540,4.69,6300
2020-09-10 09:32:54.630,4.689,10000
2020-09-10 09:32:54.630,4.689,1000
2020-09-10 09:32:54.960,4.69,2200
2020-09-10 09:32:55.120,4.689,1000
2020-09-10 09:32:55.170,4.689,400
2020-09-10 09:32:55.380,4.688,700
2020-09-10 09:32:55.780,4.688,10000
2020-09-10 09:32:55.830,4.688,10000
2020-09-10 09:32:56.420,4.69,900
2020-09-10 09:32:57.070,4.69,6900
2020-09-10 09:32:57.070,4.69,100
2020-09-10 09:32:57.070,4.69,5000
2020-09-10 09:32:57.070,4.69,2000
2020-09-10 09:32:57.070,4.69,11400
2020-09-10 09:32:57.370,4.688,1800
2020-09-10 09:32:57.510,4.69,200
2020-09-10 09:32:58.090,4.688,50000
2020-09-10 09:32:58.210,4.688,1000
2020-09-10 09:32:58.460,4.688,6000
2020-09-10 09:32:59.240,4.688,7000
2020-09-10 09:32:59.980,4.689,400
2020-09-10 09:32:59.980,4.689,3000
2020-09-10 09:33:00.100,4.689,1200
2020-09-10 09:33:00.100,4.689,7200
2020-09-10 09:33:00.420,4.688,5000
2020-09-10 09:33:00.550,4.689,100
2020-09-10 09:33:00.860,4.688,50000
2020-09-10 09:33:01.470,4.689,2000
2020-09-10 09:33:01.710,4.688,17700
2020-09-10 09:33:01.940,4.688,100
2020-09-10 09:33:02.230,4.689,10000
2020-09-10 09:33:02.410,4.688,20000
2020-09-10 09:33:02.700,4.688,3000
2020-09-10 09:33:02.820,4.689,3000
2020-09-10 09:33:03.230,4.688,6400
2020-09-10 09:33:04.130,4.689,2200
2020-09-10 09:33:04.130,4.688,30000
2020-09-10 09:33:04.190,4.688,10000
2020-09-10 09:33:04.750,4.688,18400
2020-09-10 09:33:05.080,4.688,148800
2020-09-10 09:33:05.080,4.688,3900
2020-09-10 09:33:05.080,4.688,1000
2020-09-10 09:33:05.080,4.688,1000
2020-09-10 09:33:05.080,4.688,500
2020-09-10 09:33:05.080,4.688,3000
2020-09-10 09:33:05.080,4.688,2000
2020-09-10 09:33:05.080,4.688,1000
2020-09-10 09:33:05.080,4.688,20000
2020-09-10 09:33:05.080,4.688,200
2020-09-10 09:33:05.080,4.688,50000
2020-09-10 09:33:05.080,4.688,300
2020-09-10 09:33:05.080,4.688,55300
2020-09-10 09:33:05.080,4.688,282500
2020-09-10 09:33:05.190,4.688,50000
2020-09-10 09:33:05.190,4.688,50000
2020-09-10 09:33:05.400,4.688,20000
2020-09-10 09:33:05.730,4.688,1500
2020-09-10 09:33:05.760,4.688,20000
2020-09-10 09:33:06.050,4.688,5400
2020-09-10 09:33:06.240,4.688,3100
2020-09-10 09:33:06.240,4.688,5000
2020-09-10 09:33:06.240,4.688,200
2020-09-10 09:33:06.330,4.688,200
2020-09-10 09:33:07.040,4.688,100
2020-09-10 09:33:07.400,4.688,100
2020-09-10 09:33:07.430,4.688,100
2020-09-10 09:33:07.770,4.687,29100
2020-09-10 09:33:07.770,4.687,1000
2020-09-10 09:33:07.770,4.687,2900
2020-09-10 09:33:07.940,4.687,2100
2020-09-10 09:33:07.940,4.687,900
2020-09-10 09:33:07.970,4.688,5000
2020-09-10 09:33:08.120,4.687,400
2020-09-10 09:33:08.120,4.687,600
2020-09-10 09:33:08.120,4.687,8800
2020-09-10 09:33:08.200,4.688,6200
2020-09-10 09:33:08.200,4.688,2200
2020-09-10 09:33:08.200,4.688,2000
2020-09-10 09:33:08.200,4.688,3000
2020-09-10 09:33:08.200,4.688,5100
2020-09-10 09:33:08.200,4.688,1500
2020-09-10 09:33:09.330,4.687,10000
2020-09-10 09:33:09.550,4.688,400
2020-09-10 09:33:09.920,4.688,700
2020-09-10 09:33:10.080,4.687,10000
2020-09-10 09:33:10.100,4.688,2400
2020-09-10 09:33:10.100,4.688,2600
2020-09-10 09:33:10.100,4.687,10000
2020-09-10 09:33:10.610,4.688,100
2020-09-10 09:33:10.790,4.687,20000
2020-09-10 09:33:11.720,4.687,5100
2020-09-10 09:33:11.830,4.687,4200
2020-09-10 09:33:11.990,4.687,5100
2020-09-10 09:33:12.890,4.687,2500
2020-09-10 09:33:12.960,4.687,300
2020-09-10 09:33:13.120,4.687,12800
2020-09-10 09:33:13.710,4.687,10000
2020-09-10 09:33:15.100,4.687,1200
2020-09-10 09:33:15.100,4.687,200
2020-09-10 09:33:15.100,4.687,600
2020-09-10 09:33:15.100,4.687,100
2020-09-10 09:33:15.100,4.687,300
2020-09-10 09:33:15.100,4.687,1900
2020-09-10 09:33:15.100,4.687,6500
2020-09-10 09:33:15.220,4.688,500
2020-09-10 09:33:15.550,4.688,1800
2020-09-10 09:33:15.550,4.688,8200
2020-09-10 09:33:15.640,4.687,2000
2020-09-10 09:33:16.480,4.687,200
2020-09-10 09:33:16.570,4.687,5000
2020-09-10 09:33:17.090,4.687,5500
2020-09-10 09:33:17.090,4.687,18000
2020-09-10 09:33:17.520,4.687,6500
2020-09-10 09:33:17.580,4.687,400
2020-09-10 09:33:17.730,4.687,300
2020-09-10 09:33:18.030,4.687,22100
2020-09-10 09:33:18.250,4.687,10000
2020-09-10 09:33:18.650,4.688,2400
2020-09-10 09:33:18.650,4.688,9600
2020-09-10 09:33:18.650,4.688,1000
2020-09-10 09:33:18.650,4.688,5100
2020-09-10 09:33:18.650,4.688,25800
2020-09-10 09:33:18.650,4.688,5100
2020-09-10 09:33:18.650,4.688,4300
2020-09-10 09:33:18.650,4.688,100
2020-09-10 09:33:18.650,4.688,25000
2020-09-10 09:33:18.650,4.688,700
2020-09-10 09:33:18.650,4.688,3000
2020-09-10 09:33:18.650,4.688,2000
2020-09-10 09:33:18.650,4.688,3000
2020-09-10 09:33:18.650,4.688,2000
2020-09-10 09:33:18.650,4.688,2500
2020-09-10 09:33:18.650,4.688,5000
2020-09-10 09:33:18.650,4.688,200
2020-09-10 09:33:18.650,4.688,200
2020-09-10 09:33:18.650,4.688,1400
2020-09-10 09:33:18.650,4.688,50200
2020-09-10 09:33:18.650,4.688,7100
2020-09-10 09:33:19.170,4.688,100
2020-09-10 09:33:19.230,4.687,500
2020-09-10 09:33:19.470,4.688,300
2020-09-10 09:33:20.210,4.688,3000
2020-09-10 09:33:20.270,4.687,1000
2020-09-10 09:33:20.380,4.688,1000
2020-09-10 09:33:20.540,4.688,500
2020-09-10 09:33:21.120,4.687,5000
2020-09-10 09:33:21.210,4.687,9600
2020-09-10 09:33:21.300,4.687,7400
2020-09-10 09:33:21.300,4.687,69200
2020-09-10 09:33:21.450,4.687,1000
2020-09-10 09:33:21.600,4.687,500
2020-09-10 09:33:21.780,4.687,10000
2020-09-10 09:33:22.020,4.687,400
2020-09-10 09:33:22.520,4.687,2000
2020-09-10 09:33:22.520,4.687,400
2020-09-10 09:33:22.610,4.686,200
2020-09-10 09:33:22.610,4.686,100
2020-09-10 09:33:22.610,4.686,5100
2020-09-10 09:33:23.030,4.687,400
2020-09-10 09:33:23.860,4.686,4900
2020-09-10 09:33:23.860,4.686,200
2020-09-10 09:33:23.860,4.686,100
2020-09-10 09:33:23.860,4.686,200
2020-09-10 09:33:23.860,4.686,200
2020-09-10 09:33:23.860,4.686,7400
2020-09-10 09:33:23.860,4.687,2000
2020-09-10 09:33:24.590,4.687,2000
2020-09-10 09:33:24.590,4.687,1300
2020-09-10 09:33:25.020,4.687,300
2020-09-10 09:33:25.430,4.687,100
2020-09-10 09:33:26.230,4.686,2600
2020-09-10 09:33:26.230,4.686,3400
2020-09-10 09:33:26.230,4.686,1000
2020-09-10 09:33:26.230,4.686,500
2020-09-10 09:33:26.230,4.686,1000
2020-09-10 09:33:26.230,4.686,1000
2020-09-10 09:33:26.230,4.686,2000
2020-09-10 09:33:26.230,4.686,200
2020-09-10 09:33:26.230,4.686,28300
2020-09-10 09:33:26.320,4.687,500
2020-09-10 09:33:26.750,4.686,1700
2020-09-10 09:33:26.750,4.685,48300
2020-09-10 09:33:27.200,4.685,2000
2020-09-10 09:33:27.620,4.685,45300
2020-09-10 09:33:27.680,4.685,20000
2020-09-10 09:33:27.680,4.687,200
2020-09-10 09:33:27.940,4.687,400
2020-09-10 09:33:28.120,4.687,2000
2020-09-10 09:33:28.120,4.687,200
2020-09-10 09:33:28.120,4.687,100
2020-09-10 09:33:28.180,4.687,500
2020-09-10 09:33:28.210,4.687,300
2020-09-10 09:33:28.210,4.687,400
2020-09-10 09:33:28.770,4.687,1400
2020-09-10 09:33:28.770,4.687,600
2020-09-10 09:33:29.390,4.686,800
2020-09-10 09:33:29.570,4.687,1400
2020-09-10 09:33:29.570,4.687,700
2020-09-10 09:33:29.640,4.686,20000
2020-09-10 09:33:29.850,4.686,279200
2020-09-10 09:33:29.850,4.686,217100
2020-09-10 09:33:31.100,4.686,500
2020-09-10 09:33:31.100,4.687,200
2020-09-10 09:33:31.170,4.687,400
2020-09-10 09:33:31.370,4.685,10000
2020-09-10 09:33:32.060,4.685,8300
2020-09-10 09:33:32.470,4.685,3000
2020-09-10 09:33:33.240,4.685,1000
2020-09-10 09:33:33.360,4.686,1000
2020-09-10 09:33:34.900,4.685,7500
2020-09-10 09:33:35.830,4.685,7200
2020-09-10 09:33:35.960,4.685,20000
2020-09-10 09:33:36.380,4.686,1000
2020-09-10 09:33:36.780,4.686,100
2020-09-10 09:33:36.810,4.686,500
2020-09-10 09:33:36.890,4.685,18900
2020-09-10 09:33:37.310,4.685,14800
2020-09-10 09:33:37.580,4.685,10400
2020-09-10 09:33:37.610,4.685,1300
2020-09-10 09:33:37.650,4.686,500
2020-09-10 09:33:37.920,4.686,400
2020-09-10 09:33:37.920,4.686,700
2020-09-10 09:33:38.070,4.686,11600
2020-09-10 09:33:38.520,4.686,1000
2020-09-10 09:33:39.020,4.685,100
2020-09-10 09:33:39.020,4.685,10000
2020-09-10 09:33:39.250,4.686,500
2020-09-10 09:33:39.460,4.686,500
2020-09-10 09:33:39.520,4.685,4800
2020-09-10 09:33:40.850,4.685,6800
2020-09-10 09:33:40.930,4.686,1700
2020-09-10 09:33:41.440,4.685,2000
2020-09-10 09:33:41.470,4.686,100
2020-09-10 09:33:41.470,4.685,1700
2020-09-10 09:33:41.770,4.686,1000
2020-09-10 09:33:41.830,4.686,2900
2020-09-10 09:33:41.830,4.686,5000
2020-09-10 09:33:41.830,4.686,3200
2020-09-10 09:33:41.980,4.686,100
2020-09-10 09:33:42.190,4.686,4000
2020-09-10 09:33:42.410,4.685,5000
2020-09-10 09:33:42.890,4.686,100
2020-09-10 09:33:43.010,4.685,10000
2020-09-10 09:33:43.570,4.685,3000
2020-09-10 09:33:43.990,4.685,6000
2020-09-10 09:33:44.460,4.685,3000
2020-09-10 09:33:44.570,4.685,5500
2020-09-10 09:33:44.790,4.685,1000
2020-09-10 09:33:45.020,4.685,50000
2020-09-10 09:33:45.080,4.685,10000
2020-09-10 09:33:45.140,4.686,3000
2020-09-10 09:33:45.320,4.686,9100
2020-09-10 09:33:46.090,4.686,500
2020-09-10 09:33:46.090,4.686,900
2020-09-10 09:33:46.090,4.686,1000
2020-09-10 09:33:46.090,4.686,7500
2020-09-10 09:33:46.090,4.686,6100
2020-09-10 09:33:46.240,4.685,34500
2020-09-10 09:33:46.300,4.685,3600
2020-09-10 09:33:46.300,4.685,100000
2020-09-10 09:33:46.300,4.685,1000
2020-09-10 09:33:46.300,4.685,200
2020-09-10 09:33:46.300,4.685,100000
2020-09-10 09:33:46.300,4.685,500
2020-09-10 09:33:46.300,4.685,2000
2020-09-10 09:33:46.300,4.685,1100
2020-09-10 09:33:46.300,4.685,5200
2020-09-10 09:33:46.300,4.685,100
2020-09-10 09:33:46.300,4.685,86400
2020-09-10 09:33:46.670,4.686,1000
2020-09-10 09:33:46.670,4.686,100
2020-09-10 09:33:46.820,4.685,5000
2020-09-10 09:33:46.940,4.685,3300
2020-09-10 09:33:47.200,4.685,5300
2020-09-10 09:33:47.200,4.685,4700
2020-09-10 09:33:47.480,4.686,100
2020-09-10 09:33:48.070,4.686,5600
2020-09-10 09:33:48.070,4.686,700
2020-09-10 09:33:48.510,4.685,300
2020-09-10 09:33:49.400,4.685,100
2020-09-10 09:33:49.400,4.685,2000
2020-09-10 09:33:49.400,4.685,1000
2020-09-10 09:33:49.400,4.685,100
2020-09-10 09:33:49.400,4.685,800
2020-09-10 09:33:49.670,4.686,800
2020-09-10 09:33:49.910,4.685,6500
2020-09-10 09:33:50.240,4.685,20000
2020-09-10 09:33:51.030,4.686,8500
2020-09-10 09:33:51.030,4.686,3000
2020-09-10 09:33:51.030,4.686,20000
2020-09-10 09:33:51.030,4.686,10000
2020-09-10 09:33:51.030,4.686,800
2020-09-10 09:33:51.030,4.686,1500
2020-09-10 09:33:51.030,4.686,1000
2020-09-10 09:33:51.030,4.686,5000
2020-09-10 09:33:51.180,4.686,200
2020-09-10 09:33:51.520,4.685,600
2020-09-10 09:33:51.570,4.685,400
2020-09-10 09:33:51.790,4.686,4800
2020-09-10 09:33:51.790,4.686,200
2020-09-10 09:33:52.150,4.686,100
2020-09-10 09:33:52.270,4.686,200
2020-09-10 09:33:52.480,4.686,100
2020-09-10 09:33:52.540,4.685,1000
2020-09-10 09:33:52.630,4.685,11900
2020-09-10 09:33:52.660,4.685,12600
2020-09-10 09:33:52.660,4.685,400
2020-09-10 09:33:53.600,4.685,1000
2020-09-10 09:33:54.210,4.685,5000
2020-09-10 09:33:54.240,4.685,800
2020-09-10 09:33:54.270,4.685,1000
2020-09-10 09:33:54.720,4.685,200
2020-09-10 09:33:54.780,4.685,37800
2020-09-10 09:33:54.780,4.685,1000
2020-09-10 09:33:54.780,4.685,1000
2020-09-10 09:33:54.780,4.685,4100
2020-09-10 09:33:54.780,4.684,100
2020-09-10 09:33:54.780,4.684,1000
2020-09-10 09:33:54.780,4.684,5000
2020-09-10 09:33:55.500,4.684,2500
2020-09-10 09:33:55.550,4.685,400
2020-09-10 09:33:55.960,4.685,3600
2020-09-10 09:33:55.960,4.685,400
2020-09-10 09:33:56.190,4.685,11600
2020-09-10 09:33:56.190,4.685,6400
2020-09-10 09:33:56.190,4.686,1600
2020-09-10 09:33:56.190,4.686,900
2020-09-10 09:33:56.190,4.686,4400
2020-09-10 09:33:56.190,4.686,400
2020-09-10 09:33:56.190,4.686,7200
2020-09-10 09:33:56.190,4.686,500
2020-09-10 09:33:56.190,4.686,2600
2020-09-10 09:33:56.190,4.686,300
2020-09-10 09:33:56.190,4.687,8700
2020-09-10 09:33:56.190,4.687,1000
2020-09-10 09:33:56.190,4.687,20000
2020-09-10 09:33:56.190,4.687,1400
2020-09-10 09:33:56.190,4.687,2300
2020-09-10 09:33:56.190,4.687,3900
2020-09-10 09:33:56.190,4.687,500
2020-09-10 09:33:56.190,4.687,20000
2020-09-10 09:33:56.190,4.687,6400
2020-09-10 09:33:56.190,4.687,237100
2020-09-10 09:33:56.540,4.685,100
2020-09-10 09:33:56.830,4.685,200
2020-09-10 09:33:56.860,4.685,4600
2020-09-10 09:33:56.860,4.685,1000
2020-09-10 09:33:56.860,4.685,500
2020-09-10 09:33:56.860,4.685,67700
2020-09-10 09:33:57.190,4.685,1000
2020-09-10 09:33:57.380,4.684,2500
2020-09-10 09:33:57.380,4.684,100
2020-09-10 09:33:57.380,4.684,100
2020-09-10 09:33:57.380,4.684,1100
2020-09-10 09:33:57.380,4.684,600
2020-09-10 09:33:57.380,4.684,100
2020-09-10 09:33:57.380,4.684,100
2020-09-10 09:33:57.380,4.684,100
2020-09-10 09:33:57.380,4.684,200
2020-09-10 09:33:57.380,4.684,200
2020-09-10 09:33:57.380,4.684,44900
2020-09-10 09:33:58.700,4.684,50000
2020-09-10 09:33:59.030,4.684,6000
2020-09-10 09:33:59.710,4.684,10000
2020-09-10 09:33:59.910,4.685,17300
2020-09-10 09:33:59.910,4.685,300000
2020-09-10 09:33:59.910,4.685,5000
2020-09-10 09:33:59.910,4.685,100
2020-09-10 09:33:59.910,4.685,2000
2020-09-10 09:33:59.910,4.685,15000
2020-09-10 09:33:59.910,4.685,1400
2020-09-10 09:33:59.910,4.685,11700
2020-09-10 09:34:00.210,4.686,10000
2020-09-10 09:34:00.420,4.685,50000
2020-09-10 09:34:00.680,4.686,100
2020-09-10 09:34:00.860,4.685,5000
2020-09-10 09:34:01.080,4.685,10000
2020-09-10 09:34:01.460,4.685,5000
2020-09-10 09:34:01.820,4.685,10000
2020-09-10 09:34:02.100,4.686,500
2020-09-10 09:34:02.670,4.686,500
2020-09-10 09:34:03.330,4.685,400
2020-09-10 09:34:03.440,4.685,20300
2020-09-10 09:34:03.440,4.685,27400
2020-09-10 09:34:03.500,4.685,17400
2020-09-10 09:34:03.710,4.685,300
2020-09-10 09:34:03.740,4.685,100
2020-09-10 09:34:03.910,4.686,3900
2020-09-10 09:34:03.910,4.686,2200
2020-09-10 09:34:03.910,4.686,6000
2020-09-10 09:34:03.910,4.686,6500
2020-09-10 09:34:03.910,4.686,7500
2020-09-10 09:34:03.910,4.686,20000
2020-09-10 09:34:03.910,4.686,3900
2020-09-10 09:34:04.280,4.685,20000
2020-09-10 09:34:04.650,4.686,6100
2020-09-10 09:34:04.650,4.686,3900
2020-09-10 09:34:04.740,4.685,3900
2020-09-10 09:34:04.770,4.685,10000
2020-09-10 09:34:04.890,4.685,3300
2020-09-10 09:34:05.190,4.685,216500
2020-09-10 09:34:05.190,4.685,1000
2020-09-10 09:34:05.190,4.685,1000
2020-09-10 09:34:05.190,4.684,10000
2020-09-10 09:34:05.190,4.684,71500
2020-09-10 09:34:05.640,4.685,3000
2020-09-10 09:34:06.150,4.685,600
2020-09-10 09:34:06.720,4.685,500
2020-09-10 09:34:06.920,4.684,10300
2020-09-10 09:34:07.120,4.685,400
2020-09-10 09:34:08.230,4.685,1500
2020-09-10 09:34:08.230,4.685,500
2020-09-10 09:34:08.370,4.685,900
2020-09-10 09:34:08.490,4.685,600
2020-09-10 09:34:08.490,4.685,300
2020-09-10 09:34:08.490,4.685,1100
2020-09-10 09:34:08.720,4.685,200
2020-09-10 09:34:09.210,4.684,7400
2020-09-10 09:34:10.030,4.685,30000
2020-09-10 09:34:10.800,4.685,500
2020-09-10 09:34:11.060,4.684,16300
2020-09-10 09:34:11.210,4.685,4800
2020-09-10 09:34:11.210,4.685,1200
2020-09-10 09:34:11.210,4.685,3000
2020-09-10 09:34:11.210,4.685,291000
2020-09-10 09:34:11.690,4.685,1000
2020-09-10 09:34:11.720,4.684,2000
2020-09-10 09:34:12.230,4.685,8000
2020-09-10 09:34:12.230,4.685,1000
2020-09-10 09:34:12.230,4.685,2500
2020-09-10 09:34:12.290,4.685,1700
2020-09-10 09:34:12.430,4.685,19800
2020-09-10 09:34:12.510,4.685,5300
2020-09-10 09:34:12.690,4.685,9800
