Datetime,Price,Volume
2020-10-21 09:25:00.800,3.419,300
2020-10-21 09:25:00.800,3.419,1200
2020-10-21 09:25:00.800,3.419,400
2020-10-21 09:25:00.800,3.419,2400
2020-10-21 09:25:00.800,3.419,2000
2020-10-21 09:25:00.800,3.419,10000
2020-10-21 09:25:00.800,3.419,100
2020-10-21 09:25:00.800,3.419,9200
2020-10-21 09:25:00.800,3.419,800
2020-10-21 09:25:00.800,3.419,1000
2020-10-21 09:25:00.800,3.419,100
2020-10-21 09:25:00.800,3.419,2900
2020-10-21 09:25:00.800,3.419,3600
2020-10-21 09:25:00.800,3.419,300
2020-10-21 09:25:00.800,3.419,300
2020-10-21 09:25:00.800,3.419,2000
2020-10-21 09:25:00.800,3.419,300
2020-10-21 09:25:00.800,3.419,2400
2020-10-21 09:25:00.800,3.419,10000
2020-10-21 09:25:00.800,3.419,2800
2020-10-21 09:25:00.800,3.419,1000
2020-10-21 09:25:00.800,3.419,1
2020-10-21 09:25:00.800,3.419,200
2020-10-21 09:25:00.800,3.419,24500
2020-10-21 09:25:00.800,3.419,22500
2020-10-21 09:25:00.800,3.419,16099
2020-10-21 09:25:00.800,3.419,100
2020-10-21 09:25:00.800,3.419,100
2020-10-21 09:25:00.800,3.419,1701
2020-10-21 09:25:00.800,3.419,3100
2020-10-21 09:25:00.800,3.419,15199
2020-10-21 09:25:00.800,3.419,4701
2020-10-21 09:25:00.800,3.419,400
2020-10-21 09:25:00.800,3.419,5000
2020-10-21 09:25:00.800,3.419,8999
2020-10-21 09:25:00.800,3.419,13301
2020-10-21 09:25:00.800,3.419,3000
2020-10-21 09:25:00.800,3.419,3699
2020-10-21 09:25:00.800,3.419,1301
2020-10-21 09:25:00.800,3.419,10000
2020-10-21 09:25:00.800,3.419,1000
2020-10-21 09:25:00.800,3.419,6000
2020-10-21 09:25:00.800,3.419,1699
2020-10-21 09:25:00.800,3.419,100
2020-10-21 09:25:00.800,3.419,100
2020-10-21 09:25:00.800,3.419,100
2020-10-21 09:25:00.800,3.419,11901
2020-10-21 09:25:00.800,3.419,8099
2020-10-21 09:25:00.800,3.419,3000
2020-10-21 09:25:00.800,3.419,28901
2020-10-21 09:25:00.800,3.419,2500
2020-10-21 09:25:00.800,3.419,5000
2020-10-21 09:25:00.800,3.419,10000
2020-10-21 09:25:00.800,3.419,5000
2020-10-21 09:25:00.800,3.419,2000
2020-10-21 09:25:00.800,3.419,15900
2020-10-21 09:25:00.800,3.419,1000
2020-10-21 09:25:00.800,3.419,24200
2020-10-21 09:25:00.800,3.419,100
2020-10-21 09:25:00.800,3.419,2000
2020-10-21 09:25:00.800,3.419,24500
2020-10-21 09:25:00.800,3.419,100
2020-10-21 09:25:00.800,3.419,20000
2020-10-21 09:25:00.800,3.419,5000
2020-10-21 09:25:00.800,3.419,20000
2020-10-21 09:25:00.800,3.419,14700
2020-10-21 09:25:00.800,3.419,5500
2020-10-21 09:25:00.800,3.419,5000
2020-10-21 09:25:00.800,3.419,2900
2020-10-21 09:25:00.800,3.419,10000
2020-10-21 09:25:00.800,3.419,20000
2020-10-21 09:25:00.800,3.419,10000
2020-10-21 09:25:00.800,3.419,5000
2020-10-21 09:25:00.800,3.419,20000
2020-10-21 09:25:00.800,3.419,1000
2020-10-21 09:25:00.800,3.419,10000
2020-10-21 09:25:00.800,3.419,2000
2020-10-21 09:25:00.800,3.419,4000
2020-10-21 09:25:00.800,3.419,10000
2020-10-21 09:25:00.800,3.419,1600
2020-10-21 09:25:00.800,3.419,12099
2020-10-21 09:25:00.800,3.419,100
2020-10-21 09:25:00.800,3.419,18201
2020-10-21 09:25:00.800,3.419,30000
2020-10-21 09:25:00.800,3.419,10000
2020-10-21 09:25:00.800,3.419,23700
2020-10-21 09:25:00.800,3.419,10000
2020-10-21 09:25:00.800,3.419,4800
2020-10-21 09:25:00.800,3.419,1000
2020-10-21 09:25:00.800,3.419,10000
2020-10-21 09:25:00.800,3.419,3500
2020-10-21 09:25:00.800,3.419,3000
2020-10-21 09:25:00.800,3.419,7000
2020-10-21 09:25:00.800,3.419,10000
2020-10-21 09:25:00.800,3.419,40000
2020-10-21 09:25:00.800,3.419,5000
2020-10-21 09:25:00.800,3.419,500
2020-10-21 09:25:00.800,3.419,100
2020-10-21 09:30:00.110,3.419,123199
2020-10-21 09:30:00.110,3.419,29000
2020-10-21 09:30:00.110,3.419,800
2020-10-21 09:30:00.110,3.419,10000
2020-10-21 09:30:00.290,3.419,1000
2020-10-21 09:30:00.590,3.419,2000
2020-10-21 09:30:00.590,3.419,400
2020-10-21 09:30:00.590,3.418,100
2020-10-21 09:30:00.700,3.418,900
2020-10-21 09:30:00.700,3.419,100
2020-10-21 09:30:00.850,3.419,50000
2020-10-21 09:30:00.850,3.417,100
2020-10-21 09:30:00.850,3.417,900
2020-10-21 09:30:00.960,3.419,2000
2020-10-21 09:30:00.960,3.419,1000
2020-10-21 09:30:00.960,3.419,100
2020-10-21 09:30:00.960,3.419,100
2020-10-21 09:30:00.960,3.419,1400
2020-10-21 09:30:01.070,3.419,3000
2020-10-21 09:30:01.070,3.419,2000
2020-10-21 09:30:01.210,3.419,11700
2020-10-21 09:30:01.330,3.419,62201
2020-10-21 09:30:01.330,3.419,500
2020-10-21 09:30:01.330,3.419,7000
2020-10-21 09:30:01.330,3.419,4300
2020-10-21 09:30:01.330,3.419,1000
2020-10-21 09:30:01.330,3.419,7199
2020-10-21 09:30:01.330,3.419,1100
2020-10-21 09:30:01.440,3.418,10000
2020-10-21 09:30:01.440,3.417,19100
2020-10-21 09:30:01.440,3.416,100
2020-10-21 09:30:01.440,3.416,800
2020-10-21 09:30:01.440,3.419,3000
2020-10-21 09:30:01.560,3.418,200
2020-10-21 09:30:01.560,3.419,4800
2020-10-21 09:30:01.670,3.419,20000
2020-10-21 09:30:01.670,3.419,40000
2020-10-21 09:30:01.670,3.419,1000
2020-10-21 09:30:01.780,3.418,200
2020-10-21 09:30:01.940,3.418,14800
2020-10-21 09:30:02.100,3.418,25000
2020-10-21 09:30:02.100,3.419,100
2020-10-21 09:30:02.230,3.419,9201
2020-10-21 09:30:02.230,3.419,400
2020-10-21 09:30:02.230,3.419,7000
2020-10-21 09:30:02.230,3.419,2000
2020-10-21 09:30:02.230,3.419,19599
2020-10-21 09:30:02.230,3.418,5000
2020-10-21 09:30:02.230,3.419,2300
2020-10-21 09:30:02.280,3.419,1000
2020-10-21 09:30:02.400,3.419,3100
2020-10-21 09:30:02.480,3.419,3000
2020-10-21 09:30:02.480,3.419,2000
2020-10-21 09:30:02.480,3.419,400
2020-10-21 09:30:02.480,3.419,1000
2020-10-21 09:30:02.570,3.419,200
2020-10-21 09:30:02.610,3.416,15400
2020-10-21 09:30:02.650,3.417,9500
2020-10-21 09:30:02.730,3.419,10000
2020-10-21 09:30:02.730,3.419,2900
2020-10-21 09:30:02.810,3.419,3101
2020-10-21 09:30:02.810,3.419,100
2020-10-21 09:30:02.810,3.419,4799
2020-10-21 09:30:03.060,3.419,15201
2020-10-21 09:30:03.060,3.419,500
2020-10-21 09:30:03.060,3.419,2000
2020-10-21 09:30:03.060,3.419,800
2020-10-21 09:30:03.060,3.419,1000
2020-10-21 09:30:03.060,3.419,1000
2020-10-21 09:30:03.060,3.419,1900
2020-10-21 09:30:03.060,3.419,10000
2020-10-21 09:30:03.060,3.419,2000
2020-10-21 09:30:03.060,3.419,500
2020-10-21 09:30:03.060,3.419,3000
2020-10-21 09:30:03.060,3.419,5000
2020-10-21 09:30:03.060,3.419,6500
2020-10-21 09:30:03.060,3.419,5000
2020-10-21 09:30:03.060,3.419,2600
2020-10-21 09:30:03.060,3.419,2400
2020-10-21 09:30:03.060,3.419,2000
2020-10-21 09:30:03.060,3.419,2200
2020-10-21 09:30:03.060,3.419,10000
2020-10-21 09:30:03.060,3.419,500
2020-10-21 09:30:03.060,3.419,15000
2020-10-21 09:30:03.060,3.419,1000
2020-10-21 09:30:03.060,3.419,13000
2020-10-21 09:30:03.060,3.419,900
2020-10-21 09:30:03.060,3.419,1000
2020-10-21 09:30:03.060,3.419,30000
2020-10-21 09:30:03.060,3.419,10600
2020-10-21 09:30:03.060,3.419,800
2020-10-21 09:30:03.060,3.42,5000
2020-10-21 09:30:03.060,3.42,11000
2020-10-21 09:30:03.060,3.42,8800
2020-10-21 09:30:03.060,3.42,12000
2020-10-21 09:30:03.060,3.42,5000
2020-10-21 09:30:03.060,3.42,5000
2020-10-21 09:30:03.060,3.42,1000
2020-10-21 09:30:03.060,3.42,20000
2020-10-21 09:30:03.060,3.42,4000
2020-10-21 09:30:03.060,3.42,3000
2020-10-21 09:30:03.060,3.42,1000
2020-10-21 09:30:03.060,3.42,100
2020-10-21 09:30:03.060,3.42,1900
2020-10-21 09:30:03.060,3.42,800
2020-10-21 09:30:03.060,3.42,500
2020-10-21 09:30:03.060,3.42,500
2020-10-21 09:30:03.060,3.42,100
2020-10-21 09:30:03.060,3.42,15000
2020-10-21 09:30:03.060,3.42,10000
2020-10-21 09:30:03.060,3.42,6000
2020-10-21 09:30:03.060,3.42,100
2020-10-21 09:30:03.060,3.42,5200
2020-10-21 09:30:03.060,3.42,10000
2020-10-21 09:30:03.060,3.42,20000
2020-10-21 09:30:03.060,3.42,1000
2020-10-21 09:30:03.060,3.42,2200
2020-10-21 09:30:03.060,3.42,4399
2020-10-21 09:30:03.060,3.42,40000
2020-10-21 09:30:03.240,3.42,1000
2020-10-21 09:30:03.280,3.419,100
2020-10-21 09:30:03.310,3.419,3200
2020-10-21 09:30:03.350,3.419,2000
2020-10-21 09:30:03.420,3.419,5000
2020-10-21 09:30:03.450,3.419,300
2020-10-21 09:30:03.630,3.42,2600
2020-10-21 09:30:03.710,3.42,2001
2020-10-21 09:30:03.710,3.42,4900
2020-10-21 09:30:03.710,3.42,5000
2020-10-21 09:30:03.710,3.42,1000
2020-10-21 09:30:03.710,3.42,1000
2020-10-21 09:30:03.710,3.42,1900
2020-10-21 09:30:03.710,3.42,3000
2020-10-21 09:30:03.710,3.42,4000
2020-10-21 09:30:03.710,3.42,3500
2020-10-21 09:30:03.860,3.42,20000
2020-10-21 09:30:03.900,3.42,10000
2020-10-21 09:30:04.010,3.42,1000
2020-10-21 09:30:04.090,3.421,1000
2020-10-21 09:30:04.090,3.421,10000
2020-10-21 09:30:04.090,3.421,3600
2020-10-21 09:30:04.090,3.42,800
2020-10-21 09:30:04.230,3.42,50000
2020-10-21 09:30:04.230,3.42,15100
2020-10-21 09:30:04.430,3.42,20000
2020-10-21 09:30:04.640,3.42,2000
2020-10-21 09:30:04.810,3.42,3000
2020-10-21 09:30:04.940,3.421,1600
2020-10-21 09:30:05.030,3.421,1500
2020-10-21 09:30:05.030,3.421,17200
2020-10-21 09:30:05.160,3.421,200
2020-10-21 09:30:05.160,3.42,4500
2020-10-21 09:30:05.690,3.42,5000
2020-10-21 09:30:05.750,3.421,47400
2020-10-21 09:30:05.750,3.421,1500
2020-10-21 09:30:05.750,3.421,36500
2020-10-21 09:30:05.750,3.421,20000
2020-10-21 09:30:05.750,3.421,200
2020-10-21 09:30:05.750,3.421,38000
2020-10-21 09:30:05.750,3.421,45700
2020-10-21 09:30:05.780,3.421,700
2020-10-21 09:30:06.030,3.42,100
2020-10-21 09:30:06.350,3.42,1000
2020-10-21 09:30:06.420,3.42,73400
2020-10-21 09:30:07.470,3.421,11200
2020-10-21 09:30:08.480,3.42,700
2020-10-21 09:30:08.860,3.42,1500
2020-10-21 09:30:09.550,3.42,3600
2020-10-21 09:30:10.140,3.42,2000
2020-10-21 09:30:10.470,3.42,20000
2020-10-21 09:30:10.560,3.421,66600
2020-10-21 09:30:10.560,3.421,1800
2020-10-21 09:30:10.560,3.421,5900
2020-10-21 09:30:10.560,3.421,2000
2020-10-21 09:30:10.560,3.421,40000
2020-10-21 09:30:10.560,3.421,10000
2020-10-21 09:30:10.560,3.421,10000
2020-10-21 09:30:10.560,3.421,13000
2020-10-21 09:30:10.560,3.421,100000
2020-10-21 09:30:10.560,3.421,13100
2020-10-21 09:30:10.560,3.421,500
2020-10-21 09:30:10.560,3.421,10000
2020-10-21 09:30:10.560,3.422,200
2020-10-21 09:30:10.560,3.422,100
2020-10-21 09:30:10.560,3.422,10000
2020-10-21 09:30:10.560,3.422,1000
2020-10-21 09:30:10.560,3.422,7600
2020-10-21 09:30:10.560,3.422,8200
2020-10-21 09:30:10.560,3.42,800
2020-10-21 09:30:10.680,3.42,200
2020-10-21 09:30:11.270,3.421,124200
2020-10-21 09:30:12.270,3.421,50000
2020-10-21 09:30:12.400,3.421,11000
2020-10-21 09:30:13.580,3.421,82600
2020-10-21 09:30:13.710,3.421,2000
2020-10-21 09:30:14.330,3.422,100
2020-10-21 09:30:14.490,3.421,30200
2020-10-21 09:30:14.490,3.421,168500
2020-10-21 09:30:15.010,3.421,15000
2020-10-21 09:30:15.500,3.421,1000
2020-10-21 09:30:16.480,3.421,4300
2020-10-21 09:30:16.480,3.421,25700
2020-10-21 09:30:16.620,3.422,11700
2020-10-21 09:30:16.620,3.422,7000
2020-10-21 09:30:16.620,3.422,3100
2020-10-21 09:30:16.620,3.422,5000
2020-10-21 09:30:16.620,3.422,7200
2020-10-21 09:30:16.620,3.422,1000
2020-10-21 09:30:16.620,3.422,5000
2020-10-21 09:30:16.620,3.422,1800
2020-10-21 09:30:16.620,3.422,50000
2020-10-21 09:30:16.620,3.422,8200
2020-10-21 09:30:16.800,3.421,300000
2020-10-21 09:30:17.250,3.421,1000
2020-10-21 09:30:17.430,3.421,30000
2020-10-21 09:30:17.600,3.421,10000
2020-10-21 09:30:17.720,3.422,21800
2020-10-21 09:30:17.720,3.422,40000
2020-10-21 09:30:17.720,3.422,100000
2020-10-21 09:30:17.720,3.422,138200
2020-10-21 09:30:17.860,3.421,40000
2020-10-21 09:30:17.920,3.421,2900
2020-10-21 09:30:18.440,3.421,30000
2020-10-21 09:30:18.440,3.421,100
2020-10-21 09:30:18.440,3.421,30000
2020-10-21 09:30:18.700,3.421,296000
2020-10-21 09:30:19.390,3.421,30000
2020-10-21 09:30:20.280,3.421,104300
2020-10-21 09:30:20.280,3.421,60000
2020-10-21 09:30:20.280,3.421,1300
2020-10-21 09:30:20.280,3.42,20000
2020-10-21 09:30:20.280,3.42,4000
2020-10-21 09:30:20.280,3.42,1000
2020-10-21 09:30:20.280,3.42,1000
2020-10-21 09:30:20.280,3.42,30000
2020-10-21 09:30:20.280,3.419,30000
2020-10-21 09:30:20.280,3.419,40000
2020-10-21 09:30:20.280,3.419,2000
2020-10-21 09:30:20.280,3.419,6400
2020-10-21 09:30:20.300,3.422,4300
2020-10-21 09:30:22.300,3.419,3600
2020-10-21 09:30:22.300,3.419,5000
2020-10-21 09:30:22.300,3.419,100
2020-10-21 09:30:22.300,3.419,291300
2020-10-21 09:30:24.340,3.421,30000
2020-10-21 09:30:24.340,3.421,400
2020-10-21 09:30:24.340,3.421,15100
2020-10-21 09:30:24.340,3.421,40000
2020-10-21 09:30:24.340,3.421,3200
2020-10-21 09:30:26.400,3.419,1000
2020-10-21 09:30:26.880,3.421,1000
2020-10-21 09:30:26.880,3.421,57000
2020-10-21 09:30:27.100,3.421,200
2020-10-21 09:30:27.980,3.421,12600
2020-10-21 09:30:30.130,3.42,100
2020-10-21 09:30:30.130,3.419,4900
2020-10-21 09:30:34.690,3.419,2000
2020-10-21 09:30:34.920,3.419,20000
2020-10-21 09:30:35.050,3.419,10000
2020-10-21 09:30:35.050,3.419,20000
2020-10-21 09:30:35.170,3.419,100
2020-10-21 09:30:35.720,3.419,112900
2020-10-21 09:30:35.720,3.419,187100
2020-10-21 09:30:35.920,3.419,10000
2020-10-21 09:30:36.280,3.419,100
2020-10-21 09:30:36.890,3.419,60000
2020-10-21 09:30:36.950,3.419,60000
2020-10-21 09:30:37.420,3.419,40000
2020-10-21 09:30:38.130,3.419,300000
2020-10-21 09:30:38.250,3.419,10000
2020-10-21 09:30:38.280,3.419,5000
2020-10-21 09:30:38.580,3.419,95900
2020-10-21 09:30:38.600,3.419,700
2020-10-21 09:30:39.120,3.419,10000
2020-10-21 09:30:39.120,3.419,50000
2020-10-21 09:30:39.120,3.419,100000
2020-10-21 09:30:39.170,3.419,71200
2020-10-21 09:30:39.170,3.419,14600
2020-10-21 09:30:39.170,3.419,14200
2020-10-21 09:30:39.170,3.419,100000
2020-10-21 09:30:39.170,3.419,100000
2020-10-21 09:30:39.410,3.419,30000
2020-10-21 09:30:39.890,3.419,30000
2020-10-21 09:30:39.970,3.419,25800
2020-10-21 09:30:39.970,3.419,7300
2020-10-21 09:30:39.970,3.419,30000
2020-10-21 09:30:42.120,3.417,30000
2020-10-21 09:30:42.120,3.417,30000
2020-10-21 09:30:42.910,3.417,10000
2020-10-21 09:30:43.840,3.418,7300
2020-10-21 09:30:45.100,3.417,30000
2020-10-21 09:30:45.100,3.417,30000
2020-10-21 09:30:45.100,3.417,2000
2020-10-21 09:30:46.950,3.416,5000
2020-10-21 09:30:46.950,3.416,10000
2020-10-21 09:30:46.950,3.415,100
2020-10-21 09:30:46.950,3.415,3000
2020-10-21 09:30:46.950,3.415,1900
2020-10-21 09:30:47.250,3.415,3100
2020-10-21 09:30:48.100,3.417,2400
2020-10-21 09:30:48.100,3.417,4900
2020-10-21 09:30:50.190,3.416,15000
2020-10-21 09:30:53.950,3.415,400
2020-10-21 09:30:55.160,3.417,600
2020-10-21 09:30:55.280,3.415,3200
2020-10-21 09:30:59.620,3.416,300
2020-10-21 09:30:59.660,3.416,1200
2020-10-21 09:31:00.450,3.415,1000
2020-10-21 09:31:01.450,3.415,2300
2020-10-21 09:31:02.420,3.415,8100
2020-10-21 09:31:02.420,3.415,1900
2020-10-21 09:31:02.420,3.415,300
2020-10-21 09:31:02.800,3.416,1100
2020-10-21 09:31:02.800,3.416,1200
2020-10-21 09:31:02.800,3.416,600
2020-10-21 09:31:03.190,3.415,6000
2020-10-21 09:31:05.600,3.415,1800
2020-10-21 09:31:05.600,3.415,100
2020-10-21 09:31:05.600,3.415,3700
2020-10-21 09:31:05.600,3.415,400
2020-10-21 09:31:05.880,3.415,100
2020-10-21 09:31:05.880,3.415,7400
2020-10-21 09:31:05.880,3.415,2500
2020-10-21 09:31:06.050,3.415,29800
2020-10-21 09:31:06.950,3.415,19700
2020-10-21 09:31:08.390,3.415,400
2020-10-21 09:31:08.480,3.415,18600
2020-10-21 09:31:10.600,3.415,200
2020-10-21 09:31:10.800,3.415,15000
2020-10-21 09:31:11.050,3.415,53800
2020-10-21 09:31:11.050,3.415,14900
2020-10-21 09:31:11.340,3.415,3000
2020-10-21 09:31:11.430,3.415,22100
2020-10-21 09:31:11.430,3.415,3000
2020-10-21 09:31:14.030,3.415,11200
2020-10-21 09:31:16.280,3.414,100
2020-10-21 09:31:16.280,3.414,4300
2020-10-21 09:31:16.930,3.415,3000
2020-10-21 09:31:17.450,3.414,2000
2020-10-21 09:31:17.920,3.414,3700
2020-10-21 09:31:17.920,3.414,200
2020-10-21 09:31:17.920,3.414,100
2020-10-21 09:31:17.920,3.414,2000
2020-10-21 09:31:17.920,3.414,5900
2020-10-21 09:31:19.430,3.414,4100
2020-10-21 09:31:19.430,3.414,3300
2020-10-21 09:31:20.630,3.414,700
2020-10-21 09:31:22.080,3.413,100
2020-10-21 09:31:22.080,3.413,1700
2020-10-21 09:31:22.080,3.413,300
2020-10-21 09:31:22.080,3.413,10000
2020-10-21 09:31:22.080,3.413,40000
2020-10-21 09:31:22.080,3.413,5000
2020-10-21 09:31:22.080,3.413,3600
2020-10-21 09:31:22.080,3.413,20000
2020-10-21 09:31:22.940,3.414,1000
2020-10-21 09:31:22.940,3.414,600
2020-10-21 09:31:25.440,3.413,100
2020-10-21 09:31:26.940,3.413,200
2020-10-21 09:31:28.450,3.413,58600
2020-10-21 09:31:29.320,3.412,100
2020-10-21 09:31:29.320,3.412,900
2020-10-21 09:31:29.320,3.412,1000
2020-10-21 09:31:29.320,3.412,1000
2020-10-21 09:31:29.320,3.412,100
2020-10-21 09:31:29.320,3.412,200
2020-10-21 09:31:29.320,3.412,300
2020-10-21 09:31:29.320,3.412,100
2020-10-21 09:31:29.320,3.412,1000
2020-10-21 09:31:29.320,3.412,300
2020-10-21 09:31:29.320,3.412,400
2020-10-21 09:31:29.320,3.412,200
2020-10-21 09:31:29.320,3.412,100
2020-10-21 09:31:29.320,3.412,1500
2020-10-21 09:31:29.320,3.412,3900
2020-10-21 09:31:29.320,3.412,100
2020-10-21 09:31:29.320,3.412,300
2020-10-21 09:31:29.320,3.412,700
2020-10-21 09:31:29.320,3.412,600
2020-10-21 09:31:29.320,3.412,1100
2020-10-21 09:31:30.260,3.413,7000
2020-10-21 09:31:31.800,3.413,12300
2020-10-21 09:31:31.800,3.413,1800
2020-10-21 09:31:31.800,3.413,44000
2020-10-21 09:31:32.670,3.413,27900
2020-10-21 09:31:32.670,3.413,48900
2020-10-21 09:31:33.220,3.413,5000
2020-10-21 09:31:33.590,3.413,100000
2020-10-21 09:31:34.760,3.413,300
2020-10-21 09:31:36.680,3.413,700
2020-10-21 09:31:36.680,3.413,10000
2020-10-21 09:31:36.680,3.412,300
2020-10-21 09:31:36.680,3.412,1500
2020-10-21 09:31:36.680,3.412,1000
2020-10-21 09:31:36.680,3.412,300
2020-10-21 09:31:36.680,3.412,1500
2020-10-21 09:31:36.680,3.412,300
2020-10-21 09:31:36.680,3.412,100
2020-10-21 09:31:36.680,3.412,3500
2020-10-21 09:31:38.340,3.413,100
2020-10-21 09:31:38.340,3.413,4800
2020-10-21 09:31:39.560,3.413,2200
2020-10-21 09:31:43.360,3.413,9800
2020-10-21 09:31:43.360,3.413,20200
2020-10-21 09:31:44.420,3.413,279800
2020-10-21 09:31:44.420,3.414,20200
2020-10-21 09:31:45.610,3.413,100
2020-10-21 09:31:45.640,3.413,3000
2020-10-21 09:31:45.760,3.413,3100
2020-10-21 09:31:46.500,3.413,300
2020-10-21 09:31:47.000,3.413,100
2020-10-21 09:31:47.310,3.413,500
2020-10-21 09:31:48.150,3.414,39000
2020-10-21 09:31:48.150,3.414,1000
2020-10-21 09:31:48.150,3.414,260000
2020-10-21 09:31:50.950,3.413,7000
2020-10-21 09:31:53.870,3.413,25900
2020-10-21 09:31:53.870,3.413,300
2020-10-21 09:31:53.870,3.413,5000
2020-10-21 09:31:53.870,3.413,800
2020-10-21 09:31:56.070,3.412,24500
2020-10-21 09:31:56.070,3.412,1100
2020-10-21 09:31:56.070,3.412,1000
2020-10-21 09:31:56.070,3.412,5000
2020-10-21 09:31:56.070,3.412,10000
2020-10-21 09:31:56.070,3.412,32000
2020-10-21 09:31:56.070,3.412,6000
2020-10-21 09:31:56.070,3.412,1000
2020-10-21 09:31:56.070,3.412,1000
2020-10-21 09:31:56.070,3.412,5000
2020-10-21 09:31:56.070,3.412,2000
2020-10-21 09:31:56.070,3.412,40000
2020-10-21 09:31:56.070,3.412,5000
2020-10-21 09:31:58.010,3.411,100
2020-10-21 09:31:58.010,3.411,200
2020-10-21 09:31:58.010,3.411,1500
2020-10-21 09:31:58.010,3.411,4600
2020-10-21 09:31:58.010,3.411,13500
2020-10-21 09:31:58.010,3.411,5000
2020-10-21 09:31:58.010,3.411,2000
2020-10-21 09:31:58.010,3.411,2000
2020-10-21 09:31:58.010,3.411,5000
2020-10-21 09:31:58.010,3.411,5000
2020-10-21 09:31:58.010,3.411,9100
2020-10-21 09:31:58.010,3.411,13000
2020-10-21 09:31:58.010,3.411,100
2020-10-21 09:31:58.900,3.41,100
2020-10-21 09:31:58.900,3.41,1000
2020-10-21 09:31:58.900,3.41,200
2020-10-21 09:31:58.900,3.41,1000
2020-10-21 09:31:58.900,3.41,5900
2020-10-21 09:31:58.900,3.41,10000
2020-10-21 09:31:58.900,3.41,1700
2020-10-21 09:31:58.900,3.41,2800
2020-10-21 09:31:58.900,3.41,1000
2020-10-21 09:31:58.900,3.41,2000
2020-10-21 09:31:58.900,3.41,500
2020-10-21 09:31:58.900,3.41,141800
2020-10-21 09:31:59.210,3.41,12900
2020-10-21 09:32:00.330,3.411,1000
2020-10-21 09:32:00.600,3.411,1000
2020-10-21 09:32:00.750,3.41,13200
2020-10-21 09:32:00.750,3.41,15000
2020-10-21 09:32:00.750,3.41,10000
2020-10-21 09:32:00.750,3.41,20000
2020-10-21 09:32:00.750,3.41,14600
2020-10-21 09:32:00.750,3.41,7200
2020-10-21 09:32:00.750,3.41,10000
2020-10-21 09:32:00.750,3.41,20000
2020-10-21 09:32:01.860,3.41,10000
2020-10-21 09:32:01.950,3.409,100
2020-10-21 09:32:01.950,3.409,1000
2020-10-21 09:32:01.950,3.409,200
2020-10-21 09:32:01.950,3.409,500
2020-10-21 09:32:01.950,3.409,3000
2020-10-21 09:32:01.950,3.409,4000
2020-10-21 09:32:01.950,3.409,2000
2020-10-21 09:32:02.040,3.41,14600
2020-10-21 09:32:02.280,3.409,1000
2020-10-21 09:32:02.280,3.409,500
2020-10-21 09:32:02.560,3.409,75000
2020-10-21 09:32:02.640,3.408,2000
2020-10-21 09:32:02.640,3.408,2900
2020-10-21 09:32:02.640,3.408,100
2020-10-21 09:32:02.640,3.408,1000
2020-10-21 09:32:02.640,3.408,200
2020-10-21 09:32:02.640,3.408,1000
2020-10-21 09:32:02.640,3.408,2500
2020-10-21 09:32:02.640,3.408,5000
2020-10-21 09:32:02.640,3.408,3000
2020-10-21 09:32:02.640,3.408,20000
2020-10-21 09:32:02.640,3.408,1500
2020-10-21 09:32:05.720,3.408,100
2020-10-21 09:32:05.720,3.408,2000
2020-10-21 09:32:05.720,3.408,200
2020-10-21 09:32:06.090,3.408,57100
2020-10-21 09:32:06.090,3.409,223500
2020-10-21 09:32:06.090,3.409,600000
2020-10-21 09:32:06.090,3.409,19400
2020-10-21 09:32:07.090,3.409,280600
2020-10-21 09:32:07.350,3.409,1800
2020-10-21 09:32:09.100,3.409,50000
2020-10-21 09:32:09.100,3.409,70000
2020-10-21 09:32:10.630,3.409,30000
2020-10-21 09:32:11.550,3.41,1500
2020-10-21 09:32:12.450,3.409,400
2020-10-21 09:32:12.600,3.409,200
2020-10-21 09:32:13.210,3.41,1500
2020-10-21 09:32:16.230,3.41,298500
2020-10-21 09:32:16.230,3.41,1500
2020-10-21 09:32:17.340,3.41,5000
2020-10-21 09:32:17.490,3.41,100
2020-10-21 09:32:18.540,3.41,3400
2020-10-21 09:32:18.540,3.41,2000
2020-10-21 09:32:18.540,3.41,500
2020-10-21 09:32:19.100,3.409,9700
2020-10-21 09:32:19.910,3.41,2500
2020-10-21 09:32:19.910,3.41,1500
2020-10-21 09:32:19.910,3.41,15100
2020-10-21 09:32:23.560,3.411,300
2020-10-21 09:32:23.560,3.411,1000
2020-10-21 09:32:23.560,3.411,2000
2020-10-21 09:32:23.560,3.411,100
2020-10-21 09:32:25.170,3.41,2000
2020-10-21 09:32:26.020,3.41,8900
2020-10-21 09:32:26.020,3.41,11100
2020-10-21 09:32:26.940,3.41,10000
2020-10-21 09:32:31.760,3.411,1000
2020-10-21 09:32:33.500,3.411,10000
2020-10-21 09:32:33.800,3.412,400
2020-10-21 09:32:33.830,3.41,6200
2020-10-21 09:32:35.820,3.411,2600
2020-10-21 09:32:35.820,3.411,300
2020-10-21 09:32:36.800,3.411,100
2020-10-21 09:32:37.250,3.41,59300
2020-10-21 09:32:37.410,3.411,1000
2020-10-21 09:32:42.770,3.411,21100
2020-10-21 09:32:42.770,3.411,12900
2020-10-21 09:32:42.770,3.411,1000
2020-10-21 09:32:42.770,3.411,5000
2020-10-21 09:32:42.820,3.411,3100
2020-10-21 09:32:43.110,3.412,4100
2020-10-21 09:32:44.670,3.412,2000
2020-10-21 09:32:46.510,3.412,2000
2020-10-21 09:32:49.200,3.412,7000
2020-10-21 09:32:50.830,3.411,7000
2020-10-21 09:32:51.110,3.412,284900
2020-10-21 09:32:51.110,3.412,172400
2020-10-21 09:32:55.160,3.411,300
2020-10-21 09:32:56.940,3.411,100
2020-10-21 09:32:59.050,3.411,600000
2020-10-21 09:32:59.200,3.412,10000
2020-10-21 09:32:59.930,3.411,90000
2020-10-21 09:33:00.170,3.411,159500
2020-10-21 09:33:00.170,3.411,100
2020-10-21 09:33:00.170,3.411,5000
2020-10-21 09:33:00.170,3.411,2000
2020-10-21 09:33:00.170,3.411,500
2020-10-21 09:33:00.170,3.411,131500
2020-10-21 09:33:00.230,3.411,300000
2020-10-21 09:33:00.470,3.411,100000
2020-10-21 09:33:00.470,3.411,10000
2020-10-21 09:33:00.790,3.411,10000
2020-10-21 09:33:01.290,3.411,10000
2020-10-21 09:33:01.510,3.411,150000
2020-10-21 09:33:01.510,3.412,3000
2020-10-21 09:33:01.540,3.411,188500
2020-10-21 09:33:01.540,3.411,10000
2020-10-21 09:33:01.540,3.411,7000
2020-10-21 09:33:02.050,3.41,300000
2020-10-21 09:33:02.540,3.41,100
2020-10-21 09:33:02.540,3.41,5000
2020-10-21 09:33:02.540,3.41,4900
2020-10-21 09:33:02.540,3.41,100
2020-10-21 09:33:02.540,3.41,1000
2020-10-21 09:33:02.540,3.41,8900
2020-10-21 09:33:02.540,3.411,15000
2020-10-21 09:33:03.480,3.411,20000
2020-10-21 09:33:03.720,3.41,3400
2020-10-21 09:33:04.880,3.41,70700
2020-10-21 09:33:04.880,3.41,6000
2020-10-21 09:33:04.880,3.41,5000
2020-10-21 09:33:04.880,3.41,5800
2020-10-21 09:33:04.880,3.41,2500
2020-10-21 09:33:05.680,3.41,2500
2020-10-21 09:33:05.680,3.41,20000
2020-10-21 09:33:05.680,3.41,5000
2020-10-21 09:33:05.680,3.41,2400
2020-10-21 09:33:05.960,3.41,36000
2020-10-21 09:33:06.010,3.41,3000
2020-10-21 09:33:06.220,3.41,7000
2020-10-21 09:33:06.370,3.41,1800
2020-10-21 09:33:07.250,3.409,2900
2020-10-21 09:33:07.250,3.409,1000
2020-10-21 09:33:07.250,3.409,1000
2020-10-21 09:33:07.250,3.409,5000
2020-10-21 09:33:07.250,3.409,100
2020-10-21 09:33:07.250,3.409,5000
2020-10-21 09:33:07.250,3.409,93000
2020-10-21 09:33:08.920,3.409,700
2020-10-21 09:33:11.350,3.409,191300
2020-10-21 09:33:11.590,3.409,65100
2020-10-21 09:33:11.680,3.409,100
2020-10-21 09:33:15.920,3.41,300
2020-10-21 09:33:17.900,3.41,3000
2020-10-21 09:33:18.220,3.409,59500
2020-10-21 09:33:18.430,3.409,30000
2020-10-21 09:33:18.600,3.41,219000
2020-10-21 09:33:18.600,3.41,300000
2020-10-21 09:33:18.600,3.41,10000
2020-10-21 09:33:18.600,3.41,12300
2020-10-21 09:33:18.600,3.41,3300
2020-10-21 09:33:19.610,3.41,1000
2020-10-21 09:33:20.840,3.41,10000
2020-10-21 09:33:21.440,3.41,5000
2020-10-21 09:33:24.490,3.41,1500
2020-10-21 09:33:25.370,3.41,2000
2020-10-21 09:33:28.740,3.411,10000
2020-10-21 09:33:28.740,3.411,100
2020-10-21 09:33:28.740,3.411,14500
2020-10-21 09:33:28.740,3.411,93000
2020-10-21 09:33:28.740,3.411,3200
2020-10-21 09:33:28.740,3.411,150000
2020-10-21 09:33:28.740,3.411,1100
2020-10-21 09:33:28.740,3.411,28100
2020-10-21 09:33:29.810,3.411,71900
2020-10-21 09:33:29.810,3.411,500
2020-10-21 09:33:30.340,3.411,7000
2020-10-21 09:33:35.530,3.411,200
2020-10-21 09:33:41.060,3.411,60300
2020-10-21 09:33:41.890,3.411,33900
2020-10-21 09:33:43.320,3.411,1000
2020-10-21 09:33:43.780,3.411,900
2020-10-21 09:33:44.180,3.412,31600
2020-10-21 09:33:44.180,3.412,10000
2020-10-21 09:33:44.180,3.412,1500
2020-10-21 09:33:44.180,3.412,16900
2020-10-21 09:33:44.580,3.411,13400
2020-10-21 09:33:45.710,3.411,100
2020-10-21 09:33:47.030,3.412,20000
2020-10-21 09:33:48.160,3.412,63100
2020-10-21 09:33:48.160,3.412,200
2020-10-21 09:33:49.400,3.412,20000
2020-10-21 09:33:49.490,3.412,5000
2020-10-21 09:33:50.120,3.413,100
2020-10-21 09:33:50.610,3.412,1800
2020-10-21 09:33:51.710,3.412,1400
2020-10-21 09:33:52.200,3.413,299900
2020-10-21 09:33:52.200,3.413,100
2020-10-21 09:33:52.510,3.413,9900
2020-10-21 09:33:52.510,3.413,100000
2020-10-21 09:33:54.070,3.414,1000
2020-10-21 09:33:54.070,3.414,155700
2020-10-21 09:33:54.070,3.414,10000
2020-10-21 09:33:54.070,3.414,3000
2020-10-21 09:33:54.070,3.414,100
2020-10-21 09:33:54.070,3.414,2000
2020-10-21 09:33:54.070,3.414,100
2020-10-21 09:33:54.070,3.414,100000
2020-10-21 09:33:54.070,3.414,100000
2020-10-21 09:33:54.940,3.414,90600
2020-10-21 09:33:55.000,3.413,5000
2020-10-21 09:33:58.190,3.413,300000
2020-10-21 09:33:58.430,3.413,10000
2020-10-21 09:33:58.430,3.413,40000
2020-10-21 09:33:58.430,3.413,20000
2020-10-21 09:33:58.430,3.413,10000
2020-10-21 09:33:59.400,3.413,10000
2020-10-21 09:33:59.420,3.413,70000
2020-10-21 09:33:59.420,3.413,70000
2020-10-21 09:33:59.420,3.413,40000
2020-10-21 09:33:59.420,3.413,70000
2020-10-21 09:33:59.420,3.413,70000
2020-10-21 09:33:59.480,3.413,75100
2020-10-21 09:33:59.480,3.413,1000
2020-10-21 09:34:03.610,3.413,100
2020-10-21 09:34:06.720,3.413,60000
2020-10-21 09:34:07.980,3.412,5000
2020-10-21 09:34:09.120,3.412,500
2020-10-21 09:34:09.260,3.412,400
2020-10-21 09:34:10.140,3.413,163800
2020-10-21 09:34:10.140,3.413,300000
2020-10-21 09:34:10.140,3.413,500
2020-10-21 09:34:10.140,3.413,700
2020-10-21 09:34:10.140,3.413,42500
2020-10-21 09:34:10.140,3.413,2000
2020-10-21 09:34:10.140,3.413,300000
2020-10-21 09:34:10.140,3.413,90500
2020-10-21 09:34:10.570,3.413,3200
2020-10-21 09:34:10.670,3.413,1000
2020-10-21 09:34:10.910,3.413,4500
2020-10-21 09:34:11.930,3.413,600
2020-10-21 09:34:14.770,3.413,1000
2020-10-21 09:34:15.130,3.413,24000
2020-10-21 09:34:15.300,3.413,300
2020-10-21 09:34:18.930,3.413,4600
2020-10-21 09:34:19.170,3.413,13000
2020-10-21 09:34:19.500,3.412,100
2020-10-21 09:34:19.910,3.413,5000
2020-10-21 09:34:21.150,3.412,600
2020-10-21 09:34:24.430,3.413,40000
2020-10-21 09:34:24.600,3.413,7000
2020-10-21 09:34:25.110,3.413,205100
2020-10-21 09:34:25.110,3.413,56200
2020-10-21 09:34:25.110,3.413,5000
2020-10-21 09:34:25.110,3.413,10000
2020-10-21 09:34:25.110,3.413,5800
2020-10-21 09:34:25.110,3.413,45900
2020-10-21 09:34:25.250,3.413,16500
2020-10-21 09:34:25.720,3.413,10000
2020-10-21 09:34:25.720,3.413,100000
2020-10-21 09:34:25.720,3.413,100000
2020-10-21 09:34:25.720,3.413,30000
2020-10-21 09:34:25.720,3.413,100000
2020-10-21 09:34:25.720,3.413,100000
2020-10-21 09:34:26.140,3.413,59400
2020-10-21 09:34:26.490,3.413,100
2020-10-21 09:34:28.060,3.413,400
2020-10-21 09:34:31.000,3.414,5000
2020-10-21 09:34:31.230,3.413,10000
2020-10-21 09:34:32.510,3.414,285000
2020-10-21 09:34:32.510,3.414,500
2020-10-21 09:34:32.510,3.414,38000
2020-10-21 09:34:32.510,3.414,7400
2020-10-21 09:34:32.510,3.414,100000
2020-10-21 09:34:32.510,3.414,300000
2020-10-21 09:34:32.510,3.414,169100
2020-10-21 09:34:32.770,3.414,1500
2020-10-21 09:34:35.700,3.414,13900
2020-10-21 09:34:35.780,3.413,3000
2020-10-21 09:34:35.960,3.413,10000
2020-10-21 09:34:36.420,3.414,315500
2020-10-21 09:34:36.420,3.414,60000
2020-10-21 09:34:36.420,3.414,200252
2020-10-21 09:34:36.420,3.414,30000
2020-10-21 09:34:36.420,3.414,1000
2020-10-21 09:34:36.420,3.414,20000
2020-10-21 09:34:36.850,3.414,30000
2020-10-21 09:34:37.700,3.414,100000
2020-10-21 09:34:37.700,3.414,30000
2020-10-21 09:34:37.700,3.414,60000
2020-10-21 09:34:38.270,3.414,18800
2020-10-21 09:34:38.720,3.414,34448
2020-10-21 09:34:38.720,3.414,18800
2020-10-21 09:34:40.020,3.413,1200
2020-10-21 09:34:40.110,3.413,10000
2020-10-21 09:34:40.970,3.413,21400
2020-10-21 09:34:40.970,3.413,400
2020-10-21 09:34:40.970,3.413,78200
2020-10-21 09:34:40.970,3.413,60000
2020-10-21 09:34:41.170,3.413,30000
2020-10-21 09:34:41.750,3.413,1000
2020-10-21 09:34:42.940,3.413,100000
2020-10-21 09:34:42.940,3.413,60000
2020-10-21 09:34:42.940,3.413,100000
2020-10-21 09:34:43.700,3.413,100000
2020-10-21 09:34:43.750,3.413,20000
2020-10-21 09:34:44.420,3.413,100000
2020-10-21 09:34:46.190,3.414,246752
2020-10-21 09:34:46.190,3.414,500000
2020-10-21 09:34:46.190,3.414,30000
2020-10-21 09:34:46.190,3.414,20000
2020-10-21 09:34:46.190,3.414,40000
2020-10-21 09:34:46.190,3.414,7700
2020-10-21 09:34:46.190,3.414,10000
2020-10-21 09:34:46.720,3.414,30000
2020-10-21 09:34:46.970,3.414,15548
2020-10-21 09:34:48.110,3.414,5000
2020-10-21 09:34:48.490,3.413,2800
2020-10-21 09:34:48.490,3.414,479452
2020-10-21 09:34:48.490,3.414,6100
2020-10-21 09:34:49.950,3.414,40000
2020-10-21 09:34:51.400,3.414,40000
2020-10-21 09:34:51.400,3.414,100000
2020-10-21 09:34:51.400,3.414,30000
2020-10-21 09:34:52.710,3.414,80000
2020-10-21 09:34:52.710,3.414,80000
2020-10-21 09:34:52.710,3.414,40000
2020-10-21 09:34:54.170,3.415,3500
2020-10-21 09:34:54.170,3.415,1000
2020-10-21 09:34:54.170,3.415,500
2020-10-21 09:34:54.500,3.414,1000
2020-10-21 09:34:54.920,3.414,3648
2020-10-21 09:34:54.920,3.414,133552
2020-10-21 09:34:55.010,3.415,18000
2020-10-21 09:34:55.010,3.415,10000
2020-10-21 09:34:55.010,3.415,20000
2020-10-21 09:34:55.010,3.415,40000
2020-10-21 09:34:55.010,3.415,1400
2020-10-21 09:34:55.010,3.415,100
2020-10-21 09:34:55.010,3.415,30000
2020-10-21 09:34:55.010,3.415,429600
2020-10-21 09:34:55.010,3.415,10000
2020-10-21 09:34:55.010,3.415,53700
2020-10-21 09:34:55.710,3.415,70000
2020-10-21 09:34:55.710,3.415,70000
2020-10-21 09:34:55.710,3.415,80000
2020-10-21 09:34:55.740,3.415,67200
2020-10-21 09:34:56.450,3.414,12900
2020-10-21 09:34:56.830,3.415,500
2020-10-21 09:34:58.230,3.415,500
2020-10-21 09:34:58.590,3.415,100
2020-10-21 09:34:58.710,3.414,100000
2020-10-21 09:34:58.710,3.414,30000
2020-10-21 09:34:58.710,3.414,90000
2020-10-21 09:34:58.710,3.414,60000
2020-10-21 09:34:58.710,3.414,100000
2020-10-21 09:34:58.710,3.414,70000
2020-10-21 09:34:58.710,3.414,80000
2020-10-21 09:34:58.710,3.414,70000
2020-10-21 09:34:58.710,3.414,100000
2020-10-21 09:34:58.710,3.414,20000
2020-10-21 09:34:58.710,3.414,33548
2020-10-21 09:34:58.710,3.414,36452
2020-10-21 09:34:58.710,3.414,100000
2020-10-21 09:34:58.710,3.414,60000
2020-10-21 09:34:58.710,3.414,20000
2020-10-21 09:34:58.710,3.414,100000
2020-10-21 09:34:58.710,3.414,30000
2020-10-21 09:34:58.710,3.414,20000
2020-10-21 09:34:58.710,3.414,40000
2020-10-21 09:34:58.710,3.414,80000
2020-10-21 09:34:58.710,3.414,100000
2020-10-21 09:34:58.710,3.414,90000
2020-10-21 09:34:58.710,3.414,40000
2020-10-21 09:34:58.710,3.414,70000
2020-10-21 09:34:58.710,3.414,90000
2020-10-21 09:34:58.830,3.414,10000
2020-10-21 09:35:00.230,3.415,100
2020-10-21 09:35:01.770,3.414,60000
2020-10-21 09:35:01.770,3.414,60000
2020-10-21 09:35:01.770,3.414,100000
2020-10-21 09:35:01.770,3.414,100000
2020-10-21 09:35:01.770,3.414,100000
2020-10-21 09:35:01.770,3.414,70000
2020-10-21 09:35:01.770,3.414,90000
2020-10-21 09:35:01.770,3.414,60000
2020-10-21 09:35:01.770,3.414,10000
2020-10-21 09:35:01.770,3.414,30000
2020-10-21 09:35:01.770,3.414,100000
2020-10-21 09:35:01.770,3.414,80000
2020-10-21 09:35:01.770,3.414,40000
2020-10-21 09:35:01.770,3.414,5000
2020-10-21 09:35:01.770,3.414,1000
2020-10-21 09:35:01.770,3.414,12000
2020-10-21 09:35:02.270,3.413,300000
2020-10-21 09:35:03.410,3.414,2000
2020-10-21 09:35:04.070,3.414,40000
2020-10-21 09:35:04.070,3.414,76200
2020-10-21 09:35:04.770,3.413,300
2020-10-21 09:35:04.770,3.413,39700
2020-10-21 09:35:04.770,3.413,40000
2020-10-21 09:35:04.770,3.413,10000
2020-10-21 09:35:04.770,3.413,50000
2020-10-21 09:35:04.910,3.414,2000
2020-10-21 09:35:04.970,3.413,231600
2020-10-21 09:35:07.780,3.413,500
2020-10-21 09:35:07.780,3.413,30000
2020-10-21 09:35:07.780,3.413,1300
2020-10-21 09:35:07.780,3.413,8200
2020-10-21 09:35:07.780,3.413,80000
2020-10-21 09:35:07.780,3.413,100000
2020-10-21 09:35:07.780,3.413,100000
2020-10-21 09:35:07.780,3.413,100000
2020-10-21 09:35:07.780,3.413,20000
2020-10-21 09:35:07.780,3.413,100000
2020-10-21 09:35:07.780,3.413,70000
2020-10-21 09:35:07.780,3.413,20000
2020-10-21 09:35:07.780,3.413,20000
2020-10-21 09:35:07.780,3.413,40000
2020-10-21 09:35:07.780,3.413,80000
2020-10-21 09:35:07.780,3.413,70000
2020-10-21 09:35:07.780,3.413,91800
2020-10-21 09:35:10.170,3.413,8200
2020-10-21 09:35:10.170,3.413,11800
2020-10-21 09:35:10.270,3.413,1000
2020-10-21 09:35:10.740,3.412,40000
2020-10-21 09:35:10.740,3.412,40000
2020-10-21 09:35:10.740,3.412,80000
2020-10-21 09:35:10.740,3.412,100000
2020-10-21 09:35:10.760,3.413,7200
2020-10-21 09:35:10.760,3.413,70000
2020-10-21 09:35:10.760,3.413,20000
2020-10-21 09:35:10.760,3.413,70000
2020-10-21 09:35:10.760,3.413,300000
2020-10-21 09:35:10.760,3.413,50000
2020-10-21 09:35:10.760,3.413,6500
2020-10-21 09:35:10.760,3.413,10000
2020-10-21 09:35:10.760,3.413,20000
2020-10-21 09:35:10.760,3.413,20000
2020-10-21 09:35:10.760,3.413,300000
2020-10-21 09:35:10.760,3.413,26300
2020-10-21 09:35:11.460,3.413,7000
2020-10-21 09:35:11.750,3.412,33400
2020-10-21 09:35:11.750,3.412,2500
2020-10-21 09:35:11.750,3.412,1000
2020-10-21 09:35:11.750,3.412,10000
2020-10-21 09:35:11.750,3.412,20000
2020-10-21 09:35:12.130,3.411,50000
2020-10-21 09:35:12.130,3.411,10000
2020-10-21 09:35:12.130,3.411,100
2020-10-21 09:35:12.130,3.411,200
2020-10-21 09:35:12.130,3.411,2000
2020-10-21 09:35:12.130,3.411,10000
2020-10-21 09:35:12.130,3.411,500
2020-10-21 09:35:12.130,3.411,3000
2020-10-21 09:35:12.130,3.411,3000
2020-10-21 09:35:12.130,3.411,12000
2020-10-21 09:35:12.130,3.411,9200
2020-10-21 09:35:13.190,3.411,300000
2020-10-21 09:35:13.760,3.411,100000
2020-10-21 09:35:13.760,3.411,100000
2020-10-21 09:35:13.760,3.411,70000
2020-10-21 09:35:13.760,3.411,10000
2020-10-21 09:35:13.760,3.411,50000
2020-10-21 09:35:13.760,3.411,90000
2020-10-21 09:35:13.760,3.411,20000
2020-10-21 09:35:13.760,3.411,40000
2020-10-21 09:35:15.790,3.412,800
2020-10-21 09:35:17.680,3.41,1600
2020-10-21 09:35:17.680,3.41,23100
2020-10-21 09:35:17.680,3.41,10000
2020-10-21 09:35:17.680,3.41,1000
2020-10-21 09:35:17.680,3.41,13700
2020-10-21 09:35:17.680,3.41,400
2020-10-21 09:35:17.680,3.41,4000
2020-10-21 09:35:17.680,3.41,14100
2020-10-21 09:35:18.410,3.41,1500
2020-10-21 09:35:18.410,3.41,3000
2020-10-21 09:35:18.410,3.41,100
2020-10-21 09:35:19.530,3.409,7000
2020-10-21 09:35:19.530,3.409,5000
2020-10-21 09:35:19.530,3.409,1000
2020-10-21 09:35:19.530,3.409,200
2020-10-21 09:35:19.530,3.409,500
2020-10-21 09:35:19.720,3.408,1200
2020-10-21 09:35:19.720,3.408,3000
2020-10-21 09:35:19.720,3.408,5000
2020-10-21 09:35:19.720,3.408,500
2020-10-21 09:35:19.720,3.408,8700
2020-10-21 09:35:19.720,3.408,50000
2020-10-21 09:35:19.720,3.408,7900
2020-10-21 09:35:19.720,3.408,7000
2020-10-21 09:35:19.720,3.408,1400
2020-10-21 09:35:19.720,3.408,10000
2020-10-21 09:35:19.720,3.408,1900
2020-10-21 09:35:19.720,3.408,100
2020-10-21 09:35:19.720,3.408,3300
2020-10-21 09:35:21.590,3.409,1000
2020-10-21 09:35:21.980,3.409,20000
2020-10-21 09:35:22.380,3.409,20000
2020-10-21 09:35:22.650,3.409,45000
2020-10-21 09:35:22.770,3.409,20000
2020-10-21 09:35:23.460,3.409,20000
2020-10-21 09:35:23.720,3.409,100
2020-10-21 09:35:25.640,3.408,2500
2020-10-21 09:35:25.670,3.409,78200
2020-10-21 09:35:25.910,3.409,82000
2020-10-21 09:35:27.490,3.41,20000
2020-10-21 09:35:27.990,3.41,20000
2020-10-21 09:35:28.390,3.41,260000
2020-10-21 09:35:28.390,3.41,40000
2020-10-21 09:35:28.560,3.41,50100
2020-10-21 09:35:28.810,3.41,11700
2020-10-21 09:35:33.170,3.411,20000
2020-10-21 09:35:34.630,3.411,100000
2020-10-21 09:35:34.630,3.411,20000
2020-10-21 09:35:34.630,3.411,100000
2020-10-21 09:35:35.450,3.411,60000
2020-10-21 09:35:37.140,3.411,8200
2020-10-21 09:35:38.430,3.41,80000
2020-10-21 09:35:38.430,3.41,100000
2020-10-21 09:35:38.430,3.41,100000
2020-10-21 09:35:38.430,3.41,40000
2020-10-21 09:35:38.430,3.41,80000
2020-10-21 09:35:38.640,3.41,10000
2020-10-21 09:35:40.760,3.41,100000
2020-10-21 09:35:40.760,3.41,70000
2020-10-21 09:35:40.760,3.41,30000
2020-10-21 09:35:40.760,3.41,20000
2020-10-21 09:35:40.760,3.41,60000
2020-10-21 09:35:40.760,3.41,70000
2020-10-21 09:35:40.760,3.41,100000
2020-10-21 09:35:40.760,3.41,40000
2020-10-21 09:35:40.940,3.41,120000
2020-10-21 09:35:40.940,3.41,10000
2020-10-21 09:35:40.940,3.409,335900
2020-10-21 09:35:40.940,3.409,300000
2020-10-21 09:35:41.290,3.409,5000
2020-10-21 09:35:43.840,3.409,3000
2020-10-21 09:35:46.140,3.409,20000
2020-10-21 09:35:46.490,3.409,44100
2020-10-21 09:35:47.150,3.41,5000
2020-10-21 09:35:47.150,3.41,2500
2020-10-21 09:35:49.920,3.41,17500
2020-10-21 09:35:50.150,3.41,12000
2020-10-21 09:35:50.800,3.41,4500
2020-10-21 09:35:51.090,3.41,5900
2020-10-21 09:35:51.970,3.41,2200
2020-10-21 09:35:52.730,3.41,30000
2020-10-21 09:35:52.730,3.41,30000
2020-10-21 09:35:52.730,3.41,50000
2020-10-21 09:35:52.900,3.41,5000
2020-10-21 09:35:55.500,3.411,6100
2020-10-21 09:35:55.730,3.41,100000
2020-10-21 09:35:55.730,3.41,100000
2020-10-21 09:35:55.730,3.41,70000
2020-10-21 09:35:55.730,3.41,20000
2020-10-21 09:35:55.730,3.41,60000
2020-10-21 09:35:58.670,3.41,1000
2020-10-21 09:35:58.700,3.41,40000
2020-10-21 09:36:01.250,3.41,2600
2020-10-21 09:36:03.550,3.411,2800
2020-10-21 09:36:06.300,3.41,6400
2020-10-21 09:36:06.530,3.41,1500
2020-10-21 09:36:09.100,3.41,10000
2020-10-21 09:36:11.030,3.41,100
2020-10-21 09:36:11.500,3.41,46100
2020-10-21 09:36:11.500,3.41,1000
2020-10-21 09:36:12.580,3.41,1000
2020-10-21 09:36:12.580,3.41,2000
2020-10-21 09:36:19.470,3.41,18000
2020-10-21 09:36:19.470,3.41,42000
2020-10-21 09:36:19.470,3.41,40000
2020-10-21 09:36:20.280,3.411,5000
2020-10-21 09:36:20.580,3.41,18000
2020-10-21 09:36:20.580,3.41,2000
2020-10-21 09:36:23.210,3.41,1000
2020-10-21 09:36:23.210,3.41,1800
2020-10-21 09:36:23.880,3.41,2000
2020-10-21 09:36:27.260,3.41,100
2020-10-21 09:36:32.030,3.41,600
2020-10-21 09:36:35.690,3.411,1000
2020-10-21 09:36:41.690,3.411,2000
2020-10-21 09:36:43.710,3.41,5500
2020-10-21 09:36:43.710,3.41,500
2020-10-21 09:36:43.710,3.41,300
2020-10-21 09:36:43.710,3.41,1500
2020-10-21 09:36:53.640,3.411,4900
2020-10-21 09:36:53.640,3.411,5100
2020-10-21 09:36:53.640,3.411,30000
2020-10-21 09:36:53.640,3.411,10000
2020-10-21 09:36:53.640,3.411,200
2020-10-21 09:36:53.640,3.411,900
2020-10-21 09:36:53.640,3.411,59300
2020-10-21 09:36:55.830,3.411,189600
2020-10-21 09:36:55.830,3.411,1000
2020-10-21 09:36:55.830,3.41,4000
2020-10-21 09:36:55.830,3.41,500
2020-10-21 09:36:55.830,3.41,3000
2020-10-21 09:36:55.830,3.41,3000
2020-10-21 09:36:55.830,3.41,2000
2020-10-21 09:36:55.830,3.41,7000
2020-10-21 09:36:55.830,3.41,10000
2020-10-21 09:36:55.830,3.409,5000
2020-10-21 09:36:55.830,3.409,10000
2020-10-21 09:36:55.830,3.409,2000
2020-10-21 09:36:55.830,3.409,5500
2020-10-21 09:36:55.830,3.409,20000
2020-10-21 09:36:55.830,3.409,420900
2020-10-21 09:36:59.580,3.411,10000
2020-10-21 09:37:00.580,3.411,2000
2020-10-21 09:37:03.180,3.411,8400
2020-10-21 09:37:03.180,3.411,1600
2020-10-21 09:37:05.890,3.411,1000
2020-10-21 09:37:06.200,3.411,1100
2020-10-21 09:37:07.880,3.411,300
2020-10-21 09:37:09.750,3.411,2200
2020-10-21 09:37:10.680,3.411,5000
2020-10-21 09:37:15.340,3.411,1500
2020-10-21 09:37:19.150,3.41,300
2020-10-21 09:37:19.150,3.41,3500
2020-10-21 09:37:19.480,3.411,2100
2020-10-21 09:37:19.480,3.411,1000
2020-10-21 09:37:21.720,3.411,2400
2020-10-21 09:37:23.640,3.411,300
2020-10-21 09:37:29.920,3.41,1500
2020-10-21 09:37:29.920,3.41,27700
2020-10-21 09:37:29.920,3.41,1000
2020-10-21 09:37:29.920,3.41,5000
2020-10-21 09:37:29.920,3.41,800
2020-10-21 09:37:29.920,3.41,5000
2020-10-21 09:37:29.920,3.41,59000
2020-10-21 09:37:29.920,3.41,10000
2020-10-21 09:37:31.520,3.41,5000
2020-10-21 09:37:32.620,3.41,20000
2020-10-21 09:37:32.860,3.411,2000
2020-10-21 09:37:35.090,3.411,100
2020-10-21 09:37:38.560,3.41,6000
2020-10-21 09:37:38.560,3.41,2200
2020-10-21 09:37:38.560,3.41,1800
2020-10-21 09:37:42.180,3.411,25200
2020-10-21 09:37:42.180,3.411,300
2020-10-21 09:37:42.180,3.411,12000
2020-10-21 09:37:42.180,3.411,18600
2020-10-21 09:37:42.550,3.411,300
2020-10-21 09:37:44.530,3.41,2600
2020-10-21 09:37:44.530,3.41,500
2020-10-21 09:37:44.530,3.41,96900
2020-10-21 09:37:44.530,3.41,80000
2020-10-21 09:37:47.290,3.411,100
2020-10-21 09:37:47.350,3.41,30000
2020-10-21 09:37:47.430,3.411,1000
2020-10-21 09:37:47.480,3.41,23100
2020-10-21 09:37:47.480,3.41,16900
2020-10-21 09:37:47.570,3.41,3100
2020-10-21 09:37:48.000,3.41,200
2020-10-21 09:37:50.880,3.409,2000
2020-10-21 09:37:54.200,3.409,5000
2020-10-21 09:37:54.200,3.409,200
2020-10-21 09:37:54.200,3.409,100
2020-10-21 09:37:54.200,3.409,100
2020-10-21 09:37:54.820,3.409,900
2020-10-21 09:37:56.190,3.408,14200
2020-10-21 09:37:56.190,3.408,2100
2020-10-21 09:37:56.190,3.408,2000
2020-10-21 09:37:56.190,3.408,10600
2020-10-21 09:37:56.190,3.408,5000
2020-10-21 09:37:56.190,3.408,5000
2020-10-21 09:37:56.190,3.408,9700
2020-10-21 09:37:56.190,3.408,9400
2020-10-21 09:37:56.190,3.408,2000
2020-10-21 09:37:58.320,3.408,9900
2020-10-21 09:37:58.320,3.408,100
2020-10-21 09:37:58.320,3.408,3000
2020-10-21 09:37:58.320,3.408,2000
2020-10-21 09:37:58.320,3.408,5000
2020-10-21 09:37:58.320,3.408,2400
2020-10-21 09:37:58.320,3.408,1000
2020-10-21 09:37:58.320,3.407,100
2020-10-21 09:37:58.320,3.407,1000
2020-10-21 09:37:58.320,3.407,200
2020-10-21 09:37:58.320,3.407,1000
2020-10-21 09:37:58.320,3.407,5000
2020-10-21 09:37:58.320,3.407,5000
2020-10-21 09:37:58.320,3.407,5000
2020-10-21 09:37:58.320,3.407,500
2020-10-21 09:37:58.320,3.407,7000
2020-10-21 09:37:58.320,3.407,100
2020-10-21 09:37:58.320,3.407,3000
2020-10-21 09:37:58.320,3.407,1500
2020-10-21 09:37:58.320,3.407,800
2020-10-21 09:37:58.320,3.407,8800
2020-10-21 09:37:58.320,3.407,93000
2020-10-21 09:38:00.030,3.407,4500
2020-10-21 09:38:00.140,3.407,200
2020-10-21 09:38:00.560,3.407,10000
2020-10-21 09:38:01.420,3.407,100
2020-10-21 09:38:01.720,3.407,1000
2020-10-21 09:38:02.380,3.407,600
2020-10-21 09:38:03.750,3.407,500
2020-10-21 09:38:04.960,3.407,2500
2020-10-21 09:38:05.010,3.406,100
2020-10-21 09:38:05.010,3.406,3400
2020-10-21 09:38:05.290,3.406,6600
2020-10-21 09:38:05.290,3.406,1000
2020-10-21 09:38:05.290,3.406,200
2020-10-21 09:38:05.290,3.406,1000
2020-10-21 09:38:05.290,3.406,10000
2020-10-21 09:38:05.290,3.406,1000
2020-10-21 09:38:05.290,3.406,15000
2020-10-21 09:38:05.290,3.406,200
2020-10-21 09:38:05.290,3.406,200
2020-10-21 09:38:05.290,3.406,7000
2020-10-21 09:38:05.290,3.406,5000
2020-10-21 09:38:05.290,3.406,4000
2020-10-21 09:38:05.290,3.406,23900
2020-10-21 09:38:05.290,3.406,3000
2020-10-21 09:38:05.290,3.406,5000
2020-10-21 09:38:05.410,3.406,200
2020-10-21 09:38:07.760,3.406,400
2020-10-21 09:38:08.430,3.406,44500
2020-10-21 09:38:08.430,3.406,16900
2020-10-21 09:38:08.430,3.406,63100
2020-10-21 09:38:10.720,3.406,200
2020-10-21 09:38:12.340,3.406,1500
2020-10-21 09:38:13.670,3.406,1000
2020-10-21 09:38:15.450,3.406,1000
2020-10-21 09:38:22.030,3.406,10000
2020-10-21 09:38:22.230,3.407,65900
2020-10-21 09:38:23.500,3.407,300000
2020-10-21 09:38:23.590,3.407,134100
2020-10-21 09:38:23.710,3.407,15000
2020-10-21 09:38:26.610,3.407,60600
2020-10-21 09:38:28.710,3.407,30000
2020-10-21 09:38:29.010,3.408,6800
2020-10-21 09:38:29.010,3.408,400
2020-10-21 09:38:31.100,3.407,500
2020-10-21 09:38:33.390,3.407,700
2020-10-21 09:38:34.780,3.408,3800
2020-10-21 09:38:38.010,3.408,1200
2020-10-21 09:38:38.010,3.408,38800
2020-10-21 09:38:38.640,3.408,11200
2020-10-21 09:38:38.640,3.408,4600
2020-10-21 09:38:38.640,3.408,100
2020-10-21 09:38:38.640,3.408,200
2020-10-21 09:38:38.640,3.407,13900
2020-10-21 09:38:39.820,3.408,1000
2020-10-21 09:38:41.340,3.408,1500
2020-10-21 09:38:46.850,3.408,500
2020-10-21 09:38:48.550,3.408,2000
2020-10-21 09:38:48.550,3.408,200
2020-10-21 09:38:51.640,3.407,10000
2020-10-21 09:38:53.140,3.408,5100
2020-10-21 09:38:53.480,3.408,2500
2020-10-21 09:38:53.480,3.409,86000
2020-10-21 09:38:56.040,3.408,5000
2020-10-21 09:38:56.430,3.408,1000
2020-10-21 09:38:58.150,3.408,14000
2020-10-21 09:39:02.190,3.408,5700
2020-10-21 09:39:03.600,3.408,3000
2020-10-21 09:39:04.390,3.408,10000
2020-10-21 09:39:05.680,3.408,69000
2020-10-21 09:39:07.140,3.408,15100
2020-10-21 09:39:07.650,3.408,2900
2020-10-21 09:39:09.040,3.409,800
2020-10-21 09:39:09.070,3.409,10000
2020-10-21 09:39:10.760,3.409,203200
2020-10-21 09:39:10.760,3.409,93000
2020-10-21 09:39:10.760,3.409,1000
2020-10-21 09:39:10.760,3.409,3000
2020-10-21 09:39:10.760,3.409,17400
2020-10-21 09:39:11.740,3.409,61100
2020-10-21 09:39:19.530,3.409,1900
2020-10-21 09:39:19.840,3.409,1600
2020-10-21 09:39:20.270,3.409,400
2020-10-21 09:39:23.280,3.409,2400
2020-10-21 09:39:24.310,3.409,100
2020-10-21 09:39:29.650,3.41,700
2020-10-21 09:39:29.650,3.409,100
2020-10-21 09:39:33.030,3.41,100
2020-10-21 09:39:36.430,3.41,4000
2020-10-21 09:39:38.050,3.41,100
2020-10-21 09:39:38.050,3.41,300
2020-10-21 09:39:38.050,3.41,1100
2020-10-21 09:39:38.050,3.41,1000
2020-10-21 09:39:39.410,3.41,7900
2020-10-21 09:39:41.290,3.41,9600
2020-10-21 09:39:41.920,3.41,400
2020-10-21 09:39:41.920,3.41,10000
2020-10-21 09:39:42.690,3.41,100000
2020-10-21 09:39:42.690,3.41,80000
2020-10-21 09:39:42.970,3.411,2000
2020-10-21 09:39:42.970,3.411,400
2020-10-21 09:39:49.540,3.411,600
2020-10-21 09:39:49.540,3.411,10000
2020-10-21 09:39:49.540,3.411,2400
2020-10-21 09:39:50.020,3.41,60000
2020-10-21 09:39:50.050,3.41,60000
2020-10-21 09:39:50.050,3.41,60000
2020-10-21 09:39:50.050,3.41,100000
2020-10-21 09:39:52.000,3.41,400
2020-10-21 09:39:52.360,3.41,8300
2020-10-21 09:39:52.360,3.41,30000
2020-10-21 09:39:52.360,3.409,600000
2020-10-21 09:39:52.360,3.409,20000
2020-10-21 09:39:52.360,3.409,100
2020-10-21 09:39:52.360,3.409,900
2020-10-21 09:39:52.360,3.409,2000
2020-10-21 09:39:52.890,3.409,123200
2020-10-21 09:40:00.360,3.41,1000
2020-10-21 09:40:01.080,3.41,11000
2020-10-21 09:40:01.080,3.411,29300
2020-10-21 09:40:01.080,3.411,500000
2020-10-21 09:40:01.080,3.411,300000
2020-10-21 09:40:01.080,3.411,40000
2020-10-21 09:40:01.080,3.411,19700
2020-10-21 09:40:01.660,3.411,300
2020-10-21 09:40:01.660,3.411,9700
2020-10-21 09:40:03.150,3.409,1000
2020-10-21 09:40:04.980,3.409,80000
2020-10-21 09:40:05.460,3.409,10000
2020-10-21 09:40:05.490,3.409,300000
2020-10-21 09:40:05.550,3.41,17600
2020-10-21 09:40:06.180,3.41,76300
2020-10-21 09:40:06.580,3.409,300000
2020-10-21 09:40:07.700,3.409,90000
2020-10-21 09:40:07.700,3.409,70000
2020-10-21 09:40:07.700,3.409,100000
2020-10-21 09:40:07.700,3.409,70000
2020-10-21 09:40:07.700,3.409,10000
2020-10-21 09:40:07.700,3.409,70000
2020-10-21 09:40:07.700,3.409,100000
2020-10-21 09:40:07.700,3.409,100000
2020-10-21 09:40:07.700,3.409,90000
2020-10-21 09:40:07.700,3.409,100000
2020-10-21 09:40:07.700,3.409,100000
2020-10-21 09:40:07.700,3.409,70000
2020-10-21 09:40:07.700,3.409,10000
2020-10-21 09:40:07.700,3.409,80000
2020-10-21 09:40:07.700,3.409,100000
2020-10-21 09:40:07.770,3.41,1000
2020-10-21 09:40:07.830,3.41,15900
2020-10-21 09:40:08.460,3.409,237700
2020-10-21 09:40:08.550,3.409,300000
2020-10-21 09:40:08.680,3.409,102300
2020-10-21 09:40:08.680,3.409,10000
2020-10-21 09:40:11.670,3.409,100
2020-10-21 09:40:14.900,3.409,14400
2020-10-21 09:40:15.240,3.408,20300
2020-10-21 09:40:15.240,3.408,100
2020-10-21 09:40:15.240,3.408,1000
2020-10-21 09:40:15.240,3.408,1000
2020-10-21 09:40:15.240,3.408,28900
2020-10-21 09:40:15.240,3.408,19700
2020-10-21 09:40:15.470,3.409,285600
2020-10-21 09:40:15.470,3.409,1500
2020-10-21 09:40:16.130,3.41,1000
2020-10-21 09:40:16.750,3.41,200
2020-10-21 09:40:17.910,3.409,86400
2020-10-21 09:40:23.130,3.41,20000
2020-10-21 09:40:28.340,3.41,1000
2020-10-21 09:40:32.700,3.41,3500
2020-10-21 09:40:35.050,3.41,5000
2020-10-21 09:40:37.660,3.41,1600
2020-10-21 09:40:37.980,3.409,15000
2020-10-21 09:40:38.120,3.41,100
2020-10-21 09:40:43.680,3.41,200
2020-10-21 09:40:45.070,3.41,800
2020-10-21 09:40:46.810,3.409,20000
2020-10-21 09:40:47.250,3.409,2000
2020-10-21 09:40:52.290,3.41,135800
2020-10-21 09:40:52.290,3.41,3000
2020-10-21 09:40:52.290,3.41,800
2020-10-21 09:40:52.290,3.41,10000
2020-10-21 09:40:52.730,3.411,200
2020-10-21 09:40:54.340,3.411,16600
2020-10-21 09:40:55.960,3.411,13400
2020-10-21 09:40:55.960,3.411,100000
2020-10-21 09:40:58.980,3.411,100000
2020-10-21 09:40:59.390,3.411,100000
2020-10-21 09:41:00.370,3.411,900
2020-10-21 09:41:01.950,3.411,70000
2020-10-21 09:41:01.950,3.411,10000
2020-10-21 09:41:02.510,3.41,2700
2020-10-21 09:41:03.060,3.41,3000
2020-10-21 09:41:04.500,3.412,200
2020-10-21 09:41:06.090,3.412,2500
2020-10-21 09:41:06.930,3.41,5000
2020-10-21 09:41:08.860,3.411,22100
2020-10-21 09:41:08.860,3.411,38200
2020-10-21 09:41:08.980,3.411,8400
2020-10-21 09:41:11.000,3.411,40000
2020-10-21 09:41:11.470,3.411,40000
2020-10-21 09:41:11.470,3.411,50000
2020-10-21 09:41:14.030,3.411,100000
2020-10-21 09:41:14.030,3.411,100000
2020-10-21 09:41:14.030,3.411,100000
2020-10-21 09:41:14.030,3.411,100000
2020-10-21 09:41:14.030,3.411,70000
2020-10-21 09:41:14.030,3.411,100000
2020-10-21 09:41:14.200,3.411,100
2020-10-21 09:41:15.760,3.411,200
2020-10-21 09:41:16.950,3.411,30000
2020-10-21 09:41:18.230,3.411,5000
2020-10-21 09:41:20.450,3.411,900
2020-10-21 09:41:20.720,3.412,5000
2020-10-21 09:41:22.810,3.412,10000
2020-10-21 09:41:31.500,3.411,1200
2020-10-21 09:41:36.390,3.412,17300
2020-10-21 09:41:37.890,3.412,200
2020-10-21 09:41:38.220,3.412,264800
2020-10-21 09:41:38.220,3.412,6000
2020-10-21 09:41:38.220,3.412,1000
2020-10-21 09:41:38.220,3.412,1000
2020-10-21 09:41:38.220,3.412,10300
2020-10-21 09:41:38.220,3.412,10000
2020-10-21 09:41:38.220,3.412,200
2020-10-21 09:41:38.220,3.412,5000
2020-10-21 09:41:38.220,3.412,400
2020-10-21 09:41:38.220,3.412,1300
2020-10-21 09:41:38.310,3.412,8700
2020-10-21 09:41:38.310,3.412,500
2020-10-21 09:41:38.610,3.412,80000
2020-10-21 09:41:38.960,3.412,10000
2020-10-21 09:41:40.130,3.413,9200
2020-10-21 09:41:40.130,3.413,5000
2020-10-21 09:41:40.130,3.413,2100
2020-10-21 09:41:40.620,3.412,100
2020-10-21 09:41:41.570,3.412,40700
2020-10-21 09:41:41.570,3.412,29300
2020-10-21 09:41:43.180,3.412,300
2020-10-21 09:41:43.990,3.412,30000
2020-10-21 09:41:44.500,3.412,60000
2020-10-21 09:41:44.800,3.413,200
2020-10-21 09:41:47.300,3.412,20000
2020-10-21 09:41:47.760,3.413,100
2020-10-21 09:41:48.660,3.412,5700
2020-10-21 09:41:48.660,3.412,6000
2020-10-21 09:41:49.840,3.412,1000
2020-10-21 09:41:51.450,3.412,200
2020-10-21 09:41:53.060,3.413,6700
2020-10-21 09:41:54.660,3.413,100
2020-10-21 09:41:54.660,3.412,7800
2020-10-21 09:41:54.660,3.412,200
2020-10-21 09:41:54.660,3.412,3000
2020-10-21 09:41:54.750,3.412,54600
2020-10-21 09:41:57.800,3.412,14800
2020-10-21 09:41:57.870,3.412,4900
2020-10-21 09:41:59.710,3.412,14700
2020-10-21 09:42:00.250,3.413,5000
2020-10-21 09:42:01.630,3.413,5800
2020-10-21 09:42:01.630,3.413,3500
2020-10-21 09:42:01.630,3.413,5400
2020-10-21 09:42:02.120,3.412,59800
2020-10-21 09:42:03.440,3.412,5100
2020-10-21 09:42:03.590,3.413,17200
2020-10-21 09:42:03.790,3.412,26700
2020-10-21 09:42:04.770,3.413,477400
2020-10-21 09:42:04.770,3.413,300000
2020-10-21 09:42:04.770,3.413,100000
2020-10-21 09:42:05.080,3.413,10000
2020-10-21 09:42:05.740,3.413,500
2020-10-21 09:42:06.780,3.413,2400
2020-10-21 09:42:07.450,3.413,500
2020-10-21 09:42:08.170,3.413,9200
2020-10-21 09:42:08.170,3.413,90800
2020-10-21 09:42:08.170,3.413,100000
2020-10-21 09:42:08.170,3.413,100000
2020-10-21 09:42:08.170,3.413,90000
2020-10-21 09:42:08.170,3.413,40000
2020-10-21 09:42:08.170,3.413,100000
2020-10-21 09:42:08.170,3.413,100000
2020-10-21 09:42:08.170,3.413,90000
2020-10-21 09:42:08.400,3.413,189200
2020-10-21 09:42:10.630,3.413,1600
2020-10-21 09:42:11.060,3.412,100000
2020-10-21 09:42:11.060,3.412,30000
2020-10-21 09:42:11.940,3.413,16300
2020-10-21 09:42:12.840,3.413,10000
2020-10-21 09:42:13.230,3.412,300
2020-10-21 09:42:13.990,3.412,10000
2020-10-21 09:42:14.040,3.412,3400
2020-10-21 09:42:14.040,3.412,6600
2020-10-21 09:42:14.040,3.412,100000
2020-10-21 09:42:14.040,3.413,14700
2020-10-21 09:42:14.150,3.413,68200
2020-10-21 09:42:14.150,3.413,3900
2020-10-21 09:42:14.150,3.413,20000
2020-10-21 09:42:14.150,3.413,100000
2020-10-21 09:42:14.150,3.413,40000
2020-10-21 09:42:14.150,3.413,13000
2020-10-21 09:42:15.060,3.413,39200
2020-10-21 09:42:15.320,3.414,20000
2020-10-21 09:42:16.950,3.413,80000
2020-10-21 09:42:17.000,3.413,200000
2020-10-21 09:42:17.000,3.413,40000
2020-10-21 09:42:17.000,3.413,80000
2020-10-21 09:42:17.070,3.413,100000
2020-10-21 09:42:17.070,3.413,50000
2020-10-21 09:42:17.070,3.413,65700
2020-10-21 09:42:17.070,3.413,15600
2020-10-21 09:42:17.070,3.413,18700
2020-10-21 09:42:17.070,3.413,100000
2020-10-21 09:42:17.070,3.413,100000
2020-10-21 09:42:17.070,3.413,90000
2020-10-21 09:42:17.070,3.413,70000
2020-10-21 09:42:17.070,3.413,40000
2020-10-21 09:42:17.070,3.413,70000
2020-10-21 09:42:17.070,3.413,100000
2020-10-21 09:42:17.070,3.413,80000
2020-10-21 09:42:17.070,3.413,70000
2020-10-21 09:42:17.070,3.413,70000
2020-10-21 09:42:17.070,3.413,20000
2020-10-21 09:42:17.070,3.413,10000
2020-10-21 09:42:17.070,3.413,40000
2020-10-21 09:42:17.070,3.413,21300
2020-10-21 09:42:17.070,3.413,3200
2020-10-21 09:42:20.540,3.412,10000
2020-10-21 09:42:20.860,3.413,5500
2020-10-21 09:42:20.860,3.413,11300
2020-10-21 09:42:21.310,3.413,2500
2020-10-21 09:42:21.710,3.412,183400
2020-10-21 09:42:21.710,3.412,116600
2020-10-21 09:42:22.460,3.412,50000
2020-10-21 09:42:22.890,3.413,17300
2020-10-21 09:42:23.470,3.412,30000
2020-10-21 09:42:24.930,3.412,100
2020-10-21 09:42:25.250,3.413,15200
2020-10-21 09:42:25.880,3.413,54700
2020-10-21 09:42:26.080,3.413,100
2020-10-21 09:42:27.270,3.413,2000
2020-10-21 09:42:28.450,3.412,30000
2020-10-21 09:42:28.450,3.413,4000
2020-10-21 09:42:29.010,3.412,80000
2020-10-21 09:42:29.010,3.412,20000
2020-10-21 09:42:29.010,3.412,40000
2020-10-21 09:42:29.010,3.412,100000
2020-10-21 09:42:29.010,3.412,100000
2020-10-21 09:42:29.010,3.412,100000
2020-10-21 09:42:29.010,3.412,80000
2020-10-21 09:42:29.520,3.412,90000
2020-10-21 09:42:31.000,3.412,2000
2020-10-21 09:42:31.000,3.412,3000
2020-10-21 09:42:31.000,3.412,1000
2020-10-21 09:42:31.000,3.412,1000
2020-10-21 09:42:31.000,3.412,3800
2020-10-21 09:42:31.000,3.412,82300
2020-10-21 09:42:31.080,3.411,10000
2020-10-21 09:42:31.080,3.411,4400
2020-10-21 09:42:31.080,3.411,200
2020-10-21 09:42:31.080,3.411,400
2020-10-21 09:42:32.390,3.412,6900
2020-10-21 09:42:32.390,3.412,10300
2020-10-21 09:42:32.450,3.412,10000
2020-10-21 09:42:33.080,3.412,1000
2020-10-21 09:42:35.550,3.411,5600
2020-10-21 09:42:35.550,3.411,4400
2020-10-21 09:42:36.540,3.412,14700
2020-10-21 09:42:36.790,3.412,10000
2020-10-21 09:42:37.560,3.411,1000
2020-10-21 09:42:37.790,3.411,4600
2020-10-21 09:42:37.790,3.411,2900
2020-10-21 09:42:37.790,3.411,32500
2020-10-21 09:42:37.790,3.411,100000
2020-10-21 09:42:37.790,3.411,60000
2020-10-21 09:42:37.790,3.411,100000
2020-10-21 09:42:37.790,3.411,100000
2020-10-21 09:42:37.790,3.411,80000
2020-10-21 09:42:37.790,3.411,20000
2020-10-21 09:42:37.790,3.411,100000
2020-10-21 09:42:37.790,3.411,100000
2020-10-21 09:42:37.790,3.411,20000
2020-10-21 09:42:37.820,3.411,187500
2020-10-21 09:42:37.820,3.411,600
2020-10-21 09:42:38.800,3.411,14400
2020-10-21 09:42:39.520,3.41,100
2020-10-21 09:42:39.520,3.41,7400
2020-10-21 09:42:40.260,3.411,3700
2020-10-21 09:42:40.690,3.411,3000
2020-10-21 09:42:40.900,3.411,14900
2020-10-21 09:42:42.150,3.41,42600
2020-10-21 09:42:42.150,3.41,3000
2020-10-21 09:42:42.150,3.41,100
2020-10-21 09:42:42.150,3.41,8300
2020-10-21 09:42:42.740,3.411,75900
2020-10-21 09:42:43.750,3.411,80000
2020-10-21 09:42:43.750,3.411,80000
2020-10-21 09:42:43.750,3.411,100000
2020-10-21 09:42:43.750,3.411,20000
2020-10-21 09:42:44.360,3.412,5000
2020-10-21 09:42:44.360,3.412,3900
2020-10-21 09:42:45.560,3.412,1100
2020-10-21 09:42:46.710,3.411,40000
2020-10-21 09:42:46.710,3.411,100000
2020-10-21 09:42:46.710,3.411,50000
2020-10-21 09:42:46.710,3.411,40000
2020-10-21 09:42:46.820,3.411,40000
2020-10-21 09:42:46.820,3.411,100000
2020-10-21 09:42:46.820,3.411,100000
2020-10-21 09:42:46.820,3.411,50000
2020-10-21 09:42:46.820,3.411,24100
2020-10-21 09:42:46.820,3.411,75900
2020-10-21 09:42:46.820,3.411,100000
2020-10-21 09:42:46.820,3.411,100000
2020-10-21 09:42:46.820,3.411,100000
2020-10-21 09:42:46.820,3.411,100000
2020-10-21 09:42:46.820,3.411,90000
2020-10-21 09:42:46.820,3.411,90000
2020-10-21 09:42:49.710,3.411,100000
2020-10-21 09:42:50.020,3.412,295000
2020-10-21 09:42:50.020,3.412,100000
2020-10-21 09:42:50.020,3.412,100
2020-10-21 09:42:50.020,3.412,20000
2020-10-21 09:42:50.020,3.412,16000
2020-10-21 09:42:50.020,3.412,300
2020-10-21 09:42:52.770,3.412,100000
2020-10-21 09:42:52.770,3.412,100000
2020-10-21 09:42:52.770,3.412,80000
2020-10-21 09:42:52.770,3.412,30000
2020-10-21 09:42:52.770,3.412,100000
2020-10-21 09:42:52.770,3.412,58600
2020-10-21 09:42:52.770,3.412,800
2020-10-21 09:42:52.770,3.412,40600
2020-10-21 09:42:52.770,3.412,60000
2020-10-21 09:42:52.770,3.412,100000
2020-10-21 09:42:52.770,3.412,30000
2020-10-21 09:42:52.770,3.412,100000
2020-10-21 09:42:53.810,3.412,269400
2020-10-21 09:42:54.820,3.412,100
2020-10-21 09:42:54.940,3.412,30500
2020-10-21 09:42:55.760,3.412,100000
2020-10-21 09:42:55.760,3.412,1000
2020-10-21 09:42:59.460,3.412,10000
2020-10-21 09:42:59.460,3.412,80000
2020-10-21 09:42:59.460,3.412,100000
2020-10-21 09:42:59.460,3.412,100000
2020-10-21 09:42:59.460,3.412,100000
2020-10-21 09:42:59.460,3.412,100000
2020-10-21 09:42:59.460,3.412,20000
2020-10-21 09:42:59.460,3.412,100000
2020-10-21 09:42:59.950,3.413,12100
2020-10-21 09:43:01.350,3.412,200
2020-10-21 09:43:01.760,3.412,100000
2020-10-21 09:43:01.760,3.412,20000
2020-10-21 09:43:02.690,3.412,38300
2020-10-21 09:43:05.220,3.412,10000
2020-10-21 09:43:06.040,3.412,3000
2020-10-21 09:43:06.160,3.412,4000
2020-10-21 09:43:06.240,3.412,1400
2020-10-21 09:43:07.890,3.412,2000
2020-10-21 09:43:09.610,3.412,200
2020-10-21 09:43:10.430,3.412,241100
2020-10-21 09:43:10.430,3.412,300
2020-10-21 09:43:10.430,3.412,302000
2020-10-21 09:43:10.700,3.412,100000
2020-10-21 09:43:10.700,3.412,100000
2020-10-21 09:43:10.700,3.412,80000
2020-10-21 09:43:13.760,3.412,76600
2020-10-21 09:43:13.760,3.412,23400
2020-10-21 09:43:13.760,3.412,10000
2020-10-21 09:43:13.760,3.412,100000
2020-10-21 09:43:13.760,3.412,60000
2020-10-21 09:43:13.760,3.412,80000
2020-10-21 09:43:13.760,3.412,70000
2020-10-21 09:43:13.760,3.412,50000
2020-10-21 09:43:13.760,3.412,10000
2020-10-21 09:43:13.760,3.412,100000
2020-10-21 09:43:13.760,3.412,100000
2020-10-21 09:43:13.760,3.412,70000
2020-10-21 09:43:13.760,3.412,30000
2020-10-21 09:43:14.310,3.412,196600
2020-10-21 09:43:14.310,3.412,103400
2020-10-21 09:43:14.680,3.413,14700
2020-10-21 09:43:15.670,3.412,1000
2020-10-21 09:43:16.610,3.412,300000
2020-10-21 09:43:16.610,3.412,20000
2020-10-21 09:43:16.760,3.412,80000
2020-10-21 09:43:16.760,3.412,70000
2020-10-21 09:43:16.760,3.412,100000
2020-10-21 09:43:16.760,3.412,100000
2020-10-21 09:43:16.760,3.412,100000
2020-10-21 09:43:16.760,3.412,25600
2020-10-21 09:43:16.760,3.412,1000
2020-10-21 09:43:17.280,3.412,3000
2020-10-21 09:43:17.310,3.412,1400
2020-10-21 09:43:18.170,3.412,300
2020-10-21 09:43:19.250,3.412,6000
2020-10-21 09:43:19.420,3.412,62700
2020-10-21 09:43:19.420,3.412,36300
2020-10-21 09:43:19.570,3.412,43700
2020-10-21 09:43:19.570,3.412,300000
2020-10-21 09:43:19.570,3.412,300
2020-10-21 09:43:22.920,3.412,3000
2020-10-21 09:43:23.070,3.412,50000
2020-10-21 09:43:24.600,3.413,16400
2020-10-21 09:43:27.140,3.413,16500
2020-10-21 09:43:27.290,3.413,10000
2020-10-21 09:43:27.540,3.412,100
2020-10-21 09:43:27.920,3.412,300000
2020-10-21 09:43:28.980,3.413,123200
2020-10-21 09:43:28.980,3.413,300000
2020-10-21 09:43:28.980,3.413,23000
2020-10-21 09:43:28.980,3.413,20000
2020-10-21 09:43:28.980,3.413,2200
2020-10-21 09:43:28.980,3.413,62000
2020-10-21 09:43:28.980,3.413,29200
2020-10-21 09:43:28.980,3.413,25900
2020-10-21 09:43:28.980,3.413,300000
2020-10-21 09:43:29.800,3.413,14500
2020-10-21 09:43:35.630,3.413,15600
2020-10-21 09:43:37.700,3.413,14400
2020-10-21 09:43:39.980,3.412,10000
2020-10-21 09:43:40.010,3.413,15900
2020-10-21 09:43:41.070,3.412,90000
2020-10-21 09:43:41.420,3.412,102900
2020-10-21 09:43:41.420,3.412,2000
2020-10-21 09:43:41.420,3.412,500
2020-10-21 09:43:41.420,3.412,194600
2020-10-21 09:43:42.930,3.412,300
2020-10-21 09:43:43.480,3.412,4000
2020-10-21 09:43:44.710,3.413,2000
2020-10-21 09:43:44.980,3.412,60000
2020-10-21 09:43:45.480,3.412,3000
2020-10-21 09:43:46.490,3.412,300000
2020-10-21 09:43:46.880,3.412,100
2020-10-21 09:43:46.880,3.412,100
2020-10-21 09:43:46.880,3.412,100
2020-10-21 09:43:46.910,3.412,100
2020-10-21 09:43:46.910,3.412,100
2020-10-21 09:43:46.910,3.412,100
2020-10-21 09:43:46.910,3.412,100
2020-10-21 09:43:46.910,3.412,100
2020-10-21 09:43:46.910,3.412,100
2020-10-21 09:43:46.910,3.412,100
2020-10-21 09:43:46.930,3.412,100
2020-10-21 09:43:46.930,3.412,100
2020-10-21 09:43:46.930,3.412,100
2020-10-21 09:43:46.930,3.412,100
2020-10-21 09:43:46.930,3.412,100
2020-10-21 09:43:46.930,3.412,100
2020-10-21 09:43:47.050,3.412,100
2020-10-21 09:43:47.050,3.412,100
2020-10-21 09:43:47.050,3.412,100
2020-10-21 09:43:47.050,3.412,100
2020-10-21 09:43:47.050,3.412,100
2020-10-21 09:43:47.050,3.412,100
2020-10-21 09:43:47.050,3.412,100
2020-10-21 09:43:47.080,3.412,100
2020-10-21 09:43:47.080,3.412,100
2020-10-21 09:43:47.080,3.412,100
2020-10-21 09:43:47.080,3.412,100
2020-10-21 09:43:47.130,3.412,500
2020-10-21 09:43:47.220,3.412,100
2020-10-21 09:43:47.220,3.412,100
2020-10-21 09:43:47.240,3.412,100
2020-10-21 09:43:47.240,3.412,100
2020-10-21 09:43:47.240,3.412,100
2020-10-21 09:43:47.240,3.412,100
2020-10-21 09:43:47.240,3.412,100
2020-10-21 09:43:47.240,3.412,100
2020-10-21 09:43:47.240,3.412,100
2020-10-21 09:43:47.240,3.412,100
2020-10-21 09:43:47.240,3.412,100
2020-10-21 09:43:47.240,3.412,100
2020-10-21 09:43:47.310,3.412,100
2020-10-21 09:43:47.310,3.412,100
2020-10-21 09:43:47.310,3.412,100
2020-10-21 09:43:47.310,3.412,100
2020-10-21 09:43:47.310,3.412,100
2020-10-21 09:43:47.310,3.412,100
2020-10-21 09:43:47.340,3.412,100
2020-10-21 09:43:47.340,3.412,100
2020-10-21 09:43:47.340,3.412,100
2020-10-21 09:43:47.340,3.412,100
2020-10-21 09:43:47.400,3.412,100
2020-10-21 09:43:47.400,3.412,100
2020-10-21 09:43:47.400,3.412,100
2020-10-21 09:43:47.400,3.412,100
2020-10-21 09:43:47.400,3.412,100
2020-10-21 09:43:47.400,3.412,100
2020-10-21 09:43:47.400,3.412,100
2020-10-21 09:43:47.400,3.412,100
2020-10-21 09:43:47.450,3.412,100
2020-10-21 09:43:47.450,3.412,100
2020-10-21 09:43:47.450,3.412,100
2020-10-21 09:43:47.450,3.412,100
2020-10-21 09:43:47.450,3.412,100
2020-10-21 09:43:47.450,3.412,100
2020-10-21 09:43:47.510,3.412,100
2020-10-21 09:43:47.510,3.412,100
2020-10-21 09:43:47.510,3.412,100
2020-10-21 09:43:47.510,3.412,100
2020-10-21 09:43:47.590,3.412,100
2020-10-21 09:43:47.590,3.412,100
2020-10-21 09:43:47.590,3.412,100
2020-10-21 09:43:47.590,3.412,100
2020-10-21 09:43:47.590,3.412,100
2020-10-21 09:43:47.590,3.412,100
2020-10-21 09:43:47.590,3.412,100
2020-10-21 09:43:47.650,3.412,100
2020-10-21 09:43:47.650,3.412,100
2020-10-21 09:43:47.650,3.412,100
2020-10-21 09:43:47.650,3.412,100
2020-10-21 09:43:49.500,3.412,60000
2020-10-21 09:43:50.460,3.412,70000
2020-10-21 09:43:50.460,3.412,20000
2020-10-21 09:43:50.460,3.412,100000
2020-10-21 09:43:50.460,3.412,70000
2020-10-21 09:43:50.460,3.412,100000
2020-10-21 09:43:50.660,3.413,237600
2020-10-21 09:43:50.660,3.413,1900
2020-10-21 09:43:50.660,3.413,300000
2020-10-21 09:43:50.660,3.413,30000
2020-10-21 09:43:50.660,3.413,200
2020-10-21 09:43:50.660,3.413,14600
2020-10-21 09:43:50.660,3.413,50000
2020-10-21 09:43:50.660,3.414,200700
2020-10-21 09:43:50.740,3.413,1900
2020-10-21 09:43:52.350,3.412,1000
2020-10-21 09:43:52.960,3.412,30000
2020-10-21 09:43:53.130,3.412,28200
2020-10-21 09:43:53.130,3.412,45200
2020-10-21 09:43:53.130,3.412,8800
2020-10-21 09:43:53.130,3.412,3000
2020-10-21 09:43:53.130,3.412,3000
2020-10-21 09:43:53.130,3.412,2000
2020-10-21 09:43:53.560,3.412,300
2020-10-21 09:43:54.850,3.411,300
2020-10-21 09:43:57.520,3.411,30000
2020-10-21 09:44:00.970,3.411,100000
2020-10-21 09:44:01.420,3.412,100
2020-10-21 09:44:02.080,3.411,13900
2020-10-21 09:44:02.080,3.411,3000
2020-10-21 09:44:02.080,3.411,3100
2020-10-21 09:44:02.080,3.411,6900
2020-10-21 09:44:02.080,3.411,93100
2020-10-21 09:44:02.080,3.411,50000
2020-10-21 09:44:02.970,3.411,30000
2020-10-21 09:44:03.820,3.411,150000
2020-10-21 09:44:03.820,3.411,150000
2020-10-21 09:44:04.150,3.411,300000
2020-10-21 09:44:05.150,3.411,2100
2020-10-21 09:44:05.150,3.411,500
2020-10-21 09:44:05.150,3.41,2500
2020-10-21 09:44:05.150,3.41,6500
2020-10-21 09:44:05.150,3.41,700
2020-10-21 09:44:05.150,3.41,1900
2020-10-21 09:44:05.150,3.41,200
2020-10-21 09:44:05.150,3.41,3000
2020-10-21 09:44:05.150,3.41,5000
2020-10-21 09:44:05.150,3.41,5200
2020-10-21 09:44:11.070,3.411,100
2020-10-21 09:44:12.650,3.411,100
2020-10-21 09:44:15.630,3.411,300
2020-10-21 09:44:15.890,3.41,40000
2020-10-21 09:44:16.290,3.411,3000
2020-10-21 09:44:17.930,3.411,100
2020-10-21 09:44:18.990,3.41,100
2020-10-21 09:44:21.970,3.41,500
2020-10-21 09:44:22.070,3.41,10000
2020-10-21 09:44:25.130,3.41,10000
2020-10-21 09:44:26.850,3.41,100
2020-10-21 09:44:27.050,3.41,15500
2020-10-21 09:44:27.930,3.41,10000
2020-10-21 09:44:28.330,3.409,10000
2020-10-21 09:44:30.710,3.41,200
2020-10-21 09:44:31.220,3.409,20000
2020-10-21 09:44:32.410,3.409,53700
2020-10-21 09:44:32.850,3.41,14200
2020-10-21 09:44:35.310,3.41,14800
2020-10-21 09:44:36.090,3.409,1900
2020-10-21 09:44:36.090,3.409,10000
2020-10-21 09:44:36.090,3.409,1000
2020-10-21 09:44:36.090,3.409,4400
2020-10-21 09:44:36.500,3.41,100
2020-10-21 09:44:37.750,3.41,15100
2020-10-21 09:44:37.980,3.409,1500
2020-10-21 09:44:39.860,3.41,17000
2020-10-21 09:44:41.840,3.41,6000
2020-10-21 09:44:41.840,3.41,9600
2020-10-21 09:44:43.020,3.41,100
2020-10-21 09:44:43.890,3.41,5700
2020-10-21 09:44:43.890,3.41,11500
2020-10-21 09:44:45.960,3.41,15200
2020-10-21 09:44:47.910,3.41,15200
2020-10-21 09:44:48.350,3.409,200
2020-10-21 09:44:48.350,3.409,3000
2020-10-21 09:44:48.350,3.409,100
2020-10-21 09:44:48.350,3.408,100
2020-10-21 09:44:48.350,3.408,300
2020-10-21 09:44:48.350,3.408,300
2020-10-21 09:44:48.350,3.408,2000
2020-10-21 09:44:48.350,3.408,8000
2020-10-21 09:44:50.040,3.408,3500
2020-10-21 09:44:50.490,3.409,3600
2020-10-21 09:44:51.060,3.409,296400
2020-10-21 09:44:52.720,3.409,100000
2020-10-21 09:44:52.720,3.409,100000
2020-10-21 09:44:54.910,3.409,80000
2020-10-21 09:44:55.730,3.409,80000
2020-10-21 09:44:55.730,3.409,100000
2020-10-21 09:44:55.730,3.409,80000
2020-10-21 09:44:57.060,3.41,5000
2020-10-21 09:44:57.170,3.409,63600
2020-10-21 09:44:57.170,3.409,5000
2020-10-21 09:44:57.170,3.409,1000
2020-10-21 09:44:57.540,3.409,700
2020-10-21 09:44:57.570,3.409,1800
2020-10-21 09:44:58.790,3.408,3500
2020-10-21 09:44:58.790,3.408,10000
2020-10-21 09:44:58.790,3.408,2000
2020-10-21 09:44:58.790,3.408,7500
2020-10-21 09:44:58.790,3.408,100
2020-10-21 09:44:58.790,3.408,5000
2020-10-21 09:44:58.790,3.408,2000
2020-10-21 09:44:58.790,3.408,1300
2020-10-21 09:44:58.790,3.408,10000
2020-10-21 09:44:58.790,3.408,3000
2020-10-21 09:44:58.790,3.408,100
2020-10-21 09:44:58.790,3.408,19300
2020-10-21 09:44:58.790,3.408,5000
2020-10-21 09:44:58.790,3.408,9500
2020-10-21 09:44:58.790,3.408,21700
2020-10-21 09:44:58.790,3.408,100000
2020-10-21 09:44:58.790,3.408,100000
2020-10-21 09:44:58.790,3.408,100000
2020-10-21 09:44:58.790,3.408,100000
2020-10-21 09:44:58.790,3.408,100000
2020-10-21 09:44:58.790,3.408,100000
2020-10-21 09:44:59.520,3.409,17300
2020-10-21 09:45:00.110,3.409,300
2020-10-21 09:45:01.130,3.409,3900
2020-10-21 09:45:01.650,3.409,15600
2020-10-21 09:45:01.710,3.408,5000
2020-10-21 09:45:01.710,3.408,13900
2020-10-21 09:45:03.430,3.408,1000
2020-10-21 09:45:03.910,3.408,9000
2020-10-21 09:45:03.910,3.408,6200
2020-10-21 09:45:04.480,3.407,276100
2020-10-21 09:45:04.480,3.407,500
2020-10-21 09:45:04.480,3.407,200
2020-10-21 09:45:04.480,3.407,5000
2020-10-21 09:45:04.480,3.407,4400
2020-10-21 09:45:04.480,3.407,5000
2020-10-21 09:45:04.480,3.407,500
2020-10-21 09:45:04.480,3.407,2000
2020-10-21 09:45:04.480,3.407,4000
2020-10-21 09:45:04.480,3.407,2300
2020-10-21 09:45:05.620,3.408,400
2020-10-21 09:45:05.800,3.408,500
2020-10-21 09:45:09.520,3.407,700
2020-10-21 09:45:09.520,3.407,300
2020-10-21 09:45:09.990,3.407,100
2020-10-21 09:45:10.040,3.408,400
2020-10-21 09:45:10.330,3.408,16900
2020-10-21 09:45:12.220,3.408,1900
2020-10-21 09:45:12.220,3.408,1000
2020-10-21 09:45:12.400,3.408,500
2020-10-21 09:45:12.400,3.408,16700
2020-10-21 09:45:14.130,3.407,600
2020-10-21 09:45:14.130,3.407,9100
2020-10-21 09:45:14.130,3.407,1000
2020-10-21 09:45:14.130,3.407,3300
2020-10-21 09:45:15.680,3.408,10300
2020-10-21 09:45:15.680,3.408,8800
2020-10-21 09:45:18.320,3.408,7000
2020-10-21 09:45:23.100,3.409,190800
2020-10-21 09:45:23.100,3.409,500
2020-10-21 09:45:23.100,3.409,108700
2020-10-21 09:45:23.300,3.409,191300
2020-10-21 09:45:23.300,3.409,67400
2020-10-21 09:45:23.300,3.409,41300
2020-10-21 09:45:23.590,3.408,11100
2020-10-21 09:45:24.830,3.408,10000
2020-10-21 09:45:25.240,3.409,178700
2020-10-21 09:45:25.700,3.409,50000
2020-10-21 09:45:27.290,3.41,3100
2020-10-21 09:45:27.290,3.41,9800
2020-10-21 09:45:27.290,3.41,1100
2020-10-21 09:45:28.610,3.41,200
2020-10-21 09:45:28.610,3.411,300
2020-10-21 09:45:32.610,3.41,9000
2020-10-21 09:45:32.860,3.41,70000
2020-10-21 09:45:33.000,3.41,40000
2020-10-21 09:45:35.860,3.41,40000
2020-10-21 09:45:35.860,3.41,20000
2020-10-21 09:45:36.230,3.41,41000
2020-10-21 09:45:40.630,3.41,100
2020-10-21 09:45:41.450,3.41,1300
2020-10-21 09:45:42.930,3.41,118200
2020-10-21 09:45:45.390,3.409,1400
2020-10-21 09:45:45.900,3.41,1700
2020-10-21 09:45:48.280,3.409,10000
2020-10-21 09:45:48.930,3.41,48300
2020-10-21 09:45:48.930,3.41,1000
2020-10-21 09:45:52.750,3.41,62400
2020-10-21 09:45:53.660,3.411,600
2020-10-21 09:45:57.150,3.411,100
2020-10-21 09:45:57.150,3.411,100
2020-10-21 09:45:57.150,3.411,100
2020-10-21 09:45:57.150,3.411,100
2020-10-21 09:45:57.180,3.411,100
2020-10-21 09:45:57.180,3.411,100
2020-10-21 09:45:57.180,3.411,100
2020-10-21 09:45:57.180,3.411,100
2020-10-21 09:45:57.180,3.411,100
2020-10-21 09:45:57.180,3.411,100
2020-10-21 09:45:57.180,3.411,100
2020-10-21 09:45:57.180,3.411,100
2020-10-21 09:45:57.200,3.411,100
2020-10-21 09:45:57.200,3.411,100
2020-10-21 09:45:57.200,3.411,100
2020-10-21 09:45:57.240,3.411,100
2020-10-21 09:45:57.240,3.411,100
2020-10-21 09:45:57.240,3.411,100
2020-10-21 09:45:57.240,3.411,100
2020-10-21 09:45:57.240,3.411,100
2020-10-21 09:45:57.240,3.411,100
2020-10-21 09:45:57.240,3.411,100
2020-10-21 09:45:57.300,3.411,100
2020-10-21 09:45:57.300,3.411,100
2020-10-21 09:45:57.300,3.411,100
2020-10-21 09:45:57.300,3.411,100
2020-10-21 09:45:57.300,3.411,100
2020-10-21 09:45:57.300,3.411,100
2020-10-21 09:45:57.300,3.411,100
2020-10-21 09:45:57.300,3.411,100
2020-10-21 09:45:57.360,3.411,100
2020-10-21 09:45:57.360,3.411,100
2020-10-21 09:45:57.360,3.411,100
2020-10-21 09:45:57.360,3.411,100
2020-10-21 09:45:57.360,3.411,100
2020-10-21 09:45:57.360,3.411,100
2020-10-21 09:45:57.390,3.411,100
2020-10-21 09:45:57.390,3.411,100
2020-10-21 09:45:57.390,3.411,100
2020-10-21 09:45:57.390,3.411,100
2020-10-21 09:45:57.390,3.411,100
2020-10-21 09:45:57.440,3.411,100
2020-10-21 09:45:57.440,3.411,100
2020-10-21 09:45:57.440,3.411,100
2020-10-21 09:45:57.440,3.411,100
2020-10-21 09:45:57.500,3.411,100
2020-10-21 09:45:57.530,3.411,100
2020-10-21 09:45:57.530,3.411,100
2020-10-21 09:45:57.530,3.411,100
2020-10-21 09:45:57.530,3.411,100
2020-10-21 09:45:57.530,3.411,100
2020-10-21 09:45:57.530,3.411,100
2020-10-21 09:45:57.590,3.411,100
2020-10-21 09:45:57.590,3.411,100
2020-10-21 09:45:57.590,3.411,100
2020-10-21 09:45:57.590,3.411,100
2020-10-21 09:45:57.590,3.411,100
2020-10-21 09:45:57.590,3.411,100
2020-10-21 09:45:57.590,3.411,100
2020-10-21 09:45:57.590,3.411,100
2020-10-21 09:45:57.590,3.411,100
2020-10-21 09:45:57.590,3.411,100
2020-10-21 09:45:57.650,3.411,100
2020-10-21 09:45:57.650,3.411,100
2020-10-21 09:45:57.650,3.411,100
2020-10-21 09:45:57.650,3.411,100
2020-10-21 09:45:57.650,3.411,100
2020-10-21 09:45:57.650,3.411,100
2020-10-21 09:45:57.650,3.411,100
2020-10-21 09:45:57.720,3.411,100
2020-10-21 09:45:57.720,3.411,100
2020-10-21 09:45:57.720,3.411,100
2020-10-21 09:45:57.770,3.411,100
2020-10-21 09:45:57.770,3.411,100
2020-10-21 09:45:57.800,3.411,100
2020-10-21 09:45:57.800,3.411,100
2020-10-21 09:45:57.800,3.411,100
2020-10-21 09:45:57.800,3.411,100
2020-10-21 09:45:57.800,3.411,100
2020-10-21 09:45:57.860,3.411,100
2020-10-21 09:45:57.860,3.411,100
2020-10-21 09:45:57.860,3.411,100
2020-10-21 09:45:57.860,3.411,100
2020-10-21 09:45:57.860,3.411,100
2020-10-21 09:45:57.860,3.411,100
2020-10-21 09:45:57.920,3.411,100
2020-10-21 09:45:57.920,3.411,100
2020-10-21 09:45:57.920,3.411,100
2020-10-21 09:45:57.920,3.411,100
2020-10-21 09:45:57.920,3.411,100
2020-10-21 09:45:57.940,3.411,100
2020-10-21 09:45:57.940,3.412,100
2020-10-21 09:45:57.940,3.412,100
2020-10-21 09:45:57.940,3.412,100
2020-10-21 09:45:58.000,3.412,100
2020-10-21 09:45:58.000,3.412,100
2020-10-21 09:45:58.000,3.412,100
2020-10-21 09:45:58.000,3.412,100
2020-10-21 09:45:58.000,3.412,100
2020-10-21 09:45:58.060,3.412,100
2020-10-21 09:45:58.150,3.412,100
2020-10-21 09:45:58.150,3.412,100
2020-10-21 09:45:58.150,3.412,100
2020-10-21 09:45:58.150,3.412,100
2020-10-21 09:45:58.150,3.412,100
2020-10-21 09:45:58.150,3.412,100
2020-10-21 09:45:58.150,3.412,100
2020-10-21 09:45:58.150,3.412,100
2020-10-21 09:45:58.150,3.412,100
2020-10-21 09:45:58.150,3.412,100
2020-10-21 09:45:58.240,3.412,100
2020-10-21 09:45:58.240,3.412,100
2020-10-21 09:45:58.240,3.412,100
2020-10-21 09:45:58.240,3.412,100
2020-10-21 09:45:58.300,3.412,100
2020-10-21 09:45:58.300,3.412,100
2020-10-21 09:45:58.300,3.412,100
2020-10-21 09:45:58.360,3.412,100
2020-10-21 09:45:58.360,3.412,100
2020-10-21 09:45:58.360,3.412,100
2020-10-21 09:45:58.360,3.412,100
2020-10-21 09:45:58.360,3.412,100
2020-10-21 09:45:58.420,3.412,100
2020-10-21 09:45:58.420,3.412,100
2020-10-21 09:45:58.420,3.412,100
2020-10-21 09:45:58.420,3.412,100
2020-10-21 09:45:58.420,3.412,100
2020-10-21 09:45:58.480,3.412,100
2020-10-21 09:45:58.480,3.412,100
2020-10-21 09:45:58.480,3.412,100
2020-10-21 09:45:58.480,3.412,100
2020-10-21 09:45:58.480,3.412,100
2020-10-21 09:45:58.510,3.412,100
2020-10-21 09:45:58.510,3.412,100
2020-10-21 09:45:58.510,3.412,100
2020-10-21 09:45:58.510,3.412,100
2020-10-21 09:45:58.570,3.412,100
2020-10-21 09:45:58.570,3.412,100
2020-10-21 09:45:58.570,3.412,100
2020-10-21 09:45:58.570,3.412,100
2020-10-21 09:45:58.600,3.412,100
2020-10-21 09:45:58.600,3.412,100
2020-10-21 09:45:58.600,3.412,100
2020-10-21 09:45:58.600,3.412,100
2020-10-21 09:45:58.600,3.412,100
2020-10-21 09:45:58.600,3.412,100
2020-10-21 09:45:58.660,3.412,100
2020-10-21 09:45:58.720,3.412,100
2020-10-21 09:45:58.720,3.412,100
2020-10-21 09:45:58.720,3.412,100
2020-10-21 09:46:02.480,3.41,5000
2020-10-21 09:46:07.520,3.411,200
2020-10-21 09:46:07.910,3.412,10100
2020-10-21 09:46:10.500,3.411,9800
2020-10-21 09:46:10.940,3.411,90200
2020-10-21 09:46:10.940,3.411,40000
2020-10-21 09:46:10.940,3.411,100000
2020-10-21 09:46:12.150,3.411,300000
2020-10-21 09:46:13.720,3.411,300000
2020-10-21 09:46:14.030,3.411,40000
2020-10-21 09:46:14.030,3.411,21500
2020-10-21 09:46:14.030,3.411,38500
2020-10-21 09:46:16.470,3.412,7800
2020-10-21 09:46:16.470,3.412,6500
2020-10-21 09:46:17.010,3.411,20000
2020-10-21 09:46:17.970,3.411,2400
2020-10-21 09:46:18.890,3.412,5200
2020-10-21 09:46:20.050,3.411,10000
2020-10-21 09:46:21.970,3.411,100
2020-10-21 09:46:23.040,3.411,4100
2020-10-21 09:46:23.040,3.411,10000
2020-10-21 09:46:23.040,3.411,125900
2020-10-21 09:46:23.100,3.411,100000
2020-10-21 09:46:23.100,3.411,20000
2020-10-21 09:46:23.100,3.411,100000
2020-10-21 09:46:23.100,3.411,100000
2020-10-21 09:46:23.500,3.411,8900
2020-10-21 09:46:23.610,3.411,5500
2020-10-21 09:46:26.060,3.411,10000
2020-10-21 09:46:26.920,3.411,300000
2020-10-21 09:46:27.450,3.411,70000
2020-10-21 09:46:29.400,3.411,40000
2020-10-21 09:46:29.760,3.412,200
2020-10-21 09:46:31.910,3.411,2500
2020-10-21 09:46:32.020,3.411,17200
2020-10-21 09:46:32.020,3.411,12800
2020-10-21 09:46:32.320,3.411,1500
2020-10-21 09:46:35.050,3.411,3700
2020-10-21 09:46:35.050,3.411,36300
2020-10-21 09:46:38.580,3.412,18100
2020-10-21 09:46:38.580,3.412,10000
2020-10-21 09:46:38.580,3.412,29200
2020-10-21 09:46:38.580,3.412,15000
2020-10-21 09:46:38.580,3.412,8200
2020-10-21 09:46:38.580,3.412,1000
2020-10-21 09:46:38.580,3.412,100000
2020-10-21 09:46:40.950,3.412,100000
2020-10-21 09:46:40.950,3.412,70000
2020-10-21 09:46:40.950,3.412,60000
2020-10-21 09:46:40.950,3.412,20000
2020-10-21 09:46:40.950,3.412,100000
2020-10-21 09:46:40.950,3.412,70000
2020-10-21 09:46:41.460,3.412,258500
2020-10-21 09:46:41.460,3.412,30000
2020-10-21 09:46:41.460,3.412,5000
2020-10-21 09:46:41.770,3.412,200
2020-10-21 09:46:42.230,3.412,6300
2020-10-21 09:46:49.170,3.412,8300
2020-10-21 09:46:49.270,3.412,1700
2020-10-21 09:46:49.270,3.411,4600
2020-10-21 09:46:52.650,3.412,2000
2020-10-21 09:46:53.310,3.412,20000
2020-10-21 09:46:53.420,3.412,100
2020-10-21 09:46:57.080,3.413,900
2020-10-21 09:46:57.080,3.413,7900
2020-10-21 09:46:58.230,3.412,1100
2020-10-21 09:46:58.270,3.413,2100
2020-10-21 09:46:58.270,3.413,1000
2020-10-21 09:46:58.270,3.413,700
2020-10-21 09:46:58.540,3.412,200
2020-10-21 09:46:59.620,3.413,300
2020-10-21 09:46:59.620,3.413,2400
2020-10-21 09:47:03.940,3.412,1000
2020-10-21 09:47:04.020,3.412,3000
2020-10-21 09:47:04.580,3.413,800
2020-10-21 09:47:04.580,3.413,1000
2020-10-21 09:47:04.580,3.413,20100
2020-10-21 09:47:04.580,3.413,20000
2020-10-21 09:47:04.580,3.413,60800
2020-10-21 09:47:05.260,3.413,10000
2020-10-21 09:47:05.260,3.413,50000
2020-10-21 09:47:08.370,3.413,10000
2020-10-21 09:47:08.370,3.413,100000
2020-10-21 09:47:08.580,3.413,5000
2020-10-21 09:47:08.580,3.413,22400
2020-10-21 09:47:08.580,3.413,1500
2020-10-21 09:47:08.580,3.413,8600
2020-10-21 09:47:08.580,3.413,100
2020-10-21 09:47:12.790,3.413,600
2020-10-21 09:47:18.470,3.412,2600
2020-10-21 09:47:18.470,3.412,37400
2020-10-21 09:47:19.030,3.413,25300
2020-10-21 09:47:19.510,3.412,10000
2020-10-21 09:47:20.220,3.412,300000
2020-10-21 09:47:20.420,3.412,100000
2020-10-21 09:47:20.420,3.412,100000
2020-10-21 09:47:20.420,3.412,20000
2020-10-21 09:47:20.420,3.412,80000
2020-10-21 09:47:23.980,3.412,17000
2020-10-21 09:47:24.460,3.412,100
2020-10-21 09:47:25.970,3.411,100000
2020-10-21 09:47:25.970,3.411,40000
2020-10-21 09:47:26.090,3.412,2900
2020-10-21 09:47:26.090,3.412,14400
2020-10-21 09:47:26.520,3.411,80000
2020-10-21 09:47:26.900,3.411,70000
2020-10-21 09:47:26.960,3.411,30000
2020-10-21 09:47:27.010,3.411,70000
2020-10-21 09:47:27.010,3.411,100000
2020-10-21 09:47:27.010,3.411,100000
2020-10-21 09:47:27.010,3.411,60000
2020-10-21 09:47:27.010,3.411,100000
2020-10-21 09:47:27.010,3.411,80000
2020-10-21 09:47:27.010,3.411,29100
2020-10-21 09:47:27.010,3.411,40900
2020-10-21 09:47:27.010,3.411,20000
2020-10-21 09:47:27.010,3.411,60000
2020-10-21 09:47:27.480,3.411,300000
2020-10-21 09:47:28.670,3.412,1000
2020-10-21 09:47:28.850,3.411,5000
2020-10-21 09:47:28.850,3.411,295000
2020-10-21 09:47:29.430,3.411,100000
2020-10-21 09:47:29.430,3.411,100000
2020-10-21 09:47:29.430,3.411,100000
2020-10-21 09:47:29.430,3.411,20000
2020-10-21 09:47:29.430,3.411,100000
2020-10-21 09:47:29.430,3.411,60000
2020-10-21 09:47:30.380,3.412,14400
2020-10-21 09:47:32.130,3.41,70200
2020-10-21 09:47:32.820,3.411,1000
2020-10-21 09:47:32.820,3.412,10000
2020-10-21 09:47:32.820,3.412,3700
2020-10-21 09:47:34.810,3.411,14900
2020-10-21 09:47:35.070,3.41,20000
2020-10-21 09:47:35.620,3.411,5100
2020-10-21 09:47:35.620,3.412,9600
2020-10-21 09:47:35.620,3.412,20000
2020-10-21 09:47:35.620,3.412,8800
2020-10-21 09:47:35.620,3.412,29000
2020-10-21 09:47:35.620,3.412,30000
2020-10-21 09:47:35.620,3.412,5200
2020-10-21 09:47:35.620,3.412,29200
2020-10-21 09:47:38.100,3.411,5000
2020-10-21 09:47:38.100,3.41,95000
2020-10-21 09:47:40.630,3.41,10000
2020-10-21 09:47:41.070,3.41,20000
2020-10-21 09:47:42.750,3.411,400
2020-10-21 09:47:45.750,3.412,2600
2020-10-21 09:47:47.050,3.411,9600
2020-10-21 09:47:47.050,3.411,20400
2020-10-21 09:47:50.030,3.411,1000
2020-10-21 09:47:51.000,3.411,8600
2020-10-21 09:47:53.680,3.41,400
2020-10-21 09:47:55.170,3.412,700
2020-10-21 09:47:55.970,3.411,1000
2020-10-21 09:47:55.970,3.411,9000
2020-10-21 09:47:57.200,3.411,6000
2020-10-21 09:47:58.570,3.411,1200
2020-10-21 09:48:01.980,3.41,100000
2020-10-21 09:48:01.980,3.41,20000
2020-10-21 09:48:02.180,3.411,800
2020-10-21 09:48:03.450,3.41,90000
2020-10-21 09:48:05.220,3.41,80000
2020-10-21 09:48:05.220,3.41,36500
2020-10-21 09:48:05.220,3.41,2000
2020-10-21 09:48:05.220,3.41,1000
2020-10-21 09:48:05.220,3.41,5000
2020-10-21 09:48:05.220,3.41,10000
2020-10-21 09:48:05.220,3.41,3000
2020-10-21 09:48:05.220,3.41,6000
2020-10-21 09:48:05.220,3.41,5000
2020-10-21 09:48:05.220,3.41,100
2020-10-21 09:48:05.220,3.41,800
2020-10-21 09:48:05.220,3.41,20000
2020-10-21 09:48:05.220,3.41,600
2020-10-21 09:48:07.630,3.41,2400
2020-10-21 09:48:07.630,3.41,4600
2020-10-21 09:48:09.500,3.41,30000
2020-10-21 09:48:10.800,3.41,3000
2020-10-21 09:48:11.200,3.41,6400
2020-10-21 09:48:11.200,3.41,3600
2020-10-21 09:48:13.980,3.411,100
2020-10-21 09:48:14.450,3.41,6400
2020-10-21 09:48:14.450,3.41,3000
2020-10-21 09:48:14.450,3.41,600
2020-10-21 09:48:15.600,3.411,2400
2020-10-21 09:48:17.680,3.41,5400
2020-10-21 09:48:17.680,3.41,300
2020-10-21 09:48:17.680,3.41,1000
2020-10-21 09:48:20.810,3.41,33300
2020-10-21 09:48:25.820,3.411,2500
2020-10-21 09:48:26.680,3.41,900
2020-10-21 09:48:26.830,3.411,31100
2020-10-21 09:48:26.830,3.411,10000
2020-10-21 09:48:26.830,3.411,17800
2020-10-21 09:48:28.060,3.411,2200
2020-10-21 09:48:28.060,3.411,800
2020-10-21 09:48:31.170,3.41,100
2020-10-21 09:48:35.660,3.41,8800
2020-10-21 09:48:35.750,3.411,36800
2020-10-21 09:48:35.750,3.411,66900
2020-10-21 09:48:35.750,3.411,16700
2020-10-21 09:48:35.750,3.411,129600
2020-10-21 09:48:35.860,3.411,170400
2020-10-21 09:48:35.860,3.411,1700
2020-10-21 09:48:37.300,3.411,1000
2020-10-21 09:48:48.960,3.411,100
2020-10-21 09:48:50.460,3.411,100000
2020-10-21 09:48:50.460,3.411,100000
2020-10-21 09:48:50.460,3.411,100000
2020-10-21 09:48:50.460,3.411,100000
2020-10-21 09:48:50.460,3.411,80000
2020-10-21 09:48:50.460,3.411,100000
2020-10-21 09:48:52.410,3.412,5300
2020-10-21 09:48:58.420,3.412,5300
2020-10-21 09:49:01.170,3.412,500
2020-10-21 09:49:01.530,3.411,10000
2020-10-21 09:49:01.530,3.411,100000
2020-10-21 09:49:02.020,3.411,31900
2020-10-21 09:49:02.590,3.41,100
2020-10-21 09:49:02.590,3.41,19900
2020-10-21 09:49:02.590,3.41,50000
2020-10-21 09:49:02.590,3.41,20000
2020-10-21 09:49:04.470,3.411,5200
2020-10-21 09:49:04.910,3.411,14800
2020-10-21 09:49:04.910,3.411,300000
2020-10-21 09:49:04.910,3.411,300000
2020-10-21 09:49:04.910,3.412,6400
2020-10-21 09:49:04.910,3.412,16000
2020-10-21 09:49:04.910,3.412,19900
2020-10-21 09:49:04.910,3.412,1000
2020-10-21 09:49:04.910,3.412,90000
2020-10-21 09:49:04.910,3.412,61400
2020-10-21 09:49:04.910,3.412,10000
2020-10-21 09:49:04.910,3.412,20000
2020-10-21 09:49:04.910,3.412,60500
2020-10-21 09:49:10.440,3.411,5300
2020-10-21 09:49:14.280,3.41,500
2020-10-21 09:49:14.280,3.41,1000
2020-10-21 09:49:14.540,3.411,2000
2020-10-21 09:49:16.520,3.411,5300
2020-10-21 09:49:17.970,3.41,100000
2020-10-21 09:49:18.030,3.41,20000
2020-10-21 09:49:19.130,3.41,200
2020-10-21 09:49:22.460,3.411,5300
2020-10-21 09:49:26.370,3.41,100
2020-10-21 09:49:28.510,3.411,5200
2020-10-21 09:49:31.730,3.41,78900
2020-10-21 09:49:34.200,3.41,5000
2020-10-21 09:49:34.300,3.411,76900
2020-10-21 09:49:34.300,3.411,30500
2020-10-21 09:49:34.300,3.411,9900
2020-10-21 09:49:34.300,3.411,14100
2020-10-21 09:49:34.590,3.411,5300
2020-10-21 09:49:34.820,3.411,11200
2020-10-21 09:49:34.820,3.411,6100
2020-10-21 09:49:35.000,3.41,47900
2020-10-21 09:49:36.040,3.411,900
2020-10-21 09:49:36.040,3.411,58700
2020-10-21 09:49:36.040,3.411,3000
2020-10-21 09:49:36.920,3.411,500
2020-10-21 09:49:38.440,3.412,16100
2020-10-21 09:49:39.410,3.411,7300
2020-10-21 09:49:41.100,3.411,30000
2020-10-21 09:49:43.680,3.411,200
2020-10-21 09:49:43.790,3.411,40000
2020-10-21 09:49:43.790,3.411,10000
2020-10-21 09:49:47.480,3.412,5300
2020-10-21 09:49:48.430,3.411,109400
2020-10-21 09:49:48.430,3.411,150000
2020-10-21 09:49:48.430,3.411,5300
2020-10-21 09:49:50.420,3.411,16500
2020-10-21 09:49:50.910,3.411,10000
2020-10-21 09:49:52.530,3.411,4800
2020-10-21 09:49:53.490,3.412,5200
2020-10-21 09:49:53.880,3.412,12800
2020-10-21 09:49:55.310,3.411,100
2020-10-21 09:49:55.340,3.412,3000
2020-10-21 09:49:57.380,3.412,4700
2020-10-21 09:49:59.530,3.412,5300
2020-10-21 09:50:04.410,3.412,111200
2020-10-21 09:50:04.410,3.412,20000
2020-10-21 09:50:04.410,3.412,32500
2020-10-21 09:50:04.770,3.412,43300
2020-10-21 09:50:05.120,3.412,224200
2020-10-21 09:50:05.120,3.412,100000
2020-10-21 09:50:05.120,3.412,19000
2020-10-21 09:50:05.120,3.412,7700
2020-10-21 09:50:05.120,3.412,5200
2020-10-21 09:50:08.000,3.413,241500
2020-10-21 09:50:08.000,3.413,6500
2020-10-21 09:50:08.000,3.413,200
2020-10-21 09:50:08.000,3.413,51800
2020-10-21 09:50:09.250,3.412,16000
2020-10-21 09:50:10.040,3.413,15600
2020-10-21 09:50:10.040,3.413,10000
2020-10-21 09:50:10.040,3.413,3000
2020-10-21 09:50:11.340,3.413,5000
2020-10-21 09:50:14.170,3.414,46900
2020-10-21 09:50:15.850,3.413,5300
2020-10-21 09:50:15.850,3.412,4700
2020-10-21 09:50:17.530,3.414,5200
2020-10-21 09:50:19.730,3.413,20000
2020-10-21 09:50:20.230,3.413,300
2020-10-21 09:50:20.470,3.414,1000
2020-10-21 09:50:21.660,3.414,1000
2020-10-21 09:50:23.570,3.414,5300
2020-10-21 09:50:27.390,3.414,19900
2020-10-21 09:50:27.390,3.414,100
2020-10-21 09:50:27.390,3.414,1500
2020-10-21 09:50:27.390,3.414,100
2020-10-21 09:50:27.390,3.414,1700
2020-10-21 09:50:27.390,3.414,10000
2020-10-21 09:50:27.390,3.414,15000
2020-10-21 09:50:27.390,3.414,7000
2020-10-21 09:50:27.390,3.414,7000
2020-10-21 09:50:27.390,3.414,7600
2020-10-21 09:50:27.390,3.414,10000
2020-10-21 09:50:27.390,3.414,1000
2020-10-21 09:50:27.390,3.414,1500
2020-10-21 09:50:27.390,3.414,2000
2020-10-21 09:50:27.390,3.414,1000
2020-10-21 09:50:28.740,3.414,30000
2020-10-21 09:50:28.740,3.414,90000
2020-10-21 09:50:28.740,3.414,90000
2020-10-21 09:50:29.490,3.415,1400
2020-10-21 09:50:29.490,3.415,1500
2020-10-21 09:50:29.490,3.415,5000
2020-10-21 09:50:29.490,3.415,3100
2020-10-21 09:50:29.490,3.415,8000
2020-10-21 09:50:29.490,3.415,14600
2020-10-21 09:50:29.490,3.415,7000
2020-10-21 09:50:29.490,3.415,2000
2020-10-21 09:50:29.490,3.415,5000
2020-10-21 09:50:29.490,3.415,2000
2020-10-21 09:50:29.490,3.415,100
2020-10-21 09:50:29.490,3.415,1000
2020-10-21 09:50:29.490,3.415,5000
2020-10-21 09:50:29.490,3.415,30000
2020-10-21 09:50:29.490,3.415,300000
2020-10-21 09:50:29.490,3.416,500
2020-10-21 09:50:29.490,3.416,20000
2020-10-21 09:50:29.490,3.416,10000
2020-10-21 09:50:29.490,3.416,6000
2020-10-21 09:50:29.490,3.416,1500
2020-10-21 09:50:29.490,3.416,10000
2020-10-21 09:50:29.490,3.416,7000
2020-10-21 09:50:29.490,3.416,5000
2020-10-21 09:50:29.490,3.416,5000
2020-10-21 09:50:29.490,3.416,800
2020-10-21 09:50:29.490,3.416,100
2020-10-21 09:50:29.490,3.416,100
2020-10-21 09:50:29.490,3.416,1500
2020-10-21 09:50:29.490,3.416,100
2020-10-21 09:50:29.490,3.416,1000
2020-10-21 09:50:29.490,3.416,300
2020-10-21 09:50:29.490,3.416,100
2020-10-21 09:50:29.490,3.416,45300
2020-10-21 09:50:31.530,3.414,227800
2020-10-21 09:50:31.530,3.414,10000
2020-10-21 09:50:31.530,3.414,5300
2020-10-21 09:50:31.530,3.414,1000
2020-10-21 09:50:31.530,3.414,9900
2020-10-21 09:50:31.530,3.414,100
2020-10-21 09:50:31.590,3.414,100
2020-10-21 09:50:31.590,3.414,100
2020-10-21 09:50:31.590,3.414,100
2020-10-21 09:50:31.590,3.414,100
2020-10-21 09:50:31.590,3.414,100
2020-10-21 09:50:31.590,3.414,100
2020-10-21 09:50:31.590,3.414,100
2020-10-21 09:50:31.590,3.414,41200
2020-10-21 09:50:31.590,3.414,8000
2020-10-21 09:50:31.630,3.416,100
2020-10-21 09:50:31.630,3.416,100
2020-10-21 09:50:31.650,3.416,100
2020-10-21 09:50:31.650,3.416,100
2020-10-21 09:50:31.650,3.416,100
2020-10-21 09:50:31.650,3.416,100
2020-10-21 09:50:31.650,3.416,100
2020-10-21 09:50:31.650,3.416,100
2020-10-21 09:50:31.650,3.416,100
2020-10-21 09:50:31.720,3.416,100
2020-10-21 09:50:31.720,3.416,100
2020-10-21 09:50:31.720,3.416,100
2020-10-21 09:50:31.720,3.416,100
2020-10-21 09:50:31.720,3.416,100
2020-10-21 09:50:31.720,3.416,100
2020-10-21 09:50:31.720,3.416,100
2020-10-21 09:50:31.720,3.416,100
2020-10-21 09:50:31.720,3.416,100
2020-10-21 09:50:31.750,3.416,100
2020-10-21 09:50:31.750,3.416,100
2020-10-21 09:50:31.750,3.416,100
2020-10-21 09:50:31.750,3.416,100
2020-10-21 09:50:31.800,3.416,100
2020-10-21 09:50:31.800,3.416,100
2020-10-21 09:50:31.800,3.416,100
2020-10-21 09:50:31.800,3.416,100
2020-10-21 09:50:31.800,3.416,100
2020-10-21 09:50:31.800,3.414,10000
2020-10-21 09:50:31.830,3.416,100
2020-10-21 09:50:31.830,3.416,100
2020-10-21 09:50:31.830,3.416,100
2020-10-21 09:50:31.830,3.416,100
2020-10-21 09:50:31.830,3.416,100
2020-10-21 09:50:31.900,3.416,100
2020-10-21 09:50:31.900,3.416,100
2020-10-21 09:50:31.900,3.416,100
2020-10-21 09:50:31.900,3.416,100
2020-10-21 09:50:31.900,3.416,100
2020-10-21 09:50:31.900,3.416,100
2020-10-21 09:50:31.900,3.416,100
2020-10-21 09:50:31.950,3.416,100
2020-10-21 09:50:31.950,3.416,100
2020-10-21 09:50:31.950,3.416,100
2020-10-21 09:50:31.980,3.416,100
2020-10-21 09:50:31.980,3.416,100
2020-10-21 09:50:31.980,3.416,100
2020-10-21 09:50:31.980,3.416,100
2020-10-21 09:50:32.040,3.416,100
2020-10-21 09:50:32.040,3.416,100
2020-10-21 09:50:32.040,3.416,100
2020-10-21 09:50:32.040,3.416,100
2020-10-21 09:50:32.040,3.416,100
2020-10-21 09:50:32.040,3.416,100
2020-10-21 09:50:32.040,3.416,100
2020-10-21 09:50:32.100,3.416,100
2020-10-21 09:50:32.100,3.416,100
2020-10-21 09:50:32.100,3.416,100
2020-10-21 09:50:32.130,3.416,100
2020-10-21 09:50:32.130,3.416,100
2020-10-21 09:50:32.130,3.416,100
2020-10-21 09:50:32.130,3.416,100
2020-10-21 09:50:32.130,3.416,100
2020-10-21 09:50:32.130,3.416,100
2020-10-21 09:50:32.190,3.416,100
2020-10-21 09:50:32.220,3.416,100
2020-10-21 09:50:32.220,3.416,100
2020-10-21 09:50:32.220,3.416,100
2020-10-21 09:50:32.300,3.416,100
2020-10-21 09:50:32.300,3.416,100
2020-10-21 09:50:32.300,3.416,100
2020-10-21 09:50:32.300,3.414,4800
2020-10-21 09:50:32.330,3.416,100
2020-10-21 09:50:32.330,3.416,100
2020-10-21 09:50:32.330,3.416,100
2020-10-21 09:50:32.390,3.416,100
2020-10-21 09:50:32.390,3.416,100
2020-10-21 09:50:32.390,3.416,100
2020-10-21 09:50:32.390,3.416,100
2020-10-21 09:50:32.390,3.416,100
2020-10-21 09:50:32.390,3.416,100
2020-10-21 09:50:32.500,3.416,100
2020-10-21 09:50:32.500,3.416,100
2020-10-21 09:50:32.500,3.416,100
2020-10-21 09:50:32.500,3.416,100
2020-10-21 09:50:32.500,3.416,100
2020-10-21 09:50:33.970,3.415,100
2020-10-21 09:50:34.030,3.415,100
2020-10-21 09:50:34.030,3.415,100
2020-10-21 09:50:34.030,3.415,100
2020-10-21 09:50:34.030,3.415,100
2020-10-21 09:50:34.060,3.415,100
2020-10-21 09:50:34.060,3.415,100
2020-10-21 09:50:34.060,3.415,100
2020-10-21 09:50:34.060,3.415,100
2020-10-21 09:50:34.060,3.415,100
2020-10-21 09:50:34.060,3.415,100
2020-10-21 09:50:34.110,3.415,100
2020-10-21 09:50:34.110,3.415,100
2020-10-21 09:50:34.110,3.415,100
2020-10-21 09:50:34.110,3.415,100
2020-10-21 09:50:34.110,3.415,100
2020-10-21 09:50:34.110,3.415,100
2020-10-21 09:50:34.110,3.415,100
2020-10-21 09:50:34.110,3.415,100
2020-10-21 09:50:34.110,3.415,100
2020-10-21 09:50:34.110,3.415,100
2020-10-21 09:50:34.110,3.415,100
2020-10-21 09:50:34.180,3.415,100
2020-10-21 09:50:34.180,3.415,100
2020-10-21 09:50:34.180,3.415,100
2020-10-21 09:50:34.210,3.415,100
2020-10-21 09:50:34.210,3.415,100
2020-10-21 09:50:34.210,3.415,100
2020-10-21 09:50:34.210,3.415,100
2020-10-21 09:50:34.270,3.415,100
2020-10-21 09:50:34.270,3.415,100
2020-10-21 09:50:34.270,3.415,100
2020-10-21 09:50:34.270,3.415,100
2020-10-21 09:50:34.270,3.415,100
2020-10-21 09:50:34.270,3.415,100
2020-10-21 09:50:34.330,3.415,100
2020-10-21 09:50:34.330,3.415,100
2020-10-21 09:50:34.330,3.415,100
2020-10-21 09:50:34.330,3.415,100
2020-10-21 09:50:34.330,3.415,100
2020-10-21 09:50:34.330,3.415,100
2020-10-21 09:50:34.330,3.415,100
2020-10-21 09:50:34.360,3.415,100
2020-10-21 09:50:34.360,3.415,100
2020-10-21 09:50:34.360,3.415,100
2020-10-21 09:50:34.360,3.415,100
2020-10-21 09:50:34.360,3.415,100
2020-10-21 09:50:34.410,3.415,100
2020-10-21 09:50:34.410,3.415,100
2020-10-21 09:50:34.410,3.415,100
2020-10-21 09:50:34.410,3.415,100
2020-10-21 09:50:34.410,3.415,100
2020-10-21 09:50:34.410,3.414,2900
2020-10-21 09:50:34.480,3.415,100
2020-10-21 09:50:34.480,3.415,100
2020-10-21 09:50:34.480,3.415,100
2020-10-21 09:50:34.480,3.415,100
2020-10-21 09:50:34.480,3.415,100
2020-10-21 09:50:34.480,3.415,100
2020-10-21 09:50:34.500,3.415,100
2020-10-21 09:50:34.500,3.415,100
2020-10-21 09:50:34.500,3.415,100
2020-10-21 09:50:34.500,3.415,100
2020-10-21 09:50:34.560,3.415,100
2020-10-21 09:50:34.560,3.415,100
2020-10-21 09:50:34.560,3.415,100
2020-10-21 09:50:34.560,3.415,100
2020-10-21 09:50:34.620,3.415,100
2020-10-21 09:50:34.620,3.415,100
2020-10-21 09:50:34.620,3.415,100
2020-10-21 09:50:34.620,3.415,100
2020-10-21 09:50:34.620,3.415,100
2020-10-21 09:50:34.620,3.415,100
2020-10-21 09:50:34.620,3.415,100
2020-10-21 09:50:34.660,3.415,100
2020-10-21 09:50:34.730,3.415,100
2020-10-21 09:50:34.730,3.415,100
2020-10-21 09:50:34.730,3.415,100
2020-10-21 09:50:34.730,3.415,100
2020-10-21 09:50:34.730,3.415,100
2020-10-21 09:50:34.730,3.415,100
2020-10-21 09:50:34.730,3.415,100
2020-10-21 09:50:34.730,3.415,100
2020-10-21 09:50:34.730,3.415,100
2020-10-21 09:50:34.730,3.415,100
2020-10-21 09:50:34.780,3.414,300000
2020-10-21 09:50:34.780,3.414,286900
2020-10-21 09:50:34.810,3.415,100
2020-10-21 09:50:34.810,3.415,100
2020-10-21 09:50:34.810,3.415,100
2020-10-21 09:50:34.810,3.415,100
2020-10-21 09:50:34.810,3.415,100
2020-10-21 09:50:34.810,3.415,100
2020-10-21 09:50:34.870,3.414,212600
2020-10-21 09:50:34.870,3.414,300
2020-10-21 09:50:34.870,3.414,3000
2020-10-21 09:50:34.870,3.414,3000
2020-10-21 09:50:34.870,3.414,1100
2020-10-21 09:50:34.960,3.414,100
2020-10-21 09:50:35.700,3.414,5200
2020-10-21 09:50:37.200,3.414,100
2020-10-21 09:50:37.200,3.414,100
2020-10-21 09:50:37.200,3.414,100
2020-10-21 09:50:37.200,3.414,100
2020-10-21 09:50:37.200,3.414,100
2020-10-21 09:50:37.200,3.414,100
2020-10-21 09:50:37.200,3.414,100
2020-10-21 09:50:37.200,3.414,100
2020-10-21 09:50:37.200,3.414,100
2020-10-21 09:50:37.310,3.414,100
2020-10-21 09:50:37.310,3.414,100
2020-10-21 09:50:37.310,3.414,100
2020-10-21 09:50:37.310,3.414,100
2020-10-21 09:50:37.310,3.414,100
2020-10-21 09:50:37.310,3.414,100
2020-10-21 09:50:37.310,3.414,100
2020-10-21 09:50:37.310,3.414,100
2020-10-21 09:50:37.310,3.414,100
2020-10-21 09:50:37.340,3.414,100
2020-10-21 09:50:37.340,3.414,100
2020-10-21 09:50:37.340,3.414,100
2020-10-21 09:50:37.340,3.414,100
2020-10-21 09:50:37.370,3.414,100
2020-10-21 09:50:37.370,3.414,100
2020-10-21 09:50:37.370,3.414,100
2020-10-21 09:50:37.370,3.414,100
2020-10-21 09:50:37.440,3.414,100
2020-10-21 09:50:37.440,3.414,100
2020-10-21 09:50:37.440,3.414,100
2020-10-21 09:50:37.440,3.414,100
2020-10-21 09:50:37.440,3.414,100
2020-10-21 09:50:37.440,3.414,100
2020-10-21 09:50:37.440,3.414,100
2020-10-21 09:50:37.440,3.414,100
2020-10-21 09:50:37.440,3.414,100
2020-10-21 09:50:37.440,3.414,100
2020-10-21 09:50:37.440,3.414,100
2020-10-21 09:50:37.440,3.414,100
2020-10-21 09:50:37.440,3.414,100
2020-10-21 09:50:37.440,3.414,100
2020-10-21 09:50:37.440,3.414,100
2020-10-21 09:50:37.440,3.414,100
2020-10-21 09:50:37.440,3.414,100
2020-10-21 09:50:37.440,3.414,100
2020-10-21 09:50:37.440,3.414,100
2020-10-21 09:50:37.520,3.414,100
2020-10-21 09:50:37.520,3.414,100
2020-10-21 09:50:37.520,3.414,100
2020-10-21 09:50:37.520,3.414,100
2020-10-21 09:50:37.520,3.414,100
2020-10-21 09:50:37.520,3.414,100
2020-10-21 09:50:37.550,3.414,100
2020-10-21 09:50:37.550,3.414,100
2020-10-21 09:50:37.550,3.414,100
2020-10-21 09:50:37.580,3.414,100
2020-10-21 09:50:37.580,3.414,100
2020-10-21 09:50:37.580,3.414,100
2020-10-21 09:50:37.580,3.414,100
2020-10-21 09:50:37.580,3.414,100
2020-10-21 09:50:37.580,3.414,100
2020-10-21 09:50:37.580,3.414,100
2020-10-21 09:50:37.580,3.414,100
2020-10-21 09:50:37.610,3.413,300000
2020-10-21 09:50:37.640,3.414,100
2020-10-21 09:50:37.640,3.414,100
2020-10-21 09:50:37.640,3.414,100
2020-10-21 09:50:37.640,3.414,100
2020-10-21 09:50:37.640,3.414,100
2020-10-21 09:50:37.640,3.414,100
2020-10-21 09:50:37.640,3.414,100
2020-10-21 09:50:37.700,3.414,100
2020-10-21 09:50:37.700,3.414,100
2020-10-21 09:50:37.700,3.414,100
2020-10-21 09:50:37.760,3.413,80000
2020-10-21 09:50:37.760,3.413,70000
2020-10-21 09:50:37.760,3.413,100000
2020-10-21 09:50:37.760,3.413,30000
2020-10-21 09:50:37.760,3.413,30000
2020-10-21 09:50:37.760,3.413,100000
2020-10-21 09:50:37.760,3.413,70000
2020-10-21 09:50:37.760,3.413,20000
2020-10-21 09:50:37.760,3.413,80000
2020-10-21 09:50:37.760,3.413,20000
2020-10-21 09:50:37.760,3.413,80000
2020-10-21 09:50:37.760,3.413,30000
2020-10-21 09:50:37.760,3.413,100000
2020-10-21 09:50:37.760,3.413,30000
2020-10-21 09:50:37.760,3.413,40000
2020-10-21 09:50:37.760,3.413,60000
2020-10-21 09:50:37.760,3.413,100000
2020-10-21 09:50:37.760,3.413,100000
2020-10-21 09:50:37.760,3.413,70000
2020-10-21 09:50:37.760,3.413,10000
2020-10-21 09:50:37.760,3.413,100000
2020-10-21 09:50:37.760,3.413,100000
2020-10-21 09:50:37.760,3.414,100
2020-10-21 09:50:37.760,3.414,100
2020-10-21 09:50:37.810,3.414,100
