Datetime,Price,Volume
2020-10-21 09:25:00.730,4.855,18800
2020-10-21 09:25:00.730,4.855,500
2020-10-21 09:25:00.730,4.855,1200
2020-10-21 09:25:00.730,4.855,10000
2020-10-21 09:25:00.730,4.855,6800
2020-10-21 09:25:00.730,4.855,3200
2020-10-21 09:25:00.730,4.855,3300
2020-10-21 09:25:00.730,4.855,3200
2020-10-21 09:25:00.730,4.855,1100
2020-10-21 09:25:00.730,4.855,200
2020-10-21 09:25:00.730,4.855,500
2020-10-21 09:25:00.730,4.855,100
2020-10-21 09:25:00.730,4.855,1000
2020-10-21 09:25:00.730,4.855,100
2020-10-21 09:25:00.730,4.855,2800
2020-10-21 09:25:00.730,4.855,3100
2020-10-21 09:25:00.730,4.855,1900
2020-10-21 09:25:00.730,4.855,3100
2020-10-21 09:25:00.730,4.855,100
2020-10-21 09:25:00.730,4.855,3600
2020-10-21 09:25:00.730,4.855,4100
2020-10-21 09:25:00.730,4.855,2500
2020-10-21 09:25:00.730,4.855,200
2020-10-21 09:25:00.730,4.855,100
2020-10-21 09:25:00.730,4.855,300
2020-10-21 09:25:00.730,4.855,1900
2020-10-21 09:25:00.730,4.855,3100
2020-10-21 09:25:00.730,4.855,6100
2020-10-21 09:25:00.730,4.855,3900
2020-10-21 09:25:00.730,4.855,1100
2020-10-21 09:25:00.730,4.855,2100
2020-10-21 09:25:00.730,4.855,6800
2020-10-21 09:25:00.730,4.855,2600
2020-10-21 09:25:00.730,4.855,48000
2020-10-21 09:25:00.730,4.855,60000
2020-10-21 09:25:00.730,4.855,20000
2020-10-21 09:25:00.730,4.855,4400
2020-10-21 09:25:00.730,4.855,5000
2020-10-21 09:25:00.730,4.855,5000
2020-10-21 09:25:00.730,4.855,73400
2020-10-21 09:25:00.730,4.855,8100
2020-10-21 09:25:00.730,4.855,18000
2020-10-21 09:25:00.730,4.855,100
2020-10-21 09:25:00.730,4.855,1300
2020-10-21 09:25:00.730,4.855,1000
2020-10-21 09:25:00.730,4.855,100
2020-10-21 09:25:00.730,4.855,1200
2020-10-21 09:25:00.730,4.855,5000
2020-10-21 09:25:00.730,4.855,5000
2020-10-21 09:25:00.730,4.855,400
2020-10-21 09:25:00.730,4.855,100
2020-10-21 09:25:00.730,4.855,900
2020-10-21 09:25:00.730,4.855,2900
2020-10-21 09:25:00.730,4.855,500
2020-10-21 09:25:00.730,4.855,2000
2020-10-21 09:25:00.730,4.855,5000
2020-10-21 09:25:00.730,4.855,31400
2020-10-21 09:25:00.730,4.855,5000
2020-10-21 09:25:00.730,4.855,2600
2020-10-21 09:25:00.730,4.855,400
2020-10-21 09:25:00.730,4.855,1000
2020-10-21 09:25:00.730,4.855,3600
2020-10-21 09:25:00.730,4.855,5000
2020-10-21 09:25:00.730,4.855,34900
2020-10-21 09:25:00.730,4.855,2000
2020-10-21 09:25:00.730,4.855,2500
2020-10-21 09:25:00.730,4.855,2000
2020-10-21 09:25:00.730,4.855,53100
2020-10-21 09:25:00.730,4.855,66700
2020-10-21 09:25:00.730,4.855,1000
2020-10-21 09:25:00.730,4.855,500
2020-10-21 09:25:00.730,4.855,19000
2020-10-21 09:25:00.730,4.855,2000
2020-10-21 09:25:00.730,4.855,61500
2020-10-21 09:25:00.730,4.855,30400
2020-10-21 09:25:00.730,4.855,8100
2020-10-21 09:25:00.730,4.855,1500
2020-10-21 09:25:00.730,4.855,1000
2020-10-21 09:25:00.730,4.855,6100
2020-10-21 09:25:00.730,4.855,5000
2020-10-21 09:25:00.730,4.855,2200
2020-10-21 09:25:00.730,4.855,72400
2020-10-21 09:25:00.730,4.855,31200
2020-10-21 09:25:00.730,4.855,2200
2020-10-21 09:25:00.730,4.855,500
2020-10-21 09:25:00.730,4.855,500
2020-10-21 09:25:00.730,4.855,1000
2020-10-21 09:25:00.730,4.855,100
2020-10-21 09:25:00.730,4.855,300
2020-10-21 09:25:00.730,4.855,7000
2020-10-21 09:25:00.730,4.855,28400
2020-10-21 09:25:00.730,4.855,200
2020-10-21 09:25:00.730,4.855,17000
2020-10-21 09:25:00.730,4.855,100
2020-10-21 09:25:00.730,4.855,600
2020-10-21 09:25:00.730,4.855,100
2020-10-21 09:25:00.730,4.855,1800
2020-10-21 09:25:00.730,4.855,500
2020-10-21 09:25:00.730,4.855,5000
2020-10-21 09:25:00.730,4.855,400
2020-10-21 09:25:00.730,4.855,2000
2020-10-21 09:25:00.730,4.855,1000
2020-10-21 09:25:00.730,4.855,100
2020-10-21 09:25:00.730,4.855,300
2020-10-21 09:25:00.730,4.855,200
2020-10-21 09:25:00.730,4.855,100
2020-10-21 09:25:00.730,4.855,300
2020-10-21 09:25:00.730,4.855,100
2020-10-21 09:25:00.730,4.855,800
2020-10-21 09:25:00.730,4.855,1800
2020-10-21 09:25:00.730,4.855,100
2020-10-21 09:25:00.730,4.855,300
2020-10-21 09:25:00.730,4.855,200
2020-10-21 09:25:00.730,4.855,6200
2020-10-21 09:25:00.730,4.855,27700
2020-10-21 09:25:00.730,4.855,500
2020-10-21 09:25:00.730,4.855,134600
2020-10-21 09:25:00.730,4.855,3500
2020-10-21 09:25:00.730,4.855,5000
2020-10-21 09:25:00.730,4.855,5000
2020-10-21 09:25:00.730,4.855,13000
2020-10-21 09:25:00.730,4.855,7000
2020-10-21 09:25:00.730,4.855,300
2020-10-21 09:25:00.730,4.855,1500
2020-10-21 09:25:00.730,4.855,21000
2020-10-21 09:25:00.730,4.855,1800
2020-10-21 09:25:00.730,4.855,1600
2020-10-21 09:25:00.730,4.855,2000
2020-10-21 09:25:00.730,4.855,2200
2020-10-21 09:25:00.730,4.855,800
2020-10-21 09:25:00.730,4.855,100
2020-10-21 09:25:00.730,4.855,100
2020-10-21 09:25:00.730,4.855,10000
2020-10-21 09:25:00.730,4.855,100
2020-10-21 09:25:00.730,4.855,55400
2020-10-21 09:25:00.730,4.855,5000
2020-10-21 09:25:00.730,4.855,900
2020-10-21 09:25:00.730,4.855,5000
2020-10-21 09:25:00.730,4.855,600
2020-10-21 09:25:00.730,4.855,300
2020-10-21 09:25:00.730,4.855,300
2020-10-21 09:25:00.730,4.855,2000
2020-10-21 09:25:00.730,4.855,3000
2020-10-21 09:25:00.730,4.855,200
2020-10-21 09:25:00.730,4.855,1000
2020-10-21 09:25:00.730,4.855,3000
2020-10-21 09:25:00.730,4.855,200
2020-10-21 09:25:00.730,4.855,2000
2020-10-21 09:25:00.730,4.855,100
2020-10-21 09:25:00.730,4.855,2000
2020-10-21 09:25:00.730,4.855,10000
2020-10-21 09:25:00.730,4.855,22300
2020-10-21 09:25:00.730,4.855,2200
2020-10-21 09:25:00.730,4.855,1000
2020-10-21 09:30:00.160,4.856,10000
2020-10-21 09:30:00.160,4.856,24000
2020-10-21 09:30:00.160,4.856,5000
2020-10-21 09:30:00.160,4.856,300
2020-10-21 09:30:00.230,4.856,700
2020-10-21 09:30:00.270,4.857,1000
2020-10-21 09:30:00.270,4.857,1500
2020-10-21 09:30:00.270,4.857,5000
2020-10-21 09:30:00.270,4.857,10000
2020-10-21 09:30:00.270,4.857,800
2020-10-21 09:30:00.270,4.857,100
2020-10-21 09:30:00.270,4.857,5000
2020-10-21 09:30:00.270,4.857,5000
2020-10-21 09:30:00.270,4.857,100000
2020-10-21 09:30:00.270,4.858,2500
2020-10-21 09:30:00.270,4.858,41400
2020-10-21 09:30:00.270,4.858,4000
2020-10-21 09:30:00.270,4.858,8000
2020-10-21 09:30:00.310,4.858,10000
2020-10-21 09:30:00.310,4.858,1000
2020-10-21 09:30:00.360,4.858,100
2020-10-21 09:30:00.360,4.858,5000
2020-10-21 09:30:00.360,4.858,10000
2020-10-21 09:30:00.580,4.858,3500
2020-10-21 09:30:00.580,4.858,4900
2020-10-21 09:30:00.700,4.859,800
2020-10-21 09:30:00.700,4.859,2300
2020-10-21 09:30:00.700,4.859,5000
2020-10-21 09:30:00.700,4.859,20000
2020-10-21 09:30:00.700,4.859,6000
2020-10-21 09:30:00.700,4.859,1000
2020-10-21 09:30:00.700,4.859,20600
2020-10-21 09:30:00.810,4.859,3000
2020-10-21 09:30:00.810,4.859,67700
2020-10-21 09:30:00.930,4.859,1500
2020-10-21 09:30:01.040,4.859,4100
2020-10-21 09:30:01.040,4.859,1000
2020-10-21 09:30:01.040,4.859,30000
2020-10-21 09:30:01.170,4.859,5100
2020-10-21 09:30:01.170,4.859,10000
2020-10-21 09:30:01.290,4.859,5000
2020-10-21 09:30:01.290,4.859,100
2020-10-21 09:30:01.290,4.859,500
2020-10-21 09:30:01.290,4.859,30000
2020-10-21 09:30:01.420,4.859,10000
2020-10-21 09:30:01.420,4.859,20400
2020-10-21 09:30:01.540,4.859,500
2020-10-21 09:30:01.540,4.859,100
2020-10-21 09:30:01.540,4.859,100
2020-10-21 09:30:01.650,4.859,1900
2020-10-21 09:30:01.650,4.859,20000
2020-10-21 09:30:01.780,4.859,30000
2020-10-21 09:30:01.780,4.859,3300
2020-10-21 09:30:01.780,4.858,49600
2020-10-21 09:30:01.780,4.858,2000
2020-10-21 09:30:01.780,4.86,3900
2020-10-21 09:30:01.900,4.858,7500
2020-10-21 09:30:01.900,4.858,2000
2020-10-21 09:30:01.900,4.858,13800
2020-10-21 09:30:02.030,4.858,6300
2020-10-21 09:30:02.030,4.858,3700
2020-10-21 09:30:02.030,4.858,3000
2020-10-21 09:30:02.140,4.858,14600
2020-10-21 09:30:02.140,4.858,100
2020-10-21 09:30:02.140,4.858,3100
2020-10-21 09:30:02.270,4.858,20000
2020-10-21 09:30:02.270,4.858,3000
2020-10-21 09:30:02.270,4.858,5000
2020-10-21 09:30:02.360,4.858,500
2020-10-21 09:30:02.360,4.858,25000
2020-10-21 09:30:02.760,4.858,2100
2020-10-21 09:30:02.760,4.858,500
2020-10-21 09:30:02.760,4.858,5000
2020-10-21 09:30:02.880,4.858,500
2020-10-21 09:30:02.880,4.858,1000
2020-10-21 09:30:03.000,4.858,1000
2020-10-21 09:30:03.000,4.859,2200
2020-10-21 09:30:03.000,4.859,10000
2020-10-21 09:30:03.000,4.86,1100
2020-10-21 09:30:03.000,4.86,6500
2020-10-21 09:30:03.000,4.86,1100
2020-10-21 09:30:03.000,4.86,10000
2020-10-21 09:30:03.000,4.86,900
2020-10-21 09:30:03.000,4.86,5500
2020-10-21 09:30:03.000,4.86,15000
2020-10-21 09:30:03.000,4.86,700
2020-10-21 09:30:03.000,4.86,10000
2020-10-21 09:30:03.000,4.86,1300
2020-10-21 09:30:03.000,4.86,200
2020-10-21 09:30:03.000,4.86,1000
2020-10-21 09:30:03.000,4.86,12500
2020-10-21 09:30:03.130,4.86,45800
2020-10-21 09:30:03.130,4.86,2000
2020-10-21 09:30:03.130,4.86,9900
2020-10-21 09:30:03.130,4.86,5000
2020-10-21 09:30:03.130,4.86,6000
2020-10-21 09:30:03.130,4.86,3000
2020-10-21 09:30:03.130,4.86,100
2020-10-21 09:30:03.130,4.86,2500
2020-10-21 09:30:03.130,4.86,1500
2020-10-21 09:30:03.130,4.86,2000
2020-10-21 09:30:03.130,4.86,100
2020-10-21 09:30:03.130,4.86,100
2020-10-21 09:30:03.130,4.86,600
2020-10-21 09:30:03.130,4.86,500
2020-10-21 09:30:03.130,4.86,200
2020-10-21 09:30:03.130,4.86,7000
2020-10-21 09:30:03.130,4.86,1000
2020-10-21 09:30:03.130,4.86,10000
2020-10-21 09:30:03.250,4.86,6300
2020-10-21 09:30:03.250,4.86,100
2020-10-21 09:30:03.320,4.86,1000
2020-10-21 09:30:03.320,4.86,1000
2020-10-21 09:30:03.320,4.86,1500
2020-10-21 09:30:03.320,4.86,3000
2020-10-21 09:30:03.320,4.86,12000
2020-10-21 09:30:03.320,4.86,5000
2020-10-21 09:30:03.440,4.86,1000
2020-10-21 09:30:03.440,4.86,2900
2020-10-21 09:30:03.690,4.86,4800
2020-10-21 09:30:03.690,4.86,2500
2020-10-21 09:30:03.810,4.86,1000
2020-10-21 09:30:03.810,4.861,2000
2020-10-21 09:30:03.810,4.861,100
2020-10-21 09:30:03.810,4.861,2500
2020-10-21 09:30:03.810,4.861,1500
2020-10-21 09:30:03.810,4.861,1100
2020-10-21 09:30:03.900,4.861,2500
2020-10-21 09:30:03.900,4.861,3000
2020-10-21 09:30:03.900,4.861,3000
2020-10-21 09:30:03.900,4.862,100
2020-10-21 09:30:03.900,4.862,100
2020-10-21 09:30:03.900,4.862,1000
2020-10-21 09:30:03.900,4.862,4000
2020-10-21 09:30:03.900,4.862,300
2020-10-21 09:30:03.900,4.862,2000
2020-10-21 09:30:03.900,4.862,500
2020-10-21 09:30:03.900,4.862,7000
2020-10-21 09:30:04.140,4.861,31500
2020-10-21 09:30:04.140,4.862,10200
2020-10-21 09:30:04.140,4.861,2000
2020-10-21 09:30:04.250,4.861,5200
2020-10-21 09:30:04.250,4.862,1000
2020-10-21 09:30:04.330,4.861,10000
2020-10-21 09:30:04.330,4.861,7500
2020-10-21 09:30:04.380,4.861,3000
2020-10-21 09:30:04.420,4.861,2000
2020-10-21 09:30:04.420,4.861,10000
2020-10-21 09:30:04.420,4.861,100
2020-10-21 09:30:04.460,4.861,500
2020-10-21 09:30:04.460,4.861,100
2020-10-21 09:30:04.460,4.861,500
2020-10-21 09:30:04.500,4.861,100000
2020-10-21 09:30:04.570,4.861,2400
2020-10-21 09:30:04.600,4.861,100
2020-10-21 09:30:04.810,4.861,500
2020-10-21 09:30:04.840,4.861,2200
2020-10-21 09:30:04.880,4.861,600
2020-10-21 09:30:04.980,4.861,500
2020-10-21 09:30:05.180,4.861,3000
2020-10-21 09:30:05.180,4.862,2300
2020-10-21 09:30:05.240,4.861,500
2020-10-21 09:30:05.510,4.861,400
2020-10-21 09:30:05.680,4.861,1300
2020-10-21 09:30:05.780,4.861,3200
2020-10-21 09:30:05.870,4.861,500
2020-10-21 09:30:06.090,4.862,4500
2020-10-21 09:30:06.090,4.862,25000
2020-10-21 09:30:06.090,4.862,8000
2020-10-21 09:30:06.220,4.862,300
2020-10-21 09:30:06.320,4.862,107000
2020-10-21 09:30:06.420,4.863,100
2020-10-21 09:30:06.420,4.863,2300
2020-10-21 09:30:06.420,4.863,700
2020-10-21 09:30:06.420,4.863,3000
2020-10-21 09:30:06.420,4.863,5000
2020-10-21 09:30:06.420,4.864,1000
2020-10-21 09:30:06.420,4.864,400
2020-10-21 09:30:06.420,4.864,1000
2020-10-21 09:30:06.420,4.864,7000
2020-10-21 09:30:06.420,4.864,2200
2020-10-21 09:30:06.420,4.864,3000
2020-10-21 09:30:06.420,4.864,5600
2020-10-21 09:30:06.420,4.864,1000
2020-10-21 09:30:06.420,4.864,2000
2020-10-21 09:30:06.420,4.864,5000
2020-10-21 09:30:06.420,4.864,3000
2020-10-21 09:30:06.690,4.864,1000
2020-10-21 09:30:06.690,4.864,500
2020-10-21 09:30:07.920,4.864,2000
2020-10-21 09:30:07.980,4.864,100
2020-10-21 09:30:08.030,4.864,2000
2020-10-21 09:30:08.210,4.863,2000
2020-10-21 09:30:09.300,4.862,500
2020-10-21 09:30:09.610,4.862,1000
2020-10-21 09:30:09.730,4.862,2000
2020-10-21 09:30:09.870,4.862,500
2020-10-21 09:30:11.930,4.862,40000
2020-10-21 09:30:12.500,4.862,1500
2020-10-21 09:30:12.540,4.862,2500
2020-10-21 09:30:12.570,4.863,7000
2020-10-21 09:30:12.890,4.862,47300
2020-10-21 09:30:13.940,4.862,58900
2020-10-21 09:30:13.940,4.862,1100
2020-10-21 09:30:14.690,4.861,6200
2020-10-21 09:30:14.960,4.862,3000
2020-10-21 09:30:15.450,4.861,2400
2020-10-21 09:30:15.480,4.861,100
2020-10-21 09:30:15.900,4.861,87000
2020-10-21 09:30:17.460,4.86,20000
2020-10-21 09:30:17.520,4.859,2500
2020-10-21 09:30:17.750,4.86,200
2020-10-21 09:30:19.490,4.859,300
2020-10-21 09:30:19.490,4.859,30000
2020-10-21 09:30:20.620,4.858,4000
2020-10-21 09:30:20.620,4.857,16000
2020-10-21 09:30:21.110,4.857,10000
2020-10-21 09:30:22.810,4.858,5000
2020-10-21 09:30:22.810,4.859,3000
2020-10-21 09:30:22.810,4.859,59100
2020-10-21 09:30:22.810,4.857,39700
2020-10-21 09:30:22.830,4.857,13700
2020-10-21 09:30:24.130,4.857,3000
2020-10-21 09:30:25.260,4.857,10000
2020-10-21 09:30:25.410,4.857,2400
2020-10-21 09:30:25.600,4.857,5200
2020-10-21 09:30:25.600,4.857,20000
2020-10-21 09:30:25.600,4.857,1000
2020-10-21 09:30:25.600,4.857,4000
2020-10-21 09:30:25.600,4.857,5000
2020-10-21 09:30:26.280,4.857,1100
2020-10-21 09:30:26.960,4.857,3900
2020-10-21 09:30:26.960,4.857,5000
2020-10-21 09:30:26.960,4.857,500
2020-10-21 09:30:26.960,4.857,600
2020-10-21 09:30:26.960,4.857,2500
2020-10-21 09:30:26.990,4.857,2300
2020-10-21 09:30:27.380,4.858,1000
2020-10-21 09:30:27.380,4.858,1000
2020-10-21 09:30:28.280,4.857,26300
2020-10-21 09:30:28.280,4.857,5000
2020-10-21 09:30:28.990,4.857,10000
2020-10-21 09:30:29.470,4.856,1000
2020-10-21 09:30:29.470,4.856,20000
2020-10-21 09:30:29.470,4.856,1000
2020-10-21 09:30:30.250,4.856,1000
2020-10-21 09:30:30.250,4.856,1100
2020-10-21 09:30:30.600,4.857,500
2020-10-21 09:30:31.340,4.857,100
2020-10-21 09:30:31.370,4.857,100
2020-10-21 09:30:31.980,4.856,1000
2020-10-21 09:30:31.980,4.856,100
2020-10-21 09:30:31.980,4.856,3900
2020-10-21 09:30:32.040,4.856,68600
2020-10-21 09:30:32.860,4.857,224700
2020-10-21 09:30:33.010,4.856,10000
2020-10-21 09:30:33.160,4.856,17500
2020-10-21 09:30:33.160,4.856,12800
2020-10-21 09:30:33.500,4.856,1000
2020-10-21 09:30:33.500,4.857,200
2020-10-21 09:30:34.290,4.856,400
2020-10-21 09:30:34.320,4.857,100
2020-10-21 09:30:34.510,4.857,1000
2020-10-21 09:30:34.550,4.857,100
2020-10-21 09:30:34.610,4.856,24000
2020-10-21 09:30:35.070,4.856,11800
2020-10-21 09:30:35.070,4.856,3200
2020-10-21 09:30:35.070,4.856,100
2020-10-21 09:30:35.070,4.856,1400
2020-10-21 09:30:35.070,4.856,100
2020-10-21 09:30:35.070,4.856,100
2020-10-21 09:30:35.070,4.856,2200
2020-10-21 09:30:35.070,4.856,100
2020-10-21 09:30:35.070,4.856,1000
2020-10-21 09:30:35.070,4.856,5100
2020-10-21 09:30:35.070,4.856,1000
2020-10-21 09:30:35.070,4.856,33700
2020-10-21 09:30:35.070,4.856,4000
2020-10-21 09:30:35.070,4.856,8000
2020-10-21 09:30:35.070,4.856,3300
2020-10-21 09:30:35.070,4.856,300
2020-10-21 09:30:35.220,4.857,200
2020-10-21 09:30:35.300,4.856,2700
2020-10-21 09:30:35.910,4.856,12200
2020-10-21 09:30:36.010,4.856,1000
2020-10-21 09:30:36.040,4.856,4300
2020-10-21 09:30:36.040,4.856,5000
2020-10-21 09:30:36.040,4.856,2000
2020-10-21 09:30:36.040,4.856,8000
2020-10-21 09:30:36.040,4.856,2800
2020-10-21 09:30:36.730,4.857,1000
2020-10-21 09:30:37.340,4.856,4800
2020-10-21 09:30:37.370,4.856,12400
2020-10-21 09:30:37.370,4.856,5000
2020-10-21 09:30:37.370,4.856,200
2020-10-21 09:30:37.370,4.856,100
2020-10-21 09:30:37.370,4.856,300
2020-10-21 09:30:37.370,4.856,600
2020-10-21 09:30:37.370,4.856,300
2020-10-21 09:30:37.370,4.856,1100
2020-10-21 09:30:37.460,4.856,20000
2020-10-21 09:30:38.410,4.856,18900
2020-10-21 09:30:38.410,4.856,2000
2020-10-21 09:30:38.410,4.856,200
2020-10-21 09:30:38.410,4.856,200
2020-10-21 09:30:38.410,4.856,10000
2020-10-21 09:30:38.410,4.856,3000
2020-10-21 09:30:38.410,4.856,5700
2020-10-21 09:30:38.670,4.856,5300
2020-10-21 09:30:38.670,4.856,6900
2020-10-21 09:30:38.850,4.856,3300
2020-10-21 09:30:38.850,4.856,100
2020-10-21 09:30:38.850,4.856,2000
2020-10-21 09:30:38.850,4.856,4600
2020-10-21 09:30:38.880,4.856,9400
2020-10-21 09:30:38.880,4.856,100
2020-10-21 09:30:38.880,4.856,500
2020-10-21 09:30:39.090,4.856,4700
2020-10-21 09:30:39.280,4.856,5400
2020-10-21 09:30:39.510,4.856,9400
2020-10-21 09:30:39.510,4.856,500
2020-10-21 09:30:39.510,4.855,70000
2020-10-21 09:30:39.510,4.855,2300
2020-10-21 09:30:39.510,4.855,8900
2020-10-21 09:30:39.510,4.855,8300
2020-10-21 09:30:39.510,4.855,100
2020-10-21 09:30:39.510,4.855,200
2020-10-21 09:30:39.510,4.855,200
2020-10-21 09:30:39.510,4.855,1000
2020-10-21 09:30:39.510,4.855,20000
2020-10-21 09:30:39.510,4.855,100
2020-10-21 09:30:39.510,4.855,100
2020-10-21 09:30:39.510,4.855,30000
2020-10-21 09:30:39.510,4.855,2500
2020-10-21 09:30:39.510,4.855,2000
2020-10-21 09:30:39.510,4.855,2000
2020-10-21 09:30:39.510,4.855,100
2020-10-21 09:30:39.510,4.855,142300
2020-10-21 09:30:39.760,4.855,100000
2020-10-21 09:30:40.090,4.855,53700
2020-10-21 09:30:40.090,4.855,5000
2020-10-21 09:30:40.090,4.855,500
2020-10-21 09:30:40.090,4.855,200
2020-10-21 09:30:40.090,4.855,1000
2020-10-21 09:30:40.090,4.855,200
2020-10-21 09:30:40.090,4.855,10000
2020-10-21 09:30:40.280,4.855,100
2020-10-21 09:30:40.660,4.855,10000
2020-10-21 09:30:41.250,4.854,1300
2020-10-21 09:30:41.960,4.854,40000
2020-10-21 09:30:42.180,4.855,100
2020-10-21 09:30:42.270,4.855,4000
2020-10-21 09:30:42.700,4.854,258700
2020-10-21 09:30:42.700,4.854,2000
2020-10-21 09:30:42.700,4.854,100
2020-10-21 09:30:42.700,4.854,100
2020-10-21 09:30:42.700,4.854,200
2020-10-21 09:30:42.700,4.854,500
2020-10-21 09:30:42.700,4.854,100
2020-10-21 09:30:42.700,4.854,400
2020-10-21 09:30:42.700,4.853,100
2020-10-21 09:30:42.700,4.853,100
2020-10-21 09:30:42.700,4.853,1000
2020-10-21 09:30:42.700,4.853,100
2020-10-21 09:30:42.700,4.853,100
2020-10-21 09:30:42.700,4.853,100
2020-10-21 09:30:42.700,4.853,100
2020-10-21 09:30:42.700,4.853,1000
2020-10-21 09:30:42.700,4.853,200
2020-10-21 09:30:42.700,4.853,1000
2020-10-21 09:30:42.700,4.853,100
2020-10-21 09:30:42.700,4.853,200
2020-10-21 09:30:42.700,4.853,100
2020-10-21 09:30:42.700,4.853,300
2020-10-21 09:30:42.700,4.853,200
2020-10-21 09:30:42.700,4.853,100
2020-10-21 09:30:42.700,4.853,100
2020-10-21 09:30:42.700,4.853,100
2020-10-21 09:30:42.700,4.853,100
2020-10-21 09:30:42.700,4.853,100
2020-10-21 09:30:42.700,4.853,10000
2020-10-21 09:30:42.700,4.853,400
2020-10-21 09:30:42.700,4.853,100
2020-10-21 09:30:42.700,4.853,100
2020-10-21 09:30:42.700,4.853,7000
2020-10-21 09:30:42.700,4.853,100
2020-10-21 09:30:42.700,4.853,200
2020-10-21 09:30:42.700,4.853,100
2020-10-21 09:30:42.700,4.853,200
2020-10-21 09:30:42.700,4.853,100
2020-10-21 09:30:42.700,4.853,1000
2020-10-21 09:30:42.700,4.853,200
2020-10-21 09:30:42.700,4.853,200
2020-10-21 09:30:42.700,4.853,100
2020-10-21 09:30:42.700,4.853,100
2020-10-21 09:30:42.700,4.853,500
2020-10-21 09:30:42.700,4.853,100
2020-10-21 09:30:42.700,4.853,100
2020-10-21 09:30:42.700,4.853,300
2020-10-21 09:30:42.700,4.853,100
2020-10-21 09:30:42.700,4.853,100
2020-10-21 09:30:42.700,4.853,200
2020-10-21 09:30:42.700,4.853,7300
2020-10-21 09:30:43.590,4.855,1000
2020-10-21 09:30:43.590,4.855,14000
2020-10-21 09:30:44.390,4.855,13000
2020-10-21 09:30:45.330,4.855,200
2020-10-21 09:30:45.530,4.853,2700
2020-10-21 09:30:45.530,4.853,100
2020-10-21 09:30:45.790,4.854,13000
2020-10-21 09:30:46.400,4.854,100
2020-10-21 09:30:48.190,4.854,1000
2020-10-21 09:30:48.830,4.853,1500
2020-10-21 09:30:48.830,4.853,200
2020-10-21 09:30:48.830,4.853,800
2020-10-21 09:30:49.220,4.854,300
2020-10-21 09:30:49.510,4.854,300
2020-10-21 09:30:51.900,4.853,200
2020-10-21 09:30:51.900,4.853,2800
2020-10-21 09:30:52.050,4.853,200
2020-10-21 09:30:52.050,4.853,100
2020-10-21 09:30:52.050,4.853,100
2020-10-21 09:30:52.050,4.853,1000
2020-10-21 09:30:52.050,4.853,100
2020-10-21 09:30:52.050,4.853,5000
2020-10-21 09:30:52.050,4.853,200
2020-10-21 09:30:52.330,4.853,300
2020-10-21 09:30:53.460,4.852,300
2020-10-21 09:30:53.460,4.852,100
2020-10-21 09:30:53.460,4.852,100
2020-10-21 09:30:53.460,4.852,100
2020-10-21 09:30:53.460,4.852,300
2020-10-21 09:30:53.460,4.852,500
2020-10-21 09:30:53.460,4.852,100
2020-10-21 09:30:53.460,4.852,5300
2020-10-21 09:30:53.460,4.852,100
2020-10-21 09:30:53.460,4.852,100
2020-10-21 09:30:53.460,4.852,800
2020-10-21 09:30:53.460,4.852,200
2020-10-21 09:30:53.460,4.852,400
2020-10-21 09:30:53.460,4.852,400
2020-10-21 09:30:53.460,4.852,500
2020-10-21 09:30:53.460,4.852,100
2020-10-21 09:30:53.460,4.852,100
2020-10-21 09:30:53.460,4.852,100
2020-10-21 09:30:53.460,4.852,300
2020-10-21 09:30:53.460,4.852,1100
2020-10-21 09:30:53.460,4.852,200
2020-10-21 09:30:53.460,4.852,100
2020-10-21 09:30:53.460,4.852,100
2020-10-21 09:30:53.460,4.852,1000
2020-10-21 09:30:53.460,4.852,100
2020-10-21 09:30:53.460,4.852,200
2020-10-21 09:30:53.460,4.852,100
2020-10-21 09:30:53.460,4.852,200
2020-10-21 09:30:53.520,4.852,300
2020-10-21 09:30:53.520,4.852,100
2020-10-21 09:30:53.520,4.852,100
2020-10-21 09:30:53.520,4.852,500
2020-10-21 09:30:53.520,4.852,100
2020-10-21 09:30:53.520,4.852,100
2020-10-21 09:30:53.520,4.852,100
2020-10-21 09:30:53.520,4.852,300
2020-10-21 09:30:53.520,4.852,100
2020-10-21 09:30:53.520,4.852,200
2020-10-21 09:30:53.520,4.852,100
2020-10-21 09:30:53.520,4.852,500
2020-10-21 09:30:53.520,4.852,100
2020-10-21 09:30:53.520,4.852,200
2020-10-21 09:30:53.520,4.852,100
2020-10-21 09:30:53.520,4.852,100
2020-10-21 09:30:53.520,4.852,1000
2020-10-21 09:30:53.520,4.852,500
2020-10-21 09:30:53.520,4.852,500
2020-10-21 09:30:53.880,4.853,100
2020-10-21 09:30:55.460,4.852,2800
2020-10-21 09:30:55.530,4.852,500
2020-10-21 09:30:55.530,4.852,500
2020-10-21 09:30:56.740,4.852,700
2020-10-21 09:30:56.740,4.852,19400
2020-10-21 09:30:57.520,4.852,4000
2020-10-21 09:30:57.550,4.853,1000
2020-10-21 09:30:57.550,4.853,1000
2020-10-21 09:30:57.820,4.852,6000
2020-10-21 09:31:00.970,4.852,400
2020-10-21 09:31:01.960,4.853,3000
2020-10-21 09:31:02.050,4.853,3000
2020-10-21 09:31:02.870,4.852,700
2020-10-21 09:31:03.080,4.853,100
2020-10-21 09:31:04.330,4.852,10300
2020-10-21 09:31:04.630,4.852,200
2020-10-21 09:31:05.330,4.853,1000
2020-10-21 09:31:05.390,4.852,2100
2020-10-21 09:31:05.920,4.852,500
2020-10-21 09:31:05.980,4.853,100
2020-10-21 09:31:06.100,4.853,400
2020-10-21 09:31:06.370,4.852,1000
2020-10-21 09:31:06.460,4.853,100
2020-10-21 09:31:06.490,4.852,21600
2020-10-21 09:31:06.920,4.852,13300
2020-10-21 09:31:06.920,4.852,10000
2020-10-21 09:31:07.440,4.852,100
2020-10-21 09:31:08.650,4.852,6600
2020-10-21 09:31:08.650,4.852,3400
2020-10-21 09:31:08.900,4.852,2300
2020-10-21 09:31:09.330,4.852,3000
2020-10-21 09:31:09.450,4.852,9100
2020-10-21 09:31:09.450,4.852,2000
2020-10-21 09:31:09.450,4.852,30000
2020-10-21 09:31:09.450,4.852,1000
2020-10-21 09:31:09.450,4.853,17300
2020-10-21 09:31:09.450,4.853,10000
2020-10-21 09:31:09.450,4.853,10000
2020-10-21 09:31:09.450,4.853,600
2020-10-21 09:31:09.540,4.853,100
2020-10-21 09:31:10.490,4.852,3200
2020-10-21 09:31:11.150,4.851,900
2020-10-21 09:31:11.150,4.851,5000
2020-10-21 09:31:11.150,4.851,1000
2020-10-21 09:31:11.150,4.851,10000
2020-10-21 09:31:11.150,4.851,200
2020-10-21 09:31:11.150,4.851,300
2020-10-21 09:31:11.150,4.851,1000
2020-10-21 09:31:11.150,4.851,100
2020-10-21 09:31:11.150,4.851,200
2020-10-21 09:31:11.150,4.851,100
2020-10-21 09:31:11.150,4.851,10200
2020-10-21 09:31:11.150,4.851,300
2020-10-21 09:31:11.150,4.851,2500
2020-10-21 09:31:11.150,4.851,100
2020-10-21 09:31:11.150,4.851,100
2020-10-21 09:31:11.150,4.851,100
2020-10-21 09:31:11.150,4.851,100
2020-10-21 09:31:11.150,4.851,10000
2020-10-21 09:31:11.150,4.851,500
2020-10-21 09:31:13.050,4.852,700
2020-10-21 09:31:13.140,4.852,300
2020-10-21 09:31:13.560,4.851,200
2020-10-21 09:31:13.850,4.852,15800
2020-10-21 09:31:13.850,4.852,59400
2020-10-21 09:31:14.260,4.853,2000
2020-10-21 09:31:15.630,4.851,1000
2020-10-21 09:31:16.050,4.852,2300
2020-10-21 09:31:16.050,4.852,2600
2020-10-21 09:31:16.420,4.852,1000
2020-10-21 09:31:17.280,4.852,1000
2020-10-21 09:31:18.160,4.852,34100
2020-10-21 09:31:18.160,4.851,2300
2020-10-21 09:31:18.160,4.851,1400
2020-10-21 09:31:18.160,4.851,200
2020-10-21 09:31:18.160,4.851,1000
2020-10-21 09:31:18.160,4.851,200
2020-10-21 09:31:18.160,4.851,2000
2020-10-21 09:31:18.160,4.851,100
2020-10-21 09:31:18.160,4.851,10000
2020-10-21 09:31:18.160,4.851,9200
2020-10-21 09:31:18.430,4.851,1300
2020-10-21 09:31:20.410,4.851,400
2020-10-21 09:31:21.250,4.852,3000
2020-10-21 09:31:21.460,4.851,8200
2020-10-21 09:31:21.600,4.851,8400
2020-10-21 09:31:21.600,4.851,2000
2020-10-21 09:31:21.600,4.851,2100
2020-10-21 09:31:21.600,4.851,1300
2020-10-21 09:31:24.440,4.851,700
2020-10-21 09:31:24.440,4.851,500
2020-10-21 09:31:28.870,4.851,100
2020-10-21 09:31:29.740,4.851,100
2020-10-21 09:31:30.090,4.85,100
2020-10-21 09:31:30.090,4.85,100
2020-10-21 09:31:30.090,4.85,1500
2020-10-21 09:31:30.210,4.85,5500
2020-10-21 09:31:30.210,4.85,6900
2020-10-21 09:31:30.210,4.85,200
2020-10-21 09:31:30.210,4.85,2100
2020-10-21 09:31:30.210,4.85,200
2020-10-21 09:31:30.210,4.85,100
2020-10-21 09:31:30.710,4.85,400
2020-10-21 09:31:30.710,4.85,200
2020-10-21 09:31:30.710,4.85,15000
2020-10-21 09:31:30.710,4.85,20000
2020-10-21 09:31:30.710,4.85,14300
2020-10-21 09:31:31.280,4.85,1400
2020-10-21 09:31:32.190,4.85,2500
2020-10-21 09:31:34.630,4.849,200
2020-10-21 09:31:34.630,4.849,100
2020-10-21 09:31:34.630,4.849,3000
2020-10-21 09:31:34.630,4.849,1900
2020-10-21 09:31:37.370,4.849,9900
2020-10-21 09:31:39.500,4.849,2300
2020-10-21 09:31:40.060,4.849,6000
2020-10-21 09:31:40.120,4.849,1500
2020-10-21 09:31:40.980,4.849,100
2020-10-21 09:31:41.050,4.849,5200
2020-10-21 09:31:41.050,4.849,20000
2020-10-21 09:31:41.050,4.849,11300
2020-10-21 09:31:41.050,4.849,1500
2020-10-21 09:31:41.050,4.848,300
2020-10-21 09:31:41.050,4.848,100
2020-10-21 09:31:41.050,4.848,500
2020-10-21 09:31:41.050,4.848,100
2020-10-21 09:31:41.050,4.848,100
2020-10-21 09:31:41.050,4.848,30000
2020-10-21 09:31:41.050,4.848,10000
2020-10-21 09:31:41.050,4.848,5000
2020-10-21 09:31:41.050,4.848,1000
2020-10-21 09:31:41.050,4.848,30000
2020-10-21 09:31:41.050,4.848,200
2020-10-21 09:31:41.050,4.848,84700
2020-10-21 09:31:41.880,4.849,25000
2020-10-21 09:31:43.970,4.849,1000
2020-10-21 09:31:44.390,4.849,100
2020-10-21 09:31:44.890,4.849,100
2020-10-21 09:31:45.820,4.849,2000
2020-10-21 09:31:46.500,4.849,500
2020-10-21 09:31:47.390,4.849,100
2020-10-21 09:31:47.970,4.849,5000
2020-10-21 09:31:48.420,4.848,2000
2020-10-21 09:31:48.420,4.848,20000
2020-10-21 09:31:49.280,4.848,8000
2020-10-21 09:31:49.280,4.848,2300
2020-10-21 09:31:49.440,4.849,16200
2020-10-21 09:31:49.440,4.849,1000
2020-10-21 09:31:49.440,4.849,500
2020-10-21 09:31:49.440,4.849,2300
2020-10-21 09:31:50.860,4.848,10000
2020-10-21 09:31:52.760,4.848,100
2020-10-21 09:31:52.850,4.848,11000
2020-10-21 09:31:52.850,4.848,10000
2020-10-21 09:31:52.850,4.849,200
2020-10-21 09:31:52.850,4.849,5000
2020-10-21 09:31:52.850,4.849,1000
2020-10-21 09:31:52.850,4.849,1900
2020-10-21 09:31:54.490,4.849,100
2020-10-21 09:31:57.760,4.847,1500
2020-10-21 09:31:58.250,4.846,300
2020-10-21 09:31:59.040,4.846,10000
2020-10-21 09:31:59.040,4.846,1000
2020-10-21 09:31:59.040,4.846,34000
2020-10-21 09:31:59.850,4.846,100
2020-10-21 09:32:00.750,4.846,500
2020-10-21 09:32:01.140,4.845,100
2020-10-21 09:32:01.140,4.845,300
2020-10-21 09:32:01.140,4.845,1600
2020-10-21 09:32:01.140,4.845,3000
2020-10-21 09:32:01.140,4.845,2000
2020-10-21 09:32:01.140,4.845,3000
2020-10-21 09:32:01.140,4.845,1000
2020-10-21 09:32:01.140,4.845,100000
2020-10-21 09:32:01.240,4.845,2000
2020-10-21 09:32:01.300,4.845,500
2020-10-21 09:32:01.790,4.845,10000
2020-10-21 09:32:01.850,4.845,26500
2020-10-21 09:32:01.850,4.845,10900
2020-10-21 09:32:02.090,4.845,62600
2020-10-21 09:32:02.090,4.844,6000
2020-10-21 09:32:02.090,4.844,3000
2020-10-21 09:32:02.090,4.844,700
2020-10-21 09:32:02.090,4.844,100
2020-10-21 09:32:02.090,4.844,5000
2020-10-21 09:32:02.910,4.843,500
2020-10-21 09:32:02.910,4.843,31500
2020-10-21 09:32:03.100,4.845,10000
2020-10-21 09:32:03.630,4.843,2500
2020-10-21 09:32:04.330,4.843,100000
2020-10-21 09:32:04.630,4.843,20000
2020-10-21 09:32:06.800,4.842,100
2020-10-21 09:32:06.800,4.842,100
2020-10-21 09:32:06.800,4.842,1000
2020-10-21 09:32:06.800,4.842,10000
2020-10-21 09:32:06.800,4.842,10000
2020-10-21 09:32:06.800,4.842,1500
2020-10-21 09:32:06.800,4.842,3000
2020-10-21 09:32:06.800,4.841,300
2020-10-21 09:32:06.800,4.841,5000
2020-10-21 09:32:06.800,4.841,5000
2020-10-21 09:32:06.800,4.841,5000
2020-10-21 09:32:06.800,4.841,500
2020-10-21 09:32:06.800,4.841,700
2020-10-21 09:32:06.800,4.841,3000
2020-10-21 09:32:06.800,4.841,30000
2020-10-21 09:32:06.800,4.841,40000
2020-10-21 09:32:07.640,4.841,100
2020-10-21 09:32:08.060,4.841,10600
2020-10-21 09:32:09.060,4.841,10300
2020-10-21 09:32:09.270,4.841,100
2020-10-21 09:32:09.490,4.841,100
2020-10-21 09:32:09.930,4.841,5000
2020-10-21 09:32:09.930,4.841,500
2020-10-21 09:32:09.930,4.84,2100
2020-10-21 09:32:09.930,4.84,3000
2020-10-21 09:32:09.930,4.84,100
2020-10-21 09:32:09.930,4.84,33300
2020-10-21 09:32:09.930,4.84,1200
2020-10-21 09:32:09.930,4.84,800
2020-10-21 09:32:09.930,4.84,400
2020-10-21 09:32:09.930,4.84,100
2020-10-21 09:32:09.930,4.84,100
2020-10-21 09:32:09.930,4.84,300
2020-10-21 09:32:09.930,4.84,10000
2020-10-21 09:32:09.930,4.84,400
2020-10-21 09:32:09.930,4.84,10000
2020-10-21 09:32:09.930,4.84,1000
2020-10-21 09:32:09.930,4.84,5000
2020-10-21 09:32:09.930,4.84,15000
2020-10-21 09:32:09.930,4.84,2700
2020-10-21 09:32:10.820,4.842,100
2020-10-21 09:32:11.000,4.841,500
2020-10-21 09:32:11.000,4.84,19500
2020-10-21 09:32:11.850,4.842,50000
2020-10-21 09:32:11.910,4.842,500
2020-10-21 09:32:12.030,4.841,400
2020-10-21 09:32:12.090,4.842,3000
2020-10-21 09:32:12.240,4.842,2000
2020-10-21 09:32:12.690,4.842,2500
2020-10-21 09:32:12.810,4.841,600
2020-10-21 09:32:13.950,4.842,1900
2020-10-21 09:32:13.950,4.842,300
2020-10-21 09:32:13.950,4.842,1300
2020-10-21 09:32:13.950,4.842,10000
2020-10-21 09:32:13.950,4.842,1500
2020-10-21 09:32:13.950,4.842,10000
2020-10-21 09:32:14.230,4.842,6500
2020-10-21 09:32:14.380,4.842,400
2020-10-21 09:32:15.030,4.843,27500
2020-10-21 09:32:15.560,4.844,60000
2020-10-21 09:32:15.560,4.845,31500
2020-10-21 09:32:16.640,4.845,5000
2020-10-21 09:32:17.560,4.845,7100
2020-10-21 09:32:17.560,4.842,40000
2020-10-21 09:32:17.560,4.842,3800
2020-10-21 09:32:18.180,4.842,1000
2020-10-21 09:32:18.990,4.842,10000
2020-10-21 09:32:19.250,4.842,5200
2020-10-21 09:32:19.890,4.842,20000
2020-10-21 09:32:19.890,4.842,40000
2020-10-21 09:32:20.500,4.845,20000
2020-10-21 09:32:20.840,4.842,3000
2020-10-21 09:32:21.570,4.845,3000
2020-10-21 09:32:21.660,4.845,100
2020-10-21 09:32:21.690,4.845,5000
2020-10-21 09:32:22.420,4.845,16000
2020-10-21 09:32:22.850,4.843,1000
2020-10-21 09:32:23.030,4.843,1000
2020-10-21 09:32:24.710,4.844,104000
2020-10-21 09:32:24.770,4.846,200
2020-10-21 09:32:25.620,4.845,100
2020-10-21 09:32:27.490,4.844,1000
2020-10-21 09:32:27.550,4.845,3600
2020-10-21 09:32:27.550,4.845,200
2020-10-21 09:32:27.550,4.846,10200
2020-10-21 09:32:27.550,4.846,3000
2020-10-21 09:32:27.550,4.847,3500
2020-10-21 09:32:27.550,4.848,21400
2020-10-21 09:32:27.550,4.848,5000
2020-10-21 09:32:27.550,4.848,60000
2020-10-21 09:32:27.550,4.849,7300
2020-10-21 09:32:29.650,4.846,2000
2020-10-21 09:32:30.210,4.846,20000
2020-10-21 09:32:30.720,4.846,20000
2020-10-21 09:32:32.550,4.846,800
2020-10-21 09:32:33.200,4.846,10000
2020-10-21 09:32:34.630,4.847,600
2020-10-21 09:32:35.630,4.846,7200
2020-10-21 09:32:36.870,4.845,200
2020-10-21 09:32:36.870,4.845,500
2020-10-21 09:32:36.870,4.845,9300
2020-10-21 09:32:38.170,4.845,53400
2020-10-21 09:32:38.170,4.845,3000
2020-10-21 09:32:38.170,4.845,5000
2020-10-21 09:32:38.170,4.845,3000
2020-10-21 09:32:40.260,4.845,500
2020-10-21 09:32:40.320,4.844,4000
2020-10-21 09:32:40.320,4.844,1800
2020-10-21 09:32:40.820,4.845,85100
2020-10-21 09:32:40.820,4.845,10000
2020-10-21 09:32:41.060,4.846,500
2020-10-21 09:32:41.890,4.844,200
2020-10-21 09:32:41.890,4.844,20000
2020-10-21 09:32:41.890,4.844,30000
2020-10-21 09:32:41.890,4.844,1000
2020-10-21 09:32:41.890,4.844,1000
2020-10-21 09:32:41.890,4.844,1500
2020-10-21 09:32:41.890,4.844,36300
2020-10-21 09:32:42.950,4.845,9600
2020-10-21 09:32:43.010,4.846,3000
2020-10-21 09:32:43.010,4.846,5300
2020-10-21 09:32:43.010,4.846,1000
2020-10-21 09:32:43.520,4.846,500
2020-10-21 09:32:44.520,4.845,10000
2020-10-21 09:32:46.040,4.846,2100
2020-10-21 09:32:46.570,4.846,100
2020-10-21 09:32:46.860,4.846,900
2020-10-21 09:32:46.860,4.846,9000
2020-10-21 09:32:46.860,4.846,3000
2020-10-21 09:32:46.860,4.846,2000
2020-10-21 09:32:46.860,4.846,3000
2020-10-21 09:32:46.860,4.846,1000
2020-10-21 09:32:46.860,4.846,400
2020-10-21 09:32:46.860,4.846,100
2020-10-21 09:32:46.890,4.845,15100
2020-10-21 09:32:52.520,4.846,2000
2020-10-21 09:32:56.720,4.846,5600
2020-10-21 09:32:56.900,4.846,300
2020-10-21 09:32:57.400,4.847,100
2020-10-21 09:32:58.760,4.846,1300
2020-10-21 09:32:59.900,4.846,800
2020-10-21 09:32:59.900,4.846,33400
2020-10-21 09:32:59.900,4.846,100
2020-10-21 09:32:59.900,4.846,1400
2020-10-21 09:32:59.900,4.846,1000
2020-10-21 09:33:01.960,4.846,200
2020-10-21 09:33:02.260,4.846,200
2020-10-21 09:33:02.380,4.846,2100
2020-10-21 09:33:03.800,4.845,5000
2020-10-21 09:33:03.800,4.845,1000
2020-10-21 09:33:03.800,4.845,200
2020-10-21 09:33:03.800,4.845,100
2020-10-21 09:33:03.800,4.845,10000
2020-10-21 09:33:03.800,4.845,300
2020-10-21 09:33:03.800,4.845,1000
2020-10-21 09:33:03.800,4.845,500
2020-10-21 09:33:03.800,4.845,2000
2020-10-21 09:33:05.580,4.843,100
2020-10-21 09:33:05.580,4.843,8100
2020-10-21 09:33:05.580,4.843,5000
2020-10-21 09:33:05.580,4.843,4000
2020-10-21 09:33:05.580,4.843,2900
2020-10-21 09:33:05.840,4.843,2100
2020-10-21 09:33:05.840,4.843,3000
2020-10-21 09:33:05.840,4.843,3900
2020-10-21 09:33:06.960,4.845,1200
2020-10-21 09:33:06.960,4.845,1300
2020-10-21 09:33:07.050,4.845,2000
2020-10-21 09:33:07.590,4.845,400
2020-10-21 09:33:07.980,4.843,17500
2020-10-21 09:33:08.190,4.845,3000
2020-10-21 09:33:11.440,4.845,200
2020-10-21 09:33:11.880,4.844,1000
2020-10-21 09:33:15.060,4.844,1000
2020-10-21 09:33:16.280,4.845,1000
2020-10-21 09:33:17.050,4.846,3000
2020-10-21 09:33:17.690,4.845,4000
2020-10-21 09:33:17.690,4.844,500
2020-10-21 09:33:17.690,4.844,500
2020-10-21 09:33:17.690,4.844,5000
2020-10-21 09:33:21.170,4.843,8600
2020-10-21 09:33:21.170,4.843,500
2020-10-21 09:33:25.140,4.844,100
2020-10-21 09:33:25.620,4.844,5000
2020-10-21 09:33:25.650,4.843,2500
2020-10-21 09:33:25.650,4.843,10200
2020-10-21 09:33:26.250,4.844,100
2020-10-21 09:33:28.830,4.844,2800
2020-10-21 09:33:28.830,4.844,600
2020-10-21 09:33:28.830,4.844,600
2020-10-21 09:33:29.020,4.843,7300
2020-10-21 09:33:29.020,4.843,2700
2020-10-21 09:33:29.020,4.843,5300
2020-10-21 09:33:29.370,4.844,1400
2020-10-21 09:33:29.370,4.844,1600
2020-10-21 09:33:29.370,4.844,90000
2020-10-21 09:33:29.370,4.844,100
2020-10-21 09:33:29.370,4.844,10000
2020-10-21 09:33:29.580,4.844,57600
2020-10-21 09:33:29.580,4.843,9700
2020-10-21 09:33:29.580,4.843,2400
2020-10-21 09:33:29.580,4.843,12000
2020-10-21 09:33:30.930,4.843,10000
2020-10-21 09:33:31.370,4.844,35000
2020-10-21 09:33:31.630,4.843,8000
2020-10-21 09:33:31.630,4.843,200
2020-10-21 09:33:31.630,4.843,2000
2020-10-21 09:33:31.630,4.843,200
2020-10-21 09:33:31.630,4.843,15200
2020-10-21 09:33:32.000,4.844,1000
2020-10-21 09:33:33.380,4.844,600
2020-10-21 09:33:33.560,4.844,900
2020-10-21 09:33:35.300,4.844,8600
2020-10-21 09:33:35.440,4.844,9900
2020-10-21 09:33:35.440,4.843,7500
2020-10-21 09:33:35.590,4.845,12000
2020-10-21 09:33:37.150,4.845,8000
2020-10-21 09:33:37.150,4.845,2400
2020-10-21 09:33:37.150,4.845,1800
2020-10-21 09:33:37.150,4.845,200
2020-10-21 09:33:37.430,4.845,7000
2020-10-21 09:33:37.760,4.846,57800
2020-10-21 09:33:37.760,4.846,500
2020-10-21 09:33:38.100,4.847,800
2020-10-21 09:33:38.100,4.847,400
2020-10-21 09:33:38.920,4.845,100
2020-10-21 09:33:40.370,4.845,5000
2020-10-21 09:33:40.430,4.845,10000
2020-10-21 09:33:43.710,4.845,13900
2020-10-21 09:33:44.530,4.845,11500
2020-10-21 09:33:44.650,4.847,100
2020-10-21 09:33:45.130,4.845,5600
2020-10-21 09:33:45.890,4.845,200
2020-10-21 09:33:46.610,4.845,400
2020-10-21 09:33:48.660,4.847,100
2020-10-21 09:33:49.110,4.847,1000
2020-10-21 09:33:49.180,4.846,200
2020-10-21 09:33:49.180,4.845,900
2020-10-21 09:33:50.170,4.845,1000
2020-10-21 09:33:53.820,4.846,100
2020-10-21 09:33:54.520,4.845,100
2020-10-21 09:33:56.260,4.845,1000
2020-10-21 09:33:59.130,4.845,6000
2020-10-21 09:33:59.480,4.845,3500
2020-10-21 09:34:00.450,4.846,1000
2020-10-21 09:34:00.480,4.845,20000
2020-10-21 09:34:01.110,4.845,1400
2020-10-21 09:34:01.110,4.845,100
2020-10-21 09:34:01.110,4.845,600
2020-10-21 09:34:02.050,4.845,3100
2020-10-21 09:34:03.420,4.845,3000
2020-10-21 09:34:03.750,4.845,12300
2020-10-21 09:34:03.750,4.845,2000
2020-10-21 09:34:03.750,4.845,1000
2020-10-21 09:34:03.900,4.845,10000
2020-10-21 09:34:03.970,4.845,14300
2020-10-21 09:34:04.730,4.845,9000
2020-10-21 09:34:05.080,4.845,6800
2020-10-21 09:34:05.570,4.845,100
2020-10-21 09:34:06.660,4.844,50000
2020-10-21 09:34:06.660,4.844,19000
2020-10-21 09:34:06.660,4.844,500
2020-10-21 09:34:06.660,4.844,5000
2020-10-21 09:34:06.660,4.844,25500
2020-10-21 09:34:07.570,4.844,8500
2020-10-21 09:34:08.170,4.845,200
2020-10-21 09:34:08.590,4.845,7700
2020-10-21 09:34:08.850,4.845,6800
2020-10-21 09:34:09.120,4.845,10000
2020-10-21 09:34:09.360,4.845,5000
2020-10-21 09:34:10.570,4.845,33400
2020-10-21 09:34:10.570,4.845,3200
2020-10-21 09:34:10.570,4.845,100000
2020-10-21 09:34:10.570,4.845,2000
2020-10-21 09:34:11.610,4.846,3300
2020-10-21 09:34:11.610,4.846,1000
2020-10-21 09:34:11.610,4.846,700
2020-10-21 09:34:13.620,4.845,100
2020-10-21 09:34:16.070,4.845,6000
2020-10-21 09:34:17.950,4.846,1400
2020-10-21 09:34:19.090,4.845,10000
2020-10-21 09:34:19.120,4.845,2000
2020-10-21 09:34:19.300,4.846,7900
2020-10-21 09:34:19.300,4.846,12100
2020-10-21 09:34:19.390,4.846,31000
2020-10-21 09:34:19.490,4.846,600
2020-10-21 09:34:20.130,4.846,500
2020-10-21 09:34:20.940,4.845,22600
2020-10-21 09:34:21.090,4.846,10100
2020-10-21 09:34:22.600,4.846,100
2020-10-21 09:34:25.380,4.846,2800
2020-10-21 09:34:25.580,4.846,13000
2020-10-21 09:34:26.180,4.845,3000
2020-10-21 09:34:28.430,4.846,100
2020-10-21 09:34:28.850,4.846,200
2020-10-21 09:34:28.940,4.846,100
2020-10-21 09:34:28.940,4.846,4900
2020-10-21 09:34:30.130,4.846,8300
2020-10-21 09:34:30.450,4.846,600
2020-10-21 09:34:30.630,4.845,1000
2020-10-21 09:34:30.840,4.846,10000
2020-10-21 09:34:31.760,4.846,5000
2020-10-21 09:34:32.480,4.846,5900
2020-10-21 09:34:36.190,4.846,13800
2020-10-21 09:34:36.190,4.846,1000
2020-10-21 09:34:36.190,4.846,200
2020-10-21 09:34:37.140,4.847,100
2020-10-21 09:34:37.200,4.846,100
2020-10-21 09:34:37.600,4.846,700
2020-10-21 09:34:37.600,4.846,10000
2020-10-21 09:34:37.600,4.846,33300
2020-10-21 09:34:37.600,4.846,3800
2020-10-21 09:34:38.040,4.847,5000
2020-10-21 09:34:38.230,4.846,300
2020-10-21 09:34:38.480,4.846,5000
2020-10-21 09:34:39.350,4.846,10000
2020-10-21 09:34:40.250,4.846,200
2020-10-21 09:34:41.050,4.846,500
2020-10-21 09:34:42.440,4.846,600
2020-10-21 09:34:42.650,4.847,2600
2020-10-21 09:34:43.310,4.847,2000
2020-10-21 09:34:43.690,4.846,4100
2020-10-21 09:34:45.110,4.847,1000
2020-10-21 09:34:45.540,4.847,500
2020-10-21 09:34:46.040,4.847,31000
2020-10-21 09:34:46.340,4.847,56300
2020-10-21 09:34:46.340,4.847,2000
2020-10-21 09:34:46.340,4.847,11800
2020-10-21 09:34:46.340,4.847,10000
2020-10-21 09:34:46.340,4.847,500
2020-10-21 09:34:46.340,4.847,32000
2020-10-21 09:34:46.610,4.847,3000
2020-10-21 09:34:49.660,4.848,5000
2020-10-21 09:34:49.660,4.848,1800
2020-10-21 09:34:49.750,4.847,45700
2020-10-21 09:34:52.210,4.848,8200
2020-10-21 09:34:52.210,4.848,6800
2020-10-21 09:34:52.210,4.848,500
2020-10-21 09:34:52.210,4.848,7200
2020-10-21 09:34:52.470,4.847,100
2020-10-21 09:34:53.650,4.848,4000
2020-10-21 09:34:53.850,4.848,2000
2020-10-21 09:34:55.600,4.847,10000
2020-10-21 09:34:55.660,4.847,1500
2020-10-21 09:34:56.030,4.847,5000
2020-10-21 09:34:56.390,4.847,1000
2020-10-21 09:34:57.100,4.848,3200
2020-10-21 09:34:57.490,4.847,2000
2020-10-21 09:34:58.780,4.848,100
2020-10-21 09:34:59.850,4.848,5000
2020-10-21 09:35:00.880,4.848,8500
2020-10-21 09:35:01.720,4.848,1500
2020-10-21 09:35:01.720,4.848,100
2020-10-21 09:35:01.990,4.847,300000
2020-10-21 09:35:02.230,4.848,10000
2020-10-21 09:35:02.570,4.848,3100
2020-10-21 09:35:02.850,4.847,300000
2020-10-21 09:35:02.920,4.848,100
2020-10-21 09:35:03.080,4.848,1700
2020-10-21 09:35:04.830,4.847,100
2020-10-21 09:35:05.110,4.848,300
2020-10-21 09:35:06.930,4.847,119100
2020-10-21 09:35:06.930,4.847,10000
2020-10-21 09:35:06.930,4.847,2200
2020-10-21 09:35:06.930,4.847,1000
2020-10-21 09:35:06.930,4.847,1000
2020-10-21 09:35:06.930,4.847,500
2020-10-21 09:35:06.930,4.847,10000
2020-10-21 09:35:06.930,4.847,100
2020-10-21 09:35:06.930,4.847,300
2020-10-21 09:35:06.930,4.847,52900
2020-10-21 09:35:07.120,4.846,300
2020-10-21 09:35:07.120,4.846,500
2020-10-21 09:35:07.120,4.846,1000
2020-10-21 09:35:07.120,4.846,4000
2020-10-21 09:35:07.120,4.846,2000
2020-10-21 09:35:07.120,4.846,500
2020-10-21 09:35:07.120,4.846,91700
2020-10-21 09:35:08.140,4.846,13500
2020-10-21 09:35:08.590,4.847,100
2020-10-21 09:35:08.650,4.846,100000
2020-10-21 09:35:08.710,4.846,25000
2020-10-21 09:35:08.980,4.846,35900
2020-10-21 09:35:09.070,4.846,315000
2020-10-21 09:35:09.130,4.846,100000
2020-10-21 09:35:09.480,4.846,40000
2020-10-21 09:35:09.730,4.846,400
2020-10-21 09:35:09.790,4.846,94500
2020-10-21 09:35:09.790,4.846,84000
2020-10-21 09:35:09.790,4.846,2000
2020-10-21 09:35:09.790,4.846,1200
2020-10-21 09:35:09.790,4.845,1000
2020-10-21 09:35:09.790,4.845,100000
2020-10-21 09:35:09.790,4.845,100
2020-10-21 09:35:09.790,4.845,100
2020-10-21 09:35:09.790,4.845,300
2020-10-21 09:35:09.790,4.845,5000
2020-10-21 09:35:09.790,4.845,5000
2020-10-21 09:35:09.790,4.845,200
2020-10-21 09:35:09.790,4.845,2000
2020-10-21 09:35:09.790,4.845,19000
2020-10-21 09:35:09.790,4.845,5000
2020-10-21 09:35:09.790,4.845,100
2020-10-21 09:35:09.790,4.845,300
2020-10-21 09:35:09.790,4.845,800
2020-10-21 09:35:09.790,4.845,200
2020-10-21 09:35:11.700,4.844,1000
2020-10-21 09:35:11.700,4.844,1000
2020-10-21 09:35:11.700,4.844,500
2020-10-21 09:35:11.700,4.844,10000
2020-10-21 09:35:11.700,4.844,5000
2020-10-21 09:35:11.700,4.844,60000
2020-10-21 09:35:12.940,4.843,7300
2020-10-21 09:35:12.940,4.843,12700
2020-10-21 09:35:12.990,4.843,7300
2020-10-21 09:35:12.990,4.843,12700
2020-10-21 09:35:13.170,4.844,200
2020-10-21 09:35:13.510,4.843,7300
2020-10-21 09:35:13.510,4.843,2200
2020-10-21 09:35:13.510,4.843,1100
2020-10-21 09:35:13.510,4.843,100
2020-10-21 09:35:13.510,4.843,900
2020-10-21 09:35:13.510,4.843,25800
2020-10-21 09:35:13.510,4.843,500
2020-10-21 09:35:13.510,4.843,100
2020-10-21 09:35:13.910,4.844,2500
2020-10-21 09:35:14.950,4.843,100100
2020-10-21 09:35:15.770,4.842,60000
2020-10-21 09:35:15.770,4.842,100
2020-10-21 09:35:15.770,4.842,1000
2020-10-21 09:35:15.770,4.842,10000
2020-10-21 09:35:15.770,4.842,2700
2020-10-21 09:35:15.770,4.842,1000
2020-10-21 09:35:15.770,4.842,11900
2020-10-21 09:35:15.770,4.842,3000
2020-10-21 09:35:15.770,4.842,300
2020-10-21 09:35:15.770,4.841,1000
2020-10-21 09:35:15.770,4.841,2000
2020-10-21 09:35:15.770,4.841,3000
2020-10-21 09:35:15.770,4.841,100
2020-10-21 09:35:15.770,4.841,75300
2020-10-21 09:35:15.770,4.841,5000
2020-10-21 09:35:15.770,4.841,1100
2020-10-21 09:35:15.770,4.841,100
2020-10-21 09:35:15.770,4.841,200
2020-10-21 09:35:15.770,4.841,3500
2020-10-21 09:35:15.770,4.841,2000
2020-10-21 09:35:15.770,4.841,5000
2020-10-21 09:35:15.770,4.841,200
2020-10-21 09:35:15.770,4.841,4000
2020-10-21 09:35:18.050,4.841,500
2020-10-21 09:35:18.410,4.84,5000
2020-10-21 09:35:18.410,4.84,1000
2020-10-21 09:35:18.410,4.84,4000
2020-10-21 09:35:18.540,4.841,100
2020-10-21 09:35:18.830,4.84,2000
2020-10-21 09:35:18.830,4.84,3000
2020-10-21 09:35:18.830,4.84,100
2020-10-21 09:35:18.830,4.84,1700
2020-10-21 09:35:19.040,4.842,200
2020-10-21 09:35:19.390,4.842,500
2020-10-21 09:35:19.390,4.841,60000
2020-10-21 09:35:19.850,4.84,3300
2020-10-21 09:35:19.850,4.84,5000
2020-10-21 09:35:19.850,4.84,30000
2020-10-21 09:35:19.850,4.84,500
2020-10-21 09:35:19.850,4.84,100
2020-10-21 09:35:19.850,4.84,500
2020-10-21 09:35:19.850,4.84,1000
2020-10-21 09:35:19.850,4.84,5000
2020-10-21 09:35:19.850,4.84,200
2020-10-21 09:35:19.850,4.84,1000
2020-10-21 09:35:19.850,4.84,50000
2020-10-21 09:35:19.850,4.84,5100
2020-10-21 09:35:19.850,4.84,3000
2020-10-21 09:35:19.850,4.84,3000
2020-10-21 09:35:19.850,4.84,2000
2020-10-21 09:35:19.850,4.84,700
2020-10-21 09:35:19.850,4.84,1000
2020-10-21 09:35:19.850,4.84,10000
2020-10-21 09:35:19.850,4.84,1000
2020-10-21 09:35:19.850,4.84,5000
2020-10-21 09:35:19.850,4.84,200
2020-10-21 09:35:19.850,4.84,1300
2020-10-21 09:35:19.850,4.84,200
2020-10-21 09:35:19.850,4.84,2000
2020-10-21 09:35:19.850,4.84,2000
2020-10-21 09:35:19.850,4.84,1000
2020-10-21 09:35:19.850,4.84,2700
2020-10-21 09:35:19.850,4.84,500
2020-10-21 09:35:19.850,4.84,700
2020-10-21 09:35:19.850,4.839,1000
2020-10-21 09:35:19.850,4.839,5000
2020-10-21 09:35:19.850,4.839,1000
2020-10-21 09:35:19.850,4.839,300
2020-10-21 09:35:19.850,4.839,2500
2020-10-21 09:35:20.280,4.839,500
2020-10-21 09:35:20.280,4.839,1800
2020-10-21 09:35:21.030,4.84,400
2020-10-21 09:35:21.590,4.84,300
2020-10-21 09:35:21.890,4.842,300
2020-10-21 09:35:21.890,4.841,11600
2020-10-21 09:35:22.100,4.842,10000
2020-10-21 09:35:22.280,4.841,2200
2020-10-21 09:35:22.510,4.841,10100
2020-10-21 09:35:23.460,4.842,300
2020-10-21 09:35:23.940,4.841,20700
2020-10-21 09:35:24.140,4.841,21400
2020-10-21 09:35:26.100,4.841,14000
2020-10-21 09:35:26.100,4.841,100
2020-10-21 09:35:26.100,4.841,5900
2020-10-21 09:35:26.220,4.842,800
2020-10-21 09:35:26.220,4.842,200
2020-10-21 09:35:26.600,4.842,9900
2020-10-21 09:35:26.600,4.842,10100
2020-10-21 09:35:26.880,4.842,100
2020-10-21 09:35:27.840,4.842,1200
2020-10-21 09:35:29.150,4.842,3000
2020-10-21 09:35:29.950,4.843,100
2020-10-21 09:35:30.960,4.843,100
2020-10-21 09:35:33.340,4.842,300
2020-10-21 09:35:33.460,4.842,15500
2020-10-21 09:35:33.460,4.841,17700
2020-10-21 09:35:34.190,4.841,8500
2020-10-21 09:35:35.110,4.842,1100
2020-10-21 09:35:36.120,4.842,900
2020-10-21 09:35:36.420,4.842,100
2020-10-21 09:35:36.800,4.842,4800
2020-10-21 09:35:37.450,4.843,2000
2020-10-21 09:35:37.670,4.842,100
2020-10-21 09:35:37.670,4.841,19900
2020-10-21 09:35:38.000,4.841,20000
2020-10-21 09:35:42.240,4.841,233900
2020-10-21 09:35:42.240,4.841,100
2020-10-21 09:35:42.240,4.841,200
2020-10-21 09:35:42.240,4.841,800
2020-10-21 09:35:42.240,4.841,20000
2020-10-21 09:35:42.240,4.841,1000
2020-10-21 09:35:42.460,4.841,100
2020-10-21 09:35:42.510,4.841,500
2020-10-21 09:35:43.530,4.841,100
2020-10-21 09:35:44.600,4.841,200
2020-10-21 09:35:44.630,4.841,10000
2020-10-21 09:35:44.950,4.841,1000
2020-10-21 09:35:45.300,4.841,500
2020-10-21 09:35:45.720,4.841,1400
2020-10-21 09:35:47.510,4.841,30200
2020-10-21 09:35:47.510,4.841,27000
2020-10-21 09:35:47.510,4.841,1500
2020-10-21 09:35:48.410,4.842,100
2020-10-21 09:35:50.000,4.841,100
2020-10-21 09:35:50.210,4.841,100
2020-10-21 09:35:50.210,4.841,4700
2020-10-21 09:35:50.210,4.841,500
2020-10-21 09:35:50.450,4.842,6500
2020-10-21 09:35:50.450,4.842,3500
2020-10-21 09:35:52.190,4.841,4700
2020-10-21 09:35:52.450,4.84,100
2020-10-21 09:35:52.450,4.84,2000
2020-10-21 09:35:52.450,4.84,10100
2020-10-21 09:35:54.910,4.841,300
2020-10-21 09:35:54.910,4.841,700
2020-10-21 09:35:54.910,4.841,500
2020-10-21 09:35:54.910,4.841,500
2020-10-21 09:35:55.770,4.84,4900
2020-10-21 09:35:55.770,4.84,100
2020-10-21 09:35:56.770,4.84,10000
2020-10-21 09:35:57.010,4.841,500
2020-10-21 09:35:58.240,4.841,3100
2020-10-21 09:35:58.490,4.84,100
2020-10-21 09:35:58.490,4.84,10000
2020-10-21 09:35:58.490,4.84,3700
2020-10-21 09:35:58.490,4.84,300
2020-10-21 09:35:58.490,4.84,1100
2020-10-21 09:35:58.490,4.84,1600
2020-10-21 09:35:58.490,4.84,4000
2020-10-21 09:35:58.490,4.84,19400
2020-10-21 09:35:59.240,4.84,5000
2020-10-21 09:36:00.350,4.84,2600
2020-10-21 09:36:00.770,4.84,11300
2020-10-21 09:36:01.320,4.84,2000
2020-10-21 09:36:01.500,4.84,5000
2020-10-21 09:36:03.680,4.84,10000
2020-10-21 09:36:05.910,4.841,100
2020-10-21 09:36:06.270,4.841,100
2020-10-21 09:36:06.760,4.84,30000
2020-10-21 09:36:06.760,4.84,700
2020-10-21 09:36:06.760,4.84,1000
2020-10-21 09:36:06.760,4.84,3000
2020-10-21 09:36:06.760,4.84,36600
2020-10-21 09:36:08.900,4.841,1000
2020-10-21 09:36:09.010,4.841,10000
2020-10-21 09:36:09.520,4.841,5600
2020-10-21 09:36:09.520,4.841,1600
2020-10-21 09:36:09.520,4.841,1000
2020-10-21 09:36:13.310,4.841,100
2020-10-21 09:36:14.020,4.842,3000
2020-10-21 09:36:16.460,4.842,11600
2020-10-21 09:36:16.460,4.842,4900
2020-10-21 09:36:16.460,4.842,3000
2020-10-21 09:36:16.460,4.842,5000
2020-10-21 09:36:16.460,4.842,150100
2020-10-21 09:36:19.020,4.842,2000
2020-10-21 09:36:19.150,4.842,5000
2020-10-21 09:36:19.630,4.842,1000
2020-10-21 09:36:20.090,4.843,200
2020-10-21 09:36:20.090,4.843,2800
2020-10-21 09:36:21.700,4.842,100
2020-10-21 09:36:22.320,4.842,23000
2020-10-21 09:36:22.550,4.842,4500
2020-10-21 09:36:24.520,4.843,100
2020-10-21 09:36:25.390,4.843,1500
2020-10-21 09:36:25.390,4.843,1500
2020-10-21 09:36:25.690,4.843,500
2020-10-21 09:36:25.950,4.843,3000
2020-10-21 09:36:26.010,4.843,500
2020-10-21 09:36:26.270,4.843,2500
2020-10-21 09:36:26.380,4.842,19000
2020-10-21 09:36:26.800,4.843,1000
2020-10-21 09:36:26.800,4.843,23000
2020-10-21 09:36:28.900,4.843,200
2020-10-21 09:36:32.540,4.844,1000
2020-10-21 09:36:32.540,4.844,800
2020-10-21 09:36:32.540,4.844,5600
2020-10-21 09:36:32.540,4.844,1500
2020-10-21 09:36:33.150,4.843,7300
2020-10-21 09:36:33.360,4.843,3100
2020-10-21 09:36:33.520,4.844,100
2020-10-21 09:36:33.790,4.844,700
2020-10-21 09:36:33.850,4.844,200
2020-10-21 09:36:34.120,4.843,5400
2020-10-21 09:36:36.120,4.844,1100
2020-10-21 09:36:36.150,4.844,4200
2020-10-21 09:36:36.180,4.843,2900
2020-10-21 09:36:36.470,4.844,2200
2020-10-21 09:36:36.470,4.844,1000
2020-10-21 09:36:38.240,4.844,10000
2020-10-21 09:36:38.540,4.844,300000
2020-10-21 09:36:38.780,4.844,1600
2020-10-21 09:36:40.690,4.844,10600
2020-10-21 09:36:41.900,4.845,1400
2020-10-21 09:36:41.900,4.845,6700
2020-10-21 09:36:43.060,4.844,2000
2020-10-21 09:36:44.210,4.845,3000
2020-10-21 09:36:45.470,4.845,300
2020-10-21 09:36:45.470,4.845,13900
2020-10-21 09:36:45.470,4.845,21500
2020-10-21 09:36:46.360,4.845,100
2020-10-21 09:36:47.660,4.845,400
2020-10-21 09:36:47.720,4.845,4300
2020-10-21 09:36:49.550,4.845,500
2020-10-21 09:36:50.930,4.846,25200
2020-10-21 09:36:52.410,4.845,3900
2020-10-21 09:36:53.890,4.845,4500
2020-10-21 09:36:54.090,4.846,4000
2020-10-21 09:36:54.150,4.846,1000
2020-10-21 09:36:56.630,4.846,1400
2020-10-21 09:36:56.720,4.845,700
2020-10-21 09:36:57.460,4.845,1000
2020-10-21 09:36:58.320,4.846,6000
2020-10-21 09:36:59.140,4.846,20600
2020-10-21 09:37:00.220,4.846,1000
2020-10-21 09:37:00.940,4.845,30000
2020-10-21 09:37:01.300,4.845,8300
2020-10-21 09:37:01.510,4.846,800
2020-10-21 09:37:01.510,4.846,7200
2020-10-21 09:37:01.570,4.846,5400
2020-10-21 09:37:01.570,4.846,4600
2020-10-21 09:37:03.210,4.846,100
2020-10-21 09:37:06.870,4.845,14700
2020-10-21 09:37:07.200,4.845,10500
2020-10-21 09:37:08.720,4.846,100
2020-10-21 09:37:10.360,4.845,35500
2020-10-21 09:37:10.360,4.845,10000
2020-10-21 09:37:10.360,4.845,1000
2020-10-21 09:37:10.360,4.845,10000
2020-10-21 09:37:10.360,4.845,10000
2020-10-21 09:37:10.360,4.845,5000
2020-10-21 09:37:10.360,4.845,28600
2020-10-21 09:37:10.360,4.845,2000
2020-10-21 09:37:10.530,4.845,30000
2020-10-21 09:37:10.560,4.844,100
2020-10-21 09:37:16.470,4.844,100
2020-10-21 09:37:17.220,4.844,2000
2020-10-21 09:37:20.330,4.844,8200
2020-10-21 09:37:23.660,4.843,1000
2020-10-21 09:37:25.000,4.844,3600
2020-10-21 09:37:25.090,4.844,800
2020-10-21 09:37:25.090,4.844,52800
2020-10-21 09:37:30.330,4.844,1000
2020-10-21 09:37:33.450,4.843,100
2020-10-21 09:37:33.450,4.843,2100
2020-10-21 09:37:33.450,4.843,700
2020-10-21 09:37:33.450,4.843,200
2020-10-21 09:37:33.450,4.843,400
2020-10-21 09:37:33.840,4.842,20000
2020-10-21 09:37:34.210,4.842,20000
2020-10-21 09:37:35.350,4.842,12500
2020-10-21 09:37:36.430,4.843,5000
2020-10-21 09:37:38.460,4.843,1500
2020-10-21 09:37:39.070,4.843,10000
2020-10-21 09:37:39.390,4.843,3400
2020-10-21 09:37:39.420,4.843,100
2020-10-21 09:37:39.420,4.842,4900
2020-10-21 09:37:41.550,4.843,100
2020-10-21 09:37:43.110,4.842,500
2020-10-21 09:37:43.140,4.843,100
2020-10-21 09:37:44.840,4.843,300
2020-10-21 09:37:45.870,4.843,100
2020-10-21 09:37:46.380,4.842,1000
2020-10-21 09:37:47.240,4.842,10000
2020-10-21 09:37:49.720,4.843,100
2020-10-21 09:37:51.610,4.843,100
2020-10-21 09:37:52.200,4.843,300
2020-10-21 09:37:52.270,4.843,5000
2020-10-21 09:37:56.520,4.842,13700
2020-10-21 09:37:57.100,4.842,20000
2020-10-21 09:37:57.460,4.842,150100
2020-10-21 09:37:57.520,4.842,20000
2020-10-21 09:37:57.770,4.842,20000
2020-10-21 09:37:58.110,4.842,20000
2020-10-21 09:37:58.850,4.842,33000
2020-10-21 09:37:59.160,4.842,1000
2020-10-21 09:37:59.160,4.842,100
2020-10-21 09:37:59.160,4.842,8500
2020-10-21 09:37:59.160,4.842,1800
2020-10-21 09:37:59.160,4.842,4700
2020-10-21 09:38:01.550,4.841,1100
2020-10-21 09:38:01.550,4.841,9900
2020-10-21 09:38:01.550,4.841,2000
2020-10-21 09:38:01.550,4.841,2100
2020-10-21 09:38:01.550,4.841,300
2020-10-21 09:38:01.550,4.841,4500
2020-10-21 09:38:01.550,4.841,1000
2020-10-21 09:38:01.550,4.841,100
2020-10-21 09:38:01.550,4.841,1100
2020-10-21 09:38:01.550,4.841,2000
2020-10-21 09:38:01.550,4.841,900
2020-10-21 09:38:01.610,4.842,2000
2020-10-21 09:38:01.640,4.842,1900
2020-10-21 09:38:01.640,4.842,3000
2020-10-21 09:38:03.010,4.841,4100
2020-10-21 09:38:03.010,4.841,200
2020-10-21 09:38:03.010,4.841,5000
2020-10-21 09:38:03.370,4.841,6200
2020-10-21 09:38:07.090,4.841,10000
2020-10-21 09:38:08.410,4.841,100
2020-10-21 09:38:10.400,4.841,1500
2020-10-21 09:38:11.120,4.841,3000
2020-10-21 09:38:12.070,4.841,22600
2020-10-21 09:38:12.480,4.84,3000
2020-10-21 09:38:12.480,4.84,500
2020-10-21 09:38:12.480,4.84,100
2020-10-21 09:38:12.480,4.84,600
2020-10-21 09:38:12.480,4.84,2900
2020-10-21 09:38:12.630,4.84,100
2020-10-21 09:38:12.630,4.84,2400
2020-10-21 09:38:13.200,4.84,27600
2020-10-21 09:38:13.200,4.84,400
2020-10-21 09:38:13.200,4.84,1000
2020-10-21 09:38:13.200,4.84,100
2020-10-21 09:38:13.200,4.84,1000
2020-10-21 09:38:13.200,4.84,300
2020-10-21 09:38:13.200,4.84,300
2020-10-21 09:38:13.200,4.84,100
2020-10-21 09:38:13.200,4.84,1000
2020-10-21 09:38:13.200,4.84,400
2020-10-21 09:38:13.200,4.84,100
2020-10-21 09:38:13.200,4.84,100
2020-10-21 09:38:13.200,4.84,500
2020-10-21 09:38:13.200,4.84,200
2020-10-21 09:38:13.200,4.84,64300
2020-10-21 09:38:15.090,4.841,25500
2020-10-21 09:38:15.350,4.841,13800
2020-10-21 09:38:16.500,4.842,1000
2020-10-21 09:38:17.540,4.841,2500
2020-10-21 09:38:17.820,4.842,200
2020-10-21 09:38:18.710,4.842,1300
2020-10-21 09:38:18.710,4.842,1600
2020-10-21 09:38:19.380,4.841,100
2020-10-21 09:38:19.580,4.841,8800
2020-10-21 09:38:21.170,4.841,3500
2020-10-21 09:38:21.600,4.841,845800
2020-10-21 09:38:21.600,4.841,1800
2020-10-21 09:38:21.600,4.841,600
2020-10-21 09:38:21.600,4.84,151800
2020-10-21 09:38:22.230,4.841,200
2020-10-21 09:38:22.520,4.841,19800
2020-10-21 09:38:22.520,4.841,1000
2020-10-21 09:38:22.520,4.842,12200
2020-10-21 09:38:22.780,4.84,15000
2020-10-21 09:38:22.810,4.84,3100
2020-10-21 09:38:23.040,4.841,1000
2020-10-21 09:38:23.040,4.841,19000
2020-10-21 09:38:23.650,4.841,200
2020-10-21 09:38:23.740,4.841,300
2020-10-21 09:38:24.100,4.841,500
2020-10-21 09:38:24.100,4.841,4500
2020-10-21 09:38:24.780,4.842,36200
2020-10-21 09:38:24.780,4.842,5000
2020-10-21 09:38:24.780,4.842,20600
2020-10-21 09:38:27.740,4.842,300
2020-10-21 09:38:28.250,4.842,1000
2020-10-21 09:38:30.490,4.842,9000
2020-10-21 09:38:31.830,4.843,200
2020-10-21 09:38:32.380,4.842,4000
2020-10-21 09:38:33.430,4.843,100
2020-10-21 09:38:33.460,4.842,7200
2020-10-21 09:38:33.460,4.842,42900
2020-10-21 09:38:33.790,4.842,1500
2020-10-21 09:38:34.740,4.843,600
2020-10-21 09:38:34.740,4.843,2500
2020-10-21 09:38:34.740,4.843,3400
2020-10-21 09:38:34.740,4.843,21300
2020-10-21 09:38:35.150,4.842,855600
2020-10-21 09:38:35.150,4.842,1000
2020-10-21 09:38:35.150,4.842,143400
2020-10-21 09:38:36.570,4.842,2000
2020-10-21 09:38:37.220,4.842,4200
2020-10-21 09:38:38.310,4.842,20000
2020-10-21 09:38:38.490,4.842,48500
2020-10-21 09:38:39.390,4.843,100
2020-10-21 09:38:39.770,4.842,300000
2020-10-21 09:38:39.960,4.843,1000
2020-10-21 09:38:40.620,4.842,4000
2020-10-21 09:38:41.750,4.842,20000
2020-10-21 09:38:42.370,4.842,100
2020-10-21 09:38:45.250,4.842,10000
2020-10-21 09:38:46.050,4.842,1500
2020-10-21 09:38:47.470,4.842,5000
2020-10-21 09:38:48.260,4.843,700
2020-10-21 09:38:49.490,4.842,1000
2020-10-21 09:38:49.730,4.842,1000
2020-10-21 09:38:49.760,4.842,400
2020-10-21 09:38:49.930,4.842,11500
2020-10-21 09:38:49.930,4.842,100
2020-10-21 09:38:50.110,4.841,500
2020-10-21 09:38:50.110,4.841,100
2020-10-21 09:38:50.110,4.841,66200
2020-10-21 09:38:50.340,4.842,300
2020-10-21 09:38:50.400,4.842,10000
2020-10-21 09:38:56.370,4.841,2500
2020-10-21 09:38:57.190,4.842,1000
2020-10-21 09:38:58.080,4.842,5000
2020-10-21 09:38:59.110,4.842,72100
2020-10-21 09:38:59.110,4.842,100000
2020-10-21 09:38:59.110,4.842,23700
2020-10-21 09:38:59.110,4.842,10400
2020-10-21 09:38:59.110,4.842,2000
2020-10-21 09:39:00.310,4.842,91800
2020-10-21 09:39:00.310,4.842,17900
2020-10-21 09:39:00.310,4.842,190300
2020-10-21 09:39:00.400,4.843,100
2020-10-21 09:39:02.760,4.843,300
2020-10-21 09:39:04.010,4.843,600
2020-10-21 09:39:04.040,4.842,100
2020-10-21 09:39:04.390,4.842,1100
2020-10-21 09:39:04.740,4.842,10000
2020-10-21 09:39:06.830,4.842,17600
2020-10-21 09:39:06.880,4.843,100
2020-10-21 09:39:08.480,4.843,800
2020-10-21 09:39:08.480,4.843,200100
2020-10-21 09:39:08.480,4.843,500
2020-10-21 09:39:08.480,4.843,8000
2020-10-21 09:39:08.480,4.843,1500
2020-10-21 09:39:08.480,4.843,2200
2020-10-21 09:39:08.480,4.843,50000
2020-10-21 09:39:08.480,4.843,6700
2020-10-21 09:39:08.480,4.843,20600
2020-10-21 09:39:10.530,4.844,100
2020-10-21 09:39:10.530,4.844,5000
2020-10-21 09:39:10.530,4.844,2000
2020-10-21 09:39:10.530,4.844,1700
2020-10-21 09:39:10.530,4.844,9300
2020-10-21 09:39:10.530,4.844,2400
2020-10-21 09:39:10.530,4.844,1000
2020-10-21 09:39:10.530,4.844,3000
2020-10-21 09:39:10.910,4.845,74500
2020-10-21 09:39:10.910,4.845,10000
2020-10-21 09:39:10.910,4.845,4300
2020-10-21 09:39:10.910,4.845,3000
2020-10-21 09:39:10.910,4.845,200
2020-10-21 09:39:10.910,4.845,500
2020-10-21 09:39:10.910,4.845,4700
2020-10-21 09:39:10.910,4.845,100
2020-10-21 09:39:10.910,4.846,5200
2020-10-21 09:39:10.910,4.846,20600
2020-10-21 09:39:10.910,4.846,1000
2020-10-21 09:39:10.910,4.846,10000
2020-10-21 09:39:10.910,4.846,100000
2020-10-21 09:39:10.910,4.846,60000
2020-10-21 09:39:10.910,4.847,900
2020-10-21 09:39:10.910,4.847,2000
2020-10-21 09:39:10.910,4.847,3000
2020-10-21 09:39:11.230,4.844,1000
2020-10-21 09:39:12.030,4.844,20000
2020-10-21 09:39:16.270,4.845,100
2020-10-21 09:39:20.650,4.846,141000
2020-10-21 09:39:20.650,4.846,65400
2020-10-21 09:39:20.710,4.846,3100
2020-10-21 09:39:21.080,4.847,100
2020-10-21 09:39:21.110,4.846,90500
2020-10-21 09:39:23.500,4.845,400
2020-10-21 09:39:23.940,4.845,1000
2020-10-21 09:39:24.560,4.846,500
2020-10-21 09:39:25.050,4.846,3000
2020-10-21 09:39:28.310,4.846,1000
2020-10-21 09:39:28.880,4.845,300000
2020-10-21 09:39:29.160,4.846,500
2020-10-21 09:39:30.460,4.846,200
2020-10-21 09:39:30.750,4.846,8300
2020-10-21 09:39:30.890,4.846,12400
2020-10-21 09:39:30.890,4.846,2000
2020-10-21 09:39:32.160,4.846,2000
2020-10-21 09:39:34.260,4.846,2500
2020-10-21 09:39:34.450,4.846,10300
2020-10-21 09:39:35.020,4.846,33000
2020-10-21 09:39:35.610,4.846,3000
2020-10-21 09:39:36.820,4.845,2400
2020-10-21 09:39:36.940,4.845,3800
2020-10-21 09:39:36.940,4.845,1000
2020-10-21 09:39:36.940,4.845,900
2020-10-21 09:39:36.940,4.845,200
2020-10-21 09:39:36.940,4.845,2100
2020-10-21 09:39:36.940,4.845,70000
2020-10-21 09:39:36.940,4.845,102000
2020-10-21 09:39:40.380,4.846,10000
2020-10-21 09:39:41.270,4.846,2500
2020-10-21 09:39:42.300,4.845,15000
2020-10-21 09:39:42.580,4.846,2000
2020-10-21 09:39:43.160,4.846,300
2020-10-21 09:39:43.160,4.846,100
2020-10-21 09:39:43.600,4.846,100
2020-10-21 09:39:43.980,4.846,300
2020-10-21 09:39:43.980,4.847,16900
2020-10-21 09:39:43.980,4.847,10000
2020-10-21 09:39:43.980,4.847,200
2020-10-21 09:39:46.790,4.847,500
2020-10-21 09:39:46.820,4.847,42100
2020-10-21 09:39:46.820,4.847,257900
2020-10-21 09:39:47.920,4.847,30000
2020-10-21 09:39:47.950,4.847,300000
2020-10-21 09:39:48.040,4.848,3000
2020-10-21 09:39:48.040,4.848,20000
2020-10-21 09:39:48.040,4.848,47000
2020-10-21 09:39:48.480,4.847,10000
2020-10-21 09:39:49.140,4.847,500
2020-10-21 09:39:49.380,4.847,11100
2020-10-21 09:39:49.490,4.847,100000
2020-10-21 09:39:49.520,4.847,88500
2020-10-21 09:39:49.520,4.847,11500
2020-10-21 09:39:49.520,4.847,100000
2020-10-21 09:39:49.520,4.847,100000
2020-10-21 09:39:49.520,4.847,100000
2020-10-21 09:39:49.520,4.847,100000
2020-10-21 09:39:49.520,4.847,90000
2020-10-21 09:39:49.520,4.847,100000
2020-10-21 09:39:49.520,4.847,80000
2020-10-21 09:39:50.210,4.847,1600
2020-10-21 09:39:52.480,4.847,80000
2020-10-21 09:39:52.540,4.847,10000
2020-10-21 09:39:52.540,4.847,30000
2020-10-21 09:39:52.540,4.847,50000
2020-10-21 09:39:54.960,4.848,10300
2020-10-21 09:39:55.510,4.847,10000
2020-10-21 09:39:55.560,4.847,20000
2020-10-21 09:39:55.720,4.848,4000
2020-10-21 09:39:56.120,4.847,1000
2020-10-21 09:39:58.910,4.847,10000
2020-10-21 09:39:59.080,4.847,5900
2020-10-21 09:39:59.080,4.847,500
2020-10-21 09:39:59.080,4.847,100
2020-10-21 09:39:59.080,4.846,5600
2020-10-21 09:39:59.080,4.846,2000
2020-10-21 09:39:59.080,4.846,3100
2020-10-21 09:39:59.080,4.846,500
2020-10-21 09:39:59.080,4.846,400
2020-10-21 09:39:59.080,4.846,1000
2020-10-21 09:40:00.720,4.847,200100
2020-10-21 09:40:01.270,4.846,100
2020-10-21 09:40:02.480,4.846,500
2020-10-21 09:40:02.480,4.846,2500
2020-10-21 09:40:03.690,4.845,18000
2020-10-21 09:40:03.690,4.845,5000
2020-10-21 09:40:03.690,4.845,100000
2020-10-21 09:40:03.690,4.844,39000
2020-10-21 09:40:03.690,4.844,60000
2020-10-21 09:40:04.040,4.844,78000
2020-10-21 09:40:04.430,4.845,200
2020-10-21 09:40:04.590,4.845,20000
2020-10-21 09:40:04.640,4.845,5000
2020-10-21 09:40:05.530,4.845,1100
2020-10-21 09:40:06.010,4.845,700
2020-10-21 09:40:08.310,4.844,300
2020-10-21 09:40:08.610,4.843,400
2020-10-21 09:40:08.610,4.843,3200
2020-10-21 09:40:08.610,4.843,500
2020-10-21 09:40:08.610,4.843,2000
2020-10-21 09:40:08.610,4.843,200
2020-10-21 09:40:08.610,4.843,100
2020-10-21 09:40:08.610,4.842,5000
2020-10-21 09:40:08.610,4.842,10000
2020-10-21 09:40:08.610,4.842,500
2020-10-21 09:40:08.610,4.842,2000
2020-10-21 09:40:08.610,4.842,3200
2020-10-21 09:40:08.700,4.842,6800
2020-10-21 09:40:08.700,4.842,2500
2020-10-21 09:40:08.700,4.842,300
2020-10-21 09:40:08.700,4.842,500
2020-10-21 09:40:08.700,4.842,2600
2020-10-21 09:40:08.700,4.842,12200
2020-10-21 09:40:09.250,4.843,5000
2020-10-21 09:40:09.560,4.843,4000
2020-10-21 09:40:09.560,4.844,9700
2020-10-21 09:40:09.560,4.844,5700
2020-10-21 09:40:12.010,4.844,100
2020-10-21 09:40:15.030,4.844,10000
2020-10-21 09:40:15.260,4.844,17000
2020-10-21 09:40:15.260,4.842,400
2020-10-21 09:40:15.260,4.841,8400
2020-10-21 09:40:18.840,4.844,500
2020-10-21 09:40:18.840,4.844,200
2020-10-21 09:40:18.840,4.843,1300
2020-10-21 09:40:19.400,4.845,200
2020-10-21 09:40:20.320,4.845,100
2020-10-21 09:40:20.830,4.844,2000
2020-10-21 09:40:20.830,4.843,10000
2020-10-21 09:40:22.340,4.843,100
2020-10-21 09:40:22.340,4.843,2600
2020-10-21 09:40:25.770,4.845,100
2020-10-21 09:40:28.180,4.845,200
2020-10-21 09:40:29.550,4.844,3000
2020-10-21 09:40:29.550,4.844,2000
2020-10-21 09:40:30.220,4.844,55400
2020-10-21 09:40:31.430,4.845,200
2020-10-21 09:40:31.490,4.845,200
2020-10-21 09:40:33.860,4.845,100
2020-10-21 09:40:35.000,4.845,31900
2020-10-21 09:40:35.000,4.845,10000
2020-10-21 09:40:35.000,4.845,100
2020-10-21 09:40:35.000,4.845,13800
2020-10-21 09:40:36.210,4.845,10000
2020-10-21 09:40:36.480,4.845,9000
2020-10-21 09:40:41.080,4.845,6000
2020-10-21 09:40:42.430,4.845,179700
2020-10-21 09:40:47.420,4.846,4200
2020-10-21 09:40:48.400,4.846,2000
2020-10-21 09:40:48.700,4.845,6400
2020-10-21 09:40:49.060,4.846,53800
2020-10-21 09:40:49.060,4.846,24000
2020-10-21 09:40:49.060,4.846,800
2020-10-21 09:40:49.610,4.846,40000
2020-10-21 09:40:50.000,4.846,60000
2020-10-21 09:40:50.000,4.846,100000
2020-10-21 09:40:50.000,4.846,100000
2020-10-21 09:40:50.000,4.846,30000
2020-10-21 09:40:50.000,4.846,60000
2020-10-21 09:40:50.000,4.846,100000
2020-10-21 09:40:50.000,4.846,100000
2020-10-21 09:40:50.490,4.846,10000
2020-10-21 09:40:50.660,4.846,100800
2020-10-21 09:40:52.550,4.846,10400
2020-10-21 09:40:53.810,4.847,100
2020-10-21 09:40:53.810,4.847,10000
2020-10-21 09:40:53.810,4.847,300000
2020-10-21 09:40:53.810,4.847,3000
2020-10-21 09:40:53.810,4.847,6000
2020-10-21 09:40:53.810,4.847,20000
2020-10-21 09:40:54.850,4.847,100
2020-10-21 09:40:56.800,4.847,20900
2020-10-21 09:40:58.410,4.847,80000
2020-10-21 09:40:58.410,4.847,80000
2020-10-21 09:40:59.390,4.847,20000
2020-10-21 09:40:59.450,4.847,100000
2020-10-21 09:40:59.450,4.847,20000
2020-10-21 09:40:59.450,4.847,20000
2020-10-21 09:40:59.450,4.847,60000
2020-10-21 09:40:59.880,4.847,70000
2020-10-21 09:41:01.560,4.847,74900
2020-10-21 09:41:01.560,4.847,25100
2020-10-21 09:41:01.590,4.847,100000
2020-10-21 09:41:01.590,4.847,30000
2020-10-21 09:41:03.250,4.846,60000
2020-10-21 09:41:05.410,4.847,80000
2020-10-21 09:41:05.410,4.847,200
2020-10-21 09:41:05.410,4.848,3000
2020-10-21 09:41:05.410,4.848,50000
2020-10-21 09:41:05.410,4.848,100000
2020-10-21 09:41:05.410,4.848,2300
2020-10-21 09:41:05.740,4.848,5000
2020-10-21 09:41:06.340,4.848,7600
2020-10-21 09:41:06.390,4.848,6000
2020-10-21 09:41:07.540,4.848,10000
2020-10-21 09:41:07.600,4.848,90000
2020-10-21 09:41:07.600,4.848,80000
2020-10-21 09:41:07.600,4.848,100000
2020-10-21 09:41:07.600,4.848,70000
2020-10-21 09:41:07.600,4.848,10000
2020-10-21 09:41:07.600,4.848,100000
2020-10-21 09:41:07.660,4.848,100000
2020-10-21 09:41:08.020,4.848,85900
2020-10-21 09:41:08.600,4.848,1000
2020-10-21 09:41:08.810,4.847,1000
2020-10-21 09:41:08.810,4.847,99000
2020-10-21 09:41:10.140,4.846,20000
2020-10-21 09:41:10.810,4.846,30200
2020-10-21 09:41:10.810,4.846,2500
2020-10-21 09:41:10.810,4.846,1000
2020-10-21 09:41:10.810,4.846,1500
2020-10-21 09:41:10.810,4.846,200
2020-10-21 09:41:10.810,4.846,800
2020-10-21 09:41:10.810,4.846,4000
2020-10-21 09:41:10.810,4.846,172900
2020-10-21 09:41:12.960,4.847,2000
2020-10-21 09:41:12.960,4.848,6900
2020-10-21 09:41:13.240,4.848,8900
2020-10-21 09:41:13.530,4.848,8900
2020-10-21 09:41:13.850,4.848,8900
2020-10-21 09:41:14.550,4.848,300
2020-10-21 09:41:15.490,4.847,900
2020-10-21 09:41:15.540,4.846,5000
2020-10-21 09:41:16.030,4.846,150100
2020-10-21 09:41:17.790,4.847,100
2020-10-21 09:41:18.390,4.846,1000
2020-10-21 09:41:18.660,4.846,2100
2020-10-21 09:41:18.660,4.846,100
2020-10-21 09:41:18.660,4.846,1800
2020-10-21 09:41:18.660,4.846,57900
2020-10-21 09:41:25.660,4.847,1000
2020-10-21 09:41:25.660,4.847,200
2020-10-21 09:41:25.660,4.847,10000
2020-10-21 09:41:25.660,4.847,12200
2020-10-21 09:41:25.660,4.847,4500
2020-10-21 09:41:25.660,4.847,30000
2020-10-21 09:41:26.330,4.847,12200
2020-10-21 09:41:27.130,4.848,10000
2020-10-21 09:41:27.130,4.848,14400
2020-10-21 09:41:28.840,4.848,300000
2020-10-21 09:41:28.880,4.848,150100
2020-10-21 09:41:29.520,4.848,2200
2020-10-21 09:41:32.080,4.848,3700
2020-10-21 09:41:32.720,4.849,200
2020-10-21 09:41:32.920,4.848,150100
2020-10-21 09:41:33.060,4.849,2800
2020-10-21 09:41:33.060,4.849,1000
2020-10-21 09:41:33.060,4.849,500
2020-10-21 09:41:33.060,4.849,10000
2020-10-21 09:41:33.060,4.849,10200
2020-10-21 09:41:33.060,4.849,29900
2020-10-21 09:41:33.060,4.849,20000
2020-10-21 09:41:33.060,4.849,20000
2020-10-21 09:41:33.060,4.849,300000
2020-10-21 09:41:33.060,4.849,300000
2020-10-21 09:41:33.380,4.849,205600
2020-10-21 09:41:33.980,4.849,94400
2020-10-21 09:41:34.750,4.849,100000
2020-10-21 09:41:34.800,4.849,80000
2020-10-21 09:41:34.800,4.849,80000
2020-10-21 09:41:34.800,4.849,100000
2020-10-21 09:41:36.220,4.849,91500
2020-10-21 09:41:36.540,4.849,500
2020-10-21 09:41:36.740,4.849,1000
2020-10-21 09:41:37.810,4.85,300
2020-10-21 09:41:37.930,4.849,200
2020-10-21 09:41:38.520,4.849,4900
2020-10-21 09:41:39.920,4.85,800
2020-10-21 09:41:40.030,4.85,200
2020-10-21 09:41:40.030,4.85,15000
2020-10-21 09:41:40.030,4.85,1800
2020-10-21 09:41:40.030,4.85,1000
2020-10-21 09:41:40.030,4.85,4000
2020-10-21 09:41:40.030,4.85,200
2020-10-21 09:41:40.030,4.85,100
2020-10-21 09:41:40.030,4.85,2000
2020-10-21 09:41:40.030,4.85,2000
2020-10-21 09:41:40.030,4.85,2000
2020-10-21 09:41:40.030,4.85,2000
2020-10-21 09:41:40.030,4.85,500
2020-10-21 09:41:40.030,4.85,2300
2020-10-21 09:41:40.030,4.85,100
2020-10-21 09:41:40.030,4.85,3000
2020-10-21 09:41:40.030,4.85,2100
2020-10-21 09:41:40.030,4.85,20000
2020-10-21 09:41:40.030,4.85,56100
2020-10-21 09:41:40.840,4.85,1200
2020-10-21 09:41:41.300,4.85,298800
2020-10-21 09:41:41.300,4.85,80100
2020-10-21 09:41:41.300,4.85,300000
2020-10-21 09:41:41.300,4.85,4000
2020-10-21 09:41:41.630,4.85,20000
2020-10-21 09:41:43.520,4.85,5000
2020-10-21 09:41:43.780,4.85,20000
2020-10-21 09:41:43.830,4.85,73100
2020-10-21 09:41:43.830,4.85,16900
2020-10-21 09:41:43.830,4.85,10000
2020-10-21 09:41:43.960,4.85,300000
2020-10-21 09:41:43.990,4.85,100000
2020-10-21 09:41:44.190,4.85,97900
2020-10-21 09:41:44.400,4.85,100000
2020-10-21 09:41:44.430,4.85,275200
2020-10-21 09:41:44.430,4.85,100
2020-10-21 09:41:44.430,4.85,24700
2020-10-21 09:41:44.460,4.85,20000
2020-10-21 09:41:44.630,4.85,100000
2020-10-21 09:41:45.070,4.85,100000
2020-10-21 09:41:45.640,4.85,3200
2020-10-21 09:41:45.640,4.849,19500
2020-10-21 09:41:45.640,4.849,71800
2020-10-21 09:41:45.810,4.849,1000
2020-10-21 09:41:46.950,4.85,500
2020-10-21 09:41:47.430,4.85,500
2020-10-21 09:41:47.900,4.85,5000
2020-10-21 09:41:49.770,4.85,1000
2020-10-21 09:41:50.960,4.849,1100
2020-10-21 09:41:51.870,4.85,100
2020-10-21 09:41:51.950,4.849,300000
2020-10-21 09:41:52.060,4.85,98900
2020-10-21 09:41:52.060,4.85,15000
2020-10-21 09:41:52.060,4.85,300000
2020-10-21 09:41:52.060,4.85,100
2020-10-21 09:41:52.440,4.85,300000
2020-10-21 09:41:52.760,4.85,30000
2020-10-21 09:41:53.660,4.85,11300
2020-10-21 09:41:53.660,4.849,88700
2020-10-21 09:41:53.920,4.85,12000
2020-10-21 09:41:54.860,4.85,88000
2020-10-21 09:41:54.860,4.85,300000
2020-10-21 09:41:55.530,4.85,10000
2020-10-21 09:41:55.760,4.85,30000
2020-10-21 09:41:55.760,4.85,100000
2020-10-21 09:41:55.760,4.85,100000
2020-10-21 09:41:55.760,4.85,90000
2020-10-21 09:41:55.760,4.85,20000
2020-10-21 09:41:56.450,4.85,91900
2020-10-21 09:41:56.450,4.85,58200
2020-10-21 09:41:57.000,4.851,7900
2020-10-21 09:41:57.380,4.85,300000
2020-10-21 09:41:57.940,4.85,300000
2020-10-21 09:41:58.290,4.85,7900
2020-10-21 09:41:58.760,4.85,90000
2020-10-21 09:41:59.490,4.851,200
2020-10-21 09:41:59.560,4.85,143900
2020-10-21 09:41:59.560,4.85,235500
2020-10-21 09:41:59.560,4.85,10000
2020-10-21 09:42:00.190,4.851,91900
2020-10-21 09:42:00.190,4.851,20000
2020-10-21 09:42:00.190,4.851,200
2020-10-21 09:42:00.190,4.851,30000
2020-10-21 09:42:00.190,4.851,21500
2020-10-21 09:42:00.190,4.851,600
2020-10-21 09:42:00.190,4.851,400
2020-10-21 09:42:00.190,4.851,3000
2020-10-21 09:42:00.190,4.851,300000
2020-10-21 09:42:00.400,4.851,300000
2020-10-21 09:42:00.900,4.851,132400
2020-10-21 09:42:02.520,4.851,1000
2020-10-21 09:42:03.230,4.851,500
2020-10-21 09:42:03.670,4.851,100
2020-10-21 09:42:04.840,4.85,1300
2020-10-21 09:42:05.430,4.851,298400
2020-10-21 09:42:05.430,4.851,3000
2020-10-21 09:42:05.580,4.851,78600
2020-10-21 09:42:05.580,4.85,21400
2020-10-21 09:42:05.580,4.85,100000
2020-10-21 09:42:05.740,4.851,100000
2020-10-21 09:42:05.940,4.851,300000
2020-10-21 09:42:06.440,4.851,300000
2020-10-21 09:42:07.580,4.851,2300
2020-10-21 09:42:07.760,4.851,10000
2020-10-21 09:42:07.760,4.851,600
2020-10-21 09:42:07.820,4.851,40000
2020-10-21 09:42:07.820,4.851,30000
2020-10-21 09:42:07.900,4.851,17100
2020-10-21 09:42:07.900,4.851,2300
2020-10-21 09:42:07.900,4.851,200
2020-10-21 09:42:08.160,4.851,280400
2020-10-21 09:42:08.160,4.851,10000
2020-10-21 09:42:08.220,4.851,300
2020-10-21 09:42:08.950,4.851,300000
2020-10-21 09:42:09.160,4.851,4000
2020-10-21 09:42:09.420,4.851,300000
2020-10-21 09:42:10.470,4.851,5300
2020-10-21 09:42:10.470,4.851,144800
2020-10-21 09:42:10.500,4.851,52500
2020-10-21 09:42:11.740,4.851,197300
2020-10-21 09:42:12.300,4.851,12000
2020-10-21 09:42:12.300,4.851,5000
2020-10-21 09:42:12.300,4.851,180300
2020-10-21 09:42:12.390,4.85,500
2020-10-21 09:42:12.420,4.851,119700
2020-10-21 09:42:12.650,4.851,20000
2020-10-21 09:42:12.950,4.851,57600
2020-10-21 09:42:13.580,4.852,1000
2020-10-21 09:42:13.580,4.852,100
2020-10-21 09:42:13.580,4.852,100
2020-10-21 09:42:13.580,4.852,500
2020-10-21 09:42:13.580,4.852,20000
2020-10-21 09:42:13.580,4.852,20000
2020-10-21 09:42:13.580,4.852,2300
2020-10-21 09:42:13.580,4.852,30000
2020-10-21 09:42:13.580,4.852,2400
2020-10-21 09:42:13.580,4.852,3700
2020-10-21 09:42:14.180,4.851,1000
2020-10-21 09:42:14.180,4.85,2900
2020-10-21 09:42:14.300,4.85,5700
2020-10-21 09:42:14.510,4.852,3500
2020-10-21 09:42:15.780,4.85,1000
2020-10-21 09:42:15.780,4.85,1000
2020-10-21 09:42:16.070,4.851,400
2020-10-21 09:42:16.910,4.85,30000
2020-10-21 09:42:16.960,4.85,100000
2020-10-21 09:42:16.960,4.85,90800
2020-10-21 09:42:16.960,4.85,9200
2020-10-21 09:42:16.960,4.85,60000
2020-10-21 09:42:16.960,4.85,100000
2020-10-21 09:42:16.960,4.85,100000
2020-10-21 09:42:16.960,4.85,70000
2020-10-21 09:42:16.960,4.85,30000
2020-10-21 09:42:17.440,4.85,20400
2020-10-21 09:42:17.530,4.85,150100
2020-10-21 09:42:17.810,4.851,200
2020-10-21 09:42:18.830,4.85,9000
2020-10-21 09:42:19.030,4.85,500
2020-10-21 09:42:19.750,4.851,100
2020-10-21 09:42:20.160,4.851,500
2020-10-21 09:42:20.310,4.851,9600
2020-10-21 09:42:20.920,4.85,80000
2020-10-21 09:42:20.980,4.85,80000
2020-10-21 09:42:20.980,4.85,30000
2020-10-21 09:42:21.240,4.851,3000
2020-10-21 09:42:21.570,4.851,3000
2020-10-21 09:42:21.950,4.85,102900
2020-10-21 09:42:21.950,4.85,100
2020-10-21 09:42:21.950,4.85,40600
2020-10-21 09:42:21.950,4.85,100
2020-10-21 09:42:23.470,4.85,500
2020-10-21 09:42:25.280,4.85,5900
2020-10-21 09:42:25.280,4.85,200000
2020-10-21 09:42:25.280,4.85,28000
2020-10-21 09:42:25.280,4.85,60000
2020-10-21 09:42:25.430,4.85,20000
2020-10-21 09:42:26.670,4.85,30000
2020-10-21 09:42:27.140,4.851,1400
2020-10-21 09:42:28.470,4.85,100000
2020-10-21 09:42:28.470,4.85,20000
2020-10-21 09:42:28.470,4.85,60000
2020-10-21 09:42:29.220,4.85,100
2020-10-21 09:42:29.640,4.85,500
2020-10-21 09:42:29.790,4.851,2500
2020-10-21 09:42:29.790,4.851,18000
2020-10-21 09:42:29.870,4.851,100
2020-10-21 09:42:30.420,4.85,9500
2020-10-21 09:42:32.220,4.85,100
2020-10-21 09:42:33.800,4.85,20400
2020-10-21 09:42:33.800,4.85,10000
2020-10-21 09:42:33.800,4.851,700
2020-10-21 09:42:33.800,4.851,20000
2020-10-21 09:42:33.800,4.851,5000
2020-10-21 09:42:33.800,4.851,500
2020-10-21 09:42:33.800,4.851,12000
2020-10-21 09:42:33.800,4.851,30000
2020-10-21 09:42:33.800,4.851,400000
2020-10-21 09:42:33.800,4.851,10000
2020-10-21 09:42:33.800,4.851,200
2020-10-21 09:42:33.800,4.851,89200
2020-10-21 09:42:35.460,4.85,5000
2020-10-21 09:42:36.070,4.85,5000
2020-10-21 09:42:37.050,4.85,20000
2020-10-21 09:42:37.440,4.85,100000
2020-10-21 09:42:37.470,4.85,20000
2020-10-21 09:42:37.470,4.85,20000
2020-10-21 09:42:37.470,4.85,800
2020-10-21 09:42:38.030,4.85,5000
2020-10-21 09:42:38.180,4.85,29200
2020-10-21 09:42:38.180,4.85,300
2020-10-21 09:42:38.180,4.85,500
2020-10-21 09:42:38.800,4.85,100
2020-10-21 09:42:38.890,4.849,4100
2020-10-21 09:42:38.890,4.849,2100
2020-10-21 09:42:38.890,4.849,500
2020-10-21 09:42:38.890,4.849,8300
2020-10-21 09:42:39.130,4.85,200
2020-10-21 09:42:40.060,4.85,100
2020-10-21 09:42:40.060,4.85,4900
2020-10-21 09:42:40.290,4.85,4100
2020-10-21 09:42:40.880,4.85,100
2020-10-21 09:42:41.660,4.849,300000
2020-10-21 09:42:42.500,4.85,3000
2020-10-21 09:42:43.650,4.849,20000
2020-10-21 09:42:44.000,4.85,287900
2020-10-21 09:42:44.000,4.85,10000
2020-10-21 09:42:44.000,4.85,5000
2020-10-21 09:42:44.450,4.85,100
2020-10-21 09:42:44.540,4.85,20500
2020-10-21 09:42:46.430,4.85,40000
2020-10-21 09:42:46.510,4.85,100000
2020-10-21 09:42:46.510,4.85,80000
2020-10-21 09:42:46.510,4.85,30000
2020-10-21 09:42:46.510,4.85,30000
2020-10-21 09:42:46.510,4.85,80000
2020-10-21 09:42:46.510,4.85,100000
2020-10-21 09:42:47.430,4.851,200
2020-10-21 09:42:47.510,4.85,5000
2020-10-21 09:42:49.410,4.85,30000
2020-10-21 09:42:49.440,4.85,20000
2020-10-21 09:42:49.440,4.85,20000
2020-10-21 09:42:50.380,4.85,3900
2020-10-21 09:42:51.100,4.85,300
2020-10-21 09:42:52.430,4.85,100
2020-10-21 09:42:52.520,4.85,37200
2020-10-21 09:42:52.520,4.85,100
2020-10-21 09:42:52.520,4.85,262700
2020-10-21 09:42:53.070,4.85,10000
2020-10-21 09:42:53.450,4.851,200
2020-10-21 09:42:53.450,4.851,30000
2020-10-21 09:42:53.450,4.851,17500
2020-10-21 09:42:53.530,4.85,100000
2020-10-21 09:42:53.560,4.85,10000
2020-10-21 09:42:53.960,4.85,2000
2020-10-21 09:42:53.990,4.85,10000
2020-10-21 09:42:55.610,4.851,2500
2020-10-21 09:42:55.610,4.851,500
2020-10-21 09:42:55.760,4.851,400
2020-10-21 09:42:57.420,4.851,1500
2020-10-21 09:42:59.410,4.85,100000
2020-10-21 09:42:59.460,4.85,20000
2020-10-21 09:42:59.460,4.85,100000
2020-10-21 09:42:59.490,4.85,100000
2020-10-21 09:42:59.490,4.85,100000
2020-10-21 09:42:59.490,4.85,85300
2020-10-21 09:42:59.490,4.85,14700
2020-10-21 09:42:59.490,4.85,100000
2020-10-21 09:42:59.490,4.85,20000
2020-10-21 09:42:59.630,4.85,10000
2020-10-21 09:43:01.900,4.85,10000
2020-10-21 09:43:01.960,4.85,10000
2020-10-21 09:43:02.870,4.85,100
2020-10-21 09:43:03.180,4.851,2000
2020-10-21 09:43:04.440,4.85,30000
2020-10-21 09:43:04.470,4.85,40000
2020-10-21 09:43:04.470,4.85,40000
2020-10-21 09:43:04.470,4.85,100000
2020-10-21 09:43:04.470,4.85,40000
2020-10-21 09:43:04.470,4.85,30000
2020-10-21 09:43:04.470,4.85,100000
2020-10-21 09:43:04.470,4.85,60000
2020-10-21 09:43:04.470,4.85,40000
2020-10-21 09:43:04.470,4.85,100000
2020-10-21 09:43:04.470,4.85,40000
2020-10-21 09:43:04.470,4.85,60000
2020-10-21 09:43:04.470,4.85,55200
2020-10-21 09:43:04.470,4.85,8600
2020-10-21 09:43:04.470,4.85,400
2020-10-21 09:43:04.470,4.85,35800
2020-10-21 09:43:04.470,4.85,40000
2020-10-21 09:43:05.260,4.85,4800
2020-10-21 09:43:05.520,4.851,4100
2020-10-21 09:43:07.450,4.85,100000
2020-10-21 09:43:07.450,4.85,20000
2020-10-21 09:43:07.450,4.85,100000
2020-10-21 09:43:07.450,4.85,10000
2020-10-21 09:43:07.450,4.85,19400
2020-10-21 09:43:07.450,4.85,600
2020-10-21 09:43:07.450,4.85,3400
2020-10-21 09:43:07.450,4.85,16600
2020-10-21 09:43:07.450,4.85,20000
2020-10-21 09:43:07.450,4.85,100000
2020-10-21 09:43:07.450,4.85,80000
2020-10-21 09:43:07.450,4.85,20000
2020-10-21 09:43:07.450,4.85,20000
2020-10-21 09:43:07.450,4.85,20000
2020-10-21 09:43:07.450,4.85,100000
2020-10-21 09:43:07.480,4.85,80000
2020-10-21 09:43:07.480,4.85,20000
2020-10-21 09:43:07.480,4.85,20000
2020-10-21 09:43:07.480,4.85,20000
2020-10-21 09:43:07.480,4.85,20000
2020-10-21 09:43:07.480,4.85,100000
2020-10-21 09:43:07.480,4.85,80000
2020-10-21 09:43:07.480,4.85,10000
2020-10-21 09:43:07.480,4.85,80000
2020-10-21 09:43:07.480,4.85,93400
2020-10-21 09:43:07.480,4.85,6600
2020-10-21 09:43:07.480,4.85,20000
2020-10-21 09:43:07.480,4.851,200
2020-10-21 09:43:07.940,4.85,1200
2020-10-21 09:43:08.820,4.85,3000
2020-10-21 09:43:09.700,4.85,300000
2020-10-21 09:43:10.710,4.85,1000
2020-10-21 09:43:10.980,4.85,100000
2020-10-21 09:43:10.980,4.85,20000
2020-10-21 09:43:10.980,4.85,400
2020-10-21 09:43:11.070,4.851,400
2020-10-21 09:43:11.450,4.851,200
2020-10-21 09:43:12.400,4.851,2600
2020-10-21 09:43:13.260,4.85,7200
2020-10-21 09:43:13.450,4.85,10000
2020-10-21 09:43:13.450,4.85,80000
2020-10-21 09:43:13.450,4.85,100000
2020-10-21 09:43:13.450,4.85,40000
2020-10-21 09:43:13.450,4.85,100000
2020-10-21 09:43:13.450,4.85,20000
2020-10-21 09:43:13.630,4.851,800
2020-10-21 09:43:15.480,4.85,20000
2020-10-21 09:43:16.050,4.851,100
2020-10-21 09:43:16.100,4.85,70600
2020-10-21 09:43:16.100,4.85,100
2020-10-21 09:43:16.100,4.85,29300
2020-10-21 09:43:16.420,4.85,100000
2020-10-21 09:43:16.420,4.85,80000
2020-10-21 09:43:16.450,4.85,80000
2020-10-21 09:43:16.450,4.85,100000
2020-10-21 09:43:16.450,4.85,80000
2020-10-21 09:43:16.450,4.85,70000
2020-10-21 09:43:16.450,4.85,30000
2020-10-21 09:43:16.450,4.85,80000
2020-10-21 09:43:16.450,4.85,60000
2020-10-21 09:43:16.450,4.85,10000
2020-10-21 09:43:16.520,4.85,100000
2020-10-21 09:43:16.880,4.851,500
2020-10-21 09:43:17.170,4.851,100
2020-10-21 09:43:17.280,4.851,6600
2020-10-21 09:43:17.280,4.851,3400
2020-10-21 09:43:19.450,4.85,10000
2020-10-21 09:43:19.450,4.85,20000
2020-10-21 09:43:19.450,4.85,30000
2020-10-21 09:43:19.620,4.85,20000
2020-10-21 09:43:20.690,4.85,700
2020-10-21 09:43:20.690,4.85,3900
2020-10-21 09:43:20.690,4.85,100
2020-10-21 09:43:24.660,4.85,3300
2020-10-21 09:43:24.660,4.85,300
2020-10-21 09:43:24.900,4.85,30000
2020-10-21 09:43:24.930,4.851,2000
2020-10-21 09:43:25.450,4.85,20000
2020-10-21 09:43:25.490,4.85,20000
2020-10-21 09:43:27.240,4.85,10000
2020-10-21 09:43:28.490,4.85,100000
2020-10-21 09:43:28.490,4.85,100000
2020-10-21 09:43:29.410,4.85,125700
2020-10-21 09:43:29.410,4.85,20000
2020-10-21 09:43:29.470,4.851,100
2020-10-21 09:43:31.000,4.851,100
2020-10-21 09:43:31.410,4.85,100000
2020-10-21 09:43:31.440,4.85,100000
2020-10-21 09:43:31.440,4.85,30000
2020-10-21 09:43:31.440,4.85,30000
2020-10-21 09:43:32.390,4.85,8600
2020-10-21 09:43:33.060,4.85,1000
2020-10-21 09:43:33.170,4.851,200
2020-10-21 09:43:35.410,4.85,100000
2020-10-21 09:43:35.410,4.85,10000
2020-10-21 09:43:36.870,4.85,400
2020-10-21 09:43:37.270,4.851,1000
2020-10-21 09:43:38.090,4.85,7400
2020-10-21 09:43:39.450,4.85,20000
2020-10-21 09:43:39.450,4.85,63300
2020-10-21 09:43:39.450,4.85,2700
2020-10-21 09:43:39.450,4.85,34000
2020-10-21 09:43:39.470,4.85,100000
2020-10-21 09:43:39.470,4.85,100000
2020-10-21 09:43:39.470,4.85,100000
2020-10-21 09:43:39.470,4.85,100000
2020-10-21 09:43:39.470,4.85,80000
2020-10-21 09:43:40.480,4.85,100000
2020-10-21 09:43:40.480,4.85,100000
2020-10-21 09:43:40.480,4.85,100000
2020-10-21 09:43:40.630,4.85,100
2020-10-21 09:43:42.120,4.851,11700
2020-10-21 09:43:42.490,4.85,2900
2020-10-21 09:43:42.630,4.85,20000
2020-10-21 09:43:42.870,4.85,5000
2020-10-21 09:43:43.090,4.85,50000
2020-10-21 09:43:43.210,4.85,8000
2020-10-21 09:43:47.880,4.85,1800
2020-10-21 09:43:49.800,4.849,500
2020-10-21 09:43:49.800,4.849,100
2020-10-21 09:43:49.800,4.849,400
2020-10-21 09:43:50.790,4.85,200
2020-10-21 09:43:50.790,4.85,200
2020-10-21 09:43:50.790,4.85,600
2020-10-21 09:43:54.490,4.849,600
2020-10-21 09:43:54.490,4.849,9400
2020-10-21 09:43:54.920,4.849,600
2020-10-21 09:43:54.920,4.849,500
2020-10-21 09:43:54.920,4.848,500
2020-10-21 09:43:57.910,4.848,3200
2020-10-21 09:43:57.910,4.848,10000
2020-10-21 09:43:57.910,4.848,1000
2020-10-21 09:43:57.910,4.848,5800
2020-10-21 09:43:59.190,4.849,900
2020-10-21 09:44:00.790,4.849,200
2020-10-21 09:44:01.350,4.848,4200
2020-10-21 09:44:01.350,4.848,200
2020-10-21 09:44:01.350,4.848,5400
2020-10-21 09:44:01.350,4.848,200
2020-10-21 09:44:02.090,4.848,1800
2020-10-21 09:44:02.090,4.848,2000
2020-10-21 09:44:02.090,4.848,16200
2020-10-21 09:44:02.260,4.848,2500
2020-10-21 09:44:03.060,4.848,1000
2020-10-21 09:44:03.140,4.848,2600
2020-10-21 09:44:03.780,4.848,7700
2020-10-21 09:44:04.340,4.847,100
2020-10-21 09:44:04.340,4.847,9900
2020-10-21 09:44:07.070,4.847,7300
2020-10-21 09:44:07.070,4.847,2700
2020-10-21 09:44:07.660,4.847,2300
2020-10-21 09:44:07.660,4.847,100
2020-10-21 09:44:07.890,4.847,33100
2020-10-21 09:44:08.440,4.847,1000
2020-10-21 09:44:08.440,4.847,200
2020-10-21 09:44:10.700,4.847,5000
2020-10-21 09:44:12.290,4.846,300
2020-10-21 09:44:12.290,4.846,7000
2020-10-21 09:44:12.290,4.846,100
2020-10-21 09:44:12.290,4.846,100
2020-10-21 09:44:12.290,4.846,100
2020-10-21 09:44:13.790,4.846,16000
2020-10-21 09:44:13.930,4.846,144500
2020-10-21 09:44:14.920,4.847,2800
2020-10-21 09:44:15.620,4.846,125800
2020-10-21 09:44:15.660,4.846,1000
2020-10-21 09:44:15.690,4.847,100000
2020-10-21 09:44:16.360,4.847,200
2020-10-21 09:44:17.060,4.847,400
2020-10-21 09:44:23.210,4.847,500
2020-10-21 09:44:24.140,4.846,12700
2020-10-21 09:44:24.140,4.846,35300
2020-10-21 09:44:25.900,4.847,200
2020-10-21 09:44:26.040,4.847,12000
2020-10-21 09:44:27.810,4.847,10000
2020-10-21 09:44:32.140,4.847,300
2020-10-21 09:44:32.400,4.847,5700
2020-10-21 09:44:32.610,4.847,3300
2020-10-21 09:44:33.110,4.848,1000
2020-10-21 09:44:33.110,4.848,500
2020-10-21 09:44:33.110,4.848,400
2020-10-21 09:44:33.110,4.848,15500
2020-10-21 09:44:38.650,4.847,1500
2020-10-21 09:44:38.650,4.847,400
2020-10-21 09:44:41.480,4.847,400
2020-10-21 09:44:41.480,4.847,3700
2020-10-21 09:44:42.740,4.847,5000
2020-10-21 09:44:43.820,4.847,400
2020-10-21 09:44:44.400,4.847,50000
2020-10-21 09:44:44.970,4.848,500
2020-10-21 09:44:45.030,4.847,200
2020-10-21 09:44:45.310,4.848,99500
2020-10-21 09:44:45.310,4.848,20400
2020-10-21 09:44:45.310,4.848,200
2020-10-21 09:44:46.760,4.848,75700
2020-10-21 09:44:46.810,4.848,80000
2020-10-21 09:44:46.840,4.848,100000
2020-10-21 09:44:46.840,4.848,100000
2020-10-21 09:44:46.840,4.848,100000
2020-10-21 09:44:46.840,4.848,100000
2020-10-21 09:44:46.840,4.848,100000
2020-10-21 09:44:49.800,4.848,50000
2020-10-21 09:44:50.960,4.848,10100
2020-10-21 09:44:51.130,4.848,11400
2020-10-21 09:44:51.130,4.848,100
2020-10-21 09:44:52.710,4.847,14700
2020-10-21 09:44:53.910,4.847,885300
2020-10-21 09:44:53.910,4.847,500
2020-10-21 09:44:55.690,4.847,15500
2020-10-21 09:44:56.230,4.846,200
2020-10-21 09:44:56.230,4.846,2300
2020-10-21 09:44:56.740,4.847,5000
2020-10-21 09:45:01.490,4.847,500
2020-10-21 09:45:01.640,4.846,1700
2020-10-21 09:45:01.640,4.846,100
2020-10-21 09:45:01.640,4.845,3000
2020-10-21 09:45:01.640,4.845,400
2020-10-21 09:45:01.640,4.845,300
2020-10-21 09:45:01.640,4.845,1100
2020-10-21 09:45:01.640,4.845,1000
2020-10-21 09:45:01.640,4.845,5000
2020-10-21 09:45:01.640,4.845,200
2020-10-21 09:45:01.640,4.845,300
2020-10-21 09:45:01.640,4.845,200
2020-10-21 09:45:01.640,4.845,5000
2020-10-21 09:45:01.640,4.845,100
2020-10-21 09:45:01.640,4.845,500
2020-10-21 09:45:03.580,4.846,600
2020-10-21 09:45:04.480,4.845,7600
2020-10-21 09:45:05.400,4.845,100
2020-10-21 09:45:05.480,4.844,100
2020-10-21 09:45:06.410,4.844,2000
2020-10-21 09:45:06.410,4.844,100
2020-10-21 09:45:06.410,4.844,500
2020-10-21 09:45:06.410,4.844,3000
2020-10-21 09:45:06.410,4.844,1000
2020-10-21 09:45:06.410,4.844,1000
2020-10-21 09:45:06.410,4.844,700
2020-10-21 09:45:06.710,4.844,100
2020-10-21 09:45:07.070,4.844,1600
2020-10-21 09:45:07.150,4.845,200
2020-10-21 09:45:09.660,4.844,7000
2020-10-21 09:45:09.990,4.844,300
2020-10-21 09:45:10.220,4.844,1700
2020-10-21 09:45:10.280,4.845,500
2020-10-21 09:45:10.550,4.845,1000
2020-10-21 09:45:10.610,4.844,80000
2020-10-21 09:45:15.080,4.844,35300
2020-10-21 09:45:15.160,4.844,1000
2020-10-21 09:45:15.310,4.845,5000
2020-10-21 09:45:17.630,4.845,300000
2020-10-21 09:45:17.630,4.845,10000
2020-10-21 09:45:17.630,4.845,7500
2020-10-21 09:45:20.140,4.845,3000
2020-10-21 09:45:20.230,4.845,5000
2020-10-21 09:45:22.120,4.845,20000
2020-10-21 09:45:23.140,4.845,100
2020-10-21 09:45:23.820,4.846,300000
2020-10-21 09:45:23.820,4.846,10100
2020-10-21 09:45:23.820,4.846,14000
2020-10-21 09:45:23.820,4.846,10000
2020-10-21 09:45:26.520,4.846,200
2020-10-21 09:45:26.520,4.846,12600
2020-10-21 09:45:26.550,4.846,4000
2020-10-21 09:45:29.300,4.846,10000
2020-10-21 09:45:30.530,4.846,5000
2020-10-21 09:45:31.950,4.846,100000
2020-10-21 09:45:31.980,4.846,100000
2020-10-21 09:45:32.530,4.846,300
2020-10-21 09:45:33.930,4.846,10000
2020-10-21 09:45:34.290,4.846,40000
2020-10-21 09:45:34.320,4.846,100000
2020-10-21 09:45:34.320,4.846,20000
2020-10-21 09:45:34.870,4.847,86100
2020-10-21 09:45:34.870,4.847,200
2020-10-21 09:45:34.870,4.847,5000
2020-10-21 09:45:34.870,4.847,100
2020-10-21 09:45:34.870,4.847,20600
2020-10-21 09:45:34.870,4.847,20000
2020-10-21 09:45:34.910,4.847,5000
2020-10-21 09:45:35.470,4.847,100
2020-10-21 09:45:35.970,4.847,300000
2020-10-21 09:45:36.200,4.847,20000
2020-10-21 09:45:36.340,4.847,1000
2020-10-21 09:45:36.480,4.847,300000
2020-10-21 09:45:36.640,4.847,20000
2020-10-21 09:45:37.140,4.847,10200
2020-10-21 09:45:37.280,4.847,80000
2020-10-21 09:45:39.150,4.847,20000
2020-10-21 09:45:39.210,4.847,10300
2020-10-21 09:45:40.200,4.848,288500
2020-10-21 09:45:40.200,4.848,200
2020-10-21 09:45:40.200,4.848,500
2020-10-21 09:45:40.200,4.848,20000
2020-10-21 09:45:40.200,4.848,30000
2020-10-21 09:45:40.200,4.848,30000
2020-10-21 09:45:40.200,4.848,300000
2020-10-21 09:45:40.200,4.848,112800
2020-10-21 09:45:40.300,4.846,20000
2020-10-21 09:45:41.150,4.846,1000
2020-10-21 09:45:41.510,4.847,100
2020-10-21 09:45:44.090,4.848,4000
2020-10-21 09:45:44.850,4.848,100
2020-10-21 09:45:44.850,4.848,200
2020-10-21 09:45:47.900,4.847,400
2020-10-21 09:45:48.950,4.848,500
2020-10-21 09:45:49.270,4.848,100
2020-10-21 09:45:49.270,4.848,80000
2020-10-21 09:45:49.300,4.848,30000
2020-10-21 09:45:51.610,4.848,20000
2020-10-21 09:45:52.280,4.848,12200
2020-10-21 09:45:52.280,4.848,7800
2020-10-21 09:45:52.720,4.848,10000
2020-10-21 09:45:53.620,4.848,2200
2020-10-21 09:45:53.620,4.848,17800
2020-10-21 09:45:54.620,4.848,20000
2020-10-21 09:45:55.310,4.848,30000
2020-10-21 09:45:55.330,4.848,100000
2020-10-21 09:45:55.330,4.848,100000
2020-10-21 09:45:55.330,4.848,90000
2020-10-21 09:45:55.330,4.848,100000
2020-10-21 09:45:55.330,4.848,100000
2020-10-21 09:45:55.330,4.848,100000
2020-10-21 09:45:55.330,4.848,100000
2020-10-21 09:45:55.330,4.848,90000
2020-10-21 09:45:55.330,4.848,52200
2020-10-21 09:45:55.330,4.848,47800
2020-10-21 09:45:55.330,4.848,100000
2020-10-21 09:45:55.330,4.848,90000
2020-10-21 09:45:55.330,4.848,100000
2020-10-21 09:45:55.330,4.848,30000
2020-10-21 09:45:55.330,4.848,100000
2020-10-21 09:45:55.610,4.848,20000
2020-10-21 09:45:56.320,4.849,500
2020-10-21 09:45:56.320,4.849,1600
2020-10-21 09:45:56.680,4.848,20000
2020-10-21 09:45:58.650,4.849,400
2020-10-21 09:45:58.650,4.849,2200
2020-10-21 09:45:58.890,4.848,2600
2020-10-21 09:45:58.890,4.849,42900
2020-10-21 09:45:58.890,4.849,100
2020-10-21 09:45:58.890,4.849,20000
2020-10-21 09:45:58.890,4.849,20000
2020-10-21 09:45:58.890,4.849,1000
2020-10-21 09:46:00.250,4.849,7400
2020-10-21 09:46:00.670,4.849,20000
2020-10-21 09:46:00.820,4.849,500
2020-10-21 09:46:01.270,4.849,50000
2020-10-21 09:46:01.330,4.849,70000
2020-10-21 09:46:01.330,4.849,100000
2020-10-21 09:46:01.330,4.849,100000
2020-10-21 09:46:01.330,4.849,10000
2020-10-21 09:46:01.330,4.849,70000
2020-10-21 09:46:01.330,4.849,100000
2020-10-21 09:46:01.330,4.849,10000
2020-10-21 09:46:01.540,4.849,20000
2020-10-21 09:46:02.620,4.849,20000
2020-10-21 09:46:03.040,4.85,20000
2020-10-21 09:46:03.040,4.85,5000
2020-10-21 09:46:03.740,4.849,1100
2020-10-21 09:46:04.270,4.849,80000
2020-10-21 09:46:04.270,4.849,20000
2020-10-21 09:46:04.830,4.849,90000
2020-10-21 09:46:06.180,4.85,5100
2020-10-21 09:46:06.180,4.85,4000
2020-10-21 09:46:06.180,4.85,4000
2020-10-21 09:46:06.180,4.85,14600
2020-10-21 09:46:06.180,4.85,200
2020-10-21 09:46:06.180,4.85,200
2020-10-21 09:46:06.180,4.85,200
2020-10-21 09:46:06.180,4.85,50000
2020-10-21 09:46:06.180,4.85,20000
2020-10-21 09:46:06.180,4.85,40000
2020-10-21 09:46:06.180,4.85,10000
2020-10-21 09:46:06.180,4.85,20000
2020-10-21 09:46:06.270,4.85,400
2020-10-21 09:46:06.850,4.85,41600
2020-10-21 09:46:07.170,4.85,20000
2020-10-21 09:46:07.290,4.85,100000
2020-10-21 09:46:07.290,4.85,100000
2020-10-21 09:46:07.290,4.85,10000
2020-10-21 09:46:07.290,4.85,80000
2020-10-21 09:46:07.290,4.85,100000
2020-10-21 09:46:07.290,4.85,80000
2020-10-21 09:46:07.290,4.85,80000
2020-10-21 09:46:09.470,4.85,100
2020-10-21 09:46:09.650,4.85,20000
2020-10-21 09:46:09.650,4.851,2600
2020-10-21 09:46:09.900,4.85,99600
2020-10-21 09:46:09.900,4.85,100
2020-10-21 09:46:10.230,4.849,18200
2020-10-21 09:46:10.230,4.849,100
2020-10-21 09:46:10.910,4.849,1700
2020-10-21 09:46:10.910,4.849,3300
2020-10-21 09:46:12.900,4.849,6700
2020-10-21 09:46:12.900,4.849,10000
2020-10-21 09:46:12.900,4.849,20000
2020-10-21 09:46:12.900,4.85,10000
2020-10-21 09:46:12.900,4.85,20000
2020-10-21 09:46:12.900,4.85,40000
2020-10-21 09:46:12.900,4.85,30000
2020-10-21 09:46:12.900,4.85,300000
2020-10-21 09:46:12.900,4.85,300000
2020-10-21 09:46:12.900,4.85,20000
2020-10-21 09:46:13.290,4.85,20000
2020-10-21 09:46:13.350,4.85,90000
2020-10-21 09:46:13.680,4.85,26000
2020-10-21 09:46:13.770,4.85,7300
2020-10-21 09:46:15.190,4.85,2700
2020-10-21 09:46:16.290,4.85,100000
2020-10-21 09:46:16.290,4.85,100000
2020-10-21 09:46:16.290,4.85,20000
2020-10-21 09:46:16.290,4.85,10000
2020-10-21 09:46:16.290,4.85,10000
2020-10-21 09:46:16.290,4.85,100000
2020-10-21 09:46:16.290,4.85,100000
2020-10-21 09:46:16.290,4.85,100000
2020-10-21 09:46:16.290,4.85,100000
2020-10-21 09:46:16.290,4.85,50000
2020-10-21 09:46:16.290,4.85,20000
2020-10-21 09:46:19.260,4.85,80000
2020-10-21 09:46:19.260,4.85,40000
2020-10-21 09:46:19.260,4.85,20000
2020-10-21 09:46:19.320,4.85,29200
2020-10-21 09:46:19.680,4.85,500
2020-10-21 09:46:22.310,4.85,17600
2020-10-21 09:46:22.310,4.85,82400
2020-10-21 09:46:22.310,4.85,10000
2020-10-21 09:46:22.310,4.85,100000
2020-10-21 09:46:22.310,4.85,70000
2020-10-21 09:46:22.310,4.85,40000
2020-10-21 09:46:22.780,4.851,6000
2020-10-21 09:46:23.570,4.85,87200
2020-10-21 09:46:24.780,4.849,300000
2020-10-21 09:46:24.840,4.85,200
2020-10-21 09:46:27.430,4.85,400
2020-10-21 09:46:27.830,4.85,5000
2020-10-21 09:46:31.070,4.85,3000
2020-10-21 09:46:31.400,4.848,500
2020-10-21 09:46:31.960,4.848,43500
2020-10-21 09:46:33.070,4.849,100
2020-10-21 09:46:33.400,4.85,204200
2020-10-21 09:46:33.400,4.85,500
2020-10-21 09:46:33.400,4.85,200
2020-10-21 09:46:33.400,4.85,14600
2020-10-21 09:46:33.400,4.85,25000
2020-10-21 09:46:33.400,4.85,300000
2020-10-21 09:46:33.400,4.85,300000
2020-10-21 09:46:33.400,4.85,600
2020-10-21 09:46:34.260,4.85,40000
2020-10-21 09:46:36.620,4.85,14900
2020-10-21 09:46:38.650,4.85,285100
2020-10-21 09:46:38.650,4.85,1900
2020-10-21 09:46:38.650,4.851,272900
2020-10-21 09:46:38.650,4.851,30000
2020-10-21 09:46:38.650,4.851,200
2020-10-21 09:46:38.650,4.851,2000
2020-10-21 09:46:38.650,4.851,1000
2020-10-21 09:46:38.650,4.851,40000
2020-10-21 09:46:38.650,4.851,700
2020-10-21 09:46:38.650,4.851,20400
2020-10-21 09:46:40.270,4.851,80000
2020-10-21 09:46:40.300,4.851,100000
2020-10-21 09:46:40.300,4.851,10000
2020-10-21 09:46:41.030,4.851,1500
2020-10-21 09:46:41.560,4.852,3900
2020-10-21 09:46:41.990,4.851,3200
2020-10-21 09:46:43.290,4.851,40000
2020-10-21 09:46:44.360,4.851,2000
2020-10-21 09:46:45.370,4.851,1400
2020-10-21 09:46:45.520,4.851,3000
2020-10-21 09:46:46.600,4.851,100
2020-10-21 09:46:46.940,4.851,4600
2020-10-21 09:46:46.940,4.851,700
2020-10-21 09:46:46.940,4.851,74700
2020-10-21 09:46:47.070,4.851,300000
2020-10-21 09:46:47.130,4.852,100
2020-10-21 09:46:48.110,4.851,19600
2020-10-21 09:46:49.360,4.851,10000
2020-10-21 09:46:49.360,4.851,40000
2020-10-21 09:46:49.360,4.851,100000
2020-10-21 09:46:49.360,4.851,100000
2020-10-21 09:46:51.150,4.852,3000
2020-10-21 09:46:51.150,4.852,100
2020-10-21 09:46:51.530,4.852,2200
2020-10-21 09:46:51.650,4.851,255900
2020-10-21 09:46:51.650,4.85,100
2020-10-21 09:46:51.650,4.85,100
2020-10-21 09:46:51.650,4.85,2600
2020-10-21 09:46:51.650,4.85,3000
2020-10-21 09:46:51.650,4.85,33100
2020-10-21 09:46:54.970,4.852,6500
2020-10-21 09:46:57.790,4.851,200
2020-10-21 09:46:57.790,4.851,800
2020-10-21 09:46:57.980,4.85,20000
2020-10-21 09:46:58.860,4.851,13800
2020-10-21 09:46:58.860,4.851,400
2020-10-21 09:47:02.160,4.852,1600
2020-10-21 09:47:02.390,4.852,200
2020-10-21 09:47:04.040,4.852,5000
2020-10-21 09:47:04.150,4.852,14400
2020-10-21 09:47:04.150,4.852,200
2020-10-21 09:47:04.150,4.852,10000
2020-10-21 09:47:04.150,4.852,100
2020-10-21 09:47:04.150,4.852,50000
2020-10-21 09:47:04.150,4.852,10000
2020-10-21 09:47:04.150,4.852,10000
2020-10-21 09:47:04.150,4.852,2200
2020-10-21 09:47:04.150,4.852,1000
2020-10-21 09:47:04.150,4.852,100
2020-10-21 09:47:04.150,4.852,8500
2020-10-21 09:47:04.150,4.852,300
2020-10-21 09:47:04.150,4.852,10000
2020-10-21 09:47:04.150,4.852,2600
2020-10-21 09:47:04.150,4.852,3000
2020-10-21 09:47:04.150,4.852,200
2020-10-21 09:47:04.150,4.852,300000
2020-10-21 09:47:04.150,4.852,38400
2020-10-21 09:47:04.150,4.852,2000
2020-10-21 09:47:04.150,4.852,29100
2020-10-21 09:47:04.150,4.852,1000
2020-10-21 09:47:05.010,4.853,10000
2020-10-21 09:47:05.010,4.853,2000
2020-10-21 09:47:05.010,4.853,2000
2020-10-21 09:47:05.010,4.853,100
2020-10-21 09:47:05.010,4.853,5000
2020-10-21 09:47:05.010,4.853,100000
2020-10-21 09:47:05.010,4.853,2500
2020-10-21 09:47:05.010,4.853,100000
2020-10-21 09:47:05.010,4.853,500
2020-10-21 09:47:05.960,4.853,2200
2020-10-21 09:47:07.340,4.853,80000
2020-10-21 09:47:07.340,4.853,70000
2020-10-21 09:47:07.340,4.853,100000
2020-10-21 09:47:07.340,4.853,90000
2020-10-21 09:47:07.340,4.853,100000
2020-10-21 09:47:07.340,4.853,90000
2020-10-21 09:47:07.340,4.853,100000
2020-10-21 09:47:07.340,4.853,80000
2020-10-21 09:47:08.240,4.853,500
2020-10-21 09:47:08.370,4.853,10000
2020-10-21 09:47:10.270,4.853,100000
2020-10-21 09:47:10.270,4.853,20000
2020-10-21 09:47:10.270,4.853,20000
2020-10-21 09:47:11.440,4.853,3000
2020-10-21 09:47:11.640,4.853,34300
2020-10-21 09:47:11.640,4.852,260500
2020-10-21 09:47:11.890,4.852,100
2020-10-21 09:47:13.270,4.852,30000
2020-10-21 09:47:14.720,4.852,10000
2020-10-21 09:47:16.040,4.852,2300
2020-10-21 09:47:16.260,4.852,89600
2020-10-21 09:47:16.260,4.852,10400
2020-10-21 09:47:16.260,4.852,10000
2020-10-21 09:47:16.260,4.852,100000
2020-10-21 09:47:16.260,4.852,10000
2020-10-21 09:47:16.260,4.852,90000
2020-10-21 09:47:16.750,4.853,700
2020-10-21 09:47:17.640,4.853,100
2020-10-21 09:47:17.940,4.852,20000
2020-10-21 09:47:18.630,4.852,15000
2020-10-21 09:47:19.360,4.852,100000
2020-10-21 09:47:19.360,4.852,10000
2020-10-21 09:47:19.360,4.852,20000
2020-10-21 09:47:19.360,4.852,100000
2020-10-21 09:47:20.140,4.852,100
2020-10-21 09:47:20.660,4.852,20000
2020-10-21 09:47:21.590,4.852,2600
2020-10-21 09:47:22.140,4.853,100
2020-10-21 09:47:22.280,4.852,40000
2020-10-21 09:47:22.280,4.852,6300
2020-10-21 09:47:22.280,4.852,300
2020-10-21 09:47:22.280,4.852,3400
2020-10-21 09:47:22.780,4.852,10000
2020-10-21 09:47:23.770,4.852,5700
2020-10-21 09:47:24.850,4.852,200
2020-10-21 09:47:25.340,4.851,17200
2020-10-21 09:47:25.340,4.851,200
2020-10-21 09:47:25.340,4.851,32600
2020-10-21 09:47:25.340,4.851,30000
2020-10-21 09:47:25.340,4.851,50000
2020-10-21 09:47:25.340,4.851,30000
2020-10-21 09:47:25.340,4.851,100000
2020-10-21 09:47:25.340,4.851,90000
2020-10-21 09:47:25.340,4.851,100000
