Datetime,Price,Volume
2020-09-28 09:25:00.080,3.291,500
2020-09-28 09:25:00.080,3.291,200
2020-09-28 09:25:00.080,3.291,1000
2020-09-28 09:25:00.080,3.291,45900
2020-09-28 09:25:00.080,3.291,16000
2020-09-28 09:25:00.080,3.291,12300
2020-09-28 09:25:00.080,3.291,200
2020-09-28 09:25:00.080,3.291,8800
2020-09-28 09:25:00.080,3.291,6800
2020-09-28 09:25:00.080,3.291,7300
2020-09-28 09:25:00.080,3.291,18200
2020-09-28 09:25:00.080,3.291,100
2020-09-28 09:25:00.080,3.291,400
2020-09-28 09:25:00.080,3.291,5800
2020-09-28 09:25:00.080,3.291,3000
2020-09-28 09:25:00.080,3.291,10000
2020-09-28 09:25:00.080,3.291,5000
2020-09-28 09:25:00.080,3.291,38100
2020-09-28 09:25:00.080,3.291,19400
2020-09-28 09:25:00.080,3.291,6000
2020-09-28 09:25:00.080,3.291,24600
2020-09-28 09:25:00.080,3.291,30000
2020-09-28 09:25:00.080,3.291,400
2020-09-28 09:25:00.080,3.291,1000
2020-09-28 09:25:00.080,3.291,4200
2020-09-28 09:25:00.080,3.291,100
2020-09-28 09:25:00.080,3.291,3800
2020-09-28 09:25:00.080,3.291,2000
2020-09-28 09:25:00.080,3.291,300
2020-09-28 09:25:00.080,3.291,200
2020-09-28 09:25:00.080,3.291,500
2020-09-28 09:25:00.080,3.291,400
2020-09-28 09:25:00.080,3.291,400
2020-09-28 09:25:00.080,3.291,10000
2020-09-28 09:25:00.080,3.291,300
2020-09-28 09:25:00.080,3.291,200
2020-09-28 09:25:00.080,3.291,800
2020-09-28 09:25:00.080,3.291,1700
2020-09-28 09:25:00.080,3.291,100
2020-09-28 09:25:00.080,3.291,100
2020-09-28 09:25:00.080,3.291,1400
2020-09-28 09:25:00.080,3.291,200
2020-09-28 09:25:00.080,3.291,1700
2020-09-28 09:25:00.080,3.291,500
2020-09-28 09:25:00.080,3.291,100
2020-09-28 09:25:00.080,3.291,400
2020-09-28 09:25:00.080,3.291,1000
2020-09-28 09:25:00.080,3.291,200
2020-09-28 09:25:00.080,3.291,5000
2020-09-28 09:25:00.080,3.291,100
2020-09-28 09:25:00.080,3.291,600
2020-09-28 09:25:00.080,3.291,200
2020-09-28 09:25:00.080,3.291,1200
2020-09-28 09:25:00.080,3.291,100
2020-09-28 09:25:00.080,3.291,800
2020-09-28 09:25:00.080,3.291,3000
2020-09-28 09:25:00.080,3.291,400
2020-09-28 09:25:00.080,3.291,400
2020-09-28 09:25:00.080,3.291,600
2020-09-28 09:25:00.080,3.291,100
2020-09-28 09:25:00.080,3.291,200
2020-09-28 09:25:00.080,3.291,1000
2020-09-28 09:25:00.080,3.291,100
2020-09-28 09:25:00.080,3.291,600
2020-09-28 09:25:00.080,3.291,6000
2020-09-28 09:25:00.080,3.291,900
2020-09-28 09:25:00.080,3.291,700
2020-09-28 09:25:00.080,3.291,400
2020-09-28 09:25:00.080,3.291,15200
2020-09-28 09:25:00.080,3.291,500
2020-09-28 09:25:00.080,3.291,3700
2020-09-28 09:25:00.080,3.291,5000
2020-09-28 09:25:00.080,3.291,100
2020-09-28 09:25:00.080,3.291,400
2020-09-28 09:25:00.080,3.291,200
2020-09-28 09:25:00.080,3.291,1400
2020-09-28 09:25:00.080,3.291,5000
2020-09-28 09:25:00.080,3.291,3500
2020-09-28 09:25:00.080,3.291,3200
2020-09-28 09:25:00.080,3.291,1000
2020-09-28 09:25:00.080,3.291,100
2020-09-28 09:25:00.080,3.291,1700
2020-09-28 09:25:00.080,3.291,8300
2020-09-28 09:25:00.080,3.291,600
2020-09-28 09:25:00.080,3.291,51100
2020-09-28 09:25:00.080,3.291,9800
2020-09-28 09:25:00.080,3.291,10400
2020-09-28 09:25:00.080,3.291,10100
2020-09-28 09:25:00.080,3.291,12000
2020-09-28 09:25:00.080,3.291,10200
2020-09-28 09:25:00.080,3.291,10000
2020-09-28 09:25:00.080,3.291,100
2020-09-28 09:25:00.080,3.291,32000
2020-09-28 09:25:00.080,3.291,8200
2020-09-28 09:25:00.080,3.291,3000
2020-09-28 09:25:00.080,3.291,42100
2020-09-28 09:25:00.080,3.291,900
2020-09-28 09:25:00.080,3.291,200
2020-09-28 09:25:00.080,3.291,200
2020-09-28 09:25:00.080,3.291,1000
2020-09-28 09:25:00.080,3.291,300
2020-09-28 09:25:00.080,3.291,1500
2020-09-28 09:25:00.080,3.291,5000
2020-09-28 09:25:00.080,3.291,10000
2020-09-28 09:25:00.080,3.291,100
2020-09-28 09:25:00.080,3.291,200
2020-09-28 09:25:00.080,3.291,200
2020-09-28 09:25:00.080,3.291,1000
2020-09-28 09:25:00.080,3.291,3000
2020-09-28 09:25:00.080,3.291,100
2020-09-28 09:25:00.080,3.291,10000
2020-09-28 09:25:00.080,3.291,10000
2020-09-28 09:25:00.080,3.291,400
2020-09-28 09:25:00.080,3.291,9100
2020-09-28 09:25:00.080,3.291,200
2020-09-28 09:25:00.080,3.291,1200
2020-09-28 09:25:00.080,3.291,3300
2020-09-28 09:25:00.080,3.291,100
2020-09-28 09:25:00.080,3.291,3000
2020-09-28 09:25:00.080,3.291,1300
2020-09-28 09:25:00.080,3.291,1000
2020-09-28 09:25:00.080,3.291,100
2020-09-28 09:25:00.080,3.291,5600
2020-09-28 09:25:00.080,3.291,6400
2020-09-28 09:25:00.080,3.291,600
2020-09-28 09:25:00.080,3.291,200
2020-09-28 09:25:00.080,3.291,300
2020-09-28 09:25:00.080,3.291,14700
2020-09-28 09:25:00.080,3.291,10000
2020-09-28 09:25:00.080,3.291,4500
2020-09-28 09:25:00.080,3.291,1500
2020-09-28 09:25:00.080,3.291,1600
2020-09-28 09:25:00.080,3.291,12700
2020-09-28 09:25:00.080,3.291,2300
2020-09-28 09:25:00.080,3.291,17700
2020-09-28 09:25:00.080,3.291,1000
2020-09-28 09:25:00.080,3.291,10000
2020-09-28 09:25:00.080,3.291,500
2020-09-28 09:25:00.080,3.291,300
2020-09-28 09:25:00.080,3.291,10000
2020-09-28 09:25:00.080,3.291,5700
2020-09-28 09:25:00.080,3.291,8000
2020-09-28 09:25:00.080,3.291,1500
2020-09-28 09:25:00.080,3.291,12500
2020-09-28 09:25:00.080,3.291,2000
2020-09-28 09:25:00.080,3.291,100
2020-09-28 09:25:00.080,3.291,200
2020-09-28 09:25:00.080,3.291,200
2020-09-28 09:25:00.080,3.291,1000
2020-09-28 09:25:00.080,3.291,5200
2020-09-28 09:25:00.080,3.291,3000
2020-09-28 09:25:00.080,3.291,2500
2020-09-28 09:25:00.080,3.291,300
2020-09-28 09:25:00.080,3.291,3000
2020-09-28 09:25:00.080,3.291,6200
2020-09-28 09:25:00.080,3.291,1000
2020-09-28 09:25:00.080,3.291,7800
2020-09-28 09:25:00.080,3.291,1000
2020-09-28 09:25:00.080,3.291,10000
2020-09-28 09:25:00.080,3.291,3600
2020-09-28 09:25:00.080,3.291,1000
2020-09-28 09:25:00.080,3.291,1000
2020-09-28 09:25:00.080,3.291,15000
2020-09-28 09:25:00.080,3.291,5000
2020-09-28 09:25:00.080,3.291,73900
2020-09-28 09:25:00.080,3.291,2000
2020-09-28 09:25:00.080,3.291,50000
2020-09-28 09:25:00.080,3.291,1000
2020-09-28 09:25:00.080,3.291,100
2020-09-28 09:25:00.080,3.291,700
2020-09-28 09:25:00.080,3.291,100
2020-09-28 09:25:00.080,3.291,11300
2020-09-28 09:25:00.080,3.291,10000
2020-09-28 09:30:00.250,3.292,100
2020-09-28 09:30:00.250,3.292,300
2020-09-28 09:30:00.250,3.292,600
2020-09-28 09:30:00.280,3.292,400
2020-09-28 09:30:00.280,3.292,900
2020-09-28 09:30:00.280,3.292,10000
2020-09-28 09:30:00.280,3.292,100
2020-09-28 09:30:00.280,3.292,1000
2020-09-28 09:30:00.280,3.292,10000
2020-09-28 09:30:00.400,3.292,5000
2020-09-28 09:30:00.400,3.293,100
2020-09-28 09:30:00.440,3.292,18000
2020-09-28 09:30:00.440,3.292,6000
2020-09-28 09:30:00.500,3.292,2200
2020-09-28 09:30:00.500,3.292,600
2020-09-28 09:30:00.500,3.292,6100
2020-09-28 09:30:00.500,3.292,81100
2020-09-28 09:30:00.500,3.292,4900
2020-09-28 09:30:00.500,3.292,10000
2020-09-28 09:30:00.500,3.291,19600
2020-09-28 09:30:00.500,3.293,900
2020-09-28 09:30:00.500,3.293,2700
2020-09-28 09:30:00.500,3.293,100
2020-09-28 09:30:00.500,3.293,300
2020-09-28 09:30:00.500,3.293,1000
2020-09-28 09:30:00.500,3.293,5000
2020-09-28 09:30:00.500,3.292,2000
2020-09-28 09:30:00.500,3.291,8100
2020-09-28 09:30:00.500,3.293,2400
2020-09-28 09:30:00.500,3.291,3000
2020-09-28 09:30:00.590,3.292,500
2020-09-28 09:30:00.590,3.292,18500
2020-09-28 09:30:00.590,3.292,18000
2020-09-28 09:30:00.590,3.291,63000
2020-09-28 09:30:00.590,3.292,6800
2020-09-28 09:30:00.590,3.292,300
2020-09-28 09:30:00.690,3.292,500
2020-09-28 09:30:00.820,3.292,8000
2020-09-28 09:30:00.820,3.292,19200
2020-09-28 09:30:00.820,3.292,64800
2020-09-28 09:30:00.820,3.292,35200
2020-09-28 09:30:00.820,3.292,3000
2020-09-28 09:30:00.820,3.292,16000
2020-09-28 09:30:00.820,3.292,10500
2020-09-28 09:30:00.820,3.292,10600
2020-09-28 09:30:00.820,3.292,10000
2020-09-28 09:30:00.820,3.292,1000
2020-09-28 09:30:00.820,3.291,64700
2020-09-28 09:30:00.950,3.292,10000
2020-09-28 09:30:00.950,3.293,700
2020-09-28 09:30:00.950,3.291,1000
2020-09-28 09:30:00.950,3.291,6000
2020-09-28 09:30:01.080,3.292,5000
2020-09-28 09:30:01.080,3.292,15000
2020-09-28 09:30:01.080,3.292,5000
2020-09-28 09:30:01.080,3.292,200
2020-09-28 09:30:01.080,3.293,600
2020-09-28 09:30:01.080,3.293,1300
2020-09-28 09:30:01.080,3.293,3300
2020-09-28 09:30:01.170,3.293,300
2020-09-28 09:30:01.250,3.293,73800
2020-09-28 09:30:01.460,3.292,1000
2020-09-28 09:30:01.500,3.292,10000
2020-09-28 09:30:01.550,3.292,2000
2020-09-28 09:30:01.550,3.292,11800
2020-09-28 09:30:01.550,3.292,200
2020-09-28 09:30:01.590,3.293,600
2020-09-28 09:30:01.670,3.292,4800
2020-09-28 09:30:01.670,3.292,3000
2020-09-28 09:30:01.670,3.292,2000
2020-09-28 09:30:01.670,3.292,8200
2020-09-28 09:30:01.670,3.292,1000
2020-09-28 09:30:01.670,3.292,31000
2020-09-28 09:30:01.670,3.292,5800
2020-09-28 09:30:01.670,3.292,14200
2020-09-28 09:30:01.710,3.293,12000
2020-09-28 09:30:01.710,3.293,15000
2020-09-28 09:30:01.710,3.293,11000
2020-09-28 09:30:01.710,3.292,10000
2020-09-28 09:30:01.790,3.292,100
2020-09-28 09:30:01.920,3.293,4000
2020-09-28 09:30:01.920,3.293,9500
2020-09-28 09:30:02.040,3.293,500
2020-09-28 09:30:02.040,3.293,100
2020-09-28 09:30:02.040,3.292,5000
2020-09-28 09:30:02.180,3.292,7000
2020-09-28 09:30:02.390,3.293,1500
2020-09-28 09:30:02.390,3.293,500
2020-09-28 09:30:02.390,3.293,100
2020-09-28 09:30:02.390,3.293,2900
2020-09-28 09:30:02.390,3.292,400
2020-09-28 09:30:02.570,3.292,100
2020-09-28 09:30:02.610,3.293,3000
2020-09-28 09:30:02.610,3.294,100
2020-09-28 09:30:02.610,3.294,100
2020-09-28 09:30:02.610,3.294,100
2020-09-28 09:30:02.610,3.294,500
2020-09-28 09:30:02.610,3.294,1000
2020-09-28 09:30:02.610,3.294,1000
2020-09-28 09:30:02.610,3.294,10000
2020-09-28 09:30:02.610,3.294,100
2020-09-28 09:30:02.610,3.294,10000
2020-09-28 09:30:02.610,3.294,4000
2020-09-28 09:30:02.610,3.294,4000
2020-09-28 09:30:02.610,3.294,1000
2020-09-28 09:30:02.610,3.294,100
2020-09-28 09:30:02.610,3.294,100
2020-09-28 09:30:02.610,3.294,10000
2020-09-28 09:30:02.610,3.294,400
2020-09-28 09:30:02.610,3.294,100
2020-09-28 09:30:02.610,3.294,1900
2020-09-28 09:30:02.610,3.294,1500
2020-09-28 09:30:02.610,3.294,600
2020-09-28 09:30:02.610,3.295,100
2020-09-28 09:30:02.610,3.295,1000
2020-09-28 09:30:02.610,3.295,2000
2020-09-28 09:30:02.610,3.295,3000
2020-09-28 09:30:02.610,3.295,10000
2020-09-28 09:30:02.610,3.295,10000
2020-09-28 09:30:02.610,3.295,2000
2020-09-28 09:30:02.610,3.295,500
2020-09-28 09:30:02.610,3.295,10000
2020-09-28 09:30:02.610,3.295,10000
2020-09-28 09:30:02.610,3.295,1000
2020-09-28 09:30:02.610,3.295,1000
2020-09-28 09:30:02.610,3.295,9000
2020-09-28 09:30:02.610,3.295,3300
2020-09-28 09:30:02.610,3.295,10000
2020-09-28 09:30:02.610,3.295,100
2020-09-28 09:30:02.610,3.295,5000
2020-09-28 09:30:02.610,3.295,500
2020-09-28 09:30:02.610,3.295,128800
2020-09-28 09:30:02.610,3.293,5000
2020-09-28 09:30:02.770,3.292,1000
2020-09-28 09:30:02.810,3.292,10000
2020-09-28 09:30:02.850,3.292,10000
2020-09-28 09:30:02.930,3.293,3000
2020-09-28 09:30:03.150,3.293,24200
2020-09-28 09:30:03.230,3.292,20000
2020-09-28 09:30:03.260,3.293,1700
2020-09-28 09:30:03.300,3.293,121400
2020-09-28 09:30:03.330,3.293,2000
2020-09-28 09:30:03.600,3.293,476600
2020-09-28 09:30:03.600,3.292,22200
2020-09-28 09:30:03.600,3.292,1200
2020-09-28 09:30:03.930,3.293,30000
2020-09-28 09:30:03.930,3.293,1400
2020-09-28 09:30:04.000,3.293,68600
2020-09-28 09:30:04.000,3.294,2900
2020-09-28 09:30:04.000,3.294,5000
2020-09-28 09:30:04.000,3.294,200
2020-09-28 09:30:04.110,3.294,400
2020-09-28 09:30:04.110,3.294,100
2020-09-28 09:30:04.310,3.294,700
2020-09-28 09:30:04.350,3.294,12100
2020-09-28 09:30:04.350,3.294,10000
2020-09-28 09:30:04.380,3.294,10000
2020-09-28 09:30:04.410,3.293,100
2020-09-28 09:30:04.510,3.292,1000
2020-09-28 09:30:04.690,3.293,400
2020-09-28 09:30:04.760,3.293,10000
2020-09-28 09:30:05.010,3.292,10900
2020-09-28 09:30:05.190,3.293,89500
2020-09-28 09:30:05.190,3.293,10000
2020-09-28 09:30:05.190,3.293,1800
2020-09-28 09:30:05.190,3.293,3300
2020-09-28 09:30:05.190,3.293,100
2020-09-28 09:30:05.290,3.293,3100
2020-09-28 09:30:05.700,3.293,100
2020-09-28 09:30:05.730,3.294,300
2020-09-28 09:30:06.020,3.293,10000
2020-09-28 09:30:06.180,3.294,10000
2020-09-28 09:30:06.330,3.294,10000
2020-09-28 09:30:06.910,3.293,300
2020-09-28 09:30:07.100,3.294,10000
2020-09-28 09:30:07.870,3.294,100000
2020-09-28 09:30:08.450,3.294,11100
2020-09-28 09:30:08.450,3.294,5000
2020-09-28 09:30:09.040,3.295,20000
2020-09-28 09:30:12.030,3.294,1800
2020-09-28 09:30:12.030,3.294,800
2020-09-28 09:30:12.060,3.295,1200
2020-09-28 09:30:12.060,3.295,10000
2020-09-28 09:30:12.060,3.295,10000
2020-09-28 09:30:12.060,3.295,1000
2020-09-28 09:30:12.060,3.295,10000
2020-09-28 09:30:12.060,3.295,5000
2020-09-28 09:30:12.060,3.295,5000
2020-09-28 09:30:12.060,3.295,21100
2020-09-28 09:30:12.060,3.295,10000
2020-09-28 09:30:12.060,3.295,50000
2020-09-28 09:30:12.060,3.295,6000
2020-09-28 09:30:12.060,3.295,10000
2020-09-28 09:30:12.060,3.295,200
2020-09-28 09:30:12.060,3.296,100
2020-09-28 09:30:12.060,3.296,1000
2020-09-28 09:30:12.060,3.296,900
2020-09-28 09:30:12.060,3.296,3700
2020-09-28 09:30:12.060,3.296,5100
2020-09-28 09:30:12.060,3.296,1000
2020-09-28 09:30:12.060,3.296,500
2020-09-28 09:30:12.060,3.296,50000
2020-09-28 09:30:12.060,3.296,100
2020-09-28 09:30:12.060,3.296,13100
2020-09-28 09:30:12.060,3.296,6000
2020-09-28 09:30:12.060,3.296,10000
2020-09-28 09:30:12.060,3.296,30000
2020-09-28 09:30:12.060,3.296,500
2020-09-28 09:30:12.060,3.296,15000
2020-09-28 09:30:12.060,3.296,300
2020-09-28 09:30:12.060,3.296,5700
2020-09-28 09:30:12.060,3.296,17500
2020-09-28 09:30:12.880,3.295,600
2020-09-28 09:30:12.880,3.294,900
2020-09-28 09:30:13.180,3.295,100
2020-09-28 09:30:13.860,3.295,200
2020-09-28 09:30:17.330,3.295,6000
2020-09-28 09:30:17.480,3.295,5000
2020-09-28 09:30:17.570,3.295,2000
2020-09-28 09:30:18.880,3.295,400
2020-09-28 09:30:19.150,3.295,400
2020-09-28 09:30:19.470,3.295,3000
2020-09-28 09:30:19.640,3.295,10000
2020-09-28 09:30:20.090,3.296,12500
2020-09-28 09:30:20.090,3.296,600
2020-09-28 09:30:20.090,3.296,2500
2020-09-28 09:30:20.090,3.296,6000
2020-09-28 09:30:20.090,3.296,3000
2020-09-28 09:30:20.090,3.296,10000
2020-09-28 09:30:20.090,3.296,10000
2020-09-28 09:30:20.090,3.296,700
2020-09-28 09:30:20.090,3.296,10000
2020-09-28 09:30:20.090,3.296,100000
2020-09-28 09:30:20.090,3.296,500
2020-09-28 09:30:20.090,3.296,100
2020-09-28 09:30:20.090,3.296,1000
2020-09-28 09:30:20.470,3.297,100
2020-09-28 09:30:20.470,3.297,100
2020-09-28 09:30:20.470,3.297,300
2020-09-28 09:30:20.470,3.297,500
2020-09-28 09:30:20.470,3.297,13400
2020-09-28 09:30:20.470,3.297,10000
2020-09-28 09:30:20.470,3.297,1000
2020-09-28 09:30:20.470,3.297,2000
2020-09-28 09:30:20.470,3.297,3800
2020-09-28 09:30:20.470,3.297,100
2020-09-28 09:30:20.470,3.297,3100
2020-09-28 09:30:20.470,3.297,3100
2020-09-28 09:30:20.470,3.297,3100
2020-09-28 09:30:20.470,3.297,3100
2020-09-28 09:30:20.470,3.297,10000
2020-09-28 09:30:20.470,3.297,100
2020-09-28 09:30:20.470,3.297,7200
2020-09-28 09:30:20.470,3.297,6000
2020-09-28 09:30:20.470,3.297,5000
2020-09-28 09:30:20.470,3.297,20000
2020-09-28 09:30:20.470,3.297,3000
2020-09-28 09:30:20.470,3.297,5000
2020-09-28 09:30:20.470,3.297,20000
2020-09-28 09:30:20.470,3.297,1500
2020-09-28 09:30:20.470,3.297,20000
2020-09-28 09:30:20.470,3.297,2800
2020-09-28 09:30:20.470,3.297,200
2020-09-28 09:30:20.470,3.297,2000
2020-09-28 09:30:20.470,3.297,1800
2020-09-28 09:30:20.890,3.297,10000
2020-09-28 09:30:21.010,3.297,20000
2020-09-28 09:30:21.570,3.297,5000
2020-09-28 09:30:21.720,3.298,100
2020-09-28 09:30:21.720,3.298,1100
2020-09-28 09:30:22.260,3.297,25300
2020-09-28 09:30:22.690,3.297,3000
2020-09-28 09:30:23.480,3.297,2000
2020-09-28 09:30:23.570,3.297,100
2020-09-28 09:30:24.100,3.297,5000
2020-09-28 09:30:24.250,3.297,81300
2020-09-28 09:30:24.930,3.297,1000
2020-09-28 09:30:25.380,3.297,4700
2020-09-28 09:30:25.890,3.296,20200
2020-09-28 09:30:25.890,3.296,15200
2020-09-28 09:30:25.890,3.296,11100
2020-09-28 09:30:25.890,3.297,1600
2020-09-28 09:30:26.310,3.297,60700
2020-09-28 09:30:26.390,3.297,20000
2020-09-28 09:30:26.390,3.296,2000
2020-09-28 09:30:27.270,3.297,10000
2020-09-28 09:30:27.450,3.297,10000
2020-09-28 09:30:27.630,3.297,10000
2020-09-28 09:30:27.690,3.296,6900
2020-09-28 09:30:27.690,3.296,300
2020-09-28 09:30:27.690,3.296,42800
2020-09-28 09:30:27.690,3.296,10000
2020-09-28 09:30:27.900,3.297,10000
2020-09-28 09:30:28.250,3.297,7700
2020-09-28 09:30:28.250,3.297,2300
2020-09-28 09:30:28.510,3.297,10000
2020-09-28 09:30:28.850,3.296,600
2020-09-28 09:30:29.080,3.297,1100
2020-09-28 09:30:29.080,3.297,3000
2020-09-28 09:30:29.080,3.297,2000
2020-09-28 09:30:29.080,3.297,120300
2020-09-28 09:30:29.080,3.297,6000
2020-09-28 09:30:29.080,3.297,3000
2020-09-28 09:30:29.080,3.297,48400
2020-09-28 09:30:29.080,3.298,43900
2020-09-28 09:30:29.080,3.298,2000
2020-09-28 09:30:29.080,3.298,200
2020-09-28 09:30:29.080,3.298,60000
2020-09-28 09:30:29.080,3.298,4500
2020-09-28 09:30:29.080,3.298,5600
2020-09-28 09:30:29.110,3.298,800
2020-09-28 09:30:29.110,3.298,100
2020-09-28 09:30:29.110,3.298,100
2020-09-28 09:30:29.110,3.298,5000
2020-09-28 09:30:29.110,3.298,1000
2020-09-28 09:30:29.110,3.298,100
2020-09-28 09:30:29.110,3.298,200
2020-09-28 09:30:29.110,3.298,5000
2020-09-28 09:30:29.110,3.298,3000
2020-09-28 09:30:29.110,3.298,5000
2020-09-28 09:30:29.110,3.298,3100
2020-09-28 09:30:29.110,3.298,12100
2020-09-28 09:30:29.110,3.298,3100
2020-09-28 09:30:29.110,3.298,600
2020-09-28 09:30:29.110,3.298,5000
2020-09-28 09:30:29.110,3.298,3100
2020-09-28 09:30:29.110,3.298,3100
2020-09-28 09:30:29.110,3.298,10000
2020-09-28 09:30:29.110,3.298,1000
2020-09-28 09:30:29.110,3.298,20000
2020-09-28 09:30:29.110,3.298,700
2020-09-28 09:30:29.110,3.298,5000
2020-09-28 09:30:29.110,3.298,400
2020-09-28 09:30:29.110,3.298,3500
2020-09-28 09:30:29.620,3.297,2000
2020-09-28 09:30:30.660,3.297,1000
2020-09-28 09:30:30.930,3.297,500
2020-09-28 09:30:31.050,3.298,6500
2020-09-28 09:30:31.050,3.298,3000
2020-09-28 09:30:31.050,3.298,1000
2020-09-28 09:30:31.050,3.298,15000
2020-09-28 09:30:31.050,3.298,100
2020-09-28 09:30:31.050,3.299,100
2020-09-28 09:30:31.050,3.299,2000
2020-09-28 09:30:31.050,3.299,6000
2020-09-28 09:30:31.050,3.299,5000
2020-09-28 09:30:31.050,3.299,10000
2020-09-28 09:30:31.050,3.299,5000
2020-09-28 09:30:31.050,3.299,500
2020-09-28 09:30:31.050,3.299,300
2020-09-28 09:30:31.050,3.299,200
2020-09-28 09:30:31.050,3.299,3000
2020-09-28 09:30:31.050,3.299,1000
2020-09-28 09:30:31.050,3.299,300
2020-09-28 09:30:31.050,3.299,6000
2020-09-28 09:30:31.050,3.299,5000
2020-09-28 09:30:31.050,3.299,33700
2020-09-28 09:30:31.050,3.299,196300
2020-09-28 09:30:31.170,3.298,20000
2020-09-28 09:30:31.170,3.297,17300
2020-09-28 09:30:31.560,3.298,10000
2020-09-28 09:30:31.650,3.298,5000
2020-09-28 09:30:32.150,3.298,30000
2020-09-28 09:30:32.180,3.299,83700
2020-09-28 09:30:32.180,3.299,12800
2020-09-28 09:30:32.180,3.299,1100
2020-09-28 09:30:32.180,3.299,2000
2020-09-28 09:30:32.180,3.299,10000
2020-09-28 09:30:32.180,3.299,2500
2020-09-28 09:30:32.180,3.299,7000
2020-09-28 09:30:32.180,3.299,2000
2020-09-28 09:30:32.180,3.299,7500
2020-09-28 09:30:32.180,3.299,30000
2020-09-28 09:30:32.180,3.299,5000
2020-09-28 09:30:32.180,3.299,5000
2020-09-28 09:30:32.180,3.299,200
2020-09-28 09:30:32.180,3.299,10000
2020-09-28 09:30:32.180,3.299,11900
2020-09-28 09:30:32.180,3.299,600
2020-09-28 09:30:32.180,3.299,20000
2020-09-28 09:30:32.180,3.299,5000
2020-09-28 09:30:32.180,3.299,20000
2020-09-28 09:30:32.180,3.299,15000
2020-09-28 09:30:32.180,3.299,300
2020-09-28 09:30:32.180,3.299,10000
2020-09-28 09:30:32.180,3.299,5100
2020-09-28 09:30:32.180,3.299,33300
2020-09-28 09:30:32.390,3.299,20000
2020-09-28 09:30:32.450,3.298,2000
2020-09-28 09:30:33.050,3.298,1200
2020-09-28 09:30:33.290,3.298,2000
2020-09-28 09:30:33.380,3.298,1000
2020-09-28 09:30:33.380,3.299,46700
2020-09-28 09:30:33.380,3.299,100
2020-09-28 09:30:33.380,3.299,10000
2020-09-28 09:30:33.380,3.299,120000
2020-09-28 09:30:33.410,3.299,3300
2020-09-28 09:30:34.480,3.299,800
2020-09-28 09:30:34.590,3.299,10000
2020-09-28 09:30:35.780,3.299,2000
2020-09-28 09:30:35.840,3.299,5000
2020-09-28 09:30:36.690,3.299,600
2020-09-28 09:30:36.750,3.299,100
2020-09-28 09:30:36.870,3.3,200
2020-09-28 09:30:36.870,3.3,1600
2020-09-28 09:30:36.870,3.3,5000
2020-09-28 09:30:36.870,3.3,1000
2020-09-28 09:30:36.870,3.3,400
2020-09-28 09:30:36.870,3.3,100
2020-09-28 09:30:36.870,3.3,7000
2020-09-28 09:30:36.870,3.3,1300
2020-09-28 09:30:36.870,3.3,100
2020-09-28 09:30:36.870,3.3,10000
2020-09-28 09:30:36.870,3.3,5000
2020-09-28 09:30:36.870,3.3,68300
2020-09-28 09:30:36.960,3.3,2100
2020-09-28 09:30:36.960,3.3,100
2020-09-28 09:30:36.960,3.3,2500
2020-09-28 09:30:36.960,3.3,300
2020-09-28 09:30:36.960,3.3,900
2020-09-28 09:30:37.770,3.299,4200
2020-09-28 09:30:37.770,3.299,10000
2020-09-28 09:30:37.770,3.299,5800
2020-09-28 09:30:37.860,3.299,25000
2020-09-28 09:30:38.320,3.299,3000
2020-09-28 09:30:38.900,3.299,10000
2020-09-28 09:30:39.020,3.299,100
2020-09-28 09:30:41.220,3.299,5400
2020-09-28 09:30:41.310,3.299,600
2020-09-28 09:30:41.450,3.3,9100
2020-09-28 09:30:41.450,3.3,4500
2020-09-28 09:30:41.450,3.3,500
2020-09-28 09:30:41.450,3.3,1000
2020-09-28 09:30:41.450,3.3,500
2020-09-28 09:30:41.450,3.3,15000
2020-09-28 09:30:41.450,3.3,3000
2020-09-28 09:30:41.450,3.3,15000
2020-09-28 09:30:41.450,3.3,500
2020-09-28 09:30:41.450,3.3,7500
2020-09-28 09:30:41.450,3.3,20000
2020-09-28 09:30:41.450,3.3,4000
2020-09-28 09:30:41.450,3.3,1200
2020-09-28 09:30:41.450,3.299,2200
2020-09-28 09:30:42.620,3.299,300
2020-09-28 09:30:42.840,3.299,300
2020-09-28 09:30:43.060,3.299,1700
2020-09-28 09:30:43.240,3.299,7500
2020-09-28 09:30:43.390,3.3,1800
2020-09-28 09:30:43.390,3.3,10000
2020-09-28 09:30:43.390,3.3,4300
2020-09-28 09:30:43.390,3.3,100
2020-09-28 09:30:43.390,3.3,3200
2020-09-28 09:30:43.390,3.3,600
2020-09-28 09:30:43.390,3.3,3000
2020-09-28 09:30:43.390,3.3,200
2020-09-28 09:30:43.390,3.3,1000
2020-09-28 09:30:43.390,3.3,200
2020-09-28 09:30:43.390,3.3,9000
2020-09-28 09:30:43.390,3.3,10000
2020-09-28 09:30:43.390,3.3,2000
2020-09-28 09:30:43.390,3.3,15000
2020-09-28 09:30:43.390,3.3,18600
2020-09-28 09:30:43.390,3.3,400
2020-09-28 09:30:43.390,3.3,500
2020-09-28 09:30:43.390,3.3,1000
2020-09-28 09:30:43.390,3.3,10000
2020-09-28 09:30:43.390,3.3,5000
2020-09-28 09:30:43.390,3.3,10000
2020-09-28 09:30:43.390,3.3,5000
2020-09-28 09:30:43.390,3.3,300
2020-09-28 09:30:43.390,3.3,1800
2020-09-28 09:30:43.390,3.3,1000
2020-09-28 09:30:43.390,3.3,1600
2020-09-28 09:30:43.390,3.3,50000
2020-09-28 09:30:43.390,3.3,2000
2020-09-28 09:30:43.390,3.3,1500
2020-09-28 09:30:43.390,3.3,100
2020-09-28 09:30:43.390,3.3,1000
2020-09-28 09:30:43.390,3.3,300
2020-09-28 09:30:43.390,3.3,2500
2020-09-28 09:30:43.390,3.3,23000
2020-09-28 09:30:43.390,3.3,6000
2020-09-28 09:30:43.390,3.3,10000
2020-09-28 09:30:43.420,3.301,200
2020-09-28 09:30:43.420,3.301,5000
2020-09-28 09:30:43.420,3.301,1000
2020-09-28 09:30:43.420,3.301,5000
2020-09-28 09:30:43.420,3.301,100
2020-09-28 09:30:43.420,3.301,2500
2020-09-28 09:30:43.420,3.301,1000
2020-09-28 09:30:43.420,3.301,100
2020-09-28 09:30:43.420,3.301,9900
2020-09-28 09:30:43.420,3.301,1000
2020-09-28 09:30:43.420,3.301,6000
2020-09-28 09:30:43.420,3.301,3100
2020-09-28 09:30:43.420,3.301,3100
2020-09-28 09:30:43.420,3.301,3100
2020-09-28 09:30:43.420,3.301,3100
2020-09-28 09:30:43.420,3.301,10000
2020-09-28 09:30:43.420,3.301,100
2020-09-28 09:30:43.420,3.301,1000
2020-09-28 09:30:43.420,3.301,500
2020-09-28 09:30:43.420,3.301,5100
2020-09-28 09:30:43.420,3.301,6000
2020-09-28 09:30:43.420,3.301,3900
2020-09-28 09:30:43.420,3.301,29200
2020-09-28 09:30:43.890,3.3,100
2020-09-28 09:30:44.250,3.3,12000
2020-09-28 09:30:44.250,3.3,200
2020-09-28 09:30:44.280,3.3,20400
2020-09-28 09:30:45.050,3.3,13400
2020-09-28 09:30:45.430,3.3,1000
2020-09-28 09:30:45.480,3.3,700
2020-09-28 09:30:46.430,3.299,6000
2020-09-28 09:30:46.750,3.3,3000
2020-09-28 09:30:47.350,3.3,200
2020-09-28 09:30:47.380,3.3,1000
2020-09-28 09:30:47.520,3.301,1700
2020-09-28 09:30:47.520,3.301,100
2020-09-28 09:30:48.090,3.3,2000
2020-09-28 09:30:49.080,3.3,3800
2020-09-28 09:30:49.450,3.3,1100
2020-09-28 09:30:49.450,3.3,13400
2020-09-28 09:30:49.940,3.3,1900
2020-09-28 09:30:50.330,3.3,6100
2020-09-28 09:30:50.890,3.3,23600
2020-09-28 09:30:50.890,3.3,400
2020-09-28 09:30:50.890,3.3,23300
2020-09-28 09:30:51.040,3.3,200
2020-09-28 09:30:52.040,3.299,10000
2020-09-28 09:30:52.040,3.299,8400
2020-09-28 09:30:52.040,3.299,2000
2020-09-28 09:30:52.040,3.3,500
2020-09-28 09:30:52.290,3.298,238000
2020-09-28 09:30:53.270,3.299,2900
2020-09-28 09:30:53.720,3.297,6500
2020-09-28 09:30:53.720,3.296,1000
2020-09-28 09:30:53.720,3.296,3300
2020-09-28 09:30:53.720,3.296,500
2020-09-28 09:30:53.720,3.295,88700
2020-09-28 09:30:54.330,3.299,22100
2020-09-28 09:30:54.330,3.3,55500
2020-09-28 09:30:55.800,3.297,5000
2020-09-28 09:30:56.390,3.299,10000
2020-09-28 09:30:57.000,3.298,100000
2020-09-28 09:30:59.440,3.298,30000
2020-09-28 09:31:00.040,3.298,4600
2020-09-28 09:31:00.300,3.298,10000
2020-09-28 09:31:01.330,3.297,15000
2020-09-28 09:31:01.330,3.297,5000
2020-09-28 09:31:01.860,3.297,7500
2020-09-28 09:31:02.110,3.297,1700
2020-09-28 09:31:02.330,3.297,20000
2020-09-28 09:31:02.450,3.297,5800
2020-09-28 09:31:02.450,3.297,11600
2020-09-28 09:31:02.480,3.297,2000
2020-09-28 09:31:03.010,3.298,30000
2020-09-28 09:31:03.380,3.297,2200
2020-09-28 09:31:04.880,3.297,11800
2020-09-28 09:31:04.880,3.297,400
2020-09-28 09:31:04.910,3.297,2000
2020-09-28 09:31:05.270,3.297,5800
2020-09-28 09:31:05.980,3.297,100
2020-09-28 09:31:05.980,3.297,1000
2020-09-28 09:31:05.980,3.298,9000
2020-09-28 09:31:05.980,3.298,5000
2020-09-28 09:31:05.980,3.298,10000
2020-09-28 09:31:06.400,3.298,20300
2020-09-28 09:31:06.950,3.298,4000
2020-09-28 09:31:07.220,3.298,25000
2020-09-28 09:31:07.340,3.298,100
2020-09-28 09:31:07.520,3.298,9000
2020-09-28 09:31:07.700,3.298,10000
2020-09-28 09:31:07.760,3.298,2800
2020-09-28 09:31:08.590,3.298,203700
2020-09-28 09:31:08.680,3.297,20000
2020-09-28 09:31:08.770,3.298,700
2020-09-28 09:31:08.970,3.296,20000
2020-09-28 09:31:08.970,3.296,24800
2020-09-28 09:31:08.970,3.297,19300
2020-09-28 09:31:08.970,3.299,600
2020-09-28 09:31:08.970,3.299,40100
2020-09-28 09:31:09.020,3.296,6000
2020-09-28 09:31:09.330,3.297,1900
2020-09-28 09:31:09.420,3.296,5000
2020-09-28 09:31:10.750,3.296,1500
2020-09-28 09:31:10.920,3.297,11900
2020-09-28 09:31:10.920,3.297,1500
2020-09-28 09:31:10.920,3.297,100
2020-09-28 09:31:11.280,3.297,2000
2020-09-28 09:31:11.470,3.297,200
2020-09-28 09:31:11.590,3.297,4300
2020-09-28 09:31:12.000,3.296,75000
2020-09-28 09:31:13.750,3.296,5500
2020-09-28 09:31:13.870,3.297,10000
2020-09-28 09:31:14.390,3.297,400
2020-09-28 09:31:14.670,3.297,10000
2020-09-28 09:31:14.670,3.298,2200
2020-09-28 09:31:14.700,3.297,9600
2020-09-28 09:31:14.820,3.297,17700
2020-09-28 09:31:14.820,3.298,23000
2020-09-28 09:31:14.820,3.298,1100
2020-09-28 09:31:14.820,3.298,10000
2020-09-28 09:31:14.820,3.299,9900
2020-09-28 09:31:14.820,3.299,1000
2020-09-28 09:31:14.820,3.299,2500
2020-09-28 09:31:14.820,3.299,9800
2020-09-28 09:31:15.400,3.297,2000
2020-09-28 09:31:15.750,3.297,4100
2020-09-28 09:31:15.870,3.298,1000
2020-09-28 09:31:15.870,3.298,5000
2020-09-28 09:31:15.870,3.298,3900
2020-09-28 09:31:15.870,3.299,600
2020-09-28 09:31:15.870,3.299,9000
2020-09-28 09:31:15.870,3.299,1000
2020-09-28 09:31:15.870,3.299,800
2020-09-28 09:31:15.870,3.299,11400
2020-09-28 09:31:15.870,3.299,1000
2020-09-28 09:31:15.870,3.299,3000
2020-09-28 09:31:15.870,3.299,10000
2020-09-28 09:31:15.870,3.299,12000
2020-09-28 09:31:15.870,3.299,41300
2020-09-28 09:31:16.330,3.297,200
2020-09-28 09:31:17.080,3.297,3600
2020-09-28 09:31:17.160,3.297,100
2020-09-28 09:31:17.160,3.297,12000
2020-09-28 09:31:18.460,3.297,28000
2020-09-28 09:31:18.460,3.297,67000
2020-09-28 09:31:18.880,3.297,20000
2020-09-28 09:31:19.590,3.298,2000
2020-09-28 09:31:19.590,3.298,2000
2020-09-28 09:31:19.590,3.298,1000
2020-09-28 09:31:20.260,3.298,15000
2020-09-28 09:31:20.320,3.298,3100
2020-09-28 09:31:20.320,3.297,1200
2020-09-28 09:31:20.610,3.297,21500
2020-09-28 09:31:21.010,3.299,200
2020-09-28 09:31:21.010,3.299,5000
2020-09-28 09:31:21.010,3.299,2000
2020-09-28 09:31:21.010,3.299,8000
2020-09-28 09:31:21.010,3.299,5400
2020-09-28 09:31:21.010,3.299,30300
2020-09-28 09:31:21.010,3.299,49100
2020-09-28 09:31:21.010,3.299,900
2020-09-28 09:31:21.010,3.299,4000
2020-09-28 09:31:21.010,3.299,3000
2020-09-28 09:31:21.010,3.299,100
2020-09-28 09:31:21.010,3.299,100
2020-09-28 09:31:21.010,3.299,16300
2020-09-28 09:31:21.010,3.299,1200
2020-09-28 09:31:21.010,3.299,4400
2020-09-28 09:31:21.010,3.299,5600
2020-09-28 09:31:21.010,3.299,10000
2020-09-28 09:31:21.010,3.299,1500
2020-09-28 09:31:21.010,3.299,22900
2020-09-28 09:31:21.010,3.299,70000
2020-09-28 09:31:21.010,3.299,10000
2020-09-28 09:31:21.010,3.299,100000
2020-09-28 09:31:21.380,3.298,1000
2020-09-28 09:31:21.910,3.298,30000
2020-09-28 09:31:22.660,3.298,7500
2020-09-28 09:31:22.720,3.298,1500
2020-09-28 09:31:22.720,3.298,20000
2020-09-28 09:31:22.720,3.297,4200
2020-09-28 09:31:22.860,3.297,500
2020-09-28 09:31:23.460,3.299,10000
2020-09-28 09:31:23.460,3.299,6000
2020-09-28 09:31:23.460,3.299,10000
2020-09-28 09:31:23.460,3.299,3100
2020-09-28 09:31:24.010,3.299,26900
2020-09-28 09:31:24.010,3.299,3400
2020-09-28 09:31:24.010,3.299,9700
2020-09-28 09:31:25.330,3.298,1000
2020-09-28 09:31:25.810,3.298,4000
2020-09-28 09:31:25.890,3.299,100
2020-09-28 09:31:26.470,3.298,3000
2020-09-28 09:31:26.620,3.298,8000
2020-09-28 09:31:26.830,3.298,20800
2020-09-28 09:31:26.980,3.299,10000
2020-09-28 09:31:27.020,3.298,3200
2020-09-28 09:31:27.020,3.298,300
2020-09-28 09:31:27.020,3.298,5500
2020-09-28 09:31:27.440,3.298,14500
2020-09-28 09:31:27.440,3.297,115600
2020-09-28 09:31:27.440,3.297,20000
2020-09-28 09:31:27.440,3.297,20000
2020-09-28 09:31:27.440,3.297,3000
2020-09-28 09:31:27.440,3.297,40000
2020-09-28 09:31:27.440,3.297,7700
2020-09-28 09:31:27.440,3.297,6000
2020-09-28 09:31:27.440,3.297,9000
2020-09-28 09:31:27.440,3.297,91500
2020-09-28 09:31:28.440,3.296,5000
2020-09-28 09:31:29.160,3.297,60700
2020-09-28 09:31:29.400,3.297,112000
2020-09-28 09:31:29.400,3.297,12700
2020-09-28 09:31:29.590,3.297,2000
2020-09-28 09:31:30.020,3.298,10000
2020-09-28 09:31:30.020,3.298,20000
2020-09-28 09:31:30.050,3.298,500
2020-09-28 09:31:30.750,3.297,1500
2020-09-28 09:31:31.190,3.297,8000
2020-09-28 09:31:31.520,3.298,9500
2020-09-28 09:31:31.520,3.298,7200
2020-09-28 09:31:31.580,3.298,100
2020-09-28 09:31:31.730,3.298,30500
2020-09-28 09:31:32.730,3.298,1000
2020-09-28 09:31:32.990,3.299,5200
2020-09-28 09:31:32.990,3.299,200
2020-09-28 09:31:32.990,3.299,1600
2020-09-28 09:31:32.990,3.299,4500
2020-09-28 09:31:32.990,3.299,5000
2020-09-28 09:31:32.990,3.299,500
2020-09-28 09:31:32.990,3.299,30000
2020-09-28 09:31:32.990,3.299,53000
2020-09-28 09:31:32.990,3.299,30000
2020-09-28 09:31:33.990,3.297,7300
2020-09-28 09:31:34.910,3.297,10000
2020-09-28 09:31:34.910,3.297,2700
2020-09-28 09:31:34.910,3.297,17300
2020-09-28 09:31:37.710,3.298,100
2020-09-28 09:31:38.160,3.297,10000
2020-09-28 09:31:38.640,3.298,3800
2020-09-28 09:31:38.640,3.298,2000
2020-09-28 09:31:38.640,3.298,10000
2020-09-28 09:31:38.640,3.298,4200
2020-09-28 09:31:38.900,3.297,7500
2020-09-28 09:31:39.480,3.297,3000
2020-09-28 09:31:39.880,3.297,8000
2020-09-28 09:31:40.230,3.297,11500
2020-09-28 09:31:40.230,3.297,3000
2020-09-28 09:31:40.230,3.297,13700
2020-09-28 09:31:40.260,3.297,600
2020-09-28 09:31:41.660,3.298,5800
2020-09-28 09:31:41.660,3.298,1000
2020-09-28 09:31:41.660,3.298,5000
2020-09-28 09:31:41.660,3.298,1800
2020-09-28 09:31:41.660,3.298,300
2020-09-28 09:31:41.660,3.298,6100
2020-09-28 09:31:41.690,3.297,1000
2020-09-28 09:31:43.020,3.297,4000
2020-09-28 09:31:43.260,3.297,700
2020-09-28 09:31:43.260,3.297,6100
2020-09-28 09:31:43.260,3.297,13000
2020-09-28 09:31:43.260,3.297,100
2020-09-28 09:31:43.950,3.297,1100
2020-09-28 09:31:44.090,3.297,12200
2020-09-28 09:31:44.600,3.297,10000
2020-09-28 09:31:45.910,3.297,10000
2020-09-28 09:31:47.230,3.297,800
2020-09-28 09:31:47.230,3.297,1200
2020-09-28 09:31:47.230,3.297,8800
2020-09-28 09:31:47.230,3.297,30000
2020-09-28 09:31:47.230,3.297,1200
2020-09-28 09:31:47.660,3.297,8900
2020-09-28 09:31:49.860,3.298,5900
2020-09-28 09:31:49.860,3.298,2100
2020-09-28 09:31:49.860,3.298,7700
2020-09-28 09:31:50.070,3.297,1000
2020-09-28 09:31:50.330,3.298,42300
2020-09-28 09:31:50.330,3.298,15000
2020-09-28 09:31:50.330,3.298,10000
2020-09-28 09:31:50.330,3.298,9100
2020-09-28 09:31:50.330,3.298,3600
2020-09-28 09:31:50.330,3.298,10000
2020-09-28 09:31:50.330,3.298,30000
2020-09-28 09:31:50.330,3.298,10000
2020-09-28 09:31:50.330,3.298,40000
2020-09-28 09:31:50.330,3.298,20000
2020-09-28 09:31:50.330,3.298,20000
2020-09-28 09:31:50.330,3.298,20000
2020-09-28 09:31:50.450,3.297,2500
2020-09-28 09:31:50.930,3.297,2000
2020-09-28 09:31:52.760,3.297,10000
2020-09-28 09:31:52.900,3.297,5500
2020-09-28 09:31:52.900,3.297,1000
2020-09-28 09:31:52.900,3.297,8800
2020-09-28 09:31:53.300,3.298,10000
2020-09-28 09:31:53.300,3.298,20000
2020-09-28 09:31:53.300,3.298,10000
2020-09-28 09:31:53.370,3.297,1200
2020-09-28 09:31:53.370,3.297,8800
2020-09-28 09:31:53.420,3.297,1200
2020-09-28 09:31:53.420,3.297,1000
2020-09-28 09:31:53.600,3.296,3000
2020-09-28 09:31:55.170,3.297,17800
2020-09-28 09:31:55.170,3.297,2200
2020-09-28 09:31:55.540,3.297,7200
2020-09-28 09:31:55.540,3.297,600
2020-09-28 09:31:55.540,3.297,11100
2020-09-28 09:31:56.280,3.298,6400
2020-09-28 09:31:56.280,3.298,3600
2020-09-28 09:31:56.310,3.297,22900
2020-09-28 09:31:56.760,3.297,100
2020-09-28 09:31:57.940,3.297,10000
2020-09-28 09:31:59.290,3.298,3900
2020-09-28 09:31:59.290,3.298,3900
2020-09-28 09:31:59.290,3.298,100
2020-09-28 09:31:59.290,3.298,100
2020-09-28 09:31:59.290,3.298,3000
2020-09-28 09:31:59.290,3.298,500
2020-09-28 09:31:59.290,3.298,8800
2020-09-28 09:31:59.290,3.298,49700
2020-09-28 09:32:00.440,3.297,1000
2020-09-28 09:32:00.440,3.297,1000
2020-09-28 09:32:00.440,3.297,8000
2020-09-28 09:32:00.730,3.297,4000
2020-09-28 09:32:00.820,3.297,2000
2020-09-28 09:32:02.330,3.298,50300
2020-09-28 09:32:02.330,3.298,29700
2020-09-28 09:32:02.330,3.298,34600
2020-09-28 09:32:02.330,3.298,7700
2020-09-28 09:32:02.330,3.298,5000
2020-09-28 09:32:02.330,3.298,1000
2020-09-28 09:32:02.330,3.298,41700
2020-09-28 09:32:03.300,3.298,3000
2020-09-28 09:32:04.120,3.297,1000
2020-09-28 09:32:04.120,3.297,1000
2020-09-28 09:32:04.120,3.297,1100
2020-09-28 09:32:05.020,3.298,50000
2020-09-28 09:32:05.730,3.297,1300
2020-09-28 09:32:05.730,3.297,248700
2020-09-28 09:32:06.060,3.298,4300
2020-09-28 09:32:07.970,3.298,1000
2020-09-28 09:32:07.970,3.298,99000
2020-09-28 09:32:08.030,3.297,1600
2020-09-28 09:32:08.030,3.297,4300
2020-09-28 09:32:08.060,3.298,1000
2020-09-28 09:32:08.060,3.298,2400
2020-09-28 09:32:08.060,3.298,1000
2020-09-28 09:32:08.060,3.298,5000
2020-09-28 09:32:08.060,3.298,20000
2020-09-28 09:32:08.230,3.298,200
2020-09-28 09:32:09.590,3.297,5000
2020-09-28 09:32:09.700,3.297,6000
2020-09-28 09:32:10.530,3.297,3000
2020-09-28 09:32:10.860,3.298,100000
2020-09-28 09:32:11.040,3.298,50000
2020-09-28 09:32:11.040,3.298,30000
2020-09-28 09:32:11.040,3.298,100000
2020-09-28 09:32:11.040,3.298,50000
2020-09-28 09:32:11.040,3.298,40000
2020-09-28 09:32:11.040,3.298,30000
2020-09-28 09:32:11.040,3.298,30000
2020-09-28 09:32:11.040,3.298,20000
2020-09-28 09:32:11.040,3.298,10000
2020-09-28 09:32:11.040,3.298,100000
2020-09-28 09:32:11.040,3.298,100000
2020-09-28 09:32:12.030,3.298,40000
2020-09-28 09:32:12.030,3.298,10000
2020-09-28 09:32:12.030,3.299,13400
2020-09-28 09:32:12.030,3.299,10000
2020-09-28 09:32:12.030,3.299,800
2020-09-28 09:32:12.030,3.299,1000
2020-09-28 09:32:12.030,3.299,10000
2020-09-28 09:32:12.030,3.299,3000
2020-09-28 09:32:12.030,3.299,3000
2020-09-28 09:32:12.030,3.299,100
2020-09-28 09:32:12.030,3.299,10000
2020-09-28 09:32:12.030,3.299,500
2020-09-28 09:32:12.030,3.299,100000
2020-09-28 09:32:12.030,3.299,3000
2020-09-28 09:32:12.030,3.299,5000
2020-09-28 09:32:12.030,3.299,12000
2020-09-28 09:32:12.030,3.299,200
2020-09-28 09:32:12.030,3.299,50000
2020-09-28 09:32:12.030,3.299,1500
2020-09-28 09:32:12.030,3.299,1000
2020-09-28 09:32:12.030,3.299,20000
2020-09-28 09:32:12.030,3.299,5500
2020-09-28 09:32:12.380,3.298,5000
2020-09-28 09:32:12.480,3.298,3100
2020-09-28 09:32:12.590,3.299,4500
2020-09-28 09:32:12.590,3.299,100000
2020-09-28 09:32:12.590,3.299,3300
2020-09-28 09:32:12.590,3.299,10000
2020-09-28 09:32:12.590,3.299,1500
2020-09-28 09:32:12.590,3.299,5000
2020-09-28 09:32:12.590,3.299,2000
2020-09-28 09:32:12.590,3.299,10000
2020-09-28 09:32:12.590,3.299,100
2020-09-28 09:32:12.590,3.299,1800
2020-09-28 09:32:12.590,3.299,3900
2020-09-28 09:32:12.590,3.299,3000
2020-09-28 09:32:12.800,3.299,10000
2020-09-28 09:32:12.800,3.299,10000
2020-09-28 09:32:12.800,3.299,1000
2020-09-28 09:32:12.990,3.299,100000
2020-09-28 09:32:13.090,3.299,5000
2020-09-28 09:32:13.480,3.3,196600
2020-09-28 09:32:13.480,3.3,3000
2020-09-28 09:32:13.480,3.3,100
2020-09-28 09:32:13.480,3.3,20000
2020-09-28 09:32:13.480,3.3,50000
2020-09-28 09:32:13.480,3.3,15000
2020-09-28 09:32:13.480,3.3,100
2020-09-28 09:32:13.480,3.3,100
2020-09-28 09:32:13.480,3.3,15100
2020-09-28 09:32:13.510,3.3,4900
2020-09-28 09:32:13.510,3.3,3000
2020-09-28 09:32:13.510,3.3,5000
2020-09-28 09:32:13.510,3.3,5000
2020-09-28 09:32:13.510,3.3,4100
2020-09-28 09:32:13.510,3.3,3000
2020-09-28 09:32:13.510,3.3,20000
2020-09-28 09:32:13.510,3.3,250000
2020-09-28 09:32:13.970,3.3,100000
2020-09-28 09:32:13.970,3.3,100000
2020-09-28 09:32:13.970,3.3,40000
2020-09-28 09:32:13.970,3.3,100000
2020-09-28 09:32:13.970,3.3,90000
2020-09-28 09:32:13.970,3.3,10000
2020-09-28 09:32:13.970,3.3,10000
2020-09-28 09:32:13.970,3.3,1000
2020-09-28 09:32:13.970,3.3,10000
2020-09-28 09:32:13.970,3.3,5000
2020-09-28 09:32:13.970,3.3,300
2020-09-28 09:32:13.970,3.3,10000
2020-09-28 09:32:13.970,3.3,100
2020-09-28 09:32:13.970,3.3,100
2020-09-28 09:32:13.970,3.3,73500
2020-09-28 09:32:14.630,3.299,15000
2020-09-28 09:32:15.030,3.3,6500
2020-09-28 09:32:15.030,3.3,10000
2020-09-28 09:32:15.030,3.3,300
2020-09-28 09:32:15.030,3.3,3200
2020-09-28 09:32:15.120,3.3,89700
2020-09-28 09:32:15.120,3.3,7100
2020-09-28 09:32:15.120,3.3,500
2020-09-28 09:32:15.120,3.3,2700
2020-09-28 09:32:15.120,3.3,3000
2020-09-28 09:32:15.120,3.3,2000
2020-09-28 09:32:15.120,3.3,1000
2020-09-28 09:32:15.120,3.3,10000
2020-09-28 09:32:15.120,3.3,3000
2020-09-28 09:32:15.120,3.3,2000
2020-09-28 09:32:15.120,3.3,3100
2020-09-28 09:32:15.980,3.301,20000
2020-09-28 09:32:16.390,3.3,100
2020-09-28 09:32:16.390,3.301,29000
2020-09-28 09:32:16.390,3.301,11000
2020-09-28 09:32:16.540,3.3,10000
2020-09-28 09:32:16.690,3.301,10100
2020-09-28 09:32:16.690,3.301,900
2020-09-28 09:32:16.690,3.301,5000
2020-09-28 09:32:16.690,3.301,300
2020-09-28 09:32:16.690,3.301,25000
2020-09-28 09:32:16.690,3.301,100000
2020-09-28 09:32:16.690,3.301,10000
2020-09-28 09:32:16.690,3.301,4000
2020-09-28 09:32:16.690,3.301,3800
2020-09-28 09:32:16.690,3.301,30000
2020-09-28 09:32:16.690,3.301,100
2020-09-28 09:32:16.690,3.301,400
2020-09-28 09:32:16.690,3.301,5000
2020-09-28 09:32:16.690,3.301,10000
2020-09-28 09:32:17.040,3.302,200
2020-09-28 09:32:17.040,3.302,100
2020-09-28 09:32:17.040,3.302,300
2020-09-28 09:32:17.040,3.302,2000
2020-09-28 09:32:17.040,3.302,7400
2020-09-28 09:32:17.040,3.302,16900
2020-09-28 09:32:17.040,3.302,200
2020-09-28 09:32:17.040,3.302,100
2020-09-28 09:32:17.040,3.302,2000
2020-09-28 09:32:17.040,3.302,10200
2020-09-28 09:32:17.040,3.302,6000
2020-09-28 09:32:17.040,3.302,10000
2020-09-28 09:32:17.040,3.302,1000
2020-09-28 09:32:17.040,3.302,1000
2020-09-28 09:32:17.040,3.302,10000
2020-09-28 09:32:17.040,3.302,3500
2020-09-28 09:32:17.040,3.302,3000
2020-09-28 09:32:17.040,3.302,30600
2020-09-28 09:32:17.040,3.302,5500
2020-09-28 09:32:17.040,3.302,74300
2020-09-28 09:32:17.040,3.302,9000
2020-09-28 09:32:17.040,3.302,1000
2020-09-28 09:32:17.040,3.302,200
2020-09-28 09:32:17.040,3.302,3100
2020-09-28 09:32:17.040,3.302,2400
2020-09-28 09:32:18.050,3.302,5600
2020-09-28 09:32:18.050,3.302,6000
2020-09-28 09:32:18.050,3.302,4000
2020-09-28 09:32:18.050,3.302,4400
2020-09-28 09:32:18.420,3.301,10000
2020-09-28 09:32:18.840,3.302,20000
2020-09-28 09:32:19.320,3.301,400
2020-09-28 09:32:19.380,3.302,4300
2020-09-28 09:32:19.380,3.302,100
2020-09-28 09:32:19.380,3.302,12100
2020-09-28 09:32:19.490,3.303,200
2020-09-28 09:32:19.490,3.303,600
2020-09-28 09:32:19.490,3.303,10000
2020-09-28 09:32:19.490,3.303,100
2020-09-28 09:32:19.490,3.303,14200
2020-09-28 09:32:19.490,3.303,2700
2020-09-28 09:32:19.490,3.303,1000
2020-09-28 09:32:19.490,3.303,100
2020-09-28 09:32:19.490,3.303,7600
2020-09-28 09:32:19.490,3.303,1000
2020-09-28 09:32:19.490,3.303,5500
2020-09-28 09:32:19.490,3.303,10000
2020-09-28 09:32:19.490,3.303,10000
2020-09-28 09:32:19.490,3.303,9000
2020-09-28 09:32:19.490,3.303,24000
2020-09-28 09:32:19.490,3.303,100000
2020-09-28 09:32:19.490,3.303,100
2020-09-28 09:32:19.490,3.303,300
2020-09-28 09:32:19.490,3.303,1000
2020-09-28 09:32:19.490,3.303,300
2020-09-28 09:32:19.490,3.303,5000
2020-09-28 09:32:19.490,3.303,100
2020-09-28 09:32:19.490,3.303,30000
2020-09-28 09:32:19.490,3.303,15000
2020-09-28 09:32:19.490,3.303,200
2020-09-28 09:32:20.010,3.304,5000
2020-09-28 09:32:20.010,3.304,200
2020-09-28 09:32:20.010,3.304,4800
2020-09-28 09:32:20.010,3.304,200
2020-09-28 09:32:20.010,3.304,29800
2020-09-28 09:32:20.010,3.304,10000
2020-09-28 09:32:21.410,3.303,1000
2020-09-28 09:32:21.610,3.302,2300
2020-09-28 09:32:21.930,3.302,21200
2020-09-28 09:32:21.930,3.301,10000
2020-09-28 09:32:21.930,3.301,506300
2020-09-28 09:32:22.890,3.302,9500
2020-09-28 09:32:22.890,3.301,5800
2020-09-28 09:32:23.370,3.302,200
2020-09-28 09:32:24.510,3.304,10000
2020-09-28 09:32:24.940,3.302,3000
2020-09-28 09:32:25.470,3.302,1000
2020-09-28 09:32:25.950,3.302,15800
2020-09-28 09:32:26.310,3.303,100
2020-09-28 09:32:26.310,3.303,1000
2020-09-28 09:32:28.470,3.303,200
2020-09-28 09:32:30.330,3.303,1600
2020-09-28 09:32:30.980,3.303,3200
2020-09-28 09:32:30.980,3.303,3100
2020-09-28 09:32:30.980,3.303,22100
2020-09-28 09:32:31.350,3.302,200
2020-09-28 09:32:31.410,3.303,10000
2020-09-28 09:32:31.470,3.302,900
2020-09-28 09:32:32.010,3.302,100000
2020-09-28 09:32:32.010,3.302,10000
2020-09-28 09:32:34.990,3.302,30000
2020-09-28 09:32:36.040,3.302,4300
2020-09-28 09:32:36.920,3.302,2700
2020-09-28 09:32:38.000,3.302,2100
2020-09-28 09:32:38.000,3.302,5000
2020-09-28 09:32:38.000,3.302,2000
2020-09-28 09:32:38.000,3.302,1000
2020-09-28 09:32:38.000,3.302,200
2020-09-28 09:32:38.000,3.302,89700
2020-09-28 09:32:38.000,3.302,20000
2020-09-28 09:32:38.000,3.302,100000
2020-09-28 09:32:38.000,3.302,20000
2020-09-28 09:32:38.260,3.3,15000
2020-09-28 09:32:39.640,3.3,100
2020-09-28 09:32:39.640,3.3,6000
2020-09-28 09:32:40.240,3.3,1000
2020-09-28 09:32:40.460,3.301,500
2020-09-28 09:32:40.460,3.302,19500
2020-09-28 09:32:42.340,3.302,1600
2020-09-28 09:32:42.740,3.302,11200
2020-09-28 09:32:44.430,3.3,81000
2020-09-28 09:32:44.750,3.3,5000
2020-09-28 09:32:44.840,3.3,174000
2020-09-28 09:32:44.880,3.301,1200
2020-09-28 09:32:46.700,3.301,800
2020-09-28 09:32:46.700,3.301,7400
2020-09-28 09:32:46.700,3.302,56800
2020-09-28 09:32:46.760,3.302,50000
2020-09-28 09:32:46.970,3.302,40000
2020-09-28 09:32:47.150,3.302,1000
2020-09-28 09:32:48.480,3.302,100000
2020-09-28 09:32:48.480,3.302,52200
2020-09-28 09:32:48.480,3.302,27800
2020-09-28 09:32:48.480,3.302,39000
2020-09-28 09:32:48.480,3.302,15000
2020-09-28 09:32:48.480,3.302,2000
2020-09-28 09:32:48.480,3.302,1000
2020-09-28 09:32:48.480,3.302,1500
2020-09-28 09:32:48.480,3.302,32200
2020-09-28 09:32:48.480,3.302,400
2020-09-28 09:32:48.480,3.302,8900
2020-09-28 09:32:48.480,3.302,91100
2020-09-28 09:32:48.480,3.302,8900
2020-09-28 09:32:48.480,3.302,1100
2020-09-28 09:32:48.480,3.302,98900
2020-09-28 09:32:48.480,3.302,1100
2020-09-28 09:32:48.480,3.302,6000
2020-09-28 09:32:48.480,3.302,5000
2020-09-28 09:32:48.480,3.302,1000
2020-09-28 09:32:48.480,3.302,400
2020-09-28 09:32:48.480,3.302,2900
2020-09-28 09:32:48.480,3.302,500
2020-09-28 09:32:48.480,3.302,3100
2020-09-28 09:32:48.510,3.3,200
2020-09-28 09:32:48.860,3.302,200
2020-09-28 09:32:49.330,3.3,100
2020-09-28 09:32:49.920,3.301,3800
2020-09-28 09:32:49.920,3.302,700
2020-09-28 09:32:51.240,3.3,1000
2020-09-28 09:32:51.680,3.301,2000
2020-09-28 09:32:51.680,3.301,3000
2020-09-28 09:32:51.680,3.301,2000
2020-09-28 09:32:51.680,3.302,5000
2020-09-28 09:32:52.360,3.302,6000
2020-09-28 09:32:52.830,3.301,400
2020-09-28 09:32:52.950,3.301,6800
2020-09-28 09:32:52.980,3.302,5000
2020-09-28 09:32:52.980,3.302,8200
2020-09-28 09:32:52.980,3.302,16800
2020-09-28 09:32:52.980,3.302,8200
2020-09-28 09:32:52.980,3.302,1100
2020-09-28 09:32:52.980,3.302,700
2020-09-28 09:32:52.980,3.302,7500
2020-09-28 09:32:52.980,3.302,12500
2020-09-28 09:32:52.980,3.302,10000
2020-09-28 09:32:52.980,3.302,28200
2020-09-28 09:32:52.980,3.302,2000
2020-09-28 09:32:52.980,3.302,19800
2020-09-28 09:32:54.030,3.302,3700
2020-09-28 09:32:54.240,3.302,6400
2020-09-28 09:32:54.870,3.302,800
2020-09-28 09:32:54.870,3.302,2000
2020-09-28 09:32:55.440,3.301,21400
2020-09-28 09:32:55.970,3.302,7300
2020-09-28 09:32:55.970,3.302,2700
2020-09-28 09:32:55.970,3.302,82700
2020-09-28 09:32:55.970,3.302,12900
2020-09-28 09:32:55.970,3.302,4400
2020-09-28 09:32:56.720,3.301,1600
2020-09-28 09:32:57.570,3.301,19800
2020-09-28 09:32:57.570,3.301,200
2020-09-28 09:32:57.690,3.302,300
2020-09-28 09:32:57.690,3.302,7600
2020-09-28 09:32:57.690,3.302,12100
2020-09-28 09:32:58.450,3.301,3700
2020-09-28 09:32:58.850,3.301,900
2020-09-28 09:32:59.020,3.302,7900
2020-09-28 09:32:59.020,3.302,2500
2020-09-28 09:32:59.020,3.302,5000
2020-09-28 09:32:59.020,3.302,500
2020-09-28 09:32:59.020,3.302,500
2020-09-28 09:32:59.020,3.302,2000
2020-09-28 09:32:59.020,3.302,5000
2020-09-28 09:32:59.020,3.302,200
2020-09-28 09:32:59.020,3.302,6400
2020-09-28 09:32:59.020,3.302,13600
2020-09-28 09:32:59.020,3.302,1400
2020-09-28 09:32:59.020,3.302,5000
2020-09-28 09:32:59.190,3.301,400
2020-09-28 09:32:59.210,3.301,1000
2020-09-28 09:32:59.400,3.302,100
2020-09-28 09:33:00.970,3.302,2900
2020-09-28 09:33:00.970,3.302,4600
2020-09-28 09:33:00.970,3.302,700
2020-09-28 09:33:00.970,3.302,5000
2020-09-28 09:33:00.970,3.302,31100
2020-09-28 09:33:00.970,3.302,500
2020-09-28 09:33:00.970,3.302,3000
2020-09-28 09:33:00.970,3.302,5000
2020-09-28 09:33:00.970,3.302,50000
2020-09-28 09:33:01.030,3.302,10000
2020-09-28 09:33:01.110,3.302,2500
2020-09-28 09:33:01.660,3.302,100
2020-09-28 09:33:01.720,3.302,5000
2020-09-28 09:33:01.840,3.302,6000
2020-09-28 09:33:02.050,3.303,10000
2020-09-28 09:33:02.170,3.302,1000
2020-09-28 09:33:02.480,3.302,100
2020-09-28 09:33:03.020,3.302,100
2020-09-28 09:33:03.240,3.302,6600
2020-09-28 09:33:03.440,3.302,15800
2020-09-28 09:33:04.190,3.302,2000
2020-09-28 09:33:05.030,3.302,20000
2020-09-28 09:33:05.320,3.302,13200
2020-09-28 09:33:05.320,3.302,6800
2020-09-28 09:33:05.560,3.301,3500
2020-09-28 09:33:08.060,3.301,2000
2020-09-28 09:33:08.250,3.301,1000
2020-09-28 09:33:08.250,3.3,8300
2020-09-28 09:33:08.920,3.301,800
2020-09-28 09:33:08.920,3.302,200
2020-09-28 09:33:09.470,3.302,100
2020-09-28 09:33:10.250,3.3,14900
2020-09-28 09:33:11.850,3.301,3000
2020-09-28 09:33:12.250,3.301,1500
2020-09-28 09:33:12.250,3.301,100
2020-09-28 09:33:12.250,3.302,8400
2020-09-28 09:33:14.040,3.301,100000
2020-09-28 09:33:14.040,3.301,20000
2020-09-28 09:33:15.400,3.3,3000
2020-09-28 09:33:15.920,3.3,1000
2020-09-28 09:33:16.210,3.301,1000
2020-09-28 09:33:16.380,3.3,10000
2020-09-28 09:33:16.600,3.3,20000
2020-09-28 09:33:16.680,3.301,1300
2020-09-28 09:33:16.920,3.301,500
2020-09-28 09:33:17.800,3.3,5000
2020-09-28 09:33:18.250,3.301,1200
2020-09-28 09:33:18.310,3.301,3200
2020-09-28 09:33:18.530,3.3,74000
2020-09-28 09:33:18.530,3.3,1500
2020-09-28 09:33:18.530,3.3,6700
2020-09-28 09:33:18.530,3.3,5000
2020-09-28 09:33:18.530,3.3,2000
2020-09-28 09:33:18.530,3.3,10000
2020-09-28 09:33:18.530,3.3,50000
2020-09-28 09:33:19.840,3.3,3400
2020-09-28 09:33:19.840,3.3,600
2020-09-28 09:33:19.840,3.3,6000
2020-09-28 09:33:20.020,3.3,4000
2020-09-28 09:33:20.350,3.3,3000
2020-09-28 09:33:20.720,3.3,300
2020-09-28 09:33:21.630,3.3,2700
2020-09-28 09:33:23.000,3.3,10000
2020-09-28 09:33:23.000,3.3,30000
2020-09-28 09:33:23.000,3.3,20000
2020-09-28 09:33:23.000,3.3,60000
2020-09-28 09:33:23.000,3.3,100000
2020-09-28 09:33:23.000,3.3,100000
2020-09-28 09:33:26.010,3.3,100000
2020-09-28 09:33:26.010,3.3,100000
2020-09-28 09:33:26.040,3.3,42000
2020-09-28 09:33:26.070,3.3,10000
2020-09-28 09:33:26.070,3.3,40000
2020-09-28 09:33:26.310,3.299,10100
2020-09-28 09:33:26.560,3.3,200
2020-09-28 09:33:28.190,3.3,100000
2020-09-28 09:33:28.490,3.299,3800
2020-09-28 09:33:28.490,3.299,4100
2020-09-28 09:33:28.490,3.299,5000
2020-09-28 09:33:28.610,3.299,7100
2020-09-28 09:33:28.610,3.3,2900
2020-09-28 09:33:29.020,3.3,80000
2020-09-28 09:33:29.200,3.3,20000
2020-09-28 09:33:29.760,3.3,10000
2020-09-28 09:33:29.850,3.298,1500
2020-09-28 09:33:32.010,3.299,55400
2020-09-28 09:33:32.010,3.299,24600
2020-09-28 09:33:32.010,3.299,100000
2020-09-28 09:33:32.010,3.299,30000
2020-09-28 09:33:32.010,3.299,10000
2020-09-28 09:33:32.010,3.299,70000
2020-09-28 09:33:34.540,3.298,1000
2020-09-28 09:33:34.660,3.298,300
2020-09-28 09:33:34.810,3.298,1000
2020-09-28 09:33:34.980,3.299,20000
2020-09-28 09:33:35.070,3.299,45400
2020-09-28 09:33:35.070,3.299,14400
2020-09-28 09:33:35.070,3.299,200
2020-09-28 09:33:35.920,3.299,1000
2020-09-28 09:33:35.920,3.299,10000
2020-09-28 09:33:35.920,3.299,20400
2020-09-28 09:33:35.920,3.299,68600
2020-09-28 09:33:35.950,3.299,20000
2020-09-28 09:33:36.880,3.299,230000
2020-09-28 09:33:37.370,3.299,200
2020-09-28 09:33:37.880,3.299,20000
2020-09-28 09:33:38.060,3.299,80000
2020-09-28 09:33:38.060,3.299,60000
2020-09-28 09:33:38.060,3.299,20000
2020-09-28 09:33:38.060,3.299,1200
2020-09-28 09:33:38.060,3.299,8800
2020-09-28 09:33:38.650,3.298,5000
2020-09-28 09:33:39.280,3.298,13900
2020-09-28 09:33:39.280,3.298,3900
2020-09-28 09:33:39.280,3.298,1500
2020-09-28 09:33:39.280,3.298,10000
2020-09-28 09:33:39.280,3.298,100
2020-09-28 09:33:39.280,3.298,20000
2020-09-28 09:33:39.280,3.298,40000
2020-09-28 09:33:39.280,3.298,21900
2020-09-28 09:33:39.870,3.298,10000
2020-09-28 09:33:39.870,3.298,17500
2020-09-28 09:33:40.130,3.298,200
2020-09-28 09:33:40.250,3.298,100
2020-09-28 09:33:40.760,3.299,3000
2020-09-28 09:33:40.760,3.298,22200
2020-09-28 09:33:40.760,3.298,7800
2020-09-28 09:33:40.960,3.299,8200
2020-09-28 09:33:40.960,3.299,3000
2020-09-28 09:33:40.960,3.299,300
2020-09-28 09:33:40.960,3.299,13100
2020-09-28 09:33:40.960,3.299,800
2020-09-28 09:33:40.960,3.299,100
2020-09-28 09:33:40.960,3.299,1100
2020-09-28 09:33:40.960,3.299,5300
2020-09-28 09:33:40.960,3.299,2900
2020-09-28 09:33:40.960,3.299,5000
2020-09-28 09:33:42.300,3.299,4800
2020-09-28 09:33:42.300,3.299,5400
2020-09-28 09:33:43.050,3.299,14600
2020-09-28 09:33:43.050,3.298,5400
2020-09-28 09:33:43.520,3.298,20000
2020-09-28 09:33:44.060,3.299,2000
2020-09-28 09:33:44.060,3.299,18000
2020-09-28 09:33:44.060,3.299,100000
2020-09-28 09:33:44.060,3.299,10000
2020-09-28 09:33:44.060,3.299,100000
2020-09-28 09:33:44.060,3.299,10000
2020-09-28 09:33:44.710,3.298,200
2020-09-28 09:33:45.510,3.299,3600
2020-09-28 09:33:45.510,3.299,19700
2020-09-28 09:33:45.920,3.299,500
2020-09-28 09:33:45.920,3.299,79800
2020-09-28 09:33:45.920,3.299,2500
2020-09-28 09:33:45.920,3.299,10000
2020-09-28 09:33:45.920,3.3,72100
2020-09-28 09:33:46.120,3.3,100
2020-09-28 09:33:46.120,3.3,2900
2020-09-28 09:33:46.320,3.298,1800
2020-09-28 09:33:47.040,3.3,20000
2020-09-28 09:33:47.820,3.298,2100
2020-09-28 09:33:49.910,3.298,5000
2020-09-28 09:33:49.910,3.298,200
2020-09-28 09:33:50.060,3.299,100
2020-09-28 09:33:50.060,3.299,9900
2020-09-28 09:33:50.060,3.299,20100
2020-09-28 09:33:50.060,3.299,19900
2020-09-28 09:33:50.060,3.299,40000
2020-09-28 09:33:50.060,3.299,80000
2020-09-28 09:33:50.060,3.299,20000
2020-09-28 09:33:50.060,3.299,70000
2020-09-28 09:33:50.380,3.298,3100
2020-09-28 09:33:52.880,3.297,1000
2020-09-28 09:33:53.120,3.298,10000
2020-09-28 09:33:56.270,3.297,300
2020-09-28 09:33:56.390,3.298,1400
2020-09-28 09:33:56.390,3.298,2000
2020-09-28 09:33:56.390,3.298,2000
2020-09-28 09:33:56.390,3.298,6000
2020-09-28 09:33:58.270,3.298,20000
2020-09-28 09:33:58.460,3.298,2000
2020-09-28 09:33:58.700,3.298,6300
2020-09-28 09:33:58.990,3.298,20000
2020-09-28 09:33:59.700,3.298,1000
2020-09-28 09:34:00.530,3.298,20000
2020-09-28 09:34:01.800,3.297,6600
2020-09-28 09:34:02.060,3.298,30000
2020-09-28 09:34:02.350,3.298,3000
2020-09-28 09:34:02.350,3.297,1700
2020-09-28 09:34:03.180,3.298,2000
2020-09-28 09:34:04.050,3.297,400
2020-09-28 09:34:04.050,3.297,2000
2020-09-28 09:34:04.050,3.297,9600
2020-09-28 09:34:04.970,3.297,400
2020-09-28 09:34:04.970,3.297,1000
2020-09-28 09:34:04.970,3.297,100
2020-09-28 09:34:04.970,3.297,1000
2020-09-28 09:34:04.970,3.297,200
2020-09-28 09:34:05.000,3.298,4000
2020-09-28 09:34:05.000,3.298,10000
2020-09-28 09:34:05.000,3.298,15200
2020-09-28 09:34:05.000,3.298,70800
2020-09-28 09:34:05.190,3.298,800
2020-09-28 09:34:05.920,3.297,3400
2020-09-28 09:34:06.270,3.298,1500
2020-09-28 09:34:06.680,3.298,10000
2020-09-28 09:34:08.060,3.298,16900
2020-09-28 09:34:08.060,3.298,63100
2020-09-28 09:34:08.060,3.298,10000
2020-09-28 09:34:08.060,3.298,60000
2020-09-28 09:34:09.680,3.298,39700
2020-09-28 09:34:10.000,3.299,70200
2020-09-28 09:34:10.000,3.299,10000
2020-09-28 09:34:10.000,3.299,16300
2020-09-28 09:34:10.300,3.298,3000
2020-09-28 09:34:10.630,3.298,5100
2020-09-28 09:34:10.660,3.298,600
2020-09-28 09:34:10.890,3.298,1000
2020-09-28 09:34:11.640,3.298,5000
2020-09-28 09:34:12.030,3.298,2000
2020-09-28 09:34:12.150,3.298,1500
2020-09-28 09:34:13.540,3.298,400
2020-09-28 09:34:13.720,3.298,1700
2020-09-28 09:34:13.720,3.298,2500
2020-09-28 09:34:13.720,3.297,19500
2020-09-28 09:34:13.720,3.297,6300
2020-09-28 09:34:14.550,3.297,9000
2020-09-28 09:34:14.640,3.297,100
2020-09-28 09:34:14.870,3.298,240300
2020-09-28 09:34:15.230,3.298,50000
2020-09-28 09:34:15.320,3.298,4100
2020-09-28 09:34:15.980,3.297,3000
2020-09-28 09:34:15.980,3.297,1000
2020-09-28 09:34:15.980,3.297,1000
2020-09-28 09:34:16.560,3.297,300
2020-09-28 09:34:18.510,3.297,700
2020-09-28 09:34:18.510,3.297,6300
2020-09-28 09:34:18.830,3.297,500
2020-09-28 09:34:18.950,3.298,10000
2020-09-28 09:34:19.620,3.297,400
2020-09-28 09:34:20.070,3.297,6600
2020-09-28 09:34:22.520,3.297,16200
2020-09-28 09:34:22.520,3.297,6100
2020-09-28 09:34:22.520,3.297,3600
2020-09-28 09:34:22.980,3.297,30000
2020-09-28 09:34:22.980,3.297,80000
2020-09-28 09:34:22.980,3.297,10000
2020-09-28 09:34:22.980,3.297,100000
2020-09-28 09:34:22.980,3.297,100000
2020-09-28 09:34:22.980,3.297,70000
2020-09-28 09:34:22.980,3.297,70000
2020-09-28 09:34:23.130,3.297,2500
2020-09-28 09:34:23.380,3.297,143700
2020-09-28 09:34:25.760,3.296,100
2020-09-28 09:34:25.760,3.296,10000
2020-09-28 09:34:25.760,3.296,2000
2020-09-28 09:34:25.760,3.296,20000
2020-09-28 09:34:25.980,3.296,17900
2020-09-28 09:34:25.980,3.297,82100
2020-09-28 09:34:25.980,3.297,100000
2020-09-28 09:34:25.980,3.297,40000
2020-09-28 09:34:25.980,3.297,10000
2020-09-28 09:34:27.180,3.297,10000
2020-09-28 09:34:27.690,3.297,10000
2020-09-28 09:34:27.860,3.297,6100
2020-09-28 09:34:27.960,3.297,9700
2020-09-28 09:34:27.960,3.297,7600
2020-09-28 09:34:28.280,3.297,22700
2020-09-28 09:34:28.280,3.297,10000
2020-09-28 09:34:28.280,3.297,1000
2020-09-28 09:34:28.280,3.297,300
2020-09-28 09:34:28.790,3.297,10000
2020-09-28 09:34:28.880,3.297,5000
2020-09-28 09:34:28.880,3.297,1000
2020-09-28 09:34:28.880,3.297,4000
2020-09-28 09:34:29.000,3.297,64000
2020-09-28 09:34:29.000,3.297,6000
2020-09-28 09:34:29.650,3.296,10700
2020-09-28 09:34:30.300,3.296,10100
2020-09-28 09:34:31.500,3.296,15000
2020-09-28 09:34:34.220,3.295,600
2020-09-28 09:34:34.220,3.295,3900
2020-09-28 09:34:37.290,3.295,6100
2020-09-28 09:34:37.290,3.295,37900
2020-09-28 09:34:37.290,3.295,400
2020-09-28 09:34:37.290,3.295,5000
2020-09-28 09:34:37.290,3.295,300
2020-09-28 09:34:37.290,3.295,250000
2020-09-28 09:34:37.290,3.295,13900
2020-09-28 09:34:37.290,3.295,1600
2020-09-28 09:34:38.030,3.295,20000
2020-09-28 09:34:38.030,3.295,90000
2020-09-28 09:34:38.030,3.295,30000
2020-09-28 09:34:38.030,3.295,40000
2020-09-28 09:34:38.030,3.295,100000
2020-09-28 09:34:38.030,3.295,40000
2020-09-28 09:34:38.030,3.295,100000
2020-09-28 09:34:38.030,3.295,100000
2020-09-28 09:34:38.030,3.295,20000
2020-09-28 09:34:38.330,3.295,10000
2020-09-28 09:34:39.220,3.295,10000
2020-09-28 09:34:39.250,3.295,124800
2020-09-28 09:34:39.250,3.295,3100
2020-09-28 09:34:39.250,3.295,400
2020-09-28 09:34:40.200,3.295,75000
2020-09-28 09:34:40.490,3.296,3100
2020-09-28 09:34:40.490,3.296,26300
2020-09-28 09:34:41.000,3.296,10000
2020-09-28 09:34:41.180,3.295,300
2020-09-28 09:34:41.630,3.295,4000
2020-09-28 09:34:42.230,3.295,1000
2020-09-28 09:34:42.280,3.295,19000
2020-09-28 09:34:43.140,3.295,3400
2020-09-28 09:34:43.690,3.295,500
2020-09-28 09:34:45.150,3.295,5000
2020-09-28 09:34:46.950,3.296,3700
2020-09-28 09:34:46.950,3.296,2400
2020-09-28 09:34:46.950,3.296,33900
2020-09-28 09:34:46.950,3.296,10000
2020-09-28 09:34:46.950,3.296,40000
2020-09-28 09:34:47.270,3.295,1500
2020-09-28 09:34:48.450,3.295,20000
2020-09-28 09:34:49.950,3.295,12800
2020-09-28 09:34:50.600,3.296,16100
2020-09-28 09:34:50.600,3.296,3900
2020-09-28 09:34:51.060,3.295,29200
2020-09-28 09:34:51.060,3.295,5000
2020-09-28 09:34:51.060,3.295,65800
2020-09-28 09:34:52.980,3.296,6100
2020-09-28 09:34:52.980,3.296,5000
2020-09-28 09:34:52.980,3.296,8900
2020-09-28 09:34:52.980,3.296,200
2020-09-28 09:34:52.980,3.296,8000
2020-09-28 09:34:52.980,3.296,1800
2020-09-28 09:34:53.720,3.295,1000
2020-09-28 09:34:53.720,3.295,1600
2020-09-28 09:34:53.720,3.295,1700
2020-09-28 09:34:54.040,3.295,300
2020-09-28 09:34:54.040,3.295,1300
2020-09-28 09:34:55.940,3.295,30000
2020-09-28 09:34:56.610,3.295,10000
2020-09-28 09:34:56.610,3.295,4900
2020-09-28 09:34:56.750,3.295,15100
2020-09-28 09:34:57.640,3.295,5000
2020-09-28 09:34:57.700,3.295,1200
2020-09-28 09:34:57.760,3.294,5100
2020-09-28 09:34:57.760,3.295,500
2020-09-28 09:34:59.260,3.295,300
2020-09-28 09:34:59.720,3.295,7900
2020-09-28 09:35:00.390,3.296,100
2020-09-28 09:35:02.800,3.296,1100
2020-09-28 09:35:03.510,3.296,5400
2020-09-28 09:35:03.930,3.295,2100
2020-09-28 09:35:03.930,3.295,500
2020-09-28 09:35:03.930,3.295,100
2020-09-28 09:35:03.930,3.294,4900
2020-09-28 09:35:03.930,3.294,10000
2020-09-28 09:35:03.930,3.294,2400
2020-09-28 09:35:04.490,3.295,300
2020-09-28 09:35:04.740,3.295,100
2020-09-28 09:35:05.010,3.295,100
2020-09-28 09:35:05.010,3.296,100
2020-09-28 09:35:06.110,3.295,1000
2020-09-28 09:35:06.340,3.295,9200
2020-09-28 09:35:06.340,3.296,1600
2020-09-28 09:35:06.340,3.296,20000
2020-09-28 09:35:06.340,3.296,100
2020-09-28 09:35:06.340,3.296,53600
2020-09-28 09:35:06.340,3.297,3600
2020-09-28 09:35:06.340,3.297,11900
2020-09-28 09:35:08.360,3.296,400
2020-09-28 09:35:08.360,3.296,9600
2020-09-28 09:35:08.870,3.297,88100
2020-09-28 09:35:08.870,3.297,5000
2020-09-28 09:35:08.870,3.297,3500
2020-09-28 09:35:08.870,3.297,10000
2020-09-28 09:35:08.870,3.297,2000
2020-09-28 09:35:08.870,3.297,10000
2020-09-28 09:35:08.870,3.297,800
2020-09-28 09:35:08.870,3.297,2000
2020-09-28 09:35:09.520,3.297,15000
2020-09-28 09:35:10.630,3.298,1000
2020-09-28 09:35:10.630,3.298,10100
2020-09-28 09:35:10.630,3.298,8900
2020-09-28 09:35:10.630,3.298,1100
2020-09-28 09:35:10.630,3.298,6400
2020-09-28 09:35:10.630,3.298,1000
2020-09-28 09:35:10.630,3.298,1500
2020-09-28 09:35:10.690,3.298,40000
2020-09-28 09:35:10.720,3.297,45500
2020-09-28 09:35:11.300,3.297,16800
2020-09-28 09:35:11.840,3.298,18500
2020-09-28 09:35:11.840,3.298,3000
2020-09-28 09:35:11.840,3.299,33700
2020-09-28 09:35:11.840,3.299,3000
2020-09-28 09:35:11.840,3.299,500
2020-09-28 09:35:11.840,3.299,7800
2020-09-28 09:35:11.840,3.299,10000
2020-09-28 09:35:11.840,3.299,23500
2020-09-28 09:35:12.520,3.297,9200
2020-09-28 09:35:12.550,3.297,15500
2020-09-28 09:35:16.010,3.298,37500
2020-09-28 09:35:18.760,3.298,2500
2020-09-28 09:35:18.760,3.298,1500
2020-09-28 09:35:19.930,3.297,2000
2020-09-28 09:35:19.970,3.297,20000
2020-09-28 09:35:22.340,3.297,8500
2020-09-28 09:35:22.610,3.297,2000
2020-09-28 09:35:22.770,3.298,1000
2020-09-28 09:35:22.770,3.298,10000
2020-09-28 09:35:22.770,3.298,39000
2020-09-28 09:35:25.200,3.298,21000
2020-09-28 09:35:25.200,3.298,1000
2020-09-28 09:35:25.200,3.299,7100
2020-09-28 09:35:25.800,3.297,4900
2020-09-28 09:35:25.800,3.297,5000
2020-09-28 09:35:27.770,3.298,2500
2020-09-28 09:35:28.610,3.298,300
2020-09-28 09:35:29.550,3.298,9000
2020-09-28 09:35:29.550,3.299,36200
2020-09-28 09:35:29.550,3.299,53500
2020-09-28 09:35:29.550,3.299,6700
2020-09-28 09:35:29.550,3.299,5000
2020-09-28 09:35:29.550,3.299,4900
2020-09-28 09:35:29.550,3.299,6000
2020-09-28 09:35:29.550,3.299,5000
2020-09-28 09:35:29.550,3.299,9900
2020-09-28 09:35:29.550,3.299,2500
2020-09-28 09:35:29.550,3.299,2000
2020-09-28 09:35:29.690,3.299,2000
2020-09-28 09:35:29.870,3.299,16100
2020-09-28 09:35:30.530,3.299,100
2020-09-28 09:35:31.530,3.299,400
2020-09-28 09:35:32.430,3.299,1100
2020-09-28 09:35:33.650,3.299,28600
2020-09-28 09:35:33.880,3.299,3200
2020-09-28 09:35:34.370,3.299,3200
2020-09-28 09:35:34.670,3.299,3200
2020-09-28 09:35:38.030,3.299,100
2020-09-28 09:35:38.950,3.3,10000
2020-09-28 09:35:39.960,3.299,135500
2020-09-28 09:35:41.450,3.299,10000
2020-09-28 09:35:42.000,3.299,10000
2020-09-28 09:35:42.000,3.299,10000
2020-09-28 09:35:42.840,3.299,18000
2020-09-28 09:35:43.610,3.299,2000
2020-09-28 09:35:44.130,3.299,100
2020-09-28 09:35:44.870,3.299,1100
2020-09-28 09:35:46.610,3.299,3300
2020-09-28 09:35:47.540,3.298,2000
2020-09-28 09:35:47.990,3.298,8000
2020-09-28 09:35:47.990,3.298,18100
2020-09-28 09:35:47.990,3.298,2000
2020-09-28 09:35:47.990,3.298,12900
2020-09-28 09:35:49.350,3.299,100
2020-09-28 09:35:51.080,3.299,30000
2020-09-28 09:35:51.080,3.299,30000
2020-09-28 09:35:51.970,3.298,3400
2020-09-28 09:35:52.690,3.299,100000
2020-09-28 09:35:52.690,3.299,30000
2020-09-28 09:35:52.690,3.299,60000
2020-09-28 09:35:52.690,3.299,60000
2020-09-28 09:35:52.690,3.299,20000
2020-09-28 09:35:52.690,3.299,50000
2020-09-28 09:35:52.690,3.299,100000
2020-09-28 09:35:52.690,3.299,50000
2020-09-28 09:35:54.410,3.299,45900
2020-09-28 09:35:54.410,3.299,400
2020-09-28 09:35:54.410,3.299,2000
2020-09-28 09:35:54.410,3.299,75000
2020-09-28 09:35:55.630,3.299,1900
2020-09-28 09:35:55.630,3.299,6500
2020-09-28 09:35:55.630,3.299,8000
2020-09-28 09:35:55.630,3.299,3600
2020-09-28 09:35:56.490,3.299,2000
2020-09-28 09:35:57.250,3.298,11000
2020-09-28 09:35:57.300,3.298,2700
2020-09-28 09:35:57.300,3.298,600
2020-09-28 09:35:57.300,3.298,6900
2020-09-28 09:35:57.300,3.298,500
2020-09-28 09:35:57.300,3.298,3200
2020-09-28 09:35:57.300,3.298,40000
2020-09-28 09:35:57.300,3.297,10000
2020-09-28 09:35:57.300,3.297,10000
2020-09-28 09:35:57.300,3.297,10000
2020-09-28 09:35:57.300,3.297,5000
2020-09-28 09:35:57.300,3.297,40000
2020-09-28 09:35:57.300,3.297,21100
2020-09-28 09:35:58.640,3.299,13500
2020-09-28 09:35:58.640,3.299,16500
2020-09-28 09:36:00.080,3.298,100
2020-09-28 09:36:01.480,3.299,5000
2020-09-28 09:36:02.940,3.299,8500
2020-09-28 09:36:02.940,3.299,13500
2020-09-28 09:36:03.880,3.299,18000
2020-09-28 09:36:06.070,3.299,200
2020-09-28 09:36:06.070,3.299,9800
2020-09-28 09:36:06.070,3.299,20000
2020-09-28 09:36:10.790,3.299,3700
2020-09-28 09:36:11.240,3.299,5000
2020-09-28 09:36:14.880,3.297,6300
2020-09-28 09:36:14.880,3.297,1400
2020-09-28 09:36:14.880,3.297,2300
2020-09-28 09:36:17.630,3.297,7700
2020-09-28 09:36:17.630,3.297,1400
2020-09-28 09:36:17.660,3.298,4000
2020-09-28 09:36:17.660,3.298,4000
2020-09-28 09:36:17.660,3.298,2000
2020-09-28 09:36:23.420,3.297,100
2020-09-28 09:36:24.270,3.297,200
2020-09-28 09:36:24.270,3.297,100
2020-09-28 09:36:25.050,3.296,400
2020-09-28 09:36:25.050,3.296,3600
2020-09-28 09:36:28.510,3.297,29900
2020-09-28 09:36:28.510,3.297,10100
2020-09-28 09:36:31.040,3.297,9100
2020-09-28 09:36:31.040,3.297,200
2020-09-28 09:36:31.040,3.297,2700
2020-09-28 09:36:31.040,3.297,3400
2020-09-28 09:36:31.040,3.297,4600
2020-09-28 09:36:31.040,3.297,10400
2020-09-28 09:36:31.040,3.297,5800
2020-09-28 09:36:31.040,3.297,3800
2020-09-28 09:36:31.130,3.296,6400
2020-09-28 09:36:31.130,3.296,2600
2020-09-28 09:36:31.190,3.296,2400
2020-09-28 09:36:31.190,3.296,600
2020-09-28 09:36:32.060,3.296,500
2020-09-28 09:36:32.060,3.296,2500
2020-09-28 09:36:32.850,3.296,3200
2020-09-28 09:36:32.850,3.296,4000
2020-09-28 09:36:32.850,3.296,12600
2020-09-28 09:36:33.920,3.296,37000
2020-09-28 09:36:33.950,3.297,10000
2020-09-28 09:36:35.370,3.297,2000
2020-09-28 09:36:37.280,3.297,3300
2020-09-28 09:36:38.950,3.296,216400
2020-09-28 09:36:39.030,3.296,10000
2020-09-28 09:36:39.170,3.296,2900
2020-09-28 09:36:39.760,3.296,1600
2020-09-28 09:36:40.250,3.295,200
2020-09-28 09:36:43.210,3.296,3000
2020-09-28 09:36:45.120,3.295,1300
2020-09-28 09:36:45.120,3.295,2700
2020-09-28 09:36:47.240,3.295,100
2020-09-28 09:36:47.590,3.295,100
2020-09-28 09:36:49.160,3.296,4500
2020-09-28 09:36:51.210,3.295,7100
2020-09-28 09:36:51.210,3.295,600
2020-09-28 09:36:53.400,3.295,500
2020-09-28 09:36:54.580,3.296,10000
2020-09-28 09:36:54.610,3.295,400
2020-09-28 09:36:54.650,3.295,200
2020-09-28 09:36:54.900,3.295,1900
2020-09-28 09:36:55.040,3.295,2900
2020-09-28 09:36:55.040,3.295,800
2020-09-28 09:36:55.040,3.295,5000
2020-09-28 09:36:55.040,3.295,4500
2020-09-28 09:36:55.100,3.295,10000
2020-09-28 09:36:55.530,3.296,32500
2020-09-28 09:36:56.610,3.295,500
2020-09-28 09:36:56.610,3.295,200
2020-09-28 09:36:59.050,3.295,10000
2020-09-28 09:37:00.420,3.295,10800
2020-09-28 09:37:00.420,3.295,200
2020-09-28 09:37:00.420,3.296,9000
2020-09-28 09:37:02.150,3.295,9900
2020-09-28 09:37:02.430,3.295,100
2020-09-28 09:37:02.430,3.295,500
2020-09-28 09:37:03.090,3.295,3200
2020-09-28 09:37:03.090,3.295,10400
2020-09-28 09:37:05.260,3.295,100
2020-09-28 09:37:05.580,3.295,29900
2020-09-28 09:37:05.630,3.296,40000
2020-09-28 09:37:05.630,3.296,40000
2020-09-28 09:37:06.090,3.296,116200
2020-09-28 09:37:06.200,3.296,13900
2020-09-28 09:37:06.200,3.296,10000
2020-09-28 09:37:06.200,3.296,13600
2020-09-28 09:37:06.200,3.296,1000
2020-09-28 09:37:06.200,3.296,50000
2020-09-28 09:37:06.200,3.296,8000
2020-09-28 09:37:06.200,3.296,900
2020-09-28 09:37:06.200,3.296,6000
2020-09-28 09:37:06.200,3.296,3400
2020-09-28 09:37:06.200,3.296,300
2020-09-28 09:37:06.200,3.296,2300
2020-09-28 09:37:06.200,3.296,1000
2020-09-28 09:37:06.200,3.296,19200
2020-09-28 09:37:06.200,3.296,19200
2020-09-28 09:37:06.320,3.296,1500
2020-09-28 09:37:07.080,3.296,14800
2020-09-28 09:37:07.430,3.297,1000
2020-09-28 09:37:07.430,3.297,7600
2020-09-28 09:37:07.430,3.297,5000
2020-09-28 09:37:07.430,3.297,6500
2020-09-28 09:37:07.430,3.297,20000
2020-09-28 09:37:07.430,3.297,300
2020-09-28 09:37:07.430,3.297,3000
2020-09-28 09:37:07.430,3.297,10000
2020-09-28 09:37:07.430,3.297,20000
2020-09-28 09:37:07.430,3.297,10000
2020-09-28 09:37:07.430,3.297,200000
2020-09-28 09:37:07.430,3.297,5000
2020-09-28 09:37:07.490,3.297,11600
2020-09-28 09:37:07.490,3.296,3400
2020-09-28 09:37:08.610,3.296,1500
2020-09-28 09:37:09.220,3.296,4000
2020-09-28 09:37:09.610,3.296,60000
2020-09-28 09:37:10.710,3.296,50000
2020-09-28 09:37:11.210,3.296,8900
2020-09-28 09:37:12.220,3.296,100
2020-09-28 09:37:13.070,3.296,600
2020-09-28 09:37:14.350,3.296,6400
2020-09-28 09:37:14.350,3.296,1600
2020-09-28 09:37:14.380,3.296,6400
2020-09-28 09:37:20.220,3.296,500
2020-09-28 09:37:20.390,3.296,3000
2020-09-28 09:37:21.400,3.296,1000
2020-09-28 09:37:22.320,3.297,100
2020-09-28 09:37:24.210,3.297,7900
2020-09-28 09:37:24.210,3.297,300
2020-09-28 09:37:25.390,3.296,1400
2020-09-28 09:37:25.590,3.296,3000
2020-09-28 09:37:30.560,3.296,77000
2020-09-28 09:37:32.700,3.296,9100
2020-09-28 09:37:33.230,3.297,10000
2020-09-28 09:37:33.230,3.297,10000
2020-09-28 09:37:33.230,3.297,1700
2020-09-28 09:37:36.990,3.296,5000
2020-09-28 09:37:37.590,3.297,10000
2020-09-28 09:37:37.590,3.297,10000
2020-09-28 09:37:38.580,3.297,8000
2020-09-28 09:37:38.580,3.297,42000
2020-09-28 09:37:38.580,3.297,16000
2020-09-28 09:37:38.580,3.297,34000
2020-09-28 09:37:38.700,3.296,10000
2020-09-28 09:37:39.590,3.296,400
2020-09-28 09:37:40.260,3.297,8900
2020-09-28 09:37:40.340,3.296,800
2020-09-28 09:37:40.700,3.297,15100
2020-09-28 09:37:40.700,3.297,100
2020-09-28 09:37:40.700,3.297,700
2020-09-28 09:37:40.700,3.297,3000
2020-09-28 09:37:40.700,3.297,21100
2020-09-28 09:37:41.780,3.296,17100
2020-09-28 09:37:43.580,3.296,9000
2020-09-28 09:37:43.720,3.297,22300
2020-09-28 09:37:43.720,3.297,7700
2020-09-28 09:37:43.990,3.296,1500
2020-09-28 09:37:44.020,3.296,12500
2020-09-28 09:37:46.550,3.297,10000
2020-09-28 09:37:46.720,3.297,4600
2020-09-28 09:37:46.720,3.297,14600
2020-09-28 09:37:46.720,3.297,800
2020-09-28 09:37:47.290,3.296,10000
2020-09-28 09:37:48.350,3.297,200
2020-09-28 09:37:48.350,3.297,200
2020-09-28 09:37:49.590,3.296,500
2020-09-28 09:37:49.930,3.297,800
2020-09-28 09:37:49.930,3.297,1000
2020-09-28 09:37:50.650,3.297,200
2020-09-28 09:37:50.650,3.297,1200
2020-09-28 09:37:50.650,3.297,500
2020-09-28 09:37:50.650,3.297,2500
2020-09-28 09:37:51.180,3.297,4400
2020-09-28 09:37:51.180,3.297,300
2020-09-28 09:38:00.260,3.297,1000
2020-09-28 09:38:00.260,3.296,400
2020-09-28 09:38:01.390,3.297,100
2020-09-28 09:38:09.370,3.297,100
2020-09-28 09:38:10.610,3.297,2900
2020-09-28 09:38:10.610,3.297,4100
2020-09-28 09:38:10.610,3.297,12000
2020-09-28 09:38:10.610,3.297,6000
2020-09-28 09:38:10.610,3.297,3000
2020-09-28 09:38:10.610,3.297,1000
2020-09-28 09:38:10.610,3.297,100
2020-09-28 09:38:10.610,3.297,200
2020-09-28 09:38:10.610,3.297,14800
2020-09-28 09:38:12.020,3.297,5000
2020-09-28 09:38:13.900,3.297,50000
2020-09-28 09:38:13.990,3.297,8000
2020-09-28 09:38:14.250,3.297,5000
2020-09-28 09:38:17.240,3.297,8800
2020-09-28 09:38:18.200,3.297,20000
2020-09-28 09:38:18.640,3.297,300000
2020-09-28 09:38:18.640,3.297,105000
2020-09-28 09:38:18.640,3.297,10000
2020-09-28 09:38:19.280,3.298,100
2020-09-28 09:38:19.310,3.297,300
2020-09-28 09:38:20.200,3.297,6000
2020-09-28 09:38:28.290,3.297,4500
2020-09-28 09:38:28.290,3.297,400
2020-09-28 09:38:28.290,3.297,2100
2020-09-28 09:38:29.260,3.297,4000
2020-09-28 09:38:29.260,3.297,6000
2020-09-28 09:38:32.490,3.296,13000
2020-09-28 09:38:32.490,3.296,5000
2020-09-28 09:38:32.730,3.296,4000
2020-09-28 09:38:33.300,3.297,100
2020-09-28 09:38:35.310,3.296,50000
2020-09-28 09:38:37.210,3.296,3900
2020-09-28 09:38:38.500,3.296,20000
2020-09-28 09:38:38.930,3.296,2000
2020-09-28 09:38:41.020,3.297,10000
2020-09-28 09:38:41.020,3.297,10000
2020-09-28 09:38:43.240,3.296,8000
2020-09-28 09:38:44.170,3.297,300
2020-09-28 09:38:47.510,3.296,10000
2020-09-28 09:38:48.260,3.297,20000
2020-09-28 09:38:49.230,3.296,5000
2020-09-28 09:38:50.790,3.296,8900
2020-09-28 09:38:50.790,3.296,600
2020-09-28 09:38:50.790,3.296,300
2020-09-28 09:38:50.790,3.296,200
2020-09-28 09:38:51.150,3.297,2800
2020-09-28 09:38:51.870,3.296,3300
2020-09-28 09:38:52.030,3.297,400
2020-09-28 09:38:52.410,3.296,1300
2020-09-28 09:38:52.410,3.296,300
2020-09-28 09:38:52.410,3.296,400
2020-09-28 09:38:53.350,3.297,400
2020-09-28 09:38:53.680,3.297,400
2020-09-28 09:38:54.770,3.296,14600
2020-09-28 09:38:54.770,3.296,300
2020-09-28 09:38:54.770,3.296,3500
2020-09-28 09:38:54.770,3.296,1000
2020-09-28 09:38:54.770,3.296,600
2020-09-28 09:38:55.460,3.297,1000
2020-09-28 09:38:56.530,3.297,100
2020-09-28 09:38:56.870,3.296,20600
2020-09-28 09:38:56.870,3.296,37300
2020-09-28 09:38:58.730,3.296,5000
2020-09-28 09:38:59.050,3.297,6900
2020-09-28 09:38:59.050,3.297,13100
2020-09-28 09:39:00.380,3.297,400
2020-09-28 09:39:02.090,3.296,1000
2020-09-28 09:39:02.090,3.296,10800
2020-09-28 09:39:02.090,3.295,100
2020-09-28 09:39:02.090,3.295,3200
2020-09-28 09:39:03.940,3.297,1000
2020-09-28 09:39:05.950,3.297,100
2020-09-28 09:39:08.080,3.296,2000
2020-09-28 09:39:09.850,3.296,10000
2020-09-28 09:39:10.580,3.297,3000
2020-09-28 09:39:12.820,3.296,1000
2020-09-28 09:39:14.580,3.297,2400
2020-09-28 09:39:14.580,3.297,1000
2020-09-28 09:39:14.580,3.297,3100
2020-09-28 09:39:14.580,3.297,200
2020-09-28 09:39:14.580,3.297,3300
2020-09-28 09:39:14.580,3.297,6700
2020-09-28 09:39:14.580,3.297,1000
2020-09-28 09:39:14.580,3.297,2300
2020-09-28 09:39:15.770,3.296,1000
2020-09-28 09:39:16.510,3.297,700
2020-09-28 09:39:16.510,3.297,800
2020-09-28 09:39:16.510,3.297,1000
2020-09-28 09:39:16.510,3.297,2000
2020-09-28 09:39:16.510,3.297,5500
2020-09-28 09:39:16.630,3.297,24100
2020-09-28 09:39:16.630,3.297,5900
2020-09-28 09:39:16.630,3.297,24100
2020-09-28 09:39:16.630,3.297,6000
2020-09-28 09:39:16.630,3.297,700
2020-09-28 09:39:16.630,3.297,5000
2020-09-28 09:39:16.630,3.297,4000
2020-09-28 09:39:16.630,3.297,20000
2020-09-28 09:39:16.630,3.297,2000
2020-09-28 09:39:16.630,3.297,700
2020-09-28 09:39:16.630,3.297,2000
2020-09-28 09:39:16.630,3.297,1500
2020-09-28 09:39:16.630,3.297,900
2020-09-28 09:39:16.630,3.297,3100
2020-09-28 09:39:16.630,3.297,6900
2020-09-28 09:39:16.630,3.297,3100
2020-09-28 09:39:16.630,3.297,40000
2020-09-28 09:39:16.630,3.297,16900
2020-09-28 09:39:16.630,3.297,5400
2020-09-28 09:39:16.630,3.297,28900
2020-09-28 09:39:16.630,3.297,2500
2020-09-28 09:39:16.630,3.297,500
2020-09-28 09:39:16.630,3.297,4000
2020-09-28 09:39:16.630,3.297,41800
2020-09-28 09:39:16.890,3.297,400
2020-09-28 09:39:17.590,3.297,57800
2020-09-28 09:39:17.740,3.297,5000
2020-09-28 09:39:17.890,3.297,54400
2020-09-28 09:39:18.110,3.297,40700
2020-09-28 09:39:18.470,3.297,100000
2020-09-28 09:39:19.210,3.297,1000
2020-09-28 09:39:20.340,3.296,100
2020-09-28 09:39:20.340,3.296,1000
2020-09-28 09:39:20.340,3.296,2000
2020-09-28 09:39:20.340,3.296,26900
2020-09-28 09:39:20.430,3.296,5700
2020-09-28 09:39:20.840,3.296,2400
2020-09-28 09:39:21.350,3.296,1500
2020-09-28 09:39:21.720,3.297,200
2020-09-28 09:39:22.000,3.297,5500
2020-09-28 09:39:23.770,3.297,4000
2020-09-28 09:39:26.360,3.297,5500
2020-09-28 09:39:26.360,3.297,34500
2020-09-28 09:39:26.420,3.297,10800
2020-09-28 09:39:26.730,3.298,6100
2020-09-28 09:39:28.170,3.298,100
2020-09-28 09:39:28.170,3.297,5000
2020-09-28 09:39:32.550,3.297,100
2020-09-28 09:39:32.550,3.297,600
2020-09-28 09:39:32.550,3.297,5000
2020-09-28 09:39:32.550,3.297,34300
2020-09-28 09:39:32.550,3.297,40000
2020-09-28 09:39:33.580,3.297,10000
2020-09-28 09:39:35.560,3.297,20000
2020-09-28 09:39:35.560,3.297,20000
2020-09-28 09:39:37.000,3.297,2000
2020-09-28 09:39:37.440,3.296,6100
2020-09-28 09:39:37.440,3.296,3900
2020-09-28 09:39:38.130,3.297,1900
2020-09-28 09:39:39.480,3.296,2400
2020-09-28 09:39:39.480,3.296,200
2020-09-28 09:39:39.480,3.296,500
2020-09-28 09:39:39.480,3.296,100
2020-09-28 09:39:39.480,3.296,1800
2020-09-28 09:39:42.210,3.296,1300
2020-09-28 09:39:44.210,3.296,3800
2020-09-28 09:39:44.210,3.296,6200
2020-09-28 09:39:45.300,3.296,1000
2020-09-28 09:39:48.200,3.296,2800
2020-09-28 09:39:48.200,3.296,100
2020-09-28 09:39:48.200,3.296,1000
2020-09-28 09:39:48.200,3.296,100000
2020-09-28 09:39:48.200,3.296,10000
2020-09-28 09:39:48.320,3.296,96500
2020-09-28 09:39:48.390,3.297,200
2020-09-28 09:39:49.270,3.297,200
2020-09-28 09:39:49.830,3.296,5000
2020-09-28 09:39:50.590,3.296,2000
2020-09-28 09:39:50.590,3.296,3000
2020-09-28 09:39:53.050,3.296,2000
2020-09-28 09:39:53.050,3.297,18000
2020-09-28 09:39:53.050,3.297,3500
2020-09-28 09:39:53.050,3.297,3000
2020-09-28 09:39:53.050,3.297,5000
2020-09-28 09:39:53.050,3.297,4000
2020-09-28 09:39:53.050,3.297,600
2020-09-28 09:39:53.050,3.297,3000
2020-09-28 09:39:53.050,3.297,900
2020-09-28 09:39:53.050,3.297,70000
2020-09-28 09:39:53.050,3.297,70000
2020-09-28 09:39:56.740,3.296,10500
2020-09-28 09:39:58.170,3.295,500
2020-09-28 09:39:58.780,3.297,100
2020-09-28 09:39:59.280,3.297,200
2020-09-28 09:40:00.290,3.295,3500
2020-09-28 09:40:03.430,3.296,4000
2020-09-28 09:40:03.430,3.296,500
2020-09-28 09:40:04.560,3.297,58800
2020-09-28 09:40:04.560,3.297,2000
2020-09-28 09:40:04.560,3.297,81500
2020-09-28 09:40:04.560,3.297,500
2020-09-28 09:40:04.560,3.297,5000
2020-09-28 09:40:04.560,3.297,3000
2020-09-28 09:40:04.560,3.297,3000
2020-09-28 09:40:04.560,3.297,18200
2020-09-28 09:40:04.560,3.297,5000
2020-09-28 09:40:04.560,3.297,20000
2020-09-28 09:40:04.560,3.297,32500
2020-09-28 09:40:04.560,3.297,1700
2020-09-28 09:40:05.400,3.297,5000
2020-09-28 09:40:06.350,3.297,45500
2020-09-28 09:40:06.990,3.298,11700
2020-09-28 09:40:06.990,3.298,58300
2020-09-28 09:40:06.990,3.298,70000
2020-09-28 09:40:08.210,3.298,30000
2020-09-28 09:40:08.210,3.298,30000
2020-09-28 09:40:09.780,3.298,72800
2020-09-28 09:40:09.810,3.298,238900
2020-09-28 09:40:09.810,3.298,100
2020-09-28 09:40:09.810,3.298,2700
2020-09-28 09:40:09.810,3.298,8000
2020-09-28 09:40:09.810,3.298,20000
2020-09-28 09:40:09.810,3.298,8000
2020-09-28 09:40:09.810,3.298,22300
2020-09-28 09:40:10.050,3.298,77700
2020-09-28 09:40:10.050,3.298,15000
2020-09-28 09:40:10.050,3.298,2000
2020-09-28 09:40:10.050,3.298,3000
2020-09-28 09:40:10.050,3.298,50000
2020-09-28 09:40:10.050,3.298,3000
2020-09-28 09:40:10.050,3.298,9400
2020-09-28 09:40:10.220,3.297,1000
2020-09-28 09:40:10.490,3.297,15700
2020-09-28 09:40:10.700,3.298,1000
2020-09-28 09:40:10.700,3.298,5000
2020-09-28 09:40:10.700,3.298,5700
2020-09-28 09:40:10.700,3.298,100
2020-09-28 09:40:10.700,3.298,3200
2020-09-28 09:40:10.700,3.298,1000
2020-09-28 09:40:10.700,3.298,100
2020-09-28 09:40:10.700,3.298,200000
2020-09-28 09:40:10.700,3.298,10000
2020-09-28 09:40:10.700,3.298,100
2020-09-28 09:40:10.700,3.298,35400
2020-09-28 09:40:10.790,3.298,800
2020-09-28 09:40:10.790,3.298,18600
2020-09-28 09:40:10.790,3.298,10000
2020-09-28 09:40:10.790,3.298,1500
2020-09-28 09:40:10.820,3.298,100
2020-09-28 09:40:12.840,3.299,10000
2020-09-28 09:40:12.840,3.299,3100
2020-09-28 09:40:12.840,3.299,1000
2020-09-28 09:40:12.840,3.299,5000
2020-09-28 09:40:12.840,3.299,171800
2020-09-28 09:40:12.840,3.299,400
2020-09-28 09:40:12.840,3.299,1000
2020-09-28 09:40:12.840,3.299,2000
2020-09-28 09:40:12.840,3.299,100
2020-09-28 09:40:12.840,3.299,200
2020-09-28 09:40:12.840,3.299,100400
2020-09-28 09:40:12.950,3.299,300000
2020-09-28 09:40:12.950,3.299,300000
2020-09-28 09:40:13.280,3.299,65200
2020-09-28 09:40:13.430,3.298,10000
2020-09-28 09:40:13.430,3.298,18800
2020-09-28 09:40:13.540,3.299,5800
2020-09-28 09:40:13.570,3.299,128600
2020-09-28 09:40:13.570,3.299,65500
2020-09-28 09:40:16.570,3.298,5000
2020-09-28 09:40:16.910,3.3,30000
2020-09-28 09:40:16.910,3.3,30000
2020-09-28 09:40:17.140,3.298,18700
2020-09-28 09:40:17.280,3.299,3000
2020-09-28 09:40:18.010,3.299,1500
2020-09-28 09:40:18.390,3.299,12000
2020-09-28 09:40:19.910,3.3,40000
2020-09-28 09:40:19.910,3.3,6300
2020-09-28 09:40:19.910,3.3,10000
2020-09-28 09:40:19.910,3.3,10000
2020-09-28 09:40:19.910,3.3,100
2020-09-28 09:40:19.910,3.3,600
2020-09-28 09:40:19.910,3.3,2000
2020-09-28 09:40:19.910,3.3,10000
2020-09-28 09:40:19.910,3.3,900
2020-09-28 09:40:19.910,3.3,3000
2020-09-28 09:40:19.910,3.3,7100
2020-09-28 09:40:19.910,3.3,2900
2020-09-28 09:40:19.910,3.3,10000
2020-09-28 09:40:19.910,3.3,5000
2020-09-28 09:40:19.910,3.3,1300
2020-09-28 09:40:19.910,3.3,800
2020-09-28 09:40:19.910,3.3,1000
2020-09-28 09:40:19.910,3.3,400
2020-09-28 09:40:19.910,3.3,400
2020-09-28 09:40:19.910,3.3,500
2020-09-28 09:40:19.910,3.3,200
2020-09-28 09:40:19.910,3.3,100
2020-09-28 09:40:19.910,3.3,1000
2020-09-28 09:40:19.910,3.3,3500
2020-09-28 09:40:19.910,3.3,12000
2020-09-28 09:40:19.910,3.3,900
2020-09-28 09:40:19.910,3.3,7100
2020-09-28 09:40:19.910,3.3,12900
2020-09-28 09:40:19.910,3.3,37100
2020-09-28 09:40:19.910,3.3,1200
2020-09-28 09:40:19.910,3.3,1700
2020-09-28 09:40:19.910,3.3,3300
2020-09-28 09:40:19.910,3.3,11800
2020-09-28 09:40:19.910,3.3,3400
2020-09-28 09:40:19.910,3.3,200
2020-09-28 09:40:19.910,3.3,1000
2020-09-28 09:40:19.910,3.3,5000
2020-09-28 09:40:19.910,3.3,15300
2020-09-28 09:40:19.910,3.3,40000
2020-09-28 09:40:19.910,3.3,50000
2020-09-28 09:40:19.910,3.3,20000
2020-09-28 09:40:21.690,3.3,6000
2020-09-28 09:40:22.790,3.299,800
2020-09-28 09:40:22.910,3.3,40000
2020-09-28 09:40:24.390,3.299,34800
2020-09-28 09:40:24.390,3.299,11800
2020-09-28 09:40:24.390,3.299,100
2020-09-28 09:40:24.390,3.299,4900
2020-09-28 09:40:25.310,3.299,114700
2020-09-28 09:40:25.580,3.3,100000
2020-09-28 09:40:25.580,3.3,20000
2020-09-28 09:40:25.580,3.3,40000
2020-09-28 09:40:25.900,3.3,100000
2020-09-28 09:40:25.900,3.3,40000
2020-09-28 09:40:25.900,3.3,3200
2020-09-28 09:40:25.900,3.3,10000
2020-09-28 09:40:25.900,3.3,6800
2020-09-28 09:40:26.140,3.3,3200
2020-09-28 09:40:26.140,3.3,50000
2020-09-28 09:40:26.140,3.3,100
2020-09-28 09:40:26.140,3.3,5000
2020-09-28 09:40:26.140,3.3,1000
2020-09-28 09:40:26.140,3.3,700
2020-09-28 09:40:26.140,3.3,4000
2020-09-28 09:40:26.140,3.3,600
2020-09-28 09:40:26.140,3.3,20000
2020-09-28 09:40:26.140,3.3,5200
2020-09-28 09:40:26.140,3.3,16100
2020-09-28 09:40:26.140,3.3,3000
2020-09-28 09:40:26.140,3.3,200
2020-09-28 09:40:26.140,3.3,500
2020-09-28 09:40:27.850,3.3,190500
2020-09-28 09:40:27.850,3.3,3100
2020-09-28 09:40:27.850,3.3,40000
2020-09-28 09:40:27.850,3.299,185300
2020-09-28 09:40:27.920,3.299,100
2020-09-28 09:40:28.690,3.298,500
2020-09-28 09:40:28.910,3.299,100000
2020-09-28 09:40:31.610,3.299,100000
2020-09-28 09:40:31.610,3.299,20000
2020-09-28 09:40:31.850,3.299,37500
2020-09-28 09:40:32.200,3.298,4000
2020-09-28 09:40:32.450,3.299,15000
2020-09-28 09:40:32.620,3.299,10000
2020-09-28 09:40:32.620,3.299,80000
2020-09-28 09:40:32.620,3.299,40000
2020-09-28 09:40:32.620,3.299,20000
2020-09-28 09:40:32.760,3.298,2500
2020-09-28 09:40:33.870,3.299,7300
2020-09-28 09:40:34.950,3.299,10000
2020-09-28 09:40:36.130,3.299,40000
2020-09-28 09:40:37.410,3.299,1200
2020-09-28 09:40:37.410,3.299,11200
2020-09-28 09:40:37.410,3.299,2100
2020-09-28 09:40:37.410,3.299,2000
2020-09-28 09:40:37.410,3.299,16100
2020-09-28 09:40:37.410,3.299,1000
2020-09-28 09:40:37.410,3.3,10000
2020-09-28 09:40:37.410,3.3,3000
2020-09-28 09:40:37.470,3.3,10000
2020-09-28 09:40:40.390,3.301,700
2020-09-28 09:40:42.330,3.3,3000
2020-09-28 09:40:43.220,3.3,5000
2020-09-28 09:40:44.780,3.3,10000
2020-09-28 09:40:47.090,3.301,300
2020-09-28 09:40:47.090,3.301,7000
2020-09-28 09:40:47.090,3.301,2700
2020-09-28 09:40:47.120,3.3,225400
2020-09-28 09:40:47.120,3.3,100
2020-09-28 09:40:53.880,3.299,3000
2020-09-28 09:40:53.880,3.299,2000
2020-09-28 09:40:54.230,3.3,500
2020-09-28 09:40:55.290,3.299,13000
2020-09-28 09:40:55.290,3.298,3500
2020-09-28 09:40:55.290,3.298,10000
2020-09-28 09:40:55.290,3.298,10000
2020-09-28 09:40:55.290,3.298,4200
2020-09-28 09:40:55.290,3.298,24200
2020-09-28 09:40:55.290,3.298,300
2020-09-28 09:40:55.290,3.298,300000
2020-09-28 09:40:55.390,3.298,3200
2020-09-28 09:40:55.880,3.297,1600
2020-09-28 09:40:55.880,3.297,1000
2020-09-28 09:40:55.880,3.297,93000
2020-09-28 09:40:55.880,3.297,302100
2020-09-28 09:40:55.880,3.298,40000
2020-09-28 09:40:55.880,3.298,40000
2020-09-28 09:40:55.880,3.298,20000
2020-09-28 09:40:56.710,3.298,31600
2020-09-28 09:40:56.710,3.299,7700
2020-09-28 09:40:58.030,3.299,12000
2020-09-28 09:40:59.160,3.299,73300
2020-09-28 09:40:59.160,3.299,226700
2020-09-28 09:40:59.570,3.299,1300
2020-09-28 09:41:01.370,3.299,800
2020-09-28 09:41:01.910,3.299,2200
2020-09-28 09:41:01.910,3.299,7800
2020-09-28 09:41:02.840,3.298,39500
2020-09-28 09:41:03.060,3.299,9500
2020-09-28 09:41:04.580,3.3,40000
2020-09-28 09:41:04.850,3.298,3000
2020-09-28 09:41:05.520,3.298,500
2020-09-28 09:41:06.000,3.299,2900
2020-09-28 09:41:06.800,3.299,3200
2020-09-28 09:41:06.890,3.3,5000
2020-09-28 09:41:07.410,3.3,1100
2020-09-28 09:41:09.100,3.299,1000
2020-09-28 09:41:11.260,3.299,1000
2020-09-28 09:41:12.500,3.3,28100
2020-09-28 09:41:12.500,3.3,10000
2020-09-28 09:41:12.500,3.3,3000
2020-09-28 09:41:12.500,3.3,4000
2020-09-28 09:41:12.500,3.3,34900
2020-09-28 09:41:12.500,3.3,7400
2020-09-28 09:41:12.500,3.3,6000
2020-09-28 09:41:12.500,3.3,66600
2020-09-28 09:41:13.860,3.3,40000
2020-09-28 09:41:13.860,3.3,80000
2020-09-28 09:41:13.860,3.3,40000
2020-09-28 09:41:13.860,3.3,80000
2020-09-28 09:41:14.940,3.3,900
2020-09-28 09:41:16.560,3.299,1900
2020-09-28 09:41:16.560,3.299,3100
2020-09-28 09:41:16.900,3.3,70000
2020-09-28 09:41:16.900,3.3,10000
2020-09-28 09:41:16.900,3.3,12500
2020-09-28 09:41:16.900,3.3,27500
2020-09-28 09:41:16.900,3.3,3000
2020-09-28 09:41:16.900,3.3,100
2020-09-28 09:41:16.900,3.3,5000
2020-09-28 09:41:16.900,3.3,200
2020-09-28 09:41:16.900,3.3,7100
2020-09-28 09:41:16.900,3.3,1000
2020-09-28 09:41:16.900,3.3,83600
2020-09-28 09:41:16.900,3.3,16400
2020-09-28 09:41:16.900,3.3,4900
2020-09-28 09:41:16.900,3.3,30700
2020-09-28 09:41:16.900,3.3,2000
2020-09-28 09:41:16.900,3.3,46000
2020-09-28 09:41:16.900,3.3,50000
2020-09-28 09:41:17.300,3.3,6000
2020-09-28 09:41:18.630,3.3,1000
2020-09-28 09:41:19.410,3.299,1000
2020-09-28 09:41:19.460,3.299,900
2020-09-28 09:41:19.460,3.299,1000
2020-09-28 09:41:19.460,3.299,3300
2020-09-28 09:41:19.460,3.299,12000
2020-09-28 09:41:19.460,3.299,500
2020-09-28 09:41:19.460,3.299,1000
2020-09-28 09:41:19.460,3.299,4000
2020-09-28 09:41:19.460,3.299,519300
2020-09-28 09:41:19.550,3.299,20000
2020-09-28 09:41:19.910,3.3,40000
2020-09-28 09:41:19.910,3.3,57000
2020-09-28 09:41:19.910,3.3,20000
2020-09-28 09:41:19.910,3.3,3000
2020-09-28 09:41:20.250,3.299,10000
2020-09-28 09:41:20.420,3.3,37600
2020-09-28 09:41:21.150,3.3,5000
2020-09-28 09:41:21.350,3.301,200
2020-09-28 09:41:21.350,3.301,10000
2020-09-28 09:41:21.350,3.301,13400
2020-09-28 09:41:21.350,3.301,600
2020-09-28 09:41:21.350,3.301,1000
2020-09-28 09:41:21.350,3.301,2000
2020-09-28 09:41:21.350,3.301,15000
2020-09-28 09:41:21.350,3.301,10000
2020-09-28 09:41:21.350,3.301,100
2020-09-28 09:41:21.350,3.301,9200
2020-09-28 09:41:21.350,3.301,400
2020-09-28 09:41:21.350,3.301,300
2020-09-28 09:41:21.350,3.301,1000
2020-09-28 09:41:21.350,3.301,6500
2020-09-28 09:41:21.350,3.301,2000
2020-09-28 09:41:21.350,3.301,8300
2020-09-28 09:41:24.490,3.3,1000
2020-09-28 09:41:24.580,3.301,3200
2020-09-28 09:41:24.580,3.301,100
2020-09-28 09:41:24.580,3.301,100
2020-09-28 09:41:24.580,3.301,200
2020-09-28 09:41:24.580,3.301,3000
2020-09-28 09:41:24.580,3.301,100
2020-09-28 09:41:24.580,3.301,500
2020-09-28 09:41:24.580,3.301,1000
2020-09-28 09:41:24.580,3.301,200
2020-09-28 09:41:24.580,3.301,7000
2020-09-28 09:41:24.580,3.301,2000
2020-09-28 09:41:24.580,3.301,1400
2020-09-28 09:41:24.580,3.301,12600
2020-09-28 09:41:24.580,3.301,100000
2020-09-28 09:41:24.580,3.301,2500
2020-09-28 09:41:24.580,3.301,3300
2020-09-28 09:41:24.580,3.301,10000
2020-09-28 09:41:24.580,3.301,6100
2020-09-28 09:41:24.580,3.301,1000
2020-09-28 09:41:24.580,3.301,3000
2020-09-28 09:41:24.580,3.301,5000
2020-09-28 09:41:24.580,3.301,10000
2020-09-28 09:41:24.580,3.301,100
2020-09-28 09:41:24.580,3.301,2000
2020-09-28 09:41:24.580,3.301,20000
2020-09-28 09:41:24.580,3.301,1200
2020-09-28 09:41:24.580,3.301,100000
2020-09-28 09:41:32.450,3.301,100
2020-09-28 09:41:35.040,3.301,2000
2020-09-28 09:41:36.930,3.301,700
2020-09-28 09:41:37.190,3.301,1000
2020-09-28 09:41:37.810,3.302,500
2020-09-28 09:41:38.350,3.301,600
2020-09-28 09:41:38.350,3.301,200
2020-09-28 09:41:38.350,3.301,200
2020-09-28 09:41:40.290,3.301,100
2020-09-28 09:41:40.290,3.301,4500
2020-09-28 09:41:41.070,3.301,500
2020-09-28 09:41:41.070,3.301,500
2020-09-28 09:41:42.000,3.301,300
2020-09-28 09:41:42.370,3.301,3000
2020-09-28 09:41:42.500,3.302,10000
2020-09-28 09:41:46.610,3.302,20000
2020-09-28 09:41:46.610,3.302,44500
2020-09-28 09:41:46.610,3.302,55500
2020-09-28 09:41:46.610,3.302,90000
2020-09-28 09:41:46.610,3.302,100000
2020-09-28 09:41:46.610,3.302,20000
2020-09-28 09:41:46.610,3.302,90000
2020-09-28 09:41:47.020,3.302,144500
2020-09-28 09:41:47.020,3.302,5000
2020-09-28 09:41:47.020,3.302,1000
2020-09-28 09:41:47.020,3.302,15000
2020-09-28 09:41:47.020,3.302,15000
2020-09-28 09:41:47.020,3.302,100
2020-09-28 09:41:47.020,3.302,50000
2020-09-28 09:41:47.020,3.302,3000
2020-09-28 09:41:47.020,3.302,3000
2020-09-28 09:41:47.020,3.302,10000
2020-09-28 09:41:47.020,3.302,100
2020-09-28 09:41:47.020,3.302,3300
2020-09-28 09:41:47.280,3.302,15700
2020-09-28 09:41:47.280,3.302,10000
2020-09-28 09:41:47.280,3.302,5000
2020-09-28 09:41:47.280,3.302,1000
2020-09-28 09:41:47.280,3.302,5000
2020-09-28 09:41:47.280,3.302,40600
2020-09-28 09:41:47.280,3.302,1000
2020-09-28 09:41:47.280,3.302,3000
2020-09-28 09:41:47.280,3.302,5000
2020-09-28 09:41:47.280,3.302,5000
2020-09-28 09:41:47.280,3.302,2500
2020-09-28 09:41:47.280,3.302,1000
2020-09-28 09:41:47.280,3.302,3000
2020-09-28 09:41:47.280,3.302,4000
2020-09-28 09:41:47.280,3.302,2000
2020-09-28 09:41:47.280,3.302,8200
2020-09-28 09:41:47.940,3.302,2000
2020-09-28 09:41:48.910,3.303,500
2020-09-28 09:41:48.910,3.303,5000
2020-09-28 09:41:48.910,3.303,1000
2020-09-28 09:41:48.910,3.303,300
2020-09-28 09:41:48.910,3.303,1000
2020-09-28 09:41:48.910,3.303,10000
2020-09-28 09:41:48.910,3.303,100
2020-09-28 09:41:48.910,3.303,100000
2020-09-28 09:41:48.910,3.303,10000
2020-09-28 09:41:48.910,3.303,9000
2020-09-28 09:41:48.910,3.303,5700
2020-09-28 09:41:48.910,3.303,30000
2020-09-28 09:41:48.910,3.303,7000
2020-09-28 09:41:48.910,3.303,200
2020-09-28 09:41:48.910,3.303,115200
2020-09-28 09:41:49.840,3.303,10000
2020-09-28 09:41:49.840,3.303,6300
2020-09-28 09:41:49.840,3.303,5000
2020-09-28 09:41:49.840,3.303,4900
2020-09-28 09:41:49.840,3.303,16000
2020-09-28 09:41:49.840,3.303,100
2020-09-28 09:41:49.840,3.303,400
2020-09-28 09:41:49.840,3.303,20000
2020-09-28 09:41:49.840,3.303,14000
2020-09-28 09:41:49.840,3.303,3000
2020-09-28 09:41:49.840,3.303,2000
2020-09-28 09:41:49.840,3.303,500
2020-09-28 09:41:49.840,3.303,10000
2020-09-28 09:41:49.840,3.303,20000
2020-09-28 09:41:49.840,3.303,20000
2020-09-28 09:41:49.840,3.303,1500
2020-09-28 09:41:49.840,3.303,1000
2020-09-28 09:41:49.840,3.303,1000
2020-09-28 09:41:49.840,3.303,6000
2020-09-28 09:41:49.840,3.303,100000
2020-09-28 09:41:49.840,3.303,100
2020-09-28 09:41:49.840,3.303,53200
2020-09-28 09:41:49.870,3.302,5000
2020-09-28 09:41:49.990,3.303,20000
2020-09-28 09:41:49.990,3.303,80000
2020-09-28 09:41:49.990,3.303,47800
2020-09-28 09:41:49.990,3.303,2000
2020-09-28 09:41:49.990,3.303,5000
2020-09-28 09:41:49.990,3.303,1500
2020-09-28 09:41:49.990,3.303,3700
2020-09-28 09:41:49.990,3.303,20000
2020-09-28 09:41:49.990,3.303,40000
2020-09-28 09:41:49.990,3.303,80000
2020-09-28 09:41:49.990,3.303,60000
2020-09-28 09:41:49.990,3.303,40000
2020-09-28 09:41:49.990,3.303,20000
2020-09-28 09:41:49.990,3.303,60000
2020-09-28 09:41:49.990,3.303,20000
2020-09-28 09:41:49.990,3.303,56300
2020-09-28 09:41:49.990,3.303,3700
2020-09-28 09:41:50.150,3.302,5600
2020-09-28 09:41:50.520,3.302,16600
2020-09-28 09:41:50.670,3.303,500
2020-09-28 09:41:51.640,3.303,6300
2020-09-28 09:41:53.120,3.304,600
2020-09-28 09:41:53.120,3.304,300
2020-09-28 09:41:53.120,3.304,100
2020-09-28 09:41:53.120,3.304,10000
2020-09-28 09:41:53.120,3.304,1000
2020-09-28 09:41:53.120,3.304,1000
2020-09-28 09:41:53.120,3.304,10000
2020-09-28 09:41:53.120,3.304,10000
2020-09-28 09:41:53.120,3.304,400
2020-09-28 09:41:53.120,3.304,3000
2020-09-28 09:41:53.120,3.304,2000
2020-09-28 09:41:53.120,3.304,5000
2020-09-28 09:41:53.120,3.304,4000
2020-09-28 09:41:53.120,3.304,2000
2020-09-28 09:41:53.120,3.304,500
2020-09-28 09:41:53.120,3.304,100
2020-09-28 09:41:54.530,3.303,3300
2020-09-28 09:41:54.740,3.303,1800
2020-09-28 09:41:54.880,3.303,5000
2020-09-28 09:41:56.720,3.303,3400
2020-09-28 09:41:56.720,3.303,8500
2020-09-28 09:41:58.210,3.304,4900
2020-09-28 09:41:58.210,3.304,2000
2020-09-28 09:41:58.210,3.304,2200
2020-09-28 09:41:58.210,3.304,20000
2020-09-28 09:41:58.210,3.304,100
2020-09-28 09:41:58.210,3.304,800
2020-09-28 09:41:59.120,3.303,300
2020-09-28 09:41:59.360,3.304,29200
2020-09-28 09:41:59.360,3.304,100
2020-09-28 09:41:59.360,3.304,2000
2020-09-28 09:41:59.360,3.304,200
2020-09-28 09:41:59.360,3.304,68500
2020-09-28 09:42:00.650,3.303,10000
2020-09-28 09:42:00.810,3.304,2000
2020-09-28 09:42:00.890,3.304,1400
2020-09-28 09:42:02.040,3.304,100000
2020-09-28 09:42:02.630,3.304,90000
2020-09-28 09:42:02.680,3.304,115000
2020-09-28 09:42:04.020,3.303,6000
2020-09-28 09:42:04.970,3.304,26400
2020-09-28 09:42:05.000,3.304,20000
2020-09-28 09:42:05.000,3.304,40000
2020-09-28 09:42:05.000,3.304,36700
2020-09-28 09:42:05.000,3.304,1000
2020-09-28 09:42:05.000,3.304,2300
2020-09-28 09:42:05.000,3.304,30000
2020-09-28 09:42:05.000,3.304,10000
2020-09-28 09:42:05.000,3.304,7700
2020-09-28 09:42:05.000,3.304,500
2020-09-28 09:42:05.000,3.304,10000
2020-09-28 09:42:05.000,3.304,1000
2020-09-28 09:42:05.000,3.304,1000
2020-09-28 09:42:05.000,3.304,3000
2020-09-28 09:42:05.000,3.304,5000
2020-09-28 09:42:05.000,3.304,1800
2020-09-28 09:42:05.000,3.304,1300
2020-09-28 09:42:05.000,3.304,2000
2020-09-28 09:42:05.000,3.304,10000
2020-09-28 09:42:05.000,3.304,50000
2020-09-28 09:42:05.000,3.304,5000
2020-09-28 09:42:05.000,3.304,1700
2020-09-28 09:42:05.110,3.304,20000
2020-09-28 09:42:05.300,3.304,7300
2020-09-28 09:42:05.300,3.304,6400
2020-09-28 09:42:05.300,3.304,800
2020-09-28 09:42:05.300,3.304,500
2020-09-28 09:42:05.300,3.304,2000
2020-09-28 09:42:05.300,3.304,1500
2020-09-28 09:42:05.300,3.304,500
2020-09-28 09:42:05.300,3.304,1500
2020-09-28 09:42:05.300,3.304,2800
2020-09-28 09:42:05.300,3.304,2000
2020-09-28 09:42:05.300,3.305,200
2020-09-28 09:42:05.300,3.305,1000
2020-09-28 09:42:05.300,3.305,3000
2020-09-28 09:42:05.300,3.305,100
2020-09-28 09:42:05.300,3.305,100
2020-09-28 09:42:05.300,3.305,3000
2020-09-28 09:42:05.300,3.305,207700
2020-09-28 09:42:05.300,3.305,100
2020-09-28 09:42:05.300,3.305,10000
2020-09-28 09:42:05.300,3.305,1600
2020-09-28 09:42:05.300,3.305,10000
2020-09-28 09:42:05.300,3.305,3000
2020-09-28 09:42:05.300,3.305,1200
2020-09-28 09:42:05.300,3.305,12000
2020-09-28 09:42:05.300,3.305,6000
2020-09-28 09:42:05.300,3.305,200
2020-09-28 09:42:05.300,3.305,1000
2020-09-28 09:42:05.300,3.305,5000
2020-09-28 09:42:05.300,3.305,100
2020-09-28 09:42:05.300,3.305,5000
2020-09-28 09:42:05.300,3.305,4400
2020-09-28 09:42:06.200,3.304,5000
2020-09-28 09:42:07.950,3.305,600
2020-09-28 09:42:07.950,3.305,5000
2020-09-28 09:42:07.950,3.305,5000
2020-09-28 09:42:07.950,3.305,300
2020-09-28 09:42:07.950,3.305,100
2020-09-28 09:42:07.950,3.305,20000
2020-09-28 09:42:07.950,3.305,100
2020-09-28 09:42:07.950,3.305,1200
2020-09-28 09:42:07.950,3.305,10000
2020-09-28 09:42:07.950,3.305,1500
2020-09-28 09:42:07.950,3.305,8900
2020-09-28 09:42:07.950,3.305,10000
2020-09-28 09:42:07.950,3.305,1000
2020-09-28 09:42:07.950,3.305,16300
2020-09-28 09:42:07.950,3.305,13700
2020-09-28 09:42:07.950,3.305,2500
2020-09-28 09:42:07.950,3.305,20000
2020-09-28 09:42:07.950,3.305,1000
2020-09-28 09:42:07.950,3.305,2800
2020-09-28 09:42:08.010,3.305,7200
2020-09-28 09:42:08.010,3.305,6100
2020-09-28 09:42:08.010,3.305,26700
2020-09-28 09:42:08.010,3.305,63300
2020-09-28 09:42:08.010,3.305,10000
2020-09-28 09:42:08.010,3.305,2400
2020-09-28 09:42:08.010,3.305,10000
2020-09-28 09:42:08.010,3.305,10000
2020-09-28 09:42:08.010,3.305,4300
2020-09-28 09:42:08.270,3.305,2200
2020-09-28 09:42:08.520,3.304,1000
2020-09-28 09:42:08.710,3.304,1500
2020-09-28 09:42:08.710,3.305,3500
2020-09-28 09:42:08.710,3.305,1000
2020-09-28 09:42:08.710,3.305,100
2020-09-28 09:42:08.710,3.305,2000
2020-09-28 09:42:08.710,3.305,10000
2020-09-28 09:42:08.710,3.305,2000
2020-09-28 09:42:08.710,3.305,10000
2020-09-28 09:42:08.710,3.305,3000
2020-09-28 09:42:08.710,3.305,100
2020-09-28 09:42:08.710,3.305,5000
2020-09-28 09:42:08.710,3.305,5000
2020-09-28 09:42:08.710,3.305,1500
2020-09-28 09:42:08.710,3.305,15000
2020-09-28 09:42:08.710,3.305,3300
2020-09-28 09:42:08.710,3.305,5000
2020-09-28 09:42:08.710,3.305,300
2020-09-28 09:42:08.860,3.305,500
2020-09-28 09:42:09.870,3.306,1000
2020-09-28 09:42:09.870,3.306,200
2020-09-28 09:42:09.870,3.306,100
2020-09-28 09:42:09.870,3.306,10000
2020-09-28 09:42:09.870,3.306,1000
2020-09-28 09:42:09.870,3.306,70000
2020-09-28 09:42:09.870,3.306,10000
2020-09-28 09:42:09.870,3.306,2000
2020-09-28 09:42:09.870,3.306,500
2020-09-28 09:42:09.870,3.306,3000
2020-09-28 09:42:09.870,3.306,100
2020-09-28 09:42:09.870,3.306,2000
2020-09-28 09:42:09.870,3.306,100
2020-09-28 09:42:09.920,3.305,1600
2020-09-28 09:42:09.990,3.305,40000
2020-09-28 09:42:09.990,3.305,100
2020-09-28 09:42:10.070,3.306,2900
2020-09-28 09:42:10.070,3.306,100
2020-09-28 09:42:10.070,3.306,10000
2020-09-28 09:42:10.070,3.306,300
2020-09-28 09:42:10.070,3.306,1400
2020-09-28 09:42:10.070,3.306,5000
2020-09-28 09:42:10.070,3.306,20300
2020-09-28 09:42:10.360,3.306,300000
2020-09-28 09:42:10.440,3.306,40000
2020-09-28 09:42:10.590,3.306,239700
2020-09-28 09:42:10.590,3.306,50000
2020-09-28 09:42:10.590,3.306,5000
2020-09-28 09:42:10.590,3.306,5300
2020-09-28 09:42:10.780,3.306,5600
2020-09-28 09:42:10.930,3.306,9100
2020-09-28 09:42:10.930,3.306,9200
2020-09-28 09:42:10.930,3.306,200
2020-09-28 09:42:10.930,3.306,1000
2020-09-28 09:42:10.930,3.306,10000
2020-09-28 09:42:10.930,3.306,400
2020-09-28 09:42:10.930,3.306,100
2020-09-28 09:42:10.990,3.306,1900
2020-09-28 09:42:10.990,3.306,2000
2020-09-28 09:42:11.050,3.306,2000
2020-09-28 09:42:11.600,3.306,14100
2020-09-28 09:42:11.600,3.306,24800
2020-09-28 09:42:11.600,3.306,10000
2020-09-28 09:42:11.600,3.305,51100
2020-09-28 09:42:11.890,3.307,100
2020-09-28 09:42:11.890,3.307,300
2020-09-28 09:42:11.890,3.307,5000
2020-09-28 09:42:11.890,3.307,100
2020-09-28 09:42:11.890,3.307,4500
2020-09-28 09:42:12.180,3.306,5000
2020-09-28 09:42:12.900,3.306,200
2020-09-28 09:42:13.850,3.306,3500
2020-09-28 09:42:13.850,3.307,5500
2020-09-28 09:42:13.850,3.307,3000
2020-09-28 09:42:13.850,3.307,1000
2020-09-28 09:42:13.850,3.307,10000
2020-09-28 09:42:13.850,3.307,700
2020-09-28 09:42:13.850,3.307,19800
2020-09-28 09:42:13.850,3.307,200
2020-09-28 09:42:13.850,3.307,5000
2020-09-28 09:42:13.850,3.307,5000
2020-09-28 09:42:13.850,3.307,100
2020-09-28 09:42:13.850,3.307,2900
2020-09-28 09:42:13.850,3.307,500
2020-09-28 09:42:13.850,3.307,1500
2020-09-28 09:42:13.850,3.307,3100
2020-09-28 09:42:13.850,3.307,800
2020-09-28 09:42:13.850,3.307,10000
2020-09-28 09:42:13.850,3.307,900
2020-09-28 09:42:14.020,3.307,5100
2020-09-28 09:42:14.020,3.307,5000
2020-09-28 09:42:14.020,3.307,6000
2020-09-28 09:42:14.020,3.307,1700
2020-09-28 09:42:14.350,3.307,9200
2020-09-28 09:42:14.410,3.307,20000
2020-09-28 09:42:14.490,3.307,69100
2020-09-28 09:42:14.750,3.307,100
2020-09-28 09:42:15.870,3.308,1000
2020-09-28 09:42:16.770,3.307,3000
2020-09-28 09:42:17.110,3.308,800
2020-09-28 09:42:17.110,3.308,200
2020-09-28 09:42:17.300,3.307,3000
2020-09-28 09:42:18.910,3.308,6000
2020-09-28 09:42:18.910,3.308,60000
2020-09-28 09:42:18.910,3.308,100
2020-09-28 09:42:18.910,3.308,2000
2020-09-28 09:42:18.910,3.308,8000
2020-09-28 09:42:18.910,3.308,10500
2020-09-28 09:42:18.910,3.308,5000
2020-09-28 09:42:18.910,3.308,100
2020-09-28 09:42:18.910,3.308,3000
2020-09-28 09:42:18.910,3.308,12000
2020-09-28 09:42:18.910,3.308,5000
2020-09-28 09:42:18.910,3.308,5000
2020-09-28 09:42:18.910,3.308,1000
2020-09-28 09:42:18.910,3.308,20000
2020-09-28 09:42:18.910,3.308,500
2020-09-28 09:42:18.910,3.308,21800
2020-09-28 09:42:19.430,3.307,1200
