Datetime,Price,Volume
2020-09-28 09:25:00.950,4.642,300
2020-09-28 09:25:00.950,4.642,2000
2020-09-28 09:25:00.950,4.642,500
2020-09-28 09:25:00.950,4.642,5000
2020-09-28 09:25:00.950,4.642,100
2020-09-28 09:25:00.950,4.642,100
2020-09-28 09:25:00.950,4.642,700
2020-09-28 09:25:00.950,4.642,1000
2020-09-28 09:25:00.950,4.642,5300
2020-09-28 09:25:00.950,4.642,200
2020-09-28 09:25:00.950,4.642,2000
2020-09-28 09:25:00.950,4.642,600
2020-09-28 09:25:00.950,4.642,1700
2020-09-28 09:25:00.950,4.642,3200
2020-09-28 09:25:00.950,4.642,5000
2020-09-28 09:25:00.950,4.642,500
2020-09-28 09:25:00.950,4.642,900
2020-09-28 09:25:00.950,4.642,10900
2020-09-28 09:25:00.950,4.642,10000
2020-09-28 09:25:00.950,4.642,2300
2020-09-28 09:25:00.950,4.642,100
2020-09-28 09:25:00.950,4.642,17600
2020-09-28 09:25:00.950,4.642,4500
2020-09-28 09:25:00.950,4.642,1100
2020-09-28 09:25:00.950,4.642,26800
2020-09-28 09:25:00.950,4.642,10000
2020-09-28 09:25:00.950,4.642,7100
2020-09-28 09:25:00.950,4.642,3700
2020-09-28 09:25:00.950,4.642,900
2020-09-28 09:25:00.950,4.642,500
2020-09-28 09:25:00.950,4.642,50000
2020-09-28 09:25:00.950,4.642,2000
2020-09-28 09:25:00.950,4.642,5000
2020-09-28 09:25:00.950,4.642,21600
2020-09-28 09:25:00.950,4.642,300
2020-09-28 09:25:00.950,4.642,400
2020-09-28 09:25:00.950,4.642,100
2020-09-28 09:25:00.950,4.642,900
2020-09-28 09:25:00.950,4.642,500
2020-09-28 09:25:00.950,4.642,8800
2020-09-28 09:25:00.950,4.642,6000
2020-09-28 09:25:00.950,4.642,19600
2020-09-28 09:25:00.950,4.642,500
2020-09-28 09:25:00.950,4.642,2500
2020-09-28 09:25:00.950,4.642,10000
2020-09-28 09:25:00.950,4.642,4300
2020-09-28 09:25:00.950,4.642,8000
2020-09-28 09:25:00.950,4.642,8000
2020-09-28 09:25:00.950,4.642,5000
2020-09-28 09:25:00.950,4.642,2500
2020-09-28 09:25:00.950,4.642,10000
2020-09-28 09:25:00.950,4.642,2200
2020-09-28 09:25:00.950,4.642,20000
2020-09-28 09:25:00.950,4.642,17800
2020-09-28 09:25:00.950,4.642,900
2020-09-28 09:25:00.950,4.642,1300
2020-09-28 09:25:00.950,4.642,3700
2020-09-28 09:25:00.950,4.642,10800
2020-09-28 09:25:00.950,4.642,200
2020-09-28 09:25:00.950,4.642,10900
2020-09-28 09:25:00.950,4.642,200
2020-09-28 09:25:00.950,4.642,54200
2020-09-28 09:25:00.950,4.642,1000
2020-09-28 09:25:00.950,4.642,10000
2020-09-28 09:25:00.950,4.642,2000
2020-09-28 09:25:00.950,4.642,72800
2020-09-28 09:25:00.950,4.642,43800
2020-09-28 09:25:00.950,4.642,1600
2020-09-28 09:25:00.950,4.642,11800
2020-09-28 09:25:00.950,4.642,10000
2020-09-28 09:25:00.950,4.642,1100
2020-09-28 09:25:00.950,4.642,400
2020-09-28 09:25:00.950,4.642,10000
2020-09-28 09:25:00.950,4.642,15000
2020-09-28 09:25:00.950,4.642,16700
2020-09-28 09:25:00.950,4.642,83300
2020-09-28 09:25:00.950,4.642,1200
2020-09-28 09:25:00.950,4.642,5000
2020-09-28 09:25:00.950,4.642,100000
2020-09-28 09:25:00.950,4.642,100000
2020-09-28 09:25:00.950,4.642,3000
2020-09-28 09:25:00.950,4.642,600
2020-09-28 09:25:00.950,4.642,1000
2020-09-28 09:25:00.950,4.642,15000
2020-09-28 09:25:00.950,4.642,3300
2020-09-28 09:25:00.950,4.642,2300
2020-09-28 09:25:00.950,4.642,17400
2020-09-28 09:25:00.950,4.642,10800
2020-09-28 09:25:00.950,4.642,100
2020-09-28 09:25:00.950,4.642,1700
2020-09-28 09:25:00.950,4.642,1000
2020-09-28 09:25:00.950,4.642,3100
2020-09-28 09:25:00.950,4.642,100
2020-09-28 09:25:00.950,4.642,200
2020-09-28 09:25:00.950,4.642,2300
2020-09-28 09:25:00.950,4.642,100
2020-09-28 09:25:00.950,4.642,100
2020-09-28 09:25:00.950,4.642,1700
2020-09-28 09:25:00.950,4.642,500
2020-09-28 09:25:00.950,4.642,100
2020-09-28 09:25:00.950,4.642,100
2020-09-28 09:25:00.950,4.642,400
2020-09-28 09:25:00.950,4.642,100
2020-09-28 09:25:00.950,4.642,4100
2020-09-28 09:25:00.950,4.642,100
2020-09-28 09:25:00.950,4.642,400
2020-09-28 09:25:00.950,4.642,1000
2020-09-28 09:25:00.950,4.642,400
2020-09-28 09:25:00.950,4.642,100
2020-09-28 09:25:00.950,4.642,300
2020-09-28 09:25:00.950,4.642,100
2020-09-28 09:25:00.950,4.642,1100
2020-09-28 09:25:00.950,4.642,200
2020-09-28 09:25:00.950,4.642,15000
2020-09-28 09:25:00.950,4.642,200
2020-09-28 09:25:00.950,4.642,3000
2020-09-28 09:25:00.950,4.642,100
2020-09-28 09:25:00.950,4.642,300
2020-09-28 09:25:00.950,4.642,2000
2020-09-28 09:25:00.950,4.642,1000
2020-09-28 09:25:00.950,4.642,200
2020-09-28 09:25:00.950,4.642,100
2020-09-28 09:25:00.950,4.642,100
2020-09-28 09:25:00.950,4.642,200
2020-09-28 09:25:00.950,4.642,100
2020-09-28 09:25:00.950,4.642,300
2020-09-28 09:25:00.950,4.642,400
2020-09-28 09:25:00.950,4.642,2700
2020-09-28 09:25:00.950,4.642,200
2020-09-28 09:25:00.950,4.642,500
2020-09-28 09:25:00.950,4.642,500
2020-09-28 09:25:00.950,4.642,500
2020-09-28 09:25:00.950,4.642,900
2020-09-28 09:25:00.950,4.642,5000
2020-09-28 09:25:00.950,4.642,300
2020-09-28 09:25:00.950,4.642,500
2020-09-28 09:25:00.950,4.642,300
2020-09-28 09:25:00.950,4.642,700
2020-09-28 09:25:00.950,4.642,300
2020-09-28 09:25:00.950,4.642,100
2020-09-28 09:25:00.950,4.642,1300
2020-09-28 09:25:00.950,4.642,100
2020-09-28 09:25:00.950,4.642,200
2020-09-28 09:25:00.950,4.642,300
2020-09-28 09:25:00.950,4.642,100
2020-09-28 09:25:00.950,4.642,4000
2020-09-28 09:25:00.950,4.642,1200
2020-09-28 09:25:00.950,4.642,3300
2020-09-28 09:25:00.950,4.642,200
2020-09-28 09:25:00.950,4.642,200
2020-09-28 09:25:00.950,4.642,1000
2020-09-28 09:25:00.950,4.642,300
2020-09-28 09:25:00.950,4.642,1500
2020-09-28 09:25:00.950,4.642,2700
2020-09-28 09:25:00.950,4.642,200
2020-09-28 09:25:00.950,4.642,600
2020-09-28 09:25:00.950,4.642,200
2020-09-28 09:25:00.950,4.642,600
2020-09-28 09:25:00.950,4.642,2700
2020-09-28 09:25:00.950,4.642,100
2020-09-28 09:25:00.950,4.642,1100
2020-09-28 09:25:00.950,4.642,100
2020-09-28 09:25:00.950,4.642,600
2020-09-28 09:25:00.950,4.642,500
2020-09-28 09:25:00.950,4.642,100
2020-09-28 09:25:00.950,4.642,100
2020-09-28 09:25:00.950,4.642,10700
2020-09-28 09:25:00.950,4.642,6000
2020-09-28 09:25:00.950,4.642,6000
2020-09-28 09:25:00.950,4.642,900
2020-09-28 09:25:00.950,4.642,100
2020-09-28 09:25:00.950,4.642,1000
2020-09-28 09:25:00.950,4.642,2000
2020-09-28 09:25:00.950,4.642,1000
2020-09-28 09:25:00.950,4.642,6000
2020-09-28 09:25:00.950,4.642,4000
2020-09-28 09:25:00.950,4.642,5000
2020-09-28 09:25:00.950,4.642,1100
2020-09-28 09:25:00.950,4.642,2800
2020-09-28 09:25:00.950,4.642,500
2020-09-28 09:25:00.950,4.642,8000
2020-09-28 09:25:00.950,4.642,100
2020-09-28 09:25:00.950,4.642,6000
2020-09-28 09:25:00.950,4.642,300
2020-09-28 09:25:00.950,4.642,2000
2020-09-28 09:25:00.950,4.642,100
2020-09-28 09:25:00.950,4.642,500
2020-09-28 09:25:00.950,4.642,100
2020-09-28 09:25:00.950,4.642,300
2020-09-28 09:25:00.950,4.642,2100
2020-09-28 09:25:00.950,4.642,5000
2020-09-28 09:25:00.950,4.642,72200
2020-09-28 09:25:00.950,4.642,48100
2020-09-28 09:25:00.950,4.642,6900
2020-09-28 09:25:00.950,4.642,800
2020-09-28 09:25:00.950,4.642,10000
2020-09-28 09:25:00.950,4.642,600
2020-09-28 09:25:00.950,4.642,600
2020-09-28 09:25:00.950,4.642,100000
2020-09-28 09:25:00.950,4.642,3500
2020-09-28 09:25:00.950,4.642,22300
2020-09-28 09:25:00.950,4.642,2000
2020-09-28 09:25:00.950,4.642,15000
2020-09-28 09:25:00.950,4.642,10000
2020-09-28 09:25:00.950,4.642,5300
2020-09-28 09:25:00.950,4.642,4000
2020-09-28 09:25:00.950,4.642,5000
2020-09-28 09:25:00.950,4.642,93700
2020-09-28 09:30:00.110,4.644,100
2020-09-28 09:30:00.110,4.644,9900
2020-09-28 09:30:00.110,4.644,40100
2020-09-28 09:30:00.110,4.644,4500
2020-09-28 09:30:00.220,4.645,5000
2020-09-28 09:30:00.220,4.645,100
2020-09-28 09:30:00.220,4.645,100
2020-09-28 09:30:00.220,4.645,1300
2020-09-28 09:30:00.220,4.645,100
2020-09-28 09:30:00.220,4.645,3400
2020-09-28 09:30:00.220,4.645,300
2020-09-28 09:30:00.290,4.645,1700
2020-09-28 09:30:00.290,4.645,2100
2020-09-28 09:30:00.290,4.645,2000
2020-09-28 09:30:00.290,4.644,1000
2020-09-28 09:30:00.390,4.646,1000
2020-09-28 09:30:00.390,4.646,600
2020-09-28 09:30:00.390,4.646,2000
2020-09-28 09:30:00.390,4.646,2000
2020-09-28 09:30:00.390,4.646,1100
2020-09-28 09:30:00.490,4.647,10000
2020-09-28 09:30:00.610,4.646,3300
2020-09-28 09:30:00.720,4.646,400
2020-09-28 09:30:00.720,4.646,2000
2020-09-28 09:30:00.850,4.645,20000
2020-09-28 09:30:00.970,4.646,3400
2020-09-28 09:30:00.970,4.646,9400
2020-09-28 09:30:00.970,4.646,3600
2020-09-28 09:30:00.970,4.647,30300
2020-09-28 09:30:00.970,4.645,10000
2020-09-28 09:30:01.090,4.647,1000
2020-09-28 09:30:01.210,4.647,13200
2020-09-28 09:30:01.450,4.646,2000
2020-09-28 09:30:01.450,4.645,6800
2020-09-28 09:30:01.450,4.647,10000
2020-09-28 09:30:01.560,4.647,400
2020-09-28 09:30:01.560,4.647,35100
2020-09-28 09:30:01.560,4.648,2300
2020-09-28 09:30:01.560,4.648,1000
2020-09-28 09:30:01.560,4.648,3000
2020-09-28 09:30:01.560,4.648,5000
2020-09-28 09:30:01.560,4.648,10000
2020-09-28 09:30:01.560,4.648,100
2020-09-28 09:30:01.560,4.648,25000
2020-09-28 09:30:01.560,4.648,68500
2020-09-28 09:30:01.690,4.645,1200
2020-09-28 09:30:01.690,4.645,7200
2020-09-28 09:30:01.810,4.648,296000
2020-09-28 09:30:01.810,4.648,296000
2020-09-28 09:30:01.940,4.647,10000
2020-09-28 09:30:01.940,4.648,6700
2020-09-28 09:30:02.060,4.647,500
2020-09-28 09:30:02.060,4.647,10000
2020-09-28 09:30:02.180,4.647,9500
2020-09-28 09:30:02.180,4.646,500
2020-09-28 09:30:02.180,4.646,41800
2020-09-28 09:30:02.300,4.646,3000
2020-09-28 09:30:02.300,4.647,1500
2020-09-28 09:30:02.440,4.647,10000
2020-09-28 09:30:02.440,4.647,100
2020-09-28 09:30:02.550,4.647,2500
2020-09-28 09:30:02.680,4.647,25000
2020-09-28 09:30:02.790,4.647,1000
2020-09-28 09:30:02.790,4.648,20600
2020-09-28 09:30:02.790,4.648,1000
2020-09-28 09:30:02.790,4.649,100
2020-09-28 09:30:02.790,4.649,10000
2020-09-28 09:30:02.790,4.649,1000
2020-09-28 09:30:02.790,4.649,1000
2020-09-28 09:30:02.790,4.649,16500
2020-09-28 09:30:02.790,4.649,400
2020-09-28 09:30:02.790,4.649,35000
2020-09-28 09:30:02.790,4.649,50000
2020-09-28 09:30:02.790,4.649,33400
2020-09-28 09:30:02.790,4.647,800
2020-09-28 09:30:02.790,4.649,3000
2020-09-28 09:30:02.970,4.647,40000
2020-09-28 09:30:03.010,4.649,60000
2020-09-28 09:30:03.010,4.647,15100
2020-09-28 09:30:03.010,4.647,5000
2020-09-28 09:30:03.130,4.648,25000
2020-09-28 09:30:03.130,4.648,10000
2020-09-28 09:30:03.130,4.648,2000
2020-09-28 09:30:03.130,4.649,97500
2020-09-28 09:30:03.130,4.649,165500
2020-09-28 09:30:03.130,4.647,4500
2020-09-28 09:30:03.250,4.647,3000
2020-09-28 09:30:03.250,4.647,10000
2020-09-28 09:30:03.250,4.647,10000
2020-09-28 09:30:03.250,4.647,200
2020-09-28 09:30:03.250,4.649,22000
2020-09-28 09:30:03.250,4.649,60900
2020-09-28 09:30:03.250,4.649,41600
2020-09-28 09:30:03.370,4.649,5000
2020-09-28 09:30:03.480,4.649,106400
2020-09-28 09:30:03.480,4.65,6000
2020-09-28 09:30:03.480,4.65,4000
2020-09-28 09:30:03.480,4.649,100
2020-09-28 09:30:03.480,4.649,116500
2020-09-28 09:30:03.480,4.649,1000
2020-09-28 09:30:03.600,4.65,2000
2020-09-28 09:30:03.600,4.65,500
2020-09-28 09:30:03.600,4.65,100
2020-09-28 09:30:03.600,4.65,1400
2020-09-28 09:30:03.600,4.649,1600
2020-09-28 09:30:03.730,4.65,1600
2020-09-28 09:30:03.730,4.65,3000
2020-09-28 09:30:03.730,4.65,100
2020-09-28 09:30:03.730,4.65,5300
2020-09-28 09:30:03.730,4.649,9600
2020-09-28 09:30:03.730,4.649,1000
2020-09-28 09:30:03.730,4.649,2200
2020-09-28 09:30:03.730,4.65,8700
2020-09-28 09:30:03.730,4.649,5000
2020-09-28 09:30:03.850,4.649,9600
2020-09-28 09:30:03.850,4.65,1000
2020-09-28 09:30:03.850,4.65,300
2020-09-28 09:30:03.850,4.65,4000
2020-09-28 09:30:03.850,4.65,300
2020-09-28 09:30:03.850,4.65,200
2020-09-28 09:30:03.850,4.65,9000
2020-09-28 09:30:03.850,4.65,4900
2020-09-28 09:30:03.850,4.65,300
2020-09-28 09:30:04.050,4.65,6300
2020-09-28 09:30:04.050,4.65,900
2020-09-28 09:30:04.050,4.65,4800
2020-09-28 09:30:04.050,4.65,49400
2020-09-28 09:30:04.050,4.65,4000
2020-09-28 09:30:04.050,4.65,1600
2020-09-28 09:30:04.050,4.65,5000
2020-09-28 09:30:04.050,4.65,10000
2020-09-28 09:30:04.050,4.65,22500
2020-09-28 09:30:04.050,4.65,10000
2020-09-28 09:30:04.050,4.65,500
2020-09-28 09:30:04.050,4.65,1500
2020-09-28 09:30:04.050,4.65,5000
2020-09-28 09:30:04.050,4.65,1000
2020-09-28 09:30:04.050,4.65,25000
2020-09-28 09:30:04.330,4.65,35200
2020-09-28 09:30:04.330,4.65,6400
2020-09-28 09:30:04.330,4.651,100
2020-09-28 09:30:04.330,4.651,2500
2020-09-28 09:30:04.330,4.651,5000
2020-09-28 09:30:04.330,4.651,5000
2020-09-28 09:30:04.330,4.651,4200
2020-09-28 09:30:04.330,4.651,1000
2020-09-28 09:30:04.330,4.651,4000
2020-09-28 09:30:04.330,4.652,2000
2020-09-28 09:30:04.330,4.652,1000
2020-09-28 09:30:04.330,4.652,1000
2020-09-28 09:30:04.330,4.652,2000
2020-09-28 09:30:04.330,4.652,3000
2020-09-28 09:30:04.330,4.652,1000
2020-09-28 09:30:04.330,4.652,4000
2020-09-28 09:30:04.330,4.652,25000
2020-09-28 09:30:04.330,4.652,10800
2020-09-28 09:30:04.440,4.652,24000
2020-09-28 09:30:04.550,4.65,2000
2020-09-28 09:30:04.830,4.65,2200
2020-09-28 09:30:05.030,4.65,200
2020-09-28 09:30:05.030,4.65,1000
2020-09-28 09:30:05.070,4.65,200
2020-09-28 09:30:05.310,4.652,200
2020-09-28 09:30:05.310,4.653,800
2020-09-28 09:30:05.310,4.654,700
2020-09-28 09:30:05.590,4.654,4300
2020-09-28 09:30:05.590,4.654,700
2020-09-28 09:30:06.840,4.654,10800
2020-09-28 09:30:06.840,4.654,600
2020-09-28 09:30:06.840,4.654,9600
2020-09-28 09:30:06.840,4.655,100
2020-09-28 09:30:06.840,4.655,1000
2020-09-28 09:30:06.840,4.655,200
2020-09-28 09:30:06.840,4.655,25000
2020-09-28 09:30:06.840,4.655,40000
2020-09-28 09:30:06.840,4.655,1700
2020-09-28 09:30:06.840,4.655,100
2020-09-28 09:30:06.840,4.655,3000
2020-09-28 09:30:06.840,4.655,2500
2020-09-28 09:30:06.840,4.655,2200
2020-09-28 09:30:06.840,4.655,3000
2020-09-28 09:30:06.840,4.655,31200
2020-09-28 09:30:06.840,4.655,50000
2020-09-28 09:30:07.180,4.656,100
2020-09-28 09:30:07.180,4.656,700
2020-09-28 09:30:07.180,4.656,35000
2020-09-28 09:30:07.180,4.656,1000
2020-09-28 09:30:07.180,4.656,7400
2020-09-28 09:30:07.180,4.656,10000
2020-09-28 09:30:07.180,4.656,800
2020-09-28 09:30:07.180,4.656,500
2020-09-28 09:30:08.590,4.656,10000
2020-09-28 09:30:08.590,4.656,25000
2020-09-28 09:30:08.640,4.657,200
2020-09-28 09:30:08.640,4.657,200
2020-09-28 09:30:08.640,4.657,24000
2020-09-28 09:30:08.640,4.657,2500
2020-09-28 09:30:08.640,4.657,150000
2020-09-28 09:30:08.640,4.657,5000
2020-09-28 09:30:08.640,4.657,2000
2020-09-28 09:30:08.640,4.657,3000
2020-09-28 09:30:08.740,4.658,100
2020-09-28 09:30:08.740,4.658,300
2020-09-28 09:30:08.740,4.658,100
2020-09-28 09:30:08.740,4.657,200
2020-09-28 09:30:09.080,4.657,100000
2020-09-28 09:30:10.250,4.656,500
2020-09-28 09:30:10.590,4.656,40000
2020-09-28 09:30:11.240,4.656,7400
2020-09-28 09:30:11.240,4.656,2600
2020-09-28 09:30:12.010,4.656,6000
2020-09-28 09:30:12.290,4.656,4700
2020-09-28 09:30:12.700,4.656,286600
2020-09-28 09:30:12.700,4.655,569000
2020-09-28 09:30:13.510,4.654,20000
2020-09-28 09:30:13.510,4.655,5100
2020-09-28 09:30:13.510,4.656,48000
2020-09-28 09:30:13.510,4.657,1000
2020-09-28 09:30:13.510,4.658,11000
2020-09-28 09:30:13.510,4.658,85000
2020-09-28 09:30:14.080,4.655,4700
2020-09-28 09:30:14.370,4.656,100
2020-09-28 09:30:14.370,4.658,10700
2020-09-28 09:30:15.390,4.655,3000
2020-09-28 09:30:15.560,4.655,19000
2020-09-28 09:30:15.860,4.655,62500
2020-09-28 09:30:15.890,4.655,3000
2020-09-28 09:30:16.250,4.655,5400
2020-09-28 09:30:16.320,4.655,10700
2020-09-28 09:30:16.350,4.655,187700
2020-09-28 09:30:16.350,4.655,7300
2020-09-28 09:30:16.470,4.655,100
2020-09-28 09:30:16.790,4.656,1000
2020-09-28 09:30:16.790,4.654,10700
2020-09-28 09:30:17.080,4.654,8700
2020-09-28 09:30:17.150,4.656,14300
2020-09-28 09:30:17.550,4.656,5000
2020-09-28 09:30:18.010,4.655,1000
2020-09-28 09:30:18.010,4.656,4700
2020-09-28 09:30:18.010,4.657,50000
2020-09-28 09:30:18.570,4.657,14000
2020-09-28 09:30:18.940,4.657,30000
2020-09-28 09:30:19.170,4.657,5100
2020-09-28 09:30:19.300,4.658,50500
2020-09-28 09:30:19.300,4.658,200
2020-09-28 09:30:19.300,4.658,20000
2020-09-28 09:30:19.300,4.658,50000
2020-09-28 09:30:19.300,4.658,5000
2020-09-28 09:30:19.300,4.658,5000
2020-09-28 09:30:19.300,4.658,19400
2020-09-28 09:30:20.240,4.657,11000
2020-09-28 09:30:20.470,4.657,1000
2020-09-28 09:30:20.830,4.657,69000
2020-09-28 09:30:20.940,4.657,50000
2020-09-28 09:30:20.970,4.658,500
2020-09-28 09:30:21.670,4.656,2000
2020-09-28 09:30:21.670,4.656,3000
2020-09-28 09:30:21.790,4.656,7000
2020-09-28 09:30:21.790,4.656,1000
2020-09-28 09:30:21.790,4.655,2000
2020-09-28 09:30:21.790,4.654,13700
2020-09-28 09:30:23.100,4.657,100
2020-09-28 09:30:23.100,4.657,4200
2020-09-28 09:30:23.100,4.657,5000
2020-09-28 09:30:23.100,4.658,700
2020-09-28 09:30:23.650,4.655,700
2020-09-28 09:30:23.720,4.656,1800
2020-09-28 09:30:23.720,4.657,1200
2020-09-28 09:30:24.350,4.656,1000
2020-09-28 09:30:24.720,4.657,13800
2020-09-28 09:30:24.720,4.657,4000
2020-09-28 09:30:24.720,4.658,4400
2020-09-28 09:30:24.720,4.658,50000
2020-09-28 09:30:24.720,4.658,10000
2020-09-28 09:30:24.720,4.658,67900
2020-09-28 09:30:25.240,4.658,174000
2020-09-28 09:30:26.930,4.657,10000
2020-09-28 09:30:26.930,4.658,58100
2020-09-28 09:30:26.930,4.658,10000
2020-09-28 09:30:26.930,4.658,600
2020-09-28 09:30:26.930,4.659,2300
2020-09-28 09:30:26.930,4.659,6000
2020-09-28 09:30:26.930,4.659,1000
2020-09-28 09:30:26.930,4.659,2000
2020-09-28 09:30:26.930,4.659,200
2020-09-28 09:30:26.930,4.659,800
2020-09-28 09:30:26.930,4.659,4000
2020-09-28 09:30:26.930,4.659,10000
2020-09-28 09:30:26.930,4.659,10000
2020-09-28 09:30:26.930,4.659,50000
2020-09-28 09:30:26.930,4.659,9700
2020-09-28 09:30:26.930,4.659,11800
2020-09-28 09:30:26.930,4.659,10000
2020-09-28 09:30:26.930,4.659,1000
2020-09-28 09:30:26.930,4.659,300
2020-09-28 09:30:26.930,4.66,6000
2020-09-28 09:30:26.930,4.66,6000
2020-09-28 09:30:26.930,4.66,1000
2020-09-28 09:30:26.930,4.66,39200
2020-09-28 09:30:27.260,4.66,10800
2020-09-28 09:30:27.260,4.66,100
2020-09-28 09:30:27.260,4.66,100
2020-09-28 09:30:27.260,4.66,3000
2020-09-28 09:30:27.260,4.66,4000
2020-09-28 09:30:27.260,4.66,1000
2020-09-28 09:30:27.260,4.66,1000
2020-09-28 09:30:28.170,4.658,600
2020-09-28 09:30:28.170,4.658,800
2020-09-28 09:30:28.390,4.658,800
2020-09-28 09:30:28.450,4.658,1400
2020-09-28 09:30:28.750,4.658,1200
2020-09-28 09:30:28.890,4.658,9200
2020-09-28 09:30:28.890,4.657,800
2020-09-28 09:30:29.140,4.659,10000
2020-09-28 09:30:29.350,4.659,2000
2020-09-28 09:30:29.440,4.659,18400
2020-09-28 09:30:29.920,4.659,4000
2020-09-28 09:30:29.920,4.66,1200
2020-09-28 09:30:29.920,4.66,50000
2020-09-28 09:30:29.920,4.66,5000
2020-09-28 09:30:29.920,4.66,100
2020-09-28 09:30:29.920,4.66,500
2020-09-28 09:30:29.920,4.66,146200
2020-09-28 09:30:29.920,4.66,50000
2020-09-28 09:30:29.920,4.66,4000
2020-09-28 09:30:29.920,4.66,500
2020-09-28 09:30:29.920,4.66,1000
2020-09-28 09:30:29.920,4.66,4000
2020-09-28 09:30:29.920,4.66,10000
2020-09-28 09:30:29.920,4.66,94900
2020-09-28 09:30:30.560,4.659,31200
2020-09-28 09:30:30.590,4.659,20000
2020-09-28 09:30:30.620,4.659,50000
2020-09-28 09:30:30.730,4.659,600
2020-09-28 09:30:30.730,4.66,1000
2020-09-28 09:30:30.760,4.659,7000
2020-09-28 09:30:31.220,4.659,6900
2020-09-28 09:30:31.220,4.658,400
2020-09-28 09:30:31.220,4.658,22700
2020-09-28 09:30:31.370,4.66,12500
2020-09-28 09:30:31.370,4.66,5000
2020-09-28 09:30:31.370,4.66,4200
2020-09-28 09:30:31.370,4.66,20000
2020-09-28 09:30:31.370,4.66,6000
2020-09-28 09:30:31.370,4.66,1100
2020-09-28 09:30:31.370,4.66,5000
2020-09-28 09:30:31.370,4.66,10000
2020-09-28 09:30:31.370,4.66,1300
2020-09-28 09:30:31.370,4.66,1000
2020-09-28 09:30:31.370,4.66,20000
2020-09-28 09:30:31.370,4.66,500
2020-09-28 09:30:32.240,4.66,6700
2020-09-28 09:30:32.990,4.66,10000
2020-09-28 09:30:33.150,4.661,4200
2020-09-28 09:30:33.150,4.661,200
2020-09-28 09:30:33.150,4.661,5000
2020-09-28 09:30:33.150,4.661,500
2020-09-28 09:30:33.210,4.661,3000
2020-09-28 09:30:33.210,4.661,1000
2020-09-28 09:30:33.430,4.661,20000
2020-09-28 09:30:33.860,4.662,4300
2020-09-28 09:30:33.860,4.662,700
2020-09-28 09:30:33.860,4.662,145100
2020-09-28 09:30:34.170,4.661,100000
2020-09-28 09:30:34.250,4.661,6000
2020-09-28 09:30:34.480,4.661,1000
2020-09-28 09:30:35.350,4.661,44000
2020-09-28 09:30:35.420,4.661,2000
2020-09-28 09:30:35.680,4.661,1000
2020-09-28 09:30:35.790,4.661,3800
2020-09-28 09:30:36.030,4.661,7800
2020-09-28 09:30:36.210,4.661,100
2020-09-28 09:30:36.840,4.661,100
2020-09-28 09:30:37.130,4.661,3000
2020-09-28 09:30:37.130,4.661,300
2020-09-28 09:30:37.310,4.661,2100
2020-09-28 09:30:38.220,4.662,1100
2020-09-28 09:30:38.220,4.662,5000
2020-09-28 09:30:38.220,4.662,35000
2020-09-28 09:30:38.220,4.662,2000
2020-09-28 09:30:38.220,4.662,10000
2020-09-28 09:30:38.220,4.662,3000
2020-09-28 09:30:38.220,4.662,2500
2020-09-28 09:30:38.220,4.662,5000
2020-09-28 09:30:38.220,4.662,4000
2020-09-28 09:30:38.220,4.662,25000
2020-09-28 09:30:38.220,4.662,19400
2020-09-28 09:30:38.220,4.662,500
2020-09-28 09:30:38.220,4.663,200
2020-09-28 09:30:38.220,4.663,12900
2020-09-28 09:30:38.220,4.663,4300
2020-09-28 09:30:38.220,4.663,20200
2020-09-28 09:30:38.250,4.661,6600
2020-09-28 09:30:38.250,4.661,23400
2020-09-28 09:30:38.340,4.661,10600
2020-09-28 09:30:38.640,4.663,17300
2020-09-28 09:30:39.220,4.661,1200
2020-09-28 09:30:39.220,4.661,15000
2020-09-28 09:30:39.630,4.661,5000
2020-09-28 09:30:39.970,4.66,6000
2020-09-28 09:30:39.970,4.66,4000
2020-09-28 09:30:40.030,4.66,100
2020-09-28 09:30:40.030,4.66,5000
2020-09-28 09:30:40.660,4.661,10000
2020-09-28 09:30:40.660,4.661,3300
2020-09-28 09:30:40.660,4.662,10000
2020-09-28 09:30:40.660,4.663,108700
2020-09-28 09:30:40.660,4.663,2000
2020-09-28 09:30:40.660,4.663,200
2020-09-28 09:30:40.660,4.663,500
2020-09-28 09:30:40.660,4.663,500
2020-09-28 09:30:40.660,4.663,4300
2020-09-28 09:30:40.660,4.663,2000
2020-09-28 09:30:40.660,4.663,500
2020-09-28 09:30:40.720,4.663,20000
2020-09-28 09:30:40.840,4.663,9000
2020-09-28 09:30:41.750,4.663,2000
2020-09-28 09:30:41.920,4.663,1500
2020-09-28 09:30:42.060,4.663,100000
2020-09-28 09:30:42.280,4.663,5000
2020-09-28 09:30:42.530,4.663,5400
2020-09-28 09:30:42.690,4.663,7600
2020-09-28 09:30:42.720,4.664,1800
2020-09-28 09:30:42.720,4.664,4500
2020-09-28 09:30:42.720,4.664,143800
2020-09-28 09:30:42.850,4.663,4300
2020-09-28 09:30:42.940,4.664,2400
2020-09-28 09:30:42.940,4.664,5000
2020-09-28 09:30:42.940,4.664,3600
2020-09-28 09:30:42.940,4.664,1000
2020-09-28 09:30:42.940,4.664,12000
2020-09-28 09:30:42.940,4.664,10000
2020-09-28 09:30:42.940,4.664,100
2020-09-28 09:30:42.940,4.664,10000
2020-09-28 09:30:42.940,4.664,14800
2020-09-28 09:30:42.940,4.664,25000
2020-09-28 09:30:42.940,4.664,4900
2020-09-28 09:30:43.010,4.664,9400
2020-09-28 09:30:43.090,4.664,22300
2020-09-28 09:30:43.280,4.664,5100
2020-09-28 09:30:43.280,4.664,400
2020-09-28 09:30:43.630,4.664,42300
2020-09-28 09:30:43.630,4.664,1000
2020-09-28 09:30:44.300,4.664,30700
2020-09-28 09:30:44.420,4.663,20000
2020-09-28 09:30:44.540,4.663,4300
2020-09-28 09:30:44.680,4.663,400
2020-09-28 09:30:44.920,4.663,5000
2020-09-28 09:30:45.290,4.663,100
2020-09-28 09:30:45.490,4.663,20000
2020-09-28 09:30:46.300,4.663,4000
2020-09-28 09:30:46.680,4.664,150100
2020-09-28 09:30:47.040,4.662,10000
2020-09-28 09:30:47.250,4.662,20000
2020-09-28 09:30:47.250,4.661,5000
2020-09-28 09:30:47.250,4.661,7100
2020-09-28 09:30:47.720,4.661,12900
2020-09-28 09:30:47.720,4.661,5000
2020-09-28 09:30:47.720,4.661,100
2020-09-28 09:30:47.720,4.661,1000
2020-09-28 09:30:47.720,4.661,1000
2020-09-28 09:30:47.720,4.661,1000
2020-09-28 09:30:47.720,4.661,4000
2020-09-28 09:30:47.720,4.662,1000
2020-09-28 09:30:47.860,4.662,100
2020-09-28 09:30:49.330,4.66,200
2020-09-28 09:30:49.330,4.66,9700
2020-09-28 09:30:49.330,4.66,4000
2020-09-28 09:30:49.330,4.66,500
2020-09-28 09:30:49.330,4.659,16900
2020-09-28 09:30:50.340,4.66,1000
2020-09-28 09:30:50.990,4.66,39000
2020-09-28 09:30:50.990,4.662,3600
2020-09-28 09:30:50.990,4.662,1700
2020-09-28 09:30:50.990,4.663,1000
2020-09-28 09:30:50.990,4.663,2800
2020-09-28 09:30:50.990,4.663,12000
2020-09-28 09:30:50.990,4.663,5000
2020-09-28 09:30:50.990,4.663,5000
2020-09-28 09:30:50.990,4.663,50000
2020-09-28 09:30:50.990,4.663,2200
2020-09-28 09:30:50.990,4.663,1000
2020-09-28 09:30:50.990,4.663,8000
2020-09-28 09:30:50.990,4.663,100
2020-09-28 09:30:50.990,4.663,18700
2020-09-28 09:30:51.400,4.658,1000
2020-09-28 09:30:51.690,4.663,6000
2020-09-28 09:30:52.570,4.66,1600
2020-09-28 09:30:53.010,4.66,45600
2020-09-28 09:30:53.220,4.66,2800
2020-09-28 09:30:53.530,4.661,500
2020-09-28 09:30:53.530,4.66,4300
2020-09-28 09:30:53.570,4.661,400
2020-09-28 09:30:53.570,4.661,18600
2020-09-28 09:30:54.280,4.66,2900
2020-09-28 09:30:54.280,4.658,3000
2020-09-28 09:30:54.280,4.658,500
2020-09-28 09:30:54.280,4.658,1000
2020-09-28 09:30:54.280,4.657,10500
2020-09-28 09:30:54.380,4.66,8100
2020-09-28 09:30:54.380,4.661,13300
2020-09-28 09:30:55.190,4.661,67200
2020-09-28 09:30:55.190,4.661,3000
2020-09-28 09:30:55.190,4.661,20000
2020-09-28 09:30:55.190,4.662,5000
2020-09-28 09:30:55.190,4.662,200
2020-09-28 09:30:55.190,4.662,54700
2020-09-28 09:30:55.880,4.662,11400
2020-09-28 09:30:56.410,4.662,130800
2020-09-28 09:30:56.500,4.66,1700
2020-09-28 09:30:56.500,4.66,100
2020-09-28 09:30:56.710,4.66,1900
2020-09-28 09:30:57.540,4.66,100
2020-09-28 09:30:58.080,4.66,2000
2020-09-28 09:30:58.530,4.66,100
2020-09-28 09:30:58.770,4.66,14100
2020-09-28 09:30:58.770,4.66,4500
2020-09-28 09:30:58.770,4.66,100
2020-09-28 09:30:58.770,4.66,18300
2020-09-28 09:30:58.770,4.66,4000
2020-09-28 09:30:58.770,4.66,2300
2020-09-28 09:30:59.180,4.66,15000
2020-09-28 09:30:59.470,4.66,41700
2020-09-28 09:30:59.470,4.658,30000
2020-09-28 09:30:59.470,4.657,328300
2020-09-28 09:30:59.620,4.661,5000
2020-09-28 09:31:00.560,4.659,100
2020-09-28 09:31:00.590,4.659,900
2020-09-28 09:31:00.590,4.66,25000
2020-09-28 09:31:00.590,4.66,1000
2020-09-28 09:31:00.590,4.66,11800
2020-09-28 09:31:00.590,4.661,5000
2020-09-28 09:31:00.590,4.661,5000
2020-09-28 09:31:00.590,4.661,44500
2020-09-28 09:31:00.620,4.661,700
2020-09-28 09:31:00.650,4.661,3000
2020-09-28 09:31:00.800,4.661,2500
2020-09-28 09:31:00.920,4.662,1000
2020-09-28 09:31:01.070,4.661,900
2020-09-28 09:31:01.100,4.661,1300
2020-09-28 09:31:01.570,4.657,7000
2020-09-28 09:31:01.690,4.661,2500
2020-09-28 09:31:01.940,4.661,13900
2020-09-28 09:31:02.530,4.658,1000
2020-09-28 09:31:02.630,4.658,4000
2020-09-28 09:31:02.740,4.658,11000
2020-09-28 09:31:02.740,4.659,300
2020-09-28 09:31:02.740,4.659,43100
2020-09-28 09:31:02.770,4.66,300
2020-09-28 09:31:03.080,4.659,5000
2020-09-28 09:31:03.500,4.66,2200
2020-09-28 09:31:03.590,4.659,240600
2020-09-28 09:31:04.150,4.659,500
2020-09-28 09:31:04.540,4.659,500
2020-09-28 09:31:04.890,4.66,2100
2020-09-28 09:31:05.090,4.656,400
2020-09-28 09:31:05.090,4.655,7000
2020-09-28 09:31:05.090,4.655,2600
2020-09-28 09:31:05.750,4.66,3000
2020-09-28 09:31:07.170,4.659,100
2020-09-28 09:31:07.350,4.659,1100
2020-09-28 09:31:07.880,4.659,2000
2020-09-28 09:31:08.190,4.659,100
2020-09-28 09:31:08.190,4.66,400
2020-09-28 09:31:08.630,4.657,2000
2020-09-28 09:31:08.690,4.657,500
2020-09-28 09:31:08.800,4.656,2000
2020-09-28 09:31:09.190,4.657,20000
2020-09-28 09:31:09.410,4.657,2600
2020-09-28 09:31:09.660,4.656,3000
2020-09-28 09:31:09.980,4.656,5000
2020-09-28 09:31:10.780,4.657,1700
2020-09-28 09:31:11.780,4.656,10800
2020-09-28 09:31:12.190,4.655,2000
2020-09-28 09:31:12.440,4.656,10000
2020-09-28 09:31:12.710,4.655,1000
2020-09-28 09:31:12.710,4.655,2000
2020-09-28 09:31:12.710,4.655,300
2020-09-28 09:31:12.710,4.655,40700
2020-09-28 09:31:13.590,4.655,500
2020-09-28 09:31:13.660,4.655,19500
2020-09-28 09:31:13.660,4.656,179200
2020-09-28 09:31:13.660,4.656,100
2020-09-28 09:31:13.660,4.656,6300
2020-09-28 09:31:13.660,4.656,11800
2020-09-28 09:31:13.750,4.657,175700
2020-09-28 09:31:13.750,4.657,400
2020-09-28 09:31:13.750,4.657,123900
2020-09-28 09:31:14.700,4.654,3000
2020-09-28 09:31:15.550,4.655,30000
2020-09-28 09:31:15.970,4.655,10000
2020-09-28 09:31:16.450,4.655,800
2020-09-28 09:31:16.450,4.656,1000
2020-09-28 09:31:16.600,4.656,10000
2020-09-28 09:31:17.450,4.656,1200
2020-09-28 09:31:17.620,4.656,5600
2020-09-28 09:31:17.760,4.656,7000
2020-09-28 09:31:18.860,4.656,4400
2020-09-28 09:31:18.860,4.656,3700
2020-09-28 09:31:19.110,4.656,200
2020-09-28 09:31:19.110,4.656,1500
2020-09-28 09:31:19.230,4.656,400
2020-09-28 09:31:19.620,4.656,100
2020-09-28 09:31:19.940,4.656,4100
2020-09-28 09:31:19.940,4.655,900
2020-09-28 09:31:20.430,4.655,6000
2020-09-28 09:31:20.430,4.655,4000
2020-09-28 09:31:20.550,4.655,500
2020-09-28 09:31:20.580,4.657,300
2020-09-28 09:31:20.670,4.655,18600
2020-09-28 09:31:20.670,4.655,90600
2020-09-28 09:31:20.850,4.654,397400
2020-09-28 09:31:21.010,4.657,30000
2020-09-28 09:31:21.110,4.657,10000
2020-09-28 09:31:21.170,4.655,10900
2020-09-28 09:31:21.170,4.655,50000
2020-09-28 09:31:21.470,4.657,80000
2020-09-28 09:31:21.530,4.657,10000
2020-09-28 09:31:22.290,4.657,10000
2020-09-28 09:31:22.330,4.656,100000
2020-09-28 09:31:23.300,4.657,200
2020-09-28 09:31:23.510,4.657,30000
2020-09-28 09:31:23.590,4.656,1000
2020-09-28 09:31:23.590,4.656,14000
2020-09-28 09:31:23.890,4.657,10000
2020-09-28 09:31:24.330,4.657,10000
2020-09-28 09:31:24.430,4.656,100
2020-09-28 09:31:24.510,4.657,80000
2020-09-28 09:31:24.510,4.657,30000
2020-09-28 09:31:24.730,4.656,15900
2020-09-28 09:31:24.730,4.656,24100
2020-09-28 09:31:24.790,4.657,10000
2020-09-28 09:31:25.110,4.656,500
2020-09-28 09:31:25.610,4.656,5000
2020-09-28 09:31:25.740,4.657,10000
2020-09-28 09:31:25.770,4.656,3000
2020-09-28 09:31:26.040,4.656,200
2020-09-28 09:31:26.290,4.657,13600
2020-09-28 09:31:26.450,4.656,10000
2020-09-28 09:31:26.450,4.656,10000
2020-09-28 09:31:26.450,4.657,10000
2020-09-28 09:31:26.530,4.655,2000
2020-09-28 09:31:26.740,4.655,10000
2020-09-28 09:31:27.290,4.656,700
2020-09-28 09:31:27.290,4.656,100
2020-09-28 09:31:27.290,4.657,200
2020-09-28 09:31:27.600,4.656,1300
2020-09-28 09:31:27.750,4.656,2100
2020-09-28 09:31:27.960,4.655,4000
2020-09-28 09:31:28.140,4.656,100
2020-09-28 09:31:28.990,4.656,5600
2020-09-28 09:31:28.990,4.656,300
2020-09-28 09:31:28.990,4.656,7300
2020-09-28 09:31:28.990,4.656,7200
2020-09-28 09:31:28.990,4.656,2900
2020-09-28 09:31:28.990,4.657,202200
2020-09-28 09:31:29.170,4.656,2000
2020-09-28 09:31:29.390,4.656,10000
2020-09-28 09:31:29.500,4.657,300
2020-09-28 09:31:29.860,4.656,8600
2020-09-28 09:31:30.010,4.656,10000
2020-09-28 09:31:30.510,4.656,4000
2020-09-28 09:31:30.570,4.656,2500
2020-09-28 09:31:30.570,4.657,500
2020-09-28 09:31:31.710,4.655,169800
2020-09-28 09:31:31.710,4.655,30000
2020-09-28 09:31:31.980,4.654,43000
2020-09-28 09:31:32.350,4.654,1000
2020-09-28 09:31:32.620,4.654,1100
2020-09-28 09:31:32.800,4.655,4300
2020-09-28 09:31:32.910,4.655,40000
2020-09-28 09:31:32.940,4.655,20000
2020-09-28 09:31:32.940,4.655,80000
2020-09-28 09:31:32.940,4.655,40000
2020-09-28 09:31:32.940,4.655,30000
2020-09-28 09:31:32.940,4.655,10000
2020-09-28 09:31:33.000,4.655,100
2020-09-28 09:31:33.290,4.655,10000
2020-09-28 09:31:33.480,4.655,10000
2020-09-28 09:31:33.800,4.655,5000
2020-09-28 09:31:34.200,4.655,1000
2020-09-28 09:31:34.320,4.655,10000
2020-09-28 09:31:34.350,4.655,10000
2020-09-28 09:31:34.350,4.655,10000
2020-09-28 09:31:34.830,4.655,2700
2020-09-28 09:31:35.010,4.656,1000
2020-09-28 09:31:35.010,4.656,900
2020-09-28 09:31:37.080,4.655,1000
2020-09-28 09:31:37.480,4.656,100
2020-09-28 09:31:37.480,4.656,7000
2020-09-28 09:31:37.770,4.655,2200
2020-09-28 09:31:38.290,4.655,2200
2020-09-28 09:31:38.650,4.656,2000
2020-09-28 09:31:38.860,4.656,4000
2020-09-28 09:31:38.960,4.655,1900
2020-09-28 09:31:38.960,4.655,7100
2020-09-28 09:31:39.050,4.655,2900
2020-09-28 09:31:39.050,4.655,2900
2020-09-28 09:31:39.290,4.656,2100
2020-09-28 09:31:39.440,4.656,100
2020-09-28 09:31:39.500,4.655,1200
2020-09-28 09:31:40.630,4.655,1500
2020-09-28 09:31:40.690,4.656,200
2020-09-28 09:31:41.200,4.656,100
2020-09-28 09:31:41.350,4.655,4400
2020-09-28 09:31:41.350,4.655,5600
2020-09-28 09:31:41.410,4.655,4400
2020-09-28 09:31:41.410,4.655,5800
2020-09-28 09:31:41.950,4.656,13800
2020-09-28 09:31:41.950,4.656,3000
2020-09-28 09:31:41.950,4.656,1300
2020-09-28 09:31:41.950,4.656,20000
2020-09-28 09:31:41.950,4.656,1900
2020-09-28 09:31:42.010,4.656,3100
2020-09-28 09:31:42.010,4.656,10000
2020-09-28 09:31:42.010,4.656,36900
2020-09-28 09:31:42.260,4.656,10000
2020-09-28 09:31:42.310,4.655,300
2020-09-28 09:31:42.640,4.655,3900
2020-09-28 09:31:42.640,4.655,600
2020-09-28 09:31:42.670,4.655,500
2020-09-28 09:31:42.730,4.656,4000
2020-09-28 09:31:42.750,4.656,11400
2020-09-28 09:31:42.750,4.656,200
2020-09-28 09:31:42.750,4.656,300
2020-09-28 09:31:42.750,4.656,88100
2020-09-28 09:31:42.780,4.656,10000
2020-09-28 09:31:42.990,4.655,6800
2020-09-28 09:31:43.050,4.655,10700
2020-09-28 09:31:43.240,4.655,11400
2020-09-28 09:31:43.240,4.655,800
2020-09-28 09:31:43.240,4.655,52800
2020-09-28 09:31:43.270,4.656,1900
2020-09-28 09:31:43.270,4.656,8100
2020-09-28 09:31:43.370,4.655,5400
2020-09-28 09:31:43.430,4.655,5400
2020-09-28 09:31:43.810,4.655,20000
2020-09-28 09:31:43.810,4.656,100
2020-09-28 09:31:43.870,4.656,2000
2020-09-28 09:31:43.870,4.656,10000
2020-09-28 09:31:44.080,4.655,500
2020-09-28 09:31:44.540,4.655,3100
2020-09-28 09:31:44.880,4.656,20000
2020-09-28 09:31:45.250,4.656,9800
2020-09-28 09:31:45.250,4.656,2000
2020-09-28 09:31:45.250,4.656,200
2020-09-28 09:31:45.250,4.657,48000
2020-09-28 09:31:45.250,4.657,90100
2020-09-28 09:31:45.550,4.656,9800
2020-09-28 09:31:45.550,4.655,800
2020-09-28 09:31:45.880,4.656,400
2020-09-28 09:31:46.510,4.655,1500
2020-09-28 09:31:46.510,4.655,14100
2020-09-28 09:31:46.510,4.655,1000
2020-09-28 09:31:47.440,4.656,100
2020-09-28 09:31:47.440,4.656,5800
2020-09-28 09:31:47.700,4.655,100
2020-09-28 09:31:47.850,4.655,2500
2020-09-28 09:31:48.190,4.655,2000
2020-09-28 09:31:48.250,4.655,2000
2020-09-28 09:31:48.630,4.655,16800
2020-09-28 09:31:48.720,4.656,100
2020-09-28 09:31:48.810,4.656,1100
2020-09-28 09:31:48.810,4.656,300
2020-09-28 09:31:48.810,4.656,4000
2020-09-28 09:31:48.810,4.656,4600
2020-09-28 09:31:48.900,4.655,50000
2020-09-28 09:31:49.080,4.655,2000
2020-09-28 09:31:49.200,4.655,5000
2020-09-28 09:31:49.510,4.656,5400
2020-09-28 09:31:49.630,4.657,3000
2020-09-28 09:31:49.630,4.656,34600
2020-09-28 09:31:49.630,4.656,1000
2020-09-28 09:31:49.860,4.656,10000
2020-09-28 09:31:50.140,4.656,13900
2020-09-28 09:31:50.140,4.656,1000
2020-09-28 09:31:50.140,4.657,52500
2020-09-28 09:31:50.140,4.657,2200
2020-09-28 09:31:50.140,4.657,2600
2020-09-28 09:31:50.140,4.657,5000
2020-09-28 09:31:50.140,4.657,2000
2020-09-28 09:31:50.140,4.657,100
2020-09-28 09:31:50.140,4.657,3500
2020-09-28 09:31:50.140,4.657,2200
2020-09-28 09:31:50.140,4.657,7700
2020-09-28 09:31:50.140,4.657,1000
2020-09-28 09:31:50.140,4.657,5000
2020-09-28 09:31:50.140,4.657,200
2020-09-28 09:31:50.140,4.657,51200
2020-09-28 09:31:50.410,4.656,500
2020-09-28 09:31:50.540,4.655,5000
2020-09-28 09:31:50.930,4.655,1600
2020-09-28 09:31:50.930,4.656,10000
2020-09-28 09:31:50.990,4.655,6400
2020-09-28 09:31:51.200,4.655,10000
2020-09-28 09:31:51.360,4.656,100
2020-09-28 09:31:51.710,4.655,1000
2020-09-28 09:31:52.150,4.655,2600
2020-09-28 09:31:52.340,4.656,2500
2020-09-28 09:31:52.340,4.655,1200
2020-09-28 09:31:52.560,4.656,1000
2020-09-28 09:31:53.680,4.655,12800
2020-09-28 09:31:53.710,4.656,5000
2020-09-28 09:31:54.010,4.656,900
2020-09-28 09:31:54.010,4.656,1000
2020-09-28 09:31:54.010,4.656,6000
2020-09-28 09:31:54.060,4.655,2300
2020-09-28 09:31:54.840,4.656,1000
2020-09-28 09:31:55.030,4.655,197500
2020-09-28 09:31:55.240,4.656,100
2020-09-28 09:31:55.420,4.656,37400
2020-09-28 09:31:55.420,4.656,20000
2020-09-28 09:31:55.420,4.656,700
2020-09-28 09:31:55.550,4.656,41900
2020-09-28 09:31:55.550,4.655,6700
2020-09-28 09:31:56.340,4.656,800
2020-09-28 09:31:56.590,4.656,13600
2020-09-28 09:31:56.930,4.656,25000
2020-09-28 09:31:57.270,4.656,21800
2020-09-28 09:31:57.780,4.656,1300
2020-09-28 09:31:58.530,4.657,100
2020-09-28 09:31:58.850,4.656,3000
2020-09-28 09:31:59.830,4.656,100
2020-09-28 09:31:59.950,4.656,3300
2020-09-28 09:32:00.710,4.657,200
2020-09-28 09:32:03.540,4.657,5000
2020-09-28 09:32:03.640,4.657,500
2020-09-28 09:32:04.740,4.657,100
2020-09-28 09:32:04.890,4.657,300
2020-09-28 09:32:05.050,4.656,8000
2020-09-28 09:32:05.740,4.657,100
2020-09-28 09:32:05.990,4.656,10800
2020-09-28 09:32:06.080,4.656,62300
2020-09-28 09:32:06.080,4.656,17700
2020-09-28 09:32:06.810,4.656,700
2020-09-28 09:32:06.810,4.656,3800
2020-09-28 09:32:07.170,4.656,1200
2020-09-28 09:32:07.170,4.656,100
2020-09-28 09:32:07.170,4.656,2300
2020-09-28 09:32:07.170,4.656,5000
2020-09-28 09:32:07.170,4.656,100
2020-09-28 09:32:07.170,4.656,100
2020-09-28 09:32:07.260,4.656,1200
2020-09-28 09:32:07.260,4.657,5100
2020-09-28 09:32:08.680,4.656,100
2020-09-28 09:32:08.680,4.655,900
2020-09-28 09:32:09.940,4.656,12500
2020-09-28 09:32:09.940,4.657,37400
2020-09-28 09:32:09.940,4.657,3000
2020-09-28 09:32:09.940,4.657,500
2020-09-28 09:32:09.940,4.657,7500
2020-09-28 09:32:09.940,4.657,5000
2020-09-28 09:32:09.940,4.657,100
2020-09-28 09:32:09.940,4.657,4000
2020-09-28 09:32:10.030,4.656,1600
2020-09-28 09:32:10.120,4.656,4900
2020-09-28 09:32:10.620,4.656,10000
2020-09-28 09:32:10.670,4.657,46000
2020-09-28 09:32:10.670,4.657,3000
2020-09-28 09:32:10.670,4.657,2000
2020-09-28 09:32:10.670,4.657,2600
2020-09-28 09:32:10.670,4.657,8000
2020-09-28 09:32:10.670,4.657,300
2020-09-28 09:32:10.670,4.657,600
2020-09-28 09:32:10.670,4.657,13500
2020-09-28 09:32:10.670,4.658,5000
2020-09-28 09:32:10.670,4.658,200
2020-09-28 09:32:10.670,4.658,1000
2020-09-28 09:32:10.670,4.658,1000
2020-09-28 09:32:10.670,4.658,2200
2020-09-28 09:32:10.670,4.658,64700
2020-09-28 09:32:10.820,4.656,23500
2020-09-28 09:32:10.820,4.656,1000
2020-09-28 09:32:10.820,4.655,18500
2020-09-28 09:32:11.150,4.656,4000
2020-09-28 09:32:11.320,4.656,2000
2020-09-28 09:32:11.490,4.657,2000
2020-09-28 09:32:11.880,4.657,10000
2020-09-28 09:32:11.960,4.658,10000
2020-09-28 09:32:13.000,4.658,5000
2020-09-28 09:32:13.030,4.657,500
2020-09-28 09:32:13.030,4.658,20300
2020-09-28 09:32:13.030,4.658,19700
2020-09-28 09:32:13.370,4.657,6500
2020-09-28 09:32:13.970,4.658,80300
2020-09-28 09:32:13.970,4.658,200
2020-09-28 09:32:13.970,4.658,20000
2020-09-28 09:32:13.970,4.658,5000
2020-09-28 09:32:13.970,4.658,8000
2020-09-28 09:32:13.970,4.659,5000
2020-09-28 09:32:13.970,4.659,36100
2020-09-28 09:32:13.970,4.659,100000
2020-09-28 09:32:13.970,4.659,5000
2020-09-28 09:32:13.970,4.659,8600
2020-09-28 09:32:13.970,4.659,31800
2020-09-28 09:32:13.990,4.657,4000
2020-09-28 09:32:14.210,4.657,3000
2020-09-28 09:32:14.500,4.658,20000
2020-09-28 09:32:14.690,4.659,68200
2020-09-28 09:32:14.690,4.659,100
2020-09-28 09:32:14.690,4.659,200000
2020-09-28 09:32:14.690,4.659,19900
2020-09-28 09:32:14.690,4.659,5000
2020-09-28 09:32:14.690,4.659,2000
2020-09-28 09:32:14.690,4.66,4800
2020-09-28 09:32:14.710,4.658,4700
2020-09-28 09:32:14.870,4.659,2900
2020-09-28 09:32:14.870,4.659,300
2020-09-28 09:32:15.440,4.66,20000
2020-09-28 09:32:16.090,4.66,53300
2020-09-28 09:32:16.090,4.66,6000
2020-09-28 09:32:16.150,4.66,22500
2020-09-28 09:32:16.150,4.66,6200
2020-09-28 09:32:16.150,4.66,30000
2020-09-28 09:32:16.150,4.66,1200
2020-09-28 09:32:16.150,4.66,2500
2020-09-28 09:32:16.150,4.66,2800
2020-09-28 09:32:16.150,4.66,3000
2020-09-28 09:32:16.150,4.66,5000
2020-09-28 09:32:16.150,4.66,32400
2020-09-28 09:32:16.150,4.66,50000
2020-09-28 09:32:16.150,4.66,300
2020-09-28 09:32:16.150,4.66,2300
2020-09-28 09:32:16.150,4.66,1500
2020-09-28 09:32:16.150,4.66,140300
2020-09-28 09:32:16.180,4.66,3400
2020-09-28 09:32:16.240,4.659,2000
2020-09-28 09:32:16.480,4.66,40000
2020-09-28 09:32:16.480,4.66,6300
2020-09-28 09:32:16.480,4.66,300
2020-09-28 09:32:16.480,4.66,2000
2020-09-28 09:32:16.480,4.66,11500
2020-09-28 09:32:16.540,4.66,38500
2020-09-28 09:32:16.540,4.66,1000
2020-09-28 09:32:16.540,4.66,5300
2020-09-28 09:32:16.660,4.66,3300
2020-09-28 09:32:16.940,4.66,1400
2020-09-28 09:32:16.940,4.66,200
2020-09-28 09:32:16.940,4.66,3000
2020-09-28 09:32:16.940,4.66,1000
2020-09-28 09:32:16.940,4.66,1800
2020-09-28 09:32:16.940,4.66,200
2020-09-28 09:32:16.940,4.66,1000
2020-09-28 09:32:16.940,4.66,800
2020-09-28 09:32:16.940,4.66,600
2020-09-28 09:32:16.940,4.66,2400
2020-09-28 09:32:16.940,4.66,1000
2020-09-28 09:32:16.940,4.66,800
2020-09-28 09:32:17.000,4.66,6400
2020-09-28 09:32:17.000,4.66,2000
2020-09-28 09:32:17.000,4.66,500
2020-09-28 09:32:17.000,4.66,5000
2020-09-28 09:32:17.000,4.66,2500
2020-09-28 09:32:17.000,4.66,1000
2020-09-28 09:32:17.000,4.66,900
2020-09-28 09:32:17.000,4.66,1000
2020-09-28 09:32:17.000,4.66,400000
2020-09-28 09:32:17.140,4.661,3300
2020-09-28 09:32:17.370,4.66,400
2020-09-28 09:32:17.530,4.661,3300
2020-09-28 09:32:17.880,4.661,4400
2020-09-28 09:32:17.880,4.661,5600
2020-09-28 09:32:17.910,4.661,40000
2020-09-28 09:32:17.910,4.661,4400
2020-09-28 09:32:17.910,4.661,5900
2020-09-28 09:32:17.910,4.661,5000
2020-09-28 09:32:17.910,4.661,500
2020-09-28 09:32:17.910,4.661,6700
2020-09-28 09:32:17.910,4.661,5000
2020-09-28 09:32:17.910,4.661,12500
2020-09-28 09:32:17.910,4.661,3300
2020-09-28 09:32:17.990,4.661,4100
2020-09-28 09:32:18.300,4.661,100
2020-09-28 09:32:18.300,4.661,1300
2020-09-28 09:32:18.330,4.661,3300
2020-09-28 09:32:18.670,4.661,4500
2020-09-28 09:32:18.670,4.661,2100
2020-09-28 09:32:18.670,4.661,3400
2020-09-28 09:32:18.800,4.661,6600
2020-09-28 09:32:19.740,4.661,2100
2020-09-28 09:32:24.180,4.661,300
2020-09-28 09:32:24.210,4.661,1000
2020-09-28 09:32:24.210,4.661,2000
2020-09-28 09:32:24.410,4.661,400
2020-09-28 09:32:24.820,4.661,3700
2020-09-28 09:32:24.820,4.661,400
2020-09-28 09:32:26.000,4.662,2100
2020-09-28 09:32:26.000,4.662,6500
2020-09-28 09:32:26.360,4.661,3000
2020-09-28 09:32:26.570,4.661,6600
2020-09-28 09:32:27.070,4.661,3500
2020-09-28 09:32:27.070,4.661,1500
2020-09-28 09:32:27.740,4.661,8500
2020-09-28 09:32:27.740,4.661,41500
2020-09-28 09:32:28.150,4.661,2000
2020-09-28 09:32:29.630,4.661,6500
2020-09-28 09:32:29.630,4.661,3200
2020-09-28 09:32:29.630,4.661,5000
2020-09-28 09:32:29.630,4.661,8600
2020-09-28 09:32:29.630,4.661,30000
2020-09-28 09:32:29.630,4.661,96800
2020-09-28 09:32:30.030,4.661,36300
2020-09-28 09:32:30.180,4.661,1000
2020-09-28 09:32:31.210,4.66,200
2020-09-28 09:32:31.400,4.66,100
2020-09-28 09:32:32.920,4.661,10700
2020-09-28 09:32:33.430,4.661,5000
2020-09-28 09:32:34.210,4.66,9700
2020-09-28 09:32:34.210,4.66,10000
2020-09-28 09:32:34.210,4.66,10000
2020-09-28 09:32:34.210,4.66,10000
2020-09-28 09:32:34.210,4.66,100
2020-09-28 09:32:34.210,4.66,2100
2020-09-28 09:32:35.490,4.66,2000
2020-09-28 09:32:35.670,4.659,4000
2020-09-28 09:32:35.670,4.659,600
2020-09-28 09:32:35.670,4.658,400
2020-09-28 09:32:36.110,4.66,2000
2020-09-28 09:32:36.290,4.659,1000
2020-09-28 09:32:36.470,4.659,24500
2020-09-28 09:32:37.360,4.659,100
2020-09-28 09:32:37.500,4.659,5000
2020-09-28 09:32:37.760,4.659,16100
2020-09-28 09:32:37.760,4.66,1900
2020-09-28 09:32:38.400,4.66,4300
2020-09-28 09:32:39.180,4.66,200
2020-09-28 09:32:39.360,4.659,20000
2020-09-28 09:32:39.420,4.66,8000
2020-09-28 09:32:40.110,4.66,300
2020-09-28 09:32:40.260,4.66,200
2020-09-28 09:32:41.350,4.659,1000
2020-09-28 09:32:41.350,4.658,9600
2020-09-28 09:32:41.350,4.658,10000
2020-09-28 09:32:41.350,4.658,10000
2020-09-28 09:32:41.350,4.658,10000
2020-09-28 09:32:41.350,4.658,40000
2020-09-28 09:32:41.350,4.657,6000
2020-09-28 09:32:41.350,4.657,100
2020-09-28 09:32:41.350,4.657,2000
2020-09-28 09:32:41.350,4.657,900
2020-09-28 09:32:41.350,4.657,200
2020-09-28 09:32:41.350,4.657,200
2020-09-28 09:32:41.350,4.657,8300
2020-09-28 09:32:41.350,4.657,900
2020-09-28 09:32:41.350,4.657,30000
2020-09-28 09:32:41.350,4.657,40000
2020-09-28 09:32:41.350,4.656,100
2020-09-28 09:32:41.350,4.656,3000
2020-09-28 09:32:41.350,4.656,100
2020-09-28 09:32:41.350,4.656,500
2020-09-28 09:32:41.350,4.656,5000
2020-09-28 09:32:41.350,4.655,61300
2020-09-28 09:32:41.350,4.655,1000
2020-09-28 09:32:41.350,4.655,10800
2020-09-28 09:32:41.350,4.655,1000
2020-09-28 09:32:41.350,4.655,500
2020-09-28 09:32:41.350,4.655,3000
2020-09-28 09:32:41.350,4.655,1000
2020-09-28 09:32:41.350,4.655,500
2020-09-28 09:32:41.350,4.655,5000
2020-09-28 09:32:41.350,4.655,200
2020-09-28 09:32:41.350,4.655,100
2020-09-28 09:32:41.350,4.655,9900
2020-09-28 09:32:41.350,4.655,50000
2020-09-28 09:32:41.350,4.655,1000
2020-09-28 09:32:41.350,4.655,500
2020-09-28 09:32:41.350,4.655,300000
2020-09-28 09:32:41.350,4.655,177700
2020-09-28 09:32:41.620,4.658,2300
2020-09-28 09:32:41.910,4.658,100
2020-09-28 09:32:42.300,4.658,10000
2020-09-28 09:32:42.300,4.658,10000
2020-09-28 09:32:42.560,4.658,57200
2020-09-28 09:32:42.560,4.659,19000
2020-09-28 09:32:42.560,4.66,23800
2020-09-28 09:32:43.220,4.659,100
2020-09-28 09:32:43.620,4.658,4700
2020-09-28 09:32:43.860,4.658,3400
2020-09-28 09:32:43.860,4.658,10000
2020-09-28 09:32:44.090,4.658,6000
2020-09-28 09:32:45.530,4.659,6000
2020-09-28 09:32:45.860,4.658,18400
2020-09-28 09:32:46.940,4.659,500
2020-09-28 09:32:46.970,4.659,10000
2020-09-28 09:32:47.000,4.659,70000
2020-09-28 09:32:47.000,4.659,100000
2020-09-28 09:32:47.270,4.658,800
2020-09-28 09:32:47.440,4.659,6800
2020-09-28 09:32:47.850,4.658,500
2020-09-28 09:32:47.850,4.659,9300
2020-09-28 09:32:48.470,4.659,100
2020-09-28 09:32:48.650,4.658,900
2020-09-28 09:32:48.650,4.658,30000
2020-09-28 09:32:48.650,4.658,2000
2020-09-28 09:32:48.940,4.658,32000
2020-09-28 09:32:50.370,4.658,30000
2020-09-28 09:32:50.870,4.658,5000
2020-09-28 09:32:50.970,4.658,70000
2020-09-28 09:32:51.100,4.658,2500
2020-09-28 09:32:51.220,4.657,5000
2020-09-28 09:32:51.400,4.658,40000
2020-09-28 09:32:51.520,4.658,200
2020-09-28 09:32:51.680,4.658,10800
2020-09-28 09:32:51.860,4.658,10000
2020-09-28 09:32:52.460,4.658,40000
2020-09-28 09:32:52.460,4.658,10000
2020-09-28 09:32:52.460,4.658,40000
2020-09-28 09:32:52.460,4.658,10000
2020-09-28 09:32:52.460,4.658,30000
2020-09-28 09:32:52.460,4.658,20000
2020-09-28 09:32:52.460,4.658,20000
2020-09-28 09:32:52.460,4.658,100000
2020-09-28 09:32:52.460,4.658,80000
2020-09-28 09:32:52.460,4.658,100000
2020-09-28 09:32:52.460,4.658,10000
2020-09-28 09:32:52.460,4.658,40000
2020-09-28 09:32:52.460,4.658,20000
2020-09-28 09:32:52.460,4.658,10000
2020-09-28 09:32:53.170,4.657,10000
2020-09-28 09:32:53.260,4.658,136600
2020-09-28 09:32:53.260,4.658,700
2020-09-28 09:32:53.260,4.658,1300
2020-09-28 09:32:53.260,4.659,21400
2020-09-28 09:32:53.760,4.658,20000
2020-09-28 09:32:54.190,4.658,10000
2020-09-28 09:32:54.190,4.657,15000
2020-09-28 09:32:54.190,4.657,15000
2020-09-28 09:32:54.310,4.659,20000
2020-09-28 09:32:54.610,4.659,19000
2020-09-28 09:32:54.640,4.657,2900
2020-09-28 09:32:55.610,4.658,100
2020-09-28 09:32:55.670,4.658,100
2020-09-28 09:32:56.180,4.658,300
2020-09-28 09:32:56.260,4.657,300
2020-09-28 09:32:56.500,4.658,400
2020-09-28 09:32:56.610,4.657,4900
2020-09-28 09:32:57.090,4.657,10000
2020-09-28 09:32:58.890,4.657,16900
2020-09-28 09:32:58.890,4.657,54800
2020-09-28 09:32:59.160,4.658,1100
2020-09-28 09:32:59.160,4.658,200
2020-09-28 09:33:00.300,4.659,10000
2020-09-28 09:33:00.330,4.659,20000
2020-09-28 09:33:00.330,4.659,6900
2020-09-28 09:33:00.330,4.659,100
2020-09-28 09:33:00.330,4.659,100
2020-09-28 09:33:00.330,4.659,50000
2020-09-28 09:33:00.330,4.659,2900
2020-09-28 09:33:00.330,4.659,6600
2020-09-28 09:33:00.330,4.659,5400
2020-09-28 09:33:00.330,4.659,18000
2020-09-28 09:33:00.330,4.659,2000
2020-09-28 09:33:00.330,4.659,500
2020-09-28 09:33:00.330,4.659,200
2020-09-28 09:33:00.330,4.659,7300
2020-09-28 09:33:00.460,4.659,2700
2020-09-28 09:33:00.460,4.659,300
2020-09-28 09:33:00.640,4.658,3400
2020-09-28 09:33:00.640,4.658,1900
2020-09-28 09:33:01.110,4.658,100
2020-09-28 09:33:01.110,4.658,1300
2020-09-28 09:33:01.280,4.659,4700
2020-09-28 09:33:01.280,4.659,300
2020-09-28 09:33:01.860,4.659,900
2020-09-28 09:33:02.480,4.658,4100
2020-09-28 09:33:02.570,4.659,13100
2020-09-28 09:33:02.570,4.659,8200
2020-09-28 09:33:03.060,4.659,100
2020-09-28 09:33:03.210,4.659,2100
2020-09-28 09:33:03.330,4.659,9600
2020-09-28 09:33:03.330,4.659,2000
2020-09-28 09:33:03.330,4.659,500
2020-09-28 09:33:03.330,4.659,17900
2020-09-28 09:33:04.100,4.658,4200
2020-09-28 09:33:04.660,4.658,500
2020-09-28 09:33:05.200,4.658,1500
2020-09-28 09:33:05.520,4.658,6600
2020-09-28 09:33:05.520,4.658,3400
2020-09-28 09:33:05.700,4.659,6800
2020-09-28 09:33:05.850,4.659,5000
2020-09-28 09:33:06.650,4.658,1000
2020-09-28 09:33:07.370,4.658,5000
2020-09-28 09:33:07.810,4.658,5600
2020-09-28 09:33:07.810,4.658,8900
2020-09-28 09:33:08.610,4.658,10000
2020-09-28 09:33:08.820,4.658,300
2020-09-28 09:33:09.160,4.658,200
2020-09-28 09:33:09.160,4.658,500
2020-09-28 09:33:09.160,4.658,600
2020-09-28 09:33:09.280,4.658,200
2020-09-28 09:33:09.640,4.658,200
2020-09-28 09:33:10.350,4.657,3500
2020-09-28 09:33:11.850,4.658,1000
2020-09-28 09:33:11.850,4.658,300
2020-09-28 09:33:11.850,4.658,11500
2020-09-28 09:33:12.000,4.658,10000
2020-09-28 09:33:12.020,4.658,20000
2020-09-28 09:33:12.020,4.658,60000
2020-09-28 09:33:12.020,4.658,30000
2020-09-28 09:33:12.020,4.658,48500
2020-09-28 09:33:12.020,4.658,51500
2020-09-28 09:33:13.190,4.658,48500
2020-09-28 09:33:13.190,4.658,10000
2020-09-28 09:33:13.190,4.658,100
2020-09-28 09:33:13.190,4.659,300
2020-09-28 09:33:13.190,4.659,1600
2020-09-28 09:33:15.070,4.657,10000
2020-09-28 09:33:15.210,4.657,19000
2020-09-28 09:33:15.780,4.658,1000
2020-09-28 09:33:15.780,4.659,8400
2020-09-28 09:33:15.780,4.659,100
2020-09-28 09:33:15.780,4.659,7300
2020-09-28 09:33:15.780,4.659,10000
2020-09-28 09:33:15.780,4.659,10000
2020-09-28 09:33:15.780,4.659,13300
2020-09-28 09:33:16.000,4.659,100000
2020-09-28 09:33:16.000,4.659,6700
2020-09-28 09:33:16.000,4.659,3000
2020-09-28 09:33:16.000,4.659,50300
2020-09-28 09:33:16.740,4.659,15000
2020-09-28 09:33:17.840,4.659,5000
2020-09-28 09:33:17.980,4.659,29800
2020-09-28 09:33:17.980,4.659,2000
2020-09-28 09:33:17.980,4.659,48200
2020-09-28 09:33:18.100,4.658,500
2020-09-28 09:33:18.100,4.658,100
2020-09-28 09:33:18.100,4.658,900
2020-09-28 09:33:18.200,4.658,100
2020-09-28 09:33:18.200,4.657,9900
2020-09-28 09:33:18.820,4.659,2000
2020-09-28 09:33:19.530,4.659,200
2020-09-28 09:33:21.460,4.658,1000
2020-09-28 09:33:21.780,4.659,100
2020-09-28 09:33:21.960,4.658,11000
2020-09-28 09:33:21.960,4.658,2100
2020-09-28 09:33:21.960,4.658,400
2020-09-28 09:33:22.120,4.658,3500
2020-09-28 09:33:23.490,4.658,6700
2020-09-28 09:33:24.010,4.658,12400
2020-09-28 09:33:24.010,4.658,87600
2020-09-28 09:33:24.010,4.658,40000
2020-09-28 09:33:24.010,4.658,100000
2020-09-28 09:33:24.010,4.658,80000
2020-09-28 09:33:24.010,4.658,10000
2020-09-28 09:33:24.010,4.658,40000
2020-09-28 09:33:24.010,4.658,70000
2020-09-28 09:33:24.010,4.658,50000
2020-09-28 09:33:24.010,4.658,90000
2020-09-28 09:33:24.480,4.658,1300
2020-09-28 09:33:26.300,4.658,300
2020-09-28 09:33:26.820,4.658,2400
2020-09-28 09:33:26.820,4.658,100
2020-09-28 09:33:26.850,4.658,100
2020-09-28 09:33:27.030,4.658,10000
2020-09-28 09:33:27.090,4.657,2800
2020-09-28 09:33:27.090,4.657,23400
2020-09-28 09:33:27.090,4.657,576600
2020-09-28 09:33:27.090,4.657,4500
2020-09-28 09:33:27.090,4.657,2000
2020-09-28 09:33:27.220,4.657,27400
2020-09-28 09:33:28.380,4.657,2300
2020-09-28 09:33:28.680,4.657,1900
2020-09-28 09:33:29.330,4.657,100
2020-09-28 09:33:29.900,4.657,300
2020-09-28 09:33:30.010,4.657,20000
2020-09-28 09:33:30.010,4.657,100000
2020-09-28 09:33:30.010,4.657,10000
2020-09-28 09:33:30.010,4.657,100000
2020-09-28 09:33:30.010,4.657,54900
2020-09-28 09:33:30.010,4.657,25100
2020-09-28 09:33:32.980,4.657,60000
2020-09-28 09:33:32.980,4.657,500
2020-09-28 09:33:33.210,4.656,200
2020-09-28 09:33:33.210,4.656,2300
2020-09-28 09:33:33.360,4.657,14400
2020-09-28 09:33:33.360,4.657,1000
2020-09-28 09:33:33.360,4.657,4000
2020-09-28 09:33:33.360,4.657,2000
2020-09-28 09:33:33.360,4.657,1200
2020-09-28 09:33:33.390,4.658,3600
2020-09-28 09:33:33.540,4.657,209800
2020-09-28 09:33:33.540,4.656,47700
2020-09-28 09:33:33.540,4.656,3000
2020-09-28 09:33:33.540,4.656,200
2020-09-28 09:33:33.540,4.656,1200
2020-09-28 09:33:33.540,4.656,38100
2020-09-28 09:33:33.880,4.658,1300
2020-09-28 09:33:33.970,4.657,1000
2020-09-28 09:33:34.340,4.657,5500
2020-09-28 09:33:34.490,4.657,300
2020-09-28 09:33:34.490,4.656,10600
2020-09-28 09:33:35.250,4.657,500
2020-09-28 09:33:35.880,4.657,500
2020-09-28 09:33:36.000,4.657,5700
2020-09-28 09:33:36.000,4.658,74300
2020-09-28 09:33:36.030,4.658,40000
2020-09-28 09:33:36.030,4.658,80000
2020-09-28 09:33:36.030,4.658,20000
2020-09-28 09:33:36.030,4.658,99000
2020-09-28 09:33:36.030,4.658,1000
2020-09-28 09:33:36.030,4.658,1200
2020-09-28 09:33:36.030,4.658,8800
2020-09-28 09:33:36.260,4.657,4000
2020-09-28 09:33:36.680,4.658,57200
2020-09-28 09:33:36.680,4.658,1000
2020-09-28 09:33:36.680,4.658,1000
2020-09-28 09:33:36.680,4.658,10000
2020-09-28 09:33:36.680,4.658,11900
2020-09-28 09:33:36.680,4.658,93500
2020-09-28 09:33:36.680,4.658,5000
2020-09-28 09:33:36.680,4.658,1000
2020-09-28 09:33:36.680,4.658,6800
2020-09-28 09:33:36.680,4.658,4000
2020-09-28 09:33:36.680,4.658,30000
2020-09-28 09:33:36.680,4.658,10000
2020-09-28 09:33:36.680,4.658,68600
2020-09-28 09:33:36.780,4.658,1400
2020-09-28 09:33:36.780,4.658,5000
2020-09-28 09:33:36.780,4.658,1000
2020-09-28 09:33:36.780,4.658,1000
2020-09-28 09:33:39.390,4.658,1000
2020-09-28 09:33:39.440,4.659,40000
2020-09-28 09:33:39.510,4.658,400
2020-09-28 09:33:40.850,4.659,9600
2020-09-28 09:33:40.850,4.659,111500
2020-09-28 09:33:40.850,4.659,6300
2020-09-28 09:33:40.850,4.659,10000
2020-09-28 09:33:40.850,4.659,12700
2020-09-28 09:33:40.970,4.659,17100
2020-09-28 09:33:41.640,4.658,500
2020-09-28 09:33:41.640,4.659,70300
2020-09-28 09:33:41.640,4.659,20000
2020-09-28 09:33:41.640,4.659,20000
2020-09-28 09:33:41.640,4.659,3000
2020-09-28 09:33:41.640,4.659,200
2020-09-28 09:33:41.640,4.659,5000
2020-09-28 09:33:41.640,4.659,4200
2020-09-28 09:33:41.640,4.659,600
2020-09-28 09:33:41.640,4.659,1000
2020-09-28 09:33:41.640,4.659,2400
2020-09-28 09:33:41.640,4.659,1000
2020-09-28 09:33:41.820,4.659,100100
2020-09-28 09:33:42.050,4.659,1700
2020-09-28 09:33:42.200,4.659,500
2020-09-28 09:33:42.560,4.659,3800
2020-09-28 09:33:42.780,4.659,56300
2020-09-28 09:33:43.050,4.659,4000
2020-09-28 09:33:43.330,4.659,5400
2020-09-28 09:33:44.810,4.658,1700
2020-09-28 09:33:45.940,4.659,100
2020-09-28 09:33:47.730,4.659,100
2020-09-28 09:33:47.730,4.659,200
2020-09-28 09:33:47.730,4.659,8300
2020-09-28 09:33:47.820,4.658,1000
2020-09-28 09:33:48.550,4.658,1300
2020-09-28 09:33:48.550,4.658,3200
2020-09-28 09:33:48.760,4.659,100
2020-09-28 09:33:49.350,4.659,10000
2020-09-28 09:33:49.350,4.66,500
2020-09-28 09:33:49.350,4.66,1500
2020-09-28 09:33:50.340,4.659,300
2020-09-28 09:33:52.160,4.658,1800
2020-09-28 09:33:52.160,4.658,700
2020-09-28 09:33:52.430,4.659,1000
2020-09-28 09:33:53.030,4.658,200
2020-09-28 09:33:54.050,4.659,8700
2020-09-28 09:33:54.050,4.659,10000
2020-09-28 09:33:54.050,4.659,131400
2020-09-28 09:33:54.080,4.658,3100
2020-09-28 09:33:55.080,4.658,2200
2020-09-28 09:33:55.080,4.658,1000
2020-09-28 09:33:55.080,4.658,100
2020-09-28 09:33:55.080,4.658,5000
2020-09-28 09:33:55.420,4.657,2000
2020-09-28 09:33:55.420,4.657,500
2020-09-28 09:33:56.680,4.657,100000
2020-09-28 09:33:56.680,4.657,5000
2020-09-28 09:33:56.680,4.657,200
2020-09-28 09:33:56.680,4.657,5000
2020-09-28 09:33:56.680,4.657,1000
2020-09-28 09:33:56.900,4.657,500
2020-09-28 09:33:56.960,4.657,80000
2020-09-28 09:33:57.870,4.657,48400
2020-09-28 09:33:58.240,4.657,59900
2020-09-28 09:33:59.050,4.658,400
2020-09-28 09:33:59.050,4.658,4600
2020-09-28 09:33:59.680,4.657,2500
2020-09-28 09:33:59.710,4.657,5000
2020-09-28 09:34:01.150,4.657,34200
2020-09-28 09:34:01.210,4.658,100
2020-09-28 09:34:02.280,4.657,2500
2020-09-28 09:34:02.400,4.657,1900
2020-09-28 09:34:04.910,4.658,500
2020-09-28 09:34:06.900,4.657,1800
2020-09-28 09:34:07.280,4.657,5300
2020-09-28 09:34:07.500,4.657,2900
2020-09-28 09:34:07.560,4.657,15000
2020-09-28 09:34:07.670,4.657,19100
2020-09-28 09:34:07.670,4.657,2900
2020-09-28 09:34:08.170,4.657,3100
2020-09-28 09:34:08.320,4.657,294000
2020-09-28 09:34:08.320,4.657,200
2020-09-28 09:34:08.320,4.657,2000
2020-09-28 09:34:09.120,4.657,400
2020-09-28 09:34:10.200,4.657,3400
2020-09-28 09:34:10.200,4.657,100
2020-09-28 09:34:10.200,4.657,200
2020-09-28 09:34:10.200,4.657,146400
2020-09-28 09:34:10.200,4.657,10000
2020-09-28 09:34:11.510,4.657,100
2020-09-28 09:34:13.240,4.656,200
2020-09-28 09:34:14.500,4.657,2000
2020-09-28 09:34:15.110,4.657,20000
2020-09-28 09:34:15.360,4.657,5800
2020-09-28 09:34:15.390,4.657,2000
2020-09-28 09:34:15.850,4.657,5400
2020-09-28 09:34:16.560,4.657,100
2020-09-28 09:34:16.830,4.656,800
2020-09-28 09:34:16.830,4.656,2000
2020-09-28 09:34:16.830,4.656,6700
2020-09-28 09:34:16.830,4.656,1400
2020-09-28 09:34:17.100,4.656,10000
2020-09-28 09:34:17.280,4.656,3900
2020-09-28 09:34:17.440,4.656,10000
2020-09-28 09:34:17.500,4.656,18400
2020-09-28 09:34:19.230,4.656,56300
2020-09-28 09:34:19.230,4.656,4000
2020-09-28 09:34:19.230,4.655,1100
2020-09-28 09:34:19.230,4.655,200
2020-09-28 09:34:19.230,4.655,2500
2020-09-28 09:34:19.230,4.655,1000
2020-09-28 09:34:19.230,4.655,200
2020-09-28 09:34:19.230,4.655,2000
2020-09-28 09:34:19.230,4.654,2000
2020-09-28 09:34:19.230,4.654,200
2020-09-28 09:34:19.230,4.654,8500
2020-09-28 09:34:19.230,4.654,1000
2020-09-28 09:34:19.230,4.653,21000
2020-09-28 09:34:20.830,4.656,300
2020-09-28 09:34:22.210,4.654,3000
2020-09-28 09:34:22.210,4.656,800
2020-09-28 09:34:22.210,4.656,10700
2020-09-28 09:34:22.210,4.656,10000
2020-09-28 09:34:22.210,4.656,3400
2020-09-28 09:34:22.210,4.656,8100
2020-09-28 09:34:22.470,4.656,2000
2020-09-28 09:34:22.740,4.656,200
2020-09-28 09:34:23.490,4.656,200
2020-09-28 09:34:23.980,4.656,300
2020-09-28 09:34:24.000,4.656,92900
2020-09-28 09:34:24.000,4.656,36200
2020-09-28 09:34:24.000,4.656,8000
2020-09-28 09:34:24.000,4.656,13000
2020-09-28 09:34:25.170,4.655,100
2020-09-28 09:34:25.750,4.655,1800
2020-09-28 09:34:26.980,4.655,10000
2020-09-28 09:34:27.640,4.654,2000
2020-09-28 09:34:27.910,4.654,8000
2020-09-28 09:34:28.000,4.655,5000
2020-09-28 09:34:28.000,4.655,1700
2020-09-28 09:34:28.320,4.655,3400
2020-09-28 09:34:28.320,4.656,1600
2020-09-28 09:34:29.110,4.655,500
2020-09-28 09:34:31.490,4.654,4300
2020-09-28 09:34:31.910,4.654,2500
2020-09-28 09:34:32.580,4.654,25000
2020-09-28 09:34:33.470,4.655,2500
2020-09-28 09:34:33.470,4.655,5000
2020-09-28 09:34:33.470,4.655,1000
2020-09-28 09:34:33.530,4.655,3000
2020-09-28 09:34:33.530,4.654,5500
2020-09-28 09:34:34.080,4.654,700
2020-09-28 09:34:34.310,4.654,1400
2020-09-28 09:34:34.710,4.655,300
2020-09-28 09:34:34.940,4.654,600
2020-09-28 09:34:35.360,4.654,2000
2020-09-28 09:34:35.690,4.654,4300
2020-09-28 09:34:36.510,4.654,158700
2020-09-28 09:34:37.040,4.654,2000
2020-09-28 09:34:37.300,4.654,4100
2020-09-28 09:34:37.520,4.654,10000
2020-09-28 09:34:37.520,4.655,3000
2020-09-28 09:34:38.620,4.654,2000
2020-09-28 09:34:38.660,4.655,100
2020-09-28 09:34:38.750,4.654,5000
2020-09-28 09:34:38.990,4.654,3000
2020-09-28 09:34:38.990,4.654,13700
2020-09-28 09:34:39.190,4.654,500
2020-09-28 09:34:39.980,4.654,11300
2020-09-28 09:34:40.710,4.654,4200
2020-09-28 09:34:40.730,4.654,500
2020-09-28 09:34:40.930,4.654,1500
2020-09-28 09:34:41.170,4.654,10000
2020-09-28 09:34:41.560,4.654,5000
2020-09-28 09:34:41.680,4.654,1100
2020-09-28 09:34:42.120,4.655,100
2020-09-28 09:34:42.350,4.655,100
2020-09-28 09:34:42.470,4.654,1000
2020-09-28 09:34:43.180,4.654,21600
2020-09-28 09:34:43.500,4.654,5300
2020-09-28 09:34:43.500,4.654,9700
2020-09-28 09:34:44.110,4.655,2400
2020-09-28 09:34:45.430,4.654,2200
2020-09-28 09:34:46.080,4.654,2000
2020-09-28 09:34:46.200,4.654,2500
2020-09-28 09:34:46.900,4.654,6000
2020-09-28 09:34:46.980,4.654,37600
2020-09-28 09:34:46.980,4.654,1000
2020-09-28 09:34:46.980,4.654,300
2020-09-28 09:34:46.980,4.654,300
2020-09-28 09:34:46.980,4.654,100000
2020-09-28 09:34:46.980,4.654,200
2020-09-28 09:34:46.980,4.653,4000
2020-09-28 09:34:46.980,4.653,5000
2020-09-28 09:34:46.980,4.653,10700
2020-09-28 09:34:46.980,4.653,40000
2020-09-28 09:34:46.980,4.652,500
2020-09-28 09:34:46.980,4.652,60000
2020-09-28 09:34:47.960,4.652,30000
2020-09-28 09:34:47.990,4.652,10400
2020-09-28 09:34:48.420,4.654,100
2020-09-28 09:34:48.870,4.653,100
2020-09-28 09:34:48.930,4.653,1300
2020-09-28 09:34:49.700,4.653,100
2020-09-28 09:34:50.070,4.652,2000
2020-09-28 09:34:50.130,4.653,1500
2020-09-28 09:34:50.130,4.653,4800
2020-09-28 09:34:50.750,4.653,200
2020-09-28 09:34:50.750,4.653,100
2020-09-28 09:34:50.820,4.653,1200
2020-09-28 09:34:50.900,4.653,100
2020-09-28 09:34:50.960,4.653,5100
2020-09-28 09:34:51.050,4.653,10000
2020-09-28 09:34:51.130,4.654,700
2020-09-28 09:34:51.280,4.653,5000
2020-09-28 09:34:51.550,4.654,20000
2020-09-28 09:34:52.430,4.654,500
2020-09-28 09:34:53.760,4.654,3000
2020-09-28 09:34:53.880,4.653,1100
2020-09-28 09:34:54.050,4.654,35700
2020-09-28 09:34:54.050,4.654,600
2020-09-28 09:34:54.050,4.654,3000
2020-09-28 09:34:54.050,4.654,160000
2020-09-28 09:34:54.050,4.654,10000
2020-09-28 09:34:54.050,4.654,10400
2020-09-28 09:34:54.050,4.654,1000
2020-09-28 09:34:54.050,4.654,60000
2020-09-28 09:34:54.050,4.654,1100
2020-09-28 09:34:54.050,4.654,100
2020-09-28 09:34:54.050,4.654,1200
2020-09-28 09:34:54.050,4.654,1000
2020-09-28 09:34:54.050,4.654,2500
2020-09-28 09:34:54.050,4.654,3200
2020-09-28 09:34:54.050,4.654,10000
2020-09-28 09:34:54.050,4.654,200
2020-09-28 09:34:55.040,4.653,6000
2020-09-28 09:34:55.770,4.653,300
2020-09-28 09:34:55.830,4.654,800
2020-09-28 09:34:55.830,4.654,1000
2020-09-28 09:34:55.830,4.654,13900
2020-09-28 09:34:55.830,4.654,500
2020-09-28 09:34:55.830,4.654,5000
2020-09-28 09:34:55.830,4.654,1000
2020-09-28 09:34:55.830,4.655,4300
2020-09-28 09:34:55.830,4.655,1000
2020-09-28 09:34:55.830,4.655,1500
2020-09-28 09:34:55.830,4.655,6500
2020-09-28 09:34:55.830,4.655,300
2020-09-28 09:34:55.830,4.655,1500
2020-09-28 09:34:55.830,4.655,200
2020-09-28 09:34:55.830,4.655,1000
2020-09-28 09:34:55.830,4.655,1800
2020-09-28 09:34:55.830,4.655,1500
2020-09-28 09:34:55.830,4.655,200
2020-09-28 09:34:56.710,4.653,600
2020-09-28 09:34:57.190,4.653,1700
2020-09-28 09:34:57.190,4.653,15700
2020-09-28 09:34:57.790,4.653,4300
2020-09-28 09:34:57.790,4.653,10000
2020-09-28 09:34:57.880,4.653,5100
2020-09-28 09:34:58.760,4.653,200
2020-09-28 09:34:59.200,4.653,100
2020-09-28 09:34:59.500,4.653,2100
2020-09-28 09:34:59.710,4.652,1300
2020-09-28 09:35:00.310,4.653,400
2020-09-28 09:35:00.950,4.653,500
2020-09-28 09:35:01.040,4.653,1300
2020-09-28 09:35:01.190,4.653,500
2020-09-28 09:35:01.250,4.653,200
2020-09-28 09:35:01.720,4.652,6700
2020-09-28 09:35:01.720,4.652,10000
2020-09-28 09:35:01.720,4.652,10000
2020-09-28 09:35:01.720,4.652,60000
2020-09-28 09:35:01.720,4.652,1000
2020-09-28 09:35:01.720,4.652,1200
2020-09-28 09:35:03.340,4.652,200
2020-09-28 09:35:05.690,4.652,4900
2020-09-28 09:35:05.690,4.652,1700
2020-09-28 09:35:05.690,4.652,7000
2020-09-28 09:35:05.690,4.652,8200
2020-09-28 09:35:05.980,4.653,17000
2020-09-28 09:35:05.980,4.653,1500
2020-09-28 09:35:05.980,4.653,100
2020-09-28 09:35:05.980,4.653,1400
2020-09-28 09:35:06.990,4.653,600
2020-09-28 09:35:06.990,4.653,1200
2020-09-28 09:35:06.990,4.653,8500
2020-09-28 09:35:06.990,4.653,3000
2020-09-28 09:35:06.990,4.654,4000
2020-09-28 09:35:06.990,4.654,1600
2020-09-28 09:35:06.990,4.654,1000
2020-09-28 09:35:06.990,4.654,8300
2020-09-28 09:35:06.990,4.654,1300
2020-09-28 09:35:06.990,4.654,800
2020-09-28 09:35:06.990,4.654,6100
2020-09-28 09:35:06.990,4.654,3600
2020-09-28 09:35:06.990,4.652,34800
2020-09-28 09:35:07.210,4.653,10000
2020-09-28 09:35:07.640,4.653,10000
2020-09-28 09:35:07.640,4.654,5100
2020-09-28 09:35:07.670,4.653,10000
2020-09-28 09:35:07.670,4.653,10000
2020-09-28 09:35:08.150,4.653,100
2020-09-28 09:35:08.510,4.654,1300
2020-09-28 09:35:08.510,4.654,7000
2020-09-28 09:35:08.510,4.654,100
2020-09-28 09:35:08.510,4.654,1000
2020-09-28 09:35:08.510,4.654,5000
2020-09-28 09:35:08.510,4.654,5000
2020-09-28 09:35:08.600,4.653,1000
2020-09-28 09:35:09.060,4.653,200
2020-09-28 09:35:09.150,4.655,5700
2020-09-28 09:35:09.150,4.655,300
2020-09-28 09:35:09.150,4.655,10000
2020-09-28 09:35:09.150,4.655,100
2020-09-28 09:35:09.150,4.655,300
2020-09-28 09:35:09.150,4.655,200
2020-09-28 09:35:09.150,4.655,60000
2020-09-28 09:35:09.150,4.655,500
2020-09-28 09:35:09.150,4.655,100000
2020-09-28 09:35:09.150,4.655,100000
2020-09-28 09:35:09.180,4.655,3000
2020-09-28 09:35:09.550,4.655,2300
2020-09-28 09:35:10.160,4.655,2900
2020-09-28 09:35:10.950,4.655,100
2020-09-28 09:35:12.540,4.655,5200
2020-09-28 09:35:13.010,4.655,5000
2020-09-28 09:35:13.640,4.655,3200
2020-09-28 09:35:14.540,4.656,33400
2020-09-28 09:35:14.540,4.656,6600
2020-09-28 09:35:14.540,4.656,4000
2020-09-28 09:35:14.540,4.656,30000
2020-09-28 09:35:14.540,4.656,6000
2020-09-28 09:35:14.600,4.656,4000
2020-09-28 09:35:14.600,4.656,5000
2020-09-28 09:35:14.600,4.656,10000
2020-09-28 09:35:14.600,4.656,31000
2020-09-28 09:35:14.690,4.655,200
2020-09-28 09:35:14.900,4.655,1000
2020-09-28 09:35:14.900,4.655,2300
2020-09-28 09:35:14.990,4.655,7700
2020-09-28 09:35:14.990,4.655,2300
2020-09-28 09:35:15.380,4.655,7700
2020-09-28 09:35:15.380,4.655,10000
2020-09-28 09:35:15.380,4.655,10000
2020-09-28 09:35:15.380,4.655,10000
2020-09-28 09:35:15.380,4.655,8200
2020-09-28 09:35:15.380,4.654,4100
2020-09-28 09:35:15.540,4.654,6900
2020-09-28 09:35:15.730,4.655,30000
2020-09-28 09:35:15.850,4.654,1000
2020-09-28 09:35:16.860,4.654,10000
2020-09-28 09:35:16.990,4.655,61600
2020-09-28 09:35:18.870,4.655,8400
2020-09-28 09:35:18.870,4.655,100000
2020-09-28 09:35:18.870,4.655,1000
2020-09-28 09:35:18.870,4.655,1200
2020-09-28 09:35:18.870,4.656,69100
2020-09-28 09:35:18.870,4.656,100000
2020-09-28 09:35:18.870,4.656,100
2020-09-28 09:35:18.870,4.656,20200
2020-09-28 09:35:19.370,4.656,79800
2020-09-28 09:35:19.370,4.656,100
2020-09-28 09:35:19.370,4.656,18600
2020-09-28 09:35:19.370,4.656,3000
2020-09-28 09:35:21.280,4.657,500
2020-09-28 09:35:21.400,4.656,400
2020-09-28 09:35:23.510,4.657,500
2020-09-28 09:35:23.920,4.656,10300
2020-09-28 09:35:23.920,4.656,1400
2020-09-28 09:35:23.920,4.655,58300
2020-09-28 09:35:28.190,4.656,200
2020-09-28 09:35:28.780,4.656,2100
2020-09-28 09:35:29.310,4.656,700
2020-09-28 09:35:29.400,4.656,3400
2020-09-28 09:35:30.080,4.656,35600
2020-09-28 09:35:30.080,4.656,8600
2020-09-28 09:35:30.080,4.656,14100
2020-09-28 09:35:30.190,4.656,1000
2020-09-28 09:35:30.700,4.656,1000
2020-09-28 09:35:30.940,4.656,1000
2020-09-28 09:35:32.290,4.657,2000
2020-09-28 09:35:32.290,4.657,18000
2020-09-28 09:35:32.760,4.657,20000
2020-09-28 09:35:32.790,4.657,16000
2020-09-28 09:35:32.930,4.656,600
2020-09-28 09:35:33.770,4.656,3000
2020-09-28 09:35:35.050,4.657,1000
2020-09-28 09:35:36.050,4.656,3800
2020-09-28 09:35:36.050,4.656,5000
2020-09-28 09:35:36.050,4.656,1200
2020-09-28 09:35:36.840,4.657,600
2020-09-28 09:35:37.000,4.656,4800
2020-09-28 09:35:42.370,4.655,200
2020-09-28 09:35:42.370,4.655,3000
2020-09-28 09:35:42.370,4.655,500
2020-09-28 09:35:42.370,4.655,1300
2020-09-28 09:35:44.700,4.656,200
2020-09-28 09:35:44.700,4.656,200
2020-09-28 09:35:44.820,4.655,1500
2020-09-28 09:35:45.620,4.656,1000
2020-09-28 09:35:48.400,4.656,9400
2020-09-28 09:35:48.460,4.656,1000
2020-09-28 09:35:48.670,4.655,2200
2020-09-28 09:35:48.670,4.655,5000
2020-09-28 09:35:48.670,4.655,500
2020-09-28 09:35:48.670,4.655,2000
2020-09-28 09:35:51.530,4.655,300
2020-09-28 09:35:51.530,4.655,1100
2020-09-28 09:35:51.820,4.655,4000
2020-09-28 09:35:52.350,4.655,2900
2020-09-28 09:35:52.350,4.656,18400
2020-09-28 09:35:52.350,4.656,5000
2020-09-28 09:35:52.350,4.656,2000
2020-09-28 09:35:52.350,4.656,2200
2020-09-28 09:35:52.350,4.656,200100
2020-09-28 09:35:52.350,4.656,4000
2020-09-28 09:35:52.350,4.656,10000
2020-09-28 09:35:52.350,4.656,55400
2020-09-28 09:35:52.890,4.655,5800
2020-09-28 09:35:52.890,4.656,94600
2020-09-28 09:35:52.890,4.656,30000
2020-09-28 09:35:54.400,4.657,80000
2020-09-28 09:35:56.130,4.656,2000
2020-09-28 09:35:56.810,4.656,5000
2020-09-28 09:35:57.440,4.657,100
2020-09-28 09:35:58.180,4.656,3000
2020-09-28 09:35:58.870,4.656,1100
2020-09-28 09:36:00.070,4.657,900
2020-09-28 09:36:00.480,4.656,2200
2020-09-28 09:36:00.480,4.655,1000
2020-09-28 09:36:00.480,4.655,4800
2020-09-28 09:36:03.500,4.657,500
2020-09-28 09:36:03.770,4.656,5000
2020-09-28 09:36:03.770,4.657,6000
2020-09-28 09:36:05.380,4.655,100
2020-09-28 09:36:06.470,4.656,20000
2020-09-28 09:36:06.680,4.656,100
2020-09-28 09:36:07.380,4.655,5000
2020-09-28 09:36:07.740,4.655,2500
2020-09-28 09:36:08.950,4.656,100
2020-09-28 09:36:09.080,4.655,100
2020-09-28 09:36:09.220,4.656,30000
2020-09-28 09:36:09.680,4.656,500
2020-09-28 09:36:11.260,4.655,9500
2020-09-28 09:36:11.260,4.655,1500
2020-09-28 09:36:11.260,4.655,200
2020-09-28 09:36:12.010,4.655,14600
2020-09-28 09:36:12.010,4.655,500
2020-09-28 09:36:12.010,4.655,1100
2020-09-28 09:36:12.080,4.655,500
2020-09-28 09:36:12.110,4.656,32100
2020-09-28 09:36:12.560,4.655,9600
2020-09-28 09:36:13.040,4.656,300
2020-09-28 09:36:13.190,4.655,18100
2020-09-28 09:36:14.050,4.656,20000
2020-09-28 09:36:14.290,4.655,7100
2020-09-28 09:36:15.180,4.655,12300
2020-09-28 09:36:15.540,4.656,3000
2020-09-28 09:36:17.280,4.656,100
2020-09-28 09:36:17.800,4.655,4800
2020-09-28 09:36:17.800,4.655,700
2020-09-28 09:36:17.800,4.655,1600
2020-09-28 09:36:17.800,4.655,6800
2020-09-28 09:36:17.800,4.655,4100
2020-09-28 09:36:17.860,4.656,3800
2020-09-28 09:36:17.860,4.656,4100
2020-09-28 09:36:17.860,4.656,6500
2020-09-28 09:36:18.670,4.655,900
2020-09-28 09:36:18.670,4.655,2900
2020-09-28 09:36:18.950,4.655,3000
2020-09-28 09:36:20.420,4.655,20000
2020-09-28 09:36:20.450,4.655,2000
2020-09-28 09:36:21.380,4.654,100
2020-09-28 09:36:21.380,4.654,500
2020-09-28 09:36:21.380,4.654,200
2020-09-28 09:36:21.380,4.654,1600
2020-09-28 09:36:21.380,4.653,8700
2020-09-28 09:36:21.380,4.653,10000
2020-09-28 09:36:21.380,4.653,10000
2020-09-28 09:36:21.380,4.653,10000
2020-09-28 09:36:21.380,4.653,10000
2020-09-28 09:36:21.380,4.653,1200
2020-09-28 09:36:21.380,4.653,60000
2020-09-28 09:36:21.380,4.653,2500
2020-09-28 09:36:21.380,4.653,100
2020-09-28 09:36:21.380,4.653,2000
2020-09-28 09:36:21.380,4.653,700
2020-09-28 09:36:21.380,4.653,4000
2020-09-28 09:36:21.380,4.653,200
2020-09-28 09:36:21.380,4.653,6700
2020-09-28 09:36:21.380,4.653,100
2020-09-28 09:36:21.380,4.653,500
2020-09-28 09:36:21.380,4.653,50000
2020-09-28 09:36:21.380,4.652,10000
2020-09-28 09:36:21.380,4.652,3500
2020-09-28 09:36:21.380,4.652,20100
2020-09-28 09:36:21.380,4.652,300
2020-09-28 09:36:21.380,4.652,15000
2020-09-28 09:36:21.380,4.652,2200
2020-09-28 09:36:21.380,4.652,100
2020-09-28 09:36:21.380,4.652,2000
2020-09-28 09:36:21.380,4.652,44500
2020-09-28 09:36:21.380,4.652,15500
2020-09-28 09:36:21.380,4.651,5000
2020-09-28 09:36:21.380,4.651,10000
2020-09-28 09:36:21.380,4.651,300
2020-09-28 09:36:21.380,4.651,50000
2020-09-28 09:36:21.380,4.651,2000
2020-09-28 09:36:21.380,4.651,1000
2020-09-28 09:36:21.380,4.651,1000
2020-09-28 09:36:21.380,4.651,1000
2020-09-28 09:36:21.380,4.651,100
2020-09-28 09:36:21.380,4.651,51000
2020-09-28 09:36:21.380,4.651,49000
2020-09-28 09:36:22.310,4.651,50000
2020-09-28 09:36:23.870,4.651,200
2020-09-28 09:36:23.990,4.651,60000
2020-09-28 09:36:24.050,4.651,100000
2020-09-28 09:36:24.070,4.651,182700
2020-09-28 09:36:24.070,4.651,90900
2020-09-28 09:36:24.070,4.651,26400
2020-09-28 09:36:24.070,4.651,26800
2020-09-28 09:36:24.980,4.653,1300
2020-09-28 09:36:25.610,4.653,1000
2020-09-28 09:36:25.860,4.653,100
2020-09-28 09:36:27.500,4.653,54000
2020-09-28 09:36:28.120,4.651,700
2020-09-28 09:36:29.470,4.653,600
2020-09-28 09:36:32.070,4.652,500
2020-09-28 09:36:32.070,4.651,4000
2020-09-28 09:36:33.160,4.652,400
2020-09-28 09:36:33.460,4.651,10000
2020-09-28 09:36:33.610,4.652,4300
2020-09-28 09:36:34.000,4.652,18000
2020-09-28 09:36:34.110,4.651,1000
2020-09-28 09:36:34.330,4.651,1300
2020-09-28 09:36:34.770,4.652,100
2020-09-28 09:36:34.830,4.652,1100
2020-09-28 09:36:34.950,4.651,36200
2020-09-28 09:36:34.950,4.651,100000
2020-09-28 09:36:34.950,4.651,13800
2020-09-28 09:36:35.180,4.652,100
2020-09-28 09:36:36.080,4.651,3000
2020-09-28 09:36:36.350,4.651,1000
2020-09-28 09:36:36.780,4.652,20000
2020-09-28 09:36:37.040,4.652,3100
2020-09-28 09:36:38.000,4.651,8000
2020-09-28 09:36:39.060,4.652,12900
2020-09-28 09:36:39.060,4.652,7100
2020-09-28 09:36:39.240,4.65,6000
2020-09-28 09:36:39.240,4.65,4000
2020-09-28 09:36:39.860,4.652,200
2020-09-28 09:36:40.640,4.652,100
2020-09-28 09:36:41.350,4.651,100
2020-09-28 09:36:41.490,4.651,16300
2020-09-28 09:36:42.250,4.652,2900
2020-09-28 09:36:42.250,4.652,200
2020-09-28 09:36:42.520,4.652,100
2020-09-28 09:36:43.780,4.651,300
2020-09-28 09:36:44.540,4.652,5400
2020-09-28 09:36:44.920,4.652,3500
2020-09-28 09:36:45.120,4.652,2500
2020-09-28 09:36:45.690,4.652,12500
2020-09-28 09:36:47.330,4.652,5000
2020-09-28 09:36:48.140,4.652,2000
2020-09-28 09:36:48.530,4.652,10000
2020-09-28 09:36:48.880,4.653,100
2020-09-28 09:36:49.240,4.653,8900
2020-09-28 09:36:50.080,4.653,200
2020-09-28 09:36:50.660,4.652,10000
2020-09-28 09:36:50.720,4.652,6100
2020-09-28 09:36:50.910,4.652,2000
2020-09-28 09:36:50.910,4.652,300
2020-09-28 09:36:50.910,4.651,700
2020-09-28 09:36:52.450,4.652,100
2020-09-28 09:36:52.640,4.652,200
2020-09-28 09:36:52.640,4.652,800
2020-09-28 09:36:53.300,4.652,17300
2020-09-28 09:36:53.370,4.652,7000
2020-09-28 09:36:53.490,4.652,4500
2020-09-28 09:36:53.850,4.653,100
2020-09-28 09:36:54.180,4.652,600
2020-09-28 09:36:54.510,4.652,5000
2020-09-28 09:36:55.900,4.652,65600
2020-09-28 09:36:56.880,4.652,4800
2020-09-28 09:36:56.930,4.652,500
2020-09-28 09:36:57.630,4.651,2600
2020-09-28 09:36:57.630,4.651,1800
2020-09-28 09:36:58.010,4.651,8200
2020-09-28 09:36:58.010,4.651,1000
2020-09-28 09:36:58.010,4.651,7200
2020-09-28 09:36:58.220,4.652,5000
2020-09-28 09:36:58.800,4.652,500
2020-09-28 09:37:00.680,4.651,5000
2020-09-28 09:37:00.740,4.651,4300
2020-09-28 09:37:01.280,4.652,223600
2020-09-28 09:37:01.280,4.652,600
2020-09-28 09:37:01.280,4.652,5500
2020-09-28 09:37:01.280,4.652,10000
2020-09-28 09:37:01.280,4.652,1000
2020-09-28 09:37:02.070,4.652,10000
2020-09-28 09:37:02.180,4.653,4400
2020-09-28 09:37:03.670,4.652,15000
2020-09-28 09:37:03.760,4.652,3000
2020-09-28 09:37:04.400,4.652,3500
2020-09-28 09:37:05.080,4.653,20000
2020-09-28 09:37:05.170,4.652,3000
2020-09-28 09:37:05.630,4.652,3000
2020-09-28 09:37:05.920,4.652,1000
2020-09-28 09:37:05.950,4.653,7000
2020-09-28 09:37:06.010,4.653,19300
2020-09-28 09:37:06.010,4.653,300
2020-09-28 09:37:06.010,4.653,5400
2020-09-28 09:37:06.010,4.653,10700
2020-09-28 09:37:06.010,4.653,5000
2020-09-28 09:37:06.710,4.654,60000
2020-09-28 09:37:06.710,4.654,100
2020-09-28 09:37:06.710,4.654,1000
2020-09-28 09:37:06.710,4.654,2000
2020-09-28 09:37:06.710,4.654,3000
2020-09-28 09:37:06.710,4.654,25000
2020-09-28 09:37:06.710,4.654,114100
2020-09-28 09:37:07.240,4.654,9600
2020-09-28 09:37:07.360,4.654,20700
2020-09-28 09:37:08.300,4.654,3100
2020-09-28 09:37:08.520,4.654,5400
2020-09-28 09:37:09.580,4.653,900
2020-09-28 09:37:10.320,4.653,2600
2020-09-28 09:37:10.320,4.653,8400
2020-09-28 09:37:10.450,4.653,4000
2020-09-28 09:37:11.050,4.654,100
2020-09-28 09:37:12.330,4.654,2000
2020-09-28 09:37:13.260,4.654,10000
2020-09-28 09:37:14.140,4.653,4400
2020-09-28 09:37:15.040,4.653,4000
2020-09-28 09:37:18.460,4.654,200
2020-09-28 09:37:18.460,4.655,8000
2020-09-28 09:37:18.460,4.655,1000
2020-09-28 09:37:20.980,4.653,1500
2020-09-28 09:37:21.100,4.653,2800
2020-09-28 09:37:21.100,4.653,2600
2020-09-28 09:37:21.100,4.653,5800
2020-09-28 09:37:21.100,4.653,3300
2020-09-28 09:37:21.100,4.653,100
2020-09-28 09:37:25.600,4.655,500
2020-09-28 09:37:25.600,4.655,500
2020-09-28 09:37:25.600,4.655,9200
2020-09-28 09:37:28.980,4.653,2000
2020-09-28 09:37:29.730,4.653,5000
2020-09-28 09:37:30.380,4.654,100
2020-09-28 09:37:30.380,4.654,900
2020-09-28 09:37:31.790,4.654,1000
2020-09-28 09:37:32.340,4.654,100
2020-09-28 09:37:32.730,4.654,600
2020-09-28 09:37:32.730,4.653,10000
2020-09-28 09:37:33.080,4.654,400
2020-09-28 09:37:33.080,4.654,22100
2020-09-28 09:37:33.080,4.654,27500
2020-09-28 09:37:34.210,4.653,8000
2020-09-28 09:37:34.300,4.654,100
2020-09-28 09:37:36.690,4.653,1000
2020-09-28 09:37:36.930,4.653,23900
2020-09-28 09:37:36.930,4.653,3000
2020-09-28 09:37:36.930,4.653,100
2020-09-28 09:37:36.930,4.653,10000
2020-09-28 09:37:36.930,4.653,34000
2020-09-28 09:37:38.310,4.654,21300
2020-09-28 09:37:38.310,4.654,38700
2020-09-28 09:37:39.530,4.653,100
2020-09-28 09:37:39.560,4.654,3000
2020-09-28 09:37:39.930,4.654,3000
2020-09-28 09:37:43.660,4.654,100
2020-09-28 09:37:45.420,4.654,100
2020-09-28 09:37:46.530,4.653,1600
2020-09-28 09:37:46.530,4.653,5000
2020-09-28 09:37:46.530,4.653,2100
2020-09-28 09:37:46.530,4.653,1300
2020-09-28 09:37:47.000,4.653,700
2020-09-28 09:37:47.000,4.653,4300
2020-09-28 09:37:47.520,4.654,1500
2020-09-28 09:37:47.670,4.654,15000
2020-09-28 09:37:48.070,4.654,100
2020-09-28 09:37:48.460,4.654,1000
2020-09-28 09:37:48.720,4.654,300
2020-09-28 09:37:50.410,4.654,13600
2020-09-28 09:37:50.410,4.654,7200
2020-09-28 09:37:51.920,4.654,200
2020-09-28 09:37:52.850,4.653,700
2020-09-28 09:37:52.850,4.653,1000
2020-09-28 09:37:52.850,4.653,500
2020-09-28 09:37:52.850,4.653,4800
2020-09-28 09:37:53.060,4.653,1000
2020-09-28 09:37:53.110,4.654,2600
2020-09-28 09:37:53.110,4.654,10000
2020-09-28 09:37:53.110,4.654,5000
2020-09-28 09:37:55.070,4.653,24400
2020-09-28 09:37:55.250,4.654,2300
2020-09-28 09:37:55.490,4.654,900
2020-09-28 09:37:55.490,4.654,6300
2020-09-28 09:37:55.860,4.653,2000
2020-09-28 09:37:56.540,4.653,2600
2020-09-28 09:37:57.100,4.653,5000
2020-09-28 09:37:58.540,4.653,4900
2020-09-28 09:37:59.310,4.653,10000
2020-09-28 09:38:02.980,4.654,100
2020-09-28 09:38:02.980,4.654,100
2020-09-28 09:38:03.480,4.653,3600
2020-09-28 09:38:03.480,4.653,10000
2020-09-28 09:38:03.480,4.653,3000
2020-09-28 09:38:03.480,4.653,400
2020-09-28 09:38:03.480,4.653,5000
2020-09-28 09:38:03.480,4.653,23800
2020-09-28 09:38:03.480,4.653,10000
2020-09-28 09:38:03.480,4.653,900
2020-09-28 09:38:03.480,4.653,1000
2020-09-28 09:38:03.480,4.653,30000
2020-09-28 09:38:03.480,4.653,20000
2020-09-28 09:38:08.240,4.653,3100
2020-09-28 09:38:10.540,4.653,1000
2020-09-28 09:38:10.570,4.653,1000
2020-09-28 09:38:12.040,4.652,300
2020-09-28 09:38:12.040,4.652,600
2020-09-28 09:38:12.040,4.652,1200
2020-09-28 09:38:12.070,4.653,600
2020-09-28 09:38:13.790,4.653,200
2020-09-28 09:38:15.320,4.653,700
2020-09-28 09:38:15.320,4.653,9300
2020-09-28 09:38:16.710,4.652,100
2020-09-28 09:38:16.970,4.652,300
2020-09-28 09:38:18.910,4.653,700
2020-09-28 09:38:18.910,4.653,300
2020-09-28 09:38:19.080,4.652,11400
2020-09-28 09:38:19.080,4.652,2000
2020-09-28 09:38:19.080,4.652,50000
2020-09-28 09:38:19.080,4.652,1000
2020-09-28 09:38:19.080,4.652,12000
2020-09-28 09:38:19.080,4.652,100
2020-09-28 09:38:19.080,4.652,5000
2020-09-28 09:38:19.080,4.652,2000
2020-09-28 09:38:19.080,4.652,16000
2020-09-28 09:38:19.080,4.652,14100
2020-09-28 09:38:19.080,4.652,2100
2020-09-28 09:38:19.690,4.652,10000
2020-09-28 09:38:19.750,4.652,200
2020-09-28 09:38:21.110,4.652,100
2020-09-28 09:38:21.760,4.652,98200
2020-09-28 09:38:23.250,4.651,600
2020-09-28 09:38:23.250,4.651,6200
2020-09-28 09:38:23.330,4.652,1100
2020-09-28 09:38:23.800,4.652,4200
2020-09-28 09:38:24.010,4.652,300
2020-09-28 09:38:26.680,4.652,70200
2020-09-28 09:38:26.680,4.652,200
2020-09-28 09:38:26.680,4.652,1000
2020-09-28 09:38:26.680,4.652,150000
2020-09-28 09:38:26.680,4.652,20000
2020-09-28 09:38:26.680,4.652,10000
2020-09-28 09:38:28.300,4.652,3000
2020-09-28 09:38:28.750,4.653,9800
2020-09-28 09:38:28.750,4.653,200
2020-09-28 09:38:29.200,4.652,3000
2020-09-28 09:38:30.670,4.652,11800
2020-09-28 09:38:30.700,4.652,1600
2020-09-28 09:38:30.930,4.653,3400
2020-09-28 09:38:32.150,4.652,400
2020-09-28 09:38:33.160,4.652,10000
2020-09-28 09:38:35.630,4.652,18800
2020-09-28 09:38:35.630,4.652,2000
2020-09-28 09:38:35.630,4.652,1200
2020-09-28 09:38:35.630,4.652,1000
2020-09-28 09:38:35.630,4.652,17000
2020-09-28 09:38:36.940,4.653,2300
2020-09-28 09:38:38.790,4.652,3000
2020-09-28 09:38:38.790,4.652,5000
2020-09-28 09:38:38.790,4.652,6700
2020-09-28 09:38:39.500,4.653,4100
2020-09-28 09:38:39.500,4.653,700
2020-09-28 09:38:39.500,4.653,200
2020-09-28 09:38:41.560,4.652,3300
2020-09-28 09:38:41.560,4.652,1700
2020-09-28 09:38:41.680,4.652,800
2020-09-28 09:38:41.800,4.653,300
2020-09-28 09:38:41.800,4.653,300
2020-09-28 09:38:41.800,4.653,49400
2020-09-28 09:38:41.960,4.652,2000
2020-09-28 09:38:42.300,4.652,25500
2020-09-28 09:38:42.300,4.652,2300
2020-09-28 09:38:42.300,4.652,1000
2020-09-28 09:38:42.300,4.652,15000
2020-09-28 09:38:42.300,4.652,1400
2020-09-28 09:38:42.560,4.652,1100
2020-09-28 09:38:45.490,4.652,2700
2020-09-28 09:38:45.490,4.652,300
2020-09-28 09:38:45.550,4.652,200
2020-09-28 09:38:46.010,4.652,100
2020-09-28 09:38:47.760,4.651,3800
2020-09-28 09:38:47.760,4.651,16200
2020-09-28 09:38:48.020,4.652,400
2020-09-28 09:38:48.780,4.652,1700
2020-09-28 09:38:48.780,4.652,800
2020-09-28 09:38:49.740,4.651,3800
2020-09-28 09:38:49.740,4.651,5000
2020-09-28 09:38:50.040,4.651,300
2020-09-28 09:38:50.040,4.651,20000
2020-09-28 09:38:50.040,4.651,79700
2020-09-28 09:38:51.420,4.652,200
2020-09-28 09:38:51.880,4.652,15100
2020-09-28 09:38:52.400,4.652,9000
2020-09-28 09:38:52.910,4.651,200
2020-09-28 09:38:53.220,4.651,76800
2020-09-28 09:38:53.690,4.651,5900
2020-09-28 09:38:54.100,4.651,12600
2020-09-28 09:38:55.440,4.652,74900
2020-09-28 09:38:55.440,4.652,50000
2020-09-28 09:38:55.440,4.652,84100
2020-09-28 09:38:55.440,4.652,3000
2020-09-28 09:38:55.440,4.652,500
2020-09-28 09:38:55.440,4.652,6100
2020-09-28 09:38:55.980,4.652,11400
2020-09-28 09:38:56.790,4.652,27500
2020-09-28 09:38:58.570,4.652,200
2020-09-28 09:38:59.220,4.653,500
2020-09-28 09:38:59.610,4.652,2000
2020-09-28 09:38:59.760,4.652,6000
2020-09-28 09:39:00.190,4.652,3700
2020-09-28 09:39:00.430,4.652,400
2020-09-28 09:39:00.530,4.652,200
2020-09-28 09:39:01.040,4.652,20000
2020-09-28 09:39:01.120,4.652,10000
2020-09-28 09:39:01.390,4.651,124800
2020-09-28 09:39:01.390,4.651,44000
2020-09-28 09:39:01.390,4.651,50000
2020-09-28 09:39:01.390,4.651,2000
2020-09-28 09:39:01.390,4.651,500
2020-09-28 09:39:01.390,4.651,8000
2020-09-28 09:39:01.390,4.651,3000
2020-09-28 09:39:01.390,4.651,1000
2020-09-28 09:39:01.390,4.651,2000
2020-09-28 09:39:03.290,4.651,2900
2020-09-28 09:39:03.740,4.651,1000
2020-09-28 09:39:04.670,4.651,42000
2020-09-28 09:39:06.310,4.651,18800
2020-09-28 09:39:06.310,4.651,1300
2020-09-28 09:39:06.800,4.652,200
2020-09-28 09:39:07.780,4.652,200
2020-09-28 09:39:07.780,4.652,1000
2020-09-28 09:39:07.780,4.652,8500
2020-09-28 09:39:07.920,4.651,200
2020-09-28 09:39:08.900,4.652,2000
2020-09-28 09:39:09.850,4.652,10000
2020-09-28 09:39:11.660,4.652,6400
2020-09-28 09:39:11.800,4.652,100
2020-09-28 09:39:12.190,4.651,13800
2020-09-28 09:39:13.480,4.652,2100
2020-09-28 09:39:13.510,4.652,17500
2020-09-28 09:39:14.100,4.652,1500
2020-09-28 09:39:14.100,4.652,6700
2020-09-28 09:39:14.620,4.652,1000
2020-09-28 09:39:14.620,4.652,1600
2020-09-28 09:39:14.620,4.652,4000
2020-09-28 09:39:14.620,4.652,100
2020-09-28 09:39:14.620,4.652,800
2020-09-28 09:39:14.620,4.652,5000
2020-09-28 09:39:14.620,4.653,22500
2020-09-28 09:39:16.600,4.651,2200
2020-09-28 09:39:17.290,4.653,23100
2020-09-28 09:39:17.920,4.652,700
2020-09-28 09:39:18.460,4.653,4500
2020-09-28 09:39:18.460,4.653,10000
2020-09-28 09:39:18.460,4.653,1000
2020-09-28 09:39:18.460,4.653,36400
2020-09-28 09:39:18.460,4.653,3000
2020-09-28 09:39:18.460,4.653,200
2020-09-28 09:39:18.460,4.653,11500
2020-09-28 09:39:18.460,4.653,30000
2020-09-28 09:39:18.460,4.653,100000
2020-09-28 09:39:19.060,4.653,100
2020-09-28 09:39:20.420,4.653,8500
2020-09-28 09:39:21.060,4.653,5400
2020-09-28 09:39:24.090,4.653,6300
2020-09-28 09:39:24.150,4.653,21900
2020-09-28 09:39:25.320,4.653,300
2020-09-28 09:39:25.890,4.654,200
2020-09-28 09:39:25.890,4.654,500
2020-09-28 09:39:25.890,4.654,9300
2020-09-28 09:39:25.890,4.654,5000
2020-09-28 09:39:25.890,4.654,5000
2020-09-28 09:39:25.890,4.654,2100
2020-09-28 09:39:25.890,4.654,2500
2020-09-28 09:39:27.130,4.653,100
2020-09-28 09:39:27.130,4.653,900
2020-09-28 09:39:29.920,4.653,5700
2020-09-28 09:39:29.920,4.653,100
2020-09-28 09:39:29.920,4.652,3200
2020-09-28 09:39:30.860,4.654,1700
2020-09-28 09:39:31.210,4.652,1200
2020-09-28 09:39:31.210,4.652,200
2020-09-28 09:39:31.210,4.652,300
2020-09-28 09:39:31.210,4.652,8300
2020-09-28 09:39:31.730,4.653,1000
2020-09-28 09:39:32.250,4.653,4000
2020-09-28 09:39:37.190,4.653,100
2020-09-28 09:39:37.480,4.653,15500
2020-09-28 09:39:39.450,4.653,100
2020-09-28 09:39:40.860,4.652,400
2020-09-28 09:39:44.090,4.653,100
2020-09-28 09:39:44.290,4.652,1000
2020-09-28 09:39:44.920,4.653,100
2020-09-28 09:39:45.290,4.653,100
2020-09-28 09:39:45.290,4.653,10000
2020-09-28 09:39:46.020,4.653,300
2020-09-28 09:39:47.070,4.652,300
2020-09-28 09:39:47.070,4.652,1500
2020-09-28 09:39:47.070,4.652,200
2020-09-28 09:39:47.070,4.652,8000
2020-09-28 09:39:50.370,4.652,5000
2020-09-28 09:39:53.990,4.653,100
2020-09-28 09:39:54.380,4.652,100
2020-09-28 09:39:56.170,4.652,3500
2020-09-28 09:39:56.720,4.653,1300
2020-09-28 09:39:57.460,4.653,1300
2020-09-28 09:39:57.980,4.653,100
2020-09-28 09:39:58.380,4.652,3400
2020-09-28 09:39:58.380,4.652,200
2020-09-28 09:39:58.380,4.652,4300
2020-09-28 09:39:58.380,4.652,100
2020-09-28 09:39:58.380,4.652,2000
2020-09-28 09:39:58.500,4.652,3000
2020-09-28 09:39:58.500,4.652,2000
2020-09-28 09:39:58.950,4.652,7000
2020-09-28 09:40:00.210,4.653,400
2020-09-28 09:40:00.770,4.652,1100
2020-09-28 09:40:00.770,4.652,2100
2020-09-28 09:40:00.770,4.652,6800
2020-09-28 09:40:01.700,4.652,2500
2020-09-28 09:40:01.980,4.652,300
2020-09-28 09:40:02.350,4.652,100
2020-09-28 09:40:02.380,4.652,100
2020-09-28 09:40:02.380,4.653,200
2020-09-28 09:40:02.530,4.651,5000
2020-09-28 09:40:02.530,4.651,60700
2020-09-28 09:40:03.420,4.652,100
2020-09-28 09:40:03.530,4.652,3900
2020-09-28 09:40:04.120,4.652,300
2020-09-28 09:40:04.270,4.653,33000
2020-09-28 09:40:05.000,4.652,400
2020-09-28 09:40:05.000,4.652,60000
2020-09-28 09:40:05.240,4.652,30000
2020-09-28 09:40:05.460,4.653,1000
2020-09-28 09:40:05.980,4.652,2000
2020-09-28 09:40:06.060,4.652,8500
2020-09-28 09:40:09.840,4.652,10000
2020-09-28 09:40:10.020,4.653,40000
2020-09-28 09:40:10.050,4.653,5400
2020-09-28 09:40:10.050,4.653,1200
2020-09-28 09:40:10.050,4.653,54900
2020-09-28 09:40:10.050,4.653,100
2020-09-28 09:40:10.050,4.653,2300
2020-09-28 09:40:10.050,4.653,6000
2020-09-28 09:40:10.050,4.653,43900
2020-09-28 09:40:10.490,4.652,100
2020-09-28 09:40:10.630,4.653,400
2020-09-28 09:40:10.690,4.653,100
2020-09-28 09:40:10.810,4.653,23700
2020-09-28 09:40:11.700,4.652,100
2020-09-28 09:40:12.040,4.653,10000
2020-09-28 09:40:12.100,4.653,60000
2020-09-28 09:40:12.100,4.653,70000
2020-09-28 09:40:12.100,4.653,100000
2020-09-28 09:40:12.420,4.652,24000
2020-09-28 09:40:12.660,4.653,53600
2020-09-28 09:40:12.660,4.653,1000
2020-09-28 09:40:12.660,4.653,500
2020-09-28 09:40:12.660,4.653,10000
2020-09-28 09:40:12.660,4.653,20000
2020-09-28 09:40:13.020,4.653,300
2020-09-28 09:40:13.070,4.653,3000
2020-09-28 09:40:13.200,4.653,3100
2020-09-28 09:40:13.260,4.653,100
2020-09-28 09:40:14.860,4.654,5800
2020-09-28 09:40:14.860,4.654,4500
2020-09-28 09:40:14.860,4.654,200
2020-09-28 09:40:14.860,4.654,5000
2020-09-28 09:40:14.860,4.654,10000
2020-09-28 09:40:14.860,4.654,3000
2020-09-28 09:40:14.860,4.654,1200
2020-09-28 09:40:14.860,4.654,8000
2020-09-28 09:40:15.040,4.655,800
2020-09-28 09:40:15.040,4.655,2000
2020-09-28 09:40:15.040,4.655,7200
2020-09-28 09:40:15.040,4.655,34800
2020-09-28 09:40:15.040,4.655,2000
2020-09-28 09:40:15.040,4.655,1000
2020-09-28 09:40:15.040,4.655,600
2020-09-28 09:40:15.040,4.655,20000
2020-09-28 09:40:15.040,4.655,30000
2020-09-28 09:40:15.040,4.655,400
2020-09-28 09:40:15.040,4.655,10700
2020-09-28 09:40:15.040,4.655,500
2020-09-28 09:40:15.070,4.655,49500
2020-09-28 09:40:15.070,4.655,7200
2020-09-28 09:40:15.070,4.655,1000
2020-09-28 09:40:15.070,4.655,10500
2020-09-28 09:40:15.070,4.655,500
2020-09-28 09:40:15.070,4.655,1000
2020-09-28 09:40:15.070,4.655,100
2020-09-28 09:40:15.070,4.655,10200
2020-09-28 09:40:15.070,4.655,16700
2020-09-28 09:40:15.070,4.655,10000
2020-09-28 09:40:15.070,4.655,4900
2020-09-28 09:40:15.070,4.655,100
2020-09-28 09:40:15.070,4.655,8300
2020-09-28 09:40:15.070,4.655,10000
2020-09-28 09:40:15.330,4.655,81700
2020-09-28 09:40:15.330,4.655,100
2020-09-28 09:40:15.330,4.655,2000
2020-09-28 09:40:15.330,4.655,1000
2020-09-28 09:40:15.330,4.655,52400
2020-09-28 09:40:15.840,4.655,600
2020-09-28 09:40:16.250,4.655,4000
2020-09-28 09:40:19.540,4.656,5600
2020-09-28 09:40:19.540,4.656,600
2020-09-28 09:40:19.540,4.656,500
2020-09-28 09:40:19.540,4.656,3000
2020-09-28 09:40:19.540,4.656,9200
2020-09-28 09:40:20.310,4.656,800
2020-09-28 09:40:20.310,4.656,2500
2020-09-28 09:40:20.310,4.656,10000
2020-09-28 09:40:20.310,4.656,2500
2020-09-28 09:40:20.310,4.656,100
2020-09-28 09:40:20.310,4.656,15000
2020-09-28 09:40:20.310,4.656,4500
2020-09-28 09:40:20.310,4.656,5000
2020-09-28 09:40:20.310,4.656,9600
2020-09-28 09:40:20.820,4.655,8000
2020-09-28 09:40:22.600,4.655,1400
2020-09-28 09:40:24.490,4.656,90400
2020-09-28 09:40:24.490,4.656,1200
2020-09-28 09:40:25.700,4.656,7500
2020-09-28 09:40:27.130,4.656,3000
2020-09-28 09:40:27.280,4.656,2100
2020-09-28 09:40:27.770,4.656,18700
2020-09-28 09:40:27.800,4.656,1000
2020-09-28 09:40:28.330,4.657,1000
2020-09-28 09:40:29.120,4.656,1000
2020-09-28 09:40:29.320,4.656,2000
2020-09-28 09:40:34.450,4.656,3100
2020-09-28 09:40:34.500,4.657,5900
2020-09-28 09:40:34.500,4.657,1000
2020-09-28 09:40:34.500,4.657,2200
2020-09-28 09:40:34.500,4.657,900
2020-09-28 09:40:34.880,4.657,1400
2020-09-28 09:40:34.880,4.657,1400
2020-09-28 09:40:34.880,4.657,12700
2020-09-28 09:40:34.880,4.657,2000
2020-09-28 09:40:34.880,4.657,1000
2020-09-28 09:40:34.880,4.657,300
2020-09-28 09:40:34.880,4.657,600
2020-09-28 09:40:34.880,4.657,9700
2020-09-28 09:40:34.990,4.656,1000
2020-09-28 09:40:35.160,4.657,300
2020-09-28 09:40:35.160,4.657,2700
2020-09-28 09:40:35.600,4.656,6000
2020-09-28 09:40:35.670,4.656,93600
2020-09-28 09:40:36.340,4.657,600
2020-09-28 09:40:36.790,4.656,10000
2020-09-28 09:40:37.730,4.656,10000
2020-09-28 09:40:37.950,4.657,100
2020-09-28 09:40:38.100,4.657,800
2020-09-28 09:40:38.100,4.657,1200
2020-09-28 09:40:38.310,4.656,13600
2020-09-28 09:40:39.230,4.656,35800
2020-09-28 09:40:39.230,4.656,1000
2020-09-28 09:40:39.230,4.656,500
2020-09-28 09:40:39.230,4.656,2000
2020-09-28 09:40:39.230,4.656,700
2020-09-28 09:40:39.870,4.656,800
2020-09-28 09:40:40.120,4.656,1000
2020-09-28 09:40:41.370,4.656,200
2020-09-28 09:40:41.370,4.656,4000
2020-09-28 09:40:41.370,4.656,200
2020-09-28 09:40:41.370,4.657,600
2020-09-28 09:40:41.710,4.655,100
2020-09-28 09:40:44.790,4.656,500
2020-09-28 09:40:44.930,4.656,60000
2020-09-28 09:40:45.770,4.656,17100
2020-09-28 09:40:45.770,4.656,15000
2020-09-28 09:40:46.280,4.655,4400
2020-09-28 09:40:46.280,4.655,2000
2020-09-28 09:40:48.800,4.654,1200
2020-09-28 09:40:48.800,4.654,50000
2020-09-28 09:40:48.800,4.654,700
2020-09-28 09:40:51.810,4.655,43600
2020-09-28 09:40:51.810,4.655,2500
2020-09-28 09:40:51.810,4.655,1400
2020-09-28 09:40:51.810,4.656,32500
2020-09-28 09:40:52.230,4.656,200
2020-09-28 09:40:54.680,4.655,10000
2020-09-28 09:40:54.680,4.656,20000
2020-09-28 09:40:54.680,4.656,1000
2020-09-28 09:40:54.680,4.656,5200
2020-09-28 09:40:55.990,4.654,5300
2020-09-28 09:40:55.990,4.654,1000
2020-09-28 09:40:56.360,4.654,100
2020-09-28 09:40:56.360,4.655,100
2020-09-28 09:40:56.510,4.655,1400
2020-09-28 09:40:57.480,4.655,1000
2020-09-28 09:40:58.210,4.655,100
2020-09-28 09:40:59.890,4.655,3500
2020-09-28 09:41:00.030,4.655,2500
2020-09-28 09:41:00.160,4.655,300
2020-09-28 09:41:02.070,4.655,1500
2020-09-28 09:41:02.070,4.656,4500
2020-09-28 09:41:05.820,4.656,2900
2020-09-28 09:41:07.060,4.656,6000
2020-09-28 09:41:07.790,4.655,100
2020-09-28 09:41:08.820,4.656,100
2020-09-28 09:41:08.990,4.656,1300
2020-09-28 09:41:08.990,4.656,2200
2020-09-28 09:41:10.040,4.655,700
2020-09-28 09:41:11.130,4.656,100
2020-09-28 09:41:11.190,4.656,300
2020-09-28 09:41:11.510,4.656,400
2020-09-28 09:41:11.510,4.656,3000
2020-09-28 09:41:11.510,4.656,400
2020-09-28 09:41:11.510,4.656,15000
2020-09-28 09:41:11.510,4.656,5000
2020-09-28 09:41:11.510,4.656,100
2020-09-28 09:41:11.510,4.656,1000
2020-09-28 09:41:11.510,4.656,200
2020-09-28 09:41:11.510,4.656,1100
2020-09-28 09:41:11.510,4.656,2000
2020-09-28 09:41:11.510,4.656,100
2020-09-28 09:41:11.510,4.656,2200
2020-09-28 09:41:11.510,4.656,200
2020-09-28 09:41:11.510,4.656,600
2020-09-28 09:41:12.700,4.657,200
2020-09-28 09:41:12.700,4.657,3000
2020-09-28 09:41:12.700,4.657,1000
2020-09-28 09:41:12.700,4.657,1700
2020-09-28 09:41:12.700,4.657,6200
2020-09-28 09:41:12.700,4.657,100
2020-09-28 09:41:12.700,4.657,10400
2020-09-28 09:41:12.700,4.657,1200
2020-09-28 09:41:12.700,4.657,3500
2020-09-28 09:41:12.700,4.657,10600
2020-09-28 09:41:12.700,4.657,20000
2020-09-28 09:41:12.700,4.657,10000
2020-09-28 09:41:12.700,4.657,24900
2020-09-28 09:41:12.700,4.657,10000
2020-09-28 09:41:12.700,4.657,500
2020-09-28 09:41:12.700,4.657,400
2020-09-28 09:41:12.700,4.657,100
2020-09-28 09:41:12.700,4.657,5000
2020-09-28 09:41:12.840,4.657,100
2020-09-28 09:41:16.180,4.657,3000
2020-09-28 09:41:16.180,4.658,100
2020-09-28 09:41:16.180,4.658,10000
2020-09-28 09:41:16.180,4.658,500
2020-09-28 09:41:16.180,4.658,100
2020-09-28 09:41:16.180,4.658,500
2020-09-28 09:41:16.180,4.658,100
2020-09-28 09:41:16.180,4.658,2000
2020-09-28 09:41:16.180,4.658,1000
2020-09-28 09:41:16.180,4.658,1900
2020-09-28 09:41:16.180,4.658,5000
2020-09-28 09:41:16.180,4.658,10000
2020-09-28 09:41:16.180,4.658,300
2020-09-28 09:41:16.180,4.658,5000
2020-09-28 09:41:16.180,4.658,100
2020-09-28 09:41:16.180,4.658,5000
2020-09-28 09:41:16.180,4.658,12300
2020-09-28 09:41:16.180,4.658,5000
2020-09-28 09:41:16.180,4.658,30000
2020-09-28 09:41:16.180,4.658,100
2020-09-28 09:41:16.180,4.658,50000
2020-09-28 09:41:16.180,4.658,100
2020-09-28 09:41:16.180,4.658,25300
2020-09-28 09:41:16.180,4.658,25900
2020-09-28 09:41:17.480,4.657,2300
2020-09-28 09:41:20.070,4.656,2200
2020-09-28 09:41:24.810,4.657,700
2020-09-28 09:41:24.810,4.657,200
2020-09-28 09:41:24.810,4.657,9100
2020-09-28 09:41:26.210,4.656,900
2020-09-28 09:41:26.570,4.657,300
2020-09-28 09:41:26.830,4.657,20600
2020-09-28 09:41:26.830,4.657,1000
2020-09-28 09:41:26.830,4.657,2000
2020-09-28 09:41:27.670,4.657,13300
2020-09-28 09:41:29.030,4.657,3100
2020-09-28 09:41:29.610,4.658,500
2020-09-28 09:41:30.110,4.658,3000
2020-09-28 09:41:30.550,4.658,20600
2020-09-28 09:41:30.550,4.658,100
2020-09-28 09:41:30.550,4.658,20000
2020-09-28 09:41:30.550,4.658,1000
2020-09-28 09:41:30.550,4.658,1000
2020-09-28 09:41:30.550,4.658,300
2020-09-28 09:41:30.870,4.658,1000
2020-09-28 09:41:31.340,4.659,800
2020-09-28 09:41:31.340,4.659,15400
2020-09-28 09:41:31.340,4.659,5000
2020-09-28 09:41:31.340,4.659,2000
2020-09-28 09:41:31.340,4.659,12700
2020-09-28 09:41:31.340,4.659,30000
2020-09-28 09:41:31.340,4.659,10000
2020-09-28 09:41:31.340,4.659,1600
2020-09-28 09:41:31.340,4.659,2500
2020-09-28 09:41:31.340,4.659,1000
2020-09-28 09:41:31.340,4.659,500
2020-09-28 09:41:31.340,4.659,2500
2020-09-28 09:41:31.340,4.659,100
2020-09-28 09:41:31.340,4.659,20000
2020-09-28 09:41:31.340,4.659,200
2020-09-28 09:41:31.340,4.659,3000
2020-09-28 09:41:31.340,4.659,1000
2020-09-28 09:41:31.340,4.659,100
2020-09-28 09:41:31.340,4.659,1000
2020-09-28 09:41:31.340,4.659,100
2020-09-28 09:41:31.340,4.659,20000
2020-09-28 09:41:31.340,4.659,2000
2020-09-28 09:41:31.340,4.659,9500
2020-09-28 09:41:31.340,4.659,10000
2020-09-28 09:41:33.580,4.659,100000
2020-09-28 09:41:33.630,4.66,1900
2020-09-28 09:41:33.630,4.66,200
2020-09-28 09:41:34.000,4.659,9000
2020-09-28 09:41:36.120,4.659,500
2020-09-28 09:41:37.470,4.658,5000
2020-09-28 09:41:37.470,4.657,2500
2020-09-28 09:41:39.010,4.659,200
2020-09-28 09:41:40.240,4.659,10300
2020-09-28 09:41:40.240,4.659,5000
2020-09-28 09:41:40.240,4.659,30000
2020-09-28 09:41:40.350,4.66,400
2020-09-28 09:41:41.790,4.66,4800
2020-09-28 09:41:41.790,4.66,200
2020-09-28 09:41:42.660,4.659,1000
2020-09-28 09:41:43.200,4.659,500
2020-09-28 09:41:44.030,4.659,10000
2020-09-28 09:41:44.860,4.659,2000
2020-09-28 09:41:45.210,4.659,20000
2020-09-28 09:41:45.740,4.659,2200
2020-09-28 09:41:46.200,4.659,5000
2020-09-28 09:41:46.340,4.66,300
2020-09-28 09:41:46.340,4.66,200
2020-09-28 09:41:49.750,4.659,14000
2020-09-28 09:41:49.750,4.659,600
2020-09-28 09:41:49.750,4.659,400
2020-09-28 09:41:50.030,4.66,800
2020-09-28 09:41:50.030,4.66,200
2020-09-28 09:41:50.140,4.66,24800
2020-09-28 09:41:50.140,4.66,2000
2020-09-28 09:41:50.140,4.66,47000
2020-09-28 09:41:50.140,4.66,1500
2020-09-28 09:41:50.140,4.66,5000
2020-09-28 09:41:50.140,4.66,5000
2020-09-28 09:41:50.140,4.66,1000
2020-09-28 09:41:50.140,4.66,6200
2020-09-28 09:41:50.140,4.66,7500
2020-09-28 09:41:50.600,4.66,1600
2020-09-28 09:41:50.600,4.66,3000
2020-09-28 09:41:50.600,4.66,1000
2020-09-28 09:41:50.600,4.66,20000
2020-09-28 09:41:50.600,4.66,20000
2020-09-28 09:41:50.600,4.66,24400
2020-09-28 09:41:50.710,4.659,100
2020-09-28 09:41:52.200,4.659,1500
2020-09-28 09:41:52.200,4.659,100
2020-09-28 09:41:52.200,4.659,3400
2020-09-28 09:41:52.670,4.66,5600
2020-09-28 09:41:52.670,4.66,5000
2020-09-28 09:41:52.670,4.66,5000
2020-09-28 09:41:52.670,4.66,1000
2020-09-28 09:41:52.670,4.66,5000
2020-09-28 09:41:52.670,4.66,13000
2020-09-28 09:41:52.670,4.66,1000
2020-09-28 09:41:52.670,4.66,10000
2020-09-28 09:41:52.670,4.66,1500
2020-09-28 09:41:52.670,4.66,5000
2020-09-28 09:41:52.670,4.66,500
2020-09-28 09:41:52.670,4.66,2200
2020-09-28 09:41:52.670,4.66,20000
2020-09-28 09:41:52.670,4.66,2000
2020-09-28 09:41:52.670,4.66,5000
2020-09-28 09:41:52.670,4.66,2000
2020-09-28 09:41:52.670,4.66,5000
2020-09-28 09:41:52.670,4.66,10000
2020-09-28 09:41:52.670,4.66,1500
2020-09-28 09:41:52.670,4.66,5000
2020-09-28 09:41:52.670,4.66,5000
2020-09-28 09:41:52.670,4.66,2100
2020-09-28 09:41:52.670,4.66,1500
2020-09-28 09:41:52.670,4.66,1000
2020-09-28 09:41:52.670,4.66,800
2020-09-28 09:41:52.670,4.66,1000
2020-09-28 09:41:52.670,4.66,100
2020-09-28 09:41:52.670,4.66,3000
2020-09-28 09:41:52.670,4.66,200
2020-09-28 09:41:52.670,4.66,400
2020-09-28 09:41:52.670,4.66,1000
2020-09-28 09:41:52.670,4.66,300
2020-09-28 09:41:52.670,4.66,500
2020-09-28 09:41:52.670,4.66,21500
2020-09-28 09:41:52.670,4.66,5000
2020-09-28 09:41:52.670,4.66,5000
2020-09-28 09:41:52.670,4.66,500
2020-09-28 09:41:52.670,4.66,10000
2020-09-28 09:41:52.670,4.66,8900
2020-09-28 09:41:52.670,4.66,2100
2020-09-28 09:41:52.670,4.66,1600
2020-09-28 09:41:52.670,4.66,2000
2020-09-28 09:41:52.670,4.66,20000
2020-09-28 09:41:52.670,4.66,2000
2020-09-28 09:41:52.670,4.66,99200
2020-09-28 09:41:53.940,4.659,2300
2020-09-28 09:41:53.940,4.659,17500
2020-09-28 09:41:55.210,4.659,400
2020-09-28 09:41:55.210,4.659,2400
2020-09-28 09:41:55.210,4.659,2200
2020-09-28 09:41:55.380,4.66,100
2020-09-28 09:41:55.750,4.66,700
2020-09-28 09:41:56.140,4.66,300
2020-09-28 09:41:56.140,4.66,700
2020-09-28 09:41:56.530,4.66,4300
2020-09-28 09:41:56.530,4.66,1000
2020-09-28 09:41:56.530,4.66,1700
2020-09-28 09:41:56.900,4.659,1200
2020-09-28 09:41:57.530,4.66,1000
2020-09-28 09:41:57.830,4.66,300
