Datetime,Price,Volume
2020-10-16 09:25:00.920,3.425,5000
2020-10-16 09:25:00.920,3.425,1800
2020-10-16 09:25:00.920,3.425,1500
2020-10-16 09:25:00.920,3.425,20000
2020-10-16 09:25:00.920,3.425,2900
2020-10-16 09:25:00.920,3.425,100
2020-10-16 09:25:00.920,3.425,10000
2020-10-16 09:25:00.920,3.425,500
2020-10-16 09:25:00.920,3.425,200
2020-10-16 09:25:00.920,3.425,100
2020-10-16 09:25:00.920,3.425,10000
2020-10-16 09:25:00.920,3.425,100
2020-10-16 09:25:00.920,3.425,300
2020-10-16 09:25:00.920,3.425,11900
2020-10-16 09:25:00.920,3.425,1100
2020-10-16 09:25:00.920,3.425,800
2020-10-16 09:25:00.920,3.425,4100
2020-10-16 09:25:00.920,3.425,9900
2020-10-16 09:25:00.920,3.425,161700
2020-10-16 09:25:00.920,3.425,5000
2020-10-16 09:25:00.920,3.425,100000
2020-10-16 09:25:00.920,3.425,33300
2020-10-16 09:25:00.920,3.425,200
2020-10-16 09:25:00.920,3.425,66500
2020-10-16 09:25:00.920,3.425,25700
2020-10-16 09:25:00.920,3.425,10000
2020-10-16 09:25:00.920,3.425,3500
2020-10-16 09:25:00.920,3.425,600
2020-10-16 09:25:00.920,3.425,43700
2020-10-16 09:25:00.920,3.425,30500
2020-10-16 09:25:00.920,3.425,30000
2020-10-16 09:25:00.920,3.425,90000
2020-10-16 09:25:00.920,3.425,100
2020-10-16 09:25:00.920,3.425,100
2020-10-16 09:25:00.920,3.425,500
2020-10-16 09:25:00.920,3.425,500
2020-10-16 09:25:00.920,3.425,900
2020-10-16 09:25:00.920,3.425,400
2020-10-16 09:25:00.920,3.425,3300
2020-10-16 09:25:00.920,3.425,1700
2020-10-16 09:25:00.920,3.425,4600
2020-10-16 09:25:00.920,3.425,200
2020-10-16 09:25:00.920,3.425,1800
2020-10-16 09:25:00.920,3.425,700
2020-10-16 09:25:00.920,3.425,7700
2020-10-16 09:25:00.920,3.425,100
2020-10-16 09:25:00.920,3.425,1000
2020-10-16 09:25:00.920,3.425,10000
2020-10-16 09:25:00.920,3.425,600
2020-10-16 09:25:00.920,3.425,5000
2020-10-16 09:25:00.920,3.425,50000
2020-10-16 09:25:00.920,3.425,15600
2020-10-16 09:25:00.920,3.425,700
2020-10-16 09:25:00.920,3.425,100
2020-10-16 09:25:00.920,3.425,200
2020-10-16 09:25:00.920,3.425,200
2020-10-16 09:25:00.920,3.425,13200
2020-10-16 09:25:00.920,3.425,100000
2020-10-16 09:25:00.920,3.425,16800
2020-10-16 09:25:00.920,3.425,10000
2020-10-16 09:25:00.920,3.425,4000
2020-10-16 09:25:00.920,3.425,1000
2020-10-16 09:25:00.920,3.425,10000
2020-10-16 09:25:00.920,3.425,100
2020-10-16 09:25:00.920,3.425,100
2020-10-16 09:25:00.920,3.425,600
2020-10-16 09:25:00.920,3.425,20000
2020-10-16 09:25:00.920,3.425,10000
2020-10-16 09:25:00.920,3.425,227400
2020-10-16 09:25:00.920,3.425,2900
2020-10-16 09:25:00.920,3.425,200
2020-10-16 09:25:00.920,3.425,2900
2020-10-16 09:25:00.920,3.425,418500
2020-10-16 09:25:00.920,3.425,1700
2020-10-16 09:25:00.920,3.425,1500
2020-10-16 09:25:00.920,3.425,100
2020-10-16 09:25:00.920,3.425,100
2020-10-16 09:25:00.920,3.425,200
2020-10-16 09:25:00.920,3.425,2900
2020-10-16 09:25:00.920,3.425,1000
2020-10-16 09:25:00.920,3.425,300
2020-10-16 09:25:00.920,3.425,1000
2020-10-16 09:25:00.920,3.425,1000
2020-10-16 09:25:00.920,3.425,300
2020-10-16 09:25:00.920,3.425,1700
2020-10-16 09:25:00.920,3.425,800
2020-10-16 09:25:00.920,3.425,3000
2020-10-16 09:25:00.920,3.425,5000
2020-10-16 09:25:00.920,3.425,43200
2020-10-16 09:25:00.920,3.425,1000
2020-10-16 09:25:00.920,3.425,21600
2020-10-16 09:25:00.920,3.425,400
2020-10-16 09:25:00.920,3.425,600
2020-10-16 09:25:00.920,3.425,1000
2020-10-16 09:25:00.920,3.425,300
2020-10-16 09:25:00.920,3.425,21700
2020-10-16 09:25:00.920,3.425,100
2020-10-16 09:25:00.920,3.425,2000
2020-10-16 09:25:00.920,3.425,600
2020-10-16 09:25:00.920,3.425,100
2020-10-16 09:25:00.920,3.425,1000
2020-10-16 09:25:00.920,3.425,14600
2020-10-16 09:25:00.920,3.425,500
2020-10-16 09:25:00.920,3.425,1000
2020-10-16 09:25:00.920,3.425,100
2020-10-16 09:25:00.920,3.425,2700
2020-10-16 09:25:00.920,3.425,115000
2020-10-16 09:25:00.920,3.425,35000
2020-10-16 09:25:00.920,3.425,500
2020-10-16 09:25:00.920,3.425,300
2020-10-16 09:25:00.920,3.425,1000
2020-10-16 09:25:00.920,3.425,1100
2020-10-16 09:25:00.920,3.425,500
2020-10-16 09:25:00.920,3.425,2000
2020-10-16 09:25:00.920,3.425,50000
2020-10-16 09:25:00.920,3.425,3000
2020-10-16 09:30:00.180,3.424,7000
2020-10-16 09:30:00.260,3.424,22200
2020-10-16 09:30:00.260,3.425,30000
2020-10-16 09:30:00.330,3.425,1300
2020-10-16 09:30:00.470,3.425,1200
2020-10-16 09:30:00.520,3.425,4800
2020-10-16 09:30:00.580,3.425,300
2020-10-16 09:30:00.640,3.426,100
2020-10-16 09:30:00.730,3.426,1400
2020-10-16 09:30:00.820,3.426,1500
2020-10-16 09:30:00.820,3.426,700
2020-10-16 09:30:00.820,3.426,300
2020-10-16 09:30:00.820,3.426,500
2020-10-16 09:30:00.820,3.426,2000
2020-10-16 09:30:00.890,3.425,1000
2020-10-16 09:30:00.940,3.426,300
2020-10-16 09:30:00.990,3.426,30900
2020-10-16 09:30:01.130,3.426,3000
2020-10-16 09:30:01.130,3.426,1000
2020-10-16 09:30:01.190,3.426,5000
2020-10-16 09:30:01.280,3.426,1300
2020-10-16 09:30:01.410,3.426,100
2020-10-16 09:30:01.410,3.426,4200
2020-10-16 09:30:01.520,3.427,1200
2020-10-16 09:30:01.520,3.428,1200
2020-10-16 09:30:01.520,3.428,2600
2020-10-16 09:30:01.520,3.426,1200
2020-10-16 09:30:01.630,3.426,1000
2020-10-16 09:30:01.630,3.426,1000
2020-10-16 09:30:01.750,3.426,1000
2020-10-16 09:30:01.750,3.426,200
2020-10-16 09:30:01.750,3.427,100
2020-10-16 09:30:01.880,3.426,20000
2020-10-16 09:30:01.880,3.426,100
2020-10-16 09:30:01.880,3.426,100
2020-10-16 09:30:02.000,3.426,8600
2020-10-16 09:30:02.000,3.426,8600
2020-10-16 09:30:02.090,3.426,1000
2020-10-16 09:30:02.090,3.426,500
2020-10-16 09:30:02.300,3.427,100
2020-10-16 09:30:02.580,3.426,500
2020-10-16 09:30:02.660,3.426,200
2020-10-16 09:30:02.800,3.426,10000
2020-10-16 09:30:02.800,3.426,5000
2020-10-16 09:30:02.990,3.426,2000
2020-10-16 09:30:03.030,3.427,19800
2020-10-16 09:30:03.030,3.428,400
2020-10-16 09:30:03.030,3.428,200
2020-10-16 09:30:03.030,3.429,2200
2020-10-16 09:30:03.030,3.429,1400
2020-10-16 09:30:03.030,3.429,2000
2020-10-16 09:30:03.030,3.429,300
2020-10-16 09:30:03.030,3.429,3700
2020-10-16 09:30:03.030,3.429,26300
2020-10-16 09:30:03.030,3.429,2000
2020-10-16 09:30:03.030,3.429,4000
2020-10-16 09:30:03.030,3.43,7700
2020-10-16 09:30:03.030,3.43,6900
2020-10-16 09:30:03.030,3.43,2000
2020-10-16 09:30:03.030,3.43,1400
2020-10-16 09:30:03.030,3.43,2000
2020-10-16 09:30:03.030,3.43,10000
2020-10-16 09:30:03.030,3.43,17700
2020-10-16 09:30:03.180,3.429,8000
2020-10-16 09:30:03.360,3.429,5000
2020-10-16 09:30:03.510,3.429,1000
2020-10-16 09:30:03.510,3.429,16800
2020-10-16 09:30:03.710,3.43,20000
2020-10-16 09:30:03.770,3.43,40000
2020-10-16 09:30:03.770,3.43,20000
2020-10-16 09:30:03.770,3.43,40000
2020-10-16 09:30:03.920,3.428,500
2020-10-16 09:30:03.920,3.428,3200
2020-10-16 09:30:04.030,3.428,2500
2020-10-16 09:30:04.110,3.43,40000
2020-10-16 09:30:04.280,3.429,30000
2020-10-16 09:30:04.500,3.429,168700
2020-10-16 09:30:04.500,3.429,40000
2020-10-16 09:30:04.500,3.428,23800
2020-10-16 09:30:04.500,3.428,40000
2020-10-16 09:30:04.500,3.427,15000
2020-10-16 09:30:04.640,3.429,7300
2020-10-16 09:30:04.740,3.43,600
2020-10-16 09:30:05.110,3.429,1400
2020-10-16 09:30:05.490,3.43,30000
2020-10-16 09:30:05.490,3.43,30000
2020-10-16 09:30:05.490,3.43,11700
2020-10-16 09:30:05.490,3.43,8300
2020-10-16 09:30:05.490,3.43,1700
2020-10-16 09:30:05.490,3.431,600
2020-10-16 09:30:05.490,3.431,7000
2020-10-16 09:30:05.490,3.431,2000
2020-10-16 09:30:05.490,3.431,8700
2020-10-16 09:30:05.520,3.431,11300
2020-10-16 09:30:06.380,3.431,18700
2020-10-16 09:30:06.380,3.431,39500
2020-10-16 09:30:06.550,3.432,400
2020-10-16 09:30:06.550,3.432,100
2020-10-16 09:30:06.550,3.432,12000
2020-10-16 09:30:06.550,3.432,27000
2020-10-16 09:30:06.550,3.432,100
2020-10-16 09:30:06.550,3.432,400
2020-10-16 09:30:06.550,3.432,6600
2020-10-16 09:30:06.550,3.432,300
2020-10-16 09:30:06.550,3.433,200
2020-10-16 09:30:06.550,3.433,3000
2020-10-16 09:30:06.550,3.433,29900
2020-10-16 09:30:06.550,3.433,20000
2020-10-16 09:30:06.550,3.433,30000
2020-10-16 09:30:06.550,3.432,3800
2020-10-16 09:30:07.630,3.433,30000
2020-10-16 09:30:07.630,3.433,40000
2020-10-16 09:30:07.910,3.433,100
2020-10-16 09:30:07.910,3.433,7000
2020-10-16 09:30:07.910,3.433,1600
2020-10-16 09:30:08.680,3.434,2100
2020-10-16 09:30:08.760,3.434,100
2020-10-16 09:30:09.190,3.434,26900
2020-10-16 09:30:09.190,3.434,400
2020-10-16 09:30:09.190,3.434,10000
2020-10-16 09:30:09.190,3.434,1000
2020-10-16 09:30:09.190,3.434,1700
2020-10-16 09:30:09.190,3.434,5300
2020-10-16 09:30:09.190,3.434,4000
2020-10-16 09:30:09.990,3.435,500
2020-10-16 09:30:09.990,3.435,1000
2020-10-16 09:30:09.990,3.435,7000
2020-10-16 09:30:09.990,3.435,20000
2020-10-16 09:30:09.990,3.435,4600
2020-10-16 09:30:09.990,3.435,30000
2020-10-16 09:30:09.990,3.435,20000
2020-10-16 09:30:09.990,3.435,5000
2020-10-16 09:30:09.990,3.435,56300
2020-10-16 09:30:10.550,3.435,2000
2020-10-16 09:30:10.810,3.436,300
2020-10-16 09:30:10.810,3.436,1000
2020-10-16 09:30:10.810,3.436,1000
2020-10-16 09:30:10.810,3.436,1000
2020-10-16 09:30:10.810,3.436,200
2020-10-16 09:30:10.810,3.437,6000
2020-10-16 09:30:10.810,3.437,3000
2020-10-16 09:30:10.810,3.437,3200
2020-10-16 09:30:10.810,3.437,4400
2020-10-16 09:30:10.810,3.437,300
2020-10-16 09:30:10.810,3.437,1000
2020-10-16 09:30:10.810,3.437,20000
2020-10-16 09:30:10.810,3.437,7000
2020-10-16 09:30:10.960,3.437,500
2020-10-16 09:30:11.400,3.435,2000
2020-10-16 09:30:11.400,3.438,300
2020-10-16 09:30:11.400,3.438,3000
2020-10-16 09:30:11.400,3.438,1000
2020-10-16 09:30:11.400,3.438,100
2020-10-16 09:30:12.360,3.438,2000
2020-10-16 09:30:13.000,3.438,87600
2020-10-16 09:30:13.240,3.434,100
2020-10-16 09:30:13.240,3.432,900
2020-10-16 09:30:13.590,3.432,29100
2020-10-16 09:30:13.590,3.432,100
2020-10-16 09:30:13.590,3.432,2000
2020-10-16 09:30:13.730,3.432,100000
2020-10-16 09:30:13.730,3.432,95800
2020-10-16 09:30:14.010,3.432,73000
2020-10-16 09:30:14.100,3.435,59700
2020-10-16 09:30:14.100,3.438,62700
2020-10-16 09:30:14.300,3.433,27000
2020-10-16 09:30:14.470,3.432,2000
2020-10-16 09:30:15.110,3.432,100000
2020-10-16 09:30:15.110,3.432,58300
2020-10-16 09:30:15.160,3.432,30000
2020-10-16 09:30:15.160,3.432,40000
2020-10-16 09:30:15.160,3.432,40000
2020-10-16 09:30:15.160,3.432,2700
2020-10-16 09:30:15.160,3.434,37300
2020-10-16 09:30:15.160,3.434,30000
2020-10-16 09:30:15.220,3.434,32700
2020-10-16 09:30:15.560,3.435,2000
2020-10-16 09:30:18.040,3.437,6000
2020-10-16 09:30:18.200,3.435,2900
2020-10-16 09:30:18.540,3.435,1000
2020-10-16 09:30:18.710,3.435,400
2020-10-16 09:30:18.880,3.435,25700
2020-10-16 09:30:18.880,3.435,2200
2020-10-16 09:30:20.290,3.436,1000
2020-10-16 09:30:21.210,3.436,200000
2020-10-16 09:30:22.570,3.435,3000
2020-10-16 09:30:22.570,3.435,7900
2020-10-16 09:30:22.720,3.435,8000
2020-10-16 09:30:25.810,3.435,3400
2020-10-16 09:30:26.600,3.436,1000
2020-10-16 09:30:27.790,3.436,30000
2020-10-16 09:30:28.080,3.435,48400
2020-10-16 09:30:28.440,3.435,4000
2020-10-16 09:30:28.470,3.436,40000
2020-10-16 09:30:28.470,3.436,40000
2020-10-16 09:30:28.490,3.435,13100
2020-10-16 09:30:28.490,3.435,1700
2020-10-16 09:30:28.490,3.435,5000
2020-10-16 09:30:28.910,3.435,300
2020-10-16 09:30:29.940,3.435,29900
2020-10-16 09:30:29.940,3.435,100
2020-10-16 09:30:30.110,3.435,14900
2020-10-16 09:30:30.110,3.435,200
2020-10-16 09:30:30.430,3.435,14900
2020-10-16 09:30:30.430,3.435,26200
2020-10-16 09:30:30.430,3.435,23200
2020-10-16 09:30:30.460,3.435,7000
2020-10-16 09:30:30.550,3.435,1000
2020-10-16 09:30:30.660,3.436,189000
2020-10-16 09:30:30.660,3.436,70000
2020-10-16 09:30:31.130,3.436,1000
2020-10-16 09:30:31.170,3.437,300000
2020-10-16 09:30:31.540,3.436,3000
2020-10-16 09:30:31.700,3.437,1200
2020-10-16 09:30:31.700,3.437,10000
2020-10-16 09:30:31.700,3.437,155200
2020-10-16 09:30:31.820,3.436,1000
2020-10-16 09:30:33.050,3.437,68800
2020-10-16 09:30:33.070,3.437,10000
2020-10-16 09:30:33.070,3.437,20000
2020-10-16 09:30:33.070,3.437,46000
2020-10-16 09:30:34.140,3.437,300
2020-10-16 09:30:34.800,3.438,100
2020-10-16 09:30:34.800,3.438,1500
2020-10-16 09:30:34.800,3.438,2000
2020-10-16 09:30:34.800,3.438,4000
2020-10-16 09:30:34.800,3.438,1000
2020-10-16 09:30:34.800,3.438,2900
2020-10-16 09:30:34.800,3.438,288500
2020-10-16 09:30:35.250,3.438,11500
2020-10-16 09:30:35.250,3.438,300
2020-10-16 09:30:35.250,3.438,300
2020-10-16 09:30:35.250,3.438,9500
2020-10-16 09:30:35.250,3.438,5000
2020-10-16 09:30:35.540,3.439,2000
2020-10-16 09:30:35.540,3.439,8000
2020-10-16 09:30:35.540,3.439,300
2020-10-16 09:30:35.540,3.439,100
2020-10-16 09:30:35.540,3.439,1000
2020-10-16 09:30:35.540,3.439,7000
2020-10-16 09:30:35.540,3.439,30000
2020-10-16 09:30:35.540,3.439,19000
2020-10-16 09:30:35.540,3.439,1000
2020-10-16 09:30:35.540,3.44,11000
2020-10-16 09:30:35.540,3.44,3000
2020-10-16 09:30:35.540,3.44,100
2020-10-16 09:30:35.540,3.44,5000
2020-10-16 09:30:35.540,3.44,200
2020-10-16 09:30:35.540,3.44,18800
2020-10-16 09:30:35.540,3.44,100
2020-10-16 09:30:35.540,3.44,13000
2020-10-16 09:30:35.540,3.44,1000
2020-10-16 09:30:35.540,3.44,8800
2020-10-16 09:30:35.540,3.44,15000
2020-10-16 09:30:35.540,3.44,2700
2020-10-16 09:30:35.540,3.44,2500
2020-10-16 09:30:35.540,3.44,9300
2020-10-16 09:30:35.540,3.44,5000
2020-10-16 09:30:35.540,3.44,10000
2020-10-16 09:30:36.970,3.44,7000
2020-10-16 09:30:36.970,3.44,96000
2020-10-16 09:30:38.630,3.439,300
2020-10-16 09:30:39.280,3.439,1700
2020-10-16 09:30:39.280,3.438,13300
2020-10-16 09:30:39.310,3.44,300000
2020-10-16 09:30:40.370,3.438,5000
2020-10-16 09:30:42.340,3.439,3100
2020-10-16 09:30:42.340,3.439,53600
2020-10-16 09:30:42.970,3.439,246400
2020-10-16 09:30:42.970,3.439,153600
2020-10-16 09:30:43.340,3.438,300000
2020-10-16 09:30:43.570,3.438,46300
2020-10-16 09:30:44.340,3.438,300000
2020-10-16 09:30:44.680,3.439,9000
2020-10-16 09:30:45.080,3.437,10000
2020-10-16 09:30:45.080,3.437,100000
2020-10-16 09:30:45.080,3.437,200000
2020-10-16 09:30:45.800,3.437,7000
2020-10-16 09:30:46.020,3.437,5000
2020-10-16 09:30:48.050,3.438,100
2020-10-16 09:30:48.090,3.438,1400
2020-10-16 09:30:48.090,3.438,98600
2020-10-16 09:30:48.090,3.438,100000
2020-10-16 09:30:48.090,3.438,70000
2020-10-16 09:30:48.090,3.438,70000
2020-10-16 09:30:48.140,3.438,20000
2020-10-16 09:30:48.370,3.437,2000
2020-10-16 09:30:48.550,3.438,15000
2020-10-16 09:30:48.550,3.438,20000
2020-10-16 09:30:49.020,3.438,10000
2020-10-16 09:30:49.070,3.438,11700
2020-10-16 09:30:49.070,3.438,20000
2020-10-16 09:30:49.250,3.438,200
2020-10-16 09:30:49.610,3.438,20000
2020-10-16 09:30:49.950,3.438,300000
2020-10-16 09:30:50.000,3.438,40000
2020-10-16 09:30:50.030,3.438,105600
2020-10-16 09:30:50.030,3.438,194400
2020-10-16 09:30:50.390,3.438,105600
2020-10-16 09:30:50.390,3.438,194400
2020-10-16 09:30:50.550,3.438,20000
2020-10-16 09:30:50.550,3.438,20000
2020-10-16 09:30:50.700,3.438,65600
2020-10-16 09:30:50.700,3.438,25000
2020-10-16 09:30:50.700,3.438,109400
2020-10-16 09:30:50.780,3.437,500
2020-10-16 09:30:51.150,3.438,80000
2020-10-16 09:30:51.150,3.438,40000
2020-10-16 09:30:51.150,3.438,30000
2020-10-16 09:30:51.210,3.438,30000
2020-10-16 09:30:51.210,3.438,10600
2020-10-16 09:30:51.210,3.438,3000
2020-10-16 09:30:51.210,3.439,6400
2020-10-16 09:30:51.450,3.438,100
2020-10-16 09:30:51.990,3.438,2700
2020-10-16 09:30:51.990,3.439,10000
2020-10-16 09:30:52.130,3.439,20000
2020-10-16 09:30:52.130,3.439,20000
2020-10-16 09:30:52.310,3.439,81000
2020-10-16 09:30:52.310,3.439,20000
2020-10-16 09:30:52.400,3.439,7000
2020-10-16 09:30:52.570,3.439,5000
2020-10-16 09:30:52.630,3.44,200
2020-10-16 09:30:52.630,3.44,4500
2020-10-16 09:30:52.630,3.44,1000
2020-10-16 09:30:52.630,3.44,5000
2020-10-16 09:30:52.630,3.44,289300
2020-10-16 09:30:53.000,3.44,10700
2020-10-16 09:30:53.000,3.44,1000
2020-10-16 09:30:53.200,3.44,500
2020-10-16 09:30:53.260,3.44,2500
2020-10-16 09:30:53.800,3.44,4300
2020-10-16 09:30:54.270,3.44,1000
2020-10-16 09:30:54.270,3.44,199000
2020-10-16 09:30:56.240,3.439,10000
2020-10-16 09:30:57.860,3.439,10000
2020-10-16 09:30:57.860,3.439,2000
2020-10-16 09:30:57.860,3.439,400
2020-10-16 09:30:57.860,3.439,7600
2020-10-16 09:30:59.490,3.439,2000
2020-10-16 09:30:59.940,3.44,40000
2020-10-16 09:31:00.110,3.44,40000
2020-10-16 09:31:00.490,3.44,16024
2020-10-16 09:31:00.490,3.44,3976
2020-10-16 09:31:00.520,3.44,296024
2020-10-16 09:31:00.520,3.44,100
2020-10-16 09:31:00.520,3.44,103876
2020-10-16 09:31:01.430,3.44,20000
2020-10-16 09:31:01.520,3.44,100000
2020-10-16 09:31:01.520,3.44,40000
2020-10-16 09:31:01.520,3.44,36124
2020-10-16 09:31:01.520,3.44,63876
2020-10-16 09:31:01.520,3.44,100000
2020-10-16 09:31:01.520,3.44,10000
2020-10-16 09:31:01.520,3.44,100000
2020-10-16 09:31:01.520,3.44,26124
2020-10-16 09:31:01.520,3.44,3876
2020-10-16 09:31:01.520,3.44,30000
2020-10-16 09:31:01.520,3.44,30000
2020-10-16 09:31:01.520,3.44,100000
2020-10-16 09:31:01.520,3.44,70000
2020-10-16 09:31:01.520,3.44,66224
2020-10-16 09:31:01.520,3.44,700
2020-10-16 09:31:01.600,3.44,3076
2020-10-16 09:31:01.600,3.44,1924
2020-10-16 09:31:02.440,3.44,6800
2020-10-16 09:31:02.550,3.44,1000
2020-10-16 09:31:02.580,3.44,500
2020-10-16 09:31:02.610,3.441,5900
2020-10-16 09:31:02.610,3.441,1000
2020-10-16 09:31:02.610,3.441,1000
2020-10-16 09:31:02.610,3.441,100
2020-10-16 09:31:02.610,3.441,2000
2020-10-16 09:31:02.610,3.441,4000
2020-10-16 09:31:02.610,3.441,6000
2020-10-16 09:31:02.700,3.44,30000
2020-10-16 09:31:03.080,3.441,300000
2020-10-16 09:31:03.140,3.441,7000
2020-10-16 09:31:03.140,3.441,200
2020-10-16 09:31:03.140,3.441,58300
2020-10-16 09:31:03.140,3.441,34500
2020-10-16 09:31:03.140,3.441,30000
2020-10-16 09:31:03.140,3.441,70000
2020-10-16 09:31:03.140,3.441,20000
2020-10-16 09:31:03.140,3.441,100000
2020-10-16 09:31:03.140,3.441,45500
2020-10-16 09:31:03.310,3.441,24500
2020-10-16 09:31:03.310,3.441,25500
2020-10-16 09:31:03.710,3.441,5000
2020-10-16 09:31:03.770,3.441,10000
2020-10-16 09:31:04.050,3.441,7000
2020-10-16 09:31:04.100,3.442,5000
2020-10-16 09:31:04.100,3.442,1000
2020-10-16 09:31:04.100,3.442,14000
2020-10-16 09:31:04.630,3.442,6000
2020-10-16 09:31:04.630,3.442,500
2020-10-16 09:31:04.630,3.442,13500
2020-10-16 09:31:05.000,3.441,100
2020-10-16 09:31:05.080,3.442,6500
2020-10-16 09:31:05.080,3.442,4700
2020-10-16 09:31:05.080,3.442,13900
2020-10-16 09:31:05.340,3.442,2700
2020-10-16 09:31:05.700,3.442,6300
2020-10-16 09:31:05.730,3.443,1200
2020-10-16 09:31:05.730,3.443,3000
2020-10-16 09:31:05.730,3.443,1000
2020-10-16 09:31:05.730,3.443,10000
2020-10-16 09:31:05.730,3.443,284800
2020-10-16 09:31:06.210,3.443,215200
2020-10-16 09:31:06.210,3.443,6000
2020-10-16 09:31:06.210,3.443,6000
2020-10-16 09:31:06.210,3.443,900
2020-10-16 09:31:06.240,3.443,171900
2020-10-16 09:31:06.240,3.442,128100
2020-10-16 09:31:06.850,3.442,3400
2020-10-16 09:31:07.190,3.442,100
2020-10-16 09:31:07.190,3.442,4000
2020-10-16 09:31:07.440,3.443,200
2020-10-16 09:31:07.750,3.444,9900
2020-10-16 09:31:07.750,3.444,400
2020-10-16 09:31:07.750,3.444,5000
2020-10-16 09:31:07.750,3.444,2000
2020-10-16 09:31:07.750,3.444,1000
2020-10-16 09:31:07.750,3.444,10000
2020-10-16 09:31:07.750,3.444,1000
2020-10-16 09:31:07.750,3.444,1500
2020-10-16 09:31:07.750,3.444,1000
2020-10-16 09:31:07.750,3.444,900
2020-10-16 09:31:07.750,3.444,100
2020-10-16 09:31:07.750,3.444,300
2020-10-16 09:31:07.750,3.444,5100
2020-10-16 09:31:07.750,3.444,2000
2020-10-16 09:31:07.750,3.444,50000
2020-10-16 09:31:07.810,3.444,10000
2020-10-16 09:31:08.280,3.444,199800
2020-10-16 09:31:08.280,3.443,1800
2020-10-16 09:31:08.280,3.443,70000
2020-10-16 09:31:08.700,3.442,2000
2020-10-16 09:31:09.420,3.442,700
2020-10-16 09:31:09.940,3.442,227600
2020-10-16 09:31:09.940,3.442,20000
2020-10-16 09:31:12.630,3.442,52400
2020-10-16 09:31:12.630,3.442,47600
2020-10-16 09:31:12.750,3.441,7000
2020-10-16 09:31:13.360,3.441,200
2020-10-16 09:31:13.600,3.442,70000
2020-10-16 09:31:13.910,3.442,12700
2020-10-16 09:31:15.000,3.441,700
2020-10-16 09:31:15.000,3.441,299400
2020-10-16 09:31:15.050,3.442,9700
2020-10-16 09:31:15.050,3.442,15200
2020-10-16 09:31:15.080,3.442,21900
2020-10-16 09:31:15.800,3.442,1500
2020-10-16 09:31:16.170,3.442,28500
2020-10-16 09:31:16.510,3.441,13600
2020-10-16 09:31:16.510,3.441,76400
2020-10-16 09:31:16.510,3.442,4400
2020-10-16 09:31:17.800,3.441,2000
2020-10-16 09:31:17.800,3.441,20000
2020-10-16 09:31:18.000,3.441,2500
2020-10-16 09:31:18.030,3.441,20000
2020-10-16 09:31:18.060,3.441,30000
2020-10-16 09:31:18.060,3.441,30000
2020-10-16 09:31:18.060,3.441,100000
2020-10-16 09:31:18.060,3.441,10000
2020-10-16 09:31:18.060,3.441,20000
2020-10-16 09:31:18.060,3.441,100000
2020-10-16 09:31:18.060,3.441,40000
2020-10-16 09:31:18.060,3.441,100000
2020-10-16 09:31:18.060,3.441,60000
2020-10-16 09:31:18.060,3.441,20000
2020-10-16 09:31:18.060,3.441,100000
2020-10-16 09:31:18.060,3.441,40000
2020-10-16 09:31:18.580,3.441,205500
2020-10-16 09:31:18.920,3.441,94500
2020-10-16 09:31:19.240,3.441,20000
2020-10-16 09:31:19.290,3.44,300000
2020-10-16 09:31:19.290,3.44,300
2020-10-16 09:31:19.290,3.44,20000
2020-10-16 09:31:19.290,3.44,279700
2020-10-16 09:31:19.670,3.441,100000
2020-10-16 09:31:19.990,3.439,10000
2020-10-16 09:31:19.990,3.439,20000
2020-10-16 09:31:19.990,3.439,30000
2020-10-16 09:31:19.990,3.441,2700
2020-10-16 09:31:20.620,3.44,20000
2020-10-16 09:31:20.640,3.44,3200
2020-10-16 09:31:20.940,3.44,3400
2020-10-16 09:31:21.080,3.44,40000
2020-10-16 09:31:21.080,3.44,30000
2020-10-16 09:31:21.080,3.44,90000
2020-10-16 09:31:21.080,3.44,80000
2020-10-16 09:31:21.080,3.44,20000
2020-10-16 09:31:21.080,3.44,13400
2020-10-16 09:31:21.080,3.44,86600
2020-10-16 09:31:21.080,3.44,100000
2020-10-16 09:31:21.510,3.44,20000
2020-10-16 09:31:21.950,3.44,300
2020-10-16 09:31:22.060,3.44,6400
2020-10-16 09:31:22.110,3.44,20000
2020-10-16 09:31:22.180,3.44,20000
2020-10-16 09:31:22.470,3.44,46700
2020-10-16 09:31:22.470,3.441,53300
2020-10-16 09:31:23.100,3.441,20000
2020-10-16 09:31:23.130,3.44,20000
2020-10-16 09:31:23.790,3.439,2000
2020-10-16 09:31:24.070,3.44,40000
2020-10-16 09:31:24.070,3.44,40000
2020-10-16 09:31:24.070,3.44,100000
2020-10-16 09:31:24.070,3.44,20000
2020-10-16 09:31:24.070,3.44,80000
2020-10-16 09:31:24.070,3.44,20000
2020-10-16 09:31:24.070,3.44,40000
2020-10-16 09:31:24.070,3.44,100000
2020-10-16 09:31:24.070,3.44,20000
2020-10-16 09:31:24.130,3.44,14700
2020-10-16 09:31:24.220,3.44,105400
2020-10-16 09:31:24.830,3.441,9500
2020-10-16 09:31:24.830,3.441,20000
2020-10-16 09:31:24.830,3.441,3700
2020-10-16 09:31:24.830,3.441,3200
2020-10-16 09:31:25.220,3.44,1000
2020-10-16 09:31:26.150,3.441,3800
2020-10-16 09:31:26.150,3.441,6000
2020-10-16 09:31:26.150,3.441,10200
2020-10-16 09:31:27.050,3.441,40000
2020-10-16 09:31:27.860,3.44,3100
2020-10-16 09:31:29.090,3.44,3000
2020-10-16 09:31:29.400,3.441,80000
2020-10-16 09:31:29.550,3.44,12000
2020-10-16 09:31:29.670,3.441,20000
2020-10-16 09:31:29.730,3.44,81400
2020-10-16 09:31:30.460,3.441,60000
2020-10-16 09:31:30.460,3.441,60000
2020-10-16 09:31:31.460,3.44,3000
2020-10-16 09:31:33.100,3.441,80000
2020-10-16 09:31:33.100,3.441,80000
2020-10-16 09:31:33.100,3.441,100000
2020-10-16 09:31:33.100,3.441,40000
2020-10-16 09:31:33.100,3.441,10000
2020-10-16 09:31:33.130,3.441,26900
2020-10-16 09:31:33.130,3.441,92900
2020-10-16 09:31:33.130,3.441,2100
2020-10-16 09:31:33.130,3.441,1500
2020-10-16 09:31:33.130,3.441,200
2020-10-16 09:31:33.130,3.441,2700
2020-10-16 09:31:33.130,3.441,600
2020-10-16 09:31:33.130,3.441,9400
2020-10-16 09:31:33.130,3.441,4000
2020-10-16 09:31:33.130,3.441,6600
2020-10-16 09:31:33.130,3.441,3400
2020-10-16 09:31:33.130,3.441,8800
2020-10-16 09:31:33.130,3.441,30000
2020-10-16 09:31:33.130,3.441,57800
2020-10-16 09:31:33.130,3.441,10000
2020-10-16 09:31:33.260,3.44,28400
2020-10-16 09:31:33.490,3.44,1000
2020-10-16 09:31:34.310,3.441,29500
2020-10-16 09:31:34.310,3.441,90000
2020-10-16 09:31:34.310,3.441,2800
2020-10-16 09:31:34.610,3.441,30000
2020-10-16 09:31:35.450,3.441,900
2020-10-16 09:31:35.450,3.44,300
2020-10-16 09:31:35.770,3.44,5000
2020-10-16 09:31:36.220,3.441,100
2020-10-16 09:31:36.220,3.442,100
2020-10-16 09:31:36.680,3.441,10000
2020-10-16 09:31:37.250,3.44,50000
2020-10-16 09:31:37.280,3.44,6400
2020-10-16 09:31:37.280,3.44,3600
2020-10-16 09:31:38.260,3.44,6400
2020-10-16 09:31:38.260,3.44,900
2020-10-16 09:31:38.260,3.44,2700
2020-10-16 09:31:38.840,3.441,1000
2020-10-16 09:31:38.840,3.441,10000
2020-10-16 09:31:38.840,3.441,500
2020-10-16 09:31:38.840,3.441,6800
2020-10-16 09:31:38.840,3.441,100
2020-10-16 09:31:38.840,3.442,88400
2020-10-16 09:31:38.840,3.442,500
2020-10-16 09:31:38.840,3.442,100
2020-10-16 09:31:38.840,3.442,400
2020-10-16 09:31:38.840,3.442,15000
2020-10-16 09:31:38.840,3.442,1000
2020-10-16 09:31:38.840,3.442,5000
2020-10-16 09:31:38.840,3.442,2100
2020-10-16 09:31:38.840,3.442,2000
2020-10-16 09:31:38.840,3.442,300
2020-10-16 09:31:38.840,3.442,90400
2020-10-16 09:31:39.210,3.441,2000
2020-10-16 09:31:39.760,3.44,5000
2020-10-16 09:31:40.710,3.44,2300
2020-10-16 09:31:40.710,3.44,400
2020-10-16 09:31:41.010,3.44,1500
2020-10-16 09:31:41.940,3.44,2400
2020-10-16 09:31:42.090,3.441,10000
2020-10-16 09:31:42.160,3.441,8000
2020-10-16 09:31:42.160,3.441,5000
2020-10-16 09:31:42.160,3.441,900
2020-10-16 09:31:42.160,3.441,300
2020-10-16 09:31:42.160,3.441,16300
2020-10-16 09:31:42.240,3.441,1000
2020-10-16 09:31:42.630,3.44,5000
2020-10-16 09:31:44.190,3.44,700
2020-10-16 09:31:46.160,3.44,8300
2020-10-16 09:31:46.160,3.441,6700
2020-10-16 09:31:48.910,3.44,100
2020-10-16 09:31:48.910,3.44,11500
2020-10-16 09:31:48.910,3.441,3000
2020-10-16 09:31:48.910,3.441,60000
2020-10-16 09:31:48.910,3.441,60000
2020-10-16 09:31:51.110,3.441,100000
2020-10-16 09:31:51.110,3.441,53000
2020-10-16 09:31:51.110,3.441,7000
2020-10-16 09:31:51.110,3.441,100000
2020-10-16 09:31:51.110,3.441,100000
2020-10-16 09:31:51.110,3.441,93000
2020-10-16 09:31:51.110,3.441,7000
2020-10-16 09:31:51.110,3.441,13000
2020-10-16 09:31:51.110,3.441,5000
2020-10-16 09:31:51.110,3.441,22000
2020-10-16 09:31:51.110,3.441,38100
2020-10-16 09:31:51.110,3.441,3000
2020-10-16 09:31:51.110,3.441,18900
2020-10-16 09:31:51.110,3.441,30000
2020-10-16 09:31:51.110,3.441,60000
2020-10-16 09:31:51.530,3.44,100
2020-10-16 09:31:51.870,3.44,2800
2020-10-16 09:31:52.310,3.441,30000
2020-10-16 09:31:55.300,3.44,162500
2020-10-16 09:31:56.300,3.441,100
2020-10-16 09:31:56.300,3.441,100
2020-10-16 09:31:56.300,3.441,500
2020-10-16 09:31:56.300,3.441,3000
2020-10-16 09:31:56.300,3.441,40000
2020-10-16 09:31:56.300,3.441,14200
2020-10-16 09:31:56.300,3.441,49900
2020-10-16 09:31:56.390,3.44,200
2020-10-16 09:31:56.560,3.441,3000
2020-10-16 09:31:57.390,3.44,1000
2020-10-16 09:31:57.800,3.44,500
2020-10-16 09:31:58.570,3.44,4900
2020-10-16 09:31:59.840,3.441,3000
2020-10-16 09:32:00.910,3.441,32100
2020-10-16 09:32:00.910,3.441,5000
2020-10-16 09:32:00.910,3.441,2900
2020-10-16 09:32:00.910,3.441,2100
2020-10-16 09:32:00.910,3.441,37900
2020-10-16 09:32:00.910,3.441,30000
2020-10-16 09:32:00.910,3.441,30000
2020-10-16 09:32:01.850,3.44,900
2020-10-16 09:32:01.970,3.44,3000
2020-10-16 09:32:03.010,3.441,2100
2020-10-16 09:32:03.010,3.441,4000
2020-10-16 09:32:03.010,3.441,2000
2020-10-16 09:32:03.010,3.441,161100
2020-10-16 09:32:03.980,3.441,20000
2020-10-16 09:32:04.070,3.441,20000
2020-10-16 09:32:04.220,3.441,1000
2020-10-16 09:32:04.450,3.442,27600
2020-10-16 09:32:04.450,3.442,1500
2020-10-16 09:32:04.450,3.442,5000
2020-10-16 09:32:04.450,3.442,1100
2020-10-16 09:32:04.450,3.442,800
2020-10-16 09:32:04.570,3.441,200
2020-10-16 09:32:04.650,3.441,600
2020-10-16 09:32:06.850,3.441,10000
2020-10-16 09:32:08.350,3.441,79000
2020-10-16 09:32:08.350,3.441,100000
2020-10-16 09:32:08.350,3.441,30000
2020-10-16 09:32:08.350,3.441,91000
2020-10-16 09:32:08.750,3.441,2500
2020-10-16 09:32:08.770,3.441,6500
2020-10-16 09:32:10.150,3.44,1000
2020-10-16 09:32:10.910,3.441,3000
2020-10-16 09:32:10.910,3.441,2000
2020-10-16 09:32:11.030,3.441,1000
2020-10-16 09:32:14.200,3.44,3000
2020-10-16 09:32:14.920,3.441,2000
2020-10-16 09:32:15.150,3.441,20000
2020-10-16 09:32:15.150,3.441,10000
2020-10-16 09:32:15.150,3.441,30000
2020-10-16 09:32:17.130,3.44,30000
2020-10-16 09:32:18.110,3.441,5000
2020-10-16 09:32:18.350,3.44,10000
2020-10-16 09:32:19.330,3.44,100
2020-10-16 09:32:19.580,3.44,100
2020-10-16 09:32:19.760,3.44,68400
2020-10-16 09:32:19.760,3.44,10000
2020-10-16 09:32:19.760,3.44,500
2020-10-16 09:32:19.760,3.44,100
2020-10-16 09:32:19.760,3.44,500
2020-10-16 09:32:19.760,3.44,100
2020-10-16 09:32:19.760,3.44,20000
2020-10-16 09:32:20.570,3.439,6000
2020-10-16 09:32:22.640,3.439,4300
2020-10-16 09:32:23.480,3.44,3000
2020-10-16 09:32:23.860,3.439,89700
2020-10-16 09:32:26.970,3.439,23800
2020-10-16 09:32:27.220,3.438,100
2020-10-16 09:32:27.220,3.438,2000
2020-10-16 09:32:27.220,3.438,1000
2020-10-16 09:32:27.470,3.437,1000
2020-10-16 09:32:28.070,3.439,1300
2020-10-16 09:32:29.050,3.436,30000
2020-10-16 09:32:31.910,3.436,5000
2020-10-16 09:32:32.560,3.438,1500
2020-10-16 09:32:33.930,3.438,5500
2020-10-16 09:32:33.930,3.438,300
2020-10-16 09:32:33.930,3.439,200
2020-10-16 09:32:34.430,3.436,1000
2020-10-16 09:32:34.430,3.436,3000
2020-10-16 09:32:34.430,3.436,2500
2020-10-16 09:32:34.430,3.436,20000
2020-10-16 09:32:34.430,3.436,17500
2020-10-16 09:32:35.960,3.436,12500
2020-10-16 09:32:35.960,3.436,1000
2020-10-16 09:32:35.960,3.436,65100
2020-10-16 09:32:35.960,3.436,34900
2020-10-16 09:32:35.960,3.436,20000
2020-10-16 09:32:35.960,3.436,5000
2020-10-16 09:32:36.210,3.436,70000
2020-10-16 09:32:36.570,3.436,20000
2020-10-16 09:32:36.790,3.435,2000
2020-10-16 09:32:36.790,3.435,28000
2020-10-16 09:32:37.780,3.436,4100
2020-10-16 09:32:39.210,3.437,5900
2020-10-16 09:32:39.830,3.437,2500
2020-10-16 09:32:40.060,3.437,97500
2020-10-16 09:32:40.500,3.436,96700
2020-10-16 09:32:40.810,3.436,3600
2020-10-16 09:32:42.280,3.438,5700
2020-10-16 09:32:45.730,3.436,199700
2020-10-16 09:32:45.730,3.435,3000
2020-10-16 09:32:48.420,3.435,15000
2020-10-16 09:32:48.420,3.435,5000
2020-10-16 09:32:49.000,3.436,300
2020-10-16 09:32:49.460,3.436,10000
2020-10-16 09:32:51.170,3.435,5000
2020-10-16 09:32:51.170,3.435,50000
2020-10-16 09:32:53.070,3.435,300
2020-10-16 09:32:53.330,3.434,3500
2020-10-16 09:32:53.490,3.435,10000
2020-10-16 09:32:54.730,3.435,5800
2020-10-16 09:32:55.110,3.434,15000
2020-10-16 09:32:55.270,3.435,10000
2020-10-16 09:32:56.580,3.435,10000
2020-10-16 09:32:56.580,3.435,10000
2020-10-16 09:32:57.000,3.435,17400
2020-10-16 09:32:57.000,3.435,1300
2020-10-16 09:32:59.050,3.435,5600
2020-10-16 09:32:59.160,3.436,4900
2020-10-16 09:32:59.160,3.436,600
2020-10-16 09:32:59.530,3.436,1400
2020-10-16 09:33:00.010,3.436,3200
2020-10-16 09:33:00.690,3.436,60000
2020-10-16 09:33:01.330,3.436,300
2020-10-16 09:33:02.540,3.436,29600
2020-10-16 09:33:02.540,3.436,5000
2020-10-16 09:33:02.540,3.435,45400
2020-10-16 09:33:04.830,3.436,5200
2020-10-16 09:33:04.830,3.436,1400
2020-10-16 09:33:05.770,3.436,10500
2020-10-16 09:33:05.770,3.435,230300
2020-10-16 09:33:05.770,3.435,10000
2020-10-16 09:33:05.770,3.435,49200
2020-10-16 09:33:12.610,3.435,50800
2020-10-16 09:33:12.610,3.435,2000
2020-10-16 09:33:12.610,3.435,30000
2020-10-16 09:33:12.610,3.435,50000
2020-10-16 09:33:12.610,3.435,20000
2020-10-16 09:33:12.610,3.435,20000
2020-10-16 09:33:12.610,3.435,300000
2020-10-16 09:33:12.610,3.435,27200
2020-10-16 09:33:14.230,3.436,2300
2020-10-16 09:33:14.300,3.435,8000
2020-10-16 09:33:15.040,3.437,800
2020-10-16 09:33:15.940,3.437,100000
2020-10-16 09:33:15.940,3.437,20000
2020-10-16 09:33:16.540,3.437,29200
2020-10-16 09:33:18.650,3.437,100
2020-10-16 09:33:18.830,3.438,1400
2020-10-16 09:33:18.830,3.438,2000
2020-10-16 09:33:18.830,3.438,1600
2020-10-16 09:33:19.240,3.437,108000
2020-10-16 09:33:19.360,3.437,162700
2020-10-16 09:33:19.360,3.437,6000
2020-10-16 09:33:21.000,3.437,70000
2020-10-16 09:33:21.050,3.437,30000
2020-10-16 09:33:21.940,3.436,3200
2020-10-16 09:33:22.140,3.436,100
2020-10-16 09:33:22.450,3.437,1900
2020-10-16 09:33:22.560,3.437,29600
2020-10-16 09:33:22.560,3.438,400
2020-10-16 09:33:23.880,3.436,16700
2020-10-16 09:33:23.880,3.436,13800
2020-10-16 09:33:24.630,3.437,6000
2020-10-16 09:33:25.560,3.437,57800
2020-10-16 09:33:26.410,3.438,500
2020-10-16 09:33:26.650,3.437,2000
2020-10-16 09:33:26.740,3.438,2100
2020-10-16 09:33:26.740,3.438,500
2020-10-16 09:33:28.720,3.437,200
2020-10-16 09:33:28.900,3.438,1800
2020-10-16 09:33:28.900,3.438,1700
2020-10-16 09:33:28.900,3.438,3000
2020-10-16 09:33:28.900,3.438,73500
2020-10-16 09:33:28.900,3.438,80000
2020-10-16 09:33:28.980,3.437,100
2020-10-16 09:33:30.040,3.438,80000
2020-10-16 09:33:30.040,3.438,66500
2020-10-16 09:33:30.040,3.438,3000
2020-10-16 09:33:30.040,3.438,300
2020-10-16 09:33:30.040,3.438,30200
2020-10-16 09:33:30.040,3.438,70000
2020-10-16 09:33:30.040,3.438,100000
2020-10-16 09:33:30.410,3.437,2500
2020-10-16 09:33:31.450,3.437,200
2020-10-16 09:33:31.540,3.437,3000
2020-10-16 09:33:31.720,3.437,1500
2020-10-16 09:33:32.920,3.438,6000
2020-10-16 09:33:33.090,3.438,40000
2020-10-16 09:33:33.090,3.438,30000
2020-10-16 09:33:35.390,3.438,300
2020-10-16 09:33:35.420,3.437,130000
2020-10-16 09:33:36.450,3.438,17300
2020-10-16 09:33:36.900,3.438,6200
2020-10-16 09:33:36.900,3.438,3000
2020-10-16 09:33:39.700,3.438,800
2020-10-16 09:33:39.700,3.438,5200
2020-10-16 09:33:39.980,3.438,2000
2020-10-16 09:33:40.350,3.438,84400
2020-10-16 09:33:40.350,3.438,1500
2020-10-16 09:33:42.120,3.437,9700
2020-10-16 09:33:42.240,3.437,12000
2020-10-16 09:33:43.300,3.437,3000
2020-10-16 09:33:43.650,3.438,1200
2020-10-16 09:33:43.740,3.438,3900
2020-10-16 09:33:44.870,3.437,500
2020-10-16 09:33:45.130,3.438,200
2020-10-16 09:33:46.780,3.437,9000
2020-10-16 09:33:48.080,3.438,2300
2020-10-16 09:33:48.850,3.437,500
2020-10-16 09:33:48.850,3.438,100
2020-10-16 09:33:50.270,3.438,1000
2020-10-16 09:33:52.060,3.437,62000
2020-10-16 09:33:52.060,3.437,48000
2020-10-16 09:33:52.140,3.437,200
2020-10-16 09:33:53.030,3.438,300
2020-10-16 09:33:54.320,3.437,3000
2020-10-16 09:33:54.520,3.437,3000
2020-10-16 09:33:54.750,3.437,1000
2020-10-16 09:33:58.590,3.437,5000
2020-10-16 09:33:59.200,3.437,10000
2020-10-16 09:34:00.650,3.437,100
2020-10-16 09:34:00.940,3.437,1200
2020-10-16 09:34:01.500,3.438,70000
2020-10-16 09:34:01.500,3.438,100000
2020-10-16 09:34:01.500,3.438,35100
2020-10-16 09:34:01.500,3.438,64900
2020-10-16 09:34:01.500,3.438,70000
2020-10-16 09:34:01.500,3.438,90000
2020-10-16 09:34:01.500,3.438,40000
2020-10-16 09:34:01.500,3.438,35100
2020-10-16 09:34:01.500,3.438,2000
2020-10-16 09:34:01.500,3.438,22900
2020-10-16 09:34:01.500,3.438,87100
2020-10-16 09:34:01.500,3.438,1000
2020-10-16 09:34:01.500,3.438,3000
2020-10-16 09:34:01.500,3.438,8900
2020-10-16 09:34:01.500,3.438,90000
2020-10-16 09:34:02.780,3.438,191900
2020-10-16 09:34:02.780,3.438,9200
2020-10-16 09:34:02.780,3.438,1600
2020-10-16 09:34:02.780,3.438,500
2020-10-16 09:34:02.780,3.438,2800
2020-10-16 09:34:02.780,3.438,2000
2020-10-16 09:34:03.060,3.439,2500
2020-10-16 09:34:03.060,3.439,200
2020-10-16 09:34:03.060,3.439,5000
2020-10-16 09:34:03.060,3.439,92300
2020-10-16 09:34:03.060,3.439,37700
2020-10-16 09:34:03.060,3.439,30000
2020-10-16 09:34:03.060,3.439,32300
2020-10-16 09:34:03.060,3.439,100000
2020-10-16 09:34:03.060,3.439,100000
2020-10-16 09:34:03.060,3.439,20000
2020-10-16 09:34:03.060,3.439,47700
2020-10-16 09:34:03.060,3.439,52300
2020-10-16 09:34:03.060,3.439,20000
2020-10-16 09:34:03.060,3.439,100000
2020-10-16 09:34:03.260,3.439,127700
2020-10-16 09:34:03.260,3.439,10000
2020-10-16 09:34:03.260,3.439,162300
2020-10-16 09:34:03.970,3.438,30000
2020-10-16 09:34:04.480,3.438,1900
2020-10-16 09:34:04.480,3.438,1100
2020-10-16 09:34:06.490,3.438,300
2020-10-16 09:34:07.410,3.439,10000
2020-10-16 09:34:07.410,3.439,20000
2020-10-16 09:34:08.030,3.439,1000
2020-10-16 09:34:08.520,3.439,4800
2020-10-16 09:34:08.520,3.439,5000
2020-10-16 09:34:08.520,3.439,7300
2020-10-16 09:34:09.980,3.439,100
2020-10-16 09:34:10.010,3.439,19900
2020-10-16 09:34:10.010,3.438,18600
2020-10-16 09:34:10.010,3.438,30000
2020-10-16 09:34:10.010,3.438,58800
2020-10-16 09:34:11.190,3.439,13500
2020-10-16 09:34:12.940,3.438,10000
2020-10-16 09:34:15.080,3.438,231200
2020-10-16 09:34:15.080,3.438,500
2020-10-16 09:34:15.080,3.438,5000
2020-10-16 09:34:15.080,3.438,600
2020-10-16 09:34:15.080,3.438,5000
2020-10-16 09:34:15.080,3.438,17000
2020-10-16 09:34:15.080,3.438,5000
2020-10-16 09:34:17.420,3.438,30000
2020-10-16 09:34:17.420,3.438,7000
2020-10-16 09:34:17.420,3.439,23000
2020-10-16 09:34:17.420,3.439,23600
2020-10-16 09:34:17.420,3.439,36400
2020-10-16 09:34:17.420,3.439,60000
2020-10-16 09:34:17.480,3.439,3000
2020-10-16 09:34:18.980,3.439,800
2020-10-16 09:34:20.640,3.438,1900
2020-10-16 09:34:25.110,3.438,200
2020-10-16 09:34:25.500,3.438,297900
2020-10-16 09:34:25.500,3.438,2100
2020-10-16 09:34:25.500,3.438,3000
2020-10-16 09:34:25.500,3.438,5000
2020-10-16 09:34:25.590,3.438,5000
2020-10-16 09:34:27.980,3.438,3000
2020-10-16 09:34:28.130,3.438,10000
2020-10-16 09:34:28.130,3.438,10000
2020-10-16 09:34:28.130,3.438,60000
2020-10-16 09:34:28.130,3.438,100000
2020-10-16 09:34:28.130,3.438,60000
2020-10-16 09:34:28.130,3.438,44200
2020-10-16 09:34:28.130,3.438,300
2020-10-16 09:34:28.130,3.438,55500
2020-10-16 09:34:30.120,3.438,900
2020-10-16 09:34:31.050,3.438,60000
2020-10-16 09:34:31.050,3.438,40000
2020-10-16 09:34:31.050,3.438,10000
2020-10-16 09:34:31.050,3.438,30000
2020-10-16 09:34:31.050,3.438,100000
2020-10-16 09:34:31.050,3.438,3600
2020-10-16 09:34:31.050,3.438,36400
2020-10-16 09:34:31.050,3.438,100000
2020-10-16 09:34:31.050,3.438,100000
2020-10-16 09:34:31.480,3.438,63600
2020-10-16 09:34:31.480,3.438,60000
2020-10-16 09:34:31.480,3.438,5000
2020-10-16 09:34:33.490,3.438,5000
2020-10-16 09:34:33.490,3.439,2000
2020-10-16 09:34:33.740,3.438,3000
2020-10-16 09:34:33.950,3.438,1000
2020-10-16 09:34:35.040,3.439,100000
2020-10-16 09:34:35.040,3.439,97800
2020-10-16 09:34:35.040,3.439,1500
2020-10-16 09:34:35.040,3.439,700
2020-10-16 09:34:35.040,3.439,800
2020-10-16 09:34:35.040,3.439,10000
2020-10-16 09:34:35.040,3.439,4000
2020-10-16 09:34:35.490,3.439,5000
2020-10-16 09:34:36.150,3.439,200
2020-10-16 09:34:36.150,3.439,9800
2020-10-16 09:34:37.080,3.439,900
2020-10-16 09:34:38.120,3.439,2000
2020-10-16 09:34:38.960,3.44,7000
2020-10-16 09:34:38.960,3.44,2000
2020-10-16 09:34:38.960,3.44,21000
2020-10-16 09:34:38.960,3.44,30000
2020-10-16 09:34:39.990,3.44,80000
2020-10-16 09:34:39.990,3.44,80000
2020-10-16 09:34:39.990,3.44,30000
2020-10-16 09:34:39.990,3.44,30000
2020-10-16 09:34:39.990,3.44,29000
2020-10-16 09:34:39.990,3.44,11000
2020-10-16 09:34:39.990,3.44,40000
2020-10-16 09:34:41.030,3.439,11600
2020-10-16 09:34:41.080,3.439,75700
2020-10-16 09:34:41.080,3.439,40000
2020-10-16 09:34:41.080,3.439,20000
2020-10-16 09:34:41.080,3.439,234300
2020-10-16 09:34:42.240,3.439,500
2020-10-16 09:34:42.300,3.44,4800
2020-10-16 09:34:42.500,3.44,40000
2020-10-16 09:34:44.890,3.439,3300
2020-10-16 09:34:45.000,3.44,4200
2020-10-16 09:34:45.000,3.44,3000
2020-10-16 09:34:45.000,3.44,49100
2020-10-16 09:34:45.020,3.44,28000
2020-10-16 09:34:47.620,3.44,12100
2020-10-16 09:34:49.320,3.439,500
2020-10-16 09:34:49.430,3.439,100
2020-10-16 09:34:49.730,3.44,2000
2020-10-16 09:34:51.310,3.439,600
2020-10-16 09:34:53.270,3.44,1000
2020-10-16 09:34:54.970,3.44,100000
2020-10-16 09:34:54.970,3.44,7800
2020-10-16 09:34:54.970,3.44,500
2020-10-16 09:34:54.970,3.44,4600
2020-10-16 09:34:54.970,3.44,5000
2020-10-16 09:34:54.970,3.44,4000
2020-10-16 09:34:54.970,3.44,300
2020-10-16 09:34:54.970,3.44,15100
2020-10-16 09:34:54.970,3.44,1000
2020-10-16 09:34:54.970,3.44,10000
2020-10-16 09:34:54.970,3.44,2000
2020-10-16 09:34:54.970,3.44,200
2020-10-16 09:34:54.970,3.44,1000
2020-10-16 09:34:54.970,3.44,100
2020-10-16 09:34:54.970,3.44,20000
2020-10-16 09:34:54.970,3.44,100
2020-10-16 09:34:54.970,3.44,700
2020-10-16 09:34:54.970,3.44,2000
2020-10-16 09:34:54.970,3.44,25600
2020-10-16 09:34:54.970,3.44,40000
2020-10-16 09:34:54.970,3.44,40000
2020-10-16 09:34:55.530,3.44,1000
2020-10-16 09:34:56.480,3.44,10000
2020-10-16 09:34:57.160,3.44,20000
2020-10-16 09:34:57.440,3.44,20000
2020-10-16 09:34:57.440,3.44,30000
2020-10-16 09:34:57.440,3.44,49300
2020-10-16 09:34:57.440,3.44,300
2020-10-16 09:34:57.440,3.44,30400
2020-10-16 09:34:57.440,3.44,29100
2020-10-16 09:34:57.440,3.44,10000
2020-10-16 09:34:58.660,3.44,100
2020-10-16 09:34:58.660,3.439,100
2020-10-16 09:34:59.460,3.44,100
2020-10-16 09:35:01.770,3.439,3100
2020-10-16 09:35:01.790,3.44,200
2020-10-16 09:35:01.790,3.441,2300
2020-10-16 09:35:02.590,3.44,1000
2020-10-16 09:35:03.150,3.439,12400
2020-10-16 09:35:03.570,3.439,200
2020-10-16 09:35:03.750,3.44,1000
2020-10-16 09:35:03.840,3.44,6000
2020-10-16 09:35:04.000,3.44,6000
2020-10-16 09:35:04.240,3.441,500
2020-10-16 09:35:05.000,3.441,40000
2020-10-16 09:35:05.000,3.441,40000
2020-10-16 09:35:06.210,3.44,7000
2020-10-16 09:35:06.210,3.44,3000
2020-10-16 09:35:06.530,3.441,300
2020-10-16 09:35:06.530,3.441,15700
2020-10-16 09:35:06.530,3.441,84000
2020-10-16 09:35:06.530,3.441,16000
2020-10-16 09:35:06.530,3.441,300
2020-10-16 09:35:06.530,3.441,10000
2020-10-16 09:35:06.530,3.441,5000
2020-10-16 09:35:06.530,3.441,2000
2020-10-16 09:35:06.530,3.441,3000
2020-10-16 09:35:06.530,3.441,6000
2020-10-16 09:35:06.530,3.441,1000
2020-10-16 09:35:06.530,3.441,2000
2020-10-16 09:35:06.530,3.441,300
2020-10-16 09:35:06.530,3.441,14400
2020-10-16 09:35:06.530,3.441,100000
2020-10-16 09:35:06.530,3.441,20000
2020-10-16 09:35:06.530,3.441,100000
2020-10-16 09:35:06.700,3.44,10000
2020-10-16 09:35:06.790,3.441,600
2020-10-16 09:35:06.870,3.441,65000
2020-10-16 09:35:06.870,3.441,4000
2020-10-16 09:35:06.870,3.441,30000
2020-10-16 09:35:07.190,3.441,5000
2020-10-16 09:35:09.390,3.441,12000
2020-10-16 09:35:10.700,3.441,6800
2020-10-16 09:35:10.720,3.441,5000
2020-10-16 09:35:10.940,3.441,288200
2020-10-16 09:35:11.000,3.441,11800
2020-10-16 09:35:11.300,3.441,88200
2020-10-16 09:35:11.300,3.441,14900
2020-10-16 09:35:11.910,3.441,10000
2020-10-16 09:35:11.910,3.441,10000
2020-10-16 09:35:12.700,3.441,50000
2020-10-16 09:35:12.890,3.441,126900
2020-10-16 09:35:12.890,3.441,43100
2020-10-16 09:35:12.970,3.441,126900
2020-10-16 09:35:13.000,3.441,80000
2020-10-16 09:35:13.000,3.441,20000
2020-10-16 09:35:13.000,3.441,30000
2020-10-16 09:35:13.000,3.441,10000
2020-10-16 09:35:13.150,3.441,30000
2020-10-16 09:35:13.150,3.441,20000
2020-10-16 09:35:13.320,3.44,10000
2020-10-16 09:35:13.320,3.44,30000
2020-10-16 09:35:13.320,3.44,3200
2020-10-16 09:35:13.320,3.44,100000
2020-10-16 09:35:13.320,3.44,1800
2020-10-16 09:35:13.320,3.44,155000
2020-10-16 09:35:13.320,3.441,61100
2020-10-16 09:35:13.410,3.441,50000
2020-10-16 09:35:13.410,3.441,35500
2020-10-16 09:35:13.410,3.441,14500
2020-10-16 09:35:13.600,3.441,133500
2020-10-16 09:35:13.600,3.441,166500
2020-10-16 09:35:13.850,3.44,8500
2020-10-16 09:35:14.310,3.441,133500
2020-10-16 09:35:14.310,3.441,166500
2020-10-16 09:35:14.600,3.441,20000
2020-10-16 09:35:14.600,3.441,30000
2020-10-16 09:35:14.830,3.441,58200
2020-10-16 09:35:14.890,3.441,25300
2020-10-16 09:35:14.890,3.441,274700
2020-10-16 09:35:15.060,3.441,25300
2020-10-16 09:35:15.060,3.441,274700
2020-10-16 09:35:15.120,3.441,20000
2020-10-16 09:35:15.120,3.441,5300
2020-10-16 09:35:15.120,3.441,34700
2020-10-16 09:35:15.220,3.441,70000
2020-10-16 09:35:15.220,3.441,70000
2020-10-16 09:35:15.220,3.441,10000
2020-10-16 09:35:15.220,3.441,100000
2020-10-16 09:35:15.220,3.441,15300
2020-10-16 09:35:16.180,3.442,3200
2020-10-16 09:35:16.180,3.442,7000
2020-10-16 09:35:16.180,3.442,5000
2020-10-16 09:35:16.180,3.442,4800
2020-10-16 09:35:16.300,3.442,200
2020-10-16 09:35:16.300,3.442,1200
2020-10-16 09:35:16.300,3.442,300
2020-10-16 09:35:16.300,3.442,6100
2020-10-16 09:35:16.300,3.442,2000
2020-10-16 09:35:16.300,3.442,45700
2020-10-16 09:35:16.300,3.442,3000
2020-10-16 09:35:16.300,3.442,3000
2020-10-16 09:35:16.300,3.442,4100
2020-10-16 09:35:16.300,3.442,3000
2020-10-16 09:35:16.300,3.442,1600
2020-10-16 09:35:16.300,3.442,1500
2020-10-16 09:35:16.300,3.442,10000
2020-10-16 09:35:16.300,3.442,1000
2020-10-16 09:35:16.300,3.442,1000
2020-10-16 09:35:16.300,3.442,216300
2020-10-16 09:35:16.750,3.442,20000
2020-10-16 09:35:16.750,3.442,30000
2020-10-16 09:35:16.860,3.441,5000
2020-10-16 09:35:17.030,3.441,300
2020-10-16 09:35:17.280,3.442,14400
2020-10-16 09:35:17.630,3.442,19300
2020-10-16 09:35:17.630,3.442,700
2020-10-16 09:35:17.680,3.441,400
2020-10-16 09:35:17.750,3.442,4000
2020-10-16 09:35:17.750,3.442,296000
2020-10-16 09:35:17.750,3.442,1100
2020-10-16 09:35:17.780,3.441,2000
2020-10-16 09:35:17.960,3.442,2900
2020-10-16 09:35:17.960,3.442,10000
2020-10-16 09:35:18.320,3.442,68700
2020-10-16 09:35:19.580,3.442,10000
2020-10-16 09:35:19.580,3.442,20000
2020-10-16 09:35:19.580,3.442,269600
2020-10-16 09:35:19.780,3.443,1000
2020-10-16 09:35:19.780,3.443,1000
2020-10-16 09:35:19.780,3.443,10000
2020-10-16 09:35:19.780,3.443,1800
2020-10-16 09:35:21.390,3.443,5200
2020-10-16 09:35:21.390,3.443,11800
2020-10-16 09:35:21.390,3.443,5500
2020-10-16 09:35:21.390,3.443,5000
2020-10-16 09:35:21.390,3.443,10000
2020-10-16 09:35:21.390,3.443,500
2020-10-16 09:35:21.390,3.443,30000
2020-10-16 09:35:21.630,3.443,232000
2020-10-16 09:35:21.630,3.442,68000
2020-10-16 09:35:22.770,3.443,10000
2020-10-16 09:35:23.180,3.443,20000
2020-10-16 09:35:23.590,3.442,9900
2020-10-16 09:35:23.830,3.442,20000
2020-10-16 09:35:24.150,3.443,50000
2020-10-16 09:35:24.150,3.443,20000
2020-10-16 09:35:24.150,3.443,100000
2020-10-16 09:35:24.150,3.443,20000
2020-10-16 09:35:24.150,3.443,30000
2020-10-16 09:35:24.270,3.443,20000
2020-10-16 09:35:25.020,3.443,40000
2020-10-16 09:35:25.020,3.443,200
2020-10-16 09:35:25.100,3.444,5000
2020-10-16 09:35:26.170,3.443,500
2020-10-16 09:35:26.170,3.443,300
2020-10-16 09:35:26.610,3.443,2400
2020-10-16 09:35:27.170,3.444,5000
2020-10-16 09:35:27.170,3.444,1200
2020-10-16 09:35:27.170,3.444,800
2020-10-16 09:35:27.170,3.444,7000
2020-10-16 09:35:27.170,3.444,2000
2020-10-16 09:35:27.170,3.444,1000
2020-10-16 09:35:27.170,3.444,4000
2020-10-16 09:35:27.170,3.444,20000
2020-10-16 09:35:27.170,3.444,1200
2020-10-16 09:35:27.170,3.444,10000
2020-10-16 09:35:27.170,3.444,6900
2020-10-16 09:35:27.170,3.444,900
2020-10-16 09:35:27.170,3.444,9100
2020-10-16 09:35:27.170,3.444,7800
2020-10-16 09:35:27.170,3.444,100
2020-10-16 09:35:27.170,3.444,9000
2020-10-16 09:35:27.170,3.444,1800
2020-10-16 09:35:27.170,3.444,400
2020-10-16 09:35:27.170,3.444,9400
2020-10-16 09:35:27.170,3.444,7800
2020-10-16 09:35:27.170,3.444,300
2020-10-16 09:35:27.170,3.444,3300
2020-10-16 09:35:27.170,3.444,2000
2020-10-16 09:35:27.170,3.444,1200
2020-10-16 09:35:27.170,3.444,1800
2020-10-16 09:35:27.170,3.444,100
2020-10-16 09:35:27.170,3.444,5900
2020-10-16 09:35:27.170,3.444,60000
2020-10-16 09:35:27.170,3.444,60000
2020-10-16 09:35:27.380,3.443,50000
2020-10-16 09:35:28.040,3.443,1000
2020-10-16 09:35:28.590,3.443,50000
2020-10-16 09:35:28.640,3.443,3000
2020-10-16 09:35:29.150,3.444,300000
2020-10-16 09:35:29.370,3.444,3000
2020-10-16 09:35:30.180,3.444,7000
2020-10-16 09:35:30.180,3.444,200
2020-10-16 09:35:30.180,3.445,6000
2020-10-16 09:35:30.180,3.445,3200
2020-10-16 09:35:30.180,3.445,600
2020-10-16 09:35:32.310,3.444,300
2020-10-16 09:35:32.310,3.443,200
2020-10-16 09:35:33.950,3.444,1000
2020-10-16 09:35:33.950,3.444,29000
2020-10-16 09:35:34.670,3.444,271000
2020-10-16 09:35:34.670,3.444,29000
2020-10-16 09:35:35.920,3.444,100
2020-10-16 09:35:36.420,3.444,23900
2020-10-16 09:35:36.510,3.444,6000
2020-10-16 09:35:36.510,3.444,5000
2020-10-16 09:35:36.510,3.444,500
2020-10-16 09:35:36.680,3.444,1600
2020-10-16 09:35:39.760,3.444,5000
2020-10-16 09:35:40.590,3.444,1900
2020-10-16 09:35:41.480,3.444,8100
2020-10-16 09:35:41.480,3.444,12900
2020-10-16 09:35:41.480,3.445,400
2020-10-16 09:35:41.480,3.445,10000
2020-10-16 09:35:41.480,3.445,2200
2020-10-16 09:35:41.480,3.445,20000
2020-10-16 09:35:41.480,3.445,200
2020-10-16 09:35:41.480,3.445,1000
2020-10-16 09:35:41.480,3.445,5000
2020-10-16 09:35:41.480,3.445,10000
2020-10-16 09:35:41.480,3.445,200
2020-10-16 09:35:41.480,3.445,19800
2020-10-16 09:35:41.480,3.445,9700
2020-10-16 09:35:41.480,3.445,300
2020-10-16 09:35:41.480,3.445,12000
2020-10-16 09:35:41.480,3.445,5000
2020-10-16 09:35:41.480,3.445,3000
2020-10-16 09:35:41.480,3.445,3000
2020-10-16 09:35:41.480,3.445,500
2020-10-16 09:35:41.480,3.445,5000
2020-10-16 09:35:41.480,3.445,11700
2020-10-16 09:35:41.680,3.444,2000
2020-10-16 09:35:42.070,3.444,3600
2020-10-16 09:35:42.370,3.444,500
2020-10-16 09:35:42.510,3.445,8300
2020-10-16 09:35:42.510,3.445,6000
2020-10-16 09:35:42.510,3.445,45700
2020-10-16 09:35:42.510,3.445,60000
2020-10-16 09:35:42.580,3.445,10000
2020-10-16 09:35:42.580,3.445,10000
2020-10-16 09:35:43.760,3.445,300000
2020-10-16 09:35:44.270,3.444,11600
2020-10-16 09:35:44.740,3.445,17800
2020-10-16 09:35:45.020,3.445,300000
2020-10-16 09:35:45.130,3.445,10000
2020-10-16 09:35:45.130,3.445,10000
2020-10-16 09:35:45.130,3.445,100000
2020-10-16 09:35:45.130,3.445,70000
2020-10-16 09:35:45.130,3.445,66500
2020-10-16 09:35:45.130,3.445,13500
2020-10-16 09:35:45.130,3.445,1500
2020-10-16 09:35:45.130,3.445,7000
2020-10-16 09:35:45.130,3.445,2000
2020-10-16 09:35:45.130,3.445,300
2020-10-16 09:35:45.130,3.445,8500
2020-10-16 09:35:45.130,3.445,300
2020-10-16 09:35:45.130,3.445,1000
2020-10-16 09:35:45.130,3.445,1000
2020-10-16 09:35:45.130,3.445,2000
2020-10-16 09:35:45.130,3.445,10000
2020-10-16 09:35:45.130,3.445,200
2020-10-16 09:35:45.130,3.445,3600
2020-10-16 09:35:45.130,3.445,10000
2020-10-16 09:35:45.130,3.445,13900
2020-10-16 09:35:45.130,3.445,10000
2020-10-16 09:35:45.130,3.445,3000
2020-10-16 09:35:45.130,3.445,400
2020-10-16 09:35:45.130,3.445,5000
2020-10-16 09:35:45.130,3.445,1700
2020-10-16 09:35:45.130,3.445,3400
2020-10-16 09:35:45.130,3.445,15200
2020-10-16 09:35:45.130,3.445,42500
2020-10-16 09:35:45.130,3.445,1000
2020-10-16 09:35:46.320,3.445,2800
2020-10-16 09:35:46.730,3.445,2500
2020-10-16 09:35:48.990,3.445,1900
2020-10-16 09:35:49.240,3.445,17700
2020-10-16 09:35:49.320,3.445,100
2020-10-16 09:35:49.670,3.445,1500
2020-10-16 09:35:49.670,3.445,1000
2020-10-16 09:35:50.380,3.446,5000
2020-10-16 09:35:50.570,3.445,300
2020-10-16 09:35:50.590,3.445,21300
2020-10-16 09:35:51.060,3.445,5200
2020-10-16 09:35:51.980,3.446,6000
2020-10-16 09:35:51.980,3.446,2100
2020-10-16 09:35:52.070,3.445,30000
2020-10-16 09:35:53.080,3.446,3000
2020-10-16 09:35:53.080,3.446,500
2020-10-16 09:35:53.080,3.446,7300
2020-10-16 09:35:53.080,3.446,10000
2020-10-16 09:35:53.080,3.446,2000
2020-10-16 09:35:53.080,3.446,900
2020-10-16 09:35:53.080,3.446,100
2020-10-16 09:35:53.080,3.446,2100
2020-10-16 09:35:53.080,3.446,1000
2020-10-16 09:35:53.080,3.446,1000
2020-10-16 09:35:53.080,3.446,8000
2020-10-16 09:35:53.080,3.446,1000
2020-10-16 09:35:53.080,3.446,2200
2020-10-16 09:35:53.670,3.445,1200
2020-10-16 09:35:53.800,3.446,100
2020-10-16 09:35:54.200,3.445,5000
2020-10-16 09:35:54.250,3.446,2700
2020-10-16 09:35:54.250,3.446,8800
2020-10-16 09:35:54.250,3.446,1200
2020-10-16 09:35:54.250,3.446,100
2020-10-16 09:35:54.250,3.446,7000
2020-10-16 09:35:54.250,3.446,5000
2020-10-16 09:35:54.250,3.446,1600
2020-10-16 09:35:54.250,3.446,3100
2020-10-16 09:35:54.250,3.446,3000
2020-10-16 09:35:54.250,3.446,10000
2020-10-16 09:35:54.250,3.446,5000
2020-10-16 09:35:54.250,3.446,10000
2020-10-16 09:35:54.250,3.446,20000
2020-10-16 09:35:54.250,3.446,1000
2020-10-16 09:35:54.250,3.446,12700
2020-10-16 09:35:54.920,3.446,17300
2020-10-16 09:35:54.920,3.446,1000
2020-10-16 09:35:54.920,3.446,2000
2020-10-16 09:35:54.920,3.446,1500
2020-10-16 09:35:54.920,3.446,1000
2020-10-16 09:35:54.980,3.446,1000
2020-10-16 09:35:55.280,3.446,1000
2020-10-16 09:35:56.790,3.446,20000
2020-10-16 09:35:57.210,3.447,10000
2020-10-16 09:35:57.210,3.447,10000
2020-10-16 09:35:57.210,3.447,4100
2020-10-16 09:35:57.210,3.447,4800
2020-10-16 09:35:57.210,3.447,5800
2020-10-16 09:35:57.210,3.447,900
2020-10-16 09:35:57.210,3.447,1000
2020-10-16 09:35:57.210,3.447,13400
2020-10-16 09:35:57.210,3.447,6600
2020-10-16 09:35:57.210,3.447,10000
2020-10-16 09:35:57.210,3.447,1000
2020-10-16 09:35:57.210,3.447,2000
2020-10-16 09:35:57.210,3.447,400
2020-10-16 09:35:57.460,3.447,100
2020-10-16 09:35:57.460,3.447,7000
2020-10-16 09:35:57.460,3.447,100
2020-10-16 09:35:57.460,3.447,100
2020-10-16 09:35:57.460,3.447,200
2020-10-16 09:35:57.460,3.447,10500
2020-10-16 09:35:57.460,3.447,2000
2020-10-16 09:35:58.010,3.447,8800
2020-10-16 09:35:58.400,3.447,300
2020-10-16 09:35:59.630,3.448,5000
2020-10-16 09:35:59.630,3.448,200
2020-10-16 09:35:59.630,3.448,3000
2020-10-16 09:35:59.630,3.448,1000
2020-10-16 09:35:59.630,3.448,800
2020-10-16 09:36:00.430,3.448,200
2020-10-16 09:36:00.430,3.448,8000
2020-10-16 09:36:00.430,3.448,1000
2020-10-16 09:36:00.430,3.448,800
2020-10-16 09:36:00.430,3.448,1200
2020-10-16 09:36:00.430,3.448,1000
2020-10-16 09:36:00.430,3.448,4500
2020-10-16 09:36:00.430,3.448,3300
2020-10-16 09:36:02.230,3.448,400
2020-10-16 09:36:02.230,3.448,300
2020-10-16 09:36:02.690,3.447,9000
2020-10-16 09:36:03.010,3.447,3000
2020-10-16 09:36:05.720,3.448,4700
2020-10-16 09:36:05.720,3.448,10500
2020-10-16 09:36:05.880,3.447,4500
2020-10-16 09:36:06.320,3.447,2300
2020-10-16 09:36:09.250,3.447,30000
2020-10-16 09:36:09.300,3.448,4500
2020-10-16 09:36:09.300,3.448,1200
2020-10-16 09:36:09.300,3.448,4300
2020-10-16 09:36:09.360,3.447,242100
2020-10-16 09:36:09.360,3.447,5000
2020-10-16 09:36:10.210,3.447,7300
2020-10-16 09:36:10.320,3.447,21900
2020-10-16 09:36:12.180,3.447,400
2020-10-16 09:36:12.260,3.446,3000
2020-10-16 09:36:12.260,3.446,600
2020-10-16 09:36:12.260,3.446,2000
2020-10-16 09:36:12.380,3.446,1000
2020-10-16 09:36:13.120,3.446,8300
2020-10-16 09:36:14.270,3.446,1200
2020-10-16 09:36:14.570,3.446,1000
2020-10-16 09:36:15.170,3.446,100
2020-10-16 09:36:15.290,3.445,1500
2020-10-16 09:36:15.290,3.445,300
2020-10-16 09:36:15.290,3.445,1400
2020-10-16 09:36:15.290,3.445,1000
2020-10-16 09:36:15.290,3.445,100
2020-10-16 09:36:16.780,3.445,200
2020-10-16 09:36:18.160,3.445,100000
2020-10-16 09:36:18.220,3.445,60000
2020-10-16 09:36:18.330,3.444,5000
2020-10-16 09:36:18.580,3.445,1000
2020-10-16 09:36:19.460,3.445,10000
2020-10-16 09:36:19.460,3.445,20000
2020-10-16 09:36:20.570,3.446,100
2020-10-16 09:36:21.650,3.445,1000
2020-10-16 09:36:22.000,3.445,8200
2020-10-16 09:36:22.620,3.445,3700
2020-10-16 09:36:24.040,3.445,3300
2020-10-16 09:36:24.040,3.445,16700
2020-10-16 09:36:24.490,3.445,1500
2020-10-16 09:36:24.570,3.445,4800
2020-10-16 09:36:24.570,3.444,2700
2020-10-16 09:36:24.570,3.444,69428
2020-10-16 09:36:25.360,3.444,1200
2020-10-16 09:36:25.810,3.444,4000
2020-10-16 09:36:27.680,3.445,500
2020-10-16 09:36:27.680,3.445,3000
2020-10-16 09:36:27.680,3.445,96500
2020-10-16 09:36:27.950,3.444,600
2020-10-16 09:36:28.720,3.444,4772
2020-10-16 09:36:28.720,3.444,5228
2020-10-16 09:36:28.930,3.445,8600
2020-10-16 09:36:28.930,3.445,10000
2020-10-16 09:36:28.930,3.446,12700
2020-10-16 09:36:28.930,3.446,168700
2020-10-16 09:36:31.250,3.445,4700
2020-10-16 09:36:31.250,3.445,1300
2020-10-16 09:36:32.110,3.445,4700
2020-10-16 09:36:32.110,3.445,5000
2020-10-16 09:36:32.110,3.445,100
2020-10-16 09:36:32.110,3.445,500
2020-10-16 09:36:32.110,3.445,3000
2020-10-16 09:36:32.110,3.445,3000
2020-10-16 09:36:33.520,3.445,9700
2020-10-16 09:36:33.520,3.445,300
2020-10-16 09:36:33.600,3.445,2700
2020-10-16 09:36:33.820,3.445,3100
2020-10-16 09:36:34.760,3.445,7200
2020-10-16 09:36:35.490,3.445,21800
2020-10-16 09:36:35.770,3.444,4772
2020-10-16 09:36:35.770,3.444,1000
2020-10-16 09:36:35.770,3.444,1528
2020-10-16 09:36:38.870,3.445,1500
2020-10-16 09:36:39.040,3.444,472
2020-10-16 09:36:39.040,3.444,14728
2020-10-16 09:36:39.420,3.444,500
2020-10-16 09:36:40.890,3.444,6000
2020-10-16 09:36:40.920,3.444,26600
2020-10-16 09:36:41.320,3.445,800
2020-10-16 09:36:41.660,3.444,30000
2020-10-16 09:36:42.960,3.444,500
2020-10-16 09:36:43.210,3.445,5000
2020-10-16 09:36:45.070,3.444,21672
2020-10-16 09:36:45.070,3.444,300000
2020-10-16 09:36:45.070,3.444,800
2020-10-16 09:36:45.070,3.444,50000
2020-10-16 09:36:45.070,3.444,100
2020-10-16 09:36:45.070,3.444,1000
2020-10-16 09:36:45.440,3.444,10000
2020-10-16 09:36:48.110,3.444,4600
2020-10-16 09:36:48.250,3.444,4200
2020-10-16 09:36:48.250,3.444,20000
2020-10-16 09:36:48.250,3.444,40000
2020-10-16 09:36:48.250,3.444,40000
2020-10-16 09:36:48.250,3.444,20000
2020-10-16 09:36:51.690,3.444,187628
2020-10-16 09:36:51.690,3.444,10000
2020-10-16 09:36:51.690,3.444,2100
2020-10-16 09:36:51.690,3.444,272
2020-10-16 09:36:53.280,3.443,2100
2020-10-16 09:36:53.280,3.443,5000
2020-10-16 09:36:53.280,3.443,1000
2020-10-16 09:36:53.280,3.443,500
2020-10-16 09:36:53.280,3.443,10000
2020-10-16 09:36:53.280,3.443,11000
2020-10-16 09:36:53.280,3.443,15000
2020-10-16 09:36:55.280,3.443,5000
2020-10-16 09:36:59.440,3.443,20000
2020-10-16 09:36:59.440,3.443,20000
2020-10-16 09:37:00.800,3.443,210400
2020-10-16 09:37:00.800,3.443,100
2020-10-16 09:37:00.800,3.443,10000
2020-10-16 09:37:00.800,3.443,2400
2020-10-16 09:37:00.800,3.443,57900
2020-10-16 09:37:00.800,3.443,19200
2020-10-16 09:37:00.950,3.443,100000
2020-10-16 09:37:00.950,3.443,25800
2020-10-16 09:37:01.320,3.443,100
2020-10-16 09:37:01.530,3.443,23300
2020-10-16 09:37:02.500,3.444,1000
2020-10-16 09:37:03.210,3.444,4000
2020-10-16 09:37:03.210,3.444,16000
2020-10-16 09:37:03.210,3.444,10000
2020-10-16 09:37:03.210,3.444,10000
2020-10-16 09:37:03.210,3.444,70000
2020-10-16 09:37:03.210,3.444,80000
2020-10-16 09:37:03.210,3.444,10000
2020-10-16 09:37:03.210,3.444,95300
2020-10-16 09:37:03.210,3.444,4500
2020-10-16 09:37:03.210,3.444,200
2020-10-16 09:37:03.210,3.444,700
2020-10-16 09:37:03.210,3.444,100
2020-10-16 09:37:03.210,3.444,5000
2020-10-16 09:37:03.210,3.444,4200
2020-10-16 09:37:05.500,3.443,1000
2020-10-16 09:37:05.790,3.443,5100
2020-10-16 09:37:05.790,3.443,4700
2020-10-16 09:37:05.790,3.443,10000
2020-10-16 09:37:06.190,3.444,20000
2020-10-16 09:37:06.190,3.444,5800
2020-10-16 09:37:06.190,3.444,4000
2020-10-16 09:37:06.190,3.444,3000
2020-10-16 09:37:06.190,3.444,4100
2020-10-16 09:37:06.190,3.444,23100
2020-10-16 09:37:07.400,3.444,26900
2020-10-16 09:37:07.400,3.444,10000
2020-10-16 09:37:07.650,3.444,6000
2020-10-16 09:37:07.770,3.444,58000
2020-10-16 09:37:08.080,3.444,50000
2020-10-16 09:37:08.170,3.444,200
2020-10-16 09:37:09.460,3.444,100
2020-10-16 09:37:09.910,3.445,7900
2020-10-16 09:37:09.910,3.445,10000
2020-10-16 09:37:09.910,3.445,2000
2020-10-16 09:37:09.910,3.445,100
2020-10-16 09:37:09.910,3.445,30000
2020-10-16 09:37:09.910,3.445,300
2020-10-16 09:37:09.910,3.445,3200
2020-10-16 09:37:09.910,3.445,13200
2020-10-16 09:37:09.910,3.445,10000
2020-10-16 09:37:09.910,3.445,115200
2020-10-16 09:37:09.910,3.445,1000
2020-10-16 09:37:09.910,3.445,107100
2020-10-16 09:37:11.440,3.444,1000
2020-10-16 09:37:11.650,3.445,28900
2020-10-16 09:37:11.650,3.445,1100
2020-10-16 09:37:12.740,3.444,6300
2020-10-16 09:37:13.300,3.444,20000
2020-10-16 09:37:16.090,3.445,3900
2020-10-16 09:37:16.090,3.445,3000
2020-10-16 09:37:16.090,3.445,10000
2020-10-16 09:37:16.090,3.445,20400
2020-10-16 09:37:16.360,3.445,3000
2020-10-16 09:37:16.420,3.444,3100
2020-10-16 09:37:17.970,3.444,500
2020-10-16 09:37:18.730,3.444,30000
2020-10-16 09:37:19.790,3.444,12000
2020-10-16 09:37:21.580,3.445,6500
2020-10-16 09:37:21.720,3.445,45800
2020-10-16 09:37:21.720,3.445,1000
2020-10-16 09:37:21.720,3.445,300
2020-10-16 09:37:21.720,3.445,3400
2020-10-16 09:37:21.720,3.445,2300
2020-10-16 09:37:21.720,3.445,2000
2020-10-16 09:37:21.720,3.445,2300
2020-10-16 09:37:21.720,3.445,100
2020-10-16 09:37:21.720,3.445,10000
2020-10-16 09:37:21.720,3.445,232800
2020-10-16 09:37:22.290,3.444,75900
2020-10-16 09:37:22.290,3.444,100
2020-10-16 09:37:22.290,3.444,50000
2020-10-16 09:37:22.290,3.444,1000
2020-10-16 09:37:22.290,3.444,5000
2020-10-16 09:37:22.290,3.444,29100
2020-10-16 09:37:22.830,3.444,7000
2020-10-16 09:37:23.630,3.444,1000
2020-10-16 09:37:23.630,3.445,9000
2020-10-16 09:37:24.110,3.445,30600
2020-10-16 09:37:25.640,3.445,200
2020-10-16 09:37:26.740,3.443,100
2020-10-16 09:37:26.740,3.443,5000
2020-10-16 09:37:26.740,3.443,54900
2020-10-16 09:37:32.690,3.444,100
2020-10-16 09:37:33.120,3.444,400
2020-10-16 09:37:33.120,3.444,600
2020-10-16 09:37:33.670,3.443,22600
2020-10-16 09:37:33.670,3.443,200000
2020-10-16 09:37:33.670,3.443,14500
2020-10-16 09:37:33.670,3.443,2000
2020-10-16 09:37:33.670,3.443,2200
2020-10-16 09:37:40.160,3.443,23200
2020-10-16 09:37:40.440,3.443,10000
2020-10-16 09:37:41.860,3.443,2000
2020-10-16 09:37:43.000,3.443,400
2020-10-16 09:37:43.000,3.443,400
2020-10-16 09:37:43.780,3.443,22700
2020-10-16 09:37:43.780,3.443,7300
2020-10-16 09:37:43.950,3.443,22700
2020-10-16 09:37:43.950,3.443,7300
2020-10-16 09:37:44.260,3.443,100
2020-10-16 09:37:46.550,3.443,1000
2020-10-16 09:37:46.550,3.442,1000
2020-10-16 09:37:46.550,3.442,9000
2020-10-16 09:37:47.980,3.443,100
2020-10-16 09:37:48.880,3.442,91000
2020-10-16 09:37:48.880,3.442,1200
2020-10-16 09:37:48.880,3.442,200
2020-10-16 09:37:48.880,3.442,30000
2020-10-16 09:37:48.880,3.442,10000
2020-10-16 09:37:48.880,3.442,2300
2020-10-16 09:37:53.370,3.442,1000
2020-10-16 09:37:53.990,3.442,70000
2020-10-16 09:37:53.990,3.442,70000
2020-10-16 09:37:54.560,3.441,4000
2020-10-16 09:37:54.970,3.442,24300
2020-10-16 09:37:54.970,3.442,5700
2020-10-16 09:37:57.770,3.442,10000
2020-10-16 09:37:58.130,3.442,1800
2020-10-16 09:37:59.700,3.442,200
2020-10-16 09:37:59.700,3.442,500
2020-10-16 09:37:59.700,3.442,1000
2020-10-16 09:37:59.700,3.442,2400
2020-10-16 09:38:00.110,3.442,4000
2020-10-16 09:38:00.580,3.443,2500
2020-10-16 09:38:01.100,3.442,7500
2020-10-16 09:38:01.720,3.442,84400
2020-10-16 09:38:01.720,3.442,30000
2020-10-16 09:38:03.490,3.441,1000
2020-10-16 09:38:05.650,3.443,2900
2020-10-16 09:38:05.650,3.443,100
2020-10-16 09:38:06.470,3.442,100
2020-10-16 09:38:06.750,3.442,2700
2020-10-16 09:38:06.750,3.442,1000
2020-10-16 09:38:07.530,3.442,800
2020-10-16 09:38:07.650,3.441,10000
2020-10-16 09:38:07.940,3.441,10000
2020-10-16 09:38:08.500,3.441,5000
2020-10-16 09:38:08.860,3.441,37
2020-10-16 09:38:08.920,3.442,1800
2020-10-16 09:38:10.150,3.441,6963
2020-10-16 09:38:10.150,3.441,5200
2020-10-16 09:38:10.150,3.441,500
2020-10-16 09:38:10.150,3.441,11500
2020-10-16 09:38:10.150,3.441,2000
2020-10-16 09:38:10.150,3.441,273837
2020-10-16 09:38:11.200,3.441,300000
2020-10-16 09:38:11.860,3.442,33000
2020-10-16 09:38:12.970,3.442,97000
2020-10-16 09:38:12.970,3.442,3000
2020-10-16 09:38:12.970,3.442,100000
2020-10-16 09:38:12.970,3.442,10000
2020-10-16 09:38:12.970,3.442,100000
2020-10-16 09:38:12.970,3.442,87032
2020-10-16 09:38:12.970,3.442,12968
2020-10-16 09:38:12.970,3.442,10000
2020-10-16 09:38:12.970,3.442,100000
2020-10-16 09:38:12.970,3.442,100000
2020-10-16 09:38:12.970,3.442,77032
2020-10-16 09:38:12.970,3.442,6000
2020-10-16 09:38:12.970,3.442,16968
2020-10-16 09:38:12.970,3.442,10000
2020-10-16 09:38:12.970,3.442,3032
2020-10-16 09:38:12.970,3.442,6968
2020-10-16 09:38:12.970,3.442,100000
2020-10-16 09:38:12.970,3.442,60000
2020-10-16 09:38:14.310,3.442,300
2020-10-16 09:38:14.420,3.441,10000
2020-10-16 09:38:14.420,3.441,10000
2020-10-16 09:38:15.260,3.441,5000
2020-10-16 09:38:15.430,3.442,25000
2020-10-16 09:38:15.470,3.442,70000
2020-10-16 09:38:15.470,3.442,30000
2020-10-16 09:38:15.800,3.442,7732
2020-10-16 09:38:15.800,3.442,968
2020-10-16 09:38:17.030,3.441,1000
2020-10-16 09:38:17.300,3.442,32
2020-10-16 09:38:17.300,3.442,968
2020-10-16 09:38:18.070,3.442,1400
2020-10-16 09:38:18.490,3.442,100000
2020-10-16 09:38:18.490,3.442,100000
2020-10-16 09:38:18.490,3.442,20000
2020-10-16 09:38:18.490,3.442,60000
2020-10-16 09:38:18.490,3.442,17632
2020-10-16 09:38:18.490,3.442,82368
2020-10-16 09:38:18.490,3.442,50000
2020-10-16 09:38:18.490,3.442,100000
2020-10-16 09:38:21.480,3.442,60000
2020-10-16 09:38:21.480,3.442,7632
2020-10-16 09:38:21.480,3.442,32368
2020-10-16 09:38:21.480,3.442,10000
2020-10-16 09:38:21.620,3.441,4000
2020-10-16 09:38:21.620,3.441,7000
2020-10-16 09:38:23.330,3.442,33132
2020-10-16 09:38:23.330,3.442,100
2020-10-16 09:38:24.470,3.442,5000
2020-10-16 09:38:24.470,3.442,61768
2020-10-16 09:38:27.070,3.441,12600
2020-10-16 09:38:27.120,3.441,800
2020-10-16 09:38:27.510,3.442,400
2020-10-16 09:38:27.510,3.442,6000
2020-10-16 09:38:27.950,3.442,3600
2020-10-16 09:38:27.950,3.442,1000
2020-10-16 09:38:29.210,3.442,3500
2020-10-16 09:38:29.820,3.442,295400
2020-10-16 09:38:29.870,3.442,300000
2020-10-16 09:38:31.700,3.442,10000
2020-10-16 09:38:32.590,3.442,10000
2020-10-16 09:38:32.800,3.442,2300
2020-10-16 09:38:34.950,3.442,3500
2020-10-16 09:38:34.950,3.442,400
2020-10-16 09:38:35.770,3.442,274900
2020-10-16 09:38:35.770,3.442,10100
2020-10-16 09:38:35.770,3.442,10000
2020-10-16 09:38:35.770,3.442,100
2020-10-16 09:38:39.700,3.442,300
2020-10-16 09:38:39.960,3.442,4400
2020-10-16 09:38:39.960,3.442,5600
2020-10-16 09:38:41.160,3.442,5000
2020-10-16 09:38:42.560,3.442,1500
2020-10-16 09:38:43.450,3.442,1600
2020-10-16 09:38:44.510,3.441,2000
2020-10-16 09:38:45.240,3.442,100
2020-10-16 09:38:45.630,3.441,1500
2020-10-16 09:38:46.100,3.441,3000
2020-10-16 09:38:47.400,3.442,2200
2020-10-16 09:38:47.400,3.442,100
2020-10-16 09:38:47.400,3.442,2700
2020-10-16 09:38:48.210,3.442,3900
2020-10-16 09:38:48.210,3.442,30000
2020-10-16 09:38:48.210,3.442,1000
2020-10-16 09:38:48.210,3.442,12900
2020-10-16 09:38:50.160,3.442,6800
2020-10-16 09:38:50.160,3.442,3200
2020-10-16 09:38:52.830,3.441,2000
2020-10-16 09:38:53.680,3.442,100
2020-10-16 09:38:54.550,3.442,1500
2020-10-16 09:38:54.740,3.442,200
2020-10-16 09:38:54.740,3.442,2000
2020-10-16 09:38:54.740,3.442,4400
2020-10-16 09:38:54.740,3.442,30000
2020-10-16 09:38:54.740,3.442,3000
2020-10-16 09:38:54.740,3.442,8300
2020-10-16 09:38:56.100,3.441,500
2020-10-16 09:38:57.480,3.441,100
2020-10-16 09:38:58.280,3.441,77500
2020-10-16 09:38:58.280,3.441,3000
2020-10-16 09:38:58.280,3.441,3000
2020-10-16 09:38:58.280,3.441,2000
2020-10-16 09:38:58.280,3.441,200
2020-10-16 09:38:58.280,3.441,33000
2020-10-16 09:38:58.630,3.441,1000
2020-10-16 09:39:00.840,3.441,10000
2020-10-16 09:39:00.840,3.441,40000
2020-10-16 09:39:00.840,3.441,10000
2020-10-16 09:39:00.840,3.441,30000
2020-10-16 09:39:00.840,3.441,40000
2020-10-16 09:39:02.680,3.44,50000
2020-10-16 09:39:03.820,3.441,40000
2020-10-16 09:39:04.630,3.441,10300
2020-10-16 09:39:05.000,3.441,1500
2020-10-16 09:39:08.340,3.441,4100
2020-10-16 09:39:09.450,3.442,40000
2020-10-16 09:39:09.450,3.442,21700
2020-10-16 09:39:09.450,3.442,3000
2020-10-16 09:39:09.450,3.442,10000
2020-10-16 09:39:09.450,3.442,1000
2020-10-16 09:39:09.450,3.442,4300
2020-10-16 09:39:09.450,3.442,6300
2020-10-16 09:39:09.450,3.442,3000
2020-10-16 09:39:09.450,3.442,70700
2020-10-16 09:39:09.450,3.442,41700
2020-10-16 09:39:09.450,3.442,38300
2020-10-16 09:39:10.370,3.441,5000
2020-10-16 09:39:10.450,3.442,5000
2020-10-16 09:39:10.450,3.442,4500
2020-10-16 09:39:11.370,3.442,1400
2020-10-16 09:39:11.930,3.443,500
2020-10-16 09:39:11.930,3.443,5600
2020-10-16 09:39:17.260,3.442,3000
2020-10-16 09:39:19.140,3.442,86100
2020-10-16 09:39:19.140,3.442,100000
2020-10-16 09:39:19.140,3.442,90000
2020-10-16 09:39:19.140,3.442,40000
2020-10-16 09:39:19.140,3.442,70000
2020-10-16 09:39:19.140,3.442,100000
2020-10-16 09:39:19.140,3.442,2400
2020-10-16 09:39:20.510,3.442,100000
2020-10-16 09:39:20.510,3.442,60000
2020-10-16 09:39:20.510,3.442,20000
2020-10-16 09:39:20.510,3.442,10000
2020-10-16 09:39:20.510,3.442,40000
2020-10-16 09:39:20.510,3.442,100000
2020-10-16 09:39:23.450,3.442,20000
2020-10-16 09:39:23.450,3.442,10000
2020-10-16 09:39:23.450,3.442,30000
2020-10-16 09:39:23.990,3.442,10000
2020-10-16 09:39:26.480,3.442,11500
2020-10-16 09:39:26.480,3.442,9000
2020-10-16 09:39:26.480,3.442,800
2020-10-16 09:39:26.480,3.442,18700
2020-10-16 09:39:26.480,3.442,40000
2020-10-16 09:39:26.890,3.442,1500
2020-10-16 09:39:28.920,3.442,1000
2020-10-16 09:39:29.520,3.442,40000
2020-10-16 09:39:29.520,3.442,40000
2020-10-16 09:39:29.520,3.442,20000
2020-10-16 09:39:29.520,3.442,20000
2020-10-16 09:39:29.550,3.441,3000
2020-10-16 09:39:30.020,3.442,20000
2020-10-16 09:39:30.020,3.442,5000
2020-10-16 09:39:30.510,3.441,50000
2020-10-16 09:39:31.600,3.442,93800
2020-10-16 09:39:31.600,3.442,7500
2020-10-16 09:39:31.600,3.442,100
2020-10-16 09:39:31.600,3.442,13000
2020-10-16 09:39:31.600,3.442,300000
2020-10-16 09:39:33.330,3.442,300000
2020-10-16 09:39:35.370,3.442,8000
2020-10-16 09:39:35.490,3.442,5000
2020-10-16 09:39:36.960,3.442,1000
2020-10-16 09:39:38.960,3.443,4400
2020-10-16 09:39:38.960,3.443,300
2020-10-16 09:39:38.960,3.443,1000
2020-10-16 09:39:38.960,3.443,20000
2020-10-16 09:39:38.960,3.443,30000
2020-10-16 09:39:38.960,3.443,400
2020-10-16 09:39:38.960,3.443,1400
2020-10-16 09:39:38.960,3.443,42500
2020-10-16 09:39:38.960,3.443,100000
2020-10-16 09:39:38.960,3.443,70000
2020-10-16 09:39:38.960,3.443,87500
2020-10-16 09:39:38.960,3.443,100
2020-10-16 09:39:38.960,3.443,1000
2020-10-16 09:39:38.960,3.443,11400
2020-10-16 09:39:38.960,3.443,88600
2020-10-16 09:39:38.960,3.443,2000
2020-10-16 09:39:38.960,3.443,9400
2020-10-16 09:39:38.960,3.443,40600
2020-10-16 09:39:38.960,3.443,20000
2020-10-16 09:39:38.960,3.443,700
2020-10-16 09:39:38.960,3.443,5000
2020-10-16 09:39:38.960,3.443,3700
2020-10-16 09:39:38.960,3.443,70000
2020-10-16 09:39:38.960,3.443,70000
2020-10-16 09:39:40.760,3.442,200
2020-10-16 09:39:41.070,3.443,10000
2020-10-16 09:39:41.520,3.443,49500
2020-10-16 09:39:41.520,3.443,10500
2020-10-16 09:39:41.520,3.443,60000
2020-10-16 09:39:47.960,3.444,4400
2020-10-16 09:39:47.960,3.444,1000
2020-10-16 09:39:47.960,3.444,3600
2020-10-16 09:39:47.960,3.444,900
2020-10-16 09:39:47.960,3.444,2000
2020-10-16 09:39:47.960,3.444,2000
2020-10-16 09:39:47.960,3.444,1000
2020-10-16 09:39:47.960,3.444,5100
2020-10-16 09:39:47.960,3.444,20000
2020-10-16 09:39:47.960,3.444,40000
2020-10-16 09:39:49.800,3.443,5000
2020-10-16 09:39:51.940,3.444,300
2020-10-16 09:39:52.880,3.443,300000
2020-10-16 09:39:54.380,3.443,100000
2020-10-16 09:39:54.380,3.443,5000
2020-10-16 09:39:54.380,3.443,1000
2020-10-16 09:39:54.680,3.443,3000
2020-10-16 09:39:56.120,3.443,1000
2020-10-16 09:39:56.250,3.442,7900
2020-10-16 09:39:58.340,3.443,1000
2020-10-16 09:39:58.340,3.443,2000
2020-10-16 09:39:58.340,3.444,39500
2020-10-16 09:39:58.360,3.444,7200
2020-10-16 09:40:00.570,3.443,1000
2020-10-16 09:40:03.220,3.444,100000
2020-10-16 09:40:03.220,3.444,80000
2020-10-16 09:40:03.220,3.444,200
2020-10-16 09:40:03.220,3.444,19800
2020-10-16 09:40:03.220,3.444,60000
2020-10-16 09:40:03.220,3.444,40000
2020-10-16 09:40:03.220,3.444,50000
2020-10-16 09:40:03.220,3.444,20000
2020-10-16 09:40:03.220,3.444,10200
2020-10-16 09:40:03.220,3.444,89800
2020-10-16 09:40:03.220,3.444,80000
2020-10-16 09:40:03.260,3.444,20000
2020-10-16 09:40:03.480,3.444,97588
2020-10-16 09:40:03.480,3.444,20000
2020-10-16 09:40:03.480,3.444,5000
2020-10-16 09:40:05.350,3.444,2000
2020-10-16 09:40:05.590,3.445,200
2020-10-16 09:40:05.590,3.445,4600
2020-10-16 09:40:05.590,3.445,10000
2020-10-16 09:40:05.590,3.445,5200
2020-10-16 09:40:06.170,3.445,4800
2020-10-16 09:40:06.170,3.445,34000
2020-10-16 09:40:06.170,3.445,5000
2020-10-16 09:40:06.170,3.445,2000
2020-10-16 09:40:06.170,3.445,1000
2020-10-16 09:40:06.170,3.445,5000
2020-10-16 09:40:06.170,3.445,100
2020-10-16 09:40:06.170,3.445,18100
2020-10-16 09:40:06.170,3.445,1900
2020-10-16 09:40:06.170,3.445,20000
2020-10-16 09:40:06.170,3.445,1600
2020-10-16 09:40:06.170,3.445,8800
2020-10-16 09:40:06.170,3.445,7700
2020-10-16 09:40:06.170,3.445,2300
2020-10-16 09:40:06.170,3.445,5000
2020-10-16 09:40:06.170,3.445,5400
2020-10-16 09:40:06.170,3.445,2000
2020-10-16 09:40:06.170,3.445,5400
2020-10-16 09:40:06.170,3.445,10000
2020-10-16 09:40:06.170,3.445,20000
2020-10-16 09:40:06.170,3.445,1200
2020-10-16 09:40:06.170,3.445,10000
2020-10-16 09:40:06.170,3.445,2000
2020-10-16 09:40:06.170,3.445,16100
2020-10-16 09:40:06.170,3.445,600
2020-10-16 09:40:06.170,3.445,4400
2020-10-16 09:40:06.170,3.445,67300
2020-10-16 09:40:06.170,3.445,10000
2020-10-16 09:40:06.170,3.445,500
2020-10-16 09:40:06.170,3.445,9100
2020-10-16 09:40:06.170,3.445,3000
2020-10-16 09:40:06.170,3.445,5700
2020-10-16 09:40:08.040,3.445,7500
2020-10-16 09:40:10.470,3.445,16800
2020-10-16 09:40:10.470,3.445,33200
2020-10-16 09:40:11.690,3.444,100
2020-10-16 09:40:12.200,3.445,10000
2020-10-16 09:40:14.240,3.445,6800
2020-10-16 09:40:14.240,3.445,3000
2020-10-16 09:40:14.240,3.445,20000
2020-10-16 09:40:14.240,3.445,70200
2020-10-16 09:40:15.260,3.445,30000
2020-10-16 09:40:15.260,3.445,30000
2020-10-16 09:40:15.930,3.444,6400
2020-10-16 09:40:16.060,3.444,10000
2020-10-16 09:40:16.690,3.444,1000
2020-10-16 09:40:18.040,3.445,30600
2020-10-16 09:40:18.140,3.445,100
2020-10-16 09:40:19.680,3.444,500
2020-10-16 09:40:19.680,3.444,14500
2020-10-16 09:40:20.090,3.445,100000
2020-10-16 09:40:20.460,3.444,285500
2020-10-16 09:40:20.460,3.444,10000
2020-10-16 09:40:22.010,3.444,1100
2020-10-16 09:40:23.470,3.444,100
2020-10-16 09:40:23.880,3.444,100000
2020-10-16 09:40:23.880,3.444,100000
2020-10-16 09:40:23.880,3.444,40000
2020-10-16 09:40:24.020,3.444,5000
2020-10-16 09:40:24.160,3.444,20000
2020-10-16 09:40:24.900,3.444,20000
2020-10-16 09:40:25.470,3.444,38300
2020-10-16 09:40:25.840,3.444,2000
2020-10-16 09:40:26.600,3.444,200
2020-10-16 09:40:27.840,3.444,500
2020-10-16 09:40:28.660,3.445,300
2020-10-16 09:40:31.690,3.444,10000
2020-10-16 09:40:32.380,3.444,1000
2020-10-16 09:40:33.940,3.444,500
2020-10-16 09:40:34.230,3.444,5000
2020-10-16 09:40:37.010,3.445,700
2020-10-16 09:40:38.080,3.445,2200
2020-10-16 09:40:39.080,3.444,1000
2020-10-16 09:40:40.080,3.445,35900
2020-10-16 09:40:40.080,3.445,10000
2020-10-16 09:40:40.080,3.445,98100
2020-10-16 09:40:42.640,3.445,6300
2020-10-16 09:40:42.640,3.445,2300
2020-10-16 09:40:42.640,3.445,6400
2020-10-16 09:40:42.640,3.445,2000
2020-10-16 09:40:42.700,3.444,3300
2020-10-16 09:40:42.940,3.445,1000
2020-10-16 09:40:42.940,3.445,5000
2020-10-16 09:40:42.940,3.445,1000
2020-10-16 09:40:42.940,3.445,3000
2020-10-16 09:40:42.940,3.445,600
2020-10-16 09:40:42.940,3.445,100
2020-10-16 09:40:42.940,3.445,30000
2020-10-16 09:40:42.940,3.445,59300
2020-10-16 09:40:42.940,3.445,100000
2020-10-16 09:40:42.940,3.445,40000
2020-10-16 09:40:42.940,3.445,100000
2020-10-16 09:40:42.940,3.445,700
2020-10-16 09:40:42.940,3.445,13000
2020-10-16 09:40:42.940,3.445,1300
2020-10-16 09:40:42.940,3.445,2400
2020-10-16 09:40:42.940,3.445,2000
2020-10-16 09:40:44.550,3.445,35000
2020-10-16 09:40:45.430,3.445,45600
2020-10-16 09:40:45.430,3.445,40000
2020-10-16 09:40:45.490,3.444,9000
2020-10-16 09:40:46.870,3.445,500
2020-10-16 09:40:48.660,3.444,600
2020-10-16 09:40:48.910,3.445,100000
2020-10-16 09:40:48.910,3.445,100000
2020-10-16 09:40:48.910,3.445,13900
2020-10-16 09:40:48.910,3.445,46100
2020-10-16 09:40:48.910,3.445,100000
2020-10-16 09:40:48.910,3.445,100000
2020-10-16 09:40:48.910,3.445,54100
2020-10-16 09:40:48.910,3.445,300
2020-10-16 09:40:48.910,3.445,1800
2020-10-16 09:40:48.910,3.445,3800
2020-10-16 09:40:49.200,3.444,10000
2020-10-16 09:40:49.260,3.445,100
2020-10-16 09:40:49.430,3.444,200
2020-10-16 09:40:50.820,3.445,1500
2020-10-16 09:40:50.840,3.445,2000
2020-10-16 09:40:50.840,3.445,800
2020-10-16 09:40:56.630,3.445,40000
2020-10-16 09:40:59.340,3.445,17200
2020-10-16 09:40:59.340,3.445,2800
2020-10-16 09:41:00.290,3.445,5000
2020-10-16 09:41:00.860,3.445,2600
2020-10-16 09:41:00.950,3.446,5000
2020-10-16 09:41:00.950,3.446,1000
2020-10-16 09:41:00.950,3.446,5000
2020-10-16 09:41:00.950,3.446,1600
2020-10-16 09:41:00.950,3.446,5000
2020-10-16 09:41:00.950,3.446,400
2020-10-16 09:41:00.950,3.446,30000
2020-10-16 09:41:00.950,3.446,22000
2020-10-16 09:41:00.950,3.446,70000
2020-10-16 09:41:01.220,3.446,10000
2020-10-16 09:41:02.810,3.445,1000
2020-10-16 09:41:02.960,3.446,100000
2020-10-16 09:41:02.960,3.446,40000
2020-10-16 09:41:02.960,3.446,100000
2020-10-16 09:41:02.960,3.446,40000
2020-10-16 09:41:02.960,3.446,100000
2020-10-16 09:41:02.960,3.446,100000
2020-10-16 09:41:02.980,3.446,80000
2020-10-16 09:41:02.980,3.446,100000
2020-10-16 09:41:02.980,3.446,20000
2020-10-16 09:41:02.980,3.446,100000
2020-10-16 09:41:02.980,3.446,100000
2020-10-16 09:41:02.980,3.446,10000
2020-10-16 09:41:02.980,3.446,8000
2020-10-16 09:41:02.980,3.446,300
2020-10-16 09:41:02.980,3.446,20000
2020-10-16 09:41:02.980,3.446,100
2020-10-16 09:41:02.980,3.446,5000
2020-10-16 09:41:02.980,3.446,100
2020-10-16 09:41:02.980,3.446,1500
2020-10-16 09:41:02.980,3.446,300
2020-10-16 09:41:02.980,3.446,30200
2020-10-16 09:41:02.980,3.446,10000
2020-10-16 09:41:02.980,3.446,24500
2020-10-16 09:41:02.980,3.445,20000
2020-10-16 09:41:03.250,3.446,53500
2020-10-16 09:41:05.480,3.446,2300
2020-10-16 09:41:05.600,3.446,5000
2020-10-16 09:41:05.900,3.446,20000
2020-10-16 09:41:05.950,3.445,100
2020-10-16 09:41:05.950,3.446,40000
2020-10-16 09:41:05.950,3.446,54700
2020-10-16 09:41:05.950,3.446,2300
2020-10-16 09:41:05.950,3.446,2000
2020-10-16 09:41:05.950,3.446,1500
2020-10-16 09:41:05.950,3.446,21000
2020-10-16 09:41:05.950,3.446,8500
2020-10-16 09:41:06.780,3.445,500
2020-10-16 09:41:07.850,3.445,500
2020-10-16 09:41:08.300,3.446,400
2020-10-16 09:41:08.520,3.446,4000
2020-10-16 09:41:09.170,3.445,27500
2020-10-16 09:41:09.170,3.445,1000
2020-10-16 09:41:09.170,3.445,7700
2020-10-16 09:41:09.170,3.445,263800
2020-10-16 09:41:09.810,3.445,200
2020-10-16 09:41:09.810,3.445,5000
2020-10-16 09:41:09.810,3.445,400
2020-10-16 09:41:11.900,3.445,30000
2020-10-16 09:41:11.900,3.445,30000
2020-10-16 09:41:14.380,3.445,2900
2020-10-16 09:41:16.300,3.445,500
2020-10-16 09:41:16.900,3.445,10000
2020-10-16 09:41:17.600,3.445,100
2020-10-16 09:41:17.710,3.445,5700
2020-10-16 09:41:18.040,3.445,800
2020-10-16 09:41:18.040,3.445,1000
2020-10-16 09:41:18.040,3.445,16000
2020-10-16 09:41:18.380,3.444,10000
2020-10-16 09:41:21.750,3.445,10000
2020-10-16 09:41:23.190,3.445,32400
2020-10-16 09:41:23.190,3.445,300100
2020-10-16 09:41:23.190,3.445,175900
2020-10-16 09:41:23.220,3.444,1500
2020-10-16 09:41:23.300,3.445,3500
2020-10-16 09:41:23.930,3.445,900
2020-10-16 09:41:24.940,3.444,1400
2020-10-16 09:41:24.940,3.444,2000
2020-10-16 09:41:24.940,3.444,300
2020-10-16 09:41:24.940,3.444,40200
2020-10-16 09:41:24.940,3.444,25000
2020-10-16 09:41:26.140,3.445,5000
2020-10-16 09:41:26.320,3.444,275000
2020-10-16 09:41:26.320,3.444,8700
2020-10-16 09:41:26.320,3.444,16300
2020-10-16 09:41:26.510,3.445,6600
2020-10-16 09:41:26.530,3.445,1000
2020-10-16 09:41:29.400,3.444,1000
2020-10-16 09:41:29.450,3.445,500
2020-10-16 09:41:29.830,3.445,2000
2020-10-16 09:41:30.600,3.444,9000
2020-10-16 09:41:30.600,3.444,10000
2020-10-16 09:41:30.600,3.444,6500
2020-10-16 09:41:31.980,3.444,100
2020-10-16 09:41:32.140,3.445,4600
2020-10-16 09:41:32.140,3.445,9000
2020-10-16 09:41:35.210,3.445,100
2020-10-16 09:41:35.470,3.445,300
2020-10-16 09:41:35.490,3.444,1100
2020-10-16 09:41:35.690,3.444,200
2020-10-16 09:41:37.140,3.444,17700
2020-10-16 09:41:37.880,3.445,400
2020-10-16 09:41:39.690,3.444,21000
2020-10-16 09:41:40.050,3.445,100
2020-10-16 09:41:42.820,3.444,3000
2020-10-16 09:41:42.980,3.445,5000
2020-10-16 09:41:43.270,3.444,2900
2020-10-16 09:41:44.780,3.444,100
2020-10-16 09:41:46.860,3.444,1000
2020-10-16 09:41:48.090,3.444,3000
2020-10-16 09:41:48.090,3.444,1600
2020-10-16 09:41:48.090,3.444,3600
2020-10-16 09:41:48.120,3.444,11800
2020-10-16 09:41:48.470,3.445,30000
2020-10-16 09:41:48.470,3.445,70000
2020-10-16 09:41:48.470,3.445,30000
2020-10-16 09:41:49.620,3.444,1000
2020-10-16 09:41:51.010,3.444,500
2020-10-16 09:41:51.030,3.445,500
2020-10-16 09:41:51.030,3.445,5000
2020-10-16 09:41:51.030,3.445,500
2020-10-16 09:41:51.030,3.445,2000
2020-10-16 09:41:51.030,3.445,2000
2020-10-16 09:41:51.950,3.445,500
2020-10-16 09:41:52.070,3.445,2000
2020-10-16 09:41:52.100,3.445,300
2020-10-16 09:41:53.760,3.445,500
2020-10-16 09:41:55.010,3.446,10000
2020-10-16 09:41:55.520,3.445,1100
2020-10-16 09:41:55.520,3.445,2900
2020-10-16 09:41:57.080,3.445,10000
2020-10-16 09:41:57.910,3.445,23300
2020-10-16 09:41:59.270,3.445,46800
2020-10-16 09:41:59.710,3.444,69000
2020-10-16 09:42:00.930,3.445,16600
2020-10-16 09:42:01.790,3.444,290700
2020-10-16 09:42:01.960,3.445,64500
2020-10-16 09:42:01.960,3.445,15500
2020-10-16 09:42:02.400,3.445,4500
2020-10-16 09:42:02.400,3.445,500
2020-10-16 09:42:03.280,3.445,9300
2020-10-16 09:42:03.500,3.445,226700
2020-10-16 09:42:03.500,3.445,331400
2020-10-16 09:42:05.510,3.445,10000
2020-10-16 09:42:07.750,3.446,2100
2020-10-16 09:42:08.020,3.445,50000
2020-10-16 09:42:09.900,3.445,282000
2020-10-16 09:42:09.900,3.445,3700
2020-10-16 09:42:09.900,3.445,14300
2020-10-16 09:42:09.960,3.446,4400
2020-10-16 09:42:10.010,3.445,14600
2020-10-16 09:42:10.060,3.446,600
2020-10-16 09:42:10.060,3.446,800
2020-10-16 09:42:10.880,3.445,5000
2020-10-16 09:42:10.960,3.445,17900
2020-10-16 09:42:12.870,3.446,13300
2020-10-16 09:42:13.320,3.445,2500
2020-10-16 09:42:13.590,3.445,10000
2020-10-16 09:42:14.080,3.445,22800
2020-10-16 09:42:15.760,3.445,10000
2020-10-16 09:42:16.190,3.446,5900
2020-10-16 09:42:16.190,3.446,400
2020-10-16 09:42:16.190,3.446,500
2020-10-16 09:42:16.190,3.446,1000
2020-10-16 09:42:16.190,3.446,1000
2020-10-16 09:42:16.190,3.446,2000
2020-10-16 09:42:16.190,3.446,20000
2020-10-16 09:42:16.190,3.446,10000
2020-10-16 09:42:16.190,3.446,6400
2020-10-16 09:42:16.190,3.446,2500
2020-10-16 09:42:16.190,3.446,5000
2020-10-16 09:42:16.190,3.446,10000
2020-10-16 09:42:16.190,3.446,25000
2020-10-16 09:42:16.190,3.446,17300
2020-10-16 09:42:16.190,3.446,500
2020-10-16 09:42:16.190,3.446,1000
2020-10-16 09:42:16.190,3.446,10000
2020-10-16 09:42:16.190,3.446,61600
2020-10-16 09:42:16.190,3.446,26800
2020-10-16 09:42:16.470,3.445,802900
2020-10-16 09:42:16.470,3.445,10000
2020-10-16 09:42:16.470,3.445,100
2020-10-16 09:42:16.470,3.445,900
2020-10-16 09:42:16.660,3.446,14100
2020-10-16 09:42:16.690,3.446,30000
2020-10-16 09:42:16.750,3.446,14000
2020-10-16 09:42:17.480,3.445,3000
2020-10-16 09:42:18.580,3.446,10000
2020-10-16 09:42:20.110,3.445,5000
2020-10-16 09:42:21.350,3.445,11100
2020-10-16 09:42:21.350,3.445,288900
2020-10-16 09:42:21.500,3.446,6000
2020-10-16 09:42:21.750,3.445,300000
2020-10-16 09:42:22.730,3.445,1000
2020-10-16 09:42:22.730,3.446,500
2020-10-16 09:42:23.100,3.445,5300
2020-10-16 09:42:23.100,3.445,2000
2020-10-16 09:42:23.100,3.445,10000
2020-10-16 09:42:23.100,3.445,2700
2020-10-16 09:42:23.810,3.445,300
2020-10-16 09:42:23.890,3.445,11700
2020-10-16 09:42:24.150,3.445,2000
2020-10-16 09:42:26.540,3.445,500
2020-10-16 09:42:27.340,3.445,200
2020-10-16 09:42:31.960,3.445,2000
2020-10-16 09:42:31.980,3.445,3600
2020-10-16 09:42:31.980,3.445,6400
2020-10-16 09:42:31.980,3.445,10000
2020-10-16 09:42:32.160,3.445,50000
2020-10-16 09:42:32.980,3.445,300
2020-10-16 09:42:33.800,3.445,1400
2020-10-16 09:42:34.390,3.444,300000
2020-10-16 09:42:35.310,3.445,2000
2020-10-16 09:42:36.480,3.444,30000
2020-10-16 09:42:36.590,3.445,900
2020-10-16 09:42:36.670,3.445,11000
2020-10-16 09:42:39.580,3.445,3000
2020-10-16 09:42:40.660,3.444,10000
2020-10-16 09:42:40.840,3.445,3000
2020-10-16 09:42:41.710,3.445,10700
2020-10-16 09:42:42.660,3.444,10000
2020-10-16 09:42:42.790,3.445,600
2020-10-16 09:42:43.700,3.445,7000
2020-10-16 09:42:45.230,3.445,1000
2020-10-16 09:42:45.650,3.445,8400
2020-10-16 09:42:46.660,3.444,100
2020-10-16 09:42:46.740,3.444,10000
2020-10-16 09:42:47.540,3.444,12000
2020-10-16 09:42:47.570,3.444,5000
2020-10-16 09:42:49.140,3.444,1000
2020-10-16 09:42:50.720,3.444,500
2020-10-16 09:42:52.750,3.444,300
2020-10-16 09:42:52.750,3.444,300
2020-10-16 09:42:52.750,3.444,10000
2020-10-16 09:42:52.750,3.444,600
2020-10-16 09:42:52.750,3.444,48800
2020-10-16 09:42:52.930,3.445,3000
2020-10-16 09:42:53.300,3.445,148400
2020-10-16 09:42:53.350,3.444,7000
2020-10-16 09:42:57.250,3.444,17000
2020-10-16 09:42:58.850,3.445,1000
2020-10-16 09:42:59.230,3.444,45000
2020-10-16 09:42:59.850,3.444,10000
2020-10-16 09:43:01.990,3.445,1400
2020-10-16 09:43:02.850,3.445,5000
2020-10-16 09:43:03.060,3.444,182200
2020-10-16 09:43:03.060,3.444,300000
2020-10-16 09:43:03.060,3.444,500
2020-10-16 09:43:03.060,3.444,2200
2020-10-16 09:43:03.060,3.444,100
2020-10-16 09:43:03.060,3.444,200
2020-10-16 09:43:03.060,3.444,14800
2020-10-16 09:43:03.940,3.445,10000
2020-10-16 09:43:03.940,3.445,10000
2020-10-16 09:43:04.190,3.445,5000
2020-10-16 09:43:05.390,3.445,500
2020-10-16 09:43:05.390,3.445,5400
2020-10-16 09:43:05.810,3.445,200
2020-10-16 09:43:06.560,3.445,3000
2020-10-16 09:43:06.840,3.444,500
2020-10-16 09:43:07.800,3.444,6000
2020-10-16 09:43:07.970,3.445,10000
2020-10-16 09:43:08.030,3.445,100000
2020-10-16 09:43:08.030,3.445,10000
2020-10-16 09:43:08.030,3.445,100000
2020-10-16 09:43:08.030,3.445,71400
2020-10-16 09:43:08.030,3.445,1500
2020-10-16 09:43:08.030,3.445,27100
2020-10-16 09:43:08.030,3.445,100000
2020-10-16 09:43:08.030,3.445,100000
2020-10-16 09:43:08.030,3.445,70000
2020-10-16 09:43:08.030,3.445,2900
2020-10-16 09:43:08.030,3.445,10000
2020-10-16 09:43:08.030,3.445,10000
2020-10-16 09:43:08.030,3.445,77100
2020-10-16 09:43:08.030,3.445,100000
2020-10-16 09:43:08.290,3.445,100
2020-10-16 09:43:08.810,3.445,10000
2020-10-16 09:43:08.870,3.445,112800
2020-10-16 09:43:08.870,3.445,10000
2020-10-16 09:43:08.870,3.445,400
2020-10-16 09:43:08.870,3.445,600
2020-10-16 09:43:08.870,3.445,2000
2020-10-16 09:43:08.870,3.445,1200
2020-10-16 09:43:08.870,3.445,500
2020-10-16 09:43:08.870,3.445,500
2020-10-16 09:43:08.870,3.445,20500
2020-10-16 09:43:08.870,3.445,3000
2020-10-16 09:43:08.870,3.445,5000
2020-10-16 09:43:08.870,3.445,2300
2020-10-16 09:43:08.870,3.445,33500
2020-10-16 09:43:08.870,3.445,1000
2020-10-16 09:43:08.870,3.445,25100
2020-10-16 09:43:09.390,3.444,500
2020-10-16 09:43:09.390,3.445,36600
2020-10-16 09:43:09.390,3.445,3400
2020-10-16 09:43:09.680,3.445,6600
2020-10-16 09:43:09.680,3.445,5900
2020-10-16 09:43:10.790,3.445,500
2020-10-16 09:43:12.990,3.445,2100
2020-10-16 09:43:12.990,3.444,7200
2020-10-16 09:43:13.270,3.444,21000
2020-10-16 09:43:13.270,3.444,8300
2020-10-16 09:43:16.620,3.444,21700
2020-10-16 09:43:16.620,3.444,478300
2020-10-16 09:43:17.890,3.444,700
2020-10-16 09:43:19.940,3.445,2000
2020-10-16 09:43:19.940,3.445,200
2020-10-16 09:43:19.940,3.445,500
2020-10-16 09:43:19.940,3.445,1000
2020-10-16 09:43:19.940,3.445,66300
2020-10-16 09:43:19.940,3.445,70000
2020-10-16 09:43:22.220,3.445,2300
2020-10-16 09:43:23.220,3.444,20000
2020-10-16 09:43:23.380,3.445,300
2020-10-16 09:43:25.120,3.444,30000
2020-10-16 09:43:25.400,3.444,300
2020-10-16 09:43:25.750,3.444,100
2020-10-16 09:43:26.220,3.444,4000
2020-10-16 09:43:26.910,3.445,1700
2020-10-16 09:43:27.790,3.445,100
2020-10-16 09:43:28.790,3.445,10000
2020-10-16 09:43:30.610,3.444,9500
2020-10-16 09:43:30.640,3.444,70000
2020-10-16 09:43:30.640,3.444,70000
2020-10-16 09:43:30.980,3.445,30000
2020-10-16 09:43:31.610,3.445,68400
2020-10-16 09:43:33.400,3.444,3000
2020-10-16 09:43:34.160,3.445,51100
2020-10-16 09:43:34.160,3.445,5000
2020-10-16 09:43:34.160,3.445,25200
2020-10-16 09:43:34.160,3.445,300000
2020-10-16 09:43:34.160,3.445,300000
2020-10-16 09:43:34.160,3.445,800
2020-10-16 09:43:34.160,3.445,2000
2020-10-16 09:43:34.160,3.445,1000
2020-10-16 09:43:34.160,3.445,214900
2020-10-16 09:43:36.540,3.444,3000
2020-10-16 09:43:37.600,3.445,1400
2020-10-16 09:43:38.300,3.444,500
2020-10-16 09:43:39.490,3.444,2000
2020-10-16 09:43:41.690,3.445,83800
2020-10-16 09:43:41.690,3.445,200
2020-10-16 09:43:41.690,3.445,13800
2020-10-16 09:43:41.690,3.445,2800
2020-10-16 09:43:41.690,3.445,4000
2020-10-16 09:43:41.690,3.445,3500
2020-10-16 09:43:41.690,3.445,9100
2020-10-16 09:43:41.690,3.445,200
2020-10-16 09:43:41.690,3.445,100
2020-10-16 09:43:41.690,3.445,782500
2020-10-16 09:43:42.550,3.445,300
2020-10-16 09:43:42.870,3.445,14500
2020-10-16 09:43:43.890,3.444,500
2020-10-16 09:43:44.280,3.445,100000
2020-10-16 09:43:46.710,3.445,2700
2020-10-16 09:43:46.710,3.445,97300
2020-10-16 09:43:46.820,3.445,500
2020-10-16 09:43:47.540,3.445,300000
2020-10-16 09:43:47.540,3.445,200
2020-10-16 09:43:47.760,3.446,20500
2020-10-16 09:43:47.850,3.445,100
2020-10-16 09:43:50.840,3.446,178100
2020-10-16 09:43:50.840,3.446,19400
2020-10-16 09:43:50.840,3.446,2000
2020-10-16 09:43:50.840,3.446,2500
2020-10-16 09:43:50.840,3.446,5000
2020-10-16 09:43:50.840,3.446,5000
2020-10-16 09:43:50.840,3.446,2300
2020-10-16 09:43:50.840,3.446,300000
2020-10-16 09:43:50.840,3.446,500
2020-10-16 09:43:50.840,3.446,12000
2020-10-16 09:43:50.840,3.446,100
2020-10-16 09:43:50.840,3.446,50000
2020-10-16 09:43:50.840,3.446,1000
2020-10-16 09:43:50.840,3.446,51200
2020-10-16 09:43:50.840,3.446,15000
2020-10-16 09:43:50.840,3.446,1300
2020-10-16 09:43:50.840,3.446,5000
2020-10-16 09:43:50.840,3.446,5000
2020-10-16 09:43:50.840,3.446,1500
2020-10-16 09:43:50.840,3.446,700
2020-10-16 09:43:50.840,3.446,100
2020-10-16 09:43:50.840,3.446,40000
2020-10-16 09:43:50.840,3.446,3000
2020-10-16 09:43:50.840,3.446,2000
2020-10-16 09:43:50.840,3.446,300
2020-10-16 09:43:50.840,3.446,5000
2020-10-16 09:43:51.040,3.446,2000
2020-10-16 09:43:52.390,3.446,10000
2020-10-16 09:43:52.860,3.446,2900
2020-10-16 09:43:53.390,3.446,5000
2020-10-16 09:43:53.950,3.446,1000
2020-10-16 09:43:54.150,3.446,40000
2020-10-16 09:43:54.660,3.446,131100
2020-10-16 09:43:54.790,3.445,2000
2020-10-16 09:44:01.110,3.446,4000
2020-10-16 09:44:01.600,3.446,8300
2020-10-16 09:44:01.690,3.446,156600
2020-10-16 09:44:01.690,3.446,300000
2020-10-16 09:44:01.690,3.446,43400
2020-10-16 09:44:04.560,3.445,5000
2020-10-16 09:44:05.180,3.446,256600
2020-10-16 09:44:05.180,3.446,2800
2020-10-16 09:44:05.180,3.446,40000
2020-10-16 09:44:05.180,3.446,300000
2020-10-16 09:44:05.180,3.446,57800
2020-10-16 09:44:05.360,3.446,42800
2020-10-16 09:44:06.030,3.446,11500
2020-10-16 09:44:06.600,3.446,400
2020-10-16 09:44:07.500,3.445,18800
2020-10-16 09:44:09.600,3.446,1100
2020-10-16 09:44:09.890,3.445,4300
2020-10-16 09:44:10.060,3.445,73200
2020-10-16 09:44:10.420,3.445,12800
2020-10-16 09:44:11.500,3.446,3200
2020-10-16 09:44:12.070,3.446,13000
2020-10-16 09:44:12.910,3.446,68200
2020-10-16 09:44:13.060,3.446,4300
2020-10-16 09:44:13.530,3.446,15000
2020-10-16 09:44:13.530,3.446,11000
2020-10-16 09:44:15.570,3.446,6900
2020-10-16 09:44:15.700,3.446,200
2020-10-16 09:44:16.380,3.446,1600
2020-10-16 09:44:17.030,3.446,20800
2020-10-16 09:44:17.030,3.446,40000
2020-10-16 09:44:17.030,3.446,100
2020-10-16 09:44:17.030,3.446,5000
2020-10-16 09:44:17.030,3.446,1000
2020-10-16 09:44:19.520,3.446,500
2020-10-16 09:44:19.520,3.446,1700
2020-10-16 09:44:19.640,3.446,40000
2020-10-16 09:44:20.660,3.446,300000
2020-10-16 09:44:20.660,3.446,300000
2020-10-16 09:44:20.910,3.446,190900
2020-10-16 09:44:20.910,3.446,65500
2020-10-16 09:44:20.910,3.446,18200
2020-10-16 09:44:20.910,3.446,2000
2020-10-16 09:44:20.910,3.446,16300
2020-10-16 09:44:21.220,3.446,500
2020-10-16 09:44:21.420,3.445,8000
2020-10-16 09:44:23.200,3.445,24000
2020-10-16 09:44:23.520,3.446,6600
2020-10-16 09:44:23.520,3.446,30000
2020-10-16 09:44:23.520,3.446,300000
2020-10-16 09:44:23.520,3.446,300000
2020-10-16 09:44:23.520,3.446,40000
2020-10-16 09:44:23.520,3.446,213400
2020-10-16 09:44:23.770,3.445,10000
2020-10-16 09:44:24.040,3.446,3000
2020-10-16 09:44:24.180,3.445,8500
2020-10-16 09:44:24.590,3.446,16300
2020-10-16 09:44:27.120,3.446,15500
2020-10-16 09:44:28.560,3.446,6700
2020-10-16 09:44:31.020,3.445,40000
2020-10-16 09:44:32.570,3.445,50000
2020-10-16 09:44:32.950,3.445,300000
2020-10-16 09:44:33.080,3.446,6200
2020-10-16 09:44:33.580,3.445,7000
2020-10-16 09:44:33.620,3.445,36100
2020-10-16 09:44:33.620,3.445,3900
2020-10-16 09:44:35.120,3.446,1300
2020-10-16 09:44:35.770,3.445,2000
2020-10-16 09:44:36.190,3.446,34000
2020-10-16 09:44:37.230,3.445,40000
2020-10-16 09:44:37.600,3.446,2600
2020-10-16 09:44:38.350,3.446,800
2020-10-16 09:44:38.350,3.446,3200
2020-10-16 09:44:38.850,3.445,100
2020-10-16 09:44:39.400,3.445,300
2020-10-16 09:44:39.560,3.445,1800
2020-10-16 09:44:39.970,3.445,5000
2020-10-16 09:44:40.060,3.445,40000
2020-10-16 09:44:41.950,3.445,8000
2020-10-16 09:44:42.550,3.445,40000
2020-10-16 09:44:43.320,3.445,5100
2020-10-16 09:44:43.540,3.446,2100
2020-10-16 09:44:43.650,3.445,8000
2020-10-16 09:44:43.730,3.445,145800
2020-10-16 09:44:43.730,3.445,2000
2020-10-16 09:44:43.730,3.445,300
2020-10-16 09:44:43.730,3.445,20000
2020-10-16 09:44:43.730,3.445,8700
2020-10-16 09:44:43.730,3.445,100
2020-10-16 09:44:43.730,3.445,100
2020-10-16 09:44:43.730,3.445,600
2020-10-16 09:44:43.730,3.445,2900
2020-10-16 09:44:43.730,3.445,2000
2020-10-16 09:44:47.990,3.445,5000
2020-10-16 09:44:48.070,3.445,300
2020-10-16 09:44:51.520,3.445,14600
2020-10-16 09:44:51.660,3.445,10100
2020-10-16 09:44:51.660,3.445,10100
2020-10-16 09:44:52.800,3.445,2000
2020-10-16 09:44:53.160,3.445,27900
2020-10-16 09:44:53.160,3.445,17500
2020-10-16 09:44:54.200,3.445,2500
2020-10-16 09:44:54.200,3.445,30000
2020-10-16 09:44:54.200,3.445,200
2020-10-16 09:44:54.200,3.445,2000
2020-10-16 09:44:54.200,3.445,57100
2020-10-16 09:44:54.200,3.445,8200
2020-10-16 09:44:54.430,3.445,100
2020-10-16 09:44:57.340,3.445,15000
2020-10-16 09:44:58.350,3.445,16700
2020-10-16 09:44:58.350,3.445,100
2020-10-16 09:44:58.350,3.445,29100
2020-10-16 09:44:58.660,3.445,900
2020-10-16 09:44:58.660,3.445,400
2020-10-16 09:44:58.660,3.445,1000
2020-10-16 09:44:58.690,3.445,10000
2020-10-16 09:45:00.980,3.445,5000
2020-10-16 09:45:02.220,3.444,3000
2020-10-16 09:45:03.210,3.445,24000
2020-10-16 09:45:03.210,3.445,200
2020-10-16 09:45:03.210,3.445,23400
2020-10-16 09:45:03.450,3.445,500
2020-10-16 09:45:07.200,3.444,500
2020-10-16 09:45:07.980,3.445,6100
2020-10-16 09:45:07.980,3.445,10000
2020-10-16 09:45:07.980,3.445,300
2020-10-16 09:45:07.980,3.445,1900
2020-10-16 09:45:07.980,3.445,200
2020-10-16 09:45:07.980,3.446,34700
2020-10-16 09:45:07.980,3.446,5000
2020-10-16 09:45:07.980,3.446,30000
2020-10-16 09:45:07.980,3.446,20000
2020-10-16 09:45:07.980,3.446,30000
2020-10-16 09:45:07.980,3.446,50000
2020-10-16 09:45:07.980,3.446,100000
2020-10-16 09:45:07.980,3.446,301100
2020-10-16 09:45:07.980,3.446,10700
2020-10-16 09:45:08.800,3.444,100
2020-10-16 09:45:09.880,3.445,100
2020-10-16 09:45:10.950,3.445,400
2020-10-16 09:45:10.950,3.445,1200
2020-10-16 09:45:11.260,3.445,10000
2020-10-16 09:45:14.860,3.444,2400
2020-10-16 09:45:14.860,3.444,16400
2020-10-16 09:45:14.860,3.444,500
2020-10-16 09:45:14.860,3.444,10000
2020-10-16 09:45:14.860,3.444,10000
2020-10-16 09:45:14.860,3.444,500
2020-10-16 09:45:14.860,3.444,10000
2020-10-16 09:45:14.860,3.444,5000
2020-10-16 09:45:14.860,3.444,245200
2020-10-16 09:45:15.810,3.445,100
2020-10-16 09:45:16.060,3.444,500
2020-10-16 09:45:19.350,3.445,100
2020-10-16 09:45:19.350,3.444,100
2020-10-16 09:45:19.760,3.444,54300
2020-10-16 09:45:19.760,3.444,62700
2020-10-16 09:45:20.080,3.444,2000
2020-10-16 09:45:20.240,3.445,4000
2020-10-16 09:45:20.840,3.444,26800
2020-10-16 09:45:21.100,3.444,134600
2020-10-16 09:45:22.560,3.444,47500
2020-10-16 09:45:23.460,3.444,4000
2020-10-16 09:45:26.600,3.444,17000
2020-10-16 09:45:27.770,3.443,3000
2020-10-16 09:45:27.770,3.443,30000
2020-10-16 09:45:27.770,3.443,30000
2020-10-16 09:45:27.770,3.443,200
2020-10-16 09:45:27.770,3.443,400
2020-10-16 09:45:27.770,3.443,10000
2020-10-16 09:45:27.770,3.443,20000
2020-10-16 09:45:27.770,3.443,1000
2020-10-16 09:45:30.080,3.443,1100
2020-10-16 09:45:31.640,3.442,600
2020-10-16 09:45:33.170,3.443,25000
2020-10-16 09:45:33.300,3.442,188600
2020-10-16 09:45:33.300,3.442,5000
2020-10-16 09:45:33.300,3.442,100
2020-10-16 09:45:33.300,3.442,2000
2020-10-16 09:45:33.300,3.442,4300
2020-10-16 09:45:33.330,3.442,7000
2020-10-16 09:45:33.780,3.442,288700
2020-10-16 09:45:33.780,3.442,10000
2020-10-16 09:45:33.780,3.442,1300
2020-10-16 09:45:33.960,3.442,8700
2020-10-16 09:45:33.960,3.442,3000
2020-10-16 09:45:33.960,3.442,3000
2020-10-16 09:45:34.370,3.441,2000
2020-10-16 09:45:34.370,3.441,150000
2020-10-16 09:45:34.370,3.441,1000
2020-10-16 09:45:34.370,3.441,93000
2020-10-16 09:45:34.430,3.44,10000
2020-10-16 09:45:34.430,3.44,500
2020-10-16 09:45:34.430,3.44,800
2020-10-16 09:45:34.430,3.44,100
2020-10-16 09:45:34.430,3.44,1000
2020-10-16 09:45:34.430,3.44,6500
2020-10-16 09:45:35.460,3.441,1000
2020-10-16 09:45:36.680,3.441,800
2020-10-16 09:45:37.160,3.44,500
2020-10-16 09:45:37.160,3.44,3000
2020-10-16 09:45:37.160,3.44,500
2020-10-16 09:45:38.040,3.441,30000
2020-10-16 09:45:38.300,3.441,800
2020-10-16 09:45:41.970,3.44,3900
2020-10-16 09:45:41.970,3.44,3000
2020-10-16 09:45:41.970,3.44,10000
2020-10-16 09:45:41.970,3.44,300
2020-10-16 09:45:41.970,3.44,2800
2020-10-16 09:45:42.310,3.44,2100
2020-10-16 09:45:44.340,3.441,1300
2020-10-16 09:45:44.360,3.441,1000
2020-10-16 09:45:45.590,3.44,100
2020-10-16 09:45:45.590,3.44,42200
2020-10-16 09:45:45.590,3.44,200
2020-10-16 09:45:45.590,3.44,10000
2020-10-16 09:45:45.590,3.44,4600
2020-10-16 09:45:45.590,3.44,85400
2020-10-16 09:45:45.590,3.44,300
2020-10-16 09:45:45.590,3.44,900
2020-10-16 09:45:45.590,3.44,3000
2020-10-16 09:45:45.590,3.44,2000
2020-10-16 09:45:45.590,3.439,44900
2020-10-16 09:45:45.590,3.439,127800
2020-10-16 09:45:46.240,3.439,900
2020-10-16 09:45:48.210,3.44,800
2020-10-16 09:45:48.880,3.44,2900
2020-10-16 09:45:50.840,3.439,100
2020-10-16 09:45:53.060,3.44,26300
2020-10-16 09:45:53.060,3.44,12200
2020-10-16 09:45:53.060,3.44,1000
2020-10-16 09:45:53.060,3.44,200
2020-10-16 09:45:53.650,3.44,1000
2020-10-16 09:45:55.320,3.44,200
2020-10-16 09:45:56.510,3.441,600
2020-10-16 09:45:58.580,3.44,200
2020-10-16 09:45:58.580,3.44,3000
2020-10-16 09:45:58.580,3.44,5000
2020-10-16 09:45:58.580,3.439,6400
2020-10-16 09:45:58.630,3.439,3200
2020-10-16 09:45:58.860,3.439,2000
2020-10-16 09:46:02.660,3.439,1200
2020-10-16 09:46:03.440,3.439,158400
2020-10-16 09:46:03.440,3.439,5000
2020-10-16 09:46:03.440,3.439,7000
2020-10-16 09:46:03.440,3.439,300
2020-10-16 09:46:03.440,3.439,500
2020-10-16 09:46:03.440,3.439,1000
2020-10-16 09:46:03.440,3.439,100
2020-10-16 09:46:03.440,3.439,127700
2020-10-16 09:46:04.450,3.439,3000
2020-10-16 09:46:05.190,3.439,100
2020-10-16 09:46:08.040,3.44,600
2020-10-16 09:46:08.860,3.44,300
2020-10-16 09:46:09.350,3.44,2800
2020-10-16 09:46:09.350,3.44,12200
2020-10-16 09:46:09.850,3.44,11400
2020-10-16 09:46:10.280,3.44,29000
2020-10-16 09:46:10.770,3.44,145300
2020-10-16 09:46:12.720,3.44,100
2020-10-16 09:46:14.880,3.439,169200
2020-10-16 09:46:14.880,3.439,300
2020-10-16 09:46:14.880,3.439,5000
2020-10-16 09:46:14.880,3.439,600
2020-10-16 09:46:15.190,3.439,2000
2020-10-16 09:46:15.840,3.439,16700
2020-10-16 09:46:16.150,3.439,1200
2020-10-16 09:46:17.040,3.439,3200
2020-10-16 09:46:18.940,3.439,5800
2020-10-16 09:46:19.830,3.439,35000
2020-10-16 09:46:19.830,3.439,23100
2020-10-16 09:46:20.160,3.438,100
2020-10-16 09:46:20.160,3.438,500
2020-10-16 09:46:20.160,3.438,5700
2020-10-16 09:46:20.160,3.438,100
2020-10-16 09:46:20.160,3.438,5000
2020-10-16 09:46:20.160,3.438,200
2020-10-16 09:46:20.160,3.438,1600
2020-10-16 09:46:20.160,3.438,7000
2020-10-16 09:46:20.160,3.438,10500
2020-10-16 09:46:20.160,3.438,1100
2020-10-16 09:46:20.160,3.438,1000
2020-10-16 09:46:20.160,3.438,2000
2020-10-16 09:46:20.160,3.438,20000
2020-10-16 09:46:20.160,3.438,10000
2020-10-16 09:46:20.160,3.438,30000
2020-10-16 09:46:20.160,3.437,202900
2020-10-16 09:46:20.190,3.439,37900
2020-10-16 09:46:20.190,3.439,2000
2020-10-16 09:46:20.190,3.439,220100
2020-10-16 09:46:23.480,3.439,400
2020-10-16 09:46:23.730,3.438,300000
2020-10-16 09:46:24.930,3.438,50000
