Datetime,Price,Volume
2020-10-16 09:25:00.650,4.864,2200
2020-10-16 09:25:00.650,4.864,2500
2020-10-16 09:25:00.650,4.864,2300
2020-10-16 09:25:00.650,4.864,200
2020-10-16 09:25:00.650,4.864,4500
2020-10-16 09:25:00.650,4.864,500
2020-10-16 09:25:00.650,4.864,2200
2020-10-16 09:25:00.650,4.864,600
2020-10-16 09:25:00.650,4.864,900
2020-10-16 09:25:00.650,4.864,400
2020-10-16 09:25:00.650,4.864,6800
2020-10-16 09:25:00.650,4.864,43100
2020-10-16 09:25:00.650,4.864,7000
2020-10-16 09:25:00.650,4.864,3300
2020-10-16 09:25:00.650,4.864,6400
2020-10-16 09:25:00.650,4.864,33600
2020-10-16 09:25:00.650,4.864,60400
2020-10-16 09:25:00.650,4.864,39600
2020-10-16 09:25:00.650,4.864,500
2020-10-16 09:25:00.650,4.864,1100
2020-10-16 09:25:00.650,4.864,46100
2020-10-16 09:25:00.650,4.864,1000
2020-10-16 09:25:00.650,4.864,16100
2020-10-16 09:25:00.650,4.864,5000
2020-10-16 09:25:00.650,4.864,210000
2020-10-16 09:25:00.650,4.864,70000
2020-10-16 09:25:00.650,4.864,5000
2020-10-16 09:25:00.650,4.864,120000
2020-10-16 09:25:00.650,4.864,22700
2020-10-16 09:25:00.650,4.864,50000
2020-10-16 09:25:00.650,4.864,5000
2020-10-16 09:25:00.650,4.864,18000
2020-10-16 09:25:00.650,4.864,6200
2020-10-16 09:25:00.650,4.864,220500
2020-10-16 09:25:00.650,4.864,400
2020-10-16 09:25:00.650,4.864,20500
2020-10-16 09:25:00.650,4.864,8100
2020-10-16 09:25:00.650,4.864,10800
2020-10-16 09:25:00.650,4.864,61600
2020-10-16 09:25:00.650,4.864,400
2020-10-16 09:25:00.650,4.864,33400
2020-10-16 09:25:00.650,4.864,10000
2020-10-16 09:25:00.650,4.864,200
2020-10-16 09:25:00.650,4.864,4600
2020-10-16 09:25:00.650,4.864,1500
2020-10-16 09:25:00.650,4.864,500
2020-10-16 09:25:00.650,4.864,8000
2020-10-16 09:25:00.650,4.864,4200
2020-10-16 09:25:00.650,4.864,5000
2020-10-16 09:25:00.650,4.864,1800
2020-10-16 09:25:00.650,4.864,10000
2020-10-16 09:25:00.650,4.864,6000
2020-10-16 09:25:00.650,4.864,400
2020-10-16 09:25:00.650,4.864,1000
2020-10-16 09:25:00.650,4.864,100
2020-10-16 09:25:00.650,4.864,200000
2020-10-16 09:25:00.650,4.864,300
2020-10-16 09:25:00.650,4.864,100
2020-10-16 09:25:00.650,4.864,1700
2020-10-16 09:25:00.650,4.864,9000
2020-10-16 09:25:00.650,4.864,12000
2020-10-16 09:25:00.650,4.864,1800
2020-10-16 09:25:00.650,4.864,200
2020-10-16 09:25:00.650,4.864,7800
2020-10-16 09:25:00.650,4.864,100
2020-10-16 09:25:00.650,4.864,5000
2020-10-16 09:25:00.650,4.864,3000
2020-10-16 09:25:00.650,4.864,5000
2020-10-16 09:25:00.650,4.864,2000
2020-10-16 09:25:00.650,4.864,200
2020-10-16 09:25:00.650,4.864,200
2020-10-16 09:25:00.650,4.864,1000
2020-10-16 09:25:00.650,4.864,200
2020-10-16 09:25:00.650,4.864,1000
2020-10-16 09:25:00.650,4.864,100
2020-10-16 09:25:00.650,4.864,400
2020-10-16 09:25:00.650,4.864,100
2020-10-16 09:25:00.650,4.864,200
2020-10-16 09:25:00.650,4.864,6000
2020-10-16 09:25:00.650,4.864,3000
2020-10-16 09:25:00.650,4.864,100
2020-10-16 09:25:00.650,4.864,100
2020-10-16 09:25:00.650,4.864,200
2020-10-16 09:25:00.650,4.864,500
2020-10-16 09:25:00.650,4.864,500
2020-10-16 09:25:00.650,4.864,100
2020-10-16 09:25:00.650,4.864,100
2020-10-16 09:25:00.650,4.864,1000
2020-10-16 09:25:00.650,4.864,1600
2020-10-16 09:25:00.650,4.864,3000
2020-10-16 09:25:00.650,4.864,2300
2020-10-16 09:25:00.650,4.864,100
2020-10-16 09:25:00.650,4.864,200
2020-10-16 09:25:00.650,4.864,100
2020-10-16 09:25:00.650,4.864,300
2020-10-16 09:25:00.650,4.864,100
2020-10-16 09:25:00.650,4.864,300
2020-10-16 09:25:00.650,4.864,1000
2020-10-16 09:25:00.650,4.864,100
2020-10-16 09:25:00.650,4.864,100
2020-10-16 09:25:00.650,4.864,300
2020-10-16 09:25:00.650,4.864,100
2020-10-16 09:25:00.650,4.864,400
2020-10-16 09:25:00.650,4.864,100
2020-10-16 09:25:00.650,4.864,100
2020-10-16 09:25:00.650,4.864,300
2020-10-16 09:25:00.650,4.864,200
2020-10-16 09:25:00.650,4.864,100
2020-10-16 09:25:00.650,4.864,100
2020-10-16 09:25:00.650,4.864,100
2020-10-16 09:25:00.650,4.864,100
2020-10-16 09:25:00.650,4.864,100
2020-10-16 09:25:00.650,4.864,100
2020-10-16 09:25:00.650,4.864,2000
2020-10-16 09:25:00.650,4.864,100
2020-10-16 09:25:00.650,4.864,100
2020-10-16 09:25:00.650,4.864,100
2020-10-16 09:25:00.650,4.864,100
2020-10-16 09:25:00.650,4.864,200
2020-10-16 09:25:00.650,4.864,100
2020-10-16 09:25:00.650,4.864,10000
2020-10-16 09:25:00.650,4.864,200
2020-10-16 09:25:00.650,4.864,100
2020-10-16 09:25:00.650,4.864,1700
2020-10-16 09:25:00.650,4.864,900
2020-10-16 09:25:00.650,4.864,100
2020-10-16 09:25:00.650,4.864,1000
2020-10-16 09:25:00.650,4.864,200
2020-10-16 09:25:00.650,4.864,200
2020-10-16 09:25:00.650,4.864,200
2020-10-16 09:25:00.650,4.864,100
2020-10-16 09:25:00.650,4.864,1000
2020-10-16 09:25:00.650,4.864,300
2020-10-16 09:25:00.650,4.864,6100
2020-10-16 09:25:00.650,4.864,100
2020-10-16 09:25:00.650,4.864,200
2020-10-16 09:25:00.650,4.864,100
2020-10-16 09:25:00.650,4.864,100
2020-10-16 09:25:00.650,4.864,200
2020-10-16 09:25:00.650,4.864,400
2020-10-16 09:25:00.650,4.864,200
2020-10-16 09:25:00.650,4.864,300
2020-10-16 09:25:00.650,4.864,600
2020-10-16 09:25:00.650,4.864,300
2020-10-16 09:25:00.650,4.864,100
2020-10-16 09:25:00.650,4.864,200
2020-10-16 09:25:00.650,4.864,100
2020-10-16 09:25:00.650,4.864,300
2020-10-16 09:25:00.650,4.864,100
2020-10-16 09:25:00.650,4.864,200
2020-10-16 09:25:00.650,4.864,200
2020-10-16 09:25:00.650,4.864,100
2020-10-16 09:25:00.650,4.864,100
2020-10-16 09:25:00.650,4.864,200
2020-10-16 09:25:00.650,4.864,100
2020-10-16 09:25:00.650,4.864,100
2020-10-16 09:25:00.650,4.864,100
2020-10-16 09:25:00.650,4.864,200
2020-10-16 09:25:00.650,4.864,100
2020-10-16 09:25:00.650,4.864,100
2020-10-16 09:25:00.650,4.864,1000
2020-10-16 09:25:00.650,4.864,100
2020-10-16 09:25:00.650,4.864,1000
2020-10-16 09:25:00.650,4.864,200
2020-10-16 09:25:00.650,4.864,12600
2020-10-16 09:25:00.650,4.864,5100
2020-10-16 09:25:00.650,4.864,200
2020-10-16 09:25:00.650,4.864,200
2020-10-16 09:25:00.650,4.864,100
2020-10-16 09:25:00.650,4.864,2500
2020-10-16 09:25:00.650,4.864,12700
2020-10-16 09:25:00.650,4.864,100
2020-10-16 09:25:00.650,4.864,9000
2020-10-16 09:25:00.650,4.864,12000
2020-10-16 09:25:00.650,4.864,2200
2020-10-16 09:25:00.650,4.864,60000
2020-10-16 09:25:00.650,4.864,200
2020-10-16 09:25:00.650,4.864,100
2020-10-16 09:25:00.650,4.864,100
2020-10-16 09:25:00.650,4.864,500
2020-10-16 09:25:00.650,4.864,1000
2020-10-16 09:25:00.650,4.864,100
2020-10-16 09:25:00.650,4.864,100
2020-10-16 09:25:00.650,4.864,300
2020-10-16 09:25:00.650,4.864,100
2020-10-16 09:25:00.650,4.864,3000
2020-10-16 09:25:00.650,4.864,5000
2020-10-16 09:25:00.650,4.864,1000
2020-10-16 09:25:00.650,4.864,200
2020-10-16 09:25:00.650,4.864,100
2020-10-16 09:25:00.650,4.864,10000
2020-10-16 09:25:00.650,4.864,100
2020-10-16 09:25:00.650,4.864,200
2020-10-16 09:25:00.650,4.864,100
2020-10-16 09:25:00.650,4.864,200
2020-10-16 09:25:00.650,4.864,20000
2020-10-16 09:30:00.070,4.864,101100
2020-10-16 09:30:00.070,4.865,200
2020-10-16 09:30:00.070,4.865,800
2020-10-16 09:30:00.070,4.865,5500
2020-10-16 09:30:00.070,4.865,295000
2020-10-16 09:30:00.070,4.865,497400
2020-10-16 09:30:00.260,4.863,6000
2020-10-16 09:30:00.260,4.863,6000
2020-10-16 09:30:00.260,4.863,1000
2020-10-16 09:30:00.260,4.862,1000
2020-10-16 09:30:00.260,4.862,100
2020-10-16 09:30:00.260,4.862,1000
2020-10-16 09:30:00.260,4.861,100
2020-10-16 09:30:00.260,4.861,1000
2020-10-16 09:30:00.260,4.861,3000
2020-10-16 09:30:00.260,4.861,800
2020-10-16 09:30:00.300,4.866,100
2020-10-16 09:30:00.300,4.866,400
2020-10-16 09:30:00.300,4.866,1600
2020-10-16 09:30:00.300,4.866,2000
2020-10-16 09:30:00.300,4.866,1000
2020-10-16 09:30:00.300,4.866,200
2020-10-16 09:30:00.300,4.866,4000
2020-10-16 09:30:00.300,4.866,2400
2020-10-16 09:30:00.300,4.866,500
2020-10-16 09:30:00.300,4.866,500
2020-10-16 09:30:00.300,4.866,100
2020-10-16 09:30:00.300,4.866,100
2020-10-16 09:30:00.300,4.866,1400
2020-10-16 09:30:00.300,4.866,25000
2020-10-16 09:30:00.300,4.866,100
2020-10-16 09:30:00.300,4.866,1100
2020-10-16 09:30:00.300,4.866,500
2020-10-16 09:30:00.300,4.866,100
2020-10-16 09:30:00.300,4.866,300
2020-10-16 09:30:00.300,4.866,10400
2020-10-16 09:30:00.300,4.866,100
2020-10-16 09:30:00.300,4.866,2500
2020-10-16 09:30:00.300,4.866,100
2020-10-16 09:30:00.300,4.866,400
2020-10-16 09:30:00.300,4.866,100
2020-10-16 09:30:00.300,4.866,45000
2020-10-16 09:30:00.300,4.866,1300
2020-10-16 09:30:00.300,4.866,10000
2020-10-16 09:30:00.300,4.866,1000
2020-10-16 09:30:00.300,4.866,37600
2020-10-16 09:30:00.300,4.867,100
2020-10-16 09:30:00.300,4.867,2000
2020-10-16 09:30:00.300,4.867,10000
2020-10-16 09:30:00.300,4.867,1000
2020-10-16 09:30:00.300,4.867,300
2020-10-16 09:30:00.300,4.867,100
2020-10-16 09:30:00.300,4.867,200
2020-10-16 09:30:00.300,4.867,300
2020-10-16 09:30:00.300,4.867,500
2020-10-16 09:30:00.300,4.867,200
2020-10-16 09:30:00.300,4.867,11200
2020-10-16 09:30:00.300,4.867,300
2020-10-16 09:30:00.300,4.867,2100
2020-10-16 09:30:00.300,4.867,9100
2020-10-16 09:30:00.300,4.867,100
2020-10-16 09:30:00.300,4.868,3000
2020-10-16 09:30:00.300,4.868,4900
2020-10-16 09:30:00.300,4.868,500
2020-10-16 09:30:00.300,4.868,150000
2020-10-16 09:30:00.300,4.869,100
2020-10-16 09:30:00.340,4.868,1200
2020-10-16 09:30:00.400,4.868,3400
2020-10-16 09:30:00.400,4.868,20000
2020-10-16 09:30:00.460,4.869,800
2020-10-16 09:30:00.460,4.869,200
2020-10-16 09:30:00.460,4.868,5000
2020-10-16 09:30:00.560,4.869,3900
2020-10-16 09:30:00.560,4.869,11200
2020-10-16 09:30:00.560,4.869,1000
2020-10-16 09:30:00.560,4.869,3500
2020-10-16 09:30:00.560,4.869,100
2020-10-16 09:30:00.560,4.869,300
2020-10-16 09:30:00.560,4.868,4300
2020-10-16 09:30:00.560,4.869,100
2020-10-16 09:30:00.670,4.868,1500
2020-10-16 09:30:00.670,4.868,500
2020-10-16 09:30:00.900,4.868,5000
2020-10-16 09:30:01.010,4.868,200
2020-10-16 09:30:01.010,4.868,2500
2020-10-16 09:30:01.010,4.868,105500
2020-10-16 09:30:01.240,4.868,20600
2020-10-16 09:30:01.240,4.869,8000
2020-10-16 09:30:01.360,4.868,1000
2020-10-16 09:30:01.470,4.869,1600
2020-10-16 09:30:01.470,4.869,800
2020-10-16 09:30:01.470,4.868,30000
2020-10-16 09:30:01.470,4.868,2000
2020-10-16 09:30:01.820,4.869,4200
2020-10-16 09:30:01.820,4.869,100
2020-10-16 09:30:01.820,4.87,10300
2020-10-16 09:30:01.820,4.87,600
2020-10-16 09:30:01.820,4.87,101800
2020-10-16 09:30:01.820,4.868,4900
2020-10-16 09:30:01.930,4.87,5000
2020-10-16 09:30:01.930,4.868,300
2020-10-16 09:30:02.050,4.868,900
2020-10-16 09:30:02.050,4.868,4900
2020-10-16 09:30:02.050,4.868,4500
2020-10-16 09:30:02.270,4.868,200
2020-10-16 09:30:02.390,4.868,1000
2020-10-16 09:30:02.390,4.868,1900
2020-10-16 09:30:02.390,4.868,900
2020-10-16 09:30:02.720,4.868,5100
2020-10-16 09:30:02.830,4.868,3200
2020-10-16 09:30:02.940,4.87,30000
2020-10-16 09:30:02.940,4.87,30000
2020-10-16 09:30:02.940,4.869,300
2020-10-16 09:30:03.070,4.87,287600
2020-10-16 09:30:03.070,4.87,1000
2020-10-16 09:30:03.070,4.87,900
2020-10-16 09:30:03.070,4.87,16600
2020-10-16 09:30:03.070,4.87,1000
2020-10-16 09:30:03.070,4.87,3000
2020-10-16 09:30:03.070,4.87,4000
2020-10-16 09:30:03.070,4.87,3800
2020-10-16 09:30:03.070,4.871,44000
2020-10-16 09:30:03.070,4.871,1100
2020-10-16 09:30:03.070,4.871,100
2020-10-16 09:30:03.070,4.872,1000
2020-10-16 09:30:03.070,4.872,200
2020-10-16 09:30:03.070,4.872,5000
2020-10-16 09:30:03.070,4.872,1000
2020-10-16 09:30:03.350,4.873,500
2020-10-16 09:30:03.350,4.873,1000
2020-10-16 09:30:03.350,4.873,1000
2020-10-16 09:30:03.570,4.874,200
2020-10-16 09:30:03.570,4.874,1400
2020-10-16 09:30:03.570,4.874,4900
2020-10-16 09:30:03.570,4.875,3000
2020-10-16 09:30:03.570,4.875,3000
2020-10-16 09:30:03.570,4.875,2000
2020-10-16 09:30:03.570,4.875,4000
2020-10-16 09:30:03.570,4.876,1900
2020-10-16 09:30:03.570,4.871,30000
2020-10-16 09:30:03.820,4.872,2300
2020-10-16 09:30:03.930,4.872,2000
2020-10-16 09:30:04.090,4.872,2000
2020-10-16 09:30:04.090,4.873,2300
2020-10-16 09:30:04.240,4.875,200
2020-10-16 09:30:04.500,4.875,1200
2020-10-16 09:30:04.500,4.875,3100
2020-10-16 09:30:05.210,4.872,23700
2020-10-16 09:30:05.210,4.872,30000
2020-10-16 09:30:05.210,4.871,40000
2020-10-16 09:30:05.210,4.871,100
2020-10-16 09:30:05.210,4.871,30000
2020-10-16 09:30:05.210,4.871,26200
2020-10-16 09:30:05.270,4.871,3800
2020-10-16 09:30:05.270,4.871,30000
2020-10-16 09:30:05.270,4.871,18500
2020-10-16 09:30:05.490,4.876,1200
2020-10-16 09:30:06.370,4.873,1000
2020-10-16 09:30:06.370,4.874,300000
2020-10-16 09:30:06.370,4.876,14000
2020-10-16 09:30:06.440,4.876,82800
2020-10-16 09:30:06.440,4.876,3000
2020-10-16 09:30:06.440,4.877,15000
2020-10-16 09:30:06.470,4.876,1500
2020-10-16 09:30:06.710,4.877,20100
2020-10-16 09:30:06.850,4.877,11900
2020-10-16 09:30:06.850,4.877,50000
2020-10-16 09:30:06.850,4.877,1000
2020-10-16 09:30:06.850,4.877,10000
2020-10-16 09:30:06.850,4.877,30000
2020-10-16 09:30:06.850,4.878,5300
2020-10-16 09:30:06.850,4.878,47000
2020-10-16 09:30:06.850,4.878,10000
2020-10-16 09:30:06.850,4.878,3000
2020-10-16 09:30:07.720,4.876,3800
2020-10-16 09:30:08.340,4.875,100
2020-10-16 09:30:08.340,4.875,1400
2020-10-16 09:30:08.680,4.877,1000
2020-10-16 09:30:08.730,4.877,1000
2020-10-16 09:30:09.020,4.877,294000
2020-10-16 09:30:09.020,4.877,6000
2020-10-16 09:30:09.580,4.878,1000
2020-10-16 09:30:10.990,4.879,2300
2020-10-16 09:30:10.990,4.879,18100
2020-10-16 09:30:12.310,4.879,28900
2020-10-16 09:30:12.310,4.879,2000
2020-10-16 09:30:12.310,4.879,5000
2020-10-16 09:30:12.310,4.879,300
2020-10-16 09:30:12.310,4.879,4500
2020-10-16 09:30:13.130,4.879,5000
2020-10-16 09:30:13.220,4.879,500
2020-10-16 09:30:13.940,4.88,100
2020-10-16 09:30:14.110,4.88,12900
2020-10-16 09:30:14.110,4.88,6000
2020-10-16 09:30:14.110,4.88,100
2020-10-16 09:30:14.110,4.88,3500
2020-10-16 09:30:14.110,4.88,15000
2020-10-16 09:30:14.110,4.88,5000
2020-10-16 09:30:14.110,4.88,2100
2020-10-16 09:30:14.110,4.88,200
2020-10-16 09:30:14.110,4.88,500
2020-10-16 09:30:14.110,4.88,15000
2020-10-16 09:30:14.110,4.88,25900
2020-10-16 09:30:15.390,4.879,2000
2020-10-16 09:30:15.630,4.879,3000
2020-10-16 09:30:16.350,4.879,5000
2020-10-16 09:30:16.350,4.879,9300
2020-10-16 09:30:16.460,4.877,1900
2020-10-16 09:30:16.880,4.877,500
2020-10-16 09:30:17.190,4.877,10200
2020-10-16 09:30:17.510,4.879,10400
2020-10-16 09:30:17.510,4.88,21900
2020-10-16 09:30:17.820,4.88,500
2020-10-16 09:30:17.930,4.877,100
2020-10-16 09:30:18.260,4.88,17900
2020-10-16 09:30:18.430,4.877,100000
2020-10-16 09:30:18.490,4.877,500
2020-10-16 09:30:19.000,4.878,900
2020-10-16 09:30:19.290,4.878,10000
2020-10-16 09:30:19.500,4.878,50000
2020-10-16 09:30:19.500,4.878,700
2020-10-16 09:30:19.860,4.878,138400
2020-10-16 09:30:19.860,4.879,16900
2020-10-16 09:30:19.860,4.88,168400
2020-10-16 09:30:20.400,4.878,252500
2020-10-16 09:30:20.430,4.876,50000
2020-10-16 09:30:20.970,4.876,50000
2020-10-16 09:30:21.970,4.877,1700
2020-10-16 09:30:22.380,4.876,100000
2020-10-16 09:30:22.860,4.876,45800
2020-10-16 09:30:25.320,4.878,100
2020-10-16 09:30:25.460,4.878,100
2020-10-16 09:30:27.210,4.873,40000
2020-10-16 09:30:27.240,4.873,40000
2020-10-16 09:30:27.710,4.873,10000
2020-10-16 09:30:27.910,4.873,10000
2020-10-16 09:30:27.910,4.876,3300
2020-10-16 09:30:27.910,4.876,10000
2020-10-16 09:30:28.090,4.877,500
2020-10-16 09:30:28.090,4.878,41200
2020-10-16 09:30:28.090,4.878,299800
2020-10-16 09:30:28.090,4.879,8600
2020-10-16 09:30:28.090,4.88,65400
2020-10-16 09:30:28.090,4.88,7000
2020-10-16 09:30:28.090,4.88,55000
2020-10-16 09:30:28.090,4.88,122500
2020-10-16 09:30:29.470,4.877,30000
2020-10-16 09:30:29.470,4.879,6000
2020-10-16 09:30:29.470,4.879,1500
2020-10-16 09:30:29.470,4.88,380100
2020-10-16 09:30:29.470,4.88,10000
2020-10-16 09:30:29.500,4.88,100
2020-10-16 09:30:30.200,4.88,30000
2020-10-16 09:30:30.270,4.88,100000
2020-10-16 09:30:30.390,4.88,40000
2020-10-16 09:30:30.430,4.88,2300
2020-10-16 09:30:31.450,4.88,30000
2020-10-16 09:30:31.450,4.881,400
2020-10-16 09:30:31.450,4.881,300000
2020-10-16 09:30:31.450,4.881,10000
2020-10-16 09:30:31.450,4.881,1000
2020-10-16 09:30:31.450,4.881,40000
2020-10-16 09:30:31.450,4.881,30000
2020-10-16 09:30:31.820,4.881,6000
2020-10-16 09:30:33.220,4.879,10000
2020-10-16 09:30:35.490,4.879,100
2020-10-16 09:30:36.200,4.879,10000
2020-10-16 09:30:37.320,4.879,2900
2020-10-16 09:30:37.320,4.879,400
2020-10-16 09:30:38.070,4.88,41300
2020-10-16 09:30:38.070,4.88,3000
2020-10-16 09:30:38.070,4.88,2000
2020-10-16 09:30:38.070,4.88,50000
2020-10-16 09:30:38.070,4.88,2000
2020-10-16 09:30:38.070,4.88,10000
2020-10-16 09:30:38.920,4.88,6500
2020-10-16 09:30:39.990,4.88,3000
2020-10-16 09:30:40.750,4.88,1700
2020-10-16 09:30:41.400,4.88,1000
2020-10-16 09:30:43.360,4.88,50000
2020-10-16 09:30:43.450,4.88,20000
2020-10-16 09:30:43.570,4.88,3600
2020-10-16 09:30:43.630,4.88,5600
2020-10-16 09:30:44.040,4.88,15100
2020-10-16 09:30:44.040,4.88,14900
2020-10-16 09:30:44.130,4.88,3000
2020-10-16 09:30:45.070,4.88,2100
2020-10-16 09:30:45.320,4.879,8000
2020-10-16 09:30:45.320,4.879,10000
2020-10-16 09:30:45.320,4.879,10000
2020-10-16 09:30:45.320,4.879,272000
2020-10-16 09:30:45.700,4.88,500
2020-10-16 09:30:45.990,4.879,8000
2020-10-16 09:30:46.340,4.879,100
2020-10-16 09:30:46.340,4.879,2100
2020-10-16 09:30:46.340,4.878,200
2020-10-16 09:30:46.340,4.878,1000
2020-10-16 09:30:46.340,4.877,1600
2020-10-16 09:30:48.200,4.878,100
2020-10-16 09:30:48.200,4.88,500
2020-10-16 09:30:48.200,4.88,9400
2020-10-16 09:30:50.400,4.879,17000
2020-10-16 09:30:50.900,4.88,10000
2020-10-16 09:30:50.930,4.88,600
2020-10-16 09:30:50.930,4.88,9400
2020-10-16 09:30:50.930,4.88,10600
2020-10-16 09:30:50.930,4.88,10000
2020-10-16 09:30:50.930,4.88,9400
2020-10-16 09:30:50.960,4.88,20000
2020-10-16 09:30:51.040,4.88,600
2020-10-16 09:30:51.040,4.88,13800
2020-10-16 09:30:51.040,4.88,4900
2020-10-16 09:30:51.040,4.881,400
2020-10-16 09:30:51.470,4.882,1000
2020-10-16 09:30:51.470,4.882,2000
2020-10-16 09:30:51.470,4.882,2000
2020-10-16 09:30:51.470,4.882,300000
2020-10-16 09:30:51.470,4.882,11700
2020-10-16 09:30:51.470,4.882,14900
2020-10-16 09:30:51.470,4.882,5000
2020-10-16 09:30:51.470,4.882,10000
2020-10-16 09:30:52.030,4.882,4200
2020-10-16 09:30:53.050,4.882,3300
2020-10-16 09:30:53.470,4.882,2000
2020-10-16 09:30:53.690,4.882,6500
2020-10-16 09:30:54.030,4.882,1000
2020-10-16 09:30:54.160,4.882,7000
2020-10-16 09:30:55.110,4.882,1000
2020-10-16 09:30:55.200,4.882,30000
2020-10-16 09:30:55.640,4.882,62900
2020-10-16 09:30:55.640,4.88,6700
2020-10-16 09:30:55.640,4.88,10000
2020-10-16 09:30:55.640,4.88,400
2020-10-16 09:30:55.640,4.88,300000
2020-10-16 09:30:55.640,4.879,100000
2020-10-16 09:30:55.640,4.879,300000
2020-10-16 09:30:56.420,4.879,20000
2020-10-16 09:30:56.420,4.88,5000
2020-10-16 09:30:56.420,4.882,75000
2020-10-16 09:30:56.420,4.882,75000
2020-10-16 09:30:56.420,4.883,2300
2020-10-16 09:30:56.420,4.883,3000
2020-10-16 09:30:56.420,4.883,7000
2020-10-16 09:30:56.420,4.883,5000
2020-10-16 09:30:56.420,4.883,7700
2020-10-16 09:30:57.110,4.882,10600
2020-10-16 09:30:57.160,4.882,5000
2020-10-16 09:30:57.290,4.882,500
2020-10-16 09:30:58.370,4.883,2300
2020-10-16 09:30:58.370,4.883,30000
2020-10-16 09:30:58.760,4.883,67700
2020-10-16 09:30:58.760,4.882,82300
2020-10-16 09:30:59.310,4.883,100
2020-10-16 09:30:59.340,4.883,1000
2020-10-16 09:30:59.580,4.883,6100
2020-10-16 09:30:59.580,4.883,30000
2020-10-16 09:30:59.670,4.883,260000
2020-10-16 09:30:59.730,4.883,25000
2020-10-16 09:30:59.760,4.883,10000
2020-10-16 09:30:59.890,4.883,300000
2020-10-16 09:30:59.950,4.883,40000
2020-10-16 09:30:59.950,4.883,100000
2020-10-16 09:30:59.950,4.883,40000
2020-10-16 09:30:59.950,4.883,20000
2020-10-16 09:31:00.180,4.884,500
2020-10-16 09:31:00.180,4.884,1000
2020-10-16 09:31:00.180,4.884,700
2020-10-16 09:31:00.180,4.884,500
2020-10-16 09:31:00.180,4.884,7300
2020-10-16 09:31:00.380,4.883,167800
2020-10-16 09:31:00.380,4.883,1000
2020-10-16 09:31:00.380,4.882,400
2020-10-16 09:31:00.380,4.881,6200
2020-10-16 09:31:00.440,4.883,7400
2020-10-16 09:31:00.510,4.883,80200
2020-10-16 09:31:00.710,4.883,100
2020-10-16 09:31:01.040,4.883,9800
2020-10-16 09:31:02.520,4.881,100
2020-10-16 09:31:03.150,4.882,100
2020-10-16 09:31:03.190,4.881,300000
2020-10-16 09:31:03.520,4.882,200
2020-10-16 09:31:03.520,4.882,10000
2020-10-16 09:31:03.520,4.882,50000
2020-10-16 09:31:03.520,4.883,33700
2020-10-16 09:31:03.520,4.883,1000
2020-10-16 09:31:03.520,4.883,18800
2020-10-16 09:31:04.370,4.882,5000
2020-10-16 09:31:04.370,4.883,31200
2020-10-16 09:31:04.370,4.883,1000
2020-10-16 09:31:04.370,4.883,200
2020-10-16 09:31:04.370,4.883,2500
2020-10-16 09:31:04.370,4.884,700
2020-10-16 09:31:04.370,4.884,59400
2020-10-16 09:31:04.370,4.884,40600
2020-10-16 09:31:04.370,4.885,200
2020-10-16 09:31:04.370,4.885,10400
2020-10-16 09:31:04.370,4.885,2500
2020-10-16 09:31:04.370,4.885,1800
2020-10-16 09:31:04.370,4.885,10000
2020-10-16 09:31:04.370,4.885,500
2020-10-16 09:31:04.370,4.885,500
2020-10-16 09:31:04.370,4.885,2000
2020-10-16 09:31:04.370,4.885,3000
2020-10-16 09:31:04.370,4.885,2100
2020-10-16 09:31:04.370,4.885,200
2020-10-16 09:31:04.370,4.885,26200
2020-10-16 09:31:04.440,4.884,11700
2020-10-16 09:31:04.600,4.884,20000
2020-10-16 09:31:04.950,4.884,10000
2020-10-16 09:31:05.110,4.884,20000
2020-10-16 09:31:05.510,4.884,8000
2020-10-16 09:31:06.540,4.883,400
2020-10-16 09:31:06.540,4.883,1600
2020-10-16 09:31:07.070,4.883,6000
2020-10-16 09:31:07.520,4.883,5000
2020-10-16 09:31:07.620,4.883,500
2020-10-16 09:31:07.930,4.883,300
2020-10-16 09:31:08.380,4.885,100000
2020-10-16 09:31:08.380,4.885,73800
2020-10-16 09:31:08.380,4.885,2000
2020-10-16 09:31:08.380,4.885,5000
2020-10-16 09:31:08.960,4.885,10000
2020-10-16 09:31:09.840,4.884,6000
2020-10-16 09:31:10.130,4.884,30000
2020-10-16 09:31:10.200,4.884,25000
2020-10-16 09:31:10.290,4.884,10000
2020-10-16 09:31:10.410,4.884,200
2020-10-16 09:31:10.410,4.881,1500
2020-10-16 09:31:10.410,4.881,5100
2020-10-16 09:31:10.410,4.88,3200
2020-10-16 09:31:11.130,4.881,10000
2020-10-16 09:31:11.130,4.882,41700
2020-10-16 09:31:11.370,4.882,53400
2020-10-16 09:31:12.350,4.882,400
2020-10-16 09:31:13.790,4.881,100
2020-10-16 09:31:14.380,4.881,2000
2020-10-16 09:31:14.380,4.882,98000
2020-10-16 09:31:14.380,4.882,100000
2020-10-16 09:31:14.690,4.882,100
2020-10-16 09:31:14.750,4.881,5000
2020-10-16 09:31:15.010,4.882,100
2020-10-16 09:31:15.790,4.882,48000
2020-10-16 09:31:15.790,4.882,235300
2020-10-16 09:31:15.980,4.882,64700
2020-10-16 09:31:15.980,4.883,20000
2020-10-16 09:31:15.980,4.883,2000
2020-10-16 09:31:16.180,4.884,500
2020-10-16 09:31:16.180,4.885,5000
2020-10-16 09:31:16.180,4.885,1000
2020-10-16 09:31:16.180,4.885,1000
2020-10-16 09:31:16.180,4.885,5000
2020-10-16 09:31:16.180,4.886,2500
2020-10-16 09:31:16.180,4.886,5100
2020-10-16 09:31:16.490,4.883,400
2020-10-16 09:31:17.440,4.883,900
2020-10-16 09:31:17.440,4.883,2000
2020-10-16 09:31:17.440,4.884,1000
2020-10-16 09:31:17.440,4.884,2400
2020-10-16 09:31:17.780,4.882,1200
2020-10-16 09:31:17.780,4.882,8800
2020-10-16 09:31:18.340,4.882,100
2020-10-16 09:31:18.720,4.882,3000
2020-10-16 09:31:19.820,4.883,600
2020-10-16 09:31:20.000,4.882,30000
2020-10-16 09:31:22.850,4.882,37200
2020-10-16 09:31:23.300,4.883,9400
2020-10-16 09:31:23.300,4.883,400
2020-10-16 09:31:23.300,4.883,2000
2020-10-16 09:31:23.300,4.883,2200
2020-10-16 09:31:23.300,4.884,2600
2020-10-16 09:31:23.300,4.884,9800
2020-10-16 09:31:23.300,4.884,2000
2020-10-16 09:31:23.300,4.884,2000
2020-10-16 09:31:23.300,4.884,10700
2020-10-16 09:31:23.920,4.883,1300
2020-10-16 09:31:24.230,4.882,300
2020-10-16 09:31:25.220,4.883,200
2020-10-16 09:31:26.170,4.883,2500
2020-10-16 09:31:26.170,4.883,100
2020-10-16 09:31:26.170,4.883,1100
2020-10-16 09:31:26.260,4.883,8900
2020-10-16 09:31:27.350,4.883,22100
2020-10-16 09:31:28.530,4.882,10000
2020-10-16 09:31:28.750,4.882,100
2020-10-16 09:31:30.290,4.882,3000
2020-10-16 09:31:30.590,4.883,1000
2020-10-16 09:31:30.740,4.882,7500
2020-10-16 09:31:32.230,4.881,3100
2020-10-16 09:31:32.230,4.881,1900
2020-10-16 09:31:32.410,4.882,2500
2020-10-16 09:31:32.410,4.882,100
2020-10-16 09:31:32.410,4.882,400
2020-10-16 09:31:32.410,4.882,8000
2020-10-16 09:31:32.410,4.883,89000
2020-10-16 09:31:32.410,4.883,100000
2020-10-16 09:31:32.410,4.883,87900
2020-10-16 09:31:32.410,4.883,2400
2020-10-16 09:31:32.410,4.883,9700
2020-10-16 09:31:32.730,4.883,100
2020-10-16 09:31:33.210,4.882,500
2020-10-16 09:31:33.210,4.883,200
2020-10-16 09:31:34.300,4.882,23700
2020-10-16 09:31:34.300,4.882,5000
2020-10-16 09:31:34.300,4.882,13900
2020-10-16 09:31:34.300,4.883,8000
2020-10-16 09:31:34.300,4.883,49400
2020-10-16 09:31:34.300,4.883,100000
2020-10-16 09:31:34.330,4.883,100000
2020-10-16 09:31:34.620,4.883,5000
2020-10-16 09:31:34.930,4.882,2400
2020-10-16 09:31:34.930,4.883,7600
2020-10-16 09:31:35.870,4.883,38000
2020-10-16 09:31:35.870,4.883,200
2020-10-16 09:31:35.870,4.883,1800
2020-10-16 09:31:36.210,4.883,300
2020-10-16 09:31:36.450,4.883,12900
2020-10-16 09:31:36.450,4.883,15000
2020-10-16 09:31:36.450,4.883,85800
2020-10-16 09:31:38.040,4.882,1000
2020-10-16 09:31:38.040,4.882,2500
2020-10-16 09:31:38.100,4.882,9500
2020-10-16 09:31:38.680,4.882,2800
2020-10-16 09:31:38.680,4.88,6800
2020-10-16 09:31:38.680,4.88,400
2020-10-16 09:31:39.830,4.881,2600
2020-10-16 09:31:40.330,4.882,500
2020-10-16 09:31:40.330,4.882,2000
2020-10-16 09:31:40.330,4.882,400
2020-10-16 09:31:40.330,4.883,100000
2020-10-16 09:31:40.330,4.883,100000
2020-10-16 09:31:41.000,4.882,200
2020-10-16 09:31:41.030,4.882,100
2020-10-16 09:31:41.810,4.883,100
2020-10-16 09:31:43.180,4.882,500
2020-10-16 09:31:44.010,4.883,12700
2020-10-16 09:31:44.070,4.882,2000
2020-10-16 09:31:44.300,4.882,30000
2020-10-16 09:31:44.300,4.882,64300
2020-10-16 09:31:44.300,4.882,1100
2020-10-16 09:31:44.300,4.882,300
2020-10-16 09:31:45.240,4.882,2000
2020-10-16 09:31:46.290,4.882,10000
2020-10-16 09:31:46.420,4.882,100000
2020-10-16 09:31:47.850,4.882,100
2020-10-16 09:31:47.910,4.882,10000
2020-10-16 09:31:48.200,4.882,10000
2020-10-16 09:31:48.360,4.882,10000
2020-10-16 09:31:48.390,4.882,1800
2020-10-16 09:31:49.370,4.882,100
2020-10-16 09:31:49.370,4.882,10000
2020-10-16 09:31:49.440,4.882,100000
2020-10-16 09:31:50.590,4.882,46000
2020-10-16 09:31:50.590,4.882,12200
2020-10-16 09:31:50.590,4.882,800
2020-10-16 09:31:50.590,4.882,25500
2020-10-16 09:31:50.590,4.882,100
2020-10-16 09:31:50.590,4.882,8700
2020-10-16 09:31:50.590,4.882,3000
2020-10-16 09:31:50.590,4.882,600
2020-10-16 09:31:50.590,4.882,1500
2020-10-16 09:31:50.680,4.882,2400
2020-10-16 09:31:51.610,4.882,199200
2020-10-16 09:31:51.610,4.882,400
2020-10-16 09:31:51.610,4.882,100
2020-10-16 09:31:52.190,4.881,1000
2020-10-16 09:31:52.420,4.882,100000
2020-10-16 09:31:52.420,4.882,300
2020-10-16 09:31:52.420,4.882,2100
2020-10-16 09:31:52.420,4.883,55000
2020-10-16 09:31:52.420,4.883,10000
2020-10-16 09:31:52.420,4.883,100
2020-10-16 09:31:52.420,4.883,1100
2020-10-16 09:31:52.420,4.883,5000
2020-10-16 09:31:52.420,4.883,100
2020-10-16 09:31:52.420,4.883,2000
2020-10-16 09:31:52.420,4.883,200
2020-10-16 09:31:52.420,4.883,13600
2020-10-16 09:31:52.420,4.883,5000
2020-10-16 09:31:52.600,4.883,5500
2020-10-16 09:31:53.970,4.882,2000
2020-10-16 09:31:53.970,4.882,20000
2020-10-16 09:31:53.970,4.883,11100
2020-10-16 09:31:53.970,4.883,1000
2020-10-16 09:31:54.060,4.884,6000
2020-10-16 09:31:54.060,4.883,2000
2020-10-16 09:31:54.090,4.884,500
2020-10-16 09:31:54.270,4.883,11600
2020-10-16 09:31:54.430,4.883,5000
2020-10-16 09:31:54.730,4.883,2100
2020-10-16 09:31:55.270,4.883,10000
2020-10-16 09:31:55.640,4.883,300
2020-10-16 09:31:55.640,4.882,400
2020-10-16 09:31:55.640,4.882,41000
2020-10-16 09:31:56.070,4.882,300
2020-10-16 09:31:56.670,4.882,500
2020-10-16 09:31:56.850,4.882,400
2020-10-16 09:31:58.880,4.882,1000
2020-10-16 09:32:00.320,4.883,100
2020-10-16 09:32:01.800,4.882,5000
2020-10-16 09:32:02.690,4.883,20000
2020-10-16 09:32:02.820,4.883,500
2020-10-16 09:32:03.090,4.883,20000
2020-10-16 09:32:05.060,4.882,50000
2020-10-16 09:32:05.330,4.882,201800
2020-10-16 09:32:05.330,4.882,98200
2020-10-16 09:32:05.480,4.882,1800
2020-10-16 09:32:05.480,4.882,8200
2020-10-16 09:32:06.410,4.883,100
2020-10-16 09:32:06.570,4.882,5000
2020-10-16 09:32:07.210,4.882,3500
2020-10-16 09:32:07.270,4.883,17300
2020-10-16 09:32:07.270,4.883,100
2020-10-16 09:32:07.270,4.883,12300
2020-10-16 09:32:07.270,4.883,300
2020-10-16 09:32:07.350,4.883,2700
2020-10-16 09:32:07.350,4.883,1100
2020-10-16 09:32:07.350,4.883,200
2020-10-16 09:32:07.350,4.883,300
2020-10-16 09:32:07.350,4.883,20000
2020-10-16 09:32:07.350,4.883,100
2020-10-16 09:32:07.350,4.883,5000
2020-10-16 09:32:07.600,4.883,11200
2020-10-16 09:32:07.700,4.884,500
2020-10-16 09:32:07.760,4.883,7000
2020-10-16 09:32:07.790,4.883,14200
2020-10-16 09:32:07.790,4.883,14200
2020-10-16 09:32:07.950,4.883,300
2020-10-16 09:32:08.260,4.883,7000
2020-10-16 09:32:08.320,4.883,500
2020-10-16 09:32:08.830,4.883,2000
2020-10-16 09:32:08.950,4.883,5300
2020-10-16 09:32:09.010,4.882,1000
2020-10-16 09:32:09.010,4.882,1000
2020-10-16 09:32:09.010,4.882,100
2020-10-16 09:32:09.940,4.882,200
2020-10-16 09:32:10.400,4.882,200
2020-10-16 09:32:10.490,4.882,11700
2020-10-16 09:32:10.490,4.882,14200
2020-10-16 09:32:10.490,4.883,74100
2020-10-16 09:32:10.770,4.882,10200
2020-10-16 09:32:10.770,4.883,13500
2020-10-16 09:32:10.860,4.882,2000
2020-10-16 09:32:10.920,4.882,22000
2020-10-16 09:32:11.450,4.882,6200
2020-10-16 09:32:11.950,4.883,300
2020-10-16 09:32:11.950,4.882,4900
2020-10-16 09:32:13.940,4.882,500
2020-10-16 09:32:13.940,4.882,3600
2020-10-16 09:32:14.410,4.882,300
2020-10-16 09:32:14.790,4.882,20000
2020-10-16 09:32:15.010,4.882,100
2020-10-16 09:32:15.770,4.88,900
2020-10-16 09:32:16.240,4.882,4000
2020-10-16 09:32:16.360,4.882,100000
2020-10-16 09:32:16.610,4.881,10000
2020-10-16 09:32:17.780,4.882,100
2020-10-16 09:32:17.990,4.882,100
2020-10-16 09:32:18.190,4.882,100
2020-10-16 09:32:19.260,4.882,10000
2020-10-16 09:32:20.660,4.881,6000
2020-10-16 09:32:20.810,4.881,1000
2020-10-16 09:32:22.310,4.881,60500
2020-10-16 09:32:22.830,4.88,40000
2020-10-16 09:32:23.760,4.881,500
2020-10-16 09:32:23.850,4.881,500
2020-10-16 09:32:24.290,4.88,9100
2020-10-16 09:32:24.350,4.881,10000
2020-10-16 09:32:24.600,4.881,300
2020-10-16 09:32:24.870,4.88,2000
2020-10-16 09:32:24.980,4.88,4400
2020-10-16 09:32:25.110,4.88,3600
2020-10-16 09:32:25.110,4.88,1000
2020-10-16 09:32:25.110,4.88,5400
2020-10-16 09:32:26.270,4.88,94600
2020-10-16 09:32:26.270,4.88,60700
2020-10-16 09:32:26.270,4.88,30000
2020-10-16 09:32:26.480,4.879,4700
2020-10-16 09:32:26.570,4.88,2000
2020-10-16 09:32:26.570,4.88,100
2020-10-16 09:32:26.890,4.879,10400
2020-10-16 09:32:27.160,4.88,200
2020-10-16 09:32:29.920,4.88,1000
2020-10-16 09:32:30.260,4.88,400
2020-10-16 09:32:33.240,4.879,1000
2020-10-16 09:32:34.150,4.877,18000
2020-10-16 09:32:34.540,4.879,100
2020-10-16 09:32:36.190,4.878,1100
2020-10-16 09:32:36.470,4.878,900
2020-10-16 09:32:36.470,4.879,300
2020-10-16 09:32:37.940,4.878,100
2020-10-16 09:32:38.190,4.878,2200
2020-10-16 09:32:38.190,4.879,5300
2020-10-16 09:32:39.120,4.879,200
2020-10-16 09:32:40.180,4.878,100
2020-10-16 09:32:40.300,4.877,400
2020-10-16 09:32:40.300,4.877,9600
2020-10-16 09:32:40.520,4.877,20400
2020-10-16 09:32:40.520,4.877,33000
2020-10-16 09:32:40.850,4.877,40000
2020-10-16 09:32:41.900,4.878,10000
2020-10-16 09:32:41.950,4.877,500
2020-10-16 09:32:44.390,4.877,1000
2020-10-16 09:32:44.390,4.877,5000
2020-10-16 09:32:44.800,4.877,6100
2020-10-16 09:32:46.570,4.877,500
2020-10-16 09:32:46.690,4.876,100
2020-10-16 09:32:46.750,4.876,100
2020-10-16 09:32:46.750,4.876,100
2020-10-16 09:32:46.750,4.876,100
2020-10-16 09:32:46.750,4.876,100
2020-10-16 09:32:46.750,4.876,100
2020-10-16 09:32:46.750,4.876,100
2020-10-16 09:32:46.750,4.876,100
2020-10-16 09:32:46.750,4.876,100
2020-10-16 09:32:46.750,4.876,100
2020-10-16 09:32:46.750,4.876,100
2020-10-16 09:32:46.750,4.876,100
2020-10-16 09:32:46.810,4.876,100
2020-10-16 09:32:46.810,4.876,100
2020-10-16 09:32:46.810,4.876,100
2020-10-16 09:32:46.810,4.876,100
2020-10-16 09:32:46.810,4.876,100
2020-10-16 09:32:46.840,4.876,100
2020-10-16 09:32:46.840,4.876,100
2020-10-16 09:32:46.840,4.876,100
2020-10-16 09:32:46.840,4.876,100
2020-10-16 09:32:46.840,4.876,100
2020-10-16 09:32:46.840,4.876,100
2020-10-16 09:32:46.840,4.876,100
2020-10-16 09:32:46.840,4.876,100
2020-10-16 09:32:46.880,4.876,100
2020-10-16 09:32:46.880,4.876,100
2020-10-16 09:32:46.880,4.876,100
2020-10-16 09:32:46.880,4.876,100
2020-10-16 09:32:46.880,4.876,100
2020-10-16 09:32:46.940,4.876,100
2020-10-16 09:32:49.510,4.876,100
2020-10-16 09:32:49.510,4.876,100
2020-10-16 09:32:49.510,4.876,100
2020-10-16 09:32:49.780,4.876,100
2020-10-16 09:32:49.780,4.876,100
2020-10-16 09:32:49.780,4.876,100
2020-10-16 09:32:49.780,4.876,100
2020-10-16 09:32:49.780,4.876,100
2020-10-16 09:32:49.780,4.876,100
2020-10-16 09:32:49.780,4.876,100
2020-10-16 09:32:49.780,4.876,100
2020-10-16 09:32:49.780,4.876,100
2020-10-16 09:32:49.780,4.876,100
2020-10-16 09:32:49.780,4.876,100
2020-10-16 09:32:49.780,4.876,100
2020-10-16 09:32:49.780,4.876,100
2020-10-16 09:32:49.780,4.876,100
2020-10-16 09:32:49.780,4.876,100
2020-10-16 09:32:49.780,4.876,100
2020-10-16 09:32:49.780,4.876,100
2020-10-16 09:32:49.780,4.876,100
2020-10-16 09:32:49.780,4.876,100
2020-10-16 09:32:49.780,4.876,100
2020-10-16 09:32:50.260,4.876,100
2020-10-16 09:32:50.260,4.876,100
2020-10-16 09:32:50.260,4.876,100
2020-10-16 09:32:50.260,4.876,100
2020-10-16 09:32:50.260,4.876,100
2020-10-16 09:32:50.260,4.876,100
2020-10-16 09:32:50.260,4.876,100
2020-10-16 09:32:50.260,4.876,100
2020-10-16 09:32:50.260,4.876,100
2020-10-16 09:32:50.260,4.876,100
2020-10-16 09:32:50.350,4.876,100
2020-10-16 09:32:50.350,4.876,100
2020-10-16 09:32:50.350,4.876,100
2020-10-16 09:32:50.350,4.876,100
2020-10-16 09:32:50.350,4.876,100
2020-10-16 09:32:50.350,4.876,100
2020-10-16 09:32:50.350,4.876,100
2020-10-16 09:32:50.350,4.876,100
2020-10-16 09:32:50.350,4.876,100
2020-10-16 09:32:50.350,4.876,100
2020-10-16 09:32:50.350,4.876,100
2020-10-16 09:32:50.350,4.876,100
2020-10-16 09:32:50.350,4.876,100
2020-10-16 09:32:50.350,4.876,100
2020-10-16 09:32:50.350,4.876,100
2020-10-16 09:32:50.350,4.876,100
2020-10-16 09:32:50.350,4.876,100
2020-10-16 09:32:50.350,4.876,100
2020-10-16 09:32:50.350,4.876,100
2020-10-16 09:32:50.350,4.876,100
2020-10-16 09:32:50.370,4.876,600
2020-10-16 09:32:51.340,4.876,100
2020-10-16 09:32:51.430,4.876,300
2020-10-16 09:32:51.870,4.876,50000
2020-10-16 09:32:52.680,4.876,400
2020-10-16 09:32:53.360,4.876,40000
2020-10-16 09:32:53.780,4.875,3000
2020-10-16 09:32:53.780,4.875,2000
2020-10-16 09:32:53.870,4.876,20000
2020-10-16 09:32:53.900,4.875,500
2020-10-16 09:32:53.900,4.876,5500
2020-10-16 09:32:53.900,4.876,100
2020-10-16 09:32:53.900,4.876,100
2020-10-16 09:32:53.900,4.876,100
2020-10-16 09:32:53.900,4.876,100
2020-10-16 09:32:53.900,4.876,100
2020-10-16 09:32:53.900,4.876,100
2020-10-16 09:32:53.900,4.876,1000
2020-10-16 09:32:53.900,4.876,27200
2020-10-16 09:32:53.900,4.876,100
2020-10-16 09:32:53.900,4.876,100
2020-10-16 09:32:53.900,4.876,100
2020-10-16 09:32:53.900,4.876,100
2020-10-16 09:32:53.900,4.876,100
2020-10-16 09:32:53.900,4.876,100
2020-10-16 09:32:53.900,4.876,100
2020-10-16 09:32:53.900,4.876,100
2020-10-16 09:32:53.900,4.876,100
2020-10-16 09:32:53.900,4.876,100
2020-10-16 09:32:53.900,4.876,100
2020-10-16 09:32:53.900,4.876,100
2020-10-16 09:32:53.900,4.876,100
2020-10-16 09:32:53.900,4.876,100
2020-10-16 09:32:53.900,4.876,100
2020-10-16 09:32:53.900,4.876,100
2020-10-16 09:32:53.900,4.876,100
2020-10-16 09:32:53.900,4.876,100
2020-10-16 09:32:53.900,4.876,100
2020-10-16 09:32:53.900,4.876,100
2020-10-16 09:32:53.900,4.876,100
2020-10-16 09:32:53.900,4.876,100
2020-10-16 09:32:53.900,4.876,100
2020-10-16 09:32:53.900,4.876,100
2020-10-16 09:32:53.900,4.876,100
2020-10-16 09:32:53.900,4.876,100
2020-10-16 09:32:53.900,4.876,100
2020-10-16 09:32:53.900,4.876,100
2020-10-16 09:32:53.900,4.876,100
2020-10-16 09:32:53.900,4.876,100
2020-10-16 09:32:53.900,4.876,100
2020-10-16 09:32:53.900,4.876,100
2020-10-16 09:32:53.900,4.876,100
2020-10-16 09:32:53.900,4.876,100
2020-10-16 09:32:53.900,4.876,100
2020-10-16 09:32:53.900,4.876,100
2020-10-16 09:32:53.900,4.876,100
2020-10-16 09:32:53.900,4.876,100
2020-10-16 09:32:53.900,4.876,100
2020-10-16 09:32:53.900,4.876,100
2020-10-16 09:32:53.900,4.876,100
2020-10-16 09:32:53.900,4.876,100
2020-10-16 09:32:53.900,4.876,100
2020-10-16 09:32:53.900,4.876,100
2020-10-16 09:32:53.900,4.876,100
2020-10-16 09:32:53.900,4.876,100
2020-10-16 09:32:53.900,4.876,100
2020-10-16 09:32:53.900,4.876,100
2020-10-16 09:32:53.900,4.876,100
2020-10-16 09:32:53.900,4.876,100
2020-10-16 09:32:53.900,4.876,100
2020-10-16 09:32:53.900,4.876,100
2020-10-16 09:32:53.900,4.876,100
2020-10-16 09:32:53.900,4.876,100
2020-10-16 09:32:53.900,4.876,100
2020-10-16 09:32:53.900,4.876,100
2020-10-16 09:32:53.900,4.876,100
2020-10-16 09:32:53.900,4.876,100
2020-10-16 09:32:53.900,4.876,100
2020-10-16 09:32:53.900,4.876,100
2020-10-16 09:32:53.900,4.876,100
2020-10-16 09:32:53.900,4.876,100
2020-10-16 09:32:53.900,4.876,100
2020-10-16 09:32:53.900,4.876,100
2020-10-16 09:32:53.900,4.876,100
2020-10-16 09:32:53.900,4.876,100
2020-10-16 09:32:53.900,4.876,100
2020-10-16 09:32:53.900,4.876,100
2020-10-16 09:32:53.900,4.876,100
2020-10-16 09:32:53.900,4.876,100
2020-10-16 09:32:53.900,4.876,100
2020-10-16 09:32:53.900,4.876,100
2020-10-16 09:32:53.900,4.876,100
2020-10-16 09:32:53.900,4.876,100
2020-10-16 09:32:53.900,4.876,100
2020-10-16 09:32:53.900,4.876,100
2020-10-16 09:32:53.900,4.876,100
2020-10-16 09:32:53.900,4.876,100
2020-10-16 09:32:53.900,4.876,100
2020-10-16 09:32:53.900,4.876,100
2020-10-16 09:32:53.900,4.876,100
2020-10-16 09:32:53.900,4.876,100
2020-10-16 09:32:53.900,4.876,100
2020-10-16 09:32:53.900,4.876,100
2020-10-16 09:32:53.900,4.876,100
2020-10-16 09:32:53.900,4.876,100
2020-10-16 09:32:53.900,4.876,100
2020-10-16 09:32:53.900,4.876,100
2020-10-16 09:32:53.900,4.876,100
2020-10-16 09:32:53.900,4.876,100
2020-10-16 09:32:53.900,4.876,6700
2020-10-16 09:32:53.900,4.876,43300
2020-10-16 09:32:53.900,4.876,16700
2020-10-16 09:32:55.070,4.876,300
2020-10-16 09:32:56.240,4.876,6700
2020-10-16 09:32:56.310,4.876,6600
2020-10-16 09:32:56.430,4.875,97500
2020-10-16 09:32:56.430,4.875,30000
2020-10-16 09:32:56.430,4.875,16000
2020-10-16 09:32:56.890,4.876,10000
2020-10-16 09:32:56.890,4.876,6600
2020-10-16 09:32:56.890,4.876,100
2020-10-16 09:32:56.890,4.876,100
2020-10-16 09:32:56.890,4.876,100
2020-10-16 09:32:56.890,4.876,100
2020-10-16 09:32:56.890,4.876,100
2020-10-16 09:32:56.890,4.876,100
2020-10-16 09:32:56.890,4.876,100
2020-10-16 09:32:56.890,4.876,100
2020-10-16 09:32:56.890,4.876,100
2020-10-16 09:32:56.890,4.876,100
2020-10-16 09:32:56.890,4.876,100
2020-10-16 09:32:56.890,4.876,100
2020-10-16 09:32:56.890,4.876,100
2020-10-16 09:32:56.890,4.876,100
2020-10-16 09:32:56.890,4.876,100
2020-10-16 09:32:56.890,4.876,100
2020-10-16 09:32:56.890,4.876,100
2020-10-16 09:32:56.890,4.876,100
2020-10-16 09:32:56.890,4.876,100
2020-10-16 09:32:56.890,4.876,100
2020-10-16 09:32:56.890,4.876,100
2020-10-16 09:32:56.890,4.876,100
2020-10-16 09:32:56.890,4.876,100
2020-10-16 09:32:56.890,4.876,100
2020-10-16 09:32:56.890,4.876,100
2020-10-16 09:32:56.890,4.876,100
2020-10-16 09:32:56.890,4.876,100
2020-10-16 09:32:56.890,4.876,100
2020-10-16 09:32:56.890,4.876,100
2020-10-16 09:32:56.890,4.876,100
2020-10-16 09:32:56.890,4.876,100
2020-10-16 09:32:56.890,4.876,100
2020-10-16 09:32:56.890,4.876,100
2020-10-16 09:32:56.890,4.876,100
2020-10-16 09:32:56.890,4.876,100
2020-10-16 09:32:56.890,4.876,100
2020-10-16 09:32:56.890,4.876,100
2020-10-16 09:32:56.890,4.876,100
2020-10-16 09:32:56.890,4.876,100
2020-10-16 09:32:56.890,4.876,100
2020-10-16 09:32:56.890,4.876,100
2020-10-16 09:32:56.890,4.876,100
2020-10-16 09:32:56.890,4.876,100
2020-10-16 09:32:56.890,4.876,100
2020-10-16 09:32:56.890,4.876,100
2020-10-16 09:32:56.890,4.876,100
2020-10-16 09:32:56.890,4.876,100
2020-10-16 09:32:56.890,4.876,100
2020-10-16 09:32:56.890,4.876,100
2020-10-16 09:32:56.890,4.876,100
2020-10-16 09:32:56.890,4.876,100
2020-10-16 09:32:56.890,4.876,100
2020-10-16 09:32:56.890,4.876,100
2020-10-16 09:32:56.890,4.876,100
2020-10-16 09:32:56.890,4.876,100
2020-10-16 09:32:56.890,4.876,100
2020-10-16 09:32:56.890,4.876,100
2020-10-16 09:32:56.890,4.876,100
2020-10-16 09:32:56.890,4.876,100
2020-10-16 09:32:56.890,4.876,100
2020-10-16 09:32:56.890,4.876,100
2020-10-16 09:32:56.890,4.876,100
2020-10-16 09:32:56.890,4.876,100
2020-10-16 09:32:56.890,4.876,100
2020-10-16 09:32:56.890,4.876,100
2020-10-16 09:32:56.890,4.876,100
2020-10-16 09:32:56.890,4.876,100
2020-10-16 09:32:56.890,4.876,100
2020-10-16 09:32:56.890,4.876,100
2020-10-16 09:32:56.890,4.876,100
2020-10-16 09:32:56.890,4.876,100
2020-10-16 09:32:56.890,4.876,100
2020-10-16 09:32:56.890,4.876,100
2020-10-16 09:32:56.890,4.876,100
2020-10-16 09:32:56.890,4.876,100
2020-10-16 09:32:56.890,4.876,100
2020-10-16 09:32:56.890,4.876,100
2020-10-16 09:32:56.890,4.876,100
2020-10-16 09:32:56.890,4.876,100
2020-10-16 09:32:56.890,4.876,100
2020-10-16 09:32:56.890,4.876,5200
2020-10-16 09:32:56.890,4.876,100
2020-10-16 09:32:56.890,4.876,100
2020-10-16 09:32:56.890,4.876,100
2020-10-16 09:32:56.890,4.876,100
2020-10-16 09:32:56.890,4.876,100
2020-10-16 09:32:56.890,4.876,100
2020-10-16 09:32:56.890,4.876,100
2020-10-16 09:32:56.890,4.876,100
2020-10-16 09:32:56.890,4.876,100
2020-10-16 09:32:56.890,4.876,100
2020-10-16 09:32:56.890,4.876,8500
2020-10-16 09:32:56.890,4.876,100
2020-10-16 09:32:56.890,4.876,100
2020-10-16 09:32:56.890,4.876,100
2020-10-16 09:32:56.890,4.876,100
2020-10-16 09:32:56.890,4.876,100
2020-10-16 09:32:56.890,4.876,100
2020-10-16 09:32:56.890,4.876,100
2020-10-16 09:32:57.780,4.875,7000
2020-10-16 09:32:57.780,4.875,10000
2020-10-16 09:32:58.080,4.876,100
2020-10-16 09:32:58.080,4.876,100
2020-10-16 09:32:58.080,4.876,100
2020-10-16 09:32:58.080,4.876,100
2020-10-16 09:32:58.080,4.876,100
2020-10-16 09:32:58.080,4.876,100
2020-10-16 09:32:58.080,4.876,100
2020-10-16 09:32:58.080,4.876,100
2020-10-16 09:32:58.080,4.876,100
2020-10-16 09:32:58.080,4.876,100
2020-10-16 09:32:58.080,4.876,100
2020-10-16 09:32:58.080,4.876,100
2020-10-16 09:32:58.080,4.876,100
2020-10-16 09:32:58.080,4.876,100
2020-10-16 09:32:58.080,4.876,100
2020-10-16 09:32:58.080,4.876,100
2020-10-16 09:32:58.080,4.876,100
2020-10-16 09:32:58.080,4.876,100
2020-10-16 09:32:58.080,4.876,100
2020-10-16 09:32:58.080,4.876,100
2020-10-16 09:32:58.080,4.876,100
2020-10-16 09:32:58.080,4.876,100
2020-10-16 09:32:58.080,4.876,100
2020-10-16 09:32:58.080,4.876,100
2020-10-16 09:32:58.080,4.876,100
2020-10-16 09:32:58.080,4.876,100
2020-10-16 09:32:58.080,4.876,100
2020-10-16 09:32:58.080,4.876,100
2020-10-16 09:32:58.080,4.876,100
2020-10-16 09:32:58.080,4.876,100
2020-10-16 09:32:58.080,4.876,100
2020-10-16 09:32:58.080,4.876,100
2020-10-16 09:32:58.080,4.876,100
2020-10-16 09:32:58.080,4.876,100
2020-10-16 09:32:58.080,4.876,100
2020-10-16 09:32:58.080,4.876,100
2020-10-16 09:32:58.080,4.876,100
2020-10-16 09:32:58.080,4.876,100
2020-10-16 09:32:58.080,4.876,100
2020-10-16 09:32:58.080,4.876,100
2020-10-16 09:32:58.080,4.876,100
2020-10-16 09:32:58.080,4.876,100
2020-10-16 09:32:58.080,4.876,100
2020-10-16 09:32:58.080,4.876,100
2020-10-16 09:32:58.080,4.876,100
2020-10-16 09:32:58.080,4.876,100
2020-10-16 09:32:58.080,4.876,100
2020-10-16 09:32:58.080,4.876,100
2020-10-16 09:32:58.080,4.876,100
2020-10-16 09:32:58.080,4.876,100
2020-10-16 09:32:58.080,4.876,100
2020-10-16 09:32:58.080,4.876,100
2020-10-16 09:32:58.080,4.876,100
2020-10-16 09:32:58.080,4.876,1300
2020-10-16 09:32:58.140,4.876,3700
2020-10-16 09:32:58.140,4.876,100
2020-10-16 09:32:58.140,4.876,100
2020-10-16 09:32:58.140,4.876,100
2020-10-16 09:32:58.140,4.876,100
2020-10-16 09:32:58.140,4.876,100
2020-10-16 09:32:58.140,4.876,100
2020-10-16 09:32:58.140,4.876,100
2020-10-16 09:32:58.140,4.876,100
2020-10-16 09:32:58.140,4.876,100
2020-10-16 09:32:58.140,4.876,100
2020-10-16 09:32:58.140,4.876,100
2020-10-16 09:32:58.140,4.876,100
2020-10-16 09:32:58.140,4.876,100
2020-10-16 09:32:58.140,4.876,100
2020-10-16 09:32:58.140,4.876,100
2020-10-16 09:32:58.140,4.876,100
2020-10-16 09:32:58.140,4.876,100
2020-10-16 09:32:58.140,4.876,100
2020-10-16 09:32:58.140,4.876,100
2020-10-16 09:32:58.140,4.876,100
2020-10-16 09:32:58.140,4.876,100
2020-10-16 09:32:58.140,4.876,100
2020-10-16 09:32:58.140,4.876,100
2020-10-16 09:32:58.140,4.876,100
2020-10-16 09:32:58.140,4.876,100
2020-10-16 09:32:58.140,4.876,100
2020-10-16 09:32:58.140,4.876,100
2020-10-16 09:32:58.140,4.876,100
2020-10-16 09:32:58.140,4.876,100
2020-10-16 09:32:58.140,4.876,100
2020-10-16 09:32:58.440,4.876,2000
2020-10-16 09:32:58.440,4.876,500
2020-10-16 09:32:58.440,4.876,2800
2020-10-16 09:32:58.600,4.876,10000
2020-10-16 09:32:59.060,4.876,2700
2020-10-16 09:32:59.590,4.876,2000
2020-10-16 09:32:59.860,4.876,2800
2020-10-16 09:32:59.890,4.877,6700
2020-10-16 09:32:59.890,4.877,2600
2020-10-16 09:32:59.890,4.877,500
2020-10-16 09:32:59.890,4.877,200
2020-10-16 09:32:59.890,4.877,100
2020-10-16 09:32:59.890,4.877,9900
2020-10-16 09:33:00.240,4.876,2700
2020-10-16 09:33:00.840,4.876,500
2020-10-16 09:33:01.410,4.876,10000
2020-10-16 09:33:01.930,4.876,1000
2020-10-16 09:33:01.990,4.876,100
2020-10-16 09:33:02.840,4.876,100
2020-10-16 09:33:02.840,4.876,100
2020-10-16 09:33:02.840,4.875,100
2020-10-16 09:33:02.840,4.875,100
2020-10-16 09:33:02.840,4.875,100
2020-10-16 09:33:02.900,4.875,100
2020-10-16 09:33:02.900,4.875,100
2020-10-16 09:33:02.900,4.875,100
2020-10-16 09:33:02.900,4.875,100
2020-10-16 09:33:02.900,4.875,100
2020-10-16 09:33:02.900,4.875,100
2020-10-16 09:33:02.900,4.875,100
2020-10-16 09:33:02.930,4.875,100
2020-10-16 09:33:02.930,4.875,100
2020-10-16 09:33:03.000,4.875,100
2020-10-16 09:33:03.000,4.875,100
2020-10-16 09:33:03.000,4.875,100
2020-10-16 09:33:03.000,4.875,100
2020-10-16 09:33:03.000,4.875,100
2020-10-16 09:33:03.050,4.875,100
2020-10-16 09:33:03.050,4.875,100
2020-10-16 09:33:03.050,4.875,100
2020-10-16 09:33:03.050,4.875,100
2020-10-16 09:33:03.120,4.875,100
2020-10-16 09:33:04.920,4.876,15000
2020-10-16 09:33:05.560,4.877,100
2020-10-16 09:33:05.740,4.876,13300
2020-10-16 09:33:05.870,4.876,10000
2020-10-16 09:33:06.720,4.876,1000
2020-10-16 09:33:06.810,4.876,100
2020-10-16 09:33:07.170,4.877,100
2020-10-16 09:33:07.170,4.876,900
2020-10-16 09:33:07.170,4.876,3000
2020-10-16 09:33:07.170,4.876,40500
2020-10-16 09:33:07.170,4.875,5600
2020-10-16 09:33:08.090,4.877,300
2020-10-16 09:33:08.320,4.877,100
2020-10-16 09:33:10.480,4.875,1000
2020-10-16 09:33:11.020,4.875,15300
2020-10-16 09:33:11.600,4.875,5900
2020-10-16 09:33:11.600,4.875,4100
2020-10-16 09:33:11.870,4.876,2400
2020-10-16 09:33:11.870,4.876,7600
2020-10-16 09:33:12.960,4.876,12400
2020-10-16 09:33:12.960,4.877,6300
2020-10-16 09:33:12.960,4.877,5600
2020-10-16 09:33:13.870,4.877,4600
2020-10-16 09:33:13.870,4.877,5000
2020-10-16 09:33:13.870,4.877,3000
2020-10-16 09:33:14.780,4.878,150100
2020-10-16 09:33:14.870,4.877,800
2020-10-16 09:33:15.090,4.877,20500
2020-10-16 09:33:15.210,4.877,2000
2020-10-16 09:33:15.460,4.877,500000
2020-10-16 09:33:16.100,4.877,9600
2020-10-16 09:33:16.710,4.877,1000
2020-10-16 09:33:17.770,4.877,2900
2020-10-16 09:33:18.680,4.878,200
2020-10-16 09:33:19.230,4.878,12100
2020-10-16 09:33:19.230,4.878,138000
2020-10-16 09:33:19.630,4.877,14200
2020-10-16 09:33:19.630,4.877,14200
2020-10-16 09:33:21.010,4.877,5000
2020-10-16 09:33:23.290,4.877,20000
2020-10-16 09:33:25.160,4.878,100
2020-10-16 09:33:25.880,4.878,20000
2020-10-16 09:33:25.910,4.878,10000
2020-10-16 09:33:25.910,4.878,100000
2020-10-16 09:33:25.980,4.878,300
2020-10-16 09:33:26.890,4.878,31600
2020-10-16 09:33:26.890,4.878,10800
2020-10-16 09:33:26.890,4.878,1000
2020-10-16 09:33:26.890,4.878,5000
2020-10-16 09:33:26.890,4.878,31600
2020-10-16 09:33:26.890,4.878,20000
2020-10-16 09:33:26.890,4.878,60000
2020-10-16 09:33:26.890,4.878,100000
2020-10-16 09:33:27.960,4.877,4000
2020-10-16 09:33:28.050,4.877,1000
2020-10-16 09:33:28.300,4.877,1100
2020-10-16 09:33:28.490,4.877,4800
2020-10-16 09:33:28.540,4.877,1900
2020-10-16 09:33:28.760,4.878,88400
2020-10-16 09:33:29.880,4.879,100000
2020-10-16 09:33:29.880,4.879,60000
2020-10-16 09:33:29.880,4.879,100000
2020-10-16 09:33:30.310,4.879,40000
2020-10-16 09:33:30.310,4.879,30000
2020-10-16 09:33:30.310,4.879,4000
2020-10-16 09:33:30.900,4.879,26000
2020-10-16 09:33:30.900,4.878,15300
2020-10-16 09:33:33.490,4.879,500
2020-10-16 09:33:33.950,4.879,5400
2020-10-16 09:33:34.530,4.88,5000
2020-10-16 09:33:34.530,4.88,500
2020-10-16 09:33:34.530,4.88,3000
2020-10-16 09:33:34.530,4.88,10000
2020-10-16 09:33:34.530,4.88,1500
2020-10-16 09:33:34.720,4.879,500
2020-10-16 09:33:35.420,4.879,2800
2020-10-16 09:33:37.440,4.879,10800
2020-10-16 09:33:37.440,4.878,5100
2020-10-16 09:33:37.440,4.878,1000
2020-10-16 09:33:37.440,4.878,500
2020-10-16 09:33:37.440,4.878,100
2020-10-16 09:33:37.440,4.878,300
2020-10-16 09:33:37.440,4.877,12000
2020-10-16 09:33:38.140,4.877,400
2020-10-16 09:33:40.510,4.878,100
2020-10-16 09:33:41.690,4.878,600
2020-10-16 09:33:43.730,4.878,1300
2020-10-16 09:33:43.730,4.879,1900
2020-10-16 09:33:45.850,4.878,2000
2020-10-16 09:33:46.960,4.878,2500
2020-10-16 09:33:47.870,4.878,100000
2020-10-16 09:33:47.990,4.878,20000
2020-10-16 09:33:48.630,4.877,1000
2020-10-16 09:33:50.290,4.878,2400
2020-10-16 09:33:50.870,4.878,30000
2020-10-16 09:33:51.050,4.878,1200
2020-10-16 09:33:51.280,4.877,1200
2020-10-16 09:33:51.430,4.878,600
2020-10-16 09:33:51.980,4.878,500
2020-10-16 09:33:54.150,4.878,5400
2020-10-16 09:33:54.700,4.879,100000
2020-10-16 09:33:54.900,4.878,4300
2020-10-16 09:33:56.220,4.878,10000
2020-10-16 09:33:56.750,4.878,8000
2020-10-16 09:33:56.870,4.879,10000
2020-10-16 09:33:56.900,4.879,100000
2020-10-16 09:33:56.930,4.879,20000
2020-10-16 09:33:56.930,4.879,68100
2020-10-16 09:33:56.930,4.879,31900
2020-10-16 09:33:56.930,4.879,100000
2020-10-16 09:33:56.930,4.879,100000
2020-10-16 09:33:56.930,4.879,67100
2020-10-16 09:33:56.930,4.879,400
2020-10-16 09:33:56.930,4.879,1000
2020-10-16 09:33:56.930,4.879,31500
2020-10-16 09:33:56.930,4.879,10000
2020-10-16 09:33:56.930,4.879,20000
2020-10-16 09:33:56.930,4.879,10000
2020-10-16 09:33:56.930,4.879,100000
2020-10-16 09:33:57.590,4.878,2100
2020-10-16 09:33:57.650,4.879,300
2020-10-16 09:33:58.800,4.878,200
2020-10-16 09:33:58.800,4.878,1900
2020-10-16 09:33:58.800,4.877,2900
2020-10-16 09:33:59.650,4.878,1800
2020-10-16 09:33:59.880,4.879,100000
2020-10-16 09:33:59.910,4.879,10000
2020-10-16 09:33:59.910,4.879,10000
2020-10-16 09:33:59.910,4.879,8200
2020-10-16 09:33:59.910,4.879,1300
2020-10-16 09:33:59.910,4.879,10500
2020-10-16 09:34:01.160,4.879,30000
2020-10-16 09:34:01.290,4.878,4000
2020-10-16 09:34:01.490,4.879,9500
2020-10-16 09:34:01.490,4.879,2500
2020-10-16 09:34:01.490,4.879,800
2020-10-16 09:34:01.490,4.88,1500
2020-10-16 09:34:01.490,4.88,200
2020-10-16 09:34:01.490,4.88,5000
2020-10-16 09:34:01.490,4.88,7000
2020-10-16 09:34:01.490,4.88,4000
2020-10-16 09:34:01.490,4.88,100
2020-10-16 09:34:01.490,4.88,100
2020-10-16 09:34:01.490,4.88,10000
2020-10-16 09:34:01.490,4.88,30000
2020-10-16 09:34:01.490,4.88,29300
2020-10-16 09:34:02.550,4.878,24200
2020-10-16 09:34:02.550,4.878,400
2020-10-16 09:34:02.550,4.878,25400
2020-10-16 09:34:02.900,4.88,700
2020-10-16 09:34:02.900,4.88,99300
2020-10-16 09:34:02.900,4.88,700
2020-10-16 09:34:02.900,4.88,99300
2020-10-16 09:34:02.900,4.88,20000
2020-10-16 09:34:02.900,4.88,20000
2020-10-16 09:34:02.900,4.88,20000
2020-10-16 09:34:02.900,4.88,100000
2020-10-16 09:34:02.900,4.88,40700
2020-10-16 09:34:02.900,4.88,400
2020-10-16 09:34:02.900,4.88,8900
2020-10-16 09:34:02.900,4.88,70000
2020-10-16 09:34:04.190,4.88,5000
2020-10-16 09:34:04.780,4.88,30000
2020-10-16 09:34:05.320,4.879,5000
2020-10-16 09:34:05.750,4.879,25000
2020-10-16 09:34:05.750,4.878,14600
2020-10-16 09:34:05.750,4.878,10000
2020-10-16 09:34:05.750,4.878,150400
2020-10-16 09:34:05.860,4.88,30000
2020-10-16 09:34:06.010,4.88,10000
2020-10-16 09:34:06.010,4.88,20000
2020-10-16 09:34:06.430,4.88,26100
2020-10-16 09:34:06.460,4.88,1000
2020-10-16 09:34:06.700,4.88,500
2020-10-16 09:34:07.170,4.88,400
2020-10-16 09:34:07.270,4.88,5700
2020-10-16 09:34:07.790,4.881,500
2020-10-16 09:34:08.880,4.881,9500
2020-10-16 09:34:08.880,4.881,88600
2020-10-16 09:34:08.880,4.881,1900
2020-10-16 09:34:08.880,4.881,3100
2020-10-16 09:34:08.880,4.881,19900
2020-10-16 09:34:08.880,4.881,77000
2020-10-16 09:34:08.880,4.881,23000
2020-10-16 09:34:08.880,4.881,10000
2020-10-16 09:34:08.880,4.881,9000
2020-10-16 09:34:08.880,4.881,6000
2020-10-16 09:34:08.880,4.881,10000
2020-10-16 09:34:08.880,4.881,30000
2020-10-16 09:34:08.880,4.881,2000
2020-10-16 09:34:08.880,4.881,100000
2020-10-16 09:34:09.710,4.879,2500
2020-10-16 09:34:09.900,4.88,5000
2020-10-16 09:34:09.900,4.881,198000
2020-10-16 09:34:10.400,4.881,30000
2020-10-16 09:34:11.050,4.881,67000
2020-10-16 09:34:11.730,4.88,500
2020-10-16 09:34:12.240,4.879,2100
2020-10-16 09:34:12.280,4.879,30000
2020-10-16 09:34:13.280,4.879,400
2020-10-16 09:34:13.280,4.879,5000
2020-10-16 09:34:13.280,4.879,100
2020-10-16 09:34:14.430,4.879,24500
2020-10-16 09:34:14.990,4.88,2000
2020-10-16 09:34:15.020,4.879,75500
2020-10-16 09:34:16.340,4.878,1400
2020-10-16 09:34:16.340,4.878,10000
2020-10-16 09:34:16.340,4.878,100
2020-10-16 09:34:16.340,4.878,4000
2020-10-16 09:34:16.340,4.878,34500
2020-10-16 09:34:16.400,4.879,30000
2020-10-16 09:34:16.400,4.879,10000
2020-10-16 09:34:16.460,4.879,10000
2020-10-16 09:34:16.610,4.879,100000
2020-10-16 09:34:17.890,4.879,40000
2020-10-16 09:34:17.930,4.879,34500
2020-10-16 09:34:17.930,4.879,5500
2020-10-16 09:34:17.930,4.879,30000
2020-10-16 09:34:17.930,4.879,10000
2020-10-16 09:34:17.930,4.879,80000
2020-10-16 09:34:17.930,4.879,30000
2020-10-16 09:34:17.930,4.879,20000
2020-10-16 09:34:17.930,4.879,20000
2020-10-16 09:34:18.440,4.879,400
2020-10-16 09:34:18.530,4.879,1300
2020-10-16 09:34:19.360,4.879,28700
2020-10-16 09:34:19.390,4.879,500
2020-10-16 09:34:20.420,4.879,73600
2020-10-16 09:34:21.610,4.879,26400
2020-10-16 09:34:21.860,4.879,3600
2020-10-16 09:34:21.860,4.88,27500
2020-10-16 09:34:21.860,4.88,68900
2020-10-16 09:34:21.920,4.88,100000
2020-10-16 09:34:21.920,4.88,60000
2020-10-16 09:34:24.390,4.879,30000
2020-10-16 09:34:24.390,4.879,13400
2020-10-16 09:34:24.390,4.88,71100
2020-10-16 09:34:24.390,4.88,10000
2020-10-16 09:34:24.390,4.88,2000
2020-10-16 09:34:24.390,4.88,16900
2020-10-16 09:34:24.560,4.879,30000
2020-10-16 09:34:26.040,4.879,26600
2020-10-16 09:34:27.900,4.878,9900
2020-10-16 09:34:27.900,4.878,100
2020-10-16 09:34:27.900,4.879,3400
2020-10-16 09:34:27.900,4.879,66600
2020-10-16 09:34:27.930,4.879,80000
2020-10-16 09:34:28.450,4.879,30100
2020-10-16 09:34:29.250,4.879,6000
2020-10-16 09:34:29.360,4.879,10000
2020-10-16 09:34:29.910,4.879,7300
2020-10-16 09:34:29.910,4.879,12700
2020-10-16 09:34:29.910,4.879,40000
2020-10-16 09:34:29.910,4.879,100000
2020-10-16 09:34:29.910,4.879,30000
2020-10-16 09:34:29.910,4.879,50000
2020-10-16 09:34:30.380,4.878,400
2020-10-16 09:34:30.380,4.879,66300
2020-10-16 09:34:30.380,4.88,24900
2020-10-16 09:34:30.380,4.88,8800
2020-10-16 09:34:30.440,4.879,200
2020-10-16 09:34:30.440,4.88,99800
2020-10-16 09:34:30.440,4.88,91400
2020-10-16 09:34:30.440,4.88,100
2020-10-16 09:34:30.440,4.88,2000
2020-10-16 09:34:30.440,4.88,6500
2020-10-16 09:34:31.560,4.88,3000
2020-10-16 09:34:31.560,4.88,20000
2020-10-16 09:34:31.560,4.88,277000
2020-10-16 09:34:31.760,4.879,2000
2020-10-16 09:34:31.930,4.879,20000
2020-10-16 09:34:31.990,4.88,100
2020-10-16 09:34:32.080,4.879,3500
2020-10-16 09:34:32.880,4.88,10000
2020-10-16 09:34:35.220,4.879,1000
2020-10-16 09:34:35.860,4.88,10000
2020-10-16 09:34:35.860,4.88,2900
2020-10-16 09:34:35.860,4.88,1500
2020-10-16 09:34:35.860,4.88,5600
2020-10-16 09:34:35.890,4.88,20000
2020-10-16 09:34:35.890,4.88,10000
2020-10-16 09:34:35.890,4.88,10000
2020-10-16 09:34:37.540,4.88,100
2020-10-16 09:34:37.720,4.88,24100
2020-10-16 09:34:37.750,4.881,400
2020-10-16 09:34:37.970,4.881,3700
2020-10-16 09:34:37.970,4.881,50000
2020-10-16 09:34:37.970,4.881,1000
2020-10-16 09:34:37.970,4.881,5000
2020-10-16 09:34:37.970,4.881,10000
2020-10-16 09:34:38.970,4.882,10000
2020-10-16 09:34:38.970,4.882,600
2020-10-16 09:34:38.970,4.882,100
2020-10-16 09:34:38.970,4.882,9300
2020-10-16 09:34:39.330,4.881,15000
2020-10-16 09:34:40.080,4.881,600
2020-10-16 09:34:40.110,4.881,7000
2020-10-16 09:34:40.650,4.881,100
2020-10-16 09:34:41.020,4.881,10000
2020-10-16 09:34:41.350,4.881,300
2020-10-16 09:34:42.050,4.881,13800
2020-10-16 09:34:43.230,4.881,1300
2020-10-16 09:34:44.270,4.881,66900
2020-10-16 09:34:44.270,4.881,100000
2020-10-16 09:34:44.270,4.881,6900
2020-10-16 09:34:44.880,4.881,10000
2020-10-16 09:34:44.910,4.881,80000
2020-10-16 09:34:44.910,4.881,10000
2020-10-16 09:34:45.200,4.881,26200
2020-10-16 09:34:46.010,4.882,200
2020-10-16 09:34:46.400,4.882,5000
2020-10-16 09:34:46.650,4.881,2000
2020-10-16 09:34:46.940,4.881,500
2020-10-16 09:34:47.010,4.882,85500
2020-10-16 09:34:47.010,4.882,5000
2020-10-16 09:34:47.010,4.882,500
2020-10-16 09:34:47.010,4.882,200
2020-10-16 09:34:47.010,4.882,400
2020-10-16 09:34:47.010,4.882,5100
2020-10-16 09:34:47.010,4.882,1000
2020-10-16 09:34:47.010,4.882,10000
2020-10-16 09:34:47.010,4.882,200
2020-10-16 09:34:47.010,4.882,10300
2020-10-16 09:34:50.460,4.882,1000
2020-10-16 09:34:50.460,4.882,2300
2020-10-16 09:34:51.040,4.882,200
2020-10-16 09:34:51.150,4.882,200
2020-10-16 09:34:52.510,4.883,500
2020-10-16 09:34:52.510,4.883,8800
2020-10-16 09:34:52.670,4.883,1200
2020-10-16 09:34:52.670,4.883,1700
2020-10-16 09:34:52.670,4.883,20000
2020-10-16 09:34:52.670,4.883,10000
2020-10-16 09:34:52.670,4.883,16600
2020-10-16 09:34:52.670,4.883,100
2020-10-16 09:34:52.670,4.883,8300
2020-10-16 09:34:52.670,4.883,300
2020-10-16 09:34:52.670,4.883,2700
2020-10-16 09:34:52.910,4.882,600
2020-10-16 09:34:54.350,4.882,1400
2020-10-16 09:34:54.900,4.882,500
2020-10-16 09:34:55.250,4.882,100
2020-10-16 09:34:55.850,4.882,400
2020-10-16 09:34:56.160,4.883,56100
2020-10-16 09:34:57.080,4.882,2000
2020-10-16 09:34:58.350,4.883,13400
2020-10-16 09:34:58.710,4.882,300
2020-10-16 09:34:59.290,4.882,100
2020-10-16 09:35:00.370,4.883,500
2020-10-16 09:35:00.930,4.882,9500
2020-10-16 09:35:00.930,4.882,100
2020-10-16 09:35:00.930,4.882,400
2020-10-16 09:35:01.050,4.882,5000
2020-10-16 09:35:02.410,4.883,800
2020-10-16 09:35:03.240,4.882,5400
2020-10-16 09:35:03.240,4.882,12300
2020-10-16 09:35:03.240,4.882,2300
2020-10-16 09:35:04.020,4.882,4000
2020-10-16 09:35:04.020,4.882,10000
2020-10-16 09:35:04.020,4.882,100
2020-10-16 09:35:04.020,4.882,3500
2020-10-16 09:35:04.020,4.882,300
2020-10-16 09:35:04.610,4.881,2000
2020-10-16 09:35:04.990,4.882,1500
2020-10-16 09:35:05.930,4.882,600
2020-10-16 09:35:05.930,4.882,1000
2020-10-16 09:35:05.930,4.882,10000
2020-10-16 09:35:05.930,4.882,50000
2020-10-16 09:35:05.930,4.883,1000
2020-10-16 09:35:05.930,4.883,237400
2020-10-16 09:35:07.350,4.882,20000
2020-10-16 09:35:07.350,4.882,2000
2020-10-16 09:35:07.390,4.883,300
2020-10-16 09:35:08.910,4.882,10000
2020-10-16 09:35:11.120,4.882,100
2020-10-16 09:35:11.330,4.882,1900
2020-10-16 09:35:11.420,4.882,8100
2020-10-16 09:35:11.510,4.883,62300
2020-10-16 09:35:11.510,4.883,100
2020-10-16 09:35:11.510,4.883,5000
2020-10-16 09:35:11.510,4.883,500
2020-10-16 09:35:11.510,4.883,87700
2020-10-16 09:35:11.900,4.883,10000
2020-10-16 09:35:11.900,4.883,10000
2020-10-16 09:35:11.900,4.883,80000
2020-10-16 09:35:11.900,4.883,80000
2020-10-16 09:35:12.140,4.883,100
2020-10-16 09:35:12.220,4.883,25800
2020-10-16 09:35:12.410,4.883,5400
2020-10-16 09:35:12.410,4.883,41700
2020-10-16 09:35:12.410,4.883,10000
2020-10-16 09:35:13.010,4.883,100
2020-10-16 09:35:13.160,4.883,10000
2020-10-16 09:35:13.250,4.884,3000
2020-10-16 09:35:13.250,4.884,25000
2020-10-16 09:35:13.250,4.884,7000
2020-10-16 09:35:13.250,4.884,3000
2020-10-16 09:35:13.250,4.884,25000
2020-10-16 09:35:13.250,4.884,16600
2020-10-16 09:35:13.250,4.884,7000
2020-10-16 09:35:13.250,4.884,15000
2020-10-16 09:35:13.250,4.884,1000
2020-10-16 09:35:13.250,4.884,12200
2020-10-16 09:35:13.250,4.884,400
2020-10-16 09:35:13.250,4.884,184800
2020-10-16 09:35:13.280,4.883,100
2020-10-16 09:35:13.430,4.884,15200
2020-10-16 09:35:13.430,4.884,100
2020-10-16 09:35:13.430,4.885,1000
2020-10-16 09:35:13.430,4.885,100
2020-10-16 09:35:13.430,4.885,3000
2020-10-16 09:35:13.430,4.885,2500
2020-10-16 09:35:13.430,4.885,500
2020-10-16 09:35:13.430,4.885,500
2020-10-16 09:35:13.430,4.885,300000
2020-10-16 09:35:13.430,4.885,5000
2020-10-16 09:35:13.430,4.885,1000
2020-10-16 09:35:13.430,4.885,700
2020-10-16 09:35:13.430,4.885,3000
2020-10-16 09:35:13.430,4.885,2000
2020-10-16 09:35:13.430,4.885,500
2020-10-16 09:35:13.430,4.885,1000
2020-10-16 09:35:13.430,4.885,3000
2020-10-16 09:35:13.430,4.885,10000
2020-10-16 09:35:13.430,4.885,3000
2020-10-16 09:35:13.430,4.885,500
2020-10-16 09:35:13.430,4.885,12700
2020-10-16 09:35:13.430,4.885,2000
2020-10-16 09:35:13.430,4.885,500
2020-10-16 09:35:13.430,4.885,3000
2020-10-16 09:35:13.430,4.885,1000
2020-10-16 09:35:13.430,4.885,10000
2020-10-16 09:35:13.430,4.885,5000
2020-10-16 09:35:13.430,4.885,1500
2020-10-16 09:35:13.430,4.885,500
2020-10-16 09:35:15.060,4.886,13700
2020-10-16 09:35:15.060,4.886,5000
2020-10-16 09:35:15.060,4.886,1000
2020-10-16 09:35:15.060,4.886,300
2020-10-16 09:35:16.080,4.883,300
2020-10-16 09:35:16.330,4.883,500
2020-10-16 09:35:16.420,4.883,500
2020-10-16 09:35:19.310,4.884,10000
2020-10-16 09:35:19.430,4.884,88700
2020-10-16 09:35:19.760,4.884,44000
2020-10-16 09:35:20.050,4.886,200
2020-10-16 09:35:20.050,4.886,10000
2020-10-16 09:35:20.050,4.886,500
2020-10-16 09:35:20.050,4.886,2000
2020-10-16 09:35:20.050,4.886,5000
2020-10-16 09:35:20.050,4.886,2300
2020-10-16 09:35:20.140,4.886,300
2020-10-16 09:35:20.610,4.884,40000
2020-10-16 09:35:21.870,4.884,500
2020-10-16 09:35:22.110,4.884,116800
2020-10-16 09:35:22.110,4.884,13000
2020-10-16 09:35:22.110,4.883,170200
2020-10-16 09:35:22.730,4.886,100
2020-10-16 09:35:22.730,4.886,2000
2020-10-16 09:35:22.730,4.886,200
2020-10-16 09:35:22.730,4.886,400
2020-10-16 09:35:22.730,4.886,1000
2020-10-16 09:35:22.730,4.886,1300
2020-10-16 09:35:22.930,4.886,8700
2020-10-16 09:35:22.930,4.886,5000
2020-10-16 09:35:22.930,4.886,1000
2020-10-16 09:35:23.670,4.887,5000
2020-10-16 09:35:23.670,4.887,600
2020-10-16 09:35:23.670,4.887,2000
2020-10-16 09:35:23.670,4.887,700
2020-10-16 09:35:23.670,4.887,12100
2020-10-16 09:35:23.670,4.887,2900
2020-10-16 09:35:23.670,4.887,3000
2020-10-16 09:35:23.670,4.887,10000
2020-10-16 09:35:23.670,4.887,400
2020-10-16 09:35:23.670,4.887,5000
2020-10-16 09:35:23.670,4.887,700
2020-10-16 09:35:23.670,4.887,100
2020-10-16 09:35:23.670,4.887,100
2020-10-16 09:35:23.670,4.887,127900
2020-10-16 09:35:25.100,4.886,100
2020-10-16 09:35:25.580,4.886,5200
2020-10-16 09:35:25.580,4.886,100
2020-10-16 09:35:26.650,4.886,500
2020-10-16 09:35:28.370,4.887,30000
2020-10-16 09:35:28.430,4.887,30000
2020-10-16 09:35:28.430,4.887,20000
2020-10-16 09:35:28.430,4.887,20000
2020-10-16 09:35:29.880,4.887,80000
2020-10-16 09:35:29.910,4.886,19400
2020-10-16 09:35:29.910,4.886,1300
2020-10-16 09:35:29.910,4.886,39200
2020-10-16 09:35:29.910,4.886,35800
2020-10-16 09:35:29.910,4.886,800
2020-10-16 09:35:29.910,4.886,1800
2020-10-16 09:35:29.910,4.886,4000
2020-10-16 09:35:29.910,4.886,58500
2020-10-16 09:35:29.910,4.886,2600
2020-10-16 09:35:29.910,4.886,200
2020-10-16 09:35:29.910,4.886,6600
2020-10-16 09:35:29.910,4.886,329800
2020-10-16 09:35:30.080,4.886,20000
2020-10-16 09:35:30.140,4.887,20000
2020-10-16 09:35:30.700,4.888,2200
2020-10-16 09:35:30.700,4.888,1000
2020-10-16 09:35:30.700,4.888,800
2020-10-16 09:35:31.990,4.887,100
2020-10-16 09:35:33.250,4.888,1500
2020-10-16 09:35:33.250,4.888,1100
2020-10-16 09:35:33.250,4.888,5000
2020-10-16 09:35:33.250,4.888,1900
2020-10-16 09:35:33.250,4.888,20000
2020-10-16 09:35:33.250,4.888,2200
2020-10-16 09:35:33.250,4.888,100
2020-10-16 09:35:33.250,4.888,10000
2020-10-16 09:35:33.250,4.888,2000
2020-10-16 09:35:33.250,4.888,20000
2020-10-16 09:35:33.250,4.888,500
2020-10-16 09:35:33.250,4.888,300
2020-10-16 09:35:33.250,4.888,2000
2020-10-16 09:35:33.250,4.888,10000
2020-10-16 09:35:33.250,4.888,10000
2020-10-16 09:35:33.250,4.888,6000
2020-10-16 09:35:33.250,4.888,700
2020-10-16 09:35:33.250,4.888,500
2020-10-16 09:35:33.250,4.888,5000
2020-10-16 09:35:33.250,4.888,1000
2020-10-16 09:35:33.250,4.888,28700
2020-10-16 09:35:33.820,4.887,279900
2020-10-16 09:35:33.820,4.887,20100
2020-10-16 09:35:34.310,4.887,179900
2020-10-16 09:35:34.310,4.887,20000
2020-10-16 09:35:35.450,4.886,200
2020-10-16 09:35:36.250,4.885,100000
2020-10-16 09:35:36.250,4.885,100
2020-10-16 09:35:36.890,4.886,100
2020-10-16 09:35:37.260,4.886,7100
2020-10-16 09:35:37.450,4.886,1500
2020-10-16 09:35:38.810,4.885,27613
2020-10-16 09:35:38.930,4.886,1100
2020-10-16 09:35:38.930,4.886,800
2020-10-16 09:35:39.340,4.887,1000
2020-10-16 09:35:39.340,4.887,42300
2020-10-16 09:35:39.470,4.887,1000
2020-10-16 09:35:41.390,4.886,5000
2020-10-16 09:35:41.450,4.887,200
2020-10-16 09:35:42.530,4.887,2000
2020-10-16 09:35:42.660,4.886,5000
2020-10-16 09:35:42.950,4.886,100
2020-10-16 09:35:43.490,4.887,2000
2020-10-16 09:35:44.090,4.886,100
2020-10-16 09:35:44.880,4.887,800
2020-10-16 09:35:44.880,4.887,5000
2020-10-16 09:35:44.880,4.887,2000
2020-10-16 09:35:44.880,4.887,15000
2020-10-16 09:35:44.880,4.887,10000
2020-10-16 09:35:46.280,4.887,41700
2020-10-16 09:35:46.730,4.887,15600
2020-10-16 09:35:47.200,4.887,9900
2020-10-16 09:35:47.200,4.887,40000
2020-10-16 09:35:47.200,4.887,60000
2020-10-16 09:35:47.200,4.887,50000
2020-10-16 09:35:47.200,4.887,140100
2020-10-16 09:35:47.870,4.888,40000
2020-10-16 09:35:47.870,4.888,18700
2020-10-16 09:35:47.870,4.888,5000
2020-10-16 09:35:47.870,4.888,10000
2020-10-16 09:35:47.870,4.888,1000
2020-10-16 09:35:47.870,4.888,2000
2020-10-16 09:35:47.870,4.888,500
2020-10-16 09:35:47.870,4.888,2800
2020-10-16 09:35:48.760,4.887,100
2020-10-16 09:35:49.140,4.887,1000
2020-10-16 09:35:49.190,4.888,2200
2020-10-16 09:35:49.190,4.888,20000
2020-10-16 09:35:49.190,4.888,1500
2020-10-16 09:35:49.190,4.888,10000
2020-10-16 09:35:49.190,4.888,200
2020-10-16 09:35:49.890,4.887,5000
2020-10-16 09:35:50.920,4.888,9800
2020-10-16 09:35:50.920,4.888,10200
2020-10-16 09:35:50.920,4.888,50000
2020-10-16 09:35:50.920,4.888,20000
2020-10-16 09:35:51.900,4.887,1000
2020-10-16 09:35:52.220,4.887,1300
2020-10-16 09:35:52.590,4.887,100
2020-10-16 09:35:52.910,4.887,100
2020-10-16 09:35:53.200,4.888,500
2020-10-16 09:35:53.200,4.888,7700
2020-10-16 09:35:53.200,4.888,8200
2020-10-16 09:35:53.640,4.888,20400
2020-10-16 09:35:53.860,4.888,40000
2020-10-16 09:35:53.920,4.888,6800
2020-10-16 09:35:53.920,4.888,2100
2020-10-16 09:35:53.920,4.888,10000
2020-10-16 09:35:54.500,4.888,5200
2020-10-16 09:35:54.750,4.889,5000
2020-10-16 09:35:54.750,4.889,800
2020-10-16 09:35:54.750,4.889,2400
2020-10-16 09:35:54.780,4.889,7600
2020-10-16 09:35:54.780,4.889,600
2020-10-16 09:35:54.900,4.888,100
2020-10-16 09:35:55.500,4.888,15800
2020-10-16 09:35:55.500,4.888,4200
2020-10-16 09:35:55.500,4.889,9400
2020-10-16 09:35:55.500,4.889,7500
2020-10-16 09:35:55.500,4.889,5200
2020-10-16 09:35:55.500,4.889,5000
2020-10-16 09:35:55.500,4.889,200
2020-10-16 09:35:55.500,4.889,100
2020-10-16 09:35:55.500,4.889,3000
2020-10-16 09:35:55.500,4.889,3000
2020-10-16 09:35:55.500,4.889,15900
2020-10-16 09:35:55.500,4.889,5000
2020-10-16 09:35:55.500,4.889,5000
2020-10-16 09:35:55.500,4.889,40700
2020-10-16 09:35:55.650,4.888,5000
2020-10-16 09:35:56.940,4.889,10000
2020-10-16 09:35:57.210,4.889,3000
2020-10-16 09:35:57.210,4.889,1500
2020-10-16 09:35:57.730,4.889,2000
2020-10-16 09:35:57.790,4.889,200
2020-10-16 09:35:58.720,4.89,100
2020-10-16 09:35:58.720,4.89,500
2020-10-16 09:35:58.720,4.89,13000
2020-10-16 09:35:58.720,4.89,6000
2020-10-16 09:35:58.720,4.89,5000
2020-10-16 09:35:58.720,4.89,700
2020-10-16 09:35:58.720,4.89,2000
2020-10-16 09:35:58.720,4.89,2500
2020-10-16 09:35:58.720,4.89,4000
2020-10-16 09:35:58.720,4.89,500
2020-10-16 09:35:58.720,4.89,700
2020-10-16 09:35:58.720,4.89,1100
2020-10-16 09:35:58.720,4.89,5000
2020-10-16 09:35:58.720,4.89,200
2020-10-16 09:35:58.720,4.89,1500
2020-10-16 09:35:58.720,4.89,13300
2020-10-16 09:35:58.720,4.89,700
2020-10-16 09:35:58.720,4.89,3000
2020-10-16 09:35:58.720,4.89,200
2020-10-16 09:35:58.720,4.89,2500
2020-10-16 09:35:58.720,4.89,15000
2020-10-16 09:35:58.720,4.89,500
2020-10-16 09:35:58.720,4.89,10000
2020-10-16 09:35:58.720,4.89,200
2020-10-16 09:35:58.720,4.89,3000
2020-10-16 09:35:58.720,4.89,5000
2020-10-16 09:35:58.720,4.89,3800
2020-10-16 09:35:58.840,4.889,2100
2020-10-16 09:35:58.960,4.89,56200
2020-10-16 09:35:58.960,4.89,15000
2020-10-16 09:35:58.960,4.89,1000
2020-10-16 09:35:58.960,4.89,900
2020-10-16 09:35:58.960,4.89,1000
2020-10-16 09:35:58.960,4.89,1000
2020-10-16 09:35:58.960,4.89,1000
2020-10-16 09:35:58.960,4.89,3000
2020-10-16 09:35:58.960,4.89,30000
2020-10-16 09:35:58.960,4.89,200
2020-10-16 09:35:58.960,4.89,2000
2020-10-16 09:35:58.960,4.89,500
2020-10-16 09:35:58.960,4.89,100
2020-10-16 09:35:58.960,4.89,3500
2020-10-16 09:35:58.960,4.89,51400
2020-10-16 09:35:58.960,4.89,60000
2020-10-16 09:35:58.960,4.89,10000
2020-10-16 09:35:58.960,4.89,3000
2020-10-16 09:35:58.960,4.89,500
2020-10-16 09:35:58.960,4.89,300000
2020-10-16 09:35:59.290,4.89,30000
2020-10-16 09:35:59.460,4.89,2000
2020-10-16 09:35:59.490,4.89,4400
2020-10-16 09:35:59.920,4.891,10000
2020-10-16 09:35:59.920,4.891,10000
2020-10-16 09:35:59.920,4.891,1000
2020-10-16 09:35:59.920,4.891,9000
2020-10-16 09:35:59.920,4.891,10000
2020-10-16 09:36:00.250,4.891,81000
2020-10-16 09:36:00.930,4.891,10000
2020-10-16 09:36:01.320,4.891,5000
2020-10-16 09:36:02.050,4.891,1900
2020-10-16 09:36:02.500,4.891,100
2020-10-16 09:36:02.650,4.891,7000
2020-10-16 09:36:02.700,4.891,5000
2020-10-16 09:36:02.770,4.891,1000
2020-10-16 09:36:02.970,4.891,5000
2020-10-16 09:36:03.370,4.891,10000
2020-10-16 09:36:03.470,4.892,4100
2020-10-16 09:36:03.470,4.892,600
2020-10-16 09:36:03.470,4.892,4000
2020-10-16 09:36:03.470,4.892,500
2020-10-16 09:36:03.470,4.892,1000
2020-10-16 09:36:03.470,4.892,1000
2020-10-16 09:36:03.470,4.892,800
2020-10-16 09:36:03.470,4.891,500
2020-10-16 09:36:04.150,4.891,300
2020-10-16 09:36:04.560,4.891,9200
2020-10-16 09:36:04.800,4.892,1400
2020-10-16 09:36:04.800,4.892,400
2020-10-16 09:36:04.800,4.892,100
2020-10-16 09:36:04.800,4.892,4000
2020-10-16 09:36:04.800,4.892,3000
2020-10-16 09:36:04.800,4.892,1000
2020-10-16 09:36:04.800,4.892,40000
2020-10-16 09:36:04.800,4.892,100200
2020-10-16 09:36:05.840,4.891,6500
2020-10-16 09:36:05.840,4.891,100000
2020-10-16 09:36:05.840,4.891,35800
2020-10-16 09:36:05.840,4.891,1300
2020-10-16 09:36:05.840,4.891,56200
2020-10-16 09:36:06.270,4.891,2300
2020-10-16 09:36:06.270,4.891,700
2020-10-16 09:36:06.290,4.891,100
2020-10-16 09:36:06.290,4.891,300
2020-10-16 09:36:06.940,4.892,2600
2020-10-16 09:36:07.150,4.891,300
2020-10-16 09:36:07.330,4.891,3400
2020-10-16 09:36:07.330,4.891,1800
2020-10-16 09:36:07.330,4.891,2600
2020-10-16 09:36:07.880,4.89,20000
2020-10-16 09:36:07.880,4.89,5000
2020-10-16 09:36:07.880,4.89,275000
2020-10-16 09:36:07.880,4.891,32200
2020-10-16 09:36:07.880,4.891,500
2020-10-16 09:36:07.880,4.891,50000
2020-10-16 09:36:07.880,4.892,37400
2020-10-16 09:36:07.880,4.892,20000
2020-10-16 09:36:07.880,4.892,50000
2020-10-16 09:36:07.880,4.892,40000
2020-10-16 09:36:08.090,4.892,2500
2020-10-16 09:36:08.090,4.892,100
2020-10-16 09:36:08.210,4.892,200
2020-10-16 09:36:08.470,4.892,400
2020-10-16 09:36:08.730,4.892,10700
2020-10-16 09:36:08.730,4.892,500
2020-10-16 09:36:08.780,4.892,2000
2020-10-16 09:36:09.360,4.89,25000
2020-10-16 09:36:09.360,4.89,2200
2020-10-16 09:36:09.360,4.89,12800
2020-10-16 09:36:09.910,4.89,60000
2020-10-16 09:36:10.290,4.89,27200
2020-10-16 09:36:10.290,4.889,4900
2020-10-16 09:36:10.290,4.889,7900
2020-10-16 09:36:10.890,4.889,3200
2020-10-16 09:36:11.850,4.889,10000
2020-10-16 09:36:12.150,4.889,40000
2020-10-16 09:36:12.190,4.89,3900
2020-10-16 09:36:12.240,4.889,20000
2020-10-16 09:36:12.310,4.889,18900
2020-10-16 09:36:12.340,4.888,40000
2020-10-16 09:36:13.370,4.888,6000
2020-10-16 09:36:13.370,4.888,5000
2020-10-16 09:36:13.370,4.888,10000
2020-10-16 09:36:13.370,4.888,19000
2020-10-16 09:36:14.050,4.888,5000
2020-10-16 09:36:14.080,4.889,1000
2020-10-16 09:36:14.480,4.888,36000
2020-10-16 09:36:14.480,4.888,250000
2020-10-16 09:36:14.480,4.888,1000
2020-10-16 09:36:14.480,4.888,13000
2020-10-16 09:36:14.940,4.888,5000
2020-10-16 09:36:14.940,4.888,300
2020-10-16 09:36:16.600,4.888,10000
2020-10-16 09:36:17.520,4.888,5100
2020-10-16 09:36:18.930,4.888,2000
2020-10-16 09:36:19.660,4.888,100
2020-10-16 09:36:20.050,4.887,600
2020-10-16 09:36:20.050,4.887,4400
2020-10-16 09:36:21.050,4.887,100
2020-10-16 09:36:21.560,4.888,500
2020-10-16 09:36:22.190,4.887,5700
2020-10-16 09:36:22.190,4.887,24300
2020-10-16 09:36:22.790,4.887,5700
2020-10-16 09:36:22.790,4.887,500
2020-10-16 09:36:22.790,4.886,43800
2020-10-16 09:36:23.130,4.888,500
2020-10-16 09:36:26.290,4.887,100
2020-10-16 09:36:27.460,4.887,700
2020-10-16 09:36:27.930,4.887,900
2020-10-16 09:36:27.930,4.887,7000
2020-10-16 09:36:27.930,4.887,11000
2020-10-16 09:36:27.930,4.887,2800
2020-10-16 09:36:28.800,4.887,1600
2020-10-16 09:36:29.170,4.886,1100
2020-10-16 09:36:29.880,4.887,60800
2020-10-16 09:36:29.880,4.887,500
2020-10-16 09:36:29.880,4.887,20000
2020-10-16 09:36:29.880,4.887,500
2020-10-16 09:36:29.880,4.887,50000
2020-10-16 09:36:29.880,4.887,1300
2020-10-16 09:36:29.880,4.887,100
2020-10-16 09:36:29.880,4.887,30000
2020-10-16 09:36:29.880,4.887,100
2020-10-16 09:36:30.030,4.887,200
2020-10-16 09:36:30.120,4.887,15500
2020-10-16 09:36:30.150,4.887,50000
2020-10-16 09:36:30.270,4.887,97200
2020-10-16 09:36:30.500,4.887,5000
2020-10-16 09:36:30.640,4.887,300
2020-10-16 09:36:30.740,4.887,3000
2020-10-16 09:36:30.910,4.887,5000
2020-10-16 09:36:31.090,4.887,1000
2020-10-16 09:36:31.370,4.887,49700
2020-10-16 09:36:33.080,4.886,3000
2020-10-16 09:36:33.270,4.887,100
2020-10-16 09:36:35.180,4.887,28200
2020-10-16 09:36:35.180,4.887,21800
2020-10-16 09:36:35.180,4.887,5000
2020-10-16 09:36:36.200,4.886,2000
2020-10-16 09:36:36.790,4.887,14900
2020-10-16 09:36:36.790,4.887,1000
2020-10-16 09:36:36.790,4.887,700
2020-10-16 09:36:36.790,4.887,100
2020-10-16 09:36:36.790,4.887,12900
2020-10-16 09:36:37.920,4.886,5000
2020-10-16 09:36:38.230,4.887,18100
2020-10-16 09:36:38.230,4.887,2500
2020-10-16 09:36:38.370,4.887,2500
2020-10-16 09:36:38.430,4.887,5000
2020-10-16 09:36:38.490,4.887,5000
2020-10-16 09:36:39.320,4.887,7500
2020-10-16 09:36:39.380,4.887,100
2020-10-16 09:36:39.620,4.887,27400
2020-10-16 09:36:41.150,4.887,6200
2020-10-16 09:36:42.390,4.886,200
2020-10-16 09:36:43.320,4.886,400
2020-10-16 09:36:43.510,4.886,5000
2020-10-16 09:36:43.810,4.886,4000
2020-10-16 09:36:44.740,4.886,12800
2020-10-16 09:36:46.450,4.887,6100
2020-10-16 09:36:48.710,4.886,8800
2020-10-16 09:36:49.340,4.886,4500
2020-10-16 09:36:49.710,4.886,20000
2020-10-16 09:36:50.930,4.886,100
2020-10-16 09:36:51.620,4.886,15100
2020-10-16 09:36:52.670,4.886,1300
2020-10-16 09:36:52.700,4.886,100000
2020-10-16 09:36:53.030,4.886,66700
2020-10-16 09:36:53.270,4.887,3900
2020-10-16 09:36:53.270,4.887,10000
2020-10-16 09:36:53.270,4.887,100
2020-10-16 09:36:53.270,4.887,10000
2020-10-16 09:36:53.270,4.887,22800
2020-10-16 09:36:53.270,4.887,7500
2020-10-16 09:36:53.480,4.886,100
2020-10-16 09:36:53.540,4.886,6100
2020-10-16 09:36:53.540,4.886,4000
2020-10-16 09:36:53.540,4.886,10000
2020-10-16 09:36:53.540,4.886,100
2020-10-16 09:36:54.510,4.885,100
2020-10-16 09:36:54.510,4.885,400
2020-10-16 09:36:54.540,4.886,100
2020-10-16 09:36:59.070,4.886,1000
2020-10-16 09:36:59.480,4.885,100
2020-10-16 09:37:00.310,4.885,9400
2020-10-16 09:37:00.310,4.885,5000
2020-10-16 09:37:00.310,4.885,2000
2020-10-16 09:37:00.310,4.884,1000
2020-10-16 09:37:00.310,4.884,15000
2020-10-16 09:37:01.260,4.886,1000
2020-10-16 09:37:01.260,4.886,2000
2020-10-16 09:37:01.740,4.885,100
2020-10-16 09:37:01.920,4.886,4200
2020-10-16 09:37:01.920,4.886,900
2020-10-16 09:37:01.920,4.886,8000
2020-10-16 09:37:01.920,4.886,36900
2020-10-16 09:37:02.290,4.886,3100
2020-10-16 09:37:02.290,4.886,10000
2020-10-16 09:37:02.290,4.886,400
2020-10-16 09:37:02.290,4.886,3600
2020-10-16 09:37:02.290,4.886,4200
2020-10-16 09:37:02.290,4.887,13500
2020-10-16 09:37:02.290,4.887,4100
2020-10-16 09:37:02.290,4.887,10000
2020-10-16 09:37:02.290,4.887,2200
2020-10-16 09:37:02.290,4.887,1500
2020-10-16 09:37:02.290,4.887,5000
2020-10-16 09:37:02.290,4.887,2000
2020-10-16 09:37:02.290,4.887,3100
2020-10-16 09:37:02.290,4.887,8954
2020-10-16 09:37:02.290,4.887,10000
2020-10-16 09:37:02.290,4.887,7500
2020-10-16 09:37:02.290,4.887,6000
2020-10-16 09:37:02.290,4.887,2000
2020-10-16 09:37:02.290,4.887,8700
2020-10-16 09:37:02.290,4.887,4500
2020-10-16 09:37:02.290,4.887,100
2020-10-16 09:37:02.290,4.887,39646
2020-10-16 09:37:02.930,4.886,5000
2020-10-16 09:37:03.560,4.886,500
2020-10-16 09:37:03.560,4.886,5400
2020-10-16 09:37:03.700,4.886,2000
2020-10-16 09:37:03.760,4.886,2200
2020-10-16 09:37:04.000,4.887,6900
2020-10-16 09:37:04.980,4.886,700
2020-10-16 09:37:05.800,4.886,1000
2020-10-16 09:37:07.020,4.887,200
2020-10-16 09:37:07.110,4.887,500
2020-10-16 09:37:07.810,4.887,200
2020-10-16 09:37:07.980,4.886,98300
2020-10-16 09:37:07.980,4.886,100000
2020-10-16 09:37:07.980,4.885,248900
2020-10-16 09:37:08.270,4.887,2000
2020-10-16 09:37:09.210,4.886,100
2020-10-16 09:37:09.210,4.885,9900
2020-10-16 09:37:10.490,4.886,200
2020-10-16 09:37:12.510,4.886,200
2020-10-16 09:37:14.680,4.886,200
2020-10-16 09:37:14.680,4.886,100
2020-10-16 09:37:14.680,4.886,500
2020-10-16 09:37:16.650,4.886,400
2020-10-16 09:37:17.650,4.886,600
2020-10-16 09:37:17.750,4.885,1200
2020-10-16 09:37:19.320,4.885,1000
2020-10-16 09:37:21.220,4.885,5000
2020-10-16 09:37:23.570,4.885,5200
2020-10-16 09:37:24.350,4.885,10000
2020-10-16 09:37:25.890,4.886,2100
2020-10-16 09:37:25.890,4.886,5000
2020-10-16 09:37:25.890,4.886,10000
2020-10-16 09:37:25.890,4.886,20000
2020-10-16 09:37:25.890,4.886,200
2020-10-16 09:37:25.890,4.886,32700
2020-10-16 09:37:26.340,4.885,13300
2020-10-16 09:37:26.880,4.886,9000
2020-10-16 09:37:26.880,4.886,500
2020-10-16 09:37:26.880,4.886,500
2020-10-16 09:37:28.730,4.885,200
2020-10-16 09:37:30.280,4.886,100
2020-10-16 09:37:31.130,4.885,1300
2020-10-16 09:37:32.690,4.885,3900
2020-10-16 09:37:32.690,4.885,4000
2020-10-16 09:37:32.690,4.885,100
2020-10-16 09:37:32.690,4.885,1000
2020-10-16 09:37:33.780,4.885,1600
2020-10-16 09:37:34.370,4.886,9000
2020-10-16 09:37:34.370,4.886,39900
2020-10-16 09:37:34.370,4.886,400
2020-10-16 09:37:34.370,4.886,700
2020-10-16 09:37:34.400,4.886,3600
2020-10-16 09:37:34.480,4.886,22000
2020-10-16 09:37:36.580,4.885,400
2020-10-16 09:37:36.580,4.885,3300
2020-10-16 09:37:36.580,4.885,10000
2020-10-16 09:37:36.980,4.885,6300
2020-10-16 09:37:36.980,4.885,1300
2020-10-16 09:37:36.980,4.885,13100
2020-10-16 09:37:39.220,4.885,100
2020-10-16 09:37:40.930,4.885,300
2020-10-16 09:37:41.080,4.885,400
2020-10-16 09:37:42.450,4.885,16100
2020-10-16 09:37:42.450,4.885,23900
2020-10-16 09:37:43.780,4.885,1100
2020-10-16 09:37:43.780,4.885,7100
2020-10-16 09:37:44.460,4.885,5000
2020-10-16 09:37:44.520,4.884,10000
2020-10-16 09:37:44.520,4.884,100
2020-10-16 09:37:44.520,4.884,2800
2020-10-16 09:37:45.130,4.885,500
2020-10-16 09:37:45.990,4.884,500
2020-10-16 09:37:47.020,4.884,1000
2020-10-16 09:37:47.400,4.883,300
2020-10-16 09:37:48.060,4.884,200
2020-10-16 09:37:49.080,4.884,2000
2020-10-16 09:37:49.230,4.884,2000
2020-10-16 09:37:49.690,4.883,9700
2020-10-16 09:37:50.150,4.882,100
2020-10-16 09:37:52.520,4.883,1300
2020-10-16 09:37:52.520,4.883,600
2020-10-16 09:37:52.520,4.884,1100
2020-10-16 09:37:54.270,4.884,3000
2020-10-16 09:37:56.580,4.883,5000
2020-10-16 09:37:58.490,4.883,5000
2020-10-16 09:37:59.100,4.883,1000
2020-10-16 09:37:59.100,4.884,200
2020-10-16 09:37:59.100,4.884,18800
2020-10-16 09:38:00.810,4.884,100
2020-10-16 09:38:01.270,4.882,4900
2020-10-16 09:38:01.270,4.882,5300
2020-10-16 09:38:04.210,4.882,1700
2020-10-16 09:38:04.940,4.883,1000
2020-10-16 09:38:07.710,4.883,100
2020-10-16 09:38:08.650,4.882,10000
2020-10-16 09:38:09.030,4.882,2600
2020-10-16 09:38:09.370,4.882,11000
2020-10-16 09:38:09.370,4.882,300
2020-10-16 09:38:09.370,4.882,3000
2020-10-16 09:38:09.370,4.882,1000
2020-10-16 09:38:09.370,4.882,20000
2020-10-16 09:38:09.370,4.882,10000
2020-10-16 09:38:09.460,4.882,300
2020-10-16 09:38:13.250,4.882,10000
2020-10-16 09:38:13.250,4.882,6700
2020-10-16 09:38:15.780,4.883,100
2020-10-16 09:38:17.240,4.882,3300
2020-10-16 09:38:17.240,4.882,1700
2020-10-16 09:38:17.380,4.882,10000
2020-10-16 09:38:18.360,4.882,200
2020-10-16 09:38:18.760,4.882,100
2020-10-16 09:38:20.600,4.882,8000
2020-10-16 09:38:20.810,4.882,1000
2020-10-16 09:38:20.870,4.882,10000
2020-10-16 09:38:20.930,4.882,10000
2020-10-16 09:38:22.090,4.882,13400
2020-10-16 09:38:22.090,4.882,200
2020-10-16 09:38:22.090,4.882,200
2020-10-16 09:38:22.090,4.882,300
2020-10-16 09:38:22.090,4.882,500
2020-10-16 09:38:22.460,4.882,8000
2020-10-16 09:38:22.920,4.882,100
2020-10-16 09:38:23.820,4.882,200
2020-10-16 09:38:23.930,4.882,200
2020-10-16 09:38:26.180,4.882,10000
2020-10-16 09:38:27.090,4.882,3400
2020-10-16 09:38:27.090,4.882,500
2020-10-16 09:38:28.970,4.881,200
2020-10-16 09:38:28.970,4.881,2800
2020-10-16 09:38:29.150,4.882,1000
2020-10-16 09:38:31.860,4.881,400
2020-10-16 09:38:32.040,4.882,2000
2020-10-16 09:38:32.220,4.882,1300
2020-10-16 09:38:33.290,4.882,30000
2020-10-16 09:38:34.430,4.882,1000
2020-10-16 09:38:34.910,4.882,24100
2020-10-16 09:38:34.910,4.882,1900
2020-10-16 09:38:34.910,4.882,300
2020-10-16 09:38:34.910,4.882,48700
2020-10-16 09:38:34.910,4.882,2000
2020-10-16 09:38:34.910,4.882,1400
2020-10-16 09:38:34.910,4.882,500
2020-10-16 09:38:37.070,4.882,1100
2020-10-16 09:38:38.340,4.882,1600
2020-10-16 09:38:38.640,4.883,100
2020-10-16 09:38:38.960,4.882,8400
2020-10-16 09:38:38.960,4.881,7000
2020-10-16 09:38:38.960,4.881,100
2020-10-16 09:38:38.960,4.881,3000
2020-10-16 09:38:38.960,4.881,30000
2020-10-16 09:38:38.960,4.881,500
2020-10-16 09:38:38.960,4.881,1000
2020-10-16 09:38:39.450,4.883,100
2020-10-16 09:38:39.450,4.883,500
2020-10-16 09:38:39.450,4.883,29400
2020-10-16 09:38:40.790,4.882,100
2020-10-16 09:38:40.790,4.882,300
2020-10-16 09:38:40.790,4.882,500
2020-10-16 09:38:41.510,4.881,300
2020-10-16 09:38:42.280,4.882,2100
2020-10-16 09:38:42.400,4.881,30000
2020-10-16 09:38:42.580,4.882,100
2020-10-16 09:38:43.710,4.881,30000
2020-10-16 09:38:43.850,4.881,38700
2020-10-16 09:38:43.850,4.881,50000
2020-10-16 09:38:43.850,4.881,1000
2020-10-16 09:38:43.850,4.881,20000
2020-10-16 09:38:46.490,4.881,100
2020-10-16 09:38:46.520,4.881,200
2020-10-16 09:38:47.870,4.881,10000
2020-10-16 09:38:48.190,4.881,100
2020-10-16 09:38:54.030,4.881,3900
2020-10-16 09:38:54.030,4.881,100
2020-10-16 09:38:54.030,4.881,8900
2020-10-16 09:38:55.440,4.881,100
2020-10-16 09:38:56.240,4.881,800
2020-10-16 09:38:56.660,4.881,1000
2020-10-16 09:38:56.820,4.88,200
2020-10-16 09:38:56.850,4.88,2000
2020-10-16 09:38:56.850,4.88,142700
2020-10-16 09:38:57.150,4.881,2000
2020-10-16 09:38:57.300,4.88,30000
2020-10-16 09:38:57.570,4.88,20000
2020-10-16 09:38:58.100,4.88,4100
2020-10-16 09:38:58.160,4.88,30000
2020-10-16 09:38:58.460,4.881,10000
2020-10-16 09:38:58.550,4.881,100
2020-10-16 09:38:58.640,4.88,73200
2020-10-16 09:38:58.640,4.88,2000
2020-10-16 09:38:58.640,4.88,2000
2020-10-16 09:38:58.640,4.88,400
2020-10-16 09:38:58.640,4.88,7000
2020-10-16 09:38:58.640,4.88,5000
2020-10-16 09:38:58.640,4.88,100
2020-10-16 09:38:58.640,4.88,15000
2020-10-16 09:38:58.640,4.88,2000
2020-10-16 09:38:58.640,4.88,100
2020-10-16 09:38:58.640,4.88,2000
2020-10-16 09:38:58.640,4.88,100
2020-10-16 09:38:58.640,4.88,1000
2020-10-16 09:38:58.640,4.88,1600
2020-10-16 09:38:58.640,4.88,57500
2020-10-16 09:38:58.640,4.88,31000
2020-10-16 09:38:59.230,4.881,100
2020-10-16 09:39:00.250,4.88,5000
2020-10-16 09:39:00.330,4.881,7000
2020-10-16 09:39:00.330,4.881,3000
2020-10-16 09:39:00.890,4.88,9000
2020-10-16 09:39:02.410,4.88,200
2020-10-16 09:39:02.740,4.88,7000
2020-10-16 09:39:03.420,4.881,100000
2020-10-16 09:39:03.450,4.881,100000
2020-10-16 09:39:03.450,4.881,60000
2020-10-16 09:39:03.450,4.881,37000
2020-10-16 09:39:03.450,4.881,63000
2020-10-16 09:39:03.450,4.881,20000
2020-10-16 09:39:04.780,4.881,100
2020-10-16 09:39:05.050,4.88,30000
2020-10-16 09:39:05.050,4.88,200
2020-10-16 09:39:05.380,4.881,16900
2020-10-16 09:39:05.380,4.881,42400
2020-10-16 09:39:05.380,4.881,10000
2020-10-16 09:39:05.380,4.881,1700
2020-10-16 09:39:07.040,4.88,1800
2020-10-16 09:39:07.040,4.88,122000
2020-10-16 09:39:08.390,4.882,10000
2020-10-16 09:39:08.480,4.882,10000
2020-10-16 09:39:08.480,4.882,6900
2020-10-16 09:39:08.480,4.882,3100
2020-10-16 09:39:08.480,4.882,10000
2020-10-16 09:39:09.330,4.882,6900
2020-10-16 09:39:09.330,4.882,500
2020-10-16 09:39:09.330,4.882,2900
2020-10-16 09:39:09.330,4.882,11700
2020-10-16 09:39:09.880,4.882,18300
2020-10-16 09:39:10.140,4.882,11700
2020-10-16 09:39:10.230,4.882,18300
2020-10-16 09:39:12.060,4.882,10000
2020-10-16 09:39:13.110,4.882,1000
2020-10-16 09:39:13.600,4.882,20000
2020-10-16 09:39:14.250,4.882,200
2020-10-16 09:39:14.370,4.882,2000
2020-10-16 09:39:15.800,4.882,300
2020-10-16 09:39:16.780,4.882,48200
2020-10-16 09:39:16.780,4.882,16800
2020-10-16 09:39:17.550,4.882,1000
2020-10-16 09:39:18.050,4.882,5900
2020-10-16 09:39:19.190,4.882,20000
2020-10-16 09:39:19.300,4.883,2400
2020-10-16 09:39:19.300,4.882,3300
2020-10-16 09:39:21.300,4.882,1000
2020-10-16 09:39:24.320,4.883,700
2020-10-16 09:39:24.740,4.882,29700
2020-10-16 09:39:24.860,4.882,5000
2020-10-16 09:39:30.660,4.883,100
2020-10-16 09:39:31.890,4.883,40000
2020-10-16 09:39:31.950,4.883,40000
2020-10-16 09:39:32.470,4.882,1000
2020-10-16 09:39:33.180,4.883,100000
2020-10-16 09:39:33.180,4.883,37400
2020-10-16 09:39:33.180,4.883,100
2020-10-16 09:39:33.180,4.883,500
2020-10-16 09:39:33.180,4.883,20000
2020-10-16 09:39:33.180,4.883,20500
2020-10-16 09:39:33.180,4.883,100
2020-10-16 09:39:33.180,4.883,500
2020-10-16 09:39:33.180,4.883,20900
2020-10-16 09:39:33.210,4.883,20000
2020-10-16 09:39:33.210,4.883,20000
2020-10-16 09:39:33.270,4.883,20000
2020-10-16 09:39:33.270,4.883,20000
2020-10-16 09:39:35.060,4.882,16300
2020-10-16 09:39:35.060,4.882,1000
2020-10-16 09:39:35.060,4.882,2700
2020-10-16 09:39:36.050,4.882,6900
2020-10-16 09:39:36.050,4.883,4000
2020-10-16 09:39:36.210,4.883,80000
2020-10-16 09:39:36.210,4.883,20000
2020-10-16 09:39:36.210,4.883,30000
2020-10-16 09:39:36.400,4.883,40000
2020-10-16 09:39:36.700,4.883,20000
2020-10-16 09:39:37.180,4.883,500
2020-10-16 09:39:37.270,4.883,30000
2020-10-16 09:39:37.270,4.883,2000
2020-10-16 09:39:37.270,4.883,4600
2020-10-16 09:39:38.180,4.883,100
2020-10-16 09:39:39.080,4.883,100
2020-10-16 09:39:39.200,4.884,100000
2020-10-16 09:39:39.200,4.884,31100
2020-10-16 09:39:39.200,4.884,500
2020-10-16 09:39:39.200,4.884,68400
2020-10-16 09:39:39.200,4.884,20000
2020-10-16 09:39:39.200,4.884,20000
2020-10-16 09:39:39.310,4.884,6900
2020-10-16 09:39:39.310,4.884,31700
2020-10-16 09:39:39.310,4.884,4400
2020-10-16 09:39:39.310,4.884,10000
2020-10-16 09:39:39.310,4.884,10000
2020-10-16 09:39:39.310,4.884,30000
2020-10-16 09:39:39.310,4.884,7000
2020-10-16 09:39:39.540,4.883,8000
2020-10-16 09:39:40.680,4.883,5000
2020-10-16 09:39:40.710,4.883,100
2020-10-16 09:39:41.780,4.883,2800
2020-10-16 09:39:41.810,4.883,40400
2020-10-16 09:39:42.620,4.884,4500
2020-10-16 09:39:42.620,4.884,1500
2020-10-16 09:39:50.370,4.884,900
2020-10-16 09:39:50.550,4.884,100
2020-10-16 09:39:51.880,4.883,900
2020-10-16 09:39:52.560,4.884,1500
2020-10-16 09:39:53.720,4.884,10000
2020-10-16 09:39:54.230,4.884,4000
2020-10-16 09:39:55.190,4.884,30000
2020-10-16 09:39:58.440,4.884,500
2020-10-16 09:39:59.370,4.884,40000
2020-10-16 09:39:59.550,4.884,4000
2020-10-16 09:40:00.900,4.884,9000
2020-10-16 09:40:00.900,4.884,1000
2020-10-16 09:40:00.930,4.884,10000
2020-10-16 09:40:01.230,4.883,99900
2020-10-16 09:40:01.230,4.884,500
2020-10-16 09:40:01.230,4.884,5000
2020-10-16 09:40:01.230,4.884,4000
2020-10-16 09:40:01.230,4.884,2000
2020-10-16 09:40:02.620,4.884,1000
2020-10-16 09:40:02.860,4.885,300
2020-10-16 09:40:02.860,4.885,10000
2020-10-16 09:40:02.860,4.885,5000
2020-10-16 09:40:02.860,4.885,400
2020-10-16 09:40:02.860,4.885,4300
2020-10-16 09:40:02.860,4.885,45700
2020-10-16 09:40:02.860,4.885,500
2020-10-16 09:40:02.860,4.885,100
2020-10-16 09:40:02.860,4.885,500
2020-10-16 09:40:02.860,4.885,3000
2020-10-16 09:40:02.860,4.885,500
2020-10-16 09:40:02.860,4.885,100
2020-10-16 09:40:02.860,4.885,500
2020-10-16 09:40:02.860,4.885,400
2020-10-16 09:40:02.860,4.885,1000
2020-10-16 09:40:02.860,4.885,47700
2020-10-16 09:40:02.920,4.885,10000
2020-10-16 09:40:02.920,4.885,20000
2020-10-16 09:40:02.920,4.885,20000
2020-10-16 09:40:02.920,4.885,80000
2020-10-16 09:40:02.920,4.885,30000
2020-10-16 09:40:02.920,4.885,92300
2020-10-16 09:40:02.920,4.885,7700
2020-10-16 09:40:02.920,4.885,10000
2020-10-16 09:40:02.950,4.885,15100
2020-10-16 09:40:03.530,4.885,100
2020-10-16 09:40:03.530,4.885,16800
2020-10-16 09:40:05.720,4.885,1000
2020-10-16 09:40:08.380,4.885,2400
2020-10-16 09:40:10.560,4.886,500
2020-10-16 09:40:13.180,4.886,1600
2020-10-16 09:40:14.290,4.886,600
2020-10-16 09:40:20.360,4.887,98000
2020-10-16 09:40:20.360,4.887,10000
2020-10-16 09:40:20.360,4.887,3000
2020-10-16 09:40:20.360,4.887,400
2020-10-16 09:40:20.360,4.887,10000
2020-10-16 09:40:20.360,4.887,5300
2020-10-16 09:40:20.360,4.887,2000
2020-10-16 09:40:20.360,4.887,5000
2020-10-16 09:40:20.360,4.887,5000
2020-10-16 09:40:20.360,4.887,1000
2020-10-16 09:40:20.360,4.887,10000
2020-10-16 09:40:20.360,4.887,1000
2020-10-16 09:40:20.360,4.887,5300
2020-10-16 09:40:20.360,4.887,2000
2020-10-16 09:40:20.360,4.887,3300
2020-10-16 09:40:20.360,4.887,9400
2020-10-16 09:40:20.360,4.887,500
2020-10-16 09:40:20.360,4.887,50000
2020-10-16 09:40:20.360,4.887,800
2020-10-16 09:40:20.360,4.887,30000
2020-10-16 09:40:20.360,4.887,1000
2020-10-16 09:40:21.500,4.887,114900
2020-10-16 09:40:21.780,4.887,50900
2020-10-16 09:40:22.410,4.887,1000
2020-10-16 09:40:22.630,4.886,2000
2020-10-16 09:40:22.660,4.886,400
2020-10-16 09:40:22.660,4.886,1600
2020-10-16 09:40:24.190,4.887,200
2020-10-16 09:40:24.370,4.886,3400
2020-10-16 09:40:24.370,4.886,5000
2020-10-16 09:40:24.370,4.886,500
2020-10-16 09:40:27.220,4.886,100
2020-10-16 09:40:27.780,4.885,100
2020-10-16 09:40:28.780,4.886,5900
2020-10-16 09:40:28.780,4.886,5000
2020-10-16 09:40:28.780,4.887,29800
2020-10-16 09:40:28.780,4.887,1000
2020-10-16 09:40:28.780,4.887,18800
2020-10-16 09:40:31.100,4.886,400
2020-10-16 09:40:31.190,4.886,1100
2020-10-16 09:40:36.180,4.885,79600
2020-10-16 09:40:36.180,4.885,22400
2020-10-16 09:40:36.350,4.886,3000
2020-10-16 09:40:36.510,4.886,5500
2020-10-16 09:40:37.390,4.887,20000
2020-10-16 09:40:37.640,4.887,100
2020-10-16 09:40:37.910,4.886,2000
2020-10-16 09:40:39.960,4.887,2000
2020-10-16 09:40:39.960,4.887,18000
2020-10-16 09:40:40.420,4.887,200
2020-10-16 09:40:41.700,4.887,20000
2020-10-16 09:40:41.970,4.887,200
2020-10-16 09:40:43.810,4.886,100
2020-10-16 09:40:43.900,4.887,61600
2020-10-16 09:40:43.900,4.887,4800
2020-10-16 09:40:43.900,4.887,200
2020-10-16 09:40:43.900,4.887,10000
2020-10-16 09:40:44.890,4.887,3400
2020-10-16 09:40:44.890,4.886,292400
2020-10-16 09:40:44.890,4.886,1000
2020-10-16 09:40:44.890,4.886,300
2020-10-16 09:40:44.890,4.885,77600
2020-10-16 09:40:44.890,4.885,2600
2020-10-16 09:40:44.890,4.885,4800
2020-10-16 09:40:44.890,4.885,300
2020-10-16 09:40:44.890,4.885,1000
2020-10-16 09:40:44.890,4.885,900
2020-10-16 09:40:44.890,4.885,10000
2020-10-16 09:40:44.890,4.885,500
2020-10-16 09:40:44.890,4.885,15000
2020-10-16 09:40:45.650,4.887,600
2020-10-16 09:40:47.190,4.887,9400
2020-10-16 09:40:47.190,4.886,600
2020-10-16 09:40:47.730,4.886,10000
2020-10-16 09:40:47.760,4.886,1000
2020-10-16 09:40:48.420,4.886,100
2020-10-16 09:40:52.120,4.887,1000
2020-10-16 09:40:52.290,4.887,1000
2020-10-16 09:40:52.290,4.888,100
2020-10-16 09:40:52.290,4.888,10000
2020-10-16 09:40:52.290,4.888,100
2020-10-16 09:40:52.290,4.888,13500
2020-10-16 09:40:52.750,4.888,200
2020-10-16 09:40:56.150,4.887,500
2020-10-16 09:40:56.900,4.887,6000
2020-10-16 09:40:57.250,4.887,2500
2020-10-16 09:40:58.100,4.887,3000
2020-10-16 09:40:58.340,4.888,3000
2020-10-16 09:40:59.260,4.887,5000
2020-10-16 09:40:59.900,4.888,40000
2020-10-16 09:40:59.930,4.888,10000
2020-10-16 09:41:00.170,4.887,3500
2020-10-16 09:41:00.170,4.887,1500
2020-10-16 09:41:01.180,4.888,10000
2020-10-16 09:41:01.420,4.888,20000
2020-10-16 09:41:01.420,4.888,100000
2020-10-16 09:41:01.420,4.888,100000
2020-10-16 09:41:01.500,4.888,80000
2020-10-16 09:41:01.500,4.888,80000
2020-10-16 09:41:01.500,4.888,100000
2020-10-16 09:41:01.500,4.888,100000
2020-10-16 09:41:01.500,4.888,20000
2020-10-16 09:41:01.500,4.888,20000
2020-10-16 09:41:01.500,4.888,80000
2020-10-16 09:41:01.500,4.888,40000
2020-10-16 09:41:01.650,4.888,20000
2020-10-16 09:41:02.250,4.887,20000
2020-10-16 09:41:02.300,4.888,150100
2020-10-16 09:41:02.480,4.888,13200
2020-10-16 09:41:02.480,4.888,10000
2020-10-16 09:41:02.480,4.888,2000
2020-10-16 09:41:02.480,4.888,11100
2020-10-16 09:41:02.480,4.888,100
2020-10-16 09:41:02.480,4.888,1000
2020-10-16 09:41:02.480,4.888,5000
2020-10-16 09:41:02.480,4.888,4800
2020-10-16 09:41:02.480,4.888,500
2020-10-16 09:41:02.480,4.888,1000
2020-10-16 09:41:02.480,4.888,500
2020-10-16 09:41:02.480,4.888,200
2020-10-16 09:41:02.480,4.888,700
2020-10-16 09:41:02.480,4.888,7900
2020-10-16 09:41:03.250,4.888,2100
2020-10-16 09:41:03.250,4.888,7900
2020-10-16 09:41:03.250,4.888,2100
2020-10-16 09:41:03.250,4.888,200
2020-10-16 09:41:03.250,4.888,700
2020-10-16 09:41:03.250,4.888,500
2020-10-16 09:41:03.250,4.888,100
2020-10-16 09:41:03.250,4.888,28600
2020-10-16 09:41:03.250,4.888,1000
2020-10-16 09:41:03.250,4.888,10000
2020-10-16 09:41:03.250,4.888,2800
2020-10-16 09:41:03.250,4.888,500
2020-10-16 09:41:03.250,4.888,3000
2020-10-16 09:41:03.250,4.888,5700
2020-10-16 09:41:03.250,4.888,4800
2020-10-16 09:41:03.460,4.887,5000
2020-10-16 09:41:03.480,4.888,26900
2020-10-16 09:41:03.480,4.888,500
2020-10-16 09:41:04.700,4.889,100000
2020-10-16 09:41:06.210,4.889,40000
2020-10-16 09:41:06.230,4.888,17000
2020-10-16 09:41:06.290,4.889,10000
2020-10-16 09:41:06.290,4.889,50000
2020-10-16 09:41:06.290,4.889,40000
2020-10-16 09:41:06.650,4.889,400
2020-10-16 09:41:06.880,4.888,1000
2020-10-16 09:41:08.160,4.888,100
2020-10-16 09:41:08.720,4.889,9600
2020-10-16 09:41:08.720,4.889,5000
2020-10-16 09:41:08.720,4.889,500
2020-10-16 09:41:08.720,4.889,200
2020-10-16 09:41:08.720,4.889,500
2020-10-16 09:41:08.720,4.889,1000
2020-10-16 09:41:08.720,4.889,2000
2020-10-16 09:41:08.720,4.889,9500
2020-10-16 09:41:08.720,4.889,1200
2020-10-16 09:41:08.720,4.889,10000
2020-10-16 09:41:08.720,4.889,30000
2020-10-16 09:41:09.000,4.889,230400
2020-10-16 09:41:09.000,4.888,69600
2020-10-16 09:41:11.250,4.888,5000
2020-10-16 09:41:11.820,4.888,3100
2020-10-16 09:41:12.520,4.888,5000
2020-10-16 09:41:12.610,4.889,4500
2020-10-16 09:41:13.770,4.889,3000
2020-10-16 09:41:14.530,4.889,20000
2020-10-16 09:41:16.610,4.888,40000
2020-10-16 09:41:17.020,4.889,2500
2020-10-16 09:41:17.020,4.889,1000
2020-10-16 09:41:17.020,4.889,6500
2020-10-16 09:41:17.880,4.888,30000
2020-10-16 09:41:17.990,4.888,5000
2020-10-16 09:41:18.240,4.888,50000
2020-10-16 09:41:19.340,4.889,13500
2020-10-16 09:41:19.340,4.889,6500
2020-10-16 09:41:19.370,4.888,30000
2020-10-16 09:41:19.490,4.888,17000
2020-10-16 09:41:20.660,4.888,30000
2020-10-16 09:41:21.150,4.889,100
2020-10-16 09:41:21.210,4.888,10000
2020-10-16 09:41:22.340,4.888,4600
2020-10-16 09:41:22.340,4.888,3000
2020-10-16 09:41:22.340,4.888,2400
2020-10-16 09:41:22.460,4.888,2900
2020-10-16 09:41:22.460,4.888,27100
2020-10-16 09:41:23.680,4.888,30000
2020-10-16 09:41:23.840,4.889,5300
2020-10-16 09:41:24.170,4.889,100
2020-10-16 09:41:24.230,4.888,40000
2020-10-16 09:41:24.390,4.889,200
2020-10-16 09:41:24.740,4.888,5000
2020-10-16 09:41:24.880,4.888,20000
2020-10-16 09:41:25.010,4.888,100
2020-10-16 09:41:25.350,4.888,30000
2020-10-16 09:41:26.920,4.889,200
2020-10-16 09:41:28.960,4.889,10000
2020-10-16 09:41:29.250,4.888,100
2020-10-16 09:41:30.460,4.889,3000
2020-10-16 09:41:30.620,4.889,1000
2020-10-16 09:41:30.700,4.888,40000
2020-10-16 09:41:31.170,4.888,200
2020-10-16 09:41:31.590,4.889,100
2020-10-16 09:41:32.410,4.888,57500
2020-10-16 09:41:32.410,4.888,42500
2020-10-16 09:41:32.890,4.888,2000
2020-10-16 09:41:33.490,4.889,200
2020-10-16 09:41:33.690,4.888,1000
2020-10-16 09:41:33.770,4.889,2200
2020-10-16 09:41:35.020,4.889,31100
2020-10-16 09:41:35.320,4.888,1000
2020-10-16 09:41:35.680,4.889,50000
2020-10-16 09:41:36.210,4.889,400
2020-10-16 09:41:38.940,4.888,4000
2020-10-16 09:41:39.210,4.889,500
2020-10-16 09:41:39.550,4.889,189100
2020-10-16 09:41:39.550,4.889,20000
2020-10-16 09:41:39.550,4.889,7900
2020-10-16 09:41:39.550,4.889,1300
2020-10-16 09:41:39.550,4.889,19400
2020-10-16 09:41:39.550,4.889,20000
2020-10-16 09:41:39.550,4.889,41300
2020-10-16 09:41:39.550,4.889,100
2020-10-16 09:41:39.550,4.889,200
2020-10-16 09:41:39.550,4.889,40000
2020-10-16 09:41:39.550,4.889,500
2020-10-16 09:41:39.550,4.889,2700
2020-10-16 09:41:39.550,4.889,2000
2020-10-16 09:41:39.550,4.889,200
2020-10-16 09:41:39.550,4.889,2500
2020-10-16 09:41:39.550,4.889,2000
2020-10-16 09:41:39.550,4.889,5000
2020-10-16 09:41:39.550,4.889,4100
2020-10-16 09:41:39.550,4.889,5000
2020-10-16 09:41:39.550,4.889,8000
2020-10-16 09:41:41.540,4.889,1000
2020-10-16 09:41:42.370,4.889,4900
2020-10-16 09:41:42.880,4.89,4100
2020-10-16 09:41:42.910,4.889,100
2020-10-16 09:41:42.940,4.889,4200
2020-10-16 09:41:43.860,4.889,500
2020-10-16 09:41:45.720,4.889,5500
2020-10-16 09:41:46.000,4.889,7800
2020-10-16 09:41:46.280,4.89,4700
2020-10-16 09:41:47.000,4.89,4200
2020-10-16 09:41:47.000,4.89,800
2020-10-16 09:41:47.500,4.889,700
2020-10-16 09:41:48.360,4.889,27400
2020-10-16 09:41:48.360,4.889,200
2020-10-16 09:41:48.360,4.889,200
2020-10-16 09:41:48.360,4.889,35000
2020-10-16 09:41:48.360,4.889,20000
2020-10-16 09:41:48.360,4.889,24900
2020-10-16 09:41:48.360,4.889,300
2020-10-16 09:41:48.360,4.889,1800
2020-10-16 09:41:49.450,4.889,29200
2020-10-16 09:41:49.450,4.889,200
2020-10-16 09:41:49.450,4.89,1200
2020-10-16 09:41:49.450,4.89,200
2020-10-16 09:41:49.450,4.89,700
2020-10-16 09:41:49.450,4.89,500
2020-10-16 09:41:49.450,4.89,104800
2020-10-16 09:41:51.430,4.889,10000
2020-10-16 09:41:51.430,4.889,100
2020-10-16 09:41:51.430,4.889,2000
2020-10-16 09:41:51.760,4.89,200
2020-10-16 09:41:51.970,4.89,800
2020-10-16 09:41:52.460,4.889,10000
2020-10-16 09:41:52.490,4.889,28500
2020-10-16 09:41:52.490,4.889,2000
2020-10-16 09:41:52.610,4.889,1000
2020-10-16 09:41:54.090,4.889,2600
2020-10-16 09:41:54.330,4.889,20600
2020-10-16 09:41:56.440,4.889,100
2020-10-16 09:41:57.990,4.889,100
2020-10-16 09:41:59.370,4.889,107300
2020-10-16 09:41:59.370,4.889,20000
2020-10-16 09:41:59.370,4.889,300
2020-10-16 09:41:59.520,4.888,600
2020-10-16 09:41:59.520,4.888,2600
2020-10-16 09:41:59.570,4.889,4000
2020-10-16 09:42:01.030,4.889,9500
2020-10-16 09:42:01.030,4.889,1400
2020-10-16 09:42:01.030,4.889,3000
2020-10-16 09:42:01.030,4.889,200
2020-10-16 09:42:01.190,4.89,2100
2020-10-16 09:42:01.430,4.889,20000
