Datetime,Price,Volume
2020-08-06 09:25:00.210,3.345,100
2020-08-06 09:25:00.210,3.345,400
2020-08-06 09:25:00.210,3.345,6000
2020-08-06 09:25:00.210,3.345,4600
2020-08-06 09:25:00.210,3.345,100
2020-08-06 09:25:00.210,3.345,60000
2020-08-06 09:25:00.210,3.345,11400
2020-08-06 09:25:00.210,3.345,13500
2020-08-06 09:25:00.210,3.345,2500
2020-08-06 09:25:00.210,3.345,100
2020-08-06 09:25:00.210,3.345,58900
2020-08-06 09:25:00.210,3.345,7500
2020-08-06 09:25:00.210,3.345,13600
2020-08-06 09:25:00.210,3.345,3300
2020-08-06 09:25:00.210,3.345,13000
2020-08-06 09:25:00.210,3.345,11000
2020-08-06 09:25:00.210,3.345,1000
2020-08-06 09:25:00.210,3.345,1700
2020-08-06 09:25:00.210,3.345,3100
2020-08-06 09:25:00.210,3.345,4000
2020-08-06 09:25:00.210,3.345,6100
2020-08-06 09:25:00.210,3.345,6000
2020-08-06 09:25:00.210,3.345,1100
2020-08-06 09:25:00.210,3.345,1100
2020-08-06 09:25:00.210,3.345,8500
2020-08-06 09:25:00.210,3.345,200
2020-08-06 09:25:00.210,3.345,1800
2020-08-06 09:25:00.210,3.345,2000
2020-08-06 09:25:00.210,3.345,5000
2020-08-06 09:25:00.210,3.345,7500
2020-08-06 09:25:00.210,3.345,3600
2020-08-06 09:25:00.210,3.345,50000
2020-08-06 09:25:00.210,3.345,12400
2020-08-06 09:25:00.210,3.345,26800
2020-08-06 09:25:00.210,3.345,3000
2020-08-06 09:25:00.210,3.345,400
2020-08-06 09:25:00.210,3.345,31700
2020-08-06 09:25:00.210,3.345,12000
2020-08-06 09:25:00.210,3.345,10000
2020-08-06 09:25:00.210,3.345,800
2020-08-06 09:25:00.210,3.345,300
2020-08-06 09:25:00.210,3.345,1900
2020-08-06 09:25:00.210,3.345,700
2020-08-06 09:25:00.210,3.345,2300
2020-08-06 09:25:00.210,3.345,10000
2020-08-06 09:25:00.210,3.345,3300
2020-08-06 09:25:00.210,3.345,6000
2020-08-06 09:25:00.210,3.345,300
2020-08-06 09:25:00.210,3.345,100
2020-08-06 09:25:00.210,3.345,100
2020-08-06 09:25:00.210,3.345,3000
2020-08-06 09:25:00.210,3.345,34900
2020-08-06 09:25:00.210,3.345,100
2020-08-06 09:25:00.210,3.345,23900
2020-08-06 09:25:00.210,3.345,100
2020-08-06 09:25:00.210,3.345,10000
2020-08-06 09:25:00.210,3.345,21000
2020-08-06 09:25:00.210,3.345,13000
2020-08-06 09:25:00.210,3.345,17000
2020-08-06 09:25:00.210,3.345,20000
2020-08-06 09:25:00.210,3.345,8000
2020-08-06 09:25:00.210,3.345,1000
2020-08-06 09:25:00.210,3.345,10000
2020-08-06 09:25:00.210,3.345,1000
2020-08-06 09:25:00.210,3.345,5000
2020-08-06 09:25:00.210,3.345,8000
2020-08-06 09:25:00.210,3.345,100
2020-08-06 09:25:00.210,3.345,100
2020-08-06 09:25:00.210,3.345,2500
2020-08-06 09:25:00.210,3.345,1000
2020-08-06 09:25:00.210,3.345,57500
2020-08-06 09:25:00.210,3.345,192500
2020-08-06 09:25:00.210,3.345,1000
2020-08-06 09:25:00.210,3.345,3300
2020-08-06 09:25:00.210,3.345,1500
2020-08-06 09:25:00.210,3.345,5000
2020-08-06 09:25:00.210,3.345,600
2020-08-06 09:25:00.210,3.345,6400
2020-08-06 09:25:00.210,3.345,35000
2020-08-06 09:25:00.210,3.345,16200
2020-08-06 09:25:00.210,3.345,10000
2020-08-06 09:25:00.210,3.345,1000
2020-08-06 09:25:00.210,3.345,200
2020-08-06 09:25:00.210,3.345,6000
2020-08-06 09:25:00.210,3.345,9300
2020-08-06 09:25:00.210,3.345,132200
2020-08-06 09:25:00.210,3.345,4100
2020-08-06 09:25:00.210,3.345,1000
2020-08-06 09:25:00.210,3.345,17000
2020-08-06 09:25:00.210,3.345,3500
2020-08-06 09:25:00.210,3.345,1000
2020-08-06 09:25:00.210,3.345,40300
2020-08-06 09:25:00.210,3.345,2000
2020-08-06 09:25:00.210,3.345,10000
2020-08-06 09:25:00.210,3.345,4000
2020-08-06 09:25:00.210,3.345,100
2020-08-06 09:25:00.210,3.345,200
2020-08-06 09:25:00.210,3.345,10000
2020-08-06 09:25:00.210,3.345,1600
2020-08-06 09:25:00.210,3.345,100
2020-08-06 09:25:00.210,3.345,100
2020-08-06 09:25:00.210,3.345,200
2020-08-06 09:25:00.210,3.345,30000
2020-08-06 09:25:00.210,3.345,1600
2020-08-06 09:25:00.210,3.345,2000
2020-08-06 09:25:00.210,3.345,100
2020-08-06 09:25:00.210,3.345,15000
2020-08-06 09:25:00.210,3.345,3800
2020-08-06 09:25:00.210,3.345,1800
2020-08-06 09:25:00.210,3.345,400
2020-08-06 09:25:00.210,3.345,100
2020-08-06 09:25:00.210,3.345,1700
2020-08-06 09:25:00.210,3.345,200
2020-08-06 09:25:00.210,3.345,8000
2020-08-06 09:25:00.210,3.345,1000
2020-08-06 09:25:00.210,3.345,400
2020-08-06 09:25:00.210,3.345,1500
2020-08-06 09:25:00.210,3.345,200
2020-08-06 09:25:00.210,3.345,700
2020-08-06 09:25:00.210,3.345,1000
2020-08-06 09:25:00.210,3.345,500
2020-08-06 09:25:00.210,3.345,100
2020-08-06 09:25:00.210,3.345,400
2020-08-06 09:25:00.210,3.345,5000
2020-08-06 09:25:00.210,3.345,2000
2020-08-06 09:25:00.210,3.345,100
2020-08-06 09:25:00.210,3.345,300
2020-08-06 09:25:00.210,3.345,8000
2020-08-06 09:25:00.210,3.345,700
2020-08-06 09:25:00.210,3.345,3900
2020-08-06 09:25:00.210,3.345,50000
2020-08-06 09:25:00.210,3.345,1000
2020-08-06 09:25:00.210,3.345,100
2020-08-06 09:25:00.210,3.345,10000
2020-08-06 09:25:00.210,3.345,2000
2020-08-06 09:25:00.210,3.345,12000
2020-08-06 09:25:00.210,3.345,10000
2020-08-06 09:25:00.210,3.345,100
2020-08-06 09:25:00.210,3.345,100
2020-08-06 09:25:00.210,3.345,6100
2020-08-06 09:25:00.210,3.345,700
2020-08-06 09:25:00.210,3.345,500
2020-08-06 09:25:00.210,3.345,100
2020-08-06 09:25:00.210,3.345,200
2020-08-06 09:25:00.210,3.345,100
2020-08-06 09:25:00.210,3.345,1500
2020-08-06 09:25:00.210,3.345,10000
2020-08-06 09:25:00.210,3.345,1000
2020-08-06 09:25:00.210,3.345,300
2020-08-06 09:25:00.210,3.345,300
2020-08-06 09:25:00.210,3.345,6761
2020-08-06 09:25:00.210,3.345,1500
2020-08-06 09:25:00.210,3.345,1000
2020-08-06 09:25:00.210,3.345,300
2020-08-06 09:25:00.210,3.345,200
2020-08-06 09:25:00.210,3.345,6200
2020-08-06 09:25:00.210,3.345,1917
2020-08-06 09:25:00.210,3.345,100
2020-08-06 09:25:00.210,3.345,10000
2020-08-06 09:25:00.210,3.345,6700
2020-08-06 09:25:00.210,3.345,1000
2020-08-06 09:25:00.210,3.345,10000
2020-08-06 09:25:00.210,3.345,142322
2020-08-06 09:25:00.210,3.345,300000
2020-08-06 09:25:00.210,3.345,57678
2020-08-06 09:25:00.210,3.345,5000
2020-08-06 09:25:00.210,3.345,100
2020-08-06 09:25:00.210,3.345,1000
2020-08-06 09:25:00.210,3.345,6000
2020-08-06 09:25:00.210,3.345,100
2020-08-06 09:25:00.210,3.345,2500
2020-08-06 09:25:00.210,3.345,400
2020-08-06 09:25:00.210,3.345,6000
2020-08-06 09:25:00.210,3.345,200
2020-08-06 09:25:00.210,3.345,1000
2020-08-06 09:25:00.210,3.345,100
2020-08-06 09:25:00.210,3.345,2000
2020-08-06 09:25:00.210,3.345,1500
2020-08-06 09:25:00.210,3.345,10000
2020-08-06 09:25:00.210,3.345,1000
2020-08-06 09:25:00.210,3.345,6000
2020-08-06 09:25:00.210,3.345,100
2020-08-06 09:25:00.210,3.345,150000
2020-08-06 09:25:00.210,3.345,8700
2020-08-06 09:25:00.210,3.345,1000
2020-08-06 09:25:00.210,3.345,2000
2020-08-06 09:25:00.210,3.345,1000
2020-08-06 09:25:00.210,3.345,10000
2020-08-06 09:25:00.210,3.345,100
2020-08-06 09:25:00.210,3.345,100
2020-08-06 09:25:00.210,3.345,26422
2020-08-06 09:25:00.210,3.345,10000
2020-08-06 09:25:00.210,3.345,10000
2020-08-06 09:25:00.210,3.345,2678
2020-08-06 09:25:00.210,3.345,48100
2020-08-06 09:30:00.050,3.346,5000
2020-08-06 09:30:00.200,3.345,28200
2020-08-06 09:30:00.390,3.345,100
2020-08-06 09:30:00.450,3.345,2100
2020-08-06 09:30:00.450,3.345,300
2020-08-06 09:30:00.500,3.346,1000
2020-08-06 09:30:00.500,3.346,100
2020-08-06 09:30:00.500,3.346,5000
2020-08-06 09:30:00.500,3.346,600
2020-08-06 09:30:00.500,3.346,2000
2020-08-06 09:30:00.500,3.346,2000
2020-08-06 09:30:00.500,3.346,1000
2020-08-06 09:30:00.500,3.346,6000
2020-08-06 09:30:00.500,3.346,4000
2020-08-06 09:30:00.500,3.346,100
2020-08-06 09:30:00.500,3.346,8100
2020-08-06 09:30:00.550,3.345,3000
2020-08-06 09:30:00.550,3.346,90000
2020-08-06 09:30:00.610,3.345,2500
2020-08-06 09:30:00.660,3.346,7000
2020-08-06 09:30:00.740,3.345,500
2020-08-06 09:30:00.800,3.346,3200
2020-08-06 09:30:00.900,3.345,3000
2020-08-06 09:30:00.900,3.346,3100
2020-08-06 09:30:00.900,3.345,200
2020-08-06 09:30:01.150,3.345,4000
2020-08-06 09:30:01.150,3.345,700
2020-08-06 09:30:01.150,3.345,3000
2020-08-06 09:30:01.150,3.346,10000
2020-08-06 09:30:01.150,3.345,149000
2020-08-06 09:30:01.270,3.345,20000
2020-08-06 09:30:01.270,3.345,20000
2020-08-06 09:30:01.370,3.346,3000
2020-08-06 09:30:01.370,3.345,2000
2020-08-06 09:30:01.370,3.346,135800
2020-08-06 09:30:01.370,3.346,1000
2020-08-06 09:30:01.370,3.346,5000
2020-08-06 09:30:01.370,3.346,10000
2020-08-06 09:30:01.370,3.346,51600
2020-08-06 09:30:01.370,3.346,5000
2020-08-06 09:30:01.370,3.347,200
2020-08-06 09:30:01.370,3.346,2000
2020-08-06 09:30:01.450,3.346,5000
2020-08-06 09:30:01.450,3.346,5000
2020-08-06 09:30:01.450,3.346,5000
2020-08-06 09:30:01.450,3.346,5000
2020-08-06 09:30:01.550,3.346,35000
2020-08-06 09:30:01.550,3.346,5000
2020-08-06 09:30:01.600,3.346,3800
2020-08-06 09:30:01.700,3.346,400
2020-08-06 09:30:01.820,3.346,500
2020-08-06 09:30:01.920,3.346,10100
2020-08-06 09:30:02.530,3.346,5000
2020-08-06 09:30:02.610,3.346,500
2020-08-06 09:30:02.710,3.346,3200
2020-08-06 09:30:02.770,3.346,10000
2020-08-06 09:30:02.770,3.346,100
2020-08-06 09:30:02.820,3.346,200
2020-08-06 09:30:03.020,3.346,300
2020-08-06 09:30:03.020,3.346,1500
2020-08-06 09:30:03.020,3.346,9500
2020-08-06 09:30:03.070,3.346,1000
2020-08-06 09:30:03.070,3.346,4200
2020-08-06 09:30:03.070,3.346,800
2020-08-06 09:30:03.190,3.346,9300
2020-08-06 09:30:03.190,3.346,1200
2020-08-06 09:30:03.190,3.346,1800
2020-08-06 09:30:03.280,3.347,800
2020-08-06 09:30:03.280,3.347,10000
2020-08-06 09:30:03.280,3.347,400
2020-08-06 09:30:03.330,3.346,4000
2020-08-06 09:30:03.440,3.346,2400
2020-08-06 09:30:03.510,3.346,3000
2020-08-06 09:30:03.590,3.346,15000
2020-08-06 09:30:03.670,3.346,65500
2020-08-06 09:30:03.670,3.346,10000
2020-08-06 09:30:03.670,3.346,6400
2020-08-06 09:30:03.670,3.346,5000
2020-08-06 09:30:03.670,3.346,100
2020-08-06 09:30:03.670,3.346,2000
2020-08-06 09:30:03.670,3.346,5500
2020-08-06 09:30:03.940,3.345,100
2020-08-06 09:30:03.940,3.345,10522
2020-08-06 09:30:03.940,3.345,100
2020-08-06 09:30:03.940,3.345,9378
2020-08-06 09:30:03.940,3.345,622
2020-08-06 09:30:03.940,3.345,10000
2020-08-06 09:30:03.940,3.345,4378
2020-08-06 09:30:03.940,3.346,100
2020-08-06 09:30:04.010,3.346,100
2020-08-06 09:30:04.010,3.345,1522
2020-08-06 09:30:04.010,3.345,5478
2020-08-06 09:30:04.010,3.345,1000
2020-08-06 09:30:04.010,3.346,200
2020-08-06 09:30:04.090,3.345,2000
2020-08-06 09:30:04.500,3.345,3522
2020-08-06 09:30:04.500,3.345,3078
2020-08-06 09:30:04.630,3.346,10000
2020-08-06 09:30:04.630,3.346,4900
2020-08-06 09:30:04.740,3.346,10000
2020-08-06 09:30:04.840,3.346,30000
2020-08-06 09:30:04.880,3.346,4000
2020-08-06 09:30:04.880,3.346,200
2020-08-06 09:30:04.880,3.346,205800
2020-08-06 09:30:05.090,3.346,97200
2020-08-06 09:30:05.120,3.345,10000
2020-08-06 09:30:05.200,3.346,800
2020-08-06 09:30:05.270,3.345,1000
2020-08-06 09:30:05.340,3.345,2000
2020-08-06 09:30:05.510,3.345,6600
2020-08-06 09:30:05.510,3.346,1200
2020-08-06 09:30:05.750,3.346,4000
2020-08-06 09:30:05.880,3.345,51000
2020-08-06 09:30:05.990,3.345,9200
2020-08-06 09:30:06.070,3.346,3000
2020-08-06 09:30:06.100,3.345,4000
2020-08-06 09:30:06.100,3.345,2000
2020-08-06 09:30:06.210,3.345,1000
2020-08-06 09:30:06.330,3.345,20000
2020-08-06 09:30:06.400,3.345,1900
2020-08-06 09:30:06.630,3.345,6000
2020-08-06 09:30:06.630,3.346,6700
2020-08-06 09:30:07.050,3.345,100
2020-08-06 09:30:07.170,3.346,26000
2020-08-06 09:30:07.420,3.345,2000
2020-08-06 09:30:07.620,3.346,100
2020-08-06 09:30:07.620,3.345,75900
2020-08-06 09:30:07.740,3.346,15200
2020-08-06 09:30:07.870,3.346,10000
2020-08-06 09:30:08.050,3.345,1200
2020-08-06 09:30:08.460,3.346,10000
2020-08-06 09:30:08.610,3.345,5000
2020-08-06 09:30:08.610,3.345,1900
2020-08-06 09:30:08.760,3.346,1000
2020-08-06 09:30:08.790,3.345,500
2020-08-06 09:30:08.990,3.346,1400
2020-08-06 09:30:09.110,3.345,6000
2020-08-06 09:30:09.250,3.345,100
2020-08-06 09:30:09.400,3.346,6000
2020-08-06 09:30:09.520,3.345,4000
2020-08-06 09:30:09.550,3.346,700
2020-08-06 09:30:09.660,3.345,500
2020-08-06 09:30:09.810,3.346,10000
2020-08-06 09:30:09.840,3.346,200
2020-08-06 09:30:10.020,3.345,2000
2020-08-06 09:30:10.060,3.345,4400
2020-08-06 09:30:10.060,3.346,5000
2020-08-06 09:30:10.170,3.345,2800
2020-08-06 09:30:10.380,3.346,5000
2020-08-06 09:30:10.810,3.345,3000
2020-08-06 09:30:11.040,3.345,10000
2020-08-06 09:30:11.070,3.345,30000
2020-08-06 09:30:11.070,3.346,5000
2020-08-06 09:30:11.320,3.345,10322
2020-08-06 09:30:11.320,3.345,400
2020-08-06 09:30:11.320,3.345,5000
2020-08-06 09:30:11.320,3.345,20000
2020-08-06 09:30:11.320,3.345,100
2020-08-06 09:30:11.490,3.345,1000
2020-08-06 09:30:11.560,3.345,44500
2020-08-06 09:30:11.590,3.345,500
2020-08-06 09:30:12.060,3.345,200
2020-08-06 09:30:12.180,3.345,200
2020-08-06 09:30:12.250,3.344,6400
2020-08-06 09:30:12.280,3.345,2000
2020-08-06 09:30:12.480,3.345,400
2020-08-06 09:30:12.690,3.345,10000
2020-08-06 09:30:12.870,3.345,1000
2020-08-06 09:30:12.920,3.345,2400
2020-08-06 09:30:13.120,3.345,400
2020-08-06 09:30:13.290,3.344,5000
2020-08-06 09:30:13.320,3.345,200
2020-08-06 09:30:13.440,3.345,200
2020-08-06 09:30:13.440,3.345,1000
2020-08-06 09:30:13.830,3.344,2900
2020-08-06 09:30:14.000,3.344,1000
2020-08-06 09:30:14.340,3.345,1000
2020-08-06 09:30:14.420,3.344,1000
2020-08-06 09:30:14.510,3.345,1600
2020-08-06 09:30:14.610,3.345,2100
2020-08-06 09:30:17.050,3.345,2900
2020-08-06 09:30:17.050,3.345,16200
2020-08-06 09:30:17.050,3.345,3100
2020-08-06 09:30:17.230,3.345,500
2020-08-06 09:30:17.230,3.345,3000
2020-08-06 09:30:17.230,3.345,20000
2020-08-06 09:30:17.230,3.345,4800
2020-08-06 09:30:17.230,3.345,20000
2020-08-06 09:30:17.230,3.345,23800
2020-08-06 09:30:17.230,3.345,1000
2020-08-06 09:30:17.230,3.345,1000
2020-08-06 09:30:17.230,3.345,4000
2020-08-06 09:30:17.230,3.345,10000
2020-08-06 09:30:17.230,3.345,20000
2020-08-06 09:30:17.230,3.345,191900
2020-08-06 09:30:18.030,3.345,300000
2020-08-06 09:30:18.520,3.345,500
2020-08-06 09:30:19.410,3.345,20000
2020-08-06 09:30:20.430,3.345,400
2020-08-06 09:30:20.840,3.345,436000
2020-08-06 09:30:20.840,3.345,6000
2020-08-06 09:30:20.840,3.345,23300
2020-08-06 09:30:20.840,3.345,3100
2020-08-06 09:30:20.840,3.345,2700
2020-08-06 09:30:20.840,3.345,6000
2020-08-06 09:30:20.840,3.345,6600
2020-08-06 09:30:20.840,3.345,100
2020-08-06 09:30:20.840,3.345,20000
2020-08-06 09:30:21.150,3.345,2400
2020-08-06 09:30:21.160,3.346,85700
2020-08-06 09:30:21.160,3.346,20000
2020-08-06 09:30:21.160,3.346,15000
2020-08-06 09:30:21.160,3.346,20000
2020-08-06 09:30:21.160,3.346,2000
2020-08-06 09:30:21.160,3.346,10000
2020-08-06 09:30:21.160,3.346,147300
2020-08-06 09:30:21.580,3.345,354500
2020-08-06 09:30:21.780,3.345,22500
2020-08-06 09:30:21.910,3.346,30000
2020-08-06 09:30:21.980,3.345,500
2020-08-06 09:30:22.500,3.345,9200
2020-08-06 09:30:22.710,3.345,10700
2020-08-06 09:30:23.520,3.346,300
2020-08-06 09:30:23.850,3.345,9300
2020-08-06 09:30:24.570,3.345,87100
2020-08-06 09:30:24.570,3.345,100000
2020-08-06 09:30:24.570,3.345,300000
2020-08-06 09:30:24.570,3.345,300000
2020-08-06 09:30:24.570,3.345,161700
2020-08-06 09:30:25.020,3.345,500
2020-08-06 09:30:25.520,3.345,2000
2020-08-06 09:30:25.520,3.345,2000
2020-08-06 09:30:26.020,3.345,1800
2020-08-06 09:30:26.250,3.345,3000
2020-08-06 09:30:26.400,3.345,9900
2020-08-06 09:30:26.430,3.346,6000
2020-08-06 09:30:26.860,3.345,3500
2020-08-06 09:30:27.280,3.345,2000
2020-08-06 09:30:27.450,3.345,300
2020-08-06 09:30:28.020,3.346,100
2020-08-06 09:30:28.120,3.346,7000
2020-08-06 09:30:28.150,3.345,5900
2020-08-06 09:30:28.150,3.345,4100
2020-08-06 09:30:28.590,3.345,7900
2020-08-06 09:30:28.680,3.344,2000
2020-08-06 09:30:29.350,3.345,2100
2020-08-06 09:30:29.350,3.345,8100
2020-08-06 09:30:29.350,3.345,20000
2020-08-06 09:30:29.350,3.346,269800
2020-08-06 09:30:29.610,3.344,3500
2020-08-06 09:30:29.840,3.346,300000
2020-08-06 09:30:30.290,3.344,15200
2020-08-06 09:30:30.630,3.344,10000
2020-08-06 09:30:31.000,3.346,5000
2020-08-06 09:30:31.350,3.346,183200
2020-08-06 09:30:31.350,3.346,5300
2020-08-06 09:30:31.350,3.346,1900
2020-08-06 09:30:31.350,3.346,300
2020-08-06 09:30:31.350,3.346,100000
2020-08-06 09:30:31.350,3.346,5000
2020-08-06 09:30:31.350,3.346,4300
2020-08-06 09:30:31.380,3.346,5800
2020-08-06 09:30:32.140,3.345,3900
2020-08-06 09:30:32.350,3.345,6100
2020-08-06 09:30:32.770,3.345,5000
2020-08-06 09:30:33.410,3.345,30000
2020-08-06 09:30:34.400,3.344,3300
2020-08-06 09:30:34.610,3.345,1600
2020-08-06 09:30:34.610,3.345,194300
2020-08-06 09:30:34.610,3.345,6000
2020-08-06 09:30:34.610,3.345,65700
2020-08-06 09:30:34.610,3.345,5000
2020-08-06 09:30:34.610,3.345,15000
2020-08-06 09:30:34.610,3.346,1000
2020-08-06 09:30:36.040,3.346,10000
2020-08-06 09:30:36.120,3.345,1700
2020-08-06 09:30:36.960,3.346,50300
2020-08-06 09:30:36.960,3.346,100000
2020-08-06 09:30:36.960,3.346,20000
2020-08-06 09:30:36.960,3.346,49000
2020-08-06 09:30:36.960,3.347,8600
2020-08-06 09:30:36.960,3.347,100
2020-08-06 09:30:36.960,3.347,8600
2020-08-06 09:30:36.960,3.347,5000
2020-08-06 09:30:36.960,3.347,40200
2020-08-06 09:30:36.960,3.347,11200
2020-08-06 09:30:36.960,3.347,1800
2020-08-06 09:30:36.960,3.347,5200
2020-08-06 09:30:37.720,3.346,2000
2020-08-06 09:30:38.640,3.347,14800
2020-08-06 09:30:38.640,3.347,15000
2020-08-06 09:30:38.640,3.347,5000
2020-08-06 09:30:38.640,3.347,3000
2020-08-06 09:30:38.640,3.347,2200
2020-08-06 09:30:39.320,3.346,2000
2020-08-06 09:30:39.500,3.346,200
2020-08-06 09:30:39.500,3.346,300
2020-08-06 09:30:41.030,3.346,21100
2020-08-06 09:30:41.370,3.346,274400
2020-08-06 09:30:41.900,3.345,4900
2020-08-06 09:30:42.100,3.345,5000
2020-08-06 09:30:42.870,3.345,100
2020-08-06 09:30:42.870,3.345,400
2020-08-06 09:30:43.030,3.346,2000
2020-08-06 09:30:43.420,3.346,2000
2020-08-06 09:30:45.110,3.345,1600
2020-08-06 09:30:45.110,3.345,600
2020-08-06 09:30:45.110,3.345,2800
2020-08-06 09:30:45.190,3.346,21300
2020-08-06 09:30:45.320,3.345,8900
2020-08-06 09:30:45.480,3.345,10000
2020-08-06 09:30:45.550,3.346,300
2020-08-06 09:30:45.550,3.346,1700
2020-08-06 09:30:45.690,3.345,100
2020-08-06 09:30:46.120,3.345,4000
2020-08-06 09:30:47.150,3.346,500
2020-08-06 09:30:47.510,3.346,1200
2020-08-06 09:30:47.510,3.346,1000
2020-08-06 09:30:47.510,3.346,7100
2020-08-06 09:30:47.930,3.345,17800
2020-08-06 09:30:47.930,3.345,10000
2020-08-06 09:30:49.680,3.344,300000
2020-08-06 09:30:49.980,3.345,2000
2020-08-06 09:30:50.360,3.345,2900
2020-08-06 09:30:51.310,3.345,4400
2020-08-06 09:30:51.770,3.344,35300
2020-08-06 09:30:51.870,3.345,10300
2020-08-06 09:30:52.240,3.345,2000
2020-08-06 09:30:52.310,3.344,100
2020-08-06 09:30:53.170,3.345,8400
2020-08-06 09:30:53.170,3.345,51600
2020-08-06 09:30:55.190,3.345,2000
2020-08-06 09:30:56.350,3.344,69700
2020-08-06 09:30:56.920,3.344,1200
2020-08-06 09:30:57.530,3.345,4500
2020-08-06 09:30:57.870,3.345,1000
2020-08-06 09:30:58.160,3.345,500
2020-08-06 09:30:58.270,3.344,900
2020-08-06 09:30:58.270,3.345,10000
2020-08-06 09:30:58.600,3.344,1000
2020-08-06 09:30:59.210,3.344,20000
2020-08-06 09:30:59.410,3.344,16900
2020-08-06 09:31:00.300,3.344,30000
2020-08-06 09:31:00.820,3.345,4000
2020-08-06 09:31:01.130,3.344,51639
2020-08-06 09:31:01.330,3.345,11000
2020-08-06 09:31:01.330,3.345,1000
2020-08-06 09:31:01.330,3.345,18000
2020-08-06 09:31:01.640,3.344,117900
2020-08-06 09:31:01.800,3.344,300
2020-08-06 09:31:02.010,3.344,21400
2020-08-06 09:31:02.130,3.344,30000
2020-08-06 09:31:02.770,3.344,59801
2020-08-06 09:31:03.020,3.344,15000
2020-08-06 09:31:03.020,3.344,5100
2020-08-06 09:31:03.050,3.344,5560
2020-08-06 09:31:03.050,3.344,1000
2020-08-06 09:31:03.050,3.344,10000
2020-08-06 09:31:03.050,3.344,12600
2020-08-06 09:31:03.050,3.344,2000
2020-08-06 09:31:06.950,3.343,3000
2020-08-06 09:31:06.950,3.343,2000
2020-08-06 09:31:06.950,3.343,100
2020-08-06 09:31:09.210,3.344,4500
2020-08-06 09:31:09.210,3.344,600
2020-08-06 09:31:09.710,3.344,1400
2020-08-06 09:31:09.710,3.344,6000
2020-08-06 09:31:09.710,3.344,6100
2020-08-06 09:31:09.710,3.344,10000
2020-08-06 09:31:09.710,3.344,30000
2020-08-06 09:31:09.710,3.344,3500
2020-08-06 09:31:11.110,3.344,25700
2020-08-06 09:31:11.110,3.344,4300
2020-08-06 09:31:11.200,3.344,4100
2020-08-06 09:31:11.200,3.344,2000
2020-08-06 09:31:11.200,3.344,4000
2020-08-06 09:31:11.200,3.344,2000
2020-08-06 09:31:11.200,3.344,10000
2020-08-06 09:31:11.200,3.344,17900
2020-08-06 09:31:11.300,3.344,76700
2020-08-06 09:31:11.300,3.344,223300
2020-08-06 09:31:11.390,3.344,1000
2020-08-06 09:31:11.540,3.344,6500
2020-08-06 09:31:11.540,3.344,7700
2020-08-06 09:31:11.840,3.344,30000
2020-08-06 09:31:11.980,3.345,32000
2020-08-06 09:31:11.980,3.345,2000
2020-08-06 09:31:11.980,3.345,10000
2020-08-06 09:31:11.980,3.345,5100
2020-08-06 09:31:11.980,3.345,10600
2020-08-06 09:31:11.980,3.345,12000
2020-08-06 09:31:11.980,3.345,228400
2020-08-06 09:31:12.080,3.345,2000
2020-08-06 09:31:13.060,3.344,11600
2020-08-06 09:31:13.160,3.345,100
2020-08-06 09:31:13.160,3.345,100
2020-08-06 09:31:13.160,3.345,100
2020-08-06 09:31:13.160,3.345,100
2020-08-06 09:31:13.160,3.345,100
2020-08-06 09:31:13.200,3.344,3500
2020-08-06 09:31:13.230,3.345,100
2020-08-06 09:31:13.230,3.345,100
2020-08-06 09:31:13.230,3.345,100
2020-08-06 09:31:13.230,3.345,100
2020-08-06 09:31:13.230,3.345,100
2020-08-06 09:31:13.230,3.345,100
2020-08-06 09:31:13.230,3.345,100
2020-08-06 09:31:13.230,3.345,100
2020-08-06 09:31:13.230,3.345,100
2020-08-06 09:31:13.260,3.345,100
2020-08-06 09:31:13.260,3.345,100
2020-08-06 09:31:13.260,3.345,100
2020-08-06 09:31:13.260,3.345,100
2020-08-06 09:31:13.260,3.345,100
2020-08-06 09:31:13.260,3.345,100
2020-08-06 09:31:13.260,3.345,100
2020-08-06 09:31:13.260,3.345,100
2020-08-06 09:31:13.260,3.345,100
2020-08-06 09:31:13.330,3.345,100
2020-08-06 09:31:13.330,3.345,100
2020-08-06 09:31:13.330,3.345,100
2020-08-06 09:31:13.330,3.345,100
2020-08-06 09:31:13.330,3.345,100
2020-08-06 09:31:13.330,3.345,100
2020-08-06 09:31:13.330,3.345,100
2020-08-06 09:31:13.330,3.345,100
2020-08-06 09:31:13.370,3.345,100
2020-08-06 09:31:13.370,3.345,100
2020-08-06 09:31:13.370,3.345,100
2020-08-06 09:31:13.370,3.345,100
2020-08-06 09:31:13.370,3.345,100
2020-08-06 09:31:13.370,3.345,100
2020-08-06 09:31:13.440,3.345,100
2020-08-06 09:31:13.440,3.345,100
2020-08-06 09:31:13.440,3.345,100
2020-08-06 09:31:13.480,3.345,100
2020-08-06 09:31:13.480,3.345,100
2020-08-06 09:31:13.510,3.345,100
2020-08-06 09:31:13.510,3.345,100
2020-08-06 09:31:13.510,3.345,100
2020-08-06 09:31:13.510,3.345,100
2020-08-06 09:31:13.510,3.345,100
2020-08-06 09:31:13.510,3.345,100
2020-08-06 09:31:13.510,3.345,100
2020-08-06 09:31:13.550,3.345,100
2020-08-06 09:31:13.550,3.345,100
2020-08-06 09:31:13.550,3.345,100
2020-08-06 09:31:13.550,3.345,100
2020-08-06 09:31:13.550,3.345,100
2020-08-06 09:31:13.550,3.345,100
2020-08-06 09:31:13.550,3.345,100
2020-08-06 09:31:13.550,3.345,100
2020-08-06 09:31:13.550,3.345,100
2020-08-06 09:31:13.580,3.345,100
2020-08-06 09:31:13.580,3.345,100
2020-08-06 09:31:13.580,3.345,100
2020-08-06 09:31:13.580,3.345,100
2020-08-06 09:31:13.580,3.345,100
2020-08-06 09:31:13.580,3.345,100
2020-08-06 09:31:13.580,3.345,100
2020-08-06 09:31:13.580,3.345,100
2020-08-06 09:31:13.580,3.345,100
2020-08-06 09:31:13.620,3.345,100
2020-08-06 09:31:13.620,3.345,100
2020-08-06 09:31:13.620,3.345,100
2020-08-06 09:31:13.620,3.345,100
2020-08-06 09:31:13.620,3.345,100
2020-08-06 09:31:13.620,3.345,100
2020-08-06 09:31:13.620,3.345,100
2020-08-06 09:31:13.680,3.345,100
2020-08-06 09:31:13.710,3.345,100
2020-08-06 09:31:13.710,3.345,100
2020-08-06 09:31:13.710,3.345,100
2020-08-06 09:31:13.710,3.345,100
2020-08-06 09:31:13.710,3.345,100
2020-08-06 09:31:13.710,3.345,100
2020-08-06 09:31:13.710,3.345,100
2020-08-06 09:31:13.710,3.345,100
2020-08-06 09:31:13.710,3.345,100
2020-08-06 09:31:13.710,3.345,100
2020-08-06 09:31:13.710,3.345,100
2020-08-06 09:31:13.780,3.345,100
2020-08-06 09:31:13.780,3.345,100
2020-08-06 09:31:13.780,3.345,100
2020-08-06 09:31:13.780,3.345,100
2020-08-06 09:31:13.780,3.345,100
2020-08-06 09:31:13.780,3.345,100
2020-08-06 09:31:13.780,3.345,100
2020-08-06 09:31:13.850,3.345,100
2020-08-06 09:31:13.850,3.345,100
2020-08-06 09:31:13.850,3.345,100
2020-08-06 09:31:13.850,3.345,100
2020-08-06 09:31:13.850,3.345,100
2020-08-06 09:31:13.850,3.345,100
2020-08-06 09:31:13.880,3.345,100
2020-08-06 09:31:14.110,3.345,100
2020-08-06 09:31:14.240,3.345,100
2020-08-06 09:31:14.240,3.345,100
2020-08-06 09:31:14.240,3.345,100
2020-08-06 09:31:14.240,3.345,100
2020-08-06 09:31:14.240,3.345,100
2020-08-06 09:31:14.240,3.345,100
2020-08-06 09:31:14.240,3.345,100
2020-08-06 09:31:14.240,3.345,100
2020-08-06 09:31:14.240,3.345,100
2020-08-06 09:31:14.240,3.345,100
2020-08-06 09:31:14.240,3.345,100
2020-08-06 09:31:14.240,3.345,100
2020-08-06 09:31:14.240,3.345,100
2020-08-06 09:31:14.240,3.345,100
2020-08-06 09:31:14.240,3.345,100
2020-08-06 09:31:14.320,3.345,100
2020-08-06 09:31:14.320,3.345,100
2020-08-06 09:31:14.320,3.345,100
2020-08-06 09:31:14.320,3.345,100
2020-08-06 09:31:14.320,3.345,100
2020-08-06 09:31:14.320,3.345,100
2020-08-06 09:31:14.320,3.345,100
2020-08-06 09:31:14.320,3.345,100
2020-08-06 09:31:14.320,3.345,100
2020-08-06 09:31:14.320,3.345,100
2020-08-06 09:31:14.350,3.345,100
2020-08-06 09:31:14.350,3.345,100
2020-08-06 09:31:14.350,3.345,100
2020-08-06 09:31:14.350,3.345,100
2020-08-06 09:31:14.350,3.345,100
2020-08-06 09:31:14.350,3.345,100
2020-08-06 09:31:14.350,3.345,100
2020-08-06 09:31:14.350,3.345,100
2020-08-06 09:31:14.380,3.345,100
2020-08-06 09:31:14.380,3.345,100
2020-08-06 09:31:14.380,3.345,100
2020-08-06 09:31:14.490,3.344,100
2020-08-06 09:31:14.490,3.344,100
2020-08-06 09:31:14.490,3.344,100
2020-08-06 09:31:14.490,3.344,100
2020-08-06 09:31:14.490,3.344,100
2020-08-06 09:31:14.490,3.344,100
2020-08-06 09:31:14.520,3.344,100
2020-08-06 09:31:14.520,3.344,100
2020-08-06 09:31:14.520,3.344,100
2020-08-06 09:31:14.520,3.344,100
2020-08-06 09:31:14.520,3.344,100
2020-08-06 09:31:14.520,3.344,100
2020-08-06 09:31:14.520,3.344,100
2020-08-06 09:31:14.520,3.344,100
2020-08-06 09:31:14.520,3.344,100
2020-08-06 09:31:14.520,3.344,100
2020-08-06 09:31:14.520,3.344,100
2020-08-06 09:31:14.520,3.344,100
2020-08-06 09:31:14.520,3.344,100
2020-08-06 09:31:14.520,3.344,100
2020-08-06 09:31:14.560,3.344,100
2020-08-06 09:31:14.560,3.344,100
2020-08-06 09:31:14.590,3.344,100
2020-08-06 09:31:14.590,3.344,100
2020-08-06 09:31:14.590,3.344,100
2020-08-06 09:31:14.590,3.344,100
2020-08-06 09:31:14.590,3.344,100
2020-08-06 09:31:14.630,3.344,100
2020-08-06 09:31:14.630,3.344,100
2020-08-06 09:31:14.630,3.344,100
2020-08-06 09:31:14.630,3.344,100
2020-08-06 09:31:14.630,3.344,100
2020-08-06 09:31:14.700,3.344,100
2020-08-06 09:31:14.700,3.344,100
2020-08-06 09:31:14.700,3.344,100
2020-08-06 09:31:14.700,3.344,100
2020-08-06 09:31:14.730,3.344,100
2020-08-06 09:31:14.730,3.344,100
2020-08-06 09:31:14.730,3.344,100
2020-08-06 09:31:14.730,3.344,100
2020-08-06 09:31:14.730,3.344,100
2020-08-06 09:31:14.730,3.344,100
2020-08-06 09:31:14.770,3.344,100
2020-08-06 09:31:14.770,3.344,100
2020-08-06 09:31:14.770,3.344,100
2020-08-06 09:31:14.770,3.344,100
2020-08-06 09:31:14.800,3.343,900
2020-08-06 09:31:14.800,3.343,299100
2020-08-06 09:31:14.880,3.344,100
2020-08-06 09:31:14.880,3.344,100
2020-08-06 09:31:14.880,3.344,100
2020-08-06 09:31:14.920,3.344,100
2020-08-06 09:31:14.920,3.344,100
2020-08-06 09:31:14.920,3.344,100
2020-08-06 09:31:14.920,3.344,100
2020-08-06 09:31:14.920,3.344,100
2020-08-06 09:31:14.950,3.344,100
2020-08-06 09:31:14.950,3.344,100
2020-08-06 09:31:14.990,3.344,100
2020-08-06 09:31:14.990,3.344,100
2020-08-06 09:31:14.990,3.344,100
2020-08-06 09:31:14.990,3.344,100
2020-08-06 09:31:14.990,3.344,100
2020-08-06 09:31:14.990,3.344,100
2020-08-06 09:31:15.020,3.344,100
2020-08-06 09:31:15.260,3.343,400
2020-08-06 09:31:16.060,3.344,100
2020-08-06 09:31:16.080,3.343,500
2020-08-06 09:31:16.080,3.343,10100
2020-08-06 09:31:16.150,3.344,100
2020-08-06 09:31:16.150,3.344,100
2020-08-06 09:31:16.150,3.344,100
2020-08-06 09:31:16.150,3.344,100
2020-08-06 09:31:16.150,3.344,100
2020-08-06 09:31:16.150,3.344,100
2020-08-06 09:31:16.150,3.344,100
2020-08-06 09:31:16.150,3.344,100
2020-08-06 09:31:16.150,3.344,100
2020-08-06 09:31:16.150,3.344,100
2020-08-06 09:31:16.150,3.344,100
2020-08-06 09:31:16.220,3.344,100
2020-08-06 09:31:16.220,3.344,100
2020-08-06 09:31:16.220,3.344,100
2020-08-06 09:31:16.220,3.344,100
2020-08-06 09:31:16.250,3.344,100
2020-08-06 09:31:16.250,3.344,100
2020-08-06 09:31:16.250,3.344,100
2020-08-06 09:31:16.250,3.344,100
2020-08-06 09:31:16.250,3.343,21600
2020-08-06 09:31:16.280,3.343,1000
2020-08-06 09:31:16.310,3.344,100
2020-08-06 09:31:16.310,3.344,100
2020-08-06 09:31:16.310,3.344,100
2020-08-06 09:31:16.310,3.344,100
2020-08-06 09:31:16.310,3.344,100
2020-08-06 09:31:16.310,3.344,100
2020-08-06 09:31:16.350,3.343,6000
2020-08-06 09:31:16.350,3.344,100
2020-08-06 09:31:16.350,3.344,100
2020-08-06 09:31:16.350,3.344,100
2020-08-06 09:31:16.350,3.344,100
2020-08-06 09:31:16.350,3.344,100
2020-08-06 09:31:16.380,3.344,100
2020-08-06 09:31:16.380,3.344,100
2020-08-06 09:31:16.380,3.344,100
2020-08-06 09:31:16.380,3.344,100
2020-08-06 09:31:16.380,3.344,100
2020-08-06 09:31:16.380,3.344,100
2020-08-06 09:31:16.380,3.344,100
2020-08-06 09:31:16.450,3.344,100
2020-08-06 09:31:16.450,3.344,100
2020-08-06 09:31:16.450,3.344,100
2020-08-06 09:31:16.450,3.344,100
2020-08-06 09:31:16.450,3.344,100
2020-08-06 09:31:16.450,3.344,100
2020-08-06 09:31:16.550,3.344,100
2020-08-06 09:31:16.550,3.344,100
2020-08-06 09:31:16.550,3.344,100
2020-08-06 09:31:16.550,3.344,100
2020-08-06 09:31:16.550,3.344,100
2020-08-06 09:31:16.550,3.344,100
2020-08-06 09:31:16.610,3.344,100
2020-08-06 09:31:16.650,3.344,100
2020-08-06 09:31:16.650,3.344,100
2020-08-06 09:31:16.650,3.344,100
2020-08-06 09:31:16.650,3.344,100
2020-08-06 09:31:16.650,3.344,100
2020-08-06 09:31:16.650,3.344,100
2020-08-06 09:31:16.650,3.344,100
2020-08-06 09:31:16.650,3.344,100
2020-08-06 09:31:16.650,3.344,100
2020-08-06 09:31:16.650,3.344,100
2020-08-06 09:31:16.720,3.344,100
2020-08-06 09:31:16.720,3.344,100
2020-08-06 09:31:16.720,3.344,100
2020-08-06 09:31:16.720,3.344,100
2020-08-06 09:31:16.720,3.344,100
2020-08-06 09:31:16.720,3.344,100
2020-08-06 09:31:16.720,3.344,100
2020-08-06 09:31:16.720,3.344,100
2020-08-06 09:31:16.720,3.344,100
2020-08-06 09:31:16.720,3.344,100
2020-08-06 09:31:16.720,3.344,100
2020-08-06 09:31:16.720,3.344,100
2020-08-06 09:31:16.720,3.344,100
2020-08-06 09:31:16.720,3.344,100
2020-08-06 09:31:16.720,3.344,100
2020-08-06 09:31:16.750,3.344,100
2020-08-06 09:31:16.750,3.344,100
2020-08-06 09:31:16.750,3.344,100
2020-08-06 09:31:16.750,3.344,100
2020-08-06 09:31:16.750,3.344,100
2020-08-06 09:31:16.750,3.344,100
2020-08-06 09:31:16.750,3.344,100
2020-08-06 09:31:16.750,3.344,100
2020-08-06 09:31:16.850,3.343,261300
2020-08-06 09:31:16.850,3.343,38700
2020-08-06 09:31:16.870,3.344,100
2020-08-06 09:31:16.870,3.344,100
2020-08-06 09:31:16.870,3.344,100
2020-08-06 09:31:16.870,3.344,100
2020-08-06 09:31:16.870,3.344,100
2020-08-06 09:31:16.910,3.344,100
2020-08-06 09:31:16.910,3.344,100
2020-08-06 09:31:16.910,3.344,100
2020-08-06 09:31:16.910,3.344,100
2020-08-06 09:31:16.940,3.344,100
2020-08-06 09:31:16.940,3.344,100
2020-08-06 09:31:17.010,3.344,100
2020-08-06 09:31:17.010,3.344,100
2020-08-06 09:31:17.010,3.344,100
2020-08-06 09:31:17.010,3.344,100
2020-08-06 09:31:17.010,3.344,100
2020-08-06 09:31:17.130,3.344,100
2020-08-06 09:31:17.130,3.344,100
2020-08-06 09:31:17.130,3.344,100
2020-08-06 09:31:17.130,3.344,100
2020-08-06 09:31:17.160,3.344,100
2020-08-06 09:31:17.160,3.344,100
2020-08-06 09:31:17.160,3.344,100
2020-08-06 09:31:17.160,3.344,100
2020-08-06 09:31:17.160,3.344,100
2020-08-06 09:31:17.160,3.344,100
2020-08-06 09:31:17.160,3.344,100
2020-08-06 09:31:17.160,3.344,100
2020-08-06 09:31:17.160,3.344,100
2020-08-06 09:31:17.160,3.344,100
2020-08-06 09:31:17.220,3.344,100
2020-08-06 09:31:17.220,3.344,100
2020-08-06 09:31:17.260,3.344,100
2020-08-06 09:31:17.260,3.344,100
2020-08-06 09:31:17.260,3.344,100
2020-08-06 09:31:17.260,3.344,100
2020-08-06 09:31:17.320,3.344,100
2020-08-06 09:31:17.320,3.344,100
2020-08-06 09:31:17.320,3.344,100
2020-08-06 09:31:17.320,3.344,100
2020-08-06 09:31:17.320,3.344,100
2020-08-06 09:31:17.320,3.344,100
2020-08-06 09:31:17.360,3.344,100
2020-08-06 09:31:17.360,3.344,100
2020-08-06 09:31:17.360,3.344,100
2020-08-06 09:31:17.360,3.344,100
2020-08-06 09:31:17.360,3.344,100
2020-08-06 09:31:17.360,3.344,100
2020-08-06 09:31:17.390,3.343,300
2020-08-06 09:31:17.430,3.344,100
2020-08-06 09:31:17.430,3.344,100
2020-08-06 09:31:17.430,3.344,100
2020-08-06 09:31:17.430,3.344,100
2020-08-06 09:31:17.460,3.344,8400
2020-08-06 09:31:17.460,3.345,100
2020-08-06 09:31:17.460,3.345,100
2020-08-06 09:31:17.460,3.345,100
2020-08-06 09:31:17.530,3.345,100
2020-08-06 09:31:17.530,3.345,100
2020-08-06 09:31:17.530,3.345,100
2020-08-06 09:31:17.530,3.345,100
2020-08-06 09:31:17.600,3.345,100
2020-08-06 09:31:17.600,3.345,100
2020-08-06 09:31:17.600,3.345,100
2020-08-06 09:31:17.600,3.345,100
2020-08-06 09:31:17.600,3.345,100
2020-08-06 09:31:17.600,3.345,100
2020-08-06 09:31:17.600,3.345,100
2020-08-06 09:31:17.600,3.345,100
2020-08-06 09:31:17.600,3.345,100
2020-08-06 09:31:17.600,3.345,100
2020-08-06 09:31:17.600,3.345,100
2020-08-06 09:31:17.600,3.345,100
2020-08-06 09:31:17.600,3.345,100
2020-08-06 09:31:17.600,3.345,100
2020-08-06 09:31:17.600,3.345,100
2020-08-06 09:31:17.600,3.345,100
2020-08-06 09:31:17.640,3.345,100
2020-08-06 09:31:17.640,3.345,100
2020-08-06 09:31:17.640,3.345,100
2020-08-06 09:31:17.640,3.345,100
2020-08-06 09:31:17.640,3.345,100
2020-08-06 09:31:17.640,3.345,100
2020-08-06 09:31:17.670,3.345,100
2020-08-06 09:31:17.670,3.345,100
2020-08-06 09:31:17.670,3.345,100
2020-08-06 09:31:17.670,3.345,100
2020-08-06 09:31:17.710,3.345,100
2020-08-06 09:31:17.710,3.345,100
2020-08-06 09:31:17.710,3.345,100
2020-08-06 09:31:17.710,3.345,100
2020-08-06 09:31:17.710,3.345,100
2020-08-06 09:31:17.710,3.345,100
2020-08-06 09:31:17.710,3.345,100
2020-08-06 09:31:17.770,3.345,100
2020-08-06 09:31:17.770,3.345,100
2020-08-06 09:31:17.770,3.345,100
2020-08-06 09:31:17.770,3.345,100
2020-08-06 09:31:17.770,3.345,100
2020-08-06 09:31:17.770,3.345,100
2020-08-06 09:31:17.820,3.345,100
2020-08-06 09:31:17.820,3.345,100
2020-08-06 09:31:17.820,3.345,100
2020-08-06 09:31:17.820,3.345,100
2020-08-06 09:31:17.820,3.345,100
2020-08-06 09:31:17.820,3.345,100
2020-08-06 09:31:17.890,3.345,100
2020-08-06 09:31:17.890,3.345,100
2020-08-06 09:31:17.890,3.345,100
2020-08-06 09:31:17.890,3.345,100
2020-08-06 09:31:17.890,3.345,100
2020-08-06 09:31:17.890,3.345,100
2020-08-06 09:31:17.890,3.345,1400
2020-08-06 09:31:17.890,3.345,10000
2020-08-06 09:31:17.890,3.345,5000
2020-08-06 09:31:17.890,3.345,2000
2020-08-06 09:31:17.890,3.345,2000
2020-08-06 09:31:17.890,3.345,36600
2020-08-06 09:31:17.890,3.345,100
2020-08-06 09:31:17.890,3.345,100
2020-08-06 09:31:17.890,3.345,100
2020-08-06 09:31:17.890,3.345,100
2020-08-06 09:31:17.890,3.344,3000
2020-08-06 09:31:17.970,3.345,100
2020-08-06 09:31:18.070,3.345,100
2020-08-06 09:31:18.110,3.344,2700
2020-08-06 09:31:18.110,3.344,2600
2020-08-06 09:31:18.180,3.344,2700
2020-08-06 09:31:18.210,3.345,16800
2020-08-06 09:31:18.210,3.345,100
2020-08-06 09:31:18.210,3.345,20000
2020-08-06 09:31:18.210,3.345,4500
2020-08-06 09:31:18.210,3.345,6000
2020-08-06 09:31:18.210,3.345,10000
2020-08-06 09:31:18.210,3.345,10000
2020-08-06 09:31:18.210,3.345,5000
2020-08-06 09:31:18.250,3.345,200
2020-08-06 09:31:18.390,3.345,100
2020-08-06 09:31:19.070,3.345,1200
2020-08-06 09:31:19.110,3.345,225800
2020-08-06 09:31:19.110,3.345,74200
2020-08-06 09:31:19.400,3.345,10000
2020-08-06 09:31:19.700,3.345,20000
2020-08-06 09:31:19.890,3.345,5000
2020-08-06 09:31:20.910,3.345,10000
2020-08-06 09:31:21.080,3.345,14400
2020-08-06 09:31:21.470,3.345,10300
2020-08-06 09:31:21.670,3.345,5000
2020-08-06 09:31:21.800,3.345,10000
2020-08-06 09:31:22.660,3.345,5000
2020-08-06 09:31:22.950,3.345,5000
2020-08-06 09:31:22.980,3.345,9100
2020-08-06 09:31:23.300,3.345,297000
2020-08-06 09:31:23.300,3.345,600
2020-08-06 09:31:23.300,3.345,2400
2020-08-06 09:31:24.060,3.345,7000
2020-08-06 09:31:24.090,3.346,1000
2020-08-06 09:31:24.090,3.346,29000
2020-08-06 09:31:24.430,3.344,300
2020-08-06 09:31:24.530,3.344,5000
2020-08-06 09:31:25.000,3.344,100
2020-08-06 09:31:25.000,3.344,400
2020-08-06 09:31:25.030,3.344,99600
2020-08-06 09:31:25.030,3.344,3000
2020-08-06 09:31:25.030,3.343,1000
2020-08-06 09:31:25.030,3.343,30000
2020-08-06 09:31:25.030,3.343,40000
2020-08-06 09:31:25.030,3.343,126400
2020-08-06 09:31:27.620,3.344,2000
2020-08-06 09:31:27.980,3.343,2900
2020-08-06 09:31:28.780,3.343,300000
2020-08-06 09:31:30.530,3.344,100
2020-08-06 09:31:30.530,3.343,100
2020-08-06 09:31:31.170,3.344,7900
2020-08-06 09:31:31.170,3.344,4000
2020-08-06 09:31:31.290,3.344,2100
2020-08-06 09:31:32.570,3.344,5000
2020-08-06 09:31:32.850,3.344,101000
2020-08-06 09:31:32.850,3.344,199000
2020-08-06 09:31:33.020,3.342,26300
2020-08-06 09:31:36.630,3.343,100
2020-08-06 09:31:36.860,3.343,2400
2020-08-06 09:31:36.990,3.342,2800
2020-08-06 09:31:37.410,3.343,2500
2020-08-06 09:31:37.410,3.344,20000
2020-08-06 09:31:37.410,3.344,6000
2020-08-06 09:31:37.410,3.344,1500
2020-08-06 09:31:38.300,3.343,2400
2020-08-06 09:31:38.620,3.343,10100
2020-08-06 09:31:38.620,3.344,6700
2020-08-06 09:31:41.000,3.344,100
2020-08-06 09:31:41.300,3.342,9000
2020-08-06 09:31:41.510,3.343,1800
2020-08-06 09:31:41.960,3.342,1000
2020-08-06 09:31:42.990,3.342,30000
2020-08-06 09:31:43.100,3.343,200
2020-08-06 09:31:43.920,3.342,260000
2020-08-06 09:31:46.250,3.342,1800
2020-08-06 09:31:47.150,3.342,200
2020-08-06 09:31:47.410,3.342,500
2020-08-06 09:31:47.630,3.341,10000
2020-08-06 09:31:47.630,3.341,2300
2020-08-06 09:31:47.630,3.341,800
2020-08-06 09:31:47.630,3.341,5000
2020-08-06 09:31:47.630,3.341,1500
2020-08-06 09:31:47.630,3.34,2000
2020-08-06 09:31:47.630,3.34,1000
2020-08-06 09:31:47.630,3.34,10000
2020-08-06 09:31:47.630,3.34,500
2020-08-06 09:31:47.630,3.34,500
2020-08-06 09:31:47.630,3.34,300
2020-08-06 09:31:47.630,3.34,500
2020-08-06 09:31:47.630,3.34,2000
2020-08-06 09:31:47.630,3.34,14900
2020-08-06 09:31:47.630,3.34,1000
2020-08-06 09:31:47.630,3.34,247700
2020-08-06 09:31:49.660,3.34,500
2020-08-06 09:31:52.900,3.339,1300
2020-08-06 09:31:52.900,3.339,1000
2020-08-06 09:31:52.900,3.339,258900
2020-08-06 09:31:54.000,3.34,200
2020-08-06 09:31:54.000,3.34,11400
2020-08-06 09:31:54.890,3.339,3700
2020-08-06 09:31:56.000,3.339,20000
2020-08-06 09:31:56.060,3.339,200
2020-08-06 09:31:58.040,3.34,8700
2020-08-06 09:31:58.040,3.34,1300
2020-08-06 09:31:58.650,3.34,2700
2020-08-06 09:31:58.650,3.34,2700
2020-08-06 09:31:58.650,3.34,500
2020-08-06 09:31:58.650,3.34,10000
2020-08-06 09:31:58.650,3.34,3000
2020-08-06 09:31:58.650,3.341,100
2020-08-06 09:31:58.650,3.341,2800
2020-08-06 09:31:58.650,3.342,100
2020-08-06 09:31:58.650,3.342,1000
2020-08-06 09:31:58.650,3.342,100
2020-08-06 09:31:58.650,3.342,7000
2020-08-06 09:31:58.910,3.339,1000
2020-08-06 09:31:59.160,3.339,500
2020-08-06 09:31:59.590,3.339,37500
2020-08-06 09:32:00.650,3.339,237100
2020-08-06 09:32:00.650,3.339,34600
2020-08-06 09:32:01.160,3.341,1000
2020-08-06 09:32:01.220,3.341,10000
2020-08-06 09:32:01.470,3.341,4000
2020-08-06 09:32:03.060,3.341,9000
2020-08-06 09:32:03.160,3.342,600
2020-08-06 09:32:03.160,3.342,2800
2020-08-06 09:32:03.660,3.342,3000
2020-08-06 09:32:04.050,3.342,15000
2020-08-06 09:32:04.080,3.342,10000
2020-08-06 09:32:04.430,3.342,268600
2020-08-06 09:32:04.430,3.342,30000
2020-08-06 09:32:04.430,3.342,1400
2020-08-06 09:32:04.620,3.342,2800
2020-08-06 09:32:04.760,3.342,35800
2020-08-06 09:32:04.760,3.341,30000
2020-08-06 09:32:04.760,3.341,12600
2020-08-06 09:32:05.610,3.341,10000
2020-08-06 09:32:05.710,3.342,200
2020-08-06 09:32:05.710,3.342,29800
2020-08-06 09:32:06.850,3.342,1300
2020-08-06 09:32:06.850,3.342,10000
2020-08-06 09:32:07.200,3.342,59400
2020-08-06 09:32:08.160,3.342,1200
2020-08-06 09:32:08.450,3.342,1700
2020-08-06 09:32:10.050,3.342,100
2020-08-06 09:32:10.420,3.343,8000
2020-08-06 09:32:10.420,3.343,4500
2020-08-06 09:32:10.600,3.342,12000
2020-08-06 09:32:12.970,3.342,6000
2020-08-06 09:32:13.490,3.342,8300
2020-08-06 09:32:13.490,3.342,400
2020-08-06 09:32:13.490,3.342,1000
2020-08-06 09:32:13.490,3.342,40000
2020-08-06 09:32:13.490,3.342,6200
2020-08-06 09:32:13.490,3.342,13100
2020-08-06 09:32:15.000,3.342,3300
2020-08-06 09:32:15.190,3.342,500
2020-08-06 09:32:15.560,3.342,3100
2020-08-06 09:32:15.560,3.342,700
2020-08-06 09:32:16.010,3.343,2000
2020-08-06 09:32:17.860,3.34,300000
2020-08-06 09:32:19.970,3.342,700
2020-08-06 09:32:19.970,3.342,300
2020-08-06 09:32:19.970,3.342,39000
2020-08-06 09:32:20.580,3.342,40000
2020-08-06 09:32:21.070,3.341,100
2020-08-06 09:32:21.330,3.342,40000
2020-08-06 09:32:22.290,3.342,40000
2020-08-06 09:32:22.730,3.341,1600
2020-08-06 09:32:22.830,3.342,1000
2020-08-06 09:32:22.930,3.342,40000
2020-08-06 09:32:23.510,3.342,100
2020-08-06 09:32:23.740,3.342,3000
2020-08-06 09:32:23.810,3.342,40000
2020-08-06 09:32:24.210,3.342,6500
2020-08-06 09:32:24.700,3.341,500
2020-08-06 09:32:25.110,3.342,40000
2020-08-06 09:32:25.230,3.342,10400
2020-08-06 09:32:25.230,3.342,15000
2020-08-06 09:32:25.230,3.342,84100
2020-08-06 09:32:25.230,3.342,1800
2020-08-06 09:32:25.230,3.342,12800
2020-08-06 09:32:25.230,3.342,7000
2020-08-06 09:32:25.330,3.343,93500
2020-08-06 09:32:25.330,3.343,34300
2020-08-06 09:32:25.330,3.343,10000
2020-08-06 09:32:25.330,3.343,6000
2020-08-06 09:32:25.330,3.343,10000
2020-08-06 09:32:25.330,3.343,30000
2020-08-06 09:32:25.330,3.343,1500
2020-08-06 09:32:25.330,3.343,3400
2020-08-06 09:32:25.670,3.343,6000
2020-08-06 09:32:25.830,3.343,2600
2020-08-06 09:32:26.490,3.343,5000
2020-08-06 09:32:27.010,3.343,500
2020-08-06 09:32:27.780,3.343,300
2020-08-06 09:32:28.290,3.343,96900
2020-08-06 09:32:28.290,3.343,40000
2020-08-06 09:32:29.310,3.342,1000
2020-08-06 09:32:29.370,3.342,8400
2020-08-06 09:32:30.330,3.343,40000
2020-08-06 09:32:31.180,3.342,3200
2020-08-06 09:32:31.520,3.343,40000
2020-08-06 09:32:32.710,3.342,10000
2020-08-06 09:32:32.740,3.343,40000
2020-08-06 09:32:33.890,3.342,146300
2020-08-06 09:32:33.890,3.342,40000
2020-08-06 09:32:33.890,3.342,100
2020-08-06 09:32:33.890,3.342,40000
2020-08-06 09:32:33.890,3.342,5000
2020-08-06 09:32:33.890,3.342,900
2020-08-06 09:32:33.890,3.342,1600
2020-08-06 09:32:33.890,3.342,50000
2020-08-06 09:32:34.370,3.342,10000
2020-08-06 09:32:34.620,3.342,6100
2020-08-06 09:32:34.620,3.342,3000
2020-08-06 09:32:35.370,3.342,500
2020-08-06 09:32:35.910,3.342,800
2020-08-06 09:32:36.360,3.342,6800
2020-08-06 09:32:37.290,3.342,4500
2020-08-06 09:32:37.570,3.342,7700
2020-08-06 09:32:38.610,3.342,1000
2020-08-06 09:32:38.870,3.342,200
2020-08-06 09:32:40.860,3.342,2700
2020-08-06 09:32:40.900,3.342,4200
2020-08-06 09:32:41.330,3.343,7700
2020-08-06 09:32:41.330,3.343,300
2020-08-06 09:32:41.330,3.343,30000
2020-08-06 09:32:41.330,3.343,3000
2020-08-06 09:32:41.330,3.343,1500
2020-08-06 09:32:41.330,3.343,300000
2020-08-06 09:32:41.940,3.343,2800
2020-08-06 09:32:44.410,3.343,3900
2020-08-06 09:32:44.820,3.343,500
2020-08-06 09:32:44.850,3.343,300000
2020-08-06 09:32:45.200,3.343,600
2020-08-06 09:32:45.420,3.343,43100
2020-08-06 09:32:45.940,3.343,1000
2020-08-06 09:32:45.940,3.343,205600
2020-08-06 09:32:45.940,3.343,15000
2020-08-06 09:32:47.010,3.342,2500
2020-08-06 09:32:47.010,3.342,2500
2020-08-06 09:32:48.560,3.342,3100
2020-08-06 09:32:48.650,3.343,100
2020-08-06 09:32:48.930,3.342,9300
2020-08-06 09:32:48.930,3.342,5000
2020-08-06 09:32:52.540,3.342,200
2020-08-06 09:32:53.650,3.342,600
2020-08-06 09:32:53.650,3.342,400
2020-08-06 09:32:55.180,3.341,3200
2020-08-06 09:32:55.180,3.341,1600
2020-08-06 09:32:55.180,3.341,20000
2020-08-06 09:32:56.980,3.34,3000
2020-08-06 09:32:58.750,3.341,1500
2020-08-06 09:32:59.360,3.341,10000
2020-08-06 09:33:02.110,3.34,2000
2020-08-06 09:33:02.110,3.34,100
2020-08-06 09:33:02.110,3.34,1000
2020-08-06 09:33:02.110,3.34,1900
2020-08-06 09:33:04.680,3.34,100
2020-08-06 09:33:05.070,3.341,5000
2020-08-06 09:33:06.110,3.341,3800
2020-08-06 09:33:06.210,3.34,1500
2020-08-06 09:33:06.210,3.34,4200
2020-08-06 09:33:06.890,3.34,5800
2020-08-06 09:33:06.890,3.34,3000
2020-08-06 09:33:06.890,3.34,100
2020-08-06 09:33:06.890,3.34,9300
2020-08-06 09:33:07.300,3.34,20000
2020-08-06 09:33:07.820,3.34,10800
2020-08-06 09:33:07.910,3.34,30300
2020-08-06 09:33:08.220,3.341,255100
2020-08-06 09:33:08.220,3.341,800
2020-08-06 09:33:08.220,3.341,1600
2020-08-06 09:33:08.220,3.341,6000
2020-08-06 09:33:08.700,3.341,36500
2020-08-06 09:33:10.070,3.339,3000
2020-08-06 09:33:14.930,3.339,10000
2020-08-06 09:33:14.960,3.34,5000
2020-08-06 09:33:14.960,3.34,1100
2020-08-06 09:33:14.960,3.34,3900
2020-08-06 09:33:15.430,3.34,15000
2020-08-06 09:33:16.980,3.34,1100
2020-08-06 09:33:16.980,3.34,3900
2020-08-06 09:33:18.430,3.339,300
2020-08-06 09:33:19.320,3.339,1500
2020-08-06 09:33:19.520,3.339,5200
2020-08-06 09:33:19.520,3.339,2000
2020-08-06 09:33:19.520,3.339,4500
2020-08-06 09:33:20.300,3.34,114100
2020-08-06 09:33:20.300,3.34,30000
2020-08-06 09:33:20.300,3.34,202600
2020-08-06 09:33:20.300,3.34,2700
2020-08-06 09:33:20.880,3.34,300000
2020-08-06 09:33:20.950,3.34,250600
2020-08-06 09:33:20.950,3.339,500
2020-08-06 09:33:20.950,3.339,400
2020-08-06 09:33:20.950,3.339,100
2020-08-06 09:33:20.950,3.339,10000
2020-08-06 09:33:22.800,3.339,15000
2020-08-06 09:33:22.960,3.339,10000
2020-08-06 09:33:24.290,3.338,600
2020-08-06 09:33:24.290,3.338,1000
2020-08-06 09:33:24.290,3.338,10000
2020-08-06 09:33:24.290,3.338,5300
2020-08-06 09:33:24.290,3.338,50000
2020-08-06 09:33:24.290,3.338,100
2020-08-06 09:33:24.290,3.338,5000
2020-08-06 09:33:24.290,3.338,30000
2020-08-06 09:33:24.790,3.338,198000
2020-08-06 09:33:25.200,3.339,2800
2020-08-06 09:33:26.500,3.339,23700
2020-08-06 09:33:27.210,3.339,10000
2020-08-06 09:33:27.560,3.338,4000
2020-08-06 09:33:28.210,3.338,1000
2020-08-06 09:33:28.750,3.339,15300
2020-08-06 09:33:29.270,3.338,1400
2020-08-06 09:33:30.070,3.339,200000
2020-08-06 09:33:30.600,3.339,12200
2020-08-06 09:33:30.600,3.339,5800
2020-08-06 09:33:30.600,3.339,100
2020-08-06 09:33:30.600,3.339,100
2020-08-06 09:33:30.600,3.339,100
2020-08-06 09:33:30.600,3.339,100
2020-08-06 09:33:30.600,3.339,100
2020-08-06 09:33:30.600,3.339,100
2020-08-06 09:33:30.600,3.339,100
2020-08-06 09:33:30.600,3.339,100
2020-08-06 09:33:30.600,3.339,100
2020-08-06 09:33:30.600,3.339,100
2020-08-06 09:33:30.600,3.339,100
2020-08-06 09:33:30.600,3.339,100
2020-08-06 09:33:30.600,3.339,100
2020-08-06 09:33:30.600,3.339,100
2020-08-06 09:33:30.600,3.339,100
2020-08-06 09:33:30.600,3.339,100
2020-08-06 09:33:30.600,3.339,100
2020-08-06 09:33:30.600,3.339,100
2020-08-06 09:33:30.600,3.339,100
2020-08-06 09:33:30.600,3.339,100
2020-08-06 09:33:30.600,3.339,100
2020-08-06 09:33:30.600,3.339,100
2020-08-06 09:33:30.600,3.339,100
2020-08-06 09:33:30.600,3.339,100
2020-08-06 09:33:30.600,3.339,100
2020-08-06 09:33:30.600,3.339,100
2020-08-06 09:33:30.600,3.339,100
2020-08-06 09:33:30.600,3.339,100
2020-08-06 09:33:30.600,3.339,100
2020-08-06 09:33:30.600,3.339,100
2020-08-06 09:33:30.600,3.339,100
2020-08-06 09:33:30.600,3.339,100
2020-08-06 09:33:30.600,3.339,100
2020-08-06 09:33:30.600,3.339,100
2020-08-06 09:33:30.600,3.339,100
2020-08-06 09:33:30.600,3.339,100
2020-08-06 09:33:30.600,3.339,100
2020-08-06 09:33:30.600,3.339,100
2020-08-06 09:33:30.600,3.339,100
2020-08-06 09:33:30.600,3.339,100
2020-08-06 09:33:30.600,3.339,100
2020-08-06 09:33:30.600,3.339,100
2020-08-06 09:33:30.600,3.339,100
2020-08-06 09:33:30.600,3.339,100
2020-08-06 09:33:30.600,3.339,100
2020-08-06 09:33:30.600,3.339,100
2020-08-06 09:33:30.600,3.339,100
2020-08-06 09:33:30.600,3.339,100
2020-08-06 09:33:30.600,3.339,100
2020-08-06 09:33:30.600,3.339,100
2020-08-06 09:33:30.600,3.339,100
2020-08-06 09:33:30.600,3.339,100
2020-08-06 09:33:30.600,3.339,100
2020-08-06 09:33:30.600,3.339,100
2020-08-06 09:33:30.600,3.339,100
2020-08-06 09:33:30.600,3.339,100
2020-08-06 09:33:30.600,3.339,100
2020-08-06 09:33:30.600,3.339,100
2020-08-06 09:33:30.600,3.339,100
2020-08-06 09:33:30.600,3.339,100
2020-08-06 09:33:30.600,3.339,100
2020-08-06 09:33:30.600,3.339,100
2020-08-06 09:33:30.600,3.339,100
2020-08-06 09:33:30.600,3.339,100
2020-08-06 09:33:30.600,3.339,100
2020-08-06 09:33:30.600,3.339,100
2020-08-06 09:33:30.600,3.339,100
2020-08-06 09:33:30.600,3.339,100
2020-08-06 09:33:30.600,3.339,100
2020-08-06 09:33:30.600,3.339,100
2020-08-06 09:33:30.600,3.339,100
2020-08-06 09:33:30.600,3.339,100
2020-08-06 09:33:30.600,3.339,100
2020-08-06 09:33:30.600,3.339,100
2020-08-06 09:33:30.600,3.339,100
2020-08-06 09:33:30.600,3.339,100
2020-08-06 09:33:30.600,3.339,100
2020-08-06 09:33:30.600,3.339,100
2020-08-06 09:33:30.600,3.339,100
2020-08-06 09:33:30.600,3.339,100
2020-08-06 09:33:30.600,3.339,100
2020-08-06 09:33:30.600,3.339,100
2020-08-06 09:33:30.600,3.339,100
2020-08-06 09:33:30.600,3.339,100
2020-08-06 09:33:30.600,3.339,100
2020-08-06 09:33:30.600,3.339,100
2020-08-06 09:33:30.600,3.339,100
2020-08-06 09:33:30.600,3.339,100
2020-08-06 09:33:30.600,3.339,100
2020-08-06 09:33:30.600,3.339,100
2020-08-06 09:33:30.600,3.339,50000
2020-08-06 09:33:30.600,3.339,3100
2020-08-06 09:33:30.600,3.339,3000
2020-08-06 09:33:30.600,3.339,15000
2020-08-06 09:33:30.600,3.339,30200
2020-08-06 09:33:30.600,3.339,5000
2020-08-06 09:33:30.600,3.339,3000
2020-08-06 09:33:32.050,3.34,300000
2020-08-06 09:33:32.050,3.34,246400
2020-08-06 09:33:32.050,3.34,300
2020-08-06 09:33:32.050,3.34,20300
2020-08-06 09:33:32.050,3.34,4500
2020-08-06 09:33:32.050,3.34,100
2020-08-06 09:33:32.050,3.34,5000
2020-08-06 09:33:32.050,3.34,2000
2020-08-06 09:33:32.490,3.34,4200
2020-08-06 09:33:32.920,3.34,15000
2020-08-06 09:33:33.110,3.34,5000
2020-08-06 09:33:34.050,3.34,400
2020-08-06 09:33:34.880,3.34,3000
2020-08-06 09:33:34.940,3.34,59900
2020-08-06 09:33:35.220,3.34,59900
2020-08-06 09:33:35.310,3.34,2000
2020-08-06 09:33:37.640,3.34,100
2020-08-06 09:33:38.030,3.34,11400
2020-08-06 09:33:38.900,3.34,5000
2020-08-06 09:33:39.180,3.34,2300
2020-08-06 09:33:39.540,3.341,60000
2020-08-06 09:33:39.910,3.341,200000
2020-08-06 09:33:40.300,3.341,1500
2020-08-06 09:33:40.300,3.341,28500
2020-08-06 09:33:40.370,3.341,40000
2020-08-06 09:33:40.660,3.34,2200
2020-08-06 09:33:40.750,3.341,31500
2020-08-06 09:33:40.750,3.341,3000
2020-08-06 09:33:40.750,3.341,3100
2020-08-06 09:33:40.750,3.342,2000
2020-08-06 09:33:40.750,3.342,300
2020-08-06 09:33:40.750,3.342,18000
2020-08-06 09:33:40.750,3.342,4000
2020-08-06 09:33:40.750,3.342,3000
2020-08-06 09:33:41.150,3.342,28000
2020-08-06 09:33:41.180,3.342,400
2020-08-06 09:33:41.970,3.342,2000
2020-08-06 09:33:42.030,3.342,1100
2020-08-06 09:33:42.330,3.343,500
2020-08-06 09:33:42.330,3.343,300
2020-08-06 09:33:42.330,3.343,13800
2020-08-06 09:33:42.330,3.343,3000
2020-08-06 09:33:42.330,3.343,35000
2020-08-06 09:33:42.330,3.343,200
2020-08-06 09:33:42.330,3.343,10000
2020-08-06 09:33:42.330,3.343,3000
2020-08-06 09:33:42.330,3.343,234200
2020-08-06 09:33:42.460,3.342,6000
2020-08-06 09:33:42.930,3.342,2500
2020-08-06 09:33:43.590,3.342,5500
2020-08-06 09:33:44.050,3.342,5200
2020-08-06 09:33:44.090,3.343,765800
2020-08-06 09:33:44.860,3.343,2000
2020-08-06 09:33:45.490,3.343,12500
2020-08-06 09:33:45.490,3.343,1700
2020-08-06 09:33:46.010,3.344,4000
2020-08-06 09:33:46.010,3.344,109500
2020-08-06 09:33:46.010,3.344,4200
2020-08-06 09:33:46.010,3.344,3000
2020-08-06 09:33:46.010,3.344,1000
2020-08-06 09:33:46.010,3.344,2000
2020-08-06 09:33:46.010,3.344,10000
2020-08-06 09:33:46.010,3.344,10000
2020-08-06 09:33:46.010,3.344,3000
2020-08-06 09:33:46.010,3.344,5000
2020-08-06 09:33:47.950,3.344,2000
2020-08-06 09:33:48.400,3.344,800
2020-08-06 09:33:48.620,3.344,1900
2020-08-06 09:33:50.270,3.344,7300
2020-08-06 09:33:52.280,3.344,2700
2020-08-06 09:33:52.280,3.344,17300
2020-08-06 09:33:55.420,3.343,218000
2020-08-06 09:33:55.420,3.343,82000
2020-08-06 09:33:56.470,3.343,52700
2020-08-06 09:33:56.530,3.343,1500
2020-08-06 09:33:56.700,3.344,100
2020-08-06 09:33:58.510,3.343,300
2020-08-06 09:33:59.810,3.343,30000
2020-08-06 09:34:00.390,3.344,5000
2020-08-06 09:34:00.820,3.344,60000
2020-08-06 09:34:01.850,3.344,217600
2020-08-06 09:34:01.850,3.344,1000
2020-08-06 09:34:01.850,3.344,2000
2020-08-06 09:34:01.850,3.344,300
2020-08-06 09:34:01.850,3.344,1500
2020-08-06 09:34:01.850,3.344,40000
2020-08-06 09:34:01.850,3.344,2700
2020-08-06 09:34:02.230,3.344,200
2020-08-06 09:34:02.470,3.344,5000
2020-08-06 09:34:02.850,3.344,29700
2020-08-06 09:34:02.850,3.344,200
2020-08-06 09:34:02.850,3.344,270100
2020-08-06 09:34:03.040,3.344,500
2020-08-06 09:34:03.180,3.345,10000
2020-08-06 09:34:03.180,3.345,20000
2020-08-06 09:34:03.180,3.345,1900
2020-08-06 09:34:03.180,3.345,5000
2020-08-06 09:34:03.180,3.345,400
2020-08-06 09:34:03.180,3.345,3000
2020-08-06 09:34:03.180,3.345,1500
2020-08-06 09:34:03.180,3.345,100
2020-08-06 09:34:03.180,3.345,6300
2020-08-06 09:34:03.180,3.345,21900
2020-08-06 09:34:03.180,3.345,19100
2020-08-06 09:34:03.180,3.345,12000
2020-08-06 09:34:03.180,3.345,10000
2020-08-06 09:34:03.180,3.345,4300
2020-08-06 09:34:03.180,3.345,50000
2020-08-06 09:34:03.180,3.345,500
2020-08-06 09:34:03.180,3.345,100
2020-08-06 09:34:03.180,3.346,1500
2020-08-06 09:34:03.180,3.346,10000
2020-08-06 09:34:03.180,3.346,2000
2020-08-06 09:34:03.180,3.346,10000
2020-08-06 09:34:03.180,3.346,1000
2020-08-06 09:34:03.180,3.346,500
2020-08-06 09:34:03.180,3.346,300
2020-08-06 09:34:03.180,3.346,300
2020-08-06 09:34:03.180,3.346,2000
2020-08-06 09:34:03.180,3.346,10000
2020-08-06 09:34:03.180,3.346,3000
2020-08-06 09:34:03.180,3.346,10000
2020-08-06 09:34:03.180,3.346,3000
2020-08-06 09:34:03.180,3.346,2000
2020-08-06 09:34:03.180,3.346,4500
2020-08-06 09:34:03.180,3.346,2500
2020-08-06 09:34:03.180,3.346,2000
2020-08-06 09:34:03.180,3.346,7000
2020-08-06 09:34:03.180,3.346,5000
2020-08-06 09:34:03.180,3.346,100
2020-08-06 09:34:03.180,3.346,1000
2020-08-06 09:34:03.180,3.346,600
2020-08-06 09:34:03.180,3.346,55600
2020-08-06 09:34:03.960,3.345,10000
2020-08-06 09:34:05.500,3.345,16800
2020-08-06 09:34:06.660,3.345,3000
2020-08-06 09:34:07.990,3.345,1800
2020-08-06 09:34:08.800,3.345,1500
2020-08-06 09:34:09.550,3.345,100
2020-08-06 09:34:09.680,3.345,200
2020-08-06 09:34:10.160,3.346,39300
2020-08-06 09:34:10.160,3.346,6600
2020-08-06 09:34:10.160,3.346,254100
2020-08-06 09:34:10.260,3.345,1500
2020-08-06 09:34:10.260,3.345,2800
2020-08-06 09:34:10.730,3.346,125400
2020-08-06 09:34:10.730,3.346,1000
2020-08-06 09:34:10.730,3.346,10800
2020-08-06 09:34:10.730,3.346,1000
2020-08-06 09:34:10.730,3.346,500
2020-08-06 09:34:10.730,3.346,101300
2020-08-06 09:34:11.120,3.345,50000
2020-08-06 09:34:11.480,3.346,1000
2020-08-06 09:34:11.480,3.346,10000
2020-08-06 09:34:12.010,3.346,1700
2020-08-06 09:34:12.350,3.346,3200
2020-08-06 09:34:12.570,3.346,2000
2020-08-06 09:34:13.230,3.346,21200
2020-08-06 09:34:13.610,3.346,900
2020-08-06 09:34:14.300,3.346,260000
2020-08-06 09:34:15.050,3.346,2000
2020-08-06 09:34:15.080,3.346,27700
2020-08-06 09:34:16.910,3.346,10000
2020-08-06 09:34:16.940,3.345,10900
2020-08-06 09:34:17.100,3.345,15000
2020-08-06 09:34:17.940,3.345,14900
2020-08-06 09:34:18.110,3.346,300
2020-08-06 09:34:18.110,3.346,30000
2020-08-06 09:34:18.110,3.346,6000
2020-08-06 09:34:18.110,3.347,14000
2020-08-06 09:34:18.110,3.347,800
2020-08-06 09:34:18.360,3.347,200
2020-08-06 09:34:18.520,3.347,4200
2020-08-06 09:34:19.730,3.345,171500
2020-08-06 09:34:22.370,3.344,1000
2020-08-06 09:34:24.470,3.345,27200
2020-08-06 09:34:24.840,3.346,1100
2020-08-06 09:34:26.000,3.345,16000
2020-08-06 09:34:26.990,3.346,100
2020-08-06 09:34:27.150,3.346,400
2020-08-06 09:34:27.250,3.346,8400
2020-08-06 09:34:27.250,3.346,2600
2020-08-06 09:34:27.250,3.346,1000
2020-08-06 09:34:27.250,3.346,5000
2020-08-06 09:34:27.250,3.346,300
2020-08-06 09:34:27.250,3.346,500
2020-08-06 09:34:27.250,3.346,10000
2020-08-06 09:34:29.900,3.346,52600
2020-08-06 09:34:29.900,3.346,247400
2020-08-06 09:34:29.970,3.346,2700
2020-08-06 09:34:30.450,3.346,10000
2020-08-06 09:34:30.490,3.346,800
2020-08-06 09:34:30.520,3.346,500
2020-08-06 09:34:31.190,3.347,14800
2020-08-06 09:34:31.190,3.347,285200
2020-08-06 09:34:32.430,3.346,2000
2020-08-06 09:34:33.120,3.346,4000
2020-08-06 09:34:33.310,3.346,800
2020-08-06 09:34:33.700,3.347,150000
2020-08-06 09:34:33.990,3.346,1200
2020-08-06 09:34:34.520,3.347,564800
2020-08-06 09:34:34.520,3.347,100
2020-08-06 09:34:34.520,3.347,10000
2020-08-06 09:34:34.520,3.347,10500
2020-08-06 09:34:34.520,3.347,2200
2020-08-06 09:34:34.520,3.347,2500
2020-08-06 09:34:34.520,3.347,62900
2020-08-06 09:34:34.520,3.347,100
2020-08-06 09:34:34.520,3.347,2000
2020-08-06 09:34:34.520,3.347,1000
2020-08-06 09:34:34.520,3.347,5300
2020-08-06 09:34:34.520,3.347,100
2020-08-06 09:34:35.430,3.347,60000
2020-08-06 09:34:36.660,3.347,11600
2020-08-06 09:34:36.930,3.347,166900
2020-08-06 09:34:39.030,3.346,30600
2020-08-06 09:34:39.030,3.346,300
2020-08-06 09:34:39.030,3.345,19100
2020-08-06 09:34:39.900,3.345,3300
2020-08-06 09:34:41.130,3.346,2700
2020-08-06 09:34:41.130,3.346,1800
2020-08-06 09:34:41.840,3.346,1200
2020-08-06 09:34:41.840,3.346,700
2020-08-06 09:34:41.840,3.347,58100
2020-08-06 09:34:42.780,3.347,1000
2020-08-06 09:34:43.010,3.347,3000
2020-08-06 09:34:45.550,3.347,100
2020-08-06 09:34:45.550,3.347,4900
2020-08-06 09:34:48.020,3.347,2000
2020-08-06 09:34:49.110,3.347,1900
2020-08-06 09:34:50.020,3.346,4000
2020-08-06 09:34:50.680,3.346,100
2020-08-06 09:34:50.870,3.347,2900
2020-08-06 09:34:50.970,3.346,200
2020-08-06 09:34:57.350,3.347,7400
2020-08-06 09:34:57.350,3.347,3000
2020-08-06 09:34:57.350,3.347,1300
2020-08-06 09:34:57.350,3.347,40000
2020-08-06 09:34:57.350,3.347,2900
2020-08-06 09:34:57.350,3.347,100
2020-08-06 09:34:57.350,3.347,5800
2020-08-06 09:34:57.350,3.347,10000
2020-08-06 09:34:57.350,3.347,700
2020-08-06 09:34:58.460,3.347,700
2020-08-06 09:34:58.590,3.347,28100
2020-08-06 09:34:58.780,3.347,42900
2020-08-06 09:34:59.390,3.347,5000
2020-08-06 09:34:59.590,3.347,600
2020-08-06 09:35:00.180,3.347,1500
2020-08-06 09:35:00.330,3.347,2800
2020-08-06 09:35:00.980,3.347,8000
2020-08-06 09:35:02.300,3.348,1000
2020-08-06 09:35:02.300,3.348,1000
2020-08-06 09:35:02.300,3.348,6000
2020-08-06 09:35:02.300,3.348,100
2020-08-06 09:35:02.300,3.348,7500
2020-08-06 09:35:02.300,3.348,15000
2020-08-06 09:35:02.300,3.348,400
2020-08-06 09:35:02.300,3.348,1000
2020-08-06 09:35:02.300,3.348,5000
2020-08-06 09:35:02.300,3.348,1000
2020-08-06 09:35:02.300,3.348,2200
2020-08-06 09:35:02.300,3.348,100
2020-08-06 09:35:02.300,3.348,100
2020-08-06 09:35:02.300,3.348,5000
2020-08-06 09:35:02.300,3.348,2000
2020-08-06 09:35:02.300,3.348,1000
2020-08-06 09:35:02.300,3.348,11100
2020-08-06 09:35:02.300,3.348,5000
2020-08-06 09:35:02.300,3.348,3000
2020-08-06 09:35:02.300,3.348,2000
2020-08-06 09:35:02.300,3.348,200
2020-08-06 09:35:02.300,3.348,1000
2020-08-06 09:35:02.300,3.348,3000
2020-08-06 09:35:02.300,3.348,10000
2020-08-06 09:35:02.300,3.348,60000
2020-08-06 09:35:02.300,3.348,10000
2020-08-06 09:35:02.300,3.348,50000
2020-08-06 09:35:02.300,3.348,10000
2020-08-06 09:35:02.300,3.348,2500
2020-08-06 09:35:02.300,3.348,1000
2020-08-06 09:35:02.300,3.348,3000
2020-08-06 09:35:02.300,3.348,100
2020-08-06 09:35:02.300,3.348,1500
2020-08-06 09:35:02.300,3.348,20000
2020-08-06 09:35:02.300,3.348,10000
2020-08-06 09:35:02.300,3.348,2500
2020-08-06 09:35:02.300,3.348,9400
2020-08-06 09:35:02.300,3.348,6600
2020-08-06 09:35:02.300,3.348,329700
2020-08-06 09:35:02.300,3.348,1200
2020-08-06 09:35:02.370,3.348,300000
2020-08-06 09:35:02.400,3.348,118700
2020-08-06 09:35:02.400,3.348,10000
2020-08-06 09:35:02.400,3.348,1700
2020-08-06 09:35:02.400,3.348,200
2020-08-06 09:35:02.400,3.348,10000
2020-08-06 09:35:02.400,3.348,27500
2020-08-06 09:35:02.400,3.348,10000
2020-08-06 09:35:03.330,3.348,10000
2020-08-06 09:35:04.050,3.348,2000
2020-08-06 09:35:05.780,3.348,2700
2020-08-06 09:35:06.840,3.348,4000
2020-08-06 09:35:06.870,3.348,15000
2020-08-06 09:35:06.980,3.348,14900
2020-08-06 09:35:07.040,3.348,300
2020-08-06 09:35:07.350,3.349,1000
2020-08-06 09:35:07.350,3.349,5000
2020-08-06 09:35:07.350,3.349,1000
2020-08-06 09:35:07.350,3.349,10000
2020-08-06 09:35:07.350,3.349,200
2020-08-06 09:35:07.350,3.349,1000
2020-08-06 09:35:07.350,3.349,1000
2020-08-06 09:35:07.350,3.349,10000
2020-08-06 09:35:07.350,3.349,8500
2020-08-06 09:35:07.350,3.349,1000
2020-08-06 09:35:07.350,3.349,4500
2020-08-06 09:35:07.350,3.349,9000
2020-08-06 09:35:07.350,3.349,400
2020-08-06 09:35:07.350,3.349,100
2020-08-06 09:35:07.350,3.349,3000
2020-08-06 09:35:07.350,3.349,5000
2020-08-06 09:35:07.350,3.349,16200
2020-08-06 09:35:07.350,3.349,5000
2020-08-06 09:35:07.350,3.349,3900
2020-08-06 09:35:07.350,3.349,5000
2020-08-06 09:35:07.350,3.349,5000
2020-08-06 09:35:07.350,3.349,10000
2020-08-06 09:35:07.350,3.349,200
2020-08-06 09:35:07.350,3.349,1200
2020-08-06 09:35:07.350,3.349,100
2020-08-06 09:35:07.350,3.349,50000
2020-08-06 09:35:07.350,3.349,26500
2020-08-06 09:35:07.350,3.349,7000
2020-08-06 09:35:07.350,3.349,3100
2020-08-06 09:35:07.350,3.349,10000
2020-08-06 09:35:07.350,3.349,2000
2020-08-06 09:35:07.350,3.349,42400
2020-08-06 09:35:07.350,3.349,2000
2020-08-06 09:35:07.350,3.349,2900
2020-08-06 09:35:07.350,3.349,200
2020-08-06 09:35:07.350,3.349,2000
2020-08-06 09:35:07.350,3.349,2500
2020-08-06 09:35:07.350,3.349,42100
2020-08-06 09:35:07.410,3.349,15000
2020-08-06 09:35:07.790,3.349,42900
2020-08-06 09:35:07.790,3.349,1000
2020-08-06 09:35:07.790,3.349,20000
2020-08-06 09:35:07.790,3.349,1000
2020-08-06 09:35:07.790,3.349,235100
2020-08-06 09:35:07.880,3.348,900
2020-08-06 09:35:07.990,3.349,264900
2020-08-06 09:35:07.990,3.349,35100
2020-08-06 09:35:08.050,3.349,300000
2020-08-06 09:35:08.300,3.349,300000
2020-08-06 09:35:08.340,3.349,300000
2020-08-06 09:35:08.700,3.348,100
2020-08-06 09:35:08.860,3.349,58100
2020-08-06 09:35:08.860,3.349,1500
2020-08-06 09:35:08.860,3.349,20000
2020-08-06 09:35:08.860,3.349,220400
2020-08-06 09:35:08.960,3.349,30000
2020-08-06 09:35:09.030,3.349,749600
2020-08-06 09:35:09.030,3.349,100
2020-08-06 09:35:09.030,3.349,6000
2020-08-06 09:35:09.030,3.349,1000
2020-08-06 09:35:09.210,3.349,1000
2020-08-06 09:35:09.340,3.35,30000
2020-08-06 09:35:10.120,3.35,40000
2020-08-06 09:35:10.120,3.35,30000
2020-08-06 09:35:10.120,3.35,40000
2020-08-06 09:35:10.190,3.35,10000
2020-08-06 09:35:10.190,3.35,2000
2020-08-06 09:35:10.190,3.35,5000
2020-08-06 09:35:10.190,3.35,1200
2020-08-06 09:35:10.190,3.35,400
2020-08-06 09:35:10.190,3.35,500
2020-08-06 09:35:10.190,3.35,10000
2020-08-06 09:35:10.190,3.35,1000
2020-08-06 09:35:10.190,3.35,200
2020-08-06 09:35:10.190,3.35,6000
2020-08-06 09:35:10.190,3.35,100
2020-08-06 09:35:10.190,3.35,1500
2020-08-06 09:35:10.190,3.35,2100
2020-08-06 09:35:10.330,3.349,2600
2020-08-06 09:35:10.550,3.35,7900
2020-08-06 09:35:10.550,3.35,2000
2020-08-06 09:35:10.550,3.35,5000
2020-08-06 09:35:10.550,3.35,10000
2020-08-06 09:35:10.550,3.35,2000
2020-08-06 09:35:10.550,3.35,3100
2020-08-06 09:35:10.550,3.35,300
2020-08-06 09:35:10.550,3.35,4000
2020-08-06 09:35:10.550,3.35,200
2020-08-06 09:35:10.550,3.35,600
2020-08-06 09:35:10.550,3.35,3500
2020-08-06 09:35:10.550,3.35,10000
2020-08-06 09:35:10.550,3.35,100
2020-08-06 09:35:10.550,3.35,500
2020-08-06 09:35:10.550,3.35,400
2020-08-06 09:35:10.550,3.35,5000
2020-08-06 09:35:10.550,3.35,200
2020-08-06 09:35:10.550,3.35,5500
2020-08-06 09:35:10.550,3.35,100
2020-08-06 09:35:10.550,3.35,100
2020-08-06 09:35:10.550,3.35,3200
2020-08-06 09:35:10.550,3.35,4000
2020-08-06 09:35:10.550,3.35,3000
2020-08-06 09:35:10.550,3.35,1000
2020-08-06 09:35:10.550,3.35,1000
2020-08-06 09:35:10.550,3.35,10000
2020-08-06 09:35:10.550,3.35,3000
2020-08-06 09:35:10.550,3.35,700
2020-08-06 09:35:10.550,3.35,5000
2020-08-06 09:35:10.550,3.35,6000
2020-08-06 09:35:10.550,3.35,10000
2020-08-06 09:35:10.550,3.35,500
2020-08-06 09:35:10.550,3.35,100
2020-08-06 09:35:10.550,3.35,200
2020-08-06 09:35:10.550,3.35,900
2020-08-06 09:35:10.550,3.35,50000
2020-08-06 09:35:10.550,3.35,1000
2020-08-06 09:35:10.550,3.35,100
2020-08-06 09:35:10.550,3.35,500
2020-08-06 09:35:10.550,3.35,2000
2020-08-06 09:35:10.550,3.35,10000
2020-08-06 09:35:10.550,3.35,1000
2020-08-06 09:35:10.550,3.35,5000
2020-08-06 09:35:10.550,3.35,30000
2020-08-06 09:35:10.550,3.35,91300
2020-08-06 09:35:10.890,3.35,50000
2020-08-06 09:35:10.920,3.349,100
2020-08-06 09:35:11.010,3.35,30000
2020-08-06 09:35:11.300,3.35,40000
2020-08-06 09:35:11.530,3.35,66200
2020-08-06 09:35:11.530,3.35,3000
2020-08-06 09:35:11.530,3.35,1000
2020-08-06 09:35:11.530,3.35,400
2020-08-06 09:35:11.530,3.35,12600
2020-08-06 09:35:11.530,3.35,10000
2020-08-06 09:35:11.530,3.35,500
2020-08-06 09:35:11.530,3.35,200
2020-08-06 09:35:11.530,3.35,200
2020-08-06 09:35:11.530,3.35,8000
2020-08-06 09:35:11.530,3.35,3000
2020-08-06 09:35:11.530,3.35,500
2020-08-06 09:35:11.530,3.35,100
2020-08-06 09:35:11.530,3.35,2000
2020-08-06 09:35:11.530,3.35,40000
2020-08-06 09:35:11.530,3.35,93000
2020-08-06 09:35:11.530,3.35,100
2020-08-06 09:35:11.950,3.351,200
2020-08-06 09:35:12.620,3.35,1500
2020-08-06 09:35:12.810,3.351,3200
2020-08-06 09:35:12.810,3.351,200
2020-08-06 09:35:12.810,3.351,500
2020-08-06 09:35:12.810,3.351,1000
2020-08-06 09:35:12.810,3.351,2500
2020-08-06 09:35:12.810,3.351,500
2020-08-06 09:35:12.810,3.351,200
2020-08-06 09:35:12.810,3.351,5000
2020-08-06 09:35:12.810,3.351,3000
2020-08-06 09:35:12.810,3.351,23900
2020-08-06 09:35:13.020,3.35,1000
2020-08-06 09:35:13.940,3.35,6000
2020-08-06 09:35:14.280,3.35,6000
2020-08-06 09:35:14.500,3.35,1000
2020-08-06 09:35:14.600,3.35,4500
2020-08-06 09:35:16.410,3.35,700
2020-08-06 09:35:16.410,3.35,1000
2020-08-06 09:35:17.350,3.35,2800
2020-08-06 09:35:17.440,3.35,2900
2020-08-06 09:35:17.510,3.35,300
2020-08-06 09:35:17.740,3.35,400
2020-08-06 09:35:18.190,3.35,900
2020-08-06 09:35:18.230,3.35,1000
2020-08-06 09:35:18.360,3.35,5000
2020-08-06 09:35:18.510,3.35,1000
2020-08-06 09:35:19.170,3.35,1000
2020-08-06 09:35:20.420,3.35,3000
2020-08-06 09:35:20.460,3.35,19200
2020-08-06 09:35:20.770,3.35,6000
2020-08-06 09:35:20.800,3.35,2000
2020-08-06 09:35:21.020,3.35,4000
2020-08-06 09:35:21.420,3.35,50000
2020-08-06 09:35:22.050,3.35,1000
2020-08-06 09:35:22.320,3.35,30000
2020-08-06 09:35:22.390,3.35,5900
2020-08-06 09:35:22.700,3.35,6200
2020-08-06 09:35:22.920,3.35,40000
2020-08-06 09:35:22.950,3.35,40000
2020-08-06 09:35:23.000,3.35,95700
2020-08-06 09:35:23.000,3.35,4500
2020-08-06 09:35:23.000,3.35,4500
2020-08-06 09:35:23.000,3.35,3100
2020-08-06 09:35:23.000,3.35,10200
2020-08-06 09:35:23.000,3.35,30000
2020-08-06 09:35:23.160,3.351,16100
2020-08-06 09:35:23.160,3.351,23900
2020-08-06 09:35:23.950,3.35,59700
2020-08-06 09:35:24.010,3.351,26100
2020-08-06 09:35:24.010,3.351,500
2020-08-06 09:35:24.010,3.351,500
2020-08-06 09:35:24.010,3.351,100
2020-08-06 09:35:24.010,3.351,2800
2020-08-06 09:35:24.080,3.351,7200
2020-08-06 09:35:24.080,3.351,20000
2020-08-06 09:35:24.080,3.351,6000
2020-08-06 09:35:24.080,3.351,20000
2020-08-06 09:35:24.080,3.351,5000
2020-08-06 09:35:24.080,3.352,3000
2020-08-06 09:35:24.080,3.352,4200
2020-08-06 09:35:24.080,3.352,10000
2020-08-06 09:35:24.080,3.352,1000
2020-08-06 09:35:24.080,3.352,6000
2020-08-06 09:35:24.080,3.352,7000
2020-08-06 09:35:24.080,3.352,10000
2020-08-06 09:35:24.080,3.352,4000
2020-08-06 09:35:24.080,3.352,4000
2020-08-06 09:35:24.080,3.352,600
2020-08-06 09:35:24.080,3.352,200
2020-08-06 09:35:24.080,3.352,10000
2020-08-06 09:35:24.080,3.352,5000
2020-08-06 09:35:24.080,3.352,100
2020-08-06 09:35:24.080,3.352,2100
2020-08-06 09:35:24.080,3.352,37300
2020-08-06 09:35:24.080,3.352,10000
2020-08-06 09:35:24.080,3.352,9000
2020-08-06 09:35:24.080,3.352,100
2020-08-06 09:35:24.080,3.352,6000
2020-08-06 09:35:24.210,3.352,3000
2020-08-06 09:35:24.500,3.352,200
2020-08-06 09:35:24.760,3.352,10000
2020-08-06 09:35:25.550,3.353,200
2020-08-06 09:35:25.550,3.353,700
2020-08-06 09:35:25.670,3.352,800
2020-08-06 09:35:25.840,3.352,1000
2020-08-06 09:35:27.420,3.352,1000
2020-08-06 09:35:27.480,3.352,10000
2020-08-06 09:35:27.840,3.352,100
2020-08-06 09:35:28.100,3.352,1300
2020-08-06 09:35:28.630,3.352,1000
2020-08-06 09:35:29.150,3.352,5000
2020-08-06 09:35:29.150,3.353,300
2020-08-06 09:35:29.150,3.353,18700
2020-08-06 09:35:29.520,3.352,500
2020-08-06 09:35:29.520,3.352,1300
2020-08-06 09:35:29.620,3.352,15000
2020-08-06 09:35:29.750,3.353,1300
2020-08-06 09:35:29.750,3.353,200
2020-08-06 09:35:29.750,3.353,4200
2020-08-06 09:35:30.970,3.352,300
2020-08-06 09:35:31.060,3.353,5800
2020-08-06 09:35:31.060,3.353,5000
2020-08-06 09:35:31.060,3.353,9200
2020-08-06 09:35:31.220,3.352,1300
2020-08-06 09:35:31.840,3.352,6000
2020-08-06 09:35:32.090,3.352,4500
2020-08-06 09:35:32.710,3.352,1000
2020-08-06 09:35:33.380,3.353,800
2020-08-06 09:35:33.380,3.353,400
2020-08-06 09:35:33.380,3.353,2000
2020-08-06 09:35:33.380,3.353,1000
2020-08-06 09:35:33.380,3.353,10000
2020-08-06 09:35:33.380,3.353,10000
2020-08-06 09:35:33.380,3.353,10000
2020-08-06 09:35:33.380,3.353,15800
2020-08-06 09:35:34.290,3.352,1000
2020-08-06 09:35:34.440,3.352,400
2020-08-06 09:35:34.920,3.352,5000
2020-08-06 09:35:35.280,3.352,1500
2020-08-06 09:35:35.570,3.352,1000
2020-08-06 09:35:35.720,3.353,2000
2020-08-06 09:35:35.750,3.352,40000
2020-08-06 09:35:35.750,3.352,22400
2020-08-06 09:35:35.820,3.352,2900
2020-08-06 09:35:36.200,3.353,9700
2020-08-06 09:35:36.200,3.353,6000
2020-08-06 09:35:36.200,3.353,5300
2020-08-06 09:35:36.200,3.353,9000
2020-08-06 09:35:36.200,3.353,5000
2020-08-06 09:35:36.200,3.353,2900
2020-08-06 09:35:36.200,3.354,5000
2020-08-06 09:35:36.200,3.354,10000
2020-08-06 09:35:36.200,3.354,1000
2020-08-06 09:35:36.200,3.354,6000
2020-08-06 09:35:36.200,3.354,3000
2020-08-06 09:35:36.200,3.354,200
2020-08-06 09:35:36.200,3.354,5000
2020-08-06 09:35:36.200,3.354,5000
2020-08-06 09:35:36.200,3.354,5000
2020-08-06 09:35:36.200,3.354,10000
2020-08-06 09:35:36.200,3.354,5000
2020-08-06 09:35:36.200,3.354,5000
2020-08-06 09:35:36.200,3.354,2000
2020-08-06 09:35:36.200,3.354,10000
2020-08-06 09:35:36.200,3.354,189900
2020-08-06 09:35:36.960,3.352,6000
2020-08-06 09:35:37.350,3.353,2000
2020-08-06 09:35:37.350,3.354,13000
2020-08-06 09:35:37.790,3.352,2000
2020-08-06 09:35:37.920,3.353,100
2020-08-06 09:35:37.920,3.353,400
2020-08-06 09:35:38.140,3.353,4600
2020-08-06 09:35:38.140,3.353,700
2020-08-06 09:35:38.140,3.354,234700
2020-08-06 09:35:38.170,3.352,100
2020-08-06 09:35:38.570,3.354,70000
2020-08-06 09:35:39.310,3.353,5000
2020-08-06 09:35:40.480,3.353,3000
2020-08-06 09:35:40.600,3.353,1000
2020-08-06 09:35:40.600,3.353,2000
2020-08-06 09:35:40.700,3.353,5000
2020-08-06 09:35:40.970,3.353,1900
2020-08-06 09:35:41.060,3.354,6000
2020-08-06 09:35:41.060,3.354,500
2020-08-06 09:35:41.940,3.354,100
2020-08-06 09:35:42.010,3.354,25000
2020-08-06 09:35:42.110,3.354,1000
2020-08-06 09:35:42.660,3.354,5000
2020-08-06 09:35:43.030,3.354,50000
2020-08-06 09:35:43.580,3.355,2000
2020-08-06 09:35:43.650,3.354,20000
2020-08-06 09:35:43.800,3.354,500
2020-08-06 09:35:44.210,3.354,200
2020-08-06 09:35:45.220,3.354,1000
2020-08-06 09:35:47.180,3.355,500
2020-08-06 09:35:47.180,3.355,900
2020-08-06 09:35:47.220,3.354,15000
2020-08-06 09:35:47.700,3.355,100
2020-08-06 09:35:47.700,3.355,200
2020-08-06 09:35:47.700,3.355,1200
2020-08-06 09:35:47.700,3.355,1200
2020-08-06 09:35:47.700,3.355,1000
2020-08-06 09:35:47.700,3.355,100
2020-08-06 09:35:47.700,3.355,200
2020-08-06 09:35:47.700,3.355,500
2020-08-06 09:35:47.700,3.355,10000
2020-08-06 09:35:47.700,3.355,5000
2020-08-06 09:35:47.700,3.355,100
2020-08-06 09:35:47.700,3.355,2600
2020-08-06 09:35:47.700,3.355,1000
2020-08-06 09:35:47.700,3.355,100
2020-08-06 09:35:47.700,3.355,100
2020-08-06 09:35:47.700,3.355,1600
2020-08-06 09:35:47.700,3.355,2400
2020-08-06 09:35:47.700,3.355,3000
2020-08-06 09:35:47.700,3.355,20000
2020-08-06 09:35:47.700,3.355,10000
2020-08-06 09:35:47.700,3.355,10000
2020-08-06 09:35:47.700,3.355,10000
2020-08-06 09:35:47.700,3.355,10000
2020-08-06 09:35:47.700,3.355,5000
2020-08-06 09:35:47.700,3.355,10000
2020-08-06 09:35:47.700,3.355,4500
2020-08-06 09:35:47.700,3.355,1000
2020-08-06 09:35:47.700,3.355,100
2020-08-06 09:35:47.700,3.355,3000
2020-08-06 09:35:47.700,3.355,600
2020-08-06 09:35:47.700,3.355,2000
2020-08-06 09:35:47.700,3.355,100
2020-08-06 09:35:47.700,3.355,10000
2020-08-06 09:35:47.700,3.355,6000
2020-08-06 09:35:47.700,3.355,500
2020-08-06 09:35:47.700,3.355,3000
2020-08-06 09:35:47.700,3.355,100
2020-08-06 09:35:47.700,3.355,2800
2020-08-06 09:35:47.700,3.355,2000
2020-08-06 09:35:47.700,3.355,3000
2020-08-06 09:35:48.430,3.355,100
2020-08-06 09:35:48.940,3.356,1000
2020-08-06 09:35:48.940,3.356,3000
2020-08-06 09:35:48.940,3.356,10000
2020-08-06 09:35:48.940,3.356,100
2020-08-06 09:35:48.940,3.356,58000
2020-08-06 09:35:48.940,3.356,500
2020-08-06 09:35:48.940,3.356,1000
2020-08-06 09:35:48.940,3.356,6000
2020-08-06 09:35:48.940,3.356,1500
2020-08-06 09:35:48.940,3.356,1500
2020-08-06 09:35:48.940,3.356,1500
2020-08-06 09:35:48.940,3.356,10000
2020-08-06 09:35:48.940,3.356,10000
2020-08-06 09:35:48.940,3.356,1200
2020-08-06 09:35:48.940,3.356,500
2020-08-06 09:35:48.940,3.356,1500
2020-08-06 09:35:48.940,3.356,5000
2020-08-06 09:35:48.940,3.356,3000
2020-08-06 09:35:48.940,3.356,5000
2020-08-06 09:35:48.940,3.356,500
2020-08-06 09:35:48.940,3.356,1300
2020-08-06 09:35:48.940,3.356,5000
2020-08-06 09:35:48.940,3.356,5000
2020-08-06 09:35:48.940,3.356,1800
2020-08-06 09:35:48.940,3.356,100
2020-08-06 09:35:48.940,3.356,30200
2020-08-06 09:35:48.940,3.357,3000
2020-08-06 09:35:48.940,3.357,200
2020-08-06 09:35:48.940,3.357,1000
2020-08-06 09:35:48.940,3.357,10000
2020-08-06 09:35:48.940,3.357,500
2020-08-06 09:35:48.940,3.357,5000
2020-08-06 09:35:48.940,3.357,5000
2020-08-06 09:35:48.940,3.357,1500
2020-08-06 09:35:48.940,3.357,4900
2020-08-06 09:35:48.940,3.357,10000
2020-08-06 09:35:48.940,3.357,4700
2020-08-06 09:35:49.340,3.356,5000
2020-08-06 09:35:50.420,3.356,4900
2020-08-06 09:35:50.420,3.357,5900
2020-08-06 09:35:50.420,3.357,2000
2020-08-06 09:35:50.420,3.357,100
2020-08-06 09:35:51.040,3.358,20000
2020-08-06 09:35:51.040,3.358,1000
2020-08-06 09:35:51.040,3.358,100
2020-08-06 09:35:51.040,3.358,6000
2020-08-06 09:35:51.040,3.358,3800
2020-08-06 09:35:51.040,3.358,1000
2020-08-06 09:35:51.040,3.358,500
2020-08-06 09:35:51.040,3.358,3500
2020-08-06 09:35:51.040,3.358,5000
2020-08-06 09:35:51.040,3.358,5000
2020-08-06 09:35:51.040,3.358,2000
2020-08-06 09:35:51.040,3.358,500
2020-08-06 09:35:51.040,3.358,500
2020-08-06 09:35:51.040,3.358,2000
2020-08-06 09:35:51.040,3.358,200
2020-08-06 09:35:51.040,3.358,3300
2020-08-06 09:35:51.040,3.358,5000
2020-08-06 09:35:51.040,3.358,100
2020-08-06 09:35:51.040,3.358,20000
2020-08-06 09:35:51.040,3.358,10000
2020-08-06 09:35:51.040,3.358,100
2020-08-06 09:35:51.040,3.358,5000
2020-08-06 09:35:51.040,3.358,5000
2020-08-06 09:35:51.040,3.358,93000
2020-08-06 09:35:51.580,3.358,50000
2020-08-06 09:35:51.610,3.358,20000
2020-08-06 09:35:51.740,3.358,12100
2020-08-06 09:35:52.840,3.358,4000
2020-08-06 09:35:52.910,3.358,1200
2020-08-06 09:35:53.750,3.358,20100
2020-08-06 09:35:53.750,3.358,29900
2020-08-06 09:35:53.780,3.358,10000
2020-08-06 09:35:54.060,3.358,3500
2020-08-06 09:35:54.280,3.358,30000
2020-08-06 09:35:54.990,3.358,1000
2020-08-06 09:35:55.440,3.358,300
2020-08-06 09:35:55.530,3.358,10000
2020-08-06 09:35:55.560,3.359,300
2020-08-06 09:35:55.560,3.359,2700
2020-08-06 09:35:55.880,3.358,16200
2020-08-06 09:35:56.070,3.358,100000
2020-08-06 09:35:56.370,3.358,6000
2020-08-06 09:35:56.820,3.358,100
2020-08-06 09:35:57.140,3.358,6000
2020-08-06 09:35:57.720,3.358,1000
2020-08-06 09:35:57.780,3.359,5000
2020-08-06 09:35:58.100,3.358,6000
2020-08-06 09:35:58.760,3.358,6000
2020-08-06 09:35:59.120,3.358,500
2020-08-06 09:35:59.160,3.358,400
2020-08-06 09:35:59.190,3.359,1200
2020-08-06 09:35:59.290,3.359,42600
2020-08-06 09:35:59.290,3.359,10000
2020-08-06 09:35:59.290,3.359,200
2020-08-06 09:35:59.290,3.359,5000
2020-08-06 09:35:59.290,3.359,1000
2020-08-06 09:35:59.290,3.359,7800
2020-08-06 09:35:59.290,3.359,400
2020-08-06 09:35:59.290,3.359,10000
2020-08-06 09:35:59.290,3.359,500
2020-08-06 09:35:59.290,3.359,5000
2020-08-06 09:35:59.290,3.359,4000
2020-08-06 09:35:59.290,3.359,93500
2020-08-06 09:35:59.320,3.359,6500
2020-08-06 09:35:59.320,3.359,3000
2020-08-06 09:35:59.320,3.359,3000
2020-08-06 09:35:59.320,3.359,1500
2020-08-06 09:35:59.320,3.359,30000
2020-08-06 09:35:59.320,3.359,12600
2020-08-06 09:35:59.320,3.359,4500
2020-08-06 09:35:59.450,3.359,3000
2020-08-06 09:35:59.520,3.358,2000
2020-08-06 09:35:59.930,3.358,5000
2020-08-06 09:36:00.340,3.358,66100
2020-08-06 09:36:00.340,3.358,133900
2020-08-06 09:36:00.530,3.358,3500
2020-08-06 09:36:01.050,3.358,8000
2020-08-06 09:36:01.400,3.358,600
2020-08-06 09:36:01.770,3.359,200
2020-08-06 09:36:01.800,3.358,1000
2020-08-06 09:36:01.830,3.359,30000
2020-08-06 09:36:02.240,3.358,17200
2020-08-06 09:36:02.280,3.359,23600
2020-08-06 09:36:02.680,3.358,20000
2020-08-06 09:36:02.970,3.359,76100
2020-08-06 09:36:02.970,3.359,5000
2020-08-06 09:36:02.970,3.359,1000
2020-08-06 09:36:02.970,3.359,2000
2020-08-06 09:36:02.970,3.359,1500
2020-08-06 09:36:02.970,3.359,5000
2020-08-06 09:36:02.970,3.359,100
2020-08-06 09:36:02.970,3.359,4500
2020-08-06 09:36:02.970,3.359,9000
2020-08-06 09:36:02.970,3.359,6000
2020-08-06 09:36:02.970,3.359,10000
2020-08-06 09:36:02.970,3.359,3500
2020-08-06 09:36:02.970,3.359,1000
2020-08-06 09:36:03.860,3.359,1000
2020-08-06 09:36:04.060,3.359,1000
2020-08-06 09:36:04.220,3.359,2000
2020-08-06 09:36:04.310,3.359,3700
2020-08-06 09:36:04.540,3.36,2000
2020-08-06 09:36:04.540,3.36,200
2020-08-06 09:36:04.540,3.36,400
2020-08-06 09:36:04.540,3.36,600
2020-08-06 09:36:04.850,3.36,1100
2020-08-06 09:36:04.850,3.36,600
2020-08-06 09:36:04.850,3.36,600
2020-08-06 09:36:04.850,3.36,1500
2020-08-06 09:36:04.850,3.36,5000
2020-08-06 09:36:04.850,3.36,6000
2020-08-06 09:36:04.850,3.36,10000
2020-08-06 09:36:04.850,3.36,1000
2020-08-06 09:36:04.850,3.36,6000
2020-08-06 09:36:04.850,3.36,100
2020-08-06 09:36:04.850,3.36,1500
2020-08-06 09:36:04.850,3.36,16600
2020-08-06 09:36:05.090,3.36,13400
2020-08-06 09:36:05.090,3.36,5000
2020-08-06 09:36:05.090,3.36,3700
2020-08-06 09:36:05.090,3.36,1100
2020-08-06 09:36:05.090,3.36,3000
2020-08-06 09:36:05.090,3.36,2700
2020-08-06 09:36:05.090,3.36,1100
2020-08-06 09:36:05.120,3.359,14100
2020-08-06 09:36:05.550,3.359,3500
2020-08-06 09:36:06.130,3.359,6000
2020-08-06 09:36:06.290,3.36,1500
2020-08-06 09:36:06.360,3.359,6200
2020-08-06 09:36:06.870,3.359,40000
2020-08-06 09:36:06.870,3.359,100000
2020-08-06 09:36:06.870,3.359,32700
2020-08-06 09:36:06.870,3.359,100
2020-08-06 09:36:06.870,3.358,15800
2020-08-06 09:36:06.870,3.358,40000
2020-08-06 09:36:06.870,3.358,2200
2020-08-06 09:36:06.870,3.358,40000
2020-08-06 09:36:06.870,3.358,40000
2020-08-06 09:36:06.870,3.358,189200
2020-08-06 09:36:07.290,3.358,7000
2020-08-06 09:36:07.320,3.358,5000
2020-08-06 09:36:07.440,3.359,100
2020-08-06 09:36:07.700,3.36,100
2020-08-06 09:36:07.920,3.359,1500
2020-08-06 09:36:08.260,3.359,10000
2020-08-06 09:36:08.260,3.359,10000
2020-08-06 09:36:08.400,3.36,178600
2020-08-06 09:36:08.400,3.36,200
2020-08-06 09:36:08.400,3.36,10000
2020-08-06 09:36:08.400,3.36,4000
2020-08-06 09:36:08.400,3.36,3500
2020-08-06 09:36:08.400,3.36,200
2020-08-06 09:36:08.400,3.36,200
2020-08-06 09:36:08.400,3.36,2000
2020-08-06 09:36:08.400,3.36,10000
2020-08-06 09:36:08.400,3.36,100
2020-08-06 09:36:08.400,3.36,100
2020-08-06 09:36:08.400,3.36,1000
2020-08-06 09:36:08.400,3.36,800
2020-08-06 09:36:08.400,3.36,12000
2020-08-06 09:36:08.400,3.36,10000
2020-08-06 09:36:08.400,3.36,12400
2020-08-06 09:36:08.400,3.36,10400
2020-08-06 09:36:08.400,3.36,30000
2020-08-06 09:36:08.400,3.36,100
2020-08-06 09:36:08.400,3.36,1000
2020-08-06 09:36:08.400,3.36,6000
2020-08-06 09:36:08.400,3.36,7400
2020-08-06 09:36:08.440,3.359,3000
2020-08-06 09:36:08.500,3.36,92600
2020-08-06 09:36:08.500,3.36,20000
2020-08-06 09:36:08.500,3.36,6000
2020-08-06 09:36:08.500,3.36,10000
2020-08-06 09:36:08.500,3.36,100
2020-08-06 09:36:08.500,3.36,3600
2020-08-06 09:36:08.500,3.36,1000
2020-08-06 09:36:08.500,3.36,100
2020-08-06 09:36:08.500,3.36,600
2020-08-06 09:36:08.500,3.36,20000
2020-08-06 09:36:08.500,3.36,500
2020-08-06 09:36:08.500,3.36,10000
2020-08-06 09:36:08.500,3.36,6000
2020-08-06 09:36:08.500,3.36,1000
2020-08-06 09:36:08.500,3.36,5000
2020-08-06 09:36:08.500,3.36,5000
2020-08-06 09:36:08.500,3.36,10000
2020-08-06 09:36:08.500,3.36,2000
2020-08-06 09:36:08.500,3.36,1400
2020-08-06 09:36:08.500,3.36,700
2020-08-06 09:36:08.500,3.36,5000
2020-08-06 09:36:08.500,3.36,100
2020-08-06 09:36:08.500,3.36,100
2020-08-06 09:36:08.500,3.36,6000
2020-08-06 09:36:08.500,3.36,100
2020-08-06 09:36:08.500,3.36,300
2020-08-06 09:36:08.530,3.36,4000
2020-08-06 09:36:08.750,3.36,5000
2020-08-06 09:36:08.880,3.36,100
2020-08-06 09:36:09.210,3.36,2000
2020-08-06 09:36:09.420,3.361,3300
2020-08-06 09:36:09.420,3.361,500
2020-08-06 09:36:09.420,3.361,1000
2020-08-06 09:36:09.420,3.361,7000
2020-08-06 09:36:09.420,3.361,10000
2020-08-06 09:36:09.420,3.361,5000
2020-08-06 09:36:09.420,3.361,1000
2020-08-06 09:36:09.420,3.361,100
2020-08-06 09:36:09.420,3.361,10000
2020-08-06 09:36:09.420,3.361,6000
2020-08-06 09:36:09.520,3.361,600
2020-08-06 09:36:10.060,3.361,80800
2020-08-06 09:36:10.300,3.361,700
2020-08-06 09:36:10.370,3.362,1000
2020-08-06 09:36:10.370,3.362,6000
2020-08-06 09:36:10.370,3.362,3200
2020-08-06 09:36:10.370,3.362,2000
2020-08-06 09:36:10.370,3.362,3000
2020-08-06 09:36:10.370,3.362,5100
2020-08-06 09:36:10.370,3.362,8000
2020-08-06 09:36:10.370,3.362,3000
2020-08-06 09:36:10.370,3.362,1000
2020-08-06 09:36:10.370,3.362,20000
2020-08-06 09:36:10.370,3.362,25000
2020-08-06 09:36:10.370,3.362,93000
2020-08-06 09:36:10.850,3.362,2500
2020-08-06 09:36:10.850,3.362,5300
2020-08-06 09:36:11.260,3.362,18800
2020-08-06 09:36:11.500,3.362,5000
2020-08-06 09:36:11.500,3.362,3000
2020-08-06 09:36:11.500,3.362,1700
2020-08-06 09:36:11.530,3.362,200
2020-08-06 09:36:12.000,3.363,1000
2020-08-06 09:36:12.000,3.363,7700
2020-08-06 09:36:12.000,3.363,9600
2020-08-06 09:36:12.000,3.363,500
2020-08-06 09:36:12.000,3.363,6800
2020-08-06 09:36:12.000,3.363,3000
2020-08-06 09:36:12.000,3.363,2000
2020-08-06 09:36:12.000,3.363,10000
2020-08-06 09:36:12.140,3.363,5000
2020-08-06 09:36:12.340,3.363,5000
2020-08-06 09:36:12.340,3.363,2000
2020-08-06 09:36:12.500,3.363,1400
2020-08-06 09:36:12.500,3.363,246000
2020-08-06 09:36:12.500,3.362,54000
2020-08-06 09:36:12.560,3.362,4500
2020-08-06 09:36:12.600,3.362,2600
2020-08-06 09:36:12.920,3.362,2000
2020-08-06 09:36:13.070,3.362,100
2020-08-06 09:36:13.140,3.362,3000
2020-08-06 09:36:13.300,3.362,1000
2020-08-06 09:36:14.210,3.362,100
2020-08-06 09:36:14.270,3.362,11400
2020-08-06 09:36:14.340,3.362,14500
2020-08-06 09:36:14.410,3.362,31500
2020-08-06 09:36:14.450,3.361,500
2020-08-06 09:36:15.360,3.36,400
2020-08-06 09:36:15.610,3.36,600
2020-08-06 09:36:15.610,3.36,4400
2020-08-06 09:36:15.710,3.36,4400
2020-08-06 09:36:16.690,3.361,900
2020-08-06 09:36:16.690,3.361,2100
2020-08-06 09:36:17.040,3.36,30000
2020-08-06 09:36:17.300,3.36,5000
2020-08-06 09:36:18.450,3.36,1000
2020-08-06 09:36:18.870,3.361,500
2020-08-06 09:36:18.870,3.361,200
2020-08-06 09:36:19.250,3.36,100
2020-08-06 09:36:19.870,3.36,4600
2020-08-06 09:36:20.250,3.36,2100
2020-08-06 09:36:20.860,3.36,3000
2020-08-06 09:36:20.960,3.36,100
2020-08-06 09:36:21.060,3.361,800
2020-08-06 09:36:21.060,3.361,200
2020-08-06 09:36:21.160,3.36,30000
2020-08-06 09:36:21.710,3.36,1300
2020-08-06 09:36:22.130,3.361,500
2020-08-06 09:36:22.630,3.36,1000
2020-08-06 09:36:22.800,3.361,300
2020-08-06 09:36:22.800,3.361,1000
2020-08-06 09:36:22.800,3.361,500
2020-08-06 09:36:22.800,3.361,8200
2020-08-06 09:36:23.210,3.36,3000
2020-08-06 09:36:23.210,3.36,200
2020-08-06 09:36:23.470,3.36,1300
2020-08-06 09:36:23.650,3.361,1700
2020-08-06 09:36:23.810,3.361,300
2020-08-06 09:36:24.010,3.36,100
2020-08-06 09:36:24.080,3.36,1000
2020-08-06 09:36:24.280,3.361,100
2020-08-06 09:36:24.690,3.36,100
2020-08-06 09:36:24.880,3.36,1000
2020-08-06 09:36:24.880,3.36,20000
2020-08-06 09:36:25.230,3.361,3500
2020-08-06 09:36:25.330,3.36,500
2020-08-06 09:36:25.530,3.36,100
2020-08-06 09:36:25.810,3.36,2000
2020-08-06 09:36:26.030,3.36,5000
2020-08-06 09:36:26.480,3.36,2900
2020-08-06 09:36:26.610,3.36,1000
2020-08-06 09:36:26.640,3.36,500
2020-08-06 09:36:27.080,3.36,1000
2020-08-06 09:36:27.080,3.36,62800
2020-08-06 09:36:27.510,3.36,4000
2020-08-06 09:36:27.730,3.36,20000
2020-08-06 09:36:27.770,3.361,16800
2020-08-06 09:36:27.890,3.36,86500
2020-08-06 09:36:27.890,3.36,93000
2020-08-06 09:36:27.890,3.36,62000
2020-08-06 09:36:27.890,3.36,1900
2020-08-06 09:36:28.110,3.359,1500
2020-08-06 09:36:28.740,3.36,400
2020-08-06 09:36:29.370,3.36,5000
2020-08-06 09:36:29.560,3.36,15000
2020-08-06 09:36:30.390,3.36,33200
2020-08-06 09:36:30.570,3.359,3500
2020-08-06 09:36:30.570,3.359,900
2020-08-06 09:36:30.570,3.358,5000
2020-08-06 09:36:30.570,3.358,8200
2020-08-06 09:36:30.570,3.358,3000
2020-08-06 09:36:30.570,3.358,200
2020-08-06 09:36:30.570,3.358,9700
2020-08-06 09:36:32.350,3.36,8800
2020-08-06 09:36:33.200,3.359,200
2020-08-06 09:36:33.200,3.36,19800
2020-08-06 09:36:36.270,3.358,1000
2020-08-06 09:36:36.300,3.358,30000
2020-08-06 09:36:36.790,3.358,300000
2020-08-06 09:36:36.790,3.358,300000
2020-08-06 09:36:37.960,3.358,269000
2020-08-06 09:36:40.010,3.358,2000
2020-08-06 09:36:41.470,3.358,1200
2020-08-06 09:36:41.540,3.359,6000
2020-08-06 09:36:42.590,3.359,100
2020-08-06 09:36:42.810,3.36,30000
2020-08-06 09:36:42.810,3.36,1000
2020-08-06 09:36:42.810,3.36,4500
2020-08-06 09:36:42.810,3.36,500
2020-08-06 09:36:42.810,3.36,100
2020-08-06 09:36:42.810,3.36,7000
2020-08-06 09:36:42.810,3.36,500
2020-08-06 09:36:42.810,3.36,20000
2020-08-06 09:36:42.810,3.36,900
2020-08-06 09:36:42.810,3.36,5000
2020-08-06 09:36:42.810,3.36,27400
2020-08-06 09:36:42.810,3.36,2000
2020-08-06 09:36:42.810,3.36,5000
2020-08-06 09:36:42.810,3.36,6000
2020-08-06 09:36:42.810,3.36,9000
2020-08-06 09:36:42.810,3.36,20000
2020-08-06 09:36:42.810,3.36,20000
2020-08-06 09:36:42.810,3.36,5000
2020-08-06 09:36:42.810,3.36,10000
2020-08-06 09:36:42.880,3.361,4000
2020-08-06 09:36:44.030,3.36,100000
2020-08-06 09:36:44.060,3.36,600
2020-08-06 09:36:44.410,3.36,10000
2020-08-06 09:36:44.410,3.36,10300
2020-08-06 09:36:44.770,3.36,400
2020-08-06 09:36:44.800,3.36,100
2020-08-06 09:36:45.200,3.36,1200
2020-08-06 09:36:45.390,3.36,3500
2020-08-06 09:36:46.230,3.36,1000
2020-08-06 09:36:46.470,3.36,29000
2020-08-06 09:36:46.470,3.36,4600
2020-08-06 09:36:46.620,3.359,2000
2020-08-06 09:36:46.620,3.358,4500
2020-08-06 09:36:46.690,3.358,200
2020-08-06 09:36:48.060,3.359,1200
2020-08-06 09:36:48.060,3.359,700
2020-08-06 09:36:48.060,3.36,700
2020-08-06 09:36:48.220,3.36,4700
2020-08-06 09:36:48.220,3.36,300
2020-08-06 09:36:49.120,3.358,100000
2020-08-06 09:36:50.000,3.358,1000
2020-08-06 09:36:50.990,3.358,1000
2020-08-06 09:36:51.120,3.358,5000
2020-08-06 09:36:51.260,3.358,1100
2020-08-06 09:36:52.080,3.358,500
2020-08-06 09:36:53.840,3.358,300
2020-08-06 09:36:54.880,3.357,3000
2020-08-06 09:36:54.880,3.357,100
2020-08-06 09:36:54.880,3.357,12000
2020-08-06 09:36:54.880,3.357,284900
2020-08-06 09:36:55.300,3.358,5000
2020-08-06 09:36:55.590,3.358,100
2020-08-06 09:36:55.990,3.358,10000
2020-08-06 09:36:56.590,3.357,10000
2020-08-06 09:36:57.130,3.358,30000
2020-08-06 09:36:57.540,3.357,10000
2020-08-06 09:36:57.990,3.357,581000
2020-08-06 09:36:58.550,3.357,2900
2020-08-06 09:36:58.640,3.358,500
2020-08-06 09:36:59.300,3.358,122400
2020-08-06 09:36:59.300,3.358,500
2020-08-06 09:36:59.300,3.358,5000
2020-08-06 09:36:59.300,3.358,5000
2020-08-06 09:36:59.300,3.358,200
2020-08-06 09:36:59.300,3.358,5000
2020-08-06 09:36:59.300,3.358,4000
2020-08-06 09:36:59.300,3.358,10000
2020-08-06 09:36:59.300,3.358,5000
2020-08-06 09:36:59.360,3.358,300
2020-08-06 09:37:00.050,3.358,1700
2020-08-06 09:37:00.160,3.358,5000
2020-08-06 09:37:00.350,3.358,300
2020-08-06 09:37:00.390,3.358,1500
2020-08-06 09:37:00.610,3.358,7800
2020-08-06 09:37:00.930,3.358,300
2020-08-06 09:37:01.410,3.358,45600
2020-08-06 09:37:02.170,3.358,2500
2020-08-06 09:37:02.460,3.358,2000
2020-08-06 09:37:02.730,3.358,3100
2020-08-06 09:37:03.000,3.359,500
2020-08-06 09:37:03.000,3.359,19500
2020-08-06 09:37:03.060,3.358,3100
2020-08-06 09:37:03.340,3.358,5000
2020-08-06 09:37:03.460,3.358,500
2020-08-06 09:37:03.460,3.358,31100
2020-08-06 09:37:03.730,3.358,3000
2020-08-06 09:37:03.910,3.358,5000
2020-08-06 09:37:04.240,3.358,15100
2020-08-06 09:37:04.460,3.358,5000
2020-08-06 09:37:05.080,3.359,8900
2020-08-06 09:37:05.080,3.358,33100
2020-08-06 09:37:05.080,3.358,66900
2020-08-06 09:37:05.430,3.358,11900
2020-08-06 09:37:05.430,3.358,221200
2020-08-06 09:37:05.430,3.358,30000
2020-08-06 09:37:05.460,3.357,1000
2020-08-06 09:37:05.660,3.357,20000
2020-08-06 09:37:06.510,3.357,2000
2020-08-06 09:37:07.280,3.358,15900
2020-08-06 09:37:07.620,3.357,1800
2020-08-06 09:37:07.880,3.358,84100
2020-08-06 09:37:07.880,3.358,4000
2020-08-06 09:37:07.880,3.358,5000
2020-08-06 09:37:07.880,3.358,6000
2020-08-06 09:37:07.880,3.358,138200
2020-08-06 09:37:08.450,3.358,30000
2020-08-06 09:37:08.680,3.357,37800
2020-08-06 09:37:10.310,3.357,100000
2020-08-06 09:37:10.640,3.356,93000
2020-08-06 09:37:10.640,3.356,100
2020-08-06 09:37:10.640,3.356,2000
2020-08-06 09:37:10.640,3.356,5000
2020-08-06 09:37:11.160,3.355,900
2020-08-06 09:37:15.020,3.354,1000
2020-08-06 09:37:15.020,3.354,7900
2020-08-06 09:37:15.020,3.354,10000
2020-08-06 09:37:15.020,3.354,15000
2020-08-06 09:37:15.020,3.354,26100
2020-08-06 09:37:15.020,3.354,66900
2020-08-06 09:37:15.020,3.354,100
2020-08-06 09:37:15.700,3.354,600
2020-08-06 09:37:16.050,3.353,2000
2020-08-06 09:37:16.050,3.353,2000
2020-08-06 09:37:16.050,3.353,20000
2020-08-06 09:37:16.050,3.353,500000
2020-08-06 09:37:16.050,3.353,6000
2020-08-06 09:37:17.190,3.352,6100
2020-08-06 09:37:17.680,3.351,1500
2020-08-06 09:37:17.680,3.351,20000
2020-08-06 09:37:17.850,3.353,14000
2020-08-06 09:37:19.300,3.351,1500
2020-08-06 09:37:19.300,3.352,6200
2020-08-06 09:37:20.960,3.352,100
2020-08-06 09:37:21.430,3.352,6000
2020-08-06 09:37:22.170,3.351,3000
2020-08-06 09:37:22.460,3.351,12600
2020-08-06 09:37:22.720,3.352,9000
2020-08-06 09:37:23.160,3.352,8900
2020-08-06 09:37:23.390,3.351,10000
2020-08-06 09:37:23.940,3.351,10000
2020-08-06 09:37:24.250,3.351,10000
2020-08-06 09:37:24.320,3.352,200
2020-08-06 09:37:24.530,3.351,500
2020-08-06 09:37:24.720,3.351,500
2020-08-06 09:37:25.400,3.352,1000
2020-08-06 09:37:25.460,3.352,7800
2020-08-06 09:37:25.560,3.351,10000
2020-08-06 09:37:25.620,3.351,2600
2020-08-06 09:37:25.870,3.351,2000
2020-08-06 09:37:26.170,3.351,24900
2020-08-06 09:37:26.170,3.352,7000
2020-08-06 09:37:26.620,3.35,600
2020-08-06 09:37:26.690,3.35,3900
2020-08-06 09:37:26.690,3.35,5000
2020-08-06 09:37:26.960,3.351,2000
2020-08-06 09:37:26.990,3.35,5000
2020-08-06 09:37:26.990,3.35,7000
2020-08-06 09:37:27.500,3.351,5000
2020-08-06 09:37:27.930,3.35,3000
2020-08-06 09:37:27.930,3.35,6100
2020-08-06 09:37:27.930,3.35,1000
2020-08-06 09:37:27.930,3.35,4500
2020-08-06 09:37:27.930,3.35,2000
2020-08-06 09:37:27.930,3.35,200
2020-08-06 09:37:27.930,3.35,4800
2020-08-06 09:37:28.210,3.35,500
2020-08-06 09:37:28.210,3.35,3000
2020-08-06 09:37:28.210,3.35,1000
2020-08-06 09:37:28.570,3.35,2000
2020-08-06 09:37:29.130,3.35,8900
2020-08-06 09:37:29.380,3.349,2500
2020-08-06 09:37:30.080,3.35,1000
2020-08-06 09:37:30.190,3.35,20000
2020-08-06 09:37:30.320,3.35,200
2020-08-06 09:37:30.580,3.35,3400
2020-08-06 09:37:30.580,3.35,1000
2020-08-06 09:37:30.580,3.35,800
2020-08-06 09:37:30.980,3.349,297500
2020-08-06 09:37:30.980,3.349,1000
2020-08-06 09:37:30.980,3.349,300
2020-08-06 09:37:30.980,3.349,1200
2020-08-06 09:37:31.070,3.35,2000
2020-08-06 09:37:31.070,3.35,8000
2020-08-06 09:37:31.370,3.349,3300
2020-08-06 09:37:31.370,3.349,1000
2020-08-06 09:37:31.370,3.349,2000
2020-08-06 09:37:32.160,3.348,93000
2020-08-06 09:37:32.160,3.348,10000
2020-08-06 09:37:32.160,3.348,6100
2020-08-06 09:37:32.160,3.348,302700
2020-08-06 09:37:32.210,3.349,4000
2020-08-06 09:37:32.840,3.349,100
2020-08-06 09:37:33.090,3.349,900
2020-08-06 09:37:33.390,3.348,30000
2020-08-06 09:37:33.510,3.348,194300
2020-08-06 09:37:33.580,3.349,2000
2020-08-06 09:37:34.240,3.348,300000
2020-08-06 09:37:34.880,3.348,73000
2020-08-06 09:37:34.880,3.348,2000
2020-08-06 09:37:38.350,3.348,2900
2020-08-06 09:37:38.810,3.347,1000
2020-08-06 09:37:38.810,3.347,3100
2020-08-06 09:37:38.810,3.347,400
2020-08-06 09:37:38.810,3.347,100
2020-08-06 09:37:38.810,3.347,2900
2020-08-06 09:37:39.010,3.347,500
2020-08-06 09:37:39.620,3.348,500
2020-08-06 09:37:39.650,3.348,15000
2020-08-06 09:37:39.650,3.347,1900
2020-08-06 09:37:39.840,3.348,2500
2020-08-06 09:37:40.500,3.348,5000
2020-08-06 09:37:40.860,3.347,2000
2020-08-06 09:37:41.080,3.347,100
2020-08-06 09:37:41.370,3.348,2500
2020-08-06 09:37:41.370,3.348,5000
2020-08-06 09:37:41.450,3.348,40000
2020-08-06 09:37:42.790,3.348,90000
2020-08-06 09:37:43.070,3.348,2500
2020-08-06 09:37:43.170,3.348,50200
2020-08-06 09:37:43.370,3.348,3300
2020-08-06 09:37:43.370,3.348,3000
2020-08-06 09:37:43.400,3.348,100
2020-08-06 09:37:45.770,3.348,900
2020-08-06 09:37:45.770,3.347,9100
2020-08-06 09:37:45.800,3.347,300
2020-08-06 09:37:45.840,3.347,1000
2020-08-06 09:37:45.900,3.347,14700
2020-08-06 09:37:46.130,3.348,10000
2020-08-06 09:37:46.130,3.347,42000
2020-08-06 09:37:46.130,3.347,1000
2020-08-06 09:37:46.130,3.347,60000
2020-08-06 09:37:46.130,3.347,5300
2020-08-06 09:37:46.130,3.347,2500
2020-08-06 09:37:46.130,3.347,2600
2020-08-06 09:37:46.130,3.347,1000
2020-08-06 09:37:46.130,3.347,5000
2020-08-06 09:37:46.130,3.347,2500
2020-08-06 09:37:46.130,3.347,3400
2020-08-06 09:37:46.130,3.347,59500
2020-08-06 09:37:46.130,3.347,2500
2020-08-06 09:37:46.130,3.347,2500
2020-08-06 09:37:46.370,3.347,5000
2020-08-06 09:37:46.720,3.346,700
2020-08-06 09:37:46.720,3.346,300
2020-08-06 09:37:47.000,3.346,4500
2020-08-06 09:37:47.000,3.346,2000
2020-08-06 09:37:47.000,3.346,3500
2020-08-06 09:37:47.220,3.347,3000
2020-08-06 09:37:47.400,3.347,40000
2020-08-06 09:37:47.860,3.347,30000
2020-08-06 09:37:48.170,3.347,40000
2020-08-06 09:37:48.480,3.347,40000
2020-08-06 09:37:48.480,3.347,40000
2020-08-06 09:37:48.480,3.347,50000
2020-08-06 09:37:48.480,3.347,50000
2020-08-06 09:37:48.770,3.347,102200
2020-08-06 09:37:48.770,3.347,100
2020-08-06 09:37:48.770,3.347,6000
2020-08-06 09:37:48.770,3.347,34400
2020-08-06 09:37:48.770,3.347,10000
2020-08-06 09:37:50.510,3.347,2500
2020-08-06 09:37:50.540,3.348,1000
2020-08-06 09:37:50.540,3.348,300
2020-08-06 09:37:50.540,3.348,3700
2020-08-06 09:37:52.490,3.348,300
2020-08-06 09:37:52.490,3.348,39700
2020-08-06 09:37:52.580,3.347,5000
2020-08-06 09:37:52.580,3.347,60000
2020-08-06 09:37:52.580,3.347,2200
2020-08-06 09:37:52.580,3.347,40000
2020-08-06 09:37:52.580,3.347,185800
2020-08-06 09:37:52.780,3.348,10000
2020-08-06 09:37:53.110,3.347,300
2020-08-06 09:37:54.740,3.348,8000
2020-08-06 09:37:54.810,3.347,20000
2020-08-06 09:37:55.790,3.347,200
2020-08-06 09:37:56.010,3.347,1200
2020-08-06 09:37:56.040,3.348,2000
2020-08-06 09:37:56.140,3.348,5900
2020-08-06 09:37:56.360,3.347,20000
2020-08-06 09:37:57.060,3.348,5000
2020-08-06 09:37:57.530,3.347,100
2020-08-06 09:37:57.850,3.347,3000
2020-08-06 09:37:57.850,3.347,30000
2020-08-06 09:37:57.890,3.348,40000
2020-08-06 09:37:58.330,3.347,500
2020-08-06 09:37:58.640,3.348,23500
2020-08-06 09:37:58.640,3.348,100
2020-08-06 09:37:58.640,3.348,8500
2020-08-06 09:37:58.640,3.348,1000
2020-08-06 09:37:58.640,3.348,6900
2020-08-06 09:37:58.710,3.348,600
2020-08-06 09:37:59.240,3.348,200
2020-08-06 09:37:59.680,3.348,2500
2020-08-06 09:37:59.910,3.348,100
2020-08-06 09:37:59.980,3.348,1300
2020-08-06 09:37:59.980,3.348,1700
2020-08-06 09:38:00.250,3.348,500
2020-08-06 09:38:00.520,3.348,26100
2020-08-06 09:38:00.730,3.348,200
2020-08-06 09:38:01.210,3.349,10000
2020-08-06 09:38:01.380,3.349,4800
2020-08-06 09:38:01.380,3.349,1000
2020-08-06 09:38:01.380,3.349,700
2020-08-06 09:38:01.380,3.349,6000
2020-08-06 09:38:01.380,3.35,10000
2020-08-06 09:38:01.380,3.35,6000
2020-08-06 09:38:01.380,3.35,200
2020-08-06 09:38:01.380,3.35,20000
2020-08-06 09:38:01.380,3.35,500
2020-08-06 09:38:01.380,3.35,500
2020-08-06 09:38:01.380,3.35,1500
2020-08-06 09:38:01.380,3.35,200
2020-08-06 09:38:01.380,3.35,2000
2020-08-06 09:38:01.380,3.35,5000
2020-08-06 09:38:01.380,3.35,5200
2020-08-06 09:38:01.840,3.35,1900
2020-08-06 09:38:02.340,3.35,10000
2020-08-06 09:38:03.270,3.35,1000
2020-08-06 09:38:03.390,3.35,1000
2020-08-06 09:38:05.190,3.351,23000
2020-08-06 09:38:05.190,3.351,100
2020-08-06 09:38:05.190,3.351,1700
2020-08-06 09:38:05.190,3.351,1000
2020-08-06 09:38:05.190,3.351,5000
2020-08-06 09:38:05.190,3.351,500
2020-08-06 09:38:05.190,3.351,4000
2020-08-06 09:38:05.190,3.351,4700
2020-08-06 09:38:05.430,3.35,3000
2020-08-06 09:38:05.600,3.351,36800
2020-08-06 09:38:05.600,3.351,3200
2020-08-06 09:38:05.710,3.351,40000
2020-08-06 09:38:05.710,3.351,2900
2020-08-06 09:38:05.710,3.351,1000
2020-08-06 09:38:05.710,3.351,1500
2020-08-06 09:38:05.850,3.351,10000
2020-08-06 09:38:06.150,3.351,2000
2020-08-06 09:38:06.290,3.351,10000
2020-08-06 09:38:06.420,3.351,7700
2020-08-06 09:38:07.030,3.351,30000
2020-08-06 09:38:08.180,3.351,2100
2020-08-06 09:38:09.420,3.351,300
2020-08-06 09:38:09.570,3.351,1000
2020-08-06 09:38:09.600,3.351,300
2020-08-06 09:38:10.390,3.352,200
2020-08-06 09:38:10.390,3.352,5000
2020-08-06 09:38:10.390,3.352,20000
2020-08-06 09:38:10.390,3.352,400
2020-08-06 09:38:10.970,3.352,3000
2020-08-06 09:38:11.780,3.352,33600
2020-08-06 09:38:11.910,3.353,3000
2020-08-06 09:38:12.020,3.354,2300
2020-08-06 09:38:15.360,3.353,300
2020-08-06 09:38:15.420,3.352,1500
2020-08-06 09:38:16.770,3.352,3000
2020-08-06 09:38:18.030,3.353,100
2020-08-06 09:38:18.100,3.353,700
2020-08-06 09:38:18.200,3.354,100
2020-08-06 09:38:18.740,3.353,500
2020-08-06 09:38:19.120,3.353,200
2020-08-06 09:38:19.410,3.354,500
2020-08-06 09:38:19.410,3.354,500
2020-08-06 09:38:19.410,3.354,5300
2020-08-06 09:38:19.550,3.354,5000
2020-08-06 09:38:21.260,3.355,1000
2020-08-06 09:38:21.260,3.355,69000
2020-08-06 09:38:21.520,3.353,1000
2020-08-06 09:38:22.270,3.354,14900
2020-08-06 09:38:22.270,3.354,32900
2020-08-06 09:38:22.820,3.354,70000
2020-08-06 09:38:22.910,3.353,3400
2020-08-06 09:38:22.910,3.354,6600
2020-08-06 09:38:23.010,3.353,50000
2020-08-06 09:38:23.010,3.353,50000
2020-08-06 09:38:23.950,3.353,100
2020-08-06 09:38:24.340,3.353,60000
2020-08-06 09:38:24.940,3.353,800
2020-08-06 09:38:24.940,3.353,100
2020-08-06 09:38:24.940,3.353,100
2020-08-06 09:38:26.050,3.354,10000
2020-08-06 09:38:26.330,3.353,39000
2020-08-06 09:38:26.840,3.352,500
2020-08-06 09:38:28.530,3.352,3200
2020-08-06 09:38:28.530,3.352,500
2020-08-06 09:38:28.530,3.352,26300
2020-08-06 09:38:30.510,3.352,2000
2020-08-06 09:38:31.110,3.353,200
2020-08-06 09:38:31.270,3.353,40000
2020-08-06 09:38:31.490,3.353,10000
2020-08-06 09:38:31.870,3.353,100000
2020-08-06 09:38:33.480,3.352,200
2020-08-06 09:38:33.510,3.352,3500
2020-08-06 09:38:33.570,3.352,12500
2020-08-06 09:38:33.860,3.353,700
2020-08-06 09:38:34.010,3.352,7000
2020-08-06 09:38:34.590,3.353,700
2020-08-06 09:38:35.150,3.352,7900
2020-08-06 09:38:35.150,3.352,120200
2020-08-06 09:38:35.180,3.352,4700
2020-08-06 09:38:35.520,3.352,1000
2020-08-06 09:38:35.760,3.353,1000
2020-08-06 09:38:36.020,3.352,7500
