ExChangeId,ChannelNo,SeqNo,SecurityID,Trade2_Order1,TradeDate,UpdateTime,Price,Volume,TrdMoney,OrdSide,OrdType,TrdBSFlag,TrdBuyNo,TrdSellNo
1,1,50851,510360,2,20200806,93004590,1.591000,200,318.200000,-,-,S,287784,295392
1,1,64801,510360,2,20200806,93008080,1.596000,300,478.800000,-,-,B,337042,87885
1,1,70352,510360,2,20200806,93010870,1.596000,1700,2713.200000,-,-,B,353267,87885
1,1,70353,510360,2,20200806,93010870,1.596000,400,638.400000,-,-,B,353267,300536
1,1,75736,510360,2,20200806,93013910,1.596000,2100,3351.600000,-,-,B,367197,300536
1,1,78756,510360,2,20200806,93016180,1.596000,1800,2872.800000,-,-,B,373946,300536
1,1,79458,510360,2,20200806,93016870,1.596000,12500,19950.000000,-,-,B,375315,300536
1,1,80102,510360,2,20200806,93017520,1.600000,1300,2080.000000,-,-,B,376701,58385
1,1,80533,510360,2,20200806,93017880,1.600000,1600,2560.000000,-,-,B,377321,207495
1,1,133075,510360,2,20200806,93104540,1.599000,2000,3198.000000,-,-,B,466282,463432
1,1,151855,510360,2,20200806,93120040,1.596000,7000,11172.000000,-,-,S,487996,495597
1,1,221727,510360,2,20200806,93232500,1.596000,4000,6384.000000,-,-,S,487996,610085
1,1,339543,510360,2,20200806,93446750,1.598000,2000,3196.000000,-,-,S,766284,803722
1,1,340164,510360,2,20200806,93447790,1.599000,500,799.500000,-,-,B,804953,471250
1,1,347434,510360,2,20200806,93455150,1.599000,5000,7995.000000,-,-,B,815310,527061
1,1,353775,510360,2,20200806,93502400,1.599000,20400,32619.600000,-,-,S,815310,825917
1,1,369703,510360,2,20200806,93519150,1.599000,82700,132237.300000,-,-,S,815310,851278
1,1,397225,510360,2,20200806,93548400,1.600000,200,320.000000,-,-,B,894434,207495
1,1,400583,510360,2,20200806,93551680,1.600000,200,320.000000,-,-,B,899339,207495
1,1,400584,510360,2,20200806,93551680,1.600000,2000,3200.000000,-,-,B,899339,237211
1,1,401902,510360,2,20200806,93553060,1.600000,200000,320000.000000,-,-,B,901438,237211
1,1,401908,510360,2,20200806,93553080,1.600000,2200,3520.000000,-,-,B,901450,237211
1,1,402193,510360,2,20200806,93553450,1.600000,200000,320000.000000,-,-,B,901911,237211
1,1,402360,510360,2,20200806,93553610,1.600000,31000,49600.000000,-,-,B,902136,237211
1,1,402764,510360,2,20200806,93554100,1.600000,124800,199680.000000,-,-,B,902708,237211
1,1,402872,510360,2,20200806,93554160,1.602000,500,801.000000,-,-,B,902872,229014
1,1,402873,510360,2,20200806,93554160,1.602000,18700,29957.400000,-,-,B,902872,555378
1,1,406646,510360,2,20200806,93557690,1.603000,600,961.800000,-,-,B,908640,66066
1,1,406647,510360,2,20200806,93557690,1.604000,1500,2406.000000,-,-,B,908640,619187
1,1,406648,510360,2,20200806,93557690,1.605000,9800,15729.000000,-,-,B,908640,902707
1,1,409417,510360,2,20200806,93600400,1.602000,400,640.800000,-,-,S,903921,912968
1,1,423266,510360,2,20200806,93613970,1.605000,1200,1926.000000,-,-,B,934554,902707
1,1,529177,510360,2,20200806,93811900,1.597000,100,159.700000,-,-,B,1111167,1079544
1,1,536710,510360,2,20200806,93820060,1.597000,19900,31780.300000,-,-,B,1123310,1079544
1,1,633589,510360,2,20200806,94022240,1.596000,200,319.200000,-,-,S,960301,1281167
1,1,644297,510360,2,20200806,94036540,1.594000,1000,1594.000000,-,-,S,806506,1299391
1,1,645401,510360,2,20200806,94038040,1.594000,500,797.000000,-,-,B,1301397,1299391
1,1,676679,510360,2,20200806,94116060,1.594000,33700,53717.800000,-,-,B,1350184,1299391
1,1,687317,510360,2,20200806,94128600,1.594000,300,478.200000,-,-,S,1350184,1367264
1,1,697003,510360,2,20200806,94143010,1.595000,200000,319000.000000,-,-,B,1384177,1328589
1,1,697351,510360,2,20200806,94143500,1.595000,200000,319000.000000,-,-,B,1384818,1328589
1,1,706988,510360,2,20200806,94157650,1.594000,20500,32677.000000,-,-,S,1350184,1401643
1,1,730654,510360,2,20200806,94227870,1.594000,500,797.000000,-,-,S,1427634,1438637
1,1,772378,510360,2,20200806,94329810,1.592000,20000,31840.000000,-,-,S,1462537,1507360
1,1,785092,510360,2,20200806,94345480,1.591000,100,159.100000,-,-,S,1383979,1526399
1,1,785325,510360,2,20200806,94345680,1.591000,400,636.400000,-,-,S,1383979,1526683
1,1,790823,510360,2,20200806,94353270,1.589000,200,317.800000,-,-,S,1313554,1535592
1,1,803296,510360,2,20200806,94410400,1.591000,200,318.200000,-,-,B,1554978,1543627
1,1,824486,510360,2,20200806,94446360,1.590000,400,636.000000,-,-,S,1561709,1593249
1,1,842469,510360,2,20200806,94512400,1.590000,100,159.000000,-,-,S,1561709,1622633
1,1,856401,510360,2,20200806,94531110,1.590000,600,954.000000,-,-,B,1644113,1643836
1,1,878624,510360,2,20200806,94604980,1.589000,100,158.900000,-,-,B,1678875,1678107
1,1,895694,510360,2,20200806,94628100,1.589000,200000,317800.000000,-,-,B,1705758,1678107
1,1,896009,510360,2,20200806,94628610,1.589000,200000,317800.000000,-,-,B,1706387,1678107
1,1,896363,510360,2,20200806,94629140,1.589000,47000,74683.000000,-,-,B,1706928,1678107
1,1,897419,510360,2,20200806,94630970,1.589000,153000,243117.000000,-,-,S,1706928,1708905
1,1,897420,510360,2,20200806,94630970,1.589000,47000,74683.000000,-,-,S,1707936,1708905
1,1,897714,510360,2,20200806,94631460,1.589000,200000,317800.000000,-,-,B,1709542,1708905
1,1,898104,510360,2,20200806,94632100,1.589000,138400,219917.600000,-,-,B,1710160,1708905
1,1,926271,510360,2,20200806,94720310,1.591000,1000,1591.000000,-,-,B,1758925,1739493
1,1,963560,510360,2,20200806,94831530,1.590000,7000,11130.000000,-,-,S,1816878,1823714
1,1,971644,510360,2,20200806,94847060,1.591000,200000,318200.000000,-,-,B,1837317,1795259
1,1,971818,510360,2,20200806,94847490,1.591000,200000,318200.000000,-,-,B,1837666,1795259
1,1,972076,510360,2,20200806,94848020,1.591000,129100,205398.100000,-,-,B,1838108,1795259
1,1,972077,510360,2,20200806,94848020,1.591000,70900,112801.900000,-,-,B,1838108,1823135
1,1,972366,510360,2,20200806,94848580,1.591000,70900,112801.900000,-,-,B,1838562,1823135
1,1,972633,510360,2,20200806,94849050,1.591000,200000,318200.000000,-,-,B,1839067,1823135
1,1,973269,510360,2,20200806,94850140,1.591000,26700,42479.700000,-,-,B,1840091,1823135
1,1,984031,510360,2,20200806,94912100,1.592000,200000,318400.000000,-,-,B,1858784,1849326
1,1,984285,510360,2,20200806,94912510,1.592000,200000,318400.000000,-,-,B,1859162,1849326
1,1,984692,510360,2,20200806,94913090,1.592000,130100,207119.200000,-,-,B,1859747,1849326
1,1,1007768,510360,2,20200806,95001100,1.593000,200000,318600.000000,-,-,B,1900174,1873905
1,1,1008143,510360,2,20200806,95001620,1.593000,200000,318600.000000,-,-,B,1900746,1873905
1,1,1008633,510360,2,20200806,95002230,1.593000,173000,275589.000000,-,-,B,1901476,1873905
1,1,1016143,510360,2,20200806,95014180,1.594000,200000,318800.000000,-,-,B,1913217,1899872
1,1,1016381,510360,2,20200806,95014630,1.594000,200000,318800.000000,-,-,B,1913628,1899872
1,1,1016659,510360,2,20200806,95015150,1.594000,175500,279747.000000,-,-,B,1914041,1899872
1,1,1028276,510360,2,20200806,95036150,1.595000,200000,319000.000000,-,-,B,1933668,1929220
1,1,1028613,510360,2,20200806,95036580,1.595000,157300,250893.500000,-,-,B,1934132,1929220
1,1,1069015,510360,2,20200806,95146920,1.593000,2000,3186.000000,-,-,S,1936475,1998489
1,1,1165198,510360,2,20200806,95501950,1.594000,18800,29967.200000,-,-,B,2153597,2128706
1,1,1175533,510360,2,20200806,95517140,1.593000,600,955.800000,-,-,S,2141109,2169180
1,1,1194795,510360,2,20200806,95548970,1.589000,500,794.500000,-,-,S,1748667,2197506
1,1,1194796,510360,2,20200806,95548970,1.589000,900,1430.100000,-,-,S,2034244,2197506
1,1,1313345,510360,2,20200806,95948170,1.589000,1100,1747.900000,-,-,S,2034244,2384218
1,1,1313346,510360,2,20200806,95948170,1.589000,400,635.600000,-,-,S,2355390,2384218
1,1,1314409,510360,2,20200806,95951040,1.588000,200,317.600000,-,-,S,1202229,2386300
1,1,1314410,510360,2,20200806,95951040,1.588000,6700,10639.600000,-,-,S,1684528,2386300
1,1,1314411,510360,2,20200806,95951040,1.588000,10400,16515.200000,-,-,S,2347144,2386300
1,1,1328166,510360,2,20200806,100016520,1.588000,3000,4764.000000,-,-,S,2347144,2407732
1,1,1339137,510360,2,20200806,100035630,1.588000,1000,1588.000000,-,-,S,2361404,2423821
1,1,1339138,510360,2,20200806,100035630,1.588000,1500,2382.000000,-,-,S,2379731,2423821
1,1,1344995,510360,2,20200806,100047710,1.590000,100,159.000000,-,-,B,2433571,2394691
1,1,1356245,510360,2,20200806,100109050,1.590000,2500,3975.000000,-,-,B,2451600,2421293
1,1,1375780,510360,2,20200806,100142740,1.590000,200,318.000000,-,-,B,2481724,2455480
1,1,1375781,510360,2,20200806,100142740,1.590000,2000,3180.000000,-,-,B,2481724,2470399
1,1,1375782,510360,2,20200806,100142740,1.590000,197800,314502.000000,-,-,B,2481724,2472723
1,1,1376006,510360,2,20200806,100143070,1.590000,160900,255831.000000,-,-,B,2482062,2472723
1,1,1385571,510360,2,20200806,100202040,1.590000,10000,15900.000000,-,-,S,2486660,2497115
1,1,1394376,510360,2,20200806,100220020,1.590000,2000,3180.000000,-,-,S,2486660,2511316
1,1,1414557,510360,2,20200806,100305930,1.591000,5800,9227.800000,-,-,S,2533348,2546353
1,1,1469592,510360,2,20200806,100518260,1.591000,4000,6364.000000,-,-,S,2599655,2638042
1,1,1479799,510360,2,20200806,100544020,1.590000,500,795.000000,-,-,S,2519765,2655409
1,1,1499203,510360,2,20200806,100632690,1.590000,2500,3975.000000,-,-,S,2519765,2687259
1,1,1499204,510360,2,20200806,100632690,1.590000,6000,9540.000000,-,-,S,2521248,2687259
1,1,1499205,510360,2,20200806,100632690,1.590000,200,318.000000,-,-,S,2540160,2687259
1,1,1502315,510360,2,20200806,100640120,1.590000,22800,36252.000000,-,-,B,2692439,2687259
1,1,1525230,510360,2,20200806,100731280,1.590000,200,318.000000,-,-,B,2728496,2687259
1,1,1556742,510360,2,20200806,100846560,1.590000,100,159.000000,-,-,B,2780444,2761484
1,1,1579214,510360,2,20200806,100934990,1.590000,900,1431.000000,-,-,S,2780444,2814152
1,1,1586415,510360,2,20200806,100946520,1.590000,9000,14310.000000,-,-,S,2780444,2824065
1,1,1587593,510360,2,20200806,100949140,1.588000,9400,14927.200000,-,-,S,2650538,2826013
1,1,1589101,510360,2,20200806,100952100,1.587000,400,634.800000,-,-,S,248907,2828240
1,1,1626505,510360,2,20200806,101104050,1.587000,100,158.700000,-,-,S,248907,2882377
1,1,1626506,510360,2,20200806,101104050,1.587000,4200,6665.400000,-,-,S,1652314,2882377
1,1,1626507,510360,2,20200806,101104050,1.587000,200,317.400000,-,-,S,2873938,2882377
1,1,1628051,510360,2,20200806,101107180,1.587000,18800,29835.600000,-,-,B,2884658,2882377
1,1,1639612,510360,2,20200806,101131550,1.587000,500,793.500000,-,-,B,2901791,2882377
1,1,1669846,510360,2,20200806,101231490,1.587000,100,158.700000,-,-,B,2945798,2882377
1,1,1671214,510360,2,20200806,101234890,1.587000,11300,17933.100000,-,-,B,2948261,2882377
1,1,1689525,510360,2,20200806,101311970,1.588000,200000,317600.000000,-,-,B,2976608,2947687
1,1,1689621,510360,2,20200806,101312210,1.588000,47400,75271.200000,-,-,B,2976802,2947687
1,1,1779863,510360,2,20200806,101708380,1.590000,100,159.000000,-,-,S,3071468,3130065
1,1,1779864,510360,2,20200806,101708380,1.590000,3000,4770.000000,-,-,S,3123465,3130065
1,1,1781070,510360,2,20200806,101711330,1.589000,34500,54820.500000,-,-,S,2983240,3132146
1,1,1790899,510360,2,20200806,101736300,1.589000,300,476.700000,-,-,S,3050380,3148393
1,1,1795452,510360,2,20200806,101751340,1.589000,1700,2701.300000,-,-,B,3156628,3148393
1,1,1802437,510360,2,20200806,101813550,1.589000,3800,6038.200000,-,-,S,3156628,3168625
1,1,1842007,510360,2,20200806,102022300,1.589000,900,1430.100000,-,-,B,3234504,3219829
1,1,1842994,510360,2,20200806,102025210,1.592000,17900,28496.800000,-,-,B,3236054,3133274
1,1,1902346,510360,2,20200806,102314850,1.588000,100,158.800000,-,-,S,3026495,3331400
1,1,1966028,510360,2,20200806,102618400,1.588000,100,158.800000,-,-,S,3026495,3430218
1,1,1966029,510360,2,20200806,102618400,1.588000,400,635.200000,-,-,S,3093123,3430218
1,1,1966030,510360,2,20200806,102618400,1.588000,3000,4764.000000,-,-,S,3099443,3430218
1,1,2002664,510360,2,20200806,102741800,1.586000,1000,1586.000000,-,-,S,161966,3480524
1,1,2028461,510360,2,20200806,102842900,1.585000,1000,1585.000000,-,-,S,3417014,3517013
1,1,2035478,510360,2,20200806,102902420,1.586000,100,158.600000,-,-,B,3528401,3522457
1,1,2039905,510360,2,20200806,102913500,1.584000,200,316.800000,-,-,S,2554008,3535346
1,1,2039906,510360,2,20200806,102913500,1.584000,500,792.000000,-,-,S,3108008,3535346
1,1,2039907,510360,2,20200806,102913500,1.584000,2000,3168.000000,-,-,S,3381281,3535346
1,1,2039971,510360,2,20200806,102913730,1.584000,1000,1584.000000,-,-,B,3535482,3535346
1,1,2040848,510360,2,20200806,102916350,1.584000,18800,29779.200000,-,-,B,3536999,3535346
1,1,2070491,510360,2,20200806,103022750,1.582000,5000,7910.000000,-,-,S,157402,3579102
1,1,2100690,510360,2,20200806,103119560,1.582000,100,158.200000,-,-,B,3619963,3579102
1,1,2107452,510360,2,20200806,103133490,1.581000,500,790.500000,-,-,S,3560315,3629950
1,1,2107453,510360,2,20200806,103133490,1.580000,1600,2528.000000,-,-,S,111316,3629950
1,1,2111691,510360,2,20200806,103142380,1.580000,4200,6636.000000,-,-,S,111316,3636306
1,1,2118060,510360,2,20200806,103156630,1.581000,500,790.500000,-,-,B,3645954,3631446
1,1,2128921,510360,2,20200806,103222900,1.581000,12600,19920.600000,-,-,B,3663754,3631446
1,1,2128922,510360,2,20200806,103222900,1.581000,3000,4743.000000,-,-,B,3663754,3632925
1,1,2147034,510360,2,20200806,103304370,1.587000,700,1110.900000,-,-,B,3694109,3677005
1,1,2213416,510360,2,20200806,103640000,1.585000,800,1268.000000,-,-,B,3810226,3783009
1,1,2254715,510360,2,20200806,103857940,1.585000,2800,4438.000000,-,-,B,3873663,3830560
1,1,2254716,510360,2,20200806,103857940,1.585000,3200,5072.000000,-,-,B,3873663,3850657
1,1,2259139,510360,2,20200806,103913300,1.582000,2000,3164.000000,-,-,S,3843948,3881572
1,1,2282260,510360,2,20200806,104032470,1.583000,9900,15671.700000,-,-,S,3919255,3920881
1,1,2283127,510360,2,20200806,104035420,1.582000,3000,4746.000000,-,-,S,3843948,3922244
1,1,2283128,510360,2,20200806,104035420,1.582000,5900,9333.800000,-,-,S,3921234,3922244
1,1,2292969,510360,2,20200806,104108960,1.582000,2500,3955.000000,-,-,B,3938123,3929899
1,1,2320077,510360,2,20200806,104241710,1.582000,2300,3638.600000,-,-,B,3978054,3977947
1,1,2340773,510360,2,20200806,104337480,1.582000,1900,3005.800000,-,-,B,4004392,4002801
1,1,2349630,510360,2,20200806,104358200,1.580000,4200,6636.000000,-,-,S,111316,4015338
1,1,2349631,510360,2,20200806,104358200,1.580000,1000,1580.000000,-,-,S,1884399,4015338
1,1,2349632,510360,2,20200806,104358200,1.580000,800,1264.000000,-,-,S,2147985,4015338
1,1,2350296,510360,2,20200806,104359680,1.580000,200,316.000000,-,-,S,2147985,4016251
1,1,2350297,510360,2,20200806,104359680,1.580000,5100,8058.000000,-,-,S,2523992,4016251
1,1,2350611,510360,2,20200806,104400460,1.580000,4900,7742.000000,-,-,S,2523992,4016621
1,1,2350612,510360,2,20200806,104400460,1.580000,18700,29546.000000,-,-,S,3437085,4016621
1,1,2351034,510360,2,20200806,104401350,1.580000,1300,2054.000000,-,-,S,3437085,4017110
1,1,2351035,510360,2,20200806,104401350,1.580000,200,316.000000,-,-,S,3639986,4017110
1,1,2351036,510360,2,20200806,104401350,1.580000,3800,6004.000000,-,-,S,3658338,4017110
1,1,2351765,510360,2,20200806,104402790,1.580000,1000,1580.000000,-,-,S,3658338,4017912
1,1,2352578,510360,2,20200806,104404610,1.580000,1000,1580.000000,-,-,S,3658338,4018917
1,1,2353161,510360,2,20200806,104406070,1.580000,200,316.000000,-,-,S,3658338,4019717
1,1,2353162,510360,2,20200806,104406070,1.580000,200,316.000000,-,-,S,3897135,4019717
1,1,2353163,510360,2,20200806,104406070,1.580000,400,632.000000,-,-,S,3947720,4019717
1,1,2353828,510360,2,20200806,104407580,1.580000,600,948.000000,-,-,S,3947720,4020601
1,1,2353829,510360,2,20200806,104407580,1.580000,200,316.000000,-,-,S,4011712,4020601
1,1,2354420,510360,2,20200806,104409310,1.580000,600,948.000000,-,-,S,4011712,4021456
1,1,2354939,510360,2,20200806,104410860,1.580000,600,948.000000,-,-,S,4011712,4022331
1,1,2361742,510360,2,20200806,104428320,1.580000,3600,5688.000000,-,-,S,4011712,4031871
1,1,2373697,510360,2,20200806,104454560,1.580000,100,158.000000,-,-,B,4046683,4034388
1,1,2375766,510360,2,20200806,104459350,1.579000,3300,5210.700000,-,-,S,2332145,4049344
1,1,2376331,510360,2,20200806,104500880,1.579000,3300,5210.700000,-,-,S,2332145,4050148
1,1,2377206,510360,2,20200806,104502290,1.579000,3300,5210.700000,-,-,S,2332145,4051200
1,1,2377847,510360,2,20200806,104503980,1.579000,2500,3947.500000,-,-,S,2332145,4052134
1,1,2378598,510360,2,20200806,104505430,1.579000,4400,6947.600000,-,-,S,2332145,4053144
1,1,2378599,510360,2,20200806,104505430,1.579000,10000,15790.000000,-,-,S,4007616,4053144
1,1,2412924,510360,2,20200806,104621440,1.578000,500,789.000000,-,-,S,3566443,4098590
1,1,2436531,510360,2,20200806,104716710,1.578000,200,315.600000,-,-,B,4130854,4102268
1,1,2465595,510360,2,20200806,104831390,1.579000,600,947.400000,-,-,B,4175267,4053144
1,1,2469797,510360,2,20200806,104843910,1.575000,500,787.500000,-,-,S,3572751,4182289
1,1,2469798,510360,2,20200806,104843910,1.575000,1000,1575.000000,-,-,S,3822544,4182289
1,1,2469799,510360,2,20200806,104843910,1.575000,3500,5512.500000,-,-,S,3900907,4182289
1,1,2476524,510360,2,20200806,104904960,1.579000,37600,59370.400000,-,-,B,4194142,4053144
1,1,2500170,510360,2,20200806,105018700,1.579000,3000,4737.000000,-,-,S,4229166,4234184
1,1,2515484,510360,2,20200806,105112960,1.579000,800,1263.200000,-,-,B,4262456,4234184
1,1,2528100,510360,2,20200806,105201380,1.579000,200,315.800000,-,-,S,4262456,4284604
1,1,2531225,510360,2,20200806,105214060,1.579000,700,1105.300000,-,-,B,4290102,4284604
1,1,2539490,510360,2,20200806,105238080,1.578000,300,473.400000,-,-,S,4242183,4302751
1,1,2551229,510360,2,20200806,105322940,1.576000,1800,2836.800000,-,-,S,4215385,4322864
1,1,2551230,510360,2,20200806,105322940,1.576000,200,315.200000,-,-,S,4295236,4322864
1,1,2551231,510360,2,20200806,105322940,1.576000,3300,5200.800000,-,-,S,4299009,4322864
1,1,2580879,510360,2,20200806,105520280,1.579000,100,157.900000,-,-,B,4371124,4343871
1,1,2613613,510360,2,20200806,105658280,1.575000,1600,2520.000000,-,-,S,3900907,4415054
1,1,2614321,510360,2,20200806,105700120,1.575000,900,1417.500000,-,-,S,3900907,4415843
1,1,2614322,510360,2,20200806,105700120,1.575000,300,472.500000,-,-,S,4193993,4415843
1,1,2614323,510360,2,20200806,105700120,1.575000,200,315.000000,-,-,S,4202977,4415843
1,1,2615200,510360,2,20200806,105701740,1.575000,300,472.500000,-,-,S,4207483,4416644
1,1,2615201,510360,2,20200806,105701740,1.575000,1100,1732.500000,-,-,S,4304034,4416644
1,1,2615922,510360,2,20200806,105703370,1.575000,1100,1732.500000,-,-,S,4304034,4417381
1,1,2617229,510360,2,20200806,105706700,1.575000,900,1417.500000,-,-,S,4304034,4419042
1,1,2618091,510360,2,20200806,105708330,1.575000,900,1417.500000,-,-,S,4304034,4420049
1,1,2618729,510360,2,20200806,105709960,1.575000,800,1260.000000,-,-,S,4304034,4420852
1,1,2619008,510360,2,20200806,105710390,1.575000,200,315.000000,-,-,S,4304034,4421184
1,1,2619009,510360,2,20200806,105710390,1.575000,5000,7875.000000,-,-,S,4389980,4421184
1,1,2620547,510360,2,20200806,105713400,1.573000,2100,3303.300000,-,-,S,4317319,4422917
1,1,2622321,510360,2,20200806,105716440,1.572000,600,943.200000,-,-,S,3904709,4424777
1,1,2622322,510360,2,20200806,105716440,1.572000,500,786.000000,-,-,S,4054078,4424777
1,1,2622323,510360,2,20200806,105716440,1.572000,29200,45902.400000,-,-,S,4407824,4424777
1,1,2657683,510360,2,20200806,105833190,1.572000,500,786.000000,-,-,S,4430989,4465733
1,1,2672760,510360,2,20200806,105907430,1.572000,700,1100.400000,-,-,B,4485034,4465733
1,1,2683678,510360,2,20200806,105935030,1.572000,100,157.200000,-,-,B,4500583,4465733
1,1,2703821,510360,2,20200806,110023880,1.572000,800,1257.600000,-,-,B,4529447,4465733
1,1,2717895,510360,2,20200806,110051010,1.571000,500,785.500000,-,-,B,4546807,4546607
1,1,2718356,510360,2,20200806,110051830,1.570000,100,157.000000,-,-,S,2712679,4547307
1,1,2718357,510360,2,20200806,110051830,1.570000,100,157.000000,-,-,S,3622552,4547307
1,1,2718358,510360,2,20200806,110051830,1.570000,900,1413.000000,-,-,S,3665062,4547307
1,1,2719407,510360,2,20200806,110053550,1.570000,1100,1727.000000,-,-,S,3665062,4548712
1,1,2720146,510360,2,20200806,110055180,1.570000,1000,1570.000000,-,-,S,3665062,4549626
1,1,2721115,510360,2,20200806,110056760,1.570000,700,1099.000000,-,-,S,3665062,4550723
1,1,2721909,510360,2,20200806,110058370,1.570000,700,1099.000000,-,-,S,3665062,4551636
1,1,2731519,510360,2,20200806,110113890,1.572000,1800,2829.600000,-,-,B,4562779,4465733
1,1,2731520,510360,2,20200806,110113890,1.572000,100,157.200000,-,-,B,4562779,4532655
1,1,2753641,510360,2,20200806,110154960,1.574000,300,472.200000,-,-,B,4597405,4450960
1,1,2776456,510360,2,20200806,110257200,1.574000,2200,3462.800000,-,-,B,4633980,4450960
1,1,2792509,510360,2,20200806,110349570,1.574000,500,787.000000,-,-,B,4662100,4450960
1,1,2797718,510360,2,20200806,110409020,1.572000,6100,9589.200000,-,-,S,4598611,4671604
1,1,2824576,510360,2,20200806,110601980,1.574000,600,944.400000,-,-,B,4720255,4450960
1,1,2832132,510360,2,20200806,110632120,1.574000,20000,31480.000000,-,-,B,4732140,4450960
1,1,2835362,510360,2,20200806,110646890,1.574000,1000,1574.000000,-,-,B,4737731,4450960
1,1,2835389,510360,2,20200806,110647130,1.574000,18800,29591.200000,-,-,B,4737838,4450960
1,1,2838662,510360,2,20200806,110703820,1.574000,6600,10388.400000,-,-,B,4743973,4450960
1,1,2846186,510360,2,20200806,110727810,1.576000,14100,22221.600000,-,-,B,4756201,4706449
1,1,2908763,510360,2,20200806,111144700,1.581000,500,790.500000,-,-,B,4863377,4858861
1,1,2938991,510360,2,20200806,111416210,1.581000,200,316.200000,-,-,S,4876745,4917671
1,1,2948088,510360,2,20200806,111513040,1.581000,100,158.100000,-,-,B,4934869,4917671
1,1,2952401,510360,2,20200806,111539020,1.578000,5000,7890.000000,-,-,S,4789736,4942825
1,1,2952402,510360,2,20200806,111539020,1.578000,25000,39450.000000,-,-,S,4824699,4942825
1,1,2955364,510360,2,20200806,111555140,1.578000,10000,15780.000000,-,-,S,4824699,4947851
1,1,2967163,510360,2,20200806,111704580,1.578000,1000,1578.000000,-,-,S,4868943,4968389
1,1,2971304,510360,2,20200806,111723080,1.578000,1400,2209.200000,-,-,B,4974589,4968389
1,1,2991001,510360,2,20200806,111850340,1.582000,1200,1898.400000,-,-,B,5002331,4023006
1,1,2991049,510360,2,20200806,111850570,1.582000,3500,5537.000000,-,-,B,5002413,4023006
1,1,2991050,510360,2,20200806,111850570,1.582000,10000,15820.000000,-,-,B,5002413,4894477
1,1,2991085,510360,2,20200806,111850770,1.584000,500,792.000000,-,-,B,5002483,4876676
1,1,2991086,510360,2,20200806,111850770,1.584000,700,1108.800000,-,-,B,5002483,4980437
1,1,3016661,510360,2,20200806,112028200,1.586000,2000,3172.000000,-,-,B,5039369,5006452
1,1,3039981,510360,2,20200806,112215920,1.585000,100,158.500000,-,-,B,5080492,5077360
1,1,3047400,510360,2,20200806,112254100,1.585000,14600,23141.000000,-,-,S,5091747,5093030
1,1,3085868,510360,2,20200806,112623970,1.581000,6400,10118.400000,-,-,B,5156240,5155221
1,1,3086275,510360,2,20200806,112626040,1.581000,6400,10118.400000,-,-,B,5156777,5155221
1,1,3086425,510360,2,20200806,112626750,1.581000,2400,3794.400000,-,-,B,5157015,5155221
1,1,3086496,510360,2,20200806,112627450,1.581000,5900,9327.900000,-,-,B,5157205,5155221
1,1,3086787,510360,2,20200806,112629150,1.581000,5800,9169.800000,-,-,B,5157700,5155221
1,1,3087063,510360,2,20200806,112630750,1.581000,4100,6482.100000,-,-,B,5158121,5155221
1,1,3087240,510360,2,20200806,112631950,1.581000,3000,4743.000000,-,-,B,5158455,5155221
1,1,3087354,510360,2,20200806,112632370,1.581000,4000,6324.000000,-,-,B,5158577,5155221
1,1,3087570,510360,2,20200806,112633910,1.581000,1900,3003.900000,-,-,B,5158962,5155221
1,1,3087621,510360,2,20200806,112634350,1.581000,1800,2845.800000,-,-,B,5159060,5155221
1,1,3087678,510360,2,20200806,112634730,1.581000,1800,2845.800000,-,-,B,5159165,5155221
1,1,3087766,510360,2,20200806,112635240,1.581000,1800,2845.800000,-,-,B,5159319,5155221
1,1,3087812,510360,2,20200806,112635680,1.581000,1500,2371.500000,-,-,B,5159425,5155221
1,1,3088051,510360,2,20200806,112637320,1.581000,1500,2371.500000,-,-,B,5159860,5155221
1,1,3088366,510360,2,20200806,112638930,1.581000,700,1106.700000,-,-,B,5160299,5155221
1,1,3088598,510360,2,20200806,112640230,1.581000,4700,7430.700000,-,-,B,5160642,5155221
1,1,3088625,510360,2,20200806,112640420,1.584000,600,950.400000,-,-,B,5160682,5154869
1,1,3100606,510360,2,20200806,112752790,1.581000,14000,22134.000000,-,-,S,5172624,5181791
1,1,3102424,510360,2,20200806,112803690,1.581000,600,948.600000,-,-,S,5172624,5184764
1,1,3107111,510360,2,20200806,112833480,1.585000,3000,4755.000000,-,-,B,5192510,5124342
1,1,3136522,510360,2,20200806,130002330,1.586000,100,158.600000,-,-,B,5241368,5172623
1,1,3139320,510360,2,20200806,130002920,1.586000,100,158.600000,-,-,B,5249454,5172623
1,1,3144211,510360,2,20200806,130005240,1.586000,6800,10784.800000,-,-,B,5264070,5172623
1,1,3181733,510360,2,20200806,130208690,1.582000,1000,1582.000000,-,-,S,5231780,5329212
1,1,3184571,510360,2,20200806,130223890,1.580000,700,1106.000000,-,-,S,5233048,5333958
1,1,3184572,510360,2,20200806,130223890,1.580000,1300,2054.000000,-,-,S,5295244,5333958
1,1,3195641,510360,2,20200806,130322030,1.584000,100,158.400000,-,-,B,5352274,5312750
1,1,3217143,510360,2,20200806,130502310,1.579000,1000,1579.000000,-,-,S,5235240,5388231
1,1,3217650,510360,2,20200806,130505150,1.578000,36500,57597.000000,-,-,S,5370618,5389092
1,1,3233057,510360,2,20200806,130622490,1.579000,17000,26843.000000,-,-,B,5414642,5389928
1,1,3255644,510360,2,20200806,130828170,1.581000,200000,316200.000000,-,-,B,5454203,5435960
1,1,3255722,510360,2,20200806,130828530,1.581000,200000,316200.000000,-,-,B,5454330,5435960
1,1,3255867,510360,2,20200806,130829180,1.581000,200000,316200.000000,-,-,B,5454621,5435960
1,1,3256212,510360,2,20200806,130830190,1.581000,10900,17232.900000,-,-,B,5455232,5435960
1,1,3256213,510360,2,20200806,130830190,1.581000,189100,298967.100000,-,-,B,5455232,5444837
1,1,3256383,510360,2,20200806,130830680,1.581000,10900,17232.900000,-,-,B,5455525,5444837
1,1,3256496,510360,2,20200806,130831170,1.581000,200000,316200.000000,-,-,B,5455696,5444837
1,1,3256733,510360,2,20200806,130832170,1.581000,200000,316200.000000,-,-,B,5456116,5444837
1,1,3256875,510360,2,20200806,130832500,1.581000,41600,65769.600000,-,-,B,5456342,5444837
1,1,3257582,510360,2,20200806,130834740,1.582000,19800,31323.600000,-,-,B,5457380,5379650
1,1,3260265,510360,2,20200806,130845170,1.582000,7700,12181.400000,-,-,B,5461974,5379650
1,1,3260266,510360,2,20200806,130845170,1.582000,192300,304218.600000,-,-,B,5461974,5456896
1,1,3260316,510360,2,20200806,130845410,1.582000,192300,304218.600000,-,-,B,5462058,5456896
1,1,3260467,510360,2,20200806,130846190,1.582000,180100,284918.200000,-,-,B,5462316,5456896
1,1,3301302,510360,2,20200806,131213490,1.584000,6200,9820.800000,-,-,S,5531140,5534624
1,1,3307808,510360,2,20200806,131250540,1.585000,2300,3645.500000,-,-,B,5546730,5531037
1,1,3310157,510360,2,20200806,131259770,1.585000,383200,607372.000000,-,-,B,5549597,5531037
1,1,3311697,510360,2,20200806,131309150,1.586000,500,793.000000,-,-,B,5552439,5182986
1,1,3311698,510360,2,20200806,131309150,1.586000,199500,316407.000000,-,-,B,5552439,5541237
1,1,3318909,510360,2,20200806,131353090,1.586000,10000,15860.000000,-,-,B,5565510,5550498
1,1,3326722,510360,2,20200806,131434280,1.586000,100,158.600000,-,-,B,5578316,5568365
1,1,3333835,510360,2,20200806,131514350,1.586000,1000,1586.000000,-,-,B,5590517,5577947
1,1,3349628,510360,2,20200806,131633350,1.584000,10000,15840.000000,-,-,S,5570878,5615973
1,1,3349629,510360,2,20200806,131633350,1.584000,500,792.000000,-,-,S,5584349,5615973
1,1,3349630,510360,2,20200806,131633350,1.584000,100,158.400000,-,-,S,5603012,5615973
1,1,3371474,510360,2,20200806,131834660,1.583000,200000,316600.000000,-,-,B,5654436,5634881
1,1,3371579,510360,2,20200806,131835090,1.583000,200000,316600.000000,-,-,B,5654555,5634881
1,1,3371686,510360,2,20200806,131835700,1.583000,200000,316600.000000,-,-,B,5654733,5643166
1,1,3371773,510360,2,20200806,131836120,1.583000,200000,316600.000000,-,-,B,5654881,5643166
1,1,3464904,510360,2,20200806,132637690,1.582000,10000,15820.000000,-,-,B,5804788,5793447
1,1,3470080,510360,2,20200806,132703260,1.581000,100,158.100000,-,-,S,5705819,5812929
1,1,3470081,510360,2,20200806,132703260,1.581000,2300,3636.300000,-,-,S,5794269,5812929
1,1,3501347,510360,2,20200806,132918920,1.580000,10000,15800.000000,-,-,B,5859824,5859781
1,1,3501960,510360,2,20200806,132921590,1.581000,8800,13912.800000,-,-,B,5860830,5843739
1,1,3503268,510360,2,20200806,132927790,1.581000,100,158.100000,-,-,B,5863008,5843739
1,1,3507956,510360,2,20200806,132950920,1.579000,100,157.900000,-,-,S,5528710,5870467
1,1,3507957,510360,2,20200806,132950920,1.579000,1900,3000.100000,-,-,S,5852872,5870467
1,1,3521503,510360,2,20200806,133048850,1.579000,600,947.400000,-,-,S,5852872,5892055
1,1,3535244,510360,2,20200806,133148930,1.581000,200000,316200.000000,-,-,B,5914227,5897430
1,1,3535273,510360,2,20200806,133149280,1.581000,151100,238889.100000,-,-,B,5914326,5897430
1,1,3538148,510360,2,20200806,133204420,1.582000,643200,1017542.400000,-,-,B,5919556,5909063
1,1,3551863,510360,2,20200806,133305220,1.582000,200,316.400000,-,-,S,5931818,5942422
1,1,3568705,510360,2,20200806,133433270,1.580000,3000,4740.000000,-,-,S,5969786,5970725
1,1,3577226,510360,2,20200806,133517580,1.580000,600,948.000000,-,-,S,5978760,5984732
1,1,3578608,510360,2,20200806,133526520,1.580000,6700,10586.000000,-,-,S,5978760,5987359
1,1,3587808,510360,2,20200806,133612530,1.580000,1800,2844.000000,-,-,B,6001626,5987359
1,1,3598632,510360,2,20200806,133652150,1.579000,10000,15790.000000,-,-,S,5891073,6016138
1,1,3599576,510360,2,20200806,133655140,1.578000,1000,1578.000000,-,-,S,5919161,6017494
1,1,3645310,510360,2,20200806,133957770,1.578000,200,315.600000,-,-,B,6084508,6076161
1,1,3645651,510360,2,20200806,133959470,1.577000,200,315.400000,-,-,S,6079208,6085163
1,1,3661399,510360,2,20200806,134105340,1.577000,4800,7569.600000,-,-,S,6079208,6110313
1,1,3663841,510360,2,20200806,134115360,1.576000,200,315.200000,-,-,S,6083793,6113983
1,1,3663842,510360,2,20200806,134115360,1.576000,1800,2836.800000,-,-,S,6091648,6113983
1,1,3667831,510360,2,20200806,134134140,1.577000,1000,1577.000000,-,-,B,6120701,6110313
1,1,3673709,510360,2,20200806,134201680,1.577000,1000,1577.000000,-,-,B,6130150,6110313
1,1,3680007,510360,2,20200806,134228730,1.577000,100,157.700000,-,-,B,6140139,6111415
1,1,3682801,510360,2,20200806,134241630,1.576000,6200,9771.200000,-,-,S,6091648,6144631
1,1,3687630,510360,2,20200806,134305280,1.576000,12000,18912.000000,-,-,S,6091648,6152671
1,1,3696822,510360,2,20200806,134345380,1.576000,1100,1733.600000,-,-,B,6167300,6152671
1,1,3715014,510360,2,20200806,134504290,1.577000,8200,12931.400000,-,-,B,6195318,6111415
1,1,3715015,510360,2,20200806,134504290,1.577000,6200,9777.400000,-,-,B,6195318,6174287
1,1,3727284,510360,2,20200806,134604780,1.576000,2000,3152.000000,-,-,S,6187747,6216258
1,1,3738436,510360,2,20200806,134701930,1.578000,345100,544567.800000,-,-,B,6234837,6216313
1,1,3738437,510360,2,20200806,134701930,1.578000,13900,21934.200000,-,-,B,6234837,6226408
1,1,3759353,510360,2,20200806,134836310,1.578000,10000,15780.000000,-,-,S,6236076,6267354
1,1,3764192,510360,2,20200806,134906210,1.578000,6000,9468.000000,-,-,B,6276677,6267354
1,1,3785793,510360,2,20200806,135053800,1.578000,200000,315600.000000,-,-,B,6311947,6295784
1,1,3785861,510360,2,20200806,135054030,1.578000,14200,22407.600000,-,-,B,6312036,6295784
1,1,3785874,510360,2,20200806,135054130,1.578000,145000,228810.000000,-,-,B,6312072,6295784
1,1,3785875,510360,2,20200806,135054130,1.578000,6500,10257.000000,-,-,B,6312072,6298350
1,1,3805004,510360,2,20200806,135210690,1.578000,5200,8205.600000,-,-,B,6340267,6333625
1,1,3808064,510360,2,20200806,135223970,1.577000,1000,1577.000000,-,-,S,6304502,6345057
1,1,3808065,510360,2,20200806,135223970,1.577000,4900,7727.300000,-,-,S,6343953,6345057
1,1,3836568,510360,2,20200806,135419450,1.575000,100,157.500000,-,-,S,4748840,6385106
1,1,3836569,510360,2,20200806,135419450,1.575000,1000,1575.000000,-,-,S,5101258,6385106
1,1,3836570,510360,2,20200806,135419450,1.575000,500,787.500000,-,-,S,5106853,6385106
1,1,3846711,510360,2,20200806,135506500,1.574000,1300,2046.200000,-,-,S,5253236,6401355
1,1,3880632,510360,2,20200806,135756980,1.577000,1600,2523.200000,-,-,B,6457561,6345057
1,1,3881060,510360,2,20200806,135759670,1.577000,5200,8200.400000,-,-,B,6458271,6345057
1,1,3890484,510360,2,20200806,135854080,1.579000,100,157.900000,-,-,B,6474094,6456223
1,1,3927042,510360,2,20200806,140155800,1.580000,21500,33970.000000,-,-,B,6535957,5987359
1,1,3944172,510360,2,20200806,140322370,1.580000,1200,1896.000000,-,-,S,6558284,6563982
1,1,3951145,510360,2,20200806,140349440,1.580000,200000,316000.000000,-,-,B,6572531,6563982
1,1,3951209,510360,2,20200806,140349850,1.580000,200000,316000.000000,-,-,B,6572674,6563982
1,1,3951526,510360,2,20200806,140351340,1.580000,145600,230048.000000,-,-,B,6573363,6563982
1,1,3962775,510360,2,20200806,140451350,1.581000,200000,316200.000000,-,-,B,6591834,6573643
1,1,3962839,510360,2,20200806,140451640,1.581000,200000,316200.000000,-,-,B,6591929,6573643
1,1,3963539,510360,2,20200806,140455360,1.581000,200000,316200.000000,-,-,B,6593025,6583104
1,1,3963577,510360,2,20200806,140455660,1.581000,200000,316200.000000,-,-,B,6593107,6583104
1,1,3963639,510360,2,20200806,140456010,1.581000,100,158.100000,-,-,B,6593188,6583104
1,1,3963696,510360,2,20200806,140456360,1.581000,25400,40157.400000,-,-,B,6593301,6583104
1,1,3963697,510360,2,20200806,140456360,1.581000,174600,276042.600000,-,-,B,6593301,6592101
1,1,3963911,510360,2,20200806,140457340,1.581000,200000,316200.000000,-,-,B,6593719,6592101
1,1,3964017,510360,2,20200806,140457710,1.581000,200000,316200.000000,-,-,B,6593839,6592101
1,1,3964114,510360,2,20200806,140458300,1.581000,40000,63240.000000,-,-,B,6594036,6592101
1,1,3972008,510360,2,20200806,140537550,1.582000,3000,4746.000000,-,-,B,6606740,6601999
1,1,4055640,510360,2,20200806,141239710,1.581000,5000,7905.000000,-,-,B,6743610,6729769
1,1,4062466,510360,2,20200806,141319650,1.581000,500,790.500000,-,-,B,6754937,6738654
1,1,4088481,510360,2,20200806,141554660,1.579000,500,789.500000,-,-,S,6521707,6798268
1,1,4088482,510360,2,20200806,141554660,1.579000,9500,15000.500000,-,-,S,6701788,6798268
1,1,4094613,510360,2,20200806,141628710,1.579000,100,157.900000,-,-,S,6701788,6808176
1,1,4131835,510360,2,20200806,141941380,1.580000,29600,46768.000000,-,-,B,6864483,6858288
1,1,4133520,510360,2,20200806,141948970,1.580000,5400,8532.000000,-,-,B,6867109,6858288
1,1,4133602,510360,2,20200806,141949370,1.580000,5500,8690.000000,-,-,B,6867242,6858288
1,1,4133643,510360,2,20200806,141949570,1.580000,200000,316000.000000,-,-,B,6867308,6858288
1,1,4133694,510360,2,20200806,141949870,1.580000,200000,316000.000000,-,-,B,6867406,6858288
1,1,4133875,510360,2,20200806,141950510,1.580000,172900,273182.000000,-,-,B,6867661,6858288
1,1,4139871,510360,2,20200806,142013580,1.581000,200000,316200.000000,-,-,B,6875954,6868418
1,1,4140009,510360,2,20200806,142014140,1.581000,200000,316200.000000,-,-,B,6876200,6868418
1,1,4140651,510360,2,20200806,142015510,1.581000,102100,161420.100000,-,-,B,6876971,6868418
1,1,4140666,510360,2,20200806,142015630,1.583000,500,791.500000,-,-,B,6877007,6494491
1,1,4142670,510360,2,20200806,142020970,1.585000,500,792.500000,-,-,B,6879720,6635053
1,1,4142671,510360,2,20200806,142020970,1.585000,9100,14423.500000,-,-,B,6879720,6719931
1,1,4143248,510360,2,20200806,142022910,1.583000,19800,31343.400000,-,-,S,6878180,6880505
1,1,4146745,510360,2,20200806,142033620,1.582000,200000,316400.000000,-,-,B,6884806,6880505
1,1,4146836,510360,2,20200806,142033990,1.582000,200000,316400.000000,-,-,B,6884948,6880505
1,1,4146939,510360,2,20200806,142034550,1.582000,41600,65811.200000,-,-,B,6885160,6880505
1,1,4154523,510360,2,20200806,142054480,1.584000,31000,49104.000000,-,-,B,6894472,6893653
1,1,4160303,510360,2,20200806,142110650,1.584000,200000,316800.000000,-,-,B,6901753,6893653
1,1,4160386,510360,2,20200806,142111040,1.584000,200000,316800.000000,-,-,B,6901885,6893653
1,1,4160551,510360,2,20200806,142111540,1.584000,132300,209563.200000,-,-,B,6902109,6893653
1,1,4161173,510360,2,20200806,142113860,1.585000,3900,6181.500000,-,-,B,6903052,6719931
1,1,4162238,510360,2,20200806,142116880,1.587000,1000,1587.000000,-,-,B,6904410,5091532
1,1,4165297,510360,2,20200806,142126630,1.584000,67700,107236.800000,-,-,S,6902109,6908520
1,1,4165298,510360,2,20200806,142126630,1.584000,132300,209563.200000,-,-,S,6902550,6908520
1,1,4165415,510360,2,20200806,142127080,1.584000,132300,209563.200000,-,-,B,6908738,6908520
1,1,4165577,510360,2,20200806,142127590,1.584000,200000,316800.000000,-,-,B,6908986,6908520
1,1,4165886,510360,2,20200806,142128530,1.584000,200000,316800.000000,-,-,B,6909364,6908520
1,1,4166024,510360,2,20200806,142128930,1.584000,200000,316800.000000,-,-,B,6909550,6908520
1,1,4166237,510360,2,20200806,142129530,1.584000,67700,107236.800000,-,-,B,6909838,6908520
1,1,4166238,510360,2,20200806,142129530,1.584000,132300,209563.200000,-,-,B,6909838,6908521
1,1,4166342,510360,2,20200806,142129940,1.584000,132300,209563.200000,-,-,B,6910002,6908521
1,1,4166543,510360,2,20200806,142130590,1.584000,200000,316800.000000,-,-,B,6910312,6908521
1,1,4166588,510360,2,20200806,142131010,1.584000,200000,316800.000000,-,-,B,6910449,6908521
1,1,4166699,510360,2,20200806,142131610,1.584000,200000,316800.000000,-,-,B,6910696,6908521
1,1,4166841,510360,2,20200806,142132020,1.584000,135400,214473.600000,-,-,B,6910904,6908521
1,1,4173796,510360,2,20200806,142154520,1.585000,200000,317000.000000,-,-,B,6920682,6907016
1,1,4173863,510360,2,20200806,142154940,1.585000,200000,317000.000000,-,-,B,6920820,6907016
1,1,4174017,510360,2,20200806,142155540,1.585000,15400,24409.000000,-,-,B,6921043,6907016
1,1,4198969,510360,2,20200806,142323290,1.586000,1200,1903.200000,-,-,S,6954925,6958262
1,1,4198970,510360,2,20200806,142323290,1.585000,10800,17118.000000,-,-,S,6921043,6958262
1,1,4208988,510360,2,20200806,142402080,1.585000,7000,11095.000000,-,-,B,6974301,6969499
1,1,4215653,510360,2,20200806,142425660,1.585000,200000,317000.000000,-,-,B,6983814,6969499
1,1,4215760,510360,2,20200806,142426010,1.585000,147600,233946.000000,-,-,B,6983930,6969499
1,1,4215761,510360,2,20200806,142426010,1.585000,52400,83054.000000,-,-,B,6983930,6981456
1,1,4215884,510360,2,20200806,142426570,1.585000,200000,317000.000000,-,-,B,6984185,6981456
1,1,4216160,510360,2,20200806,142427590,1.585000,125700,199234.500000,-,-,B,6984610,6981456
1,1,4230151,510360,2,20200806,142521660,1.586000,200000,317200.000000,-,-,B,7006316,6993437
1,1,4230230,510360,2,20200806,142522050,1.586000,143900,228225.400000,-,-,B,7006485,6993437
1,1,4230231,510360,2,20200806,142522050,1.586000,56100,88974.600000,-,-,B,7006485,7005966
1,1,4230815,510360,2,20200806,142524580,1.586000,170800,270888.800000,-,-,B,7007454,7005966
1,1,4249971,510360,2,20200806,142633090,1.587000,200,317.400000,-,-,B,7034460,7017794
1,1,4258882,510360,2,20200806,142707630,1.587000,200000,317400.000000,-,-,B,7047920,7029489
1,1,4258922,510360,2,20200806,142707960,1.587000,155900,247413.300000,-,-,B,7047988,7029489
1,1,4258923,510360,2,20200806,142707960,1.587000,44100,69986.700000,-,-,B,7047988,7041368
1,1,4259059,510360,2,20200806,142708650,1.587000,200000,317400.000000,-,-,B,7048252,7041368
1,1,4259195,510360,2,20200806,142708980,1.587000,95700,151875.900000,-,-,B,7048406,7041368
1,1,4262446,510360,2,20200806,142720470,1.587000,104300,165524.100000,-,-,S,7048406,7053039
1,1,4262447,510360,2,20200806,142720470,1.587000,95700,151875.900000,-,-,S,7048671,7053039
1,1,4262528,510360,2,20200806,142720730,1.587000,14500,23011.500000,-,-,B,7053155,7053039
1,1,4307181,510360,2,20200806,143027850,1.587000,369300,586079.100000,-,-,B,7125588,7110149
1,1,4307182,510360,2,20200806,143027850,1.587000,359600,570685.200000,-,-,B,7125588,7122421
1,1,4308910,510360,2,20200806,143035790,1.588000,500,794.000000,-,-,B,7128802,5097152
1,1,4308911,510360,2,20200806,143035790,1.588000,500,794.000000,-,-,B,7128802,7073549
1,1,4308912,510360,2,20200806,143035790,1.588000,62900,99885.200000,-,-,B,7128802,7111451
1,1,4309044,510360,2,20200806,143036360,1.586000,100,158.600000,-,-,S,7007454,7129064
1,1,4313153,510360,2,20200806,143051890,1.586000,700,1110.200000,-,-,S,7010616,7135530
1,1,4313154,510360,2,20200806,143051890,1.586000,1000,1586.000000,-,-,S,7102732,7135530
1,1,4313914,510360,2,20200806,143054900,1.585000,8400,13314.000000,-,-,S,7106460,7136821
1,1,4323044,510360,2,20200806,143123210,1.586000,200000,317200.000000,-,-,S,7143555,7148902
1,1,4323315,510360,2,20200806,143123750,1.586000,87800,139250.800000,-,-,B,7149168,7148902
1,1,4330249,510360,2,20200806,143137710,1.587000,200000,317400.000000,-,-,B,7155711,7134748
1,1,4330312,510360,2,20200806,143138050,1.587000,157800,250428.600000,-,-,B,7155820,7134748
1,1,4339279,510360,2,20200806,143155780,1.588000,200000,317600.000000,-,-,B,7165913,7163049
1,1,4339429,510360,2,20200806,143156220,1.588000,142900,226925.200000,-,-,B,7166155,7163049
1,1,4362585,510360,2,20200806,143305940,1.588000,8200,13021.600000,-,-,S,7166155,7200154
1,1,4364004,510360,2,20200806,143309740,1.589000,200000,317800.000000,-,-,B,7201908,7179208
1,1,4364405,510360,2,20200806,143310090,1.589000,26600,42267.400000,-,-,B,7202062,7179208
1,1,4364406,510360,2,20200806,143310090,1.589000,173400,275532.600000,-,-,B,7202062,7193216
1,1,4364576,510360,2,20200806,143310730,1.589000,151000,239939.000000,-,-,B,7202320,7193216
1,1,4379860,510360,2,20200806,143348710,1.590000,500,795.000000,-,-,B,7220537,5963440
1,1,4379861,510360,2,20200806,143348710,1.590000,199500,317205.000000,-,-,B,7220537,7206927
1,1,4380215,510360,2,20200806,143349290,1.590000,102700,163293.000000,-,-,B,7220841,7206927
1,1,4380889,510360,2,20200806,143350700,1.590000,96800,153912.000000,-,-,S,7220841,7221528
1,1,4380890,510360,2,20200806,143350700,1.590000,500,795.000000,-,-,S,7221062,7221528
1,1,4380965,510360,2,20200806,143350790,1.590000,102700,163293.000000,-,-,B,7221601,7221528
1,1,4381162,510360,2,20200806,143351190,1.590000,15500,24645.000000,-,-,B,7221865,7221528
1,1,4436951,510360,2,20200806,143633270,1.590000,700,1113.000000,-,-,S,7263669,7302443
1,1,4450606,510360,2,20200806,143709750,1.591000,2500,3977.500000,-,-,B,7321293,7102633
1,1,4452511,510360,2,20200806,143715600,1.591000,10000,15910.000000,-,-,S,7323758,7324137
1,1,4509847,510360,2,20200806,143956690,1.591000,8000,12728.000000,-,-,S,7389172,7412467
1,1,4509848,510360,2,20200806,143956690,1.591000,14200,22592.200000,-,-,S,7407941,7412467
1,1,4526402,510360,2,20200806,144044480,1.588000,6300,10004.400000,-,-,S,7395454,7438383
1,1,4535971,510360,2,20200806,144109190,1.590000,500,795.000000,-,-,S,7440294,7452517
1,1,4572091,510360,2,20200806,144259050,1.590000,18800,29892.000000,-,-,B,7510333,7508968
1,1,4575946,510360,2,20200806,144306340,1.588000,23000,36524.000000,-,-,S,7473035,7513929
1,1,4576942,510360,2,20200806,144308210,1.590000,10000,15900.000000,-,-,B,7514817,7508968
1,1,4591237,510360,2,20200806,144337730,1.590000,25000,39750.000000,-,-,B,7529613,7508968
1,1,4591265,510360,2,20200806,144337860,1.590000,25000,39750.000000,-,-,B,7529678,7508968
1,1,4592067,510360,2,20200806,144339780,1.590000,25000,39750.000000,-,-,B,7530671,7508968
1,1,4592085,510360,2,20200806,144339870,1.590000,24900,39591.000000,-,-,B,7530690,7508968
1,1,4592768,510360,2,20200806,144341470,1.590000,24900,39591.000000,-,-,B,7531541,7508968
1,1,4592797,510360,2,20200806,144341560,1.590000,25000,39750.000000,-,-,B,7531592,7508968
1,1,4593312,510360,2,20200806,144342990,1.590000,25000,39750.000000,-,-,B,7532317,7508968
1,1,4593429,510360,2,20200806,144343200,1.590000,25000,39750.000000,-,-,B,7532456,7508968
1,1,4593931,510360,2,20200806,144344710,1.590000,16800,26712.000000,-,-,B,7533254,7508968
1,1,4594535,510360,2,20200806,144346460,1.590000,16900,26871.000000,-,-,B,7534209,7508968
1,1,4595168,510360,2,20200806,144347910,1.590000,14600,23214.000000,-,-,B,7534932,7508968
1,1,4595717,510360,2,20200806,144348560,1.589000,25000,39725.000000,-,-,S,7521857,7535276
1,1,4596215,510360,2,20200806,144349550,1.590000,14700,23373.000000,-,-,B,7535817,7508968
1,1,4596672,510360,2,20200806,144350870,1.590000,72300,114957.000000,-,-,B,7536521,7508968
1,1,4596758,510360,2,20200806,144351170,1.592000,800,1273.600000,-,-,B,7536715,7505675
1,1,4604653,510360,2,20200806,144410010,1.594000,9900,15780.600000,-,-,B,7547431,7521856
1,1,4614397,510360,2,20200806,144438730,1.590000,50000,79500.000000,-,-,S,7536521,7563233
1,1,4643869,510360,2,20200806,144601330,1.589000,10000,15890.000000,-,-,S,7521857,7608524
1,1,4662202,510360,2,20200806,144653470,1.589000,20000,31780.000000,-,-,S,7629776,7635738
1,1,4668757,510360,2,20200806,144708100,1.589000,37600,59746.400000,-,-,S,7629776,7643242
1,1,4749894,510360,2,20200806,144946020,1.590000,20000,31800.000000,-,-,B,7749083,7735448
1,1,4749895,510360,2,20200806,144946020,1.590000,10000,15900.000000,-,-,B,7749083,7747453
1,1,4800574,510360,2,20200806,145108870,1.591000,18800,29910.800000,-,-,B,7817865,7792172
1,1,4815188,510360,2,20200806,145128050,1.591000,200000,318200.000000,-,-,B,7835140,7792172
1,1,4816344,510360,2,20200806,145128540,1.591000,200000,318200.000000,-,-,B,7835606,7792172
1,1,4817634,510360,2,20200806,145129990,1.591000,200000,318200.000000,-,-,B,7836971,7792172
1,1,4818209,510360,2,20200806,145130610,1.591000,119200,189647.200000,-,-,B,7837578,7792172
1,1,4880878,510360,2,20200806,145250060,1.592000,200,318.400000,-,-,S,7888564,7914179
1,1,4888982,510360,2,20200806,145301130,1.592000,199800,318081.600000,-,-,S,7888564,7924248
1,1,4888983,510360,2,20200806,145301130,1.592000,200,318.400000,-,-,S,7914612,7924248
1,1,4889411,510360,2,20200806,145301570,1.592000,200000,318400.000000,-,-,B,7924731,7924248
1,1,4890358,510360,2,20200806,145303000,1.592000,200000,318400.000000,-,-,B,7926127,7924248
1,1,4891435,510360,2,20200806,145304480,1.592000,200000,318400.000000,-,-,B,7927581,7924248
1,1,4892428,510360,2,20200806,145306070,1.592000,200000,318400.000000,-,-,B,7929127,7924248
1,1,4895583,510360,2,20200806,145310990,1.593000,18400,29311.200000,-,-,B,7934017,7556242
1,1,4908166,510360,2,20200806,145329010,1.594000,900,1434.600000,-,-,B,7951143,7903603
1,1,4945763,510360,2,20200806,145423860,1.594000,1600,2550.400000,-,-,B,8002610,7960235
1,1,4976198,510360,2,20200806,145508450,1.593000,100,159.300000,-,-,S,7959761,8044053
1,1,4989672,510360,2,20200806,145528600,1.591000,5000,7955.000000,-,-,S,7947322,8063559
1,1,5018334,510360,2,20200806,145613200,1.593000,600,955.800000,-,-,B,8104333,8044110
1,1,5018335,510360,2,20200806,145613200,1.593000,1400,2230.200000,-,-,B,8104333,8046190
1,1,5060118,510360,2,20200806,145957280,1.593000,200,318.600000,-,-,B,8234526,8046190
