Datetime,Price,Volume
2020-08-06 09:25:00.820,4.831,100
2020-08-06 09:25:00.820,4.831,300
2020-08-06 09:25:00.820,4.831,300
2020-08-06 09:25:00.820,4.831,8000
2020-08-06 09:25:00.820,4.831,42300
2020-08-06 09:25:00.820,4.831,100
2020-08-06 09:25:00.820,4.831,9900
2020-08-06 09:25:00.820,4.831,78100
2020-08-06 09:25:00.820,4.831,9900
2020-08-06 09:25:00.820,4.831,10000
2020-08-06 09:25:00.820,4.831,10000
2020-08-06 09:25:00.820,4.831,10000
2020-08-06 09:25:00.820,4.831,9600
2020-08-06 09:25:00.820,4.831,200
2020-08-06 09:25:00.820,4.831,2500
2020-08-06 09:25:00.820,4.831,20000
2020-08-06 09:25:00.820,4.831,800
2020-08-06 09:25:00.820,4.831,1100
2020-08-06 09:25:00.820,4.831,3200
2020-08-06 09:25:00.820,4.831,600
2020-08-06 09:25:00.820,4.831,600
2020-08-06 09:25:00.820,4.831,600
2020-08-06 09:25:00.820,4.831,600
2020-08-06 09:25:00.820,4.831,600
2020-08-06 09:25:00.820,4.831,600
2020-08-06 09:25:00.820,4.831,600
2020-08-06 09:25:00.820,4.831,500
2020-08-06 09:25:00.820,4.831,200
2020-08-06 09:25:00.820,4.831,400
2020-08-06 09:25:00.820,4.831,600
2020-08-06 09:25:00.820,4.831,600
2020-08-06 09:25:00.820,4.831,600
2020-08-06 09:25:00.820,4.831,600
2020-08-06 09:25:00.820,4.831,2000
2020-08-06 09:25:00.820,4.831,200
2020-08-06 09:25:00.820,4.831,6000
2020-08-06 09:25:00.820,4.831,4000
2020-08-06 09:25:00.820,4.831,12700
2020-08-06 09:25:00.820,4.831,2100
2020-08-06 09:25:00.820,4.831,5500
2020-08-06 09:25:00.820,4.831,600
2020-08-06 09:25:00.820,4.831,600
2020-08-06 09:25:00.820,4.831,600
2020-08-06 09:25:00.820,4.831,4600
2020-08-06 09:25:00.820,4.831,500
2020-08-06 09:25:00.820,4.831,35400
2020-08-06 09:25:00.820,4.831,20000
2020-08-06 09:25:00.820,4.831,600
2020-08-06 09:25:00.820,4.831,20000
2020-08-06 09:25:00.820,4.831,600
2020-08-06 09:25:00.820,4.831,600
2020-08-06 09:25:00.820,4.831,6000
2020-08-06 09:25:00.820,4.831,6800
2020-08-06 09:25:00.820,4.831,10000
2020-08-06 09:25:00.820,4.831,5600
2020-08-06 09:25:00.820,4.831,20000
2020-08-06 09:25:00.820,4.831,3000
2020-08-06 09:25:00.820,4.831,10000
2020-08-06 09:25:00.820,4.831,7000
2020-08-06 09:25:00.820,4.831,10000
2020-08-06 09:25:00.820,4.831,8300
2020-08-06 09:25:00.820,4.831,1000
2020-08-06 09:25:00.820,4.831,17100
2020-08-06 09:25:00.820,4.831,1200
2020-08-06 09:25:00.820,4.831,4900
2020-08-06 09:25:00.820,4.831,20000
2020-08-06 09:25:00.820,4.831,600
2020-08-06 09:25:00.820,4.831,13300
2020-08-06 09:25:00.820,4.831,6800
2020-08-06 09:25:00.820,4.831,2400
2020-08-06 09:25:00.820,4.831,7600
2020-08-06 09:25:00.820,4.831,5000
2020-08-06 09:25:00.820,4.831,23400
2020-08-06 09:25:00.820,4.831,4700
2020-08-06 09:25:00.820,4.831,9000
2020-08-06 09:25:00.820,4.831,600
2020-08-06 09:25:00.820,4.831,100
2020-08-06 09:25:00.820,4.831,500
2020-08-06 09:25:00.820,4.831,2100
2020-08-06 09:25:00.820,4.831,3500
2020-08-06 09:25:00.820,4.831,500
2020-08-06 09:25:00.820,4.831,4000
2020-08-06 09:25:00.820,4.831,600
2020-08-06 09:25:00.820,4.831,21400
2020-08-06 09:25:00.820,4.831,15700
2020-08-06 09:25:00.820,4.831,9700
2020-08-06 09:25:00.820,4.831,500
2020-08-06 09:25:00.820,4.831,1900
2020-08-06 09:25:00.820,4.831,1000
2020-08-06 09:25:00.820,4.831,1000
2020-08-06 09:25:00.820,4.831,1000
2020-08-06 09:25:00.820,4.831,500
2020-08-06 09:25:00.820,4.831,500
2020-08-06 09:25:00.820,4.831,100
2020-08-06 09:25:00.820,4.831,400
2020-08-06 09:25:00.820,4.831,30300
2020-08-06 09:25:00.820,4.831,50000
2020-08-06 09:25:00.820,4.831,23700
2020-08-06 09:25:00.820,4.831,33800
2020-08-06 09:25:00.820,4.831,100
2020-08-06 09:25:00.820,4.831,100
2020-08-06 09:25:00.820,4.831,2100
2020-08-06 09:25:00.820,4.831,100
2020-08-06 09:25:00.820,4.831,700
2020-08-06 09:25:00.820,4.831,1300
2020-08-06 09:25:00.820,4.831,600
2020-08-06 09:25:00.820,4.831,1000
2020-08-06 09:25:00.820,4.831,400
2020-08-06 09:25:00.820,4.831,400
2020-08-06 09:25:00.820,4.831,100
2020-08-06 09:25:00.820,4.831,200
2020-08-06 09:25:00.820,4.831,300
2020-08-06 09:25:00.820,4.831,100
2020-08-06 09:25:00.820,4.831,500
2020-08-06 09:25:00.820,4.831,500
2020-08-06 09:25:00.820,4.831,400
2020-08-06 09:25:00.820,4.831,100
2020-08-06 09:25:00.820,4.831,100
2020-08-06 09:25:00.820,4.831,300
2020-08-06 09:25:00.820,4.831,200
2020-08-06 09:25:00.820,4.831,500
2020-08-06 09:25:00.820,4.831,1000
2020-08-06 09:25:00.820,4.831,4000
2020-08-06 09:25:00.820,4.831,2800
2020-08-06 09:25:00.820,4.831,2000
2020-08-06 09:25:00.820,4.831,10000
2020-08-06 09:25:00.820,4.831,3000
2020-08-06 09:25:00.820,4.831,1600
2020-08-06 09:25:00.820,4.831,3500
2020-08-06 09:25:00.820,4.831,5000
2020-08-06 09:25:00.820,4.831,33900
2020-08-06 09:25:00.820,4.831,3000
2020-08-06 09:25:00.820,4.831,4000
2020-08-06 09:25:00.820,4.831,2000
2020-08-06 09:25:00.820,4.831,1100
2020-08-06 09:25:00.820,4.831,1000
2020-08-06 09:25:00.820,4.831,1000
2020-08-06 09:25:00.820,4.831,4400
2020-08-06 09:25:00.820,4.831,22000
2020-08-06 09:25:00.820,4.831,3000
2020-08-06 09:25:00.820,4.831,20000
2020-08-06 09:25:00.820,4.831,600
2020-08-06 09:25:00.820,4.831,1500
2020-08-06 09:25:00.820,4.831,9000
2020-08-06 09:25:00.820,4.831,93000
2020-08-06 09:25:00.820,4.831,6000
2020-08-06 09:25:00.820,4.831,7000
2020-08-06 09:25:00.820,4.831,7000
2020-08-06 09:25:00.820,4.831,200
2020-08-06 09:25:00.820,4.831,8400
2020-08-06 09:25:00.820,4.831,4200
2020-08-06 09:25:00.820,4.831,300
2020-08-06 09:25:00.820,4.831,600
2020-08-06 09:25:00.820,4.831,200
2020-08-06 09:25:00.820,4.831,100
2020-08-06 09:25:00.820,4.831,1300
2020-08-06 09:25:00.820,4.831,1000
2020-08-06 09:25:00.820,4.831,100
2020-08-06 09:25:00.820,4.831,1500
2020-08-06 09:25:00.820,4.831,700
2020-08-06 09:25:00.820,4.831,300
2020-08-06 09:25:00.820,4.831,200
2020-08-06 09:25:00.820,4.831,1000
2020-08-06 09:25:00.820,4.831,400
2020-08-06 09:25:00.820,4.831,100
2020-08-06 09:25:00.820,4.831,1000
2020-08-06 09:25:00.820,4.831,1900
2020-08-06 09:25:00.820,4.831,25000
2020-08-06 09:25:00.820,4.831,4100
2020-08-06 09:25:00.820,4.831,5900
2020-08-06 09:25:00.820,4.831,10000
2020-08-06 09:25:00.820,4.831,14600
2020-08-06 09:25:00.820,4.831,200
2020-08-06 09:25:00.820,4.831,100
2020-08-06 09:25:00.820,4.831,100
2020-08-06 09:25:00.820,4.831,100
2020-08-06 09:25:00.820,4.831,300
2020-08-06 09:25:00.820,4.831,100
2020-08-06 09:25:00.820,4.831,200
2020-08-06 09:25:00.820,4.831,300
2020-08-06 09:25:00.820,4.831,100
2020-08-06 09:25:00.820,4.831,19000
2020-08-06 09:25:00.820,4.831,500
2020-08-06 09:25:00.820,4.831,100
2020-08-06 09:25:00.820,4.831,100
2020-08-06 09:25:00.820,4.831,100
2020-08-06 09:25:00.820,4.831,200
2020-08-06 09:25:00.820,4.831,100
2020-08-06 09:25:00.820,4.831,100
2020-08-06 09:25:00.820,4.831,200
2020-08-06 09:25:00.820,4.831,300
2020-08-06 09:25:00.820,4.831,1300
2020-08-06 09:25:00.820,4.831,100
2020-08-06 09:25:00.820,4.831,800
2020-08-06 09:25:00.820,4.831,500
2020-08-06 09:25:00.820,4.831,100
2020-08-06 09:25:00.820,4.831,1000
2020-08-06 09:25:00.820,4.831,100
2020-08-06 09:25:00.820,4.831,100
2020-08-06 09:25:00.820,4.831,100
2020-08-06 09:25:00.820,4.831,100
2020-08-06 09:25:00.820,4.831,400
2020-08-06 09:25:00.820,4.831,100
2020-08-06 09:25:00.820,4.831,100
2020-08-06 09:25:00.820,4.831,1000
2020-08-06 09:25:00.820,4.831,100
2020-08-06 09:25:00.820,4.831,100
2020-08-06 09:25:00.820,4.831,100
2020-08-06 09:25:00.820,4.831,100
2020-08-06 09:25:00.820,4.831,300
2020-08-06 09:25:00.820,4.831,700
2020-08-06 09:25:00.820,4.831,1400
2020-08-06 09:25:00.820,4.831,1000
2020-08-06 09:25:00.820,4.831,200
2020-08-06 09:25:00.820,4.831,100
2020-08-06 09:25:00.820,4.831,900
2020-08-06 09:25:00.820,4.831,100
2020-08-06 09:25:00.820,4.831,100
2020-08-06 09:25:00.820,4.831,1000
2020-08-06 09:25:00.820,4.831,100
2020-08-06 09:25:00.820,4.831,1000
2020-08-06 09:25:00.820,4.831,1000
2020-08-06 09:25:00.820,4.831,100
2020-08-06 09:25:00.820,4.831,500
2020-08-06 09:25:00.820,4.831,500
2020-08-06 09:25:00.820,4.831,300
2020-08-06 09:25:00.820,4.831,100
2020-08-06 09:25:00.820,4.831,100
2020-08-06 09:25:00.820,4.831,100
2020-08-06 09:25:00.820,4.831,100
2020-08-06 09:25:00.820,4.831,100
2020-08-06 09:25:00.820,4.831,1000
2020-08-06 09:25:00.820,4.831,100
2020-08-06 09:25:00.820,4.831,300
2020-08-06 09:25:00.820,4.831,100
2020-08-06 09:25:00.820,4.831,100
2020-08-06 09:25:00.820,4.831,200
2020-08-06 09:25:00.820,4.831,100
2020-08-06 09:25:00.820,4.831,200
2020-08-06 09:25:00.820,4.831,100
2020-08-06 09:25:00.820,4.831,5400
2020-08-06 09:25:00.820,4.831,200
2020-08-06 09:25:00.820,4.831,100
2020-08-06 09:25:00.820,4.831,1000
2020-08-06 09:25:00.820,4.831,100
2020-08-06 09:25:00.820,4.831,200
2020-08-06 09:25:00.820,4.831,1000
2020-08-06 09:25:00.820,4.831,200
2020-08-06 09:25:00.820,4.831,200
2020-08-06 09:25:00.820,4.831,400
2020-08-06 09:25:00.820,4.831,300
2020-08-06 09:25:00.820,4.831,100
2020-08-06 09:25:00.820,4.831,300
2020-08-06 09:25:00.820,4.831,100
2020-08-06 09:25:00.820,4.831,1000
2020-08-06 09:25:00.820,4.831,1000
2020-08-06 09:25:00.820,4.831,100
2020-08-06 09:25:00.820,4.831,100
2020-08-06 09:25:00.820,4.831,200
2020-08-06 09:25:00.820,4.831,100
2020-08-06 09:25:00.820,4.831,100
2020-08-06 09:25:00.820,4.831,100
2020-08-06 09:25:00.820,4.831,100
2020-08-06 09:25:00.820,4.831,100
2020-08-06 09:25:00.820,4.831,100
2020-08-06 09:25:00.820,4.831,100
2020-08-06 09:25:00.820,4.831,100
2020-08-06 09:25:00.820,4.831,100
2020-08-06 09:25:00.820,4.831,800
2020-08-06 09:25:00.820,4.831,11900
2020-08-06 09:25:00.820,4.831,100
2020-08-06 09:25:00.820,4.831,100
2020-08-06 09:25:00.820,4.831,5400
2020-08-06 09:25:00.820,4.831,100
2020-08-06 09:25:00.820,4.831,100
2020-08-06 09:25:00.820,4.831,100
2020-08-06 09:25:00.820,4.831,200
2020-08-06 09:25:00.820,4.831,100
2020-08-06 09:25:00.820,4.831,100
2020-08-06 09:25:00.820,4.831,2000
2020-08-06 09:25:00.820,4.831,500
2020-08-06 09:25:00.820,4.831,3900
2020-08-06 09:25:00.820,4.831,97200
2020-08-06 09:25:00.820,4.831,12500
2020-08-06 09:25:00.820,4.831,35000
2020-08-06 09:25:00.820,4.831,600
2020-08-06 09:25:00.820,4.831,2100
2020-08-06 09:25:00.820,4.831,1000
2020-08-06 09:25:00.820,4.831,200
2020-08-06 09:25:00.820,4.831,600
2020-08-06 09:25:00.820,4.831,4000
2020-08-06 09:25:00.820,4.831,1000
2020-08-06 09:25:00.820,4.831,100
2020-08-06 09:25:00.820,4.831,35400
2020-08-06 09:25:00.820,4.831,10300
2020-08-06 09:25:00.820,4.831,35200
2020-08-06 09:25:00.820,4.831,14500
2020-08-06 09:25:00.820,4.831,300
2020-08-06 09:25:00.820,4.831,300
2020-08-06 09:25:00.820,4.831,34900
2020-08-06 09:25:00.820,4.831,100
2020-08-06 09:25:00.820,4.831,20000
2020-08-06 09:25:00.820,4.831,200
2020-08-06 09:25:00.820,4.831,5000
2020-08-06 09:25:00.820,4.831,4500
2020-08-06 09:25:00.820,4.831,100
2020-08-06 09:25:00.820,4.831,1000
2020-08-06 09:25:00.820,4.831,134200
2020-08-06 09:25:00.820,4.831,1000
2020-08-06 09:25:00.820,4.831,3000
2020-08-06 09:25:00.820,4.831,3000
2020-08-06 09:25:00.820,4.831,100
2020-08-06 09:25:00.820,4.831,1000
2020-08-06 09:25:00.820,4.831,7700
2020-08-06 09:25:00.820,4.831,10500
2020-08-06 09:25:00.820,4.831,10000
2020-08-06 09:25:00.820,4.831,3000
2020-08-06 09:25:00.820,4.831,300
2020-08-06 09:25:00.820,4.831,10000
2020-08-06 09:25:00.820,4.831,300
2020-08-06 09:30:00.060,4.831,8200
2020-08-06 09:30:00.060,4.831,100
2020-08-06 09:30:00.060,4.831,20000
2020-08-06 09:30:00.060,4.831,5700
2020-08-06 09:30:00.060,4.831,13600
2020-08-06 09:30:00.060,4.831,300
2020-08-06 09:30:00.060,4.831,4500
2020-08-06 09:30:00.060,4.831,2000
2020-08-06 09:30:00.060,4.831,1500
2020-08-06 09:30:00.060,4.831,3700
2020-08-06 09:30:00.060,4.831,1000
2020-08-06 09:30:00.060,4.831,3400
2020-08-06 09:30:00.060,4.831,600
2020-08-06 09:30:00.060,4.831,3900
2020-08-06 09:30:00.060,4.831,300
2020-08-06 09:30:00.060,4.831,7900
2020-08-06 09:30:00.060,4.831,100
2020-08-06 09:30:00.060,4.831,21900
2020-08-06 09:30:00.060,4.832,28000
2020-08-06 09:30:00.060,4.832,25000
2020-08-06 09:30:00.060,4.832,15400
2020-08-06 09:30:00.060,4.832,300
2020-08-06 09:30:00.060,4.832,1300
2020-08-06 09:30:00.060,4.832,100
2020-08-06 09:30:00.060,4.832,5000
2020-08-06 09:30:00.060,4.833,1000
2020-08-06 09:30:00.060,4.833,100
2020-08-06 09:30:00.210,4.833,7400
2020-08-06 09:30:00.230,4.833,43100
2020-08-06 09:30:00.380,4.833,9000
2020-08-06 09:30:00.380,4.833,9000
2020-08-06 09:30:00.460,4.833,4000
2020-08-06 09:30:00.460,4.834,3000
2020-08-06 09:30:00.460,4.834,2000
2020-08-06 09:30:00.460,4.833,5000
2020-08-06 09:30:00.580,4.833,10400
2020-08-06 09:30:00.690,4.833,7000
2020-08-06 09:30:00.810,4.833,900
2020-08-06 09:30:00.920,4.833,20000
2020-08-06 09:30:00.920,4.833,4000
2020-08-06 09:30:00.920,4.834,100
2020-08-06 09:30:01.170,4.833,5000
2020-08-06 09:30:01.170,4.833,300
2020-08-06 09:30:01.170,4.833,4700
2020-08-06 09:30:01.290,4.833,4000
2020-08-06 09:30:01.410,4.833,35000
2020-08-06 09:30:01.530,4.833,15700
2020-08-06 09:30:01.650,4.833,200
2020-08-06 09:30:01.650,4.833,500
2020-08-06 09:30:01.760,4.834,28900
2020-08-06 09:30:01.760,4.834,600
2020-08-06 09:30:01.760,4.834,4200
2020-08-06 09:30:01.760,4.834,2000
2020-08-06 09:30:01.760,4.834,5000
2020-08-06 09:30:01.880,4.834,210500
2020-08-06 09:30:01.880,4.834,20600
2020-08-06 09:30:01.990,4.834,1000
2020-08-06 09:30:01.990,4.834,27200
2020-08-06 09:30:01.990,4.833,2800
2020-08-06 09:30:02.110,4.833,100
2020-08-06 09:30:02.110,4.835,10000
2020-08-06 09:30:02.110,4.835,200
2020-08-06 09:30:02.110,4.835,250000
2020-08-06 09:30:02.110,4.835,200
2020-08-06 09:30:02.110,4.835,100
2020-08-06 09:30:02.110,4.835,300
2020-08-06 09:30:02.110,4.835,300
2020-08-06 09:30:02.110,4.835,400
2020-08-06 09:30:02.110,4.835,38500
2020-08-06 09:30:02.360,4.833,200
2020-08-06 09:30:02.360,4.833,15000
2020-08-06 09:30:02.470,4.834,10000
2020-08-06 09:30:02.600,4.834,29500
2020-08-06 09:30:02.600,4.834,2500
2020-08-06 09:30:02.830,4.835,47300
2020-08-06 09:30:02.830,4.835,11000
2020-08-06 09:30:02.830,4.836,1600
2020-08-06 09:30:02.830,4.836,3000
2020-08-06 09:30:02.830,4.836,100
2020-08-06 09:30:02.830,4.836,52900
2020-08-06 09:30:02.830,4.836,2000
2020-08-06 09:30:02.830,4.836,7000
2020-08-06 09:30:02.830,4.837,1100
2020-08-06 09:30:02.830,4.837,600
2020-08-06 09:30:02.830,4.837,5900
2020-08-06 09:30:02.830,4.838,2000
2020-08-06 09:30:02.830,4.838,1000
2020-08-06 09:30:02.830,4.838,2000
2020-08-06 09:30:02.830,4.838,4000
2020-08-06 09:30:02.830,4.839,500
2020-08-06 09:30:02.830,4.839,900
2020-08-06 09:30:02.830,4.839,1500
2020-08-06 09:30:02.830,4.839,1500
2020-08-06 09:30:02.830,4.839,5000
2020-08-06 09:30:02.830,4.839,10000
2020-08-06 09:30:02.830,4.839,51000
2020-08-06 09:30:02.830,4.839,2000
2020-08-06 09:30:02.830,4.84,800
2020-08-06 09:30:02.830,4.84,3000
2020-08-06 09:30:02.830,4.84,10000
2020-08-06 09:30:02.830,4.84,7600
2020-08-06 09:30:02.830,4.84,500
2020-08-06 09:30:02.830,4.84,10000
2020-08-06 09:30:02.830,4.84,4000
2020-08-06 09:30:02.830,4.84,11000
2020-08-06 09:30:02.830,4.84,200
2020-08-06 09:30:02.830,4.84,15000
2020-08-06 09:30:02.830,4.84,2500
2020-08-06 09:30:02.830,4.84,2000
2020-08-06 09:30:02.830,4.84,600
2020-08-06 09:30:02.830,4.84,11100
2020-08-06 09:30:02.830,4.84,500
2020-08-06 09:30:02.830,4.84,500
2020-08-06 09:30:02.830,4.84,5300
2020-08-06 09:30:02.830,4.84,1500
2020-08-06 09:30:03.080,4.834,5000
2020-08-06 09:30:03.190,4.834,5000
2020-08-06 09:30:03.190,4.834,2000
2020-08-06 09:30:03.190,4.835,1600
2020-08-06 09:30:03.380,4.835,900
2020-08-06 09:30:03.380,4.835,3000
2020-08-06 09:30:03.380,4.835,5000
2020-08-06 09:30:03.450,4.835,18500
2020-08-06 09:30:03.570,4.835,2100
2020-08-06 09:30:03.680,4.835,10000
2020-08-06 09:30:03.680,4.835,1900
2020-08-06 09:30:03.680,4.835,2200
2020-08-06 09:30:03.680,4.835,30100
2020-08-06 09:30:03.680,4.835,20000
2020-08-06 09:30:03.810,4.835,4900
2020-08-06 09:30:03.810,4.835,1000
2020-08-06 09:30:03.810,4.835,100
2020-08-06 09:30:04.050,4.835,24500
2020-08-06 09:30:04.170,4.835,3700
2020-08-06 09:30:04.290,4.835,5000
2020-08-06 09:30:04.480,4.835,2000
2020-08-06 09:30:04.480,4.835,5000
2020-08-06 09:30:04.670,4.835,10500
2020-08-06 09:30:04.670,4.837,1000
2020-08-06 09:30:04.670,4.838,5000
2020-08-06 09:30:04.670,4.838,5000
2020-08-06 09:30:04.670,4.839,5400
2020-08-06 09:30:04.670,4.84,198500
2020-08-06 09:30:04.670,4.84,10000
2020-08-06 09:30:04.670,4.84,51000
2020-08-06 09:30:04.670,4.84,5000
2020-08-06 09:30:04.790,4.84,2000
2020-08-06 09:30:04.790,4.84,2000
2020-08-06 09:30:04.910,4.84,1000
2020-08-06 09:30:04.910,4.84,14100
2020-08-06 09:30:05.040,4.835,1000
2020-08-06 09:30:05.310,4.835,10600
2020-08-06 09:30:05.310,4.835,1900
2020-08-06 09:30:05.310,4.835,600
2020-08-06 09:30:05.310,4.835,100
2020-08-06 09:30:05.310,4.835,21100
2020-08-06 09:30:05.680,4.835,1000
2020-08-06 09:30:05.680,4.835,10600
2020-08-06 09:30:05.800,4.835,400
2020-08-06 09:30:05.920,4.84,3000
2020-08-06 09:30:06.040,4.835,100
2020-08-06 09:30:06.150,4.835,10000
2020-08-06 09:30:06.150,4.835,200
2020-08-06 09:30:06.270,4.835,1500
2020-08-06 09:30:06.690,4.835,5000
2020-08-06 09:30:06.910,4.835,200
2020-08-06 09:30:06.910,4.835,2100
2020-08-06 09:30:06.910,4.835,210500
2020-08-06 09:30:07.030,4.835,200
2020-08-06 09:30:07.400,4.835,1900
2020-08-06 09:30:07.890,4.836,600
2020-08-06 09:30:07.930,4.836,200
2020-08-06 09:30:08.660,4.836,300
2020-08-06 09:30:08.700,4.836,1200
2020-08-06 09:30:08.810,4.836,1200
2020-08-06 09:30:08.840,4.836,200
2020-08-06 09:30:08.840,4.835,200
2020-08-06 09:30:08.990,4.835,1200
2020-08-06 09:30:08.990,4.835,600
2020-08-06 09:30:09.100,4.835,1000
2020-08-06 09:30:09.420,4.835,6000
2020-08-06 09:30:09.560,4.835,15400
2020-08-06 09:30:10.170,4.836,1500
2020-08-06 09:30:10.170,4.838,9000
2020-08-06 09:30:10.170,4.838,100
2020-08-06 09:30:10.170,4.839,14400
2020-08-06 09:30:10.280,4.839,100
2020-08-06 09:30:10.450,4.835,7000
2020-08-06 09:30:10.630,4.835,700
2020-08-06 09:30:10.630,4.835,9100
2020-08-06 09:30:10.650,4.835,100
2020-08-06 09:30:10.860,4.835,3100
2020-08-06 09:30:11.220,4.835,1400
2020-08-06 09:30:11.320,4.835,1400
2020-08-06 09:30:11.460,4.835,15000
2020-08-06 09:30:11.690,4.835,5000
2020-08-06 09:30:11.870,4.835,4300
2020-08-06 09:30:12.440,4.835,6600
2020-08-06 09:30:12.470,4.835,300
2020-08-06 09:30:12.470,4.835,1700
2020-08-06 09:30:13.270,4.835,1000
2020-08-06 09:30:13.300,4.835,5000
2020-08-06 09:30:13.620,4.835,700
2020-08-06 09:30:13.830,4.835,2100
2020-08-06 09:30:14.120,4.835,100
2020-08-06 09:30:14.420,4.836,100
2020-08-06 09:30:14.700,4.836,400
2020-08-06 09:30:15.280,4.835,11900
2020-08-06 09:30:15.890,4.835,600
2020-08-06 09:30:16.140,4.835,1000
2020-08-06 09:30:17.600,4.836,500
2020-08-06 09:30:19.230,4.836,10000
2020-08-06 09:30:19.300,4.836,3500
2020-08-06 09:30:19.300,4.836,6500
2020-08-06 09:30:19.720,4.836,3500
2020-08-06 09:30:19.720,4.835,600
2020-08-06 09:30:20.310,4.835,300
2020-08-06 09:30:20.960,4.835,500
2020-08-06 09:30:21.090,4.835,3000
2020-08-06 09:30:21.190,4.837,1000
2020-08-06 09:30:21.250,4.837,1500
2020-08-06 09:30:21.250,4.837,1800
2020-08-06 09:30:21.250,4.837,4000
2020-08-06 09:30:21.250,4.838,2200
2020-08-06 09:30:21.740,4.838,700
2020-08-06 09:30:21.860,4.838,800
2020-08-06 09:30:21.950,4.838,700
2020-08-06 09:30:22.100,4.838,1900
2020-08-06 09:30:22.660,4.838,300
2020-08-06 09:30:22.900,4.838,9500
2020-08-06 09:30:23.760,4.838,14900
2020-08-06 09:30:24.270,4.838,65600
2020-08-06 09:30:24.590,4.838,22000
2020-08-06 09:30:25.390,4.836,2000
2020-08-06 09:30:25.390,4.836,1000
2020-08-06 09:30:26.220,4.837,500
2020-08-06 09:30:26.330,4.836,5000
2020-08-06 09:30:26.390,4.837,500
2020-08-06 09:30:27.020,4.838,1000
2020-08-06 09:30:27.020,4.838,3519
2020-08-06 09:30:27.020,4.839,10000
2020-08-06 09:30:27.020,4.839,285481
2020-08-06 09:30:28.050,4.837,200
2020-08-06 09:30:28.120,4.837,1000
2020-08-06 09:30:28.960,4.839,135619
2020-08-06 09:30:28.960,4.839,400
2020-08-06 09:30:28.960,4.839,2000
2020-08-06 09:30:28.960,4.839,2300
2020-08-06 09:30:28.960,4.839,1400
2020-08-06 09:30:29.820,4.838,4100
2020-08-06 09:30:30.440,4.838,1000
2020-08-06 09:30:30.900,4.838,5000
2020-08-06 09:30:31.420,4.838,8000
2020-08-06 09:30:31.600,4.838,5500
2020-08-06 09:30:32.700,4.84,982900
2020-08-06 09:30:32.700,4.84,100
2020-08-06 09:30:32.700,4.84,100
2020-08-06 09:30:32.700,4.84,16900
2020-08-06 09:30:33.180,4.839,5000
2020-08-06 09:30:33.360,4.839,5000
2020-08-06 09:30:33.430,4.839,100
2020-08-06 09:30:33.720,4.839,32200
2020-08-06 09:30:34.160,4.837,200
2020-08-06 09:30:34.830,4.838,40000
2020-08-06 09:30:34.920,4.838,4000
2020-08-06 09:30:35.010,4.838,2000
2020-08-06 09:30:35.160,4.838,20000
2020-08-06 09:30:37.870,4.837,3000
2020-08-06 09:30:39.430,4.839,500
2020-08-06 09:30:39.430,4.839,4500
2020-08-06 09:30:39.910,4.838,300
2020-08-06 09:30:41.690,4.839,2700
2020-08-06 09:30:42.200,4.838,1300
2020-08-06 09:30:42.200,4.838,400
2020-08-06 09:30:43.700,4.838,100
2020-08-06 09:30:44.320,4.837,100
2020-08-06 09:30:44.320,4.837,3900
2020-08-06 09:30:45.080,4.838,1800
2020-08-06 09:30:45.080,4.839,200
2020-08-06 09:30:45.110,4.837,17300
2020-08-06 09:30:45.300,4.837,2000
2020-08-06 09:30:46.420,4.837,2000
2020-08-06 09:30:46.900,4.836,500
2020-08-06 09:30:46.900,4.835,1100
2020-08-06 09:30:47.330,4.837,2400
2020-08-06 09:30:47.460,4.837,100
2020-08-06 09:30:47.950,4.835,33000
2020-08-06 09:30:48.370,4.835,100
2020-08-06 09:30:49.500,4.835,150100
2020-08-06 09:30:49.940,4.836,500
2020-08-06 09:30:50.240,4.835,125800
2020-08-06 09:30:51.470,4.836,1000
2020-08-06 09:30:51.920,4.835,24200
2020-08-06 09:30:53.400,4.835,237200
2020-08-06 09:30:53.400,4.835,10000
2020-08-06 09:30:53.400,4.835,1000
2020-08-06 09:30:53.400,4.835,5100
2020-08-06 09:30:53.400,4.835,2000
2020-08-06 09:30:53.400,4.835,3600
2020-08-06 09:30:53.400,4.835,100
2020-08-06 09:30:53.400,4.834,41000
2020-08-06 09:30:53.950,4.836,100
2020-08-06 09:30:54.300,4.836,900
2020-08-06 09:30:54.300,4.836,10600
2020-08-06 09:30:54.300,4.834,2000
2020-08-06 09:30:55.420,4.835,100
2020-08-06 09:30:56.620,4.834,2300
2020-08-06 09:30:56.900,4.834,700
2020-08-06 09:30:56.900,4.834,9300
2020-08-06 09:30:57.030,4.835,100
2020-08-06 09:30:57.030,4.835,500
2020-08-06 09:30:57.030,4.835,31400
2020-08-06 09:30:57.400,4.834,2500
2020-08-06 09:30:58.280,4.835,2800
2020-08-06 09:31:00.530,4.835,200
2020-08-06 09:31:01.400,4.834,100
2020-08-06 09:31:01.800,4.834,2300
2020-08-06 09:31:01.800,4.834,2300
2020-08-06 09:31:01.800,4.834,2100
2020-08-06 09:31:01.800,4.834,2300
2020-08-06 09:31:01.800,4.835,2300
2020-08-06 09:31:01.830,4.834,29100
2020-08-06 09:31:01.830,4.834,30000
2020-08-06 09:31:02.380,4.834,10000
2020-08-06 09:31:03.430,4.834,12100
2020-08-06 09:31:03.800,4.834,100
2020-08-06 09:31:05.750,4.833,900
2020-08-06 09:31:07.060,4.833,100
2020-08-06 09:31:07.790,4.833,2100
2020-08-06 09:31:08.600,4.833,2400
2020-08-06 09:31:08.970,4.834,5000
2020-08-06 09:31:09.130,4.833,600
2020-08-06 09:31:09.410,4.833,3000
2020-08-06 09:31:10.870,4.833,5000
2020-08-06 09:31:10.990,4.834,315000
2020-08-06 09:31:11.020,4.833,1200
2020-08-06 09:31:11.210,4.833,9300
2020-08-06 09:31:11.390,4.834,90600
2020-08-06 09:31:11.970,4.833,43100
2020-08-06 09:31:12.100,4.833,4100
2020-08-06 09:31:12.100,4.833,2900
2020-08-06 09:31:12.320,4.833,5000
2020-08-06 09:31:12.380,4.834,400
2020-08-06 09:31:12.880,4.833,1500
2020-08-06 09:31:13.130,4.833,10000
2020-08-06 09:31:13.160,4.833,3000
2020-08-06 09:31:13.790,4.833,100
2020-08-06 09:31:14.090,4.833,10000
2020-08-06 09:31:14.120,4.833,2000
2020-08-06 09:31:14.150,4.833,1500
2020-08-06 09:31:14.770,4.834,200
2020-08-06 09:31:15.220,4.834,110700
2020-08-06 09:31:15.450,4.833,20000
2020-08-06 09:31:15.960,4.833,3000
2020-08-06 09:31:16.030,4.834,100
2020-08-06 09:31:16.190,4.834,2200
2020-08-06 09:31:16.450,4.833,10600
2020-08-06 09:31:16.480,4.834,101300
2020-08-06 09:31:16.480,4.834,2400
2020-08-06 09:31:16.480,4.834,3000
2020-08-06 09:31:16.480,4.834,28500
2020-08-06 09:31:16.480,4.834,2000
2020-08-06 09:31:16.480,4.834,1000
2020-08-06 09:31:16.480,4.834,17100
2020-08-06 09:31:16.480,4.834,100
2020-08-06 09:31:16.480,4.834,800
2020-08-06 09:31:16.970,4.834,200
2020-08-06 09:31:17.150,4.834,143600
2020-08-06 09:31:17.150,4.833,30400
2020-08-06 09:31:17.150,4.833,4000
2020-08-06 09:31:17.150,4.833,528800
2020-08-06 09:31:17.210,4.835,300
2020-08-06 09:31:17.210,4.835,800
2020-08-06 09:31:17.210,4.835,2000
2020-08-06 09:31:17.210,4.835,500
2020-08-06 09:31:17.210,4.835,4200
2020-08-06 09:31:17.210,4.835,94700
2020-08-06 09:31:17.210,4.835,10000
2020-08-06 09:31:17.720,4.835,600
2020-08-06 09:31:17.850,4.835,2100
2020-08-06 09:31:17.880,4.836,11100
2020-08-06 09:31:17.880,4.836,1000
2020-08-06 09:31:17.880,4.836,900
2020-08-06 09:31:17.880,4.836,2000
2020-08-06 09:31:17.880,4.836,5000
2020-08-06 09:31:17.880,4.836,200
2020-08-06 09:31:17.880,4.836,10000
2020-08-06 09:31:17.880,4.836,300
2020-08-06 09:31:17.880,4.836,2000
2020-08-06 09:31:17.880,4.836,1000
2020-08-06 09:31:17.880,4.836,50000
2020-08-06 09:31:18.130,4.835,2200
2020-08-06 09:31:18.130,4.835,2100
2020-08-06 09:31:18.130,4.835,2200
2020-08-06 09:31:18.130,4.835,1900
2020-08-06 09:31:18.870,4.835,100
2020-08-06 09:31:19.920,4.835,200
2020-08-06 09:31:20.670,4.837,600000
2020-08-06 09:31:20.870,4.837,47700
2020-08-06 09:31:21.260,4.835,17000
2020-08-06 09:31:21.810,4.835,500
2020-08-06 09:31:22.410,4.835,2000
2020-08-06 09:31:23.030,4.835,10100
2020-08-06 09:31:23.610,4.835,100
2020-08-06 09:31:23.890,4.835,7500
2020-08-06 09:31:23.890,4.835,7500
2020-08-06 09:31:24.750,4.835,29500
2020-08-06 09:31:25.250,4.835,8300
2020-08-06 09:31:25.280,4.837,35300
2020-08-06 09:31:25.280,4.837,10000
2020-08-06 09:31:25.280,4.837,15100
2020-08-06 09:31:25.280,4.837,10000
2020-08-06 09:31:25.280,4.837,300
2020-08-06 09:31:25.280,4.837,200
2020-08-06 09:31:25.280,4.837,1800
2020-08-06 09:31:25.280,4.837,49300
2020-08-06 09:31:25.910,4.837,47000
2020-08-06 09:31:26.140,4.838,5000
2020-08-06 09:31:26.140,4.838,10000
2020-08-06 09:31:26.140,4.839,3800
2020-08-06 09:31:26.140,4.839,1000
2020-08-06 09:31:26.140,4.839,15300
2020-08-06 09:31:26.140,4.839,3000
2020-08-06 09:31:26.140,4.839,50000
2020-08-06 09:31:26.140,4.839,200
2020-08-06 09:31:26.140,4.839,2000
2020-08-06 09:31:26.140,4.839,20600
2020-08-06 09:31:26.600,4.837,1900
2020-08-06 09:31:29.820,4.837,1000
2020-08-06 09:31:30.340,4.837,128100
2020-08-06 09:31:30.580,4.836,3000
2020-08-06 09:31:30.800,4.836,9100
2020-08-06 09:31:30.800,4.835,24300
2020-08-06 09:31:31.320,4.837,400
2020-08-06 09:31:31.320,4.837,100
2020-08-06 09:31:31.320,4.835,29600
2020-08-06 09:31:31.560,4.835,900
2020-08-06 09:31:31.850,4.835,1000
2020-08-06 09:31:32.210,4.837,600
2020-08-06 09:31:32.720,4.837,100
2020-08-06 09:31:32.790,4.835,7500
2020-08-06 09:31:33.750,4.835,1000
2020-08-06 09:31:34.700,4.837,300
2020-08-06 09:31:34.700,4.837,1800
2020-08-06 09:31:34.760,4.837,2000
2020-08-06 09:31:35.190,4.837,2000
2020-08-06 09:31:35.250,4.837,2000
2020-08-06 09:31:36.140,4.837,2600
2020-08-06 09:31:36.140,4.837,12700
2020-08-06 09:31:36.140,4.837,5000
2020-08-06 09:31:36.140,4.838,2000
2020-08-06 09:31:36.140,4.838,5000
2020-08-06 09:31:36.140,4.839,11600
2020-08-06 09:31:36.140,4.839,2200
2020-08-06 09:31:36.140,4.839,6600
2020-08-06 09:31:36.140,4.839,2300
2020-08-06 09:31:37.630,4.837,100
2020-08-06 09:31:37.630,4.837,2300
2020-08-06 09:31:37.630,4.837,2000
2020-08-06 09:31:37.630,4.838,200
2020-08-06 09:31:38.100,4.838,5000
2020-08-06 09:31:38.310,4.838,3100
2020-08-06 09:31:38.430,4.838,98300
2020-08-06 09:31:39.500,4.836,2000
2020-08-06 09:31:40.660,4.837,100
2020-08-06 09:31:42.010,4.836,200
2020-08-06 09:31:42.240,4.835,10000
2020-08-06 09:31:43.920,4.836,1800
2020-08-06 09:31:43.920,4.836,800
2020-08-06 09:31:43.920,4.836,500
2020-08-06 09:31:43.920,4.836,1800
2020-08-06 09:31:44.560,4.836,44800
2020-08-06 09:31:45.450,4.836,5000
2020-08-06 09:31:45.450,4.835,16400
2020-08-06 09:31:46.480,4.835,2900
2020-08-06 09:31:46.480,4.835,100
2020-08-06 09:31:46.480,4.835,2000
2020-08-06 09:31:46.480,4.835,5000
2020-08-06 09:31:46.550,4.834,33000
2020-08-06 09:31:46.550,4.834,2000
2020-08-06 09:31:46.550,4.832,5000
2020-08-06 09:31:46.550,4.832,5000
2020-08-06 09:31:46.550,4.832,10000
2020-08-06 09:31:46.550,4.832,30000
2020-08-06 09:31:46.550,4.832,15000
2020-08-06 09:31:46.700,4.835,3000
2020-08-06 09:31:47.870,4.835,5000
2020-08-06 09:31:48.530,4.832,5000
2020-08-06 09:31:48.530,4.832,600
2020-08-06 09:31:48.530,4.832,50000
2020-08-06 09:31:48.530,4.832,50000
2020-08-06 09:31:48.530,4.832,5000
2020-08-06 09:31:48.530,4.832,200
2020-08-06 09:31:48.530,4.832,39300
2020-08-06 09:31:48.530,4.834,10000
2020-08-06 09:31:48.800,4.834,10000
2020-08-06 09:31:48.830,4.834,8000
2020-08-06 09:31:51.250,4.832,10700
2020-08-06 09:31:51.450,4.834,200
2020-08-06 09:31:51.450,4.834,500
2020-08-06 09:31:52.610,4.831,10000
2020-08-06 09:31:52.610,4.831,100
2020-08-06 09:31:52.610,4.831,100
2020-08-06 09:31:52.610,4.831,100
2020-08-06 09:31:52.610,4.831,8500
2020-08-06 09:31:52.610,4.831,200
2020-08-06 09:31:52.610,4.831,10000
2020-08-06 09:31:52.610,4.831,1000
2020-08-06 09:31:52.610,4.831,1000
2020-08-06 09:31:52.610,4.831,200
2020-08-06 09:31:52.610,4.831,1100
2020-08-06 09:31:52.610,4.831,6000
2020-08-06 09:31:52.610,4.831,10000
2020-08-06 09:31:52.610,4.831,200
2020-08-06 09:31:52.610,4.831,100
2020-08-06 09:31:52.610,4.831,200
2020-08-06 09:31:52.610,4.831,10000
2020-08-06 09:31:52.610,4.831,14200
2020-08-06 09:31:52.610,4.831,500
2020-08-06 09:31:52.610,4.831,2000
2020-08-06 09:31:52.610,4.831,1000
2020-08-06 09:31:52.610,4.831,300
2020-08-06 09:31:52.610,4.831,3300
2020-08-06 09:31:52.610,4.831,700
2020-08-06 09:31:52.610,4.831,9000
2020-08-06 09:31:52.610,4.831,2000
2020-08-06 09:31:52.610,4.831,300
2020-08-06 09:31:52.610,4.831,500
2020-08-06 09:31:52.610,4.831,4400
2020-08-06 09:31:52.610,4.831,100
2020-08-06 09:31:52.610,4.831,1300
2020-08-06 09:31:52.610,4.831,1100
2020-08-06 09:31:52.610,4.831,100
2020-08-06 09:31:52.610,4.831,100
2020-08-06 09:31:52.610,4.831,2000
2020-08-06 09:31:52.610,4.831,5000
2020-08-06 09:31:52.610,4.831,4000
2020-08-06 09:31:52.610,4.831,100
2020-08-06 09:31:52.610,4.83,200
2020-08-06 09:31:52.610,4.83,100
2020-08-06 09:31:52.610,4.83,100
2020-08-06 09:31:52.610,4.83,10000
2020-08-06 09:31:52.610,4.83,100
2020-08-06 09:31:52.610,4.83,200
2020-08-06 09:31:52.610,4.83,5000
2020-08-06 09:31:52.610,4.83,500
2020-08-06 09:31:52.610,4.83,11000
2020-08-06 09:31:52.610,4.83,1000
2020-08-06 09:31:52.610,4.83,11100
2020-08-06 09:31:53.520,4.83,2200
2020-08-06 09:31:54.100,4.834,1900
2020-08-06 09:31:54.100,4.834,33400
2020-08-06 09:31:55.130,4.834,3000
2020-08-06 09:32:02.770,4.832,20200
2020-08-06 09:32:02.770,4.833,800
2020-08-06 09:32:02.770,4.834,1900
2020-08-06 09:32:02.770,4.835,1700
2020-08-06 09:32:03.160,4.831,5300
2020-08-06 09:32:03.290,4.831,1900
2020-08-06 09:32:04.580,4.832,700
2020-08-06 09:32:05.060,4.832,1500
2020-08-06 09:32:05.660,4.833,100
2020-08-06 09:32:06.200,4.832,200
2020-08-06 09:32:06.200,4.831,900
2020-08-06 09:32:06.880,4.831,1000
2020-08-06 09:32:07.980,4.831,3000
2020-08-06 09:32:07.980,4.831,100
2020-08-06 09:32:07.980,4.83,1700
2020-08-06 09:32:07.980,4.83,200
2020-08-06 09:32:07.980,4.83,1000
2020-08-06 09:32:07.980,4.83,12900
2020-08-06 09:32:08.930,4.831,3000
2020-08-06 09:32:09.550,4.831,1000
2020-08-06 09:32:09.670,4.832,2300
2020-08-06 09:32:09.670,4.832,1900
2020-08-06 09:32:09.670,4.832,1900
2020-08-06 09:32:09.670,4.832,2300
2020-08-06 09:32:09.670,4.832,5000
2020-08-06 09:32:09.670,4.832,1000
2020-08-06 09:32:09.670,4.833,5600
2020-08-06 09:32:10.950,4.83,5000
2020-08-06 09:32:11.450,4.833,15200
2020-08-06 09:32:12.670,4.83,5000
2020-08-06 09:32:13.970,4.831,700
2020-08-06 09:32:14.230,4.831,3600
2020-08-06 09:32:14.410,4.83,2500
2020-08-06 09:32:14.530,4.831,1000
2020-08-06 09:32:15.100,4.831,2000
2020-08-06 09:32:15.100,4.832,2200
2020-08-06 09:32:15.100,4.832,800
2020-08-06 09:32:16.680,4.831,10000
2020-08-06 09:32:16.730,4.833,4100
2020-08-06 09:32:16.760,4.831,1900
2020-08-06 09:32:16.840,4.833,200
2020-08-06 09:32:17.180,4.831,78100
2020-08-06 09:32:17.180,4.83,9000
2020-08-06 09:32:18.610,4.83,300
2020-08-06 09:32:19.160,4.83,5000
2020-08-06 09:32:21.200,4.83,18900
2020-08-06 09:32:22.790,4.831,15800
2020-08-06 09:32:22.790,4.831,400
2020-08-06 09:32:22.790,4.831,2200
2020-08-06 09:32:23.140,4.832,200
2020-08-06 09:32:23.170,4.832,100
2020-08-06 09:32:24.730,4.831,1600
2020-08-06 09:32:25.680,4.831,50000
2020-08-06 09:32:25.710,4.83,100
2020-08-06 09:32:25.830,4.83,900
2020-08-06 09:32:26.660,4.83,500
2020-08-06 09:32:27.280,4.83,800
2020-08-06 09:32:27.670,4.83,2500
2020-08-06 09:32:28.360,4.831,110900
2020-08-06 09:32:30.890,4.831,2600
2020-08-06 09:32:32.810,4.831,4100
2020-08-06 09:32:33.410,4.83,1300
2020-08-06 09:32:34.460,4.831,11700
2020-08-06 09:32:34.460,4.831,2000
2020-08-06 09:32:34.460,4.831,2200
2020-08-06 09:32:34.460,4.831,65000
2020-08-06 09:32:34.460,4.832,1000
2020-08-06 09:32:34.460,4.832,9000
2020-08-06 09:32:34.460,4.832,5500
2020-08-06 09:32:34.460,4.832,10000
2020-08-06 09:32:34.460,4.832,4500
2020-08-06 09:32:35.010,4.832,1000
2020-08-06 09:32:35.880,4.831,300
2020-08-06 09:32:35.880,4.831,15400
2020-08-06 09:32:36.100,4.831,2100
2020-08-06 09:32:36.100,4.831,2500
2020-08-06 09:32:36.100,4.83,8600
2020-08-06 09:32:36.190,4.832,5000
2020-08-06 09:32:37.720,4.83,2000
2020-08-06 09:32:37.780,4.831,2000
2020-08-06 09:32:37.780,4.831,300
2020-08-06 09:32:40.240,4.831,1000
2020-08-06 09:32:41.820,4.831,2100
2020-08-06 09:32:42.290,4.831,600
2020-08-06 09:32:42.960,4.831,2000
2020-08-06 09:32:44.940,4.832,100
2020-08-06 09:32:46.570,4.832,2500
2020-08-06 09:32:46.570,4.831,4000
2020-08-06 09:32:46.570,4.831,50000
2020-08-06 09:32:46.570,4.831,2100
2020-08-06 09:32:47.230,4.831,100
2020-08-06 09:32:48.530,4.83,200
2020-08-06 09:32:48.650,4.831,100
2020-08-06 09:32:48.940,4.83,124500
2020-08-06 09:32:48.940,4.83,500
2020-08-06 09:32:48.940,4.83,10000
2020-08-06 09:32:48.940,4.83,1000
2020-08-06 09:32:48.940,4.83,2100
2020-08-06 09:32:50.290,4.831,15600
2020-08-06 09:32:51.420,4.831,100
2020-08-06 09:32:52.450,4.83,2400
2020-08-06 09:32:52.450,4.83,2000
2020-08-06 09:32:53.600,4.83,2000
2020-08-06 09:32:53.600,4.83,2000
2020-08-06 09:32:53.600,4.83,1000
2020-08-06 09:32:53.600,4.83,2000
2020-08-06 09:32:54.340,4.829,300
2020-08-06 09:32:56.150,4.829,1200
2020-08-06 09:32:56.150,4.829,1200
2020-08-06 09:32:56.150,4.829,300
2020-08-06 09:32:56.150,4.829,1000
2020-08-06 09:32:56.150,4.829,200
2020-08-06 09:32:56.150,4.829,3000
2020-08-06 09:32:56.150,4.828,600
2020-08-06 09:32:56.150,4.828,300
2020-08-06 09:32:56.150,4.828,500
2020-08-06 09:32:56.150,4.828,2000
2020-08-06 09:32:56.150,4.828,20000
2020-08-06 09:32:56.150,4.828,50000
2020-08-06 09:32:56.150,4.828,10000
2020-08-06 09:32:56.150,4.828,1000
2020-08-06 09:32:56.150,4.828,5000
2020-08-06 09:32:56.150,4.827,100
2020-08-06 09:32:56.150,4.827,100
2020-08-06 09:32:56.150,4.827,53600
2020-08-06 09:32:56.710,4.83,6300
2020-08-06 09:32:57.340,4.83,3000
2020-08-06 09:32:58.220,4.829,100
2020-08-06 09:32:58.370,4.827,15000
2020-08-06 09:33:02.210,4.829,3200
2020-08-06 09:33:02.720,4.829,300
2020-08-06 09:33:02.990,4.828,200
2020-08-06 09:33:03.110,4.829,2000
2020-08-06 09:33:03.830,4.828,1200
2020-08-06 09:33:05.130,4.829,100
2020-08-06 09:33:07.430,4.828,2000
2020-08-06 09:33:07.670,4.828,200
2020-08-06 09:33:08.190,4.829,100
2020-08-06 09:33:08.550,4.828,8400
2020-08-06 09:33:08.550,4.827,31400
2020-08-06 09:33:08.550,4.827,50000
2020-08-06 09:33:08.550,4.827,100
2020-08-06 09:33:08.550,4.826,10100
2020-08-06 09:33:11.760,4.828,300
2020-08-06 09:33:11.760,4.829,300
2020-08-06 09:33:12.500,4.828,1000
2020-08-06 09:33:12.500,4.828,200
2020-08-06 09:33:13.880,4.828,100
2020-08-06 09:33:16.400,4.826,1400
2020-08-06 09:33:19.030,4.826,1500
2020-08-06 09:33:19.030,4.826,3800
2020-08-06 09:33:19.320,4.826,1100
2020-08-06 09:33:19.320,4.826,5100
2020-08-06 09:33:19.320,4.826,600
2020-08-06 09:33:19.320,4.826,3000
2020-08-06 09:33:19.320,4.826,20700
2020-08-06 09:33:19.320,4.826,1000
2020-08-06 09:33:19.320,4.825,200
2020-08-06 09:33:19.320,4.825,500
2020-08-06 09:33:19.320,4.825,2000
2020-08-06 09:33:19.320,4.825,1000
2020-08-06 09:33:19.320,4.825,300
2020-08-06 09:33:19.320,4.825,2000
2020-08-06 09:33:19.320,4.825,80000
2020-08-06 09:33:19.320,4.825,33700
2020-08-06 09:33:20.200,4.826,10000
2020-08-06 09:33:21.120,4.825,2300
2020-08-06 09:33:21.120,4.825,1800
2020-08-06 09:33:21.440,4.826,100
2020-08-06 09:33:21.830,4.826,200
2020-08-06 09:33:22.080,4.826,100
2020-08-06 09:33:24.600,4.825,3100
2020-08-06 09:33:24.950,4.826,7000
2020-08-06 09:33:25.800,4.825,9100
2020-08-06 09:33:25.800,4.824,200
2020-08-06 09:33:25.800,4.824,100
2020-08-06 09:33:25.800,4.824,5000
2020-08-06 09:33:25.800,4.823,1500
2020-08-06 09:33:25.800,4.823,300
2020-08-06 09:33:25.800,4.822,13800
2020-08-06 09:33:27.220,4.824,600
2020-08-06 09:33:27.610,4.825,2200
2020-08-06 09:33:27.610,4.825,300
2020-08-06 09:33:27.610,4.825,1200
2020-08-06 09:33:27.610,4.825,2000
2020-08-06 09:33:27.610,4.825,2000
2020-08-06 09:33:27.610,4.826,10800
2020-08-06 09:33:27.610,4.826,1500
2020-08-06 09:33:27.850,4.824,2000
2020-08-06 09:33:28.490,4.824,2000
2020-08-06 09:33:29.860,4.824,100
2020-08-06 09:33:30.630,4.825,300
2020-08-06 09:33:30.970,4.824,700
2020-08-06 09:33:31.210,4.824,5300
2020-08-06 09:33:31.210,4.825,1500
2020-08-06 09:33:31.210,4.825,1800
2020-08-06 09:33:31.210,4.825,2100
2020-08-06 09:33:31.210,4.825,2100
2020-08-06 09:33:31.210,4.825,10000
2020-08-06 09:33:31.210,4.825,500
2020-08-06 09:33:31.540,4.825,300
2020-08-06 09:33:32.130,4.825,2000
2020-08-06 09:33:32.260,4.825,700
2020-08-06 09:33:32.660,4.825,1500
2020-08-06 09:33:32.660,4.825,500
2020-08-06 09:33:32.660,4.825,2300
2020-08-06 09:33:32.660,4.825,3300
2020-08-06 09:33:32.790,4.824,100
2020-08-06 09:33:33.180,4.826,1100
2020-08-06 09:33:33.180,4.826,2100
2020-08-06 09:33:33.180,4.826,20100
2020-08-06 09:33:33.180,4.826,5000
2020-08-06 09:33:33.720,4.826,80000
2020-08-06 09:33:34.600,4.824,10200
2020-08-06 09:33:34.790,4.825,1000
2020-08-06 09:33:34.880,4.825,600
2020-08-06 09:33:35.060,4.824,2000
2020-08-06 09:33:35.060,4.823,5000
2020-08-06 09:33:35.740,4.825,2500
2020-08-06 09:33:36.730,4.823,200
2020-08-06 09:33:36.730,4.823,1000
2020-08-06 09:33:36.820,4.823,500
2020-08-06 09:33:37.240,4.825,2200
2020-08-06 09:33:37.240,4.826,17800
2020-08-06 09:33:37.820,4.826,2200
2020-08-06 09:33:38.510,4.826,500
2020-08-06 09:33:38.690,4.827,80000
2020-08-06 09:33:38.810,4.826,3200
2020-08-06 09:33:38.840,4.824,5000
2020-08-06 09:33:39.460,4.825,700
2020-08-06 09:33:39.690,4.826,1900
2020-08-06 09:33:40.480,4.828,300
2020-08-06 09:33:40.480,4.828,3900
2020-08-06 09:33:40.480,4.828,3300
2020-08-06 09:33:40.480,4.828,1000
2020-08-06 09:33:40.480,4.828,2000
2020-08-06 09:33:40.480,4.828,80000
2020-08-06 09:33:41.100,4.828,5000
2020-08-06 09:33:41.100,4.829,51300
2020-08-06 09:33:41.100,4.829,500
2020-08-06 09:33:41.100,4.829,800
2020-08-06 09:33:41.100,4.829,60000
2020-08-06 09:33:41.100,4.829,193100
2020-08-06 09:33:41.180,4.827,15000
2020-08-06 09:33:41.710,4.829,5000
2020-08-06 09:33:41.920,4.83,600
2020-08-06 09:33:41.920,4.83,6000
2020-08-06 09:33:41.920,4.83,300
2020-08-06 09:33:41.920,4.83,800
2020-08-06 09:33:41.920,4.83,2500
2020-08-06 09:33:41.920,4.83,2000
2020-08-06 09:33:41.920,4.83,100
2020-08-06 09:33:41.920,4.831,98600
2020-08-06 09:33:42.100,4.828,4600
2020-08-06 09:33:42.100,4.827,5400
2020-08-06 09:33:42.510,4.83,600
2020-08-06 09:33:42.750,4.831,229400
2020-08-06 09:33:42.750,4.831,2000
2020-08-06 09:33:42.750,4.831,1100
2020-08-06 09:33:42.750,4.831,5000
2020-08-06 09:33:42.750,4.831,3300
2020-08-06 09:33:42.750,4.831,10000
2020-08-06 09:33:42.750,4.831,2000
2020-08-06 09:33:42.750,4.831,9700
2020-08-06 09:33:43.070,4.83,8400
2020-08-06 09:33:43.480,4.83,3300
2020-08-06 09:33:43.480,4.827,30200
2020-08-06 09:33:44.160,4.83,400
2020-08-06 09:33:44.930,4.827,2000
2020-08-06 09:33:44.990,4.827,300
2020-08-06 09:33:44.990,4.827,400
2020-08-06 09:33:47.170,4.829,100
2020-08-06 09:33:47.170,4.828,9900
2020-08-06 09:33:47.690,4.83,22900
2020-08-06 09:33:47.690,4.83,1900
2020-08-06 09:33:48.510,4.829,2000
2020-08-06 09:33:49.250,4.828,500
2020-08-06 09:33:50.650,4.83,1900
2020-08-06 09:33:50.650,4.83,1500
2020-08-06 09:33:50.650,4.831,900
2020-08-06 09:33:50.650,4.831,500
2020-08-06 09:33:50.650,4.831,1200
2020-08-06 09:33:50.860,4.831,3000
2020-08-06 09:33:51.530,4.831,11000
2020-08-06 09:33:51.820,4.83,1900
2020-08-06 09:33:53.640,4.83,7900
2020-08-06 09:33:53.740,4.832,400
2020-08-06 09:33:54.150,4.83,1000
2020-08-06 09:33:55.060,4.83,200
2020-08-06 09:33:55.480,4.832,5900
2020-08-06 09:33:56.280,4.832,20200
2020-08-06 09:33:56.280,4.832,2800
2020-08-06 09:33:56.280,4.832,400
2020-08-06 09:33:56.280,4.832,20000
2020-08-06 09:33:56.280,4.832,3300
2020-08-06 09:33:56.280,4.832,300000
2020-08-06 09:33:56.280,4.832,300
2020-08-06 09:33:56.280,4.832,1000
2020-08-06 09:33:56.280,4.832,2000
2020-08-06 09:33:56.280,4.832,4000
2020-08-06 09:33:56.640,4.832,29000
2020-08-06 09:33:56.720,4.833,1100
2020-08-06 09:33:56.720,4.833,300000
2020-08-06 09:33:56.720,4.833,400
2020-08-06 09:33:56.900,4.833,2200
2020-08-06 09:33:57.200,4.833,500
2020-08-06 09:33:57.840,4.833,286700
2020-08-06 09:33:58.710,4.833,52100
2020-08-06 09:33:58.730,4.833,257000
2020-08-06 09:33:58.770,4.832,44700
2020-08-06 09:33:58.830,4.832,900
2020-08-06 09:33:59.200,4.832,19000
2020-08-06 09:34:00.780,4.832,30000
2020-08-06 09:34:00.840,4.832,300
2020-08-06 09:34:03.990,4.833,100
2020-08-06 09:34:04.860,4.833,2200
2020-08-06 09:34:04.860,4.834,500
2020-08-06 09:34:04.860,4.834,1000
2020-08-06 09:34:04.860,4.834,10000
2020-08-06 09:34:04.860,4.834,18000
2020-08-06 09:34:04.860,4.834,300
2020-08-06 09:34:05.560,4.832,400
2020-08-06 09:34:06.680,4.832,300
2020-08-06 09:34:08.350,4.832,1000
2020-08-06 09:34:08.770,4.834,700
2020-08-06 09:34:08.770,4.834,100
2020-08-06 09:34:08.770,4.834,1200
2020-08-06 09:34:10.170,4.832,500
2020-08-06 09:34:10.170,4.832,400
2020-08-06 09:34:10.330,4.832,900
2020-08-06 09:34:10.330,4.833,100
2020-08-06 09:34:11.360,4.833,200
2020-08-06 09:34:11.360,4.833,1900
2020-08-06 09:34:12.110,4.833,1000
2020-08-06 09:34:12.750,4.832,100
2020-08-06 09:34:13.320,4.832,1900
2020-08-06 09:34:13.410,4.832,1700
2020-08-06 09:34:13.410,4.833,1700
2020-08-06 09:34:13.410,4.833,300
2020-08-06 09:34:13.410,4.833,500
2020-08-06 09:34:13.410,4.833,6300
2020-08-06 09:34:14.990,4.833,19800
2020-08-06 09:34:15.200,4.833,3000
2020-08-06 09:34:16.110,4.833,100
2020-08-06 09:34:16.610,4.833,200
2020-08-06 09:34:16.720,4.834,8800
2020-08-06 09:34:16.720,4.834,2200
2020-08-06 09:34:16.720,4.834,2300
2020-08-06 09:34:16.720,4.834,1900
2020-08-06 09:34:16.720,4.834,1800
2020-08-06 09:34:18.350,4.835,80300
2020-08-06 09:34:18.350,4.835,200
2020-08-06 09:34:18.350,4.835,400
2020-08-06 09:34:18.350,4.835,20000
2020-08-06 09:34:18.350,4.835,1000
2020-08-06 09:34:18.350,4.835,600
2020-08-06 09:34:18.350,4.835,85800
2020-08-06 09:34:18.350,4.835,3400
2020-08-06 09:34:18.350,4.835,300
2020-08-06 09:34:18.350,4.836,10600
2020-08-06 09:34:18.350,4.836,1900
2020-08-06 09:34:18.350,4.836,50000
2020-08-06 09:34:18.350,4.836,45500
2020-08-06 09:34:19.130,4.834,300
2020-08-06 09:34:19.620,4.834,2000
2020-08-06 09:34:19.880,4.835,300
2020-08-06 09:34:19.880,4.836,4500
2020-08-06 09:34:19.880,4.836,500
2020-08-06 09:34:19.880,4.836,4000
2020-08-06 09:34:19.880,4.836,600
2020-08-06 09:34:19.880,4.836,1200
2020-08-06 09:34:19.880,4.836,200
2020-08-06 09:34:19.880,4.836,1100
2020-08-06 09:34:19.880,4.837,1000
2020-08-06 09:34:19.880,4.837,1000
2020-08-06 09:34:19.880,4.837,300
2020-08-06 09:34:22.610,4.835,300
2020-08-06 09:34:22.730,4.834,3800
2020-08-06 09:34:24.020,4.834,1900
2020-08-06 09:34:24.020,4.834,1100
2020-08-06 09:34:24.020,4.834,1000
2020-08-06 09:34:25.020,4.834,300
2020-08-06 09:34:28.820,4.835,1700
2020-08-06 09:34:28.820,4.835,1900
2020-08-06 09:34:28.820,4.835,5000
2020-08-06 09:34:28.820,4.835,88100
2020-08-06 09:34:29.050,4.835,4400
2020-08-06 09:34:30.490,4.835,600
2020-08-06 09:34:30.730,4.835,5300
2020-08-06 09:34:31.230,4.835,401600
2020-08-06 09:34:31.230,4.835,500
2020-08-06 09:34:32.110,4.835,7300
2020-08-06 09:34:32.110,4.834,4700
2020-08-06 09:34:32.510,4.835,2100
2020-08-06 09:34:32.510,4.835,1300
2020-08-06 09:34:32.510,4.834,600
2020-08-06 09:34:32.510,4.834,1800
2020-08-06 09:34:32.810,4.836,5300
2020-08-06 09:34:32.810,4.836,700
2020-08-06 09:34:32.840,4.836,400
2020-08-06 09:34:33.880,4.836,18900
2020-08-06 09:34:33.880,4.836,1000
2020-08-06 09:34:34.200,4.836,25000
2020-08-06 09:34:34.370,4.836,1000
2020-08-06 09:34:35.720,4.836,2000
2020-08-06 09:34:36.970,4.836,300
2020-08-06 09:34:37.580,4.836,8900
2020-08-06 09:34:37.580,4.836,2000
2020-08-06 09:34:38.050,4.836,200
2020-08-06 09:34:38.640,4.836,100
2020-08-06 09:34:40.080,4.837,300
2020-08-06 09:34:40.080,4.837,200
2020-08-06 09:34:40.080,4.837,10000
2020-08-06 09:34:40.080,4.837,1800
2020-08-06 09:34:40.080,4.837,200
2020-08-06 09:34:40.130,4.837,300
2020-08-06 09:34:40.720,4.837,7000
2020-08-06 09:34:40.720,4.836,77000
2020-08-06 09:34:42.650,4.837,2000
2020-08-06 09:34:43.190,4.837,5000
2020-08-06 09:34:44.020,4.837,500
2020-08-06 09:34:44.370,4.837,2500
2020-08-06 09:34:44.370,4.836,4100
2020-08-06 09:34:44.520,4.836,2300
2020-08-06 09:34:45.550,4.838,1000
2020-08-06 09:34:45.550,4.838,500
2020-08-06 09:34:45.550,4.838,4000
2020-08-06 09:34:45.550,4.838,100
2020-08-06 09:34:45.550,4.838,400
2020-08-06 09:34:45.660,4.837,15000
2020-08-06 09:34:46.180,4.838,200
2020-08-06 09:34:46.400,4.838,20000
2020-08-06 09:34:46.680,4.837,48400
2020-08-06 09:34:46.680,4.837,1600
2020-08-06 09:34:46.740,4.838,20000
2020-08-06 09:34:47.540,4.837,200
2020-08-06 09:34:47.720,4.838,9400
2020-08-06 09:34:47.720,4.838,200
2020-08-06 09:34:47.720,4.838,1000
2020-08-06 09:34:47.720,4.838,10000
2020-08-06 09:34:47.720,4.838,900
2020-08-06 09:34:47.720,4.838,400
2020-08-06 09:34:47.720,4.838,400
2020-08-06 09:34:47.720,4.838,2200
2020-08-06 09:34:48.190,4.838,5000
2020-08-06 09:34:48.580,4.838,500
2020-08-06 09:34:48.580,4.838,400
2020-08-06 09:34:48.610,4.838,300
2020-08-06 09:34:49.020,4.838,22700
2020-08-06 09:34:49.690,4.838,9000
2020-08-06 09:34:50.090,4.838,5500
2020-08-06 09:34:50.350,4.838,1000
2020-08-06 09:34:50.880,4.838,5600
2020-08-06 09:34:51.460,4.838,6400
2020-08-06 09:34:51.700,4.838,10000
2020-08-06 09:34:51.820,4.838,100
2020-08-06 09:34:52.980,4.839,1200
2020-08-06 09:34:52.980,4.839,800
2020-08-06 09:34:52.980,4.839,900
2020-08-06 09:34:52.980,4.839,4300
2020-08-06 09:34:53.660,4.839,600
2020-08-06 09:34:53.660,4.839,1500
2020-08-06 09:34:53.660,4.839,5000
2020-08-06 09:34:53.660,4.839,18300
2020-08-06 09:34:53.660,4.839,1800
2020-08-06 09:34:57.440,4.839,100
2020-08-06 09:34:58.030,4.839,400
2020-08-06 09:34:58.280,4.838,19000
2020-08-06 09:34:58.610,4.838,700
2020-08-06 09:34:59.020,4.839,800
2020-08-06 09:34:59.170,4.839,100
2020-08-06 09:35:03.850,4.839,1800
2020-08-06 09:35:03.850,4.839,2200
2020-08-06 09:35:03.920,4.839,8000
2020-08-06 09:35:03.950,4.839,7500
2020-08-06 09:35:03.950,4.839,200
2020-08-06 09:35:03.950,4.839,300
2020-08-06 09:35:03.950,4.839,2200
2020-08-06 09:35:03.950,4.839,400
2020-08-06 09:35:03.950,4.839,3000
2020-08-06 09:35:03.950,4.839,5000
2020-08-06 09:35:03.950,4.839,400
2020-08-06 09:35:03.950,4.839,400
2020-08-06 09:35:03.950,4.839,10600
2020-08-06 09:35:04.560,4.839,900
2020-08-06 09:35:06.670,4.839,5000
2020-08-06 09:35:06.670,4.838,1000
2020-08-06 09:35:07.000,4.838,600
2020-08-06 09:35:07.370,4.838,2900
2020-08-06 09:35:08.710,4.839,2000
2020-08-06 09:35:08.710,4.839,49700
2020-08-06 09:35:08.710,4.839,500
2020-08-06 09:35:08.710,4.839,2200
2020-08-06 09:35:08.710,4.839,5000
2020-08-06 09:35:08.710,4.839,5000
2020-08-06 09:35:08.710,4.839,10000
2020-08-06 09:35:08.710,4.839,500
2020-08-06 09:35:08.710,4.839,2100
2020-08-06 09:35:08.710,4.84,3100
2020-08-06 09:35:08.710,4.84,1000
2020-08-06 09:35:08.710,4.84,2600
2020-08-06 09:35:08.710,4.84,100
2020-08-06 09:35:08.710,4.84,5400
2020-08-06 09:35:08.710,4.84,4200
2020-08-06 09:35:08.710,4.84,3000
2020-08-06 09:35:08.710,4.84,1000
2020-08-06 09:35:08.710,4.84,1000
2020-08-06 09:35:08.710,4.84,5000
2020-08-06 09:35:08.710,4.84,11000
2020-08-06 09:35:08.710,4.84,95000
2020-08-06 09:35:08.710,4.84,15000
2020-08-06 09:35:08.710,4.84,2000
2020-08-06 09:35:08.710,4.84,600
2020-08-06 09:35:08.710,4.84,500
2020-08-06 09:35:08.710,4.84,700
2020-08-06 09:35:08.710,4.84,11800
2020-08-06 09:35:08.710,4.84,500
2020-08-06 09:35:08.710,4.84,1000
2020-08-06 09:35:08.710,4.84,2300
2020-08-06 09:35:08.710,4.84,8500
2020-08-06 09:35:09.980,4.84,10000
2020-08-06 09:35:10.750,4.84,400
2020-08-06 09:35:11.880,4.84,1000
2020-08-06 09:35:12.060,4.84,1000
2020-08-06 09:35:12.530,4.84,200
2020-08-06 09:35:12.610,4.84,3000
2020-08-06 09:35:13.860,4.841,10000
2020-08-06 09:35:13.860,4.841,5000
2020-08-06 09:35:13.860,4.841,500
2020-08-06 09:35:13.860,4.841,400
2020-08-06 09:35:13.860,4.841,200
2020-08-06 09:35:13.860,4.841,100
2020-08-06 09:35:13.860,4.841,9100
2020-08-06 09:35:14.490,4.84,2700
2020-08-06 09:35:14.710,4.841,5000
2020-08-06 09:35:14.850,4.84,12500
2020-08-06 09:35:15.700,4.841,6400
2020-08-06 09:35:15.940,4.84,200
2020-08-06 09:35:16.420,4.84,200
2020-08-06 09:35:16.740,4.84,900
2020-08-06 09:35:16.790,4.84,1000
2020-08-06 09:35:16.790,4.84,300
2020-08-06 09:35:17.740,4.84,500
2020-08-06 09:35:17.980,4.841,9500
2020-08-06 09:35:17.980,4.841,1000
2020-08-06 09:35:17.980,4.841,4500
2020-08-06 09:35:19.210,4.84,1000
2020-08-06 09:35:19.340,4.841,5000
2020-08-06 09:35:19.520,4.84,100
2020-08-06 09:35:20.280,4.84,12000
2020-08-06 09:35:20.960,4.84,2700
2020-08-06 09:35:21.200,4.839,100
2020-08-06 09:35:21.200,4.839,900
2020-08-06 09:35:21.500,4.84,1800
2020-08-06 09:35:21.500,4.841,9100
2020-08-06 09:35:21.500,4.841,10000
2020-08-06 09:35:21.500,4.841,20000
2020-08-06 09:35:21.500,4.841,1900
2020-08-06 09:35:21.500,4.841,1000
2020-08-06 09:35:21.500,4.841,2300
2020-08-06 09:35:21.500,4.841,900
2020-08-06 09:35:21.940,4.841,500
2020-08-06 09:35:22.580,4.841,4200
2020-08-06 09:35:22.610,4.841,2000
2020-08-06 09:35:22.610,4.841,1800
2020-08-06 09:35:23.060,4.841,100
2020-08-06 09:35:23.210,4.841,2000
2020-08-06 09:35:23.210,4.839,5100
2020-08-06 09:35:23.210,4.839,2900
2020-08-06 09:35:24.260,4.84,100
2020-08-06 09:35:24.260,4.839,4900
2020-08-06 09:35:27.510,4.84,6800
2020-08-06 09:35:27.510,4.84,300
2020-08-06 09:35:27.510,4.84,2000
2020-08-06 09:35:27.510,4.84,11400
2020-08-06 09:35:27.510,4.84,3000
2020-08-06 09:35:27.510,4.841,2000
2020-08-06 09:35:27.510,4.841,100
2020-08-06 09:35:28.220,4.841,2200
2020-08-06 09:35:28.810,4.842,100
2020-08-06 09:35:29.360,4.841,500
2020-08-06 09:35:29.460,4.841,4600
2020-08-06 09:35:29.570,4.842,200
2020-08-06 09:35:29.720,4.842,1300
2020-08-06 09:35:29.720,4.842,3000
2020-08-06 09:35:29.720,4.842,1200
2020-08-06 09:35:29.720,4.842,2400
2020-08-06 09:35:30.020,4.842,1000
2020-08-06 09:35:30.180,4.841,200
2020-08-06 09:35:30.450,4.841,2000
2020-08-06 09:35:30.680,4.841,2000
2020-08-06 09:35:34.160,4.841,10000
2020-08-06 09:35:34.220,4.841,6600
2020-08-06 09:35:36.150,4.84,900
2020-08-06 09:35:39.190,4.84,4100
2020-08-06 09:35:39.190,4.84,400
2020-08-06 09:35:39.440,4.84,200
2020-08-06 09:35:39.440,4.84,4800
2020-08-06 09:35:40.340,4.841,3000
2020-08-06 09:35:40.910,4.841,200
2020-08-06 09:35:42.110,4.841,3000
2020-08-06 09:35:42.510,4.84,1000
2020-08-06 09:35:42.540,4.841,7200
2020-08-06 09:35:42.540,4.841,2100
2020-08-06 09:35:42.540,4.841,7500
2020-08-06 09:35:42.540,4.841,1200
2020-08-06 09:35:43.030,4.841,100
2020-08-06 09:35:43.500,4.841,700
2020-08-06 09:35:43.500,4.841,2000
2020-08-06 09:35:43.850,4.841,48000
2020-08-06 09:35:43.850,4.841,5000
2020-08-06 09:35:43.850,4.841,100
2020-08-06 09:35:43.850,4.841,10000
2020-08-06 09:35:43.850,4.841,2000
2020-08-06 09:35:43.850,4.841,200
2020-08-06 09:35:43.850,4.841,2300
2020-08-06 09:35:43.850,4.841,2000
2020-08-06 09:35:44.020,4.842,6600
2020-08-06 09:35:44.020,4.842,1000
2020-08-06 09:35:44.560,4.84,500
2020-08-06 09:35:44.770,4.841,300
2020-08-06 09:35:45.410,4.842,4000
2020-08-06 09:35:45.410,4.842,3000
2020-08-06 09:35:45.410,4.842,9300
2020-08-06 09:35:45.950,4.841,3000
2020-08-06 09:35:46.420,4.842,700
2020-08-06 09:35:46.420,4.842,29300
2020-08-06 09:35:46.730,4.841,2200
2020-08-06 09:35:46.850,4.842,20700
2020-08-06 09:35:46.850,4.842,5000
2020-08-06 09:35:46.850,4.842,500
2020-08-06 09:35:46.850,4.842,3000
2020-08-06 09:35:46.850,4.842,5700
2020-08-06 09:35:46.850,4.842,10000
2020-08-06 09:35:46.850,4.842,16700
2020-08-06 09:35:47.350,4.841,3800
2020-08-06 09:35:47.350,4.841,17800
2020-08-06 09:35:47.880,4.842,23300
2020-08-06 09:35:47.880,4.842,2100
2020-08-06 09:35:47.880,4.842,10000
2020-08-06 09:35:47.880,4.843,500
2020-08-06 09:35:47.880,4.843,12500
2020-08-06 09:35:47.880,4.843,3400
2020-08-06 09:35:47.880,4.843,2500
2020-08-06 09:35:47.880,4.843,400
2020-08-06 09:35:47.880,4.843,3000
2020-08-06 09:35:47.880,4.843,5000
2020-08-06 09:35:47.880,4.843,2000
2020-08-06 09:35:47.880,4.843,1000
2020-08-06 09:35:47.880,4.843,500
2020-08-06 09:35:47.880,4.843,1500
2020-08-06 09:35:47.880,4.844,5000
2020-08-06 09:35:47.880,4.844,6000
2020-08-06 09:35:47.880,4.844,8800
2020-08-06 09:35:47.880,4.844,10000
2020-08-06 09:35:47.880,4.844,10000
2020-08-06 09:35:47.880,4.844,10000
2020-08-06 09:35:47.880,4.844,1000
2020-08-06 09:35:47.880,4.844,200
2020-08-06 09:35:47.880,4.844,100
2020-08-06 09:35:47.880,4.844,54300
2020-08-06 09:35:47.880,4.844,3000
2020-08-06 09:35:47.880,4.844,400
2020-08-06 09:35:47.880,4.844,100
2020-08-06 09:35:48.040,4.844,5000
2020-08-06 09:35:48.040,4.844,100
2020-08-06 09:35:48.820,4.844,400
2020-08-06 09:35:50.510,4.844,100
2020-08-06 09:35:50.660,4.844,500
2020-08-06 09:35:50.820,4.844,3000
2020-08-06 09:35:51.100,4.844,1000
2020-08-06 09:35:51.220,4.844,500
2020-08-06 09:35:51.280,4.845,100
2020-08-06 09:35:51.280,4.845,1000
2020-08-06 09:35:51.280,4.845,3900
2020-08-06 09:35:51.720,4.845,11300
2020-08-06 09:35:51.720,4.845,3000
2020-08-06 09:35:51.720,4.845,5500
2020-08-06 09:35:51.720,4.845,3000
2020-08-06 09:35:51.720,4.845,100
2020-08-06 09:35:51.720,4.845,200
2020-08-06 09:35:51.720,4.845,200
2020-08-06 09:35:51.720,4.845,700
2020-08-06 09:35:51.720,4.845,1000
2020-08-06 09:35:51.720,4.845,10400
2020-08-06 09:35:51.720,4.845,100
2020-08-06 09:35:51.720,4.845,20000
2020-08-06 09:35:51.720,4.845,500
2020-08-06 09:35:51.720,4.845,1000
2020-08-06 09:35:51.720,4.845,25000
2020-08-06 09:35:51.720,4.845,10000
2020-08-06 09:35:51.720,4.845,500
2020-08-06 09:35:51.720,4.845,5000
2020-08-06 09:35:51.720,4.845,4000
2020-08-06 09:35:51.720,4.845,13600
2020-08-06 09:35:51.720,4.845,700
2020-08-06 09:35:51.720,4.845,10000
2020-08-06 09:35:51.720,4.845,500
2020-08-06 09:35:51.720,4.845,200
2020-08-06 09:35:51.720,4.845,7800
2020-08-06 09:35:51.720,4.845,500
2020-08-06 09:35:51.720,4.845,5000
2020-08-06 09:35:51.720,4.845,3100
2020-08-06 09:35:51.720,4.845,200
2020-08-06 09:35:51.720,4.845,200
2020-08-06 09:35:51.720,4.845,20000
2020-08-06 09:35:51.720,4.845,300
2020-08-06 09:35:51.720,4.845,200
2020-08-06 09:35:51.720,4.845,200
2020-08-06 09:35:51.720,4.845,1000
2020-08-06 09:35:51.720,4.845,10000
2020-08-06 09:35:51.720,4.845,80000
2020-08-06 09:35:51.720,4.845,2100
2020-08-06 09:35:52.230,4.845,1500
2020-08-06 09:35:53.000,4.845,6000
2020-08-06 09:35:53.830,4.845,200
2020-08-06 09:35:53.960,4.845,4700
2020-08-06 09:35:54.430,4.845,10000
2020-08-06 09:35:54.460,4.846,100
2020-08-06 09:35:54.460,4.846,5000
2020-08-06 09:35:54.460,4.846,5500
2020-08-06 09:35:54.460,4.846,700
2020-08-06 09:35:54.460,4.846,600
2020-08-06 09:35:54.460,4.846,3500
2020-08-06 09:35:54.460,4.846,25500
2020-08-06 09:35:54.460,4.846,22700
2020-08-06 09:35:54.460,4.846,1000
2020-08-06 09:35:54.460,4.847,2000
2020-08-06 09:35:54.460,4.847,5000
2020-08-06 09:35:54.460,4.847,300
2020-08-06 09:35:54.460,4.847,1000
2020-08-06 09:35:54.460,4.847,10000
2020-08-06 09:35:54.460,4.847,20000
2020-08-06 09:35:54.460,4.847,20000
2020-08-06 09:35:54.460,4.848,2500
2020-08-06 09:35:54.460,4.848,1500
2020-08-06 09:35:54.460,4.848,1500
2020-08-06 09:35:54.460,4.848,1600
2020-08-06 09:35:54.460,4.848,140000
2020-08-06 09:35:54.460,4.848,7500
2020-08-06 09:35:54.460,4.848,100
2020-08-06 09:35:54.460,4.848,4000
2020-08-06 09:35:54.460,4.848,4800
2020-08-06 09:35:54.460,4.848,500
2020-08-06 09:35:54.460,4.848,3000
2020-08-06 09:35:54.460,4.848,4000
2020-08-06 09:35:54.460,4.848,500
2020-08-06 09:35:54.460,4.848,3000
2020-08-06 09:35:54.460,4.848,400
2020-08-06 09:35:54.460,4.848,2200
2020-08-06 09:35:55.030,4.845,200
2020-08-06 09:35:55.470,4.846,6000
2020-08-06 09:35:55.470,4.845,44000
2020-08-06 09:35:55.470,4.845,300
2020-08-06 09:35:55.860,4.846,10000
2020-08-06 09:35:56.210,4.846,5000
2020-08-06 09:35:56.420,4.846,500
2020-08-06 09:35:56.590,4.846,1000
2020-08-06 09:35:57.080,4.846,1800
2020-08-06 09:35:57.740,4.846,10400
2020-08-06 09:35:57.770,4.846,2000
2020-08-06 09:35:57.860,4.846,5000
2020-08-06 09:35:58.110,4.848,1000
2020-08-06 09:35:58.600,4.848,1000
2020-08-06 09:35:58.720,4.848,2000
2020-08-06 09:35:59.340,4.848,100
2020-08-06 09:35:59.860,4.848,1000
2020-08-06 09:36:00.710,4.848,2000
2020-08-06 09:36:01.670,4.848,5000
2020-08-06 09:36:02.250,4.848,3000
2020-08-06 09:36:02.470,4.848,24100
2020-08-06 09:36:02.630,4.848,900
2020-08-06 09:36:03.170,4.846,1000
2020-08-06 09:36:04.190,4.846,2000
2020-08-06 09:36:04.190,4.846,3300
2020-08-06 09:36:04.870,4.848,1000
2020-08-06 09:36:04.930,4.848,8000
2020-08-06 09:36:04.930,4.849,2000
2020-08-06 09:36:05.190,4.849,100
2020-08-06 09:36:07.040,4.848,1600
2020-08-06 09:36:07.610,4.848,6000
2020-08-06 09:36:07.900,4.848,9400
2020-08-06 09:36:09.040,4.848,3000
2020-08-06 09:36:09.040,4.848,200
2020-08-06 09:36:09.040,4.848,500
2020-08-06 09:36:09.040,4.848,1300
2020-08-06 09:36:10.250,4.848,1000
2020-08-06 09:36:10.250,4.848,2000
2020-08-06 09:36:10.730,4.849,1900
2020-08-06 09:36:10.730,4.849,1000
2020-08-06 09:36:10.730,4.849,1700
2020-08-06 09:36:10.730,4.849,400
2020-08-06 09:36:11.360,4.849,2500
2020-08-06 09:36:11.550,4.849,27100
2020-08-06 09:36:11.550,4.849,1000
2020-08-06 09:36:11.550,4.849,600
2020-08-06 09:36:11.550,4.849,500
2020-08-06 09:36:11.550,4.849,5000
2020-08-06 09:36:11.550,4.849,3000
2020-08-06 09:36:11.550,4.849,100000
2020-08-06 09:36:11.550,4.849,3000
2020-08-06 09:36:11.550,4.849,1000
2020-08-06 09:36:11.550,4.849,200
2020-08-06 09:36:11.550,4.849,7700
2020-08-06 09:36:11.550,4.849,100
2020-08-06 09:36:11.550,4.849,2000
2020-08-06 09:36:11.550,4.849,10000
2020-08-06 09:36:11.550,4.849,1500
2020-08-06 09:36:11.550,4.849,5000
2020-08-06 09:36:11.550,4.849,10000
2020-08-06 09:36:11.550,4.849,1000
2020-08-06 09:36:11.550,4.849,3000
2020-08-06 09:36:11.550,4.849,3000
2020-08-06 09:36:11.550,4.85,4300
2020-08-06 09:36:11.550,4.85,2200
2020-08-06 09:36:11.550,4.85,36500
2020-08-06 09:36:11.550,4.85,1000
2020-08-06 09:36:11.550,4.85,2000
2020-08-06 09:36:11.550,4.85,5500
2020-08-06 09:36:11.550,4.85,3000
2020-08-06 09:36:11.550,4.85,5000
2020-08-06 09:36:11.550,4.85,1000
2020-08-06 09:36:11.550,4.85,2000
2020-08-06 09:36:11.550,4.85,10000
2020-08-06 09:36:11.550,4.85,700
2020-08-06 09:36:11.550,4.85,10000
2020-08-06 09:36:11.550,4.85,2000
2020-08-06 09:36:11.550,4.85,100
2020-08-06 09:36:11.550,4.85,5200
2020-08-06 09:36:11.550,4.85,3000
2020-08-06 09:36:11.550,4.85,20300
2020-08-06 09:36:11.550,4.85,1500
2020-08-06 09:36:11.730,4.848,34400
2020-08-06 09:36:11.920,4.849,1000
2020-08-06 09:36:11.920,4.849,24000
2020-08-06 09:36:11.920,4.85,9500
2020-08-06 09:36:11.920,4.85,500
2020-08-06 09:36:11.920,4.85,200
2020-08-06 09:36:11.920,4.85,10000
2020-08-06 09:36:11.920,4.85,200
2020-08-06 09:36:11.920,4.85,100
2020-08-06 09:36:11.920,4.85,500
2020-08-06 09:36:11.920,4.85,10000
2020-08-06 09:36:11.920,4.85,3000
2020-08-06 09:36:11.920,4.85,2500
2020-08-06 09:36:11.920,4.85,2000
2020-08-06 09:36:11.920,4.85,15000
2020-08-06 09:36:11.920,4.85,2500
2020-08-06 09:36:11.920,4.85,100
2020-08-06 09:36:11.920,4.85,100
2020-08-06 09:36:11.920,4.85,100
2020-08-06 09:36:11.920,4.85,3000
2020-08-06 09:36:11.920,4.85,20000
2020-08-06 09:36:11.920,4.85,5000
2020-08-06 09:36:11.920,4.85,2600
2020-08-06 09:36:12.870,4.848,24800
2020-08-06 09:36:13.160,4.848,4800
2020-08-06 09:36:14.160,4.849,6000
2020-08-06 09:36:14.160,4.848,100
2020-08-06 09:36:14.160,4.848,4300
2020-08-06 09:36:14.390,4.847,60000
2020-08-06 09:36:14.720,4.848,5600
2020-08-06 09:36:15.570,4.848,4900
2020-08-06 09:36:15.570,4.848,100
2020-08-06 09:36:16.220,4.846,800
2020-08-06 09:36:17.290,4.848,900
2020-08-06 09:36:18.130,4.847,2000
2020-08-06 09:36:19.410,4.848,1000
2020-08-06 09:36:19.890,4.847,2700
2020-08-06 09:36:20.360,4.847,800
2020-08-06 09:36:20.690,4.848,1000
2020-08-06 09:36:20.870,4.848,2400
2020-08-06 09:36:20.870,4.848,5000
2020-08-06 09:36:20.870,4.848,500
2020-08-06 09:36:20.870,4.848,1000
2020-08-06 09:36:20.870,4.848,41100
2020-08-06 09:36:20.900,4.847,10000
2020-08-06 09:36:21.320,4.848,158900
2020-08-06 09:36:21.320,4.848,6300
2020-08-06 09:36:21.320,4.848,100
2020-08-06 09:36:21.320,4.848,20000
2020-08-06 09:36:21.320,4.848,1000
2020-08-06 09:36:21.320,4.848,2000
2020-08-06 09:36:21.500,4.849,1000
2020-08-06 09:36:21.500,4.849,200
2020-08-06 09:36:21.500,4.849,5000
2020-08-06 09:36:21.500,4.849,2000
2020-08-06 09:36:21.500,4.849,2000
2020-08-06 09:36:21.500,4.85,400
2020-08-06 09:36:21.500,4.85,5000
2020-08-06 09:36:21.500,4.85,20000
2020-08-06 09:36:21.500,4.85,30000
2020-08-06 09:36:21.500,4.85,500
2020-08-06 09:36:21.500,4.85,200
2020-08-06 09:36:21.500,4.85,3000
2020-08-06 09:36:21.500,4.85,500
2020-08-06 09:36:21.500,4.85,200
2020-08-06 09:36:21.500,4.85,2000
2020-08-06 09:36:21.500,4.85,1000
2020-08-06 09:36:21.500,4.85,64700
2020-08-06 09:36:21.500,4.85,5000
2020-08-06 09:36:21.500,4.85,3000
2020-08-06 09:36:21.500,4.85,2000
2020-08-06 09:36:21.500,4.85,3000
2020-08-06 09:36:21.500,4.85,700
2020-08-06 09:36:21.500,4.85,200
2020-08-06 09:36:21.500,4.85,2000
2020-08-06 09:36:21.500,4.85,400
2020-08-06 09:36:21.500,4.85,2100
2020-08-06 09:36:21.500,4.85,2000
2020-08-06 09:36:21.500,4.85,200
2020-08-06 09:36:21.500,4.85,800
2020-08-06 09:36:21.500,4.85,4900
2020-08-06 09:36:21.500,4.85,100
2020-08-06 09:36:21.500,4.85,5000
2020-08-06 09:36:21.500,4.85,100
2020-08-06 09:36:21.500,4.85,5000
2020-08-06 09:36:21.500,4.85,100
2020-08-06 09:36:21.500,4.85,100000
2020-08-06 09:36:21.500,4.85,400
2020-08-06 09:36:21.500,4.85,100
2020-08-06 09:36:21.500,4.85,500
2020-08-06 09:36:21.500,4.85,600
2020-08-06 09:36:21.500,4.85,15000
2020-08-06 09:36:21.500,4.85,2300
2020-08-06 09:36:21.500,4.85,16000
2020-08-06 09:36:21.500,4.85,1000
2020-08-06 09:36:21.500,4.85,20000
2020-08-06 09:36:21.500,4.85,1000
2020-08-06 09:36:21.500,4.85,4000
2020-08-06 09:36:21.500,4.85,10000
2020-08-06 09:36:21.500,4.85,30900
2020-08-06 09:36:21.500,4.85,9700
2020-08-06 09:36:21.500,4.85,10000
2020-08-06 09:36:21.500,4.85,3000
2020-08-06 09:36:21.500,4.85,1000
2020-08-06 09:36:21.500,4.851,2000
2020-08-06 09:36:21.500,4.851,400
2020-08-06 09:36:21.500,4.851,20000
2020-08-06 09:36:21.500,4.851,2500
2020-08-06 09:36:21.500,4.851,1000
2020-08-06 09:36:21.500,4.851,1000
2020-08-06 09:36:21.500,4.851,15000
2020-08-06 09:36:21.500,4.851,3100
2020-08-06 09:36:21.500,4.851,1400
2020-08-06 09:36:21.500,4.851,2000
2020-08-06 09:36:21.500,4.851,5000
2020-08-06 09:36:21.500,4.851,5000
2020-08-06 09:36:21.500,4.851,2000
2020-08-06 09:36:21.500,4.851,2000
2020-08-06 09:36:21.500,4.851,2000
2020-08-06 09:36:21.500,4.851,20400
2020-08-06 09:36:21.500,4.851,80000
2020-08-06 09:36:21.500,4.852,20000
2020-08-06 09:36:21.500,4.852,15400
2020-08-06 09:36:21.900,4.849,3000
2020-08-06 09:36:22.190,4.849,10000
2020-08-06 09:36:22.280,4.849,13000
2020-08-06 09:36:22.660,4.849,700
2020-08-06 09:36:24.380,4.849,4600
2020-08-06 09:36:24.570,4.849,5000
2020-08-06 09:36:25.020,4.849,10000
2020-08-06 09:36:25.840,4.849,33700
2020-08-06 09:36:26.290,4.848,700
2020-08-06 09:36:26.290,4.848,1300
2020-08-06 09:36:26.950,4.848,200
2020-08-06 09:36:27.410,4.848,500
2020-08-06 09:36:27.410,4.848,500
2020-08-06 09:36:27.640,4.849,1500
2020-08-06 09:36:27.920,4.848,1500
2020-08-06 09:36:29.280,4.847,200
2020-08-06 09:36:29.450,4.847,5400
2020-08-06 09:36:30.490,4.849,900
2020-08-06 09:36:30.710,4.847,1000
2020-08-06 09:36:30.850,4.847,31100
2020-08-06 09:36:30.850,4.847,10000
2020-08-06 09:36:30.850,4.847,100
2020-08-06 09:36:31.340,4.846,13900
2020-08-06 09:36:31.340,4.846,100
2020-08-06 09:36:31.340,4.846,200
2020-08-06 09:36:31.340,4.846,800
2020-08-06 09:36:31.740,4.848,300
2020-08-06 09:36:32.100,4.848,3300
2020-08-06 09:36:32.430,4.846,9200
2020-08-06 09:36:32.430,4.846,45600
2020-08-06 09:36:33.310,4.848,1000
2020-08-06 09:36:33.760,4.848,400
2020-08-06 09:36:33.760,4.848,1600
2020-08-06 09:36:33.850,4.847,100
2020-08-06 09:36:34.450,4.847,200
2020-08-06 09:36:34.590,4.847,300
2020-08-06 09:36:34.860,4.847,300
2020-08-06 09:36:35.110,4.847,2000
2020-08-06 09:36:35.500,4.847,200
2020-08-06 09:36:36.220,4.847,200
2020-08-06 09:36:36.490,4.847,1000
2020-08-06 09:36:36.610,4.847,10300
2020-08-06 09:36:37.820,4.847,3300
2020-08-06 09:36:37.820,4.847,100
2020-08-06 09:36:37.820,4.847,1700
2020-08-06 09:36:37.820,4.847,100
2020-08-06 09:36:38.550,4.845,100
2020-08-06 09:36:38.550,4.844,1000
2020-08-06 09:36:38.550,4.843,2500
2020-08-06 09:36:39.200,4.844,600
2020-08-06 09:36:39.410,4.844,4000
2020-08-06 09:36:40.130,4.844,100
2020-08-06 09:36:40.400,4.843,700
2020-08-06 09:36:40.460,4.844,4300
2020-08-06 09:36:41.010,4.845,400
2020-08-06 09:36:41.490,4.845,4500
2020-08-06 09:36:41.490,4.845,6000
2020-08-06 09:36:41.490,4.845,5000
2020-08-06 09:36:41.980,4.845,11000
2020-08-06 09:36:43.270,4.845,6000
2020-08-06 09:36:44.170,4.843,300
2020-08-06 09:36:44.650,4.845,200
2020-08-06 09:36:45.990,4.844,300
2020-08-06 09:36:46.540,4.847,200
2020-08-06 09:36:46.540,4.847,300
2020-08-06 09:36:46.820,4.844,500
2020-08-06 09:36:47.780,4.845,1200
2020-08-06 09:36:47.890,4.847,8800
2020-08-06 09:36:47.890,4.847,1200
2020-08-06 09:36:48.030,4.847,1000
2020-08-06 09:36:48.030,4.847,7000
2020-08-06 09:36:48.120,4.847,1000
2020-08-06 09:36:48.210,4.846,1000
2020-08-06 09:36:48.340,4.846,1600
2020-08-06 09:36:48.490,4.846,29900
2020-08-06 09:36:49.420,4.844,1600
2020-08-06 09:36:49.420,4.843,800
2020-08-06 09:36:50.280,4.843,10000
2020-08-06 09:36:50.630,4.843,200
2020-08-06 09:36:51.140,4.844,500
2020-08-06 09:36:51.390,4.844,1700
2020-08-06 09:36:52.210,4.845,100
2020-08-06 09:36:52.820,4.845,17100
2020-08-06 09:36:52.820,4.843,3600
2020-08-06 09:36:53.170,4.843,200
2020-08-06 09:36:53.810,4.843,3300
2020-08-06 09:36:54.990,4.845,100
2020-08-06 09:36:54.990,4.845,1100
2020-08-06 09:36:54.990,4.846,400
2020-08-06 09:36:55.430,4.843,10000
2020-08-06 09:36:56.470,4.844,1000
2020-08-06 09:36:56.470,4.844,4000
2020-08-06 09:36:57.040,4.844,200
2020-08-06 09:36:57.640,4.844,11600
2020-08-06 09:36:58.250,4.845,2500
2020-08-06 09:36:58.310,4.845,300
2020-08-06 09:36:58.490,4.845,12200
2020-08-06 09:36:58.490,4.844,1800
2020-08-06 09:36:58.570,4.843,300
2020-08-06 09:36:59.220,4.843,100
2020-08-06 09:36:59.620,4.844,600
2020-08-06 09:36:59.710,4.843,200
2020-08-06 09:37:00.970,4.843,2000
2020-08-06 09:37:01.120,4.843,2400
2020-08-06 09:37:01.170,4.844,600
2020-08-06 09:37:01.200,4.844,6000
2020-08-06 09:37:01.200,4.843,2400
2020-08-06 09:37:02.170,4.843,800
2020-08-06 09:37:02.530,4.844,1500
2020-08-06 09:37:02.930,4.843,2000
2020-08-06 09:37:03.000,4.844,7300
2020-08-06 09:37:03.000,4.844,5000
2020-08-06 09:37:03.000,4.844,100
2020-08-06 09:37:03.510,4.844,300
2020-08-06 09:37:04.320,4.843,2400
2020-08-06 09:37:05.180,4.843,3000
2020-08-06 09:37:05.620,4.843,100
2020-08-06 09:37:05.860,4.843,600
2020-08-06 09:37:05.900,4.844,100
2020-08-06 09:37:06.320,4.843,500
2020-08-06 09:37:07.050,4.843,3000
2020-08-06 09:37:07.080,4.843,500
2020-08-06 09:37:07.280,4.843,6400
2020-08-06 09:37:07.540,4.843,1900
2020-08-06 09:37:07.880,4.843,300
2020-08-06 09:37:08.020,4.843,5000
2020-08-06 09:37:08.360,4.843,2100
2020-08-06 09:37:08.470,4.843,900
2020-08-06 09:37:08.920,4.843,100
2020-08-06 09:37:09.110,4.844,5900
2020-08-06 09:37:09.470,4.843,2400
2020-08-06 09:37:09.630,4.843,9000
2020-08-06 09:37:09.630,4.843,200
2020-08-06 09:37:10.120,4.843,8800
2020-08-06 09:37:10.120,4.843,300100
2020-08-06 09:37:10.120,4.844,11400
2020-08-06 09:37:10.120,4.844,2000
2020-08-06 09:37:10.120,4.844,2400
2020-08-06 09:37:10.120,4.844,400
2020-08-06 09:37:10.120,4.844,200
2020-08-06 09:37:10.120,4.844,10000
2020-08-06 09:37:10.120,4.844,4000
2020-08-06 09:37:10.120,4.844,3300
2020-08-06 09:37:10.120,4.844,5000
2020-08-06 09:37:10.120,4.844,4000
2020-08-06 09:37:10.120,4.844,48400
2020-08-06 09:37:10.300,4.844,10000
2020-08-06 09:37:10.760,4.842,300
2020-08-06 09:37:10.760,4.842,4100
2020-08-06 09:37:11.190,4.842,300
2020-08-06 09:37:11.820,4.843,2500
2020-08-06 09:37:11.820,4.843,100
2020-08-06 09:37:11.820,4.843,5500
2020-08-06 09:37:11.820,4.843,4000
2020-08-06 09:37:11.820,4.844,7900
2020-08-06 09:37:15.510,4.841,3000
2020-08-06 09:37:16.190,4.84,5000
2020-08-06 09:37:16.190,4.84,1500
2020-08-06 09:37:16.190,4.84,11000
2020-08-06 09:37:16.190,4.84,100
2020-08-06 09:37:16.190,4.84,15000
2020-08-06 09:37:16.190,4.84,80000
2020-08-06 09:37:16.190,4.84,3000
2020-08-06 09:37:16.190,4.84,400
2020-08-06 09:37:16.760,4.839,500
2020-08-06 09:37:16.760,4.839,1500
2020-08-06 09:37:17.000,4.838,134700
2020-08-06 09:37:17.000,4.838,20000
2020-08-06 09:37:17.000,4.838,200
2020-08-06 09:37:17.000,4.838,500
2020-08-06 09:37:17.090,4.838,80000
2020-08-06 09:37:17.670,4.837,12000
2020-08-06 09:37:17.670,4.837,100
2020-08-06 09:37:17.670,4.837,100
2020-08-06 09:37:17.670,4.837,5000
2020-08-06 09:37:17.670,4.837,5000
2020-08-06 09:37:17.670,4.837,100000
2020-08-06 09:37:17.670,4.836,200
2020-08-06 09:37:19.020,4.838,2200
2020-08-06 09:37:19.480,4.836,2000
2020-08-06 09:37:19.950,4.835,1200
2020-08-06 09:37:20.750,4.836,10000
2020-08-06 09:37:22.240,4.835,1800
2020-08-06 09:37:22.240,4.835,100
2020-08-06 09:37:22.240,4.835,1400
2020-08-06 09:37:23.400,4.835,8600
2020-08-06 09:37:23.400,4.835,300
2020-08-06 09:37:23.400,4.835,200
2020-08-06 09:37:23.400,4.835,5000
2020-08-06 09:37:23.400,4.835,12100
2020-08-06 09:37:23.610,4.834,300
2020-08-06 09:37:23.610,4.834,100
2020-08-06 09:37:23.610,4.834,5000
2020-08-06 09:37:23.610,4.834,6600
2020-08-06 09:37:25.730,4.835,173800
2020-08-06 09:37:25.730,4.835,300100
2020-08-06 09:37:25.730,4.836,16300
2020-08-06 09:37:25.730,4.836,9800
2020-08-06 09:37:26.430,4.833,4700
2020-08-06 09:37:26.430,4.833,2000
2020-08-06 09:37:26.430,4.833,400
2020-08-06 09:37:26.430,4.833,9200
2020-08-06 09:37:28.220,4.835,3100
2020-08-06 09:37:29.020,4.834,300
2020-08-06 09:37:29.280,4.834,700
2020-08-06 09:37:29.280,4.833,800
2020-08-06 09:37:30.060,4.834,10000
2020-08-06 09:37:30.760,4.833,30000
2020-08-06 09:37:30.760,4.833,600
2020-08-06 09:37:30.760,4.833,100
2020-08-06 09:37:30.760,4.833,100
2020-08-06 09:37:30.760,4.833,100
2020-08-06 09:37:30.760,4.833,100
2020-08-06 09:37:31.420,4.833,7000
2020-08-06 09:37:32.100,4.833,800
2020-08-06 09:37:32.130,4.832,5000
2020-08-06 09:37:32.130,4.832,1000
2020-08-06 09:37:32.130,4.832,24000
2020-08-06 09:37:33.350,4.831,800
2020-08-06 09:37:33.350,4.831,2000
2020-08-06 09:37:33.350,4.831,27200
2020-08-06 09:37:33.380,4.831,2400
2020-08-06 09:37:33.650,4.831,70400
2020-08-06 09:37:33.650,4.831,300
2020-08-06 09:37:33.650,4.83,100
2020-08-06 09:37:33.650,4.83,5000
2020-08-06 09:37:33.650,4.83,30000
2020-08-06 09:37:33.650,4.83,100
2020-08-06 09:37:33.650,4.83,200
2020-08-06 09:37:33.650,4.83,4000
2020-08-06 09:37:33.650,4.83,1800
2020-08-06 09:37:33.650,4.83,5000
2020-08-06 09:37:33.650,4.83,11000
2020-08-06 09:37:33.650,4.83,600
2020-08-06 09:37:33.650,4.83,4500
2020-08-06 09:37:33.650,4.83,200
2020-08-06 09:37:33.650,4.83,200
2020-08-06 09:37:33.650,4.83,166700
2020-08-06 09:37:33.780,4.83,296500
2020-08-06 09:37:33.960,4.83,30000
2020-08-06 09:37:34.110,4.833,1500
2020-08-06 09:37:34.110,4.83,270500
2020-08-06 09:37:34.160,4.83,1000
2020-08-06 09:37:35.140,4.831,1100
2020-08-06 09:37:35.860,4.83,7900
2020-08-06 09:37:36.180,4.831,30000
2020-08-06 09:37:36.910,4.83,18000
2020-08-06 09:37:37.680,4.83,50000
2020-08-06 09:37:37.800,4.83,700
2020-08-06 09:37:38.420,4.83,30000
2020-08-06 09:37:38.920,4.83,28700
2020-08-06 09:37:39.350,4.83,200
2020-08-06 09:37:40.280,4.83,6000
2020-08-06 09:37:41.370,4.829,1000
2020-08-06 09:37:44.240,4.83,500
2020-08-06 09:37:45.610,4.83,11300
2020-08-06 09:37:45.610,4.83,3700
2020-08-06 09:37:45.790,4.83,10000
2020-08-06 09:37:45.980,4.83,4000
2020-08-06 09:37:46.100,4.83,1000
2020-08-06 09:37:46.290,4.83,4000
2020-08-06 09:37:46.350,4.83,7500
2020-08-06 09:37:46.470,4.83,800
2020-08-06 09:37:46.670,4.829,500
2020-08-06 09:37:46.670,4.829,100
2020-08-06 09:37:46.670,4.827,600
2020-08-06 09:37:46.820,4.827,7000
2020-08-06 09:37:47.170,4.827,1000
2020-08-06 09:37:47.530,4.827,11000
2020-08-06 09:37:48.520,4.828,6100
2020-08-06 09:37:49.250,4.828,500
2020-08-06 09:37:49.310,4.828,41400
2020-08-06 09:37:49.310,4.829,1000
2020-08-06 09:37:49.310,4.829,19800
2020-08-06 09:37:49.310,4.83,700
2020-08-06 09:37:49.310,4.83,37100
2020-08-06 09:37:49.510,4.83,1600
2020-08-06 09:37:49.910,4.829,100
2020-08-06 09:37:49.970,4.829,197600
2020-08-06 09:37:50.170,4.83,11300
2020-08-06 09:37:50.170,4.83,18700
2020-08-06 09:37:50.610,4.83,10000
2020-08-06 09:37:51.120,4.829,5000
2020-08-06 09:37:51.640,4.83,100
2020-08-06 09:37:52.000,4.829,3100
2020-08-06 09:37:53.520,4.829,5000
2020-08-06 09:37:53.610,4.829,1000
2020-08-06 09:37:54.900,4.828,100
2020-08-06 09:37:54.900,4.827,1100
2020-08-06 09:37:56.010,4.83,5000
2020-08-06 09:37:56.010,4.828,5000
2020-08-06 09:37:56.010,4.827,1300
2020-08-06 09:37:56.010,4.827,200
2020-08-06 09:37:56.130,4.827,100
2020-08-06 09:37:57.250,4.83,4700
2020-08-06 09:37:57.630,4.83,14300
2020-08-06 09:37:57.630,4.829,6000
2020-08-06 09:38:00.980,4.828,600
2020-08-06 09:38:00.980,4.827,300
2020-08-06 09:38:00.980,4.827,5000
2020-08-06 09:38:00.980,4.827,20000
2020-08-06 09:38:00.980,4.827,5000
2020-08-06 09:38:00.980,4.827,1000
2020-08-06 09:38:00.980,4.827,10200
2020-08-06 09:38:01.880,4.829,100
2020-08-06 09:38:02.180,4.829,500
2020-08-06 09:38:02.380,4.829,30000
2020-08-06 09:38:02.470,4.829,200000
2020-08-06 09:38:03.140,4.828,100
2020-08-06 09:38:03.420,4.828,500
2020-08-06 09:38:03.420,4.829,288500
2020-08-06 09:38:03.880,4.829,60600
2020-08-06 09:38:03.880,4.829,1200
2020-08-06 09:38:03.880,4.829,29000
2020-08-06 09:38:04.790,4.829,200
2020-08-06 09:38:04.870,4.831,1900
2020-08-06 09:38:04.870,4.831,3000
2020-08-06 09:38:04.870,4.831,10000
2020-08-06 09:38:04.870,4.831,10000
2020-08-06 09:38:04.870,4.831,15000
2020-08-06 09:38:04.870,4.831,500
2020-08-06 09:38:05.480,4.831,1500
2020-08-06 09:38:05.690,4.832,80000
2020-08-06 09:38:05.870,4.832,1000
2020-08-06 09:38:05.940,4.832,2000
2020-08-06 09:38:07.720,4.832,2000
2020-08-06 09:38:08.240,4.832,100
2020-08-06 09:38:08.990,4.832,12000
2020-08-06 09:38:10.540,4.83,500
2020-08-06 09:38:11.470,4.833,5000
2020-08-06 09:38:12.270,4.833,300
2020-08-06 09:38:12.460,4.834,24000
2020-08-06 09:38:12.460,4.834,17000
2020-08-06 09:38:12.460,4.834,76500
2020-08-06 09:38:12.460,4.834,2000
2020-08-06 09:38:12.670,4.835,46900
2020-08-06 09:38:12.670,4.835,5000
2020-08-06 09:38:12.670,4.835,10000
2020-08-06 09:38:12.670,4.835,600
2020-08-06 09:38:12.670,4.835,1000
2020-08-06 09:38:12.670,4.835,3900
2020-08-06 09:38:12.670,4.835,2000
2020-08-06 09:38:13.000,4.833,3300
2020-08-06 09:38:13.370,4.833,20500
2020-08-06 09:38:14.140,4.833,13400
2020-08-06 09:38:16.400,4.833,400
2020-08-06 09:38:17.080,4.832,600
2020-08-06 09:38:17.670,4.835,39700
2020-08-06 09:38:17.860,4.834,200
2020-08-06 09:38:19.270,4.834,100
2020-08-06 09:38:19.840,4.834,700
2020-08-06 09:38:19.840,4.833,5000
2020-08-06 09:38:19.840,4.833,4300
2020-08-06 09:38:20.250,4.833,50000
2020-08-06 09:38:20.340,4.833,50000
2020-08-06 09:38:20.340,4.833,50000
2020-08-06 09:38:20.340,4.833,50000
2020-08-06 09:38:20.340,4.833,50000
2020-08-06 09:38:20.340,4.833,50000
2020-08-06 09:38:20.340,4.833,50000
2020-08-06 09:38:20.340,4.833,50000
2020-08-06 09:38:20.340,4.833,50000
2020-08-06 09:38:20.340,4.833,50000
2020-08-06 09:38:20.870,4.835,100
2020-08-06 09:38:23.260,4.835,5000
2020-08-06 09:38:24.380,4.834,500
2020-08-06 09:38:24.380,4.832,400
2020-08-06 09:38:25.510,4.833,5000
2020-08-06 09:38:25.510,4.835,5000
2020-08-06 09:38:26.240,4.833,2000
2020-08-06 09:38:27.340,4.833,2000
2020-08-06 09:38:27.440,4.834,3000
2020-08-06 09:38:27.490,4.833,900
2020-08-06 09:38:27.960,4.833,1200
2020-08-06 09:38:29.740,4.833,6800
2020-08-06 09:38:29.740,4.832,9000
2020-08-06 09:38:29.740,4.832,100
2020-08-06 09:38:29.740,4.832,100
2020-08-06 09:38:29.740,4.831,6700
2020-08-06 09:38:30.890,4.833,400
2020-08-06 09:38:33.260,4.833,100
2020-08-06 09:38:34.770,4.833,3900
2020-08-06 09:38:35.980,4.833,200
2020-08-06 09:38:36.580,4.832,1000
2020-08-06 09:38:36.580,4.832,1000
2020-08-06 09:38:37.450,4.832,6000
2020-08-06 09:38:38.770,4.832,43000
2020-08-06 09:38:38.770,4.832,1400
2020-08-06 09:38:38.770,4.832,200
2020-08-06 09:38:38.770,4.832,400
2020-08-06 09:38:38.970,4.833,2000
2020-08-06 09:38:39.270,4.833,100
2020-08-06 09:38:39.270,4.833,2000
2020-08-06 09:38:39.270,4.833,7000
2020-08-06 09:38:39.270,4.833,2300
2020-08-06 09:38:39.270,4.833,4300
2020-08-06 09:38:39.350,4.833,300
2020-08-06 09:38:39.790,4.831,400
2020-08-06 09:38:39.790,4.831,300
2020-08-06 09:38:39.790,4.831,100
2020-08-06 09:38:39.850,4.83,22700
2020-08-06 09:38:40.960,4.833,7400
2020-08-06 09:38:40.960,4.833,1000
2020-08-06 09:38:40.960,4.833,10000
2020-08-06 09:38:40.960,4.833,400
2020-08-06 09:38:40.960,4.833,12200
2020-08-06 09:38:41.110,4.833,2100
2020-08-06 09:38:41.400,4.83,56800
2020-08-06 09:38:41.400,4.83,10000
2020-08-06 09:38:41.400,4.83,18600
2020-08-06 09:38:41.550,4.833,2100
2020-08-06 09:38:41.670,4.833,2000
2020-08-06 09:38:42.530,4.833,1000
2020-08-06 09:38:42.740,4.831,4500
2020-08-06 09:38:42.820,4.833,8000
2020-08-06 09:38:44.710,4.832,500
2020-08-06 09:38:44.710,4.832,500
2020-08-06 09:38:45.560,4.832,10700
2020-08-06 09:38:46.020,4.832,5000
2020-08-06 09:38:46.830,4.831,200
2020-08-06 09:38:46.830,4.832,2400
2020-08-06 09:38:46.830,4.832,200
2020-08-06 09:38:46.970,4.83,200
2020-08-06 09:38:46.970,4.83,100
2020-08-06 09:38:47.050,4.83,1800
2020-08-06 09:38:47.080,4.83,10500
2020-08-06 09:38:47.540,4.83,200
2020-08-06 09:38:48.680,4.829,10000
2020-08-06 09:38:48.680,4.829,200
2020-08-06 09:38:48.680,4.829,300
2020-08-06 09:38:48.680,4.829,100
2020-08-06 09:38:48.680,4.829,5000
2020-08-06 09:38:48.680,4.829,300
2020-08-06 09:38:48.680,4.829,100
2020-08-06 09:38:48.680,4.829,11100
2020-08-06 09:38:48.680,4.828,5000
2020-08-06 09:38:48.680,4.828,5000
2020-08-06 09:38:48.680,4.828,200
2020-08-06 09:38:48.680,4.828,200
2020-08-06 09:38:48.680,4.828,7900
2020-08-06 09:38:49.580,4.829,100
2020-08-06 09:38:50.710,4.829,5000
2020-08-06 09:38:50.830,4.829,100
2020-08-06 09:38:51.680,4.829,3000
2020-08-06 09:38:52.640,4.829,5000
2020-08-06 09:38:53.990,4.829,200
2020-08-06 09:38:55.260,4.829,2000
2020-08-06 09:38:56.860,4.829,100
2020-08-06 09:38:57.420,4.829,44500
2020-08-06 09:38:57.600,4.829,3300
2020-08-06 09:38:58.330,4.829,500
2020-08-06 09:39:00.200,4.829,1000
2020-08-06 09:39:00.230,4.829,600
2020-08-06 09:39:01.210,4.829,2100
2020-08-06 09:39:01.210,4.828,5100
2020-08-06 09:39:01.210,4.828,300
2020-08-06 09:39:01.240,4.83,91200
2020-08-06 09:39:01.240,4.83,6000
2020-08-06 09:39:01.540,4.828,700
2020-08-06 09:39:01.540,4.828,100
2020-08-06 09:39:01.540,4.828,200
2020-08-06 09:39:02.080,4.83,500
2020-08-06 09:39:02.210,4.831,200
2020-08-06 09:39:02.490,4.83,1100
2020-08-06 09:39:02.770,4.832,3800
2020-08-06 09:39:02.770,4.832,4000
2020-08-06 09:39:02.770,4.832,2300
2020-08-06 09:39:02.770,4.832,80000
2020-08-06 09:39:03.260,4.83,500
2020-08-06 09:39:03.730,4.83,2000
2020-08-06 09:39:03.940,4.833,172600
2020-08-06 09:39:03.940,4.833,200
2020-08-06 09:39:03.940,4.833,30000
2020-08-06 09:39:04.090,4.83,1300
2020-08-06 09:39:04.680,4.83,16800
2020-08-06 09:39:04.860,4.834,2000
2020-08-06 09:39:04.860,4.834,10000
2020-08-06 09:39:06.480,4.83,200
2020-08-06 09:39:06.600,4.83,2800
2020-08-06 09:39:06.640,4.83,8100
2020-08-06 09:39:06.910,4.83,40000
2020-08-06 09:39:06.970,4.83,4400
2020-08-06 09:39:07.400,4.835,5900
2020-08-06 09:39:07.950,4.83,3900
2020-08-06 09:39:07.950,4.83,500
2020-08-06 09:39:07.950,4.829,200
2020-08-06 09:39:07.950,4.829,100
2020-08-06 09:39:07.950,4.829,2800
2020-08-06 09:39:09.050,4.835,100
2020-08-06 09:39:14.650,4.833,3400
2020-08-06 09:39:15.430,4.833,2500
2020-08-06 09:39:15.690,4.833,1200
2020-08-06 09:39:17.470,4.833,13900
2020-08-06 09:39:17.650,4.831,11000
2020-08-06 09:39:17.650,4.83,2000
2020-08-06 09:39:17.650,4.83,100
2020-08-06 09:39:17.650,4.83,2500
2020-08-06 09:39:17.650,4.83,4400
2020-08-06 09:39:21.720,4.83,600
2020-08-06 09:39:22.960,4.832,4400
2020-08-06 09:39:22.960,4.832,9600
2020-08-06 09:39:23.280,4.83,500
2020-08-06 09:39:23.540,4.83,3600
2020-08-06 09:39:23.540,4.83,10100
2020-08-06 09:39:23.540,4.83,500
2020-08-06 09:39:24.470,4.829,2200
2020-08-06 09:39:24.470,4.829,500
2020-08-06 09:39:24.470,4.829,200
2020-08-06 09:39:24.470,4.829,1200
2020-08-06 09:39:24.470,4.829,5000
2020-08-06 09:39:24.470,4.829,10000
2020-08-06 09:39:24.470,4.829,4500
2020-08-06 09:39:24.470,4.829,50000
2020-08-06 09:39:24.470,4.829,300
2020-08-06 09:39:24.470,4.829,200
2020-08-06 09:39:24.470,4.829,3000
2020-08-06 09:39:24.470,4.829,4000
2020-08-06 09:39:24.980,4.828,2000
2020-08-06 09:39:24.980,4.828,1000
2020-08-06 09:39:24.980,4.828,100
2020-08-06 09:39:24.980,4.828,1000
2020-08-06 09:39:24.980,4.828,500
2020-08-06 09:39:24.980,4.828,500
2020-08-06 09:39:24.980,4.828,1000
2020-08-06 09:39:24.980,4.828,50000
2020-08-06 09:39:25.930,4.829,20000
2020-08-06 09:39:27.750,4.828,500
2020-08-06 09:39:27.780,4.828,400
2020-08-06 09:39:28.210,4.827,39800
2020-08-06 09:39:28.210,4.827,15000
2020-08-06 09:39:28.210,4.827,100
2020-08-06 09:39:28.210,4.827,500
2020-08-06 09:39:28.210,4.827,10000
2020-08-06 09:39:28.210,4.827,20400
2020-08-06 09:39:28.410,4.827,29600
2020-08-06 09:39:28.410,4.827,200000
2020-08-06 09:39:28.410,4.827,1000
2020-08-06 09:39:28.410,4.827,200
2020-08-06 09:39:28.410,4.827,3000
2020-08-06 09:39:28.410,4.827,2000
2020-08-06 09:39:28.410,4.827,1100
2020-08-06 09:39:29.360,4.827,6500
2020-08-06 09:39:30.470,4.826,100
2020-08-06 09:39:30.470,4.826,29900
2020-08-06 09:39:30.580,4.827,200
2020-08-06 09:39:30.800,4.826,50100
2020-08-06 09:39:30.800,4.826,4000
2020-08-06 09:39:30.800,4.826,45900
2020-08-06 09:39:31.360,4.827,100
2020-08-06 09:39:32.170,4.827,300
2020-08-06 09:39:32.230,4.827,300
2020-08-06 09:39:33.890,4.829,5000
2020-08-06 09:39:34.270,4.829,100
2020-08-06 09:39:34.330,4.826,4100
2020-08-06 09:39:34.330,4.826,50000
2020-08-06 09:39:34.330,4.826,5900
2020-08-06 09:39:34.950,4.826,16800
2020-08-06 09:39:35.040,4.829,100
2020-08-06 09:39:35.540,4.827,700
2020-08-06 09:39:36.890,4.827,100
2020-08-06 09:39:37.370,4.829,20000
2020-08-06 09:39:41.190,4.829,41300
2020-08-06 09:39:41.190,4.827,12200
2020-08-06 09:39:41.820,4.827,200
2020-08-06 09:39:43.060,4.827,200
2020-08-06 09:39:45.110,4.826,600
2020-08-06 09:39:46.430,4.826,200
2020-08-06 09:39:46.630,4.827,5100
2020-08-06 09:39:46.630,4.827,200
2020-08-06 09:39:46.630,4.827,3000
2020-08-06 09:39:46.630,4.827,1700
2020-08-06 09:39:49.050,4.827,3000
2020-08-06 09:39:49.360,4.827,200
2020-08-06 09:39:49.550,4.827,5100
2020-08-06 09:39:50.350,4.827,1100
2020-08-06 09:39:50.860,4.827,400
2020-08-06 09:39:50.860,4.827,3700
2020-08-06 09:39:51.280,4.827,1600
2020-08-06 09:39:51.280,4.826,2400
2020-08-06 09:39:51.330,4.826,3200
2020-08-06 09:39:54.960,4.826,100
2020-08-06 09:39:55.140,4.827,500
2020-08-06 09:39:55.530,4.827,100
2020-08-06 09:39:56.900,4.827,2400
2020-08-06 09:39:56.900,4.827,100
2020-08-06 09:39:58.470,4.826,57300
2020-08-06 09:39:58.950,4.827,100
2020-08-06 09:39:59.600,4.828,5000
2020-08-06 09:40:01.380,4.828,3000
2020-08-06 09:40:01.690,4.827,19900
2020-08-06 09:40:02.510,4.827,2000
2020-08-06 09:40:02.770,4.827,500
2020-08-06 09:40:02.770,4.826,4700
2020-08-06 09:40:03.850,4.826,300
2020-08-06 09:40:03.960,4.827,1000
2020-08-06 09:40:04.140,4.827,100
2020-08-06 09:40:04.200,4.826,34700
2020-08-06 09:40:05.080,4.826,73800
2020-08-06 09:40:05.080,4.826,100
2020-08-06 09:40:05.080,4.826,1000
2020-08-06 09:40:05.080,4.826,4700
2020-08-06 09:40:05.080,4.826,20000
2020-08-06 09:40:05.080,4.826,5000
2020-08-06 09:40:05.080,4.826,300
2020-08-06 09:40:05.080,4.826,2000
2020-08-06 09:40:05.080,4.826,30000
2020-08-06 09:40:05.080,4.826,100
2020-08-06 09:40:05.080,4.826,100
2020-08-06 09:40:05.080,4.826,1000
2020-08-06 09:40:05.080,4.826,3000
2020-08-06 09:40:05.080,4.826,1000
2020-08-06 09:40:05.080,4.826,3000
2020-08-06 09:40:05.750,4.825,50000
2020-08-06 09:40:05.750,4.825,700
2020-08-06 09:40:05.750,4.825,1000
2020-08-06 09:40:05.750,4.825,20700
2020-08-06 09:40:05.750,4.825,3000
2020-08-06 09:40:05.750,4.825,100
2020-08-06 09:40:05.750,4.825,1100
2020-08-06 09:40:05.750,4.825,7200
2020-08-06 09:40:05.750,4.825,300
2020-08-06 09:40:05.750,4.825,500
2020-08-06 09:40:05.750,4.825,2500
2020-08-06 09:40:05.750,4.825,1000
2020-08-06 09:40:05.750,4.825,4800
2020-08-06 09:40:05.750,4.825,800
2020-08-06 09:40:05.750,4.825,2300
2020-08-06 09:40:06.000,4.826,9700
2020-08-06 09:40:06.690,4.826,5400
2020-08-06 09:40:07.880,4.826,200
2020-08-06 09:40:08.980,4.826,700
2020-08-06 09:40:09.400,4.826,100
2020-08-06 09:40:09.400,4.827,1700
2020-08-06 09:40:10.080,4.826,200
2020-08-06 09:40:11.160,4.826,100
2020-08-06 09:40:11.160,4.826,900
2020-08-06 09:40:11.920,4.826,100
2020-08-06 09:40:12.100,4.825,2200
2020-08-06 09:40:12.720,4.826,2600
2020-08-06 09:40:13.490,4.826,500
2020-08-06 09:40:14.090,4.825,5500
2020-08-06 09:40:14.090,4.825,530000
2020-08-06 09:40:14.090,4.825,10000
2020-08-06 09:40:14.090,4.825,5000
2020-08-06 09:40:14.090,4.825,1700
2020-08-06 09:40:14.090,4.825,6000
2020-08-06 09:40:14.090,4.825,17900
2020-08-06 09:40:20.770,4.825,100
2020-08-06 09:40:21.260,4.824,100
2020-08-06 09:40:21.260,4.824,100
2020-08-06 09:40:21.260,4.824,1300
2020-08-06 09:40:21.290,4.825,102700
2020-08-06 09:40:21.290,4.825,500
2020-08-06 09:40:21.290,4.825,2800
2020-08-06 09:40:21.570,4.826,6800
2020-08-06 09:40:21.570,4.826,500
2020-08-06 09:40:21.750,4.825,2000
2020-08-06 09:40:21.750,4.825,2100
2020-08-06 09:40:22.920,4.825,10000
2020-08-06 09:40:23.530,4.825,2000
2020-08-06 09:40:24.030,4.825,2800
2020-08-06 09:40:26.160,4.825,100
2020-08-06 09:40:26.160,4.824,1700
2020-08-06 09:40:26.160,4.824,500
2020-08-06 09:40:26.160,4.824,200
2020-08-06 09:40:26.160,4.824,1000
2020-08-06 09:40:26.160,4.824,25500
2020-08-06 09:40:26.160,4.824,3000
2020-08-06 09:40:27.160,4.824,2000
2020-08-06 09:40:27.530,4.824,200
2020-08-06 09:40:27.670,4.824,1000
2020-08-06 09:40:29.690,4.823,3000
2020-08-06 09:40:29.690,4.822,48500
2020-08-06 09:40:30.350,4.823,10000
2020-08-06 09:40:31.050,4.822,30000
2020-08-06 09:40:31.170,4.823,4800
2020-08-06 09:40:31.480,4.823,200
2020-08-06 09:40:31.820,4.822,7700
2020-08-06 09:40:31.820,4.822,1000
2020-08-06 09:40:31.820,4.822,2100
2020-08-06 09:40:31.820,4.822,50000
2020-08-06 09:40:31.820,4.822,300
2020-08-06 09:40:31.820,4.822,1000
2020-08-06 09:40:31.820,4.822,400
2020-08-06 09:40:31.820,4.822,3000
2020-08-06 09:40:31.820,4.822,300
2020-08-06 09:40:31.820,4.822,2000
2020-08-06 09:40:31.820,4.822,9900
2020-08-06 09:40:31.820,4.822,1000
2020-08-06 09:40:31.820,4.822,2000
2020-08-06 09:40:31.820,4.822,300
2020-08-06 09:40:31.820,4.822,2000
2020-08-06 09:40:31.820,4.822,100
2020-08-06 09:40:32.480,4.822,2000
2020-08-06 09:40:32.480,4.821,400
2020-08-06 09:40:32.480,4.821,18300
2020-08-06 09:40:33.510,4.822,5000
2020-08-06 09:40:33.570,4.821,81700
2020-08-06 09:40:33.570,4.821,20000
2020-08-06 09:40:33.570,4.821,20000
2020-08-06 09:40:33.570,4.821,600
2020-08-06 09:40:33.570,4.821,1000
2020-08-06 09:40:33.570,4.821,2500
2020-08-06 09:40:33.720,4.821,20000
2020-08-06 09:40:33.930,4.821,500
2020-08-06 09:40:35.190,4.82,11000
2020-08-06 09:40:35.190,4.82,4000
2020-08-06 09:40:35.710,4.821,300
2020-08-06 09:40:36.210,4.821,10000
2020-08-06 09:40:37.400,4.82,6000
2020-08-06 09:40:37.400,4.82,10000
2020-08-06 09:40:37.400,4.82,14000
2020-08-06 09:40:37.820,4.82,10000
2020-08-06 09:40:38.660,4.821,2000
2020-08-06 09:40:39.420,4.82,24700
2020-08-06 09:40:40.230,4.821,1000
2020-08-06 09:40:40.230,4.82,900
2020-08-06 09:40:40.470,4.82,100
2020-08-06 09:40:42.700,4.821,7000
2020-08-06 09:40:43.440,4.821,200
2020-08-06 09:40:43.500,4.82,19700
2020-08-06 09:40:43.730,4.82,30600
2020-08-06 09:40:43.730,4.82,300
2020-08-06 09:40:43.730,4.82,1000
2020-08-06 09:40:43.730,4.82,300
2020-08-06 09:40:43.730,4.82,2000
2020-08-06 09:40:43.730,4.82,400
2020-08-06 09:40:43.730,4.82,4500
2020-08-06 09:40:43.730,4.82,1000
2020-08-06 09:40:43.730,4.82,200
2020-08-06 09:40:43.730,4.82,10000
2020-08-06 09:40:43.730,4.82,500
2020-08-06 09:40:43.730,4.82,3000
2020-08-06 09:40:43.730,4.82,500
2020-08-06 09:40:43.730,4.82,5000
2020-08-06 09:40:43.730,4.82,200
2020-08-06 09:40:43.730,4.82,1000
2020-08-06 09:40:43.730,4.82,15000
2020-08-06 09:40:43.730,4.82,2000
2020-08-06 09:40:43.730,4.82,300
2020-08-06 09:40:43.730,4.82,200
2020-08-06 09:40:43.730,4.82,10000
2020-08-06 09:40:43.730,4.82,500
2020-08-06 09:40:43.730,4.82,500
2020-08-06 09:40:43.730,4.82,500
2020-08-06 09:40:43.730,4.82,5000
2020-08-06 09:40:43.730,4.82,500
2020-08-06 09:40:43.730,4.82,1000
2020-08-06 09:40:43.730,4.82,300
2020-08-06 09:40:43.730,4.82,2000
2020-08-06 09:40:43.730,4.82,201800
2020-08-06 09:40:43.850,4.82,300000
2020-08-06 09:40:44.250,4.821,1000
2020-08-06 09:40:44.520,4.82,500
2020-08-06 09:40:44.900,4.821,1800
2020-08-06 09:40:44.900,4.821,48200
2020-08-06 09:40:45.420,4.82,2400
2020-08-06 09:40:45.690,4.821,400
2020-08-06 09:40:46.410,4.821,4000
2020-08-06 09:40:47.190,4.82,200
2020-08-06 09:40:47.190,4.82,1500
2020-08-06 09:40:47.690,4.82,100
2020-08-06 09:40:47.690,4.82,400
2020-08-06 09:40:47.890,4.819,10000
2020-08-06 09:40:47.890,4.819,1500
2020-08-06 09:40:47.890,4.819,2000
2020-08-06 09:40:47.890,4.818,7700
2020-08-06 09:40:49.150,4.82,200
2020-08-06 09:40:51.430,4.818,1500
2020-08-06 09:40:52.140,4.82,200
2020-08-06 09:40:52.590,4.82,2000
2020-08-06 09:40:53.640,4.818,10400
2020-08-06 09:40:54.090,4.82,2000
2020-08-06 09:40:56.170,4.82,100
2020-08-06 09:40:56.170,4.82,5500
2020-08-06 09:40:56.220,4.818,3000
2020-08-06 09:40:57.300,4.82,4300
2020-08-06 09:40:57.410,4.82,200
2020-08-06 09:40:58.090,4.82,400
2020-08-06 09:40:58.640,4.82,2500
2020-08-06 09:40:59.140,4.82,100
2020-08-06 09:40:59.640,4.82,100
2020-08-06 09:41:00.250,4.82,5100
2020-08-06 09:41:02.610,4.818,5200
2020-08-06 09:41:03.720,4.82,100
2020-08-06 09:41:03.840,4.819,10700
2020-08-06 09:41:04.490,4.82,33500
2020-08-06 09:41:04.490,4.82,6000
2020-08-06 09:41:04.490,4.82,4400
2020-08-06 09:41:04.490,4.82,2000
2020-08-06 09:41:04.490,4.82,50000
2020-08-06 09:41:04.490,4.82,5000
2020-08-06 09:41:04.490,4.82,1000
2020-08-06 09:41:04.490,4.82,1000
2020-08-06 09:41:04.680,4.819,9900
2020-08-06 09:41:05.840,4.821,1100
2020-08-06 09:41:05.840,4.821,8900
2020-08-06 09:41:06.380,4.82,200
2020-08-06 09:41:06.380,4.819,9500
2020-08-06 09:41:06.830,4.821,7300
2020-08-06 09:41:07.920,4.82,100
2020-08-06 09:41:07.920,4.82,100
2020-08-06 09:41:09.020,4.821,5000
2020-08-06 09:41:09.580,4.821,31000
2020-08-06 09:41:10.240,4.822,9000
2020-08-06 09:41:10.240,4.822,2000
2020-08-06 09:41:11.240,4.823,1400
2020-08-06 09:41:11.780,4.824,600
2020-08-06 09:41:11.780,4.824,5000
2020-08-06 09:41:12.310,4.82,400
2020-08-06 09:41:12.310,4.82,600
2020-08-06 09:41:12.370,4.825,100
2020-08-06 09:41:15.760,4.822,2000
2020-08-06 09:41:16.430,4.826,100
2020-08-06 09:41:16.720,4.826,1000
2020-08-06 09:41:17.140,4.826,103800
2020-08-06 09:41:17.460,4.822,22700
2020-08-06 09:41:17.460,4.821,12300
2020-08-06 09:41:18.130,4.821,7500
2020-08-06 09:41:18.570,4.821,1000
2020-08-06 09:41:19.040,4.821,15500
2020-08-06 09:41:21.110,4.823,100
2020-08-06 09:41:21.250,4.823,3000
2020-08-06 09:41:22.550,4.822,200
2020-08-06 09:41:23.380,4.823,100
2020-08-06 09:41:24.550,4.823,6200
2020-08-06 09:41:24.700,4.823,10200
2020-08-06 09:41:24.700,4.823,100
2020-08-06 09:41:25.800,4.823,30000
2020-08-06 09:41:26.470,4.823,20000
2020-08-06 09:41:26.680,4.822,10000
2020-08-06 09:41:26.680,4.821,68600
2020-08-06 09:41:26.680,4.821,1000
2020-08-06 09:41:26.680,4.821,600
2020-08-06 09:41:26.680,4.821,100
2020-08-06 09:41:28.650,4.821,400
2020-08-06 09:41:28.790,4.821,20000
2020-08-06 09:41:29.290,4.821,4200
2020-08-06 09:41:29.960,4.821,95100
2020-08-06 09:41:29.960,4.823,204900
2020-08-06 09:41:30.740,4.823,500
2020-08-06 09:41:31.060,4.822,100
2020-08-06 09:41:31.750,4.823,13000
2020-08-06 09:41:32.420,4.822,100
2020-08-06 09:41:32.680,4.821,26300
2020-08-06 09:41:33.140,4.82,400
2020-08-06 09:41:33.430,4.821,200
2020-08-06 09:41:33.490,4.821,8400
2020-08-06 09:41:34.160,4.823,1000
2020-08-06 09:41:35.790,4.823,3000
2020-08-06 09:41:35.850,4.823,200
2020-08-06 09:41:37.910,4.821,500
2020-08-06 09:41:37.910,4.821,2200
2020-08-06 09:41:38.200,4.821,3000
2020-08-06 09:41:38.260,4.821,1300
2020-08-06 09:41:38.580,4.821,2500
2020-08-06 09:41:38.690,4.821,3500
2020-08-06 09:41:38.690,4.82,1000
2020-08-06 09:41:38.690,4.82,1100
2020-08-06 09:41:38.690,4.82,100
2020-08-06 09:41:38.690,4.82,9600
2020-08-06 09:41:43.090,4.822,3000
2020-08-06 09:41:43.440,4.822,4000
2020-08-06 09:41:43.440,4.822,500
2020-08-06 09:41:45.140,4.822,200
2020-08-06 09:41:46.260,4.822,3900
2020-08-06 09:41:46.260,4.822,11100
2020-08-06 09:41:46.290,4.823,300
2020-08-06 09:41:47.030,4.822,1000
2020-08-06 09:41:47.120,4.822,1100
2020-08-06 09:41:47.390,4.823,100
2020-08-06 09:41:47.560,4.822,200
2020-08-06 09:41:49.860,4.822,10000
2020-08-06 09:41:50.000,4.822,20000
2020-08-06 09:41:50.360,4.822,2500
2020-08-06 09:41:50.810,4.822,100
2020-08-06 09:41:51.050,4.822,10000
2020-08-06 09:41:51.660,4.822,200
2020-08-06 09:41:53.800,4.822,400
2020-08-06 09:41:53.800,4.823,2600
2020-08-06 09:41:54.570,4.823,500
2020-08-06 09:41:55.890,4.823,300
2020-08-06 09:41:56.660,4.823,3000
2020-08-06 09:41:56.950,4.823,900
2020-08-06 09:41:56.950,4.823,10000
2020-08-06 09:41:56.950,4.823,7600
2020-08-06 09:41:56.950,4.823,500
2020-08-06 09:41:56.950,4.823,1000
2020-08-06 09:41:57.530,4.823,2500
2020-08-06 09:41:59.400,4.823,1500
2020-08-06 09:41:59.400,4.823,2200
2020-08-06 09:42:00.250,4.823,2000
2020-08-06 09:42:00.250,4.823,300
2020-08-06 09:42:01.160,4.823,700
2020-08-06 09:42:01.160,4.823,4200
2020-08-06 09:42:01.160,4.823,100
2020-08-06 09:42:01.160,4.822,2000
2020-08-06 09:42:01.160,4.821,300
2020-08-06 09:42:01.160,4.821,1000
2020-08-06 09:42:01.160,4.821,400
2020-08-06 09:42:01.160,4.821,100
2020-08-06 09:42:01.160,4.821,600
2020-08-06 09:42:01.160,4.821,10000
2020-08-06 09:42:02.170,4.821,600
2020-08-06 09:42:02.170,4.821,5000
2020-08-06 09:42:02.170,4.821,1000
2020-08-06 09:42:02.170,4.823,59200
2020-08-06 09:42:02.200,4.823,800
2020-08-06 09:42:03.010,4.823,10000
2020-08-06 09:42:05.060,4.82,10800
2020-08-06 09:42:05.220,4.821,100
2020-08-06 09:42:05.590,4.821,500
2020-08-06 09:42:06.100,4.821,2500
2020-08-06 09:42:06.600,4.82,200
2020-08-06 09:42:06.960,4.821,1000
2020-08-06 09:42:07.130,4.82,9400
2020-08-06 09:42:07.130,4.82,10000
2020-08-06 09:42:07.130,4.82,10000
2020-08-06 09:42:07.130,4.82,200
2020-08-06 09:42:07.130,4.82,1000
2020-08-06 09:42:07.130,4.82,200
2020-08-06 09:42:07.130,4.82,1000
2020-08-06 09:42:07.130,4.82,2000
2020-08-06 09:42:07.130,4.82,500
2020-08-06 09:42:07.130,4.82,5000
2020-08-06 09:42:07.130,4.82,1000
2020-08-06 09:42:07.130,4.82,1000
2020-08-06 09:42:07.130,4.82,8000
2020-08-06 09:42:07.130,4.82,1000
2020-08-06 09:42:07.130,4.82,19200
2020-08-06 09:42:07.130,4.82,5000
2020-08-06 09:42:07.130,4.82,10000
2020-08-06 09:42:07.130,4.82,3000
2020-08-06 09:42:07.130,4.82,200
2020-08-06 09:42:07.130,4.82,1500
2020-08-06 09:42:07.130,4.82,500
2020-08-06 09:42:07.130,4.82,36500
2020-08-06 09:42:07.410,4.821,500
2020-08-06 09:42:07.600,4.82,300100
2020-08-06 09:42:08.260,4.821,20000
2020-08-06 09:42:08.830,4.82,100
2020-08-06 09:42:08.890,4.82,299800
2020-08-06 09:42:09.250,4.82,3000
2020-08-06 09:42:09.460,4.82,8400
2020-08-06 09:42:10.300,4.821,17000
2020-08-06 09:42:10.630,4.82,200
2020-08-06 09:42:10.930,4.82,251900
2020-08-06 09:42:10.930,4.82,100
2020-08-06 09:42:10.930,4.82,48100
2020-08-06 09:42:11.050,4.821,5000
2020-08-06 09:42:11.050,4.82,315000
2020-08-06 09:42:11.340,4.82,300000
2020-08-06 09:42:11.460,4.82,2000
2020-08-06 09:42:11.640,4.82,20000
2020-08-06 09:42:11.640,4.82,20000
2020-08-06 09:42:11.860,4.82,10000
2020-08-06 09:42:11.940,4.82,10000
2020-08-06 09:42:11.940,4.82,10000
2020-08-06 09:42:12.190,4.82,164900
2020-08-06 09:42:12.190,4.82,300
2020-08-06 09:42:12.190,4.82,3000
2020-08-06 09:42:12.190,4.82,1000
2020-08-06 09:42:12.190,4.82,5000
2020-08-06 09:42:12.190,4.82,5000
2020-08-06 09:42:12.190,4.82,10000
2020-08-06 09:42:12.190,4.82,4300
2020-08-06 09:42:12.190,4.82,5000
2020-08-06 09:42:12.190,4.82,3000
2020-08-06 09:42:12.190,4.82,2500
2020-08-06 09:42:12.230,4.819,10000
2020-08-06 09:42:12.230,4.819,300
2020-08-06 09:42:12.230,4.819,1500
2020-08-06 09:42:12.230,4.819,7400
2020-08-06 09:42:12.230,4.819,400
2020-08-06 09:42:12.230,4.819,400
2020-08-06 09:42:15.520,4.819,9600
2020-08-06 09:42:15.520,4.819,5000
2020-08-06 09:42:15.520,4.819,5400
2020-08-06 09:42:15.580,4.819,20000
2020-08-06 09:42:17.610,4.82,1000
2020-08-06 09:42:17.990,4.819,700
2020-08-06 09:42:17.990,4.819,173900
2020-08-06 09:42:18.260,4.819,4100
2020-08-06 09:42:20.580,4.818,2200
2020-08-06 09:42:20.580,4.818,600
2020-08-06 09:42:20.580,4.818,100
2020-08-06 09:42:20.580,4.818,5000
2020-08-06 09:42:20.580,4.818,7500
2020-08-06 09:42:20.580,4.818,3000
2020-08-06 09:42:20.580,4.818,1400
2020-08-06 09:42:20.580,4.818,200
2020-08-06 09:42:21.930,4.818,100
2020-08-06 09:42:21.930,4.818,4000
2020-08-06 09:42:21.930,4.818,5000
2020-08-06 09:42:21.930,4.818,900
2020-08-06 09:42:23.010,4.819,100
2020-08-06 09:42:23.160,4.818,100
2020-08-06 09:42:23.290,4.819,2000
2020-08-06 09:42:23.720,4.818,1000
2020-08-06 09:42:23.720,4.818,300
2020-08-06 09:42:23.720,4.818,2000
2020-08-06 09:42:23.720,4.818,500
2020-08-06 09:42:23.720,4.818,200
2020-08-06 09:42:23.720,4.818,5000
2020-08-06 09:42:23.720,4.818,3000
2020-08-06 09:42:23.720,4.818,3400
2020-08-06 09:42:23.720,4.818,2600
2020-08-06 09:42:23.780,4.819,2600
2020-08-06 09:42:23.810,4.818,2400
2020-08-06 09:42:23.810,4.818,500
2020-08-06 09:42:23.810,4.818,1800
2020-08-06 09:42:23.810,4.818,2000
2020-08-06 09:42:24.160,4.817,1200
2020-08-06 09:42:24.160,4.817,1000
2020-08-06 09:42:24.160,4.817,1000
2020-08-06 09:42:24.160,4.817,4600
2020-08-06 09:42:24.160,4.817,100
2020-08-06 09:42:24.160,4.817,12100
2020-08-06 09:42:24.610,4.818,8000
2020-08-06 09:42:26.220,4.817,1500
2020-08-06 09:42:26.220,4.817,3500
2020-08-06 09:42:26.220,4.817,100
2020-08-06 09:42:26.220,4.817,50000
2020-08-06 09:42:26.220,4.817,200
2020-08-06 09:42:26.220,4.816,1000
2020-08-06 09:42:26.220,4.816,20900
2020-08-06 09:42:26.220,4.816,5000
2020-08-06 09:42:26.220,4.816,30000
2020-08-06 09:42:26.220,4.816,27800
2020-08-06 09:42:26.220,4.816,500
2020-08-06 09:42:26.220,4.816,1500
2020-08-06 09:42:27.430,4.816,600
2020-08-06 09:42:27.430,4.816,20000
2020-08-06 09:42:31.980,4.817,300100
2020-08-06 09:42:31.980,4.817,300000
2020-08-06 09:42:31.980,4.817,800
2020-08-06 09:42:32.190,4.817,100000
2020-08-06 09:42:34.580,4.816,100
2020-08-06 09:42:34.800,4.817,2100
2020-08-06 09:42:34.800,4.818,900
2020-08-06 09:42:35.780,4.816,22000
2020-08-06 09:42:36.160,4.816,1000
2020-08-06 09:42:36.370,4.816,2700
2020-08-06 09:42:37.930,4.818,5500
2020-08-06 09:42:38.120,4.818,100
2020-08-06 09:42:38.320,4.818,3500
2020-08-06 09:42:38.320,4.818,100
2020-08-06 09:42:38.320,4.818,4400
2020-08-06 09:42:38.320,4.818,2000
2020-08-06 09:42:38.470,4.818,2500
2020-08-06 09:42:38.570,4.816,1000
