Datetime,Lastprice,Volume,Precloseprice,AvgPrice,Iopv,Netvalue,Bid[0],BidQty[0],Bid[1],BidQty[1],Bid[2],BidQty[2],Bid[3],BidQty[3],Bid[4],BidQty[4],Bid[5],BidQty[5],Bid[6],BidQty[6],Bid[7],BidQty[7],Bid[8],BidQty[8],Bid[9],BidQty[9],Ask[0],AskQty[0],Ask[1],AskQty[1],Ask[2],AskQty[2],Ask[3],AskQty[3],Ask[4],AskQty[4],Ask[5],AskQty[5],Ask[6],AskQty[6],Ask[7],AskQty[7],Ask[8],AskQty[8],Ask[9],AskQty[9]
2020-08-06 09:25:00.320,2.991,18500.0,2.946,2.991,2.944,2.944,2.946,5000,2.938,1000,2.91,8000,2.895,5000,2.866,1000,2.827,700,2.66,8500,2.653,1300,2.651,100,0.0,0,2.991,3100,2.993,2100,2.994,6800,2.995,14400,2.998,12800,2.999,63900,3.0,127900,3.01,800,3.02,12800,3.03,10000
2020-08-06 09:30:01.060,2.99,3000.0,2.946,2.99086,2.947,2.944,2.947,1000,2.946,5000,2.938,1000,2.922,7500,2.911,2000,2.91,18000,2.895,5000,2.866,21000,2.827,700,2.66,8500,2.99,18100,2.991,24900,2.993,2100,2.994,75000,2.995,21500,2.998,12800,2.999,63900,3.0,122900,3.007,5200,3.01,800
2020-08-06 09:30:05.740,2.99,3000.0,2.946,2.987204,2.946,2.944,2.946,4000,2.938,1000,2.922,7500,2.912,2000,2.911,2000,2.91,18000,2.9,100,2.895,5000,2.866,21000,2.827,700,2.99,17100,2.991,34300,2.993,2100,2.994,75000,2.995,16500,2.998,9600,2.999,65600,3.0,122900,3.007,5200,3.01,800
2020-08-06 09:30:22.900,2.946,1000.0,2.946,2.985588,2.95,2.944,2.946,3000,2.945,10000,2.938,1000,2.929,60000,2.922,7500,2.912,2000,2.911,2000,2.91,18000,2.9,100,2.895,5000,2.981,1000,2.989,36800,2.99,18600,2.991,37600,2.993,2100,2.994,76500,2.995,16500,2.998,9600,2.999,65600,3.0,72700
2020-08-06 09:30:31.050,2.95,500.0,2.946,2.9849040000000002,2.951,2.944,2.95,600,2.946,3000,2.945,10000,2.938,1000,2.929,60000,2.922,7500,2.912,2000,2.911,2000,2.91,18000,2.9,100,2.981,1000,2.989,36800,2.99,18600,2.991,37600,2.993,2100,2.994,76500,2.995,16500,2.998,9600,2.999,65600,3.0,56300
2020-08-06 09:30:46.160,2.95,600.0,2.946,2.984117,2.95,2.944,2.946,3000,2.945,10000,2.938,1000,2.929,60000,2.922,7500,2.912,2000,2.911,2000,2.91,18000,2.9,100,2.895,5000,2.95,5400,2.98,10000,2.981,1000,2.989,36800,2.99,18600,2.991,37300,2.993,2100,2.994,76500,2.995,16500,2.998,9600
2020-08-06 09:31:04.880,2.95,3200.0,2.946,2.980453,2.949,2.944,2.946,3000,2.938,1000,2.929,60000,2.922,7500,2.912,2000,2.911,2000,2.91,18000,2.9,3100,2.895,5000,2.866,21000,2.95,2200,2.979,35100,2.98,10000,2.981,1000,2.988,30300,2.989,30000,2.99,18600,2.991,18100,2.993,2100,2.994,76500
2020-08-06 09:31:16.030,2.946,2000.0,2.946,2.978286,2.948,2.944,2.946,1000,2.942,10000,2.938,1000,2.929,60000,2.922,7500,2.912,2000,2.911,2000,2.91,18000,2.9,3100,2.895,5000,2.95,2200,2.979,35100,2.98,10000,2.981,1000,2.988,30300,2.989,30000,2.99,18600,2.991,18100,2.993,2100,2.994,3500
2020-08-06 09:31:44.790,2.946,600.0,2.946,2.977688,2.95,2.944,2.946,400,2.942,10000,2.938,1000,2.929,60000,2.922,7500,2.912,2000,2.911,2000,2.91,18000,2.9,3100,2.895,5000,2.95,2200,2.953,10000,2.979,35100,2.98,10000,2.981,1000,2.988,30300,2.989,30000,2.99,26600,2.991,18100,2.993,2100
2020-08-06 09:32:02.950,2.946,200.0,2.946,2.977494,2.948,2.944,2.946,10400,2.944,5000,2.943,10000,2.942,10000,2.938,1000,2.93,2000,2.929,60000,2.922,7500,2.912,2000,2.911,2000,2.949,6800,2.95,2200,2.953,10000,2.979,38100,2.98,10000,2.981,1000,2.988,30300,2.989,30000,2.99,26600,2.991,18100
2020-08-06 09:32:19.070,2.949,500.0,2.946,2.9770630000000002,2.947,2.944,2.946,10400,2.944,5000,2.943,10000,2.942,10000,2.938,1000,2.93,2000,2.929,60000,2.922,7500,2.912,2000,2.911,2000,2.949,6300,2.95,12200,2.953,10000,2.979,38100,2.981,1000,2.988,30300,2.989,30000,2.99,26600,2.991,18100,2.993,2100
2020-08-06 09:33:35.770,2.947,7200.0,2.946,2.971692,2.947,2.944,2.946,3200,2.944,5000,2.938,1000,2.93,2000,2.929,60000,2.922,7500,2.92,10800,2.912,2000,2.911,2000,2.91,18000,2.949,20900,2.95,12200,2.953,10000,2.979,8100,2.981,1000,2.982,1000,2.988,30300,2.99,33400,2.991,18100,2.993,2100
2020-08-06 09:33:52.120,2.946,3200.0,2.946,2.969802,2.949,2.944,2.944,5000,2.938,1000,2.93,2000,2.929,60000,2.922,7500,2.92,10800,2.912,2000,2.911,2000,2.91,18000,2.904,10000,2.946,20900,2.947,3200,2.949,20900,2.95,12200,2.953,10000,2.979,8100,2.981,1000,2.982,1000,2.988,30300,2.99,33400
2020-08-06 09:34:04.060,2.944,2700.0,2.946,2.9682939999999998,2.951,2.944,2.944,2300,2.941,10000,2.938,1000,2.93,2000,2.929,60000,2.922,7500,2.92,10800,2.912,2000,2.911,2000,2.91,18000,2.946,20900,2.947,3200,2.949,12900,2.95,12200,2.953,10000,2.979,8100,2.981,1000,2.982,1000,2.988,30300,2.99,33400
2020-08-06 09:34:16.350,2.944,2300.0,2.946,2.967142,2.951,2.944,2.941,10000,2.938,1000,2.93,2000,2.929,60000,2.922,7500,2.92,10800,2.912,2000,2.911,2000,2.91,18000,2.904,10000,2.944,5700,2.946,20900,2.947,3200,2.949,12900,2.95,12200,2.953,10000,2.979,8100,2.981,1000,2.982,1000,2.988,30300
2020-08-06 09:34:35.270,2.942,3000.0,2.946,2.965678,2.952,2.944,2.942,29000,2.941,10000,2.938,1000,2.93,2000,2.929,60000,2.922,7500,2.92,10800,2.912,2000,2.911,2000,2.91,18000,2.944,5700,2.946,20900,2.947,3200,2.949,12900,2.95,2200,2.953,10000,2.979,8100,2.981,1000,2.982,1000,2.988,30300
2020-08-06 09:34:38.370,2.944,500.0,2.946,2.9654689999999997,2.952,2.944,2.942,29000,2.941,10000,2.938,1000,2.93,2000,2.929,60000,2.922,7500,2.92,10800,2.912,2000,2.911,2000,2.91,18000,2.944,5200,2.946,20900,2.947,3200,2.949,12900,2.95,2200,2.953,10000,2.979,8100,2.981,1000,2.982,1000,2.988,30300
2020-08-06 09:34:39.830,2.942,3500.0,2.946,2.9639889999999998,2.952,2.944,2.942,25500,2.941,10000,2.938,1000,2.93,2000,2.929,60000,2.922,7500,2.92,10800,2.912,2000,2.911,2000,2.91,18000,2.944,5200,2.946,20900,2.947,3200,2.949,12900,2.95,2200,2.953,10000,2.979,8100,2.981,1000,2.982,1000,2.988,30300
2020-08-06 09:34:48.740,2.944,2000.0,2.946,2.963294,2.952,2.944,2.942,35500,2.941,10000,2.938,1000,2.93,2000,2.929,60000,2.922,7500,2.92,10800,2.912,2000,2.911,2000,2.91,18000,2.944,3200,2.946,20900,2.947,3200,2.949,12900,2.95,2200,2.953,10000,2.979,8100,2.981,1000,2.982,1000,2.988,30300
2020-08-06 09:35:05.090,2.944,3200.0,2.946,2.962277,2.952,2.944,2.944,26800,2.942,35500,2.941,10000,2.938,1000,2.93,2000,2.929,60000,2.922,7500,2.92,10800,2.912,2000,2.911,2000,2.946,20900,2.947,3200,2.949,12900,2.95,2200,2.953,10000,2.979,8100,2.981,1000,2.982,1000,2.988,30300,2.99,33400
2020-08-06 09:35:20.260,2.946,20900.0,2.946,2.958108,2.954,2.944,2.946,9100,2.942,35500,2.941,10000,2.938,1000,2.93,2000,2.929,60000,2.922,7500,2.92,10800,2.912,2000,2.911,2000,2.947,3200,2.949,12900,2.95,2200,2.953,10000,2.979,8100,2.981,1000,2.982,1000,2.988,30300,2.99,33400,2.991,18100
2020-08-06 09:35:34.520,2.942,2200.0,2.946,2.95769,2.954,2.944,2.942,33500,2.941,10000,2.938,1000,2.93,2000,2.929,60000,2.922,7500,2.92,10800,2.912,2000,2.911,2000,2.91,18000,2.947,3200,2.949,12900,2.979,8100,2.981,1000,2.982,1000,2.988,30300,2.99,33400,2.991,18100,2.993,2100,2.994,3500
2020-08-06 09:35:38.420,2.947,900.0,2.946,2.957576,2.954,2.944,2.942,33500,2.941,10000,2.938,1000,2.93,2000,2.929,60000,2.922,7500,2.92,10800,2.912,2000,2.911,2000,2.91,18000,2.947,2300,2.949,12900,2.979,8100,2.981,1000,2.982,1000,2.988,30300,2.99,33400,2.991,18100,2.993,2100,2.994,3500
2020-08-06 09:35:42.200,2.947,2300.0,2.946,2.957297,2.954,2.944,2.947,27700,2.942,33500,2.941,10000,2.938,1000,2.93,2000,2.929,60000,2.922,7500,2.92,10800,2.912,2000,2.911,2000,2.949,12900,2.979,8100,2.981,1000,2.982,1000,2.988,30300,2.99,33400,2.991,18100,2.993,2100,2.994,3500,2.995,16500
2020-08-06 09:35:45.800,2.949,12900.0,2.946,2.956225,2.955,2.944,2.949,17100,2.947,27700,2.942,33500,2.941,10000,2.938,1000,2.93,2000,2.929,60000,2.922,7500,2.92,10800,2.912,2000,2.979,8100,2.981,1000,2.982,1000,2.988,30300,2.99,33400,2.991,18100,2.993,2100,2.994,3500,2.995,16500,2.998,9600
2020-08-06 09:36:01.110,2.947,1200.0,2.946,2.956116,2.957,2.944,2.947,26500,2.945,10000,2.942,10000,2.941,10000,2.938,1000,2.93,2000,2.929,60000,2.922,7500,2.92,10800,2.912,2000,2.979,8100,2.981,1000,2.982,1000,2.988,30300,2.99,33400,2.991,18100,2.993,2100,2.994,3500,2.995,16500,2.998,9600
2020-08-06 09:36:35.400,2.949,8200.0,2.946,2.955582,2.96,2.944,2.949,21800,2.948,15000,2.947,26500,2.945,10000,2.942,10000,2.938,1000,2.93,2000,2.929,60000,2.922,7500,2.92,10800,2.977,30000,2.978,10000,2.979,8100,2.981,1000,2.982,1000,2.988,30300,2.99,33400,2.991,18100,2.993,2100,2.994,3500
2020-08-06 09:36:59.520,2.949,5000.0,2.946,2.955294,2.957,2.944,2.949,16800,2.948,15000,2.947,26500,2.945,10300,2.942,10000,2.938,1000,2.93,2000,2.929,60000,2.922,7500,2.92,10800,2.976,10000,2.977,30000,2.978,10000,2.979,8100,2.981,1000,2.982,1000,2.988,30300,2.99,33400,2.991,18100,2.993,2100
2020-08-06 09:37:18.060,2.949,2000.0,2.946,2.955186,2.957,2.944,2.949,14800,2.948,15000,2.947,26500,2.945,300,2.942,10000,2.938,1000,2.93,2000,2.929,60000,2.922,7500,2.92,10800,2.975,30000,2.976,10000,2.977,30000,2.978,10000,2.979,8100,2.981,1000,2.982,1000,2.988,30300,2.99,33400,2.991,18100
2020-08-06 09:37:22.220,2.975,5000.0,2.946,2.9560020000000002,2.954,2.944,2.95,50000,2.949,14800,2.948,15000,2.947,26500,2.945,300,2.938,1000,2.93,2000,2.929,60000,2.922,7500,2.92,10800,2.975,25000,2.976,10000,2.977,30000,2.978,10000,2.979,8100,2.981,1000,2.982,1000,2.988,30300,2.99,33400,2.991,18100
2020-08-06 09:37:46.050,2.95,1000.0,2.946,2.955953,2.951,2.944,2.95,59000,2.948,15000,2.947,26500,2.945,300,2.938,1000,2.93,2000,2.929,60000,2.922,7500,2.92,10800,2.912,2000,2.974,10000,2.975,25000,2.976,10000,2.977,30000,2.978,10000,2.979,8100,2.981,1000,2.982,1000,2.988,30300,2.99,33400
2020-08-06 09:39:53.850,2.97,400.0,2.946,2.9559990000000003,2.951,2.944,2.953,10000,2.95,49100,2.948,5000,2.947,26500,2.946,10000,2.945,300,2.938,1000,2.93,2000,2.929,60000,2.922,7500,2.97,29600,2.971,10000,2.972,3000,2.979,8100,2.982,1000,2.988,30300,2.99,31300,2.991,15000,2.993,2100,2.994,3500
2020-08-06 09:40:02.600,2.954,300.0,2.946,2.955994,2.95,2.944,2.954,4700,2.953,10000,2.95,49100,2.948,5000,2.947,26500,2.946,10000,2.945,300,2.938,1000,2.93,2000,2.929,60000,2.968,30000,2.969,10000,2.97,29600,2.971,10000,2.972,3000,2.979,8100,2.982,1000,2.988,30300,2.99,31300,2.991,15000
2020-08-06 09:40:11.190,2.953,14700.0,2.946,2.955709,2.949,2.944,2.95,49100,2.948,5000,2.947,26500,2.946,10000,2.945,300,2.938,1000,2.93,2000,2.929,60000,2.922,7500,2.92,10800,2.953,15300,2.968,30000,2.969,10000,2.97,29600,2.971,10000,2.972,3000,2.979,8100,2.982,1000,2.988,30300,2.99,31300
2020-08-06 09:40:28.950,2.95,2000.0,2.946,2.9556270000000002,2.948,2.944,2.95,47100,2.947,26500,2.945,300,2.938,1000,2.93,2000,2.929,60000,2.922,7500,2.92,10800,2.912,2000,2.911,2000,2.953,15300,2.968,30000,2.969,10000,2.97,29600,2.971,10000,2.972,3000,2.979,8100,2.982,1000,2.988,30300,2.99,31300
2020-08-06 09:40:33.010,2.95,100.0,2.946,2.955623,2.948,2.944,2.95,47000,2.947,26500,2.945,300,2.938,1000,2.93,2000,2.929,60000,2.922,7500,2.92,10800,2.912,2000,2.911,2000,2.953,15300,2.966,1000,2.968,30000,2.969,10000,2.97,29600,2.971,10000,2.972,3000,2.979,8100,2.982,1000,2.988,30300
2020-08-06 09:40:36.290,2.95,800.0,2.946,2.955591,2.948,2.944,2.95,46200,2.947,26500,2.945,300,2.938,1000,2.93,2000,2.929,60000,2.922,7500,2.92,10800,2.912,2000,2.911,2000,2.952,10000,2.953,15300,2.966,1000,2.968,30000,2.969,10000,2.97,29600,2.971,10000,2.972,3000,2.979,8100,2.982,1000
2020-08-06 09:40:38.790,2.95,4000.0,2.946,2.955436,2.947,2.944,2.95,42900,2.948,1000,2.947,26500,2.945,300,2.938,1000,2.93,2000,2.929,60000,2.922,7500,2.92,10800,2.912,2000,2.952,10000,2.953,15300,2.966,1000,2.968,30000,2.969,10000,2.97,29600,2.971,10000,2.972,3000,2.979,8100,2.982,1000
2020-08-06 09:40:48.210,2.95,4200.0,2.946,2.955283,2.948,2.944,2.95,38700,2.948,1000,2.947,26500,2.945,300,2.938,1000,2.93,2000,2.929,60000,2.922,7500,2.92,10800,2.912,2000,2.952,10000,2.953,15300,2.966,1000,2.969,10000,2.97,29600,2.971,10000,2.972,3000,2.979,8100,2.982,1000,2.988,30300
2020-08-06 09:40:51.000,2.95,19400.0,2.946,2.9546740000000002,2.947,2.944,2.95,19300,2.948,1000,2.945,300,2.938,1000,2.93,2000,2.929,60000,2.922,7500,2.92,10800,2.912,2000,2.911,2000,2.952,10000,2.953,15300,2.966,1000,2.969,10000,2.97,29600,2.971,10000,2.972,3000,2.979,8100,2.982,1000,2.988,30300
2020-08-06 09:40:52.030,2.95,7600.0,2.946,2.954472,2.946,2.944,2.95,11700,2.948,1000,2.945,300,2.938,1000,2.93,2000,2.929,60000,2.922,7500,2.92,10800,2.912,2000,2.911,2000,2.952,10000,2.953,15300,2.966,1000,2.969,10000,2.97,29600,2.971,10000,2.972,3000,2.979,8100,2.982,1000,2.988,30300
2020-08-06 09:40:57.820,2.95,11700.0,2.946,2.954193,2.946,2.944,2.948,1000,2.945,300,2.938,1000,2.93,2000,2.929,60000,2.922,7500,2.92,10800,2.912,2000,2.911,2000,2.91,18000,2.95,29900,2.952,10000,2.953,15300,2.966,1000,2.969,10000,2.97,29600,2.971,10000,2.972,3000,2.979,8100,2.982,1000
2020-08-06 09:41:16.030,2.948,200.0,2.946,2.954186,2.947,2.944,2.948,800,2.945,300,2.938,1000,2.93,2000,2.929,60000,2.922,7500,2.92,10800,2.912,2000,2.911,2000,2.91,18000,2.95,5600,2.952,10000,2.953,15300,2.966,1000,2.97,29600,2.972,3000,2.979,8100,2.982,1000,2.988,30300,2.99,31300
2020-08-06 09:41:58.430,2.948,800.0,2.946,2.95416,2.948,2.944,2.945,300,2.938,1000,2.93,2000,2.929,30000,2.922,7500,2.92,10800,2.912,2000,2.911,2000,2.91,18000,2.904,10000,2.948,4200,2.95,5600,2.951,10000,2.952,10000,2.966,1000,2.972,3000,2.979,8100,2.982,1000,2.988,30300,2.99,31300
2020-08-06 09:42:48.440,2.947,1000.0,2.946,2.954122,2.941,2.944,2.945,300,2.938,1000,2.931,30000,2.93,2000,2.929,30000,2.922,7500,2.92,10800,2.912,2000,2.911,2000,2.91,18000,2.947,24800,2.948,4200,2.95,5600,2.951,10000,2.952,10000,2.966,1000,2.972,3000,2.979,8100,2.982,1000,2.988,30300
2020-08-06 09:43:16.500,2.945,300.0,2.946,2.954107,2.938,2.944,2.938,1000,2.931,30000,2.93,2000,2.929,30000,2.922,7500,2.92,10800,2.912,2000,2.911,2000,2.91,18000,2.904,10000,2.947,24800,2.948,4200,2.95,5600,2.966,1000,2.972,3000,2.979,8100,2.982,1000,2.988,30300,2.99,37200,2.991,12400
2020-08-06 09:43:34.580,2.938,300.0,2.946,2.954082,2.938,2.944,2.938,700,2.931,30000,2.93,2000,2.929,30000,2.922,7500,2.92,10800,2.912,2000,2.911,2000,2.91,18000,2.904,10000,2.947,24800,2.948,4200,2.95,5600,2.966,1000,2.972,3000,2.979,8100,2.982,1000,2.988,30300,2.99,37200,2.991,12400
2020-08-06 09:43:53.170,2.947,1000.0,2.946,2.9540450000000003,2.937,2.944,2.938,700,2.931,30000,2.93,2000,2.929,30000,2.922,7500,2.92,10800,2.912,2000,2.911,2000,2.91,18000,2.904,10000,2.947,23800,2.948,4200,2.95,5600,2.966,1000,2.972,3000,2.979,8100,2.982,1000,2.988,30300,2.99,37200,2.991,12400
2020-08-06 09:44:50.450,2.946,1000.0,2.946,2.9540029999999997,2.94,2.944,2.938,700,2.93,2000,2.929,30000,2.922,7500,2.92,10800,2.912,2000,2.911,2000,2.91,18000,2.908,4100,2.904,10000,2.946,29000,2.947,32500,2.948,4200,2.95,5600,2.965,4900,2.966,1000,2.972,3000,2.979,3000,2.982,1000,2.988,30300
2020-08-06 09:45:32.710,2.938,100.0,2.946,2.953995,2.935,2.944,2.938,600,2.933,10000,2.93,2000,2.929,30000,2.922,7500,2.92,10800,2.912,2000,2.911,2000,2.91,18000,2.908,4100,2.945,15300,2.946,29000,2.947,32500,2.948,4200,2.95,5600,2.965,4900,2.966,1000,2.972,3000,2.979,3000,2.982,1000
2020-08-06 09:45:38.930,2.938,600.0,2.946,2.953945,2.935,2.944,2.93,2000,2.929,30000,2.922,7500,2.92,20800,2.912,2000,2.911,2000,2.91,18000,2.908,4100,2.904,10000,2.9,3100,2.938,2800,2.945,15300,2.946,29000,2.947,32500,2.948,4200,2.95,5600,2.965,4900,2.966,1000,2.972,3000,2.979,3000
2020-08-06 09:45:55.710,2.93,1100.0,2.946,2.953809,2.934,2.944,2.93,900,2.929,30000,2.922,7500,2.92,20800,2.912,2000,2.911,2000,2.91,18000,2.908,4100,2.904,10000,2.9,3100,2.938,2800,2.944,30000,2.945,15300,2.947,32500,2.948,4200,2.95,5600,2.965,4900,2.966,1000,2.972,3000,2.979,3000
2020-08-06 09:47:10.330,2.93,10000.0,2.946,2.952641,2.938,2.944,2.929,32200,2.926,10000,2.922,7500,2.92,20800,2.912,2000,2.911,2000,2.91,18000,2.908,4100,2.904,10000,2.9,3100,2.93,6900,2.938,2800,2.941,10000,2.942,10000,2.944,30000,2.945,15300,2.947,24500,2.948,4200,2.95,5600,2.965,4900
2020-08-06 09:47:13.290,2.93,14100.0,2.946,2.951131,2.938,2.944,2.929,22200,2.926,10000,2.922,7500,2.92,20800,2.912,2000,2.911,2000,2.91,18000,2.908,4100,2.904,10000,2.9,3100,2.93,2800,2.938,2800,2.941,10000,2.942,10000,2.944,30000,2.945,15300,2.947,24500,2.948,4200,2.95,5600,2.965,4900
2020-08-06 09:47:13.810,2.93,700.0,2.946,2.951064,2.937,2.944,2.929,22200,2.926,10000,2.922,7500,2.92,20800,2.912,2000,2.911,2000,2.91,18000,2.908,4100,2.904,10000,2.9,3100,2.93,2100,2.938,2800,2.941,10000,2.942,10000,2.944,30000,2.945,15300,2.947,24500,2.948,4200,2.95,5600,2.965,4900
2020-08-06 09:47:25.350,2.93,32100.0,2.946,2.948368,2.938,2.944,2.93,267900,2.929,22200,2.926,10000,2.922,7500,2.92,20800,2.912,2000,2.911,2000,2.91,18000,2.908,4100,2.904,10000,2.938,2800,2.942,10000,2.944,30000,2.945,15300,2.947,24500,2.948,4200,2.95,5600,2.965,4900,2.966,1000,2.972,3000
2020-08-06 09:48:42.880,2.938,500.0,2.946,2.948347,2.94,2.944,2.931,40000,2.93,272900,2.929,22200,2.922,7500,2.92,20800,2.912,2000,2.911,2000,2.91,18000,2.908,4100,2.904,10000,2.938,2300,2.942,10000,2.944,30000,2.945,5300,2.947,24500,2.948,4200,2.95,5600,2.965,4900,2.966,1000,2.972,3000
2020-08-06 09:49:27.460,2.938,1200.0,2.946,2.948298,2.944,2.944,2.932,2000,2.931,40000,2.93,272900,2.929,22200,2.922,7500,2.921,15000,2.92,20800,2.912,2000,2.911,2000,2.91,18000,2.938,11100,2.945,5300,2.947,24500,2.948,4200,2.95,5600,2.965,4900,2.966,1000,2.972,3000,2.979,3000,2.982,1000
2020-08-06 09:49:29.220,2.945,12100.0,2.946,2.947853,2.944,2.944,2.938,22200,2.932,2000,2.931,40000,2.93,272900,2.929,22200,2.922,7500,2.921,15000,2.92,20800,2.912,2000,2.911,2000,2.945,4300,2.947,24500,2.948,4200,2.95,5600,2.965,4900,2.966,1000,2.972,3000,2.979,3000,2.982,1000,2.988,30300
2020-08-06 09:49:35.580,2.938,8400.0,2.946,2.94755,2.944,2.944,2.938,13800,2.933,10000,2.932,2000,2.931,40000,2.93,272900,2.929,22200,2.922,7500,2.921,15000,2.92,20800,2.912,2000,2.945,4300,2.947,24500,2.948,4200,2.95,5600,2.965,4900,2.966,1000,2.972,3000,2.979,3000,2.982,1000,2.988,30300
2020-08-06 09:50:37.110,2.94,500.0,2.946,2.947536,2.949,2.944,2.94,29500,2.939,10000,2.938,14000,2.933,10000,2.931,45000,2.93,272900,2.929,22200,2.922,7500,2.921,15000,2.92,20800,2.945,4300,2.947,24500,2.948,4200,2.95,5600,2.965,4900,2.966,1000,2.972,3000,2.979,3000,2.982,1000,2.988,30300
2020-08-06 09:52:21.690,2.942,5300.0,2.946,2.947431,2.947,2.944,2.942,4700,2.941,10000,2.94,29500,2.938,14000,2.931,35000,2.93,272900,2.929,22200,2.922,7500,2.921,15000,2.92,20800,2.945,4300,2.947,24500,2.948,4200,2.95,5600,2.965,4900,2.966,1000,2.972,3000,2.979,3000,2.982,1000,2.988,30300
2020-08-06 09:52:28.760,2.942,100.0,2.946,2.947429,2.946,2.944,2.942,4600,2.941,10000,2.94,29500,2.938,14000,2.931,35000,2.93,272900,2.929,22200,2.922,7500,2.921,15000,2.92,20800,2.945,4300,2.947,24500,2.948,4200,2.95,5600,2.965,4900,2.966,1000,2.972,3000,2.979,3000,2.982,1000,2.988,30300
2020-08-06 09:53:54.510,2.941,4000.0,2.946,2.9473380000000002,2.944,2.944,2.941,7000,2.94,10000,2.938,14000,2.931,35000,2.93,272900,2.929,22200,2.922,7500,2.921,15000,2.92,20800,2.912,2000,2.945,4300,2.947,24500,2.948,4200,2.95,5600,2.965,4900,2.966,1000,2.972,3000,2.979,3000,2.982,1000,2.988,30300
2020-08-06 09:55:09.370,2.941,1000.0,2.946,2.947316,2.944,2.944,2.938,10200,2.931,35000,2.93,272900,2.929,22200,2.922,7500,2.921,15000,2.92,20800,2.912,2000,2.91,18000,2.908,4100,2.941,3200,2.945,4300,2.947,24500,2.95,15600,2.965,4900,2.966,1000,2.972,3000,2.979,3000,2.982,1000,2.988,30300
2020-08-06 09:55:27.930,2.938,2000.0,2.946,2.9472509999999996,2.94,2.944,2.938,8200,2.937,10000,2.931,35000,2.93,272900,2.929,22200,2.922,7500,2.921,15000,2.92,20800,2.912,2000,2.91,18000,2.941,3200,2.945,4300,2.947,24500,2.95,15600,2.965,4900,2.966,1000,2.972,3000,2.979,3000,2.982,1000,2.988,30300
2020-08-06 09:55:55.910,2.938,1200.0,2.946,2.947212,2.941,2.944,2.938,7000,2.937,10000,2.931,35000,2.93,15000,2.929,22200,2.922,7500,2.921,15000,2.92,20800,2.912,2000,2.91,18000,2.941,3200,2.945,14300,2.947,24500,2.95,15600,2.965,4900,2.972,3000,2.979,3000,2.982,1000,2.988,30300,2.99,37200
2020-08-06 09:57:29.190,2.931,3000.0,2.946,2.947044,2.942,2.944,2.931,42000,2.93,15000,2.929,22200,2.922,7500,2.921,15000,2.92,20800,2.912,2000,2.91,18000,2.908,4100,2.904,10000,2.941,6000,2.944,10000,2.945,14300,2.947,24500,2.95,4000,2.965,4900,2.972,3000,2.979,3000,2.982,1000,2.988,30300
2020-08-06 09:58:11.640,2.931,37900.0,2.946,2.945191,2.941,2.944,2.931,5100,2.93,15000,2.929,22200,2.922,7500,2.921,15000,2.92,20800,2.912,2000,2.91,18000,2.908,4100,2.904,10000,2.941,6000,2.944,10000,2.945,14300,2.947,24500,2.95,4000,2.965,4900,2.972,3000,2.979,3000,2.982,1000,2.988,30300
2020-08-06 10:00:27.990,2.941,1000.0,2.946,2.945178,2.938,2.944,2.932,30000,2.931,4100,2.93,25000,2.929,2200,2.922,7500,2.921,15000,2.92,20800,2.912,2000,2.91,18000,2.908,4100,2.941,5000,2.943,10000,2.944,10000,2.945,14300,2.947,24500,2.95,4000,2.965,4900,2.972,3000,2.979,3000,2.982,1000
2020-08-06 10:00:29.080,2.932,800.0,2.946,2.945146,2.937,2.944,2.932,29200,2.931,4100,2.93,25000,2.929,2200,2.922,7500,2.921,15000,2.92,20800,2.912,2000,2.91,18000,2.908,4100,2.941,5000,2.943,10000,2.944,10000,2.945,14300,2.947,24500,2.95,4000,2.965,4900,2.972,3000,2.979,3000,2.982,1000
2020-08-06 10:01:22.990,2.932,4300.0,2.946,2.944977,2.938,2.944,2.932,24900,2.93,25000,2.929,12200,2.927,16900,2.922,7500,2.921,15000,2.92,20800,2.912,2000,2.91,18000,2.908,4100,2.941,5000,2.942,10000,2.943,10000,2.944,10000,2.945,14300,2.947,24500,2.95,4000,2.965,4900,2.972,3000,2.979,3000
2020-08-06 10:04:01.620,2.937,500.0,2.946,2.9449650000000003,2.943,2.944,2.937,9500,2.936,30000,2.935,10000,2.934,30000,2.932,44900,2.931,13700,2.93,15000,2.929,2200,2.922,7500,2.921,15000,2.941,5000,2.945,4300,2.947,24500,2.95,4000,2.965,4900,2.972,3000,2.979,3000,2.982,1000,2.985,69300,2.988,30300
2020-08-06 10:05:55.590,2.932,1000.0,2.946,2.9449259999999997,2.938,2.944,2.932,33900,2.93,15000,2.929,2200,2.922,7500,2.921,15000,2.92,10800,2.912,2000,2.91,18000,2.908,4100,2.904,10000,2.94,3800,2.941,5000,2.945,4300,2.946,10000,2.947,24500,2.95,4000,2.965,4900,2.972,3000,2.979,3000,2.982,1000
2020-08-06 10:07:02.130,2.932,100.0,2.946,2.944922,2.937,2.944,2.932,33800,2.931,10000,2.93,15000,2.929,2200,2.922,7500,2.921,15000,2.92,10800,2.912,2000,2.911,13900,2.91,18000,2.94,3800,2.941,15000,2.945,4300,2.947,24500,2.95,4000,2.965,4900,2.972,3000,2.979,3000,2.982,1000,2.985,69300
2020-08-06 10:07:09.210,2.932,5100.0,2.946,2.944729,2.937,2.944,2.932,28700,2.931,10000,2.93,15000,2.929,2200,2.922,7500,2.921,15000,2.92,10800,2.912,2000,2.911,13900,2.91,18000,2.94,3800,2.941,15000,2.945,4300,2.947,24500,2.95,4000,2.965,4900,2.972,3000,2.979,3000,2.982,1000,2.985,69300
2020-08-06 10:08:31.320,2.94,200.0,2.946,2.9447259999999997,2.937,2.944,2.932,11700,2.931,10000,2.93,15000,2.929,2200,2.922,7500,2.921,15000,2.92,10800,2.912,2000,2.911,13900,2.91,18000,2.94,3600,2.941,5000,2.942,10000,2.943,10000,2.945,4300,2.947,24500,2.95,4000,2.965,4900,2.972,3000,2.979,3000
2020-08-06 10:08:32.250,2.932,10000.0,2.946,2.9443639999999998,2.938,2.944,2.932,1700,2.931,10000,2.93,15000,2.929,2200,2.922,7500,2.921,15000,2.92,10800,2.912,2000,2.911,13900,2.91,18000,2.94,3600,2.941,5000,2.942,10000,2.943,10000,2.945,4300,2.947,24500,2.95,4000,2.965,4900,2.972,3000,2.979,3000
2020-08-06 10:09:16.950,2.932,1300.0,2.946,2.944318,2.939,2.944,2.932,400,2.931,10000,2.93,15000,2.929,2200,2.922,7500,2.921,15000,2.92,10800,2.912,2000,2.911,13900,2.91,18000,2.94,3600,2.941,5000,2.942,10000,2.943,10000,2.945,4300,2.947,24500,2.95,4000,2.965,4900,2.972,3000,2.979,3000
2020-08-06 10:11:08.020,2.935,1000.0,2.946,2.944292,2.931,2.944,2.932,400,2.93,15000,2.929,2200,2.922,7500,2.921,15000,2.92,10800,2.912,2000,2.911,13900,2.91,18000,2.908,4100,2.937,30000,2.938,10000,2.94,3600,2.941,15000,2.945,4300,2.947,24500,2.95,4000,2.965,4900,2.972,3000,2.979,3000
2020-08-06 10:12:43.460,2.932,400.0,2.946,2.9442779999999997,2.932,2.944,2.93,15000,2.929,2200,2.922,7500,2.921,15000,2.92,10800,2.912,2000,2.911,13900,2.91,18000,2.908,4100,2.904,10000,2.932,9300,2.936,1200,2.937,40000,2.938,10000,2.94,3600,2.941,5000,2.947,24500,2.95,4000,2.965,4900,2.972,3000
2020-08-06 10:13:11.740,2.93,4300.0,2.946,2.944106,2.933,2.944,2.93,10700,2.929,2200,2.922,7500,2.921,15000,2.92,11800,2.912,2000,2.911,13900,2.91,18000,2.908,4100,2.904,10000,2.932,9300,2.936,11200,2.937,40000,2.938,10000,2.94,3600,2.941,5000,2.947,24500,2.95,4000,2.965,4900,2.972,3000
2020-08-06 10:14:38.080,2.93,5100.0,2.946,2.943908,2.935,2.944,2.93,5600,2.929,12200,2.927,10000,2.922,7500,2.921,15000,2.92,11800,2.912,2000,2.911,13900,2.91,18000,2.908,4100,2.932,9300,2.936,1200,2.938,10000,2.94,3600,2.941,5000,2.947,24500,2.95,4000,2.965,4900,2.972,3000,2.979,3000
2020-08-06 10:14:42.700,2.93,4900.0,2.946,2.943723,2.935,2.944,2.93,700,2.929,12200,2.927,10000,2.922,7500,2.921,15000,2.92,11800,2.912,2000,2.911,13900,2.91,18000,2.908,4100,2.932,9300,2.936,1200,2.938,10000,2.94,3600,2.941,5000,2.947,24500,2.95,4000,2.965,4900,2.972,3000,2.979,3000
2020-08-06 10:15:37.730,2.932,200.0,2.946,2.9437159999999998,2.935,2.944,2.93,700,2.929,2200,2.927,10000,2.926,10000,2.922,7500,2.921,15000,2.92,11800,2.912,2000,2.911,13900,2.91,18000,2.932,9100,2.936,1200,2.937,10000,2.938,10000,2.94,3600,2.941,5000,2.947,24500,2.95,4000,2.965,4900,2.972,3000
2020-08-06 10:16:03.320,2.932,200.0,2.946,2.94371,2.936,2.944,2.93,700,2.929,2200,2.927,10000,2.926,10000,2.922,7500,2.921,15000,2.92,11800,2.912,2000,2.911,13900,2.91,18000,2.932,8900,2.936,1200,2.937,10000,2.938,10000,2.94,3600,2.941,5000,2.947,24500,2.95,4000,2.965,4900,2.972,3000
2020-08-06 10:16:23.840,2.93,700.0,2.946,2.943684,2.936,2.944,2.929,2500,2.928,10000,2.927,10000,2.926,10000,2.922,7500,2.921,15000,2.92,11800,2.912,2000,2.911,13900,2.91,18000,2.93,1100,2.932,8900,2.936,1200,2.937,10000,2.938,10000,2.94,3600,2.941,5000,2.947,24500,2.95,4000,2.965,4900
2020-08-06 10:16:55.560,2.93,1100.0,2.946,2.9436430000000002,2.935,2.944,2.93,2200,2.929,2500,2.928,10000,2.927,10000,2.926,10000,2.922,7500,2.921,15000,2.92,11800,2.912,2000,2.911,13900,2.932,8900,2.936,1200,2.937,10000,2.938,10000,2.94,3600,2.941,5000,2.947,24500,2.95,4000,2.965,4900,2.972,3000
2020-08-06 10:19:27.690,2.93,400.0,2.946,2.943629,2.929,2.944,2.93,1800,2.929,12500,2.922,7500,2.921,15000,2.92,11800,2.912,2000,2.911,13900,2.91,18000,2.908,4100,2.904,10000,2.932,18900,2.934,10000,2.936,1200,2.937,10000,2.94,3600,2.941,5000,2.947,24500,2.95,4000,2.965,4900,2.972,3000
2020-08-06 10:21:08.080,2.932,2000.0,2.946,2.943566,2.933,2.944,2.931,7300,2.93,1800,2.929,12500,2.922,7500,2.921,15000,2.92,11800,2.912,2000,2.911,13900,2.91,18000,2.908,4100,2.932,8200,2.934,10000,2.935,10000,2.936,1200,2.94,3600,2.941,5000,2.947,24500,2.95,4000,2.965,4900,2.972,3000
2020-08-06 10:21:20.900,2.931,3900.0,2.946,2.943436,2.933,2.944,2.931,3400,2.93,1800,2.929,12500,2.922,7500,2.921,15000,2.92,11800,2.912,2000,2.911,13900,2.91,18000,2.908,4100,2.932,8200,2.934,10000,2.935,10000,2.936,1200,2.94,3600,2.941,5000,2.947,24500,2.95,4000,2.965,4900,2.972,3000
2020-08-06 10:24:31.500,2.932,8200.0,2.946,2.943192,2.932,2.944,2.932,1800,2.931,3400,2.93,1800,2.929,12500,2.926,10000,2.922,7500,2.921,15000,2.92,11800,2.912,2000,2.91,18000,2.934,10000,2.935,10000,2.936,11200,2.937,10000,2.94,3600,2.941,5000,2.947,24500,2.95,4000,2.965,4900,2.972,3000
2020-08-06 10:26:09.490,2.933,22400.0,2.946,2.942632,2.928,2.944,2.932,1800,2.931,3400,2.93,1800,2.929,12500,2.922,7500,2.921,15000,2.92,11800,2.912,2000,2.91,18000,2.908,4100,2.936,11200,2.937,10000,2.94,3600,2.941,5000,2.947,24500,2.95,4000,2.965,4900,2.972,3000,2.979,3000,2.982,1000
2020-08-06 10:26:23.200,2.932,1800.0,2.946,2.942585,2.927,2.944,2.931,3400,2.93,1800,2.929,12500,2.922,7500,2.921,15000,2.92,11800,2.912,2000,2.91,18000,2.908,4100,2.904,10000,2.932,42000,2.936,11200,2.937,10000,2.94,2800,2.941,5000,2.947,24500,2.95,4000,2.965,4900,2.972,3000,2.979,3000
2020-08-06 10:26:34.530,2.93,5200.0,2.946,2.9424349999999997,2.927,2.944,2.929,12500,2.922,7500,2.921,15000,2.92,11800,2.912,2000,2.91,18000,2.908,4100,2.904,10000,2.9,19100,2.895,5000,2.93,36800,2.936,11200,2.937,10000,2.94,2800,2.941,5000,2.947,24500,2.95,4000,2.965,4900,2.972,3000,2.979,3000
2020-08-06 10:27:06.010,2.929,3700.0,2.946,2.942316,2.925,2.944,2.929,8800,2.922,7500,2.921,15000,2.92,11800,2.912,2000,2.91,18000,2.908,4100,2.904,10000,2.9,19100,2.895,5000,2.93,10000,2.935,10000,2.936,11200,2.937,10000,2.94,2800,2.941,5000,2.947,24500,2.95,4000,2.965,4900,2.972,3000
2020-08-06 10:27:12.270,2.929,800.0,2.946,2.9422900000000003,2.925,2.944,2.929,8000,2.922,7500,2.921,15000,2.92,11800,2.912,2000,2.91,18000,2.908,4100,2.904,10000,2.9,19100,2.895,5000,2.93,10000,2.935,10000,2.936,11200,2.937,10000,2.94,2800,2.941,5000,2.947,24500,2.95,4000,2.965,4900,2.972,3000
2020-08-06 10:27:22.190,2.929,900.0,2.946,2.942262,2.924,2.944,2.929,7100,2.922,7500,2.921,15000,2.92,11800,2.912,2000,2.91,18000,2.908,4100,2.904,10000,2.9,19100,2.895,5000,2.93,10000,2.935,10000,2.936,11200,2.937,10000,2.94,2800,2.941,5000,2.947,24500,2.95,4000,2.965,4900,2.972,3000
2020-08-06 10:27:39.650,2.929,7100.0,2.946,2.942041,2.923,2.944,2.922,7500,2.921,15000,2.92,11800,2.912,2000,2.91,18000,2.908,4100,2.904,10000,2.9,19100,2.895,5000,2.888,2400,2.929,900,2.93,10000,2.935,10000,2.936,1200,2.94,2800,2.941,5000,2.947,24500,2.95,4000,2.965,4900,2.972,3000
2020-08-06 10:27:54.310,2.922,1200.0,2.946,2.941985,2.923,2.944,2.922,6300,2.921,15000,2.92,11800,2.912,2000,2.91,18000,2.908,4100,2.904,10000,2.9,19100,2.895,5000,2.888,2400,2.929,900,2.93,10000,2.935,10000,2.936,1200,2.94,2800,2.941,5000,2.947,24500,2.95,4000,2.965,4900,2.972,3000
2020-08-06 10:29:14.150,2.922,4200.0,2.946,2.941791,2.921,2.944,2.922,2100,2.921,15000,2.92,11800,2.912,2000,2.91,18000,2.908,4100,2.905,5000,2.904,10000,2.9,20100,2.895,5000,2.929,900,2.93,10000,2.935,10000,2.936,1200,2.94,2800,2.941,5000,2.947,24500,2.95,4000,2.965,4900,2.972,3000
2020-08-06 10:29:26.990,2.922,7000.0,2.946,2.941475,2.921,2.944,2.922,15100,2.921,15000,2.92,11800,2.912,2000,2.91,18000,2.908,4100,2.905,5000,2.904,10000,2.9,20100,2.895,5000,2.929,900,2.93,10000,2.935,10000,2.936,1200,2.94,2800,2.941,5000,2.947,24500,2.95,4000,2.965,4900,2.972,3000
2020-08-06 10:29:29.630,2.922,4000.0,2.946,2.9412990000000003,2.921,2.944,2.922,11100,2.921,15000,2.92,11800,2.912,2000,2.91,18000,2.908,4100,2.905,5000,2.904,10000,2.9,20100,2.895,5000,2.929,900,2.93,10000,2.935,10000,2.936,1200,2.94,2800,2.941,5000,2.947,24500,2.95,4000,2.965,4900,2.972,3000
2020-08-06 10:29:51.100,2.922,11600.0,2.946,2.940818,2.919,2.944,2.922,4600,2.921,15000,2.92,11800,2.912,2000,2.91,22000,2.908,4100,2.905,5000,2.904,10000,2.9,20100,2.895,5000,2.929,10900,2.93,10000,2.935,10000,2.936,1200,2.94,2800,2.941,5000,2.947,24500,2.95,4000,2.965,4900,2.972,3000
2020-08-06 10:29:58.880,2.929,900.0,2.946,2.940795,2.92,2.944,2.922,4600,2.921,15000,2.92,11800,2.912,2000,2.91,22000,2.908,4100,2.905,5000,2.904,10000,2.9,20100,2.895,5000,2.929,10000,2.93,10000,2.935,10000,2.936,1200,2.94,2800,2.941,5000,2.947,24500,2.95,4000,2.965,4900,2.972,3000
2020-08-06 10:30:41.530,2.922,4600.0,2.946,2.940607,2.916,2.944,2.922,15000,2.921,15000,2.92,11800,2.912,2000,2.91,22000,2.908,4100,2.905,5000,2.904,10000,2.9,20100,2.895,5000,2.927,10000,2.928,10000,2.93,10000,2.936,1200,2.94,2800,2.941,5000,2.947,24500,2.95,4000,2.965,4900,2.972,3000
2020-08-06 10:30:44.310,2.92,31200.0,2.946,2.93939,2.916,2.944,2.92,10600,2.912,2000,2.91,22000,2.908,4100,2.905,5000,2.904,10000,2.9,20100,2.895,5000,2.893,5900,2.89,3500,2.927,10000,2.928,10000,2.93,10000,2.936,1200,2.94,2800,2.941,5000,2.947,24500,2.95,4000,2.965,4900,2.972,3000
2020-08-06 10:31:34.630,2.92,1000.0,2.946,2.93935,2.916,2.944,2.92,9600,2.912,2000,2.91,22000,2.908,4100,2.905,5000,2.904,10000,2.9,20100,2.895,5000,2.893,5900,2.89,3500,2.926,10000,2.927,10000,2.928,10000,2.93,10000,2.936,1200,2.94,2800,2.941,5000,2.947,24500,2.95,4000,2.965,4900
2020-08-06 10:32:25.740,2.92,10000.0,2.946,2.938965,2.919,2.944,2.92,600,2.912,2000,2.91,22000,2.908,4100,2.905,5000,2.904,10000,2.9,12100,2.895,5000,2.893,5900,2.89,3500,2.926,10000,2.927,10000,2.928,10000,2.936,1200,2.94,2800,2.941,5000,2.947,24500,2.95,4000,2.965,4900,2.972,3000
2020-08-06 10:32:38.620,2.926,400.0,2.946,2.938955,2.92,2.944,2.92,600,2.912,2000,2.91,22000,2.908,4100,2.905,5000,2.904,10000,2.9,12100,2.895,5000,2.893,5900,2.89,3500,2.926,9600,2.927,10000,2.928,10000,2.936,1200,2.94,2800,2.941,5000,2.947,24500,2.95,4000,2.965,4900,2.972,3000
2020-08-06 10:33:34.460,2.925,1000.0,2.946,2.938927,2.924,2.944,2.92,600,2.916,25000,2.912,2000,2.91,22000,2.908,4100,2.905,5000,2.904,10000,2.9,12100,2.895,5000,2.893,5900,2.925,13000,2.926,9600,2.927,10000,2.928,10000,2.936,1200,2.94,2800,2.941,5000,2.947,24500,2.95,4000,2.965,4900
2020-08-06 10:33:49.050,2.925,10000.0,2.946,2.938656,2.924,2.944,2.92,600,2.917,13800,2.916,25000,2.912,2000,2.91,22000,2.908,4100,2.905,5000,2.904,10000,2.9,12100,2.895,5000,2.925,3000,2.926,9600,2.927,10000,2.928,10000,2.936,1200,2.94,2800,2.941,5000,2.947,24500,2.95,4000,2.965,4900
2020-08-06 10:34:26.730,2.925,100.0,2.946,2.938653,2.924,2.944,2.92,600,2.917,23800,2.916,25000,2.912,2000,2.91,22000,2.908,4100,2.905,5000,2.904,10000,2.9,12100,2.895,5000,2.925,2900,2.927,10000,2.928,10000,2.936,1200,2.94,2800,2.941,5000,2.947,24500,2.95,4000,2.965,4900,2.972,3000
2020-08-06 10:35:42.610,2.924,2000.0,2.946,2.938597,2.92,2.944,2.92,1000,2.917,13800,2.916,10000,2.915,10000,2.912,2000,2.91,22000,2.908,4100,2.905,5000,2.904,10000,2.9,12100,2.924,8000,2.925,2900,2.927,10000,2.928,10000,2.929,10000,2.936,1200,2.94,2800,2.941,5000,2.947,24500,2.95,4000
2020-08-06 10:36:12.780,2.923,1000.0,2.946,2.938566,2.919,2.944,2.92,1000,2.917,13800,2.912,2000,2.91,22000,2.908,4100,2.905,5000,2.904,10000,2.9,12100,2.895,5000,2.893,5900,2.923,4100,2.924,8000,2.925,2900,2.927,10000,2.928,10000,2.929,10000,2.936,1200,2.94,2800,2.941,5000,2.947,24500
2020-08-06 10:37:38.840,2.923,3300.0,2.946,2.938468,2.919,2.944,2.92,1000,2.917,13800,2.912,2000,2.91,22000,2.908,4100,2.905,5000,2.904,10000,2.9,12100,2.895,5000,2.893,5900,2.923,800,2.925,2900,2.927,10000,2.936,1200,2.94,2800,2.941,5000,2.947,24500,2.95,4000,2.965,4900,2.972,3000
2020-08-06 10:39:33.690,2.92,800.0,2.946,2.938439,2.921,2.944,2.92,200,2.917,15800,2.916,10000,2.915,12000,2.912,2000,2.91,24000,2.908,4100,2.905,5000,2.904,10000,2.9,14100,2.923,600,2.925,2900,2.926,10000,2.927,10000,2.936,1200,2.94,2800,2.941,5000,2.947,24500,2.95,4000,2.965,4900
2020-08-06 10:40:28.980,2.92,100.0,2.946,2.9384360000000003,2.922,2.944,2.92,12300,2.917,25800,2.916,10000,2.915,12000,2.912,2000,2.91,24000,2.908,4100,2.905,5000,2.904,10000,2.9,14100,2.923,600,2.925,2900,2.936,1200,2.94,2800,2.941,5000,2.947,24500,2.95,4000,2.965,4900,2.972,3000,2.979,3000
2020-08-06 10:40:32.860,2.923,600.0,2.946,2.938418,2.922,2.944,2.92,12300,2.917,25800,2.916,10000,2.915,12000,2.912,2000,2.91,24000,2.908,4100,2.905,5000,2.904,10000,2.9,14100,2.925,2900,2.936,1200,2.94,2800,2.941,5000,2.947,24500,2.95,4000,2.965,4900,2.972,3000,2.979,3000,2.982,1000
2020-08-06 10:41:55.280,2.925,2200.0,2.946,2.9383619999999997,2.919,2.944,2.921,1200,2.92,7300,2.917,25800,2.916,10000,2.915,12000,2.912,2000,2.91,24000,2.908,4100,2.905,5000,2.904,10000,2.925,700,2.927,10000,2.928,10000,2.936,1200,2.94,2800,2.941,5000,2.947,24500,2.95,4000,2.965,4900,2.972,3000
2020-08-06 10:42:42.180,2.925,3000.0,2.946,2.938285,2.919,2.944,2.921,1200,2.92,7300,2.917,15800,2.915,12000,2.912,2000,2.91,24000,2.908,4100,2.905,5000,2.904,10000,2.9,14100,2.925,7700,2.927,10000,2.928,10000,2.936,1200,2.94,2800,2.941,5000,2.947,24500,2.95,4000,2.965,4900,2.972,3000
2020-08-06 10:42:52.060,2.925,2000.0,2.946,2.9382349999999997,2.919,2.944,2.921,1200,2.92,7300,2.917,15800,2.915,12000,2.912,2000,2.91,24000,2.908,4100,2.905,5000,2.904,10000,2.9,14100,2.925,5700,2.927,10000,2.928,10000,2.936,1200,2.94,2800,2.941,5000,2.947,24500,2.95,4000,2.965,4900,2.972,3000
2020-08-06 10:44:56.060,2.921,10000.0,2.946,2.9379150000000003,2.912,2.944,2.921,11200,2.92,7300,2.917,15800,2.915,2000,2.912,2000,2.91,24000,2.908,4100,2.905,5000,2.904,10000,2.9,14100,2.922,200,2.924,20000,2.925,5700,2.936,1200,2.94,2800,2.941,5000,2.947,24500,2.95,4000,2.965,4900,2.972,3000
2020-08-06 10:44:56.640,2.921,11200.0,2.946,2.9375709999999997,2.912,2.944,2.92,7300,2.917,15800,2.915,2000,2.912,2000,2.91,24000,2.908,4100,2.905,5000,2.904,10000,2.9,14100,2.895,5000,2.921,10600,2.922,200,2.924,20000,2.925,5700,2.936,1200,2.94,2800,2.941,5000,2.947,24500,2.95,4000,2.965,4900
2020-08-06 10:45:01.430,2.921,400.0,2.946,2.937559,2.912,2.944,2.92,7300,2.917,15800,2.915,2000,2.912,2000,2.91,24000,2.908,4100,2.905,5000,2.904,10000,2.9,14100,2.895,5000,2.921,10200,2.922,200,2.924,20000,2.925,5700,2.936,1200,2.94,2800,2.941,5000,2.947,24500,2.95,4000,2.965,4900
2020-08-06 10:45:15.010,2.92,7300.0,2.946,2.937329,2.911,2.944,2.917,15800,2.915,2000,2.912,2000,2.91,24000,2.908,4100,2.905,5000,2.904,10000,2.9,14100,2.895,5000,2.894,300,2.921,10200,2.922,200,2.924,20000,2.925,5700,2.936,1200,2.94,2800,2.941,5000,2.947,24500,2.95,4000,2.965,4900
2020-08-06 10:45:15.280,2.921,3000.0,2.946,2.937242,2.911,2.944,2.917,15800,2.915,2000,2.912,2000,2.91,24000,2.908,4100,2.905,5000,2.904,10000,2.9,14100,2.895,5000,2.894,300,2.921,7200,2.922,200,2.924,20000,2.925,5700,2.936,1200,2.94,2800,2.941,5000,2.947,24500,2.95,4000,2.965,4900
2020-08-06 10:45:33.320,2.917,7000.0,2.946,2.936992,2.912,2.944,2.917,8800,2.915,2000,2.912,2000,2.91,24000,2.908,4100,2.905,5000,2.904,10000,2.9,14100,2.895,5000,2.894,300,2.921,400,2.922,200,2.924,20000,2.925,5700,2.936,1200,2.94,2800,2.941,5000,2.947,24500,2.95,4000,2.965,4900
2020-08-06 10:46:32.400,2.917,2000.0,2.946,2.936922,2.911,2.944,2.917,6800,2.915,2000,2.912,2000,2.91,14000,2.908,4100,2.905,5000,2.904,10000,2.9,14100,2.895,5000,2.894,300,2.921,10400,2.922,200,2.924,20000,2.925,5700,2.936,1200,2.94,2800,2.941,5000,2.947,24500,2.95,4000,2.965,4900
2020-08-06 10:47:01.240,2.918,100.0,2.946,2.936919,2.909,2.944,2.918,900,2.917,6800,2.915,2000,2.912,2000,2.91,14000,2.908,4100,2.905,5000,2.904,10000,2.9,14100,2.895,5000,2.921,10400,2.922,200,2.924,10000,2.936,1200,2.94,2800,2.941,5000,2.947,24500,2.95,4000,2.965,4900,2.972,3000
2020-08-06 10:47:14.040,2.918,900.0,2.946,2.936889,2.908,2.944,2.917,6800,2.915,2000,2.912,2000,2.91,14000,2.908,4100,2.905,5000,2.904,10000,2.901,1500,2.9,14100,2.895,5000,2.921,10400,2.922,200,2.924,10000,2.936,1200,2.94,2800,2.941,5000,2.947,24500,2.95,4000,2.965,4900,2.972,3000
2020-08-06 10:47:43.900,2.917,7800.0,2.946,2.936626,2.909,2.944,2.915,2000,2.912,2000,2.91,14000,2.908,4100,2.905,5000,2.904,10000,2.901,1500,2.9,14100,2.895,5000,2.894,300,2.917,9000,2.921,10400,2.922,200,2.936,1200,2.94,2800,2.941,5000,2.947,24500,2.95,4000,2.965,4900,2.972,3000
2020-08-06 10:49:08.280,2.917,3400.0,2.946,2.936511,2.911,2.944,2.915,2000,2.912,2000,2.91,14000,2.908,4100,2.905,5000,2.904,10000,2.901,1500,2.9,14100,2.895,5000,2.894,300,2.917,3400,2.921,9400,2.922,200,2.936,1200,2.94,2800,2.941,5000,2.947,24500,2.95,4000,2.965,4900,2.972,3000
2020-08-06 10:49:13.400,2.917,300.0,2.946,2.936501,2.911,2.944,2.915,2000,2.912,2000,2.91,14000,2.908,4100,2.905,5000,2.904,10000,2.901,1500,2.9,14100,2.895,5000,2.894,300,2.917,3100,2.921,9400,2.922,200,2.936,1200,2.94,2800,2.941,5000,2.947,24500,2.95,4000,2.965,4900,2.972,3000
2020-08-06 10:49:30.610,2.917,3100.0,2.946,2.936398,2.912,2.944,2.917,1900,2.915,2000,2.912,2000,2.91,14000,2.908,4100,2.905,5000,2.904,10000,2.901,1500,2.9,14100,2.895,5000,2.918,10000,2.921,400,2.922,200,2.936,1200,2.94,2800,2.941,5000,2.947,24500,2.95,4000,2.965,4900,2.972,3000
2020-08-06 10:49:52.670,2.917,1400.0,2.946,2.9363509999999997,2.912,2.944,2.917,500,2.915,2000,2.912,2000,2.91,14000,2.908,4100,2.905,5000,2.904,10000,2.901,1500,2.9,14100,2.895,5000,2.918,10000,2.921,400,2.922,200,2.936,10200,2.94,2800,2.941,5000,2.947,24500,2.95,4000,2.965,4900,2.972,3000
2020-08-06 10:54:41.790,2.918,500.0,2.946,2.9363360000000003,2.911,2.944,2.918,4500,2.917,14100,2.915,2000,2.912,2000,2.91,14000,2.908,4100,2.905,5000,2.904,10000,2.903,100,2.901,1500,2.919,10000,2.92,2000,2.921,10400,2.922,10200,2.936,10200,2.94,2800,2.941,5000,2.947,24500,2.95,4000,2.965,4900
2020-08-06 10:54:53.500,2.918,4500.0,2.946,2.936196,2.91,2.944,2.917,14100,2.915,2000,2.912,2000,2.91,14000,2.908,4100,2.905,5000,2.904,10000,2.903,100,2.901,1500,2.9,16100,2.918,500,2.919,10000,2.92,2000,2.921,10400,2.922,200,2.936,10200,2.94,2800,2.941,5000,2.947,24500,2.95,4000
2020-08-06 10:56:57.100,2.917,14100.0,2.946,2.93575,2.908,2.944,2.915,2000,2.912,2000,2.91,14000,2.908,4100,2.905,5000,2.904,10000,2.903,5400,2.901,1500,2.9,11100,2.899,400,2.918,500,2.919,10000,2.92,2000,2.921,10400,2.922,200,2.936,1200,2.94,2800,2.941,5000,2.947,24500,2.95,4000
2020-08-06 10:57:02.880,2.918,500.0,2.946,2.9357349999999998,2.907,2.944,2.918,1500,2.915,2000,2.912,2000,2.91,14000,2.908,4100,2.905,5000,2.904,10000,2.903,5400,2.901,1500,2.9,11100,2.919,10000,2.92,2000,2.921,10400,2.922,200,2.936,1200,2.94,2800,2.941,5000,2.947,24500,2.95,4000,2.965,4900
2020-08-06 10:57:10.630,2.915,3500.0,2.946,2.935623,2.906,2.944,2.912,2000,2.91,14000,2.908,4100,2.905,5000,2.904,10000,2.903,5400,2.901,1500,2.9,11100,2.899,400,2.895,5000,2.915,10600,2.919,10000,2.92,2000,2.921,10400,2.922,200,2.936,1200,2.94,2800,2.941,5000,2.947,24500,2.95,4000
2020-08-06 10:57:12.960,2.915,5000.0,2.946,2.9354560000000003,2.906,2.944,2.912,2000,2.91,14000,2.908,4100,2.905,5000,2.904,10000,2.903,5400,2.901,1500,2.9,11100,2.899,400,2.895,5000,2.915,5600,2.919,10000,2.92,2000,2.921,10400,2.922,200,2.936,1200,2.94,2800,2.941,5000,2.947,24500,2.95,4000
2020-08-06 10:57:38.030,2.91,5700.0,2.946,2.935228,2.903,2.944,2.91,10300,2.908,4100,2.905,5000,2.904,10000,2.903,5400,2.901,1500,2.9,11100,2.899,400,2.895,5000,2.894,300,2.915,5600,2.919,10000,2.92,2000,2.921,10400,2.922,200,2.936,1200,2.94,2800,2.941,5000,2.947,24500,2.95,4000
2020-08-06 10:58:05.330,2.91,9000.0,2.946,2.934868,2.901,2.944,2.91,1300,2.908,4100,2.905,5000,2.904,10000,2.903,5400,2.901,1500,2.9,11100,2.899,400,2.895,5000,2.894,300,2.912,7000,2.915,5600,2.919,10000,2.92,2000,2.921,10400,2.922,200,2.936,1200,2.94,2800,2.941,5000,2.947,24500
2020-08-06 10:58:16.940,2.91,1000.0,2.946,2.934828,2.901,2.944,2.91,300,2.908,4100,2.905,5000,2.904,10000,2.903,5400,2.901,1500,2.9,11100,2.899,400,2.895,5000,2.894,300,2.912,7000,2.919,10000,2.92,2000,2.921,10400,2.922,200,2.936,1200,2.94,2800,2.941,5000,2.947,24500,2.95,4000
2020-08-06 10:58:20.210,2.91,300.0,2.946,2.934816,2.9,2.944,2.908,4100,2.905,5000,2.904,10000,2.903,5400,2.901,1500,2.9,11100,2.899,400,2.895,5000,2.894,300,2.89,3500,2.91,28500,2.912,7000,2.919,10000,2.92,2000,2.921,10400,2.922,200,2.936,1200,2.94,2800,2.941,5000,2.947,24500
2020-08-06 10:59:13.560,2.908,4100.0,2.946,2.934643,2.899,2.944,2.905,5000,2.904,10000,2.903,5400,2.901,1500,2.9,11100,2.895,5000,2.894,300,2.89,3500,2.888,2400,2.88,1100,2.909,1000,2.91,128500,2.912,2000,2.92,2000,2.921,400,2.922,200,2.936,1200,2.94,2800,2.941,5000,2.947,24500
2020-08-06 10:59:52.680,2.906,1000.0,2.946,2.934598,2.899,2.944,2.906,1000,2.905,5000,2.904,10000,2.903,100,2.901,1500,2.9,11100,2.895,5000,2.894,300,2.89,4000,2.888,2400,2.909,1000,2.91,95000,2.912,2000,2.92,2000,2.921,400,2.922,200,2.936,1200,2.94,2800,2.941,5000,2.947,24500
2020-08-06 11:00:13.140,2.904,16100.0,2.946,2.933854,2.899,2.944,2.903,100,2.902,5300,2.901,1500,2.9,11100,2.895,5000,2.894,300,2.89,4000,2.888,2400,2.88,1100,2.866,21000,2.904,12400,2.909,11000,2.91,95000,2.912,2000,2.92,2000,2.921,400,2.922,200,2.936,1200,2.94,2800,2.941,5000
2020-08-06 11:00:18.460,2.904,3400.0,2.946,2.9336990000000003,2.899,2.944,2.903,100,2.902,5300,2.901,1500,2.9,11100,2.895,5000,2.894,300,2.89,4000,2.888,2400,2.88,1100,2.866,21000,2.904,9000,2.909,11000,2.91,95000,2.912,2000,2.92,2000,2.921,400,2.922,200,2.936,1200,2.94,2800,2.941,5000
2020-08-06 11:00:51.170,2.904,4000.0,2.946,2.933519,2.896,2.944,2.903,100,2.902,30300,2.901,2500,2.9,11100,2.895,5000,2.894,300,2.89,4000,2.888,2400,2.88,1100,2.866,21000,2.908,10000,2.909,10000,2.91,95000,2.92,2000,2.921,400,2.922,200,2.936,1200,2.94,2800,2.941,5000,2.947,24500
2020-08-06 11:00:57.920,2.903,100.0,2.946,2.9335139999999997,2.896,2.944,2.902,30300,2.901,2500,2.9,11100,2.895,5000,2.894,300,2.89,4000,2.888,2400,2.88,1100,2.866,21000,2.85,4000,2.903,900,2.908,10000,2.909,10000,2.91,95000,2.92,2000,2.921,400,2.922,200,2.936,1200,2.94,2800,2.941,5000
2020-08-06 11:01:17.150,2.902,5000.0,2.946,2.933277,2.896,2.944,2.902,25300,2.901,2500,2.9,11100,2.895,5000,2.894,300,2.89,4000,2.888,2400,2.88,1100,2.875,7500,2.866,21000,2.903,900,2.908,10000,2.909,10000,2.91,95000,2.92,2000,2.921,400,2.922,200,2.936,1200,2.94,2800,2.941,5000
2020-08-06 11:01:20.620,2.903,300.0,2.946,2.933263,2.897,2.944,2.902,25300,2.901,2500,2.9,11100,2.895,5000,2.894,300,2.89,4000,2.888,2400,2.88,1100,2.875,7500,2.866,21000,2.903,600,2.907,30000,2.908,10000,2.909,10000,2.91,95000,2.92,2000,2.921,400,2.922,200,2.936,1200,2.94,2800
2020-08-06 11:01:45.280,2.903,600.0,2.946,2.933236,2.902,2.944,2.903,2600,2.902,25300,2.901,2500,2.9,11100,2.895,5000,2.894,300,2.89,4000,2.888,2400,2.88,1100,2.875,7500,2.908,10000,2.909,10000,2.91,95000,2.92,2000,2.921,400,2.922,200,2.936,1200,2.94,2800,2.941,5000,2.947,24500
2020-08-06 11:02:01.550,2.903,10300.0,2.946,2.932775,2.902,2.944,2.903,8800,2.902,25300,2.901,2500,2.9,11100,2.895,5000,2.894,300,2.89,4000,2.888,2400,2.88,1100,2.875,7500,2.907,10000,2.908,10000,2.909,10000,2.91,93700,2.92,2000,2.921,400,2.922,200,2.936,1200,2.94,2800,2.941,5000
2020-08-06 11:02:20.890,2.907,1000.0,2.946,2.932737,2.903,2.944,2.903,8800,2.902,25300,2.901,2500,2.9,11100,2.899,10000,2.895,5000,2.894,300,2.89,4000,2.888,2400,2.88,1100,2.907,9000,2.908,10000,2.909,10000,2.91,93700,2.92,2000,2.921,400,2.922,200,2.936,1200,2.94,2800,2.941,5000
2020-08-06 11:03:34.830,2.903,600.0,2.946,2.9327099999999997,2.903,2.944,2.903,9200,2.902,25300,2.901,2500,2.9,11100,2.899,10000,2.898,10000,2.895,5000,2.894,300,2.89,4000,2.888,2400,2.908,10000,2.909,10000,2.91,92400,2.92,2000,2.921,400,2.922,200,2.936,1200,2.94,2800,2.941,5000,2.947,24500
2020-08-06 11:04:21.790,2.908,2000.0,2.946,2.9326380000000003,2.905,2.944,2.903,9200,2.902,25300,2.901,2500,2.9,11100,2.899,10000,2.898,10000,2.895,5000,2.894,300,2.89,4000,2.888,2400,2.908,8000,2.909,10000,2.91,102400,2.92,2000,2.921,400,2.922,200,2.936,1200,2.94,2800,2.941,5000,2.947,24500
2020-08-06 11:04:52.440,2.908,2000.0,2.946,2.9325650000000003,2.905,2.944,2.903,9300,2.902,25300,2.901,2500,2.9,11100,2.899,20000,2.898,10000,2.895,5000,2.894,300,2.89,4000,2.888,2400,2.908,6000,2.909,10000,2.91,102400,2.92,2000,2.921,400,2.922,200,2.936,1200,2.94,2800,2.941,5000,2.947,24500
2020-08-06 11:09:17.860,2.909,200.0,2.946,2.932558,2.912,2.944,2.909,11500,2.908,3000,2.907,10000,2.904,5000,2.903,38800,2.902,25300,2.901,12500,2.9,21100,2.899,10000,2.895,7000,2.91,92400,2.92,2000,2.921,400,2.922,200,2.936,1200,2.94,2800,2.941,5000,2.947,24500,2.95,4000,2.965,4900
2020-08-06 11:11:03.460,2.91,6700.0,2.946,2.932339,2.915,2.944,2.909,1500,2.908,6800,2.907,10000,2.904,15000,2.903,38800,2.902,25300,2.901,12500,2.9,26100,2.899,10000,2.895,7000,2.91,85700,2.92,2000,2.921,400,2.922,200,2.936,1200,2.94,2800,2.941,5000,2.947,24500,2.95,4000,2.965,4900
2020-08-06 11:11:29.760,2.91,10000.0,2.946,2.932019,2.914,2.944,2.909,1500,2.908,6800,2.907,10000,2.904,5000,2.903,38800,2.902,25300,2.901,12500,2.9,26100,2.899,10000,2.895,7000,2.91,75700,2.92,2000,2.921,400,2.922,200,2.936,1200,2.94,2800,2.941,5000,2.947,24500,2.95,4000,2.965,4900
2020-08-06 11:12:09.240,2.91,3000.0,2.946,2.931925,2.913,2.944,2.909,1500,2.908,6800,2.907,10000,2.904,5000,2.903,38800,2.902,25300,2.901,11500,2.9,26100,2.899,10000,2.895,7000,2.91,72700,2.92,2000,2.921,400,2.922,200,2.936,1200,2.94,2800,2.941,5000,2.947,24500,2.95,4000,2.965,4900
2020-08-06 11:13:01.610,2.91,1000.0,2.946,2.931893,2.913,2.944,2.909,1500,2.908,3800,2.907,10000,2.904,5000,2.903,38800,2.902,25300,2.901,11500,2.9,26100,2.899,10000,2.895,7000,2.91,76700,2.92,2000,2.921,400,2.922,200,2.936,1200,2.94,2800,2.941,5000,2.947,24500,2.95,4000,2.965,4900
2020-08-06 11:13:36.160,2.909,1500.0,2.946,2.931845,2.913,2.944,2.908,3800,2.907,10000,2.904,5000,2.903,38800,2.902,25300,2.901,11500,2.9,26100,2.899,10000,2.895,7000,2.894,300,2.909,1500,2.91,76700,2.92,2000,2.921,400,2.922,200,2.936,1200,2.94,2800,2.941,5000,2.947,24500,2.95,4000
2020-08-06 11:13:55.240,2.909,1500.0,2.946,2.931796,2.912,2.944,2.909,3500,2.908,13800,2.907,10000,2.904,5000,2.903,38800,2.902,25300,2.901,11500,2.9,26100,2.899,10000,2.895,7000,2.91,76700,2.92,2000,2.921,400,2.922,200,2.936,1200,2.94,2800,2.941,5000,2.947,24500,2.95,4000,2.965,4900
2020-08-06 11:15:19.120,2.909,100.0,2.946,2.931793,2.912,2.944,2.909,4400,2.908,4800,2.907,10000,2.906,10000,2.904,5000,2.903,38800,2.902,25300,2.901,11500,2.9,26100,2.899,10000,2.91,76700,2.92,2000,2.921,400,2.922,200,2.936,1200,2.94,2800,2.941,5000,2.947,24500,2.95,4000,2.965,4900
2020-08-06 11:16:47.840,2.909,4400.0,2.946,2.931652,2.911,2.944,2.908,4800,2.907,10000,2.906,10000,2.904,5000,2.903,38800,2.902,25300,2.901,11500,2.9,26100,2.899,10000,2.895,7000,2.909,20100,2.91,76700,2.92,2000,2.922,200,2.936,1200,2.94,2800,2.941,5000,2.947,24500,2.95,4000,2.965,4900
2020-08-06 11:17:25.390,2.909,20100.0,2.946,2.931028,2.911,2.944,2.909,29900,2.908,4800,2.907,10000,2.906,10000,2.904,9000,2.903,38800,2.902,25300,2.901,11500,2.9,26100,2.899,10000,2.91,71700,2.92,2000,2.922,200,2.936,1200,2.94,2800,2.941,5000,2.947,24500,2.95,4000,2.965,4900,2.972,3000
2020-08-06 11:17:27.120,2.91,50000.0,2.946,2.929679,2.911,2.944,2.909,29900,2.908,4800,2.906,10000,2.904,9000,2.903,38800,2.902,25300,2.901,11500,2.9,26100,2.899,10000,2.895,7000,2.91,21700,2.92,2000,2.922,200,2.936,1200,2.94,2800,2.941,5000,2.947,24500,2.95,4000,2.965,4900,2.972,3000
2020-08-06 11:17:28.370,2.91,21700.0,2.946,2.929147,2.912,2.944,2.91,28300,2.909,29900,2.908,4800,2.906,10000,2.904,9000,2.903,38800,2.902,25300,2.901,11500,2.9,26100,2.899,10000,2.92,2000,2.922,200,2.936,1200,2.94,2800,2.941,5000,2.947,24500,2.95,4000,2.965,4900,2.972,3000,2.979,3000
2020-08-06 11:17:47.350,2.91,16400.0,2.946,2.928763,2.913,2.944,2.91,11900,2.909,31100,2.908,4800,2.906,10000,2.905,10000,2.904,9000,2.903,38800,2.902,25300,2.901,11500,2.9,26100,2.92,2000,2.922,200,2.936,1200,2.94,2800,2.941,5000,2.947,24500,2.95,4000,2.965,4900,2.972,3000,2.979,3000
2020-08-06 11:18:14.450,2.91,1000.0,2.946,2.9287400000000003,2.914,2.944,2.91,11200,2.909,31100,2.908,4600,2.906,10000,2.905,10000,2.904,9000,2.903,38800,2.902,25300,2.901,11500,2.9,26100,2.92,12000,2.922,200,2.936,1200,2.94,2800,2.941,5000,2.947,24500,2.95,4000,2.965,4900,2.972,3000,2.979,3000
2020-08-06 11:18:22.510,2.92,100.0,2.946,2.9287389999999998,2.914,2.944,2.91,11200,2.909,31100,2.908,4600,2.906,10000,2.905,10000,2.904,9000,2.903,38800,2.902,25300,2.901,11500,2.9,26100,2.92,11900,2.922,200,2.936,1200,2.94,2800,2.941,5000,2.947,24500,2.95,4000,2.965,4900,2.972,3000,2.979,3000
2020-08-06 11:20:17.910,2.92,200.0,2.946,2.928737,2.918,2.944,2.914,30000,2.913,10000,2.912,30000,2.911,10000,2.91,11200,2.909,1200,2.908,4600,2.904,9000,2.903,38800,2.902,25300,2.92,1700,2.922,200,2.925,10000,2.936,1200,2.94,2800,2.941,5000,2.947,24500,2.95,4000,2.965,4900,2.972,3000
2020-08-06 11:21:45.620,2.914,2000.0,2.946,2.9287009999999998,2.918,2.944,2.914,38000,2.913,10000,2.912,30000,2.91,11000,2.909,1200,2.908,4600,2.904,4000,2.903,39500,2.902,25300,2.901,11500,2.92,1700,2.922,200,2.925,10000,2.936,1200,2.94,2800,2.941,5000,2.947,24500,2.95,4000,2.965,4900,2.972,3000
2020-08-06 11:27:19.130,2.919,10000.0,2.946,2.928584,2.918,2.944,2.919,20000,2.916,32000,2.915,8800,2.914,38000,2.913,10000,2.91,11000,2.909,1200,2.908,4600,2.904,4000,2.903,41500,2.92,1700,2.922,200,2.925,10000,2.933,4900,2.936,1200,2.94,2800,2.941,5000,2.947,24500,2.95,4000,2.972,3000
2020-08-06 11:28:06.570,2.92,100.0,2.946,2.928583,2.92,2.944,2.918,10000,2.916,32000,2.915,8800,2.914,38000,2.913,10000,2.91,100,2.909,1200,2.908,4600,2.905,19900,2.904,4000,2.92,1600,2.922,200,2.925,10000,2.933,5000,2.936,1200,2.94,2800,2.941,5000,2.947,24500,2.95,4000,2.972,3000
2020-08-06 11:28:11.310,2.92,1600.0,2.946,2.928566,2.921,2.944,2.92,28400,2.919,30000,2.918,10000,2.916,32000,2.915,8800,2.914,38000,2.913,10000,2.91,100,2.909,1200,2.908,4600,2.922,200,2.933,5000,2.936,1200,2.94,2800,2.941,5000,2.947,24500,2.95,4000,2.972,3000,2.979,3000,2.98,1000
2020-08-06 13:00:02.730,2.922,300.0,2.946,2.9285639999999997,2.921,2.944,2.92,27300,2.918,10000,2.916,2000,2.915,6800,2.91,100,2.909,1200,2.908,4600,2.905,19900,2.904,4000,2.903,21500,2.922,100,2.933,5000,2.936,1200,2.94,2800,2.941,5000,2.947,24500,2.95,4000,2.972,3000,2.979,3000,2.98,1000
2020-08-06 13:00:28.530,2.92,4900.0,2.946,2.928514,2.921,2.944,2.92,12400,2.918,10000,2.916,2000,2.915,6800,2.91,1800,2.909,1200,2.908,3600,2.907,5000,2.905,20200,2.904,4000,2.922,100,2.933,5000,2.936,1200,2.94,2800,2.941,5000,2.947,24500,2.95,4000,2.972,3000,2.979,3000,2.98,1000
2020-08-06 13:00:29.410,2.92,3400.0,2.946,2.9284790000000003,2.92,2.944,2.92,9000,2.918,10000,2.916,2000,2.915,6800,2.91,1800,2.909,1200,2.908,3600,2.907,5000,2.905,20200,2.904,4000,2.922,100,2.933,100,2.936,1200,2.94,2800,2.941,5000,2.947,24500,2.95,4000,2.972,3000,2.979,3000,2.98,1000
2020-08-06 13:02:45.180,2.92,6800.0,2.946,2.928411,2.916,2.944,2.92,2200,2.916,2000,2.915,6800,2.91,1800,2.909,1200,2.908,3600,2.907,5000,2.905,20200,2.904,4000,2.903,21500,2.922,100,2.923,10000,2.933,100,2.936,1200,2.94,2800,2.941,5000,2.947,24500,2.95,4000,2.972,3000,2.979,3000
2020-08-06 13:04:24.250,2.92,2200.0,2.946,2.928389,2.915,2.944,2.916,2000,2.915,6800,2.91,1800,2.909,1200,2.908,3600,2.907,5000,2.905,20200,2.904,4000,2.903,21500,2.902,25300,2.92,2800,2.921,4000,2.922,100,2.923,10000,2.924,10000,2.933,100,2.936,1200,2.94,2800,2.941,5000,2.947,24500
2020-08-06 13:09:50.930,2.918,700.0,2.946,2.9283810000000003,2.921,2.944,2.918,9300,2.917,1000,2.916,12000,2.915,6800,2.91,1800,2.909,1200,2.907,5000,2.905,20200,2.904,4000,2.903,21500,2.92,2800,2.921,4000,2.922,100,2.933,100,2.936,1200,2.94,2800,2.941,5000,2.947,24500,2.95,4000,2.972,3000
2020-08-06 13:13:10.440,2.92,12100.0,2.946,2.9282630000000003,2.923,2.944,2.92,17900,2.919,10100,2.918,9300,2.917,1500,2.916,12000,2.915,6800,2.911,200,2.91,1800,2.909,1200,2.907,5000,2.921,4000,2.922,47800,2.933,100,2.936,1200,2.94,2800,2.941,5000,2.947,24500,2.95,51700,2.972,3000,2.979,3000
2020-08-06 13:14:10.580,2.919,100.0,2.946,2.9282619999999997,2.921,2.944,2.917,31500,2.916,12000,2.915,6800,2.911,200,2.91,1800,2.909,1200,2.908,10000,2.907,5000,2.905,20200,2.904,4000,2.919,3200,2.921,4000,2.922,47800,2.933,100,2.936,1200,2.94,2800,2.941,5000,2.947,24500,2.95,51700,2.972,3000
2020-08-06 13:14:15.790,2.919,3200.0,2.946,2.928228,2.921,2.944,2.919,26800,2.917,31500,2.916,12000,2.915,6800,2.911,200,2.91,1800,2.909,1200,2.908,10000,2.907,5000,2.905,20200,2.921,4000,2.922,47800,2.933,100,2.936,1200,2.94,2800,2.941,5000,2.947,24500,2.95,51700,2.972,3000,2.979,3000
2020-08-06 13:14:37.840,2.917,1500.0,2.946,2.928209,2.921,2.944,2.916,12000,2.915,6800,2.911,200,2.91,1800,2.909,1200,2.908,10000,2.907,5000,2.905,20200,2.904,4000,2.903,21500,2.917,5200,2.92,31800,2.921,4000,2.922,47800,2.933,100,2.936,1200,2.94,2800,2.941,5000,2.947,24500,2.95,51700
2020-08-06 13:17:59.980,2.917,500.0,2.946,2.928202,2.918,2.944,2.916,2000,2.915,6800,2.912,3000,2.911,30500,2.91,39100,2.909,1200,2.908,10000,2.907,5000,2.905,20200,2.904,4000,2.917,4700,2.921,4000,2.922,47800,2.933,100,2.936,1200,2.94,2800,2.941,5000,2.947,24500,2.95,51700,2.972,3000
2020-08-06 13:18:24.930,2.917,4700.0,2.946,2.928142,2.919,2.944,2.917,25300,2.916,2000,2.915,6800,2.912,3000,2.911,30500,2.91,39100,2.909,1200,2.908,10000,2.907,5000,2.905,20200,2.921,4000,2.922,47800,2.933,100,2.936,1200,2.94,2800,2.941,5000,2.947,24500,2.95,51700,2.972,3000,2.979,3000
2020-08-06 13:20:50.120,2.921,1000.0,2.946,2.928134,2.917,2.944,2.916,2000,2.915,6800,2.913,10000,2.912,13000,2.911,30500,2.91,39100,2.909,1200,2.908,10000,2.907,5000,2.905,20200,2.921,33000,2.922,57800,2.925,10000,2.933,100,2.936,1200,2.94,2800,2.941,5000,2.947,24500,2.95,51700,2.972,3000
2020-08-06 13:21:21.390,2.916,2000.0,2.946,2.928106,2.917,2.944,2.915,6800,2.912,13000,2.911,30500,2.91,39100,2.909,1200,2.908,10000,2.907,5000,2.905,20200,2.904,4000,2.903,21500,2.916,200,2.921,33000,2.922,57800,2.925,10000,2.933,100,2.936,1200,2.94,2800,2.941,5000,2.947,24500,2.95,51700
2020-08-06 13:21:41.250,2.915,400.0,2.946,2.9281,2.916,2.944,2.915,6400,2.912,13000,2.911,30500,2.91,39100,2.909,1200,2.908,10000,2.907,5000,2.905,20200,2.904,4000,2.903,21500,2.916,200,2.921,33000,2.922,57800,2.925,10000,2.933,100,2.936,1200,2.94,2800,2.941,5000,2.947,24500,2.95,51700
2020-08-06 13:22:51.740,2.915,5000.0,2.946,2.928026,2.916,2.944,2.915,1400,2.913,3000,2.912,3000,2.911,30500,2.91,49100,2.909,1200,2.908,10000,2.907,5300,2.905,20200,2.904,4000,2.916,200,2.921,33000,2.922,57800,2.925,10000,2.933,100,2.936,1200,2.94,2800,2.941,5000,2.947,24500,2.95,51700
2020-08-06 13:31:09.470,2.916,800.0,2.946,2.9280150000000003,2.911,2.944,2.915,1700,2.913,3000,2.912,3000,2.911,200,2.91,39100,2.909,1200,2.908,30400,2.907,5300,2.905,20200,2.904,4000,2.916,29400,2.918,10000,2.92,10000,2.921,3000,2.922,47800,2.933,100,2.936,1200,2.94,2800,2.941,5000,2.947,24500
2020-08-06 13:31:41.400,2.916,1400.0,2.946,2.927996,2.912,2.944,2.915,1700,2.913,3000,2.912,3000,2.911,200,2.91,39100,2.909,1200,2.908,30400,2.907,5300,2.905,20200,2.904,4000,2.916,28000,2.92,10000,2.921,3000,2.922,47800,2.933,100,2.936,1200,2.94,2800,2.941,5000,2.947,24500,2.95,51700
2020-08-06 13:33:02.560,2.916,14900.0,2.946,2.927797,2.913,2.944,2.915,6500,2.913,3000,2.912,3000,2.911,200,2.91,49100,2.909,1200,2.908,30400,2.907,5300,2.905,20200,2.904,4000,2.916,13100,2.919,10000,2.92,10000,2.921,3000,2.922,47800,2.933,100,2.936,1200,2.94,2800,2.941,5000,2.947,24500
2020-08-06 13:33:24.590,2.916,3000.0,2.946,2.9277580000000003,2.913,2.944,2.915,6500,2.913,3000,2.912,3000,2.911,200,2.91,49100,2.909,1200,2.908,30400,2.907,5300,2.905,20200,2.904,4000,2.916,10100,2.919,10000,2.92,10000,2.921,3000,2.922,47800,2.933,100,2.936,1200,2.94,2800,2.941,5000,2.947,24500
2020-08-06 13:33:49.470,2.916,10100.0,2.946,2.927628,2.913,2.944,2.916,9900,2.915,6500,2.913,3000,2.912,3000,2.911,200,2.91,39100,2.909,1200,2.908,30400,2.907,5300,2.905,20200,2.919,10000,2.92,10000,2.921,3000,2.922,47800,2.933,100,2.936,1200,2.94,2800,2.941,5000,2.947,24500,2.95,51700
2020-08-06 13:36:01.750,2.916,9900.0,2.946,2.9275029999999997,2.911,2.944,2.915,6500,2.913,3000,2.912,3000,2.911,200,2.91,39100,2.909,1200,2.908,30400,2.907,5300,2.905,20200,2.904,4000,2.916,20100,2.917,30000,2.919,10000,2.92,10000,2.921,3000,2.922,47800,2.933,100,2.936,1200,2.94,2800,2.941,5000
2020-08-06 13:36:44.620,2.915,6500.0,2.946,2.9274150000000003,2.909,2.944,2.913,3000,2.912,3000,2.911,200,2.91,39100,2.909,1200,2.908,30400,2.907,5300,2.905,20200,2.904,4000,2.903,20500,2.915,23500,2.918,30000,2.919,10000,2.92,10000,2.921,3000,2.922,47800,2.933,100,2.936,1200,2.94,2800,2.941,5000
2020-08-06 13:38:16.600,2.913,3000.0,2.946,2.9273689999999997,2.906,2.944,2.912,3000,2.911,200,2.91,1800,2.909,1200,2.908,30400,2.907,5300,2.905,20200,2.904,4000,2.903,20500,2.902,30400,2.913,7000,2.915,10000,2.918,30000,2.921,3000,2.922,47800,2.933,100,2.936,1200,2.94,2800,2.941,5000,2.947,24500
2020-08-06 13:39:36.350,2.913,200.0,2.946,2.927366,2.906,2.944,2.912,3000,2.911,200,2.91,1800,2.909,1200,2.908,30400,2.907,5300,2.905,20200,2.904,4000,2.903,20500,2.902,30400,2.913,6800,2.915,10000,2.918,30000,2.921,3000,2.922,47800,2.933,100,2.936,1200,2.94,2800,2.941,5000,2.947,24500
2020-08-06 13:40:31.830,2.913,200.0,2.946,2.927363,2.905,2.944,2.912,3000,2.911,200,2.91,1800,2.909,1200,2.908,30400,2.907,5300,2.905,20200,2.904,4000,2.903,20500,2.902,30400,2.913,6600,2.915,10000,2.918,30000,2.921,3000,2.922,47800,2.933,100,2.936,1200,2.94,2800,2.941,5000,2.947,24500
2020-08-06 13:40:49.960,2.912,3000.0,2.946,2.9273130000000003,2.905,2.944,2.911,200,2.91,1800,2.909,1200,2.908,30400,2.907,5300,2.905,20200,2.904,4000,2.903,20500,2.902,30400,2.901,11500,2.912,7000,2.913,6600,2.915,10000,2.918,30000,2.921,3000,2.922,47800,2.933,100,2.936,1200,2.94,2800,2.941,5000
2020-08-06 13:41:21.950,2.912,200.0,2.946,2.92731,2.904,2.944,2.911,200,2.91,1800,2.909,1200,2.908,30400,2.907,5300,2.906,21700,2.905,20200,2.904,4000,2.903,20500,2.902,30400,2.912,6800,2.913,6600,2.915,10000,2.918,30000,2.921,3000,2.922,47800,2.933,100,2.936,1200,2.94,2800,2.941,5000
2020-08-06 13:42:15.650,2.911,200.0,2.946,2.927306,2.904,2.944,2.91,1800,2.909,1200,2.908,30400,2.907,5300,2.906,21700,2.905,20200,2.904,4000,2.903,20500,2.902,30400,2.901,11500,2.911,96200,2.912,6800,2.913,6600,2.915,10000,2.918,30000,2.921,3000,2.922,47800,2.933,100,2.936,1200,2.94,2800
2020-08-06 13:42:21.980,2.911,25200.0,2.946,2.926879,2.903,2.944,2.91,1800,2.909,1200,2.908,30400,2.907,5300,2.906,21700,2.905,20200,2.904,4000,2.903,20500,2.902,30400,2.901,11500,2.911,71000,2.912,6800,2.913,6600,2.915,10000,2.918,30000,2.921,3000,2.922,47800,2.933,100,2.936,1200,2.94,2800
2020-08-06 13:43:28.090,2.91,1900.0,2.946,2.926845,2.903,2.944,2.909,1200,2.908,30400,2.907,5300,2.906,21700,2.905,20200,2.904,4000,2.903,20500,2.902,30400,2.901,11500,2.9,16100,2.91,8100,2.911,71000,2.912,6800,2.913,6600,2.918,30000,2.921,3000,2.922,47800,2.933,100,2.936,1200,2.94,2800
2020-08-06 13:43:57.680,2.909,1200.0,2.946,2.926823,2.903,2.944,2.908,30400,2.907,5300,2.906,21700,2.905,20200,2.904,4000,2.903,20500,2.902,30400,2.901,11500,2.9,16100,2.899,10000,2.909,69800,2.91,8100,2.912,6800,2.913,6600,2.918,30000,2.921,3000,2.922,47800,2.93,1100,2.933,100,2.936,1200
2020-08-06 13:44:34.830,2.909,200.0,2.946,2.926819,2.905,2.944,2.908,30400,2.907,5300,2.906,21700,2.905,20200,2.904,4000,2.903,20500,2.902,30400,2.901,11500,2.9,16100,2.899,10000,2.909,69600,2.91,8100,2.912,6800,2.913,6600,2.918,30000,2.921,3000,2.922,47800,2.93,1100,2.933,100,2.936,1200
2020-08-06 13:45:33.740,2.909,200.0,2.946,2.926816,2.905,2.944,2.908,30400,2.907,5300,2.906,21700,2.905,20200,2.904,4000,2.903,20500,2.902,30400,2.901,11500,2.9,16100,2.899,10000,2.909,69400,2.912,6800,2.913,6600,2.918,30000,2.921,3000,2.922,47800,2.93,1100,2.933,100,2.936,1200,2.94,2800
2020-08-06 13:45:41.340,2.909,36300.0,2.946,2.926169,2.905,2.944,2.908,30400,2.907,5300,2.906,21700,2.905,20200,2.904,4000,2.903,20500,2.902,30400,2.901,11500,2.9,16600,2.899,10000,2.909,33100,2.912,6800,2.913,6600,2.918,30000,2.921,3000,2.922,47800,2.93,1100,2.933,100,2.936,1200,2.94,2800
2020-08-06 13:45:52.990,2.909,3200.0,2.946,2.926114,2.905,2.944,2.908,30400,2.907,5300,2.906,21700,2.905,20200,2.904,4000,2.903,20500,2.902,30400,2.901,11500,2.9,16600,2.899,10000,2.909,29900,2.912,6800,2.913,6600,2.918,30000,2.921,3000,2.922,47800,2.93,1100,2.933,100,2.936,1200,2.94,2800
2020-08-06 13:49:08.540,2.909,1100.0,2.946,2.926095,2.904,2.944,2.908,30400,2.907,5300,2.906,21700,2.905,20200,2.904,4000,2.903,20500,2.902,30400,2.901,11500,2.9,21600,2.899,10000,2.909,8900,2.911,10000,2.912,6800,2.913,6600,2.918,30000,2.921,3000,2.922,47800,2.93,1100,2.933,100,2.936,1200
2020-08-06 13:49:55.790,2.909,300.0,2.946,2.9260900000000003,2.905,2.944,2.908,30400,2.907,5300,2.906,21700,2.905,20200,2.904,4000,2.903,20500,2.902,30400,2.901,11500,2.9,16600,2.899,10000,2.909,8600,2.911,10000,2.912,6800,2.913,6600,2.918,30000,2.921,3000,2.922,47800,2.93,1100,2.933,100,2.936,1200
2020-08-06 13:50:34.360,2.908,100.0,2.946,2.926089,2.905,2.944,2.908,30300,2.907,5300,2.906,21700,2.905,20200,2.904,4000,2.903,20500,2.902,30400,2.901,11500,2.9,16600,2.899,10000,2.911,10000,2.912,6800,2.913,6600,2.918,30000,2.921,3000,2.922,47800,2.93,1100,2.933,100,2.936,1200,2.94,2800
2020-08-06 13:52:09.700,2.908,30300.0,2.946,2.925559,2.902,2.944,2.907,5300,2.906,21700,2.905,20200,2.904,4000,2.903,20500,2.902,30400,2.901,11500,2.9,26600,2.899,10000,2.898,1000,2.909,2000,2.911,10000,2.912,10000,2.918,30000,2.921,3000,2.922,47800,2.93,1100,2.933,100,2.936,1200,2.94,2800
2020-08-06 13:52:37.570,2.907,5300.0,2.946,2.925465,2.901,2.944,2.906,21700,2.905,20200,2.904,4000,2.903,20500,2.902,30400,2.901,11500,2.9,26600,2.899,10000,2.898,1000,2.895,7000,2.907,24600,2.909,2000,2.911,10000,2.912,10000,2.918,30000,2.921,3000,2.922,47800,2.93,1100,2.933,100,2.936,1200
2020-08-06 13:53:04.130,2.907,200.0,2.946,2.925461,2.9,2.944,2.906,21700,2.905,20200,2.904,4000,2.903,15800,2.902,30400,2.901,11500,2.9,26600,2.899,10000,2.898,1000,2.895,7000,2.907,24400,2.909,2000,2.911,10000,2.912,10000,2.918,30000,2.921,3000,2.922,47800,2.93,1100,2.933,100,2.936,1200
2020-08-06 13:53:44.270,2.906,3400.0,2.946,2.925398,2.9,2.944,2.906,18300,2.905,20200,2.904,4000,2.903,15800,2.902,30400,2.901,11500,2.9,26600,2.899,10000,2.898,1000,2.895,7000,2.907,24400,2.909,2000,2.911,10000,2.912,10000,2.918,30000,2.921,3000,2.922,47800,2.93,1100,2.933,100,2.936,1200
2020-08-06 13:53:55.220,2.906,18300.0,2.946,2.925063,2.899,2.944,2.905,20200,2.904,4000,2.903,15800,2.902,30400,2.901,11500,2.9,26600,2.899,10000,2.898,1000,2.895,7000,2.894,300,2.906,3400,2.907,24400,2.909,2000,2.911,10000,2.912,10000,2.918,30000,2.921,3000,2.922,47800,2.93,1100,2.933,100
2020-08-06 13:54:54.840,2.905,20200.0,2.946,2.924689,2.899,2.944,2.904,4000,2.903,15800,2.902,30400,2.901,11500,2.9,26600,2.899,10000,2.898,1000,2.895,7000,2.894,300,2.89,7200,2.905,9800,2.906,8400,2.907,24400,2.909,2000,2.911,10000,2.912,10000,2.918,30000,2.921,3000,2.922,47800,2.93,1100
2020-08-06 13:55:43.050,2.906,100.0,2.946,2.924687,2.899,2.944,2.904,4000,2.903,20900,2.902,30400,2.901,11500,2.9,26600,2.899,10000,2.898,1000,2.895,7000,2.894,300,2.89,7200,2.906,4900,2.907,24400,2.909,2000,2.911,10000,2.912,10000,2.918,30000,2.921,3000,2.922,47800,2.93,1100,2.933,100
2020-08-06 13:55:52.650,2.904,700.0,2.946,2.924674,2.899,2.944,2.904,3300,2.903,20900,2.902,25300,2.901,11500,2.9,26600,2.899,10000,2.898,1000,2.895,7000,2.894,300,2.89,7200,2.906,4900,2.907,24400,2.911,10000,2.918,30000,2.921,3000,2.922,47800,2.93,1100,2.933,100,2.936,1200,2.94,2800
2020-08-06 13:56:21.570,2.906,6900.0,2.946,2.9245520000000003,2.9,2.944,2.906,5100,2.904,6800,2.903,20900,2.902,25300,2.901,11500,2.9,26600,2.899,10000,2.898,1000,2.895,7000,2.894,300,2.907,24400,2.909,10000,2.918,30000,2.921,3000,2.922,47800,2.93,1100,2.933,100,2.936,1200,2.94,2800,2.941,5000
2020-08-06 13:58:13.950,2.907,5500.0,2.946,2.924464,2.902,2.944,2.906,25500,2.904,6800,2.903,30900,2.902,25300,2.901,11500,2.9,26600,2.899,10000,2.898,1000,2.895,7000,2.894,300,2.907,18900,2.909,10000,2.918,30000,2.921,3000,2.922,47800,2.93,1100,2.933,100,2.936,1200,2.94,2800,2.941,5000
2020-08-06 13:58:17.410,2.906,7000.0,2.946,2.924347,2.902,2.944,2.906,18500,2.904,6800,2.903,30900,2.902,25300,2.901,11500,2.9,26600,2.899,10000,2.898,1000,2.895,7000,2.894,300,2.907,18900,2.909,10000,2.918,30000,2.921,3000,2.922,47800,2.93,1100,2.933,100,2.936,1200,2.94,2800,2.941,5000
2020-08-06 14:00:57.790,2.907,18900.0,2.946,2.924054,2.907,2.944,2.907,11100,2.906,18500,2.905,300,2.904,1300,2.903,30900,2.902,25300,2.901,21500,2.9,26600,2.899,10000,2.898,1000,2.909,10000,2.918,30000,2.921,3000,2.922,47800,2.93,1100,2.933,100,2.936,1200,2.94,2800,2.941,5000,2.947,24500
2020-08-06 14:01:51.870,2.909,3400.0,2.946,2.924009,2.909,2.944,2.907,11100,2.906,18500,2.905,10300,2.904,1300,2.903,30900,2.902,25300,2.901,21500,2.9,26600,2.899,10000,2.898,1000,2.909,6600,2.921,3000,2.922,47800,2.93,1100,2.933,100,2.936,1200,2.94,2800,2.941,5000,2.947,24500,2.95,51700
2020-08-06 14:02:13.270,2.909,4800.0,2.946,2.9239450000000002,2.909,2.944,2.907,11100,2.906,18500,2.905,10300,2.904,1300,2.903,30900,2.902,25300,2.901,21500,2.9,26600,2.899,10000,2.898,1000,2.909,1800,2.921,3000,2.922,47800,2.93,1100,2.933,100,2.936,1200,2.94,2800,2.941,5000,2.947,24500,2.95,51700
2020-08-06 14:03:49.720,2.906,100.0,2.946,2.9239439999999997,2.909,2.944,2.906,18400,2.905,700,2.904,6400,2.903,25800,2.902,26300,2.901,11500,2.9,26600,2.899,10000,2.898,1000,2.895,7000,2.921,3000,2.922,47800,2.93,1100,2.933,100,2.936,1200,2.94,2800,2.941,5000,2.947,24500,2.95,51700,2.972,3000
2020-08-06 14:06:28.570,2.92,2000.0,2.946,2.923937,2.914,2.944,2.91,10000,2.909,30000,2.908,5000,2.907,30000,2.906,23200,2.905,20700,2.904,6400,2.903,25800,2.902,26300,2.901,11500,2.92,8000,2.921,3000,2.922,47800,2.93,1100,2.933,100,2.936,1200,2.94,2800,2.941,5000,2.947,24500,2.95,51700
2020-08-06 14:06:34.120,2.92,3300.0,2.946,2.923925,2.914,2.944,2.911,30000,2.91,10000,2.909,30000,2.908,5000,2.907,30000,2.906,23200,2.905,24100,2.904,6400,2.903,25800,2.902,26300,2.92,4700,2.921,3000,2.922,47800,2.93,1100,2.933,100,2.936,1200,2.94,2800,2.941,5000,2.947,24500,2.95,51700
2020-08-06 14:09:28.830,2.92,600.0,2.946,2.923923,2.916,2.944,2.915,15000,2.911,31200,2.91,10000,2.909,30000,2.908,5000,2.906,18200,2.905,13700,2.904,6400,2.903,25800,2.902,26300,2.92,4100,2.921,3000,2.922,47800,2.924,10000,2.93,1100,2.933,100,2.936,1200,2.94,2800,2.941,5000,2.947,8700
2020-08-06 14:11:06.280,2.919,1500.0,2.946,2.923917,2.912,2.944,2.918,5000,2.911,1200,2.909,30000,2.908,5000,2.906,18200,2.905,13700,2.904,6400,2.903,25800,2.902,26300,2.901,11500,2.919,14300,2.92,4100,2.921,3000,2.922,57800,2.924,10000,2.93,1100,2.933,100,2.936,1200,2.94,2800,2.941,5000
2020-08-06 14:11:09.030,2.918,5000.0,2.946,2.923891,2.912,2.944,2.911,1200,2.909,30000,2.908,5000,2.906,18200,2.905,13700,2.904,6400,2.903,25800,2.902,26300,2.901,11500,2.9,26600,2.919,14300,2.92,4100,2.921,3000,2.922,57800,2.924,10000,2.93,1100,2.933,100,2.936,1200,2.94,2800,2.941,5000
2020-08-06 14:13:51.490,2.918,100.0,2.946,2.92389,2.911,2.944,2.912,200,2.911,1200,2.91,30000,2.909,40000,2.908,5000,2.906,18200,2.905,3700,2.904,6400,2.903,25800,2.902,26300,2.918,600,2.919,24300,2.92,4100,2.921,3000,2.922,57800,2.93,1100,2.933,100,2.936,1200,2.94,2800,2.941,5000
2020-08-06 14:20:48.860,2.917,10000.0,2.946,2.9238299999999997,2.919,2.944,2.917,20000,2.913,30000,2.912,5200,2.911,1200,2.909,30000,2.908,5000,2.906,18200,2.905,3700,2.904,6400,2.903,25800,2.918,600,2.919,14300,2.921,13000,2.922,47800,2.93,1100,2.933,100,2.936,1200,2.94,2800,2.941,5000,2.947,8700
2020-08-06 14:22:09.710,2.918,3600.0,2.946,2.923812,2.923,2.944,2.918,6400,2.913,30000,2.912,5200,2.911,1200,2.909,30000,2.908,5000,2.906,18200,2.905,3700,2.904,6400,2.903,25800,2.919,14300,2.921,13000,2.922,47800,2.93,1100,2.933,100,2.936,1200,2.94,2800,2.941,5000,2.947,8700,2.95,51700
2020-08-06 14:24:31.960,2.918,5000.0,2.946,2.923787,2.922,2.944,2.918,2000,2.917,13000,2.913,30000,2.912,5200,2.911,1200,2.91,5000,2.909,30000,2.908,5000,2.906,18200,2.905,3700,2.919,14300,2.921,13000,2.922,47800,2.93,1100,2.933,100,2.936,1200,2.94,2800,2.941,5000,2.947,8700,2.95,51700
2020-08-06 14:24:34.690,2.919,14300.0,2.946,2.9237290000000002,2.922,2.944,2.919,15700,2.918,2000,2.917,13000,2.913,30000,2.912,5200,2.911,1200,2.91,5000,2.909,30000,2.908,5000,2.906,18200,2.921,13000,2.922,47800,2.93,1100,2.933,100,2.936,1200,2.94,2800,2.941,5000,2.947,8700,2.95,51700,2.972,3000
2020-08-06 14:25:25.620,2.921,5000.0,2.946,2.923717,2.924,2.944,2.919,100,2.918,2100,2.917,14000,2.913,30000,2.912,5200,2.911,1200,2.91,5000,2.909,30000,2.908,5000,2.906,18200,2.921,8000,2.922,47800,2.93,1100,2.933,100,2.936,1200,2.94,2800,2.941,5000,2.947,8700,2.95,51700,2.972,3000
2020-08-06 14:29:52.400,2.921,300.0,2.946,2.923717,2.926,2.944,2.92,10000,2.919,20100,2.918,32100,2.917,4000,2.913,30000,2.912,200,2.911,1200,2.91,5000,2.909,30000,2.908,5000,2.921,2900,2.922,47800,2.93,1100,2.933,100,2.936,1200,2.94,2800,2.941,5000,2.947,8700,2.95,51700,2.972,3000
2020-08-06 14:30:00.110,2.92,10000.0,2.946,2.923686,2.926,2.944,2.919,20100,2.918,32100,2.917,4000,2.913,30000,2.912,200,2.911,1200,2.91,5000,2.909,30000,2.908,5000,2.906,18200,2.92,9700,2.921,2900,2.922,47800,2.93,1100,2.933,100,2.936,1200,2.94,2800,2.941,5000,2.947,8700,2.95,51700
2020-08-06 14:30:00.460,2.92,600.0,2.946,2.923684,2.926,2.944,2.919,20100,2.918,32100,2.917,4000,2.913,30000,2.912,200,2.911,1200,2.91,5000,2.909,30000,2.908,5000,2.906,18200,2.92,9100,2.921,2900,2.922,47800,2.93,1100,2.933,100,2.936,1200,2.94,2800,2.941,5000,2.947,8700,2.95,51700
2020-08-06 14:31:20.090,2.92,3000.0,2.946,2.923674,2.925,2.944,2.919,20100,2.918,2100,2.917,4000,2.913,30000,2.912,200,2.911,1200,2.91,5000,2.909,30000,2.908,5000,2.906,18200,2.92,6100,2.922,47800,2.93,1100,2.933,100,2.936,1200,2.94,2800,2.941,5000,2.947,8700,2.95,51700,2.972,3000
2020-08-06 14:31:35.440,2.92,6100.0,2.946,2.9236560000000003,2.924,2.944,2.92,23900,2.919,10100,2.918,700,2.917,4000,2.913,30000,2.912,200,2.911,1200,2.91,5000,2.909,30000,2.908,5000,2.922,47800,2.93,1100,2.933,100,2.936,1200,2.94,2800,2.941,5000,2.947,8700,2.95,51700,2.972,3000,2.979,3000
2020-08-06 14:31:48.460,2.922,30000.0,2.946,2.9236150000000003,2.926,2.944,2.92,23900,2.919,10100,2.918,700,2.917,4000,2.913,30000,2.912,200,2.911,1200,2.91,5000,2.909,30000,2.908,5000,2.922,17800,2.93,1100,2.933,100,2.936,1200,2.94,2800,2.941,5000,2.947,8700,2.95,51700,2.972,3000,2.979,3000
2020-08-06 14:31:51.930,2.922,17800.0,2.946,2.9235919999999997,2.926,2.944,2.922,12200,2.92,23900,2.919,10100,2.918,700,2.917,4000,2.913,30000,2.912,200,2.911,1200,2.91,5000,2.909,30000,2.93,1100,2.933,100,2.936,1200,2.94,2800,2.941,5000,2.947,8700,2.95,51700,2.972,3000,2.979,3000,2.98,1000
2020-08-06 14:32:26.560,2.922,200.0,2.946,2.9235919999999997,2.929,2.944,2.922,12000,2.92,23900,2.919,10100,2.918,700,2.917,4000,2.913,30000,2.912,200,2.911,1200,2.91,5000,2.909,30000,2.93,1100,2.933,100,2.936,1200,2.94,2800,2.941,5000,2.947,8700,2.95,51700,2.972,3000,2.979,3000,2.98,1000
2020-08-06 14:33:35.390,2.922,300.0,2.946,2.9235919999999997,2.931,2.944,2.922,500,2.921,2000,2.92,23900,2.919,10100,2.918,700,2.917,4000,2.913,30000,2.912,200,2.911,1200,2.91,5000,2.93,1100,2.933,100,2.936,1200,2.94,2800,2.941,5000,2.947,8700,2.95,51700,2.972,3000,2.979,3000,2.98,1000
2020-08-06 14:34:58.270,2.923,4000.0,2.946,2.9235900000000004,2.932,2.944,2.923,6800,2.922,30500,2.921,2000,2.92,23900,2.919,10100,2.918,700,2.917,4000,2.913,30000,2.912,200,2.911,1200,2.93,1100,2.933,100,2.936,1200,2.94,2800,2.941,5000,2.947,8700,2.95,51700,2.972,3000,2.979,3000,2.98,1000
2020-08-06 14:36:44.720,2.93,1000.0,2.946,2.923595,2.934,2.944,2.928,30000,2.927,10000,2.926,30000,2.925,10000,2.924,30000,2.923,6800,2.922,30500,2.921,2000,2.919,10100,2.918,700,2.93,5100,2.933,100,2.936,1200,2.94,2800,2.941,5000,2.947,8700,2.95,51700,2.972,3000,2.979,3000,2.98,1000
2020-08-06 14:37:17.960,2.93,8100.0,2.946,2.923636,2.936,2.944,2.93,21900,2.929,19000,2.928,40000,2.927,10000,2.926,30000,2.925,10000,2.924,30000,2.923,800,2.922,30500,2.921,2000,2.933,100,2.936,1200,2.94,2800,2.941,5000,2.947,8700,2.95,51700,2.972,3000,2.979,3000,2.98,1000,2.982,1000
2020-08-06 14:37:38.520,2.93,2000.0,2.946,2.9236459999999997,2.936,2.944,2.93,19900,2.929,19000,2.928,40000,2.927,10000,2.926,30000,2.925,10000,2.924,30000,2.923,800,2.922,30500,2.921,2000,2.933,100,2.936,1200,2.94,2800,2.941,5000,2.947,8700,2.95,51700,2.972,3000,2.979,3000,2.98,1000,2.982,1000
2020-08-06 14:38:17.880,2.933,100.0,2.946,2.9236470000000003,2.937,2.944,2.933,1900,2.93,29900,2.929,19000,2.928,40000,2.927,10000,2.926,30000,2.924,30000,2.923,5800,2.922,30500,2.921,2000,2.936,1200,2.94,2800,2.941,5000,2.947,8700,2.95,51700,2.972,3000,2.979,3000,2.98,1000,2.982,1000,2.985,69300
2020-08-06 14:38:32.620,2.936,1100.0,2.946,2.923658,2.935,2.944,2.933,1900,2.93,10000,2.929,19000,2.928,40000,2.926,30000,2.924,30000,2.923,5800,2.922,30500,2.921,2000,2.919,10100,2.936,100,2.94,2800,2.941,5000,2.947,8700,2.95,51700,2.972,3000,2.979,3000,2.98,1000,2.982,1000,2.985,69300
2020-08-06 14:39:08.240,2.933,1900.0,2.946,2.9236720000000003,2.934,2.944,2.93,10000,2.929,19000,2.928,40000,2.926,30000,2.924,30000,2.923,5800,2.922,30500,2.921,2000,2.919,10100,2.918,700,2.933,1600,2.936,100,2.94,2800,2.941,15000,2.947,8700,2.95,51700,2.972,3000,2.979,3000,2.98,1000,2.982,1000
2020-08-06 14:40:29.700,2.933,1500.0,2.946,2.923683,2.931,2.944,2.929,19000,2.928,40000,2.926,30000,2.924,30000,2.923,5800,2.922,30500,2.921,2000,2.919,10100,2.918,700,2.917,4000,2.933,100,2.936,100,2.937,4300,2.94,2800,2.941,15000,2.947,8700,2.95,51700,2.972,3000,2.979,3000,2.98,1000
2020-08-06 14:41:16.950,2.929,3000.0,2.946,2.923695,2.929,2.944,2.929,16000,2.928,10000,2.927,10000,2.926,30000,2.924,30000,2.923,5800,2.922,30500,2.921,2000,2.919,10100,2.918,700,2.931,20000,2.933,100,2.936,100,2.937,4300,2.938,10000,2.94,2800,2.941,15000,2.947,8700,2.95,51700,2.972,3000
2020-08-06 14:41:45.570,2.929,16000.0,2.946,2.9237610000000003,2.928,2.944,2.926,30000,2.924,40000,2.923,5800,2.922,30500,2.921,2000,2.919,10100,2.918,700,2.917,4000,2.912,200,2.911,1200,2.929,4000,2.933,100,2.936,100,2.937,4300,2.938,10000,2.94,2800,2.941,15000,2.947,8700,2.95,51700,2.972,3000
2020-08-06 14:41:46.150,2.929,600.0,2.946,2.923764,2.928,2.944,2.926,30000,2.924,40000,2.923,5800,2.922,30500,2.921,2000,2.919,10100,2.918,700,2.917,4000,2.912,200,2.911,1200,2.929,3400,2.933,100,2.936,100,2.937,4300,2.938,10000,2.94,2800,2.941,15000,2.947,8700,2.95,51700,2.972,3000
2020-08-06 14:42:16.880,2.926,500.0,2.946,2.923764,2.93,2.944,2.926,42500,2.924,40000,2.923,5800,2.922,30500,2.921,2000,2.919,10100,2.918,700,2.917,4000,2.912,200,2.911,1200,2.929,7500,2.933,100,2.936,10100,2.937,4300,2.938,10000,2.94,2800,2.941,15000,2.947,8700,2.95,51700,2.972,3000
2020-08-06 14:43:03.630,2.929,7500.0,2.946,2.923795,2.932,2.944,2.929,2500,2.927,2000,2.926,42500,2.924,40000,2.923,5800,2.922,30500,2.921,2000,2.919,10100,2.918,700,2.917,4000,2.933,100,2.936,100,2.937,4300,2.938,10000,2.94,2800,2.941,5000,2.947,8700,2.95,51700,2.972,3000,2.979,3000
2020-08-06 14:44:25.200,2.93,10000.0,2.946,2.9238419999999996,2.935,2.944,2.929,2500,2.927,2000,2.926,13000,2.924,30000,2.923,5800,2.922,30500,2.921,2000,2.919,10100,2.918,700,2.917,4000,2.933,100,2.934,1000,2.936,100,2.937,4300,2.94,2800,2.941,5000,2.947,8700,2.95,51700,2.972,3000,2.979,3000
2020-08-06 14:44:56.780,2.93,2300.0,2.946,2.923853,2.934,2.944,2.929,2500,2.927,2000,2.926,13000,2.924,30000,2.923,5800,2.922,30500,2.921,2000,2.919,10100,2.918,700,2.917,4000,2.93,6400,2.933,100,2.934,1000,2.936,100,2.937,4300,2.94,2800,2.941,5000,2.95,51700,2.972,3000,2.979,3000
2020-08-06 14:45:07.520,2.93,6400.0,2.946,2.923883,2.934,2.944,2.93,3600,2.929,2500,2.927,2000,2.926,13000,2.924,30000,2.923,5800,2.922,30500,2.921,2000,2.919,10100,2.918,700,2.933,100,2.934,1000,2.936,100,2.937,4300,2.94,2800,2.941,5000,2.95,51700,2.972,3000,2.979,3000,2.98,1000
2020-08-06 14:45:29.830,2.93,200.0,2.946,2.923884,2.934,2.944,2.93,3400,2.929,2500,2.927,2000,2.926,13000,2.924,30000,2.923,5800,2.922,30500,2.921,2000,2.919,10100,2.918,700,2.933,100,2.934,1000,2.936,100,2.937,4300,2.94,2800,2.941,5000,2.95,51700,2.972,3000,2.979,3000,2.98,1000
2020-08-06 14:46:08.450,2.93,3400.0,2.946,2.9239,2.932,2.944,2.929,2500,2.927,2300,2.926,3000,2.924,30000,2.923,5800,2.922,30500,2.921,2000,2.919,10100,2.918,700,2.917,4000,2.93,200,2.933,100,2.936,100,2.937,4300,2.94,2800,2.941,5000,2.95,51700,2.972,3000,2.979,3000,2.98,1000
2020-08-06 14:47:02.020,2.93,200.0,2.946,2.923901,2.932,2.944,2.93,17200,2.929,2500,2.927,2300,2.926,3000,2.924,30000,2.923,5800,2.922,30500,2.921,2000,2.919,10100,2.918,700,2.931,4300,2.933,100,2.936,100,2.94,2800,2.941,5000,2.95,51700,2.972,3000,2.979,3000,2.98,1000,2.982,1000
2020-08-06 14:47:12.880,2.93,16900.0,2.946,2.923978,2.933,2.944,2.93,300,2.929,2500,2.927,2300,2.926,3000,2.924,30000,2.923,5800,2.922,30500,2.921,2000,2.919,10100,2.918,700,2.931,4300,2.933,100,2.936,100,2.94,2800,2.941,5000,2.95,51700,2.972,3000,2.979,3000,2.98,1000,2.982,1000
2020-08-06 14:47:20.730,2.93,100.0,2.946,2.923978,2.933,2.944,2.93,200,2.929,2500,2.927,2300,2.926,3000,2.924,30000,2.923,5800,2.922,30500,2.921,2000,2.919,10100,2.918,700,2.931,4300,2.933,100,2.936,100,2.94,2800,2.941,5000,2.95,51700,2.972,3000,2.979,3000,2.98,1000,2.982,1000
2020-08-06 14:47:51.570,2.931,2400.0,2.946,2.923991,2.934,2.944,2.93,10200,2.929,2500,2.927,2300,2.926,3000,2.924,30000,2.923,5800,2.922,30500,2.919,10100,2.918,700,2.917,4000,2.931,1900,2.933,100,2.936,100,2.94,2800,2.941,5000,2.95,51700,2.972,3000,2.979,3000,2.98,1000,2.982,1000
2020-08-06 14:47:51.630,2.93,1000.0,2.946,2.923995,2.934,2.944,2.93,9200,2.929,2500,2.927,2300,2.926,3000,2.924,30000,2.923,5800,2.922,30500,2.919,10100,2.918,700,2.917,4000,2.931,1900,2.933,100,2.936,100,2.94,2800,2.941,5000,2.95,51700,2.972,3000,2.979,3000,2.98,1000,2.982,1000
2020-08-06 14:47:56.970,2.931,1900.0,2.946,2.9240049999999997,2.934,2.944,2.931,8100,2.93,9200,2.929,2500,2.927,2300,2.926,3000,2.924,30000,2.923,5800,2.922,30500,2.919,10100,2.918,700,2.933,100,2.936,100,2.94,2800,2.941,5000,2.95,51700,2.972,3000,2.979,3000,2.98,1000,2.982,1000,2.985,69300
2020-08-06 14:48:16.140,2.931,1600.0,2.946,2.924014,2.934,2.944,2.931,6500,2.93,9200,2.929,2500,2.927,2300,2.926,3000,2.924,30000,2.923,5800,2.922,30500,2.919,10100,2.918,700,2.933,100,2.936,100,2.94,2800,2.941,5000,2.95,51700,2.972,3000,2.979,3000,2.98,1000,2.982,1000,2.985,69300
2020-08-06 14:48:40.890,2.933,100.0,2.946,2.924014,2.936,2.944,2.933,9900,2.931,6500,2.93,9200,2.929,2500,2.927,2300,2.926,3000,2.924,30000,2.923,5800,2.922,30500,2.919,10100,2.936,100,2.94,2800,2.941,5000,2.949,2000,2.95,51700,2.972,3000,2.979,3000,2.98,1000,2.982,1000,2.985,69300
2020-08-06 14:49:50.660,2.933,3000.0,2.946,2.924034,2.937,2.944,2.933,6900,2.931,6500,2.93,9200,2.927,2300,2.926,3000,2.924,30000,2.923,5800,2.922,30500,2.919,10100,2.918,700,2.936,100,2.94,2800,2.941,5000,2.949,2000,2.95,51700,2.972,3000,2.979,3000,2.98,1000,2.982,1000,2.985,69300
2020-08-06 14:51:06.130,2.936,2000.0,2.946,2.924052,2.939,2.944,2.931,6500,2.93,9200,2.927,2300,2.926,3000,2.924,30000,2.923,5800,2.922,30500,2.919,10100,2.918,700,2.917,4000,2.936,1500,2.94,2800,2.941,2400,2.949,2000,2.95,51700,2.972,3000,2.979,3000,2.98,1000,2.982,1000,2.985,69300
2020-08-06 14:51:15.970,2.931,1300.0,2.946,2.924059,2.939,2.944,2.931,5200,2.93,9200,2.927,2300,2.926,3000,2.924,30000,2.923,5800,2.922,30500,2.919,10100,2.918,700,2.917,4000,2.936,1500,2.94,2800,2.941,2400,2.949,18400,2.95,51700,2.972,3000,2.979,3000,2.98,1000,2.982,1000,2.985,69300
2020-08-06 14:52:04.100,2.933,10000.0,2.946,2.924125,2.943,2.944,2.932,2000,2.931,5200,2.93,11200,2.929,51200,2.927,2300,2.926,3000,2.924,30000,2.923,5800,2.922,30500,2.919,10100,2.936,1500,2.94,2800,2.941,2400,2.949,18400,2.95,51700,2.972,3000,2.979,3000,2.98,1000,2.982,1000,2.985,69300
2020-08-06 14:52:23.900,2.936,1500.0,2.946,2.924138,2.943,2.944,2.936,28500,2.932,2000,2.931,5200,2.93,11200,2.929,51200,2.927,2300,2.926,3000,2.924,30000,2.923,5800,2.922,30500,2.94,2800,2.941,2400,2.949,18400,2.95,51700,2.972,3000,2.979,3000,2.98,1000,2.982,1000,2.985,69300,2.988,30300
2020-08-06 14:52:57.900,2.937,5000.0,2.946,2.924185,2.945,2.944,2.937,5000,2.936,28500,2.932,2000,2.931,5200,2.93,11200,2.929,51200,2.927,2300,2.926,3000,2.924,30000,2.923,5800,2.94,2800,2.941,2400,2.949,18400,2.95,51700,2.972,3000,2.979,3000,2.98,1000,2.982,1000,2.985,69300,2.988,30300
2020-08-06 14:53:11.290,2.94,2300.0,2.946,2.924211,2.945,2.944,2.937,5000,2.936,28500,2.932,2000,2.931,5200,2.93,11200,2.929,51200,2.927,300,2.926,3000,2.924,30000,2.923,5800,2.94,500,2.941,2400,2.949,18500,2.95,51700,2.972,3000,2.979,3000,2.98,1000,2.982,1000,2.985,69300,2.988,30300
2020-08-06 14:53:16.220,2.94,100.0,2.946,2.924213,2.945,2.944,2.937,5000,2.936,28500,2.932,2000,2.931,5200,2.93,11200,2.929,51200,2.927,300,2.926,3000,2.924,30000,2.923,5800,2.94,20400,2.941,2400,2.949,18500,2.95,51700,2.972,3000,2.979,3000,2.98,1000,2.982,1000,2.985,69300,2.988,30300
2020-08-06 14:53:23.370,2.937,3600.0,2.946,2.924246,2.945,2.944,2.937,1400,2.936,28500,2.932,2000,2.931,5200,2.93,11200,2.929,51200,2.927,300,2.926,3000,2.924,30000,2.923,5800,2.94,20400,2.941,2400,2.949,18500,2.95,51700,2.972,3000,2.979,3000,2.98,1000,2.982,1000,2.985,69300,2.988,30300
2020-08-06 14:54:31.860,2.939,400.0,2.946,2.92425,2.945,2.944,2.937,3400,2.936,28500,2.932,2000,2.93,2000,2.929,51200,2.927,300,2.926,3000,2.924,30000,2.923,5800,2.922,30500,2.939,1600,2.94,20400,2.941,2400,2.949,16500,2.95,51700,2.972,3000,2.979,3000,2.98,1000,2.982,1000,2.985,69300
2020-08-06 14:54:37.510,2.937,1400.0,2.946,2.9242630000000003,2.944,2.944,2.936,28500,2.932,2000,2.93,2000,2.929,51200,2.927,300,2.926,3000,2.924,30000,2.923,5800,2.922,30500,2.919,100,2.937,200,2.939,1600,2.94,20400,2.941,2400,2.949,16500,2.95,51700,2.972,3000,2.979,3000,2.98,1000,2.982,1000
2020-08-06 14:54:46.170,2.937,200.0,2.946,2.924265,2.943,2.944,2.936,28500,2.932,2000,2.93,2000,2.929,51200,2.927,300,2.926,3000,2.924,30000,2.923,5800,2.922,30500,2.919,100,2.939,1600,2.94,20400,2.941,2400,2.949,16500,2.95,51700,2.972,3000,2.979,3000,2.98,1000,2.982,1000,2.985,69300
2020-08-06 14:55:01.050,2.939,1600.0,2.946,2.924282,2.942,2.944,2.939,24300,2.937,31000,2.936,28500,2.932,2000,2.93,2000,2.929,51200,2.927,300,2.926,3000,2.924,30000,2.923,5800,2.94,30400,2.941,2400,2.949,16500,2.95,51700,2.972,3000,2.979,3000,2.98,1000,2.982,1000,2.985,69300,2.988,30300
2020-08-06 14:55:11.670,2.94,2000.0,2.946,2.924305,2.941,2.944,2.939,24300,2.937,10000,2.936,28500,2.932,2000,2.93,2000,2.929,51200,2.927,300,2.926,3000,2.924,30000,2.923,5800,2.94,28400,2.941,2400,2.949,16500,2.95,51700,2.972,3000,2.979,3000,2.98,1000,2.982,1000,2.985,69300,2.988,30300
2020-08-06 14:55:14.040,2.94,3400.0,2.946,2.924344,2.942,2.944,2.939,24300,2.937,10000,2.936,28500,2.932,2000,2.93,2000,2.929,51200,2.927,300,2.926,3000,2.924,30000,2.923,5800,2.94,25000,2.941,2400,2.949,16500,2.95,51700,2.972,3000,2.979,3000,2.98,1000,2.982,1000,2.985,69300,2.988,30300
2020-08-06 14:55:17.660,2.94,21000.0,2.946,2.924579,2.942,2.944,2.939,24300,2.937,10000,2.936,28500,2.932,2000,2.93,2000,2.929,51200,2.927,300,2.926,3000,2.924,30000,2.923,5800,2.94,4000,2.941,2400,2.949,16500,2.95,51700,2.972,3000,2.979,3000,2.98,1000,2.982,1000,2.985,69300,2.988,30300
2020-08-06 14:55:28.600,2.941,6400.0,2.946,2.92465,2.942,2.944,2.941,17900,2.937,10000,2.932,2000,2.93,2200,2.929,51200,2.927,300,2.926,3000,2.924,30000,2.923,5800,2.922,30500,2.949,16500,2.95,51700,2.972,3000,2.979,3000,2.98,1000,2.982,1000,2.985,69300,2.988,30300,2.989,1000,2.99,28200
2020-08-06 14:55:38.340,2.941,2100.0,2.946,2.924675,2.942,2.944,2.941,15800,2.932,2000,2.93,2200,2.929,51200,2.927,300,2.926,3000,2.924,30000,2.923,5800,2.922,30500,2.919,100,2.945,7700,2.949,16500,2.95,51700,2.972,3000,2.979,3000,2.98,1000,2.982,1000,2.985,69300,2.988,30300,2.989,1000
2020-08-06 14:56:12.780,2.945,15700.0,2.946,2.9248990000000004,2.94,2.944,2.933,10000,2.932,2000,2.93,2200,2.929,51200,2.927,300,2.926,3000,2.924,30000,2.923,5800,2.922,30500,2.919,100,2.945,2600,2.949,16500,2.95,51700,2.972,3000,2.979,3000,2.98,1000,2.982,1000,2.985,69300,2.988,30300,2.989,1000
2020-08-06 14:56:38.630,2.944,700.0,2.946,2.9249080000000003,2.94,2.944,2.934,3400,2.933,10000,2.932,2000,2.93,2000,2.929,51200,2.927,300,2.926,3000,2.924,30000,2.923,5800,2.922,30500,2.944,32500,2.945,2600,2.949,16400,2.95,51700,2.972,3000,2.979,3000,2.98,1000,2.982,1000,2.985,69300,2.988,30300
2020-08-06 14:56:41.680,2.944,600.0,2.946,2.924916,2.94,2.944,2.934,3400,2.933,10000,2.932,2000,2.93,2000,2.929,51200,2.927,300,2.926,3000,2.924,30000,2.923,5800,2.922,30500,2.944,31900,2.945,2600,2.949,16400,2.95,51700,2.972,3000,2.979,3000,2.98,1000,2.982,1000,2.985,69300,2.988,30300
2020-08-06 14:58:01.640,2.944,41900.0,2.946,2.925461,2.94,2.944,2.944,52400,2.935,32000,2.934,3400,2.932,2000,2.93,2000,2.929,51200,2.927,300,2.926,3000,2.923,5800,2.922,500,2.949,16400,2.95,51700,2.972,3000,2.979,3000,2.98,1000,2.982,1000,2.985,69300,2.988,30300,2.989,1000,2.99,28200
2020-08-06 14:58:08.200,2.944,52400.0,2.946,2.9260990000000002,2.94,2.944,2.936,5000,2.935,32000,2.934,3400,2.932,2000,2.93,2000,2.929,51200,2.927,300,2.926,3000,2.923,5800,2.922,500,2.944,7600,2.949,17400,2.95,51700,2.972,3000,2.979,3000,2.98,1000,2.982,1000,2.985,69300,2.988,30300,2.989,1000
2020-08-06 14:58:40.590,2.944,2000.0,2.946,2.926123,2.94,2.944,2.936,5000,2.935,32000,2.934,3400,2.93,2000,2.929,51200,2.927,300,2.926,3000,2.923,5800,2.922,500,2.919,100,2.944,9200,2.949,36400,2.95,51700,2.972,3000,2.979,3000,2.98,1000,2.982,1000,2.985,69300,2.988,30300,2.989,1000
2020-08-06 14:59:50.430,2.944,800.0,2.946,2.926132,2.94,2.944,2.936,5000,2.935,32000,2.934,3400,2.93,2000,2.929,51200,2.927,300,2.926,3000,2.923,5800,2.922,500,2.919,100,2.944,3000,2.946,1200,2.947,30000,2.948,19300,2.949,36400,2.95,51700,2.972,3000,2.979,3000,2.98,1000,2.982,1000
