Datetime,Price,Volume
2020-09-17 09:25:00.150,3.341,100
2020-09-17 09:25:00.150,3.341,400
2020-09-17 09:25:00.150,3.341,17300
2020-09-17 09:25:00.150,3.341,5400
2020-09-17 09:25:00.150,3.341,1000
2020-09-17 09:25:00.150,3.341,900
2020-09-17 09:25:00.150,3.341,100
2020-09-17 09:25:00.150,3.341,5600
2020-09-17 09:25:00.150,3.341,20000
2020-09-17 09:25:00.150,3.341,3400
2020-09-17 09:25:00.150,3.341,3000
2020-09-17 09:25:00.150,3.341,100
2020-09-17 09:25:00.150,3.341,3500
2020-09-17 09:25:00.150,3.341,19200
2020-09-17 09:25:00.150,3.341,4100
2020-09-17 09:25:00.150,3.341,7200
2020-09-17 09:25:00.150,3.341,1500
2020-09-17 09:25:00.150,3.341,2000
2020-09-17 09:25:00.150,3.341,200
2020-09-17 09:25:00.150,3.341,2700
2020-09-17 09:25:00.150,3.341,23400
2020-09-17 09:25:00.150,3.341,23000
2020-09-17 09:25:00.150,3.341,3600
2020-09-17 09:25:00.150,3.341,100
2020-09-17 09:25:00.150,3.341,600
2020-09-17 09:25:00.150,3.341,100
2020-09-17 09:25:00.150,3.341,1930
2020-09-17 09:25:00.150,3.341,13070
2020-09-17 09:25:00.150,3.341,10000
2020-09-17 09:25:00.150,3.341,200
2020-09-17 09:25:00.150,3.341,6730
2020-09-17 09:25:00.150,3.341,800
2020-09-17 09:25:00.150,3.341,1400
2020-09-17 09:25:00.150,3.341,7300
2020-09-17 09:25:00.150,3.341,100
2020-09-17 09:25:00.150,3.341,3670
2020-09-17 09:25:00.150,3.341,100
2020-09-17 09:25:00.150,3.341,400
2020-09-17 09:25:00.150,3.341,100
2020-09-17 09:25:00.150,3.341,200
2020-09-17 09:25:00.150,3.341,200
2020-09-17 09:25:00.150,3.341,600
2020-09-17 09:25:00.150,3.341,100
2020-09-17 09:25:00.150,3.341,100
2020-09-17 09:25:00.150,3.341,200
2020-09-17 09:25:00.150,3.341,300
2020-09-17 09:25:00.150,3.341,100
2020-09-17 09:25:00.150,3.341,600
2020-09-17 09:25:00.150,3.341,100
2020-09-17 09:25:00.150,3.341,3000
2020-09-17 09:25:00.150,3.341,7500
2020-09-17 09:25:00.150,3.341,1000
2020-09-17 09:25:00.150,3.341,100
2020-09-17 09:25:00.150,3.341,131630
2020-09-17 09:25:00.150,3.341,60000
2020-09-17 09:25:00.150,3.341,108370
2020-09-17 09:25:00.150,3.341,800
2020-09-17 09:25:00.150,3.341,100
2020-09-17 09:25:00.150,3.341,500
2020-09-17 09:25:00.150,3.341,500
2020-09-17 09:25:00.150,3.341,100
2020-09-17 09:25:00.150,3.341,2000
2020-09-17 09:25:00.150,3.341,11900
2020-09-17 09:25:00.150,3.341,200
2020-09-17 09:25:00.150,3.341,100
2020-09-17 09:25:00.150,3.341,100
2020-09-17 09:25:00.150,3.341,100
2020-09-17 09:25:00.150,3.341,200
2020-09-17 09:25:00.150,3.341,100
2020-09-17 09:25:00.150,3.341,200
2020-09-17 09:25:00.150,3.341,100
2020-09-17 09:25:00.150,3.341,100
2020-09-17 09:25:00.150,3.341,200
2020-09-17 09:25:00.150,3.341,200
2020-09-17 09:25:00.150,3.341,100
2020-09-17 09:25:00.150,3.341,174030
2020-09-17 09:25:00.150,3.341,500
2020-09-17 09:25:00.150,3.341,75600
2020-09-17 09:25:00.150,3.341,49870
2020-09-17 09:25:00.150,3.341,100
2020-09-17 09:25:00.150,3.341,10000
2020-09-17 09:25:00.150,3.341,1000
2020-09-17 09:25:00.150,3.341,200
2020-09-17 09:25:00.150,3.341,100
2020-09-17 09:30:01.070,3.341,300
2020-09-17 09:30:01.130,3.34,200
2020-09-17 09:30:01.130,3.34,200
2020-09-17 09:30:01.130,3.34,300
2020-09-17 09:30:01.130,3.34,100
2020-09-17 09:30:01.130,3.34,100
2020-09-17 09:30:01.130,3.34,7000
2020-09-17 09:30:01.130,3.34,1000
2020-09-17 09:30:01.130,3.34,3000
2020-09-17 09:30:01.200,3.339,200
2020-09-17 09:30:01.200,3.339,100
2020-09-17 09:30:01.200,3.339,1000
2020-09-17 09:30:01.200,3.339,7000
2020-09-17 09:30:01.200,3.339,3000
2020-09-17 09:30:01.200,3.339,10000
2020-09-17 09:30:01.200,3.339,3000
2020-09-17 09:30:01.200,3.339,100
2020-09-17 09:30:01.200,3.339,10000
2020-09-17 09:30:01.200,3.338,500
2020-09-17 09:30:01.200,3.338,200
2020-09-17 09:30:01.200,3.338,200
2020-09-17 09:30:01.200,3.338,200
2020-09-17 09:30:01.200,3.338,100
2020-09-17 09:30:01.200,3.338,1000
2020-09-17 09:30:01.200,3.338,1900
2020-09-17 09:30:01.200,3.338,2000
2020-09-17 09:30:01.200,3.338,259500
2020-09-17 09:30:01.200,3.338,40500
2020-09-17 09:30:01.200,3.338,7000
2020-09-17 09:30:01.200,3.338,300
2020-09-17 09:30:01.200,3.338,300
2020-09-17 09:30:01.640,3.338,30000
2020-09-17 09:30:01.640,3.338,100
2020-09-17 09:30:01.860,3.338,1000
2020-09-17 09:30:01.910,3.338,100
2020-09-17 09:30:01.980,3.337,100
2020-09-17 09:30:02.040,3.338,20300
2020-09-17 09:30:02.120,3.338,64600
2020-09-17 09:30:02.120,3.338,108000
2020-09-17 09:30:02.290,3.338,2600
2020-09-17 09:30:02.290,3.338,2600
2020-09-17 09:30:02.410,3.337,5400
2020-09-17 09:30:02.410,3.337,200
2020-09-17 09:30:02.410,3.337,100
2020-09-17 09:30:02.410,3.337,1000
2020-09-17 09:30:02.410,3.337,6000
2020-09-17 09:30:02.410,3.337,4000
2020-09-17 09:30:02.410,3.337,7000
2020-09-17 09:30:02.410,3.337,60000
2020-09-17 09:30:02.410,3.337,1500
2020-09-17 09:30:02.410,3.337,100
2020-09-17 09:30:02.410,3.337,15000
2020-09-17 09:30:02.410,3.336,500
2020-09-17 09:30:02.410,3.336,10000
2020-09-17 09:30:02.410,3.336,200
2020-09-17 09:30:02.410,3.336,100
2020-09-17 09:30:02.410,3.336,1000
2020-09-17 09:30:02.410,3.336,7000
2020-09-17 09:30:02.410,3.336,15000
2020-09-17 09:30:02.410,3.336,5000
2020-09-17 09:30:02.410,3.336,200
2020-09-17 09:30:02.480,3.336,1000
2020-09-17 09:30:02.480,3.336,100
2020-09-17 09:30:02.480,3.336,100
2020-09-17 09:30:02.520,3.336,100
2020-09-17 09:30:02.610,3.336,30000
2020-09-17 09:30:02.680,3.336,2100
2020-09-17 09:30:02.680,3.336,2000
2020-09-17 09:30:02.770,3.336,5000
2020-09-17 09:30:02.770,3.336,3000
2020-09-17 09:30:02.940,3.336,1800
2020-09-17 09:30:03.050,3.336,300
2020-09-17 09:30:03.050,3.336,30000
2020-09-17 09:30:03.150,3.336,4100
2020-09-17 09:30:03.150,3.338,4000
2020-09-17 09:30:03.750,3.338,100
2020-09-17 09:30:03.910,3.336,100
2020-09-17 09:30:03.910,3.335,300
2020-09-17 09:30:03.910,3.335,1000
2020-09-17 09:30:03.910,3.335,100
2020-09-17 09:30:03.910,3.335,200
2020-09-17 09:30:03.910,3.335,100
2020-09-17 09:30:03.910,3.335,100
2020-09-17 09:30:03.910,3.335,1000
2020-09-17 09:30:03.910,3.335,6000
2020-09-17 09:30:03.910,3.335,6200
2020-09-17 09:30:03.950,3.338,1000
2020-09-17 09:30:03.950,3.338,500
2020-09-17 09:30:04.420,3.338,100
2020-09-17 09:30:04.420,3.336,3100
2020-09-17 09:30:04.600,3.338,2000
2020-09-17 09:30:04.970,3.338,5000
2020-09-17 09:30:05.440,3.338,8000
2020-09-17 09:30:06.140,3.336,4900
2020-09-17 09:30:06.140,3.336,2600
2020-09-17 09:30:06.140,3.336,2500
2020-09-17 09:30:06.360,3.338,1900
2020-09-17 09:30:06.360,3.338,3000
2020-09-17 09:30:06.360,3.338,7600
2020-09-17 09:30:07.530,3.337,20000
2020-09-17 09:30:07.790,3.338,5000
2020-09-17 09:30:08.170,3.338,7400
2020-09-17 09:30:08.170,3.338,90000
2020-09-17 09:30:08.170,3.339,8200
2020-09-17 09:30:08.170,3.339,15000
2020-09-17 09:30:08.170,3.339,10100
2020-09-17 09:30:08.170,3.34,73600
2020-09-17 09:30:08.170,3.34,100
2020-09-17 09:30:08.170,3.34,300
2020-09-17 09:30:08.170,3.34,100
2020-09-17 09:30:08.170,3.34,7000
2020-09-17 09:30:08.170,3.34,5900
2020-09-17 09:30:08.170,3.34,2900
2020-09-17 09:30:08.170,3.34,200
2020-09-17 09:30:08.170,3.34,33800
2020-09-17 09:30:08.170,3.34,5000
2020-09-17 09:30:08.170,3.34,2000
2020-09-17 09:30:08.170,3.34,38400
2020-09-17 09:30:08.820,3.34,1600
2020-09-17 09:30:08.820,3.34,10000
2020-09-17 09:30:08.820,3.34,2000
2020-09-17 09:30:09.000,3.341,1000
2020-09-17 09:30:09.330,3.341,200
2020-09-17 09:30:09.400,3.341,200
2020-09-17 09:30:10.360,3.341,100
2020-09-17 09:30:12.610,3.34,27500
2020-09-17 09:30:14.720,3.34,500
2020-09-17 09:30:15.400,3.34,10800
2020-09-17 09:30:17.500,3.341,4000
2020-09-17 09:30:17.500,3.341,200
2020-09-17 09:30:18.220,3.34,238630
2020-09-17 09:30:19.330,3.34,3970
2020-09-17 09:30:19.330,3.34,1000
2020-09-17 09:30:19.330,3.34,22030
2020-09-17 09:30:19.390,3.34,10000
2020-09-17 09:30:20.290,3.34,267970
2020-09-17 09:30:20.350,3.34,9000
2020-09-17 09:30:21.540,3.338,9300
2020-09-17 09:30:21.540,3.338,14100
2020-09-17 09:30:24.130,3.338,4000
2020-09-17 09:30:31.790,3.339,15000
2020-09-17 09:30:33.080,3.338,30000
2020-09-17 09:30:33.080,3.338,600
2020-09-17 09:30:33.080,3.338,5000
2020-09-17 09:30:33.080,3.338,200
2020-09-17 09:30:33.080,3.338,300
2020-09-17 09:30:33.080,3.338,3000
2020-09-17 09:30:33.080,3.338,1000
2020-09-17 09:30:33.080,3.338,1000
2020-09-17 09:30:34.350,3.339,200
2020-09-17 09:30:34.560,3.339,300
2020-09-17 09:30:35.220,3.339,100
2020-09-17 09:30:36.520,3.338,1000
2020-09-17 09:30:36.890,3.338,9000
2020-09-17 09:30:37.790,3.338,6000
2020-09-17 09:30:39.150,3.338,4000
2020-09-17 09:30:39.150,3.337,100
2020-09-17 09:30:39.150,3.337,6300
2020-09-17 09:30:44.110,3.337,93700
2020-09-17 09:30:44.110,3.337,5000
2020-09-17 09:30:44.110,3.337,1000
2020-09-17 09:30:45.270,3.337,100
2020-09-17 09:30:46.090,3.337,200200
2020-09-17 09:30:46.090,3.338,23431
2020-09-17 09:30:46.090,3.338,300000
2020-09-17 09:30:46.090,3.338,300000
2020-09-17 09:30:46.090,3.339,76369
2020-09-17 09:30:47.070,3.338,100
2020-09-17 09:30:47.480,3.338,2900
2020-09-17 09:30:51.260,3.337,1000
2020-09-17 09:30:51.260,3.337,2400
2020-09-17 09:30:51.260,3.338,10000
2020-09-17 09:30:51.260,3.338,48600
2020-09-17 09:30:52.480,3.337,2000
2020-09-17 09:30:52.480,3.336,1900
2020-09-17 09:30:54.160,3.336,100
2020-09-17 09:30:54.160,3.336,1200
2020-09-17 09:30:55.120,3.337,100
2020-09-17 09:30:55.310,3.337,9900
2020-09-17 09:30:55.540,3.336,1700
2020-09-17 09:30:58.190,3.335,1600
2020-09-17 09:31:00.080,3.335,2200
2020-09-17 09:31:00.080,3.335,7000
2020-09-17 09:31:00.080,3.335,100
2020-09-17 09:31:00.080,3.335,100
2020-09-17 09:31:00.080,3.335,500
2020-09-17 09:31:00.080,3.335,100
2020-09-17 09:31:00.080,3.335,3000
2020-09-17 09:31:00.080,3.335,10000
2020-09-17 09:31:00.080,3.335,10000
2020-09-17 09:31:00.080,3.335,5200
2020-09-17 09:31:00.080,3.335,5800
2020-09-17 09:31:00.080,3.335,8000
2020-09-17 09:31:00.240,3.335,2900
2020-09-17 09:31:00.630,3.335,3000
2020-09-17 09:31:01.340,3.335,60000
2020-09-17 09:31:02.680,3.335,54000
2020-09-17 09:31:02.970,3.335,1000
2020-09-17 09:31:03.850,3.335,7100
2020-09-17 09:31:03.850,3.336,2900
2020-09-17 09:31:05.240,3.334,200
2020-09-17 09:31:05.240,3.334,200
2020-09-17 09:31:05.240,3.334,400
2020-09-17 09:31:06.690,3.336,1000
2020-09-17 09:31:06.850,3.336,9300
2020-09-17 09:31:06.850,3.336,290700
2020-09-17 09:31:08.630,3.336,2500
2020-09-17 09:31:10.200,3.335,2300
2020-09-17 09:31:11.640,3.336,3000
2020-09-17 09:31:13.280,3.336,1000
2020-09-17 09:31:13.380,3.336,2000
2020-09-17 09:31:15.670,3.336,5000
2020-09-17 09:31:16.570,3.335,7700
2020-09-17 09:31:16.570,3.335,1500
2020-09-17 09:31:17.110,3.336,5000
2020-09-17 09:31:17.930,3.336,10000
2020-09-17 09:31:19.500,3.335,1000
2020-09-17 09:31:21.020,3.336,1000
2020-09-17 09:31:22.400,3.336,2000
2020-09-17 09:31:22.540,3.335,2500
2020-09-17 09:31:22.820,3.335,1500
2020-09-17 09:31:22.820,3.335,20900
2020-09-17 09:31:22.820,3.335,20000
2020-09-17 09:31:22.820,3.335,12300
2020-09-17 09:31:22.820,3.335,3200
2020-09-17 09:31:22.820,3.335,1500
2020-09-17 09:31:22.820,3.335,400
2020-09-17 09:31:22.820,3.335,200
2020-09-17 09:31:22.820,3.335,100
2020-09-17 09:31:22.820,3.335,1000
2020-09-17 09:31:22.820,3.334,3000
2020-09-17 09:31:22.820,3.334,100
2020-09-17 09:31:22.820,3.334,1000
2020-09-17 09:31:22.820,3.334,6000
2020-09-17 09:31:22.820,3.334,7000
2020-09-17 09:31:22.820,3.334,100
2020-09-17 09:31:22.820,3.334,10000
2020-09-17 09:31:22.820,3.334,5000
2020-09-17 09:31:22.820,3.334,10000
2020-09-17 09:31:22.820,3.334,5000
2020-09-17 09:31:22.820,3.334,600
2020-09-17 09:31:22.820,3.334,2000
2020-09-17 09:31:22.820,3.334,7400
2020-09-17 09:31:22.820,3.334,3000
2020-09-17 09:31:25.450,3.334,600
2020-09-17 09:31:26.730,3.334,2000
2020-09-17 09:31:27.460,3.333,30000
2020-09-17 09:31:27.460,3.333,200
2020-09-17 09:31:27.460,3.333,300
2020-09-17 09:31:27.460,3.333,100
2020-09-17 09:31:27.460,3.333,1000
2020-09-17 09:31:27.460,3.333,5000
2020-09-17 09:31:27.460,3.333,10000
2020-09-17 09:31:27.460,3.333,200
2020-09-17 09:31:27.460,3.333,600
2020-09-17 09:31:27.460,3.333,2600
2020-09-17 09:31:27.460,3.333,4400
2020-09-17 09:31:27.460,3.333,1100
2020-09-17 09:31:27.460,3.333,4500
2020-09-17 09:31:28.310,3.333,5500
2020-09-17 09:31:28.310,3.333,5000
2020-09-17 09:31:28.310,3.333,100
2020-09-17 09:31:28.310,3.333,1000
2020-09-17 09:31:28.450,3.333,9000
2020-09-17 09:31:28.450,3.333,200
2020-09-17 09:31:30.850,3.333,800
2020-09-17 09:31:30.850,3.333,3000
2020-09-17 09:31:31.160,3.333,2400
2020-09-17 09:31:31.380,3.333,247000
2020-09-17 09:31:33.440,3.333,1000
2020-09-17 09:31:34.370,3.333,3000
2020-09-17 09:31:34.940,3.333,30000
2020-09-17 09:31:35.970,3.333,1000
2020-09-17 09:31:36.290,3.332,3000
2020-09-17 09:31:36.290,3.332,200
2020-09-17 09:31:36.290,3.332,100
2020-09-17 09:31:36.290,3.332,1000
2020-09-17 09:31:36.290,3.332,2700
2020-09-17 09:31:36.830,3.333,100
2020-09-17 09:31:37.060,3.333,5200
2020-09-17 09:31:37.060,3.333,18800
2020-09-17 09:31:38.260,3.333,200
2020-09-17 09:31:40.680,3.335,400
2020-09-17 09:31:40.680,3.335,300
2020-09-17 09:31:40.680,3.335,3000
2020-09-17 09:31:43.740,3.334,3000
2020-09-17 09:31:43.740,3.334,5000
2020-09-17 09:31:43.740,3.333,12000
2020-09-17 09:31:44.700,3.334,10000
2020-09-17 09:31:44.700,3.334,40000
2020-09-17 09:31:45.150,3.334,10000
2020-09-17 09:31:46.370,3.334,2800
2020-09-17 09:31:46.370,3.335,400
2020-09-17 09:31:47.050,3.335,2800
2020-09-17 09:31:48.290,3.334,10000
2020-09-17 09:31:50.730,3.334,1400
2020-09-17 09:31:51.250,3.334,700
2020-09-17 09:31:51.250,3.334,1300
2020-09-17 09:31:51.840,3.334,8700
2020-09-17 09:31:51.840,3.334,1000
2020-09-17 09:32:00.370,3.334,14000
2020-09-17 09:32:00.830,3.335,15000
2020-09-17 09:32:02.770,3.335,600
2020-09-17 09:32:02.770,3.335,1400
2020-09-17 09:32:02.960,3.334,10000
2020-09-17 09:32:03.260,3.334,1800
2020-09-17 09:32:03.260,3.334,7300
2020-09-17 09:32:03.260,3.334,2600
2020-09-17 09:32:03.260,3.334,4000
2020-09-17 09:32:03.260,3.334,1000
2020-09-17 09:32:03.650,3.334,700
2020-09-17 09:32:03.900,3.334,100000
2020-09-17 09:32:04.260,3.333,6800
2020-09-17 09:32:04.420,3.334,2000
2020-09-17 09:32:06.940,3.334,200
2020-09-17 09:32:07.570,3.334,500
2020-09-17 09:32:08.190,3.334,13900
2020-09-17 09:32:09.310,3.333,1700
2020-09-17 09:32:10.690,3.334,100
2020-09-17 09:32:10.940,3.333,9300
2020-09-17 09:32:10.940,3.333,3000
2020-09-17 09:32:10.940,3.333,400
2020-09-17 09:32:10.940,3.333,500
2020-09-17 09:32:10.940,3.333,5000
2020-09-17 09:32:10.940,3.333,10000
2020-09-17 09:32:10.940,3.333,1000
2020-09-17 09:32:10.940,3.333,10000
2020-09-17 09:32:10.940,3.333,1000
2020-09-17 09:32:10.940,3.333,2000
2020-09-17 09:32:10.940,3.333,10000
2020-09-17 09:32:10.940,3.333,500
2020-09-17 09:32:10.940,3.333,5000
2020-09-17 09:32:10.940,3.333,2100
2020-09-17 09:32:11.460,3.333,100
2020-09-17 09:32:11.620,3.332,3300
2020-09-17 09:32:11.620,3.332,100
2020-09-17 09:32:11.620,3.332,100
2020-09-17 09:32:11.620,3.332,4200
2020-09-17 09:32:11.620,3.332,10000
2020-09-17 09:32:11.620,3.332,7000
2020-09-17 09:32:11.620,3.332,500
2020-09-17 09:32:11.620,3.332,5000
2020-09-17 09:32:11.620,3.332,1000
2020-09-17 09:32:11.620,3.332,5000
2020-09-17 09:32:11.620,3.332,8900
2020-09-17 09:32:11.620,3.332,20900
2020-09-17 09:32:11.620,3.332,800
2020-09-17 09:32:11.620,3.332,5000
2020-09-17 09:32:11.620,3.332,200
2020-09-17 09:32:11.620,3.332,5000
2020-09-17 09:32:11.620,3.332,3500
2020-09-17 09:32:11.620,3.332,3000
2020-09-17 09:32:11.620,3.332,10000
2020-09-17 09:32:11.620,3.332,500
2020-09-17 09:32:11.620,3.332,1000
2020-09-17 09:32:11.620,3.332,100000
2020-09-17 09:32:11.780,3.332,6000
2020-09-17 09:32:11.970,3.332,15000
2020-09-17 09:32:12.470,3.332,600
2020-09-17 09:32:13.160,3.332,16000
2020-09-17 09:32:13.810,3.332,5000
2020-09-17 09:32:17.670,3.332,1200
2020-09-17 09:32:17.740,3.331,10000
2020-09-17 09:32:17.740,3.331,2000
2020-09-17 09:32:17.740,3.331,200
2020-09-17 09:32:17.740,3.331,100
2020-09-17 09:32:17.740,3.331,1000
2020-09-17 09:32:17.740,3.331,3100
2020-09-17 09:32:17.740,3.331,1000
2020-09-17 09:32:17.740,3.331,3100
2020-09-17 09:32:17.740,3.331,3100
2020-09-17 09:32:17.740,3.331,6400
2020-09-17 09:32:19.370,3.331,3600
2020-09-17 09:32:19.370,3.331,600
2020-09-17 09:32:19.370,3.331,200
2020-09-17 09:32:19.810,3.332,600
2020-09-17 09:32:22.780,3.332,60700
2020-09-17 09:32:22.780,3.332,156600
2020-09-17 09:32:26.830,3.332,400
2020-09-17 09:32:28.930,3.332,5600
2020-09-17 09:32:28.930,3.332,200
2020-09-17 09:32:28.930,3.332,9400
2020-09-17 09:32:29.380,3.332,2500
2020-09-17 09:32:31.220,3.331,1400
2020-09-17 09:32:31.990,3.332,100
2020-09-17 09:32:32.550,3.331,4400
2020-09-17 09:32:32.550,3.331,1000
2020-09-17 09:32:32.550,3.331,10000
2020-09-17 09:32:32.550,3.331,3500
2020-09-17 09:32:32.550,3.331,5000
2020-09-17 09:32:32.550,3.331,7000
2020-09-17 09:32:32.550,3.331,20000
2020-09-17 09:32:32.550,3.331,40000
2020-09-17 09:32:32.550,3.331,300
2020-09-17 09:32:32.550,3.331,11100
2020-09-17 09:32:32.550,3.331,3100
2020-09-17 09:32:32.550,3.331,1000
2020-09-17 09:32:32.550,3.331,5000
2020-09-17 09:32:32.550,3.331,1000
2020-09-17 09:32:32.550,3.331,1000
2020-09-17 09:32:32.550,3.331,10000
2020-09-17 09:32:32.550,3.331,1000
2020-09-17 09:32:32.550,3.331,3000
2020-09-17 09:32:32.550,3.331,100
2020-09-17 09:32:32.550,3.331,6700
2020-09-17 09:32:32.550,3.331,5000
2020-09-17 09:32:32.550,3.331,500
2020-09-17 09:32:32.550,3.331,2000
2020-09-17 09:32:32.550,3.331,2000
2020-09-17 09:32:32.550,3.331,5000
2020-09-17 09:32:32.550,3.331,10000
2020-09-17 09:32:32.550,3.331,7200
2020-09-17 09:32:32.620,3.331,800
2020-09-17 09:32:32.620,3.331,5000
2020-09-17 09:32:32.620,3.331,300
2020-09-17 09:32:32.620,3.331,1000
2020-09-17 09:32:32.620,3.331,2000
2020-09-17 09:32:32.620,3.331,900
2020-09-17 09:32:33.370,3.332,282300
2020-09-17 09:32:38.290,3.332,17700
2020-09-17 09:32:38.290,3.332,100
2020-09-17 09:32:38.290,3.332,2200
2020-09-17 09:32:39.020,3.332,5000
2020-09-17 09:32:40.690,3.332,400
2020-09-17 09:32:40.690,3.332,200
2020-09-17 09:32:41.290,3.332,2000
2020-09-17 09:32:42.070,3.332,700
2020-09-17 09:32:42.070,3.332,1800
2020-09-17 09:32:42.070,3.332,6000
2020-09-17 09:32:42.070,3.333,2900
2020-09-17 09:32:42.070,3.333,4000
2020-09-17 09:32:42.070,3.333,300
2020-09-17 09:32:42.070,3.334,4300
2020-09-17 09:32:44.770,3.332,10000
2020-09-17 09:32:50.650,3.333,9000
2020-09-17 09:32:50.780,3.333,2000
2020-09-17 09:32:51.280,3.332,20000
2020-09-17 09:32:51.280,3.332,8000
2020-09-17 09:32:51.280,3.332,2000
2020-09-17 09:32:52.980,3.332,3000
2020-09-17 09:32:52.980,3.332,10000
2020-09-17 09:32:52.980,3.332,24700
2020-09-17 09:32:54.330,3.333,9000
2020-09-17 09:32:54.330,3.333,96400
2020-09-17 09:32:55.000,3.332,8300
2020-09-17 09:32:55.000,3.332,10000
2020-09-17 09:32:55.000,3.332,1000
2020-09-17 09:32:55.000,3.332,10700
2020-09-17 09:32:55.370,3.333,100
2020-09-17 09:32:55.960,3.332,20000
2020-09-17 09:32:56.770,3.333,300
2020-09-17 09:32:57.740,3.333,2000
2020-09-17 09:32:58.380,3.333,3800
2020-09-17 09:32:59.710,3.333,62900
2020-09-17 09:33:00.650,3.332,400
2020-09-17 09:33:02.840,3.332,251400
2020-09-17 09:33:03.230,3.332,217500
2020-09-17 09:33:03.230,3.332,82600
2020-09-17 09:33:03.960,3.333,3900
2020-09-17 09:33:04.380,3.332,17400
2020-09-17 09:33:04.380,3.332,5000
2020-09-17 09:33:04.380,3.332,500
2020-09-17 09:33:04.380,3.332,3000
2020-09-17 09:33:04.380,3.332,100
2020-09-17 09:33:04.380,3.331,6000
2020-09-17 09:33:04.880,3.332,10000
2020-09-17 09:33:09.130,3.332,20000
2020-09-17 09:33:11.200,3.332,200
2020-09-17 09:33:12.380,3.331,4000
2020-09-17 09:33:12.380,3.331,3400
2020-09-17 09:33:12.500,3.332,40000
2020-09-17 09:33:14.050,3.332,200
2020-09-17 09:33:14.050,3.332,2800
2020-09-17 09:33:14.050,3.332,7200
2020-09-17 09:33:14.590,3.332,17800
2020-09-17 09:33:14.590,3.333,134600
2020-09-17 09:33:14.590,3.333,300
2020-09-17 09:33:14.590,3.333,5000
2020-09-17 09:33:14.590,3.333,142300
2020-09-17 09:33:15.800,3.332,1200
2020-09-17 09:33:17.170,3.332,100
2020-09-17 09:33:17.170,3.332,100
2020-09-17 09:33:17.170,3.332,100
2020-09-17 09:33:17.170,3.332,100
2020-09-17 09:33:17.170,3.332,100
2020-09-17 09:33:17.170,3.332,100
2020-09-17 09:33:17.170,3.332,100
2020-09-17 09:33:17.170,3.332,100
2020-09-17 09:33:17.170,3.332,100
2020-09-17 09:33:17.170,3.332,100
2020-09-17 09:33:17.200,3.332,100
2020-09-17 09:33:17.200,3.332,100
2020-09-17 09:33:17.200,3.332,100
2020-09-17 09:33:17.200,3.332,100
2020-09-17 09:33:17.200,3.332,100
2020-09-17 09:33:17.200,3.332,100
2020-09-17 09:33:17.290,3.331,4000
2020-09-17 09:33:17.290,3.332,7200
2020-09-17 09:33:17.290,3.333,100
2020-09-17 09:33:17.290,3.333,100
2020-09-17 09:33:17.290,3.333,100
2020-09-17 09:33:17.290,3.333,100
2020-09-17 09:33:17.290,3.333,100
2020-09-17 09:33:17.290,3.333,100
2020-09-17 09:33:17.290,3.333,100
2020-09-17 09:33:17.290,3.333,100
2020-09-17 09:33:17.290,3.333,100
2020-09-17 09:33:17.290,3.333,100
2020-09-17 09:33:17.290,3.333,100
2020-09-17 09:33:17.290,3.333,100
2020-09-17 09:33:17.290,3.333,100
2020-09-17 09:33:17.290,3.333,100
2020-09-17 09:33:17.290,3.333,100
2020-09-17 09:33:17.350,3.333,100
2020-09-17 09:33:17.350,3.333,100
2020-09-17 09:33:17.350,3.333,100
2020-09-17 09:33:17.350,3.333,100
2020-09-17 09:33:17.350,3.333,100
2020-09-17 09:33:17.350,3.333,100
2020-09-17 09:33:17.350,3.333,100
2020-09-17 09:33:17.350,3.333,100
2020-09-17 09:33:17.380,3.333,100
2020-09-17 09:33:17.380,3.333,100
2020-09-17 09:33:17.380,3.333,100
2020-09-17 09:33:17.380,3.333,100
2020-09-17 09:33:17.380,3.333,100
2020-09-17 09:33:17.380,3.333,100
2020-09-17 09:33:17.380,3.333,100
2020-09-17 09:33:17.380,3.333,100
2020-09-17 09:33:17.380,3.333,100
2020-09-17 09:33:17.450,3.333,100
2020-09-17 09:33:17.450,3.333,100
2020-09-17 09:33:17.450,3.333,100
2020-09-17 09:33:17.450,3.333,100
2020-09-17 09:33:17.450,3.333,100
2020-09-17 09:33:17.450,3.333,100
2020-09-17 09:33:17.450,3.333,100
2020-09-17 09:33:17.450,3.333,100
2020-09-17 09:33:17.450,3.333,100
2020-09-17 09:33:17.510,3.333,100
2020-09-17 09:33:17.510,3.333,100
2020-09-17 09:33:17.510,3.333,100
2020-09-17 09:33:17.510,3.333,100
2020-09-17 09:33:17.510,3.333,100
2020-09-17 09:33:17.510,3.333,100
2020-09-17 09:33:17.510,3.333,100
2020-09-17 09:33:17.510,3.333,100
2020-09-17 09:33:17.510,3.333,100
2020-09-17 09:33:17.510,3.333,100
2020-09-17 09:33:17.540,3.333,100
2020-09-17 09:33:17.540,3.333,100
2020-09-17 09:33:17.540,3.333,100
2020-09-17 09:33:17.540,3.333,100
2020-09-17 09:33:17.540,3.333,100
2020-09-17 09:33:17.540,3.333,100
2020-09-17 09:33:17.540,3.333,100
2020-09-17 09:33:17.570,3.333,100
2020-09-17 09:33:17.570,3.333,100
2020-09-17 09:33:17.570,3.333,100
2020-09-17 09:33:17.610,3.333,100
2020-09-17 09:33:17.610,3.333,100
2020-09-17 09:33:17.610,3.333,100
2020-09-17 09:33:17.610,3.333,100
2020-09-17 09:33:17.610,3.333,100
2020-09-17 09:33:17.610,3.333,100
2020-09-17 09:33:17.610,3.333,100
2020-09-17 09:33:17.670,3.333,100
2020-09-17 09:33:17.670,3.333,100
2020-09-17 09:33:17.760,3.333,100
2020-09-17 09:33:17.760,3.333,100
2020-09-17 09:33:17.760,3.333,100
2020-09-17 09:33:17.760,3.333,100
2020-09-17 09:33:17.760,3.333,100
2020-09-17 09:33:17.760,3.333,100
2020-09-17 09:33:17.790,3.333,100
2020-09-17 09:33:17.790,3.333,100
2020-09-17 09:33:17.790,3.333,100
2020-09-17 09:33:17.790,3.333,100
2020-09-17 09:33:17.790,3.333,100
2020-09-17 09:33:17.790,3.333,100
2020-09-17 09:33:17.790,3.333,100
2020-09-17 09:33:18.010,3.333,100
2020-09-17 09:33:18.010,3.333,100
2020-09-17 09:33:18.080,3.333,100
2020-09-17 09:33:18.080,3.333,100
2020-09-17 09:33:18.080,3.333,100
2020-09-17 09:33:18.080,3.333,100
2020-09-17 09:33:18.080,3.333,100
2020-09-17 09:33:18.080,3.333,100
2020-09-17 09:33:18.080,3.333,100
2020-09-17 09:33:18.080,3.333,100
2020-09-17 09:33:18.080,3.333,100
2020-09-17 09:33:18.080,3.333,100
2020-09-17 09:33:18.140,3.333,100
2020-09-17 09:33:18.140,3.333,100
2020-09-17 09:33:18.140,3.333,100
2020-09-17 09:33:18.140,3.333,100
2020-09-17 09:33:18.260,3.333,100
2020-09-17 09:33:18.260,3.333,100
2020-09-17 09:33:18.260,3.333,100
2020-09-17 09:33:18.260,3.333,100
2020-09-17 09:33:18.260,3.333,100
2020-09-17 09:33:18.260,3.333,100
2020-09-17 09:33:18.260,3.333,100
2020-09-17 09:33:18.320,3.333,100
2020-09-17 09:33:18.320,3.333,100
2020-09-17 09:33:18.320,3.333,100
2020-09-17 09:33:18.320,3.333,100
2020-09-17 09:33:18.320,3.333,100
2020-09-17 09:33:18.320,3.333,100
2020-09-17 09:33:18.320,3.333,100
2020-09-17 09:33:18.320,3.333,100
2020-09-17 09:33:18.320,3.333,100
2020-09-17 09:33:18.390,3.333,100
2020-09-17 09:33:18.390,3.333,100
2020-09-17 09:33:18.390,3.333,100
2020-09-17 09:33:18.390,3.333,100
2020-09-17 09:33:18.390,3.333,100
2020-09-17 09:33:18.420,3.334,100
2020-09-17 09:33:18.420,3.334,100
2020-09-17 09:33:18.420,3.334,100
2020-09-17 09:33:18.420,3.334,100
2020-09-17 09:33:18.420,3.334,100
2020-09-17 09:33:18.420,3.334,100
2020-09-17 09:33:18.450,3.334,100
2020-09-17 09:33:18.450,3.334,100
2020-09-17 09:33:18.450,3.334,100
2020-09-17 09:33:18.450,3.334,100
2020-09-17 09:33:18.520,3.334,100
2020-09-17 09:33:18.520,3.334,100
2020-09-17 09:33:18.590,3.334,100
2020-09-17 09:33:18.590,3.334,100
2020-09-17 09:33:18.780,3.332,2800
2020-09-17 09:33:18.780,3.332,3000
2020-09-17 09:33:18.780,3.332,4200
2020-09-17 09:33:21.340,3.334,100
2020-09-17 09:33:21.340,3.334,100
2020-09-17 09:33:21.340,3.334,100
2020-09-17 09:33:21.340,3.334,100
2020-09-17 09:33:21.340,3.334,100
2020-09-17 09:33:21.340,3.334,100
2020-09-17 09:33:21.370,3.334,100
2020-09-17 09:33:21.370,3.334,100
2020-09-17 09:33:21.370,3.334,100
2020-09-17 09:33:21.370,3.334,100
2020-09-17 09:33:21.370,3.334,100
2020-09-17 09:33:21.410,3.334,100
2020-09-17 09:33:21.410,3.334,100
2020-09-17 09:33:21.410,3.334,100
2020-09-17 09:33:21.410,3.334,100
2020-09-17 09:33:21.410,3.334,100
2020-09-17 09:33:21.470,3.334,100
2020-09-17 09:33:21.470,3.334,100
2020-09-17 09:33:21.470,3.334,100
2020-09-17 09:33:21.470,3.334,100
2020-09-17 09:33:21.470,3.334,100
2020-09-17 09:33:21.470,3.334,100
2020-09-17 09:33:21.530,3.334,100
2020-09-17 09:33:21.530,3.334,100
2020-09-17 09:33:21.530,3.334,100
2020-09-17 09:33:21.530,3.334,100
2020-09-17 09:33:21.560,3.334,100
2020-09-17 09:33:21.560,3.334,100
2020-09-17 09:33:21.560,3.334,100
2020-09-17 09:33:21.560,3.334,100
2020-09-17 09:33:21.560,3.334,100
2020-09-17 09:33:21.560,3.334,100
2020-09-17 09:33:21.560,3.334,100
2020-09-17 09:33:21.560,3.334,100
2020-09-17 09:33:21.560,3.332,5800
2020-09-17 09:33:21.560,3.332,1500
2020-09-17 09:33:21.600,3.334,100
2020-09-17 09:33:21.600,3.334,100
2020-09-17 09:33:21.600,3.334,100
2020-09-17 09:33:21.600,3.334,100
2020-09-17 09:33:21.600,3.334,100
2020-09-17 09:33:21.600,3.334,100
2020-09-17 09:33:21.600,3.334,100
2020-09-17 09:33:21.600,3.334,100
2020-09-17 09:33:21.670,3.334,100
2020-09-17 09:33:21.670,3.334,100
2020-09-17 09:33:21.670,3.334,100
2020-09-17 09:33:21.670,3.334,100
2020-09-17 09:33:21.670,3.334,100
2020-09-17 09:33:21.670,3.334,100
2020-09-17 09:33:21.670,3.334,100
2020-09-17 09:33:21.730,3.334,100
2020-09-17 09:33:21.730,3.334,100
2020-09-17 09:33:21.730,3.334,100
2020-09-17 09:33:21.730,3.334,100
2020-09-17 09:33:21.730,3.334,100
2020-09-17 09:33:21.730,3.334,100
2020-09-17 09:33:21.760,3.334,100
2020-09-17 09:33:21.760,3.334,100
2020-09-17 09:33:21.760,3.334,100
2020-09-17 09:33:21.760,3.334,100
2020-09-17 09:33:21.820,3.334,100
2020-09-17 09:33:21.820,3.334,100
2020-09-17 09:33:21.850,3.334,100
2020-09-17 09:33:21.910,3.334,100
2020-09-17 09:33:21.910,3.334,100
2020-09-17 09:33:21.910,3.334,100
2020-09-17 09:33:21.910,3.334,100
2020-09-17 09:33:21.910,3.334,100
2020-09-17 09:33:21.910,3.334,100
2020-09-17 09:33:21.950,3.334,100
2020-09-17 09:33:21.950,3.334,100
2020-09-17 09:33:22.070,3.334,100
2020-09-17 09:33:22.070,3.334,100
2020-09-17 09:33:22.070,3.334,100
2020-09-17 09:33:22.100,3.334,100
2020-09-17 09:33:22.100,3.334,100
2020-09-17 09:33:22.100,3.334,100
2020-09-17 09:33:22.100,3.334,100
2020-09-17 09:33:22.100,3.334,100
2020-09-17 09:33:22.100,3.334,100
2020-09-17 09:33:22.100,3.334,100
2020-09-17 09:33:22.160,3.334,100
2020-09-17 09:33:22.160,3.334,100
2020-09-17 09:33:22.160,3.334,100
2020-09-17 09:33:22.160,3.334,100
2020-09-17 09:33:22.160,3.334,100
2020-09-17 09:33:22.220,3.334,100
2020-09-17 09:33:22.220,3.334,100
2020-09-17 09:33:22.220,3.334,100
2020-09-17 09:33:22.220,3.334,100
2020-09-17 09:33:22.220,3.334,100
2020-09-17 09:33:22.250,3.334,100
2020-09-17 09:33:22.250,3.334,100
2020-09-17 09:33:22.250,3.334,100
2020-09-17 09:33:22.250,3.334,100
2020-09-17 09:33:22.310,3.334,100
2020-09-17 09:33:22.310,3.334,100
2020-09-17 09:33:22.310,3.334,100
2020-09-17 09:33:22.370,3.334,100
2020-09-17 09:33:22.370,3.334,100
2020-09-17 09:33:22.370,3.334,100
2020-09-17 09:33:22.370,3.334,100
2020-09-17 09:33:22.370,3.334,100
2020-09-17 09:33:22.370,3.334,100
2020-09-17 09:33:22.370,3.334,100
2020-09-17 09:33:22.440,3.334,100
2020-09-17 09:33:22.440,3.334,100
2020-09-17 09:33:22.440,3.334,100
2020-09-17 09:33:22.440,3.334,100
2020-09-17 09:33:22.470,3.334,100
2020-09-17 09:33:22.470,3.334,100
2020-09-17 09:33:22.470,3.334,100
2020-09-17 09:33:22.530,3.334,100
2020-09-17 09:33:22.530,3.334,100
2020-09-17 09:33:22.530,3.334,100
2020-09-17 09:33:22.560,3.334,100
2020-09-17 09:33:22.560,3.334,100
2020-09-17 09:33:22.560,3.334,100
2020-09-17 09:33:22.560,3.334,100
2020-09-17 09:33:22.590,3.334,100
2020-09-17 09:33:22.590,3.334,100
2020-09-17 09:33:22.590,3.334,100
2020-09-17 09:33:22.590,3.334,100
2020-09-17 09:33:22.590,3.334,100
2020-09-17 09:33:22.590,3.334,100
2020-09-17 09:33:22.590,3.334,100
2020-09-17 09:33:22.590,3.334,100
2020-09-17 09:33:22.590,3.334,100
2020-09-17 09:33:22.590,3.334,100
2020-09-17 09:33:22.590,3.334,100
2020-09-17 09:33:22.590,3.334,100
2020-09-17 09:33:22.750,3.334,100
2020-09-17 09:33:22.750,3.334,100
2020-09-17 09:33:22.750,3.334,100
2020-09-17 09:33:22.750,3.334,100
2020-09-17 09:33:22.750,3.334,100
2020-09-17 09:33:22.750,3.334,100
2020-09-17 09:33:22.750,3.334,100
2020-09-17 09:33:22.750,3.334,100
2020-09-17 09:33:22.750,3.334,100
2020-09-17 09:33:22.750,3.334,100
2020-09-17 09:33:22.750,3.334,100
2020-09-17 09:33:22.750,3.334,100
2020-09-17 09:33:22.750,3.334,100
2020-09-17 09:33:22.750,3.334,100
2020-09-17 09:33:22.840,3.334,100
2020-09-17 09:33:22.840,3.334,100
2020-09-17 09:33:22.840,3.334,100
2020-09-17 09:33:22.840,3.334,100
2020-09-17 09:33:22.840,3.334,100
2020-09-17 09:33:22.870,3.334,100
2020-09-17 09:33:23.350,3.333,200
2020-09-17 09:33:25.170,3.334,1000
2020-09-17 09:33:27.610,3.333,8900
2020-09-17 09:33:28.380,3.334,3300
2020-09-17 09:33:28.380,3.334,200
2020-09-17 09:33:28.380,3.334,9900
2020-09-17 09:33:28.380,3.334,10600
2020-09-17 09:33:29.640,3.333,6800
2020-09-17 09:33:29.870,3.334,2000
2020-09-17 09:33:30.360,3.333,10000
2020-09-17 09:33:31.450,3.334,2000
2020-09-17 09:33:31.880,3.333,11900
2020-09-17 09:33:32.080,3.334,2000
2020-09-17 09:33:34.250,3.334,200
2020-09-17 09:33:34.710,3.334,3000
2020-09-17 09:33:35.810,3.333,400
2020-09-17 09:33:37.340,3.333,5000
2020-09-17 09:33:40.310,3.334,4000
2020-09-17 09:33:43.290,3.334,5000
2020-09-17 09:33:43.800,3.334,1000
2020-09-17 09:33:43.890,3.334,8300
2020-09-17 09:33:44.530,3.334,200
2020-09-17 09:33:45.520,3.333,304000
2020-09-17 09:33:47.470,3.334,500
2020-09-17 09:33:47.530,3.334,3000
2020-09-17 09:33:47.770,3.334,400
2020-09-17 09:33:48.140,3.334,1000
2020-09-17 09:33:49.580,3.334,700
2020-09-17 09:33:49.850,3.333,152800
2020-09-17 09:33:49.850,3.333,58400
2020-09-17 09:33:49.850,3.333,2500
2020-09-17 09:33:49.850,3.333,500
2020-09-17 09:33:49.850,3.333,100
2020-09-17 09:33:49.850,3.333,1000
2020-09-17 09:33:49.850,3.333,1000
2020-09-17 09:33:49.850,3.333,5000
2020-09-17 09:33:49.850,3.333,10000
2020-09-17 09:33:49.850,3.333,10000
2020-09-17 09:33:49.850,3.333,14500
2020-09-17 09:33:49.850,3.333,1000
2020-09-17 09:33:50.190,3.333,10000
2020-09-17 09:33:50.190,3.333,4000
2020-09-17 09:33:50.980,3.333,100
2020-09-17 09:33:51.560,3.333,10000
2020-09-17 09:33:53.550,3.333,1600
2020-09-17 09:33:55.870,3.333,2000
2020-09-17 09:33:56.000,3.333,1000
2020-09-17 09:33:56.420,3.333,11000
2020-09-17 09:33:56.600,3.333,1000
2020-09-17 09:33:57.590,3.332,500
2020-09-17 09:33:57.590,3.332,2000
2020-09-17 09:33:57.590,3.332,1000
2020-09-17 09:33:57.590,3.332,2500
2020-09-17 09:33:58.050,3.333,2000
2020-09-17 09:33:58.460,3.333,50000
2020-09-17 09:33:58.460,3.333,50000
2020-09-17 09:33:58.460,3.333,10000
2020-09-17 09:34:01.680,3.333,1000
2020-09-17 09:34:02.370,3.333,10000
2020-09-17 09:34:03.230,3.333,500
2020-09-17 09:34:03.230,3.333,5900
2020-09-17 09:34:03.840,3.333,473100
2020-09-17 09:34:03.840,3.333,2000
2020-09-17 09:34:03.840,3.333,500
2020-09-17 09:34:03.840,3.334,24400
2020-09-17 09:34:10.360,3.333,300
2020-09-17 09:34:10.590,3.333,300
2020-09-17 09:34:11.590,3.334,300
2020-09-17 09:34:12.190,3.333,1400
2020-09-17 09:34:12.190,3.333,6000
2020-09-17 09:34:12.680,3.333,7400
2020-09-17 09:34:14.020,3.334,2000
2020-09-17 09:34:14.240,3.333,4400
2020-09-17 09:34:17.390,3.333,12200
2020-09-17 09:34:17.390,3.333,700
2020-09-17 09:34:17.390,3.333,6000
2020-09-17 09:34:17.390,3.333,11100
2020-09-17 09:34:17.720,3.334,1000
2020-09-17 09:34:18.510,3.334,2000
2020-09-17 09:34:20.300,3.334,200
2020-09-17 09:34:21.910,3.333,3900
2020-09-17 09:34:21.910,3.333,100
2020-09-17 09:34:21.910,3.333,3400
2020-09-17 09:34:22.130,3.334,100
2020-09-17 09:34:23.140,3.334,200
2020-09-17 09:34:23.480,3.334,4500
2020-09-17 09:34:23.740,3.333,200
2020-09-17 09:34:24.310,3.333,16400
2020-09-17 09:34:24.310,3.333,200
2020-09-17 09:34:24.310,3.333,1000
2020-09-17 09:34:24.310,3.333,2100
2020-09-17 09:34:24.310,3.333,500
2020-09-17 09:34:24.310,3.333,800
2020-09-17 09:34:24.310,3.333,3000
2020-09-17 09:34:24.310,3.333,1000
2020-09-17 09:34:24.310,3.333,500
2020-09-17 09:34:24.310,3.333,3000
2020-09-17 09:34:24.310,3.333,3000
2020-09-17 09:34:24.310,3.333,3000
2020-09-17 09:34:24.310,3.333,1000
2020-09-17 09:34:25.090,3.333,100
2020-09-17 09:34:25.260,3.333,200
2020-09-17 09:34:25.400,3.333,48900
2020-09-17 09:34:25.570,3.333,1000
2020-09-17 09:34:25.570,3.333,5000
2020-09-17 09:34:25.690,3.333,3000
2020-09-17 09:34:26.610,3.333,600
2020-09-17 09:34:26.950,3.332,2500
2020-09-17 09:34:26.950,3.332,100
2020-09-17 09:34:26.950,3.332,62900
2020-09-17 09:34:26.950,3.332,7000
2020-09-17 09:34:27.110,3.333,10000
2020-09-17 09:34:27.920,3.333,3400
2020-09-17 09:34:28.540,3.333,10000
2020-09-17 09:34:29.710,3.332,2000
2020-09-17 09:34:30.620,3.333,3000
2020-09-17 09:34:30.670,3.332,1000
2020-09-17 09:34:30.670,3.332,100
2020-09-17 09:34:30.670,3.332,500
2020-09-17 09:34:30.670,3.332,3400
2020-09-17 09:34:32.410,3.333,100
2020-09-17 09:34:32.450,3.333,5000
2020-09-17 09:34:32.740,3.332,1600
2020-09-17 09:34:32.740,3.332,20000
2020-09-17 09:34:32.740,3.332,10000
2020-09-17 09:34:32.740,3.332,200
2020-09-17 09:34:32.740,3.332,5000
2020-09-17 09:34:32.740,3.332,13100
2020-09-17 09:34:32.740,3.332,100
2020-09-17 09:34:32.740,3.332,90000
2020-09-17 09:34:32.740,3.332,15000
2020-09-17 09:34:32.740,3.332,6500
2020-09-17 09:34:32.740,3.332,5000
2020-09-17 09:34:32.740,3.332,5000
2020-09-17 09:34:32.740,3.332,2400
2020-09-17 09:34:32.740,3.332,500
2020-09-17 09:34:32.740,3.332,4500
2020-09-17 09:34:32.740,3.332,1000
2020-09-17 09:34:32.740,3.332,5000
2020-09-17 09:34:32.740,3.332,10000
2020-09-17 09:34:34.490,3.332,9000
2020-09-17 09:34:35.240,3.332,5000
2020-09-17 09:34:35.740,3.332,10000
2020-09-17 09:34:37.890,3.331,1000
2020-09-17 09:34:39.870,3.332,100
2020-09-17 09:34:40.470,3.332,800
2020-09-17 09:34:40.970,3.331,1600
2020-09-17 09:34:40.970,3.331,4300
2020-09-17 09:34:41.000,3.332,300
2020-09-17 09:34:42.730,3.332,1500
2020-09-17 09:34:43.230,3.332,10000
2020-09-17 09:34:44.120,3.332,1500
2020-09-17 09:34:46.040,3.331,700
2020-09-17 09:34:46.040,3.331,9300
2020-09-17 09:34:46.430,3.332,3000
2020-09-17 09:34:47.370,3.332,7000
2020-09-17 09:34:48.090,3.332,20000
2020-09-17 09:34:48.980,3.332,36800
2020-09-17 09:34:48.980,3.332,13200
2020-09-17 09:34:49.490,3.331,700
2020-09-17 09:34:49.490,3.331,6800
2020-09-17 09:34:50.060,3.332,3900
2020-09-17 09:34:50.060,3.332,16100
2020-09-17 09:34:50.240,3.331,200
2020-09-17 09:34:50.700,3.332,30000
2020-09-17 09:34:51.310,3.332,500
2020-09-17 09:34:52.070,3.332,2000
2020-09-17 09:34:52.660,3.332,12300
2020-09-17 09:34:52.660,3.333,104200
2020-09-17 09:34:52.660,3.333,5000
2020-09-17 09:34:52.660,3.333,4000
2020-09-17 09:34:52.660,3.333,2000
2020-09-17 09:34:52.660,3.333,500
2020-09-17 09:34:52.660,3.333,2000
2020-09-17 09:34:52.660,3.334,103700
2020-09-17 09:34:52.660,3.334,66300
2020-09-17 09:34:55.140,3.332,200
2020-09-17 09:35:01.060,3.333,1400
2020-09-17 09:35:01.060,3.333,1000
2020-09-17 09:35:01.060,3.332,1700
2020-09-17 09:35:01.060,3.332,10000
2020-09-17 09:35:01.060,3.332,10000
2020-09-17 09:35:01.060,3.332,100
2020-09-17 09:35:01.060,3.332,1500
2020-09-17 09:35:01.060,3.332,400
2020-09-17 09:35:03.700,3.332,20000
2020-09-17 09:35:05.750,3.332,900
2020-09-17 09:35:06.500,3.331,3000
2020-09-17 09:35:06.500,3.331,2500
2020-09-17 09:35:06.530,3.332,25500
2020-09-17 09:35:07.910,3.333,10000
2020-09-17 09:35:09.870,3.333,1100
2020-09-17 09:35:11.520,3.332,16300
2020-09-17 09:35:11.520,3.332,5000
2020-09-17 09:35:11.520,3.332,124600
2020-09-17 09:35:11.520,3.332,8000
2020-09-17 09:35:11.520,3.332,1000
2020-09-17 09:35:12.320,3.332,6000
2020-09-17 09:35:12.790,3.331,7400
2020-09-17 09:35:12.910,3.332,10000
2020-09-17 09:35:13.450,3.332,5000
2020-09-17 09:35:13.720,3.332,500
2020-09-17 09:35:14.060,3.332,300
2020-09-17 09:35:14.620,3.331,100
2020-09-17 09:35:14.620,3.331,1000
2020-09-17 09:35:14.620,3.331,200
2020-09-17 09:35:14.620,3.331,200
2020-09-17 09:35:14.620,3.331,300
2020-09-17 09:35:14.620,3.331,2600
2020-09-17 09:35:15.500,3.332,500
2020-09-17 09:35:16.320,3.332,10000
2020-09-17 09:35:16.840,3.332,10000
2020-09-17 09:35:16.970,3.332,300
2020-09-17 09:35:17.390,3.332,3000
2020-09-17 09:35:19.430,3.332,100
2020-09-17 09:35:20.160,3.332,18300
2020-09-17 09:35:20.760,3.332,2900
2020-09-17 09:35:21.560,3.331,2400
2020-09-17 09:35:21.560,3.331,5000
2020-09-17 09:35:21.680,3.332,1000
2020-09-17 09:35:21.840,3.331,5000
2020-09-17 09:35:21.840,3.331,3000
2020-09-17 09:35:21.840,3.331,1000
2020-09-17 09:35:21.840,3.331,500
2020-09-17 09:35:21.840,3.331,100000
2020-09-17 09:35:21.840,3.331,8000
2020-09-17 09:35:21.840,3.331,20500
2020-09-17 09:35:21.840,3.331,500
2020-09-17 09:35:21.840,3.331,500
2020-09-17 09:35:21.840,3.331,1000
2020-09-17 09:35:21.840,3.331,100
2020-09-17 09:35:21.840,3.331,1000
2020-09-17 09:35:21.840,3.331,1700
2020-09-17 09:35:21.840,3.331,500
2020-09-17 09:35:21.840,3.331,30000
2020-09-17 09:35:21.840,3.331,1000
2020-09-17 09:35:21.840,3.331,10000
2020-09-17 09:35:21.840,3.331,10000
2020-09-17 09:35:21.840,3.331,1000
2020-09-17 09:35:21.840,3.331,8900
2020-09-17 09:35:21.840,3.331,2200
2020-09-17 09:35:21.840,3.331,1000
2020-09-17 09:35:21.840,3.331,3000
2020-09-17 09:35:21.840,3.331,5000
2020-09-17 09:35:21.840,3.331,1000
2020-09-17 09:35:21.840,3.331,1000
2020-09-17 09:35:21.840,3.331,30000
2020-09-17 09:35:21.840,3.331,5000
2020-09-17 09:35:21.840,3.331,9000
2020-09-17 09:35:21.840,3.331,1200
2020-09-17 09:35:21.840,3.331,2000
2020-09-17 09:35:21.840,3.331,3800
2020-09-17 09:35:21.840,3.331,1500
2020-09-17 09:35:21.840,3.331,3500
2020-09-17 09:35:21.840,3.331,300000
2020-09-17 09:35:21.840,3.331,5000
2020-09-17 09:35:21.840,3.331,10000
2020-09-17 09:35:21.840,3.331,9000
2020-09-17 09:35:21.840,3.331,5000
2020-09-17 09:35:21.840,3.331,2200
2020-09-17 09:35:21.840,3.331,4000
2020-09-17 09:35:21.840,3.331,2000
2020-09-17 09:35:21.840,3.331,10000
2020-09-17 09:35:21.840,3.331,10000
2020-09-17 09:35:21.840,3.331,200
2020-09-17 09:35:21.840,3.331,10000
2020-09-17 09:35:21.840,3.331,1000
2020-09-17 09:35:21.840,3.331,8000
2020-09-17 09:35:21.840,3.331,23700
2020-09-17 09:35:21.840,3.331,50000
2020-09-17 09:35:21.840,3.331,500
2020-09-17 09:35:21.840,3.331,10000
2020-09-17 09:35:21.840,3.331,100
2020-09-17 09:35:21.840,3.331,1800
2020-09-17 09:35:21.840,3.331,1000
2020-09-17 09:35:21.840,3.331,10000
2020-09-17 09:35:21.840,3.331,3000
2020-09-17 09:35:21.840,3.33,10000
2020-09-17 09:35:21.840,3.33,2000
2020-09-17 09:35:21.840,3.33,200
2020-09-17 09:35:21.840,3.33,20000
2020-09-17 09:35:21.840,3.33,1000
2020-09-17 09:35:21.840,3.33,200
2020-09-17 09:35:21.840,3.33,100
2020-09-17 09:35:21.840,3.33,400
2020-09-17 09:35:21.840,3.33,300
2020-09-17 09:35:21.840,3.33,100
2020-09-17 09:35:21.840,3.33,1000
2020-09-17 09:35:21.840,3.33,10000
2020-09-17 09:35:21.840,3.33,2000
2020-09-17 09:35:21.840,3.33,10000
2020-09-17 09:35:21.840,3.33,2800
2020-09-17 09:35:21.840,3.33,10000
2020-09-17 09:35:21.840,3.33,200
2020-09-17 09:35:21.840,3.33,400
2020-09-17 09:35:21.840,3.33,10000
2020-09-17 09:35:21.840,3.33,10000
2020-09-17 09:35:21.840,3.33,3000
2020-09-17 09:35:21.840,3.33,10000
2020-09-17 09:35:21.840,3.33,15000
2020-09-17 09:35:21.840,3.33,5000
2020-09-17 09:35:21.840,3.33,2000
2020-09-17 09:35:21.840,3.33,1000
2020-09-17 09:35:21.840,3.33,600
2020-09-17 09:35:21.840,3.33,5000
2020-09-17 09:35:21.840,3.33,200
2020-09-17 09:35:21.840,3.33,15000
2020-09-17 09:35:21.840,3.33,25500
2020-09-17 09:35:21.840,3.33,20000
2020-09-17 09:35:21.840,3.33,5000
2020-09-17 09:35:21.840,3.33,1000
2020-09-17 09:35:21.840,3.33,200
2020-09-17 09:35:21.840,3.33,10000
2020-09-17 09:35:21.840,3.33,2500
2020-09-17 09:35:21.840,3.33,100
2020-09-17 09:35:21.840,3.33,7000
2020-09-17 09:35:21.840,3.33,100
2020-09-17 09:35:21.840,3.33,11800
2020-09-17 09:35:21.840,3.33,100
2020-09-17 09:35:21.840,3.33,5000
2020-09-17 09:35:21.840,3.33,10000
2020-09-17 09:35:21.840,3.33,1000
2020-09-17 09:35:21.840,3.33,1000
2020-09-17 09:35:21.840,3.33,2300
2020-09-17 09:35:21.960,3.331,2000
2020-09-17 09:35:21.960,3.33,5400
2020-09-17 09:35:23.090,3.332,1000
2020-09-17 09:35:25.360,3.332,10000
2020-09-17 09:35:25.630,3.332,200
2020-09-17 09:35:25.840,3.331,31000
2020-09-17 09:35:27.580,3.332,1000
2020-09-17 09:35:27.960,3.332,1800
2020-09-17 09:35:28.640,3.332,63200
2020-09-17 09:35:28.640,3.332,1000
2020-09-17 09:35:28.640,3.332,200
2020-09-17 09:35:29.660,3.332,10800
2020-09-17 09:35:30.020,3.332,4000
2020-09-17 09:35:30.410,3.332,60300
2020-09-17 09:35:35.370,3.332,2000
2020-09-17 09:35:35.370,3.332,1000
2020-09-17 09:35:37.740,3.332,1800
2020-09-17 09:35:37.980,3.332,3800
2020-09-17 09:35:38.770,3.331,49400
2020-09-17 09:35:38.770,3.331,1000
2020-09-17 09:35:38.770,3.331,3000
2020-09-17 09:35:38.770,3.331,400
2020-09-17 09:35:38.770,3.331,10000
2020-09-17 09:35:38.770,3.331,100
2020-09-17 09:35:38.770,3.331,1000
2020-09-17 09:35:38.770,3.331,3000
2020-09-17 09:35:38.770,3.331,1000
2020-09-17 09:35:38.770,3.331,500
2020-09-17 09:35:38.770,3.331,2000
2020-09-17 09:35:39.300,3.33,42300
2020-09-17 09:35:39.300,3.33,100
2020-09-17 09:35:39.300,3.33,5900
2020-09-17 09:35:39.300,3.33,15000
2020-09-17 09:35:39.300,3.33,3000
2020-09-17 09:35:39.300,3.33,10000
2020-09-17 09:35:39.300,3.33,1000
2020-09-17 09:35:39.300,3.33,1000
2020-09-17 09:35:39.300,3.33,10000
2020-09-17 09:35:39.300,3.33,100
2020-09-17 09:35:39.300,3.33,1000
2020-09-17 09:35:39.300,3.33,12000
2020-09-17 09:35:39.300,3.33,10000
2020-09-17 09:35:39.300,3.33,10000
2020-09-17 09:35:39.300,3.33,14100
2020-09-17 09:35:39.300,3.33,10000
2020-09-17 09:35:39.300,3.33,3000
2020-09-17 09:35:39.300,3.33,1800
2020-09-17 09:35:39.300,3.33,500
2020-09-17 09:35:39.300,3.33,10000
2020-09-17 09:35:39.300,3.33,1000
2020-09-17 09:35:39.300,3.33,1000
2020-09-17 09:35:39.300,3.33,3000
2020-09-17 09:35:39.300,3.33,10000
2020-09-17 09:35:39.300,3.33,10000
2020-09-17 09:35:39.300,3.33,10000
2020-09-17 09:35:39.300,3.33,10000
2020-09-17 09:35:39.300,3.33,3000
2020-09-17 09:35:39.300,3.33,8000
2020-09-17 09:35:39.300,3.33,600
2020-09-17 09:35:39.300,3.33,100
2020-09-17 09:35:39.300,3.33,100
2020-09-17 09:35:39.300,3.33,1000
2020-09-17 09:35:39.300,3.33,10000
2020-09-17 09:35:39.300,3.33,5000
2020-09-17 09:35:39.300,3.33,10000
2020-09-17 09:35:39.300,3.33,30000
2020-09-17 09:35:39.300,3.33,4000
2020-09-17 09:35:39.300,3.33,100
2020-09-17 09:35:39.300,3.33,10000
2020-09-17 09:35:39.300,3.33,600000
2020-09-17 09:35:39.300,3.33,10000
2020-09-17 09:35:39.300,3.33,3000
2020-09-17 09:35:39.300,3.33,10000
2020-09-17 09:35:39.300,3.33,5000
2020-09-17 09:35:39.300,3.33,10000
2020-09-17 09:35:39.300,3.33,10000
2020-09-17 09:35:39.300,3.33,2000
2020-09-17 09:35:39.300,3.33,5000
2020-09-17 09:35:39.300,3.33,200
2020-09-17 09:35:39.300,3.33,2000
2020-09-17 09:35:39.300,3.33,1000
2020-09-17 09:35:39.300,3.33,10000
2020-09-17 09:35:39.300,3.33,1000
2020-09-17 09:35:39.300,3.33,300
2020-09-17 09:35:39.300,3.33,200
2020-09-17 09:35:39.300,3.33,20000
2020-09-17 09:35:39.300,3.33,3000
2020-09-17 09:35:39.300,3.33,19600
2020-09-17 09:35:40.330,3.331,20000
2020-09-17 09:35:42.160,3.332,2000
2020-09-17 09:35:43.180,3.332,3400
2020-09-17 09:35:46.970,3.331,1200
2020-09-17 09:35:46.970,3.33,400
2020-09-17 09:35:46.970,3.33,1600
2020-09-17 09:35:46.970,3.33,1000
2020-09-17 09:35:46.970,3.33,2500
2020-09-17 09:35:46.970,3.33,2000
2020-09-17 09:35:46.970,3.33,100
2020-09-17 09:35:46.970,3.33,200
2020-09-17 09:35:46.970,3.33,500
2020-09-17 09:35:46.970,3.33,400
2020-09-17 09:35:46.970,3.33,300
2020-09-17 09:35:46.970,3.33,4000
2020-09-17 09:35:46.970,3.33,5000
2020-09-17 09:35:46.970,3.329,800
2020-09-17 09:35:48.160,3.331,600
2020-09-17 09:35:48.160,3.331,4400
2020-09-17 09:35:48.160,3.329,9200
2020-09-17 09:35:48.160,3.329,200
2020-09-17 09:35:48.160,3.329,100
2020-09-17 09:35:48.160,3.329,1000
2020-09-17 09:35:48.160,3.329,1000
2020-09-17 09:35:48.160,3.329,300
2020-09-17 09:35:48.160,3.329,500
2020-09-17 09:35:48.160,3.329,10000
2020-09-17 09:35:48.160,3.329,2700
2020-09-17 09:35:49.500,3.331,10000
2020-09-17 09:35:49.560,3.331,16500
2020-09-17 09:35:51.940,3.33,20000
2020-09-17 09:35:51.940,3.33,3000
2020-09-17 09:35:51.940,3.329,7300
2020-09-17 09:35:51.940,3.329,1500
2020-09-17 09:35:52.220,3.331,20000
2020-09-17 09:35:52.220,3.331,500
2020-09-17 09:35:53.990,3.33,100
2020-09-17 09:35:54.050,3.33,4600
2020-09-17 09:35:54.050,3.331,15400
2020-09-17 09:35:55.380,3.331,3000
2020-09-17 09:35:55.440,3.331,2900
2020-09-17 09:35:56.220,3.331,2000
2020-09-17 09:35:58.130,3.331,1000
2020-09-17 09:36:00.580,3.331,500
2020-09-17 09:36:00.640,3.33,20000
2020-09-17 09:36:00.640,3.329,4500
2020-09-17 09:36:00.640,3.329,6000
2020-09-17 09:36:00.640,3.329,7000
2020-09-17 09:36:00.640,3.329,2900
2020-09-17 09:36:01.090,3.329,3100
2020-09-17 09:36:01.090,3.329,20000
2020-09-17 09:36:01.090,3.329,13000
2020-09-17 09:36:01.090,3.329,2200
2020-09-17 09:36:01.090,3.329,100
2020-09-17 09:36:01.090,3.329,1600
2020-09-17 09:36:02.030,3.331,200
2020-09-17 09:36:05.540,3.33,2000
2020-09-17 09:36:06.200,3.331,5000
2020-09-17 09:36:06.670,3.33,1500
2020-09-17 09:36:06.740,3.331,700
2020-09-17 09:36:06.740,3.331,1300
2020-09-17 09:36:07.450,3.331,1700
2020-09-17 09:36:07.450,3.331,25300
2020-09-17 09:36:07.590,3.331,6000
2020-09-17 09:36:08.030,3.331,10000
2020-09-17 09:36:10.090,3.331,2000
2020-09-17 09:36:10.420,3.331,500
2020-09-17 09:36:11.710,3.331,50000
2020-09-17 09:36:12.550,3.331,1000
2020-09-17 09:36:13.580,3.33,7400
2020-09-17 09:36:14.920,3.331,5000
2020-09-17 09:36:15.130,3.331,6000
2020-09-17 09:36:15.990,3.33,1500
2020-09-17 09:36:17.640,3.33,6000
2020-09-17 09:36:18.050,3.33,1000
2020-09-17 09:36:18.140,3.331,300
2020-09-17 09:36:20.240,3.33,600
2020-09-17 09:36:20.240,3.33,500
2020-09-17 09:36:20.240,3.33,20000
2020-09-17 09:36:20.240,3.33,3000
2020-09-17 09:36:20.240,3.33,5000
2020-09-17 09:36:20.240,3.33,1000
2020-09-17 09:36:20.240,3.33,12500
2020-09-17 09:36:20.240,3.33,10000
2020-09-17 09:36:20.240,3.33,1000
2020-09-17 09:36:20.240,3.33,2000
2020-09-17 09:36:20.680,3.33,17400
2020-09-17 09:36:20.680,3.33,500
2020-09-17 09:36:20.680,3.33,2000
2020-09-17 09:36:20.680,3.331,10100
2020-09-17 09:36:21.350,3.331,5000
2020-09-17 09:36:22.390,3.33,4000
2020-09-17 09:36:22.870,3.33,3000
2020-09-17 09:36:22.870,3.329,4300
2020-09-17 09:36:26.070,3.33,100
2020-09-17 09:36:26.070,3.33,1400
2020-09-17 09:36:28.980,3.33,100
2020-09-17 09:36:28.980,3.329,4100
2020-09-17 09:36:28.980,3.329,1300
2020-09-17 09:36:29.340,3.329,1000
2020-09-17 09:36:30.030,3.329,500
2020-09-17 09:36:31.510,3.33,5700
2020-09-17 09:36:31.510,3.33,4300
2020-09-17 09:36:31.660,3.33,5700
2020-09-17 09:36:31.660,3.33,14300
2020-09-17 09:36:36.600,3.329,1700
2020-09-17 09:36:39.690,3.33,100
2020-09-17 09:36:39.690,3.33,44000
2020-09-17 09:36:43.990,3.329,5000
2020-09-17 09:36:46.560,3.329,25400
2020-09-17 09:36:46.560,3.329,5000
2020-09-17 09:36:46.560,3.329,5000
2020-09-17 09:36:46.560,3.329,100
2020-09-17 09:36:46.560,3.329,9500
2020-09-17 09:36:46.560,3.33,100
2020-09-17 09:36:46.560,3.33,100
2020-09-17 09:36:46.560,3.33,100
2020-09-17 09:36:46.560,3.33,100
2020-09-17 09:36:46.560,3.33,100
2020-09-17 09:36:46.630,3.33,100
2020-09-17 09:36:46.630,3.33,100
2020-09-17 09:36:46.630,3.33,100
2020-09-17 09:36:46.630,3.33,100
2020-09-17 09:36:46.630,3.33,100
2020-09-17 09:36:46.630,3.33,100
2020-09-17 09:36:46.630,3.33,100
2020-09-17 09:36:46.630,3.33,100
2020-09-17 09:36:46.630,3.33,100
2020-09-17 09:36:46.630,3.33,100
2020-09-17 09:36:46.630,3.33,100
2020-09-17 09:36:46.630,3.33,100
2020-09-17 09:36:46.630,3.33,100
2020-09-17 09:36:46.720,3.33,100
2020-09-17 09:36:46.720,3.33,100
2020-09-17 09:36:46.720,3.33,100
2020-09-17 09:36:46.720,3.33,100
2020-09-17 09:36:46.720,3.33,100
2020-09-17 09:36:46.720,3.33,100
2020-09-17 09:36:46.720,3.33,100
2020-09-17 09:36:46.720,3.33,100
2020-09-17 09:36:46.720,3.33,100
2020-09-17 09:36:46.720,3.33,100
2020-09-17 09:36:46.720,3.33,100
2020-09-17 09:36:46.720,3.33,100
2020-09-17 09:36:46.720,3.33,100
2020-09-17 09:36:46.720,3.33,100
2020-09-17 09:36:46.750,3.33,100
2020-09-17 09:36:46.750,3.33,100
2020-09-17 09:36:46.750,3.33,100
2020-09-17 09:36:46.750,3.33,100
2020-09-17 09:36:46.750,3.33,100
2020-09-17 09:36:46.750,3.33,100
2020-09-17 09:36:46.750,3.33,100
2020-09-17 09:36:46.750,3.33,100
2020-09-17 09:36:46.750,3.33,100
2020-09-17 09:36:46.750,3.33,100
2020-09-17 09:36:46.780,3.33,100
2020-09-17 09:36:46.780,3.33,100
2020-09-17 09:36:46.780,3.33,100
2020-09-17 09:36:46.780,3.33,100
2020-09-17 09:36:46.840,3.33,100
2020-09-17 09:36:46.840,3.33,100
2020-09-17 09:36:46.840,3.33,100
2020-09-17 09:36:46.840,3.33,100
2020-09-17 09:36:46.840,3.33,100
2020-09-17 09:36:46.870,3.33,100
2020-09-17 09:36:46.870,3.33,100
2020-09-17 09:36:46.870,3.33,100
2020-09-17 09:36:46.870,3.33,100
2020-09-17 09:36:46.870,3.33,100
2020-09-17 09:36:46.870,3.33,100
2020-09-17 09:36:46.870,3.33,100
2020-09-17 09:36:46.870,3.33,100
2020-09-17 09:36:46.870,3.33,100
2020-09-17 09:36:46.870,3.33,100
2020-09-17 09:36:46.930,3.33,100
2020-09-17 09:36:46.930,3.33,100
2020-09-17 09:36:46.930,3.33,100
2020-09-17 09:36:46.930,3.33,100
2020-09-17 09:36:46.930,3.33,100
2020-09-17 09:36:46.930,3.33,100
2020-09-17 09:36:46.990,3.33,100
2020-09-17 09:36:46.990,3.33,100
2020-09-17 09:36:46.990,3.33,100
2020-09-17 09:36:46.990,3.33,100
2020-09-17 09:36:46.990,3.33,100
2020-09-17 09:36:46.990,3.33,100
2020-09-17 09:36:46.990,3.33,100
2020-09-17 09:36:47.050,3.33,100
2020-09-17 09:36:47.050,3.33,100
2020-09-17 09:36:47.050,3.33,100
2020-09-17 09:36:47.050,3.33,100
2020-09-17 09:36:47.050,3.33,100
2020-09-17 09:36:47.090,3.33,100
2020-09-17 09:36:47.090,3.33,100
2020-09-17 09:36:47.090,3.33,100
2020-09-17 09:36:47.090,3.33,100
2020-09-17 09:36:47.090,3.33,100
2020-09-17 09:36:47.090,3.33,100
2020-09-17 09:36:47.090,3.33,100
2020-09-17 09:36:47.090,3.33,100
2020-09-17 09:36:47.090,3.33,100
2020-09-17 09:36:47.150,3.33,100
2020-09-17 09:36:47.150,3.33,100
2020-09-17 09:36:47.440,3.33,500
2020-09-17 09:36:48.850,3.33,100
2020-09-17 09:36:48.850,3.33,100
2020-09-17 09:36:48.850,3.33,100
2020-09-17 09:36:48.850,3.33,100
2020-09-17 09:36:48.850,3.33,100
2020-09-17 09:36:48.850,3.33,100
2020-09-17 09:36:48.920,3.33,100
2020-09-17 09:36:48.920,3.33,100
2020-09-17 09:36:48.920,3.33,100
2020-09-17 09:36:48.920,3.33,100
2020-09-17 09:36:48.920,3.33,100
2020-09-17 09:36:48.920,3.33,100
2020-09-17 09:36:48.920,3.33,100
2020-09-17 09:36:48.920,3.33,100
2020-09-17 09:36:48.920,3.33,100
2020-09-17 09:36:48.920,3.33,100
2020-09-17 09:36:48.920,3.33,100
2020-09-17 09:36:48.920,3.33,100
2020-09-17 09:36:48.940,3.33,100
2020-09-17 09:36:48.940,3.33,100
2020-09-17 09:36:48.940,3.33,100
2020-09-17 09:36:48.940,3.33,100
2020-09-17 09:36:48.940,3.33,100
2020-09-17 09:36:49.010,3.33,100
2020-09-17 09:36:49.010,3.33,100
2020-09-17 09:36:49.010,3.33,100
2020-09-17 09:36:49.010,3.33,100
2020-09-17 09:36:49.010,3.33,100
2020-09-17 09:36:49.010,3.33,100
2020-09-17 09:36:49.010,3.33,100
2020-09-17 09:36:49.010,3.33,100
2020-09-17 09:36:49.010,3.33,100
2020-09-17 09:36:49.030,3.33,100
2020-09-17 09:36:49.030,3.33,100
2020-09-17 09:36:49.030,3.33,100
2020-09-17 09:36:49.030,3.33,100
2020-09-17 09:36:49.030,3.33,100
2020-09-17 09:36:49.030,3.33,100
2020-09-17 09:36:49.100,3.33,100
2020-09-17 09:36:49.100,3.33,100
2020-09-17 09:36:49.100,3.33,100
2020-09-17 09:36:49.100,3.33,100
2020-09-17 09:36:49.160,3.33,100
2020-09-17 09:36:49.160,3.33,100
2020-09-17 09:36:49.160,3.33,100
2020-09-17 09:36:49.160,3.33,100
2020-09-17 09:36:49.160,3.33,100
2020-09-17 09:36:49.160,3.33,100
2020-09-17 09:36:49.160,3.33,100
2020-09-17 09:36:49.160,3.33,100
2020-09-17 09:36:49.190,3.33,100
2020-09-17 09:36:49.190,3.33,100
2020-09-17 09:36:49.190,3.33,100
2020-09-17 09:36:49.190,3.33,100
2020-09-17 09:36:49.260,3.33,100
2020-09-17 09:36:49.260,3.33,100
2020-09-17 09:36:49.260,3.33,100
2020-09-17 09:36:49.260,3.33,100
2020-09-17 09:36:49.260,3.33,100
2020-09-17 09:36:49.290,3.33,100
2020-09-17 09:36:49.290,3.33,100
2020-09-17 09:36:49.290,3.33,100
2020-09-17 09:36:49.290,3.33,100
2020-09-17 09:36:49.290,3.33,100
2020-09-17 09:36:49.290,3.33,100
2020-09-17 09:36:49.290,3.33,100
2020-09-17 09:36:49.290,3.33,100
2020-09-17 09:36:49.360,3.33,100
2020-09-17 09:36:49.360,3.33,100
2020-09-17 09:36:49.360,3.33,100
2020-09-17 09:36:49.360,3.33,100
2020-09-17 09:36:49.360,3.33,100
2020-09-17 09:36:49.360,3.33,100
2020-09-17 09:36:49.420,3.33,100
2020-09-17 09:36:49.420,3.33,100
2020-09-17 09:36:49.470,3.33,100
2020-09-17 09:36:49.470,3.33,100
2020-09-17 09:36:49.470,3.33,100
2020-09-17 09:36:49.470,3.33,100
2020-09-17 09:36:49.500,3.33,100
2020-09-17 09:36:49.500,3.33,100
2020-09-17 09:36:49.500,3.33,100
2020-09-17 09:36:49.560,3.33,100
2020-09-17 09:36:49.560,3.33,100
2020-09-17 09:36:49.560,3.33,100
2020-09-17 09:36:49.560,3.33,100
2020-09-17 09:36:49.560,3.33,100
2020-09-17 09:36:49.620,3.33,100
2020-09-17 09:36:49.620,3.33,100
2020-09-17 09:36:49.620,3.33,100
2020-09-17 09:36:50.320,3.33,1500
2020-09-17 09:36:50.480,3.33,50000
2020-09-17 09:36:50.480,3.33,20000
2020-09-17 09:36:50.800,3.329,500
2020-09-17 09:36:50.800,3.329,13000
2020-09-17 09:36:51.330,3.329,3000
2020-09-17 09:36:52.500,3.33,40000
2020-09-17 09:36:52.720,3.33,3000
2020-09-17 09:36:52.840,3.33,1000
2020-09-17 09:36:52.950,3.33,800
2020-09-17 09:36:53.590,3.33,20000
2020-09-17 09:36:54.260,3.329,2000
2020-09-17 09:36:54.320,3.33,24200
2020-09-17 09:36:54.320,3.33,16300
2020-09-17 09:36:54.320,3.33,9500
2020-09-17 09:36:54.320,3.33,14000
2020-09-17 09:36:54.320,3.33,6000
2020-09-17 09:36:56.110,3.329,2000
2020-09-17 09:36:56.110,3.329,1000
2020-09-17 09:36:56.110,3.329,200
2020-09-17 09:36:56.110,3.329,500
2020-09-17 09:36:56.110,3.329,200
2020-09-17 09:36:56.110,3.329,200
2020-09-17 09:36:56.110,3.329,5000
2020-09-17 09:36:56.110,3.329,200
2020-09-17 09:36:56.110,3.329,2200
2020-09-17 09:36:56.110,3.329,3000
2020-09-17 09:36:56.110,3.329,1700
2020-09-17 09:36:56.110,3.329,5800
2020-09-17 09:36:57.310,3.33,30000
2020-09-17 09:36:58.290,3.33,5000
2020-09-17 09:36:59.540,3.33,9000
2020-09-17 09:37:05.300,3.33,6000
2020-09-17 09:37:08.560,3.33,600
2020-09-17 09:37:09.350,3.331,16100
2020-09-17 09:37:09.350,3.331,3000
2020-09-17 09:37:09.350,3.331,2000
2020-09-17 09:37:09.350,3.331,1400
2020-09-17 09:37:09.920,3.331,300000
2020-09-17 09:37:12.630,3.33,4400
2020-09-17 09:37:12.630,3.33,1200
2020-09-17 09:37:15.570,3.331,2000
2020-09-17 09:37:17.290,3.33,300
2020-09-17 09:37:17.290,3.33,500
2020-09-17 09:37:17.290,3.33,20000
2020-09-17 09:37:17.290,3.33,2000
2020-09-17 09:37:17.290,3.33,10000
2020-09-17 09:37:17.290,3.33,100
2020-09-17 09:37:17.290,3.329,44200
2020-09-17 09:37:17.290,3.329,400
2020-09-17 09:37:17.290,3.329,13500
2020-09-17 09:37:18.910,3.331,1000
2020-09-17 09:37:20.540,3.33,20000
2020-09-17 09:37:21.040,3.33,100
2020-09-17 09:37:21.070,3.33,10000
2020-09-17 09:37:21.190,3.33,9900
2020-09-17 09:37:21.190,3.331,100
2020-09-17 09:37:22.650,3.331,100
2020-09-17 09:37:24.750,3.331,1000
2020-09-17 09:37:26.730,3.331,1000
2020-09-17 09:37:32.700,3.331,300
2020-09-17 09:37:33.960,3.331,3000
2020-09-17 09:37:35.970,3.331,50000
2020-09-17 09:37:35.970,3.331,40000
2020-09-17 09:37:35.970,3.331,30000
2020-09-17 09:37:35.970,3.331,50000
2020-09-17 09:37:36.070,3.331,3000
2020-09-17 09:37:36.100,3.331,20000
2020-09-17 09:37:36.950,3.331,300000
2020-09-17 09:37:37.010,3.331,50000
2020-09-17 09:37:37.010,3.331,20000
2020-09-17 09:37:37.010,3.331,50000
2020-09-17 09:37:37.010,3.331,20000
2020-09-17 09:37:37.010,3.331,50000
2020-09-17 09:37:37.010,3.331,7100
2020-09-17 09:37:37.010,3.331,10000
2020-09-17 09:37:37.010,3.331,12900
2020-09-17 09:37:37.010,3.331,50000
2020-09-17 09:37:37.010,3.331,9600
2020-09-17 09:37:37.010,3.331,23500
2020-09-17 09:37:37.010,3.331,11100
2020-09-17 09:37:37.010,3.331,5800
2020-09-17 09:37:37.010,3.331,30000
2020-09-17 09:37:38.050,3.331,20000
2020-09-17 09:37:39.530,3.331,50000
2020-09-17 09:37:39.530,3.331,20000
2020-09-17 09:37:39.750,3.33,100
2020-09-17 09:37:39.750,3.33,1000
2020-09-17 09:37:39.750,3.33,2000
2020-09-17 09:37:39.750,3.33,1000
2020-09-17 09:37:39.750,3.33,200
2020-09-17 09:37:39.750,3.33,5700
2020-09-17 09:37:40.180,3.331,300000
2020-09-17 09:37:40.650,3.331,2000
2020-09-17 09:37:41.130,3.331,20000
2020-09-17 09:37:41.350,3.331,8300
2020-09-17 09:37:42.380,3.331,1400
2020-09-17 09:37:42.810,3.331,10000
2020-09-17 09:37:43.800,3.331,100
2020-09-17 09:37:43.940,3.331,532400
2020-09-17 09:37:43.940,3.331,2000
2020-09-17 09:37:43.940,3.331,900
2020-09-17 09:37:43.940,3.331,10000
2020-09-17 09:37:47.790,3.332,1800
2020-09-17 09:37:47.790,3.332,1200
2020-09-17 09:37:50.460,3.332,12800
2020-09-17 09:37:50.460,3.332,2200
2020-09-17 09:37:54.190,3.332,100
2020-09-17 09:37:57.010,3.332,1000
2020-09-17 09:38:00.440,3.331,354700
2020-09-17 09:38:00.440,3.331,800
2020-09-17 09:38:00.440,3.331,100
2020-09-17 09:38:00.440,3.331,100
2020-09-17 09:38:00.440,3.331,7500
2020-09-17 09:38:00.440,3.331,1000
2020-09-17 09:38:00.440,3.331,500
2020-09-17 09:38:00.440,3.331,500
2020-09-17 09:38:00.440,3.331,1000
2020-09-17 09:38:00.440,3.331,400
2020-09-17 09:38:00.440,3.331,1900
2020-09-17 09:38:00.440,3.331,300
2020-09-17 09:38:00.440,3.331,2000
2020-09-17 09:38:00.440,3.331,5000
2020-09-17 09:38:00.440,3.331,10000
2020-09-17 09:38:00.440,3.331,17900
2020-09-17 09:38:00.440,3.331,100
2020-09-17 09:38:00.440,3.331,20000
2020-09-17 09:38:00.440,3.331,2000
2020-09-17 09:38:00.440,3.331,1000
2020-09-17 09:38:00.870,3.331,5000
2020-09-17 09:38:00.940,3.331,10000
2020-09-17 09:38:02.620,3.331,20000
2020-09-17 09:38:03.390,3.33,14300
2020-09-17 09:38:03.390,3.33,5700
2020-09-17 09:38:03.630,3.331,50000
2020-09-17 09:38:03.630,3.331,20000
2020-09-17 09:38:03.630,3.331,50000
2020-09-17 09:38:03.630,3.331,30000
2020-09-17 09:38:03.720,3.331,3000
2020-09-17 09:38:03.940,3.331,300000
2020-09-17 09:38:04.180,3.331,3600
2020-09-17 09:38:04.570,3.331,10000
2020-09-17 09:38:05.010,3.331,20000
2020-09-17 09:38:05.140,3.331,20000
2020-09-17 09:38:05.140,3.331,600
2020-09-17 09:38:05.300,3.331,2500
2020-09-17 09:38:06.560,3.331,1000
2020-09-17 09:38:06.590,3.331,20000
2020-09-17 09:38:07.550,3.331,6000
2020-09-17 09:38:08.070,3.331,1500
2020-09-17 09:38:08.970,3.331,100
2020-09-17 09:38:09.650,3.332,50000
2020-09-17 09:38:09.650,3.332,30000
2020-09-17 09:38:10.780,3.331,400
2020-09-17 09:38:12.480,3.332,50000
2020-09-17 09:38:12.480,3.332,30000
2020-09-17 09:38:14.630,3.332,20000
2020-09-17 09:38:15.260,3.331,18000
2020-09-17 09:38:15.260,3.331,300
2020-09-17 09:38:15.260,3.331,1000
2020-09-17 09:38:15.260,3.331,18300
2020-09-17 09:38:15.480,3.331,11700
2020-09-17 09:38:15.480,3.331,8300
2020-09-17 09:38:15.900,3.332,1000
2020-09-17 09:38:16.520,3.332,20000
2020-09-17 09:38:17.070,3.332,20000
2020-09-17 09:38:17.580,3.332,1000
2020-09-17 09:38:17.850,3.332,51100
2020-09-17 09:38:17.940,3.331,100
2020-09-17 09:38:18.460,3.332,50000
2020-09-17 09:38:18.460,3.332,30000
2020-09-17 09:38:18.640,3.331,5000
2020-09-17 09:38:20.070,3.332,20000
2020-09-17 09:38:20.140,3.332,5000
2020-09-17 09:38:21.040,3.332,20000
2020-09-17 09:38:23.970,3.331,100
2020-09-17 09:38:26.050,3.332,1900
2020-09-17 09:38:26.230,3.331,400
2020-09-17 09:38:26.230,3.331,10000
2020-09-17 09:38:26.230,3.331,20000
2020-09-17 09:38:26.230,3.331,100
2020-09-17 09:38:27.890,3.331,2500
2020-09-17 09:38:27.890,3.331,900
2020-09-17 09:38:32.550,3.332,20000
2020-09-17 09:38:32.980,3.332,14900
2020-09-17 09:38:32.980,3.332,15700
2020-09-17 09:38:32.980,3.332,19400
2020-09-17 09:38:32.980,3.332,50000
2020-09-17 09:38:32.980,3.332,10000
2020-09-17 09:38:33.720,3.332,400
2020-09-17 09:38:34.020,3.332,200
2020-09-17 09:38:34.020,3.332,29800
2020-09-17 09:38:36.100,3.332,50000
2020-09-17 09:38:36.100,3.332,50000
2020-09-17 09:38:36.100,3.332,50000
2020-09-17 09:38:36.100,3.332,50000
2020-09-17 09:38:36.100,3.332,50000
2020-09-17 09:38:36.100,3.332,50000
2020-09-17 09:38:36.100,3.332,50000
2020-09-17 09:38:36.100,3.332,50000
2020-09-17 09:38:36.100,3.332,50000
2020-09-17 09:38:36.100,3.332,50000
2020-09-17 09:38:36.100,3.332,50000
2020-09-17 09:38:36.100,3.332,40000
2020-09-17 09:38:36.100,3.332,50000
2020-09-17 09:38:36.100,3.332,50000
2020-09-17 09:38:36.100,3.332,50000
2020-09-17 09:38:36.100,3.332,10000
2020-09-17 09:38:36.100,3.332,20000
2020-09-17 09:38:38.330,3.331,4100
2020-09-17 09:38:38.330,3.331,1300
2020-09-17 09:38:38.760,3.332,50000
2020-09-17 09:38:39.780,3.332,100
2020-09-17 09:38:40.020,3.332,100
2020-09-17 09:38:40.380,3.332,20000
2020-09-17 09:38:42.660,3.331,700
2020-09-17 09:38:42.660,3.331,6200
2020-09-17 09:38:42.960,3.332,300
2020-09-17 09:38:43.410,3.331,9300
2020-09-17 09:38:43.410,3.331,9500
2020-09-17 09:38:43.410,3.331,100
2020-09-17 09:38:43.410,3.331,20000
2020-09-17 09:38:43.410,3.331,4000
2020-09-17 09:38:43.410,3.331,2000
2020-09-17 09:38:43.410,3.331,2000
2020-09-17 09:38:43.410,3.331,2000
2020-09-17 09:38:43.410,3.331,5000
2020-09-17 09:38:43.410,3.331,2000
2020-09-17 09:38:43.410,3.331,4100
2020-09-17 09:38:44.760,3.331,2000
2020-09-17 09:38:44.920,3.331,6100
2020-09-17 09:38:44.920,3.331,1000
2020-09-17 09:38:44.920,3.331,1600
2020-09-17 09:38:44.920,3.331,1000
2020-09-17 09:38:44.920,3.33,16800
2020-09-17 09:38:44.920,3.33,33500
2020-09-17 09:38:46.470,3.33,60000
2020-09-17 09:38:47.120,3.332,100
2020-09-17 09:38:50.030,3.332,1900
2020-09-17 09:38:50.030,3.332,48100
2020-09-17 09:38:50.030,3.332,50000
2020-09-17 09:38:50.030,3.332,50000
2020-09-17 09:38:50.030,3.332,50000
2020-09-17 09:38:50.030,3.332,50000
2020-09-17 09:38:50.030,3.332,50000
2020-09-17 09:38:50.030,3.332,1900
2020-09-17 09:38:50.030,3.332,48100
2020-09-17 09:38:50.030,3.332,50000
2020-09-17 09:38:50.030,3.332,10000
2020-09-17 09:38:50.030,3.332,50000
2020-09-17 09:38:50.030,3.332,50000
2020-09-17 09:38:50.030,3.332,50000
2020-09-17 09:38:50.030,3.332,41900
2020-09-17 09:38:50.030,3.332,8100
2020-09-17 09:38:50.030,3.332,50000
2020-09-17 09:38:50.030,3.332,50000
2020-09-17 09:38:50.030,3.332,50000
2020-09-17 09:38:50.030,3.332,50000
2020-09-17 09:38:50.030,3.332,50000
2020-09-17 09:38:50.030,3.332,41900
2020-09-17 09:38:50.030,3.332,8100
2020-09-17 09:38:50.030,3.332,50000
2020-09-17 09:38:50.030,3.332,50000
2020-09-17 09:38:50.030,3.332,50000
2020-09-17 09:38:50.030,3.332,50000
2020-09-17 09:38:50.030,3.332,50000
2020-09-17 09:38:50.030,3.332,40000
2020-09-17 09:38:50.910,3.332,2100
2020-09-17 09:38:50.910,3.332,1900
2020-09-17 09:38:51.840,3.331,6000
2020-09-17 09:38:52.020,3.331,1000
2020-09-17 09:38:54.470,3.33,72500
2020-09-17 09:38:55.320,3.331,300
2020-09-17 09:38:55.460,3.331,16500
2020-09-17 09:38:56.390,3.331,500
2020-09-17 09:38:57.380,3.331,3000
2020-09-17 09:39:01.900,3.331,2000
2020-09-17 09:39:02.710,3.33,200
2020-09-17 09:39:03.600,3.331,500
2020-09-17 09:39:04.310,3.331,11000
2020-09-17 09:39:06.200,3.33,110000
2020-09-17 09:39:08.170,3.33,15100
2020-09-17 09:39:09.460,3.33,10000
2020-09-17 09:39:10.220,3.33,2500
2020-09-17 09:39:10.470,3.33,4000
2020-09-17 09:39:13.160,3.33,6100
2020-09-17 09:39:17.510,3.33,3000
2020-09-17 09:39:17.880,3.331,200
2020-09-17 09:39:18.490,3.33,1200
2020-09-17 09:39:18.700,3.331,300
2020-09-17 09:39:22.470,3.331,10000
2020-09-17 09:39:24.230,3.331,2700
2020-09-17 09:39:25.670,3.33,300000
2020-09-17 09:39:27.500,3.331,200
2020-09-17 09:39:29.720,3.33,9000
2020-09-17 09:39:30.120,3.331,100
2020-09-17 09:39:30.320,3.33,100
2020-09-17 09:39:30.450,3.33,2800
2020-09-17 09:39:32.980,3.331,30000
2020-09-17 09:39:33.040,3.331,20000
2020-09-17 09:39:33.040,3.331,15700
2020-09-17 09:39:33.040,3.331,34300
2020-09-17 09:39:34.280,3.331,3000
2020-09-17 09:39:34.960,3.33,1500
2020-09-17 09:39:35.650,3.331,100
2020-09-17 09:39:40.270,3.33,1200
2020-09-17 09:39:40.420,3.331,1000
2020-09-17 09:39:41.140,3.33,10000
2020-09-17 09:39:42.910,3.33,400
2020-09-17 09:39:44.570,3.331,100
2020-09-17 09:39:45.860,3.33,1000
2020-09-17 09:39:46.070,3.331,5000
2020-09-17 09:39:47.670,3.33,5000
2020-09-17 09:39:47.940,3.33,14700
2020-09-17 09:39:51.740,3.331,300
2020-09-17 09:39:53.670,3.331,3000
2020-09-17 09:39:54.110,3.33,4000
2020-09-17 09:39:54.660,3.33,13700
2020-09-17 09:39:54.960,3.331,1600
2020-09-17 09:39:55.150,3.331,3000
2020-09-17 09:39:56.320,3.33,1500
2020-09-17 09:39:59.130,3.331,9400
2020-09-17 09:39:59.130,3.331,13600
2020-09-17 09:39:59.970,3.33,300000
2020-09-17 09:40:01.530,3.33,2000
2020-09-17 09:40:02.450,3.33,1300
2020-09-17 09:40:04.340,3.33,6000
2020-09-17 09:40:04.790,3.331,6200
2020-09-17 09:40:04.850,3.33,7600
2020-09-17 09:40:04.850,3.33,100
2020-09-17 09:40:04.850,3.33,700
2020-09-17 09:40:04.850,3.33,3000
2020-09-17 09:40:04.850,3.33,1500
2020-09-17 09:40:04.850,3.33,100
2020-09-17 09:40:04.850,3.33,500
2020-09-17 09:40:04.850,3.33,1000
2020-09-17 09:40:04.850,3.33,200
2020-09-17 09:40:04.850,3.33,1000
2020-09-17 09:40:04.850,3.33,2000
2020-09-17 09:40:04.850,3.33,282300
2020-09-17 09:40:05.310,3.331,100
2020-09-17 09:40:05.870,3.33,217700
2020-09-17 09:40:05.870,3.33,2500
2020-09-17 09:40:05.870,3.33,3100
2020-09-17 09:40:05.870,3.33,10000
2020-09-17 09:40:05.870,3.33,100
2020-09-17 09:40:05.870,3.33,20000
2020-09-17 09:40:05.870,3.33,2000
2020-09-17 09:40:05.870,3.33,2000
2020-09-17 09:40:05.870,3.33,5000
2020-09-17 09:40:05.870,3.33,2000
2020-09-17 09:40:05.870,3.33,3000
2020-09-17 09:40:05.870,3.33,3400
2020-09-17 09:40:05.870,3.33,5000
2020-09-17 09:40:05.870,3.33,1000
2020-09-17 09:40:05.870,3.33,9000
2020-09-17 09:40:05.870,3.33,2000
2020-09-17 09:40:05.870,3.33,1000
2020-09-17 09:40:05.870,3.33,7700
2020-09-17 09:40:05.870,3.33,4800
2020-09-17 09:40:06.750,3.33,1400
2020-09-17 09:40:06.750,3.33,3000
2020-09-17 09:40:06.750,3.33,3100
2020-09-17 09:40:06.750,3.33,300
2020-09-17 09:40:06.750,3.33,2000
2020-09-17 09:40:06.750,3.33,2300
2020-09-17 09:40:06.750,3.33,100
2020-09-17 09:40:06.750,3.33,100
2020-09-17 09:40:06.750,3.33,5000
2020-09-17 09:40:06.750,3.33,10000
2020-09-17 09:40:06.750,3.33,10000
2020-09-17 09:40:06.750,3.33,1000
2020-09-17 09:40:06.750,3.33,1000
2020-09-17 09:40:06.750,3.33,100
2020-09-17 09:40:06.750,3.33,1000
2020-09-17 09:40:06.750,3.33,10000
2020-09-17 09:40:06.750,3.33,1000
2020-09-17 09:40:06.750,3.33,10000
2020-09-17 09:40:06.750,3.33,4100
2020-09-17 09:40:06.750,3.33,1000
2020-09-17 09:40:06.750,3.33,6100
2020-09-17 09:40:06.750,3.33,500
2020-09-17 09:40:06.750,3.33,200
2020-09-17 09:40:06.870,3.33,1000
2020-09-17 09:40:07.280,3.33,100
2020-09-17 09:40:09.720,3.33,20000
2020-09-17 09:40:10.710,3.33,5000
2020-09-17 09:40:10.910,3.33,10000
2020-09-17 09:40:11.870,3.33,6000
2020-09-17 09:40:15.190,3.33,20000
2020-09-17 09:40:17.000,3.33,600
2020-09-17 09:40:17.120,3.33,10000
2020-09-17 09:40:18.270,3.33,400
2020-09-17 09:40:19.150,3.33,20000
2020-09-17 09:40:19.400,3.33,200
2020-09-17 09:40:20.050,3.33,10000
2020-09-17 09:40:20.050,3.33,30000
2020-09-17 09:40:20.050,3.33,30000
2020-09-17 09:40:20.440,3.33,1000
2020-09-17 09:40:20.440,3.33,6000
2020-09-17 09:40:20.440,3.33,3000
2020-09-17 09:40:20.440,3.331,4000
2020-09-17 09:40:24.590,3.331,20000
2020-09-17 09:40:25.050,3.331,28600
2020-09-17 09:40:25.050,3.331,4700
2020-09-17 09:40:25.050,3.331,300
2020-09-17 09:40:25.050,3.331,3000
2020-09-17 09:40:25.050,3.331,17500
2020-09-17 09:40:25.050,3.331,600
2020-09-17 09:40:25.590,3.331,600
2020-09-17 09:40:26.310,3.331,400
2020-09-17 09:40:27.370,3.331,14000
2020-09-17 09:40:28.010,3.332,100
2020-09-17 09:40:28.010,3.332,300
2020-09-17 09:40:29.590,3.331,5000
2020-09-17 09:40:30.120,3.332,4700
2020-09-17 09:40:30.590,3.333,100
2020-09-17 09:40:36.790,3.333,50000
2020-09-17 09:40:38.180,3.332,2000
2020-09-17 09:40:39.570,3.333,19000
2020-09-17 09:40:39.570,3.333,100
2020-09-17 09:40:39.570,3.333,2000
2020-09-17 09:40:39.570,3.333,40000
2020-09-17 09:40:39.570,3.333,3200
2020-09-17 09:40:39.570,3.333,100
2020-09-17 09:40:39.570,3.333,300
2020-09-17 09:40:39.570,3.333,1000
2020-09-17 09:40:42.380,3.333,24100
2020-09-17 09:40:51.230,3.333,2000
2020-09-17 09:40:52.770,3.333,200
2020-09-17 09:40:53.770,3.333,2000
2020-09-17 09:40:54.470,3.332,4000
2020-09-17 09:41:00.510,3.333,10000
2020-09-17 09:41:02.220,3.332,1400
2020-09-17 09:41:02.370,3.332,500
2020-09-17 09:41:05.460,3.332,400
2020-09-17 09:41:07.220,3.332,300
2020-09-17 09:41:09.670,3.333,500
2020-09-17 09:41:09.710,3.333,9500
2020-09-17 09:41:09.710,3.333,100
2020-09-17 09:41:09.710,3.333,8100
2020-09-17 09:41:12.050,3.333,2300
2020-09-17 09:41:12.050,3.333,10000
2020-09-17 09:41:12.050,3.332,5700
2020-09-17 09:41:13.420,3.333,100
2020-09-17 09:41:14.270,3.333,18300
2020-09-17 09:41:15.600,3.334,205300
2020-09-17 09:41:15.600,3.334,2000
2020-09-17 09:41:15.600,3.334,3000
2020-09-17 09:41:15.600,3.334,100
2020-09-17 09:41:17.150,3.334,5000
2020-09-17 09:41:19.140,3.334,600
2020-09-17 09:41:19.620,3.334,5000
2020-09-17 09:41:19.680,3.335,2000
2020-09-17 09:41:19.680,3.335,100
2020-09-17 09:41:19.680,3.335,10000
2020-09-17 09:41:19.680,3.335,2900
2020-09-17 09:41:20.620,3.334,400
2020-09-17 09:41:23.730,3.334,1000
2020-09-17 09:41:23.800,3.334,10000
2020-09-17 09:41:24.190,3.335,12100
2020-09-17 09:41:24.190,3.335,200
2020-09-17 09:41:24.190,3.335,500
2020-09-17 09:41:24.190,3.335,1000
2020-09-17 09:41:24.190,3.335,16200
2020-09-17 09:41:25.530,3.335,4000
2020-09-17 09:41:30.700,3.336,100
2020-09-17 09:41:30.700,3.336,100
2020-09-17 09:41:30.700,3.336,2000
2020-09-17 09:41:30.700,3.336,10000
2020-09-17 09:41:30.700,3.336,100
2020-09-17 09:41:30.700,3.336,1700
2020-09-17 09:41:30.820,3.336,300
2020-09-17 09:41:30.820,3.336,49700
2020-09-17 09:41:31.360,3.335,300
2020-09-17 09:41:31.740,3.334,10000
2020-09-17 09:41:33.150,3.335,50000
2020-09-17 09:41:33.760,3.334,200
2020-09-17 09:41:34.960,3.335,3000
2020-09-17 09:41:36.460,3.334,37400
2020-09-17 09:41:36.460,3.334,2500
2020-09-17 09:41:36.460,3.334,260100
2020-09-17 09:41:37.180,3.334,239900
2020-09-17 09:41:37.180,3.334,200
2020-09-17 09:41:37.770,3.334,4000
2020-09-17 09:41:38.710,3.334,10000
2020-09-17 09:41:42.320,3.334,2700
2020-09-17 09:41:43.930,3.334,3000
2020-09-17 09:41:44.120,3.334,36800
2020-09-17 09:41:44.120,3.334,300000
2020-09-17 09:41:44.120,3.334,300000
2020-09-17 09:41:44.120,3.334,300100
2020-09-17 09:41:44.120,3.334,53100
2020-09-17 09:41:44.880,3.334,1500
2020-09-17 09:41:45.340,3.334,2700
2020-09-17 09:41:45.780,3.333,8000
2020-09-17 09:41:45.840,3.334,2200
2020-09-17 09:41:46.710,3.333,1100
2020-09-17 09:41:46.710,3.333,2000
2020-09-17 09:41:46.710,3.333,10000
2020-09-17 09:41:46.710,3.333,20000
2020-09-17 09:41:46.710,3.333,10000
2020-09-17 09:41:47.300,3.333,30000
2020-09-17 09:41:49.680,3.333,4600
2020-09-17 09:41:50.110,3.333,20000
2020-09-17 09:41:51.040,3.333,1000
2020-09-17 09:41:51.300,3.333,10000
2020-09-17 09:41:52.520,3.333,100
2020-09-17 09:41:52.640,3.333,6900
2020-09-17 09:41:52.640,3.333,3000
2020-09-17 09:41:52.640,3.333,100
2020-09-17 09:41:52.740,3.333,9900
2020-09-17 09:41:53.250,3.335,300100
2020-09-17 09:41:53.250,3.335,19900
2020-09-17 09:41:56.310,3.335,3000
2020-09-17 09:41:58.280,3.334,500
2020-09-17 09:41:58.370,3.334,60000
2020-09-17 09:41:59.390,3.334,60000
2020-09-17 09:42:00.880,3.334,1100
2020-09-17 09:42:01.070,3.334,3300
2020-09-17 09:42:01.070,3.334,2000
2020-09-17 09:42:01.070,3.334,16000
2020-09-17 09:42:01.550,3.334,10000
2020-09-17 09:42:01.610,3.334,41200
2020-09-17 09:42:02.740,3.335,200
2020-09-17 09:42:03.410,3.334,200
2020-09-17 09:42:04.780,3.335,200
2020-09-17 09:42:07.920,3.335,200
2020-09-17 09:42:14.640,3.334,9300
2020-09-17 09:42:14.640,3.334,2000
2020-09-17 09:42:14.640,3.334,18700
2020-09-17 09:42:15.070,3.335,3000
2020-09-17 09:42:15.330,3.335,20000
2020-09-17 09:42:16.080,3.334,500
2020-09-17 09:42:17.850,3.334,30800
2020-09-17 09:42:17.850,3.334,2500
2020-09-17 09:42:17.850,3.334,300
2020-09-17 09:42:20.070,3.334,1000
2020-09-17 09:42:23.350,3.334,15000
2020-09-17 09:42:23.550,3.334,1000
2020-09-17 09:42:23.720,3.334,5000
2020-09-17 09:42:24.840,3.334,4300
2020-09-17 09:42:27.280,3.334,3500
2020-09-17 09:42:27.280,3.334,240500
2020-09-17 09:42:27.280,3.334,60000
2020-09-17 09:42:27.580,3.335,10000
2020-09-17 09:42:28.220,3.334,300
2020-09-17 09:42:28.420,3.334,15500
2020-09-17 09:42:29.600,3.335,500
2020-09-17 09:42:30.180,3.334,81000
2020-09-17 09:42:31.820,3.335,19600
2020-09-17 09:42:35.920,3.335,1000
2020-09-17 09:42:38.600,3.335,300
2020-09-17 09:42:39.730,3.335,16500
2020-09-17 09:42:39.730,3.335,1700
2020-09-17 09:42:40.080,3.335,500
2020-09-17 09:42:40.830,3.334,100
2020-09-17 09:42:42.940,3.334,22200
2020-09-17 09:42:43.970,3.335,5000
2020-09-17 09:42:44.810,3.334,200
2020-09-17 09:42:47.690,3.335,1000
2020-09-17 09:42:47.720,3.334,350000
2020-09-17 09:42:51.290,3.334,10000
2020-09-17 09:42:54.220,3.335,3300
2020-09-17 09:42:55.750,3.335,20000
2020-09-17 09:42:55.860,3.335,300
2020-09-17 09:42:56.910,3.334,500
2020-09-17 09:42:57.490,3.334,30000
2020-09-17 09:42:59.790,3.335,7000
2020-09-17 09:43:00.360,3.334,21100
2020-09-17 09:43:02.020,3.335,2500
2020-09-17 09:43:03.550,3.335,23000
2020-09-17 09:43:05.100,3.334,20000
2020-09-17 09:43:05.190,3.334,45100
2020-09-17 09:43:05.190,3.334,300
2020-09-17 09:43:05.190,3.334,2200
2020-09-17 09:43:05.190,3.334,2700
2020-09-17 09:43:05.190,3.334,4000
2020-09-17 09:43:05.190,3.334,2000
2020-09-17 09:43:05.190,3.334,2400
2020-09-17 09:43:05.190,3.334,3000
2020-09-17 09:43:06.600,3.334,100
2020-09-17 09:43:07.610,3.334,5000
2020-09-17 09:43:08.810,3.334,800
2020-09-17 09:43:11.290,3.334,3000
2020-09-17 09:43:12.710,3.334,300
2020-09-17 09:43:12.810,3.333,600
2020-09-17 09:43:13.760,3.334,300
2020-09-17 09:43:14.880,3.334,3000
2020-09-17 09:43:17.360,3.333,281100
2020-09-17 09:43:17.360,3.333,5000
2020-09-17 09:43:17.360,3.333,700
2020-09-17 09:43:17.360,3.333,5000
2020-09-17 09:43:17.360,3.333,2500
2020-09-17 09:43:17.360,3.333,100
2020-09-17 09:43:17.360,3.333,5000
2020-09-17 09:43:17.360,3.333,600
2020-09-17 09:43:17.870,3.333,500
2020-09-17 09:43:17.870,3.333,2000
2020-09-17 09:43:17.870,3.333,20000
2020-09-17 09:43:17.870,3.333,1000
2020-09-17 09:43:17.870,3.333,50000
2020-09-17 09:43:17.870,3.333,5000
2020-09-17 09:43:17.870,3.333,56000
2020-09-17 09:43:17.870,3.333,7000
2020-09-17 09:43:17.870,3.333,2300
2020-09-17 09:43:19.470,3.333,1000
2020-09-17 09:43:20.120,3.333,500
2020-09-17 09:43:20.160,3.333,300
2020-09-17 09:43:21.990,3.333,500
2020-09-17 09:43:24.160,3.332,5000
2020-09-17 09:43:24.160,3.332,900
2020-09-17 09:43:25.570,3.332,5900
2020-09-17 09:43:25.570,3.332,44100
2020-09-17 09:43:29.370,3.333,100
2020-09-17 09:43:31.600,3.332,5500
2020-09-17 09:43:33.680,3.332,141300
2020-09-17 09:43:33.830,3.332,400
2020-09-17 09:43:34.320,3.332,4500
2020-09-17 09:43:36.620,3.332,64400
2020-09-17 09:43:39.180,3.332,30000
2020-09-17 09:43:44.390,3.333,100
2020-09-17 09:43:51.100,3.332,2000
2020-09-17 09:43:52.360,3.333,100
2020-09-17 09:43:53.520,3.332,3000
2020-09-17 09:43:58.590,3.333,5000
2020-09-17 09:44:03.620,3.332,200
2020-09-17 09:44:04.070,3.333,5400
2020-09-17 09:44:05.390,3.333,100
2020-09-17 09:44:09.860,3.332,34600
2020-09-17 09:44:09.860,3.332,1300
2020-09-17 09:44:09.860,3.332,100
2020-09-17 09:44:09.860,3.332,10000
2020-09-17 09:44:09.860,3.332,1100
2020-09-17 09:44:09.860,3.332,10000
2020-09-17 09:44:09.860,3.332,7000
2020-09-17 09:44:09.860,3.332,2500
2020-09-17 09:44:09.860,3.332,15000
2020-09-17 09:44:09.860,3.332,50000
2020-09-17 09:44:12.100,3.332,50000
2020-09-17 09:44:18.610,3.331,500
2020-09-17 09:44:18.610,3.331,100
2020-09-17 09:44:18.610,3.331,5300
2020-09-17 09:44:18.970,3.331,10000
2020-09-17 09:44:19.420,3.332,500
2020-09-17 09:44:22.450,3.332,1800
2020-09-17 09:44:22.490,3.332,200
2020-09-17 09:44:23.810,3.332,20000
2020-09-17 09:44:24.300,3.332,1000
2020-09-17 09:44:27.170,3.332,2000
2020-09-17 09:44:28.150,3.332,10100
2020-09-17 09:44:28.150,3.332,900
2020-09-17 09:44:29.190,3.332,6000
2020-09-17 09:44:34.360,3.332,3000
2020-09-17 09:44:35.940,3.332,1900
2020-09-17 09:44:36.030,3.332,3000
2020-09-17 09:44:37.540,3.332,900
2020-09-17 09:44:37.750,3.332,1000
2020-09-17 09:44:42.830,3.332,15000
2020-09-17 09:44:42.950,3.332,3000
2020-09-17 09:44:43.110,3.333,100
2020-09-17 09:44:43.420,3.332,1000
2020-09-17 09:44:44.460,3.332,4200
2020-09-17 09:44:44.460,3.332,600
2020-09-17 09:44:45.250,3.333,500
2020-09-17 09:44:46.120,3.332,200
2020-09-17 09:44:46.120,3.332,29800
2020-09-17 09:44:47.390,3.332,2900
2020-09-17 09:44:49.370,3.332,1000
2020-09-17 09:44:49.390,3.333,2400
2020-09-17 09:44:50.620,3.332,600
2020-09-17 09:44:51.070,3.332,4000
2020-09-17 09:44:53.060,3.332,2700
2020-09-17 09:44:53.200,3.332,39000
2020-09-17 09:44:53.200,3.332,3600
2020-09-17 09:44:53.200,3.332,7400
2020-09-17 09:44:55.000,3.332,10000
2020-09-17 09:44:55.640,3.333,300
2020-09-17 09:44:56.340,3.332,10000
2020-09-17 09:44:57.270,3.332,10000
2020-09-17 09:45:05.360,3.333,20000
2020-09-17 09:45:06.300,3.333,116700
2020-09-17 09:45:06.300,3.333,1000
2020-09-17 09:45:06.300,3.333,1000
2020-09-17 09:45:06.300,3.333,100
2020-09-17 09:45:06.300,3.333,181200
2020-09-17 09:45:07.960,3.333,200
2020-09-17 09:45:10.970,3.332,100
2020-09-17 09:45:12.690,3.333,300
2020-09-17 09:45:15.330,3.333,300000
2020-09-17 09:45:15.440,3.332,10000
2020-09-17 09:45:15.640,3.333,300000
2020-09-17 09:45:16.740,3.333,50000
2020-09-17 09:45:19.000,3.333,68300
2020-09-17 09:45:19.000,3.333,10000
2020-09-17 09:45:19.000,3.333,72500
2020-09-17 09:45:19.000,3.333,300
2020-09-17 09:45:21.960,3.333,3000
2020-09-17 09:45:23.510,3.333,4000
2020-09-17 09:45:24.680,3.334,1000
2020-09-17 09:45:24.680,3.334,2400
2020-09-17 09:45:24.680,3.334,30000
2020-09-17 09:45:24.680,3.334,100
2020-09-17 09:45:24.680,3.334,2000
2020-09-17 09:45:24.680,3.334,52600
2020-09-17 09:45:24.680,3.334,1300
2020-09-17 09:45:24.680,3.334,100
2020-09-17 09:45:24.680,3.334,1500
2020-09-17 09:45:24.680,3.335,1000
2020-09-17 09:45:24.680,3.335,20000
2020-09-17 09:45:24.680,3.335,200
2020-09-17 09:45:24.680,3.335,100
2020-09-17 09:45:24.680,3.335,93000
2020-09-17 09:45:24.680,3.335,30000
2020-09-17 09:45:25.080,3.335,100
2020-09-17 09:45:25.200,3.335,30000
2020-09-17 09:45:27.100,3.335,19600
2020-09-17 09:45:27.780,3.335,15000
2020-09-17 09:45:29.650,3.334,15000
2020-09-17 09:45:30.080,3.334,5400
2020-09-17 09:45:37.600,3.334,700
2020-09-17 09:45:37.600,3.334,2000
2020-09-17 09:45:41.130,3.334,400
2020-09-17 09:45:42.090,3.334,500
2020-09-17 09:45:43.000,3.333,300
2020-09-17 09:45:43.540,3.334,100
2020-09-17 09:45:43.540,3.334,1600
2020-09-17 09:45:43.540,3.334,8300
2020-09-17 09:45:44.000,3.334,1000
2020-09-17 09:45:45.820,3.334,700
2020-09-17 09:45:45.820,3.334,3300
2020-09-17 09:45:45.850,3.333,10000
2020-09-17 09:45:46.550,3.333,30000
2020-09-17 09:45:48.510,3.333,400
2020-09-17 09:45:48.960,3.334,41700
2020-09-17 09:45:48.960,3.334,5800
2020-09-17 09:45:48.960,3.334,1000
2020-09-17 09:45:51.320,3.335,10000
2020-09-17 09:45:51.320,3.335,10000
2020-09-17 09:45:51.530,3.334,2000
2020-09-17 09:45:51.530,3.334,4000
2020-09-17 09:45:51.530,3.333,9300
2020-09-17 09:45:51.530,3.333,5600
2020-09-17 09:45:58.670,3.334,1200
2020-09-17 09:45:58.880,3.335,2400
2020-09-17 09:45:58.880,3.335,47600
2020-09-17 09:46:00.440,3.334,500
2020-09-17 09:46:06.270,3.335,900
2020-09-17 09:46:10.020,3.334,1900
2020-09-17 09:46:11.370,3.335,1600
2020-09-17 09:46:12.080,3.334,500
2020-09-17 09:46:15.530,3.334,5900
2020-09-17 09:46:15.530,3.334,7000
2020-09-17 09:46:15.530,3.334,10000
2020-09-17 09:46:15.530,3.334,3000
2020-09-17 09:46:15.530,3.334,4000
2020-09-17 09:46:15.530,3.334,100
2020-09-17 09:46:20.630,3.334,13900
2020-09-17 09:46:22.720,3.334,300
2020-09-17 09:46:23.190,3.334,30000
2020-09-17 09:46:23.460,3.333,1500
2020-09-17 09:46:24.490,3.333,85900
2020-09-17 09:46:24.490,3.333,500
2020-09-17 09:46:24.490,3.333,1000
2020-09-17 09:46:24.490,3.333,5000
2020-09-17 09:46:24.490,3.333,3500
2020-09-17 09:46:24.490,3.333,2600
2020-09-17 09:46:24.490,3.333,5000
2020-09-17 09:46:24.490,3.333,20900
2020-09-17 09:46:24.490,3.333,5100
2020-09-17 09:46:24.490,3.333,2500
2020-09-17 09:46:24.490,3.333,2000
2020-09-17 09:46:24.490,3.333,10000
2020-09-17 09:46:24.490,3.333,7000
2020-09-17 09:46:25.070,3.333,500
2020-09-17 09:46:27.300,3.333,10000
2020-09-17 09:46:30.240,3.333,500
2020-09-17 09:46:30.680,3.332,2300
2020-09-17 09:46:30.680,3.332,15000
2020-09-17 09:46:30.680,3.332,1000
2020-09-17 09:46:30.680,3.332,1400
2020-09-17 09:46:30.680,3.332,300
2020-09-17 09:46:37.020,3.333,16300
2020-09-17 09:46:38.290,3.332,17800
2020-09-17 09:46:38.870,3.333,25400
2020-09-17 09:46:39.860,3.332,2800
2020-09-17 09:46:39.860,3.332,100
2020-09-17 09:46:39.860,3.332,3100
2020-09-17 09:46:39.860,3.332,200
2020-09-17 09:46:39.860,3.332,1000
2020-09-17 09:46:39.860,3.332,1500
2020-09-17 09:46:39.860,3.332,900
2020-09-17 09:46:40.440,3.332,30400
2020-09-17 09:46:44.410,3.332,100
2020-09-17 09:46:45.860,3.332,8000
2020-09-17 09:46:50.370,3.332,2900
2020-09-17 09:46:50.520,3.333,100
2020-09-17 09:46:50.610,3.332,9000
2020-09-17 09:46:50.610,3.332,141000
2020-09-17 09:46:51.900,3.333,17600
2020-09-17 09:46:53.340,3.332,200
2020-09-17 09:46:53.510,3.333,100
2020-09-17 09:46:53.640,3.332,2000
2020-09-17 09:47:00.870,3.333,500
2020-09-17 09:47:02.500,3.332,7000
2020-09-17 09:47:04.330,3.332,20800
2020-09-17 09:47:04.660,3.333,1100
2020-09-17 09:47:07.000,3.332,1600
2020-09-17 09:47:07.120,3.333,77800
2020-09-17 09:47:12.810,3.332,127400
2020-09-17 09:47:12.810,3.332,2000
2020-09-17 09:47:12.810,3.332,3000
2020-09-17 09:47:12.810,3.332,2000
2020-09-17 09:47:12.810,3.332,20000
2020-09-17 09:47:14.480,3.332,8000
2020-09-17 09:47:16.190,3.332,44300
2020-09-17 09:47:17.820,3.331,8400
2020-09-17 09:47:17.820,3.331,7600
2020-09-17 09:47:17.820,3.331,2000
2020-09-17 09:47:17.820,3.331,3800
2020-09-17 09:47:17.820,3.331,5000
2020-09-17 09:47:17.820,3.331,100
2020-09-17 09:47:17.820,3.331,10000
2020-09-17 09:47:17.820,3.331,1000
2020-09-17 09:47:17.820,3.331,10000
2020-09-17 09:47:17.820,3.331,50000
2020-09-17 09:47:17.820,3.331,2500
2020-09-17 09:47:17.820,3.331,2000
2020-09-17 09:47:17.820,3.331,2000
2020-09-17 09:47:17.820,3.331,1000
2020-09-17 09:47:17.820,3.331,3000
2020-09-17 09:47:17.820,3.331,1500
2020-09-17 09:47:17.820,3.331,5100
2020-09-17 09:47:18.150,3.331,100
2020-09-17 09:47:19.090,3.331,7600
2020-09-17 09:47:23.120,3.331,200
2020-09-17 09:47:24.270,3.33,600
2020-09-17 09:47:24.270,3.33,100
2020-09-17 09:47:24.270,3.33,700
2020-09-17 09:47:24.270,3.33,10000
2020-09-17 09:47:24.270,3.33,2000
2020-09-17 09:47:24.270,3.33,2500
2020-09-17 09:47:24.270,3.33,500
2020-09-17 09:47:24.270,3.33,900
2020-09-17 09:47:24.270,3.33,100
2020-09-17 09:47:24.270,3.33,3000
2020-09-17 09:47:24.270,3.33,100
2020-09-17 09:47:24.270,3.33,1300
2020-09-17 09:47:24.270,3.33,1000
2020-09-17 09:47:24.270,3.33,5000
2020-09-17 09:47:24.270,3.33,1000
2020-09-17 09:47:24.270,3.33,5000
2020-09-17 09:47:24.270,3.33,300
2020-09-17 09:47:24.270,3.33,1000
2020-09-17 09:47:24.270,3.33,5000
2020-09-17 09:47:24.270,3.33,5000
2020-09-17 09:47:24.270,3.33,50000
2020-09-17 09:47:24.270,3.33,100
2020-09-17 09:47:24.270,3.33,6300
2020-09-17 09:47:24.270,3.33,5000
2020-09-17 09:47:24.270,3.33,2000
2020-09-17 09:47:24.270,3.33,31700
2020-09-17 09:47:24.270,3.33,100
2020-09-17 09:47:24.270,3.33,100
2020-09-17 09:47:24.270,3.33,1000
2020-09-17 09:47:24.270,3.33,800
2020-09-17 09:47:24.270,3.33,1000
2020-09-17 09:47:24.270,3.33,8400
2020-09-17 09:47:24.270,3.33,4700
2020-09-17 09:47:24.270,3.33,800
2020-09-17 09:47:24.270,3.33,10000
2020-09-17 09:47:24.270,3.33,3000
2020-09-17 09:47:24.270,3.33,5000
2020-09-17 09:47:24.270,3.33,3000
2020-09-17 09:47:24.270,3.33,200
2020-09-17 09:47:24.270,3.33,1000
2020-09-17 09:47:24.270,3.33,5000
2020-09-17 09:47:24.270,3.33,1000
2020-09-17 09:47:24.270,3.33,500
2020-09-17 09:47:24.270,3.33,3500
2020-09-17 09:47:24.270,3.33,5000
2020-09-17 09:47:24.270,3.33,100
2020-09-17 09:47:24.270,3.33,800
2020-09-17 09:47:24.270,3.33,800
2020-09-17 09:47:24.270,3.33,10000
2020-09-17 09:47:24.270,3.33,500
2020-09-17 09:47:24.270,3.33,10000
2020-09-17 09:47:24.270,3.33,21000
2020-09-17 09:47:24.270,3.33,8000
2020-09-17 09:47:24.270,3.33,10000
2020-09-17 09:47:24.270,3.33,5000
2020-09-17 09:47:24.270,3.33,2000
2020-09-17 09:47:24.270,3.33,300
2020-09-17 09:47:24.270,3.33,100
2020-09-17 09:47:24.270,3.33,15000
2020-09-17 09:47:24.270,3.33,300000
2020-09-17 09:47:24.270,3.33,15200
2020-09-17 09:47:24.270,3.33,300
2020-09-17 09:47:24.270,3.33,5000
2020-09-17 09:47:24.270,3.33,300
2020-09-17 09:47:24.270,3.33,200
2020-09-17 09:47:24.270,3.33,10000
2020-09-17 09:47:24.270,3.33,5000
2020-09-17 09:47:24.270,3.33,30000
2020-09-17 09:47:24.270,3.33,1000
2020-09-17 09:47:24.270,3.33,9600
2020-09-17 09:47:24.270,3.33,5000
2020-09-17 09:47:24.270,3.33,10000
2020-09-17 09:47:24.270,3.33,1000
2020-09-17 09:47:24.270,3.33,20000
2020-09-17 09:47:24.270,3.33,6000
2020-09-17 09:47:24.270,3.33,1500
2020-09-17 09:47:25.320,3.33,38000
2020-09-17 09:47:28.480,3.33,1000
2020-09-17 09:47:29.610,3.329,300
2020-09-17 09:47:30.220,3.329,14800
2020-09-17 09:47:30.220,3.329,1000
2020-09-17 09:47:30.220,3.329,4200
2020-09-17 09:47:32.220,3.33,20000
2020-09-17 09:47:33.860,3.33,10000
2020-09-17 09:47:35.170,3.329,1700
2020-09-17 09:47:36.300,3.329,5000
2020-09-17 09:47:36.670,3.329,1500
2020-09-17 09:47:36.880,3.33,500
2020-09-17 09:47:39.010,3.329,2500
2020-09-17 09:47:39.320,3.33,1000
2020-09-17 09:47:39.380,3.329,5000
2020-09-17 09:47:41.550,3.329,100
2020-09-17 09:47:41.550,3.329,10000
2020-09-17 09:47:41.550,3.329,3000
2020-09-17 09:47:41.550,3.329,2000
2020-09-17 09:47:41.550,3.329,100
2020-09-17 09:47:41.550,3.329,4800
2020-09-17 09:47:42.110,3.329,400
2020-09-17 09:47:42.140,3.329,1600
2020-09-17 09:47:42.930,3.329,1800
2020-09-17 09:47:43.660,3.33,3000
2020-09-17 09:47:44.050,3.329,1400
2020-09-17 09:47:44.050,3.329,100
2020-09-17 09:47:46.750,3.33,600
2020-09-17 09:47:48.270,3.33,27900
2020-09-17 09:47:48.270,3.33,1800
2020-09-17 09:47:48.270,3.33,400
2020-09-17 09:47:48.270,3.33,9000
2020-09-17 09:47:48.270,3.33,50000
2020-09-17 09:47:48.270,3.33,1000
2020-09-17 09:47:53.920,3.33,10000
2020-09-17 09:47:54.650,3.33,99900
2020-09-17 09:47:54.650,3.33,119900
2020-09-17 09:47:54.650,3.33,81863
2020-09-17 09:47:57.070,3.33,100
2020-09-17 09:47:58.310,3.33,3500
2020-09-17 09:48:00.380,3.33,2500
2020-09-17 09:48:03.500,3.33,12037
2020-09-17 09:48:03.500,3.33,15000
2020-09-17 09:48:03.500,3.33,1200
2020-09-17 09:48:03.500,3.33,2500
2020-09-17 09:48:03.500,3.33,1100
2020-09-17 09:48:03.500,3.33,5000
2020-09-17 09:48:06.390,3.33,1600
2020-09-17 09:48:07.370,3.33,6000
2020-09-17 09:48:08.320,3.33,5000
2020-09-17 09:48:08.680,3.33,300
2020-09-17 09:48:08.710,3.33,1000
2020-09-17 09:48:11.980,3.33,700
2020-09-17 09:48:13.050,3.33,5000
2020-09-17 09:48:14.300,3.33,100
2020-09-17 09:48:16.700,3.33,5000
2020-09-17 09:48:17.570,3.33,20000
2020-09-17 09:48:17.760,3.33,50000
2020-09-17 09:48:17.850,3.33,1000
2020-09-17 09:48:18.280,3.33,8800
2020-09-17 09:48:18.460,3.33,3100
2020-09-17 09:48:19.220,3.33,32663
2020-09-17 09:48:19.220,3.33,17100
2020-09-17 09:48:19.220,3.33,500
2020-09-17 09:48:19.220,3.33,200
2020-09-17 09:48:19.220,3.33,1000
2020-09-17 09:48:19.220,3.33,50600
2020-09-17 09:48:19.220,3.33,500
2020-09-17 09:48:19.220,3.33,13900
2020-09-17 09:48:20.860,3.33,600
2020-09-17 09:48:22.660,3.33,2937
2020-09-17 09:48:22.660,3.33,300
2020-09-17 09:48:22.660,3.33,63
2020-09-17 09:48:24.040,3.33,1400
2020-09-17 09:48:24.560,3.33,300
2020-09-17 09:48:27.780,3.33,1000
2020-09-17 09:48:28.910,3.33,237
2020-09-17 09:48:28.910,3.33,3763
2020-09-17 09:48:37.790,3.33,1237
2020-09-17 09:48:37.790,3.33,763
2020-09-17 09:48:38.470,3.33,1000
2020-09-17 09:48:42.740,3.33,13237
2020-09-17 09:48:42.740,3.33,1800
2020-09-17 09:48:42.740,3.33,62900
2020-09-17 09:48:42.740,3.33,200
2020-09-17 09:48:42.740,3.33,5000
2020-09-17 09:48:42.740,3.33,30000
2020-09-17 09:48:42.740,3.33,5000
2020-09-17 09:48:42.740,3.33,2000
2020-09-17 09:48:42.740,3.33,50000
2020-09-17 09:48:42.740,3.33,600
2020-09-17 09:48:42.740,3.33,2300
2020-09-17 09:48:43.230,3.33,6000
2020-09-17 09:48:44.630,3.33,2000
2020-09-17 09:48:45.020,3.33,1000
2020-09-17 09:48:45.530,3.33,100
2020-09-17 09:48:46.210,3.33,500
2020-09-17 09:48:47.910,3.33,200
2020-09-17 09:48:48.700,3.33,100
2020-09-17 09:48:49.940,3.33,1700
2020-09-17 09:48:50.720,3.33,5700
2020-09-17 09:48:51.700,3.33,100
2020-09-17 09:48:51.740,3.33,4000
2020-09-17 09:48:52.480,3.33,40000
2020-09-17 09:48:54.300,3.33,1000
2020-09-17 09:48:56.660,3.33,100
2020-09-17 09:48:57.320,3.33,2000
2020-09-17 09:48:58.250,3.33,3000
2020-09-17 09:48:59.190,3.33,2000
2020-09-17 09:48:59.590,3.33,300
2020-09-17 09:49:00.140,3.33,1600
2020-09-17 09:49:03.150,3.329,100
2020-09-17 09:49:04.720,3.33,2200
2020-09-17 09:49:04.850,3.329,600
2020-09-17 09:49:05.120,3.329,1000
2020-09-17 09:49:06.380,3.329,100
2020-09-17 09:49:11.040,3.33,1000
2020-09-17 09:49:11.220,3.33,200
2020-09-17 09:49:13.920,3.33,50000
2020-09-17 09:49:14.170,3.329,3600
2020-09-17 09:49:14.170,3.329,2800
2020-09-17 09:49:14.170,3.329,5400
2020-09-17 09:49:14.230,3.33,2163
2020-09-17 09:49:17.120,3.33,3300
2020-09-17 09:49:17.270,3.33,5700
2020-09-17 09:49:19.710,3.33,100
2020-09-17 09:49:23.350,3.331,700
2020-09-17 09:49:24.180,3.331,200
2020-09-17 09:49:26.710,3.33,800
2020-09-17 09:49:28.430,3.331,500
2020-09-17 09:49:30.610,3.33,2000
2020-09-17 09:49:31.790,3.33,2000
2020-09-17 09:49:36.700,3.33,2500
2020-09-17 09:49:37.050,3.331,600
2020-09-17 09:49:37.050,3.331,1400
2020-09-17 09:49:40.430,3.331,500
2020-09-17 09:49:41.750,3.331,8100
2020-09-17 09:49:41.750,3.331,1000
2020-09-17 09:49:41.750,3.331,200
2020-09-17 09:49:41.750,3.331,16200
2020-09-17 09:49:42.170,3.33,17500
2020-09-17 09:49:42.170,3.33,100
2020-09-17 09:49:42.170,3.33,100
2020-09-17 09:49:42.170,3.33,5000
2020-09-17 09:49:42.170,3.33,3000
2020-09-17 09:49:42.170,3.33,900
2020-09-17 09:49:42.170,3.33,300
2020-09-17 09:49:42.170,3.33,100
2020-09-17 09:49:42.170,3.33,2000
2020-09-17 09:49:42.170,3.33,100
2020-09-17 09:49:42.170,3.33,270900
2020-09-17 09:49:43.560,3.33,7300
2020-09-17 09:49:43.620,3.33,296900
2020-09-17 09:49:43.940,3.33,300000
2020-09-17 09:49:44.180,3.33,2600
2020-09-17 09:49:44.540,3.33,8000
2020-09-17 09:49:45.450,3.33,114200
2020-09-17 09:49:45.450,3.33,33200
2020-09-17 09:49:45.450,3.33,1000
2020-09-17 09:49:45.450,3.33,43600
2020-09-17 09:49:45.450,3.33,3100
2020-09-17 09:49:45.450,3.33,2800
2020-09-17 09:49:45.450,3.33,102100
2020-09-17 09:49:45.600,3.33,11500
2020-09-17 09:49:45.680,3.33,300000
2020-09-17 09:49:45.710,3.33,86400
2020-09-17 09:49:45.710,3.33,1000
2020-09-17 09:49:45.710,3.33,5000
2020-09-17 09:49:45.710,3.33,1500
2020-09-17 09:49:48.880,3.33,17700
2020-09-17 09:49:49.690,3.33,8300
2020-09-17 09:49:51.630,3.329,4600
2020-09-17 09:49:51.630,3.329,300
2020-09-17 09:49:51.630,3.329,1000
2020-09-17 09:49:51.630,3.329,10000
2020-09-17 09:49:51.630,3.329,20000
2020-09-17 09:49:51.630,3.329,2000
2020-09-17 09:49:51.630,3.329,2000
2020-09-17 09:49:51.630,3.329,1000
2020-09-17 09:49:51.630,3.329,50000
2020-09-17 09:49:51.630,3.329,20000
2020-09-17 09:49:51.630,3.329,1000
2020-09-17 09:49:51.630,3.329,200
2020-09-17 09:49:51.630,3.329,2000
2020-09-17 09:49:51.630,3.329,700
2020-09-17 09:49:51.630,3.329,10000
2020-09-17 09:49:51.630,3.329,2000
2020-09-17 09:49:51.630,3.329,5000
2020-09-17 09:49:51.630,3.329,200
2020-09-17 09:49:51.630,3.329,5000
2020-09-17 09:49:51.630,3.329,500
2020-09-17 09:49:51.630,3.329,162500
2020-09-17 09:49:53.580,3.33,500
2020-09-17 09:49:53.610,3.33,20000
2020-09-17 09:49:54.150,3.33,1000
2020-09-17 09:49:54.210,3.33,500
2020-09-17 09:49:54.250,3.33,20000
2020-09-17 09:49:55.290,3.33,30000
2020-09-17 09:49:56.320,3.33,1600
2020-09-17 09:49:56.530,3.33,5000
2020-09-17 09:49:57.120,3.329,700
2020-09-17 09:49:59.070,3.33,78100
2020-09-17 09:50:02.370,3.329,300000
2020-09-17 09:50:03.380,3.329,300000
2020-09-17 09:50:03.570,3.329,236800
2020-09-17 09:50:03.570,3.329,3000
2020-09-17 09:50:03.570,3.329,10000
2020-09-17 09:50:03.570,3.329,3500
2020-09-17 09:50:03.570,3.329,5000
2020-09-17 09:50:03.570,3.329,5000
2020-09-17 09:50:03.570,3.329,10000
2020-09-17 09:50:03.570,3.329,7700
2020-09-17 09:50:03.570,3.329,9300
2020-09-17 09:50:03.570,3.329,200
2020-09-17 09:50:03.570,3.329,9500
2020-09-17 09:50:04.140,3.329,5500
2020-09-17 09:50:04.140,3.329,100
2020-09-17 09:50:04.140,3.329,10000
2020-09-17 09:50:04.140,3.329,100
2020-09-17 09:50:04.140,3.329,3000
2020-09-17 09:50:04.140,3.329,24000
2020-09-17 09:50:04.140,3.329,500
2020-09-17 09:50:04.140,3.329,1900
2020-09-17 09:50:04.140,3.329,500
2020-09-17 09:50:04.140,3.329,1000
2020-09-17 09:50:04.140,3.329,10000
2020-09-17 09:50:04.140,3.329,5000
2020-09-17 09:50:04.140,3.329,200
2020-09-17 09:50:04.140,3.329,7000
2020-09-17 09:50:04.140,3.329,1500
2020-09-17 09:50:04.140,3.329,30000
2020-09-17 09:50:04.140,3.329,10000
2020-09-17 09:50:04.140,3.329,1000
2020-09-17 09:50:04.140,3.329,100
2020-09-17 09:50:04.140,3.329,5000
2020-09-17 09:50:04.140,3.329,1000
2020-09-17 09:50:04.140,3.329,20900
2020-09-17 09:50:04.140,3.329,400
2020-09-17 09:50:04.140,3.329,2000
2020-09-17 09:50:04.140,3.329,200
2020-09-17 09:50:04.140,3.329,200
2020-09-17 09:50:04.140,3.329,10000
2020-09-17 09:50:04.140,3.329,1000
2020-09-17 09:50:04.140,3.329,300
2020-09-17 09:50:04.140,3.329,2000
2020-09-17 09:50:04.140,3.329,3000
2020-09-17 09:50:04.140,3.329,2500
2020-09-17 09:50:04.140,3.329,2000
2020-09-17 09:50:04.140,3.329,5000
2020-09-17 09:50:04.140,3.329,500
2020-09-17 09:50:04.140,3.329,5000
2020-09-17 09:50:04.140,3.329,100
2020-09-17 09:50:04.140,3.329,10000
2020-09-17 09:50:04.140,3.329,3000
2020-09-17 09:50:04.140,3.329,2800
2020-09-17 09:50:04.140,3.329,1000
2020-09-17 09:50:04.140,3.329,12000
2020-09-17 09:50:04.140,3.329,3000
2020-09-17 09:50:04.140,3.329,2000
2020-09-17 09:50:04.140,3.329,500
2020-09-17 09:50:04.140,3.329,93200
2020-09-17 09:50:04.330,3.329,6800
2020-09-17 09:50:04.330,3.329,20000
2020-09-17 09:50:04.330,3.329,1600
2020-09-17 09:50:05.060,3.329,700
2020-09-17 09:50:05.490,3.329,200
2020-09-17 09:50:06.340,3.329,3000
2020-09-17 09:50:06.590,3.328,200
2020-09-17 09:50:06.590,3.328,100
2020-09-17 09:50:06.590,3.328,1000
2020-09-17 09:50:06.590,3.328,16000
2020-09-17 09:50:06.590,3.328,100
2020-09-17 09:50:06.590,3.328,7000
2020-09-17 09:50:06.590,3.328,500
2020-09-17 09:50:06.590,3.328,6000
2020-09-17 09:50:06.590,3.328,10000
2020-09-17 09:50:06.590,3.328,9100
2020-09-17 09:50:07.920,3.329,30000
2020-09-17 09:50:08.680,3.329,44400
2020-09-17 09:50:09.360,3.328,70900
2020-09-17 09:50:09.360,3.328,300
2020-09-17 09:50:09.360,3.328,300
2020-09-17 09:50:09.360,3.328,10000
2020-09-17 09:50:09.360,3.328,10000
2020-09-17 09:50:09.360,3.328,10000
2020-09-17 09:50:09.360,3.328,5000
2020-09-17 09:50:09.360,3.328,10000
2020-09-17 09:50:09.360,3.328,1000
2020-09-17 09:50:09.360,3.328,100
2020-09-17 09:50:09.360,3.328,5000
2020-09-17 09:50:09.360,3.328,10000
2020-09-17 09:50:09.360,3.328,800
2020-09-17 09:50:09.360,3.328,2000
2020-09-17 09:50:09.360,3.328,200
2020-09-17 09:50:09.360,3.328,100
2020-09-17 09:50:09.360,3.328,5000
2020-09-17 09:50:09.360,3.328,20000
2020-09-17 09:50:09.360,3.328,1000
2020-09-17 09:50:09.360,3.328,138300
2020-09-17 09:50:10.940,3.329,5000
2020-09-17 09:50:11.390,3.329,2800
2020-09-17 09:50:11.830,3.329,12000
2020-09-17 09:50:12.810,3.329,1800
2020-09-17 09:50:14.010,3.329,1000
2020-09-17 09:50:14.560,3.329,200
2020-09-17 09:50:15.720,3.329,300
2020-09-17 09:50:18.040,3.329,6700
2020-09-17 09:50:18.800,3.328,9700
2020-09-17 09:50:21.130,3.329,200
2020-09-17 09:50:24.380,3.329,3000
2020-09-17 09:50:25.230,3.329,10000
2020-09-17 09:50:25.510,3.329,35100
2020-09-17 09:50:26.640,3.328,3500
2020-09-17 09:50:28.080,3.329,1300
2020-09-17 09:50:28.380,3.329,10000
2020-09-17 09:50:28.660,3.329,2000
2020-09-17 09:50:39.470,3.329,10000
2020-09-17 09:50:39.590,3.328,1000
2020-09-17 09:50:40.720,3.328,168800
2020-09-17 09:50:41.290,3.328,6400
2020-09-17 09:50:41.680,3.328,3700
2020-09-17 09:50:43.540,3.329,300
2020-09-17 09:50:45.090,3.329,1000
2020-09-17 09:50:45.750,3.329,2000
2020-09-17 09:50:46.520,3.328,5500
2020-09-17 09:50:46.870,3.328,45300
2020-09-17 09:50:47.240,3.329,10000
2020-09-17 09:50:50.560,3.328,1100
2020-09-17 09:50:50.750,3.329,5000
2020-09-17 09:50:52.540,3.329,38300
2020-09-17 09:50:54.590,3.329,100
2020-09-17 09:50:54.930,3.328,3500
2020-09-17 09:50:55.320,3.329,500
2020-09-17 09:50:56.840,3.328,10000
2020-09-17 09:50:58.990,3.329,2900
2020-09-17 09:50:59.680,3.329,500
2020-09-17 09:51:01.400,3.329,2000
2020-09-17 09:51:01.930,3.328,300000
2020-09-17 09:51:02.790,3.328,300200
2020-09-17 09:51:03.440,3.328,2900
2020-09-17 09:51:03.440,3.328,5000
2020-09-17 09:51:03.440,3.328,6000
2020-09-17 09:51:03.440,3.328,3000
2020-09-17 09:51:03.440,3.328,1500
2020-09-17 09:51:03.440,3.328,5000
2020-09-17 09:51:03.440,3.328,6000
2020-09-17 09:51:03.440,3.328,400
2020-09-17 09:51:03.440,3.328,200000
2020-09-17 09:51:03.440,3.328,1400
2020-09-17 09:51:03.440,3.328,4000
2020-09-17 09:51:03.440,3.328,20000
2020-09-17 09:51:03.440,3.328,44900
2020-09-17 09:51:04.450,3.328,55000
2020-09-17 09:51:04.930,3.328,300100
2020-09-17 09:51:04.930,3.328,400
2020-09-17 09:51:05.600,3.328,200
2020-09-17 09:51:05.810,3.328,4400
2020-09-17 09:51:05.810,3.328,16600
2020-09-17 09:51:05.810,3.328,5000
2020-09-17 09:51:05.810,3.328,10000
2020-09-17 09:51:05.810,3.328,100
2020-09-17 09:51:05.810,3.328,1500
2020-09-17 09:51:05.810,3.328,5000
2020-09-17 09:51:05.810,3.328,30000
2020-09-17 09:51:05.810,3.328,3000
2020-09-17 09:51:05.810,3.328,1000
2020-09-17 09:51:05.810,3.328,2000
2020-09-17 09:51:05.810,3.328,20000
2020-09-17 09:51:05.810,3.328,5000
2020-09-17 09:51:05.810,3.328,5000
2020-09-17 09:51:05.810,3.328,3800
2020-09-17 09:51:05.810,3.328,1500
2020-09-17 09:51:05.810,3.328,2000
2020-09-17 09:51:05.810,3.328,100
2020-09-17 09:51:05.810,3.328,1000
2020-09-17 09:51:05.810,3.328,8000
2020-09-17 09:51:05.810,3.328,10000
2020-09-17 09:51:05.810,3.328,1800
2020-09-17 09:51:05.810,3.328,5000
2020-09-17 09:51:05.810,3.328,100
2020-09-17 09:51:05.810,3.328,4100
2020-09-17 09:51:05.810,3.328,100
2020-09-17 09:51:05.810,3.328,5000
2020-09-17 09:51:05.810,3.328,1000
2020-09-17 09:51:05.810,3.328,1800
2020-09-17 09:51:05.810,3.328,2000
2020-09-17 09:51:05.810,3.328,2000
2020-09-17 09:51:05.810,3.328,900
2020-09-17 09:51:05.810,3.328,2000
2020-09-17 09:51:05.810,3.328,1000
2020-09-17 09:51:05.810,3.328,10000
2020-09-17 09:51:05.810,3.328,8000
2020-09-17 09:51:07.720,3.328,1600
2020-09-17 09:51:11.750,3.327,200
2020-09-17 09:51:11.750,3.327,100
2020-09-17 09:51:11.750,3.327,1000
2020-09-17 09:51:11.750,3.327,11500
