Datetime,Price,Volume
2020-09-17 09:25:00.670,4.703,300
2020-09-17 09:25:00.670,4.703,1700
2020-09-17 09:25:00.670,4.703,4000
2020-09-17 09:25:00.670,4.703,5000
2020-09-17 09:25:00.670,4.703,25000
2020-09-17 09:25:00.670,4.703,4000
2020-09-17 09:25:00.670,4.703,1000
2020-09-17 09:25:00.670,4.703,9000
2020-09-17 09:25:00.670,4.703,100
2020-09-17 09:25:00.670,4.703,3400
2020-09-17 09:25:00.670,4.703,2500
2020-09-17 09:25:00.670,4.703,7500
2020-09-17 09:25:00.670,4.703,3000
2020-09-17 09:25:00.670,4.703,4000
2020-09-17 09:25:00.670,4.703,10500
2020-09-17 09:25:00.670,4.703,600
2020-09-17 09:25:00.670,4.703,200
2020-09-17 09:25:00.670,4.703,11200
2020-09-17 09:25:00.670,4.703,600
2020-09-17 09:25:00.670,4.703,5000
2020-09-17 09:25:00.670,4.703,55400
2020-09-17 09:25:00.670,4.703,400
2020-09-17 09:25:00.670,4.703,1600
2020-09-17 09:25:00.670,4.703,200
2020-09-17 09:25:00.670,4.703,200
2020-09-17 09:25:00.670,4.703,100
2020-09-17 09:25:00.670,4.703,100
2020-09-17 09:25:00.670,4.703,100
2020-09-17 09:25:00.670,4.703,500
2020-09-17 09:25:00.670,4.703,2000
2020-09-17 09:25:00.670,4.703,100
2020-09-17 09:25:00.670,4.703,300
2020-09-17 09:25:00.670,4.703,2100
2020-09-17 09:25:00.670,4.703,1100
2020-09-17 09:25:00.670,4.703,100
2020-09-17 09:25:00.670,4.703,500
2020-09-17 09:25:00.670,4.703,1000
2020-09-17 09:25:00.670,4.703,200
2020-09-17 09:25:00.670,4.703,100
2020-09-17 09:25:00.670,4.703,100
2020-09-17 09:25:00.670,4.703,200
2020-09-17 09:25:00.670,4.703,100
2020-09-17 09:25:00.670,4.703,1000
2020-09-17 09:25:00.670,4.703,500
2020-09-17 09:25:00.670,4.703,100
2020-09-17 09:25:00.670,4.703,300
2020-09-17 09:25:00.670,4.703,100
2020-09-17 09:25:00.670,4.703,100
2020-09-17 09:25:00.670,4.703,900
2020-09-17 09:25:00.670,4.703,300
2020-09-17 09:25:00.670,4.703,100
2020-09-17 09:25:00.670,4.703,500
2020-09-17 09:25:00.670,4.703,100
2020-09-17 09:25:00.670,4.703,600
2020-09-17 09:25:00.670,4.703,15000
2020-09-17 09:25:00.670,4.703,10000
2020-09-17 09:25:00.670,4.703,100
2020-09-17 09:25:00.670,4.703,21200
2020-09-17 09:25:00.670,4.703,100
2020-09-17 09:25:00.670,4.703,1000
2020-09-17 09:25:00.670,4.703,200
2020-09-17 09:25:00.670,4.703,200
2020-09-17 09:25:00.670,4.703,200
2020-09-17 09:25:00.670,4.703,100
2020-09-17 09:25:00.670,4.703,100
2020-09-17 09:25:00.670,4.703,200
2020-09-17 09:25:00.670,4.703,100
2020-09-17 09:25:00.670,4.703,100
2020-09-17 09:25:00.670,4.703,200
2020-09-17 09:25:00.670,4.703,400
2020-09-17 09:25:00.670,4.703,1700
2020-09-17 09:25:00.670,4.703,200
2020-09-17 09:25:00.670,4.703,30000
2020-09-17 09:25:00.670,4.703,100
2020-09-17 09:25:00.670,4.703,100
2020-09-17 09:25:00.670,4.703,100
2020-09-17 09:25:00.670,4.703,100
2020-09-17 09:25:00.670,4.703,100
2020-09-17 09:25:00.670,4.703,100
2020-09-17 09:25:00.670,4.703,200
2020-09-17 09:25:00.670,4.703,200
2020-09-17 09:25:00.670,4.703,2600
2020-09-17 09:25:00.670,4.703,100
2020-09-17 09:25:00.670,4.703,100
2020-09-17 09:25:00.670,4.703,300
2020-09-17 09:25:00.670,4.703,100
2020-09-17 09:25:00.670,4.703,100
2020-09-17 09:25:00.670,4.703,100
2020-09-17 09:25:00.670,4.703,100
2020-09-17 09:25:00.670,4.703,100000
2020-09-17 09:25:00.670,4.703,100
2020-09-17 09:25:00.670,4.703,300
2020-09-17 09:25:00.670,4.703,5300
2020-09-17 09:25:00.670,4.703,200
2020-09-17 09:25:00.670,4.703,2000
2020-09-17 09:25:00.670,4.703,100
2020-09-17 09:25:00.670,4.703,700
2020-09-17 09:25:00.670,4.703,200
2020-09-17 09:25:00.670,4.703,100
2020-09-17 09:25:00.670,4.703,100
2020-09-17 09:25:00.670,4.703,100
2020-09-17 09:25:00.670,4.703,100
2020-09-17 09:25:00.670,4.703,100
2020-09-17 09:25:00.670,4.703,200
2020-09-17 09:25:00.670,4.703,700
2020-09-17 09:25:00.670,4.703,300
2020-09-17 09:25:00.670,4.703,100
2020-09-17 09:25:00.670,4.703,200
2020-09-17 09:25:00.670,4.703,34700
2020-09-17 09:25:00.670,4.703,100
2020-09-17 09:25:00.670,4.703,100
2020-09-17 09:25:00.670,4.703,100
2020-09-17 09:25:00.670,4.703,200
2020-09-17 09:25:00.670,4.703,400
2020-09-17 09:25:00.670,4.703,200
2020-09-17 09:25:00.670,4.703,200
2020-09-17 09:25:00.670,4.703,100
2020-09-17 09:25:00.670,4.703,100
2020-09-17 09:25:00.670,4.703,2400
2020-09-17 09:25:00.670,4.703,2000
2020-09-17 09:25:00.670,4.703,100
2020-09-17 09:25:00.670,4.703,400
2020-09-17 09:25:00.670,4.703,2300
2020-09-17 09:25:00.670,4.703,600
2020-09-17 09:25:00.670,4.703,2400
2020-09-17 09:25:00.670,4.703,1000
2020-09-17 09:25:00.670,4.703,100
2020-09-17 09:25:00.670,4.703,100
2020-09-17 09:25:00.670,4.703,100
2020-09-17 09:25:00.670,4.703,10000
2020-09-17 09:25:00.670,4.703,15000
2020-09-17 09:25:00.670,4.703,100
2020-09-17 09:25:00.670,4.703,5000
2020-09-17 09:25:00.670,4.703,500
2020-09-17 09:25:00.670,4.703,500
2020-09-17 09:25:00.670,4.703,1000
2020-09-17 09:25:00.670,4.703,100
2020-09-17 09:25:00.670,4.703,200
2020-09-17 09:25:00.670,4.703,300
2020-09-17 09:25:00.670,4.703,800
2020-09-17 09:25:00.670,4.703,1000
2020-09-17 09:25:00.670,4.703,500
2020-09-17 09:25:00.670,4.703,15000
2020-09-17 09:25:00.670,4.703,100
2020-09-17 09:25:00.670,4.703,1800
2020-09-17 09:25:00.670,4.703,100
2020-09-17 09:25:00.670,4.703,800
2020-09-17 09:25:00.670,4.703,100
2020-09-17 09:25:00.670,4.703,5000
2020-09-17 09:25:00.670,4.703,2500
2020-09-17 09:25:00.670,4.703,3000
2020-09-17 09:25:00.670,4.703,2000
2020-09-17 09:25:00.670,4.703,200
2020-09-17 09:25:00.670,4.703,49000
2020-09-17 09:25:00.670,4.703,181700
2020-09-17 09:25:00.670,4.703,60000
2020-09-17 09:25:00.670,4.703,5500
2020-09-17 09:25:00.670,4.703,6000
2020-09-17 09:25:00.670,4.703,600
2020-09-17 09:25:00.670,4.703,15000
2020-09-17 09:25:00.670,4.703,11700
2020-09-17 09:25:00.670,4.703,100
2020-09-17 09:25:00.670,4.703,1500
2020-09-17 09:25:00.670,4.703,17900
2020-09-17 09:25:00.670,4.703,100
2020-09-17 09:25:00.670,4.703,3000
2020-09-17 09:25:00.670,4.703,1000
2020-09-17 09:25:00.670,4.703,4900
2020-09-17 09:30:00.020,4.703,200
2020-09-17 09:30:00.020,4.702,500
2020-09-17 09:30:00.020,4.702,2100
2020-09-17 09:30:00.020,4.702,2000
2020-09-17 09:30:00.020,4.702,2000
2020-09-17 09:30:00.020,4.702,3000
2020-09-17 09:30:00.020,4.702,8000
2020-09-17 09:30:00.020,4.702,8000
2020-09-17 09:30:00.020,4.702,8000
2020-09-17 09:30:00.020,4.702,15000
2020-09-17 09:30:00.020,4.702,20000
2020-09-17 09:30:00.020,4.702,3500
2020-09-17 09:30:00.020,4.702,10000
2020-09-17 09:30:00.020,4.702,700
2020-09-17 09:30:00.020,4.702,300
2020-09-17 09:30:00.020,4.702,32200
2020-09-17 09:30:00.020,4.702,200
2020-09-17 09:30:00.020,4.702,32200
2020-09-17 09:30:00.020,4.702,10000
2020-09-17 09:30:00.020,4.702,1000
2020-09-17 09:30:00.020,4.702,5000
2020-09-17 09:30:00.020,4.702,900
2020-09-17 09:30:00.020,4.702,35200
2020-09-17 09:30:00.060,4.704,5000
2020-09-17 09:30:00.120,4.702,32000
2020-09-17 09:30:00.150,4.704,52300
2020-09-17 09:30:00.150,4.704,16900
2020-09-17 09:30:00.330,4.704,5100
2020-09-17 09:30:00.390,4.703,4300
2020-09-17 09:30:00.610,4.703,400
2020-09-17 09:30:00.610,4.704,500
2020-09-17 09:30:00.610,4.703,2300
2020-09-17 09:30:00.610,4.703,6500
2020-09-17 09:30:00.610,4.703,900
2020-09-17 09:30:00.610,4.703,1000
2020-09-17 09:30:00.610,4.703,4000
2020-09-17 09:30:00.610,4.703,25500
2020-09-17 09:30:00.610,4.703,2000
2020-09-17 09:30:00.610,4.704,4900
2020-09-17 09:30:00.720,4.706,300
2020-09-17 09:30:00.720,4.706,600
2020-09-17 09:30:00.720,4.705,9400
2020-09-17 09:30:00.830,4.705,500
2020-09-17 09:30:00.830,4.705,7800
2020-09-17 09:30:00.830,4.705,12400
2020-09-17 09:30:00.830,4.705,9900
2020-09-17 09:30:00.830,4.705,100
2020-09-17 09:30:00.830,4.705,26800
2020-09-17 09:30:00.830,4.704,200
2020-09-17 09:30:00.830,4.703,3000
2020-09-17 09:30:00.830,4.703,100
2020-09-17 09:30:00.950,4.703,400
2020-09-17 09:30:00.950,4.703,5100
2020-09-17 09:30:00.950,4.703,10000
2020-09-17 09:30:01.200,4.704,200
2020-09-17 09:30:01.200,4.704,2000
2020-09-17 09:30:01.200,4.704,9800
2020-09-17 09:30:01.200,4.704,1700
2020-09-17 09:30:01.200,4.704,200
2020-09-17 09:30:01.320,4.704,1000
2020-09-17 09:30:01.320,4.704,1000
2020-09-17 09:30:01.460,4.704,2000
2020-09-17 09:30:01.460,4.704,2000
2020-09-17 09:30:01.460,4.704,3500
2020-09-17 09:30:01.460,4.704,1000
2020-09-17 09:30:01.460,4.704,5000
2020-09-17 09:30:01.460,4.704,12900
2020-09-17 09:30:01.570,4.708,600
2020-09-17 09:30:01.570,4.704,6600
2020-09-17 09:30:01.680,4.708,800
2020-09-17 09:30:01.680,4.704,4900
2020-09-17 09:30:01.920,4.704,1500
2020-09-17 09:30:01.920,4.704,900
2020-09-17 09:30:02.020,4.704,14000
2020-09-17 09:30:02.020,4.704,600
2020-09-17 09:30:02.150,4.704,2500
2020-09-17 09:30:02.150,4.704,5000
2020-09-17 09:30:02.150,4.704,100
2020-09-17 09:30:02.260,4.705,3000
2020-09-17 09:30:02.260,4.704,7000
2020-09-17 09:30:02.480,4.704,300
2020-09-17 09:30:02.650,4.705,100
2020-09-17 09:30:02.770,4.706,300
2020-09-17 09:30:02.770,4.707,34600
2020-09-17 09:30:02.770,4.708,3800
2020-09-17 09:30:02.770,4.708,11300
2020-09-17 09:30:02.910,4.705,3300
2020-09-17 09:30:03.130,4.707,4500
2020-09-17 09:30:03.130,4.708,5500
2020-09-17 09:30:03.240,4.705,2600
2020-09-17 09:30:03.240,4.705,1500
2020-09-17 09:30:03.240,4.705,600
2020-09-17 09:30:03.240,4.705,200
2020-09-17 09:30:03.240,4.705,100
2020-09-17 09:30:03.360,4.705,21600
2020-09-17 09:30:03.360,4.704,30700
2020-09-17 09:30:03.360,4.704,1000
2020-09-17 09:30:03.360,4.704,6700
2020-09-17 09:30:04.020,4.704,600
2020-09-17 09:30:04.530,4.704,3500
2020-09-17 09:30:04.780,4.708,1000
2020-09-17 09:30:05.190,4.704,1800
2020-09-17 09:30:05.190,4.704,2900
2020-09-17 09:30:05.280,4.704,5000
2020-09-17 09:30:06.970,4.708,100
2020-09-17 09:30:07.600,4.707,100
2020-09-17 09:30:07.600,4.705,7900
2020-09-17 09:30:08.320,4.708,100
2020-09-17 09:30:08.340,4.707,100
2020-09-17 09:30:08.340,4.706,3100
2020-09-17 09:30:10.240,4.707,100000
2020-09-17 09:30:10.990,4.708,11200
2020-09-17 09:30:12.430,4.706,300
2020-09-17 09:30:14.840,4.708,1000
2020-09-17 09:30:16.830,4.707,53000
2020-09-17 09:30:17.180,4.708,2000
2020-09-17 09:30:17.850,4.708,16800
2020-09-17 09:30:17.850,4.708,5000
2020-09-17 09:30:18.470,4.708,7900
2020-09-17 09:30:19.860,4.708,40000
2020-09-17 09:30:20.670,4.708,13200
2020-09-17 09:30:20.670,4.708,217100
2020-09-17 09:30:20.850,4.706,10000
2020-09-17 09:30:20.990,4.707,500
2020-09-17 09:30:23.300,4.707,100
2020-09-17 09:30:24.350,4.705,500
2020-09-17 09:30:24.350,4.704,15000
2020-09-17 09:30:24.350,4.704,5000
2020-09-17 09:30:24.350,4.704,5000
2020-09-17 09:30:24.350,4.704,200
2020-09-17 09:30:24.350,4.704,100
2020-09-17 09:30:24.350,4.704,100
2020-09-17 09:30:24.350,4.704,7300
2020-09-17 09:30:24.350,4.704,2000
2020-09-17 09:30:24.350,4.704,300
2020-09-17 09:30:24.350,4.704,100
2020-09-17 09:30:24.350,4.704,2000
2020-09-17 09:30:24.350,4.704,1000
2020-09-17 09:30:24.350,4.704,100
2020-09-17 09:30:24.350,4.704,200
2020-09-17 09:30:24.350,4.704,100
2020-09-17 09:30:24.350,4.704,100
2020-09-17 09:30:24.350,4.704,900
2020-09-17 09:30:24.460,4.707,5100
2020-09-17 09:30:25.230,4.707,2500
2020-09-17 09:30:25.510,4.707,700
2020-09-17 09:30:25.750,4.707,100
2020-09-17 09:30:26.360,4.707,500
2020-09-17 09:30:27.350,4.707,100
2020-09-17 09:30:27.920,4.705,200
2020-09-17 09:30:30.730,4.704,49100
2020-09-17 09:30:30.730,4.704,200
2020-09-17 09:30:30.730,4.704,500
2020-09-17 09:30:30.730,4.704,3000
2020-09-17 09:30:30.730,4.704,300
2020-09-17 09:30:30.730,4.704,100
2020-09-17 09:30:30.730,4.704,204300
2020-09-17 09:30:31.180,4.704,20000
2020-09-17 09:30:33.080,4.705,41200
2020-09-17 09:30:33.080,4.706,4300
2020-09-17 09:30:33.950,4.704,10300
2020-09-17 09:30:33.950,4.704,2400
2020-09-17 09:30:33.950,4.704,500
2020-09-17 09:30:33.950,4.704,1700
2020-09-17 09:30:33.950,4.704,50000
2020-09-17 09:30:33.950,4.704,7500
2020-09-17 09:30:33.950,4.704,2000
2020-09-17 09:30:33.950,4.704,100
2020-09-17 09:30:35.650,4.703,900
2020-09-17 09:30:35.650,4.703,100
2020-09-17 09:30:35.650,4.703,100
2020-09-17 09:30:35.650,4.703,300
2020-09-17 09:30:35.650,4.703,1000
2020-09-17 09:30:35.960,4.704,13500
2020-09-17 09:30:36.830,4.704,1500
2020-09-17 09:30:36.830,4.704,10000
2020-09-17 09:30:36.830,4.705,20000
2020-09-17 09:30:37.220,4.705,6600
2020-09-17 09:30:37.250,4.703,200
2020-09-17 09:30:37.250,4.703,1000
2020-09-17 09:30:37.250,4.703,5000
2020-09-17 09:30:37.250,4.703,300
2020-09-17 09:30:37.250,4.703,2500
2020-09-17 09:30:37.250,4.703,300
2020-09-17 09:30:37.250,4.703,100
2020-09-17 09:30:37.250,4.703,40600
2020-09-17 09:30:37.420,4.705,10000
2020-09-17 09:30:38.320,4.703,9400
2020-09-17 09:30:38.320,4.703,100
2020-09-17 09:30:38.320,4.703,500
2020-09-17 09:30:38.350,4.703,500
2020-09-17 09:30:38.350,4.703,400
2020-09-17 09:30:38.350,4.703,400
2020-09-17 09:30:38.350,4.703,1200
2020-09-17 09:30:39.370,4.704,63700
2020-09-17 09:30:40.520,4.703,41300
2020-09-17 09:30:40.520,4.703,3000
2020-09-17 09:30:40.520,4.703,10000
2020-09-17 09:30:40.520,4.703,7000
2020-09-17 09:30:40.520,4.703,15000
2020-09-17 09:30:40.520,4.703,100
2020-09-17 09:30:40.520,4.703,2000
2020-09-17 09:30:40.520,4.703,5000
2020-09-17 09:30:40.520,4.703,7600
2020-09-17 09:30:40.520,4.703,100
2020-09-17 09:30:40.520,4.703,1100
2020-09-17 09:30:40.520,4.703,1000
2020-09-17 09:30:40.520,4.703,1000
2020-09-17 09:30:40.520,4.703,10000
2020-09-17 09:30:40.520,4.703,9700
2020-09-17 09:30:40.520,4.703,1500
2020-09-17 09:30:40.520,4.703,10000
2020-09-17 09:30:40.520,4.703,20000
2020-09-17 09:30:40.520,4.703,27200
2020-09-17 09:30:41.470,4.703,150100
2020-09-17 09:30:42.000,4.703,1000
2020-09-17 09:30:42.030,4.703,2700
2020-09-17 09:30:42.640,4.703,1000
2020-09-17 09:30:43.420,4.703,100
2020-09-17 09:30:43.520,4.703,5000
2020-09-17 09:30:43.520,4.703,2900
2020-09-17 09:30:43.630,4.703,2000
2020-09-17 09:30:45.670,4.703,100
2020-09-17 09:30:45.990,4.703,300000
2020-09-17 09:30:46.390,4.703,22800
2020-09-17 09:30:46.410,4.702,6600
2020-09-17 09:30:46.410,4.702,200
2020-09-17 09:30:46.410,4.702,2000
2020-09-17 09:30:46.410,4.702,10000
2020-09-17 09:30:46.410,4.702,1200
2020-09-17 09:30:47.570,4.702,8000
2020-09-17 09:30:48.050,4.702,800
2020-09-17 09:30:48.050,4.702,3700
2020-09-17 09:30:48.080,4.703,2500
2020-09-17 09:30:48.980,4.702,100
2020-09-17 09:30:49.580,4.703,200
2020-09-17 09:30:49.690,4.703,10000
2020-09-17 09:30:51.110,4.702,200
2020-09-17 09:30:51.110,4.702,1000
2020-09-17 09:30:51.110,4.702,1000
2020-09-17 09:30:51.110,4.702,100
2020-09-17 09:30:51.110,4.702,500
2020-09-17 09:30:51.110,4.702,100
2020-09-17 09:30:51.110,4.702,5000
2020-09-17 09:30:51.110,4.702,100
2020-09-17 09:30:51.110,4.702,10200
2020-09-17 09:30:51.110,4.702,100
2020-09-17 09:30:51.110,4.702,100
2020-09-17 09:30:51.750,4.702,500
2020-09-17 09:30:52.170,4.702,5000
2020-09-17 09:30:53.310,4.702,3700
2020-09-17 09:30:53.840,4.702,42400
2020-09-17 09:30:53.840,4.702,4000
2020-09-17 09:30:53.840,4.702,1400
2020-09-17 09:30:53.840,4.703,102300
2020-09-17 09:30:56.560,4.703,5000
2020-09-17 09:30:56.700,4.702,500
2020-09-17 09:30:56.700,4.702,1000
2020-09-17 09:30:56.700,4.702,18500
2020-09-17 09:30:56.870,4.702,43100
2020-09-17 09:30:57.010,4.702,5000
2020-09-17 09:30:57.920,4.703,119700
2020-09-17 09:30:57.920,4.703,20000
2020-09-17 09:30:57.920,4.703,400
2020-09-17 09:30:57.920,4.704,4200
2020-09-17 09:30:57.920,4.704,600
2020-09-17 09:30:57.920,4.705,5200
2020-09-17 09:30:59.650,4.704,11300
2020-09-17 09:31:01.130,4.704,1600
2020-09-17 09:31:01.880,4.704,3500
2020-09-17 09:31:02.170,4.705,98200
2020-09-17 09:31:02.170,4.706,800
2020-09-17 09:31:02.170,4.706,1000
2020-09-17 09:31:02.170,4.706,1000
2020-09-17 09:31:02.170,4.706,49100
2020-09-17 09:31:02.810,4.706,5000
2020-09-17 09:31:03.000,4.706,300
2020-09-17 09:31:03.130,4.704,1000
2020-09-17 09:31:06.380,4.706,150100
2020-09-17 09:31:08.370,4.705,2900
2020-09-17 09:31:09.200,4.705,2800
2020-09-17 09:31:09.400,4.704,1000
2020-09-17 09:31:11.670,4.705,1100
2020-09-17 09:31:11.740,4.705,21400
2020-09-17 09:31:12.280,4.705,1000
2020-09-17 09:31:12.490,4.705,100
2020-09-17 09:31:13.630,4.705,10000
2020-09-17 09:31:14.550,4.705,500
2020-09-17 09:31:14.790,4.704,11600
2020-09-17 09:31:14.790,4.704,9300
2020-09-17 09:31:14.790,4.704,100
2020-09-17 09:31:14.790,4.704,500
2020-09-17 09:31:14.790,4.703,500
2020-09-17 09:31:14.790,4.703,5000
2020-09-17 09:31:14.790,4.703,400
2020-09-17 09:31:14.790,4.703,65400
2020-09-17 09:31:15.090,4.705,50000
2020-09-17 09:31:15.980,4.703,10600
2020-09-17 09:31:16.120,4.704,500
2020-09-17 09:31:16.200,4.704,100
2020-09-17 09:31:16.200,4.705,1000
2020-09-17 09:31:16.240,4.705,300
2020-09-17 09:31:16.490,4.705,100
2020-09-17 09:31:16.810,4.705,45500
2020-09-17 09:31:16.810,4.705,500
2020-09-17 09:31:16.810,4.705,100
2020-09-17 09:31:16.810,4.705,3900
2020-09-17 09:31:19.480,4.705,4500
2020-09-17 09:31:19.970,4.705,2200
2020-09-17 09:31:19.970,4.705,7800
2020-09-17 09:31:20.630,4.704,10000
2020-09-17 09:31:20.630,4.704,2100
2020-09-17 09:31:20.630,4.704,200
2020-09-17 09:31:20.630,4.704,500
2020-09-17 09:31:20.630,4.703,15300
2020-09-17 09:31:20.630,4.703,7300
2020-09-17 09:31:20.630,4.703,10000
2020-09-17 09:31:20.630,4.703,5000
2020-09-17 09:31:20.630,4.703,2000
2020-09-17 09:31:20.630,4.703,500
2020-09-17 09:31:21.720,4.703,4500
2020-09-17 09:31:21.720,4.703,2100
2020-09-17 09:31:21.720,4.703,1000
2020-09-17 09:31:21.720,4.703,9900
2020-09-17 09:31:21.880,4.704,42500
2020-09-17 09:31:21.880,4.704,113000
2020-09-17 09:31:22.280,4.704,100
2020-09-17 09:31:23.810,4.703,8900
2020-09-17 09:31:24.000,4.703,100
2020-09-17 09:31:24.180,4.703,100
2020-09-17 09:31:24.500,4.703,200
2020-09-17 09:31:24.500,4.702,20000
2020-09-17 09:31:24.500,4.702,200
2020-09-17 09:31:24.500,4.702,5000
2020-09-17 09:31:24.500,4.702,1000
2020-09-17 09:31:24.500,4.702,100
2020-09-17 09:31:24.500,4.702,1000
2020-09-17 09:31:24.500,4.702,14200
2020-09-17 09:31:24.500,4.702,200
2020-09-17 09:31:24.500,4.702,2000
2020-09-17 09:31:24.500,4.702,1100
2020-09-17 09:31:25.170,4.702,2000
2020-09-17 09:31:25.540,4.701,5000
2020-09-17 09:31:25.540,4.701,15000
2020-09-17 09:31:25.540,4.701,3000
2020-09-17 09:31:25.540,4.701,50000
2020-09-17 09:31:25.540,4.701,10000
2020-09-17 09:31:25.540,4.701,1000
2020-09-17 09:31:25.540,4.701,2300
2020-09-17 09:31:25.540,4.701,500
2020-09-17 09:31:25.540,4.701,3000
2020-09-17 09:31:25.540,4.701,10000
2020-09-17 09:31:25.540,4.701,1000
2020-09-17 09:31:25.540,4.701,2000
2020-09-17 09:31:25.540,4.701,10000
2020-09-17 09:31:25.540,4.701,6000
2020-09-17 09:31:25.540,4.701,3000
2020-09-17 09:31:25.540,4.701,3000
2020-09-17 09:31:25.540,4.701,50000
2020-09-17 09:31:25.540,4.701,25000
2020-09-17 09:31:25.540,4.701,10000
2020-09-17 09:31:25.540,4.701,200
2020-09-17 09:31:25.540,4.701,1000
2020-09-17 09:31:25.540,4.701,2000
2020-09-17 09:31:25.540,4.701,15300
2020-09-17 09:31:25.540,4.701,100
2020-09-17 09:31:25.540,4.701,4500
2020-09-17 09:31:26.200,4.7,100
2020-09-17 09:31:26.200,4.7,4000
2020-09-17 09:31:26.200,4.7,10000
2020-09-17 09:31:26.200,4.7,1000
2020-09-17 09:31:26.200,4.7,100
2020-09-17 09:31:26.200,4.7,200
2020-09-17 09:31:26.200,4.7,2500
2020-09-17 09:31:26.200,4.7,5300
2020-09-17 09:31:26.200,4.7,9100
2020-09-17 09:31:26.200,4.7,500
2020-09-17 09:31:26.200,4.7,10100
2020-09-17 09:31:26.200,4.7,2000
2020-09-17 09:31:26.200,4.7,500
2020-09-17 09:31:26.200,4.7,10000
2020-09-17 09:31:26.200,4.7,10000
2020-09-17 09:31:26.200,4.7,100
2020-09-17 09:31:26.200,4.7,10000
2020-09-17 09:31:26.200,4.7,500
2020-09-17 09:31:26.200,4.7,11400
2020-09-17 09:31:26.200,4.7,3000
2020-09-17 09:31:26.200,4.7,3000
2020-09-17 09:31:26.200,4.7,100
2020-09-17 09:31:26.200,4.7,200
2020-09-17 09:31:26.200,4.7,5000
2020-09-17 09:31:26.200,4.7,500
2020-09-17 09:31:26.200,4.7,2000
2020-09-17 09:31:26.200,4.7,100
2020-09-17 09:31:26.200,4.7,200
2020-09-17 09:31:26.200,4.7,2000
2020-09-17 09:31:26.200,4.7,2500
2020-09-17 09:31:26.200,4.7,2000
2020-09-17 09:31:26.200,4.7,100
2020-09-17 09:31:26.200,4.7,100
2020-09-17 09:31:26.200,4.7,600
2020-09-17 09:31:26.200,4.7,500
2020-09-17 09:31:26.200,4.7,20000
2020-09-17 09:31:26.200,4.7,2500
2020-09-17 09:31:26.200,4.7,50000
2020-09-17 09:31:26.200,4.7,300
2020-09-17 09:31:26.200,4.7,2000
2020-09-17 09:31:26.200,4.7,100
2020-09-17 09:31:26.200,4.7,100
2020-09-17 09:31:26.200,4.7,5000
2020-09-17 09:31:26.200,4.7,20000
2020-09-17 09:31:26.200,4.7,300
2020-09-17 09:31:26.200,4.7,500
2020-09-17 09:31:26.200,4.7,200
2020-09-17 09:31:26.200,4.7,300
2020-09-17 09:31:26.200,4.7,50000
2020-09-17 09:31:26.200,4.7,19900
2020-09-17 09:31:26.200,4.7,3000
2020-09-17 09:31:26.200,4.7,2000
2020-09-17 09:31:26.200,4.7,10000
2020-09-17 09:31:26.200,4.7,4500
2020-09-17 09:31:26.490,4.701,13400
2020-09-17 09:31:26.520,4.701,3000
2020-09-17 09:31:26.660,4.701,100
2020-09-17 09:31:26.920,4.7,35500
2020-09-17 09:31:26.920,4.7,6000
2020-09-17 09:31:26.920,4.7,13000
2020-09-17 09:31:26.920,4.7,1000
2020-09-17 09:31:26.920,4.7,300
2020-09-17 09:31:26.920,4.7,100
2020-09-17 09:31:26.920,4.7,100
2020-09-17 09:31:26.920,4.7,3900
2020-09-17 09:31:27.030,4.7,12900
2020-09-17 09:31:27.030,4.7,1000
2020-09-17 09:31:27.030,4.7,8000
2020-09-17 09:31:27.030,4.7,7700
2020-09-17 09:31:27.030,4.7,10000
2020-09-17 09:31:27.030,4.7,400
2020-09-17 09:31:27.030,4.7,500
2020-09-17 09:31:27.030,4.7,1000
2020-09-17 09:31:27.030,4.7,15000
2020-09-17 09:31:27.030,4.7,500
2020-09-17 09:31:27.030,4.7,10000
2020-09-17 09:31:27.030,4.7,5000
2020-09-17 09:31:27.030,4.7,2500
2020-09-17 09:31:27.030,4.7,500
2020-09-17 09:31:27.030,4.7,5000
2020-09-17 09:31:27.030,4.7,100
2020-09-17 09:31:27.030,4.7,30000
2020-09-17 09:31:27.030,4.7,1000
2020-09-17 09:31:27.030,4.7,10700
2020-09-17 09:31:27.030,4.7,5000
2020-09-17 09:31:27.030,4.7,4000
2020-09-17 09:31:27.030,4.7,2000
2020-09-17 09:31:27.030,4.7,2500
2020-09-17 09:31:27.030,4.7,1000
2020-09-17 09:31:27.030,4.7,1000
2020-09-17 09:31:27.030,4.7,100
2020-09-17 09:31:27.030,4.7,200
2020-09-17 09:31:27.030,4.7,5000
2020-09-17 09:31:27.030,4.7,1000
2020-09-17 09:31:27.030,4.7,300
2020-09-17 09:31:27.030,4.7,200
2020-09-17 09:31:27.030,4.7,200
2020-09-17 09:31:27.030,4.7,1000
2020-09-17 09:31:27.030,4.7,10000
2020-09-17 09:31:27.030,4.7,400
2020-09-17 09:31:27.030,4.7,1000
2020-09-17 09:31:27.030,4.7,11000
2020-09-17 09:31:27.030,4.7,200
2020-09-17 09:31:27.030,4.7,3000
2020-09-17 09:31:27.060,4.699,20000
2020-09-17 09:31:27.060,4.699,200
2020-09-17 09:31:27.060,4.699,700
2020-09-17 09:31:27.060,4.699,1000
2020-09-17 09:31:27.060,4.699,200
2020-09-17 09:31:27.060,4.699,200
2020-09-17 09:31:27.060,4.699,1000
2020-09-17 09:31:27.060,4.699,200
2020-09-17 09:31:27.060,4.699,50000
2020-09-17 09:31:27.060,4.699,5400
2020-09-17 09:31:27.060,4.699,5000
2020-09-17 09:31:27.550,4.699,1500
2020-09-17 09:31:27.670,4.699,2000
2020-09-17 09:31:27.930,4.699,10000
2020-09-17 09:31:28.890,4.699,100
2020-09-17 09:31:28.890,4.699,1000
2020-09-17 09:31:28.890,4.699,200
2020-09-17 09:31:28.890,4.699,100
2020-09-17 09:31:28.890,4.699,100
2020-09-17 09:31:28.890,4.699,100
2020-09-17 09:31:28.890,4.699,100
2020-09-17 09:31:28.890,4.699,100
2020-09-17 09:31:29.620,4.699,38200
2020-09-17 09:31:29.620,4.699,55500
2020-09-17 09:31:29.680,4.698,10000
2020-09-17 09:31:29.680,4.698,10000
2020-09-17 09:31:29.680,4.698,5000
2020-09-17 09:31:29.680,4.698,4200
2020-09-17 09:31:29.680,4.698,2000
2020-09-17 09:31:29.680,4.698,5000
2020-09-17 09:31:29.680,4.698,1000
2020-09-17 09:31:29.680,4.698,1000
2020-09-17 09:31:29.680,4.698,10000
2020-09-17 09:31:29.680,4.698,500
2020-09-17 09:31:29.680,4.698,100
2020-09-17 09:31:29.680,4.698,200
2020-09-17 09:31:29.680,4.698,1000
2020-09-17 09:31:29.680,4.698,1000
2020-09-17 09:31:29.680,4.698,5000
2020-09-17 09:31:29.680,4.698,3000
2020-09-17 09:31:29.710,4.698,100
2020-09-17 09:31:29.930,4.698,100
2020-09-17 09:31:30.090,4.698,45400
2020-09-17 09:31:31.130,4.698,2000
2020-09-17 09:31:31.180,4.698,5000
2020-09-17 09:31:31.240,4.698,500
2020-09-17 09:31:31.240,4.698,2000
2020-09-17 09:31:31.380,4.698,200
2020-09-17 09:31:31.430,4.697,4000
2020-09-17 09:31:31.880,4.698,400
2020-09-17 09:31:32.210,4.698,100
2020-09-17 09:31:32.430,4.698,150100
2020-09-17 09:31:32.710,4.698,15000
2020-09-17 09:31:32.820,4.698,600
2020-09-17 09:31:33.430,4.697,1000
2020-09-17 09:31:33.430,4.697,2100
2020-09-17 09:31:33.430,4.697,800
2020-09-17 09:31:33.430,4.697,200
2020-09-17 09:31:33.430,4.697,3400
2020-09-17 09:31:33.590,4.698,4000
2020-09-17 09:31:33.790,4.698,100
2020-09-17 09:31:34.070,4.698,2200
2020-09-17 09:31:34.310,4.698,200
2020-09-17 09:31:34.330,4.698,1000
2020-09-17 09:31:34.390,4.698,100
2020-09-17 09:31:34.690,4.698,45300
2020-09-17 09:31:34.690,4.698,100
2020-09-17 09:31:34.690,4.698,250600
2020-09-17 09:31:35.010,4.698,56800
2020-09-17 09:31:35.010,4.698,5100
2020-09-17 09:31:35.260,4.698,400
2020-09-17 09:31:36.120,4.701,10000
2020-09-17 09:31:38.930,4.702,1500
2020-09-17 09:31:40.840,4.702,2000
2020-09-17 09:31:42.860,4.702,1600
2020-09-17 09:31:42.860,4.702,42500
2020-09-17 09:31:43.920,4.701,1400
2020-09-17 09:31:43.920,4.7,1000
2020-09-17 09:31:43.920,4.699,3000
2020-09-17 09:31:43.920,4.699,2000
2020-09-17 09:31:43.920,4.698,100
2020-09-17 09:31:43.920,4.698,15100
2020-09-17 09:31:44.710,4.699,5000
2020-09-17 09:31:45.020,4.699,900
2020-09-17 09:31:45.020,4.699,400
2020-09-17 09:31:45.210,4.7,100
2020-09-17 09:31:47.110,4.7,10000
2020-09-17 09:31:47.310,4.7,7300
2020-09-17 09:31:47.380,4.703,135000
2020-09-17 09:31:48.910,4.7,10000
2020-09-17 09:31:49.300,4.7,2700
2020-09-17 09:31:49.300,4.699,800
2020-09-17 09:31:49.300,4.699,800
2020-09-17 09:31:51.180,4.702,4000
2020-09-17 09:31:52.210,4.702,4000
2020-09-17 09:31:52.990,4.702,500
2020-09-17 09:31:53.860,4.702,1500
2020-09-17 09:31:53.860,4.702,100
2020-09-17 09:31:53.860,4.702,2200
2020-09-17 09:31:53.860,4.701,1200
2020-09-17 09:31:55.590,4.702,1400
2020-09-17 09:31:56.020,4.702,1000
2020-09-17 09:31:57.460,4.702,200
2020-09-17 09:31:57.670,4.702,3000
2020-09-17 09:31:57.950,4.702,100
2020-09-17 09:31:58.150,4.701,1100
2020-09-17 09:31:59.210,4.701,200000
2020-09-17 09:31:59.960,4.701,20000
2020-09-17 09:32:00.190,4.702,5000
2020-09-17 09:32:01.650,4.701,600
2020-09-17 09:32:02.070,4.701,2300
2020-09-17 09:32:02.350,4.701,52900
2020-09-17 09:32:02.750,4.702,100
2020-09-17 09:32:03.240,4.701,21900
2020-09-17 09:32:03.240,4.701,5900
2020-09-17 09:32:03.240,4.7,4500
2020-09-17 09:32:03.240,4.7,100
2020-09-17 09:32:03.240,4.7,30000
2020-09-17 09:32:03.240,4.7,1500
2020-09-17 09:32:03.240,4.7,14200
2020-09-17 09:32:04.110,4.702,1200
2020-09-17 09:32:04.990,4.7,27500
2020-09-17 09:32:07.360,4.701,1000
2020-09-17 09:32:09.400,4.701,100
2020-09-17 09:32:09.820,4.701,300
2020-09-17 09:32:10.940,4.701,5000
2020-09-17 09:32:11.020,4.701,3600
2020-09-17 09:32:11.020,4.701,600
2020-09-17 09:32:11.920,4.701,100
2020-09-17 09:32:12.670,4.7,1000
2020-09-17 09:32:13.440,4.7,100
2020-09-17 09:32:15.350,4.7,10400
2020-09-17 09:32:15.710,4.701,700
2020-09-17 09:32:17.070,4.701,10000
2020-09-17 09:32:17.380,4.7,3200
2020-09-17 09:32:17.440,4.701,16300
2020-09-17 09:32:17.440,4.701,20000
2020-09-17 09:32:17.440,4.701,200
2020-09-17 09:32:17.440,4.701,100
2020-09-17 09:32:17.880,4.701,5900
2020-09-17 09:32:17.880,4.7,34900
2020-09-17 09:32:17.880,4.7,500
2020-09-17 09:32:17.880,4.7,100
2020-09-17 09:32:17.880,4.7,2000
2020-09-17 09:32:17.880,4.7,200
2020-09-17 09:32:17.880,4.7,600
2020-09-17 09:32:17.880,4.7,500
2020-09-17 09:32:17.880,4.7,100
2020-09-17 09:32:17.880,4.7,20000
2020-09-17 09:32:17.880,4.7,1000
2020-09-17 09:32:17.880,4.7,100
2020-09-17 09:32:17.880,4.7,2000
2020-09-17 09:32:17.880,4.7,3000
2020-09-17 09:32:17.880,4.7,19000
2020-09-17 09:32:17.980,4.7,8400
2020-09-17 09:32:17.980,4.7,1100
2020-09-17 09:32:17.980,4.7,2000
2020-09-17 09:32:17.980,4.699,2200
2020-09-17 09:32:19.620,4.701,1000
2020-09-17 09:32:20.110,4.7,300
2020-09-17 09:32:20.110,4.7,500
2020-09-17 09:32:20.110,4.7,100
2020-09-17 09:32:20.110,4.7,5000
2020-09-17 09:32:23.060,4.7,5000
2020-09-17 09:32:24.270,4.699,3700
2020-09-17 09:32:24.270,4.699,6900
2020-09-17 09:32:24.270,4.699,100
2020-09-17 09:32:24.270,4.699,30000
2020-09-17 09:32:24.270,4.699,50000
2020-09-17 09:32:24.270,4.699,9300
2020-09-17 09:32:24.760,4.699,5700
2020-09-17 09:32:24.760,4.699,5100
2020-09-17 09:32:24.760,4.699,1500
2020-09-17 09:32:24.760,4.699,5000
2020-09-17 09:32:24.760,4.699,100
2020-09-17 09:32:24.760,4.699,8800
2020-09-17 09:32:24.760,4.699,500
2020-09-17 09:32:24.760,4.699,1000
2020-09-17 09:32:24.760,4.699,1000
2020-09-17 09:32:24.760,4.698,100
2020-09-17 09:32:24.760,4.698,200
2020-09-17 09:32:24.760,4.698,1500
2020-09-17 09:32:24.760,4.698,2000
2020-09-17 09:32:24.760,4.698,5000
2020-09-17 09:32:24.760,4.698,200
2020-09-17 09:32:24.760,4.698,3000
2020-09-17 09:32:24.760,4.698,22500
2020-09-17 09:32:25.680,4.7,400
2020-09-17 09:32:25.950,4.699,100
2020-09-17 09:32:28.120,4.699,2000
2020-09-17 09:32:28.200,4.698,2500
2020-09-17 09:32:28.200,4.698,10000
2020-09-17 09:32:28.200,4.698,400
2020-09-17 09:32:28.200,4.698,13200
2020-09-17 09:32:28.200,4.698,6000
2020-09-17 09:32:28.530,4.699,100
2020-09-17 09:32:28.800,4.699,1400
2020-09-17 09:32:28.800,4.699,100
2020-09-17 09:32:28.800,4.699,3300
2020-09-17 09:32:29.470,4.699,100
2020-09-17 09:32:29.530,4.699,100
2020-09-17 09:32:29.810,4.699,1000
2020-09-17 09:32:30.020,4.699,1100
2020-09-17 09:32:30.020,4.698,4000
2020-09-17 09:32:30.020,4.698,10000
2020-09-17 09:32:30.020,4.698,200
2020-09-17 09:32:30.020,4.698,250000
2020-09-17 09:32:30.020,4.698,3000
2020-09-17 09:32:30.020,4.698,32700
2020-09-17 09:32:30.550,4.699,100
2020-09-17 09:32:30.980,4.699,400
2020-09-17 09:32:31.270,4.699,100
2020-09-17 09:32:31.380,4.698,100
2020-09-17 09:32:32.260,4.698,12700
2020-09-17 09:32:32.400,4.698,4500
2020-09-17 09:32:32.400,4.698,500
2020-09-17 09:32:32.400,4.698,700
2020-09-17 09:32:33.490,4.699,1200
2020-09-17 09:32:33.680,4.699,200
2020-09-17 09:32:33.860,4.699,500
2020-09-17 09:32:34.700,4.698,12500
2020-09-17 09:32:34.700,4.698,19400
2020-09-17 09:32:34.760,4.699,3000
2020-09-17 09:32:34.870,4.699,200
2020-09-17 09:32:35.860,4.699,12000
2020-09-17 09:32:36.710,4.699,100
2020-09-17 09:32:36.820,4.698,1000
2020-09-17 09:32:37.600,4.699,100
2020-09-17 09:32:38.020,4.699,2500
2020-09-17 09:32:38.760,4.699,600
2020-09-17 09:32:38.870,4.699,500
2020-09-17 09:32:39.310,4.699,2000
2020-09-17 09:32:39.800,4.698,2000
2020-09-17 09:32:40.330,4.699,100
2020-09-17 09:32:40.510,4.699,9300
2020-09-17 09:32:40.710,4.699,19500
2020-09-17 09:32:40.710,4.699,400
2020-09-17 09:32:40.900,4.7,20000
2020-09-17 09:32:44.630,4.699,100
2020-09-17 09:32:44.630,4.699,3900
2020-09-17 09:32:45.320,4.699,500
2020-09-17 09:32:46.920,4.7,100
2020-09-17 09:32:47.600,4.699,5000
2020-09-17 09:32:47.920,4.699,5000
2020-09-17 09:32:48.490,4.7,300
2020-09-17 09:32:49.960,4.7,20000
2020-09-17 09:32:50.830,4.7,48300
2020-09-17 09:32:50.830,4.7,50000
2020-09-17 09:32:50.830,4.7,2000
2020-09-17 09:32:50.830,4.7,1000
2020-09-17 09:32:52.600,4.7,100000
2020-09-17 09:32:53.070,4.7,16800
2020-09-17 09:32:53.550,4.7,43200
2020-09-17 09:32:53.570,4.7,1200
2020-09-17 09:32:54.050,4.701,15500
2020-09-17 09:32:54.210,4.7,800
2020-09-17 09:32:56.440,4.701,30000
2020-09-17 09:32:56.950,4.701,3500
2020-09-17 09:32:56.950,4.701,5000
2020-09-17 09:32:56.950,4.701,200000
2020-09-17 09:32:58.160,4.701,20000
2020-09-17 09:32:59.910,4.702,300
2020-09-17 09:32:59.910,4.702,400
2020-09-17 09:32:59.910,4.703,8300
2020-09-17 09:32:59.910,4.703,30000
2020-09-17 09:32:59.910,4.703,1000
2020-09-17 09:33:01.630,4.701,40000
2020-09-17 09:33:03.030,4.701,700
2020-09-17 09:33:03.870,4.701,10000
2020-09-17 09:33:03.980,4.702,6000
2020-09-17 09:33:04.210,4.701,16800
2020-09-17 09:33:04.210,4.701,100000
2020-09-17 09:33:04.210,4.701,2000
2020-09-17 09:33:04.210,4.701,400
2020-09-17 09:33:04.260,4.701,2500
2020-09-17 09:33:05.020,4.701,5000
2020-09-17 09:33:05.080,4.7,1000
2020-09-17 09:33:05.500,4.7,30200
2020-09-17 09:33:06.010,4.7,300000
2020-09-17 09:33:06.860,4.701,160600
2020-09-17 09:33:07.020,4.7,52900
2020-09-17 09:33:07.340,4.701,12700
2020-09-17 09:33:07.340,4.701,8000
2020-09-17 09:33:07.340,4.701,9300
2020-09-17 09:33:08.170,4.701,7700
2020-09-17 09:33:08.580,4.701,38200
2020-09-17 09:33:09.070,4.701,44800
2020-09-17 09:33:09.070,4.701,6900
2020-09-17 09:33:09.070,4.701,300
2020-09-17 09:33:09.070,4.701,1000
2020-09-17 09:33:09.070,4.702,14000
2020-09-17 09:33:09.070,4.702,20000
2020-09-17 09:33:09.070,4.702,20000
2020-09-17 09:33:09.070,4.703,199000
2020-09-17 09:33:09.070,4.703,10000
2020-09-17 09:33:09.070,4.703,300000
2020-09-17 09:33:09.070,4.703,100
2020-09-17 09:33:09.670,4.701,100
2020-09-17 09:33:09.950,4.701,100
2020-09-17 09:33:10.190,4.701,2900
2020-09-17 09:33:11.360,4.701,1100
2020-09-17 09:33:12.060,4.702,30000
2020-09-17 09:33:12.840,4.702,5000
2020-09-17 09:33:15.010,4.702,7000
2020-09-17 09:33:15.010,4.701,100
2020-09-17 09:33:15.010,4.701,1000
2020-09-17 09:33:15.010,4.701,1000
2020-09-17 09:33:15.010,4.701,100
2020-09-17 09:33:15.010,4.701,800
2020-09-17 09:33:15.860,4.703,900
2020-09-17 09:33:15.860,4.703,9100
2020-09-17 09:33:15.990,4.702,200
2020-09-17 09:33:18.810,4.703,200
2020-09-17 09:33:21.270,4.702,900
2020-09-17 09:33:21.870,4.702,5900
2020-09-17 09:33:21.870,4.702,600
2020-09-17 09:33:21.870,4.701,2200
2020-09-17 09:33:21.870,4.701,1100
2020-09-17 09:33:21.870,4.701,1500
2020-09-17 09:33:21.870,4.701,4000
2020-09-17 09:33:21.870,4.701,2000
2020-09-17 09:33:21.870,4.701,2700
2020-09-17 09:33:22.210,4.703,1000
2020-09-17 09:33:22.260,4.703,10000
2020-09-17 09:33:23.110,4.701,900
2020-09-17 09:33:24.280,4.702,2500
2020-09-17 09:33:24.280,4.703,20200
2020-09-17 09:33:24.720,4.702,200
2020-09-17 09:33:24.720,4.701,500
2020-09-17 09:33:25.420,4.702,100
2020-09-17 09:33:26.290,4.702,2100
2020-09-17 09:33:26.340,4.702,1800
2020-09-17 09:33:26.340,4.702,700
2020-09-17 09:33:26.950,4.702,2500
2020-09-17 09:33:26.950,4.702,2500
2020-09-17 09:33:28.390,4.702,47500
2020-09-17 09:33:28.390,4.702,2000
2020-09-17 09:33:29.110,4.702,100
2020-09-17 09:33:31.610,4.702,200
2020-09-17 09:33:32.050,4.702,150200
2020-09-17 09:33:32.050,4.703,149800
2020-09-17 09:33:33.380,4.702,34700
2020-09-17 09:33:33.950,4.703,300000
2020-09-17 09:33:35.020,4.702,4200
2020-09-17 09:33:37.500,4.703,300000
2020-09-17 09:33:38.250,4.703,2000
2020-09-17 09:33:38.330,4.703,2000
2020-09-17 09:33:39.400,4.703,1000
2020-09-17 09:33:39.770,4.703,100000
2020-09-17 09:33:39.850,4.703,15000
2020-09-17 09:33:39.850,4.703,2700
2020-09-17 09:33:39.850,4.703,3100
2020-09-17 09:33:39.850,4.703,20000
2020-09-17 09:33:39.850,4.703,100
2020-09-17 09:33:41.060,4.704,1000
2020-09-17 09:33:41.060,4.704,19000
2020-09-17 09:33:42.180,4.704,1000
2020-09-17 09:33:42.710,4.703,6800
2020-09-17 09:33:45.920,4.704,2200
2020-09-17 09:33:46.030,4.704,1200
2020-09-17 09:33:46.260,4.704,26400
2020-09-17 09:33:48.560,4.703,4000
2020-09-17 09:33:48.560,4.703,16000
2020-09-17 09:33:49.370,4.704,1600
2020-09-17 09:33:49.710,4.704,5000
2020-09-17 09:33:49.890,4.703,217000
2020-09-17 09:33:49.890,4.703,2200
2020-09-17 09:33:49.890,4.703,200
2020-09-17 09:33:49.890,4.703,28700
2020-09-17 09:33:49.890,4.703,1000
2020-09-17 09:33:50.410,4.703,400
2020-09-17 09:33:51.850,4.703,500
2020-09-17 09:33:52.040,4.703,1000
2020-09-17 09:33:52.660,4.703,42300
2020-09-17 09:33:53.990,4.703,3900
2020-09-17 09:33:54.090,4.703,2800
2020-09-17 09:33:54.090,4.703,5000
2020-09-17 09:33:54.090,4.704,2200
2020-09-17 09:33:54.310,4.704,100
2020-09-17 09:33:54.620,4.704,900
2020-09-17 09:33:54.620,4.704,4100
2020-09-17 09:33:54.700,4.704,100
2020-09-17 09:33:55.440,4.703,200
2020-09-17 09:33:55.440,4.703,2000
2020-09-17 09:33:56.310,4.703,2000
2020-09-17 09:33:57.240,4.703,100
2020-09-17 09:33:57.700,4.703,700
2020-09-17 09:33:57.700,4.704,100
2020-09-17 09:33:58.240,4.703,300
2020-09-17 09:33:58.240,4.703,700
2020-09-17 09:33:59.140,4.703,2500
2020-09-17 09:33:59.140,4.703,500
2020-09-17 09:33:59.880,4.703,700
2020-09-17 09:34:00.340,4.703,500
2020-09-17 09:34:00.340,4.703,2500
2020-09-17 09:34:00.610,4.703,200
2020-09-17 09:34:03.230,4.703,2300
2020-09-17 09:34:04.010,4.703,500
2020-09-17 09:34:04.090,4.703,7200
2020-09-17 09:34:04.920,4.703,2800
2020-09-17 09:34:04.920,4.703,2200
2020-09-17 09:34:04.920,4.703,1000
2020-09-17 09:34:04.920,4.703,2000
2020-09-17 09:34:04.920,4.702,3000
2020-09-17 09:34:04.920,4.702,3600
2020-09-17 09:34:04.920,4.702,3600
2020-09-17 09:34:04.920,4.702,2300
2020-09-17 09:34:04.920,4.702,4000
2020-09-17 09:34:04.920,4.702,100
2020-09-17 09:34:04.920,4.702,5000
2020-09-17 09:34:04.920,4.702,100
2020-09-17 09:34:04.920,4.702,1000
2020-09-17 09:34:04.920,4.702,300
2020-09-17 09:34:07.920,4.704,1000
2020-09-17 09:34:08.220,4.704,2200
2020-09-17 09:34:10.010,4.704,100
2020-09-17 09:34:10.010,4.704,1700
2020-09-17 09:34:10.010,4.704,8300
2020-09-17 09:34:10.400,4.704,20000
2020-09-17 09:34:11.300,4.703,1100
2020-09-17 09:34:13.330,4.704,1700
2020-09-17 09:34:13.330,4.705,500
2020-09-17 09:34:13.330,4.705,1000
2020-09-17 09:34:13.330,4.705,6800
2020-09-17 09:34:17.900,4.703,1400
2020-09-17 09:34:17.900,4.703,4200
2020-09-17 09:34:17.900,4.703,2000
2020-09-17 09:34:17.900,4.703,7000
2020-09-17 09:34:17.900,4.703,5000
2020-09-17 09:34:17.900,4.703,34900
2020-09-17 09:34:19.480,4.704,200
2020-09-17 09:34:19.780,4.704,19900
2020-09-17 09:34:19.780,4.704,1000
2020-09-17 09:34:21.750,4.704,20000
2020-09-17 09:34:22.260,4.704,100
2020-09-17 09:34:22.690,4.704,400
2020-09-17 09:34:22.860,4.704,100
2020-09-17 09:34:23.310,4.703,700
2020-09-17 09:34:24.320,4.703,1000
2020-09-17 09:34:24.680,4.704,100
2020-09-17 09:34:25.650,4.704,6400
2020-09-17 09:34:25.650,4.704,900
2020-09-17 09:34:25.650,4.704,56900
2020-09-17 09:34:27.840,4.704,5000
2020-09-17 09:34:29.230,4.704,500
2020-09-17 09:34:29.500,4.704,300
2020-09-17 09:34:29.720,4.703,25900
2020-09-17 09:34:29.720,4.703,5000
2020-09-17 09:34:29.720,4.703,17600
2020-09-17 09:34:29.720,4.703,700
2020-09-17 09:34:29.720,4.703,3000
2020-09-17 09:34:29.720,4.703,500
2020-09-17 09:34:29.720,4.703,1000
2020-09-17 09:34:29.720,4.703,5000
2020-09-17 09:34:29.720,4.703,18400
2020-09-17 09:34:29.890,4.703,100
2020-09-17 09:34:31.050,4.703,5000
2020-09-17 09:34:32.010,4.703,1000
2020-09-17 09:34:33.370,4.703,1000
2020-09-17 09:34:34.410,4.703,100
2020-09-17 09:34:35.420,4.703,500
2020-09-17 09:34:38.680,4.702,8500
2020-09-17 09:34:38.680,4.702,5000
2020-09-17 09:34:38.680,4.702,36500
2020-09-17 09:34:39.050,4.702,9100
2020-09-17 09:34:39.670,4.703,1000
2020-09-17 09:34:39.670,4.703,2000
2020-09-17 09:34:39.970,4.703,3500
2020-09-17 09:34:43.970,4.703,2400
2020-09-17 09:34:44.070,4.703,100
2020-09-17 09:34:44.840,4.702,27500
2020-09-17 09:34:46.660,4.703,1000
2020-09-17 09:34:46.770,4.703,5000
2020-09-17 09:34:47.330,4.703,6000
2020-09-17 09:34:47.730,4.703,300
2020-09-17 09:34:47.730,4.703,1600
2020-09-17 09:34:48.190,4.703,5000
2020-09-17 09:34:48.590,4.703,100
2020-09-17 09:34:48.940,4.702,8900
2020-09-17 09:34:48.940,4.702,2000
2020-09-17 09:34:48.940,4.702,1900
2020-09-17 09:34:48.940,4.702,500
2020-09-17 09:34:48.940,4.702,14700
2020-09-17 09:34:51.460,4.702,5300
2020-09-17 09:34:51.460,4.702,1000
2020-09-17 09:34:51.460,4.702,10000
2020-09-17 09:34:51.460,4.702,100
2020-09-17 09:34:51.460,4.702,20000
2020-09-17 09:34:51.570,4.702,200
2020-09-17 09:34:51.680,4.702,200
2020-09-17 09:34:52.720,4.702,500
2020-09-17 09:34:55.470,4.702,500
2020-09-17 09:34:56.320,4.702,100
2020-09-17 09:34:56.600,4.702,100
2020-09-17 09:34:57.030,4.702,200
2020-09-17 09:34:58.500,4.702,200
2020-09-17 09:34:58.990,4.701,3900
2020-09-17 09:34:58.990,4.701,1400
2020-09-17 09:34:58.990,4.701,14700
2020-09-17 09:34:59.010,4.702,38000
2020-09-17 09:34:59.010,4.702,20000
2020-09-17 09:34:59.010,4.702,2500
2020-09-17 09:34:59.010,4.702,200
2020-09-17 09:34:59.010,4.703,13100
2020-09-17 09:35:00.560,4.702,100
2020-09-17 09:35:00.890,4.702,1900
2020-09-17 09:35:00.890,4.703,8700
2020-09-17 09:35:05.030,4.703,800
2020-09-17 09:35:05.390,4.702,100
2020-09-17 09:35:05.460,4.702,500
2020-09-17 09:35:07.290,4.702,300
2020-09-17 09:35:07.420,4.702,100
2020-09-17 09:35:07.420,4.702,4900
2020-09-17 09:35:11.460,4.702,200
2020-09-17 09:35:11.930,4.702,2000
2020-09-17 09:35:12.150,4.702,100
2020-09-17 09:35:13.920,4.702,10000
2020-09-17 09:35:15.120,4.702,2800
2020-09-17 09:35:15.120,4.702,100
2020-09-17 09:35:15.120,4.702,4000
2020-09-17 09:35:16.800,4.702,100
2020-09-17 09:35:19.230,4.702,900
2020-09-17 09:35:20.360,4.702,20000
2020-09-17 09:35:20.810,4.703,600
2020-09-17 09:35:22.060,4.702,30000
2020-09-17 09:35:22.990,4.703,2200
2020-09-17 09:35:26.230,4.702,4100
2020-09-17 09:35:26.230,4.702,20000
2020-09-17 09:35:26.230,4.703,100
2020-09-17 09:35:29.200,4.703,3000
2020-09-17 09:35:29.320,4.702,200
2020-09-17 09:35:31.110,4.702,200
2020-09-17 09:35:31.220,4.702,10000
2020-09-17 09:35:31.830,4.702,260200
2020-09-17 09:35:31.830,4.702,1000
2020-09-17 09:35:31.830,4.702,8700
2020-09-17 09:35:31.830,4.702,100
2020-09-17 09:35:31.830,4.702,100
2020-09-17 09:35:31.830,4.702,2000
2020-09-17 09:35:31.830,4.702,2000
2020-09-17 09:35:32.380,4.702,20000
2020-09-17 09:35:33.270,4.701,8400
2020-09-17 09:35:33.270,4.701,8400
2020-09-17 09:35:33.400,4.702,5000
2020-09-17 09:35:34.050,4.702,200
2020-09-17 09:35:34.770,4.701,8400
2020-09-17 09:35:34.770,4.701,8400
2020-09-17 09:35:35.560,4.702,200
2020-09-17 09:35:35.820,4.702,100
2020-09-17 09:35:36.360,4.701,2000
2020-09-17 09:35:36.360,4.701,1000
2020-09-17 09:35:36.360,4.701,100
2020-09-17 09:35:36.360,4.701,5000
2020-09-17 09:35:36.360,4.701,300
2020-09-17 09:35:36.470,4.702,400
2020-09-17 09:35:36.470,4.702,2600
2020-09-17 09:35:37.420,4.702,500
2020-09-17 09:35:37.830,4.702,15900
2020-09-17 09:35:38.030,4.701,6700
2020-09-17 09:35:38.030,4.701,1700
2020-09-17 09:35:38.240,4.701,8300
2020-09-17 09:35:38.240,4.701,1700
2020-09-17 09:35:38.930,4.702,8700
2020-09-17 09:35:39.030,4.702,1000
2020-09-17 09:35:39.140,4.701,41
2020-09-17 09:35:39.540,4.702,21300
2020-09-17 09:35:39.540,4.702,18700
2020-09-17 09:35:40.240,4.701,3259
2020-09-17 09:35:40.240,4.701,300
2020-09-17 09:35:40.240,4.701,1441
2020-09-17 09:35:41.230,4.702,500
2020-09-17 09:35:41.560,4.701,1559
2020-09-17 09:35:41.560,4.701,1000
2020-09-17 09:35:41.560,4.701,100
2020-09-17 09:35:41.560,4.701,2341
2020-09-17 09:35:41.640,4.702,100
2020-09-17 09:35:42.560,4.702,500
2020-09-17 09:35:42.690,4.702,400
2020-09-17 09:35:44.020,4.702,4000
2020-09-17 09:35:44.020,4.702,300
2020-09-17 09:35:44.020,4.702,15000
2020-09-17 09:35:44.020,4.702,20700
2020-09-17 09:35:44.380,4.701,100
2020-09-17 09:35:45.490,4.702,2000
2020-09-17 09:35:48.610,4.702,300
2020-09-17 09:35:48.610,4.702,2700
2020-09-17 09:35:48.660,4.702,2300
2020-09-17 09:35:48.660,4.702,2700
2020-09-17 09:35:50.670,4.702,300
2020-09-17 09:35:51.190,4.701,200
2020-09-17 09:35:52.170,4.702,7100
2020-09-17 09:35:52.450,4.702,2200
2020-09-17 09:35:53.320,4.702,5000
2020-09-17 09:35:54.570,4.702,1000
2020-09-17 09:35:58.170,4.701,1000
2020-09-17 09:36:01.300,4.702,200
2020-09-17 09:36:02.910,4.701,100
2020-09-17 09:36:02.990,4.702,100
2020-09-17 09:36:03.410,4.701,3000
2020-09-17 09:36:03.730,4.702,100
2020-09-17 09:36:04.210,4.701,3000
2020-09-17 09:36:05.530,4.702,100
2020-09-17 09:36:05.690,4.701,1400
2020-09-17 09:36:06.030,4.702,1000
2020-09-17 09:36:06.330,4.702,4000
2020-09-17 09:36:06.700,4.702,24900
2020-09-17 09:36:06.700,4.702,100
2020-09-17 09:36:07.180,4.702,1200
2020-09-17 09:36:07.180,4.702,800
2020-09-17 09:36:07.410,4.702,2400
2020-09-17 09:36:07.410,4.702,7600
2020-09-17 09:36:07.650,4.702,118700
2020-09-17 09:36:08.480,4.701,8859
2020-09-17 09:36:08.480,4.701,20000
2020-09-17 09:36:08.480,4.701,5000
2020-09-17 09:36:08.480,4.701,3000
2020-09-17 09:36:08.480,4.701,6700
2020-09-17 09:36:08.480,4.701,6441
2020-09-17 09:36:11.960,4.702,200
2020-09-17 09:36:13.740,4.702,600
2020-09-17 09:36:14.330,4.702,23000
2020-09-17 09:36:15.130,4.701,100
2020-09-17 09:36:18.120,4.702,200
2020-09-17 09:36:18.740,4.702,100
2020-09-17 09:36:20.010,4.701,800
2020-09-17 09:36:21.000,4.702,2200
2020-09-17 09:36:22.410,4.702,100
2020-09-17 09:36:22.900,4.701,800
2020-09-17 09:36:23.150,4.702,100
2020-09-17 09:36:23.420,4.702,100
2020-09-17 09:36:23.790,4.702,3000
2020-09-17 09:36:25.360,4.702,100
2020-09-17 09:36:25.830,4.702,14000
2020-09-17 09:36:26.030,4.701,11859
2020-09-17 09:36:26.030,4.701,3000
2020-09-17 09:36:26.030,4.701,100
2020-09-17 09:36:26.030,4.701,20000
2020-09-17 09:36:26.030,4.701,229441
2020-09-17 09:36:26.550,4.702,4000
2020-09-17 09:36:27.280,4.702,900
2020-09-17 09:36:27.860,4.702,2000
2020-09-17 09:36:29.890,4.702,9200
2020-09-17 09:36:29.890,4.702,200
2020-09-17 09:36:29.890,4.702,1500
2020-09-17 09:36:29.890,4.702,19100
2020-09-17 09:36:30.050,4.702,100
2020-09-17 09:36:30.550,4.702,400
2020-09-17 09:36:32.100,4.701,1300
2020-09-17 09:36:33.740,4.702,400
2020-09-17 09:36:33.740,4.702,1600
2020-09-17 09:36:34.030,4.701,700
2020-09-17 09:36:34.790,4.701,2400
2020-09-17 09:36:35.100,4.701,5000
2020-09-17 09:36:36.370,4.702,100
2020-09-17 09:36:36.480,4.702,1000
2020-09-17 09:36:37.890,4.701,10700
2020-09-17 09:36:38.940,4.702,1000
2020-09-17 09:36:39.040,4.701,10000
2020-09-17 09:36:39.170,4.701,1100
2020-09-17 09:36:39.240,4.702,1500
2020-09-17 09:36:39.240,4.702,1000
2020-09-17 09:36:39.240,4.702,2500
2020-09-17 09:36:40.610,4.701,10000
2020-09-17 09:36:41.230,4.702,100
2020-09-17 09:36:41.230,4.702,100
2020-09-17 09:36:41.230,4.702,100
2020-09-17 09:36:41.230,4.702,100
2020-09-17 09:36:41.230,4.702,100
2020-09-17 09:36:41.270,4.702,100
2020-09-17 09:36:41.270,4.702,100
2020-09-17 09:36:41.270,4.702,100
2020-09-17 09:36:41.270,4.702,100
2020-09-17 09:36:41.270,4.702,100
2020-09-17 09:36:41.270,4.702,100
2020-09-17 09:36:41.270,4.702,100
2020-09-17 09:36:41.270,4.702,100
2020-09-17 09:36:41.270,4.702,100
2020-09-17 09:36:41.320,4.702,100
2020-09-17 09:36:41.320,4.702,100
2020-09-17 09:36:41.320,4.702,100
2020-09-17 09:36:41.320,4.702,100
2020-09-17 09:36:41.320,4.702,100
2020-09-17 09:36:41.380,4.702,100
2020-09-17 09:36:41.380,4.702,100
2020-09-17 09:36:41.380,4.702,100
2020-09-17 09:36:41.380,4.702,100
2020-09-17 09:36:41.380,4.702,100
2020-09-17 09:36:41.380,4.702,100
2020-09-17 09:36:41.380,4.702,100
2020-09-17 09:36:41.430,4.702,100
2020-09-17 09:36:41.430,4.702,100
2020-09-17 09:36:41.430,4.702,100
2020-09-17 09:36:41.430,4.702,100
2020-09-17 09:36:41.430,4.702,100
2020-09-17 09:36:41.430,4.702,100
2020-09-17 09:36:41.480,4.702,100
2020-09-17 09:36:41.480,4.702,100
2020-09-17 09:36:41.480,4.702,100
2020-09-17 09:36:41.480,4.702,100
2020-09-17 09:36:41.480,4.702,100
2020-09-17 09:36:41.480,4.702,100
2020-09-17 09:36:41.550,4.702,100
2020-09-17 09:36:41.550,4.702,100
2020-09-17 09:36:41.550,4.702,100
2020-09-17 09:36:41.550,4.702,100
2020-09-17 09:36:41.550,4.702,100
2020-09-17 09:36:41.550,4.702,100
2020-09-17 09:36:41.550,4.702,100
2020-09-17 09:36:41.580,4.702,100
2020-09-17 09:36:41.580,4.702,100
2020-09-17 09:36:41.580,4.702,100
2020-09-17 09:36:41.580,4.702,100
2020-09-17 09:36:41.580,4.702,100
2020-09-17 09:36:41.580,4.702,100
2020-09-17 09:36:41.580,4.702,100
2020-09-17 09:36:41.580,4.702,100
2020-09-17 09:36:41.580,4.702,100
2020-09-17 09:36:41.580,4.702,100
2020-09-17 09:36:41.580,4.702,100
2020-09-17 09:36:41.630,4.702,100
2020-09-17 09:36:41.630,4.702,100
2020-09-17 09:36:41.630,4.702,100
2020-09-17 09:36:41.630,4.702,100
2020-09-17 09:36:41.630,4.702,100
2020-09-17 09:36:41.630,4.702,100
2020-09-17 09:36:41.630,4.702,100
2020-09-17 09:36:41.630,4.702,100
2020-09-17 09:36:41.630,4.702,100
2020-09-17 09:36:41.630,4.702,100
2020-09-17 09:36:41.630,4.702,100
2020-09-17 09:36:41.680,4.702,100
2020-09-17 09:36:41.680,4.702,100
2020-09-17 09:36:41.680,4.702,100
2020-09-17 09:36:41.680,4.702,100
2020-09-17 09:36:41.680,4.702,100
2020-09-17 09:36:41.680,4.702,100
2020-09-17 09:36:41.680,4.702,100
2020-09-17 09:36:41.730,4.702,100
2020-09-17 09:36:41.730,4.702,100
2020-09-17 09:36:41.730,4.702,100
2020-09-17 09:36:41.730,4.702,100
2020-09-17 09:36:41.730,4.702,100
2020-09-17 09:36:41.730,4.702,100
2020-09-17 09:36:41.780,4.702,100
2020-09-17 09:36:41.780,4.702,100
2020-09-17 09:36:41.780,4.702,100
2020-09-17 09:36:41.780,4.702,100
2020-09-17 09:36:41.780,4.702,100
2020-09-17 09:36:41.780,4.702,100
2020-09-17 09:36:41.780,4.702,100
2020-09-17 09:36:41.780,4.702,100
2020-09-17 09:36:41.830,4.702,100
2020-09-17 09:36:41.830,4.702,100
2020-09-17 09:36:43.260,4.701,44959
2020-09-17 09:36:43.260,4.701,2000
2020-09-17 09:36:43.260,4.701,2000
2020-09-17 09:36:43.260,4.701,1041
2020-09-17 09:36:43.990,4.702,100
2020-09-17 09:36:43.990,4.702,100
2020-09-17 09:36:43.990,4.702,100
2020-09-17 09:36:43.990,4.702,100
2020-09-17 09:36:43.990,4.702,100
2020-09-17 09:36:43.990,4.702,100
2020-09-17 09:36:43.990,4.702,100
2020-09-17 09:36:43.990,4.702,100
2020-09-17 09:36:44.040,4.702,100
2020-09-17 09:36:44.040,4.702,100
2020-09-17 09:36:44.040,4.702,100
2020-09-17 09:36:44.040,4.702,100
2020-09-17 09:36:44.040,4.702,100
2020-09-17 09:36:44.110,4.702,100
2020-09-17 09:36:44.110,4.702,100
2020-09-17 09:36:44.110,4.702,100
2020-09-17 09:36:44.140,4.702,100
2020-09-17 09:36:44.140,4.702,100
2020-09-17 09:36:44.140,4.702,100
2020-09-17 09:36:44.140,4.702,100
2020-09-17 09:36:44.140,4.702,100
2020-09-17 09:36:44.210,4.702,100
2020-09-17 09:36:44.210,4.702,100
2020-09-17 09:36:44.210,4.702,100
2020-09-17 09:36:44.210,4.702,100
2020-09-17 09:36:44.260,4.702,100
2020-09-17 09:36:44.390,4.702,100
2020-09-17 09:36:44.390,4.702,100
2020-09-17 09:36:44.390,4.702,100
2020-09-17 09:36:44.390,4.702,100
2020-09-17 09:36:44.390,4.702,100
2020-09-17 09:36:44.390,4.702,100
2020-09-17 09:36:44.420,4.702,100
2020-09-17 09:36:44.420,4.702,100
2020-09-17 09:36:44.420,4.702,100
2020-09-17 09:36:44.420,4.702,100
2020-09-17 09:36:44.420,4.702,100
2020-09-17 09:36:44.420,4.702,100
2020-09-17 09:36:44.420,4.702,100
2020-09-17 09:36:44.450,4.702,100
2020-09-17 09:36:44.450,4.702,100
2020-09-17 09:36:44.450,4.702,100
2020-09-17 09:36:44.450,4.702,100
2020-09-17 09:36:44.500,4.702,100
2020-09-17 09:36:44.500,4.702,100
2020-09-17 09:36:44.500,4.702,100
2020-09-17 09:36:44.500,4.702,100
2020-09-17 09:36:44.500,4.702,100
2020-09-17 09:36:44.560,4.702,100
2020-09-17 09:36:44.560,4.702,100
2020-09-17 09:36:44.560,4.702,100
2020-09-17 09:36:44.560,4.702,100
2020-09-17 09:36:44.560,4.702,100
2020-09-17 09:36:44.560,4.702,100
2020-09-17 09:36:44.610,4.702,100
2020-09-17 09:36:44.610,4.702,100
2020-09-17 09:36:44.610,4.702,100
2020-09-17 09:36:44.660,4.702,100
2020-09-17 09:36:44.660,4.702,100
2020-09-17 09:36:44.660,4.702,100
2020-09-17 09:36:44.660,4.702,100
2020-09-17 09:36:44.660,4.702,100
2020-09-17 09:36:44.660,4.702,100
2020-09-17 09:36:44.710,4.702,100
2020-09-17 09:36:44.710,4.702,100
2020-09-17 09:36:44.710,4.702,100
2020-09-17 09:36:44.710,4.702,100
2020-09-17 09:36:44.760,4.702,100
2020-09-17 09:36:44.760,4.702,100
2020-09-17 09:36:44.760,4.702,100
2020-09-17 09:36:44.760,4.702,100
2020-09-17 09:36:44.760,4.702,100
2020-09-17 09:36:44.760,4.702,100
2020-09-17 09:36:44.810,4.702,100
2020-09-17 09:36:44.810,4.702,100
2020-09-17 09:36:44.810,4.702,100
2020-09-17 09:36:44.810,4.702,100
2020-09-17 09:36:44.860,4.702,100
2020-09-17 09:36:44.860,4.702,100
2020-09-17 09:36:44.860,4.702,100
2020-09-17 09:36:44.860,4.702,100
2020-09-17 09:36:44.860,4.702,100
2020-09-17 09:36:44.860,4.702,100
2020-09-17 09:36:44.900,4.701,359
2020-09-17 09:36:44.900,4.701,1000
2020-09-17 09:36:44.900,4.701,641
2020-09-17 09:36:44.930,4.702,100
2020-09-17 09:36:44.930,4.702,100
2020-09-17 09:36:44.930,4.702,100
2020-09-17 09:36:44.930,4.702,100
2020-09-17 09:36:44.930,4.702,100
2020-09-17 09:36:44.930,4.702,100
2020-09-17 09:36:44.930,4.702,100
2020-09-17 09:36:45.420,4.702,2500
2020-09-17 09:36:46.600,4.701,2359
2020-09-17 09:36:46.600,4.701,500
2020-09-17 09:36:46.600,4.701,5000
2020-09-17 09:36:46.600,4.701,9000
2020-09-17 09:36:46.600,4.701,100
2020-09-17 09:36:46.600,4.701,4600
2020-09-17 09:36:46.600,4.701,100
2020-09-17 09:36:46.600,4.701,600
2020-09-17 09:36:46.600,4.701,5000
2020-09-17 09:36:46.600,4.701,100
2020-09-17 09:36:46.600,4.701,5000
2020-09-17 09:36:46.600,4.701,3000
2020-09-17 09:36:46.600,4.701,3000
2020-09-17 09:36:46.600,4.701,30000
2020-09-17 09:36:46.600,4.701,3100
2020-09-17 09:36:46.600,4.701,3141
2020-09-17 09:36:46.930,4.702,1100
2020-09-17 09:36:47.710,4.701,1859
2020-09-17 09:36:47.710,4.701,200
2020-09-17 09:36:47.710,4.701,500
2020-09-17 09:36:47.710,4.701,100
2020-09-17 09:36:48.300,4.701,5000
2020-09-17 09:36:49.580,4.701,8500
2020-09-17 09:36:50.610,4.701,3841
2020-09-17 09:36:50.610,4.701,1159
2020-09-17 09:36:53.230,4.701,100
2020-09-17 09:36:53.460,4.701,5000
2020-09-17 09:36:53.720,4.701,100
2020-09-17 09:36:54.880,4.7,10000
2020-09-17 09:36:54.880,4.7,500
2020-09-17 09:36:54.880,4.7,5000
2020-09-17 09:36:54.880,4.7,200
2020-09-17 09:36:54.880,4.7,24100
2020-09-17 09:36:54.880,4.7,3000
2020-09-17 09:36:54.880,4.7,1000
2020-09-17 09:36:54.880,4.7,2000
2020-09-17 09:36:54.880,4.7,1600
2020-09-17 09:36:54.880,4.7,100
2020-09-17 09:36:54.880,4.7,1000
2020-09-17 09:36:54.880,4.7,5000
2020-09-17 09:36:54.880,4.7,100
2020-09-17 09:36:54.880,4.7,200
2020-09-17 09:36:54.880,4.7,10000
2020-09-17 09:36:54.880,4.7,20000
2020-09-17 09:36:54.880,4.7,200
2020-09-17 09:36:54.880,4.7,100
2020-09-17 09:36:54.880,4.7,1000
2020-09-17 09:36:54.880,4.7,1000
2020-09-17 09:36:54.880,4.7,200
2020-09-17 09:36:54.880,4.7,500
2020-09-17 09:36:54.880,4.7,2200
2020-09-17 09:36:54.880,4.7,10000
2020-09-17 09:36:54.880,4.7,2800
2020-09-17 09:36:54.880,4.7,3000
2020-09-17 09:36:54.880,4.7,3000
2020-09-17 09:36:54.880,4.7,10000
2020-09-17 09:36:54.880,4.7,5000
2020-09-17 09:36:54.880,4.7,5000
2020-09-17 09:36:54.880,4.7,22200
2020-09-17 09:36:55.090,4.701,3641
2020-09-17 09:36:55.090,4.701,1200
2020-09-17 09:36:55.090,4.701,7500
2020-09-17 09:36:55.090,4.701,10000
2020-09-17 09:36:55.090,4.701,4000
2020-09-17 09:36:55.090,4.701,53700
2020-09-17 09:36:55.290,4.702,500
2020-09-17 09:36:55.890,4.702,100
2020-09-17 09:36:55.890,4.701,10700
2020-09-17 09:36:57.100,4.701,7900
2020-09-17 09:36:57.430,4.702,200
2020-09-17 09:36:59.590,4.701,5000
2020-09-17 09:37:01.100,4.702,4300
2020-09-17 09:37:03.770,4.702,5000
2020-09-17 09:37:04.130,4.702,1000
2020-09-17 09:37:07.170,4.701,600
2020-09-17 09:37:07.330,4.701,2300
2020-09-17 09:37:07.670,4.701,9000
2020-09-17 09:37:08.810,4.701,300
2020-09-17 09:37:10.420,4.701,2700
2020-09-17 09:37:10.780,4.702,6900
2020-09-17 09:37:11.180,4.701,1000
2020-09-17 09:37:11.760,4.701,30459
2020-09-17 09:37:11.760,4.701,5000
2020-09-17 09:37:11.760,4.701,2300
2020-09-17 09:37:11.760,4.701,5000
2020-09-17 09:37:11.760,4.701,100
2020-09-17 09:37:11.760,4.701,7141
2020-09-17 09:37:12.020,4.701,29759
2020-09-17 09:37:12.020,4.701,100
2020-09-17 09:37:12.020,4.701,2000
2020-09-17 09:37:12.020,4.701,6700
2020-09-17 09:37:12.020,4.7,5800
2020-09-17 09:37:12.020,4.7,100
2020-09-17 09:37:12.020,4.7,100
2020-09-17 09:37:12.020,4.7,100
2020-09-17 09:37:12.020,4.7,200
2020-09-17 09:37:12.020,4.7,100
2020-09-17 09:37:12.020,4.7,1000
2020-09-17 09:37:12.020,4.7,5000
2020-09-17 09:37:12.020,4.7,1000
2020-09-17 09:37:12.020,4.7,400
2020-09-17 09:37:12.020,4.7,200
2020-09-17 09:37:12.020,4.7,900
2020-09-17 09:37:12.020,4.7,200
2020-09-17 09:37:12.020,4.7,500
2020-09-17 09:37:12.020,4.7,1000
2020-09-17 09:37:12.020,4.7,1000
2020-09-17 09:37:12.020,4.7,100
2020-09-17 09:37:12.020,4.7,5000
2020-09-17 09:37:12.020,4.7,10000
2020-09-17 09:37:12.020,4.7,2200
2020-09-17 09:37:12.020,4.7,100
2020-09-17 09:37:12.020,4.7,1000
2020-09-17 09:37:12.020,4.7,2000
2020-09-17 09:37:12.020,4.7,10000
2020-09-17 09:37:12.020,4.7,500
2020-09-17 09:37:12.020,4.7,300
2020-09-17 09:37:12.020,4.7,100
2020-09-17 09:37:12.020,4.7,100
2020-09-17 09:37:12.020,4.7,200
2020-09-17 09:37:12.020,4.7,100
2020-09-17 09:37:12.020,4.7,1000
2020-09-17 09:37:12.020,4.7,500
2020-09-17 09:37:12.020,4.7,100
2020-09-17 09:37:12.020,4.7,500
2020-09-17 09:37:12.020,4.7,500
2020-09-17 09:37:12.020,4.7,10000
2020-09-17 09:37:12.020,4.7,5000
2020-09-17 09:37:12.020,4.7,500
2020-09-17 09:37:12.020,4.7,100
2020-09-17 09:37:12.020,4.7,7000
2020-09-17 09:37:12.020,4.7,200
2020-09-17 09:37:12.020,4.7,300
2020-09-17 09:37:12.020,4.7,100
2020-09-17 09:37:12.020,4.7,500
2020-09-17 09:37:12.020,4.7,100
2020-09-17 09:37:12.020,4.7,6500
2020-09-17 09:37:12.020,4.7,500
2020-09-17 09:37:12.020,4.7,1000
2020-09-17 09:37:12.020,4.7,200
2020-09-17 09:37:12.020,4.7,100
2020-09-17 09:37:12.020,4.7,57400
2020-09-17 09:37:12.440,4.701,5000
2020-09-17 09:37:12.580,4.701,100
2020-09-17 09:37:13.210,4.701,1000
2020-09-17 09:37:13.240,4.701,5000
2020-09-17 09:37:13.940,4.7,39841
2020-09-17 09:37:14.430,4.701,100
2020-09-17 09:37:14.810,4.702,5200
2020-09-17 09:37:15.240,4.701,5000
2020-09-17 09:37:16.980,4.701,200
2020-09-17 09:37:17.750,4.702,400
2020-09-17 09:37:19.330,4.701,8000
2020-09-17 09:37:19.670,4.702,15000
2020-09-17 09:37:19.670,4.702,200
2020-09-17 09:37:19.690,4.701,200
2020-09-17 09:37:20.460,4.701,2100
2020-09-17 09:37:20.990,4.701,2600
2020-09-17 09:37:21.910,4.702,600
2020-09-17 09:37:22.810,4.702,2000
2020-09-17 09:37:23.490,4.701,300000
2020-09-17 09:37:23.570,4.701,4000
2020-09-17 09:37:24.090,4.701,1300
2020-09-17 09:37:24.910,4.701,176500
2020-09-17 09:37:24.910,4.701,200
2020-09-17 09:37:24.910,4.701,100
2020-09-17 09:37:24.910,4.701,6900
2020-09-17 09:37:24.910,4.7,10000
2020-09-17 09:37:24.910,4.7,20000
2020-09-17 09:37:24.910,4.7,2000
2020-09-17 09:37:24.910,4.7,5000
2020-09-17 09:37:24.910,4.7,2000
2020-09-17 09:37:24.910,4.7,30000
2020-09-17 09:37:25.710,4.7,5000
2020-09-17 09:37:26.120,4.7,200
2020-09-17 09:37:26.260,4.7,2100
2020-09-17 09:37:26.260,4.7,1500
2020-09-17 09:37:26.880,4.7,100
2020-09-17 09:37:27.770,4.7,1000
2020-09-17 09:37:31.320,4.7,200
2020-09-17 09:37:32.840,4.7,1000
2020-09-17 09:37:35.210,4.7,100
2020-09-17 09:37:35.290,4.7,3000
2020-09-17 09:37:35.750,4.7,33100
2020-09-17 09:37:40.040,4.7,800
2020-09-17 09:37:40.040,4.7,2800
2020-09-17 09:37:42.520,4.7,500
2020-09-17 09:37:43.380,4.701,100
2020-09-17 09:37:45.070,4.7,3100
2020-09-17 09:37:45.190,4.7,2000
2020-09-17 09:37:45.680,4.7,12800
2020-09-17 09:37:45.680,4.7,2900
2020-09-17 09:37:45.680,4.7,1000
2020-09-17 09:37:45.680,4.7,100
2020-09-17 09:37:45.680,4.7,10000
2020-09-17 09:37:45.680,4.7,100
2020-09-17 09:37:45.680,4.7,100
2020-09-17 09:37:45.890,4.7,100
2020-09-17 09:37:45.920,4.7,1500
2020-09-17 09:37:46.940,4.7,1000
2020-09-17 09:37:47.190,4.7,900
2020-09-17 09:37:48.180,4.7,100
2020-09-17 09:37:48.360,4.7,3000
2020-09-17 09:37:49.240,4.7,5000
2020-09-17 09:37:49.880,4.7,3500
2020-09-17 09:37:49.880,4.7,2500
2020-09-17 09:37:50.010,4.699,2200
2020-09-17 09:37:50.010,4.699,100
2020-09-17 09:37:50.010,4.699,100
2020-09-17 09:37:50.010,4.699,4600
2020-09-17 09:37:50.010,4.699,1000
2020-09-17 09:37:50.350,4.7,100
2020-09-17 09:37:50.400,4.7,400
2020-09-17 09:37:50.400,4.701,4900
2020-09-17 09:37:50.400,4.701,2300
2020-09-17 09:37:50.400,4.701,500
2020-09-17 09:37:50.400,4.701,600
2020-09-17 09:37:52.480,4.7,3000
2020-09-17 09:37:52.730,4.7,1500
2020-09-17 09:37:53.230,4.699,1700
2020-09-17 09:37:54.030,4.7,20000
2020-09-17 09:37:54.060,4.7,3000
2020-09-17 09:37:54.160,4.7,22500
2020-09-17 09:37:57.370,4.7,5000
2020-09-17 09:37:58.610,4.701,4200
2020-09-17 09:37:58.630,4.701,5000
2020-09-17 09:37:58.940,4.7,4200
2020-09-17 09:37:58.990,4.701,900
2020-09-17 09:37:58.990,4.701,19100
2020-09-17 09:38:01.840,4.701,200
2020-09-17 09:38:01.860,4.701,700
2020-09-17 09:38:02.290,4.701,2300
2020-09-17 09:38:02.500,4.701,1900
2020-09-17 09:38:03.020,4.701,800
2020-09-17 09:38:03.910,4.701,9200
2020-09-17 09:38:03.910,4.701,20000
2020-09-17 09:38:03.910,4.7,10800
2020-09-17 09:38:04.480,4.7,8700
2020-09-17 09:38:05.130,4.7,500
2020-09-17 09:38:05.670,4.701,5000
2020-09-17 09:38:05.690,4.701,3500
2020-09-17 09:38:06.420,4.701,800
2020-09-17 09:38:06.600,4.701,2900
2020-09-17 09:38:11.080,4.701,1500
2020-09-17 09:38:12.860,4.701,13400
2020-09-17 09:38:13.060,4.701,200
2020-09-17 09:38:13.310,4.702,153500
2020-09-17 09:38:13.310,4.702,2000
2020-09-17 09:38:13.310,4.702,1200
2020-09-17 09:38:13.310,4.702,31700
2020-09-17 09:38:13.310,4.702,30300
2020-09-17 09:38:13.310,4.702,30000
2020-09-17 09:38:13.310,4.702,300
2020-09-17 09:38:13.310,4.702,5000
2020-09-17 09:38:13.920,4.703,14800
2020-09-17 09:38:13.920,4.703,28900
2020-09-17 09:38:15.530,4.702,1300
2020-09-17 09:38:16.040,4.703,1000
2020-09-17 09:38:16.280,4.703,20100
2020-09-17 09:38:16.280,4.703,275900
2020-09-17 09:38:18.980,4.702,1000
2020-09-17 09:38:20.360,4.703,200
2020-09-17 09:38:22.180,4.703,500
2020-09-17 09:38:23.540,4.702,1400
2020-09-17 09:38:24.640,4.702,1300
2020-09-17 09:38:26.790,4.703,2000
2020-09-17 09:38:28.540,4.703,5000
2020-09-17 09:38:33.170,4.703,20000
2020-09-17 09:38:33.510,4.702,5000
2020-09-17 09:38:34.490,4.703,800
2020-09-17 09:38:34.820,4.703,500
2020-09-17 09:38:35.870,4.702,500
2020-09-17 09:38:36.580,4.702,300
2020-09-17 09:38:37.070,4.703,100
2020-09-17 09:38:37.210,4.702,2900
2020-09-17 09:38:37.980,4.703,73400
2020-09-17 09:38:37.980,4.703,1000
2020-09-17 09:38:37.980,4.703,200000
2020-09-17 09:38:37.980,4.703,5000
2020-09-17 09:38:37.980,4.703,7500
2020-09-17 09:38:37.980,4.703,13100
2020-09-17 09:38:38.400,4.703,16900
2020-09-17 09:38:41.850,4.703,300
2020-09-17 09:38:45.060,4.703,22300
2020-09-17 09:38:46.730,4.703,10000
2020-09-17 09:38:47.700,4.704,5000
2020-09-17 09:38:49.090,4.704,100
2020-09-17 09:38:49.170,4.704,1700
2020-09-17 09:38:49.170,4.704,8300
2020-09-17 09:38:49.570,4.704,600
2020-09-17 09:38:49.770,4.704,200
2020-09-17 09:38:51.380,4.703,10000
2020-09-17 09:38:52.090,4.703,2000
2020-09-17 09:38:52.420,4.703,91800
2020-09-17 09:38:54.050,4.703,13600
2020-09-17 09:38:54.380,4.704,200
2020-09-17 09:38:54.520,4.703,10000
2020-09-17 09:38:54.570,4.703,200
2020-09-17 09:38:54.750,4.704,10000
2020-09-17 09:38:55.520,4.703,290000
2020-09-17 09:38:55.640,4.703,10000
2020-09-17 09:38:55.670,4.703,300000
2020-09-17 09:38:55.990,4.704,100
2020-09-17 09:38:56.230,4.703,200000
2020-09-17 09:38:56.670,4.703,22000
2020-09-17 09:38:56.890,4.703,900
2020-09-17 09:38:56.890,4.703,100
2020-09-17 09:38:57.470,4.703,5900
2020-09-17 09:38:57.470,4.703,200
2020-09-17 09:38:57.470,4.703,1000
2020-09-17 09:38:57.470,4.703,2900
2020-09-17 09:38:57.540,4.703,2000
2020-09-17 09:38:57.950,4.703,1000
2020-09-17 09:38:58.330,4.703,11100
2020-09-17 09:38:58.670,4.704,600
2020-09-17 09:38:58.670,4.704,300
2020-09-17 09:38:58.670,4.704,26000
2020-09-17 09:38:58.670,4.704,115400
2020-09-17 09:38:58.700,4.703,1000
2020-09-17 09:38:58.900,4.703,2000
2020-09-17 09:38:58.900,4.703,1700
2020-09-17 09:38:58.900,4.703,1100
2020-09-17 09:38:58.900,4.703,2000
2020-09-17 09:38:58.900,4.703,100
2020-09-17 09:38:58.900,4.703,300
2020-09-17 09:39:00.310,4.703,2000
2020-09-17 09:39:01.940,4.703,2100
2020-09-17 09:39:02.000,4.703,1000
2020-09-17 09:39:02.120,4.702,1000
2020-09-17 09:39:02.520,4.702,9600
2020-09-17 09:39:02.520,4.702,1100
2020-09-17 09:39:02.880,4.702,1000
2020-09-17 09:39:02.960,4.703,800
2020-09-17 09:39:03.440,4.703,300
2020-09-17 09:39:07.280,4.702,2600
2020-09-17 09:39:07.600,4.703,17700
2020-09-17 09:39:08.420,4.702,300
2020-09-17 09:39:10.600,4.702,10000
2020-09-17 09:39:11.330,4.702,700
2020-09-17 09:39:11.820,4.702,200
2020-09-17 09:39:14.180,4.702,10700
2020-09-17 09:39:14.360,4.703,5000
2020-09-17 09:39:15.100,4.703,13900
2020-09-17 09:39:15.100,4.703,8000
2020-09-17 09:39:15.100,4.703,7000
2020-09-17 09:39:15.200,4.702,1200
2020-09-17 09:39:16.070,4.702,22000
2020-09-17 09:39:17.030,4.702,100
2020-09-17 09:39:17.850,4.702,900
2020-09-17 09:39:18.530,4.702,100
2020-09-17 09:39:19.660,4.702,100
2020-09-17 09:39:19.980,4.702,49000
2020-09-17 09:39:19.980,4.702,3000
2020-09-17 09:39:19.980,4.702,2200
2020-09-17 09:39:19.980,4.702,1000
2020-09-17 09:39:19.980,4.702,200000
2020-09-17 09:39:19.980,4.702,2000
2020-09-17 09:39:20.400,4.702,1000
2020-09-17 09:39:21.320,4.702,1000
2020-09-17 09:39:24.830,4.701,100
2020-09-17 09:39:24.830,4.701,99500
2020-09-17 09:39:25.210,4.702,20000
2020-09-17 09:39:25.610,4.702,300
2020-09-17 09:39:25.970,4.702,1000
2020-09-17 09:39:26.050,4.701,120500
2020-09-17 09:39:26.050,4.701,100
2020-09-17 09:39:26.050,4.701,100
2020-09-17 09:39:26.050,4.701,2000
2020-09-17 09:39:26.050,4.701,2000
2020-09-17 09:39:26.050,4.701,500
2020-09-17 09:39:26.050,4.701,1000
2020-09-17 09:39:26.050,4.701,73800
2020-09-17 09:39:26.130,4.701,1200
2020-09-17 09:39:26.150,4.701,10700
2020-09-17 09:39:28.280,4.702,10000
2020-09-17 09:39:29.950,4.702,700
2020-09-17 09:39:30.050,4.702,200
2020-09-17 09:39:34.200,4.702,200
2020-09-17 09:39:35.140,4.702,1500
2020-09-17 09:39:35.820,4.702,500
2020-09-17 09:39:36.370,4.702,1000
2020-09-17 09:39:37.350,4.701,164300
2020-09-17 09:39:37.350,4.701,300
2020-09-17 09:39:37.350,4.701,200
2020-09-17 09:39:37.350,4.701,200
2020-09-17 09:39:37.350,4.701,200
2020-09-17 09:39:37.350,4.701,200
2020-09-17 09:39:37.350,4.701,200
2020-09-17 09:39:37.350,4.701,2000
2020-09-17 09:39:37.350,4.701,1000
2020-09-17 09:39:37.350,4.701,1000
2020-09-17 09:39:37.350,4.701,6000
2020-09-17 09:39:37.600,4.701,100
2020-09-17 09:39:38.300,4.7,1000
2020-09-17 09:39:38.300,4.7,100
2020-09-17 09:39:38.300,4.7,200
2020-09-17 09:39:38.300,4.7,3700
2020-09-17 09:39:38.820,4.701,100
2020-09-17 09:39:39.880,4.7,2300
2020-09-17 09:39:39.880,4.7,2000
2020-09-17 09:39:39.880,4.7,5000
2020-09-17 09:39:39.880,4.7,2200
2020-09-17 09:39:39.880,4.7,500
2020-09-17 09:39:39.880,4.7,15200
2020-09-17 09:39:39.880,4.7,1000
2020-09-17 09:39:39.880,4.7,100
2020-09-17 09:39:39.880,4.7,1300
2020-09-17 09:39:39.880,4.7,100
2020-09-17 09:39:39.880,4.7,1000
2020-09-17 09:39:39.880,4.7,5000
2020-09-17 09:39:39.880,4.7,100
2020-09-17 09:39:39.880,4.7,3000
2020-09-17 09:39:39.880,4.7,1000
2020-09-17 09:39:39.880,4.7,1000
2020-09-17 09:39:39.880,4.7,400
2020-09-17 09:39:39.880,4.7,200
2020-09-17 09:39:39.880,4.7,100
2020-09-17 09:39:39.880,4.7,20000
2020-09-17 09:39:39.880,4.7,1700
2020-09-17 09:39:40.280,4.701,4000
2020-09-17 09:39:40.800,4.701,400
2020-09-17 09:39:41.350,4.701,100
2020-09-17 09:39:42.830,4.701,200
2020-09-17 09:39:43.960,4.701,200
2020-09-17 09:39:44.280,4.701,700
2020-09-17 09:39:45.720,4.7,800
2020-09-17 09:39:45.720,4.7,3900
2020-09-17 09:39:45.720,4.7,100
2020-09-17 09:39:45.720,4.7,2000
2020-09-17 09:39:45.720,4.7,100
2020-09-17 09:39:45.720,4.7,5000
2020-09-17 09:39:45.720,4.7,200
2020-09-17 09:39:45.720,4.7,200
2020-09-17 09:39:45.720,4.7,200
2020-09-17 09:39:45.720,4.7,3000
2020-09-17 09:39:45.720,4.7,4600
2020-09-17 09:39:48.020,4.701,100
2020-09-17 09:39:49.070,4.7,200
2020-09-17 09:39:49.250,4.7,200
2020-09-17 09:39:49.250,4.7,5000
2020-09-17 09:39:49.250,4.7,10100
2020-09-17 09:39:49.250,4.7,100
2020-09-17 09:39:50.100,4.7,600
2020-09-17 09:39:50.100,4.7,800
2020-09-17 09:39:51.530,4.7,9000
2020-09-17 09:39:51.530,4.7,1100
2020-09-17 09:39:52.470,4.701,300
2020-09-17 09:39:53.330,4.7,200
2020-09-17 09:39:53.330,4.701,100
2020-09-17 09:39:53.610,4.701,400
2020-09-17 09:39:53.690,4.7,9700
2020-09-17 09:39:53.690,4.7,5000
2020-09-17 09:39:53.690,4.7,85300
2020-09-17 09:39:54.050,4.7,4700
2020-09-17 09:39:54.100,4.7,2000
2020-09-17 09:39:55.400,4.7,100
2020-09-17 09:39:56.210,4.7,100
2020-09-17 09:39:58.110,4.7,4900
2020-09-17 09:39:58.210,4.7,1000
2020-09-17 09:39:58.290,4.7,100
2020-09-17 09:39:59.430,4.699,4000
2020-09-17 09:40:00.630,4.7,500
2020-09-17 09:40:01.030,4.699,20000
2020-09-17 09:40:01.030,4.699,700
2020-09-17 09:40:01.030,4.699,4200
2020-09-17 09:40:01.030,4.699,100
2020-09-17 09:40:01.030,4.699,700
2020-09-17 09:40:01.030,4.699,100
2020-09-17 09:40:01.030,4.699,52800
2020-09-17 09:40:01.030,4.699,100
2020-09-17 09:40:01.030,4.699,1600
2020-09-17 09:40:01.030,4.699,2100
2020-09-17 09:40:01.030,4.699,200
2020-09-17 09:40:01.030,4.699,8500
2020-09-17 09:40:01.030,4.699,1000
2020-09-17 09:40:01.030,4.699,300
2020-09-17 09:40:01.030,4.699,2000
2020-09-17 09:40:01.030,4.699,300
2020-09-17 09:40:01.030,4.699,100
2020-09-17 09:40:01.030,4.699,1300
2020-09-17 09:40:01.030,4.699,1000
2020-09-17 09:40:01.030,4.699,2000
2020-09-17 09:40:01.030,4.699,14700
2020-09-17 09:40:01.030,4.699,1000
2020-09-17 09:40:01.030,4.699,14000
2020-09-17 09:40:01.030,4.699,100
2020-09-17 09:40:01.030,4.699,2500
2020-09-17 09:40:01.030,4.699,2500
2020-09-17 09:40:01.030,4.699,2200
2020-09-17 09:40:01.030,4.699,3000
2020-09-17 09:40:01.030,4.699,1000
2020-09-17 09:40:01.030,4.699,100
2020-09-17 09:40:01.030,4.699,500
2020-09-17 09:40:01.030,4.699,500
2020-09-17 09:40:01.030,4.699,500
2020-09-17 09:40:01.030,4.699,2000
2020-09-17 09:40:01.030,4.699,3000
2020-09-17 09:40:01.030,4.699,200
2020-09-17 09:40:01.030,4.699,5000
2020-09-17 09:40:01.030,4.699,3000
2020-09-17 09:40:01.030,4.699,100
2020-09-17 09:40:01.030,4.699,16900
2020-09-17 09:40:02.480,4.699,100
2020-09-17 09:40:04.730,4.699,8000
2020-09-17 09:40:06.610,4.699,20000
2020-09-17 09:40:07.760,4.699,1200
2020-09-17 09:40:07.920,4.699,2000
2020-09-17 09:40:08.200,4.699,5100
2020-09-17 09:40:08.780,4.699,5800
2020-09-17 09:40:09.270,4.699,33200
2020-09-17 09:40:09.860,4.7,100
2020-09-17 09:40:11.320,4.7,100
2020-09-17 09:40:12.850,4.7,200
2020-09-17 09:40:12.850,4.7,3600
2020-09-17 09:40:13.700,4.699,500
2020-09-17 09:40:14.000,4.699,1279
2020-09-17 09:40:14.050,4.7,1800
2020-09-17 09:40:14.050,4.7,100
2020-09-17 09:40:14.050,4.7,4600
2020-09-17 09:40:14.050,4.701,3500
2020-09-17 09:40:14.950,4.7,700
2020-09-17 09:40:18.390,4.7,300
2020-09-17 09:40:18.390,4.699,7300
2020-09-17 09:40:19.350,4.699,2400
2020-09-17 09:40:20.020,4.7,100
2020-09-17 09:40:21.870,4.7,500
2020-09-17 09:40:22.070,4.699,1221
2020-09-17 09:40:22.070,4.699,3300
2020-09-17 09:40:22.070,4.699,600
2020-09-17 09:40:22.070,4.699,2000
2020-09-17 09:40:22.070,4.699,100
2020-09-17 09:40:22.070,4.699,1000
2020-09-17 09:40:22.070,4.699,16300
2020-09-17 09:40:22.070,4.699,5000
2020-09-17 09:40:22.750,4.699,5400
2020-09-17 09:40:24.270,4.699,79
2020-09-17 09:40:24.840,4.699,3000
2020-09-17 09:40:25.420,4.7,300000
2020-09-17 09:40:27.810,4.7,400
2020-09-17 09:40:27.990,4.699,8000
2020-09-17 09:40:27.990,4.7,296000
2020-09-17 09:40:28.280,4.7,300000
2020-09-17 09:40:29.130,4.7,5100
2020-09-17 09:40:29.180,4.7,97900
2020-09-17 09:40:29.180,4.7,700
2020-09-17 09:40:32.210,4.7,6000
2020-09-17 09:40:32.850,4.7,66100
2020-09-17 09:40:41.380,4.7,2000
2020-09-17 09:40:43.920,4.7,500
2020-09-17 09:40:44.100,4.7,600
2020-09-17 09:40:44.490,4.701,300
2020-09-17 09:40:46.630,4.701,10000
2020-09-17 09:40:47.250,4.7,100
2020-09-17 09:40:47.250,4.7,3000
2020-09-17 09:40:47.420,4.701,1800
2020-09-17 09:40:48.660,4.701,2100
2020-09-17 09:40:48.660,4.701,2100
2020-09-17 09:40:48.660,4.701,7400
2020-09-17 09:40:48.750,4.701,2000
2020-09-17 09:40:48.780,4.7,4000
2020-09-17 09:40:49.070,4.701,100
2020-09-17 09:40:49.070,4.701,500
2020-09-17 09:40:49.070,4.701,1000
2020-09-17 09:40:49.210,4.701,500
2020-09-17 09:40:51.380,4.701,100
2020-09-17 09:40:51.630,4.701,200
2020-09-17 09:40:52.120,4.701,1400
2020-09-17 09:40:53.410,4.701,15800
2020-09-17 09:40:53.410,4.701,6000
2020-09-17 09:40:53.410,4.701,8200
2020-09-17 09:40:53.640,4.7,1000
2020-09-17 09:40:53.820,4.701,6700
2020-09-17 09:40:54.170,4.701,10000
2020-09-17 09:40:54.450,4.701,1000
2020-09-17 09:40:55.070,4.701,3300
2020-09-17 09:40:55.070,4.702,200
2020-09-17 09:40:59.110,4.702,5200
2020-09-17 09:40:59.110,4.702,2200
2020-09-17 09:40:59.110,4.702,500
2020-09-17 09:40:59.110,4.702,2000
2020-09-17 09:40:59.110,4.702,22400
2020-09-17 09:41:04.460,4.702,77600
2020-09-17 09:41:04.460,4.702,100000
2020-09-17 09:41:04.460,4.702,122400
2020-09-17 09:41:06.040,4.702,11500
2020-09-17 09:41:06.370,4.702,99100
2020-09-17 09:41:06.440,4.702,200
2020-09-17 09:41:07.690,4.702,100
2020-09-17 09:41:08.390,4.701,500
2020-09-17 09:41:08.390,4.701,4500
2020-09-17 09:41:09.760,4.701,6000
2020-09-17 09:41:09.760,4.701,200
2020-09-17 09:41:09.760,4.701,100
2020-09-17 09:41:09.760,4.701,3000
2020-09-17 09:41:09.760,4.701,600
2020-09-17 09:41:10.260,4.702,14300
2020-09-17 09:41:10.630,4.702,8000
2020-09-17 09:41:11.880,4.702,5000
2020-09-17 09:41:12.270,4.701,1100
2020-09-17 09:41:12.350,4.702,39400
2020-09-17 09:41:12.350,4.702,10400
2020-09-17 09:41:12.350,4.702,15200
2020-09-17 09:41:12.350,4.702,200
2020-09-17 09:41:12.790,4.702,500
2020-09-17 09:41:14.290,4.702,400
2020-09-17 09:41:14.980,4.703,143100
2020-09-17 09:41:14.980,4.703,5600
2020-09-17 09:41:14.980,4.703,6400
2020-09-17 09:41:14.980,4.703,30000
2020-09-17 09:41:17.830,4.704,20000
2020-09-17 09:41:18.050,4.704,164600
2020-09-17 09:41:18.050,4.704,5000
2020-09-17 09:41:18.050,4.704,6300
2020-09-17 09:41:18.050,4.704,20000
2020-09-17 09:41:18.050,4.704,400
2020-09-17 09:41:18.050,4.704,20000
2020-09-17 09:41:18.050,4.704,20000
2020-09-17 09:41:18.050,4.704,20000
2020-09-17 09:41:18.710,4.704,2000
2020-09-17 09:41:21.590,4.705,193200
2020-09-17 09:41:21.590,4.705,1000
2020-09-17 09:41:21.590,4.705,500
2020-09-17 09:41:21.590,4.705,2200
2020-09-17 09:41:21.590,4.705,20000
2020-09-17 09:41:21.590,4.705,200
2020-09-17 09:41:21.590,4.705,60000
2020-09-17 09:41:23.850,4.705,600
2020-09-17 09:41:26.450,4.705,200
2020-09-17 09:41:26.740,4.705,1000
2020-09-17 09:41:27.110,4.706,100
2020-09-17 09:41:27.110,4.706,5000
2020-09-17 09:41:27.110,4.706,13500
2020-09-17 09:41:28.560,4.706,2000
2020-09-17 09:41:28.690,4.706,4500
2020-09-17 09:41:28.690,4.706,500
2020-09-17 09:41:30.030,4.706,19500
2020-09-17 09:41:30.030,4.707,3400
2020-09-17 09:41:30.030,4.707,50000
2020-09-17 09:41:30.030,4.707,200
2020-09-17 09:41:30.030,4.707,1400
2020-09-17 09:41:30.030,4.707,600
2020-09-17 09:41:30.030,4.707,10000
2020-09-17 09:41:30.030,4.707,20000
2020-09-17 09:41:30.030,4.708,10000
2020-09-17 09:41:30.030,4.708,20000
2020-09-17 09:41:30.030,4.708,30000
2020-09-17 09:41:30.030,4.708,700
2020-09-17 09:41:30.030,4.708,1000
2020-09-17 09:41:30.030,4.708,6800
2020-09-17 09:41:30.030,4.708,5000
2020-09-17 09:41:30.030,4.708,600
2020-09-17 09:41:30.030,4.708,60000
2020-09-17 09:41:30.030,4.708,56800
2020-09-17 09:41:30.460,4.706,5100
2020-09-17 09:41:31.560,4.706,54900
2020-09-17 09:41:31.560,4.706,21100
2020-09-17 09:41:35.090,4.706,100
2020-09-17 09:41:36.110,4.706,100
2020-09-17 09:41:37.950,4.706,31800
2020-09-17 09:41:37.950,4.705,2000
2020-09-17 09:41:37.970,4.705,3000
2020-09-17 09:41:37.970,4.706,27000
2020-09-17 09:41:38.340,4.706,200
2020-09-17 09:41:38.920,4.706,5000
2020-09-17 09:41:38.920,4.706,2700
2020-09-17 09:41:40.870,4.706,3000
2020-09-17 09:41:41.570,4.706,5000
2020-09-17 09:41:43.720,4.706,500
2020-09-17 09:41:44.850,4.706,2000
2020-09-17 09:41:47.080,4.706,500
2020-09-17 09:41:47.160,4.706,100
2020-09-17 09:41:49.710,4.705,1500
2020-09-17 09:41:50.960,4.706,10000
2020-09-17 09:41:51.280,4.706,1200
2020-09-17 09:41:51.280,4.706,20000
2020-09-17 09:41:54.150,4.706,600
2020-09-17 09:41:55.540,4.705,10000
2020-09-17 09:41:59.210,4.705,500
2020-09-17 09:41:59.640,4.704,200
2020-09-17 09:41:59.640,4.704,200
2020-09-17 09:41:59.640,4.704,200
2020-09-17 09:41:59.640,4.704,500
2020-09-17 09:41:59.640,4.704,500
2020-09-17 09:41:59.640,4.704,3400
2020-09-17 09:42:00.100,4.704,1500
2020-09-17 09:42:02.650,4.705,600
2020-09-17 09:42:04.030,4.705,1000
2020-09-17 09:42:05.060,4.705,7900
2020-09-17 09:42:05.060,4.705,2100
2020-09-17 09:42:07.200,4.704,5000
2020-09-17 09:42:08.960,4.704,2000
2020-09-17 09:42:10.510,4.705,200
2020-09-17 09:42:10.650,4.704,18100
2020-09-17 09:42:10.650,4.704,1900
2020-09-17 09:42:12.120,4.705,1700
2020-09-17 09:42:12.120,4.705,3300
2020-09-17 09:42:12.190,4.705,1000
2020-09-17 09:42:15.160,4.705,10000
2020-09-17 09:42:16.820,4.704,3100
2020-09-17 09:42:19.590,4.703,10000
2020-09-17 09:42:20.790,4.704,20000
2020-09-17 09:42:24.570,4.703,11000
2020-09-17 09:42:25.610,4.703,2100
2020-09-17 09:42:25.890,4.704,100
2020-09-17 09:42:26.630,4.703,5000
2020-09-17 09:42:27.510,4.703,10000
2020-09-17 09:42:27.640,4.704,3000
2020-09-17 09:42:30.020,4.704,1000
2020-09-17 09:42:31.900,4.703,8400
2020-09-17 09:42:32.220,4.703,13500
2020-09-17 09:42:32.220,4.703,500
2020-09-17 09:42:32.220,4.703,15800
2020-09-17 09:42:32.220,4.703,2000
2020-09-17 09:42:32.220,4.703,200
2020-09-17 09:42:32.220,4.703,5000
2020-09-17 09:42:32.220,4.703,1200
2020-09-17 09:42:32.220,4.703,1000
2020-09-17 09:42:32.220,4.703,400
2020-09-17 09:42:32.220,4.703,5000
2020-09-17 09:42:39.050,4.704,700
2020-09-17 09:42:39.050,4.704,1300
2020-09-17 09:42:39.070,4.703,100
2020-09-17 09:42:39.070,4.703,100
2020-09-17 09:42:41.540,4.703,1000
2020-09-17 09:42:42.120,4.703,800
2020-09-17 09:42:43.110,4.702,200
2020-09-17 09:42:43.110,4.702,100
2020-09-17 09:42:48.540,4.703,1400
2020-09-17 09:42:48.540,4.703,600
2020-09-17 09:42:50.830,4.702,500
2020-09-17 09:42:50.830,4.702,100
2020-09-17 09:42:50.830,4.702,1400
2020-09-17 09:42:56.050,4.702,7200
2020-09-17 09:42:56.050,4.702,3700
2020-09-17 09:42:56.050,4.702,500
2020-09-17 09:42:56.050,4.702,3000
2020-09-17 09:42:56.050,4.702,5200
2020-09-17 09:42:56.050,4.702,2300
2020-09-17 09:42:56.050,4.702,3000
2020-09-17 09:42:56.800,4.702,5000
2020-09-17 09:42:58.410,4.702,200
2020-09-17 09:43:00.080,4.703,300
2020-09-17 09:43:00.330,4.703,100
2020-09-17 09:43:00.410,4.702,2800
2020-09-17 09:43:04.000,4.702,100
2020-09-17 09:43:05.880,4.702,9900
2020-09-17 09:43:05.880,4.702,100
2020-09-17 09:43:09.040,4.702,100
2020-09-17 09:43:09.090,4.702,500
2020-09-17 09:43:09.090,4.702,4500
2020-09-17 09:43:09.620,4.702,2100
2020-09-17 09:43:10.810,4.702,2000
2020-09-17 09:43:12.660,4.702,11400
2020-09-17 09:43:12.660,4.702,300
2020-09-17 09:43:12.660,4.702,5000
2020-09-17 09:43:12.660,4.702,1000
2020-09-17 09:43:12.660,4.703,9000
2020-09-17 09:43:12.660,4.703,300
2020-09-17 09:43:12.660,4.703,100
2020-09-17 09:43:12.660,4.703,200
2020-09-17 09:43:12.660,4.703,700
2020-09-17 09:43:12.660,4.703,800
2020-09-17 09:43:12.660,4.703,16700
2020-09-17 09:43:12.660,4.703,60000
2020-09-17 09:43:12.660,4.703,272900
2020-09-17 09:43:15.640,4.702,500
2020-09-17 09:43:15.640,4.701,2500
2020-09-17 09:43:16.830,4.702,100
2020-09-17 09:43:16.830,4.702,200
2020-09-17 09:43:20.020,4.701,700
2020-09-17 09:43:20.020,4.701,2000
2020-09-17 09:43:20.020,4.701,4000
2020-09-17 09:43:20.020,4.701,1000
2020-09-17 09:43:20.020,4.701,4800
2020-09-17 09:43:20.020,4.701,2100
2020-09-17 09:43:20.020,4.701,1000
2020-09-17 09:43:20.020,4.701,1000
2020-09-17 09:43:20.020,4.701,10100
2020-09-17 09:43:20.020,4.701,6300
2020-09-17 09:43:21.910,4.701,13700
2020-09-17 09:43:21.910,4.701,2100
2020-09-17 09:43:21.910,4.701,4400
2020-09-17 09:43:21.910,4.701,19800
2020-09-17 09:43:23.010,4.702,500
2020-09-17 09:43:24.140,4.701,3100
2020-09-17 09:43:24.980,4.702,5000
2020-09-17 09:43:26.310,4.701,20800
2020-09-17 09:43:28.000,4.701,300
2020-09-17 09:43:28.020,4.702,100
2020-09-17 09:43:29.970,4.702,100
2020-09-17 09:43:30.650,4.702,100
2020-09-17 09:43:31.210,4.702,5200
2020-09-17 09:43:31.210,4.702,5700
2020-09-17 09:43:31.210,4.702,5100
2020-09-17 09:43:31.210,4.702,4000
2020-09-17 09:43:32.250,4.701,300
2020-09-17 09:43:33.760,4.702,200
2020-09-17 09:43:36.060,4.701,8200
2020-09-17 09:43:36.060,4.701,500
2020-09-17 09:43:36.060,4.701,4000
2020-09-17 09:43:36.060,4.701,15000
2020-09-17 09:43:37.090,4.701,5000
2020-09-17 09:43:37.990,4.7,5000
2020-09-17 09:43:37.990,4.7,500
2020-09-17 09:43:37.990,4.7,100
2020-09-17 09:43:37.990,4.7,100
2020-09-17 09:43:37.990,4.7,1000
2020-09-17 09:43:37.990,4.7,1000
2020-09-17 09:43:37.990,4.7,100
2020-09-17 09:43:37.990,4.7,5000
2020-09-17 09:43:37.990,4.7,2500
2020-09-17 09:43:37.990,4.7,10000
2020-09-17 09:43:37.990,4.7,10000
2020-09-17 09:43:37.990,4.7,5000
2020-09-17 09:43:37.990,4.7,500
2020-09-17 09:43:37.990,4.7,10000
2020-09-17 09:43:37.990,4.7,300
2020-09-17 09:43:37.990,4.7,3000
2020-09-17 09:43:37.990,4.7,2100
2020-09-17 09:43:37.990,4.7,22800
2020-09-17 09:43:37.990,4.7,500
2020-09-17 09:43:37.990,4.7,100
2020-09-17 09:43:37.990,4.7,100
2020-09-17 09:43:37.990,4.7,5000
2020-09-17 09:43:37.990,4.7,100
2020-09-17 09:43:37.990,4.7,1300
2020-09-17 09:43:37.990,4.7,500
2020-09-17 09:43:37.990,4.7,2000
2020-09-17 09:43:37.990,4.7,5000
2020-09-17 09:43:37.990,4.7,5000
2020-09-17 09:43:37.990,4.7,2000
2020-09-17 09:43:37.990,4.7,1500
2020-09-17 09:43:37.990,4.7,5000
2020-09-17 09:43:37.990,4.7,2000
2020-09-17 09:43:37.990,4.7,1500
2020-09-17 09:43:37.990,4.7,200
2020-09-17 09:43:37.990,4.7,50000
2020-09-17 09:43:37.990,4.7,100
2020-09-17 09:43:37.990,4.7,14100
2020-09-17 09:43:37.990,4.7,500
2020-09-17 09:43:37.990,4.7,200
2020-09-17 09:43:37.990,4.7,600
2020-09-17 09:43:37.990,4.7,20000
2020-09-17 09:43:37.990,4.7,3000
2020-09-17 09:43:37.990,4.7,200
2020-09-17 09:43:37.990,4.7,3000
2020-09-17 09:43:37.990,4.7,5000
2020-09-17 09:43:37.990,4.7,700
2020-09-17 09:43:37.990,4.7,500
2020-09-17 09:43:37.990,4.7,500
2020-09-17 09:43:37.990,4.7,1600
2020-09-17 09:43:39.090,4.7,500
2020-09-17 09:43:39.140,4.7,9200
2020-09-17 09:43:39.190,4.7,2000
2020-09-17 09:43:39.980,4.7,77500
2020-09-17 09:43:39.980,4.701,7300
2020-09-17 09:43:39.980,4.701,36700
2020-09-17 09:43:40.530,4.701,700
2020-09-17 09:43:41.010,4.701,500
2020-09-17 09:43:41.230,4.701,72600
2020-09-17 09:43:41.230,4.701,200
2020-09-17 09:43:41.230,4.701,300
2020-09-17 09:43:41.230,4.701,26700
2020-09-17 09:43:41.230,4.702,1200
2020-09-17 09:43:41.230,4.702,2300
2020-09-17 09:43:44.040,4.702,1000
2020-09-17 09:43:46.970,4.701,200
2020-09-17 09:43:46.970,4.701,2500
2020-09-17 09:43:47.190,4.7,100
2020-09-17 09:43:47.190,4.7,500
2020-09-17 09:43:57.340,4.7,500
2020-09-17 09:43:57.340,4.7,5000
2020-09-17 09:43:57.340,4.7,2900
2020-09-17 09:43:58.690,4.7,20000
2020-09-17 09:43:59.250,4.7,8400
2020-09-17 09:43:59.610,4.7,10000
2020-09-17 09:43:59.660,4.701,300
2020-09-17 09:44:00.670,4.7,30000
2020-09-17 09:44:00.740,4.7,100
2020-09-17 09:44:00.870,4.7,7000
2020-09-17 09:44:00.910,4.7,100
2020-09-17 09:44:02.320,4.7,7000
2020-09-17 09:44:03.770,4.7,400
2020-09-17 09:44:03.870,4.7,900
2020-09-17 09:44:03.950,4.7,31300
2020-09-17 09:44:03.950,4.7,20000
2020-09-17 09:44:03.950,4.7,1000
2020-09-17 09:44:03.950,4.7,200
2020-09-17 09:44:03.950,4.7,1100
2020-09-17 09:44:03.950,4.7,1000
2020-09-17 09:44:03.950,4.7,2000
2020-09-17 09:44:03.950,4.7,2000
2020-09-17 09:44:03.950,4.7,100
2020-09-17 09:44:03.950,4.7,10000
2020-09-17 09:44:04.050,4.699,500
2020-09-17 09:44:04.050,4.699,100
2020-09-17 09:44:04.050,4.699,500
2020-09-17 09:44:04.050,4.699,100
2020-09-17 09:44:04.050,4.699,500
2020-09-17 09:44:04.050,4.699,2800
2020-09-17 09:44:04.600,4.7,100
2020-09-17 09:44:06.090,4.7,6500
2020-09-17 09:44:06.640,4.7,2000
2020-09-17 09:44:07.670,4.699,6000
2020-09-17 09:44:08.350,4.7,2000
2020-09-17 09:44:10.460,4.699,100
2020-09-17 09:44:10.780,4.7,700
2020-09-17 09:44:11.960,4.7,1000
2020-09-17 09:44:12.460,4.699,5000
2020-09-17 09:44:12.860,4.7,100
2020-09-17 09:44:13.940,4.699,9000
2020-09-17 09:44:13.940,4.699,100
2020-09-17 09:44:13.940,4.699,3000
2020-09-17 09:44:13.940,4.699,600
2020-09-17 09:44:13.940,4.699,100
2020-09-17 09:44:13.940,4.699,7200
2020-09-17 09:44:14.230,4.699,1400
2020-09-17 09:44:14.230,4.699,1000
2020-09-17 09:44:14.230,4.699,2000
2020-09-17 09:44:14.230,4.699,1000
2020-09-17 09:44:14.230,4.699,20000
2020-09-17 09:44:14.230,4.699,100
2020-09-17 09:44:14.230,4.699,5000
2020-09-17 09:44:14.230,4.699,2000
2020-09-17 09:44:14.230,4.698,500
2020-09-17 09:44:14.230,4.698,2000
2020-09-17 09:44:14.230,4.698,1100
2020-09-17 09:44:14.230,4.698,1800
2020-09-17 09:44:14.230,4.698,400
2020-09-17 09:44:14.230,4.698,5000
2020-09-17 09:44:14.230,4.698,100
2020-09-17 09:44:14.230,4.698,5000
2020-09-17 09:44:14.230,4.698,5000
2020-09-17 09:44:14.230,4.698,800
2020-09-17 09:44:14.230,4.698,10000
2020-09-17 09:44:14.230,4.698,5400
2020-09-17 09:44:14.230,4.698,200
2020-09-17 09:44:14.230,4.698,300
2020-09-17 09:44:14.230,4.698,2500
2020-09-17 09:44:14.230,4.698,500
2020-09-17 09:44:14.230,4.698,500
2020-09-17 09:44:14.230,4.698,6900
2020-09-17 09:44:15.150,4.7,600
2020-09-17 09:44:18.190,4.699,100
2020-09-17 09:44:19.980,4.7,1000
2020-09-17 09:44:20.030,4.7,1000
2020-09-17 09:44:20.140,4.699,700
2020-09-17 09:44:21.930,4.699,2200
2020-09-17 09:44:23.650,4.699,200
2020-09-17 09:44:26.220,4.699,100
2020-09-17 09:44:28.240,4.699,100
2020-09-17 09:44:29.560,4.699,300
2020-09-17 09:44:31.560,4.699,100
2020-09-17 09:44:32.350,4.699,100
2020-09-17 09:44:32.350,4.698,800
2020-09-17 09:44:33.570,4.699,5000
2020-09-17 09:44:34.200,4.699,100
2020-09-17 09:44:34.780,4.699,700
2020-09-17 09:44:34.780,4.699,4000
2020-09-17 09:44:34.780,4.699,110600
2020-09-17 09:44:34.780,4.699,30000
2020-09-17 09:44:40.970,4.699,10000
2020-09-17 09:44:42.260,4.699,1000
2020-09-17 09:44:43.180,4.7,500
2020-09-17 09:44:44.140,4.699,2000
2020-09-17 09:44:44.800,4.699,100
2020-09-17 09:44:45.140,4.699,2900
2020-09-17 09:44:45.480,4.7,5000
2020-09-17 09:44:46.690,4.699,2000
2020-09-17 09:44:49.570,4.699,100
2020-09-17 09:44:49.570,4.699,2500
2020-09-17 09:44:49.570,4.699,17400
2020-09-17 09:44:49.710,4.7,60800
2020-09-17 09:44:49.710,4.7,1400
2020-09-17 09:44:49.710,4.7,10300
2020-09-17 09:44:49.710,4.7,2500
2020-09-17 09:44:49.710,4.7,2000
2020-09-17 09:44:49.710,4.7,1300
2020-09-17 09:44:49.710,4.7,221700
2020-09-17 09:44:49.920,4.699,15600
2020-09-17 09:44:51.620,4.699,1000
2020-09-17 09:44:54.740,4.698,4300
2020-09-17 09:44:54.740,4.698,200
2020-09-17 09:44:54.740,4.698,3600
2020-09-17 09:44:54.740,4.698,100
2020-09-17 09:44:54.740,4.698,700
2020-09-17 09:44:54.740,4.698,1000
2020-09-17 09:44:54.740,4.698,200
2020-09-17 09:44:54.740,4.698,5000
2020-09-17 09:44:54.740,4.698,500
2020-09-17 09:44:54.740,4.698,3800
2020-09-17 09:44:54.740,4.698,600
2020-09-17 09:44:54.740,4.698,2500
2020-09-17 09:44:55.110,4.699,5000
2020-09-17 09:44:56.660,4.699,10000
2020-09-17 09:44:57.690,4.698,100
2020-09-17 09:44:58.110,4.698,900
2020-09-17 09:44:58.110,4.698,100
2020-09-17 09:44:58.810,4.699,100
2020-09-17 09:44:59.180,4.698,500
2020-09-17 09:44:59.230,4.698,400
2020-09-17 09:44:59.230,4.698,2300
2020-09-17 09:44:59.230,4.698,100
2020-09-17 09:44:59.230,4.698,4400
2020-09-17 09:44:59.230,4.698,2800
2020-09-17 09:45:00.360,4.698,2200
2020-09-17 09:45:00.360,4.698,7800
2020-09-17 09:45:00.510,4.699,300
2020-09-17 09:45:00.620,4.699,10000
2020-09-17 09:45:02.930,4.698,5000
2020-09-17 09:45:03.040,4.699,11000
2020-09-17 09:45:04.020,4.698,2000
2020-09-17 09:45:05.720,4.698,5400
2020-09-17 09:45:09.170,4.699,2000
2020-09-17 09:45:10.560,4.699,4400
2020-09-17 09:45:11.160,4.699,56100
2020-09-17 09:45:11.160,4.699,10000
2020-09-17 09:45:11.160,4.699,300
2020-09-17 09:45:11.160,4.699,100
2020-09-17 09:45:11.160,4.699,2200
2020-09-17 09:45:11.160,4.699,17000
2020-09-17 09:45:11.160,4.699,4800
2020-09-17 09:45:11.160,4.699,6000
2020-09-17 09:45:11.160,4.699,93600
2020-09-17 09:45:13.850,4.699,100
2020-09-17 09:45:16.030,4.7,11000
2020-09-17 09:45:16.440,4.7,300000
2020-09-17 09:45:16.550,4.7,5000
2020-09-17 09:45:17.570,4.699,1400
2020-09-17 09:45:18.040,4.7,62300
2020-09-17 09:45:18.040,4.7,4700
2020-09-17 09:45:18.040,4.7,1900
2020-09-17 09:45:18.040,4.7,300
2020-09-17 09:45:18.270,4.7,1400
2020-09-17 09:45:20.390,4.7,900
2020-09-17 09:45:21.610,4.7,400
2020-09-17 09:45:22.590,4.7,11000
2020-09-17 09:45:25.910,4.7,5900
2020-09-17 09:45:28.410,4.7,20000
2020-09-17 09:45:28.870,4.7,3000
2020-09-17 09:45:29.740,4.701,1300
2020-09-17 09:45:30.130,4.7,700
2020-09-17 09:45:30.950,4.701,3000
2020-09-17 09:45:33.710,4.7,100000
2020-09-17 09:45:34.450,4.7,2000
2020-09-17 09:45:36.070,4.7,30000
2020-09-17 09:45:36.280,4.7,8400
2020-09-17 09:45:36.280,4.7,4600
2020-09-17 09:45:36.280,4.7,3800
2020-09-17 09:45:37.960,4.7,1200
2020-09-17 09:45:37.960,4.7,4000
2020-09-17 09:45:40.260,4.7,7600
2020-09-17 09:45:40.260,4.7,26300
2020-09-17 09:45:40.260,4.7,100
2020-09-17 09:45:40.260,4.7,300
2020-09-17 09:45:40.260,4.7,9200
2020-09-17 09:45:40.260,4.7,1000
2020-09-17 09:45:40.260,4.7,5500
2020-09-17 09:45:41.680,4.7,1900
2020-09-17 09:45:42.980,4.7,500
2020-09-17 09:45:43.880,4.7,1600
2020-09-17 09:45:45.280,4.7,2000
2020-09-17 09:45:46.580,4.7,8500
2020-09-17 09:45:46.580,4.7,100
2020-09-17 09:45:46.580,4.7,31400
2020-09-17 09:45:47.050,4.7,18600
2020-09-17 09:45:47.050,4.7,100
2020-09-17 09:45:47.700,4.699,10000
2020-09-17 09:45:50.890,4.7,200
2020-09-17 09:45:51.040,4.7,800
2020-09-17 09:45:51.040,4.7,1200
2020-09-17 09:45:51.090,4.7,2200
2020-09-17 09:45:51.090,4.7,100
2020-09-17 09:45:52.350,4.7,100
2020-09-17 09:45:52.440,4.7,2500
2020-09-17 09:45:54.910,4.7,2000
2020-09-17 09:45:55.640,4.7,5000
2020-09-17 09:45:56.510,4.7,100
2020-09-17 09:45:56.760,4.7,500
2020-09-17 09:45:57.080,4.7,36100
2020-09-17 09:45:57.080,4.7,8800
2020-09-17 09:45:57.080,4.7,5100
2020-09-17 09:45:57.930,4.7,4900
2020-09-17 09:45:57.930,4.7,16300
2020-09-17 09:46:03.950,4.7,1000
2020-09-17 09:46:05.530,4.7,5000
2020-09-17 09:46:06.720,4.7,100
2020-09-17 09:46:07.010,4.7,4100
2020-09-17 09:46:07.010,4.7,1600
2020-09-17 09:46:07.010,4.7,10000
2020-09-17 09:46:07.010,4.7,20000
2020-09-17 09:46:07.010,4.7,5200
2020-09-17 09:46:07.040,4.7,3000
2020-09-17 09:46:09.540,4.699,400
2020-09-17 09:46:10.670,4.7,100
2020-09-17 09:46:11.260,4.7,100
2020-09-17 09:46:12.280,4.7,100
2020-09-17 09:46:12.300,4.7,1000
2020-09-17 09:46:12.390,4.7,100
2020-09-17 09:46:12.850,4.7,1400
2020-09-17 09:46:12.850,4.7,1000
2020-09-17 09:46:12.850,4.7,20000
2020-09-17 09:46:13.330,4.7,1200
2020-09-17 09:46:17.840,4.7,59300
2020-09-17 09:46:17.840,4.7,1000
2020-09-17 09:46:17.840,4.7,100
2020-09-17 09:46:17.840,4.7,10000
2020-09-17 09:46:18.100,4.699,98000
2020-09-17 09:46:18.100,4.699,500
2020-09-17 09:46:18.100,4.699,200
2020-09-17 09:46:18.100,4.699,1300
2020-09-17 09:46:18.930,4.699,700
2020-09-17 09:46:18.930,4.699,500
2020-09-17 09:46:18.930,4.699,100
2020-09-17 09:46:18.930,4.699,5000
2020-09-17 09:46:18.930,4.699,2000
2020-09-17 09:46:18.930,4.699,3500
2020-09-17 09:46:18.930,4.699,1000
2020-09-17 09:46:18.930,4.699,93600
2020-09-17 09:46:18.930,4.699,800
2020-09-17 09:46:18.930,4.699,100
2020-09-17 09:46:18.930,4.699,30000
2020-09-17 09:46:20.040,4.699,100
2020-09-17 09:46:20.960,4.699,800
2020-09-17 09:46:21.640,4.699,100
2020-09-17 09:46:22.220,4.698,2600
2020-09-17 09:46:22.220,4.698,10000
2020-09-17 09:46:22.220,4.698,500
2020-09-17 09:46:22.220,4.698,1000
2020-09-17 09:46:22.220,4.698,200
2020-09-17 09:46:22.220,4.698,1000
2020-09-17 09:46:22.220,4.698,100
2020-09-17 09:46:22.220,4.698,23200
2020-09-17 09:46:22.220,4.698,100
2020-09-17 09:46:22.220,4.698,1200
2020-09-17 09:46:22.220,4.698,200
2020-09-17 09:46:22.220,4.698,3500
2020-09-17 09:46:22.220,4.698,1000
2020-09-17 09:46:22.220,4.698,6000
2020-09-17 09:46:22.220,4.698,500
2020-09-17 09:46:22.220,4.698,500
2020-09-17 09:46:22.220,4.698,500
2020-09-17 09:46:22.220,4.698,500
2020-09-17 09:46:22.220,4.698,3000
2020-09-17 09:46:22.220,4.698,100
2020-09-17 09:46:22.220,4.698,300
2020-09-17 09:46:22.220,4.698,200
2020-09-17 09:46:22.220,4.698,1000
2020-09-17 09:46:22.220,4.698,4000
2020-09-17 09:46:22.220,4.698,10000
2020-09-17 09:46:22.220,4.698,200
2020-09-17 09:46:22.220,4.698,900
2020-09-17 09:46:22.220,4.698,1000
2020-09-17 09:46:22.220,4.698,3000
2020-09-17 09:46:22.220,4.698,100
2020-09-17 09:46:22.220,4.698,2000
2020-09-17 09:46:22.220,4.698,5000
2020-09-17 09:46:22.220,4.698,10000
2020-09-17 09:46:22.220,4.698,3000
2020-09-17 09:46:22.220,4.698,4000
2020-09-17 09:46:22.220,4.698,600
2020-09-17 09:46:22.220,4.698,1000
2020-09-17 09:46:22.220,4.698,1000
2020-09-17 09:46:22.220,4.698,3000
2020-09-17 09:46:22.220,4.698,300
2020-09-17 09:46:22.220,4.698,10000
2020-09-17 09:46:22.220,4.698,40000
2020-09-17 09:46:22.220,4.698,1000
2020-09-17 09:46:22.220,4.698,2500
2020-09-17 09:46:22.220,4.698,1000
2020-09-17 09:46:22.220,4.698,1000
2020-09-17 09:46:22.220,4.698,500
2020-09-17 09:46:22.220,4.698,100
2020-09-17 09:46:22.770,4.697,1600
2020-09-17 09:46:22.770,4.697,13900
2020-09-17 09:46:22.770,4.697,3000
2020-09-17 09:46:22.770,4.697,21500
2020-09-17 09:46:23.310,4.698,8100
2020-09-17 09:46:23.810,4.697,4000
2020-09-17 09:46:23.810,4.697,100
2020-09-17 09:46:23.810,4.697,50000
2020-09-17 09:46:23.810,4.697,1000
2020-09-17 09:46:23.810,4.697,5400
2020-09-17 09:46:23.810,4.697,900
2020-09-17 09:46:23.810,4.697,600
2020-09-17 09:46:23.810,4.697,2500
2020-09-17 09:46:23.810,4.697,10000
2020-09-17 09:46:23.810,4.697,500
2020-09-17 09:46:23.810,4.697,300
2020-09-17 09:46:23.810,4.697,500
2020-09-17 09:46:23.810,4.697,5000
2020-09-17 09:46:23.810,4.697,3000
2020-09-17 09:46:23.810,4.697,100
2020-09-17 09:46:23.810,4.697,100
2020-09-17 09:46:23.810,4.697,200
2020-09-17 09:46:23.810,4.697,200
2020-09-17 09:46:23.810,4.697,2800
2020-09-17 09:46:23.810,4.697,500
2020-09-17 09:46:23.810,4.697,100
2020-09-17 09:46:23.810,4.697,200
2020-09-17 09:46:23.810,4.697,2000
2020-09-17 09:46:23.810,4.697,5000
2020-09-17 09:46:23.810,4.697,20000
2020-09-17 09:46:23.810,4.697,1500
2020-09-17 09:46:23.810,4.697,1000
2020-09-17 09:46:23.810,4.697,1000
2020-09-17 09:46:23.810,4.697,3000
2020-09-17 09:46:23.810,4.697,100
2020-09-17 09:46:23.810,4.697,500
2020-09-17 09:46:23.810,4.697,100
2020-09-17 09:46:23.810,4.697,2700
2020-09-17 09:46:23.810,4.697,500
2020-09-17 09:46:23.810,4.697,10000
2020-09-17 09:46:23.810,4.697,200
2020-09-17 09:46:23.810,4.697,100
2020-09-17 09:46:23.810,4.697,5000
2020-09-17 09:46:23.810,4.697,200
2020-09-17 09:46:23.810,4.697,300
2020-09-17 09:46:23.810,4.697,6200
2020-09-17 09:46:23.810,4.697,2000
2020-09-17 09:46:23.810,4.697,500
2020-09-17 09:46:23.810,4.697,100
2020-09-17 09:46:23.810,4.697,400
2020-09-17 09:46:23.810,4.697,100
2020-09-17 09:46:23.810,4.697,100
2020-09-17 09:46:23.810,4.697,300
2020-09-17 09:46:23.810,4.697,200
2020-09-17 09:46:23.810,4.697,1000
2020-09-17 09:46:23.810,4.697,5000
2020-09-17 09:46:23.810,4.697,5000
2020-09-17 09:46:23.810,4.697,7000
2020-09-17 09:46:23.810,4.697,500
2020-09-17 09:46:23.810,4.697,8300
2020-09-17 09:46:23.810,4.697,2000
2020-09-17 09:46:23.810,4.697,3600
2020-09-17 09:46:23.810,4.697,1000
2020-09-17 09:46:23.810,4.697,1000
2020-09-17 09:46:23.810,4.697,400
2020-09-17 09:46:23.810,4.697,1200
2020-09-17 09:46:23.810,4.697,70000
2020-09-17 09:46:23.810,4.697,42900
2020-09-17 09:46:24.360,4.698,20000
2020-09-17 09:46:25.300,4.697,10300
2020-09-17 09:46:25.300,4.697,60000
2020-09-17 09:46:28.350,4.697,7000
2020-09-17 09:46:29.230,4.696,2000
2020-09-17 09:46:29.230,4.696,300
2020-09-17 09:46:29.230,4.696,800
2020-09-17 09:46:29.230,4.696,300
2020-09-17 09:46:29.230,4.696,5000
2020-09-17 09:46:29.230,4.696,3400
2020-09-17 09:46:30.160,4.697,300
2020-09-17 09:46:31.370,4.697,100
2020-09-17 09:46:31.660,4.697,100
2020-09-17 09:46:31.730,4.697,22200
2020-09-17 09:46:31.730,4.697,18800
2020-09-17 09:46:32.270,4.697,1000
2020-09-17 09:46:32.990,4.696,10500
2020-09-17 09:46:32.990,4.696,5000
2020-09-17 09:46:32.990,4.696,3000
2020-09-17 09:46:32.990,4.696,25400
2020-09-17 09:46:32.990,4.696,5600
2020-09-17 09:46:32.990,4.696,8000
2020-09-17 09:46:32.990,4.696,500
2020-09-17 09:46:32.990,4.696,2000
2020-09-17 09:46:32.990,4.696,5700
2020-09-17 09:46:33.160,4.696,1200
2020-09-17 09:46:33.950,4.696,3100
2020-09-17 09:46:33.950,4.696,500
2020-09-17 09:46:33.950,4.696,1400
2020-09-17 09:46:34.150,4.697,100
2020-09-17 09:46:35.610,4.697,7100
2020-09-17 09:46:37.340,4.697,1000
2020-09-17 09:46:37.340,4.696,600
2020-09-17 09:46:37.340,4.696,1400
2020-09-17 09:46:37.610,4.697,2000
2020-09-17 09:46:37.850,4.697,200
2020-09-17 09:46:40.540,4.696,1000
2020-09-17 09:46:40.850,4.697,300
2020-09-17 09:46:41.100,4.697,100
2020-09-17 09:46:41.200,4.697,100
2020-09-17 09:46:41.200,4.696,3000
2020-09-17 09:46:41.200,4.696,200
2020-09-17 09:46:41.200,4.696,4400
2020-09-17 09:46:41.610,4.696,4000
2020-09-17 09:46:43.340,4.696,1600
2020-09-17 09:46:43.340,4.696,1900
2020-09-17 09:46:44.370,4.697,100
2020-09-17 09:46:44.750,4.697,100
2020-09-17 09:46:44.770,4.697,4200
2020-09-17 09:46:45.550,4.697,1200
2020-09-17 09:46:45.860,4.696,500
2020-09-17 09:46:46.660,4.696,1000
2020-09-17 09:46:46.990,4.696,2600
2020-09-17 09:46:46.990,4.696,100
2020-09-17 09:46:46.990,4.696,200
2020-09-17 09:46:46.990,4.696,2300
2020-09-17 09:46:46.990,4.696,200
2020-09-17 09:46:46.990,4.696,1000
2020-09-17 09:46:46.990,4.696,15000
2020-09-17 09:46:46.990,4.696,10000
2020-09-17 09:46:46.990,4.696,3000
2020-09-17 09:46:46.990,4.696,1000
2020-09-17 09:46:46.990,4.696,1600
2020-09-17 09:46:46.990,4.696,2000
2020-09-17 09:46:46.990,4.696,4500
2020-09-17 09:46:46.990,4.696,300
2020-09-17 09:46:46.990,4.696,500
2020-09-17 09:46:46.990,4.696,500
2020-09-17 09:46:46.990,4.696,100
2020-09-17 09:46:46.990,4.696,10000
2020-09-17 09:46:46.990,4.696,100
2020-09-17 09:46:46.990,4.696,100
2020-09-17 09:46:46.990,4.696,1000
2020-09-17 09:46:46.990,4.696,16800
2020-09-17 09:46:47.850,4.696,2700
2020-09-17 09:46:48.170,4.697,100
2020-09-17 09:46:49.130,4.697,3000
2020-09-17 09:46:49.440,4.697,10000
2020-09-17 09:46:49.770,4.696,500
2020-09-17 09:46:49.770,4.696,1000
2020-09-17 09:46:49.770,4.696,500
2020-09-17 09:46:49.770,4.696,100
2020-09-17 09:46:49.770,4.696,100
2020-09-17 09:46:49.770,4.696,200
2020-09-17 09:46:49.770,4.696,200
2020-09-17 09:46:49.770,4.696,5000
2020-09-17 09:46:49.770,4.696,11200
2020-09-17 09:46:50.660,4.697,800
2020-09-17 09:46:52.190,4.696,8800
2020-09-17 09:46:52.190,4.696,300
2020-09-17 09:46:52.190,4.696,2600
2020-09-17 09:46:52.190,4.696,5000
2020-09-17 09:46:52.190,4.696,1000
2020-09-17 09:46:52.190,4.696,500
2020-09-17 09:46:52.190,4.696,4400
2020-09-17 09:46:52.190,4.696,7400
2020-09-17 09:46:52.220,4.697,5000
2020-09-17 09:46:53.180,4.696,1900
2020-09-17 09:46:53.180,4.696,300
2020-09-17 09:46:53.620,4.697,1000
2020-09-17 09:46:55.110,4.696,700
2020-09-17 09:46:55.110,4.696,9300
2020-09-17 09:46:55.640,4.697,100
2020-09-17 09:46:56.210,4.697,100
2020-09-17 09:46:57.510,4.697,1000
2020-09-17 09:46:58.400,4.696,500
2020-09-17 09:46:59.440,4.696,200
2020-09-17 09:46:59.440,4.696,1000
2020-09-17 09:46:59.440,4.696,800
2020-09-17 09:47:00.280,4.696,9200
2020-09-17 09:47:00.280,4.696,1000
2020-09-17 09:47:00.280,4.696,9800
2020-09-17 09:47:00.930,4.697,1000
2020-09-17 09:47:02.880,4.697,200
2020-09-17 09:47:02.960,4.696,200
2020-09-17 09:47:02.960,4.696,4000
2020-09-17 09:47:02.960,4.696,100
2020-09-17 09:47:02.960,4.696,26000
2020-09-17 09:47:02.960,4.696,500
2020-09-17 09:47:02.960,4.696,500
2020-09-17 09:47:03.520,4.696,10000
2020-09-17 09:47:03.990,4.696,3700
2020-09-17 09:47:03.990,4.697,22000
2020-09-17 09:47:03.990,4.697,10000
2020-09-17 09:47:03.990,4.697,4300
2020-09-17 09:47:05.020,4.696,1500
2020-09-17 09:47:05.130,4.696,8500
2020-09-17 09:47:05.130,4.696,100
2020-09-17 09:47:06.340,4.697,5600
2020-09-17 09:47:06.340,4.697,300
2020-09-17 09:47:06.340,4.697,800
2020-09-17 09:47:06.340,4.697,60000
2020-09-17 09:47:06.930,4.697,2000
2020-09-17 09:47:06.990,4.697,10000
2020-09-17 09:47:07.230,4.697,21300
2020-09-17 09:47:07.230,4.696,91400
2020-09-17 09:47:07.230,4.695,300
2020-09-17 09:47:07.230,4.695,100
2020-09-17 09:47:07.230,4.695,50000
2020-09-17 09:47:07.230,4.695,50000
2020-09-17 09:47:07.230,4.695,5000
2020-09-17 09:47:07.230,4.695,100
2020-09-17 09:47:07.230,4.695,2100
2020-09-17 09:47:07.230,4.695,900
2020-09-17 09:47:07.230,4.695,25500
2020-09-17 09:47:07.230,4.695,200
2020-09-17 09:47:07.230,4.695,2500
2020-09-17 09:47:07.230,4.695,100
2020-09-17 09:47:07.230,4.695,8000
2020-09-17 09:47:07.230,4.695,1000
2020-09-17 09:47:07.230,4.695,100
2020-09-17 09:47:07.230,4.695,200
2020-09-17 09:47:07.230,4.695,100
2020-09-17 09:47:07.230,4.695,2000
2020-09-17 09:47:07.230,4.695,2500
2020-09-17 09:47:07.230,4.695,300
2020-09-17 09:47:07.230,4.695,100
2020-09-17 09:47:07.230,4.695,1200
2020-09-17 09:47:07.230,4.695,200
2020-09-17 09:47:07.230,4.695,2000
2020-09-17 09:47:07.230,4.695,2000
2020-09-17 09:47:07.230,4.695,2100
2020-09-17 09:47:07.230,4.695,26600
2020-09-17 09:47:07.230,4.695,1000
2020-09-17 09:47:07.230,4.695,5000
2020-09-17 09:47:07.230,4.695,16100
2020-09-17 09:47:10.610,4.697,500
2020-09-17 09:47:10.690,4.697,500
2020-09-17 09:47:11.860,4.696,200
2020-09-17 09:47:11.860,4.696,200
2020-09-17 09:47:11.860,4.696,200
2020-09-17 09:47:12.370,4.697,200
2020-09-17 09:47:14.230,4.696,300
2020-09-17 09:47:14.230,4.696,200
2020-09-17 09:47:14.230,4.696,1000
