Datetime,Price,Volume
2020-10-22 09:25:00.070,3.423,6800
2020-10-22 09:25:00.070,3.423,6600
2020-10-22 09:25:00.070,3.423,1000
2020-10-22 09:25:00.070,3.423,100
2020-10-22 09:25:00.070,3.423,100
2020-10-22 09:25:00.070,3.423,100
2020-10-22 09:25:00.070,3.423,1400
2020-10-22 09:25:00.070,3.423,200
2020-10-22 09:25:00.070,3.423,59300
2020-10-22 09:25:00.070,3.423,10000
2020-10-22 09:25:00.070,3.423,17000
2020-10-22 09:25:00.070,3.423,13500
2020-10-22 09:25:00.070,3.423,16500
2020-10-22 09:25:00.070,3.423,1000
2020-10-22 09:25:00.070,3.423,100
2020-10-22 09:25:00.070,3.423,52
2020-10-22 09:25:00.070,3.423,1000
2020-10-22 09:25:00.070,3.423,20000
2020-10-22 09:25:00.070,3.423,11348
2020-10-22 09:25:00.070,3.423,2000
2020-10-22 09:25:00.070,3.423,200
2020-10-22 09:25:00.070,3.423,200
2020-10-22 09:25:00.070,3.423,1500
2020-10-22 09:25:00.070,3.423,6000
2020-10-22 09:25:00.070,3.423,11000
2020-10-22 09:25:00.070,3.423,1000
2020-10-22 09:25:00.070,3.423,3000
2020-10-22 09:25:00.070,3.423,2500
2020-10-22 09:25:00.070,3.423,1000
2020-10-22 09:25:00.070,3.423,100
2020-10-22 09:25:00.070,3.423,100
2020-10-22 09:25:00.070,3.423,200
2020-10-22 09:25:00.070,3.423,300
2020-10-22 09:25:00.070,3.423,1900
2020-10-22 09:25:00.070,3.423,100
2020-10-22 09:25:00.070,3.423,100
2020-10-22 09:25:00.070,3.423,200
2020-10-22 09:25:00.070,3.423,300
2020-10-22 09:25:00.070,3.423,1400
2020-10-22 09:25:00.070,3.423,300
2020-10-22 09:25:00.070,3.423,252
2020-10-22 09:25:00.070,3.423,548
2020-10-22 09:25:00.070,3.423,9452
2020-10-22 09:25:00.070,3.423,3000
2020-10-22 09:25:00.070,3.423,1000
2020-10-22 09:25:00.070,3.423,6748
2020-10-22 09:25:00.070,3.423,2052
2020-10-22 09:25:00.070,3.423,948
2020-10-22 09:25:00.070,3.423,200
2020-10-22 09:25:00.070,3.423,500
2020-10-22 09:25:00.070,3.423,5100
2020-10-22 09:25:00.070,3.423,3252
2020-10-22 09:25:00.070,3.423,5000
2020-10-22 09:25:00.070,3.423,6000
2020-10-22 09:25:00.070,3.423,300
2020-10-22 09:25:00.070,3.423,6700
2020-10-22 09:25:00.070,3.423,748
2020-10-22 09:25:00.070,3.423,100
2020-10-22 09:25:00.070,3.423,1900
2020-10-22 09:25:00.070,3.423,7700
2020-10-22 09:25:00.070,3.423,100
2020-10-22 09:25:00.070,3.423,1800
2020-10-22 09:25:00.070,3.423,200
2020-10-22 09:25:00.070,3.423,5000
2020-10-22 09:25:00.070,3.423,2452
2020-10-22 09:25:00.070,3.423,12348
2020-10-22 09:25:00.070,3.423,100
2020-10-22 09:25:00.070,3.423,100000
2020-10-22 09:25:00.070,3.423,500
2020-10-22 09:25:00.070,3.423,5700
2020-10-22 09:25:00.070,3.423,300
2020-10-22 09:25:00.070,3.423,13600
2020-10-22 09:25:00.070,3.423,3300
2020-10-22 09:25:00.070,3.423,2000
2020-10-22 09:25:00.070,3.423,500
2020-10-22 09:25:00.070,3.423,3000
2020-10-22 09:25:00.070,3.423,200
2020-10-22 09:25:00.070,3.423,5000
2020-10-22 09:25:00.070,3.423,200
2020-10-22 09:25:00.070,3.423,100
2020-10-22 09:25:00.070,3.423,3400
2020-10-22 09:25:00.070,3.423,600
2020-10-22 09:25:00.070,3.423,200
2020-10-22 09:25:00.070,3.423,1000
2020-10-22 09:25:00.070,3.423,100
2020-10-22 09:25:00.070,3.423,6352
2020-10-22 09:25:00.070,3.423,13648
2020-10-22 09:25:00.070,3.423,50000
2020-10-22 09:25:00.070,3.423,200
2020-10-22 09:25:00.070,3.423,100
2020-10-22 09:25:00.070,3.423,2000
2020-10-22 09:25:00.070,3.423,200
2020-10-22 09:25:00.070,3.423,5000
2020-10-22 09:25:00.070,3.423,3000
2020-10-22 09:25:00.070,3.423,100
2020-10-22 09:25:00.070,3.423,17500
2020-10-22 09:25:00.070,3.423,4600
2020-10-22 09:25:00.070,3.423,3000
2020-10-22 09:25:00.070,3.423,2900
2020-10-22 09:25:00.070,3.423,200
2020-10-22 09:25:00.070,3.423,5000
2020-10-22 09:25:00.070,3.423,9000
2020-10-22 09:25:00.070,3.423,200
2020-10-22 09:25:00.070,3.423,100
2020-10-22 09:25:00.070,3.423,5900
2020-10-22 09:25:00.070,3.423,200
2020-10-22 09:25:00.070,3.423,5252
2020-10-22 09:25:00.070,3.423,14748
2020-10-22 09:25:00.070,3.423,8000
2020-10-22 09:25:00.070,3.423,15000
2020-10-22 09:25:00.070,3.423,100
2020-10-22 09:25:00.070,3.423,200
2020-10-22 09:25:00.070,3.423,1000
2020-10-22 09:25:00.070,3.423,9000
2020-10-22 09:25:00.070,3.423,20000
2020-10-22 09:25:00.070,3.423,100
2020-10-22 09:25:00.070,3.423,200
2020-10-22 09:25:00.070,3.423,100
2020-10-22 09:25:00.070,3.423,200
2020-10-22 09:25:00.070,3.423,1000
2020-10-22 09:25:00.070,3.423,9000
2020-10-22 09:30:00.060,3.422,100
2020-10-22 09:30:00.060,3.422,200
2020-10-22 09:30:00.060,3.422,1000
2020-10-22 09:30:00.060,3.422,5000
2020-10-22 09:30:00.060,3.422,10000
2020-10-22 09:30:00.060,3.421,300
2020-10-22 09:30:00.060,3.421,100
2020-10-22 09:30:00.060,3.421,200
2020-10-22 09:30:00.060,3.421,1000
2020-10-22 09:30:00.060,3.421,10000
2020-10-22 09:30:00.060,3.42,100
2020-10-22 09:30:00.060,3.42,1000
2020-10-22 09:30:00.060,3.42,200
2020-10-22 09:30:00.060,3.42,1000
2020-10-22 09:30:00.060,3.42,1000
2020-10-22 09:30:00.060,3.42,500
2020-10-22 09:30:00.060,3.42,2000
2020-10-22 09:30:00.060,3.42,500
2020-10-22 09:30:00.060,3.42,20000
2020-10-22 09:30:00.060,3.42,20000
2020-10-22 09:30:00.060,3.42,15000
2020-10-22 09:30:00.060,3.42,10000
2020-10-22 09:30:00.360,3.42,300
2020-10-22 09:30:00.430,3.42,10000
2020-10-22 09:30:00.540,3.42,9000
2020-10-22 09:30:00.540,3.419,3100
2020-10-22 09:30:00.540,3.42,247800
2020-10-22 09:30:00.540,3.42,80700
2020-10-22 09:30:00.540,3.42,5000
2020-10-22 09:30:00.540,3.421,60000
2020-10-22 09:30:00.540,3.422,102900
2020-10-22 09:30:00.540,3.422,200
2020-10-22 09:30:00.540,3.422,3000
2020-10-22 09:30:00.540,3.422,400
2020-10-22 09:30:00.750,3.42,200
2020-10-22 09:30:00.750,3.419,3600
2020-10-22 09:30:00.750,3.419,100
2020-10-22 09:30:00.750,3.419,200
2020-10-22 09:30:00.750,3.419,20000
2020-10-22 09:30:00.750,3.419,10000
2020-10-22 09:30:00.750,3.419,58500
2020-10-22 09:30:00.750,3.419,1000
2020-10-22 09:30:00.880,3.419,100
2020-10-22 09:30:00.930,3.419,106500
2020-10-22 09:30:00.930,3.42,26300
2020-10-22 09:30:00.930,3.42,5000
2020-10-22 09:30:00.930,3.422,20000
2020-10-22 09:30:00.930,3.422,5000
2020-10-22 09:30:00.930,3.422,3000
2020-10-22 09:30:00.930,3.423,18000
2020-10-22 09:30:00.970,3.423,90000
2020-10-22 09:30:01.010,3.422,10000
2020-10-22 09:30:01.080,3.423,500
2020-10-22 09:30:01.080,3.422,24200
2020-10-22 09:30:01.340,3.42,20000
2020-10-22 09:30:01.340,3.421,5900
2020-10-22 09:30:01.430,3.42,7200
2020-10-22 09:30:01.430,3.421,5000
2020-10-22 09:30:01.660,3.421,10000
2020-10-22 09:30:01.770,3.421,50100
2020-10-22 09:30:01.770,3.421,59000
2020-10-22 09:30:01.770,3.421,51100
2020-10-22 09:30:01.920,3.42,22800
2020-10-22 09:30:01.920,3.42,100
2020-10-22 09:30:01.920,3.42,300
2020-10-22 09:30:01.920,3.419,100
2020-10-22 09:30:02.040,3.419,200
2020-10-22 09:30:02.040,3.419,3000
2020-10-22 09:30:02.040,3.419,5000
2020-10-22 09:30:02.210,3.419,1100
2020-10-22 09:30:02.210,3.419,3000
2020-10-22 09:30:02.320,3.419,6000
2020-10-22 09:30:02.320,3.419,1000
2020-10-22 09:30:02.320,3.419,100
2020-10-22 09:30:02.320,3.419,100
2020-10-22 09:30:02.320,3.419,15000
2020-10-22 09:30:02.440,3.419,6300
2020-10-22 09:30:02.440,3.42,43700
2020-10-22 09:30:02.550,3.42,50000
2020-10-22 09:30:02.550,3.42,10000
2020-10-22 09:30:02.630,3.42,100
2020-10-22 09:30:02.790,3.42,800
2020-10-22 09:30:02.790,3.42,14700
2020-10-22 09:30:02.930,3.42,3000
2020-10-22 09:30:02.930,3.42,9300
2020-10-22 09:30:03.000,3.42,137000
2020-10-22 09:30:03.070,3.42,600
2020-10-22 09:30:03.070,3.42,1000
2020-10-22 09:30:03.120,3.42,100
2020-10-22 09:30:03.330,3.42,7000
2020-10-22 09:30:03.410,3.42,30000
2020-10-22 09:30:03.410,3.42,40000
2020-10-22 09:30:03.410,3.42,30000
2020-10-22 09:30:03.410,3.42,40000
2020-10-22 09:30:03.410,3.42,40000
2020-10-22 09:30:03.410,3.42,40000
2020-10-22 09:30:03.470,3.42,3100
2020-10-22 09:30:03.470,3.42,30000
2020-10-22 09:30:03.470,3.42,30000
2020-10-22 09:30:03.470,3.42,30000
2020-10-22 09:30:03.470,3.42,40000
2020-10-22 09:30:03.470,3.42,40000
2020-10-22 09:30:03.470,3.42,40000
2020-10-22 09:30:03.470,3.42,20900
2020-10-22 09:30:03.470,3.42,6000
2020-10-22 09:30:03.470,3.42,1300
2020-10-22 09:30:03.470,3.421,44500
2020-10-22 09:30:03.470,3.421,3200
2020-10-22 09:30:03.470,3.421,7000
2020-10-22 09:30:03.470,3.421,1000
2020-10-22 09:30:03.470,3.421,1000
2020-10-22 09:30:03.470,3.421,15100
2020-10-22 09:30:03.470,3.42,4000
2020-10-22 09:30:03.530,3.421,60000
2020-10-22 09:30:03.530,3.421,3300
2020-10-22 09:30:03.530,3.421,5000
2020-10-22 09:30:03.530,3.421,10000
2020-10-22 09:30:03.530,3.421,5800
2020-10-22 09:30:03.530,3.422,2000
2020-10-22 09:30:03.530,3.422,23900
2020-10-22 09:30:03.530,3.422,6100
2020-10-22 09:30:03.530,3.422,5000
2020-10-22 09:30:03.530,3.422,400
2020-10-22 09:30:03.530,3.422,1000
2020-10-22 09:30:03.530,3.422,18100
2020-10-22 09:30:03.800,3.42,3000
2020-10-22 09:30:03.800,3.42,13000
2020-10-22 09:30:03.870,3.42,20000
2020-10-22 09:30:04.000,3.42,2000
2020-10-22 09:30:04.000,3.42,100
2020-10-22 09:30:04.070,3.42,100000
2020-10-22 09:30:04.130,3.42,400
2020-10-22 09:30:04.130,3.42,100000
2020-10-22 09:30:04.340,3.42,35100
2020-10-22 09:30:04.580,3.419,30000
2020-10-22 09:30:04.580,3.42,25000
2020-10-22 09:30:04.580,3.42,8400
2020-10-22 09:30:04.650,3.42,34500
2020-10-22 09:30:04.650,3.42,15500
2020-10-22 09:30:04.650,3.419,10000
2020-10-22 09:30:04.650,3.419,30000
2020-10-22 09:30:04.650,3.419,30000
2020-10-22 09:30:04.650,3.419,40000
2020-10-22 09:30:04.650,3.419,40000
2020-10-22 09:30:04.650,3.419,3200
2020-10-22 09:30:04.650,3.418,100
2020-10-22 09:30:04.650,3.418,200
2020-10-22 09:30:04.650,3.418,1000
2020-10-22 09:30:04.650,3.418,10000
2020-10-22 09:30:04.650,3.418,10000
2020-10-22 09:30:04.650,3.418,5000
2020-10-22 09:30:04.650,3.418,20000
2020-10-22 09:30:04.650,3.418,100
2020-10-22 09:30:04.650,3.418,8000
2020-10-22 09:30:04.650,3.418,2400
2020-10-22 09:30:04.650,3.42,29200
2020-10-22 09:30:04.860,3.42,300
2020-10-22 09:30:05.220,3.42,100000
2020-10-22 09:30:05.350,3.42,3800
2020-10-22 09:30:05.470,3.42,200
2020-10-22 09:30:05.470,3.42,200
2020-10-22 09:30:05.540,3.42,100000
2020-10-22 09:30:06.590,3.42,50800
2020-10-22 09:30:06.590,3.42,20000
2020-10-22 09:30:06.590,3.42,20000
2020-10-22 09:30:08.760,3.421,600
2020-10-22 09:30:08.760,3.421,11800
2020-10-22 09:30:09.550,3.421,1800
2020-10-22 09:30:09.610,3.42,10000
2020-10-22 09:30:09.610,3.42,2000
2020-10-22 09:30:09.810,3.419,500
2020-10-22 09:30:09.810,3.419,60000
2020-10-22 09:30:10.280,3.419,100000
2020-10-22 09:30:11.050,3.419,1000
2020-10-22 09:30:11.080,3.419,2600
2020-10-22 09:30:12.290,3.418,500
2020-10-22 09:30:12.560,3.419,107900
2020-10-22 09:30:12.870,3.419,16000
2020-10-22 09:30:12.870,3.42,64000
2020-10-22 09:30:13.080,3.42,2000
2020-10-22 09:30:13.080,3.42,5000
2020-10-22 09:30:13.370,3.42,40000
2020-10-22 09:30:13.370,3.42,40000
2020-10-22 09:30:13.370,3.42,40000
2020-10-22 09:30:13.370,3.42,30000
2020-10-22 09:30:13.670,3.42,1000
2020-10-22 09:30:14.120,3.419,400
2020-10-22 09:30:14.290,3.42,11800
2020-10-22 09:30:14.660,3.42,11800
2020-10-22 09:30:14.860,3.42,2000
2020-10-22 09:30:15.000,3.42,11800
2020-10-22 09:30:15.070,3.42,2900
2020-10-22 09:30:15.280,3.42,1200
2020-10-22 09:30:15.280,3.42,1200
2020-10-22 09:30:15.350,3.42,11800
2020-10-22 09:30:16.080,3.419,30000
2020-10-22 09:30:16.080,3.419,60000
2020-10-22 09:30:16.500,3.419,800
2020-10-22 09:30:16.800,3.419,1100
2020-10-22 09:30:17.200,3.42,6000
2020-10-22 09:30:18.170,3.42,6000
2020-10-22 09:30:18.760,3.42,11500
2020-10-22 09:30:18.760,3.42,28500
2020-10-22 09:30:18.830,3.42,30000
2020-10-22 09:30:18.860,3.42,20000
2020-10-22 09:30:18.920,3.42,30000
2020-10-22 09:30:18.950,3.42,10000
2020-10-22 09:30:19.200,3.419,5000
2020-10-22 09:30:20.170,3.42,10000
2020-10-22 09:30:20.230,3.42,162852
2020-10-22 09:30:20.710,3.42,2000
2020-10-22 09:30:20.930,3.42,10000
2020-10-22 09:30:22.720,3.421,6000
2020-10-22 09:30:24.290,3.422,2000
2020-10-22 09:30:25.150,3.422,7100
2020-10-22 09:30:25.150,3.422,300
2020-10-22 09:30:25.150,3.422,42600
2020-10-22 09:30:25.520,3.421,4500
2020-10-22 09:30:26.550,3.422,7400
2020-10-22 09:30:26.550,3.422,2600
2020-10-22 09:30:28.580,3.422,10000
2020-10-22 09:30:28.960,3.421,3400
2020-10-22 09:30:28.960,3.42,3600
2020-10-22 09:30:29.510,3.422,87400
2020-10-22 09:30:29.510,3.422,300
2020-10-22 09:30:29.510,3.422,5000
2020-10-22 09:30:29.510,3.422,5000
2020-10-22 09:30:29.510,3.422,11400
2020-10-22 09:30:29.940,3.421,10000
2020-10-22 09:30:30.300,3.422,38600
2020-10-22 09:30:30.300,3.422,2000
2020-10-22 09:30:30.300,3.422,5000
2020-10-22 09:30:30.300,3.422,4400
2020-10-22 09:30:30.820,3.421,7700
2020-10-22 09:30:31.270,3.422,1600
2020-10-22 09:30:31.580,3.421,32300
2020-10-22 09:30:31.580,3.421,30000
2020-10-22 09:30:31.580,3.421,9000
2020-10-22 09:30:32.120,3.42,200
2020-10-22 09:30:32.280,3.42,112848
2020-10-22 09:30:32.280,3.42,10000
2020-10-22 09:30:32.280,3.42,30000
2020-10-22 09:30:32.280,3.42,30000
2020-10-22 09:30:32.280,3.42,40000
2020-10-22 09:30:32.280,3.42,30000
2020-10-22 09:30:32.280,3.42,100000
2020-10-22 09:30:32.280,3.42,40000
2020-10-22 09:30:32.280,3.42,200
2020-10-22 09:30:33.210,3.42,30000
2020-10-22 09:30:33.290,3.42,30000
2020-10-22 09:30:33.290,3.42,30000
2020-10-22 09:30:33.320,3.42,30000
2020-10-22 09:30:33.920,3.42,186952
2020-10-22 09:30:33.920,3.421,113048
2020-10-22 09:30:34.020,3.421,33352
2020-10-22 09:30:34.020,3.421,10000
2020-10-22 09:30:35.510,3.421,600
2020-10-22 09:30:36.520,3.422,300
2020-10-22 09:30:36.520,3.422,6000
2020-10-22 09:30:36.520,3.422,500
2020-10-22 09:30:36.520,3.422,3600
2020-10-22 09:30:36.520,3.422,5000
2020-10-22 09:30:36.520,3.422,50000
2020-10-22 09:30:36.520,3.422,4600
2020-10-22 09:30:36.520,3.422,400
2020-10-22 09:30:36.520,3.422,14600
2020-10-22 09:30:36.520,3.422,100
2020-10-22 09:30:36.520,3.422,8000
2020-10-22 09:30:36.520,3.422,6900
2020-10-22 09:30:36.520,3.422,3100
2020-10-22 09:30:36.520,3.422,6000
2020-10-22 09:30:36.520,3.422,900
2020-10-22 09:30:36.520,3.422,8500
2020-10-22 09:30:36.520,3.422,41500
2020-10-22 09:30:36.650,3.422,30000
2020-10-22 09:30:38.100,3.422,500
2020-10-22 09:30:38.650,3.422,1600
2020-10-22 09:30:39.170,3.422,60000
2020-10-22 09:30:40.020,3.422,1500
2020-10-22 09:30:40.080,3.421,5000
2020-10-22 09:30:40.080,3.421,20000
2020-10-22 09:30:40.080,3.421,4200
2020-10-22 09:30:40.230,3.421,100
2020-10-22 09:30:40.360,3.422,14900
2020-10-22 09:30:40.360,3.422,600
2020-10-22 09:30:41.780,3.422,7500
2020-10-22 09:30:41.840,3.422,17000
2020-10-22 09:30:41.840,3.421,16300
2020-10-22 09:30:42.930,3.421,1300
2020-10-22 09:30:43.810,3.421,8100
2020-10-22 09:30:43.810,3.421,17900
2020-10-22 09:30:45.350,3.421,282100
2020-10-22 09:30:45.350,3.421,17900
2020-10-22 09:30:46.730,3.421,182100
2020-10-22 09:30:46.730,3.421,10800
2020-10-22 09:30:47.260,3.421,40000
2020-10-22 09:30:47.470,3.421,300
2020-10-22 09:30:47.740,3.421,66800
2020-10-22 09:30:47.740,3.421,3200
2020-10-22 09:30:47.980,3.421,10000
2020-10-22 09:30:48.170,3.421,80000
2020-10-22 09:30:48.170,3.421,40000
2020-10-22 09:30:48.320,3.421,63100
2020-10-22 09:30:48.720,3.421,100000
2020-10-22 09:30:48.720,3.421,40000
2020-10-22 09:30:48.720,3.421,100000
2020-10-22 09:30:48.720,3.421,100000
2020-10-22 09:30:48.790,3.421,100000
2020-10-22 09:30:48.790,3.421,30000
2020-10-22 09:30:48.790,3.421,100000
2020-10-22 09:30:48.790,3.421,40000
2020-10-22 09:30:48.790,3.421,80000
2020-10-22 09:30:48.790,3.421,20000
2020-10-22 09:30:48.790,3.421,10000
2020-10-22 09:30:48.790,3.421,60000
2020-10-22 09:30:50.300,3.421,23700
2020-10-22 09:30:50.300,3.421,200
2020-10-22 09:30:50.300,3.421,16100
2020-10-22 09:30:51.100,3.421,80000
2020-10-22 09:30:51.100,3.421,30000
2020-10-22 09:30:52.170,3.421,1100
2020-10-22 09:30:52.200,3.42,10100
2020-10-22 09:30:52.350,3.421,14600
2020-10-22 09:30:52.350,3.421,15000
2020-10-22 09:30:52.760,3.421,400
2020-10-22 09:30:52.760,3.421,100
2020-10-22 09:30:53.280,3.422,150000
2020-10-22 09:30:53.280,3.422,150000
2020-10-22 09:30:53.790,3.421,29900
2020-10-22 09:30:53.790,3.421,100
2020-10-22 09:30:53.820,3.421,10000
2020-10-22 09:30:53.860,3.421,5000
2020-10-22 09:30:54.160,3.422,1000
2020-10-22 09:30:54.160,3.422,39000
2020-10-22 09:30:54.160,3.422,40000
2020-10-22 09:30:54.160,3.422,60000
2020-10-22 09:30:54.160,3.422,30000
2020-10-22 09:30:54.160,3.422,60000
2020-10-22 09:30:54.160,3.422,71000
2020-10-22 09:30:54.160,3.422,4000
2020-10-22 09:30:54.160,3.422,500
2020-10-22 09:30:54.160,3.422,24500
2020-10-22 09:30:54.310,3.422,40000
2020-10-22 09:30:55.860,3.422,10000
2020-10-22 09:30:57.120,3.422,30000
2020-10-22 09:30:57.330,3.422,14500
2020-10-22 09:30:58.070,3.422,3000
2020-10-22 09:30:58.200,3.423,5000
2020-10-22 09:30:59.310,3.422,600
2020-10-22 09:31:02.120,3.422,5000
2020-10-22 09:31:03.670,3.422,16900
2020-10-22 09:31:03.670,3.422,2000
2020-10-22 09:31:03.670,3.422,2000
2020-10-22 09:31:04.560,3.422,2500
2020-10-22 09:31:05.260,3.422,2000
2020-10-22 09:31:05.320,3.422,30000
2020-10-22 09:31:05.980,3.422,50000
2020-10-22 09:31:06.240,3.422,15100
2020-10-22 09:31:07.270,3.423,1000
2020-10-22 09:31:07.270,3.423,500
2020-10-22 09:31:07.270,3.423,1000
2020-10-22 09:31:07.270,3.423,500
2020-10-22 09:31:07.420,3.423,1600
2020-10-22 09:31:07.420,3.422,3200
2020-10-22 09:31:10.110,3.422,21700
2020-10-22 09:31:10.110,3.422,19400
2020-10-22 09:31:10.320,3.422,10600
2020-10-22 09:31:10.320,3.422,15500
2020-10-22 09:31:11.450,3.422,32200
2020-10-22 09:31:11.450,3.422,5000
2020-10-22 09:31:12.000,3.422,10000
2020-10-22 09:31:13.380,3.422,2800
2020-10-22 09:31:14.100,3.423,14600
2020-10-22 09:31:14.290,3.422,6100
2020-10-22 09:31:14.530,3.423,1000
2020-10-22 09:31:14.750,3.423,12500
2020-10-22 09:31:14.750,3.423,7000
2020-10-22 09:31:14.750,3.423,10000
2020-10-22 09:31:14.750,3.423,53900
2020-10-22 09:31:14.750,3.423,200
2020-10-22 09:31:14.750,3.423,7300
2020-10-22 09:31:14.750,3.423,10000
2020-10-22 09:31:14.750,3.423,2000
2020-10-22 09:31:14.750,3.423,2000
2020-10-22 09:31:14.750,3.423,10000
2020-10-22 09:31:14.750,3.423,500
2020-10-22 09:31:14.750,3.423,300
2020-10-22 09:31:14.750,3.423,224300
2020-10-22 09:31:14.970,3.423,5000
2020-10-22 09:31:15.860,3.422,1200
2020-10-22 09:31:16.760,3.423,70700
2020-10-22 09:31:16.760,3.423,3000
2020-10-22 09:31:17.660,3.423,6300
2020-10-22 09:31:17.660,3.423,3000
2020-10-22 09:31:17.860,3.422,2000
2020-10-22 09:31:18.070,3.422,7900
2020-10-22 09:31:18.070,3.422,2100
2020-10-22 09:31:18.170,3.422,1800
2020-10-22 09:31:18.900,3.423,700
2020-10-22 09:31:18.900,3.424,2300
2020-10-22 09:31:20.760,3.423,14700
2020-10-22 09:31:21.040,3.424,2300
2020-10-22 09:31:21.930,3.423,16100
2020-10-22 09:31:23.570,3.423,200
2020-10-22 09:31:23.570,3.423,800
2020-10-22 09:31:23.570,3.423,14900
2020-10-22 09:31:24.120,3.424,5400
2020-10-22 09:31:24.120,3.424,400
2020-10-22 09:31:24.120,3.424,5000
2020-10-22 09:31:24.120,3.424,10000
2020-10-22 09:31:24.120,3.424,47000
2020-10-22 09:31:24.120,3.424,11100
2020-10-22 09:31:24.120,3.424,3000
2020-10-22 09:31:24.650,3.424,8900
2020-10-22 09:31:26.620,3.424,9200
2020-10-22 09:31:26.620,3.424,40000
2020-10-22 09:31:26.620,3.424,7900
2020-10-22 09:31:28.210,3.424,300
2020-10-22 09:31:29.200,3.425,10000
2020-10-22 09:31:29.200,3.425,3000
2020-10-22 09:31:29.200,3.425,100
2020-10-22 09:31:29.200,3.425,10000
2020-10-22 09:31:29.200,3.425,16900
2020-10-22 09:31:30.620,3.425,20000
2020-10-22 09:31:30.620,3.425,30000
2020-10-22 09:31:32.440,3.424,1000
2020-10-22 09:31:32.740,3.425,30000
2020-10-22 09:31:32.740,3.425,40000
2020-10-22 09:31:32.740,3.425,80000
2020-10-22 09:31:32.740,3.425,50000
2020-10-22 09:31:32.740,3.425,100000
2020-10-22 09:31:32.740,3.425,40000
2020-10-22 09:31:32.740,3.425,80000
2020-10-22 09:31:33.200,3.425,2100
2020-10-22 09:31:34.250,3.425,9200
2020-10-22 09:31:34.400,3.425,300000
2020-10-22 09:31:34.400,3.425,1000
2020-10-22 09:31:34.840,3.425,100800
2020-10-22 09:31:34.840,3.425,100
2020-10-22 09:31:34.840,3.425,9000
2020-10-22 09:31:34.840,3.425,5000
2020-10-22 09:31:34.840,3.425,400
2020-10-22 09:31:34.840,3.425,1100
2020-10-22 09:31:35.730,3.425,9200
2020-10-22 09:31:36.710,3.426,1100
2020-10-22 09:31:37.470,3.425,1000
2020-10-22 09:31:37.620,3.425,300
2020-10-22 09:31:38.740,3.425,9700
2020-10-22 09:31:38.740,3.425,1200
2020-10-22 09:31:38.740,3.425,3700
2020-10-22 09:31:40.100,3.425,49400
2020-10-22 09:31:40.250,3.426,4000
2020-10-22 09:31:41.210,3.426,200
2020-10-22 09:31:41.540,3.426,8200
2020-10-22 09:31:41.940,3.425,900
2020-10-22 09:31:42.170,3.425,9600
2020-10-22 09:31:42.400,3.425,2000
2020-10-22 09:31:42.430,3.425,1100
2020-10-22 09:31:42.430,3.425,1100
2020-10-22 09:31:42.490,3.426,6500
2020-10-22 09:31:42.490,3.426,4800
2020-10-22 09:31:42.490,3.426,5000
2020-10-22 09:31:42.490,3.426,8700
2020-10-22 09:31:42.840,3.426,1300
2020-10-22 09:31:42.840,3.426,100
2020-10-22 09:31:42.840,3.426,2000
2020-10-22 09:31:42.840,3.426,10000
2020-10-22 09:31:42.840,3.426,500
2020-10-22 09:31:42.840,3.426,1200
2020-10-22 09:31:42.910,3.426,15400
2020-10-22 09:31:42.910,3.425,900
2020-10-22 09:31:44.170,3.426,30000
2020-10-22 09:31:44.620,3.425,10000
2020-10-22 09:31:45.640,3.426,50000
2020-10-22 09:31:47.070,3.426,1000
2020-10-22 09:31:47.290,3.425,10000
2020-10-22 09:31:49.180,3.425,300
2020-10-22 09:31:49.630,3.425,61000
2020-10-22 09:31:49.630,3.425,300
2020-10-22 09:31:49.630,3.425,10000
2020-10-22 09:31:49.630,3.425,20000
2020-10-22 09:31:49.630,3.425,8700
2020-10-22 09:31:49.850,3.426,200000
2020-10-22 09:31:50.060,3.425,1300
2020-10-22 09:31:50.280,3.426,1500
2020-10-22 09:31:51.250,3.425,1200
2020-10-22 09:31:51.250,3.426,34800
2020-10-22 09:31:51.430,3.424,1500
2020-10-22 09:31:53.660,3.426,800
2020-10-22 09:31:55.670,3.425,10000
2020-10-22 09:31:55.970,3.426,100000
2020-10-22 09:31:57.190,3.425,1000
2020-10-22 09:31:57.190,3.426,9000
2020-10-22 09:32:00.290,3.426,800
2020-10-22 09:32:00.500,3.425,4000
2020-10-22 09:32:00.500,3.426,16000
2020-10-22 09:32:00.660,3.426,10000
2020-10-22 09:32:03.770,3.425,3100
2020-10-22 09:32:03.860,3.424,200
2020-10-22 09:32:06.480,3.425,900
2020-10-22 09:32:06.480,3.426,3900
2020-10-22 09:32:07.480,3.425,150000
2020-10-22 09:32:08.430,3.425,400
2020-10-22 09:32:08.770,3.426,100000
2020-10-22 09:32:08.770,3.426,20000
2020-10-22 09:32:09.760,3.426,100
2020-10-22 09:32:10.830,3.425,1000
2020-10-22 09:32:11.780,3.425,10000
2020-10-22 09:32:12.090,3.426,2400
2020-10-22 09:32:12.130,3.426,10000
2020-10-22 09:32:12.780,3.425,8600
2020-10-22 09:32:12.780,3.425,10000
2020-10-22 09:32:13.160,3.425,2000
2020-10-22 09:32:13.180,3.425,5000
2020-10-22 09:32:13.220,3.425,44400
2020-10-22 09:32:13.750,3.425,12000
2020-10-22 09:32:14.740,3.425,1000
2020-10-22 09:32:15.140,3.426,100000
2020-10-22 09:32:15.140,3.426,60000
2020-10-22 09:32:17.280,3.425,15100
2020-10-22 09:32:17.280,3.425,4900
2020-10-22 09:32:17.770,3.426,40000
2020-10-22 09:32:17.770,3.426,10000
2020-10-22 09:32:17.770,3.426,100000
2020-10-22 09:32:17.770,3.426,84300
2020-10-22 09:32:17.770,3.426,3000
2020-10-22 09:32:17.770,3.426,1100
2020-10-22 09:32:17.770,3.426,10000
2020-10-22 09:32:17.770,3.426,1600
2020-10-22 09:32:17.770,3.426,100000
2020-10-22 09:32:17.770,3.426,70000
2020-10-22 09:32:17.770,3.426,50000
2020-10-22 09:32:17.770,3.426,78400
2020-10-22 09:32:17.770,3.426,1000
2020-10-22 09:32:17.770,3.426,400
2020-10-22 09:32:17.770,3.426,4200
2020-10-22 09:32:17.770,3.426,16000
2020-10-22 09:32:18.370,3.425,150000
2020-10-22 09:32:18.470,3.426,200
2020-10-22 09:32:18.650,3.426,300
2020-10-22 09:32:20.630,3.426,10000
2020-10-22 09:32:20.720,3.426,60000
2020-10-22 09:32:20.720,3.426,40000
2020-10-22 09:32:21.070,3.425,13300
2020-10-22 09:32:21.640,3.426,4200
2020-10-22 09:32:23.600,3.426,29900
2020-10-22 09:32:23.600,3.426,2000
2020-10-22 09:32:23.600,3.426,5000
2020-10-22 09:32:23.600,3.427,2900
2020-10-22 09:32:23.600,3.427,1700
2020-10-22 09:32:23.600,3.427,10000
2020-10-22 09:32:23.600,3.427,500
2020-10-22 09:32:23.600,3.427,10000
2020-10-22 09:32:23.600,3.427,100
2020-10-22 09:32:23.600,3.427,15000
2020-10-22 09:32:23.600,3.427,200
2020-10-22 09:32:27.030,3.427,4000
2020-10-22 09:32:29.760,3.428,10000
2020-10-22 09:32:29.760,3.428,3700
2020-10-22 09:32:29.920,3.427,10000
2020-10-22 09:32:30.830,3.428,600
2020-10-22 09:32:31.350,3.427,5000
2020-10-22 09:32:31.810,3.427,100
2020-10-22 09:32:34.860,3.428,5700
2020-10-22 09:32:34.860,3.428,10000
2020-10-22 09:32:34.860,3.428,4300
2020-10-22 09:32:34.950,3.427,100
2020-10-22 09:32:35.210,3.427,400
2020-10-22 09:32:35.500,3.427,6600
2020-10-22 09:32:36.660,3.428,700
2020-10-22 09:32:37.730,3.427,100000
2020-10-22 09:32:39.140,3.427,300
2020-10-22 09:32:39.610,3.428,2000
2020-10-22 09:32:39.700,3.428,500
2020-10-22 09:32:39.980,3.427,400
2020-10-22 09:32:41.310,3.427,10000
2020-10-22 09:32:42.220,3.427,10000
2020-10-22 09:32:42.250,3.427,75800
2020-10-22 09:32:45.450,3.427,24200
2020-10-22 09:32:45.450,3.427,10000
2020-10-22 09:32:46.280,3.428,7300
2020-10-22 09:32:48.260,3.428,3000
2020-10-22 09:32:49.380,3.427,300
2020-10-22 09:32:49.380,3.427,6900
2020-10-22 09:32:50.470,3.427,2000
2020-10-22 09:32:54.220,3.427,10000
2020-10-22 09:32:54.970,3.427,1100
2020-10-22 09:32:54.970,3.427,5400
2020-10-22 09:32:54.970,3.427,66600
2020-10-22 09:32:55.870,3.427,2000
2020-10-22 09:32:56.080,3.427,10000
2020-10-22 09:32:56.770,3.428,1200
2020-10-22 09:32:57.110,3.428,8000
2020-10-22 09:32:59.180,3.428,16400
2020-10-22 09:32:59.180,3.428,3000
2020-10-22 09:32:59.180,3.428,19600
2020-10-22 09:32:59.180,3.428,5000
2020-10-22 09:32:59.180,3.428,100
2020-10-22 09:32:59.180,3.428,10000
2020-10-22 09:32:59.180,3.428,1100
2020-10-22 09:32:59.180,3.428,9900
2020-10-22 09:32:59.180,3.428,2900
2020-10-22 09:32:59.180,3.428,11700
2020-10-22 09:32:59.180,3.428,100000
2020-10-22 09:32:59.180,3.428,100000
2020-10-22 09:32:59.180,3.428,100
2020-10-22 09:32:59.180,3.428,300
2020-10-22 09:33:02.170,3.428,219900
2020-10-22 09:33:02.170,3.428,80200
2020-10-22 09:33:02.560,3.429,400
2020-10-22 09:33:02.830,3.429,2500
2020-10-22 09:33:02.980,3.428,5000
2020-10-22 09:33:03.750,3.428,214800
2020-10-22 09:33:03.940,3.428,500
2020-10-22 09:33:04.030,3.427,1300
2020-10-22 09:33:06.560,3.427,700
2020-10-22 09:33:06.560,3.427,1000
2020-10-22 09:33:06.560,3.428,300
2020-10-22 09:33:06.560,3.428,300
2020-10-22 09:33:10.940,3.428,500
2020-10-22 09:33:11.430,3.428,200
2020-10-22 09:33:11.920,3.427,2000
2020-10-22 09:33:11.920,3.427,100
2020-10-22 09:33:14.510,3.427,36500
2020-10-22 09:33:14.670,3.427,100
2020-10-22 09:33:14.960,3.427,1100
2020-10-22 09:33:15.320,3.427,30000
2020-10-22 09:33:15.810,3.427,100
2020-10-22 09:33:15.900,3.427,30100
2020-10-22 09:33:15.900,3.427,19900
2020-10-22 09:33:16.630,3.427,1000
2020-10-22 09:33:17.030,3.427,16000
2020-10-22 09:33:17.270,3.427,1500
2020-10-22 09:33:19.310,3.427,4300
2020-10-22 09:33:20.550,3.426,20000
2020-10-22 09:33:21.650,3.427,57300
2020-10-22 09:33:21.650,3.427,400
2020-10-22 09:33:22.280,3.427,50000
2020-10-22 09:33:22.900,3.427,277700
2020-10-22 09:33:23.870,3.427,90400
2020-10-22 09:33:23.990,3.427,24200
2020-10-22 09:33:23.990,3.427,400
2020-10-22 09:33:23.990,3.427,25400
2020-10-22 09:33:23.990,3.427,3400
2020-10-22 09:33:24.260,3.426,5900
2020-10-22 09:33:24.260,3.426,5900
2020-10-22 09:33:24.790,3.426,194100
2020-10-22 09:33:24.790,3.426,1000
2020-10-22 09:33:24.790,3.426,8000
2020-10-22 09:33:24.790,3.426,2000
2020-10-22 09:33:24.790,3.426,200
2020-10-22 09:33:27.700,3.425,300
2020-10-22 09:33:27.700,3.425,3000
2020-10-22 09:33:27.700,3.425,5000
2020-10-22 09:33:27.700,3.425,1400
2020-10-22 09:33:28.450,3.425,6900
2020-10-22 09:33:28.450,3.425,13100
2020-10-22 09:33:30.170,3.425,5000
2020-10-22 09:33:30.740,3.425,200
2020-10-22 09:33:30.890,3.425,7000
2020-10-22 09:33:31.150,3.425,4000
2020-10-22 09:33:32.820,3.425,5000
2020-10-22 09:33:34.350,3.424,100
2020-10-22 09:33:34.350,3.424,700
2020-10-22 09:33:34.350,3.423,5000
2020-10-22 09:33:34.350,3.423,3000
2020-10-22 09:33:34.350,3.423,2000
2020-10-22 09:33:34.350,3.423,8000
2020-10-22 09:33:34.350,3.423,1200
2020-10-22 09:33:36.580,3.424,10000
2020-10-22 09:33:36.580,3.425,20000
2020-10-22 09:33:36.630,3.423,4500
2020-10-22 09:33:41.100,3.424,2000
2020-10-22 09:33:41.100,3.424,300
2020-10-22 09:33:41.100,3.424,2700
2020-10-22 09:33:41.190,3.424,4000
2020-10-22 09:33:42.550,3.423,10000
2020-10-22 09:33:43.150,3.423,13400
2020-10-22 09:33:43.820,3.423,900
2020-10-22 09:33:43.820,3.423,40000
2020-10-22 09:33:45.320,3.423,40000
2020-10-22 09:33:48.890,3.423,100000
2020-10-22 09:33:49.460,3.423,35700
2020-10-22 09:33:50.290,3.423,500
2020-10-22 09:33:50.410,3.422,100
2020-10-22 09:33:51.770,3.422,1000
2020-10-22 09:33:51.770,3.422,299000
2020-10-22 09:33:51.800,3.422,1000
2020-10-22 09:33:51.800,3.422,1000
2020-10-22 09:33:51.800,3.422,22200
2020-10-22 09:33:51.800,3.422,32000
2020-10-22 09:33:51.800,3.422,6000
2020-10-22 09:33:51.800,3.422,200
2020-10-22 09:33:51.800,3.422,100
2020-10-22 09:33:51.860,3.422,10000
2020-10-22 09:33:52.360,3.422,1600
2020-10-22 09:33:53.550,3.422,15800
2020-10-22 09:33:56.030,3.422,5800
2020-10-22 09:33:58.500,3.421,17500
2020-10-22 09:33:58.500,3.421,10000
2020-10-22 09:33:58.500,3.421,15000
2020-10-22 09:33:58.500,3.421,40000
2020-10-22 09:33:58.500,3.421,10000
2020-10-22 09:34:00.500,3.421,3600
2020-10-22 09:34:00.930,3.42,50000
2020-10-22 09:34:00.930,3.42,1000
2020-10-22 09:34:00.930,3.42,3000
2020-10-22 09:34:00.930,3.42,2000
2020-10-22 09:34:00.930,3.42,2500
2020-10-22 09:34:00.930,3.42,100
2020-10-22 09:34:00.930,3.42,20000
2020-10-22 09:34:00.930,3.42,10500
2020-10-22 09:34:00.930,3.42,5000
2020-10-22 09:34:00.930,3.42,100
2020-10-22 09:34:00.930,3.42,10000
2020-10-22 09:34:00.930,3.42,500
2020-10-22 09:34:00.930,3.42,2000
2020-10-22 09:34:00.930,3.42,40000
2020-10-22 09:34:00.930,3.42,5000
2020-10-22 09:34:00.930,3.42,50000
2020-10-22 09:34:02.680,3.42,900
2020-10-22 09:34:03.440,3.419,32500
2020-10-22 09:34:03.470,3.42,10000
2020-10-22 09:34:03.690,3.419,67500
2020-10-22 09:34:03.690,3.419,100000
2020-10-22 09:34:03.690,3.419,400
2020-10-22 09:34:03.690,3.419,5000
2020-10-22 09:34:03.690,3.419,3100
2020-10-22 09:34:03.690,3.419,40000
2020-10-22 09:34:06.370,3.42,20000
2020-10-22 09:34:06.750,3.42,6500
2020-10-22 09:34:08.580,3.42,1200
2020-10-22 09:34:09.730,3.42,1000
2020-10-22 09:34:11.500,3.419,500
2020-10-22 09:34:11.500,3.419,40000
2020-10-22 09:34:11.860,3.419,10000
2020-10-22 09:34:11.960,3.419,20000
2020-10-22 09:34:11.960,3.419,20000
2020-10-22 09:34:11.960,3.419,100000
2020-10-22 09:34:11.960,3.419,20000
2020-10-22 09:34:12.730,3.419,10000
2020-10-22 09:34:12.880,3.418,2100
2020-10-22 09:34:12.880,3.418,3000
2020-10-22 09:34:12.880,3.418,10000
2020-10-22 09:34:12.880,3.418,79900
2020-10-22 09:34:13.000,3.419,21000
2020-10-22 09:34:13.000,3.42,279000
2020-10-22 09:34:13.460,3.419,3000
2020-10-22 09:34:14.340,3.42,300000
2020-10-22 09:34:14.340,3.42,217300
2020-10-22 09:34:14.340,3.42,82700
2020-10-22 09:34:14.340,3.42,40000
2020-10-22 09:34:14.370,3.42,7300
2020-10-22 09:34:14.370,3.42,1100
2020-10-22 09:34:14.370,3.42,300
2020-10-22 09:34:14.900,3.421,1000
2020-10-22 09:34:15.590,3.419,1100
2020-10-22 09:34:16.640,3.419,4000
2020-10-22 09:34:17.610,3.419,16500
2020-10-22 09:34:18.420,3.419,9500
2020-10-22 09:34:18.420,3.419,5500
2020-10-22 09:34:19.070,3.419,10000
2020-10-22 09:34:19.370,3.42,2000
2020-10-22 09:34:19.610,3.421,2000
2020-10-22 09:34:19.980,3.42,28000
2020-10-22 09:34:19.980,3.42,20000
2020-10-22 09:34:19.980,3.419,2100
2020-10-22 09:34:20.340,3.419,12400
2020-10-22 09:34:20.340,3.419,7600
2020-10-22 09:34:20.370,3.419,17500
2020-10-22 09:34:21.240,3.42,10000
2020-10-22 09:34:21.660,3.421,20000
2020-10-22 09:34:21.910,3.42,2000
2020-10-22 09:34:22.000,3.42,14100
2020-10-22 09:34:22.000,3.42,13900
2020-10-22 09:34:22.000,3.42,1500
2020-10-22 09:34:22.120,3.419,30000
2020-10-22 09:34:23.300,3.42,5000
2020-10-22 09:34:23.510,3.419,2000
2020-10-22 09:34:24.010,3.419,106300
2020-10-22 09:34:25.410,3.419,136600
2020-10-22 09:34:25.410,3.419,54600
2020-10-22 09:34:25.410,3.419,100
2020-10-22 09:34:26.170,3.419,3000
2020-10-22 09:34:27.280,3.419,1000
2020-10-22 09:34:27.280,3.419,9100
2020-10-22 09:34:28.800,3.419,400
2020-10-22 09:34:30.960,3.419,500
2020-10-22 09:34:30.960,3.419,10100
2020-10-22 09:34:31.720,3.419,500
2020-10-22 09:34:33.130,3.419,500
2020-10-22 09:34:34.180,3.42,9200
2020-10-22 09:34:34.180,3.42,8500
2020-10-22 09:34:34.180,3.42,1000
2020-10-22 09:34:34.180,3.42,81300
2020-10-22 09:34:34.180,3.42,60000
2020-10-22 09:34:34.620,3.42,100000
2020-10-22 09:34:34.620,3.42,58700
2020-10-22 09:34:34.620,3.42,1300
2020-10-22 09:34:35.450,3.42,13300
2020-10-22 09:34:35.450,3.42,87000
2020-10-22 09:34:35.450,3.42,100000
2020-10-22 09:34:35.450,3.42,9000
2020-10-22 09:34:35.450,3.42,1800
2020-10-22 09:34:35.600,3.42,1100
2020-10-22 09:34:35.750,3.421,100000
2020-10-22 09:34:35.820,3.42,14500
2020-10-22 09:34:36.370,3.42,16500
2020-10-22 09:34:37.370,3.42,17100
2020-10-22 09:34:38.420,3.42,16100
2020-10-22 09:34:39.610,3.42,4500
2020-10-22 09:34:39.810,3.42,17200
2020-10-22 09:34:41.000,3.42,1900
2020-10-22 09:34:41.000,3.42,5000
2020-10-22 09:34:41.870,3.42,500
2020-10-22 09:34:42.440,3.419,8100
2020-10-22 09:34:45.530,3.419,2000
2020-10-22 09:34:46.510,3.419,78800
2020-10-22 09:34:46.510,3.419,10000
2020-10-22 09:34:46.510,3.419,3400
2020-10-22 09:34:46.510,3.419,5000
2020-10-22 09:34:46.510,3.419,10000
2020-10-22 09:34:46.510,3.419,10000
2020-10-22 09:34:47.690,3.419,100000
2020-10-22 09:34:47.690,3.419,10000
2020-10-22 09:34:47.690,3.419,100000
2020-10-22 09:34:47.790,3.419,400
2020-10-22 09:34:48.570,3.419,400
2020-10-22 09:34:48.850,3.419,54900
2020-10-22 09:34:49.890,3.419,200
2020-10-22 09:34:50.310,3.419,2900
2020-10-22 09:34:52.470,3.419,200
2020-10-22 09:34:52.500,3.419,241800
2020-10-22 09:34:52.500,3.419,26800
2020-10-22 09:34:52.500,3.419,10000
2020-10-22 09:34:52.500,3.419,3800
2020-10-22 09:34:52.500,3.419,500
2020-10-22 09:34:52.640,3.418,20100
2020-10-22 09:34:52.640,3.418,7000
2020-10-22 09:34:52.640,3.418,2900
2020-10-22 09:34:55.850,3.419,17100
2020-10-22 09:34:55.850,3.419,2900
2020-10-22 09:34:56.600,3.419,1000
2020-10-22 09:34:56.830,3.419,300
2020-10-22 09:34:58.110,3.419,5000
2020-10-22 09:34:58.940,3.418,97100
2020-10-22 09:34:58.940,3.418,100000
2020-10-22 09:34:58.940,3.418,15000
2020-10-22 09:34:58.940,3.418,8000
2020-10-22 09:34:58.940,3.418,100
2020-10-22 09:34:58.940,3.418,2000
2020-10-22 09:34:58.940,3.418,1000
2020-10-22 09:34:58.940,3.418,100
2020-10-22 09:34:58.940,3.418,2000
2020-10-22 09:34:58.940,3.418,10000
2020-10-22 09:34:58.940,3.418,50000
2020-10-22 09:34:58.940,3.418,3000
2020-10-22 09:34:58.940,3.418,10000
2020-10-22 09:34:58.940,3.418,5000
2020-10-22 09:34:58.940,3.418,10700
2020-10-22 09:34:58.940,3.418,10000
2020-10-22 09:34:58.940,3.418,1000
2020-10-22 09:34:58.940,3.418,17500
2020-10-22 09:34:58.940,3.418,100
2020-10-22 09:34:58.940,3.418,1000
2020-10-22 09:34:58.940,3.418,1000
2020-10-22 09:34:58.940,3.418,1000
2020-10-22 09:34:58.940,3.418,20000
2020-10-22 09:34:58.940,3.418,100
2020-10-22 09:34:58.940,3.418,5000
2020-10-22 09:34:58.940,3.418,10000
2020-10-22 09:34:58.940,3.418,5000
2020-10-22 09:34:59.360,3.418,100
2020-10-22 09:34:59.360,3.418,300
2020-10-22 09:34:59.520,3.418,300
2020-10-22 09:35:00.930,3.418,100
2020-10-22 09:35:01.950,3.418,500
2020-10-22 09:35:04.410,3.418,4600
2020-10-22 09:35:04.520,3.418,33900
2020-10-22 09:35:04.660,3.418,100000
2020-10-22 09:35:04.660,3.418,100000
2020-10-22 09:35:04.660,3.418,40000
2020-10-22 09:35:04.930,3.418,235000
2020-10-22 09:35:04.930,3.418,65000
2020-10-22 09:35:05.770,3.418,60000
2020-10-22 09:35:05.770,3.418,100000
2020-10-22 09:35:05.770,3.418,75000
2020-10-22 09:35:05.770,3.418,25000
2020-10-22 09:35:05.770,3.418,60000
2020-10-22 09:35:05.770,3.418,100000
2020-10-22 09:35:05.770,3.418,10000
2020-10-22 09:35:05.770,3.418,100000
2020-10-22 09:35:05.770,3.418,5100
2020-10-22 09:35:05.770,3.418,74900
2020-10-22 09:35:06.120,3.418,3800
2020-10-22 09:35:06.210,3.418,400
2020-10-22 09:35:06.310,3.418,10000
2020-10-22 09:35:06.490,3.418,10000
2020-10-22 09:35:06.550,3.418,2000
2020-10-22 09:35:07.070,3.418,93800
2020-10-22 09:35:07.070,3.418,600
2020-10-22 09:35:07.960,3.418,3800
2020-10-22 09:35:08.080,3.418,20000
2020-10-22 09:35:08.570,3.418,1700
2020-10-22 09:35:08.690,3.419,9800
2020-10-22 09:35:08.690,3.419,200
2020-10-22 09:35:09.690,3.418,9000
2020-10-22 09:35:10.340,3.418,4400
2020-10-22 09:35:12.050,3.418,20000
2020-10-22 09:35:13.280,3.418,146700
2020-10-22 09:35:13.280,3.418,60000
2020-10-22 09:35:13.280,3.418,20000
2020-10-22 09:35:13.280,3.418,300
2020-10-22 09:35:13.280,3.418,700
2020-10-22 09:35:13.280,3.418,500
2020-10-22 09:35:13.280,3.418,3000
2020-10-22 09:35:13.280,3.418,5000
2020-10-22 09:35:13.280,3.418,100
2020-10-22 09:35:13.280,3.418,7000
2020-10-22 09:35:13.820,3.417,10000
2020-10-22 09:35:13.820,3.417,2700
2020-10-22 09:35:13.820,3.417,100
2020-10-22 09:35:13.820,3.417,200
2020-10-22 09:35:13.820,3.417,2000
2020-10-22 09:35:14.770,3.418,40000
2020-10-22 09:35:14.770,3.418,60000
2020-10-22 09:35:14.770,3.418,100000
2020-10-22 09:35:14.770,3.418,100000
2020-10-22 09:35:14.770,3.418,100000
2020-10-22 09:35:14.980,3.418,7000
2020-10-22 09:35:15.460,3.418,5000
2020-10-22 09:35:15.610,3.417,8000
2020-10-22 09:35:15.610,3.417,500
2020-10-22 09:35:15.610,3.417,10000
2020-10-22 09:35:15.610,3.417,100
2020-10-22 09:35:15.610,3.417,10000
2020-10-22 09:35:15.610,3.417,5000
2020-10-22 09:35:15.610,3.417,2000
2020-10-22 09:35:15.610,3.417,1000
2020-10-22 09:35:15.610,3.417,13400
2020-10-22 09:35:15.750,3.418,1400
2020-10-22 09:35:15.950,3.418,100
2020-10-22 09:35:16.330,3.418,2200
2020-10-22 09:35:16.330,3.418,2000
2020-10-22 09:35:16.330,3.419,2800
2020-10-22 09:35:16.330,3.419,1000
2020-10-22 09:35:16.330,3.419,5400
2020-10-22 09:35:16.330,3.419,1900
2020-10-22 09:35:16.330,3.419,4700
2020-10-22 09:35:16.390,3.419,300
2020-10-22 09:35:16.570,3.418,14700
2020-10-22 09:35:17.510,3.418,15300
2020-10-22 09:35:17.510,3.417,1700
2020-10-22 09:35:17.770,3.419,20000
2020-10-22 09:35:18.460,3.419,2500
2020-10-22 09:35:18.520,3.418,2000
2020-10-22 09:35:18.520,3.418,14100
2020-10-22 09:35:18.640,3.418,6100
2020-10-22 09:35:19.530,3.418,9800
2020-10-22 09:35:20.700,3.418,20000
2020-10-22 09:35:20.700,3.418,1500
2020-10-22 09:35:20.700,3.418,68500
2020-10-22 09:35:21.270,3.417,3000
2020-10-22 09:35:21.330,3.418,25000
2020-10-22 09:35:21.330,3.418,5000
2020-10-22 09:35:21.630,3.418,1000
2020-10-22 09:35:21.630,3.418,1200
2020-10-22 09:35:22.100,3.418,1000
2020-10-22 09:35:22.250,3.418,100
2020-10-22 09:35:22.420,3.418,300000
2020-10-22 09:35:22.860,3.418,30000
2020-10-22 09:35:23.690,3.418,10000
2020-10-22 09:35:23.690,3.418,10000
2020-10-22 09:35:23.750,3.418,100000
2020-10-22 09:35:23.750,3.418,20000
2020-10-22 09:35:23.750,3.418,100000
2020-10-22 09:35:23.750,3.418,100000
2020-10-22 09:35:23.750,3.418,70000
2020-10-22 09:35:23.750,3.418,40000
2020-10-22 09:35:23.840,3.418,19600
2020-10-22 09:35:24.910,3.418,4900
2020-10-22 09:35:24.940,3.418,87200
2020-10-22 09:35:24.940,3.418,1000
2020-10-22 09:35:25.480,3.418,91500
2020-10-22 09:35:25.600,3.418,300
2020-10-22 09:35:26.000,3.418,600
2020-10-22 09:35:26.260,3.418,3100
2020-10-22 09:35:26.330,3.418,61800
2020-10-22 09:35:27.630,3.418,12500
2020-10-22 09:35:28.870,3.419,400
2020-10-22 09:35:28.870,3.419,15000
2020-10-22 09:35:28.870,3.419,1000
2020-10-22 09:35:28.870,3.42,2300
2020-10-22 09:35:28.870,3.42,3000
2020-10-22 09:35:28.870,3.42,8300
2020-10-22 09:35:29.740,3.419,1000
2020-10-22 09:35:30.100,3.418,500
2020-10-22 09:35:31.700,3.419,100
2020-10-22 09:35:32.870,3.418,41500
2020-10-22 09:35:32.870,3.418,183600
2020-10-22 09:35:34.600,3.419,70000
2020-10-22 09:35:35.000,3.419,600
2020-10-22 09:35:35.160,3.419,100000
2020-10-22 09:35:35.640,3.419,30000
2020-10-22 09:35:35.640,3.419,98500
2020-10-22 09:35:35.640,3.419,1500
2020-10-22 09:35:35.640,3.419,20000
2020-10-22 09:35:35.730,3.419,100000
2020-10-22 09:35:35.730,3.419,50000
2020-10-22 09:35:35.730,3.419,70000
2020-10-22 09:35:35.730,3.419,59100
2020-10-22 09:35:35.730,3.419,40900
2020-10-22 09:35:35.730,3.419,60000
2020-10-22 09:35:36.670,3.419,1900
2020-10-22 09:35:38.480,3.42,100
2020-10-22 09:35:38.550,3.42,55500
2020-10-22 09:35:39.700,3.419,3000
2020-10-22 09:35:41.590,3.419,25200
2020-10-22 09:35:42.570,3.419,95900
2020-10-22 09:35:42.710,3.419,174000
2020-10-22 09:35:42.710,3.419,2700
2020-10-22 09:35:43.350,3.418,116400
2020-10-22 09:35:43.350,3.418,20100
2020-10-22 09:35:43.350,3.418,5000
2020-10-22 09:35:43.350,3.418,100
2020-10-22 09:35:43.350,3.418,1500
2020-10-22 09:35:43.350,3.418,100000
2020-10-22 09:35:43.350,3.418,11700
2020-10-22 09:35:43.350,3.418,300
2020-10-22 09:35:43.350,3.418,1000
2020-10-22 09:35:43.350,3.418,1600
2020-10-22 09:35:43.350,3.418,200
2020-10-22 09:35:43.350,3.418,3000
2020-10-22 09:35:43.350,3.418,1000
2020-10-22 09:35:43.350,3.418,20000
2020-10-22 09:35:43.350,3.418,5000
2020-10-22 09:35:43.350,3.418,2000
2020-10-22 09:35:43.350,3.418,3000
2020-10-22 09:35:45.130,3.418,8100
2020-10-22 09:35:45.130,3.419,1900
2020-10-22 09:35:45.640,3.419,700
2020-10-22 09:35:47.280,3.419,1000
2020-10-22 09:35:47.750,3.419,10000
2020-10-22 09:35:48.380,3.418,5000
2020-10-22 09:35:48.380,3.418,2000
2020-10-22 09:35:48.380,3.418,1500
2020-10-22 09:35:49.300,3.418,200
2020-10-22 09:35:49.970,3.418,900
2020-10-22 09:35:51.410,3.419,3000
2020-10-22 09:35:51.590,3.419,1000
2020-10-22 09:35:51.730,3.419,1000
2020-10-22 09:35:52.050,3.418,2100
2020-10-22 09:35:52.050,3.417,13600
2020-10-22 09:35:52.050,3.417,14300
2020-10-22 09:35:53.400,3.418,5500
2020-10-22 09:35:54.850,3.419,10000
2020-10-22 09:35:55.770,3.419,1000
2020-10-22 09:35:55.880,3.419,93700
2020-10-22 09:35:55.880,3.419,6300
2020-10-22 09:35:55.880,3.419,13700
2020-10-22 09:35:55.880,3.419,200
2020-10-22 09:35:55.880,3.419,5000
2020-10-22 09:35:56.000,3.419,100
2020-10-22 09:35:56.200,3.42,1000
2020-10-22 09:35:56.350,3.419,200
2020-10-22 09:35:57.560,3.419,800
2020-10-22 09:35:57.560,3.419,47200
2020-10-22 09:35:57.660,3.419,10000
2020-10-22 09:35:58.390,3.42,3500
2020-10-22 09:36:00.410,3.419,36300
2020-10-22 09:36:00.410,3.419,263700
2020-10-22 09:36:01.080,3.419,1700
2020-10-22 09:36:01.270,3.419,34600
2020-10-22 09:36:01.270,3.419,10000
2020-10-22 09:36:01.270,3.419,6300
2020-10-22 09:36:01.270,3.419,15000
2020-10-22 09:36:01.270,3.419,200
2020-10-22 09:36:01.670,3.419,13100
2020-10-22 09:36:01.760,3.418,2500
2020-10-22 09:36:01.760,3.418,7500
2020-10-22 09:36:01.820,3.418,300
2020-10-22 09:36:04.690,3.419,15600
2020-10-22 09:36:04.850,3.418,42200
2020-10-22 09:36:04.850,3.418,11000
2020-10-22 09:36:04.850,3.418,12700
2020-10-22 09:36:04.850,3.418,30000
2020-10-22 09:36:04.850,3.418,12000
2020-10-22 09:36:04.850,3.418,5000
2020-10-22 09:36:04.850,3.418,10000
2020-10-22 09:36:04.850,3.418,10000
2020-10-22 09:36:04.850,3.418,30000
2020-10-22 09:36:04.850,3.418,3000
2020-10-22 09:36:04.850,3.418,5000
2020-10-22 09:36:05.020,3.418,3000
2020-10-22 09:36:05.250,3.418,9300
2020-10-22 09:36:05.800,3.418,5000
2020-10-22 09:36:06.660,3.417,10000
2020-10-22 09:36:06.660,3.417,5000
2020-10-22 09:36:06.660,3.417,100000
2020-10-22 09:36:06.660,3.417,2000
2020-10-22 09:36:06.660,3.417,300
2020-10-22 09:36:06.660,3.417,3000
2020-10-22 09:36:06.660,3.417,4900
2020-10-22 09:36:06.660,3.417,5000
2020-10-22 09:36:06.660,3.417,93000
2020-10-22 09:36:06.660,3.417,5000
2020-10-22 09:36:07.150,3.417,1500
2020-10-22 09:36:07.850,3.417,20000
2020-10-22 09:36:09.450,3.416,6000
2020-10-22 09:36:09.450,3.416,5200
2020-10-22 09:36:11.930,3.416,800
2020-10-22 09:36:11.930,3.416,100
2020-10-22 09:36:11.930,3.416,200
2020-10-22 09:36:11.930,3.416,10000
2020-10-22 09:36:11.930,3.416,1900
2020-10-22 09:36:12.170,3.417,3000
2020-10-22 09:36:12.820,3.417,500
2020-10-22 09:36:14.340,3.417,20000
2020-10-22 09:36:14.340,3.417,20000
2020-10-22 09:36:14.840,3.417,6800
2020-10-22 09:36:18.280,3.417,55000
2020-10-22 09:36:18.480,3.417,15500
2020-10-22 09:36:19.610,3.417,16700
2020-10-22 09:36:20.910,3.417,17000
2020-10-22 09:36:20.950,3.418,11800
2020-10-22 09:36:20.950,3.418,3300
2020-10-22 09:36:22.070,3.417,15100
2020-10-22 09:36:22.170,3.417,173900
2020-10-22 09:36:22.170,3.417,100
2020-10-22 09:36:22.170,3.417,5000
2020-10-22 09:36:22.170,3.417,200
2020-10-22 09:36:22.170,3.417,3000
2020-10-22 09:36:24.570,3.416,8100
2020-10-22 09:36:24.570,3.416,5000
2020-10-22 09:36:24.570,3.416,500
2020-10-22 09:36:24.570,3.416,1700
2020-10-22 09:36:26.260,3.417,10000
2020-10-22 09:36:26.380,3.416,48300
2020-10-22 09:36:26.380,3.416,1000
2020-10-22 09:36:26.380,3.416,10000
2020-10-22 09:36:26.380,3.416,15000
2020-10-22 09:36:26.380,3.416,4500
2020-10-22 09:36:26.380,3.416,10000
2020-10-22 09:36:26.380,3.416,5000
2020-10-22 09:36:26.380,3.416,3000
2020-10-22 09:36:26.380,3.416,10000
2020-10-22 09:36:26.380,3.416,1000
2020-10-22 09:36:26.380,3.416,50000
2020-10-22 09:36:26.380,3.416,27700
2020-10-22 09:36:26.380,3.416,3000
2020-10-22 09:36:26.380,3.416,9000
2020-10-22 09:36:26.380,3.416,300
2020-10-22 09:36:26.380,3.416,200
2020-10-22 09:36:26.380,3.416,8200
2020-10-22 09:36:26.620,3.416,5000
2020-10-22 09:36:26.710,3.416,70000
2020-10-22 09:36:30.150,3.416,18800
2020-10-22 09:36:30.150,3.416,81200
2020-10-22 09:36:30.150,3.416,60000
2020-10-22 09:36:30.400,3.416,159400
2020-10-22 09:36:31.760,3.416,5500
2020-10-22 09:36:31.960,3.416,10000
2020-10-22 09:36:32.280,3.416,100000
2020-10-22 09:36:32.340,3.416,1300
2020-10-22 09:36:32.750,3.416,10000
2020-10-22 09:36:33.010,3.416,3000
2020-10-22 09:36:33.610,3.416,6400
2020-10-22 09:36:37.010,3.416,4400
2020-10-22 09:36:37.010,3.416,5000
2020-10-22 09:36:37.010,3.416,10000
2020-10-22 09:36:37.010,3.416,100
2020-10-22 09:36:37.010,3.416,5000
2020-10-22 09:36:37.010,3.415,100
2020-10-22 09:36:37.010,3.415,200
2020-10-22 09:36:37.010,3.415,100
2020-10-22 09:36:37.010,3.415,20000
2020-10-22 09:36:37.010,3.415,500
2020-10-22 09:36:37.010,3.415,10000
2020-10-22 09:36:37.010,3.415,7200
2020-10-22 09:36:37.840,3.415,2800
2020-10-22 09:36:37.840,3.415,5000
2020-10-22 09:36:37.840,3.415,1000
2020-10-22 09:36:37.840,3.415,100
2020-10-22 09:36:37.840,3.415,1100
2020-10-22 09:36:38.210,3.416,5000
2020-10-22 09:36:38.910,3.416,1000
2020-10-22 09:36:39.240,3.416,1000
2020-10-22 09:36:40.420,3.416,20000
2020-10-22 09:36:40.900,3.416,2900
2020-10-22 09:36:40.930,3.416,5100
2020-10-22 09:36:40.930,3.416,100
2020-10-22 09:36:42.850,3.416,1300
2020-10-22 09:36:42.850,3.416,200
2020-10-22 09:36:42.850,3.416,200
2020-10-22 09:36:43.460,3.416,60000
2020-10-22 09:36:44.720,3.417,3500
2020-10-22 09:36:44.720,3.417,100
2020-10-22 09:36:44.720,3.417,800
2020-10-22 09:36:44.720,3.417,8300
2020-10-22 09:36:45.650,3.416,2100
2020-10-22 09:36:46.230,3.416,1100
2020-10-22 09:36:46.780,3.417,4800
2020-10-22 09:36:47.410,3.417,1800
2020-10-22 09:36:48.160,3.416,200000
2020-10-22 09:36:48.370,3.417,200
2020-10-22 09:36:48.740,3.416,8600
2020-10-22 09:36:50.190,3.416,26500
2020-10-22 09:36:50.190,3.416,1000
2020-10-22 09:36:50.190,3.416,160600
2020-10-22 09:36:50.190,3.416,13100
2020-10-22 09:36:50.190,3.416,5000
2020-10-22 09:36:51.480,3.416,2100
2020-10-22 09:36:53.070,3.415,50900
2020-10-22 09:36:53.070,3.415,50000
2020-10-22 09:36:53.070,3.415,10000
2020-10-22 09:36:53.070,3.415,3000
2020-10-22 09:36:53.070,3.415,300
2020-10-22 09:36:53.070,3.415,10000
2020-10-22 09:36:53.070,3.415,100
2020-10-22 09:36:53.070,3.415,3000
2020-10-22 09:36:53.070,3.415,1700
2020-10-22 09:36:53.070,3.415,3000
2020-10-22 09:36:53.070,3.415,10000
2020-10-22 09:36:53.070,3.415,100
2020-10-22 09:36:53.070,3.415,6000
2020-10-22 09:36:53.070,3.415,5000
2020-10-22 09:36:53.070,3.415,7000
2020-10-22 09:36:53.070,3.415,10000
2020-10-22 09:36:53.070,3.415,15000
2020-10-22 09:36:53.070,3.415,40000
2020-10-22 09:36:53.070,3.415,20000
2020-10-22 09:36:53.070,3.415,1000
2020-10-22 09:36:53.070,3.415,53900
2020-10-22 09:36:53.400,3.415,63700
2020-10-22 09:36:53.400,3.415,100
2020-10-22 09:36:53.400,3.415,1000
2020-10-22 09:36:53.520,3.415,20000
2020-10-22 09:36:53.730,3.415,100000
2020-10-22 09:36:53.730,3.415,50000
2020-10-22 09:36:53.730,3.415,30000
2020-10-22 09:36:55.440,3.415,34200
2020-10-22 09:36:55.440,3.415,88000
2020-10-22 09:36:55.880,3.416,3000
2020-10-22 09:36:58.780,3.415,177800
2020-10-22 09:36:58.780,3.415,200
2020-10-22 09:36:59.300,3.415,600
2020-10-22 09:37:01.010,3.415,10000
2020-10-22 09:37:01.120,3.415,23600
2020-10-22 09:37:01.330,3.415,87800
2020-10-22 09:37:02.150,3.415,100000
2020-10-22 09:37:02.490,3.415,1500
2020-10-22 09:37:02.740,3.415,1500
2020-10-22 09:37:03.190,3.415,40000
2020-10-22 09:37:03.220,3.414,5000
2020-10-22 09:37:03.220,3.414,100
2020-10-22 09:37:03.220,3.414,200
2020-10-22 09:37:03.220,3.414,10000
2020-10-22 09:37:03.220,3.414,1000
2020-10-22 09:37:03.220,3.414,4500
2020-10-22 09:37:03.220,3.414,100
2020-10-22 09:37:03.220,3.414,50000
2020-10-22 09:37:03.220,3.414,2000
2020-10-22 09:37:03.220,3.414,10000
2020-10-22 09:37:03.220,3.414,5500
2020-10-22 09:37:03.220,3.414,500
2020-10-22 09:37:03.220,3.414,500
2020-10-22 09:37:03.220,3.414,2000
2020-10-22 09:37:03.220,3.414,5000
2020-10-22 09:37:03.220,3.414,30000
2020-10-22 09:37:03.220,3.414,30000
2020-10-22 09:37:03.220,3.414,40000
2020-10-22 09:37:03.220,3.414,50000
2020-10-22 09:37:03.220,3.414,10000
2020-10-22 09:37:03.220,3.414,10000
2020-10-22 09:37:03.220,3.414,5000
2020-10-22 09:37:03.220,3.414,15700
2020-10-22 09:37:03.220,3.414,30000
2020-10-22 09:37:03.220,3.414,50000
2020-10-22 09:37:03.880,3.414,300000
2020-10-22 09:37:03.880,3.414,232900
2020-10-22 09:37:05.180,3.414,67100
2020-10-22 09:37:05.180,3.414,5000
2020-10-22 09:37:05.180,3.413,100
2020-10-22 09:37:05.180,3.413,200
2020-10-22 09:37:05.180,3.413,6600
2020-10-22 09:37:05.180,3.413,11100
2020-10-22 09:37:05.180,3.413,10100
2020-10-22 09:37:05.180,3.413,10100
2020-10-22 09:37:05.180,3.413,5000
2020-10-22 09:37:05.180,3.413,100
2020-10-22 09:37:05.180,3.413,200
2020-10-22 09:37:05.180,3.413,10000
2020-10-22 09:37:05.180,3.413,5000
2020-10-22 09:37:05.180,3.413,10000
2020-10-22 09:37:05.180,3.413,800
2020-10-22 09:37:05.180,3.413,10000
2020-10-22 09:37:05.180,3.413,100
2020-10-22 09:37:05.180,3.413,10000
2020-10-22 09:37:05.180,3.413,198000
2020-10-22 09:37:05.180,3.413,200000
2020-10-22 09:37:05.180,3.413,100
2020-10-22 09:37:05.180,3.413,30000
2020-10-22 09:37:05.180,3.413,30000
2020-10-22 09:37:05.180,3.413,40000
2020-10-22 09:37:05.180,3.413,40000
2020-10-22 09:37:05.180,3.413,93000
2020-10-22 09:37:05.180,3.413,30000
2020-10-22 09:37:05.180,3.413,50000
2020-10-22 09:37:05.180,3.413,28400
2020-10-22 09:37:05.480,3.414,5600
2020-10-22 09:37:05.740,3.414,100000
2020-10-22 09:37:05.740,3.414,30000
2020-10-22 09:37:05.740,3.414,100000
2020-10-22 09:37:07.920,3.412,28200
2020-10-22 09:37:07.920,3.412,100
2020-10-22 09:37:07.920,3.412,200
2020-10-22 09:37:07.920,3.412,2700
2020-10-22 09:37:07.920,3.412,100
2020-10-22 09:37:07.920,3.412,10000
2020-10-22 09:37:07.920,3.412,1500
2020-10-22 09:37:07.920,3.412,1500
2020-10-22 09:37:07.920,3.412,1500
2020-10-22 09:37:08.220,3.413,30000
2020-10-22 09:37:08.250,3.413,40000
2020-10-22 09:37:08.250,3.413,40000
2020-10-22 09:37:08.310,3.413,30000
2020-10-22 09:37:08.690,3.413,30000
2020-10-22 09:37:08.690,3.413,30000
2020-10-22 09:37:08.690,3.413,20000
2020-10-22 09:37:08.690,3.413,40000
2020-10-22 09:37:08.720,3.413,40000
2020-10-22 09:37:08.830,3.414,1000
2020-10-22 09:37:08.920,3.414,11400
2020-10-22 09:37:08.980,3.414,2600
2020-10-22 09:37:09.210,3.414,2300
2020-10-22 09:37:09.210,3.413,4000
2020-10-22 09:37:09.600,3.413,26000
2020-10-22 09:37:09.600,3.413,50000
2020-10-22 09:37:09.600,3.413,30000
2020-10-22 09:37:09.600,3.413,10500
2020-10-22 09:37:09.660,3.414,1000
2020-10-22 09:37:11.730,3.414,30000
2020-10-22 09:37:12.060,3.414,16100
2020-10-22 09:37:13.460,3.414,3900
2020-10-22 09:37:13.460,3.414,20000
2020-10-22 09:37:13.460,3.413,20000
2020-10-22 09:37:13.460,3.413,700
2020-10-22 09:37:13.460,3.413,30000
2020-10-22 09:37:13.460,3.413,32100
2020-10-22 09:37:14.830,3.415,30000
2020-10-22 09:37:15.250,3.415,30000
2020-10-22 09:37:15.310,3.414,29100
2020-10-22 09:37:17.080,3.414,900
2020-10-22 09:37:17.080,3.414,1100
2020-10-22 09:37:17.240,3.415,300
2020-10-22 09:37:17.270,3.414,1500
2020-10-22 09:37:17.390,3.415,16900
2020-10-22 09:37:17.390,3.415,40000
2020-10-22 09:37:17.390,3.415,30000
2020-10-22 09:37:17.390,3.415,300000
2020-10-22 09:37:17.450,3.415,300000
2020-10-22 09:37:17.740,3.415,4000
2020-10-22 09:37:17.800,3.415,5800
2020-10-22 09:37:17.800,3.415,400
2020-10-22 09:37:17.800,3.415,1500
2020-10-22 09:37:17.800,3.415,7000
2020-10-22 09:37:17.800,3.415,6000
2020-10-22 09:37:17.800,3.415,93000
2020-10-22 09:37:18.070,3.415,30000
2020-10-22 09:37:18.190,3.415,2000
2020-10-22 09:37:18.320,3.416,88700
2020-10-22 09:37:18.320,3.416,5200
2020-10-22 09:37:18.320,3.416,5000
2020-10-22 09:37:18.320,3.416,100
2020-10-22 09:37:20.000,3.416,400
2020-10-22 09:37:20.680,3.417,80000
2020-10-22 09:37:20.680,3.417,30000
2020-10-22 09:37:20.680,3.417,10000
2020-10-22 09:37:21.350,3.416,16900
2020-10-22 09:37:22.810,3.416,5000
2020-10-22 09:37:23.270,3.416,30000
2020-10-22 09:37:24.130,3.416,148700
2020-10-22 09:37:24.130,3.415,71300
2020-10-22 09:37:24.970,3.417,5000
2020-10-22 09:37:25.940,3.416,1800
2020-10-22 09:37:30.320,3.416,200
2020-10-22 09:37:30.320,3.416,19800
2020-10-22 09:37:32.700,3.416,400
2020-10-22 09:37:34.410,3.416,500
2020-10-22 09:37:34.410,3.416,300
2020-10-22 09:37:34.750,3.416,10000
2020-10-22 09:37:35.280,3.416,100
2020-10-22 09:37:37.260,3.416,1300
2020-10-22 09:37:37.260,3.416,500
2020-10-22 09:37:37.960,3.415,600
2020-10-22 09:37:38.110,3.415,1900
2020-10-22 09:37:40.220,3.415,2900
2020-10-22 09:37:41.520,3.415,77600
2020-10-22 09:37:41.520,3.415,10000
2020-10-22 09:37:41.520,3.415,10000
2020-10-22 09:37:41.520,3.415,10000
2020-10-22 09:37:41.520,3.415,10000
2020-10-22 09:37:41.520,3.415,10000
2020-10-22 09:37:41.520,3.415,10000
2020-10-22 09:37:41.520,3.415,3000
2020-10-22 09:37:41.520,3.415,10000
2020-10-22 09:37:41.520,3.415,20000
2020-10-22 09:37:41.520,3.415,20000
2020-10-22 09:37:41.520,3.415,80000
2020-10-22 09:37:41.520,3.415,1000
2020-10-22 09:37:42.030,3.415,2000
2020-10-22 09:37:42.300,3.415,20000
2020-10-22 09:37:42.300,3.415,6400
2020-10-22 09:37:42.300,3.416,13600
2020-10-22 09:37:43.050,3.415,2000
2020-10-22 09:37:43.050,3.415,2000
2020-10-22 09:37:43.470,3.415,5900
2020-10-22 09:37:43.850,3.415,30000
2020-10-22 09:37:43.850,3.415,6600
2020-10-22 09:37:44.670,3.416,600
2020-10-22 09:37:45.230,3.416,1500
2020-10-22 09:37:45.260,3.416,100000
2020-10-22 09:37:45.260,3.416,80000
2020-10-22 09:37:45.260,3.416,60000
2020-10-22 09:37:47.050,3.416,200
2020-10-22 09:37:47.330,3.415,2000
2020-10-22 09:37:48.190,3.416,40000
2020-10-22 09:37:48.290,3.416,3600
2020-10-22 09:37:48.290,3.416,7800
2020-10-22 09:37:48.290,3.416,10000
2020-10-22 09:37:49.000,3.417,2000
2020-10-22 09:37:49.530,3.416,15000
2020-10-22 09:37:52.960,3.416,5300
2020-10-22 09:37:53.210,3.417,15000
2020-10-22 09:37:55.170,3.417,8000
2020-10-22 09:37:55.170,3.417,2000
2020-10-22 09:37:55.170,3.417,300
2020-10-22 09:37:55.170,3.417,26100
2020-10-22 09:37:55.170,3.417,23600
2020-10-22 09:37:57.140,3.416,3000
2020-10-22 09:37:58.680,3.417,23400
2020-10-22 09:37:58.680,3.417,1600
2020-10-22 09:37:58.680,3.417,45000
2020-10-22 09:37:59.150,3.417,10000
2020-10-22 09:37:59.590,3.417,900
2020-10-22 09:37:59.730,3.417,5000
2020-10-22 09:38:00.450,3.417,1000
2020-10-22 09:38:01.400,3.417,41900
2020-10-22 09:38:01.680,3.417,10000
2020-10-22 09:38:01.970,3.417,1500
2020-10-22 09:38:03.590,3.416,255300
2020-10-22 09:38:03.590,3.416,5000
2020-10-22 09:38:03.590,3.416,100
2020-10-22 09:38:03.590,3.416,300
2020-10-22 09:38:03.590,3.416,5000
2020-10-22 09:38:03.590,3.416,34300
2020-10-22 09:38:03.650,3.416,5100
2020-10-22 09:38:03.710,3.416,600
2020-10-22 09:38:03.710,3.416,2000
2020-10-22 09:38:03.710,3.416,100
2020-10-22 09:38:03.710,3.416,1000
2020-10-22 09:38:03.710,3.416,10000
2020-10-22 09:38:03.710,3.416,4000
2020-10-22 09:38:03.710,3.416,10000
2020-10-22 09:38:03.710,3.416,10000
2020-10-22 09:38:03.710,3.416,3000
2020-10-22 09:38:03.710,3.416,13000
2020-10-22 09:38:03.710,3.416,2000
2020-10-22 09:38:04.060,3.415,6000
2020-10-22 09:38:05.080,3.416,10000
2020-10-22 09:38:05.590,3.416,300
2020-10-22 09:38:05.980,3.416,3000
2020-10-22 09:38:06.590,3.416,3000
2020-10-22 09:38:06.640,3.416,2000
2020-10-22 09:38:08.480,3.416,2000
2020-10-22 09:38:08.480,3.416,1000
2020-10-22 09:38:10.110,3.415,25400
2020-10-22 09:38:10.110,3.415,30000
2020-10-22 09:38:10.110,3.415,30000
2020-10-22 09:38:10.110,3.415,500
2020-10-22 09:38:10.110,3.415,10000
2020-10-22 09:38:10.110,3.415,3500
2020-10-22 09:38:10.110,3.415,100
2020-10-22 09:38:10.110,3.415,100
2020-10-22 09:38:10.110,3.415,1100
2020-10-22 09:38:10.110,3.415,10000
2020-10-22 09:38:10.110,3.415,10000
2020-10-22 09:38:10.110,3.415,5000
2020-10-22 09:38:10.110,3.415,6000
2020-10-22 09:38:10.110,3.415,2000
2020-10-22 09:38:10.110,3.415,1000
2020-10-22 09:38:10.110,3.415,30000
2020-10-22 09:38:10.110,3.415,10000
2020-10-22 09:38:10.110,3.415,34200
2020-10-22 09:38:10.110,3.415,1000
2020-10-22 09:38:10.110,3.415,40000
2020-10-22 09:38:11.680,3.415,5000
2020-10-22 09:38:12.280,3.415,30000
2020-10-22 09:38:12.310,3.415,15100
2020-10-22 09:38:12.310,3.415,4900
2020-10-22 09:38:12.310,3.415,100000
2020-10-22 09:38:13.490,3.415,5600
2020-10-22 09:38:13.490,3.415,1000
2020-10-22 09:38:13.490,3.416,223100
2020-10-22 09:38:13.490,3.416,70300
2020-10-22 09:38:15.750,3.416,1500
2020-10-22 09:38:17.570,3.415,4100
2020-10-22 09:38:17.600,3.415,2000
2020-10-22 09:38:19.330,3.416,30000
2020-10-22 09:38:20.280,3.415,293900
2020-10-22 09:38:20.280,3.415,6100
2020-10-22 09:38:20.710,3.416,22400
2020-10-22 09:38:21.190,3.416,15000
2020-10-22 09:38:22.160,3.415,23900
2020-10-22 09:38:22.160,3.415,40000
2020-10-22 09:38:22.160,3.415,30000
2020-10-22 09:38:22.160,3.415,500
2020-10-22 09:38:23.250,3.415,200
2020-10-22 09:38:23.560,3.415,1000
2020-10-22 09:38:23.950,3.415,40000
2020-10-22 09:38:23.950,3.415,50000
2020-10-22 09:38:23.950,3.415,100000
2020-10-22 09:38:23.950,3.415,14400
2020-10-22 09:38:23.950,3.415,75600
2020-10-22 09:38:24.470,3.414,800
2020-10-22 09:38:26.280,3.414,3200
2020-10-22 09:38:26.280,3.414,30000
2020-10-22 09:38:26.280,3.414,10000
2020-10-22 09:38:26.280,3.414,2000
2020-10-22 09:38:26.280,3.414,5000
2020-10-22 09:38:26.280,3.414,1000
2020-10-22 09:38:26.280,3.414,300
2020-10-22 09:38:26.280,3.414,1000
2020-10-22 09:38:26.280,3.414,5000
2020-10-22 09:38:26.280,3.414,40000
2020-10-22 09:38:26.280,3.414,30000
2020-10-22 09:38:26.280,3.414,400
2020-10-22 09:38:26.280,3.414,40000
2020-10-22 09:38:26.280,3.414,5000
2020-10-22 09:38:26.280,3.414,1500
2020-10-22 09:38:26.280,3.414,2000
2020-10-22 09:38:26.280,3.414,500
2020-10-22 09:38:26.280,3.414,7800
2020-10-22 09:38:26.370,3.415,200
2020-10-22 09:38:26.370,3.415,10000
2020-10-22 09:38:26.930,3.415,14200
2020-10-22 09:38:26.930,3.415,50000
2020-10-22 09:38:26.930,3.415,15800
2020-10-22 09:38:26.930,3.415,100000
2020-10-22 09:38:26.930,3.415,100000
2020-10-22 09:38:26.930,3.415,10000
2020-10-22 09:38:29.260,3.414,30000
2020-10-22 09:38:29.260,3.414,12900
2020-10-22 09:38:31.520,3.415,1000
2020-10-22 09:38:32.140,3.415,40000
2020-10-22 09:38:32.730,3.415,33900
2020-10-22 09:38:32.730,3.415,4300
2020-10-22 09:38:32.730,3.415,300
2020-10-22 09:38:32.730,3.415,21500
2020-10-22 09:38:32.770,3.415,3000
2020-10-22 09:38:33.190,3.415,100000
2020-10-22 09:38:33.190,3.415,10000
2020-10-22 09:38:33.190,3.415,100000
2020-10-22 09:38:33.190,3.415,65500
2020-10-22 09:38:33.190,3.415,34500
2020-10-22 09:38:34.150,3.415,100000
2020-10-22 09:38:34.150,3.415,60000
2020-10-22 09:38:34.950,3.415,300
2020-10-22 09:38:35.940,3.415,70000
2020-10-22 09:38:36.120,3.415,1500
2020-10-22 09:38:36.140,3.415,60000
2020-10-22 09:38:37.740,3.414,400
2020-10-22 09:38:37.740,3.414,5000
2020-10-22 09:38:37.740,3.414,23700
2020-10-22 09:38:38.480,3.415,3000
2020-10-22 09:38:39.110,3.415,2200
2020-10-22 09:38:40.700,3.414,100
2020-10-22 09:38:41.660,3.414,19900
2020-10-22 09:38:41.660,3.414,1000
2020-10-22 09:38:41.660,3.414,10000
2020-10-22 09:38:41.660,3.414,13800
2020-10-22 09:38:41.870,3.414,5000
2020-10-22 09:38:41.930,3.414,50000
2020-10-22 09:38:42.210,3.414,2000
2020-10-22 09:38:42.430,3.414,10000
2020-10-22 09:38:43.330,3.414,500
2020-10-22 09:38:45.280,3.414,100
2020-10-22 09:38:45.480,3.414,500
2020-10-22 09:38:46.110,3.414,12600
2020-10-22 09:38:46.360,3.414,500
2020-10-22 09:38:46.740,3.414,300
2020-10-22 09:38:47.740,3.414,10000
2020-10-22 09:38:52.430,3.414,300
2020-10-22 09:38:52.610,3.414,5000
2020-10-22 09:38:53.220,3.413,1000
2020-10-22 09:38:54.160,3.414,10000
2020-10-22 09:38:54.580,3.414,500
2020-10-22 09:38:55.270,3.414,20000
2020-10-22 09:38:56.540,3.413,4000
2020-10-22 09:38:56.540,3.413,10000
2020-10-22 09:38:56.540,3.413,3800
2020-10-22 09:38:56.540,3.413,100
2020-10-22 09:38:56.540,3.413,2000
2020-10-22 09:38:56.540,3.413,4000
2020-10-22 09:38:56.540,3.413,5000
2020-10-22 09:38:56.540,3.413,5000
2020-10-22 09:38:56.540,3.413,100
2020-10-22 09:38:56.540,3.413,1000
2020-10-22 09:38:56.540,3.413,30000
2020-10-22 09:38:56.540,3.413,30000
2020-10-22 09:38:56.540,3.413,40000
2020-10-22 09:38:56.540,3.413,5000
2020-10-22 09:38:56.540,3.413,1800
2020-10-22 09:38:56.540,3.413,20000
2020-10-22 09:38:56.540,3.413,27700
2020-10-22 09:38:56.540,3.413,4900
2020-10-22 09:38:56.540,3.413,2300
2020-10-22 09:38:56.540,3.413,40000
2020-10-22 09:38:56.540,3.413,1000
2020-10-22 09:38:56.540,3.413,1700
2020-10-22 09:38:56.540,3.413,3600
2020-10-22 09:38:56.540,3.413,100
2020-10-22 09:38:56.540,3.413,50000
2020-10-22 09:38:56.540,3.412,1000
2020-10-22 09:38:56.540,3.412,10000
2020-10-22 09:38:56.540,3.412,300
2020-10-22 09:38:56.540,3.412,1200
2020-10-22 09:38:56.540,3.412,10000
2020-10-22 09:38:56.540,3.412,10000
2020-10-22 09:38:56.540,3.412,3400
2020-10-22 09:38:57.250,3.413,30000
2020-10-22 09:38:57.280,3.413,14000
2020-10-22 09:38:57.800,3.413,17100
2020-10-22 09:38:57.800,3.413,300000
2020-10-22 09:38:57.800,3.413,300000
2020-10-22 09:38:57.800,3.413,30000
2020-10-22 09:38:57.960,3.413,50000
2020-10-22 09:38:58.630,3.413,5000
2020-10-22 09:38:58.970,3.413,8000
2020-10-22 09:38:59.120,3.413,3000
2020-10-22 09:38:59.410,3.413,3000
2020-10-22 09:38:59.970,3.413,90000
2020-10-22 09:38:59.970,3.413,30000
2020-10-22 09:38:59.970,3.413,19900
2020-10-22 09:38:59.970,3.413,100
2020-10-22 09:38:59.970,3.413,1900
2020-10-22 09:38:59.970,3.413,3100
2020-10-22 09:39:00.070,3.412,1400
2020-10-22 09:39:01.510,3.412,15100
2020-10-22 09:39:01.980,3.413,1500
2020-10-22 09:39:02.080,3.412,100
2020-10-22 09:39:02.080,3.412,2900
2020-10-22 09:39:02.900,3.413,20000
2020-10-22 09:39:02.960,3.412,65400
2020-10-22 09:39:02.960,3.412,300
2020-10-22 09:39:02.960,3.412,1000
2020-10-22 09:39:02.960,3.412,50000
2020-10-22 09:39:02.960,3.412,3000
2020-10-22 09:39:02.960,3.412,400
2020-10-22 09:39:02.960,3.412,13000
2020-10-22 09:39:02.960,3.412,3000
2020-10-22 09:39:02.960,3.412,1000
2020-10-22 09:39:02.960,3.412,13000
2020-10-22 09:39:02.960,3.412,30000
2020-10-22 09:39:02.960,3.412,30000
2020-10-22 09:39:02.960,3.412,40000
2020-10-22 09:39:02.960,3.412,40000
2020-10-22 09:39:02.960,3.412,100000
2020-10-22 09:39:02.960,3.412,20000
2020-10-22 09:39:02.960,3.412,20000
2020-10-22 09:39:02.960,3.412,14600
2020-10-22 09:39:02.960,3.412,6000
2020-10-22 09:39:02.960,3.412,50000
2020-10-22 09:39:02.960,3.412,11000
2020-10-22 09:39:02.960,3.412,17400
2020-10-22 09:39:02.960,3.412,50000
2020-10-22 09:39:02.960,3.412,500
2020-10-22 09:39:03.900,3.412,30000
2020-10-22 09:39:04.000,3.412,290400
2020-10-22 09:39:04.000,3.413,9600
2020-10-22 09:39:05.070,3.413,2800
2020-10-22 09:39:05.070,3.413,1000
2020-10-22 09:39:05.070,3.413,6200
2020-10-22 09:39:05.670,3.413,10000
2020-10-22 09:39:05.910,3.413,100000
2020-10-22 09:39:05.910,3.413,10000
2020-10-22 09:39:05.910,3.413,30000
2020-10-22 09:39:05.910,3.413,80000
2020-10-22 09:39:05.910,3.413,63800
2020-10-22 09:39:05.910,3.413,36200
2020-10-22 09:39:05.910,3.413,60000
2020-10-22 09:39:05.910,3.413,40000
2020-10-22 09:39:06.620,3.412,30000
2020-10-22 09:39:06.650,3.413,163800
2020-10-22 09:39:07.150,3.413,42500
2020-10-22 09:39:07.380,3.413,93700
2020-10-22 09:39:07.380,3.413,10000
2020-10-22 09:39:07.540,3.413,40000
2020-10-22 09:39:07.890,3.413,30000
2020-10-22 09:39:07.950,3.413,4500
2020-10-22 09:39:08.930,3.413,100000
2020-10-22 09:39:08.930,3.413,70000
2020-10-22 09:39:08.930,3.413,100000
2020-10-22 09:39:08.930,3.413,100000
2020-10-22 09:39:08.930,3.413,10000
2020-10-22 09:39:08.930,3.413,100000
2020-10-22 09:39:08.930,3.413,70000
2020-10-22 09:39:08.930,3.413,10000
2020-10-22 09:39:08.930,3.413,10000
2020-10-22 09:39:09.060,3.412,2000
2020-10-22 09:39:10.220,3.412,7000
2020-10-22 09:39:10.220,3.412,31000
2020-10-22 09:39:10.220,3.412,19000
2020-10-22 09:39:10.290,3.413,3400
2020-10-22 09:39:10.470,3.413,148400
2020-10-22 09:39:10.740,3.414,128000
2020-10-22 09:39:10.740,3.414,172000
2020-10-22 09:39:11.340,3.413,3600
2020-10-22 09:39:11.670,3.413,4000
2020-10-22 09:39:11.920,3.414,100000
2020-10-22 09:39:11.980,3.414,28000
2020-10-22 09:39:11.980,3.414,100
2020-10-22 09:39:11.980,3.414,44800
2020-10-22 09:39:11.980,3.414,1000
2020-10-22 09:39:11.980,3.414,6100
2020-10-22 09:39:11.980,3.414,20000
2020-10-22 09:39:13.180,3.413,4900
2020-10-22 09:39:13.270,3.414,700
2020-10-22 09:39:13.730,3.414,5200
2020-10-22 09:39:14.940,3.414,40000
2020-10-22 09:39:18.430,3.414,10000
2020-10-22 09:39:18.650,3.414,4000
2020-10-22 09:39:19.720,3.414,1000
2020-10-22 09:39:19.720,3.414,40000
2020-10-22 09:39:19.780,3.414,30000
2020-10-22 09:39:19.780,3.414,40000
2020-10-22 09:39:19.960,3.414,189000
2020-10-22 09:39:19.960,3.415,9900
2020-10-22 09:39:19.960,3.415,101100
2020-10-22 09:39:20.820,3.414,10000
2020-10-22 09:39:21.300,3.414,2900
2020-10-22 09:39:22.330,3.415,198900
2020-10-22 09:39:22.330,3.415,2000
2020-10-22 09:39:24.460,3.415,99100
2020-10-22 09:39:24.460,3.415,300000
2020-10-22 09:39:24.460,3.414,17100
2020-10-22 09:39:24.460,3.414,30000
2020-10-22 09:39:24.460,3.414,40000
2020-10-22 09:39:24.460,3.414,40000
2020-10-22 09:39:24.460,3.414,100000
2020-10-22 09:39:24.460,3.414,273800
2020-10-22 09:39:26.140,3.414,14700
2020-10-22 09:39:26.370,3.415,14200
2020-10-22 09:39:26.880,3.415,10000
2020-10-22 09:39:28.040,3.414,1000
2020-10-22 09:39:29.890,3.415,7400
2020-10-22 09:39:29.890,3.415,2000
2020-10-22 09:39:29.890,3.415,600
2020-10-22 09:39:31.430,3.414,10500
2020-10-22 09:39:31.430,3.414,16500
2020-10-22 09:39:32.070,3.414,30500
2020-10-22 09:39:33.690,3.415,500
2020-10-22 09:39:33.920,3.415,8900
2020-10-22 09:39:34.850,3.416,2900
2020-10-22 09:39:34.850,3.416,13400
2020-10-22 09:39:34.850,3.416,283700
2020-10-22 09:39:35.610,3.415,11100
2020-10-22 09:39:35.610,3.415,40000
2020-10-22 09:39:35.610,3.415,40000
2020-10-22 09:39:35.610,3.415,300
2020-10-22 09:39:35.610,3.415,8600
2020-10-22 09:39:35.720,3.415,10000
2020-10-22 09:39:35.930,3.416,10000
2020-10-22 09:39:35.930,3.416,6300
2020-10-22 09:39:35.930,3.416,13700
2020-10-22 09:39:35.930,3.416,100000
2020-10-22 09:39:37.100,3.415,3300
2020-10-22 09:39:37.570,3.415,500
2020-10-22 09:39:38.050,3.415,7600
2020-10-22 09:39:38.050,3.415,10000
2020-10-22 09:39:38.050,3.415,300
2020-10-22 09:39:38.050,3.415,3000
2020-10-22 09:39:38.050,3.415,50000
2020-10-22 09:39:38.310,3.415,17900
2020-10-22 09:39:38.310,3.416,120300
2020-10-22 09:39:38.310,3.416,2000
2020-10-22 09:39:39.490,3.416,16300
2020-10-22 09:39:39.490,3.416,32000
2020-10-22 09:39:40.030,3.416,20000
2020-10-22 09:39:40.150,3.416,91500
2020-10-22 09:39:40.770,3.415,5600
2020-10-22 09:39:41.910,3.416,40000
2020-10-22 09:39:41.910,3.416,80000
2020-10-22 09:39:41.910,3.416,20000
2020-10-22 09:39:41.910,3.416,40000
2020-10-22 09:39:41.910,3.416,28500
2020-10-22 09:39:41.910,3.416,51500
2020-10-22 09:39:44.080,3.415,34400
2020-10-22 09:39:44.080,3.415,400
2020-10-22 09:39:44.080,3.415,10000
2020-10-22 09:39:44.080,3.415,4700
2020-10-22 09:39:44.080,3.415,800
2020-10-22 09:39:44.080,3.415,28500
2020-10-22 09:39:44.080,3.415,500
2020-10-22 09:39:44.080,3.415,50000
2020-10-22 09:39:44.350,3.415,15100
2020-10-22 09:39:44.460,3.415,50000
2020-10-22 09:39:44.460,3.415,30000
2020-10-22 09:39:44.960,3.415,60000
2020-10-22 09:39:46.090,3.415,15600
2020-10-22 09:39:46.090,3.416,248500
2020-10-22 09:39:46.090,3.416,35900
2020-10-22 09:39:48.140,3.416,3000
2020-10-22 09:39:48.670,3.416,80000
2020-10-22 09:39:48.910,3.416,181100
2020-10-22 09:39:48.910,3.416,118900
2020-10-22 09:39:49.310,3.416,8200
2020-10-22 09:39:50.780,3.415,10000
2020-10-22 09:39:51.590,3.415,14200
2020-10-22 09:39:51.660,3.416,100000
2020-10-22 09:39:51.660,3.416,3200
2020-10-22 09:39:51.660,3.416,76800
2020-10-22 09:39:51.660,3.416,100000
2020-10-22 09:39:51.660,3.416,40000
2020-10-22 09:39:51.660,3.416,70000
2020-10-22 09:39:51.660,3.416,13200
2020-10-22 09:39:51.660,3.416,86800
2020-10-22 09:39:51.660,3.416,100000
2020-10-22 09:39:51.660,3.416,40000
2020-10-22 09:39:51.900,3.416,1000
2020-10-22 09:39:52.730,3.415,15800
2020-10-22 09:39:53.530,3.415,3900
2020-10-22 09:39:53.970,3.416,1500
2020-10-22 09:39:53.970,3.416,98500
2020-10-22 09:39:53.970,3.416,100000
2020-10-22 09:39:53.970,3.416,40000
2020-10-22 09:39:54.420,3.415,8800
2020-10-22 09:39:56.260,3.416,10000
2020-10-22 09:39:56.890,3.416,51500
2020-10-22 09:39:56.890,3.416,300
2020-10-22 09:39:56.890,3.416,48200
2020-10-22 09:39:56.890,3.416,60000
2020-10-22 09:39:57.390,3.416,7000
2020-10-22 09:39:57.720,3.416,100
2020-10-22 09:39:59.120,3.416,2800
2020-10-22 09:40:00.200,3.416,7300
2020-10-22 09:40:00.670,3.416,100000
2020-10-22 09:40:00.670,3.416,100000
2020-10-22 09:40:00.670,3.416,20000
2020-10-22 09:40:00.670,3.416,100000
2020-10-22 09:40:03.170,3.416,30000
2020-10-22 09:40:03.490,3.416,300
2020-10-22 09:40:03.520,3.416,300
2020-10-22 09:40:04.050,3.416,10000
2020-10-22 09:40:04.770,3.416,30000
2020-10-22 09:40:04.770,3.416,90000
2020-10-22 09:40:04.770,3.416,100000
2020-10-22 09:40:04.770,3.416,100000
2020-10-22 09:40:04.770,3.416,40000
2020-10-22 09:40:05.930,3.416,10000
2020-10-22 09:40:05.930,3.416,30000
2020-10-22 09:40:05.930,3.416,14000
2020-10-22 09:40:05.930,3.416,86000
2020-10-22 09:40:05.930,3.416,30000
2020-10-22 09:40:06.220,3.416,1000
2020-10-22 09:40:07.810,3.416,3600
2020-10-22 09:40:08.240,3.416,1500
2020-10-22 09:40:08.910,3.416,100000
2020-10-22 09:40:08.940,3.416,20000
2020-10-22 09:40:09.950,3.415,287300
2020-10-22 09:40:09.950,3.415,1000
2020-10-22 09:40:09.950,3.415,2000
2020-10-22 09:40:09.950,3.415,6000
2020-10-22 09:40:09.950,3.415,2000
2020-10-22 09:40:09.950,3.415,40000
2020-10-22 09:40:09.950,3.415,500
2020-10-22 09:40:09.950,3.415,5000
2020-10-22 09:40:09.950,3.415,10000
2020-10-22 09:40:09.950,3.415,100
2020-10-22 09:40:09.950,3.415,300
2020-10-22 09:40:09.950,3.415,2000
2020-10-22 09:40:09.950,3.415,10000
2020-10-22 09:40:09.950,3.415,11400
2020-10-22 09:40:09.950,3.415,3000
2020-10-22 09:40:09.950,3.415,900
2020-10-22 09:40:09.950,3.415,40000
2020-10-22 09:40:10.010,3.415,300
2020-10-22 09:40:10.940,3.415,50000
2020-10-22 09:40:10.940,3.415,50000
2020-10-22 09:40:11.990,3.415,100000
2020-10-22 09:40:11.990,3.415,100000
2020-10-22 09:40:11.990,3.415,100000
2020-10-22 09:40:12.710,3.415,4700
2020-10-22 09:40:12.910,3.415,40000
2020-10-22 09:40:12.910,3.415,33500
2020-10-22 09:40:12.910,3.415,5000
2020-10-22 09:40:13.010,3.415,400
2020-10-22 09:40:13.060,3.415,11100
2020-10-22 09:40:13.060,3.415,50000
2020-10-22 09:40:13.210,3.415,5000
2020-10-22 09:40:13.300,3.415,3900
2020-10-22 09:40:13.450,3.415,36100
2020-10-22 09:40:13.960,3.415,3800
2020-10-22 09:40:14.100,3.415,1000
2020-10-22 09:40:14.350,3.415,10000
2020-10-22 09:40:14.560,3.415,300000
2020-10-22 09:40:14.950,3.415,50000
2020-10-22 09:40:14.950,3.415,50000
2020-10-22 09:40:14.950,3.415,30000
2020-10-22 09:40:14.950,3.415,80000
2020-10-22 09:40:14.950,3.415,100000
2020-10-22 09:40:14.950,3.415,100000
2020-10-22 09:40:14.950,3.415,80000
2020-10-22 09:40:14.950,3.415,59100
2020-10-22 09:40:14.950,3.415,40900
2020-10-22 09:40:14.950,3.415,80000
2020-10-22 09:40:14.950,3.415,100000
2020-10-22 09:40:14.950,3.415,100000
2020-10-22 09:40:14.950,3.415,20000
2020-10-22 09:40:14.950,3.415,40000
2020-10-22 09:40:14.950,3.415,100000
2020-10-22 09:40:14.950,3.415,100000
2020-10-22 09:40:14.950,3.415,20000
2020-10-22 09:40:15.890,3.415,40000
2020-10-22 09:40:16.990,3.415,10000
2020-10-22 09:40:17.660,3.415,20000
2020-10-22 09:40:17.830,3.415,10000
2020-10-22 09:40:17.950,3.415,20000
2020-10-22 09:40:17.950,3.415,40000
2020-10-22 09:40:17.950,3.415,20000
2020-10-22 09:40:17.950,3.415,100000
2020-10-22 09:40:19.140,3.415,2200
2020-10-22 09:40:20.290,3.414,400
2020-10-22 09:40:20.290,3.414,7000
2020-10-22 09:40:20.290,3.414,1000
2020-10-22 09:40:20.290,3.414,5000
2020-10-22 09:40:20.290,3.414,300000
2020-10-22 09:40:20.290,3.414,20000
2020-10-22 09:40:20.290,3.414,40000
2020-10-22 09:40:20.290,3.414,5000
2020-10-22 09:40:20.290,3.414,500000
2020-10-22 09:40:20.290,3.414,10000
2020-10-22 09:40:20.290,3.414,100
2020-10-22 09:40:20.290,3.414,200
2020-10-22 09:40:20.290,3.414,11300
2020-10-22 09:40:20.360,3.415,300
2020-10-22 09:40:20.950,3.415,36600
2020-10-22 09:40:20.950,3.415,300
2020-10-22 09:40:20.950,3.415,3100
2020-10-22 09:40:20.950,3.415,100000
2020-10-22 09:40:20.950,3.415,100000
2020-10-22 09:40:20.950,3.415,100000
2020-10-22 09:40:20.950,3.415,100000
2020-10-22 09:40:20.950,3.415,100000
2020-10-22 09:40:20.950,3.415,30000
2020-10-22 09:40:22.770,3.415,20000
2020-10-22 09:40:24.820,3.415,10000
2020-10-22 09:40:26.180,3.415,70000
2020-10-22 09:40:26.180,3.415,40000
2020-10-22 09:40:26.750,3.415,70000
2020-10-22 09:40:27.640,3.415,10000
2020-10-22 09:40:27.640,3.415,40000
2020-10-22 09:40:29.880,3.415,70000
2020-10-22 09:40:29.880,3.415,36900
2020-10-22 09:40:29.880,3.415,3200
2020-10-22 09:40:29.880,3.415,9900
2020-10-22 09:40:29.880,3.415,100000
2020-10-22 09:40:29.880,3.415,90000
2020-10-22 09:40:29.880,3.415,20000
2020-10-22 09:40:31.260,3.415,6700
2020-10-22 09:40:32.340,3.414,500
2020-10-22 09:40:32.590,3.414,59500
2020-10-22 09:40:32.590,3.414,37400
2020-10-22 09:40:32.740,3.414,3800
2020-10-22 09:40:34.840,3.415,20000
2020-10-22 09:40:34.840,3.415,100
2020-10-22 09:40:35.420,3.415,5000
2020-10-22 09:40:36.770,3.415,400
2020-10-22 09:40:37.140,3.414,50000
2020-10-22 09:40:37.140,3.414,50000
2020-10-22 09:40:37.140,3.414,20000
2020-10-22 09:40:37.140,3.414,2000
2020-10-22 09:40:37.140,3.414,30000
2020-10-22 09:40:37.140,3.414,1900
2020-10-22 09:40:37.140,3.414,5000
2020-10-22 09:40:37.140,3.414,4000
2020-10-22 09:40:37.140,3.414,1100
2020-10-22 09:40:37.140,3.414,10000
2020-10-22 09:40:37.140,3.414,8800
2020-10-22 09:40:37.140,3.414,13400
2020-10-22 09:40:37.140,3.414,20000
2020-10-22 09:40:37.140,3.414,200
2020-10-22 09:40:38.010,3.414,3700
2020-10-22 09:40:38.340,3.414,300
2020-10-22 09:40:38.970,3.414,60000
2020-10-22 09:40:38.970,3.414,19600
2020-10-22 09:40:39.010,3.415,1000
2020-10-22 09:40:40.740,3.414,4000
2020-10-22 09:40:40.800,3.414,46000
2020-10-22 09:40:40.800,3.414,33600
2020-10-22 09:40:41.920,3.414,5000
2020-10-22 09:40:41.920,3.414,1600
2020-10-22 09:40:42.150,3.415,800
2020-10-22 09:40:43.790,3.414,1500
2020-10-22 09:40:45.760,3.414,600
2020-10-22 09:40:48.110,3.414,4000
2020-10-22 09:40:49.140,3.414,300
2020-10-22 09:40:50.640,3.414,500
2020-10-22 09:40:50.790,3.414,500
2020-10-22 09:40:51.080,3.414,500
2020-10-22 09:40:51.730,3.414,300
2020-10-22 09:40:51.820,3.413,300000
2020-10-22 09:40:52.540,3.413,10000
2020-10-22 09:40:52.540,3.413,500
2020-10-22 09:40:52.540,3.413,5000
2020-10-22 09:40:52.540,3.413,3000
2020-10-22 09:40:52.540,3.413,3000
2020-10-22 09:40:52.540,3.413,1000
2020-10-22 09:40:52.540,3.413,2000
2020-10-22 09:40:52.540,3.413,3000
2020-10-22 09:40:52.540,3.413,30000
2020-10-22 09:40:52.540,3.413,30000
2020-10-22 09:40:52.540,3.413,20000
2020-10-22 09:40:52.540,3.413,100
2020-10-22 09:40:52.540,3.413,2000
2020-10-22 09:40:52.540,3.413,10000
2020-10-22 09:40:52.540,3.413,14700
2020-10-22 09:40:52.540,3.413,4100
2020-10-22 09:40:52.540,3.413,1000
2020-10-22 09:40:52.540,3.413,1500
2020-10-22 09:40:52.810,3.413,800
2020-10-22 09:40:53.190,3.413,2000
2020-10-22 09:40:53.220,3.413,15000
2020-10-22 09:40:53.410,3.413,50000
2020-10-22 09:40:53.970,3.413,91300
2020-10-22 09:40:53.970,3.413,8700
2020-10-22 09:40:53.970,3.413,100000
2020-10-22 09:40:53.970,3.413,20000
2020-10-22 09:40:53.970,3.413,20000
2020-10-22 09:40:56.930,3.413,80000
2020-10-22 09:40:57.400,3.412,1800
2020-10-22 09:40:57.400,3.412,10200
2020-10-22 09:40:57.730,3.413,1000
2020-10-22 09:40:58.640,3.413,70300
2020-10-22 09:40:58.640,3.413,19700
2020-10-22 09:40:58.640,3.413,30000
2020-10-22 09:40:58.640,3.413,90000
2020-10-22 09:40:58.900,3.413,1000
2020-10-22 09:40:59.010,3.413,159300
2020-10-22 09:40:59.010,3.413,140700
2020-10-22 09:40:59.070,3.413,78200
2020-10-22 09:40:59.900,3.413,20000
2020-10-22 09:40:59.930,3.413,1000
2020-10-22 09:41:00.110,3.413,5000
2020-10-22 09:41:01.250,3.412,39800
2020-10-22 09:41:01.250,3.412,1500
2020-10-22 09:41:01.250,3.412,1600
2020-10-22 09:41:01.250,3.412,500
2020-10-22 09:41:01.250,3.412,5000
2020-10-22 09:41:01.250,3.412,100
2020-10-22 09:41:01.250,3.412,5000
2020-10-22 09:41:01.250,3.412,4800
2020-10-22 09:41:01.250,3.412,100
2020-10-22 09:41:01.250,3.412,500
2020-10-22 09:41:01.250,3.412,41200
2020-10-22 09:41:01.250,3.412,600
2020-10-22 09:41:01.250,3.412,10000
2020-10-22 09:41:01.250,3.412,4300
2020-10-22 09:41:01.250,3.412,30000
2020-10-22 09:41:01.250,3.412,40000
2020-10-22 09:41:01.250,3.412,30000
2020-10-22 09:41:01.250,3.412,40000
2020-10-22 09:41:01.250,3.412,40000
2020-10-22 09:41:01.250,3.412,2800
2020-10-22 09:41:01.250,3.412,10000
2020-10-22 09:41:01.250,3.412,50000
2020-10-22 09:41:01.250,3.412,50000
2020-10-22 09:41:01.250,3.412,50000
2020-10-22 09:41:01.250,3.412,10000
2020-10-22 09:41:01.250,3.412,3400
2020-10-22 09:41:01.250,3.412,500000
2020-10-22 09:41:01.250,3.412,20600
2020-10-22 09:41:01.710,3.412,500
2020-10-22 09:41:02.370,3.412,11200
2020-10-22 09:41:02.370,3.412,50000
2020-10-22 09:41:02.370,3.412,30000
2020-10-22 09:41:02.370,3.411,10000
2020-10-22 09:41:02.370,3.411,10100
2020-10-22 09:41:02.370,3.411,100
2020-10-22 09:41:02.370,3.411,10000
2020-10-22 09:41:02.370,3.411,200
2020-10-22 09:41:02.370,3.411,1500
2020-10-22 09:41:02.370,3.411,38000
2020-10-22 09:41:02.370,3.411,10000
2020-10-22 09:41:02.370,3.411,400
2020-10-22 09:41:02.370,3.411,50000
2020-10-22 09:41:02.370,3.411,800
2020-10-22 09:41:02.370,3.411,5000
2020-10-22 09:41:02.370,3.411,3700
2020-10-22 09:41:02.370,3.411,30000
2020-10-22 09:41:02.370,3.411,5000
2020-10-22 09:41:02.370,3.411,5000
2020-10-22 09:41:02.370,3.411,2000
2020-10-22 09:41:02.370,3.411,100
2020-10-22 09:41:02.370,3.411,2000
2020-10-22 09:41:02.370,3.411,8000
2020-10-22 09:41:02.370,3.411,20000
2020-10-22 09:41:02.370,3.411,1000
2020-10-22 09:41:02.370,3.411,3000
2020-10-22 09:41:02.370,3.411,200
2020-10-22 09:41:02.370,3.411,1000
2020-10-22 09:41:02.370,3.411,10000
2020-10-22 09:41:02.370,3.411,100
2020-10-22 09:41:02.370,3.411,500
2020-10-22 09:41:02.370,3.411,20000
2020-10-22 09:41:02.370,3.411,30000
2020-10-22 09:41:02.370,3.411,40000
2020-10-22 09:41:02.370,3.411,40000
2020-10-22 09:41:02.370,3.411,37500
2020-10-22 09:41:03.280,3.412,10000
2020-10-22 09:41:03.280,3.411,2500
2020-10-22 09:41:03.280,3.411,30000
2020-10-22 09:41:03.280,3.411,7500
2020-10-22 09:41:03.680,3.413,100
2020-10-22 09:41:03.810,3.413,50000
2020-10-22 09:41:04.230,3.412,500
2020-10-22 09:41:04.820,3.412,30000
2020-10-22 09:41:05.030,3.412,1000
2020-10-22 09:41:05.030,3.412,9000
2020-10-22 09:41:05.920,3.412,100000
2020-10-22 09:41:05.920,3.412,30000
2020-10-22 09:41:05.920,3.412,30000
2020-10-22 09:41:05.920,3.412,99500
2020-10-22 09:41:05.920,3.412,500
2020-10-22 09:41:05.920,3.412,100000
2020-10-22 09:41:05.920,3.412,100000
2020-10-22 09:41:05.920,3.412,40000
2020-10-22 09:41:05.920,3.412,40000
2020-10-22 09:41:05.950,3.412,300
2020-10-22 09:41:06.290,3.412,15300
2020-10-22 09:41:07.540,3.412,100
2020-10-22 09:41:07.840,3.412,3000
2020-10-22 09:41:07.980,3.411,1300
2020-10-22 09:41:07.980,3.411,24900
2020-10-22 09:41:08.040,3.412,800
2020-10-22 09:41:08.040,3.412,4100
2020-10-22 09:41:10.400,3.412,2600
2020-10-22 09:41:12.600,3.412,300
2020-10-22 09:41:14.000,3.411,5100
2020-10-22 09:41:14.000,3.411,1000
2020-10-22 09:41:14.000,3.411,40000
2020-10-22 09:41:14.000,3.411,50000
2020-10-22 09:41:14.000,3.411,5300
2020-10-22 09:41:14.180,3.412,70000
2020-10-22 09:41:14.330,3.411,15600
2020-10-22 09:41:14.430,3.412,5900
2020-10-22 09:41:14.610,3.411,15600
2020-10-22 09:41:14.610,3.412,100000
2020-10-22 09:41:14.610,3.412,30000
2020-10-22 09:41:14.610,3.412,30000
2020-10-22 09:41:14.610,3.412,57700
2020-10-22 09:41:14.610,3.412,12300
2020-10-22 09:41:14.870,3.412,300000
2020-10-22 09:41:15.370,3.411,3500
2020-10-22 09:41:15.370,3.411,54500
2020-10-22 09:41:15.400,3.412,30000
2020-10-22 09:41:15.680,3.412,100000
2020-10-22 09:41:15.680,3.412,100000
2020-10-22 09:41:15.680,3.412,20000
2020-10-22 09:41:15.680,3.412,60000
2020-10-22 09:41:15.680,3.412,100000
2020-10-22 09:41:15.680,3.412,60000
2020-10-22 09:41:15.680,3.412,20000
2020-10-22 09:41:15.680,3.412,97700
2020-10-22 09:41:15.680,3.412,2000
2020-10-22 09:41:15.680,3.412,300
2020-10-22 09:41:15.680,3.412,2800
2020-10-22 09:41:15.680,3.412,2000
2020-10-22 09:41:15.680,3.412,2100
2020-10-22 09:41:16.340,3.412,57100
2020-10-22 09:41:17.800,3.413,89800
2020-10-22 09:41:17.800,3.413,1000
2020-10-22 09:41:17.800,3.413,12600
2020-10-22 09:41:17.800,3.413,5000
2020-10-22 09:41:19.090,3.414,4000
2020-10-22 09:41:21.950,3.413,191600
2020-10-22 09:41:21.950,3.413,70000
2020-10-22 09:41:21.950,3.413,300000
2020-10-22 09:41:21.950,3.413,10000
2020-10-22 09:41:21.950,3.413,300000
2020-10-22 09:41:21.950,3.413,500
2020-10-22 09:41:21.950,3.413,27900
2020-10-22 09:41:22.490,3.413,18000
2020-10-22 09:41:23.240,3.413,5700
2020-10-22 09:41:25.660,3.413,500
2020-10-22 09:41:25.890,3.413,15500
2020-10-22 09:41:25.890,3.413,5900
2020-10-22 09:41:25.890,3.412,36000
2020-10-22 09:41:25.890,3.412,100000
2020-10-22 09:41:25.890,3.412,100000
2020-10-22 09:41:25.890,3.412,50000
2020-10-22 09:41:25.890,3.412,40000
2020-10-22 09:41:25.890,3.412,300000
2020-10-22 09:41:25.890,3.412,10000
2020-10-22 09:41:25.890,3.412,10000
2020-10-22 09:41:25.890,3.412,20000
2020-10-22 09:41:25.890,3.412,12600
2020-10-22 09:41:26.060,3.414,4000
2020-10-22 09:41:29.440,3.412,40000
2020-10-22 09:41:29.440,3.412,30000
2020-10-22 09:41:29.440,3.412,3200
2020-10-22 09:41:29.440,3.411,30000
2020-10-22 09:41:29.440,3.411,40000
2020-10-22 09:41:29.440,3.411,40000
2020-10-22 09:41:29.440,3.411,40000
2020-10-22 09:41:29.440,3.411,1000
2020-10-22 09:41:29.440,3.411,3000
2020-10-22 09:41:29.440,3.411,93000
2020-10-22 09:41:29.440,3.411,1000
2020-10-22 09:41:29.440,3.411,24300
2020-10-22 09:41:29.440,3.411,10000
2020-10-22 09:41:29.440,3.411,6000
2020-10-22 09:41:30.000,3.411,100000
2020-10-22 09:41:30.000,3.411,30000
2020-10-22 09:41:30.000,3.411,60000
2020-10-22 09:41:30.180,3.411,48500
2020-10-22 09:41:32.870,3.413,100
2020-10-22 09:41:33.860,3.413,16800
2020-10-22 09:41:34.770,3.412,100000
2020-10-22 09:41:35.900,3.412,10000
2020-10-22 09:41:35.900,3.412,70000
2020-10-22 09:41:35.900,3.412,70000
2020-10-22 09:41:35.900,3.412,10000
2020-10-22 09:41:35.900,3.412,100000
2020-10-22 09:41:35.900,3.412,100000
2020-10-22 09:41:35.900,3.412,10000
2020-10-22 09:41:36.910,3.412,94000
2020-10-22 09:41:36.910,3.413,76100
2020-10-22 09:41:36.910,3.413,10100
2020-10-22 09:41:38.980,3.413,92000
2020-10-22 09:41:39.100,3.413,100
2020-10-22 09:41:40.090,3.413,20000
2020-10-22 09:41:40.520,3.413,101700
2020-10-22 09:41:40.520,3.413,100
2020-10-22 09:41:41.440,3.412,22000
2020-10-22 09:41:42.650,3.413,100
2020-10-22 09:41:42.740,3.412,1000
2020-10-22 09:41:43.960,3.412,42700
2020-10-22 09:41:44.240,3.413,30000
2020-10-22 09:41:44.730,3.413,100
2020-10-22 09:41:46.050,3.412,40000
2020-10-22 09:41:47.010,3.412,100
2020-10-22 09:41:47.620,3.413,700
2020-10-22 09:41:48.070,3.413,29900
2020-10-22 09:41:48.730,3.413,100000
2020-10-22 09:41:48.730,3.413,40000
2020-10-22 09:41:48.730,3.413,20000
2020-10-22 09:41:48.730,3.413,40000
2020-10-22 09:41:48.880,3.413,70000
2020-10-22 09:41:48.880,3.413,230000
2020-10-22 09:41:49.140,3.413,2200
2020-10-22 09:41:50.400,3.413,5100
2020-10-22 09:41:50.400,3.413,9600
2020-10-22 09:41:50.610,3.414,284000
2020-10-22 09:41:50.610,3.414,3000
2020-10-22 09:41:50.610,3.414,13000
2020-10-22 09:41:51.700,3.414,20000
2020-10-22 09:41:51.700,3.414,2000
2020-10-22 09:41:51.700,3.414,1400
2020-10-22 09:41:53.050,3.414,3500
2020-10-22 09:41:55.260,3.414,273100
2020-10-22 09:41:59.850,3.413,80000
2020-10-22 09:42:01.810,3.414,3300
2020-10-22 09:42:04.360,3.413,10000
2020-10-22 09:42:04.750,3.414,400
2020-10-22 09:42:05.140,3.414,10000
2020-10-22 09:42:06.200,3.414,100
2020-10-22 09:42:06.200,3.414,10000
2020-10-22 09:42:07.640,3.414,3100
2020-10-22 09:42:07.640,3.414,1100
2020-10-22 09:42:07.640,3.415,4000
2020-10-22 09:42:07.640,3.415,3000
2020-10-22 09:42:07.640,3.415,5000
2020-10-22 09:42:07.640,3.415,100
2020-10-22 09:42:07.640,3.415,283700
2020-10-22 09:42:08.480,3.414,3000
2020-10-22 09:42:08.600,3.414,2700
2020-10-22 09:42:11.770,3.415,100000
2020-10-22 09:42:13.570,3.414,100
2020-10-22 09:42:14.080,3.414,294200
2020-10-22 09:42:14.080,3.414,3400
2020-10-22 09:42:14.080,3.414,5000
2020-10-22 09:42:14.080,3.414,2500
2020-10-22 09:42:14.080,3.414,2200
2020-10-22 09:42:14.880,3.414,100
2020-10-22 09:42:15.080,3.414,20000
2020-10-22 09:42:15.210,3.414,10000
2020-10-22 09:42:15.210,3.414,60000
2020-10-22 09:42:15.210,3.414,20000
2020-10-22 09:42:16.010,3.414,59600
2020-10-22 09:42:16.010,3.415,240400
2020-10-22 09:42:16.720,3.414,1000
2020-10-22 09:42:17.450,3.414,5600
2020-10-22 09:42:18.340,3.414,30000
2020-10-22 09:42:18.340,3.414,100000
2020-10-22 09:42:18.340,3.414,300000
2020-10-22 09:42:18.490,3.414,100000
2020-10-22 09:42:18.490,3.414,80000
2020-10-22 09:42:18.490,3.414,60000
2020-10-22 09:42:18.490,3.414,100000
2020-10-22 09:42:18.490,3.414,100000
2020-10-22 09:42:18.490,3.414,23400
2020-10-22 09:42:19.870,3.415,100
2020-10-22 09:42:21.110,3.414,76600
2020-10-22 09:42:21.110,3.414,11000
2020-10-22 09:42:22.000,3.415,5000
2020-10-22 09:42:23.150,3.414,200
2020-10-22 09:42:25.330,3.414,100
2020-10-22 09:42:25.760,3.415,100000
2020-10-22 09:42:26.100,3.414,4000
2020-10-22 09:42:27.230,3.415,70000
2020-10-22 09:42:27.810,3.415,3000
2020-10-22 09:42:28.460,3.415,10000
2020-10-22 09:42:28.530,3.415,2000
2020-10-22 09:42:28.640,3.414,14700
2020-10-22 09:42:28.640,3.414,40000
2020-10-22 09:42:28.640,3.414,10000
2020-10-22 09:42:28.640,3.414,1000
2020-10-22 09:42:28.640,3.414,1000
2020-10-22 09:42:28.640,3.414,1500
2020-10-22 09:42:28.640,3.414,30000
2020-10-22 09:42:28.640,3.414,3000
2020-10-22 09:42:28.640,3.414,40000
2020-10-22 09:42:28.640,3.414,300
2020-10-22 09:42:28.640,3.414,2000
2020-10-22 09:42:28.640,3.414,900
2020-10-22 09:42:28.960,3.414,100
2020-10-22 09:42:29.990,3.414,50000
2020-10-22 09:42:30.440,3.414,5000
2020-10-22 09:42:30.670,3.414,1300
2020-10-22 09:42:31.790,3.414,1100
2020-10-22 09:42:31.880,3.414,7300
2020-10-22 09:42:33.060,3.414,700
2020-10-22 09:42:34.640,3.414,90100
2020-10-22 09:42:34.640,3.414,9900
2020-10-22 09:42:34.640,3.414,20000
2020-10-22 09:42:34.750,3.414,100
2020-10-22 09:42:34.810,3.414,14700
2020-10-22 09:42:35.020,3.414,10000
2020-10-22 09:42:35.020,3.414,15000
2020-10-22 09:42:35.400,3.414,228500
2020-10-22 09:42:35.400,3.414,600
2020-10-22 09:42:35.400,3.414,70900
2020-10-22 09:42:35.940,3.414,100000
2020-10-22 09:42:35.940,3.414,100000
2020-10-22 09:42:35.940,3.414,70000
2020-10-22 09:42:35.940,3.414,50000
2020-10-22 09:42:36.180,3.414,70000
2020-10-22 09:42:37.050,3.414,5100
2020-10-22 09:42:37.300,3.414,500
2020-10-22 09:42:37.760,3.414,2000
2020-10-22 09:42:37.850,3.414,40000
2020-10-22 09:42:38.270,3.414,1000
2020-10-22 09:42:38.390,3.414,300000
2020-10-22 09:42:38.570,3.414,10000
2020-10-22 09:42:38.970,3.414,60000
2020-10-22 09:42:38.970,3.414,100000
2020-10-22 09:42:38.970,3.414,20500
2020-10-22 09:42:38.970,3.414,79500
2020-10-22 09:42:38.970,3.414,100000
2020-10-22 09:42:38.970,3.414,70000
2020-10-22 09:42:38.970,3.414,60000
2020-10-22 09:42:38.970,3.414,100000
2020-10-22 09:42:40.930,3.414,10000
2020-10-22 09:42:41.990,3.414,100000
2020-10-22 09:42:41.990,3.414,10000
2020-10-22 09:42:42.050,3.414,5000
2020-10-22 09:42:43.030,3.413,1300
2020-10-22 09:42:43.750,3.413,700
2020-10-22 09:42:43.890,3.414,33300
2020-10-22 09:42:43.890,3.414,26700
2020-10-22 09:42:45.340,3.414,10000
2020-10-22 09:42:45.700,3.414,80000
2020-10-22 09:42:46.800,3.414,300000
2020-10-22 09:42:46.800,3.414,300000
2020-10-22 09:42:49.890,3.414,3000
2020-10-22 09:42:50.040,3.414,500
2020-10-22 09:42:51.360,3.414,5900
2020-10-22 09:42:52.170,3.413,15500
2020-10-22 09:42:52.200,3.414,10000
2020-10-22 09:42:52.950,3.414,10000
2020-10-22 09:42:53.500,3.414,1100
2020-10-22 09:42:54.690,3.414,70000
2020-10-22 09:42:55.140,3.414,3000
2020-10-22 09:42:55.610,3.414,200
2020-10-22 09:42:55.900,3.414,5000
2020-10-22 09:42:56.020,3.413,300
2020-10-22 09:42:56.090,3.413,50000
2020-10-22 09:42:56.750,3.414,5000
2020-10-22 09:42:58.660,3.414,4000
2020-10-22 09:43:02.130,3.414,5000
2020-10-22 09:43:02.850,3.414,2000
2020-10-22 09:43:04.170,3.414,2000
2020-10-22 09:43:05.680,3.414,8000
2020-10-22 09:43:06.530,3.413,6300
2020-10-22 09:43:07.570,3.414,48600
2020-10-22 09:43:07.570,3.414,6500
2020-10-22 09:43:07.570,3.414,2000
2020-10-22 09:43:07.570,3.414,12900
2020-10-22 09:43:07.570,3.414,20000
2020-10-22 09:43:07.570,3.414,13200
2020-10-22 09:43:07.570,3.414,26800
2020-10-22 09:43:08.120,3.413,129300
2020-10-22 09:43:08.120,3.413,40000
2020-10-22 09:43:08.120,3.413,10000
2020-10-22 09:43:08.120,3.413,30000
2020-10-22 09:43:08.120,3.413,40000
2020-10-22 09:43:08.120,3.413,10000
2020-10-22 09:43:08.120,3.413,1500
2020-10-22 09:43:08.120,3.413,39200
2020-10-22 09:43:08.230,3.413,28900
2020-10-22 09:43:08.230,3.413,9000
2020-10-22 09:43:08.230,3.413,1000
2020-10-22 09:43:08.230,3.413,2900
2020-10-22 09:43:08.230,3.413,1000
2020-10-22 09:43:08.230,3.413,3000
2020-10-22 09:43:08.230,3.413,100
2020-10-22 09:43:08.230,3.413,8800
2020-10-22 09:43:08.230,3.413,5000
2020-10-22 09:43:08.730,3.413,100
2020-10-22 09:43:08.980,3.413,100000
2020-10-22 09:43:08.980,3.413,100000
2020-10-22 09:43:08.980,3.413,40200
2020-10-22 09:43:08.980,3.413,59800
2020-10-22 09:43:08.980,3.413,60000
2020-10-22 09:43:08.980,3.413,16700
2020-10-22 09:43:08.980,3.413,3300
2020-10-22 09:43:08.980,3.413,100000
2020-10-22 09:43:08.980,3.413,60000
2020-10-22 09:43:10.020,3.413,136700
2020-10-22 09:43:10.020,3.413,163300
2020-10-22 09:43:10.020,3.413,136800
2020-10-22 09:43:10.020,3.413,163200
2020-10-22 09:43:10.940,3.413,14000
2020-10-22 09:43:11.000,3.413,300000
2020-10-22 09:43:11.600,3.413,300000
2020-10-22 09:43:11.930,3.413,100000
2020-10-22 09:43:11.930,3.413,22800
2020-10-22 09:43:11.930,3.413,47200
2020-10-22 09:43:11.930,3.413,70000
2020-10-22 09:43:11.930,3.413,100000
2020-10-22 09:43:11.930,3.413,100000
2020-10-22 09:43:11.930,3.413,40000
2020-10-22 09:43:11.930,3.413,100000
2020-10-22 09:43:11.930,3.413,70000
2020-10-22 09:43:11.930,3.413,60000
2020-10-22 09:43:11.930,3.413,100000
2020-10-22 09:43:12.550,3.413,212800
2020-10-22 09:43:12.550,3.414,87200
2020-10-22 09:43:12.740,3.413,100
2020-10-22 09:43:12.770,3.413,900
2020-10-22 09:43:13.610,3.413,86000
2020-10-22 09:43:13.610,3.414,186000
2020-10-22 09:43:13.610,3.414,28000
2020-10-22 09:43:14.050,3.413,100
2020-10-22 09:43:14.970,3.414,57800
2020-10-22 09:43:14.970,3.414,42200
2020-10-22 09:43:14.970,3.414,100000
2020-10-22 09:43:14.970,3.414,20000
2020-10-22 09:43:16.390,3.413,400
2020-10-22 09:43:16.390,3.413,4600
2020-10-22 09:43:18.270,3.413,5000
2020-10-22 09:43:18.940,3.414,33500
2020-10-22 09:43:21.210,3.414,40000
2020-10-22 09:43:21.420,3.414,1800
2020-10-22 09:43:21.540,3.413,14700
2020-10-22 09:43:21.540,3.413,1500
2020-10-22 09:43:22.070,3.413,3000
2020-10-22 09:43:22.650,3.413,14100
2020-10-22 09:43:23.550,3.413,400
2020-10-22 09:43:23.550,3.413,14300
2020-10-22 09:43:24.450,3.413,5700
2020-10-22 09:43:24.450,3.413,8100
2020-10-22 09:43:26.210,3.413,600
2020-10-22 09:43:26.490,3.413,1600
2020-10-22 09:43:26.490,3.413,15200
2020-10-22 09:43:26.960,3.414,300
2020-10-22 09:43:27.400,3.413,15400
2020-10-22 09:43:28.060,3.414,200
2020-10-22 09:43:28.420,3.413,9400
2020-10-22 09:43:28.420,3.413,1000
2020-10-22 09:43:28.420,3.413,200
2020-10-22 09:43:28.420,3.413,4000
2020-10-22 09:43:28.450,3.414,10000
2020-10-22 09:43:28.750,3.414,2900
2020-10-22 09:43:29.540,3.413,100
2020-10-22 09:43:29.620,3.414,1400
2020-10-22 09:43:30.570,3.413,15100
2020-10-22 09:43:31.720,3.413,4800
2020-10-22 09:43:31.720,3.413,1000
2020-10-22 09:43:31.720,3.413,9300
2020-10-22 09:43:32.660,3.413,300
2020-10-22 09:43:32.860,3.413,6800
2020-10-22 09:43:32.860,3.413,2000
2020-10-22 09:43:32.860,3.413,100
2020-10-22 09:43:32.860,3.413,10000
2020-10-22 09:43:34.470,3.412,9100
2020-10-22 09:43:34.960,3.413,1600
2020-10-22 09:43:35.980,3.413,70000
2020-10-22 09:43:35.980,3.413,50000
2020-10-22 09:43:35.980,3.413,100000
2020-10-22 09:43:35.980,3.413,100000
2020-10-22 09:43:35.980,3.413,40000
2020-10-22 09:43:37.530,3.413,300000
2020-10-22 09:43:37.900,3.412,17200
2020-10-22 09:43:38.920,3.413,10000
2020-10-22 09:43:38.980,3.413,500
2020-10-22 09:43:39.270,3.413,100
2020-10-22 09:43:39.740,3.412,3200
2020-10-22 09:43:40.160,3.413,80000
2020-10-22 09:43:40.620,3.412,6000
2020-10-22 09:43:41.250,3.413,128900
2020-10-22 09:43:41.250,3.413,171100
2020-10-22 09:43:41.370,3.413,300000
2020-10-22 09:43:41.930,3.413,39100
2020-10-22 09:43:41.930,3.413,100000
2020-10-22 09:43:41.930,3.413,100000
2020-10-22 09:43:41.930,3.413,60000
2020-10-22 09:43:41.930,3.413,20000
2020-10-22 09:43:41.930,3.413,70000
2020-10-22 09:43:43.260,3.413,39800
2020-10-22 09:43:43.260,3.413,300
2020-10-22 09:43:43.260,3.413,20000
2020-10-22 09:43:43.260,3.414,47800
2020-10-22 09:43:43.260,3.414,8400
2020-10-22 09:43:43.260,3.414,40000
2020-10-22 09:43:43.260,3.414,143700
2020-10-22 09:43:44.140,3.414,10000
2020-10-22 09:43:44.240,3.412,16000
2020-10-22 09:43:45.280,3.413,500
2020-10-22 09:43:45.370,3.413,16200
2020-10-22 09:43:46.380,3.413,16600
2020-10-22 09:43:46.380,3.413,450000
2020-10-22 09:43:46.630,3.413,84200
2020-10-22 09:43:47.620,3.413,12800
2020-10-22 09:43:49.130,3.413,417500
2020-10-22 09:43:49.130,3.413,458700
2020-10-22 09:43:49.130,3.413,1000
2020-10-22 09:43:49.130,3.413,500
2020-10-22 09:43:49.130,3.413,5000
2020-10-22 09:43:50.140,3.413,4000
2020-10-22 09:43:50.940,3.413,13300
2020-10-22 09:43:50.940,3.413,26700
2020-10-22 09:43:50.940,3.413,30000
2020-10-22 09:43:50.940,3.413,60000
2020-10-22 09:43:50.940,3.413,70000
2020-10-22 09:43:50.940,3.413,100000
2020-10-22 09:43:50.940,3.413,100000
2020-10-22 09:43:50.940,3.413,100000
2020-10-22 09:43:50.940,3.413,100000
2020-10-22 09:43:50.940,3.413,40000
2020-10-22 09:43:50.940,3.413,100000
2020-10-22 09:43:51.490,3.412,14400
2020-10-22 09:43:51.760,3.413,18000
2020-10-22 09:43:51.940,3.413,120000
2020-10-22 09:43:51.970,3.413,1000
2020-10-22 09:43:53.580,3.412,14500
2020-10-22 09:43:54.500,3.413,20000
2020-10-22 09:43:54.690,3.412,14000
2020-10-22 09:43:55.200,3.413,14300
2020-10-22 09:43:55.200,3.413,500
2020-10-22 09:43:55.200,3.413,35200
2020-10-22 09:43:55.710,3.412,5800
2020-10-22 09:43:55.710,3.412,5000
2020-10-22 09:43:55.710,3.412,100
2020-10-22 09:43:55.710,3.412,100
2020-10-22 09:43:56.650,3.413,2000
2020-10-22 09:43:56.940,3.413,100000
2020-10-22 09:43:56.940,3.413,80000
2020-10-22 09:43:56.940,3.413,80000
2020-10-22 09:43:56.940,3.413,40000
2020-10-22 09:43:56.940,3.413,100000
2020-10-22 09:43:57.930,3.412,17200
2020-10-22 09:43:58.810,3.412,2700
2020-10-22 09:43:58.810,3.412,13100
2020-10-22 09:44:00.110,3.412,14200
2020-10-22 09:44:01.320,3.412,2700
2020-10-22 09:44:01.320,3.412,5000
2020-10-22 09:44:01.320,3.412,1100
2020-10-22 09:44:01.320,3.412,5600
2020-10-22 09:44:01.830,3.412,24400
2020-10-22 09:44:01.830,3.412,20000
2020-10-22 09:44:01.830,3.412,103100
2020-10-22 09:44:01.830,3.412,6200
2020-10-22 09:44:01.830,3.412,50000
2020-10-22 09:44:01.830,3.412,7300
2020-10-22 09:44:01.830,3.412,10000
2020-10-22 09:44:01.830,3.412,300
2020-10-22 09:44:01.830,3.412,2000
2020-10-22 09:44:01.830,3.412,10000
2020-10-22 09:44:01.830,3.412,50000
2020-10-22 09:44:01.830,3.412,500
2020-10-22 09:44:01.830,3.412,20000
2020-10-22 09:44:01.830,3.412,1000
2020-10-22 09:44:01.830,3.412,14500
2020-10-22 09:44:01.830,3.412,2000
2020-10-22 09:44:01.830,3.412,900
2020-10-22 09:44:01.830,3.412,2000
2020-10-22 09:44:01.830,3.412,6500
2020-10-22 09:44:01.830,3.412,2500
2020-10-22 09:44:01.830,3.412,3000
2020-10-22 09:44:01.830,3.412,2000
2020-10-22 09:44:01.830,3.412,500
2020-10-22 09:44:01.830,3.412,1500
2020-10-22 09:44:01.830,3.412,1500
2020-10-22 09:44:01.830,3.412,10000
2020-10-22 09:44:01.830,3.412,1000
2020-10-22 09:44:01.830,3.412,500
2020-10-22 09:44:01.830,3.412,27600
2020-10-22 09:44:01.830,3.412,10000
2020-10-22 09:44:02.960,3.412,10000
2020-10-22 09:44:03.690,3.412,20000
2020-10-22 09:44:04.900,3.411,14800
2020-10-22 09:44:05.880,3.412,30000
2020-10-22 09:44:05.940,3.412,80000
2020-10-22 09:44:05.940,3.412,100000
2020-10-22 09:44:05.940,3.412,70000
2020-10-22 09:44:05.940,3.412,80000
2020-10-22 09:44:05.940,3.412,100000
2020-10-22 09:44:05.940,3.412,19200
2020-10-22 09:44:05.940,3.412,2000
2020-10-22 09:44:05.940,3.412,78800
2020-10-22 09:44:05.940,3.412,70000
2020-10-22 09:44:05.940,3.412,100000
2020-10-22 09:44:06.300,3.412,201200
2020-10-22 09:44:06.300,3.412,98800
2020-10-22 09:44:06.300,3.412,300000
2020-10-22 09:44:07.790,3.412,2800
2020-10-22 09:44:08.390,3.412,300000
2020-10-22 09:44:08.570,3.412,198400
2020-10-22 09:44:08.570,3.412,10000
2020-10-22 09:44:08.570,3.412,20000
2020-10-22 09:44:08.570,3.412,71600
2020-10-22 09:44:08.570,3.412,14300
2020-10-22 09:44:08.570,3.412,285700
2020-10-22 09:44:08.910,3.412,199000
2020-10-22 09:44:09.000,3.412,70000
2020-10-22 09:44:09.000,3.412,30000
2020-10-22 09:44:09.000,3.412,15300
2020-10-22 09:44:09.670,3.412,3000
2020-10-22 09:44:10.460,3.413,300000
2020-10-22 09:44:10.870,3.413,1000
2020-10-22 09:44:11.130,3.412,100
2020-10-22 09:44:11.410,3.413,30000
2020-10-22 09:44:11.410,3.413,40000
2020-10-22 09:44:11.960,3.413,30000
2020-10-22 09:44:11.960,3.413,40000
2020-10-22 09:44:11.960,3.413,21800
2020-10-22 09:44:11.960,3.413,300
2020-10-22 09:44:11.960,3.413,20000
2020-10-22 09:44:11.960,3.413,20000
2020-10-22 09:44:12.420,3.414,93000
2020-10-22 09:44:12.620,3.414,15700
2020-10-22 09:44:13.670,3.414,30000
2020-10-22 09:44:14.900,3.415,2700
2020-10-22 09:44:17.500,3.415,37300
2020-10-22 09:44:17.500,3.415,6800
2020-10-22 09:44:17.500,3.415,10000
2020-10-22 09:44:18.670,3.415,15900
2020-10-22 09:44:18.840,3.415,1500
2020-10-22 09:44:19.890,3.415,18400
2020-10-22 09:44:20.830,3.415,210100
2020-10-22 09:44:22.870,3.415,37900
2020-10-22 09:44:25.140,3.415,51900
2020-10-22 09:44:25.140,3.415,48100
2020-10-22 09:44:25.210,3.415,100000
2020-10-22 09:44:25.210,3.415,40000
2020-10-22 09:44:26.350,3.414,300
2020-10-22 09:44:26.410,3.415,500
2020-10-22 09:44:26.970,3.415,14700
2020-10-22 09:44:27.230,3.415,25300
2020-10-22 09:44:27.230,3.415,30000
2020-10-22 09:44:27.230,3.415,100000
2020-10-22 09:44:27.230,3.415,10000
2020-10-22 09:44:27.230,3.415,30000
2020-10-22 09:44:27.230,3.415,30000
2020-10-22 09:44:27.230,3.415,74700
2020-10-22 09:44:29.570,3.416,2000
2020-10-22 09:44:32.370,3.416,100
2020-10-22 09:44:32.370,3.416,2900
2020-10-22 09:44:36.030,3.415,2000
2020-10-22 09:44:37.610,3.415,400
2020-10-22 09:44:37.610,3.415,1900
2020-10-22 09:44:37.790,3.416,3100
2020-10-22 09:44:37.790,3.416,20200
2020-10-22 09:44:37.990,3.416,5000
2020-10-22 09:44:40.140,3.416,10000
2020-10-22 09:44:40.140,3.416,4800
2020-10-22 09:44:40.140,3.416,5200
2020-10-22 09:44:40.140,3.416,24800
2020-10-22 09:44:40.140,3.416,3700
2020-10-22 09:44:40.140,3.416,41500
2020-10-22 09:44:41.950,3.415,5800
2020-10-22 09:44:42.120,3.416,6000
2020-10-22 09:44:42.280,3.416,100000
2020-10-22 09:44:42.280,3.416,100000
