Datetime,Price,Volume
2020-10-22 09:25:00.620,4.844,2500
2020-10-22 09:25:00.620,4.844,4000
2020-10-22 09:25:00.620,4.844,1000
2020-10-22 09:25:00.620,4.844,200
2020-10-22 09:25:00.620,4.844,1900
2020-10-22 09:25:00.620,4.844,2500
2020-10-22 09:25:00.620,4.844,2400
2020-10-22 09:25:00.620,4.844,4100
2020-10-22 09:25:00.620,4.844,1000
2020-10-22 09:25:00.620,4.844,4200
2020-10-22 09:25:00.620,4.844,1000
2020-10-22 09:25:00.620,4.844,100
2020-10-22 09:25:00.620,4.844,500
2020-10-22 09:25:00.620,4.844,2900
2020-10-22 09:25:00.620,4.844,4200
2020-10-22 09:25:00.620,4.844,1100
2020-10-22 09:25:00.620,4.844,30000
2020-10-22 09:25:00.620,4.844,18900
2020-10-22 09:25:00.620,4.844,14700
2020-10-22 09:25:00.620,4.844,4400
2020-10-22 09:25:00.620,4.844,4000
2020-10-22 09:25:00.620,4.844,2000
2020-10-22 09:25:00.620,4.844,13300
2020-10-22 09:25:00.620,4.844,33200
2020-10-22 09:25:00.620,4.844,4000
2020-10-22 09:25:00.620,4.844,2700
2020-10-22 09:25:00.620,4.844,5000
2020-10-22 09:25:00.620,4.844,6700
2020-10-22 09:25:00.620,4.844,17800
2020-10-22 09:25:00.620,4.844,7000
2020-10-22 09:25:00.620,4.844,10000
2020-10-22 09:25:00.620,4.844,8500
2020-10-22 09:25:00.620,4.844,5000
2020-10-22 09:25:00.620,4.844,5500
2020-10-22 09:25:00.620,4.844,2000
2020-10-22 09:25:00.620,4.844,2500
2020-10-22 09:25:00.620,4.844,4100
2020-10-22 09:25:00.620,4.844,8400
2020-10-22 09:25:00.620,4.844,600
2020-10-22 09:25:00.620,4.844,100
2020-10-22 09:25:00.620,4.844,300
2020-10-22 09:25:00.620,4.844,3000
2020-10-22 09:25:00.620,4.844,200
2020-10-22 09:25:00.620,4.844,100
2020-10-22 09:25:00.620,4.844,200
2020-10-22 09:25:00.620,4.844,100
2020-10-22 09:25:00.620,4.844,200
2020-10-22 09:25:00.620,4.844,200
2020-10-22 09:25:00.620,4.844,100
2020-10-22 09:25:00.620,4.844,200
2020-10-22 09:25:00.620,4.844,500
2020-10-22 09:25:00.620,4.844,900
2020-10-22 09:25:00.620,4.844,2000
2020-10-22 09:25:00.620,4.844,100
2020-10-22 09:25:00.620,4.844,200
2020-10-22 09:25:00.620,4.844,100
2020-10-22 09:25:00.620,4.844,100
2020-10-22 09:25:00.620,4.844,1000
2020-10-22 09:25:00.620,4.844,100
2020-10-22 09:25:00.620,4.844,200
2020-10-22 09:25:00.620,4.844,300
2020-10-22 09:25:00.620,4.844,200
2020-10-22 09:25:00.620,4.844,200
2020-10-22 09:25:00.620,4.844,100
2020-10-22 09:25:00.620,4.844,100
2020-10-22 09:25:00.620,4.844,100
2020-10-22 09:25:00.620,4.844,100
2020-10-22 09:25:00.620,4.844,100
2020-10-22 09:25:00.620,4.844,100
2020-10-22 09:25:00.620,4.844,100
2020-10-22 09:25:00.620,4.844,100
2020-10-22 09:25:00.620,4.844,200
2020-10-22 09:25:00.620,4.844,100
2020-10-22 09:25:00.620,4.844,300
2020-10-22 09:25:00.620,4.844,1000
2020-10-22 09:25:00.620,4.844,300
2020-10-22 09:25:00.620,4.844,1000
2020-10-22 09:25:00.620,4.844,100
2020-10-22 09:25:00.620,4.844,200
2020-10-22 09:25:00.620,4.844,2100
2020-10-22 09:25:00.620,4.844,100
2020-10-22 09:25:00.620,4.844,400
2020-10-22 09:25:00.620,4.844,5500
2020-10-22 09:25:00.620,4.844,100
2020-10-22 09:25:00.620,4.844,100
2020-10-22 09:25:00.620,4.844,300
2020-10-22 09:25:00.620,4.844,100
2020-10-22 09:25:00.620,4.844,100
2020-10-22 09:25:00.620,4.844,1000
2020-10-22 09:25:00.620,4.844,500
2020-10-22 09:25:00.620,4.844,100
2020-10-22 09:25:00.620,4.844,2500
2020-10-22 09:25:00.620,4.844,100
2020-10-22 09:25:00.620,4.844,100
2020-10-22 09:25:00.620,4.844,200
2020-10-22 09:25:00.620,4.844,500
2020-10-22 09:25:00.620,4.844,100
2020-10-22 09:25:00.620,4.844,300
2020-10-22 09:25:00.620,4.844,100
2020-10-22 09:25:00.620,4.844,200
2020-10-22 09:25:00.620,4.844,100
2020-10-22 09:25:00.620,4.844,100
2020-10-22 09:25:00.620,4.844,100
2020-10-22 09:25:00.620,4.844,100
2020-10-22 09:25:00.620,4.844,100
2020-10-22 09:25:00.620,4.844,10000
2020-10-22 09:25:00.620,4.844,400
2020-10-22 09:25:00.620,4.844,100
2020-10-22 09:25:00.620,4.844,600
2020-10-22 09:25:00.620,4.844,100
2020-10-22 09:25:00.620,4.844,2000
2020-10-22 09:25:00.620,4.844,500
2020-10-22 09:25:00.620,4.844,100
2020-10-22 09:25:00.620,4.844,100
2020-10-22 09:25:00.620,4.844,200
2020-10-22 09:25:00.620,4.844,2300
2020-10-22 09:25:00.620,4.844,7300
2020-10-22 09:25:00.620,4.844,9700
2020-10-22 09:25:00.620,4.844,2100
2020-10-22 09:25:00.620,4.844,100
2020-10-22 09:25:00.620,4.844,100
2020-10-22 09:25:00.620,4.844,500
2020-10-22 09:25:00.620,4.844,2000
2020-10-22 09:25:00.620,4.844,15500
2020-10-22 09:25:00.620,4.844,1800
2020-10-22 09:25:00.620,4.844,800
2020-10-22 09:25:00.620,4.844,2200
2020-10-22 09:25:00.620,4.844,500
2020-10-22 09:25:00.620,4.844,2000
2020-10-22 09:25:00.620,4.844,500
2020-10-22 09:25:00.620,4.844,100
2020-10-22 09:25:00.620,4.844,4700
2020-10-22 09:25:00.620,4.844,3500
2020-10-22 09:25:00.620,4.844,3000
2020-10-22 09:25:00.620,4.844,1200
2020-10-22 09:25:00.620,4.844,2000
2020-10-22 09:25:00.620,4.844,600
2020-10-22 09:25:00.620,4.844,10000
2020-10-22 09:25:00.620,4.844,300
2020-10-22 09:25:00.620,4.844,20000
2020-10-22 09:25:00.620,4.844,100
2020-10-22 09:25:00.620,4.844,100
2020-10-22 09:25:00.620,4.844,600
2020-10-22 09:25:00.620,4.844,100
2020-10-22 09:25:00.620,4.844,500
2020-10-22 09:25:00.620,4.844,200
2020-10-22 09:25:00.620,4.844,1800
2020-10-22 09:25:00.620,4.844,2000
2020-10-22 09:25:00.620,4.844,2000
2020-10-22 09:25:00.620,4.844,500
2020-10-22 09:25:00.620,4.844,100
2020-10-22 09:25:00.620,4.844,500
2020-10-22 09:25:00.620,4.844,100
2020-10-22 09:25:00.620,4.844,200
2020-10-22 09:25:00.620,4.844,100
2020-10-22 09:25:00.620,4.844,3000
2020-10-22 09:25:00.620,4.844,100
2020-10-22 09:25:00.620,4.844,5900
2020-10-22 09:25:00.620,4.844,20000
2020-10-22 09:25:00.620,4.844,16200
2020-10-22 09:25:00.620,4.844,37900
2020-10-22 09:25:00.620,4.844,1000
2020-10-22 09:25:00.620,4.844,11100
2020-10-22 09:25:00.620,4.844,10000
2020-10-22 09:25:00.620,4.844,500
2020-10-22 09:25:00.620,4.844,18400
2020-10-22 09:25:00.620,4.844,33100
2020-10-22 09:25:00.620,4.844,1200
2020-10-22 09:25:00.620,4.844,3000
2020-10-22 09:25:00.620,4.844,2700
2020-10-22 09:25:00.620,4.844,5000
2020-10-22 09:25:00.620,4.844,5700
2020-10-22 09:25:00.620,4.844,100
2020-10-22 09:25:00.620,4.844,100
2020-10-22 09:25:00.620,4.844,100
2020-10-22 09:25:00.620,4.844,2300
2020-10-22 09:25:00.620,4.844,100
2020-10-22 09:25:00.620,4.844,8800
2020-10-22 09:25:00.620,4.844,8200
2020-10-22 09:25:00.620,4.844,100
2020-10-22 09:25:00.620,4.844,45700
2020-10-22 09:25:00.620,4.844,2500
2020-10-22 09:25:00.620,4.844,1000
2020-10-22 09:25:00.620,4.844,27200
2020-10-22 09:25:00.620,4.844,1900
2020-10-22 09:25:00.620,4.844,6000
2020-10-22 09:25:00.620,4.844,5000
2020-10-22 09:25:00.620,4.844,1000
2020-10-22 09:25:00.620,4.844,1000
2020-10-22 09:25:00.620,4.844,100
2020-10-22 09:25:00.620,4.844,3000
2020-10-22 09:25:00.620,4.844,1000
2020-10-22 09:25:00.620,4.844,2400
2020-10-22 09:25:00.620,4.844,8000
2020-10-22 09:25:00.620,4.844,200
2020-10-22 09:25:00.620,4.844,200
2020-10-22 09:30:00.260,4.843,2300
2020-10-22 09:30:00.260,4.843,500
2020-10-22 09:30:00.260,4.843,100
2020-10-22 09:30:00.380,4.843,100
2020-10-22 09:30:00.380,4.842,15000
2020-10-22 09:30:00.380,4.842,700
2020-10-22 09:30:00.380,4.841,100
2020-10-22 09:30:00.380,4.841,6000
2020-10-22 09:30:00.380,4.841,5000
2020-10-22 09:30:00.380,4.841,5000
2020-10-22 09:30:00.430,4.841,20100
2020-10-22 09:30:00.430,4.842,1400
2020-10-22 09:30:00.430,4.842,20000
2020-10-22 09:30:00.430,4.843,4200
2020-10-22 09:30:00.430,4.843,5800
2020-10-22 09:30:00.530,4.843,10000
2020-10-22 09:30:00.530,4.842,6000
2020-10-22 09:30:00.530,4.842,52500
2020-10-22 09:30:00.530,4.84,2000
2020-10-22 09:30:00.530,4.84,11000
2020-10-22 09:30:00.530,4.84,400
2020-10-22 09:30:00.530,4.84,800
2020-10-22 09:30:00.530,4.84,400
2020-10-22 09:30:00.530,4.84,200
2020-10-22 09:30:00.530,4.84,1300
2020-10-22 09:30:00.530,4.84,1000
2020-10-22 09:30:00.530,4.84,1200
2020-10-22 09:30:00.530,4.84,2000
2020-10-22 09:30:00.530,4.84,3000
2020-10-22 09:30:00.530,4.84,300
2020-10-22 09:30:00.530,4.84,41100
2020-10-22 09:30:00.530,4.84,15000
2020-10-22 09:30:00.530,4.84,2000
2020-10-22 09:30:00.530,4.839,700
2020-10-22 09:30:00.530,4.838,100
2020-10-22 09:30:00.530,4.838,100
2020-10-22 09:30:00.530,4.838,2300
2020-10-22 09:30:00.530,4.838,10000
2020-10-22 09:30:00.530,4.838,1000
2020-10-22 09:30:00.530,4.838,500
2020-10-22 09:30:00.640,4.838,100
2020-10-22 09:30:00.750,4.838,500
2020-10-22 09:30:00.830,4.838,50000
2020-10-22 09:30:00.830,4.838,100
2020-10-22 09:30:00.880,4.838,400
2020-10-22 09:30:00.880,4.839,2600
2020-10-22 09:30:00.880,4.839,2400
2020-10-22 09:30:00.880,4.84,3600
2020-10-22 09:30:01.000,4.84,5000
2020-10-22 09:30:01.000,4.84,3000
2020-10-22 09:30:01.000,4.84,1000
2020-10-22 09:30:01.000,4.84,10000
2020-10-22 09:30:01.120,4.84,100
2020-10-22 09:30:01.120,4.84,29600
2020-10-22 09:30:01.120,4.84,100
2020-10-22 09:30:01.120,4.84,1000
2020-10-22 09:30:01.230,4.84,200
2020-10-22 09:30:01.230,4.84,20000
2020-10-22 09:30:01.410,4.84,3000
2020-10-22 09:30:01.450,4.84,200
2020-10-22 09:30:01.450,4.84,10000
2020-10-22 09:30:01.450,4.84,12000
2020-10-22 09:30:01.570,4.84,1000
2020-10-22 09:30:01.570,4.839,900
2020-10-22 09:30:01.570,4.838,50000
2020-10-22 09:30:01.570,4.838,2000
2020-10-22 09:30:01.570,4.838,25000
2020-10-22 09:30:01.570,4.837,100
2020-10-22 09:30:01.570,4.837,5000
2020-10-22 09:30:01.680,4.837,1000
2020-10-22 09:30:01.680,4.837,100
2020-10-22 09:30:01.810,4.837,900
2020-10-22 09:30:01.810,4.837,10000
2020-10-22 09:30:01.920,4.837,2000
2020-10-22 09:30:02.020,4.837,5000
2020-10-22 09:30:02.020,4.837,2000
2020-10-22 09:30:02.140,4.837,100
2020-10-22 09:30:02.250,4.836,800
2020-10-22 09:30:02.250,4.836,9200
2020-10-22 09:30:02.250,4.837,95900
2020-10-22 09:30:02.470,4.84,20200
2020-10-22 09:30:02.470,4.84,9600
2020-10-22 09:30:02.470,4.84,5000
2020-10-22 09:30:02.470,4.84,5400
2020-10-22 09:30:02.470,4.84,1600
2020-10-22 09:30:02.470,4.838,10000
2020-10-22 09:30:02.470,4.84,200
2020-10-22 09:30:02.470,4.84,3000
2020-10-22 09:30:02.470,4.84,2000
2020-10-22 09:30:02.550,4.84,17200
2020-10-22 09:30:02.550,4.841,25500
2020-10-22 09:30:02.550,4.841,7300
2020-10-22 09:30:02.600,4.841,1000
2020-10-22 09:30:02.810,4.839,1300
2020-10-22 09:30:02.890,4.841,5000
2020-10-22 09:30:02.890,4.841,6700
2020-10-22 09:30:02.890,4.841,2000
2020-10-22 09:30:02.890,4.841,100
2020-10-22 09:30:02.890,4.842,1200
2020-10-22 09:30:03.100,4.842,1500
2020-10-22 09:30:03.170,4.841,1000
2020-10-22 09:30:03.250,4.842,100
2020-10-22 09:30:03.380,4.842,100
2020-10-22 09:30:03.500,4.842,100
2020-10-22 09:30:03.500,4.842,9900
2020-10-22 09:30:03.610,4.841,1600
2020-10-22 09:30:03.610,4.84,2500
2020-10-22 09:30:03.610,4.839,600
2020-10-22 09:30:03.610,4.839,100
2020-10-22 09:30:03.610,4.838,5400
2020-10-22 09:30:03.680,4.842,100
2020-10-22 09:30:03.680,4.842,1300
2020-10-22 09:30:03.810,4.842,200
2020-10-22 09:30:04.210,4.842,500
2020-10-22 09:30:04.870,4.842,5000
2020-10-22 09:30:04.940,4.842,9700
2020-10-22 09:30:05.640,4.842,1500
2020-10-22 09:30:05.880,4.842,200
2020-10-22 09:30:06.010,4.842,100
2020-10-22 09:30:06.150,4.841,2000
2020-10-22 09:30:06.150,4.841,4800
2020-10-22 09:30:06.250,4.839,100
2020-10-22 09:30:06.390,4.839,100
2020-10-22 09:30:06.460,4.839,200
2020-10-22 09:30:06.700,4.839,100
2020-10-22 09:30:06.820,4.839,100
2020-10-22 09:30:07.410,4.839,2000
2020-10-22 09:30:07.630,4.839,10000
2020-10-22 09:30:08.510,4.839,1000
2020-10-22 09:30:09.380,4.839,5000
2020-10-22 09:30:09.550,4.839,300
2020-10-22 09:30:10.420,4.839,2500
2020-10-22 09:30:10.580,4.838,48700
2020-10-22 09:30:10.580,4.838,5000
2020-10-22 09:30:10.580,4.838,50000
2020-10-22 09:30:10.580,4.837,500
2020-10-22 09:30:10.580,4.836,800
2020-10-22 09:30:10.580,4.836,200
2020-10-22 09:30:10.580,4.836,10000
2020-10-22 09:30:10.580,4.836,10000
2020-10-22 09:30:10.580,4.836,5000
2020-10-22 09:30:10.580,4.836,100000
2020-10-22 09:30:11.190,4.836,300
2020-10-22 09:30:11.320,4.836,1000
2020-10-22 09:30:11.550,4.836,68500
2020-10-22 09:30:12.170,4.839,1500
2020-10-22 09:30:12.300,4.839,20000
2020-10-22 09:30:12.560,4.839,4700
2020-10-22 09:30:12.870,4.84,10000
2020-10-22 09:30:13.260,4.838,1000
2020-10-22 09:30:13.750,4.838,300
2020-10-22 09:30:13.780,4.838,1000
2020-10-22 09:30:14.190,4.836,31500
2020-10-22 09:30:14.980,4.836,14600
2020-10-22 09:30:15.270,4.838,1000
2020-10-22 09:30:15.270,4.838,5000
2020-10-22 09:30:16.450,4.838,31700
2020-10-22 09:30:16.450,4.838,8300
2020-10-22 09:30:16.600,4.836,1000
2020-10-22 09:30:17.650,4.838,6100
2020-10-22 09:30:17.650,4.837,3000
2020-10-22 09:30:17.650,4.836,500
2020-10-22 09:30:17.650,4.836,4800
2020-10-22 09:30:17.780,4.836,25600
2020-10-22 09:30:17.810,4.838,5000
2020-10-22 09:30:17.990,4.838,16700
2020-10-22 09:30:19.160,4.836,29600
2020-10-22 09:30:19.160,4.836,29600
2020-10-22 09:30:20.410,4.836,1600
2020-10-22 09:30:22.400,4.838,100
2020-10-22 09:30:22.490,4.837,2000
2020-10-22 09:30:23.780,4.838,200
2020-10-22 09:30:24.220,4.837,10300
2020-10-22 09:30:24.350,4.838,40000
2020-10-22 09:30:24.690,4.837,17700
2020-10-22 09:30:24.690,4.837,32300
2020-10-22 09:30:25.400,4.837,7700
2020-10-22 09:30:25.400,4.837,40000
2020-10-22 09:30:25.400,4.837,3300
2020-10-22 09:30:25.730,4.838,5000
2020-10-22 09:30:27.220,4.838,40000
2020-10-22 09:30:28.130,4.838,100
2020-10-22 09:30:28.160,4.838,9500
2020-10-22 09:30:29.030,4.837,26700
2020-10-22 09:30:29.030,4.837,15000
2020-10-22 09:30:29.030,4.837,30000
2020-10-22 09:30:29.030,4.837,40000
2020-10-22 09:30:29.030,4.837,33100
2020-10-22 09:30:29.790,4.838,40000
2020-10-22 09:30:29.790,4.838,14800
2020-10-22 09:30:29.790,4.838,2100
2020-10-22 09:30:29.790,4.838,13100
2020-10-22 09:30:31.060,4.837,40000
2020-10-22 09:30:31.060,4.837,30000
2020-10-22 09:30:31.060,4.837,30000
2020-10-22 09:30:31.190,4.837,5000
2020-10-22 09:30:31.250,4.837,195000
2020-10-22 09:30:31.250,4.838,30000
2020-10-22 09:30:31.280,4.837,4000
2020-10-22 09:30:31.280,4.838,30000
2020-10-22 09:30:31.660,4.838,2500
2020-10-22 09:30:31.910,4.838,3000
2020-10-22 09:30:32.010,4.838,21400
2020-10-22 09:30:32.170,4.838,34000
2020-10-22 09:30:32.240,4.838,30000
2020-10-22 09:30:32.330,4.838,2000
2020-10-22 09:30:32.490,4.838,1000
2020-10-22 09:30:32.870,4.838,233000
2020-10-22 09:30:32.870,4.838,2200
2020-10-22 09:30:32.870,4.838,200
2020-10-22 09:30:32.870,4.839,64600
2020-10-22 09:30:33.000,4.837,11300
2020-10-22 09:30:33.000,4.839,20000
2020-10-22 09:30:33.000,4.839,15400
2020-10-22 09:30:33.410,4.84,5000
2020-10-22 09:30:33.630,4.837,4800
2020-10-22 09:30:34.310,4.839,6200
2020-10-22 09:30:35.630,4.839,1000
2020-10-22 09:30:35.890,4.839,5200
2020-10-22 09:30:36.030,4.84,2600
2020-10-22 09:30:36.030,4.84,103900
2020-10-22 09:30:36.030,4.84,100000
2020-10-22 09:30:36.030,4.841,89500
2020-10-22 09:30:36.120,4.839,3000
2020-10-22 09:30:36.500,4.84,300
2020-10-22 09:30:37.630,4.841,10500
2020-10-22 09:30:38.160,4.841,100000
2020-10-22 09:30:40.430,4.842,71500
2020-10-22 09:30:40.430,4.842,20000
2020-10-22 09:30:40.430,4.842,20000
2020-10-22 09:30:40.430,4.842,1000
2020-10-22 09:30:40.430,4.842,60000
2020-10-22 09:30:40.430,4.842,50000
2020-10-22 09:30:40.430,4.842,3900
2020-10-22 09:30:40.430,4.842,3500
2020-10-22 09:30:40.430,4.842,10000
2020-10-22 09:30:40.430,4.842,500
2020-10-22 09:30:40.430,4.842,759600
2020-10-22 09:30:40.590,4.842,180300
2020-10-22 09:30:40.620,4.842,5100
2020-10-22 09:30:40.620,4.842,5000
2020-10-22 09:30:40.650,4.84,900
2020-10-22 09:30:40.710,4.84,16200
2020-10-22 09:30:40.890,4.84,100
2020-10-22 09:30:41.230,4.841,500
2020-10-22 09:30:41.230,4.842,50000
2020-10-22 09:30:41.230,4.842,100000
2020-10-22 09:30:41.570,4.842,80000
2020-10-22 09:30:42.200,4.842,28100
2020-10-22 09:30:42.600,4.842,500
2020-10-22 09:30:42.970,4.842,4000
2020-10-22 09:30:43.760,4.843,200
2020-10-22 09:30:43.790,4.842,36900
2020-10-22 09:30:44.290,4.84,32500
2020-10-22 09:30:44.290,4.84,50000
2020-10-22 09:30:44.290,4.84,40000
2020-10-22 09:30:44.290,4.84,20000
2020-10-22 09:30:44.290,4.838,1000
2020-10-22 09:30:44.290,4.838,100
2020-10-22 09:30:44.290,4.838,8000
2020-10-22 09:30:44.290,4.838,5000
2020-10-22 09:30:44.290,4.837,5000
2020-10-22 09:30:44.290,4.837,20000
2020-10-22 09:30:44.290,4.837,10000
2020-10-22 09:30:44.290,4.837,2500
2020-10-22 09:30:44.290,4.836,100000
2020-10-22 09:30:44.290,4.836,10400
2020-10-22 09:30:44.290,4.836,195500
2020-10-22 09:30:44.350,4.836,78000
2020-10-22 09:30:46.020,4.84,500
2020-10-22 09:30:46.280,4.84,200
2020-10-22 09:30:46.830,4.841,10000
2020-10-22 09:30:46.970,4.841,2000
2020-10-22 09:30:47.960,4.841,4100
2020-10-22 09:30:48.180,4.841,100
2020-10-22 09:30:48.340,4.841,21300
2020-10-22 09:30:48.370,4.841,300
2020-10-22 09:30:49.450,4.841,4000
2020-10-22 09:30:49.720,4.841,100
2020-10-22 09:30:50.600,4.841,2200
2020-10-22 09:30:50.600,4.841,500
2020-10-22 09:30:50.600,4.842,2300
2020-10-22 09:30:51.300,4.84,1800
2020-10-22 09:30:51.300,4.837,500
2020-10-22 09:30:52.520,4.841,300
2020-10-22 09:30:52.580,4.841,60000
2020-10-22 09:30:54.030,4.841,7300
2020-10-22 09:30:55.370,4.84,1100
2020-10-22 09:30:55.580,4.84,400
2020-10-22 09:30:57.050,4.841,5000
2020-10-22 09:30:57.050,4.841,15000
2020-10-22 09:30:59.020,4.841,1000
2020-10-22 09:31:00.980,4.841,4000
2020-10-22 09:31:00.980,4.841,8000
2020-10-22 09:31:01.070,4.841,2000
2020-10-22 09:31:01.380,4.841,1600
2020-10-22 09:31:02.860,4.841,5000
2020-10-22 09:31:03.390,4.841,79400
2020-10-22 09:31:03.390,4.841,5000
2020-10-22 09:31:03.390,4.841,900
2020-10-22 09:31:03.390,4.84,12100
2020-10-22 09:31:04.050,4.842,100000
2020-10-22 09:31:04.140,4.842,30000
2020-10-22 09:31:04.140,4.842,100000
2020-10-22 09:31:04.820,4.842,5000
2020-10-22 09:31:07.380,4.841,1800
2020-10-22 09:31:07.380,4.841,100
2020-10-22 09:31:07.380,4.841,2000
2020-10-22 09:31:07.600,4.841,3200
2020-10-22 09:31:07.910,4.841,200
2020-10-22 09:31:08.540,4.84,2000
2020-10-22 09:31:08.540,4.84,500
2020-10-22 09:31:08.540,4.84,1500
2020-10-22 09:31:09.100,4.84,3500
2020-10-22 09:31:09.100,4.84,800
2020-10-22 09:31:09.100,4.84,2000
2020-10-22 09:31:09.440,4.839,1000
2020-10-22 09:31:10.270,4.838,300
2020-10-22 09:31:10.270,4.838,5000
2020-10-22 09:31:10.270,4.838,100000
2020-10-22 09:31:10.270,4.838,5000
2020-10-22 09:31:10.270,4.838,10000
2020-10-22 09:31:10.480,4.838,10000
2020-10-22 09:31:11.210,4.838,115700
2020-10-22 09:31:11.280,4.838,2100
2020-10-22 09:31:11.580,4.838,50000
2020-10-22 09:31:11.580,4.838,1900
2020-10-22 09:31:12.020,4.839,20000
2020-10-22 09:31:12.210,4.839,100
2020-10-22 09:31:12.450,4.839,3900
2020-10-22 09:31:12.510,4.839,400
2020-10-22 09:31:13.040,4.839,1300
2020-10-22 09:31:13.040,4.84,8700
2020-10-22 09:31:13.970,4.84,200
2020-10-22 09:31:14.580,4.84,1100
2020-10-22 09:31:14.580,4.84,5000
2020-10-22 09:31:14.580,4.84,400
2020-10-22 09:31:14.580,4.841,20900
2020-10-22 09:31:14.580,4.841,1000
2020-10-22 09:31:17.110,4.84,50000
2020-10-22 09:31:17.110,4.841,6000
2020-10-22 09:31:17.110,4.841,300
2020-10-22 09:31:17.110,4.841,400
2020-10-22 09:31:17.110,4.841,43300
2020-10-22 09:31:17.180,4.841,40000
2020-10-22 09:31:17.310,4.841,10000
2020-10-22 09:31:18.460,4.839,15500
2020-10-22 09:31:18.620,4.841,30000
2020-10-22 09:31:18.650,4.841,20000
2020-10-22 09:31:18.650,4.841,70000
2020-10-22 09:31:18.650,4.841,40000
2020-10-22 09:31:19.860,4.842,10000
2020-10-22 09:31:20.440,4.841,40000
2020-10-22 09:31:21.310,4.842,1000
2020-10-22 09:31:21.340,4.841,14200
2020-10-22 09:31:21.370,4.841,1100
2020-10-22 09:31:21.730,4.841,4700
2020-10-22 09:31:22.600,4.842,14800
2020-10-22 09:31:22.600,4.842,4700
2020-10-22 09:31:22.600,4.842,500
2020-10-22 09:31:22.600,4.842,9200
2020-10-22 09:31:22.600,4.842,900
2020-10-22 09:31:22.600,4.842,200
2020-10-22 09:31:22.600,4.842,20000
2020-10-22 09:31:22.600,4.842,49700
2020-10-22 09:31:22.630,4.842,100000
2020-10-22 09:31:22.630,4.842,10000
2020-10-22 09:31:22.630,4.842,10000
2020-10-22 09:31:24.040,4.842,50000
2020-10-22 09:31:24.950,4.841,500
2020-10-22 09:31:25.130,4.842,14800
2020-10-22 09:31:25.710,4.842,1100
2020-10-22 09:31:25.770,4.842,500
2020-10-22 09:31:25.850,4.842,20000
2020-10-22 09:31:26.330,4.842,6000
2020-10-22 09:31:27.010,4.843,20000
2020-10-22 09:31:27.010,4.843,2200
2020-10-22 09:31:27.010,4.843,1000
2020-10-22 09:31:27.010,4.843,200
2020-10-22 09:31:27.010,4.843,10000
2020-10-22 09:31:27.010,4.843,3000
2020-10-22 09:31:27.010,4.843,63600
2020-10-22 09:31:27.040,4.843,18000
2020-10-22 09:31:27.040,4.843,300
2020-10-22 09:31:27.040,4.843,100
2020-10-22 09:31:27.040,4.843,1600
2020-10-22 09:31:28.490,4.842,100
2020-10-22 09:31:29.920,4.842,20000
2020-10-22 09:31:30.040,4.843,3400
2020-10-22 09:31:30.040,4.843,400
2020-10-22 09:31:30.040,4.843,2000
2020-10-22 09:31:30.040,4.843,4200
2020-10-22 09:31:30.040,4.843,1400
2020-10-22 09:31:30.040,4.843,3000
2020-10-22 09:31:30.040,4.843,5000
2020-10-22 09:31:30.040,4.843,8300
2020-10-22 09:31:30.040,4.843,2300
2020-10-22 09:31:30.040,4.843,2600
2020-10-22 09:31:30.040,4.843,17400
2020-10-22 09:31:30.040,4.843,20000
2020-10-22 09:31:30.040,4.843,10000
2020-10-22 09:31:30.040,4.843,2600
2020-10-22 09:31:30.040,4.843,15100
2020-10-22 09:31:30.040,4.843,10000
2020-10-22 09:31:30.040,4.843,10400
2020-10-22 09:31:30.040,4.843,1900
2020-10-22 09:31:30.470,4.843,18100
2020-10-22 09:31:30.470,4.843,3500
2020-10-22 09:31:30.470,4.843,900
2020-10-22 09:31:30.470,4.843,2200
2020-10-22 09:31:30.470,4.843,200
2020-10-22 09:31:30.470,4.843,200
2020-10-22 09:31:30.470,4.843,1000
2020-10-22 09:31:30.470,4.843,5000
2020-10-22 09:31:30.470,4.843,10000
2020-10-22 09:31:30.790,4.843,1000
2020-10-22 09:31:30.850,4.843,1500
2020-10-22 09:31:30.850,4.842,500
2020-10-22 09:31:30.960,4.842,100
2020-10-22 09:31:31.420,4.842,10000
2020-10-22 09:31:32.110,4.842,400
2020-10-22 09:31:32.540,4.844,3500
2020-10-22 09:31:32.790,4.843,500
2020-10-22 09:31:33.830,4.843,200
2020-10-22 09:31:34.970,4.843,800
2020-10-22 09:31:34.970,4.843,37200
2020-10-22 09:31:35.270,4.843,6000
2020-10-22 09:31:36.160,4.842,1000
2020-10-22 09:31:36.750,4.844,16500
2020-10-22 09:31:36.750,4.844,700
2020-10-22 09:31:36.750,4.844,200
2020-10-22 09:31:36.750,4.844,6000
2020-10-22 09:31:36.750,4.844,122300
2020-10-22 09:31:36.750,4.844,1000
2020-10-22 09:31:36.750,4.844,1000
2020-10-22 09:31:36.750,4.844,1000
2020-10-22 09:31:36.750,4.844,500
2020-10-22 09:31:36.750,4.844,35000
2020-10-22 09:31:36.750,4.844,500
2020-10-22 09:31:36.750,4.844,2000
2020-10-22 09:31:36.750,4.844,100
2020-10-22 09:31:36.750,4.844,1400
2020-10-22 09:31:36.750,4.844,500
2020-10-22 09:31:36.750,4.844,27900
2020-10-22 09:31:36.750,4.844,58300
2020-10-22 09:31:36.750,4.844,2000
2020-10-22 09:31:36.750,4.844,3000
2020-10-22 09:31:36.750,4.844,2000
2020-10-22 09:31:37.620,4.844,3100
2020-10-22 09:31:37.620,4.843,2400
2020-10-22 09:31:37.860,4.843,10900
2020-10-22 09:31:39.540,4.844,500
2020-10-22 09:31:39.690,4.845,1000
2020-10-22 09:31:39.690,4.845,2000
2020-10-22 09:31:39.690,4.845,4000
2020-10-22 09:31:39.690,4.845,1000
2020-10-22 09:31:39.690,4.845,100
2020-10-22 09:31:39.690,4.845,1000
2020-10-22 09:31:39.690,4.845,700
2020-10-22 09:31:39.690,4.845,200
2020-10-22 09:31:40.390,4.844,500
2020-10-22 09:31:41.140,4.844,100
2020-10-22 09:31:41.170,4.845,2100
2020-10-22 09:31:41.170,4.845,5000
2020-10-22 09:31:41.170,4.845,2900
2020-10-22 09:31:42.330,4.844,2100
2020-10-22 09:31:43.170,4.844,500
2020-10-22 09:31:46.720,4.844,2000
2020-10-22 09:31:47.530,4.844,3400
2020-10-22 09:31:47.530,4.844,200
2020-10-22 09:31:47.530,4.844,200
2020-10-22 09:31:47.530,4.844,500
2020-10-22 09:31:47.700,4.844,700
2020-10-22 09:31:47.700,4.845,11800
2020-10-22 09:31:47.700,4.845,17900
2020-10-22 09:31:50.050,4.845,13800
2020-10-22 09:31:50.050,4.845,9200
2020-10-22 09:31:50.050,4.844,200
2020-10-22 09:31:50.140,4.844,1100
2020-10-22 09:31:52.260,4.844,5000
2020-10-22 09:31:54.100,4.843,300
2020-10-22 09:31:54.100,4.843,700
2020-10-22 09:31:54.400,4.844,5500
2020-10-22 09:31:55.920,4.843,300
2020-10-22 09:31:55.920,4.843,4700
2020-10-22 09:31:56.670,4.844,10000
2020-10-22 09:31:56.850,4.843,5300
2020-10-22 09:31:56.850,4.843,1900
2020-10-22 09:31:56.850,4.843,2000
2020-10-22 09:31:56.850,4.842,7100
2020-10-22 09:31:58.060,4.843,1000
2020-10-22 09:31:58.060,4.844,19000
2020-10-22 09:31:58.550,4.844,5000
2020-10-22 09:31:58.550,4.844,1000
2020-10-22 09:32:02.100,4.843,2500
2020-10-22 09:32:02.970,4.843,7900
2020-10-22 09:32:02.970,4.843,40000
2020-10-22 09:32:02.970,4.843,1600
2020-10-22 09:32:02.970,4.843,500
2020-10-22 09:32:03.030,4.843,400
2020-10-22 09:32:03.030,4.843,20000
2020-10-22 09:32:03.500,4.843,2900
2020-10-22 09:32:04.690,4.844,100
2020-10-22 09:32:04.690,4.844,1900
2020-10-22 09:32:06.740,4.844,1000
2020-10-22 09:32:07.560,4.844,10000
2020-10-22 09:32:07.590,4.843,1000
2020-10-22 09:32:08.180,4.843,8300
2020-10-22 09:32:09.520,4.843,7400
2020-10-22 09:32:09.520,4.843,10000
2020-10-22 09:32:09.520,4.843,1000
2020-10-22 09:32:09.520,4.843,10000
2020-10-22 09:32:09.520,4.843,600
2020-10-22 09:32:09.520,4.842,9200
2020-10-22 09:32:10.710,4.842,2100
2020-10-22 09:32:11.040,4.843,300
2020-10-22 09:32:11.950,4.843,172900
2020-10-22 09:32:12.100,4.843,2500
2020-10-22 09:32:12.700,4.843,10000
2020-10-22 09:32:13.380,4.843,8000
2020-10-22 09:32:13.800,4.842,130000
2020-10-22 09:32:14.050,4.843,4000
2020-10-22 09:32:15.570,4.843,5000
2020-10-22 09:32:15.570,4.843,3600
2020-10-22 09:32:15.570,4.843,11400
2020-10-22 09:32:15.640,4.843,100000
2020-10-22 09:32:16.250,4.843,700
2020-10-22 09:32:16.480,4.842,5300
2020-10-22 09:32:17.240,4.842,1000
2020-10-22 09:32:17.360,4.842,100
2020-10-22 09:32:17.390,4.843,2000
2020-10-22 09:32:18.100,4.843,70000
2020-10-22 09:32:19.310,4.843,100
2020-10-22 09:32:19.430,4.842,5200
2020-10-22 09:32:19.430,4.842,1000
2020-10-22 09:32:19.430,4.842,2000
2020-10-22 09:32:19.430,4.842,6900
2020-10-22 09:32:19.430,4.842,3000
2020-10-22 09:32:20.210,4.842,2500
2020-10-22 09:32:20.450,4.842,90000
2020-10-22 09:32:21.020,4.842,50000
2020-10-22 09:32:21.720,4.842,18300
2020-10-22 09:32:23.340,4.842,600
2020-10-22 09:32:23.460,4.843,3000
2020-10-22 09:32:24.090,4.843,6200
2020-10-22 09:32:24.090,4.843,10000
2020-10-22 09:32:24.090,4.843,3800
2020-10-22 09:32:24.430,4.843,5400
2020-10-22 09:32:24.530,4.843,10000
2020-10-22 09:32:26.600,4.843,3000
2020-10-22 09:32:26.600,4.844,20100
2020-10-22 09:32:26.600,4.844,2500
2020-10-22 09:32:26.600,4.844,10500
2020-10-22 09:32:26.600,4.844,5300
2020-10-22 09:32:26.600,4.844,22400
2020-10-22 09:32:26.600,4.844,2700
2020-10-22 09:32:26.600,4.844,6000
2020-10-22 09:32:26.600,4.844,50000
2020-10-22 09:32:26.860,4.844,3000
2020-10-22 09:32:28.650,4.845,800
2020-10-22 09:32:28.650,4.845,4000
2020-10-22 09:32:28.650,4.845,200
2020-10-22 09:32:28.650,4.845,3000
2020-10-22 09:32:28.650,4.845,3000
2020-10-22 09:32:28.650,4.845,1800
2020-10-22 09:32:28.650,4.845,600
2020-10-22 09:32:28.770,4.845,700
2020-10-22 09:32:29.480,4.845,10500
2020-10-22 09:32:29.890,4.845,500
2020-10-22 09:32:30.160,4.845,100
2020-10-22 09:32:30.160,4.845,10400
2020-10-22 09:32:31.700,4.846,40000
2020-10-22 09:32:31.700,4.846,86500
2020-10-22 09:32:31.930,4.844,1000
2020-10-22 09:32:35.140,4.844,2000
2020-10-22 09:32:35.170,4.844,16100
2020-10-22 09:32:36.520,4.845,100
2020-10-22 09:32:36.520,4.845,1000
2020-10-22 09:32:36.520,4.846,8900
2020-10-22 09:32:39.870,4.845,500
2020-10-22 09:32:39.870,4.845,18300
2020-10-22 09:32:41.720,4.845,1200
2020-10-22 09:32:41.720,4.845,3000
2020-10-22 09:32:41.720,4.845,1000
2020-10-22 09:32:41.720,4.846,4800
2020-10-22 09:32:42.090,4.844,2000
2020-10-22 09:32:42.170,4.844,1400
2020-10-22 09:32:44.380,4.846,10000
2020-10-22 09:32:44.770,4.844,1000
2020-10-22 09:32:45.300,4.846,4500
2020-10-22 09:32:45.580,4.845,700
2020-10-22 09:32:45.580,4.844,44700
2020-10-22 09:32:46.290,4.846,10000
2020-10-22 09:32:46.510,4.844,27200
2020-10-22 09:32:48.000,4.845,900
2020-10-22 09:32:48.480,4.846,10000
2020-10-22 09:32:48.660,4.846,300
2020-10-22 09:32:50.650,4.845,100
2020-10-22 09:32:50.650,4.845,900
2020-10-22 09:32:50.650,4.845,900
2020-10-22 09:32:50.650,4.845,3100
2020-10-22 09:32:51.370,4.846,10000
2020-10-22 09:32:51.620,4.846,73000
2020-10-22 09:32:52.300,4.846,30000
2020-10-22 09:32:52.860,4.845,300
2020-10-22 09:32:52.860,4.845,700
2020-10-22 09:32:53.060,4.845,1000
2020-10-22 09:32:54.040,4.846,40000
2020-10-22 09:32:54.830,4.846,2000
2020-10-22 09:32:55.050,4.846,100500
2020-10-22 09:32:55.560,4.846,1000
2020-10-22 09:32:56.560,4.845,500
2020-10-22 09:32:56.750,4.846,100
2020-10-22 09:32:57.020,4.846,40000
2020-10-22 09:32:57.050,4.846,50000
2020-10-22 09:32:58.250,4.845,2000
2020-10-22 09:32:59.140,4.845,5800
2020-10-22 09:32:59.140,4.845,100
2020-10-22 09:32:59.140,4.845,94100
2020-10-22 09:33:00.230,4.845,2500
2020-10-22 09:33:00.820,4.845,200
2020-10-22 09:33:01.230,4.846,18400
2020-10-22 09:33:01.230,4.846,1000
2020-10-22 09:33:01.230,4.846,100
2020-10-22 09:33:01.230,4.846,4200
2020-10-22 09:33:01.230,4.846,1000
2020-10-22 09:33:01.230,4.846,1000
2020-10-22 09:33:01.230,4.846,1000
2020-10-22 09:33:01.230,4.846,1700
2020-10-22 09:33:01.230,4.846,500
2020-10-22 09:33:01.230,4.846,1000
2020-10-22 09:33:01.230,4.846,600
2020-10-22 09:33:04.560,4.846,1500
2020-10-22 09:33:04.560,4.846,1300
2020-10-22 09:33:04.560,4.846,900
2020-10-22 09:33:04.560,4.846,400
2020-10-22 09:33:04.560,4.847,500
2020-10-22 09:33:04.560,4.847,2000
2020-10-22 09:33:04.560,4.847,3400
2020-10-22 09:33:05.950,4.846,6100
2020-10-22 09:33:05.950,4.846,200
2020-10-22 09:33:05.950,4.845,54000
2020-10-22 09:33:06.180,4.845,2000
2020-10-22 09:33:06.210,4.845,2600
2020-10-22 09:33:06.390,4.845,44600
2020-10-22 09:33:06.390,4.845,1300
2020-10-22 09:33:06.390,4.845,1000
2020-10-22 09:33:07.000,4.845,100
2020-10-22 09:33:07.320,4.845,32000
2020-10-22 09:33:10.950,4.845,100
2020-10-22 09:33:11.550,4.845,10000
2020-10-22 09:33:11.800,4.844,100
2020-10-22 09:33:12.020,4.844,204500
2020-10-22 09:33:12.020,4.844,7000
2020-10-22 09:33:12.020,4.844,100
2020-10-22 09:33:12.020,4.844,1500
2020-10-22 09:33:12.020,4.844,600
2020-10-22 09:33:13.810,4.844,500
2020-10-22 09:33:15.170,4.843,16900
2020-10-22 09:33:15.610,4.844,200
2020-10-22 09:33:17.230,4.844,5400
2020-10-22 09:33:18.530,4.843,100
2020-10-22 09:33:18.530,4.843,200
2020-10-22 09:33:18.530,4.843,5000
2020-10-22 09:33:18.530,4.843,1300
2020-10-22 09:33:18.530,4.843,20000
2020-10-22 09:33:18.530,4.843,3600
2020-10-22 09:33:18.730,4.844,80200
2020-10-22 09:33:18.730,4.844,20000
2020-10-22 09:33:18.730,4.845,9800
2020-10-22 09:33:19.090,4.845,1000
2020-10-22 09:33:19.900,4.844,1000
2020-10-22 09:33:19.900,4.843,9100
2020-10-22 09:33:19.960,4.843,2000
2020-10-22 09:33:20.340,4.843,100
2020-10-22 09:33:21.490,4.843,15200
2020-10-22 09:33:21.490,4.843,2000
2020-10-22 09:33:21.490,4.843,1000
2020-10-22 09:33:21.490,4.843,46400
2020-10-22 09:33:21.940,4.844,40000
2020-10-22 09:33:22.790,4.843,2000
2020-10-22 09:33:26.030,4.843,1000
2020-10-22 09:33:26.280,4.843,5000
2020-10-22 09:33:26.660,4.843,200
2020-10-22 09:33:26.790,4.843,10000
2020-10-22 09:33:27.830,4.843,2000
2020-10-22 09:33:28.830,4.842,32800
2020-10-22 09:33:28.830,4.842,1000
2020-10-22 09:33:28.830,4.842,100
2020-10-22 09:33:30.190,4.842,100
2020-10-22 09:33:30.580,4.842,1500
2020-10-22 09:33:32.380,4.842,1700
2020-10-22 09:33:32.590,4.841,39500
2020-10-22 09:33:32.590,4.841,5000
2020-10-22 09:33:32.590,4.841,900
2020-10-22 09:33:33.240,4.841,99100
2020-10-22 09:33:33.240,4.841,1000
2020-10-22 09:33:33.240,4.841,40000
2020-10-22 09:33:33.240,4.841,1000
2020-10-22 09:33:33.240,4.841,300
2020-10-22 09:33:33.240,4.841,100
2020-10-22 09:33:33.980,4.841,5100
2020-10-22 09:33:34.680,4.84,100
2020-10-22 09:33:34.680,4.84,10000
2020-10-22 09:33:34.680,4.84,3000
2020-10-22 09:33:34.680,4.84,1800
2020-10-22 09:33:34.680,4.84,500
2020-10-22 09:33:34.680,4.84,6000
2020-10-22 09:33:34.680,4.84,9300
2020-10-22 09:33:34.680,4.84,1500
2020-10-22 09:33:34.680,4.84,1000
2020-10-22 09:33:34.680,4.84,60000
2020-10-22 09:33:34.680,4.839,1000
2020-10-22 09:33:34.680,4.839,98800
2020-10-22 09:33:37.400,4.841,100
2020-10-22 09:33:37.840,4.84,2000
2020-10-22 09:33:38.170,4.84,1000
2020-10-22 09:33:38.510,4.84,4000
2020-10-22 09:33:39.410,4.84,20000
2020-10-22 09:33:39.580,4.84,1000
2020-10-22 09:33:40.100,4.84,200
2020-10-22 09:33:40.880,4.84,20000
2020-10-22 09:33:43.480,4.84,20000
2020-10-22 09:33:44.550,4.84,500
2020-10-22 09:33:44.880,4.84,10000
2020-10-22 09:33:44.920,4.84,400
2020-10-22 09:33:45.800,4.839,500
2020-10-22 09:33:45.800,4.839,200
2020-10-22 09:33:46.640,4.838,500
2020-10-22 09:33:46.640,4.838,200
2020-10-22 09:33:46.640,4.838,100
2020-10-22 09:33:46.640,4.838,5500
2020-10-22 09:33:46.640,4.838,30000
2020-10-22 09:33:46.640,4.838,1000
2020-10-22 09:33:46.640,4.838,2000
2020-10-22 09:33:46.640,4.838,3000
2020-10-22 09:33:46.640,4.838,10000
2020-10-22 09:33:46.640,4.838,200
2020-10-22 09:33:46.640,4.838,9200
2020-10-22 09:33:48.060,4.838,40000
2020-10-22 09:33:48.060,4.838,10000
2020-10-22 09:33:49.980,4.838,100
2020-10-22 09:33:50.530,4.838,1000
2020-10-22 09:33:51.090,4.838,500
2020-10-22 09:33:51.090,4.838,500
2020-10-22 09:33:51.090,4.839,1000
2020-10-22 09:33:52.870,4.837,1000
2020-10-22 09:33:52.870,4.837,5000
2020-10-22 09:33:52.870,4.837,1400
2020-10-22 09:33:53.610,4.837,18600
2020-10-22 09:33:53.610,4.837,6000
2020-10-22 09:33:53.610,4.837,500
2020-10-22 09:33:53.920,4.837,200
2020-10-22 09:33:54.040,4.837,80000
2020-10-22 09:33:54.070,4.837,50000
2020-10-22 09:33:56.190,4.837,300
2020-10-22 09:33:56.490,4.837,500
2020-10-22 09:33:56.930,4.837,3000
2020-10-22 09:33:58.410,4.837,1000
2020-10-22 09:33:58.410,4.836,500
2020-10-22 09:33:58.410,4.836,3500
2020-10-22 09:33:58.560,4.837,200
2020-10-22 09:33:59.620,4.836,1500
2020-10-22 09:33:59.620,4.836,5000
2020-10-22 09:33:59.620,4.836,500
2020-10-22 09:33:59.620,4.836,1500
2020-10-22 09:33:59.620,4.836,6000
2020-10-22 09:33:59.620,4.836,20000
2020-10-22 09:33:59.620,4.836,5000
2020-10-22 09:33:59.620,4.836,2000
2020-10-22 09:33:59.620,4.836,2000
2020-10-22 09:33:59.620,4.836,2000
2020-10-22 09:33:59.620,4.836,5700
2020-10-22 09:33:59.620,4.836,5000
2020-10-22 09:33:59.910,4.835,100
2020-10-22 09:33:59.910,4.835,200
2020-10-22 09:33:59.910,4.835,2000
2020-10-22 09:33:59.910,4.835,100
2020-10-22 09:33:59.910,4.835,1500
2020-10-22 09:33:59.910,4.835,3000
2020-10-22 09:33:59.910,4.835,100
2020-10-22 09:33:59.910,4.835,3000
2020-10-22 09:33:59.910,4.835,15000
2020-10-22 09:33:59.910,4.835,300
2020-10-22 09:33:59.910,4.835,10000
2020-10-22 09:33:59.910,4.835,1000
2020-10-22 09:33:59.910,4.835,500
2020-10-22 09:33:59.910,4.835,4500
2020-10-22 09:33:59.910,4.835,2000
2020-10-22 09:33:59.910,4.835,200
2020-10-22 09:34:01.260,4.836,100
2020-10-22 09:34:01.570,4.836,4000
2020-10-22 09:34:02.560,4.835,2900
2020-10-22 09:34:03.180,4.834,2000
2020-10-22 09:34:03.180,4.834,3000
2020-10-22 09:34:03.180,4.834,800
2020-10-22 09:34:03.180,4.834,5000
2020-10-22 09:34:03.180,4.834,5000
2020-10-22 09:34:03.180,4.834,300
2020-10-22 09:34:03.180,4.834,300
2020-10-22 09:34:03.180,4.834,60000
2020-10-22 09:34:03.460,4.834,5000
2020-10-22 09:34:04.790,4.834,2500
2020-10-22 09:34:05.160,4.833,2000
2020-10-22 09:34:05.160,4.833,2300
2020-10-22 09:34:05.160,4.833,700
2020-10-22 09:34:05.160,4.833,900
2020-10-22 09:34:05.160,4.833,5500
2020-10-22 09:34:05.160,4.833,5000
2020-10-22 09:34:05.160,4.833,3000
2020-10-22 09:34:05.160,4.833,10000
2020-10-22 09:34:05.160,4.833,23300
2020-10-22 09:34:05.160,4.833,1000
2020-10-22 09:34:05.160,4.833,500
2020-10-22 09:34:05.160,4.833,15900
2020-10-22 09:34:05.160,4.833,23900
2020-10-22 09:34:05.160,4.833,500
2020-10-22 09:34:05.160,4.833,2500
2020-10-22 09:34:05.160,4.833,10400
2020-10-22 09:34:05.830,4.833,100
2020-10-22 09:34:06.050,4.832,300
2020-10-22 09:34:06.050,4.832,300
2020-10-22 09:34:06.050,4.832,9000
2020-10-22 09:34:06.050,4.832,800
2020-10-22 09:34:06.050,4.832,300
2020-10-22 09:34:06.050,4.832,2000
2020-10-22 09:34:06.050,4.832,2000
2020-10-22 09:34:07.240,4.831,1000
2020-10-22 09:34:07.240,4.831,1500
2020-10-22 09:34:07.240,4.831,29400
2020-10-22 09:34:07.240,4.831,1100
2020-10-22 09:34:07.240,4.831,1100
2020-10-22 09:34:07.240,4.831,2000
2020-10-22 09:34:07.240,4.831,5300
2020-10-22 09:34:07.240,4.831,5000
2020-10-22 09:34:07.240,4.831,30000
2020-10-22 09:34:07.240,4.831,10000
2020-10-22 09:34:07.240,4.831,27700
2020-10-22 09:34:07.770,4.832,400
2020-10-22 09:34:07.800,4.832,500
2020-10-22 09:34:07.950,4.832,150000
2020-10-22 09:34:08.360,4.831,2300
2020-10-22 09:34:08.360,4.831,2000
2020-10-22 09:34:08.360,4.831,500
2020-10-22 09:34:08.360,4.831,10000
2020-10-22 09:34:08.360,4.831,5200
2020-10-22 09:34:08.800,4.832,1000
2020-10-22 09:34:09.080,4.832,15000
2020-10-22 09:34:09.300,4.833,1000
2020-10-22 09:34:11.010,4.833,400
2020-10-22 09:34:11.010,4.834,100
2020-10-22 09:34:12.380,4.832,1000
2020-10-22 09:34:12.530,4.832,500
2020-10-22 09:34:13.900,4.832,5000
2020-10-22 09:34:14.320,4.832,3500
2020-10-22 09:34:14.320,4.832,4300
2020-10-22 09:34:14.720,4.833,1300
2020-10-22 09:34:14.990,4.834,10200
2020-10-22 09:34:14.990,4.835,9800
2020-10-22 09:34:15.790,4.833,300
2020-10-22 09:34:17.100,4.833,12500
2020-10-22 09:34:17.190,4.834,800
2020-10-22 09:34:18.100,4.833,20500
2020-10-22 09:34:18.210,4.834,900
2020-10-22 09:34:18.210,4.835,2100
2020-10-22 09:34:21.110,4.834,15000
2020-10-22 09:34:21.530,4.834,1000
2020-10-22 09:34:21.590,4.833,7500
2020-10-22 09:34:21.910,4.833,17400
2020-10-22 09:34:22.650,4.834,6800
2020-10-22 09:34:22.650,4.833,6500
2020-10-22 09:34:22.650,4.833,400
2020-10-22 09:34:22.650,4.832,5700
2020-10-22 09:34:22.650,4.832,20000
2020-10-22 09:34:22.650,4.832,2000
2020-10-22 09:34:22.650,4.832,700
2020-10-22 09:34:22.650,4.832,200
2020-10-22 09:34:22.650,4.831,4800
2020-10-22 09:34:22.650,4.831,3000
2020-10-22 09:34:22.650,4.831,200
2020-10-22 09:34:22.650,4.831,1000
2020-10-22 09:34:22.650,4.831,4000
2020-10-22 09:34:22.650,4.831,25000
2020-10-22 09:34:22.650,4.83,6500
2020-10-22 09:34:22.650,4.83,500
2020-10-22 09:34:22.650,4.83,500
2020-10-22 09:34:22.650,4.83,300
2020-10-22 09:34:22.650,4.83,8000
2020-10-22 09:34:22.650,4.83,600
2020-10-22 09:34:22.650,4.83,2000
2020-10-22 09:34:22.650,4.83,1200
2020-10-22 09:34:22.650,4.83,700
2020-10-22 09:34:22.650,4.83,200
2020-10-22 09:34:22.650,4.83,800
2020-10-22 09:34:22.650,4.83,400
2020-10-22 09:34:22.650,4.83,1000
2020-10-22 09:34:22.650,4.83,400
2020-10-22 09:34:22.650,4.83,500
2020-10-22 09:34:22.650,4.83,2900
2020-10-22 09:34:22.770,4.831,2800
2020-10-22 09:34:23.440,4.831,100
2020-10-22 09:34:23.920,4.831,500
2020-10-22 09:34:24.060,4.831,70000
2020-10-22 09:34:24.670,4.83,100
2020-10-22 09:34:24.670,4.83,10000
2020-10-22 09:34:24.670,4.83,3000
2020-10-22 09:34:24.670,4.83,1000
2020-10-22 09:34:24.670,4.83,1000
2020-10-22 09:34:24.670,4.83,100
2020-10-22 09:34:24.670,4.83,2000
2020-10-22 09:34:24.670,4.83,5000
2020-10-22 09:34:24.670,4.83,5000
2020-10-22 09:34:24.670,4.83,1200
2020-10-22 09:34:24.670,4.83,100
2020-10-22 09:34:24.670,4.83,2000
2020-10-22 09:34:24.670,4.83,3000
2020-10-22 09:34:24.670,4.83,3000
2020-10-22 09:34:24.670,4.83,5000
2020-10-22 09:34:24.670,4.83,2000
2020-10-22 09:34:24.670,4.83,15000
2020-10-22 09:34:24.670,4.83,100
2020-10-22 09:34:24.670,4.83,300
2020-10-22 09:34:24.670,4.83,500
2020-10-22 09:34:24.670,4.83,1000
2020-10-22 09:34:24.670,4.83,10000
2020-10-22 09:34:24.670,4.83,7000
2020-10-22 09:34:24.670,4.83,3000
2020-10-22 09:34:24.670,4.83,100
2020-10-22 09:34:24.670,4.83,500
2020-10-22 09:34:24.670,4.83,2000
2020-10-22 09:34:24.670,4.83,2000
2020-10-22 09:34:24.670,4.83,1500
2020-10-22 09:34:24.670,4.83,13500
2020-10-22 09:34:26.190,4.83,6500
2020-10-22 09:34:26.190,4.83,100
2020-10-22 09:34:26.190,4.83,32500
2020-10-22 09:34:26.190,4.83,5000
2020-10-22 09:34:26.190,4.83,4100
2020-10-22 09:34:26.190,4.83,900
2020-10-22 09:34:26.190,4.83,50000
2020-10-22 09:34:26.190,4.83,900
2020-10-22 09:34:26.350,4.83,4100
2020-10-22 09:34:26.350,4.83,5000
2020-10-22 09:34:26.350,4.83,100
2020-10-22 09:34:26.350,4.83,100
2020-10-22 09:34:27.000,4.83,100
2020-10-22 09:34:27.020,4.83,10600
2020-10-22 09:34:27.020,4.83,9400
2020-10-22 09:34:28.180,4.829,100
2020-10-22 09:34:28.180,4.829,1000
2020-10-22 09:34:28.180,4.829,4000
2020-10-22 09:34:28.180,4.829,200
2020-10-22 09:34:28.180,4.829,14700
2020-10-22 09:34:28.270,4.83,2000
2020-10-22 09:34:28.390,4.829,12700
2020-10-22 09:34:28.630,4.829,22600
2020-10-22 09:34:28.630,4.829,500
2020-10-22 09:34:28.770,4.829,500
2020-10-22 09:34:28.770,4.829,600
2020-10-22 09:34:28.900,4.828,100
2020-10-22 09:34:28.900,4.828,100
2020-10-22 09:34:28.900,4.828,2300
2020-10-22 09:34:28.900,4.828,10000
2020-10-22 09:34:28.900,4.828,2500
2020-10-22 09:34:28.900,4.828,800
2020-10-22 09:34:28.900,4.828,3000
2020-10-22 09:34:28.900,4.828,1000
2020-10-22 09:34:28.900,4.828,200
2020-10-22 09:34:28.900,4.828,1300
2020-10-22 09:34:28.900,4.828,5000
2020-10-22 09:34:28.900,4.828,10000
2020-10-22 09:34:28.900,4.828,3700
2020-10-22 09:34:29.120,4.828,20000
2020-10-22 09:34:29.520,4.828,6300
2020-10-22 09:34:29.520,4.828,40000
2020-10-22 09:34:29.520,4.828,16300
2020-10-22 09:34:29.690,4.829,1000
2020-10-22 09:34:29.870,4.829,21000
2020-10-22 09:34:30.040,4.829,50000
2020-10-22 09:34:30.230,4.829,1000
2020-10-22 09:34:31.000,4.829,100
2020-10-22 09:34:31.890,4.829,2000
2020-10-22 09:34:31.920,4.829,2000
2020-10-22 09:34:32.320,4.829,600
2020-10-22 09:34:32.320,4.829,200
2020-10-22 09:34:32.740,4.829,10700
2020-10-22 09:34:32.740,4.829,4300
2020-10-22 09:34:32.740,4.829,5100
2020-10-22 09:34:33.030,4.829,14500
2020-10-22 09:34:33.030,4.829,5500
2020-10-22 09:34:33.030,4.829,15000
2020-10-22 09:34:33.090,4.829,38000
2020-10-22 09:34:33.090,4.829,2000
2020-10-22 09:34:33.150,4.829,200
2020-10-22 09:34:33.360,4.829,1800
2020-10-22 09:34:33.360,4.829,2600
2020-10-22 09:34:33.360,4.829,800
2020-10-22 09:34:33.360,4.829,11500
2020-10-22 09:34:33.780,4.83,1200
2020-10-22 09:34:33.810,4.83,7400
2020-10-22 09:34:33.810,4.83,35800
2020-10-22 09:34:33.810,4.83,58500
2020-10-22 09:34:33.810,4.83,4000
2020-10-22 09:34:33.810,4.83,20000
2020-10-22 09:34:33.810,4.83,20000
2020-10-22 09:34:33.810,4.83,800
2020-10-22 09:34:33.810,4.83,2600
2020-10-22 09:34:33.810,4.83,2500
2020-10-22 09:34:33.810,4.83,34200
2020-10-22 09:34:33.940,4.83,9500
2020-10-22 09:34:34.670,4.83,300
2020-10-22 09:34:35.450,4.833,4000
2020-10-22 09:34:36.980,4.832,25000
2020-10-22 09:34:37.310,4.832,35000
2020-10-22 09:34:37.600,4.833,65000
2020-10-22 09:34:37.600,4.833,20000
2020-10-22 09:34:37.600,4.833,20000
2020-10-22 09:34:37.600,4.833,10000
2020-10-22 09:34:37.600,4.833,100
2020-10-22 09:34:37.600,4.834,100000
2020-10-22 09:34:38.100,4.834,84900
2020-10-22 09:34:38.220,4.833,500
2020-10-22 09:34:38.220,4.834,3600
2020-10-22 09:34:39.420,4.832,3000
2020-10-22 09:34:39.560,4.832,400
2020-10-22 09:34:41.530,4.832,79800
2020-10-22 09:34:41.710,4.832,1300
2020-10-22 09:34:41.800,4.832,400
2020-10-22 09:34:42.070,4.832,5000
2020-10-22 09:34:42.690,4.832,1000
2020-10-22 09:34:45.270,4.833,1200
2020-10-22 09:34:45.270,4.832,26000
2020-10-22 09:34:45.270,4.832,2000
2020-10-22 09:34:45.270,4.832,5000
2020-10-22 09:34:46.150,4.832,100
2020-10-22 09:34:46.610,4.831,10000
2020-10-22 09:34:47.500,4.832,100
2020-10-22 09:34:47.860,4.832,5900
2020-10-22 09:34:49.060,4.832,600
2020-10-22 09:34:49.060,4.833,2400
2020-10-22 09:34:53.160,4.833,500
2020-10-22 09:34:54.070,4.832,100
2020-10-22 09:34:54.070,4.831,200
2020-10-22 09:34:54.190,4.831,100
2020-10-22 09:34:56.430,4.832,20000
2020-10-22 09:34:56.430,4.832,1400
2020-10-22 09:34:56.930,4.832,10000
2020-10-22 09:34:56.990,4.832,5000
2020-10-22 09:34:57.020,4.832,40000
2020-10-22 09:34:57.170,4.832,3000
2020-10-22 09:34:57.770,4.832,16500
2020-10-22 09:34:57.770,4.831,400
2020-10-22 09:34:57.770,4.831,3000
2020-10-22 09:34:57.770,4.831,1000
2020-10-22 09:34:57.770,4.831,100
2020-10-22 09:34:57.770,4.831,1500
2020-10-22 09:34:58.050,4.832,3500
2020-10-22 09:34:59.600,4.832,1500
2020-10-22 09:35:00.470,4.832,100
2020-10-22 09:35:01.130,4.832,2600
2020-10-22 09:35:01.790,4.832,10000
2020-10-22 09:35:01.920,4.831,1500
2020-10-22 09:35:01.920,4.831,8500
2020-10-22 09:35:02.010,4.831,500
2020-10-22 09:35:02.810,4.832,10000
2020-10-22 09:35:05.590,4.832,1400
2020-10-22 09:35:06.960,4.832,2000
2020-10-22 09:35:07.580,4.832,200
2020-10-22 09:35:07.700,4.832,7000
2020-10-22 09:35:08.090,4.832,1000
2020-10-22 09:35:08.700,4.831,11000
2020-10-22 09:35:08.700,4.831,4500
2020-10-22 09:35:08.760,4.832,1000
2020-10-22 09:35:08.910,4.832,200
2020-10-22 09:35:09.150,4.831,500
2020-10-22 09:35:09.150,4.831,900
2020-10-22 09:35:09.150,4.831,5000
2020-10-22 09:35:09.150,4.831,2800
2020-10-22 09:35:09.530,4.831,100
2020-10-22 09:35:09.590,4.832,4000
2020-10-22 09:35:10.050,4.832,100
2020-10-22 09:35:11.020,4.832,109500
2020-10-22 09:35:11.020,4.832,52400
2020-10-22 09:35:11.400,4.832,1000
2020-10-22 09:35:11.710,4.832,400
2020-10-22 09:35:11.860,4.832,2900
2020-10-22 09:35:11.860,4.832,300
2020-10-22 09:35:12.380,4.831,17100
2020-10-22 09:35:12.380,4.831,3400
2020-10-22 09:35:12.490,4.831,1700
2020-10-22 09:35:12.490,4.831,2300
2020-10-22 09:35:13.090,4.832,500
2020-10-22 09:35:13.090,4.832,4600
2020-10-22 09:35:13.830,4.832,1000
2020-10-22 09:35:14.430,4.831,200
2020-10-22 09:35:14.830,4.832,2000
2020-10-22 09:35:15.040,4.831,1000
2020-10-22 09:35:15.600,4.831,6500
2020-10-22 09:35:15.600,4.831,3500
2020-10-22 09:35:18.490,4.832,1800
2020-10-22 09:35:18.820,4.832,100
2020-10-22 09:35:19.200,4.832,500
2020-10-22 09:35:19.770,4.832,500
2020-10-22 09:35:19.770,4.832,19500
2020-10-22 09:35:20.420,4.833,2000
2020-10-22 09:35:20.420,4.833,3000
2020-10-22 09:35:24.380,4.833,100
2020-10-22 09:35:26.130,4.833,100
2020-10-22 09:35:27.240,4.833,6800
2020-10-22 09:35:27.240,4.833,100
2020-10-22 09:35:27.240,4.833,3100
2020-10-22 09:35:28.960,4.832,2000
2020-10-22 09:35:29.150,4.833,1000
2020-10-22 09:35:29.480,4.833,200
2020-10-22 09:35:30.460,4.833,200
2020-10-22 09:35:31.740,4.832,3000
2020-10-22 09:35:31.970,4.833,100000
2020-10-22 09:35:32.030,4.833,42000
2020-10-22 09:35:32.870,4.833,200
2020-10-22 09:35:32.990,4.833,2500
2020-10-22 09:35:33.080,4.833,1000
2020-10-22 09:35:33.200,4.833,500
2020-10-22 09:35:33.610,4.833,30000
2020-10-22 09:35:33.670,4.833,100000
2020-10-22 09:35:34.360,4.833,2500
2020-10-22 09:35:35.460,4.833,30000
2020-10-22 09:35:35.890,4.833,6900
2020-10-22 09:35:35.890,4.833,400
2020-10-22 09:35:35.890,4.833,500
2020-10-22 09:35:35.890,4.833,2100
2020-10-22 09:35:35.890,4.834,100
2020-10-22 09:35:37.300,4.834,5000
2020-10-22 09:35:38.530,4.833,2000
2020-10-22 09:35:38.530,4.833,1000
2020-10-22 09:35:38.530,4.832,25500
2020-10-22 09:35:38.530,4.832,11200
2020-10-22 09:35:39.880,4.833,600
2020-10-22 09:35:39.880,4.833,100
2020-10-22 09:35:39.880,4.833,3800
2020-10-22 09:35:39.880,4.833,5000
2020-10-22 09:35:39.910,4.833,3000
2020-10-22 09:35:40.580,4.833,2200
2020-10-22 09:35:40.870,4.833,4300
2020-10-22 09:35:41.000,4.833,200
2020-10-22 09:35:41.660,4.833,800
2020-10-22 09:35:41.660,4.833,1600
2020-10-22 09:35:41.660,4.833,100
2020-10-22 09:35:42.100,4.833,1000
2020-10-22 09:35:42.650,4.833,400
2020-10-22 09:35:43.260,4.833,800
2020-10-22 09:35:43.260,4.833,500
2020-10-22 09:35:43.260,4.833,600
2020-10-22 09:35:43.260,4.833,1000
2020-10-22 09:35:43.260,4.833,2500
2020-10-22 09:35:43.260,4.833,10000
2020-10-22 09:35:43.260,4.832,300
2020-10-22 09:35:44.000,4.833,4000
2020-10-22 09:35:44.430,4.833,100
2020-10-22 09:35:46.500,4.832,16100
2020-10-22 09:35:46.830,4.833,10000
2020-10-22 09:35:46.930,4.833,1700
2020-10-22 09:35:46.930,4.833,3300
2020-10-22 09:35:47.110,4.833,1000
2020-10-22 09:35:48.120,4.833,100
2020-10-22 09:35:48.350,4.832,22400
2020-10-22 09:35:48.350,4.832,1000
2020-10-22 09:35:48.350,4.832,5000
2020-10-22 09:35:48.350,4.832,7700
2020-10-22 09:35:48.350,4.832,7000
2020-10-22 09:35:48.350,4.832,300
2020-10-22 09:35:48.350,4.832,200
2020-10-22 09:35:48.350,4.832,600
2020-10-22 09:35:48.350,4.832,100
2020-10-22 09:35:48.350,4.832,50000
2020-10-22 09:35:48.350,4.832,11000
2020-10-22 09:35:48.350,4.832,3000
2020-10-22 09:35:48.350,4.832,10800
2020-10-22 09:35:48.350,4.832,500
2020-10-22 09:35:48.350,4.832,1000
2020-10-22 09:35:48.350,4.832,1000
2020-10-22 09:35:48.350,4.832,500
2020-10-22 09:35:48.350,4.832,600
2020-10-22 09:35:48.350,4.832,33000
2020-10-22 09:35:48.350,4.832,7000
2020-10-22 09:35:48.350,4.832,600
2020-10-22 09:35:48.350,4.832,1000
2020-10-22 09:35:48.350,4.832,30000
2020-10-22 09:35:48.350,4.832,4000
2020-10-22 09:35:48.350,4.832,10000
2020-10-22 09:35:48.480,4.832,10000
2020-10-22 09:35:48.690,4.832,3000
2020-10-22 09:35:49.180,4.832,1000
2020-10-22 09:35:49.650,4.831,6500
2020-10-22 09:35:49.650,4.831,500
2020-10-22 09:35:49.880,4.832,3000
2020-10-22 09:35:50.040,4.831,4700
2020-10-22 09:35:50.250,4.832,100
2020-10-22 09:35:50.530,4.832,50000
2020-10-22 09:35:50.870,4.832,20000
2020-10-22 09:35:51.650,4.832,4600
2020-10-22 09:35:52.830,4.833,300
2020-10-22 09:35:53.120,4.832,29700
2020-10-22 09:35:53.480,4.833,10000
2020-10-22 09:35:53.560,4.833,5300
2020-10-22 09:35:53.560,4.833,4000
2020-10-22 09:35:55.860,4.833,700
2020-10-22 09:35:55.860,4.833,1000
2020-10-22 09:35:55.860,4.832,600
2020-10-22 09:35:56.350,4.833,2100
2020-10-22 09:35:56.350,4.832,39700
2020-10-22 09:35:56.350,4.832,200
2020-10-22 09:35:56.350,4.832,2900
2020-10-22 09:35:56.470,4.832,9000
2020-10-22 09:35:57.100,4.832,18800
2020-10-22 09:35:59.450,4.833,10000
2020-10-22 09:36:01.950,4.833,1000
2020-10-22 09:36:02.710,4.833,2000
2020-10-22 09:36:02.710,4.832,20000
2020-10-22 09:36:02.740,4.833,100
2020-10-22 09:36:02.740,4.832,8600
2020-10-22 09:36:03.810,4.833,105000
2020-10-22 09:36:03.810,4.833,200000
2020-10-22 09:36:03.810,4.834,6500
2020-10-22 09:36:03.810,4.834,8600
2020-10-22 09:36:04.360,4.832,60700
2020-10-22 09:36:04.360,4.832,500
2020-10-22 09:36:04.360,4.832,100
2020-10-22 09:36:04.360,4.832,1000
2020-10-22 09:36:04.360,4.832,5000
2020-10-22 09:36:04.360,4.832,1400
2020-10-22 09:36:04.360,4.832,30000
2020-10-22 09:36:04.360,4.832,100
2020-10-22 09:36:04.360,4.832,11600
2020-10-22 09:36:04.360,4.832,8000
2020-10-22 09:36:04.360,4.832,100
2020-10-22 09:36:04.360,4.832,8000
2020-10-22 09:36:04.960,4.832,2000
2020-10-22 09:36:05.020,4.832,4800
2020-10-22 09:36:05.560,4.832,2500
2020-10-22 09:36:05.650,4.832,24300
2020-10-22 09:36:06.410,4.832,2200
2020-10-22 09:36:06.560,4.832,100
2020-10-22 09:36:07.300,4.832,300
2020-10-22 09:36:07.470,4.832,2000
2020-10-22 09:36:07.570,4.832,1000
2020-10-22 09:36:07.770,4.832,2000
2020-10-22 09:36:07.830,4.832,16600
2020-10-22 09:36:09.060,4.832,1500
2020-10-22 09:36:09.140,4.832,500
2020-10-22 09:36:09.320,4.832,500
2020-10-22 09:36:09.380,4.832,900
2020-10-22 09:36:09.410,4.832,6200
2020-10-22 09:36:09.720,4.832,41000
2020-10-22 09:36:10.070,4.832,5000
2020-10-22 09:36:10.070,4.832,200
2020-10-22 09:36:10.400,4.832,500
2020-10-22 09:36:10.420,4.831,100
2020-10-22 09:36:10.420,4.831,3000
2020-10-22 09:36:10.420,4.831,300
2020-10-22 09:36:10.580,4.831,1500
2020-10-22 09:36:11.380,4.832,100
2020-10-22 09:36:11.710,4.832,100
2020-10-22 09:36:11.940,4.832,10000
2020-10-22 09:36:12.770,4.832,1000
2020-10-22 09:36:13.110,4.832,1000
2020-10-22 09:36:13.300,4.832,1000
2020-10-22 09:36:14.610,4.832,100
2020-10-22 09:36:15.020,4.832,2500
2020-10-22 09:36:16.610,4.832,6400
2020-10-22 09:36:16.910,4.831,200
2020-10-22 09:36:17.120,4.831,3000
2020-10-22 09:36:17.120,4.831,21100
2020-10-22 09:36:17.120,4.831,2100
2020-10-22 09:36:17.420,4.832,200
2020-10-22 09:36:17.710,4.832,30000
2020-10-22 09:36:17.770,4.831,200
2020-10-22 09:36:18.460,4.832,10000
2020-10-22 09:36:18.930,4.831,100
2020-10-22 09:36:20.250,4.832,1300
2020-10-22 09:36:20.250,4.832,2500
2020-10-22 09:36:21.680,4.832,500
2020-10-22 09:36:21.980,4.832,5000
2020-10-22 09:36:22.280,4.831,19800
2020-10-22 09:36:22.280,4.831,300
2020-10-22 09:36:22.770,4.832,50000
2020-10-22 09:36:22.880,4.832,2000
2020-10-22 09:36:22.910,4.831,4700
2020-10-22 09:36:22.910,4.831,5000
2020-10-22 09:36:22.910,4.831,8000
2020-10-22 09:36:22.910,4.831,2000
2020-10-22 09:36:22.910,4.831,10000
2020-10-22 09:36:22.910,4.831,1000
2020-10-22 09:36:22.910,4.831,9600
2020-10-22 09:36:22.910,4.831,300
2020-10-22 09:36:22.910,4.831,5000
2020-10-22 09:36:22.910,4.831,600
2020-10-22 09:36:22.910,4.831,1000
2020-10-22 09:36:22.910,4.831,5000
2020-10-22 09:36:22.910,4.831,4400
2020-10-22 09:36:22.910,4.831,10000
2020-10-22 09:36:22.910,4.831,33300
2020-10-22 09:36:22.910,4.831,2500
2020-10-22 09:36:22.910,4.831,5000
2020-10-22 09:36:22.910,4.831,400
2020-10-22 09:36:22.910,4.831,1000
2020-10-22 09:36:22.910,4.831,3500
2020-10-22 09:36:22.910,4.831,1000
2020-10-22 09:36:22.910,4.831,3100
2020-10-22 09:36:22.910,4.831,200
2020-10-22 09:36:22.910,4.831,1000
2020-10-22 09:36:22.910,4.831,4000
2020-10-22 09:36:22.910,4.831,2000
2020-10-22 09:36:22.910,4.831,20000
2020-10-22 09:36:22.910,4.831,1000
2020-10-22 09:36:22.910,4.831,5000
2020-10-22 09:36:22.910,4.83,10000
2020-10-22 09:36:22.910,4.83,25000
2020-10-22 09:36:22.910,4.83,35000
2020-10-22 09:36:22.910,4.83,10000
2020-10-22 09:36:22.910,4.83,50000
2020-10-22 09:36:22.910,4.83,2000
2020-10-22 09:36:22.910,4.83,7600
2020-10-22 09:36:23.830,4.832,5000
2020-10-22 09:36:24.880,4.832,100
2020-10-22 09:36:24.880,4.831,100
2020-10-22 09:36:24.880,4.831,500
2020-10-22 09:36:24.880,4.83,200
2020-10-22 09:36:24.880,4.83,500
2020-10-22 09:36:24.880,4.83,3000
2020-10-22 09:36:24.880,4.83,500
2020-10-22 09:36:24.880,4.83,200
2020-10-22 09:36:24.880,4.83,300
2020-10-22 09:36:24.880,4.83,10000
2020-10-22 09:36:24.880,4.83,500
2020-10-22 09:36:24.880,4.83,100
2020-10-22 09:36:26.140,4.832,1800
2020-10-22 09:36:26.440,4.832,800
2020-10-22 09:36:27.510,4.832,3000
2020-10-22 09:36:28.080,4.832,5000
2020-10-22 09:36:29.030,4.832,100
2020-10-22 09:36:30.780,4.831,4500
2020-10-22 09:36:30.780,4.831,5000
2020-10-22 09:36:33.090,4.831,100
2020-10-22 09:36:33.920,4.831,100
2020-10-22 09:36:33.920,4.831,3000
2020-10-22 09:36:34.230,4.832,400
2020-10-22 09:36:35.730,4.832,200
2020-10-22 09:36:35.930,4.831,1900
2020-10-22 09:36:36.650,4.831,300
2020-10-22 09:36:37.740,4.831,300
2020-10-22 09:36:38.570,4.831,500
2020-10-22 09:36:38.570,4.832,1500
2020-10-22 09:36:38.810,4.832,100
2020-10-22 09:36:40.060,4.83,400
2020-10-22 09:36:40.060,4.83,1000
2020-10-22 09:36:40.060,4.83,1000
2020-10-22 09:36:40.060,4.83,3000
2020-10-22 09:36:40.060,4.83,1000
2020-10-22 09:36:40.060,4.83,2000
2020-10-22 09:36:40.060,4.83,1500
2020-10-22 09:36:40.060,4.83,1000
2020-10-22 09:36:40.060,4.83,500
2020-10-22 09:36:40.060,4.83,2500
2020-10-22 09:36:40.060,4.83,5000
2020-10-22 09:36:40.060,4.83,3000
2020-10-22 09:36:40.060,4.83,100
2020-10-22 09:36:40.060,4.83,1200
2020-10-22 09:36:40.840,4.83,800
2020-10-22 09:36:40.840,4.83,500
2020-10-22 09:36:40.840,4.83,5000
2020-10-22 09:36:40.840,4.83,10000
2020-10-22 09:36:40.840,4.83,2000
2020-10-22 09:36:40.840,4.83,1700
2020-10-22 09:36:40.960,4.83,1300
2020-10-22 09:36:40.960,4.83,400
2020-10-22 09:36:41.840,4.83,1600
2020-10-22 09:36:41.840,4.83,15000
2020-10-22 09:36:41.840,4.83,1000
2020-10-22 09:36:41.840,4.83,1000
2020-10-22 09:36:41.840,4.83,500
2020-10-22 09:36:41.840,4.83,1000
2020-10-22 09:36:41.840,4.83,200
2020-10-22 09:36:41.840,4.83,10000
2020-10-22 09:36:41.840,4.83,3000
2020-10-22 09:36:41.840,4.83,11700
2020-10-22 09:36:42.190,4.83,3300
2020-10-22 09:36:42.190,4.83,5000
2020-10-22 09:36:42.190,4.83,5000
2020-10-22 09:36:42.190,4.83,1000
2020-10-22 09:36:42.190,4.83,4000
2020-10-22 09:36:42.610,4.829,10000
2020-10-22 09:36:43.050,4.83,700
2020-10-22 09:36:43.330,4.83,1000
2020-10-22 09:36:43.330,4.83,20000
2020-10-22 09:36:43.360,4.831,800
2020-10-22 09:36:44.790,4.83,4200
2020-10-22 09:36:45.120,4.831,100
2020-10-22 09:36:45.930,4.831,4100
2020-10-22 09:36:47.670,4.831,1000
2020-10-22 09:36:49.170,4.831,2000
2020-10-22 09:36:50.250,4.831,12500
2020-10-22 09:36:50.250,4.831,7800
2020-10-22 09:36:50.790,4.83,20000
2020-10-22 09:36:51.010,4.83,60000
2020-10-22 09:36:51.160,4.831,1800
2020-10-22 09:36:51.310,4.831,10400
2020-10-22 09:36:51.850,4.83,20000
2020-10-22 09:36:54.590,4.83,34600
2020-10-22 09:36:54.930,4.83,500
2020-10-22 09:36:54.930,4.83,2500
2020-10-22 09:36:55.100,4.83,4000
2020-10-22 09:36:56.140,4.83,1000
2020-10-22 09:36:58.260,4.83,10000
2020-10-22 09:36:58.320,4.83,400
2020-10-22 09:37:00.000,4.83,10000
2020-10-22 09:37:03.390,4.83,10000
2020-10-22 09:37:03.450,4.829,1500
2020-10-22 09:37:03.450,4.829,200
2020-10-22 09:37:03.450,4.829,2000
2020-10-22 09:37:03.450,4.829,6000
2020-10-22 09:37:03.450,4.829,1500
2020-10-22 09:37:03.450,4.829,1000
2020-10-22 09:37:03.450,4.829,100
2020-10-22 09:37:03.450,4.829,100
2020-10-22 09:37:03.450,4.829,3700
2020-10-22 09:37:04.070,4.83,13900
2020-10-22 09:37:04.310,4.83,2700
2020-10-22 09:37:04.510,4.829,16300
2020-10-22 09:37:04.510,4.829,500
2020-10-22 09:37:04.510,4.829,5200
2020-10-22 09:37:05.140,4.83,200
2020-10-22 09:37:05.140,4.83,7800
2020-10-22 09:37:05.670,4.83,2300
2020-10-22 09:37:05.670,4.83,2200
2020-10-22 09:37:05.670,4.831,5000
2020-10-22 09:37:05.670,4.831,3000
2020-10-22 09:37:05.670,4.831,7500
2020-10-22 09:37:06.350,4.829,800
2020-10-22 09:37:06.350,4.829,1200
2020-10-22 09:37:07.400,4.829,1200
2020-10-22 09:37:07.750,4.829,600
2020-10-22 09:37:07.750,4.829,1000
2020-10-22 09:37:07.750,4.829,400
2020-10-22 09:37:07.750,4.83,400
2020-10-22 09:37:07.990,4.83,1000
2020-10-22 09:37:08.370,4.83,1600
2020-10-22 09:37:08.850,4.83,3700
2020-10-22 09:37:10.810,4.83,2800
2020-10-22 09:37:10.990,4.83,10000
2020-10-22 09:37:11.410,4.829,1400
2020-10-22 09:37:12.850,4.829,200
2020-10-22 09:37:12.850,4.829,500
2020-10-22 09:37:12.850,4.829,1000
2020-10-22 09:37:12.850,4.829,30000
2020-10-22 09:37:12.850,4.829,1900
2020-10-22 09:37:13.570,4.83,500
2020-10-22 09:37:13.570,4.83,500
2020-10-22 09:37:13.570,4.83,100
2020-10-22 09:37:13.570,4.83,9400
2020-10-22 09:37:13.660,4.83,2000
2020-10-22 09:37:13.680,4.83,100
2020-10-22 09:37:13.830,4.83,2000
2020-10-22 09:37:14.700,4.83,13600
2020-10-22 09:37:14.700,4.83,6400
2020-10-22 09:37:14.700,4.83,20000
2020-10-22 09:37:16.510,4.83,13600
2020-10-22 09:37:17.340,4.83,16400
2020-10-22 09:37:17.340,4.829,2100
2020-10-22 09:37:17.340,4.829,2500
2020-10-22 09:37:17.340,4.829,800
2020-10-22 09:37:17.340,4.829,16900
2020-10-22 09:37:17.750,4.831,100
2020-10-22 09:37:18.120,4.831,2400
2020-10-22 09:37:18.120,4.831,1300
2020-10-22 09:37:18.120,4.831,2300
2020-10-22 09:37:18.840,4.83,29800
2020-10-22 09:37:19.120,4.832,3200
2020-10-22 09:37:19.120,4.832,2000
2020-10-22 09:37:20.700,4.831,20000
2020-10-22 09:37:20.880,4.833,3000
2020-10-22 09:37:21.710,4.831,300
2020-10-22 09:37:23.980,4.832,600
2020-10-22 09:37:24.220,4.832,300
2020-10-22 09:37:25.710,4.832,1400
2020-10-22 09:37:26.280,4.832,2600
2020-10-22 09:37:26.340,4.832,100
2020-10-22 09:37:28.320,4.833,3000
2020-10-22 09:37:29.660,4.833,8600
2020-10-22 09:37:31.280,4.832,5000
2020-10-22 09:37:31.280,4.832,200
2020-10-22 09:37:31.660,4.832,500
2020-10-22 09:37:32.110,4.831,1000
2020-10-22 09:37:33.130,4.832,2700
2020-10-22 09:37:35.460,4.832,1900
2020-10-22 09:37:36.500,4.832,500
2020-10-22 09:37:36.500,4.832,1300
2020-10-22 09:37:36.500,4.832,10100
2020-10-22 09:37:36.520,4.832,100
2020-10-22 09:37:36.790,4.832,300
2020-10-22 09:37:37.000,4.832,2100
2020-10-22 09:37:37.030,4.832,10000
2020-10-22 09:37:37.270,4.832,2200
2020-10-22 09:37:37.710,4.832,1000
2020-10-22 09:37:39.020,4.832,400
2020-10-22 09:37:39.310,4.832,1000
2020-10-22 09:37:41.050,4.832,1200
2020-10-22 09:37:41.180,4.832,5000
2020-10-22 09:37:41.360,4.831,16600
2020-10-22 09:37:41.800,4.832,2000
2020-10-22 09:37:41.860,4.831,1600
2020-10-22 09:37:43.030,4.832,5000
2020-10-22 09:37:43.030,4.832,3800
2020-10-22 09:37:45.440,4.832,500
2020-10-22 09:37:46.180,4.832,500
2020-10-22 09:37:46.420,4.832,3500
2020-10-22 09:37:46.420,4.832,5600
2020-10-22 09:37:46.420,4.832,200
2020-10-22 09:37:46.420,4.832,10700
2020-10-22 09:37:46.600,4.832,80000
2020-10-22 09:37:46.630,4.832,90000
2020-10-22 09:37:46.830,4.832,42000
2020-10-22 09:37:47.620,4.832,400
2020-10-22 09:37:48.180,4.832,8300
2020-10-22 09:37:48.470,4.832,100
2020-10-22 09:37:49.680,4.832,200
2020-10-22 09:37:50.710,4.832,500
2020-10-22 09:37:52.170,4.832,100
2020-10-22 09:37:52.880,4.832,100
2020-10-22 09:37:53.280,4.831,800
2020-10-22 09:37:53.280,4.831,4200
2020-10-22 09:37:53.280,4.832,1000
2020-10-22 09:37:53.570,4.832,100
2020-10-22 09:37:53.690,4.832,100
2020-10-22 09:37:55.580,4.833,24400
2020-10-22 09:37:55.580,4.833,25600
2020-10-22 09:37:56.000,4.833,100
2020-10-22 09:37:58.000,4.832,2500
2020-10-22 09:37:58.450,4.832,13400
2020-10-22 09:37:58.600,4.833,10000
2020-10-22 09:37:59.640,4.833,2700
2020-10-22 09:38:01.150,4.833,7800
2020-10-22 09:38:01.350,4.832,9300
2020-10-22 09:38:02.080,4.833,3800
2020-10-22 09:38:02.080,4.833,600
2020-10-22 09:38:02.080,4.834,1600
2020-10-22 09:38:02.420,4.834,3900
2020-10-22 09:38:02.560,4.834,5000
2020-10-22 09:38:07.120,4.834,200
2020-10-22 09:38:08.990,4.833,2600
2020-10-22 09:38:08.990,4.833,500
2020-10-22 09:38:08.990,4.833,1000
2020-10-22 09:38:08.990,4.833,4200
2020-10-22 09:38:09.020,4.833,100
2020-10-22 09:38:09.290,4.833,7800
2020-10-22 09:38:09.610,4.833,300
2020-10-22 09:38:10.220,4.833,10000
2020-10-22 09:38:11.950,4.833,100
2020-10-22 09:38:12.370,4.833,5000
2020-10-22 09:38:12.780,4.832,1500
2020-10-22 09:38:13.080,4.833,2100
2020-10-22 09:38:15.920,4.833,3400
2020-10-22 09:38:15.920,4.833,3000
2020-10-22 09:38:16.060,4.833,100
2020-10-22 09:38:17.230,4.833,100
2020-10-22 09:38:17.270,4.833,100
2020-10-22 09:38:17.380,4.833,50000
2020-10-22 09:38:18.000,4.833,20000
2020-10-22 09:38:18.850,4.833,5000
2020-10-22 09:38:19.400,4.832,3100
2020-10-22 09:38:19.400,4.832,3100
2020-10-22 09:38:19.400,4.832,5000
2020-10-22 09:38:19.400,4.832,2000
2020-10-22 09:38:19.400,4.832,2500
2020-10-22 09:38:19.400,4.832,300
2020-10-22 09:38:19.460,4.833,300
2020-10-22 09:38:20.400,4.834,500
2020-10-22 09:38:22.340,4.833,400
2020-10-22 09:38:23.540,4.833,4300
2020-10-22 09:38:23.540,4.833,100
2020-10-22 09:38:23.540,4.833,600
2020-10-22 09:38:23.540,4.833,900
2020-10-22 09:38:23.540,4.833,10000
2020-10-22 09:38:23.840,4.833,1000
2020-10-22 09:38:24.490,4.833,100
2020-10-22 09:38:24.770,4.833,2000
2020-10-22 09:38:24.770,4.833,11000
2020-10-22 09:38:24.770,4.833,2400
2020-10-22 09:38:27.570,4.833,6600
2020-10-22 09:38:27.570,4.833,20000
2020-10-22 09:38:27.570,4.833,500
2020-10-22 09:38:27.570,4.833,200
2020-10-22 09:38:27.570,4.833,2700
2020-10-22 09:38:27.570,4.833,100
2020-10-22 09:38:27.720,4.833,100
2020-10-22 09:38:27.770,4.833,2000
2020-10-22 09:38:28.890,4.833,20000
2020-10-22 09:38:29.040,4.832,200
2020-10-22 09:38:29.040,4.832,2000
2020-10-22 09:38:29.040,4.832,1200
2020-10-22 09:38:29.040,4.832,1000
2020-10-22 09:38:29.040,4.832,5000
2020-10-22 09:38:29.040,4.832,100
2020-10-22 09:38:29.040,4.832,5000
2020-10-22 09:38:29.040,4.832,100
2020-10-22 09:38:29.040,4.832,100
2020-10-22 09:38:29.040,4.832,500
2020-10-22 09:38:29.040,4.832,10000
2020-10-22 09:38:29.040,4.832,5000
2020-10-22 09:38:29.040,4.832,100
2020-10-22 09:38:29.040,4.832,10300
2020-10-22 09:38:29.040,4.832,2000
2020-10-22 09:38:29.040,4.832,700
2020-10-22 09:38:29.040,4.832,7000
2020-10-22 09:38:29.040,4.832,3000
2020-10-22 09:38:29.040,4.832,27300
2020-10-22 09:38:29.040,4.832,10000
2020-10-22 09:38:29.040,4.832,100
2020-10-22 09:38:29.040,4.832,5000
2020-10-22 09:38:29.040,4.832,4300
2020-10-22 09:38:29.130,4.833,2500
2020-10-22 09:38:29.910,4.833,1000
2020-10-22 09:38:30.630,4.833,16100
2020-10-22 09:38:30.840,4.833,1100
2020-10-22 09:38:32.260,4.833,5000
2020-10-22 09:38:33.020,4.833,2000
2020-10-22 09:38:35.200,4.833,100
2020-10-22 09:38:35.710,4.833,400
2020-10-22 09:38:36.430,4.832,300
2020-10-22 09:38:38.580,4.833,1000
2020-10-22 09:38:41.100,4.832,400
2020-10-22 09:38:41.100,4.832,1000
2020-10-22 09:38:41.100,4.832,8500
2020-10-22 09:38:41.100,4.832,1000
2020-10-22 09:38:41.980,4.831,5800
2020-10-22 09:38:41.980,4.831,2500
2020-10-22 09:38:41.980,4.831,2000
2020-10-22 09:38:41.980,4.831,2000
2020-10-22 09:38:41.980,4.831,1000
2020-10-22 09:38:41.980,4.831,68900
2020-10-22 09:38:41.980,4.831,200
2020-10-22 09:38:41.980,4.831,3000
2020-10-22 09:38:41.980,4.831,100
2020-10-22 09:38:41.980,4.831,2200
2020-10-22 09:38:41.980,4.831,14000
2020-10-22 09:38:41.980,4.831,2000
2020-10-22 09:38:41.980,4.831,10000
2020-10-22 09:38:41.980,4.831,5000
2020-10-22 09:38:41.980,4.831,2500
2020-10-22 09:38:41.980,4.831,34700
2020-10-22 09:38:42.540,4.831,5000
2020-10-22 09:38:44.460,4.831,4400
2020-10-22 09:38:45.220,4.831,1000
2020-10-22 09:38:49.060,4.831,3000
2020-10-22 09:38:53.010,4.831,100
2020-10-22 09:38:53.310,4.831,200
2020-10-22 09:38:53.430,4.83,15000
2020-10-22 09:38:53.430,4.83,5000
2020-10-22 09:38:53.430,4.83,500
2020-10-22 09:38:53.430,4.83,2000
2020-10-22 09:38:53.430,4.83,200
2020-10-22 09:38:53.430,4.83,3500
2020-10-22 09:38:53.430,4.83,1000
2020-10-22 09:38:53.430,4.83,2800
2020-10-22 09:38:53.430,4.83,2200
2020-10-22 09:38:53.430,4.83,100
2020-10-22 09:38:53.430,4.83,3000
2020-10-22 09:38:53.430,4.83,100
2020-10-22 09:38:53.430,4.83,1000
2020-10-22 09:38:53.430,4.83,100
2020-10-22 09:38:53.430,4.83,3000
2020-10-22 09:38:53.430,4.83,5500
2020-10-22 09:38:54.220,4.831,40000
2020-10-22 09:38:54.480,4.83,46000
2020-10-22 09:38:54.480,4.83,10000
2020-10-22 09:38:54.480,4.83,1000
2020-10-22 09:38:54.480,4.83,16100
2020-10-22 09:38:54.480,4.83,500
2020-10-22 09:38:54.480,4.83,2000
2020-10-22 09:38:54.480,4.83,20000
2020-10-22 09:38:54.480,4.83,20000
2020-10-22 09:38:54.480,4.83,1000
2020-10-22 09:38:54.480,4.83,5000
2020-10-22 09:38:54.480,4.83,4300
2020-10-22 09:38:54.480,4.83,5000
2020-10-22 09:38:54.480,4.83,400
2020-10-22 09:38:54.480,4.83,500
2020-10-22 09:38:54.480,4.83,1000
2020-10-22 09:38:54.480,4.83,1000
2020-10-22 09:38:54.480,4.83,500
2020-10-22 09:38:54.480,4.83,300
2020-10-22 09:38:54.480,4.83,400
2020-10-22 09:38:54.480,4.83,2000
2020-10-22 09:38:54.480,4.83,1000
2020-10-22 09:38:54.480,4.83,3000
2020-10-22 09:38:54.480,4.83,2000
2020-10-22 09:38:54.480,4.83,5000
2020-10-22 09:38:54.480,4.83,100
2020-10-22 09:38:54.480,4.829,3100
2020-10-22 09:38:54.480,4.829,10000
2020-10-22 09:38:54.480,4.829,5000
2020-10-22 09:38:54.480,4.829,15000
2020-10-22 09:38:54.480,4.829,2000
2020-10-22 09:38:54.480,4.829,1000
2020-10-22 09:38:54.480,4.829,300
2020-10-22 09:38:54.480,4.829,5000
2020-10-22 09:38:54.480,4.829,1800
2020-10-22 09:38:54.480,4.829,10000
2020-10-22 09:38:54.480,4.829,25000
2020-10-22 09:38:54.480,4.829,5000
2020-10-22 09:38:54.480,4.829,3000
2020-10-22 09:38:54.480,4.829,500
2020-10-22 09:38:54.480,4.829,1000
2020-10-22 09:38:54.480,4.829,100
2020-10-22 09:38:54.480,4.829,13500
2020-10-22 09:38:54.480,4.829,40000
2020-10-22 09:38:54.480,4.829,5000
2020-10-22 09:38:54.480,4.828,2000
2020-10-22 09:38:54.480,4.828,500
2020-10-22 09:38:54.480,4.828,5000
2020-10-22 09:38:54.480,4.828,1000
2020-10-22 09:38:54.480,4.828,100
2020-10-22 09:38:54.480,4.828,5000
2020-10-22 09:38:54.480,4.828,5000
2020-10-22 09:38:54.480,4.828,40000
2020-10-22 09:38:54.480,4.828,2000
2020-10-22 09:38:54.480,4.828,100
2020-10-22 09:38:54.480,4.828,500
2020-10-22 09:38:54.480,4.828,3000
2020-10-22 09:38:54.480,4.828,100
2020-10-22 09:38:54.480,4.828,3000
2020-10-22 09:38:54.480,4.828,100
2020-10-22 09:38:54.480,4.828,100
2020-10-22 09:38:54.480,4.828,500
2020-10-22 09:38:54.480,4.828,10000
2020-10-22 09:38:54.480,4.828,5000
2020-10-22 09:38:54.480,4.828,20000
2020-10-22 09:38:54.480,4.828,1000
2020-10-22 09:38:54.480,4.828,300
2020-10-22 09:38:54.480,4.828,1300
2020-10-22 09:38:55.630,4.831,100
2020-10-22 09:38:55.650,4.83,100
2020-10-22 09:38:56.140,4.83,1000
2020-10-22 09:38:56.700,4.829,700
2020-10-22 09:38:56.700,4.83,1300
2020-10-22 09:38:56.790,4.83,200
2020-10-22 09:38:58.940,4.829,2000
2020-10-22 09:38:59.160,4.829,10000
2020-10-22 09:38:59.160,4.828,1800
2020-10-22 09:38:59.630,4.829,3600
2020-10-22 09:38:59.630,4.83,1600
2020-10-22 09:39:00.070,4.831,1000
2020-10-22 09:39:00.530,4.83,1700
2020-10-22 09:39:00.790,4.831,600
2020-10-22 09:39:02.150,4.83,2100
2020-10-22 09:39:03.080,4.831,100
2020-10-22 09:39:03.160,4.83,17200
2020-10-22 09:39:03.160,4.83,2200
2020-10-22 09:39:04.990,4.828,10000
2020-10-22 09:39:05.110,4.83,5000
2020-10-22 09:39:06.110,4.83,40000
2020-10-22 09:39:06.160,4.828,1000
2020-10-22 09:39:08.120,4.83,200
2020-10-22 09:39:08.170,4.83,10000
2020-10-22 09:39:08.440,4.83,2000
2020-10-22 09:39:09.050,4.829,1800
2020-10-22 09:39:09.050,4.829,400
2020-10-22 09:39:09.050,4.829,1800
2020-10-22 09:39:10.900,4.83,2400
2020-10-22 09:39:10.900,4.83,3000
2020-10-22 09:39:11.160,4.831,10000
2020-10-22 09:39:11.160,4.831,60000
2020-10-22 09:39:11.160,4.831,40000
2020-10-22 09:39:11.160,4.831,90000
2020-10-22 09:39:11.160,4.831,100000
2020-10-22 09:39:12.470,4.83,33700
2020-10-22 09:39:12.660,4.83,6300
2020-10-22 09:39:12.660,4.829,16900
2020-10-22 09:39:12.770,4.831,2000
2020-10-22 09:39:17.910,4.83,500
2020-10-22 09:39:18.090,4.83,100
2020-10-22 09:39:18.640,4.83,100
2020-10-22 09:39:18.780,4.83,1000
2020-10-22 09:39:19.280,4.83,100
2020-10-22 09:39:19.520,4.831,100
2020-10-22 09:39:21.360,4.83,8000
2020-10-22 09:39:21.920,4.83,20800
2020-10-22 09:39:21.920,4.83,1000
2020-10-22 09:39:21.920,4.83,5000
2020-10-22 09:39:21.920,4.83,16000
2020-10-22 09:39:22.120,4.831,100
2020-10-22 09:39:23.100,4.831,60000
2020-10-22 09:39:23.600,4.831,1200
2020-10-22 09:39:23.740,4.831,3600
2020-10-22 09:39:24.270,4.83,1000
2020-10-22 09:39:24.620,4.831,10000
2020-10-22 09:39:25.550,4.831,300
2020-10-22 09:39:26.010,4.831,500
2020-10-22 09:39:26.620,4.831,100
2020-10-22 09:39:28.210,4.831,8700
2020-10-22 09:39:28.210,4.831,100
2020-10-22 09:39:29.940,4.831,6200
2020-10-22 09:39:30.140,4.831,300
2020-10-22 09:39:30.720,4.831,14700
2020-10-22 09:39:30.720,4.831,100
2020-10-22 09:39:31.510,4.83,5000
2020-10-22 09:39:32.240,4.831,10000
2020-10-22 09:39:33.020,4.83,18000
2020-10-22 09:39:33.020,4.83,7100
2020-10-22 09:39:33.020,4.83,12000
2020-10-22 09:39:33.020,4.83,24600
2020-10-22 09:39:33.290,4.831,4200
2020-10-22 09:39:34.090,4.83,200
2020-10-22 09:39:34.150,4.831,1000
2020-10-22 09:39:35.270,4.832,200
2020-10-22 09:39:35.270,4.832,3200
2020-10-22 09:39:35.270,4.832,5000
2020-10-22 09:39:35.270,4.832,8000
2020-10-22 09:39:35.270,4.832,13600
2020-10-22 09:39:35.420,4.832,200
2020-10-22 09:39:35.510,4.831,15800
2020-10-22 09:39:37.190,4.831,3400
2020-10-22 09:39:37.470,4.831,1500
2020-10-22 09:39:38.290,4.832,10000
2020-10-22 09:39:39.300,4.831,100
2020-10-22 09:39:41.260,4.832,6200
2020-10-22 09:39:43.260,4.832,4000
2020-10-22 09:39:47.960,4.833,500
2020-10-22 09:39:48.450,4.832,2200
2020-10-22 09:39:48.870,4.832,1000
2020-10-22 09:39:49.190,4.832,2800
2020-10-22 09:39:49.190,4.832,1000
2020-10-22 09:39:49.190,4.832,10000
2020-10-22 09:39:49.190,4.832,300
2020-10-22 09:39:49.190,4.832,1500
2020-10-22 09:39:49.190,4.832,500
2020-10-22 09:39:49.190,4.832,25000
2020-10-22 09:39:49.460,4.832,200
2020-10-22 09:39:49.550,4.832,300
2020-10-22 09:39:49.640,4.832,100
2020-10-22 09:39:50.470,4.832,500
2020-10-22 09:39:50.940,4.832,500
2020-10-22 09:39:50.940,4.831,9500
2020-10-22 09:39:51.020,4.831,2500
2020-10-22 09:39:53.690,4.832,200
2020-10-22 09:39:53.690,4.831,300
2020-10-22 09:39:54.070,4.833,2300
2020-10-22 09:39:54.710,4.832,300
2020-10-22 09:39:54.710,4.833,5700
2020-10-22 09:39:54.710,4.833,800
2020-10-22 09:39:55.420,4.832,200
2020-10-22 09:39:55.470,4.832,2400
2020-10-22 09:39:56.340,4.831,20000
2020-10-22 09:39:57.740,4.832,17400
2020-10-22 09:39:57.740,4.832,13100
2020-10-22 09:39:59.510,4.832,5000
2020-10-22 09:39:59.920,4.832,1300
2020-10-22 09:40:01.280,4.831,100000
2020-10-22 09:40:01.880,4.832,2000
2020-10-22 09:40:02.390,4.832,19900
2020-10-22 09:40:02.390,4.832,10100
2020-10-22 09:40:03.290,4.832,2500
2020-10-22 09:40:03.440,4.832,8000
2020-10-22 09:40:05.800,4.832,100
2020-10-22 09:40:07.230,4.832,300
2020-10-22 09:40:07.230,4.832,500
2020-10-22 09:40:07.230,4.831,4200
2020-10-22 09:40:09.260,4.832,400
2020-10-22 09:40:09.260,4.832,100
2020-10-22 09:40:09.260,4.832,300
2020-10-22 09:40:09.260,4.831,195500
2020-10-22 09:40:10.070,4.831,7300
2020-10-22 09:40:11.620,4.832,100
2020-10-22 09:40:13.010,4.831,300
2020-10-22 09:40:13.370,4.831,100
2020-10-22 09:40:13.510,4.831,6800
2020-10-22 09:40:13.510,4.831,9700
2020-10-22 09:40:14.200,4.832,50000
2020-10-22 09:40:14.270,4.832,2500
2020-10-22 09:40:15.370,4.832,2000
2020-10-22 09:40:16.400,4.832,600
2020-10-22 09:40:17.240,4.832,2400
2020-10-22 09:40:17.240,4.832,2000
2020-10-22 09:40:17.240,4.831,10300
2020-10-22 09:40:17.240,4.831,200
2020-10-22 09:40:17.240,4.831,100
2020-10-22 09:40:17.240,4.831,2000
2020-10-22 09:40:17.240,4.831,200
2020-10-22 09:40:17.240,4.831,200
2020-10-22 09:40:17.240,4.831,2000
2020-10-22 09:40:17.240,4.831,5000
2020-10-22 09:40:17.240,4.831,5300
2020-10-22 09:40:17.240,4.831,800
2020-10-22 09:40:17.240,4.831,5000
2020-10-22 09:40:17.240,4.831,5000
2020-10-22 09:40:17.240,4.831,5000
2020-10-22 09:40:17.240,4.831,5000
2020-10-22 09:40:17.240,4.831,2500
2020-10-22 09:40:17.240,4.831,200
2020-10-22 09:40:17.240,4.831,50000
2020-10-22 09:40:17.520,4.831,1200
2020-10-22 09:40:17.520,4.832,95600
2020-10-22 09:40:18.550,4.832,21700
2020-10-22 09:40:18.550,4.832,100
2020-10-22 09:40:18.700,4.832,2100
2020-10-22 09:40:19.080,4.831,2000
2020-10-22 09:40:19.470,4.831,100
2020-10-22 09:40:19.530,4.831,1900
2020-10-22 09:40:19.530,4.831,100
2020-10-22 09:40:20.380,4.831,6700
2020-10-22 09:40:20.470,4.831,100
2020-10-22 09:40:22.130,4.832,2000
2020-10-22 09:40:22.630,4.832,2000
2020-10-22 09:40:22.810,4.831,100
2020-10-22 09:40:22.920,4.831,200
2020-10-22 09:40:23.070,4.831,2500
2020-10-22 09:40:23.340,4.831,11100
2020-10-22 09:40:24.050,4.831,3500
2020-10-22 09:40:24.110,4.831,700
2020-10-22 09:40:24.950,4.831,300
2020-10-22 09:40:30.190,4.832,4000
2020-10-22 09:40:33.600,4.831,100
2020-10-22 09:40:33.600,4.831,1000
2020-10-22 09:40:33.600,4.831,1000
2020-10-22 09:40:33.600,4.831,2900
2020-10-22 09:40:33.600,4.831,200
2020-10-22 09:40:33.600,4.831,100
2020-10-22 09:40:34.980,4.832,60000
2020-10-22 09:40:35.570,4.831,20000
2020-10-22 09:40:36.060,4.832,11200
2020-10-22 09:40:37.090,4.831,100
2020-10-22 09:40:37.090,4.831,900
2020-10-22 09:40:37.280,4.831,100
2020-10-22 09:40:38.510,4.831,3000
2020-10-22 09:40:39.120,4.831,9000
2020-10-22 09:40:39.370,4.83,1400
2020-10-22 09:40:39.370,4.83,1600
2020-10-22 09:40:40.640,4.831,500
2020-10-22 09:40:41.290,4.831,3000
2020-10-22 09:40:41.470,4.831,100
2020-10-22 09:40:41.970,4.831,33300
2020-10-22 09:40:41.970,4.831,800
2020-10-22 09:40:42.060,4.831,156500
2020-10-22 09:40:42.260,4.831,500
2020-10-22 09:40:42.920,4.831,900
2020-10-22 09:40:43.490,4.831,37800
2020-10-22 09:40:43.490,4.831,3000
2020-10-22 09:40:43.490,4.831,3000
2020-10-22 09:40:43.780,4.831,1200
2020-10-22 09:40:44.980,4.831,100
2020-10-22 09:40:45.360,4.83,400
2020-10-22 09:40:45.720,4.831,5000
2020-10-22 09:40:46.780,4.831,100
2020-10-22 09:40:49.220,4.83,1000
2020-10-22 09:40:49.690,4.831,10000
2020-10-22 09:40:50.450,4.83,4000
2020-10-22 09:40:50.680,4.83,3000
2020-10-22 09:40:50.680,4.83,3000
2020-10-22 09:40:50.680,4.83,2000
2020-10-22 09:40:50.680,4.83,5000
2020-10-22 09:40:50.680,4.83,40000
2020-10-22 09:40:50.680,4.83,1500
2020-10-22 09:40:50.680,4.83,5000
2020-10-22 09:40:50.680,4.83,5000
2020-10-22 09:40:50.680,4.83,2000
2020-10-22 09:40:50.680,4.83,200
2020-10-22 09:40:50.680,4.83,100
2020-10-22 09:40:50.680,4.83,2200
2020-10-22 09:40:50.680,4.83,500
2020-10-22 09:40:50.680,4.83,200
2020-10-22 09:40:50.680,4.83,2500
2020-10-22 09:40:50.680,4.83,10000
2020-10-22 09:40:50.680,4.83,7500
2020-10-22 09:40:50.680,4.83,10300
2020-10-22 09:40:50.770,4.831,500
2020-10-22 09:40:51.510,4.831,5000
2020-10-22 09:40:51.800,4.831,8900
2020-10-22 09:40:52.160,4.831,1000
2020-10-22 09:40:52.220,4.83,1700
2020-10-22 09:40:52.220,4.83,5000
2020-10-22 09:40:52.220,4.83,3000
2020-10-22 09:40:52.220,4.83,3000
2020-10-22 09:40:52.220,4.83,200
2020-10-22 09:40:52.220,4.83,2900
2020-10-22 09:40:52.320,4.831,10000
2020-10-22 09:40:52.550,4.831,1000
2020-10-22 09:40:52.980,4.831,200
2020-10-22 09:40:56.660,4.831,100
2020-10-22 09:40:57.300,4.831,1000
2020-10-22 09:40:58.510,4.83,1800
2020-10-22 09:40:59.040,4.83,300
2020-10-22 09:40:59.040,4.83,300
2020-10-22 09:41:01.410,4.831,400
2020-10-22 09:41:01.410,4.831,100
2020-10-22 09:41:02.210,4.831,100
2020-10-22 09:41:03.810,4.83,200
2020-10-22 09:41:04.200,4.83,3500
2020-10-22 09:41:04.200,4.83,400
2020-10-22 09:41:04.200,4.83,1700
2020-10-22 09:41:04.200,4.83,3000
2020-10-22 09:41:04.200,4.83,50000
2020-10-22 09:41:04.200,4.83,2700
2020-10-22 09:41:04.200,4.83,30000
2020-10-22 09:41:04.200,4.83,400
2020-10-22 09:41:04.200,4.83,2000
2020-10-22 09:41:04.200,4.83,1000
2020-10-22 09:41:04.200,4.83,2000
2020-10-22 09:41:04.200,4.83,1000
2020-10-22 09:41:04.200,4.83,1000
2020-10-22 09:41:04.200,4.83,2000
2020-10-22 09:41:04.200,4.83,600
2020-10-22 09:41:04.200,4.83,2000
2020-10-22 09:41:04.200,4.83,200
2020-10-22 09:41:04.200,4.83,500
2020-10-22 09:41:04.200,4.83,3000
2020-10-22 09:41:04.490,4.83,500
2020-10-22 09:41:04.750,4.83,1100
2020-10-22 09:41:05.960,4.831,500
2020-10-22 09:41:05.960,4.831,200
2020-10-22 09:41:05.960,4.831,200
2020-10-22 09:41:05.960,4.831,4100
2020-10-22 09:41:05.960,4.831,400
2020-10-22 09:41:07.700,4.83,2000
2020-10-22 09:41:07.910,4.829,500
2020-10-22 09:41:07.910,4.829,1500
2020-10-22 09:41:07.990,4.83,600
2020-10-22 09:41:07.990,4.83,5400
2020-10-22 09:41:08.370,4.83,1000
2020-10-22 09:41:09.160,4.83,5000
2020-10-22 09:41:10.210,4.829,3500
2020-10-22 09:41:10.210,4.829,500
2020-10-22 09:41:10.210,4.829,500
2020-10-22 09:41:10.210,4.829,2500
2020-10-22 09:41:10.210,4.829,700
2020-10-22 09:41:10.210,4.829,1300
2020-10-22 09:41:10.210,4.829,500
2020-10-22 09:41:10.210,4.829,300
2020-10-22 09:41:10.210,4.829,200
2020-10-22 09:41:10.210,4.829,700
2020-10-22 09:41:10.210,4.829,6000
2020-10-22 09:41:10.210,4.829,3500
2020-10-22 09:41:10.210,4.829,20800
2020-10-22 09:41:10.920,4.83,2000
2020-10-22 09:41:11.490,4.829,9200
2020-10-22 09:41:11.490,4.829,5000
2020-10-22 09:41:11.490,4.829,82000
2020-10-22 09:41:11.490,4.829,300
2020-10-22 09:41:11.490,4.829,300
2020-10-22 09:41:11.490,4.829,3200
2020-10-22 09:41:11.660,4.83,10000
2020-10-22 09:41:12.250,4.83,2700
2020-10-22 09:41:13.460,4.83,1000
2020-10-22 09:41:13.960,4.829,100
2020-10-22 09:41:13.960,4.829,100
2020-10-22 09:41:13.960,4.829,200
2020-10-22 09:41:13.960,4.829,5000
2020-10-22 09:41:13.960,4.829,2000
2020-10-22 09:41:13.960,4.829,500
2020-10-22 09:41:13.960,4.829,20000
2020-10-22 09:41:13.960,4.829,500
2020-10-22 09:41:13.960,4.829,1000
2020-10-22 09:41:13.960,4.829,2600
2020-10-22 09:41:13.960,4.828,500
2020-10-22 09:41:13.960,4.828,100
2020-10-22 09:41:13.960,4.828,100
2020-10-22 09:41:13.960,4.828,100
2020-10-22 09:41:13.960,4.828,200
2020-10-22 09:41:13.960,4.828,500
2020-10-22 09:41:14.670,4.83,200
2020-10-22 09:41:18.290,4.829,100
2020-10-22 09:41:20.510,4.829,200
2020-10-22 09:41:21.050,4.829,10000
2020-10-22 09:41:21.970,4.829,5000
2020-10-22 09:41:24.070,4.83,100
2020-10-22 09:41:24.450,4.83,1000
2020-10-22 09:41:28.700,4.83,2400
2020-10-22 09:41:30.700,4.83,6600
2020-10-22 09:41:30.700,4.83,1000
2020-10-22 09:41:30.700,4.83,1000
2020-10-22 09:41:30.700,4.83,5000
2020-10-22 09:41:30.700,4.83,100
2020-10-22 09:41:30.700,4.829,2400
2020-10-22 09:41:32.750,4.83,1000
2020-10-22 09:41:34.780,4.829,2000
2020-10-22 09:41:35.380,4.83,800
2020-10-22 09:41:35.380,4.829,95600
2020-10-22 09:41:35.380,4.829,600
2020-10-22 09:41:35.380,4.829,2000
2020-10-22 09:41:35.380,4.829,30000
2020-10-22 09:41:35.380,4.829,4000
2020-10-22 09:41:35.380,4.829,600
2020-10-22 09:41:35.380,4.829,5000
2020-10-22 09:41:35.380,4.829,5000
2020-10-22 09:41:35.380,4.828,500
2020-10-22 09:41:35.380,4.828,1600
2020-10-22 09:41:35.380,4.828,500
2020-10-22 09:41:35.380,4.828,100
2020-10-22 09:41:35.380,4.828,10000
2020-10-22 09:41:35.380,4.828,1000
2020-10-22 09:41:35.380,4.828,500
2020-10-22 09:41:35.380,4.828,2800
2020-10-22 09:41:35.380,4.828,100
2020-10-22 09:41:35.380,4.828,200
2020-10-22 09:41:35.380,4.828,300
2020-10-22 09:41:35.380,4.828,500
2020-10-22 09:41:35.380,4.828,5000
2020-10-22 09:41:35.380,4.828,300
2020-10-22 09:41:35.380,4.828,2100
2020-10-22 09:41:35.380,4.828,20000
2020-10-22 09:41:35.380,4.828,7000
2020-10-22 09:41:35.380,4.828,500
2020-10-22 09:41:35.380,4.828,15000
2020-10-22 09:41:35.380,4.828,1000
2020-10-22 09:41:35.380,4.828,100
2020-10-22 09:41:35.380,4.828,100
2020-10-22 09:41:35.380,4.828,2000
2020-10-22 09:41:35.380,4.828,10000
2020-10-22 09:41:35.380,4.828,1000
2020-10-22 09:41:35.380,4.828,8000
2020-10-22 09:41:35.380,4.828,13400
2020-10-22 09:41:35.380,4.828,100
2020-10-22 09:41:35.380,4.828,100
2020-10-22 09:41:35.380,4.828,2000
2020-10-22 09:41:35.380,4.828,200
2020-10-22 09:41:35.380,4.828,200
2020-10-22 09:41:35.380,4.828,10000
2020-10-22 09:41:35.380,4.828,4000
2020-10-22 09:41:35.380,4.828,900
2020-10-22 09:41:35.380,4.828,100
2020-10-22 09:41:35.380,4.828,4000
2020-10-22 09:41:35.380,4.828,1100
2020-10-22 09:41:35.380,4.828,2000
2020-10-22 09:41:35.380,4.828,10000
2020-10-22 09:41:35.380,4.828,35000
2020-10-22 09:41:35.380,4.828,40000
2020-10-22 09:41:35.380,4.827,10000
2020-10-22 09:41:35.380,4.827,700
2020-10-22 09:41:35.380,4.827,12000
2020-10-22 09:41:35.380,4.827,600
2020-10-22 09:41:35.380,4.827,500
2020-10-22 09:41:35.380,4.827,1200
2020-10-22 09:41:35.380,4.827,1000
2020-10-22 09:41:35.380,4.827,3500
2020-10-22 09:41:35.380,4.827,1000
2020-10-22 09:41:35.380,4.827,100
2020-10-22 09:41:35.380,4.827,500
2020-10-22 09:41:35.380,4.827,200
2020-10-22 09:41:35.380,4.827,1000
2020-10-22 09:41:35.380,4.827,20000
2020-10-22 09:41:35.380,4.827,3000
2020-10-22 09:41:35.380,4.827,500
2020-10-22 09:41:35.380,4.827,200
2020-10-22 09:41:35.380,4.827,10000
2020-10-22 09:41:35.380,4.827,2000
2020-10-22 09:41:35.380,4.827,1000
2020-10-22 09:41:35.380,4.827,2500
2020-10-22 09:41:35.380,4.827,200
2020-10-22 09:41:35.380,4.827,200
2020-10-22 09:41:35.380,4.827,3000
2020-10-22 09:41:35.380,4.827,100000
2020-10-22 09:41:35.380,4.827,200
2020-10-22 09:41:35.380,4.826,10000
2020-10-22 09:41:35.380,4.826,300
2020-10-22 09:41:35.380,4.826,2300
2020-10-22 09:41:35.380,4.826,800
2020-10-22 09:41:35.380,4.826,1000
2020-10-22 09:41:35.380,4.826,3600
2020-10-22 09:41:35.970,4.831,1000
2020-10-22 09:41:36.180,4.831,100
2020-10-22 09:41:36.950,4.83,100
2020-10-22 09:41:38.260,4.831,100
2020-10-22 09:41:38.660,4.831,2000
2020-10-22 09:41:40.400,4.83,1000
2020-10-22 09:41:41.070,4.831,500
2020-10-22 09:41:41.250,4.83,200
2020-10-22 09:41:41.400,4.83,4500
2020-10-22 09:41:41.460,4.83,44200
2020-10-22 09:41:41.460,4.83,10000
2020-10-22 09:41:41.460,4.83,10000
2020-10-22 09:41:41.460,4.83,1000
2020-10-22 09:41:42.100,4.83,34800
2020-10-22 09:41:42.100,4.831,2300
2020-10-22 09:41:42.100,4.831,9200
2020-10-22 09:41:42.100,4.831,33700
2020-10-22 09:41:42.300,4.831,10000
2020-10-22 09:41:42.840,4.831,100
2020-10-22 09:41:44.580,4.83,800
2020-10-22 09:41:47.610,4.83,9200
2020-10-22 09:41:47.610,4.83,500
2020-10-22 09:41:47.610,4.83,8200
2020-10-22 09:41:47.610,4.83,100
2020-10-22 09:41:47.610,4.829,5000
2020-10-22 09:41:47.610,4.829,3000
2020-10-22 09:41:49.870,4.829,50000
2020-10-22 09:41:49.870,4.829,124000
2020-10-22 09:41:51.420,4.831,400
2020-10-22 09:41:51.420,4.831,100
2020-10-22 09:41:52.260,4.831,100
2020-10-22 09:41:53.080,4.831,500
2020-10-22 09:41:54.150,4.83,12300
2020-10-22 09:41:54.740,4.83,7000
2020-10-22 09:41:55.880,4.83,700
2020-10-22 09:41:55.880,4.83,800
2020-10-22 09:41:56.160,4.831,20000
2020-10-22 09:41:56.160,4.831,8900
2020-10-22 09:41:56.160,4.831,1100
2020-10-22 09:41:57.230,4.831,100
2020-10-22 09:41:57.550,4.83,200
2020-10-22 09:41:57.550,4.83,48000
2020-10-22 09:41:59.010,4.831,1000
2020-10-22 09:42:00.320,4.83,4000
2020-10-22 09:42:00.560,4.831,7800
2020-10-22 09:42:01.290,4.831,500
2020-10-22 09:42:02.480,4.831,100
2020-10-22 09:42:06.050,4.833,300
2020-10-22 09:42:06.050,4.833,200
2020-10-22 09:42:07.800,4.831,2000
2020-10-22 09:42:08.470,4.831,9600
2020-10-22 09:42:08.470,4.831,4200
2020-10-22 09:42:08.470,4.831,2000
2020-10-22 09:42:08.470,4.831,400
2020-10-22 09:42:09.610,4.831,600
2020-10-22 09:42:09.610,4.831,500
2020-10-22 09:42:09.610,4.831,1400
2020-10-22 09:42:11.520,4.831,100
2020-10-22 09:42:11.520,4.831,900
2020-10-22 09:42:13.800,4.833,500
2020-10-22 09:42:17.020,4.832,400
2020-10-22 09:42:17.670,4.832,1400
2020-10-22 09:42:18.300,4.832,400
2020-10-22 09:42:19.320,4.832,1300
2020-10-22 09:42:19.320,4.832,2500
2020-10-22 09:42:19.320,4.832,3200
2020-10-22 09:42:19.970,4.832,200
2020-10-22 09:42:19.970,4.832,20000
2020-10-22 09:42:20.200,4.832,2700
2020-10-22 09:42:23.110,4.833,300
2020-10-22 09:42:23.110,4.833,14400
2020-10-22 09:42:23.110,4.833,15300
2020-10-22 09:42:24.820,4.832,1000
2020-10-22 09:42:25.860,4.833,3000
2020-10-22 09:42:25.860,4.833,500
2020-10-22 09:42:26.160,4.832,6300
2020-10-22 09:42:26.160,4.831,100
2020-10-22 09:42:26.160,4.831,1000
2020-10-22 09:42:26.160,4.831,600
2020-10-22 09:42:26.160,4.831,100
2020-10-22 09:42:26.160,4.831,5000
2020-10-22 09:42:26.160,4.831,100
2020-10-22 09:42:26.160,4.831,2000
2020-10-22 09:42:26.160,4.831,14800
2020-10-22 09:42:27.710,4.833,31200
2020-10-22 09:42:27.710,4.833,2100
2020-10-22 09:42:27.710,4.833,500
2020-10-22 09:42:27.710,4.833,10000
2020-10-22 09:42:27.800,4.833,100
2020-10-22 09:42:28.620,4.833,41700
2020-10-22 09:42:29.190,4.833,2200
2020-10-22 09:42:29.190,4.833,100
2020-10-22 09:42:29.700,4.833,2000
2020-10-22 09:42:30.140,4.833,9600
2020-10-22 09:42:30.290,4.833,3900
2020-10-22 09:42:30.480,4.833,500
2020-10-22 09:42:30.510,4.833,5000
2020-10-22 09:42:30.900,4.833,1000
2020-10-22 09:42:31.820,4.833,10000
2020-10-22 09:42:32.000,4.833,20000
2020-10-22 09:42:32.050,4.833,1500
2020-10-22 09:42:32.500,4.833,600
2020-10-22 09:42:33.050,4.833,500
2020-10-22 09:42:33.050,4.833,800
2020-10-22 09:42:33.790,4.833,1000
2020-10-22 09:42:33.910,4.833,5000
2020-10-22 09:42:34.580,4.833,1000
2020-10-22 09:42:34.640,4.833,500
2020-10-22 09:42:34.990,4.833,4300
2020-10-22 09:42:35.870,4.833,300
2020-10-22 09:42:35.930,4.833,5000
2020-10-22 09:42:36.340,4.833,5000
2020-10-22 09:42:38.140,4.833,28000
2020-10-22 09:42:38.430,4.833,1000
2020-10-22 09:42:39.540,4.833,1000
2020-10-22 09:42:40.170,4.834,100
2020-10-22 09:42:41.510,4.833,100
2020-10-22 09:42:41.510,4.833,100
2020-10-22 09:42:41.510,4.833,400
2020-10-22 09:42:41.510,4.833,1000
2020-10-22 09:42:41.510,4.833,200
2020-10-22 09:42:41.540,4.833,400
2020-10-22 09:42:42.720,4.833,3800
2020-10-22 09:42:44.990,4.833,600
2020-10-22 09:42:45.620,4.833,4600
2020-10-22 09:42:46.210,4.833,2500
2020-10-22 09:42:46.650,4.833,2000
2020-10-22 09:42:46.680,4.833,3000
2020-10-22 09:42:46.840,4.832,10000
2020-10-22 09:42:46.840,4.832,2100
2020-10-22 09:42:46.840,4.832,4400
2020-10-22 09:42:47.680,4.833,2700
2020-10-22 09:42:48.740,4.833,26800
2020-10-22 09:42:48.970,4.833,200
2020-10-22 09:42:49.270,4.833,1000
2020-10-22 09:42:49.300,4.832,7900
2020-10-22 09:42:51.980,4.833,500
2020-10-22 09:42:52.260,4.832,6700
2020-10-22 09:42:54.560,4.833,200
2020-10-22 09:42:54.700,4.833,2500
2020-10-22 09:42:55.640,4.833,3000
2020-10-22 09:42:55.770,4.833,3600
2020-10-22 09:42:56.360,4.833,800
2020-10-22 09:42:56.890,4.833,200
2020-10-22 09:42:57.250,4.833,800
2020-10-22 09:42:57.430,4.832,3900
2020-10-22 09:42:57.540,4.832,100
2020-10-22 09:42:58.040,4.832,200
2020-10-22 09:42:58.420,4.833,1000
2020-10-22 09:43:00.150,4.832,28700
2020-10-22 09:43:00.150,4.832,4200
2020-10-22 09:43:00.150,4.832,2000
2020-10-22 09:43:00.150,4.832,4000
2020-10-22 09:43:00.150,4.832,10800
2020-10-22 09:43:00.150,4.832,5000
2020-10-22 09:43:00.150,4.832,1000
2020-10-22 09:43:00.150,4.832,2000
2020-10-22 09:43:00.150,4.832,5000
2020-10-22 09:43:00.150,4.832,4600
2020-10-22 09:43:00.150,4.832,10000
2020-10-22 09:43:00.150,4.832,3000
2020-10-22 09:43:00.150,4.832,5000
2020-10-22 09:43:00.330,4.832,100
2020-10-22 09:43:01.180,4.832,100
2020-10-22 09:43:02.950,4.833,900
2020-10-22 09:43:02.950,4.833,100
2020-10-22 09:43:02.950,4.833,19000
2020-10-22 09:43:03.640,4.833,2500
2020-10-22 09:43:04.980,4.833,100
2020-10-22 09:43:04.980,4.833,100
2020-10-22 09:43:06.510,4.832,900
2020-10-22 09:43:07.320,4.832,3100
2020-10-22 09:43:07.520,4.832,9000
2020-10-22 09:43:08.930,4.833,500
2020-10-22 09:43:11.550,4.832,2000
2020-10-22 09:43:11.550,4.832,500
2020-10-22 09:43:11.550,4.831,200
2020-10-22 09:43:11.550,4.831,5000
2020-10-22 09:43:11.550,4.831,50000
2020-10-22 09:43:11.550,4.831,27400
2020-10-22 09:43:11.550,4.831,200
2020-10-22 09:43:11.550,4.831,5000
2020-10-22 09:43:11.550,4.831,9700
2020-10-22 09:43:11.550,4.831,300
2020-10-22 09:43:11.550,4.831,99700
2020-10-22 09:43:13.560,4.831,100000
2020-10-22 09:43:14.090,4.832,1100
2020-10-22 09:43:14.860,4.832,10000
2020-10-22 09:43:15.620,4.832,5000
2020-10-22 09:43:17.780,4.832,5000
2020-10-22 09:43:20.000,4.832,100
2020-10-22 09:43:20.200,4.832,34200
2020-10-22 09:43:22.600,4.832,200
2020-10-22 09:43:23.850,4.832,100
2020-10-22 09:43:24.740,4.831,300
2020-10-22 09:43:24.740,4.831,10000
2020-10-22 09:43:24.740,4.831,4000
2020-10-22 09:43:24.740,4.831,300
2020-10-22 09:43:24.740,4.831,500
2020-10-22 09:43:24.740,4.831,900
2020-10-22 09:43:26.750,4.832,200
2020-10-22 09:43:28.210,4.832,12500
2020-10-22 09:43:28.210,4.832,29500
2020-10-22 09:43:29.180,4.832,1000
2020-10-22 09:43:31.290,4.832,500
2020-10-22 09:43:31.660,4.832,200
2020-10-22 09:43:32.910,4.832,100
2020-10-22 09:43:33.120,4.831,1600
2020-10-22 09:43:33.120,4.831,400
2020-10-22 09:43:35.720,4.831,600
2020-10-22 09:43:35.720,4.831,2100
2020-10-22 09:43:35.720,4.831,100
2020-10-22 09:43:35.720,4.831,2000
2020-10-22 09:43:35.720,4.831,2000
2020-10-22 09:43:35.870,4.831,2000
2020-10-22 09:43:37.360,4.832,100
2020-10-22 09:43:37.770,4.832,1600
2020-10-22 09:43:38.200,4.832,200
2020-10-22 09:43:38.520,4.832,20000
2020-10-22 09:43:41.540,4.831,4900
2020-10-22 09:43:43.070,4.831,1000
2020-10-22 09:43:43.640,4.832,200
2020-10-22 09:43:45.150,4.832,3100
2020-10-22 09:43:45.440,4.832,2000
2020-10-22 09:43:45.790,4.831,4100
2020-10-22 09:43:45.790,4.831,100
2020-10-22 09:43:45.790,4.831,3800
2020-10-22 09:43:46.920,4.831,6200
2020-10-22 09:43:46.920,4.831,500
2020-10-22 09:43:47.280,4.831,10000
2020-10-22 09:43:48.190,4.831,1000
2020-10-22 09:43:49.470,4.832,200
2020-10-22 09:43:50.630,4.831,100
2020-10-22 09:43:50.630,4.831,200
2020-10-22 09:43:50.630,4.831,2100
2020-10-22 09:43:50.630,4.831,4200
2020-10-22 09:43:50.940,4.831,97800
2020-10-22 09:43:50.940,4.831,4300
2020-10-22 09:43:51.540,4.832,200
2020-10-22 09:43:54.470,4.831,800
2020-10-22 09:43:56.560,4.831,2000
2020-10-22 09:43:57.730,4.831,50000
2020-10-22 09:43:58.480,4.83,20000
2020-10-22 09:43:58.480,4.83,1500
2020-10-22 09:43:58.480,4.83,1300
2020-10-22 09:43:58.480,4.83,10000
2020-10-22 09:43:58.480,4.83,3000
2020-10-22 09:43:58.480,4.83,5000
2020-10-22 09:43:58.480,4.83,2100
2020-10-22 09:43:58.480,4.83,10000
2020-10-22 09:43:58.480,4.83,100
2020-10-22 09:43:58.480,4.83,7500
2020-10-22 09:43:58.480,4.83,24400
2020-10-22 09:43:58.480,4.83,1000
2020-10-22 09:43:58.480,4.83,200000
2020-10-22 09:43:58.480,4.83,5000
2020-10-22 09:43:58.480,4.83,400
2020-10-22 09:43:58.480,4.83,500
2020-10-22 09:43:58.480,4.83,2000
2020-10-22 09:43:58.480,4.83,3000
2020-10-22 09:43:58.480,4.83,10000
2020-10-22 09:43:58.480,4.83,1000
2020-10-22 09:43:58.480,4.83,2000
2020-10-22 09:43:58.480,4.83,5000
2020-10-22 09:43:58.480,4.83,200
2020-10-22 09:43:59.350,4.83,300
2020-10-22 09:43:59.350,4.83,5000
2020-10-22 09:43:59.350,4.83,500
2020-10-22 09:43:59.350,4.83,200
2020-10-22 09:43:59.350,4.83,1100
2020-10-22 09:43:59.350,4.83,30000
2020-10-22 09:43:59.590,4.83,100
2020-10-22 09:43:59.790,4.83,2000
2020-10-22 09:44:03.320,4.83,1000
2020-10-22 09:44:03.580,4.83,46300
2020-10-22 09:44:03.580,4.83,53700
2020-10-22 09:44:04.540,4.83,20000
2020-10-22 09:44:04.950,4.83,500
2020-10-22 09:44:05.010,4.83,400
2020-10-22 09:44:06.330,4.83,300
2020-10-22 09:44:07.150,4.83,19700
2020-10-22 09:44:07.150,4.83,1900
2020-10-22 09:44:07.150,4.83,5100
2020-10-22 09:44:07.150,4.83,5100
2020-10-22 09:44:07.150,4.83,5000
2020-10-22 09:44:07.150,4.83,12000
2020-10-22 09:44:07.390,4.831,700
2020-10-22 09:44:07.390,4.831,400
2020-10-22 09:44:12.380,4.831,1000
2020-10-22 09:44:12.380,4.832,2000
2020-10-22 09:44:12.380,4.832,1200
2020-10-22 09:44:17.750,4.832,14700
2020-10-22 09:44:17.900,4.833,1300
2020-10-22 09:44:17.900,4.833,700
2020-10-22 09:44:17.900,4.833,200
2020-10-22 09:44:17.900,4.833,100
2020-10-22 09:44:17.900,4.834,5100
2020-10-22 09:44:17.900,4.834,23800
2020-10-22 09:44:18.020,4.832,100
2020-10-22 09:44:18.670,4.832,1000
2020-10-22 09:44:19.330,4.831,300
2020-10-22 09:44:21.630,4.832,40000
2020-10-22 09:44:22.110,4.831,200
2020-10-22 09:44:22.110,4.831,2000
2020-10-22 09:44:22.110,4.831,1000
2020-10-22 09:44:22.110,4.831,300
2020-10-22 09:44:22.110,4.83,5000
2020-10-22 09:44:22.110,4.83,13500
2020-10-22 09:44:22.680,4.831,3200
2020-10-22 09:44:23.330,4.832,10000
2020-10-22 09:44:23.800,4.832,100
2020-10-22 09:44:26.280,4.832,10000
2020-10-22 09:44:27.220,4.832,400
2020-10-22 09:44:27.640,4.831,2500
2020-10-22 09:44:28.120,4.832,100
2020-10-22 09:44:28.120,4.832,5000
2020-10-22 09:44:29.710,4.833,200
2020-10-22 09:44:34.280,4.834,100
2020-10-22 09:44:38.140,4.834,20000
2020-10-22 09:44:38.550,4.834,200
2020-10-22 09:44:40.640,4.834,30000
2020-10-22 09:44:40.640,4.834,20000
2020-10-22 09:44:40.920,4.833,500
2020-10-22 09:44:40.920,4.833,100
2020-10-22 09:44:40.920,4.833,2400
2020-10-22 09:44:42.030,4.834,7900
2020-10-22 09:44:42.030,4.834,500
2020-10-22 09:44:42.030,4.834,3900
2020-10-22 09:44:42.120,4.834,25100
2020-10-22 09:44:42.120,4.834,800
2020-10-22 09:44:42.120,4.834,200
2020-10-22 09:44:42.120,4.834,500
2020-10-22 09:44:42.120,4.834,100
2020-10-22 09:44:45.240,4.834,1800
2020-10-22 09:44:45.380,4.834,1500
2020-10-22 09:44:45.380,4.834,100
2020-10-22 09:44:46.160,4.835,1300
2020-10-22 09:44:46.160,4.835,5000
2020-10-22 09:44:46.160,4.835,3400
2020-10-22 09:44:46.160,4.835,20300
2020-10-22 09:44:46.450,4.835,600
2020-10-22 09:44:48.720,4.834,200
2020-10-22 09:44:49.250,4.834,100
2020-10-22 09:44:49.340,4.834,100
2020-10-22 09:44:49.340,4.834,100
2020-10-22 09:44:49.340,4.834,100
2020-10-22 09:44:49.340,4.834,100
2020-10-22 09:44:49.400,4.834,100
2020-10-22 09:44:49.430,4.834,100
2020-10-22 09:44:49.430,4.834,100
2020-10-22 09:44:49.430,4.834,100
2020-10-22 09:44:49.430,4.834,100
2020-10-22 09:44:49.430,4.834,100
2020-10-22 09:44:49.430,4.834,100
2020-10-22 09:44:49.430,4.834,100
2020-10-22 09:44:49.430,4.834,100
2020-10-22 09:44:49.460,4.834,100
2020-10-22 09:44:49.460,4.834,100
2020-10-22 09:44:49.460,4.834,100
2020-10-22 09:44:49.460,4.834,100
2020-10-22 09:44:49.460,4.834,100
2020-10-22 09:44:49.460,4.834,100
2020-10-22 09:44:49.520,4.834,100
2020-10-22 09:44:49.520,4.834,100
2020-10-22 09:44:49.520,4.834,100
2020-10-22 09:44:49.520,4.834,100
2020-10-22 09:44:49.520,4.834,100
2020-10-22 09:44:49.570,4.834,100
2020-10-22 09:44:49.570,4.834,100
2020-10-22 09:44:49.570,4.834,100
2020-10-22 09:44:49.570,4.834,100
2020-10-22 09:44:49.660,4.834,100
2020-10-22 09:44:49.660,4.834,100
2020-10-22 09:44:49.660,4.834,100
2020-10-22 09:44:49.660,4.834,100
2020-10-22 09:44:49.660,4.834,100
2020-10-22 09:44:49.660,4.834,100
2020-10-22 09:44:49.660,4.834,100
2020-10-22 09:44:49.660,4.834,100
2020-10-22 09:44:49.690,4.834,100
2020-10-22 09:44:49.690,4.834,100
2020-10-22 09:44:49.690,4.834,100
2020-10-22 09:44:49.720,4.834,100
2020-10-22 09:44:49.720,4.834,100
2020-10-22 09:44:49.720,4.834,100
2020-10-22 09:44:49.720,4.834,100
2020-10-22 09:44:49.870,4.834,100
2020-10-22 09:44:49.990,4.834,100
2020-10-22 09:44:49.990,4.834,100
2020-10-22 09:44:49.990,4.834,100
2020-10-22 09:44:49.990,4.834,100
2020-10-22 09:44:49.990,4.834,100
2020-10-22 09:44:49.990,4.834,100
2020-10-22 09:44:49.990,4.834,100
2020-10-22 09:44:49.990,4.834,100
2020-10-22 09:44:49.990,4.834,100
2020-10-22 09:44:49.990,4.834,100
2020-10-22 09:44:50.020,4.834,100
2020-10-22 09:44:50.020,4.834,100
2020-10-22 09:44:50.020,4.834,100
2020-10-22 09:44:50.020,4.834,100
2020-10-22 09:44:50.020,4.834,100
2020-10-22 09:44:50.020,4.834,100
2020-10-22 09:44:50.020,4.834,100
2020-10-22 09:44:50.020,4.834,100
2020-10-22 09:44:50.020,4.834,100
2020-10-22 09:44:50.020,4.834,100
2020-10-22 09:44:50.020,4.834,100
2020-10-22 09:44:50.020,4.834,100
2020-10-22 09:44:50.020,4.834,100
2020-10-22 09:44:50.020,4.834,100
2020-10-22 09:44:50.020,4.834,100
2020-10-22 09:44:50.020,4.834,100
2020-10-22 09:44:50.020,4.834,100
2020-10-22 09:44:50.020,4.834,100
2020-10-22 09:44:50.020,4.834,100
2020-10-22 09:44:50.020,4.834,100
2020-10-22 09:44:50.050,4.834,100
2020-10-22 09:44:50.050,4.834,100
2020-10-22 09:44:50.050,4.834,100
2020-10-22 09:44:50.050,4.834,100
2020-10-22 09:44:50.050,4.834,100
2020-10-22 09:44:50.050,4.834,100
2020-10-22 09:44:50.050,4.834,100
2020-10-22 09:44:50.050,4.834,100
2020-10-22 09:44:50.050,4.834,100
2020-10-22 09:44:50.050,4.834,100
2020-10-22 09:44:50.050,4.834,100
2020-10-22 09:44:50.050,4.834,100
2020-10-22 09:44:50.050,4.834,100
2020-10-22 09:44:50.050,4.834,100
2020-10-22 09:44:50.050,4.834,100
2020-10-22 09:44:50.080,4.835,5300
2020-10-22 09:44:50.720,4.835,3800
2020-10-22 09:44:50.720,4.835,6200
2020-10-22 09:44:51.090,4.834,100
2020-10-22 09:44:51.850,4.835,293800
2020-10-22 09:44:51.850,4.835,500
2020-10-22 09:44:53.080,4.835,100
2020-10-22 09:44:53.080,4.835,100
2020-10-22 09:44:53.080,4.835,100
2020-10-22 09:44:53.080,4.835,100
2020-10-22 09:44:53.080,4.835,100
2020-10-22 09:44:53.140,4.835,100
2020-10-22 09:44:53.140,4.835,100
2020-10-22 09:44:53.140,4.835,100
2020-10-22 09:44:53.140,4.835,100
2020-10-22 09:44:53.140,4.835,100
2020-10-22 09:44:53.140,4.835,100
2020-10-22 09:44:53.140,4.835,100
2020-10-22 09:44:53.140,4.835,100
2020-10-22 09:44:53.200,4.835,100
2020-10-22 09:44:53.200,4.835,100
2020-10-22 09:44:53.200,4.835,100
2020-10-22 09:44:53.200,4.835,100
2020-10-22 09:44:53.270,4.835,100
2020-10-22 09:44:53.270,4.835,100
2020-10-22 09:44:53.270,4.835,100
2020-10-22 09:44:53.270,4.835,100
2020-10-22 09:44:53.270,4.835,100
2020-10-22 09:44:53.270,4.835,100
2020-10-22 09:44:53.320,4.835,100
2020-10-22 09:44:53.350,4.835,100
2020-10-22 09:44:53.350,4.835,100
2020-10-22 09:44:53.350,4.835,100
2020-10-22 09:44:53.350,4.835,100
2020-10-22 09:44:53.400,4.835,100
2020-10-22 09:44:53.400,4.835,100
2020-10-22 09:44:53.400,4.835,100
2020-10-22 09:44:53.400,4.835,100
2020-10-22 09:44:53.400,4.835,100
2020-10-22 09:44:53.460,4.835,100
2020-10-22 09:44:53.460,4.835,100
2020-10-22 09:44:53.460,4.835,100
2020-10-22 09:44:53.490,4.835,100
2020-10-22 09:44:53.490,4.835,100
2020-10-22 09:44:53.490,4.835,100
2020-10-22 09:44:53.490,4.835,100
2020-10-22 09:44:53.490,4.835,100
2020-10-22 09:44:53.550,4.835,100
2020-10-22 09:44:53.550,4.835,100
2020-10-22 09:44:53.550,4.835,100
2020-10-22 09:44:53.550,4.835,100
2020-10-22 09:44:53.550,4.835,100
2020-10-22 09:44:53.550,4.835,100
2020-10-22 09:44:53.550,4.835,100
2020-10-22 09:44:53.550,4.835,100
2020-10-22 09:44:53.550,4.835,100
2020-10-22 09:44:53.550,4.835,100
2020-10-22 09:44:53.550,4.835,100
2020-10-22 09:44:53.550,4.835,100
2020-10-22 09:44:53.550,4.835,100
2020-10-22 09:44:53.550,4.835,100
2020-10-22 09:44:53.550,4.835,100
2020-10-22 09:44:53.550,4.835,100
2020-10-22 09:44:53.550,4.835,100
2020-10-22 09:44:53.550,4.835,100
2020-10-22 09:44:53.550,4.835,100
2020-10-22 09:44:53.550,4.835,100
2020-10-22 09:44:53.550,4.835,100
2020-10-22 09:44:53.550,4.835,100
2020-10-22 09:44:53.550,4.835,100
2020-10-22 09:44:53.550,4.835,100
2020-10-22 09:44:53.610,4.835,100
2020-10-22 09:44:53.610,4.835,100
2020-10-22 09:44:53.660,4.835,100
2020-10-22 09:44:53.660,4.835,100
2020-10-22 09:44:53.660,4.835,100
2020-10-22 09:44:53.660,4.835,100
2020-10-22 09:44:53.660,4.835,100
2020-10-22 09:44:53.700,4.835,100
2020-10-22 09:44:53.700,4.835,100
2020-10-22 09:44:53.700,4.835,100
2020-10-22 09:44:53.700,4.835,100
2020-10-22 09:44:53.700,4.835,100
2020-10-22 09:44:53.700,4.835,100
2020-10-22 09:44:53.700,4.835,100
2020-10-22 09:44:53.700,4.835,100
2020-10-22 09:44:53.750,4.835,100
2020-10-22 09:44:53.750,4.835,100
2020-10-22 09:44:53.750,4.835,100
