Datetime,Price,Volume
2020-09-30 09:25:00.690,3.31,100
2020-09-30 09:25:00.690,3.31,100
2020-09-30 09:25:00.690,3.31,300
2020-09-30 09:25:00.690,3.31,1900
2020-09-30 09:25:00.690,3.31,100
2020-09-30 09:25:00.690,3.31,15000
2020-09-30 09:25:00.690,3.31,5200
2020-09-30 09:25:00.690,3.31,27500
2020-09-30 09:25:00.690,3.31,5600
2020-09-30 09:25:00.690,3.31,14500
2020-09-30 09:25:00.690,3.31,40100
2020-09-30 09:25:00.690,3.31,300
2020-09-30 09:25:00.690,3.31,400
2020-09-30 09:25:00.690,3.31,3600
2020-09-30 09:25:00.690,3.31,10000
2020-09-30 09:25:00.690,3.31,1000
2020-09-30 09:25:00.690,3.31,1100
2020-09-30 09:25:00.690,3.31,100
2020-09-30 09:25:00.690,3.31,600
2020-09-30 09:25:00.690,3.31,2500
2020-09-30 09:25:00.690,3.31,2000
2020-09-30 09:25:00.690,3.31,1400
2020-09-30 09:25:00.690,3.31,1400
2020-09-30 09:25:00.690,3.31,400
2020-09-30 09:25:00.690,3.31,24400
2020-09-30 09:25:00.690,3.31,400
2020-09-30 09:25:00.690,3.31,100
2020-09-30 09:25:00.690,3.31,3300
2020-09-30 09:25:00.690,3.31,15068
2020-09-30 09:25:00.690,3.31,6000
2020-09-30 09:25:00.690,3.31,17932
2020-09-30 09:25:00.690,3.31,5600
2020-09-30 09:25:00.690,3.31,4000
2020-09-30 09:25:00.690,3.31,5400
2020-09-30 09:25:00.690,3.31,10000
2020-09-30 09:25:00.690,3.31,19068
2020-09-30 09:25:00.690,3.31,30000
2020-09-30 09:25:00.690,3.31,1000
2020-09-30 09:25:00.690,3.31,200
2020-09-30 09:25:00.690,3.31,1000
2020-09-30 09:25:00.690,3.31,1000
2020-09-30 09:25:00.690,3.31,100
2020-09-30 09:25:00.690,3.31,24000
2020-09-30 09:25:00.690,3.31,1000
2020-09-30 09:25:00.690,3.31,100
2020-09-30 09:25:00.690,3.31,10000
2020-09-30 09:25:00.690,3.31,1000
2020-09-30 09:25:00.690,3.31,1200
2020-09-30 09:25:00.690,3.31,100
2020-09-30 09:25:00.690,3.31,10000
2020-09-30 09:25:00.690,3.31,60232
2020-09-30 09:25:00.690,3.31,39768
2020-09-30 09:25:00.690,3.31,2700
2020-09-30 09:25:00.690,3.31,2700
2020-09-30 09:25:00.690,3.31,100
2020-09-30 09:25:00.690,3.31,100
2020-09-30 09:25:00.690,3.31,1000
2020-09-30 09:25:00.690,3.31,100
2020-09-30 09:25:00.690,3.31,2000
2020-09-30 09:25:00.690,3.31,10000
2020-09-30 09:25:00.690,3.31,100
2020-09-30 09:25:00.690,3.31,200
2020-09-30 09:25:00.690,3.31,100
2020-09-30 09:25:00.690,3.31,100
2020-09-30 09:25:00.690,3.31,1000
2020-09-30 09:25:00.690,3.31,10000
2020-09-30 09:25:00.690,3.31,10032
2020-09-30 09:25:00.690,3.31,89968
2020-09-30 09:25:00.690,3.31,1032
2020-09-30 09:25:00.690,3.31,100
2020-09-30 09:25:00.690,3.31,3868
2020-09-30 09:25:00.690,3.31,4000
2020-09-30 09:25:00.690,3.31,100
2020-09-30 09:25:00.690,3.31,1000
2020-09-30 09:25:00.690,3.31,16000
2020-09-30 09:25:00.690,3.31,11900
2020-09-30 09:25:00.690,3.31,10000
2020-09-30 09:25:00.690,3.31,100
2020-09-30 09:25:00.690,3.31,10000
2020-09-30 09:25:00.690,3.31,1000
2020-09-30 09:25:00.690,3.31,100
2020-09-30 09:25:00.690,3.31,10000
2020-09-30 09:25:00.690,3.31,2000
2020-09-30 09:25:00.690,3.31,300
2020-09-30 09:25:00.690,3.31,100
2020-09-30 09:25:00.690,3.31,2000
2020-09-30 09:25:00.690,3.31,19032
2020-09-30 09:25:00.690,3.31,100
2020-09-30 09:25:00.690,3.31,868
2020-09-30 09:25:00.690,3.31,100
2020-09-30 09:25:00.690,3.31,1000
2020-09-30 09:25:00.690,3.31,2500
2020-09-30 09:25:00.690,3.31,10000
2020-09-30 09:25:00.690,3.31,10000
2020-09-30 09:25:00.690,3.31,3200
2020-09-30 09:25:00.690,3.31,10000
2020-09-30 09:25:00.690,3.31,47932
2020-09-30 09:25:00.690,3.31,2068
2020-09-30 09:25:00.690,3.31,100
2020-09-30 09:25:00.690,3.31,100
2020-09-30 09:25:00.690,3.31,200
2020-09-30 09:25:00.690,3.31,100
2020-09-30 09:25:00.690,3.31,1000
2020-09-30 09:25:00.690,3.31,1000
2020-09-30 09:25:00.690,3.31,1800
2020-09-30 09:25:00.690,3.31,4932
2020-09-30 09:25:00.690,3.31,5068
2020-09-30 09:25:00.690,3.31,2000
2020-09-30 09:25:00.690,3.31,10200
2020-09-30 09:25:00.690,3.31,100
2020-09-30 09:25:00.690,3.31,100
2020-09-30 09:25:00.690,3.31,100
2020-09-30 09:25:00.690,3.31,1000
2020-09-30 09:25:00.690,3.31,1900
2020-09-30 09:25:00.690,3.31,10000
2020-09-30 09:25:00.690,3.31,100
2020-09-30 09:25:00.690,3.31,10000
2020-09-30 09:25:00.690,3.31,2000
2020-09-30 09:25:00.690,3.31,125000
2020-09-30 09:25:00.690,3.31,100
2020-09-30 09:25:00.690,3.31,100
2020-09-30 09:25:00.690,3.31,1000
2020-09-30 09:25:00.690,3.31,1900
2020-09-30 09:25:00.690,3.31,5000
2020-09-30 09:25:00.690,3.31,10200
2020-09-30 09:25:00.690,3.31,10000
2020-09-30 09:25:00.690,3.31,2000
2020-09-30 09:25:00.690,3.31,100
2020-09-30 09:25:00.690,3.31,100000
2020-09-30 09:25:00.690,3.31,100
2020-09-30 09:25:00.690,3.31,100
2020-09-30 09:25:00.690,3.31,10000
2020-09-30 09:25:00.690,3.31,1000
2020-09-30 09:25:00.690,3.31,1900
2020-09-30 09:25:00.690,3.31,8000
2020-09-30 09:25:00.690,3.31,1000
2020-09-30 09:25:00.690,3.31,5000
2020-09-30 09:25:00.690,3.31,1000
2020-09-30 09:25:00.690,3.31,100
2020-09-30 09:25:00.690,3.31,3000
2020-09-30 09:25:00.690,3.31,2000
2020-09-30 09:25:00.690,3.31,11800
2020-09-30 09:25:00.690,3.31,600
2020-09-30 09:25:00.690,3.31,200
2020-09-30 09:25:00.690,3.31,100
2020-09-30 09:25:00.690,3.31,10000
2020-09-30 09:25:00.690,3.31,900
2020-09-30 09:25:00.690,3.31,300
2020-09-30 09:25:00.690,3.31,1000
2020-09-30 09:25:00.690,3.31,1000
2020-09-30 09:25:00.690,3.31,2500
2020-09-30 09:25:00.690,3.31,100
2020-09-30 09:25:00.690,3.31,15000
2020-09-30 09:25:00.690,3.31,1000
2020-09-30 09:25:00.690,3.31,500
2020-09-30 09:25:00.690,3.31,100
2020-09-30 09:25:00.690,3.31,30000
2020-09-30 09:25:00.690,3.31,14800
2020-09-30 09:25:00.690,3.31,8000
2020-09-30 09:25:00.690,3.31,3000
2020-09-30 09:25:00.690,3.31,500
2020-09-30 09:25:00.690,3.31,10000
2020-09-30 09:25:00.690,3.31,1000
2020-09-30 09:25:00.690,3.31,60500
2020-09-30 09:30:00.050,3.311,100
2020-09-30 09:30:00.050,3.311,100
2020-09-30 09:30:00.050,3.311,7900
2020-09-30 09:30:00.050,3.311,11200
2020-09-30 09:30:00.050,3.311,12200
2020-09-30 09:30:00.050,3.311,13500
2020-09-30 09:30:00.050,3.311,3900
2020-09-30 09:30:00.050,3.311,100
2020-09-30 09:30:00.050,3.311,1000
2020-09-30 09:30:00.050,3.311,14900
2020-09-30 09:30:00.050,3.311,8000
2020-09-30 09:30:00.050,3.311,5000
2020-09-30 09:30:00.050,3.311,22100
2020-09-30 09:30:00.140,3.311,38400
2020-09-30 09:30:00.140,3.312,100
2020-09-30 09:30:00.140,3.312,100
2020-09-30 09:30:00.140,3.312,10000
2020-09-30 09:30:00.140,3.312,1000
2020-09-30 09:30:00.140,3.312,35500
2020-09-30 09:30:00.140,3.312,14900
2020-09-30 09:30:00.280,3.31,22700
2020-09-30 09:30:00.360,3.31,20000
2020-09-30 09:30:00.360,3.31,30000
2020-09-30 09:30:00.360,3.31,50000
2020-09-30 09:30:00.360,3.311,7000
2020-09-30 09:30:00.430,3.31,50000
2020-09-30 09:30:00.480,3.31,80000
2020-09-30 09:30:00.480,3.31,3000
2020-09-30 09:30:00.520,3.31,1800
2020-09-30 09:30:00.520,3.31,100000
2020-09-30 09:30:00.520,3.31,200
2020-09-30 09:30:00.550,3.311,7000
2020-09-30 09:30:00.590,3.31,5000
2020-09-30 09:30:00.590,3.31,3300
2020-09-30 09:30:00.720,3.31,2900
2020-09-30 09:30:00.750,3.31,5000
2020-09-30 09:30:00.840,3.311,3000
2020-09-30 09:30:00.840,3.31,500
2020-09-30 09:30:00.900,3.31,21532
2020-09-30 09:30:00.900,3.31,38468
2020-09-30 09:30:00.950,3.31,10000
2020-09-30 09:30:00.950,3.31,1532
2020-09-30 09:30:00.950,3.31,7468
2020-09-30 09:30:00.990,3.31,100000
2020-09-30 09:30:01.030,3.311,15200
2020-09-30 09:30:01.030,3.31,4132
2020-09-30 09:30:01.030,3.31,100
2020-09-30 09:30:01.030,3.31,5768
2020-09-30 09:30:01.110,3.311,100
2020-09-30 09:30:01.110,3.31,14232
2020-09-30 09:30:01.150,3.308,6000
2020-09-30 09:30:01.150,3.308,4000
2020-09-30 09:30:01.230,3.308,1000
2020-09-30 09:30:01.270,3.308,4000
2020-09-30 09:30:01.370,3.31,400
2020-09-30 09:30:01.600,3.31,1300
2020-09-30 09:30:01.700,3.31,200
2020-09-30 09:30:01.890,3.31,368
2020-09-30 09:30:01.890,3.31,8000
2020-09-30 09:30:01.890,3.31,1000
2020-09-30 09:30:01.890,3.31,3000
2020-09-30 09:30:01.890,3.31,2632
2020-09-30 09:30:01.890,3.31,368
2020-09-30 09:30:01.890,3.31,132
2020-09-30 09:30:01.930,3.31,1868
2020-09-30 09:30:01.930,3.31,6532
2020-09-30 09:30:01.930,3.308,10000
2020-09-30 09:30:02.030,3.308,15000
2020-09-30 09:30:02.030,3.308,1500
2020-09-30 09:30:02.200,3.309,30000
2020-09-30 09:30:02.200,3.31,8468
2020-09-30 09:30:02.200,3.31,600
2020-09-30 09:30:02.200,3.31,200000
2020-09-30 09:30:02.200,3.31,3000
2020-09-30 09:30:02.200,3.31,200
2020-09-30 09:30:02.200,3.31,15500
2020-09-30 09:30:02.200,3.31,3100
2020-09-30 09:30:02.200,3.31,48000
2020-09-30 09:30:02.200,3.31,100
2020-09-30 09:30:02.200,3.31,5000
2020-09-30 09:30:02.200,3.31,5000
2020-09-30 09:30:02.200,3.31,30000
2020-09-30 09:30:02.200,3.31,108000
2020-09-30 09:30:02.200,3.31,6500
2020-09-30 09:30:02.200,3.31,3000
2020-09-30 09:30:02.200,3.31,2532
2020-09-30 09:30:02.200,3.308,1500
2020-09-30 09:30:02.250,3.308,2500
2020-09-30 09:30:02.290,3.308,53900
2020-09-30 09:30:02.410,3.309,200
2020-09-30 09:30:02.570,3.308,1000
2020-09-30 09:30:02.570,3.308,3000
2020-09-30 09:30:02.680,3.309,800
2020-09-30 09:30:02.680,3.309,20000
2020-09-30 09:30:02.680,3.31,7468
2020-09-30 09:30:02.680,3.31,5000
2020-09-30 09:30:02.680,3.31,6000
2020-09-30 09:30:02.680,3.31,12000
2020-09-30 09:30:02.680,3.31,20000
2020-09-30 09:30:02.680,3.31,100000
2020-09-30 09:30:02.680,3.31,300
2020-09-30 09:30:02.680,3.31,7000
2020-09-30 09:30:02.680,3.31,200
2020-09-30 09:30:02.680,3.31,1000
2020-09-30 09:30:02.680,3.31,300
2020-09-30 09:30:02.680,3.31,100
2020-09-30 09:30:02.680,3.31,5400
2020-09-30 09:30:02.680,3.31,7400
2020-09-30 09:30:02.680,3.31,2900
2020-09-30 09:30:02.680,3.31,4600
2020-09-30 09:30:02.680,3.31,5000
2020-09-30 09:30:02.680,3.311,44532
2020-09-30 09:30:02.680,3.311,7500
2020-09-30 09:30:02.960,3.31,200
2020-09-30 09:30:03.010,3.31,6400
2020-09-30 09:30:03.070,3.31,3400
2020-09-30 09:30:03.070,3.31,20000
2020-09-30 09:30:03.070,3.31,1500
2020-09-30 09:30:03.070,3.31,5100
2020-09-30 09:30:03.110,3.308,2300
2020-09-30 09:30:03.350,3.31,300
2020-09-30 09:30:03.760,3.307,100
2020-09-30 09:30:03.870,3.309,500
2020-09-30 09:30:03.940,3.307,6000
2020-09-30 09:30:04.020,3.309,9500
2020-09-30 09:30:04.020,3.309,1000
2020-09-30 09:30:04.020,3.31,4500
2020-09-30 09:30:04.020,3.31,3000
2020-09-30 09:30:04.170,3.31,2900
2020-09-30 09:30:04.170,3.31,3600
2020-09-30 09:30:04.170,3.306,1000
2020-09-30 09:30:04.170,3.306,8000
2020-09-30 09:30:04.170,3.306,13500
2020-09-30 09:30:04.360,3.31,2400
2020-09-30 09:30:04.360,3.31,500
2020-09-30 09:30:04.360,3.31,500
2020-09-30 09:30:04.360,3.31,5000
2020-09-30 09:30:04.360,3.31,300
2020-09-30 09:30:04.360,3.31,800
2020-09-30 09:30:04.360,3.31,500
2020-09-30 09:30:04.590,3.31,100
2020-09-30 09:30:04.650,3.31,400
2020-09-30 09:30:04.650,3.31,2300
2020-09-30 09:30:04.920,3.31,300
2020-09-30 09:30:05.040,3.31,5000
2020-09-30 09:30:05.040,3.31,300
2020-09-30 09:30:05.040,3.31,400
2020-09-30 09:30:05.090,3.31,5800
2020-09-30 09:30:05.280,3.31,5900
2020-09-30 09:30:05.280,3.31,3000
2020-09-30 09:30:05.280,3.31,200
2020-09-30 09:30:05.280,3.31,1000
2020-09-30 09:30:05.280,3.31,1000
2020-09-30 09:30:05.990,3.31,9000
2020-09-30 09:30:05.990,3.31,1000
2020-09-30 09:30:05.990,3.31,6100
2020-09-30 09:30:05.990,3.31,3900
2020-09-30 09:30:06.730,3.31,1600
2020-09-30 09:30:06.730,3.31,5000
2020-09-30 09:30:06.730,3.31,2400
2020-09-30 09:30:06.950,3.308,15000
2020-09-30 09:30:07.100,3.31,7600
2020-09-30 09:30:07.100,3.31,300
2020-09-30 09:30:07.100,3.31,142100
2020-09-30 09:30:07.130,3.31,1000
2020-09-30 09:30:07.440,3.308,25000
2020-09-30 09:30:08.130,3.308,5000
2020-09-30 09:30:09.050,3.309,800
2020-09-30 09:30:09.050,3.31,400
2020-09-30 09:30:09.340,3.31,300
2020-09-30 09:30:09.830,3.308,15000
2020-09-30 09:30:09.830,3.308,35000
2020-09-30 09:30:10.240,3.31,1000
2020-09-30 09:30:11.390,3.309,40000
2020-09-30 09:30:11.420,3.309,600
2020-09-30 09:30:11.590,3.309,9400
2020-09-30 09:30:12.180,3.309,10600
2020-09-30 09:30:12.180,3.308,10300
2020-09-30 09:30:12.690,3.308,30500
2020-09-30 09:30:13.950,3.309,10000
2020-09-30 09:30:13.950,3.309,3800
2020-09-30 09:30:13.950,3.31,286200
2020-09-30 09:30:14.330,3.309,200
2020-09-30 09:30:15.300,3.308,30000
2020-09-30 09:30:16.180,3.31,159100
2020-09-30 09:30:16.180,3.31,140900
2020-09-30 09:30:16.590,3.309,2000
2020-09-30 09:30:16.940,3.309,300
2020-09-30 09:30:16.940,3.309,1000
2020-09-30 09:30:17.490,3.309,10000
2020-09-30 09:30:18.030,3.31,300000
2020-09-30 09:30:19.230,3.309,4000
2020-09-30 09:30:19.620,3.31,40000
2020-09-30 09:30:19.780,3.31,2000
2020-09-30 09:30:19.960,3.309,22700
2020-09-30 09:30:19.960,3.309,7300
2020-09-30 09:30:20.030,3.31,107300
2020-09-30 09:30:20.030,3.31,6100
2020-09-30 09:30:20.030,3.31,13500
2020-09-30 09:30:20.030,3.31,200
2020-09-30 09:30:20.030,3.31,1400
2020-09-30 09:30:20.030,3.31,500
2020-09-30 09:30:20.030,3.31,1000
2020-09-30 09:30:20.030,3.31,10000
2020-09-30 09:30:20.030,3.31,1500
2020-09-30 09:30:20.030,3.31,100
2020-09-30 09:30:20.030,3.31,9200
2020-09-30 09:30:20.030,3.31,149200
2020-09-30 09:30:20.060,3.309,6200
2020-09-30 09:30:20.130,3.309,3000
2020-09-30 09:30:22.080,3.31,20000
2020-09-30 09:30:22.210,3.31,10000
2020-09-30 09:30:22.210,3.31,3500
2020-09-30 09:30:22.210,3.31,5000
2020-09-30 09:30:22.210,3.31,20000
2020-09-30 09:30:22.210,3.31,1700
2020-09-30 09:30:22.210,3.31,200
2020-09-30 09:30:22.210,3.31,20000
2020-09-30 09:30:22.210,3.31,9400
2020-09-30 09:30:22.210,3.31,25000
2020-09-30 09:30:22.210,3.31,30000
2020-09-30 09:30:22.210,3.31,8800
2020-09-30 09:30:22.210,3.31,3000
2020-09-30 09:30:22.210,3.31,1000
2020-09-30 09:30:22.210,3.31,15200
2020-09-30 09:30:22.210,3.31,60200
2020-09-30 09:30:22.210,3.31,100
2020-09-30 09:30:22.210,3.31,1000
2020-09-30 09:30:22.210,3.31,200
2020-09-30 09:30:22.210,3.311,23468
2020-09-30 09:30:22.210,3.311,62232
2020-09-30 09:30:22.620,3.31,700
2020-09-30 09:30:23.230,3.31,5000
2020-09-30 09:30:24.250,3.31,10000
2020-09-30 09:30:25.930,3.31,2200
2020-09-30 09:30:27.100,3.31,2000
2020-09-30 09:30:27.330,3.311,6000
2020-09-30 09:30:27.890,3.31,6900
2020-09-30 09:30:27.890,3.31,500
2020-09-30 09:30:28.020,3.309,2000
2020-09-30 09:30:29.220,3.309,1500
2020-09-30 09:30:29.220,3.309,8500
2020-09-30 09:30:29.310,3.31,7000
2020-09-30 09:30:32.570,3.309,16000
2020-09-30 09:30:33.420,3.309,15000
2020-09-30 09:30:33.580,3.309,500
2020-09-30 09:30:33.580,3.308,2500
2020-09-30 09:30:37.140,3.31,500
2020-09-30 09:30:37.510,3.31,2000
2020-09-30 09:30:37.960,3.309,10500
2020-09-30 09:30:38.330,3.309,3100
2020-09-30 09:30:38.510,3.309,26400
2020-09-30 09:30:39.790,3.308,4000
2020-09-30 09:30:40.320,3.308,23900
2020-09-30 09:30:41.350,3.308,400
2020-09-30 09:30:41.880,3.309,3600
2020-09-30 09:30:41.880,3.309,24100
2020-09-30 09:30:44.670,3.309,10000
2020-09-30 09:30:46.650,3.308,5100
2020-09-30 09:30:48.770,3.308,8900
2020-09-30 09:30:49.470,3.308,5800
2020-09-30 09:30:49.560,3.308,15000
2020-09-30 09:30:49.990,3.308,113900
2020-09-30 09:30:50.580,3.309,40000
2020-09-30 09:30:52.030,3.308,200
2020-09-30 09:30:52.330,3.308,14500
2020-09-30 09:30:52.330,3.308,500
2020-09-30 09:30:52.330,3.308,1000
2020-09-30 09:30:52.330,3.308,10000
2020-09-30 09:30:52.330,3.308,20000
2020-09-30 09:30:52.330,3.308,24000
2020-09-30 09:30:52.830,3.308,900
2020-09-30 09:30:52.830,3.309,1900
2020-09-30 09:30:53.100,3.309,100
2020-09-30 09:30:53.210,3.308,30000
2020-09-30 09:30:53.210,3.309,23900
2020-09-30 09:30:53.210,3.309,100
2020-09-30 09:30:53.210,3.309,13000
2020-09-30 09:30:53.210,3.309,2000
2020-09-30 09:30:53.210,3.309,5000
2020-09-30 09:30:53.210,3.309,100
2020-09-30 09:30:53.210,3.309,1000
2020-09-30 09:30:53.210,3.309,30000
2020-09-30 09:30:53.210,3.309,3200
2020-09-30 09:30:53.210,3.309,9200
2020-09-30 09:30:53.210,3.309,25000
2020-09-30 09:30:53.210,3.309,5000
2020-09-30 09:30:53.210,3.309,700
2020-09-30 09:30:53.210,3.309,2000
2020-09-30 09:30:53.210,3.309,50000
2020-09-30 09:30:53.210,3.309,30000
2020-09-30 09:30:53.210,3.309,2300
2020-09-30 09:30:53.210,3.309,10000
2020-09-30 09:30:53.210,3.309,50000
2020-09-30 09:30:53.210,3.309,500
2020-09-30 09:30:53.210,3.309,2200
2020-09-30 09:30:53.210,3.309,4000
2020-09-30 09:30:53.210,3.309,4400
2020-09-30 09:30:53.210,3.309,6800
2020-09-30 09:30:53.210,3.309,1500
2020-09-30 09:30:53.210,3.309,18100
2020-09-30 09:30:53.600,3.309,20000
2020-09-30 09:30:53.690,3.309,16900
2020-09-30 09:30:53.850,3.309,10000
2020-09-30 09:30:54.070,3.309,6000
2020-09-30 09:30:54.680,3.309,20000
2020-09-30 09:30:54.930,3.309,1500
2020-09-30 09:30:55.100,3.31,3000
2020-09-30 09:30:55.100,3.31,30000
2020-09-30 09:30:55.100,3.31,15000
2020-09-30 09:30:55.100,3.31,100
2020-09-30 09:30:55.100,3.31,251900
2020-09-30 09:30:56.230,3.309,10000
2020-09-30 09:30:57.120,3.31,40000
2020-09-30 09:30:57.530,3.309,1700
2020-09-30 09:30:58.970,3.309,9000
2020-09-30 09:30:59.320,3.309,10000
2020-09-30 09:31:01.120,3.309,1000
2020-09-30 09:31:01.640,3.309,30500
2020-09-30 09:31:02.130,3.309,9400
2020-09-30 09:31:02.310,3.31,15000
2020-09-30 09:31:03.240,3.309,174000
2020-09-30 09:31:03.240,3.309,300000
2020-09-30 09:31:03.240,3.309,40000
2020-09-30 09:31:03.240,3.309,20000
2020-09-30 09:31:04.550,3.309,60500
2020-09-30 09:31:04.650,3.309,20000
2020-09-30 09:31:04.680,3.309,77900
2020-09-30 09:31:04.780,3.309,207600
2020-09-30 09:31:04.780,3.309,37300
2020-09-30 09:31:04.780,3.309,1000
2020-09-30 09:31:04.780,3.309,3900
2020-09-30 09:31:05.160,3.31,21700
2020-09-30 09:31:05.160,3.309,4000
2020-09-30 09:31:05.710,3.309,46200
2020-09-30 09:31:06.020,3.309,40000
2020-09-30 09:31:06.080,3.309,40000
2020-09-30 09:31:06.110,3.309,273800
2020-09-30 09:31:06.110,3.31,300000
2020-09-30 09:31:06.110,3.309,7000
2020-09-30 09:31:06.780,3.309,7800
2020-09-30 09:31:07.670,3.309,11400
2020-09-30 09:31:08.080,3.309,18600
2020-09-30 09:31:08.190,3.309,1400
2020-09-30 09:31:08.610,3.309,40000
2020-09-30 09:31:09.200,3.309,5500
2020-09-30 09:31:09.370,3.308,200
2020-09-30 09:31:09.830,3.308,6700
2020-09-30 09:31:10.770,3.309,23100
2020-09-30 09:31:10.770,3.309,10600
2020-09-30 09:31:10.770,3.309,6000
2020-09-30 09:31:10.770,3.309,1000
2020-09-30 09:31:10.890,3.309,3200
2020-09-30 09:31:11.010,3.309,30000
2020-09-30 09:31:11.440,3.31,300000
2020-09-30 09:31:11.440,3.309,3100
2020-09-30 09:31:11.820,3.309,30000
2020-09-30 09:31:11.950,3.309,1500
2020-09-30 09:31:13.080,3.31,500
2020-09-30 09:31:13.200,3.31,20000
2020-09-30 09:31:14.680,3.309,50800
2020-09-30 09:31:15.010,3.309,100
2020-09-30 09:31:15.160,3.31,50900
2020-09-30 09:31:15.160,3.31,18200
2020-09-30 09:31:15.160,3.31,156000
2020-09-30 09:31:15.160,3.31,6500
2020-09-30 09:31:15.160,3.31,15000
2020-09-30 09:31:15.160,3.31,50000
2020-09-30 09:31:15.160,3.31,1500
2020-09-30 09:31:15.160,3.31,500
2020-09-30 09:31:15.160,3.31,1400
2020-09-30 09:31:15.290,3.309,22000
2020-09-30 09:31:16.440,3.309,10000
2020-09-30 09:31:17.310,3.309,2700
2020-09-30 09:31:17.690,3.309,30000
2020-09-30 09:31:18.440,3.31,100
2020-09-30 09:31:18.690,3.309,6000
2020-09-30 09:31:19.100,3.309,100
2020-09-30 09:31:19.250,3.309,15000
2020-09-30 09:31:19.520,3.31,2400
2020-09-30 09:31:19.680,3.309,33700
2020-09-30 09:31:23.120,3.309,3000
2020-09-30 09:31:23.180,3.309,900
2020-09-30 09:31:23.180,3.309,8700
2020-09-30 09:31:23.180,3.309,6100
2020-09-30 09:31:23.490,3.309,100
2020-09-30 09:31:23.560,3.309,10000
2020-09-30 09:31:23.650,3.309,23800
2020-09-30 09:31:23.650,3.309,7500
2020-09-30 09:31:23.650,3.309,700
2020-09-30 09:31:24.790,3.309,14600
2020-09-30 09:31:26.600,3.309,40000
2020-09-30 09:31:29.510,3.308,600000
2020-09-30 09:31:29.510,3.308,500
2020-09-30 09:31:30.100,3.308,212900
2020-09-30 09:31:30.100,3.308,87100
2020-09-30 09:31:33.410,3.308,212900
2020-09-30 09:31:33.410,3.308,9000
2020-09-30 09:31:33.410,3.308,200
2020-09-30 09:31:33.410,3.308,8000
2020-09-30 09:31:33.410,3.309,200
2020-09-30 09:31:33.410,3.309,4200
2020-09-30 09:31:33.410,3.309,30000
2020-09-30 09:31:33.410,3.309,20000
2020-09-30 09:31:33.410,3.309,8000
2020-09-30 09:31:33.410,3.309,7500
2020-09-30 09:31:34.510,3.308,30000
2020-09-30 09:31:34.510,3.309,7500
2020-09-30 09:31:34.510,3.309,300
2020-09-30 09:31:34.510,3.309,5000
2020-09-30 09:31:34.510,3.309,16300
2020-09-30 09:31:34.510,3.309,1000
2020-09-30 09:31:34.510,3.309,4000
2020-09-30 09:31:34.510,3.309,100000
2020-09-30 09:31:34.510,3.309,19700
2020-09-30 09:31:34.510,3.309,100
2020-09-30 09:31:34.510,3.309,2000
2020-09-30 09:31:34.510,3.309,114100
2020-09-30 09:31:36.580,3.308,1000
2020-09-30 09:31:36.580,3.308,20000
2020-09-30 09:31:37.200,3.308,6000
2020-09-30 09:31:37.390,3.308,9000
2020-09-30 09:31:38.310,3.308,100
2020-09-30 09:31:39.010,3.308,10000
2020-09-30 09:31:39.490,3.308,92900
2020-09-30 09:31:42.630,3.308,3500
2020-09-30 09:31:44.430,3.308,5000
2020-09-30 09:31:45.500,3.308,700
2020-09-30 09:31:46.520,3.308,800
2020-09-30 09:31:46.520,3.308,4200
2020-09-30 09:31:47.810,3.308,300
2020-09-30 09:31:47.980,3.308,1400
2020-09-30 09:31:47.980,3.308,9200
2020-09-30 09:31:47.980,3.308,1000
2020-09-30 09:31:47.980,3.308,18400
2020-09-30 09:31:48.640,3.308,1000
2020-09-30 09:31:54.080,3.307,20000
2020-09-30 09:31:54.080,3.307,400
2020-09-30 09:31:54.080,3.307,100
2020-09-30 09:31:54.080,3.307,6000
2020-09-30 09:31:54.080,3.307,1000
2020-09-30 09:31:56.180,3.307,272500
2020-09-30 09:31:56.180,3.308,27500
2020-09-30 09:31:57.660,3.307,5000
2020-09-30 09:31:57.780,3.307,200000
2020-09-30 09:31:58.580,3.308,253100
2020-09-30 09:31:58.580,3.308,46900
2020-09-30 09:31:59.120,3.307,95000
2020-09-30 09:31:59.120,3.307,20000
2020-09-30 09:32:02.000,3.307,2000
2020-09-30 09:32:04.290,3.306,5000
2020-09-30 09:32:04.290,3.306,9700
2020-09-30 09:32:04.290,3.306,1000
2020-09-30 09:32:04.290,3.306,100
2020-09-30 09:32:04.290,3.306,4200
2020-09-30 09:32:07.020,3.306,10800
2020-09-30 09:32:07.020,3.306,20000
2020-09-30 09:32:07.020,3.306,3700
2020-09-30 09:32:07.390,3.306,100
2020-09-30 09:32:08.180,3.306,265400
2020-09-30 09:32:08.180,3.306,10000
2020-09-30 09:32:08.180,3.307,24600
2020-09-30 09:32:09.210,3.306,500
2020-09-30 09:32:10.200,3.306,10000
2020-09-30 09:32:10.620,3.306,20000
2020-09-30 09:32:10.650,3.306,269500
2020-09-30 09:32:10.650,3.306,300
2020-09-30 09:32:10.650,3.306,10000
2020-09-30 09:32:10.800,3.306,8700
2020-09-30 09:32:11.290,3.306,1000
2020-09-30 09:32:11.510,3.306,10500
2020-09-30 09:32:11.510,3.306,11700
2020-09-30 09:32:11.690,3.306,400
2020-09-30 09:32:13.210,3.306,7800
2020-09-30 09:32:13.510,3.306,100
2020-09-30 09:32:13.510,3.306,400
2020-09-30 09:32:13.570,3.306,1000
2020-09-30 09:32:13.880,3.306,10000
2020-09-30 09:32:15.240,3.307,3100
2020-09-30 09:32:15.240,3.307,10000
2020-09-30 09:32:15.240,3.307,200000
2020-09-30 09:32:15.240,3.307,86900
2020-09-30 09:32:15.600,3.306,288600
2020-09-30 09:32:15.600,3.306,20000
2020-09-30 09:32:15.600,3.306,20000
2020-09-30 09:32:15.600,3.306,20000
2020-09-30 09:32:15.600,3.306,500
2020-09-30 09:32:16.120,3.306,20000
2020-09-30 09:32:16.440,3.305,36100
2020-09-30 09:32:16.440,3.305,2000
2020-09-30 09:32:16.440,3.305,100
2020-09-30 09:32:16.440,3.305,1000
2020-09-30 09:32:16.440,3.305,500
2020-09-30 09:32:16.440,3.305,100
2020-09-30 09:32:16.440,3.305,10000
2020-09-30 09:32:16.440,3.305,24100
2020-09-30 09:32:17.140,3.306,20000
2020-09-30 09:32:17.200,3.306,20000
2020-09-30 09:32:17.290,3.305,6500
2020-09-30 09:32:18.200,3.306,20000
2020-09-30 09:32:18.570,3.306,10000
2020-09-30 09:32:18.810,3.306,10000
2020-09-30 09:32:18.910,3.306,50900
2020-09-30 09:32:18.910,3.306,4000
2020-09-30 09:32:18.910,3.306,158400
2020-09-30 09:32:18.910,3.306,10000
2020-09-30 09:32:18.910,3.306,3900
2020-09-30 09:32:18.910,3.306,129600
2020-09-30 09:32:18.910,3.306,5500
2020-09-30 09:32:19.010,3.307,10000
2020-09-30 09:32:19.410,3.306,7300
2020-09-30 09:32:19.600,3.306,7000
2020-09-30 09:32:20.720,3.306,8300
2020-09-30 09:32:21.470,3.306,900
2020-09-30 09:32:21.640,3.306,15200
2020-09-30 09:32:22.530,3.306,130000
2020-09-30 09:32:22.530,3.306,20000
2020-09-30 09:32:22.530,3.306,50000
2020-09-30 09:32:24.690,3.307,40000
2020-09-30 09:32:25.060,3.306,1000
2020-09-30 09:32:25.490,3.306,20000
2020-09-30 09:32:26.160,3.307,20000
2020-09-30 09:32:26.930,3.307,143100
2020-09-30 09:32:26.930,3.307,3000
2020-09-30 09:32:26.930,3.307,30000
2020-09-30 09:32:26.930,3.307,1000
2020-09-30 09:32:26.930,3.307,19800
2020-09-30 09:32:26.930,3.307,9200
2020-09-30 09:32:26.930,3.307,2000
2020-09-30 09:32:26.930,3.307,8000
2020-09-30 09:32:26.930,3.307,30000
2020-09-30 09:32:26.930,3.307,5000
2020-09-30 09:32:26.930,3.307,10000
2020-09-30 09:32:26.930,3.307,1000
2020-09-30 09:32:26.930,3.307,5000
2020-09-30 09:32:26.930,3.307,15300
2020-09-30 09:32:26.930,3.307,9200
2020-09-30 09:32:27.040,3.307,5000
2020-09-30 09:32:27.620,3.308,40000
2020-09-30 09:32:27.650,3.307,30000
2020-09-30 09:32:27.800,3.307,1000
2020-09-30 09:32:29.070,3.307,7900
2020-09-30 09:32:29.100,3.307,1100
2020-09-30 09:32:29.100,3.307,8200
2020-09-30 09:32:29.100,3.307,10000
2020-09-30 09:32:29.100,3.307,300000
2020-09-30 09:32:29.100,3.307,20000
2020-09-30 09:32:29.100,3.306,529000
2020-09-30 09:32:29.100,3.306,30000
2020-09-30 09:32:29.100,3.306,1700
2020-09-30 09:32:29.460,3.306,100
2020-09-30 09:32:29.460,3.306,1700
2020-09-30 09:32:30.090,3.307,1000
2020-09-30 09:32:30.770,3.307,62700
2020-09-30 09:32:31.120,3.308,10000
2020-09-30 09:32:31.120,3.308,5000
2020-09-30 09:32:31.120,3.308,5000
2020-09-30 09:32:31.590,3.307,300
2020-09-30 09:32:32.420,3.307,3000
2020-09-30 09:32:32.660,3.308,25000
2020-09-30 09:32:32.660,3.308,10000
2020-09-30 09:32:32.660,3.308,500
2020-09-30 09:32:32.660,3.308,7300
2020-09-30 09:32:32.660,3.308,3000
2020-09-30 09:32:32.660,3.308,60300
2020-09-30 09:32:32.660,3.308,8200
2020-09-30 09:32:32.660,3.308,15700
2020-09-30 09:32:32.660,3.308,5000
2020-09-30 09:32:32.660,3.308,24900
2020-09-30 09:32:32.660,3.308,140100
2020-09-30 09:32:33.420,3.307,1500
2020-09-30 09:32:33.830,3.307,100
2020-09-30 09:32:33.890,3.308,159900
2020-09-30 09:32:33.890,3.308,4900
2020-09-30 09:32:33.890,3.308,300000
2020-09-30 09:32:33.890,3.308,3000
2020-09-30 09:32:35.800,3.308,132200
2020-09-30 09:32:35.800,3.308,40000
2020-09-30 09:32:35.800,3.308,127800
2020-09-30 09:32:37.750,3.308,100
2020-09-30 09:32:39.760,3.308,6000
2020-09-30 09:32:39.970,3.308,10000
2020-09-30 09:32:40.690,3.308,2800
2020-09-30 09:32:41.610,3.308,5000
2020-09-30 09:32:42.360,3.308,2500
2020-09-30 09:32:42.450,3.308,30500
2020-09-30 09:32:42.670,3.308,1000
2020-09-30 09:32:43.970,3.308,8700
2020-09-30 09:32:46.170,3.308,17700
2020-09-30 09:32:46.450,3.308,15000
2020-09-30 09:32:48.370,3.308,3900
2020-09-30 09:32:49.550,3.309,1600
2020-09-30 09:32:50.100,3.308,1000
2020-09-30 09:32:50.600,3.309,184300
2020-09-30 09:32:50.600,3.309,2000
2020-09-30 09:32:50.600,3.309,1000
2020-09-30 09:32:50.600,3.309,1100
2020-09-30 09:32:50.600,3.309,3000
2020-09-30 09:32:50.600,3.309,500
2020-09-30 09:32:50.600,3.309,2000
2020-09-30 09:32:50.600,3.309,5000
2020-09-30 09:32:50.600,3.309,42500
2020-09-30 09:32:50.600,3.309,7200
2020-09-30 09:32:50.600,3.309,5000
2020-09-30 09:32:50.600,3.309,9200
2020-09-30 09:32:50.600,3.309,37200
2020-09-30 09:32:52.140,3.309,262800
2020-09-30 09:32:52.140,3.309,1000
2020-09-30 09:32:52.140,3.309,900
2020-09-30 09:32:52.140,3.309,30000
2020-09-30 09:32:52.140,3.309,5300
2020-09-30 09:32:52.210,3.309,3000
2020-09-30 09:32:54.440,3.309,41700
2020-09-30 09:32:54.440,3.309,1200
2020-09-30 09:32:55.030,3.309,1500
2020-09-30 09:32:55.430,3.309,15000
2020-09-30 09:32:57.200,3.309,39800
2020-09-30 09:32:57.200,3.309,1500
2020-09-30 09:32:57.860,3.308,19600
2020-09-30 09:32:58.780,3.309,100
2020-09-30 09:32:59.270,3.308,2000
2020-09-30 09:33:00.350,3.308,1000
2020-09-30 09:33:01.210,3.308,45400
2020-09-30 09:33:01.210,3.308,100
2020-09-30 09:33:01.210,3.308,200
2020-09-30 09:33:01.210,3.308,6300
2020-09-30 09:33:01.210,3.308,1000
2020-09-30 09:33:02.500,3.308,7500
2020-09-30 09:33:02.750,3.308,2900
2020-09-30 09:33:02.900,3.308,12700
2020-09-30 09:33:02.900,3.308,100
2020-09-30 09:33:02.900,3.309,13500
2020-09-30 09:33:02.900,3.309,10000
2020-09-30 09:33:02.900,3.309,263700
2020-09-30 09:33:05.770,3.308,3000
2020-09-30 09:33:07.210,3.308,10500
2020-09-30 09:33:07.210,3.308,9200
2020-09-30 09:33:07.210,3.308,300
2020-09-30 09:33:07.330,3.308,12000
2020-09-30 09:33:07.330,3.308,10000
2020-09-30 09:33:07.500,3.308,200000
2020-09-30 09:33:07.690,3.309,36300
2020-09-30 09:33:07.690,3.309,263700
2020-09-30 09:33:07.690,3.308,78000
2020-09-30 09:33:07.690,3.308,222000
2020-09-30 09:33:07.690,3.308,30000
2020-09-30 09:33:07.690,3.308,48000
2020-09-30 09:33:08.250,3.308,40000
2020-09-30 09:33:10.410,3.308,500
2020-09-30 09:33:10.660,3.307,100
2020-09-30 09:33:10.660,3.307,5000
2020-09-30 09:33:10.660,3.307,900
2020-09-30 09:33:10.660,3.307,4000
2020-09-30 09:33:11.840,3.308,90000
2020-09-30 09:33:12.120,3.308,121500
2020-09-30 09:33:12.120,3.308,3100
2020-09-30 09:33:12.120,3.308,13000
2020-09-30 09:33:12.120,3.308,4000
2020-09-30 09:33:12.120,3.308,10000
2020-09-30 09:33:12.120,3.308,1000
2020-09-30 09:33:12.120,3.309,36300
2020-09-30 09:33:12.120,3.309,111100
2020-09-30 09:33:13.180,3.308,20000
2020-09-30 09:33:16.250,3.308,280000
2020-09-30 09:33:16.250,3.309,20000
2020-09-30 09:33:20.440,3.307,20000
2020-09-30 09:33:20.440,3.307,8200
2020-09-30 09:33:20.440,3.307,600
2020-09-30 09:33:20.440,3.307,1000
2020-09-30 09:33:20.440,3.307,500
2020-09-30 09:33:21.360,3.307,12300
2020-09-30 09:33:22.980,3.307,6000
2020-09-30 09:33:29.810,3.307,2000
2020-09-30 09:33:30.970,3.307,28000
2020-09-30 09:33:36.210,3.307,172000
2020-09-30 09:33:36.210,3.307,3000
2020-09-30 09:33:36.210,3.307,6000
2020-09-30 09:33:36.210,3.307,119000
2020-09-30 09:33:37.270,3.307,2300
2020-09-30 09:33:38.160,3.307,20000
2020-09-30 09:33:38.590,3.307,158700
2020-09-30 09:33:38.590,3.307,141300
2020-09-30 09:33:38.710,3.307,258700
2020-09-30 09:33:38.710,3.307,20000
2020-09-30 09:33:39.870,3.308,500
2020-09-30 09:33:39.870,3.308,1300
2020-09-30 09:33:40.550,3.307,3500
2020-09-30 09:33:41.060,3.308,7900
2020-09-30 09:33:41.060,3.308,292100
2020-09-30 09:33:43.420,3.307,3000
2020-09-30 09:33:43.670,3.307,5000
2020-09-30 09:33:45.400,3.307,4000
2020-09-30 09:33:45.810,3.307,5800
2020-09-30 09:33:45.810,3.307,4200
2020-09-30 09:33:45.840,3.307,200
2020-09-30 09:33:46.980,3.307,15000
2020-09-30 09:33:47.100,3.308,7900
2020-09-30 09:33:47.100,3.308,30000
2020-09-30 09:33:47.100,3.308,50000
2020-09-30 09:33:47.100,3.308,100
2020-09-30 09:33:47.100,3.308,212000
2020-09-30 09:33:47.160,3.307,3000
2020-09-30 09:33:49.960,3.307,1500
2020-09-30 09:33:50.640,3.307,500
2020-09-30 09:33:52.650,3.307,1500
2020-09-30 09:33:54.400,3.307,18000
2020-09-30 09:33:54.790,3.307,500
2020-09-30 09:33:54.790,3.307,9500
2020-09-30 09:33:55.280,3.307,9100
2020-09-30 09:33:56.840,3.308,2600
2020-09-30 09:33:57.480,3.307,100
2020-09-30 09:33:59.280,3.307,7500
2020-09-30 09:34:00.130,3.307,100
2020-09-30 09:34:02.010,3.308,6600
2020-09-30 09:34:02.010,3.308,200
2020-09-30 09:34:02.010,3.308,200
2020-09-30 09:34:02.010,3.308,3000
2020-09-30 09:34:02.360,3.307,2000
2020-09-30 09:34:04.500,3.307,12600
2020-09-30 09:34:04.500,3.308,27000
2020-09-30 09:34:04.500,3.308,21100
2020-09-30 09:34:04.500,3.308,20000
2020-09-30 09:34:04.500,3.308,3500
2020-09-30 09:34:04.500,3.308,100
2020-09-30 09:34:04.500,3.308,23400
2020-09-30 09:34:04.500,3.308,5000
2020-09-30 09:34:04.500,3.309,168900
2020-09-30 09:34:04.500,3.309,3000
2020-09-30 09:34:04.500,3.309,2000
2020-09-30 09:34:04.500,3.309,26000
2020-09-30 09:34:04.590,3.308,9200
2020-09-30 09:34:06.200,3.308,10000
2020-09-30 09:34:06.510,3.308,800
2020-09-30 09:34:06.510,3.308,11300
2020-09-30 09:34:10.230,3.308,500
2020-09-30 09:34:11.930,3.309,10000
2020-09-30 09:34:12.230,3.308,9000
2020-09-30 09:34:12.770,3.309,2400
2020-09-30 09:34:13.840,3.308,6700
2020-09-30 09:34:15.860,3.308,300
2020-09-30 09:34:17.490,3.308,10000
2020-09-30 09:34:19.040,3.308,262200
2020-09-30 09:34:19.040,3.308,200
2020-09-30 09:34:21.580,3.308,37600
2020-09-30 09:34:21.580,3.308,262400
2020-09-30 09:34:22.480,3.307,10000
2020-09-30 09:34:24.480,3.307,39100
2020-09-30 09:34:24.480,3.307,900
2020-09-30 09:34:25.490,3.308,37600
2020-09-30 09:34:25.490,3.308,100
2020-09-30 09:34:25.490,3.308,9200
2020-09-30 09:34:25.490,3.308,163100
2020-09-30 09:34:25.760,3.308,136900
2020-09-30 09:34:25.760,3.309,51600
2020-09-30 09:34:25.760,3.309,100
2020-09-30 09:34:25.760,3.309,8000
2020-09-30 09:34:25.760,3.309,7500
2020-09-30 09:34:25.760,3.309,30000
2020-09-30 09:34:25.760,3.309,600
2020-09-30 09:34:25.760,3.309,1500
2020-09-30 09:34:25.760,3.309,10000
2020-09-30 09:34:25.760,3.309,53800
2020-09-30 09:34:27.040,3.307,400
2020-09-30 09:34:27.650,3.308,20000
2020-09-30 09:34:27.710,3.308,10000
2020-09-30 09:34:27.940,3.309,4200
2020-09-30 09:34:27.940,3.309,5000
2020-09-30 09:34:27.940,3.309,30000
2020-09-30 09:34:27.940,3.309,30000
2020-09-30 09:34:27.940,3.309,230800
2020-09-30 09:34:28.160,3.308,20000
2020-09-30 09:34:28.910,3.308,2200
2020-09-30 09:34:29.270,3.309,69200
2020-09-30 09:34:29.270,3.309,150000
2020-09-30 09:34:29.270,3.309,20000
2020-09-30 09:34:29.270,3.309,50000
2020-09-30 09:34:29.270,3.309,300
2020-09-30 09:34:29.270,3.309,1000
2020-09-30 09:34:29.270,3.309,9500
2020-09-30 09:34:29.700,3.309,500
2020-09-30 09:34:29.700,3.309,400
2020-09-30 09:34:29.700,3.309,13400
2020-09-30 09:34:30.570,3.31,46100
2020-09-30 09:34:30.570,3.31,5000
2020-09-30 09:34:30.570,3.31,10700
2020-09-30 09:34:30.570,3.31,3000
2020-09-30 09:34:30.570,3.31,10000
2020-09-30 09:34:30.570,3.31,9200
2020-09-30 09:34:30.570,3.31,80000
2020-09-30 09:34:30.570,3.31,20000
2020-09-30 09:34:30.570,3.31,2300
2020-09-30 09:34:30.570,3.31,9200
2020-09-30 09:34:30.570,3.31,1000
2020-09-30 09:34:30.570,3.31,10000
2020-09-30 09:34:30.570,3.31,15000
2020-09-30 09:34:30.570,3.31,700
2020-09-30 09:34:30.570,3.31,10000
2020-09-30 09:34:30.570,3.31,16000
2020-09-30 09:34:30.570,3.31,3000
2020-09-30 09:34:30.570,3.31,8000
2020-09-30 09:34:30.570,3.31,40800
2020-09-30 09:34:31.700,3.309,2800
2020-09-30 09:34:34.990,3.309,2900
2020-09-30 09:34:34.990,3.309,200
2020-09-30 09:34:36.850,3.31,9200
2020-09-30 09:34:36.850,3.31,3000
2020-09-30 09:34:36.850,3.31,3000
2020-09-30 09:34:36.850,3.31,10000
2020-09-30 09:34:36.850,3.31,200
2020-09-30 09:34:36.850,3.31,30200
2020-09-30 09:34:36.850,3.31,3000
2020-09-30 09:34:36.850,3.31,1800
2020-09-30 09:34:36.850,3.31,10000
2020-09-30 09:34:36.850,3.31,5700
2020-09-30 09:34:36.850,3.31,1000
2020-09-30 09:34:36.850,3.31,4600
2020-09-30 09:34:36.850,3.31,10000
2020-09-30 09:34:36.850,3.31,100000
2020-09-30 09:34:36.850,3.31,4700
2020-09-30 09:34:36.850,3.31,20000
2020-09-30 09:34:36.850,3.31,10000
2020-09-30 09:34:36.850,3.31,4500
2020-09-30 09:34:36.850,3.31,5000
2020-09-30 09:34:36.850,3.31,1800
2020-09-30 09:34:36.850,3.31,4000
2020-09-30 09:34:36.850,3.31,10000
2020-09-30 09:34:36.850,3.31,1000
2020-09-30 09:34:36.850,3.31,15100
2020-09-30 09:34:36.850,3.31,5000
2020-09-30 09:34:36.850,3.31,15000
2020-09-30 09:34:37.070,3.31,8200
2020-09-30 09:34:37.640,3.31,4000
2020-09-30 09:34:40.160,3.31,100
2020-09-30 09:34:41.070,3.31,4900
2020-09-30 09:34:51.200,3.309,299800
2020-09-30 09:34:51.200,3.309,200
2020-09-30 09:34:52.060,3.309,100
2020-09-30 09:34:52.060,3.309,9900
2020-09-30 09:34:54.070,3.309,4700
2020-09-30 09:34:58.360,3.309,100
2020-09-30 09:34:58.510,3.308,267800
2020-09-30 09:34:58.510,3.308,800
2020-09-30 09:34:58.510,3.308,5400
2020-09-30 09:34:59.100,3.308,100
2020-09-30 09:35:05.210,3.308,2000
2020-09-30 09:35:06.100,3.308,200
2020-09-30 09:35:06.380,3.307,200
2020-09-30 09:35:06.380,3.307,1000
2020-09-30 09:35:06.380,3.307,3300
2020-09-30 09:35:06.380,3.307,3300
2020-09-30 09:35:06.380,3.307,10000
2020-09-30 09:35:06.380,3.307,100000
2020-09-30 09:35:06.380,3.307,7500
2020-09-30 09:35:06.670,3.307,20000
2020-09-30 09:35:06.990,3.307,1900
2020-09-30 09:35:07.170,3.307,40000
2020-09-30 09:35:08.240,3.307,20000
2020-09-30 09:35:09.020,3.307,61800
2020-09-30 09:35:09.220,3.307,31000
2020-09-30 09:35:09.220,3.308,23800
2020-09-30 09:35:09.220,3.308,245200
2020-09-30 09:35:09.650,3.307,40000
2020-09-30 09:35:09.930,3.307,60000
2020-09-30 09:35:09.930,3.308,2000
2020-09-30 09:35:09.930,3.308,70100
2020-09-30 09:35:09.930,3.308,9200
2020-09-30 09:35:09.930,3.308,5000
2020-09-30 09:35:09.930,3.308,30000
2020-09-30 09:35:10.900,3.308,10000
2020-09-30 09:35:11.890,3.309,7000
2020-09-30 09:35:12.420,3.308,173700
2020-09-30 09:35:12.420,3.308,10000
2020-09-30 09:35:12.420,3.308,10000
2020-09-30 09:35:15.210,3.308,106500
2020-09-30 09:35:15.210,3.308,2800
2020-09-30 09:35:15.420,3.309,300000
2020-09-30 09:35:16.030,3.308,20000
2020-09-30 09:35:17.490,3.308,100000
2020-09-30 09:35:17.610,3.309,20000
2020-09-30 09:35:18.280,3.308,300
2020-09-30 09:35:18.560,3.308,70400
2020-09-30 09:35:19.780,3.308,10000
2020-09-30 09:35:21.650,3.308,20000
2020-09-30 09:35:21.750,3.308,199600
2020-09-30 09:35:21.750,3.308,10800
2020-09-30 09:35:21.930,3.309,300000
2020-09-30 09:35:23.610,3.308,1000
2020-09-30 09:35:26.300,3.308,5000
2020-09-30 09:35:28.280,3.308,20000
2020-09-30 09:35:30.510,3.308,63600
2020-09-30 09:35:30.510,3.308,100
2020-09-30 09:35:30.510,3.308,57500
2020-09-30 09:35:34.740,3.308,20000
2020-09-30 09:35:35.600,3.308,12500
2020-09-30 09:35:35.600,3.308,800
2020-09-30 09:35:35.750,3.307,44100
2020-09-30 09:35:36.090,3.308,100
2020-09-30 09:35:37.700,3.308,300000
2020-09-30 09:35:38.640,3.308,300000
2020-09-30 09:35:38.640,3.308,286600
2020-09-30 09:35:38.640,3.308,13400
2020-09-30 09:35:40.360,3.308,100
2020-09-30 09:35:40.540,3.308,36000
2020-09-30 09:35:40.850,3.308,200
2020-09-30 09:35:44.430,3.307,3000
2020-09-30 09:35:45.290,3.307,800
2020-09-30 09:35:46.880,3.307,65400
2020-09-30 09:35:51.150,3.308,50300
2020-09-30 09:35:51.150,3.308,1500
2020-09-30 09:35:51.150,3.308,1000
2020-09-30 09:35:51.150,3.308,150300
2020-09-30 09:35:51.150,3.308,1000
2020-09-30 09:35:51.150,3.308,40000
2020-09-30 09:35:51.150,3.308,9200
2020-09-30 09:35:51.150,3.308,30000
2020-09-30 09:35:51.150,3.308,100
2020-09-30 09:35:51.150,3.308,10000
2020-09-30 09:35:51.150,3.308,1000
2020-09-30 09:35:51.150,3.309,5600
2020-09-30 09:35:51.670,3.307,1000
2020-09-30 09:35:54.280,3.307,1500
2020-09-30 09:35:54.490,3.307,10000
2020-09-30 09:35:56.210,3.307,100
2020-09-30 09:35:56.340,3.307,100000
2020-09-30 09:35:57.270,3.308,2000
2020-09-30 09:35:57.270,3.308,298000
2020-09-30 09:35:59.810,3.308,300000
2020-09-30 09:36:00.600,3.307,10000
2020-09-30 09:36:01.010,3.308,10000
2020-09-30 09:36:01.830,3.308,292000
2020-09-30 09:36:01.830,3.308,8000
2020-09-30 09:36:02.770,3.308,12000
2020-09-30 09:36:02.770,3.308,288000
2020-09-30 09:36:02.830,3.308,300000
2020-09-30 09:36:03.510,3.307,500
2020-09-30 09:36:03.930,3.308,1000
2020-09-30 09:36:03.930,3.308,1000
2020-09-30 09:36:04.500,3.308,8000
2020-09-30 09:36:04.590,3.308,9200
2020-09-30 09:36:05.170,3.309,10000
2020-09-30 09:36:05.170,3.309,3000
2020-09-30 09:36:05.170,3.309,15000
2020-09-30 09:36:05.170,3.309,25400
2020-09-30 09:36:05.170,3.309,1000
2020-09-30 09:36:05.170,3.309,31400
2020-09-30 09:36:05.170,3.309,8000
2020-09-30 09:36:05.170,3.309,1500
2020-09-30 09:36:05.170,3.309,10000
2020-09-30 09:36:05.170,3.309,9200
2020-09-30 09:36:05.170,3.309,30000
2020-09-30 09:36:05.170,3.309,9000
2020-09-30 09:36:05.170,3.309,6500
2020-09-30 09:36:05.170,3.309,10000
2020-09-30 09:36:05.170,3.309,4500
2020-09-30 09:36:05.170,3.309,125500
2020-09-30 09:36:06.590,3.309,174500
2020-09-30 09:36:06.590,3.309,54800
2020-09-30 09:36:06.590,3.309,10000
2020-09-30 09:36:06.590,3.309,10000
2020-09-30 09:36:06.590,3.309,100
2020-09-30 09:36:06.590,3.309,6700
2020-09-30 09:36:07.080,3.309,1000
2020-09-30 09:36:07.530,3.31,291000
2020-09-30 09:36:07.530,3.31,300
2020-09-30 09:36:07.530,3.31,4600
2020-09-30 09:36:07.530,3.31,4100
2020-09-30 09:36:07.720,3.309,30000
2020-09-30 09:36:07.720,3.309,100
2020-09-30 09:36:07.750,3.309,10000
2020-09-30 09:36:09.080,3.309,2800
2020-09-30 09:36:09.080,3.308,7200
2020-09-30 09:36:09.260,3.31,45900
2020-09-30 09:36:09.260,3.31,3000
2020-09-30 09:36:09.260,3.31,9200
2020-09-30 09:36:09.260,3.31,30000
2020-09-30 09:36:09.260,3.31,300
2020-09-30 09:36:09.260,3.31,100
2020-09-30 09:36:09.260,3.31,100
2020-09-30 09:36:09.260,3.31,5300
2020-09-30 09:36:09.260,3.31,500
2020-09-30 09:36:09.260,3.31,2000
2020-09-30 09:36:09.260,3.31,20000
2020-09-30 09:36:09.260,3.31,2500
2020-09-30 09:36:09.260,3.31,7200
2020-09-30 09:36:09.260,3.31,3000
2020-09-30 09:36:09.260,3.31,900
2020-09-30 09:36:09.660,3.308,1900
2020-09-30 09:36:09.900,3.308,3000
2020-09-30 09:36:11.620,3.308,60700
2020-09-30 09:36:11.620,3.308,20000
2020-09-30 09:36:11.620,3.308,200
2020-09-30 09:36:11.620,3.308,19100
2020-09-30 09:36:14.160,3.309,20000
2020-09-30 09:36:14.560,3.309,44800
2020-09-30 09:36:14.560,3.31,4100
2020-09-30 09:36:14.560,3.31,30300
2020-09-30 09:36:14.560,3.31,50000
2020-09-30 09:36:14.560,3.31,33500
2020-09-30 09:36:14.560,3.31,5000
2020-09-30 09:36:14.560,3.31,3000
2020-09-30 09:36:14.560,3.31,3500
2020-09-30 09:36:14.560,3.31,100
2020-09-30 09:36:14.560,3.31,4000
2020-09-30 09:36:14.560,3.31,121700
2020-09-30 09:36:14.650,3.31,1000
2020-09-30 09:36:17.320,3.308,1000
2020-09-30 09:36:18.790,3.309,1900
2020-09-30 09:36:19.230,3.31,1900
2020-09-30 09:36:19.810,3.31,300000
2020-09-30 09:36:20.320,3.31,2900
2020-09-30 09:36:22.190,3.31,1100
2020-09-30 09:36:23.710,3.31,300000
2020-09-30 09:36:29.770,3.31,171400
2020-09-30 09:36:29.770,3.31,10000
2020-09-30 09:36:29.770,3.31,3000
2020-09-30 09:36:29.770,3.31,115600
2020-09-30 09:36:30.780,3.309,200
2020-09-30 09:36:31.230,3.309,600
2020-09-30 09:36:39.470,3.309,2000
2020-09-30 09:36:40.260,3.309,2400
2020-09-30 09:36:41.110,3.309,700
2020-09-30 09:36:41.260,3.309,2400
2020-09-30 09:36:41.260,3.309,1000
2020-09-30 09:36:41.260,3.309,2000
2020-09-30 09:36:41.260,3.309,600
2020-09-30 09:36:41.260,3.31,184400
2020-09-30 09:36:41.260,3.31,109600
2020-09-30 09:36:41.820,3.31,1500
2020-09-30 09:36:42.190,3.309,5000
2020-09-30 09:36:42.310,3.31,3100
2020-09-30 09:36:42.310,3.309,15000
2020-09-30 09:36:45.570,3.309,700
2020-09-30 09:36:45.570,3.309,500
2020-09-30 09:36:45.570,3.309,9200
2020-09-30 09:36:45.570,3.309,5000
2020-09-30 09:36:45.570,3.309,5000
2020-09-30 09:36:45.570,3.309,1000
2020-09-30 09:36:45.570,3.31,28600
2020-09-30 09:36:46.010,3.31,300000
2020-09-30 09:36:47.930,3.309,1100
2020-09-30 09:36:48.760,3.309,2900
2020-09-30 09:36:48.760,3.309,1100
2020-09-30 09:36:48.760,3.31,7200
2020-09-30 09:36:48.760,3.31,9200
2020-09-30 09:36:48.760,3.31,30000
2020-09-30 09:36:48.760,3.31,253600
2020-09-30 09:36:49.450,3.31,58400
2020-09-30 09:36:49.450,3.31,241600
2020-09-30 09:36:51.190,3.309,1000
2020-09-30 09:36:51.370,3.31,58400
2020-09-30 09:36:51.370,3.31,2100
2020-09-30 09:36:51.370,3.31,8000
2020-09-30 09:36:51.370,3.31,231500
2020-09-30 09:36:51.690,3.309,1000
2020-09-30 09:36:51.690,3.309,6700
2020-09-30 09:36:53.230,3.309,3000
2020-09-30 09:36:53.730,3.309,4300
2020-09-30 09:36:53.730,3.309,10700
2020-09-30 09:36:55.070,3.31,68500
2020-09-30 09:36:55.070,3.31,3000
2020-09-30 09:36:55.070,3.31,198500
2020-09-30 09:36:55.070,3.31,3000
2020-09-30 09:36:55.070,3.31,27000
2020-09-30 09:36:58.990,3.309,20000
2020-09-30 09:36:59.240,3.309,3000
2020-09-30 09:36:59.270,3.31,3000
2020-09-30 09:36:59.270,3.31,6000
2020-09-30 09:36:59.270,3.31,11000
2020-09-30 09:36:59.270,3.31,19000
2020-09-30 09:36:59.270,3.31,21000
2020-09-30 09:36:59.270,3.31,108400
2020-09-30 09:36:59.270,3.31,95600
2020-09-30 09:36:59.270,3.31,8200
2020-09-30 09:36:59.270,3.31,196200
2020-09-30 09:36:59.270,3.31,13800
2020-09-30 09:36:59.480,3.311,61268
2020-09-30 09:36:59.480,3.311,76100
2020-09-30 09:36:59.480,3.311,20000
2020-09-30 09:36:59.480,3.311,62700
2020-09-30 09:36:59.480,3.311,26000
2020-09-30 09:36:59.480,3.311,300
2020-09-30 09:36:59.480,3.311,5000
2020-09-30 09:36:59.480,3.311,200
2020-09-30 09:36:59.480,3.311,200
2020-09-30 09:36:59.480,3.311,1000
2020-09-30 09:36:59.480,3.311,10000
2020-09-30 09:36:59.480,3.311,3000
2020-09-30 09:36:59.480,3.311,10000
2020-09-30 09:36:59.480,3.311,12000
2020-09-30 09:36:59.480,3.311,3800
2020-09-30 09:36:59.480,3.311,200
2020-09-30 09:36:59.480,3.311,500
2020-09-30 09:36:59.480,3.311,7732
2020-09-30 09:37:00.320,3.311,20000
2020-09-30 09:37:00.470,3.311,22268
2020-09-30 09:37:00.470,3.311,2000
2020-09-30 09:37:00.470,3.311,50000
2020-09-30 09:37:00.470,3.311,3000
2020-09-30 09:37:00.470,3.311,10000
2020-09-30 09:37:00.470,3.311,23400
2020-09-30 09:37:00.470,3.311,100
2020-09-30 09:37:00.470,3.311,1000
2020-09-30 09:37:00.470,3.311,16300
2020-09-30 09:37:00.470,3.311,50000
2020-09-30 09:37:00.470,3.311,500
2020-09-30 09:37:00.470,3.311,10000
2020-09-30 09:37:00.470,3.311,100
2020-09-30 09:37:00.470,3.311,10000
2020-09-30 09:37:00.470,3.311,5000
2020-09-30 09:37:00.470,3.311,2600
2020-09-30 09:37:00.470,3.311,5000
2020-09-30 09:37:00.470,3.311,200
2020-09-30 09:37:00.470,3.311,30000
2020-09-30 09:37:00.470,3.311,5000
2020-09-30 09:37:00.470,3.311,200
2020-09-30 09:37:00.470,3.311,5000
2020-09-30 09:37:00.470,3.311,3000
2020-09-30 09:37:00.470,3.311,10000
2020-09-30 09:37:00.470,3.311,20000
2020-09-30 09:37:00.470,3.311,1000
2020-09-30 09:37:00.470,3.311,5000
2020-09-30 09:37:00.470,3.311,5000
2020-09-30 09:37:00.470,3.311,1000
2020-09-30 09:37:02.890,3.311,2000
2020-09-30 09:37:03.790,3.311,1332
2020-09-30 09:37:03.790,3.311,1668
2020-09-30 09:37:04.220,3.311,10000
2020-09-30 09:37:04.800,3.312,10000
2020-09-30 09:37:04.800,3.312,100
2020-09-30 09:37:04.800,3.312,10000
2020-09-30 09:37:04.800,3.312,2000
2020-09-30 09:37:04.800,3.312,10000
2020-09-30 09:37:04.800,3.312,100
2020-09-30 09:37:04.800,3.312,10300
2020-09-30 09:37:04.800,3.312,200
2020-09-30 09:37:04.800,3.312,30000
2020-09-30 09:37:04.800,3.312,5000
2020-09-30 09:37:04.800,3.312,1000
2020-09-30 09:37:04.800,3.312,1700
2020-09-30 09:37:04.800,3.312,7000
2020-09-30 09:37:04.800,3.312,5000
2020-09-30 09:37:04.800,3.312,500
2020-09-30 09:37:04.800,3.312,3000
2020-09-30 09:37:04.800,3.312,5000
2020-09-30 09:37:04.800,3.312,3000
2020-09-30 09:37:04.800,3.312,5000
2020-09-30 09:37:04.800,3.312,100
2020-09-30 09:37:04.800,3.312,200
2020-09-30 09:37:04.800,3.312,500
2020-09-30 09:37:04.800,3.312,5000
2020-09-30 09:37:04.800,3.312,8000
2020-09-30 09:37:04.800,3.312,200
2020-09-30 09:37:04.800,3.312,2000
2020-09-30 09:37:04.800,3.312,10000
2020-09-30 09:37:04.800,3.312,3000
2020-09-30 09:37:04.800,3.312,50000
2020-09-30 09:37:04.800,3.312,5000
2020-09-30 09:37:04.800,3.312,8000
2020-09-30 09:37:04.800,3.312,5000
2020-09-30 09:37:04.800,3.312,9900
2020-09-30 09:37:04.800,3.312,1800
2020-09-30 09:37:04.800,3.312,100
2020-09-30 09:37:04.800,3.312,600
2020-09-30 09:37:04.800,3.312,10000
2020-09-30 09:37:04.800,3.312,10000
2020-09-30 09:37:04.800,3.312,50400
2020-09-30 09:37:04.800,3.312,6600
2020-09-30 09:37:04.800,3.312,100
2020-09-30 09:37:04.800,3.312,3000
2020-09-30 09:37:04.800,3.312,1600
2020-09-30 09:37:05.720,3.312,8400
2020-09-30 09:37:05.720,3.312,3900
2020-09-30 09:37:05.720,3.312,100
2020-09-30 09:37:05.720,3.312,6900
2020-09-30 09:37:05.720,3.312,3500
2020-09-30 09:37:05.720,3.312,5000
2020-09-30 09:37:05.720,3.312,15400
2020-09-30 09:37:05.720,3.312,300
2020-09-30 09:37:05.720,3.312,1000
2020-09-30 09:37:05.720,3.312,3600
2020-09-30 09:37:05.720,3.312,10000
2020-09-30 09:37:05.720,3.312,27300
2020-09-30 09:37:05.720,3.312,15000
2020-09-30 09:37:05.720,3.312,8000
2020-09-30 09:37:05.720,3.312,1500
2020-09-30 09:37:05.720,3.312,500
2020-09-30 09:37:05.720,3.312,5000
2020-09-30 09:37:05.720,3.312,9200
2020-09-30 09:37:06.260,3.312,4000
2020-09-30 09:37:06.380,3.312,10000
2020-09-30 09:37:07.680,3.312,30000
2020-09-30 09:37:08.250,3.313,100
2020-09-30 09:37:08.250,3.313,10000
2020-09-30 09:37:08.250,3.313,30000
2020-09-30 09:37:08.250,3.313,7500
2020-09-30 09:37:08.250,3.313,100
2020-09-30 09:37:08.250,3.313,100
2020-09-30 09:37:08.250,3.313,11500
2020-09-30 09:37:08.250,3.313,1000
2020-09-30 09:37:08.250,3.313,3000
2020-09-30 09:37:08.250,3.313,14900
2020-09-30 09:37:08.250,3.313,8000
2020-09-30 09:37:08.250,3.313,10000
2020-09-30 09:37:08.250,3.313,15000
2020-09-30 09:37:08.250,3.313,300
2020-09-30 09:37:08.250,3.313,3600
2020-09-30 09:37:08.250,3.313,5000
2020-09-30 09:37:08.250,3.313,300
2020-09-30 09:37:08.250,3.313,1000
2020-09-30 09:37:08.250,3.313,30000
2020-09-30 09:37:08.250,3.313,200
2020-09-30 09:37:08.250,3.313,500
2020-09-30 09:37:08.250,3.313,12300
2020-09-30 09:37:08.250,3.313,1000
2020-09-30 09:37:08.250,3.313,600
2020-09-30 09:37:08.250,3.313,200
2020-09-30 09:37:08.250,3.313,1000
2020-09-30 09:37:08.250,3.313,5000
2020-09-30 09:37:08.250,3.313,50000
2020-09-30 09:37:08.250,3.313,5000
2020-09-30 09:37:08.250,3.313,500
2020-09-30 09:37:08.250,3.313,100
2020-09-30 09:37:08.250,3.313,3100
2020-09-30 09:37:08.250,3.313,4200
2020-09-30 09:37:08.250,3.313,3000
2020-09-30 09:37:08.250,3.313,10000
2020-09-30 09:37:08.250,3.313,10000
2020-09-30 09:37:08.250,3.313,1000
2020-09-30 09:37:08.250,3.313,9800
2020-09-30 09:37:08.250,3.313,5000
2020-09-30 09:37:08.250,3.313,5000
2020-09-30 09:37:08.250,3.313,6000
2020-09-30 09:37:08.250,3.313,10000
2020-09-30 09:37:08.890,3.313,800
2020-09-30 09:37:10.980,3.313,200
2020-09-30 09:37:11.580,3.313,4100
2020-09-30 09:37:11.580,3.313,900
2020-09-30 09:37:11.830,3.313,20500
2020-09-30 09:37:14.240,3.313,100
2020-09-30 09:37:14.490,3.313,278500
2020-09-30 09:37:14.490,3.313,21500
2020-09-30 09:37:14.490,3.313,2600
2020-09-30 09:37:14.550,3.313,276000
2020-09-30 09:37:17.120,3.312,2800
2020-09-30 09:37:17.830,3.313,24100
2020-09-30 09:37:17.830,3.313,1900
2020-09-30 09:37:17.830,3.313,107000
2020-09-30 09:37:18.340,3.313,27700
2020-09-30 09:37:19.260,3.313,300
2020-09-30 09:37:20.310,3.313,1300
2020-09-30 09:37:20.520,3.312,128600
2020-09-30 09:37:20.700,3.312,1600
2020-09-30 09:37:21.440,3.312,2400
2020-09-30 09:37:21.950,3.312,23000
2020-09-30 09:37:22.020,3.312,5600
2020-09-30 09:37:22.460,3.312,20000
2020-09-30 09:37:26.010,3.312,100
2020-09-30 09:37:27.740,3.312,100000
2020-09-30 09:37:27.840,3.311,100
2020-09-30 09:37:27.910,3.312,500
2020-09-30 09:37:28.790,3.312,3000
2020-09-30 09:37:28.820,3.312,9600
2020-09-30 09:37:28.820,3.312,290400
2020-09-30 09:37:28.910,3.312,3600
2020-09-30 09:37:30.850,3.311,12600
2020-09-30 09:37:31.480,3.312,3000
2020-09-30 09:37:32.170,3.312,12800
2020-09-30 09:37:32.350,3.312,5500
2020-09-30 09:37:32.900,3.312,26000
2020-09-30 09:37:34.070,3.312,252700
2020-09-30 09:37:34.070,3.312,9200
2020-09-30 09:37:34.070,3.312,3000
2020-09-30 09:37:34.070,3.312,500
2020-09-30 09:37:34.070,3.312,20800
2020-09-30 09:37:34.840,3.312,5000
2020-09-30 09:37:35.280,3.311,200
2020-09-30 09:37:37.670,3.311,287100
2020-09-30 09:37:37.670,3.311,12900
2020-09-30 09:37:39.300,3.312,3000
2020-09-30 09:37:39.640,3.311,1000
2020-09-30 09:37:40.730,3.312,1200
2020-09-30 09:37:40.730,3.312,800
2020-09-30 09:37:40.970,3.312,1000
2020-09-30 09:37:42.050,3.311,1700
2020-09-30 09:37:42.110,3.311,84400
2020-09-30 09:37:42.110,3.311,100000
2020-09-30 09:37:42.110,3.311,1000
2020-09-30 09:37:42.110,3.311,9000
2020-09-30 09:37:44.130,3.311,105600
2020-09-30 09:37:44.130,3.311,19600
2020-09-30 09:37:44.130,3.311,10000
2020-09-30 09:37:44.130,3.312,1200
2020-09-30 09:37:44.130,3.312,3000
2020-09-30 09:37:44.130,3.312,500
2020-09-30 09:37:44.130,3.312,160100
2020-09-30 09:37:45.630,3.311,5000
2020-09-30 09:37:45.920,3.311,295000
2020-09-30 09:37:46.640,3.311,5000
2020-09-30 09:37:46.640,3.311,1700
2020-09-30 09:37:47.890,3.311,30000
2020-09-30 09:37:47.890,3.311,30000
2020-09-30 09:37:47.890,3.312,139900
2020-09-30 09:37:47.890,3.312,6000
2020-09-30 09:37:47.890,3.312,5000
2020-09-30 09:37:47.890,3.312,5000
2020-09-30 09:37:47.890,3.312,500
2020-09-30 09:37:47.890,3.312,2700
2020-09-30 09:37:47.890,3.312,900
2020-09-30 09:37:47.890,3.312,5700
2020-09-30 09:37:47.890,3.312,20000
2020-09-30 09:37:47.890,3.312,200
2020-09-30 09:37:47.890,3.312,9200
2020-09-30 09:37:47.890,3.312,2000
2020-09-30 09:37:47.890,3.312,43400
2020-09-30 09:37:47.890,3.312,3000
2020-09-30 09:37:47.890,3.313,163700
2020-09-30 09:37:47.890,3.313,32800
2020-09-30 09:37:49.470,3.311,100
2020-09-30 09:37:49.720,3.311,1000
2020-09-30 09:37:56.220,3.311,400
2020-09-30 09:37:57.770,3.311,5500
2020-09-30 09:37:57.770,3.311,1500
2020-09-30 09:37:57.770,3.311,10000
2020-09-30 09:37:57.770,3.311,10000
2020-09-30 09:37:57.770,3.311,10000
2020-09-30 09:37:57.770,3.311,400
2020-09-30 09:37:57.770,3.311,500
2020-09-30 09:37:57.900,3.312,300
2020-09-30 09:37:59.730,3.311,262100
2020-09-30 09:37:59.730,3.311,37900
2020-09-30 09:38:00.220,3.311,100
2020-09-30 09:38:00.260,3.311,5000
2020-09-30 09:38:00.290,3.312,299700
2020-09-30 09:38:00.290,3.312,300
2020-09-30 09:38:01.300,3.311,110500
2020-09-30 09:38:01.300,3.311,5000
2020-09-30 09:38:01.300,3.311,1400
2020-09-30 09:38:02.450,3.311,1100
2020-09-30 09:38:03.260,3.311,700
2020-09-30 09:38:03.930,3.311,900
2020-09-30 09:38:04.260,3.311,10000
2020-09-30 09:38:06.070,3.311,5000
2020-09-30 09:38:06.460,3.311,165400
2020-09-30 09:38:06.460,3.311,6000
2020-09-30 09:38:06.460,3.311,400
2020-09-30 09:38:06.460,3.311,9200
2020-09-30 09:38:06.460,3.311,500
2020-09-30 09:38:06.460,3.311,20000
2020-09-30 09:38:06.460,3.312,98500
2020-09-30 09:38:07.460,3.311,3000
2020-09-30 09:38:07.560,3.312,201200
2020-09-30 09:38:07.560,3.312,98800
2020-09-30 09:38:07.720,3.311,30000
2020-09-30 09:38:08.100,3.311,5000
2020-09-30 09:38:08.710,3.311,12100
2020-09-30 09:38:09.840,3.311,400
2020-09-30 09:38:11.390,3.312,201200
2020-09-30 09:38:11.390,3.312,97800
2020-09-30 09:38:11.480,3.311,5000
2020-09-30 09:38:12.320,3.311,30700
2020-09-30 09:38:13.220,3.312,300000
2020-09-30 09:38:14.380,3.312,1600
2020-09-30 09:38:15.200,3.311,10000
2020-09-30 09:38:15.760,3.311,400
2020-09-30 09:38:17.060,3.311,200
2020-09-30 09:38:18.140,3.311,13000
2020-09-30 09:38:18.190,3.312,6000
2020-09-30 09:38:18.940,3.311,5400
2020-09-30 09:38:19.670,3.312,2000
2020-09-30 09:38:22.660,3.311,400
2020-09-30 09:38:25.280,3.311,184400
2020-09-30 09:38:25.280,3.311,30000
2020-09-30 09:38:27.040,3.31,1000
2020-09-30 09:38:28.950,3.311,7000
2020-09-30 09:38:32.700,3.31,4900
2020-09-30 09:38:33.850,3.31,11600
2020-09-30 09:38:36.810,3.311,78400
2020-09-30 09:38:36.810,3.311,30000
2020-09-30 09:38:36.810,3.311,100
2020-09-30 09:38:36.810,3.311,400
2020-09-30 09:38:36.810,3.311,100
2020-09-30 09:38:36.810,3.311,2000
2020-09-30 09:38:36.810,3.311,20000
2020-09-30 09:38:38.660,3.311,169000
2020-09-30 09:38:38.660,3.311,3000
2020-09-30 09:38:38.660,3.311,100
2020-09-30 09:38:39.420,3.31,600
2020-09-30 09:38:42.250,3.311,900
2020-09-30 09:38:42.250,3.311,3100
2020-09-30 09:38:42.440,3.31,20000
2020-09-30 09:38:42.650,3.31,261900
2020-09-30 09:38:42.650,3.31,5200
2020-09-30 09:38:42.650,3.31,100
2020-09-30 09:38:42.650,3.31,10000
2020-09-30 09:38:42.650,3.31,22800
2020-09-30 09:38:48.250,3.311,6900
2020-09-30 09:38:48.250,3.311,2000
2020-09-30 09:38:48.250,3.311,1500
2020-09-30 09:38:48.250,3.311,8000
2020-09-30 09:38:49.740,3.311,1200
2020-09-30 09:38:49.740,3.311,5300
2020-09-30 09:38:51.300,3.311,300000
2020-09-30 09:38:55.770,3.311,109700
2020-09-30 09:38:55.770,3.311,30000
2020-09-30 09:38:55.770,3.311,30000
2020-09-30 09:38:55.770,3.311,7300
2020-09-30 09:38:55.770,3.311,10000
2020-09-30 09:38:55.770,3.311,50000
2020-09-30 09:38:55.770,3.311,5000
2020-09-30 09:38:55.770,3.311,5000
2020-09-30 09:38:55.770,3.311,1400
2020-09-30 09:38:56.240,3.311,1000
2020-09-30 09:38:57.300,3.311,50000
2020-09-30 09:38:58.160,3.311,600
2020-09-30 09:38:58.160,3.31,1100
2020-09-30 09:39:01.700,3.311,16300
2020-09-30 09:39:02.360,3.311,200
2020-09-30 09:39:02.800,3.31,6100
2020-09-30 09:39:02.800,3.31,700
2020-09-30 09:39:02.800,3.31,3200
2020-09-30 09:39:03.000,3.31,3000
2020-09-30 09:39:04.620,3.31,3500
2020-09-30 09:39:05.670,3.31,5000
2020-09-30 09:39:07.270,3.31,15100
2020-09-30 09:39:07.450,3.311,6000
2020-09-30 09:39:07.830,3.31,20000
2020-09-30 09:39:08.230,3.311,2200
2020-09-30 09:39:09.070,3.311,95100
2020-09-30 09:39:09.830,3.311,1000
2020-09-30 09:39:10.160,3.31,50200
2020-09-30 09:39:10.160,3.31,5600
2020-09-30 09:39:10.160,3.31,7200
2020-09-30 09:39:10.220,3.311,1000
2020-09-30 09:39:11.320,3.311,2000
2020-09-30 09:39:11.600,3.31,1100
2020-09-30 09:39:12.280,3.31,1700
2020-09-30 09:39:12.280,3.31,10000
2020-09-30 09:39:12.430,3.31,1100
2020-09-30 09:39:13.440,3.31,400
2020-09-30 09:39:13.960,3.311,300
2020-09-30 09:39:14.100,3.311,900
2020-09-30 09:39:14.900,3.311,5000
2020-09-30 09:39:18.700,3.31,9600
2020-09-30 09:39:18.830,3.31,1000
2020-09-30 09:39:19.450,3.31,5500
2020-09-30 09:39:20.200,3.309,500
2020-09-30 09:39:20.200,3.309,30000
2020-09-30 09:39:20.200,3.309,7100
2020-09-30 09:39:20.200,3.309,600
2020-09-30 09:39:23.190,3.309,261900
2020-09-30 09:39:23.190,3.31,38100
2020-09-30 09:39:24.760,3.309,6000
2020-09-30 09:39:24.760,3.309,9200
2020-09-30 09:39:24.760,3.31,245800
2020-09-30 09:39:24.760,3.31,39000
2020-09-30 09:39:26.600,3.31,10000
2020-09-30 09:39:26.890,3.31,300
2020-09-30 09:39:27.880,3.31,30000
2020-09-30 09:39:27.880,3.311,70000
2020-09-30 09:39:27.880,3.311,5000
2020-09-30 09:39:27.880,3.311,4000
2020-09-30 09:39:27.880,3.311,9200
2020-09-30 09:39:27.880,3.311,3700
2020-09-30 09:39:27.880,3.311,30000
2020-09-30 09:39:27.880,3.311,400
2020-09-30 09:39:27.880,3.311,30000
2020-09-30 09:39:27.880,3.311,117700
2020-09-30 09:39:29.160,3.31,5000
2020-09-30 09:39:29.870,3.309,1700
2020-09-30 09:39:31.360,3.309,1000
2020-09-30 09:39:34.490,3.309,297300
2020-09-30 09:39:34.490,3.309,102700
2020-09-30 09:39:36.380,3.31,100
2020-09-30 09:39:36.470,3.31,3900
2020-09-30 09:39:36.470,3.31,2100
2020-09-30 09:39:36.470,3.31,200000
2020-09-30 09:39:36.970,3.31,1000
2020-09-30 09:39:37.100,3.31,100
2020-09-30 09:39:37.200,3.31,4100
2020-09-30 09:39:37.540,3.31,10000
2020-09-30 09:39:37.570,3.311,2200
2020-09-30 09:39:37.570,3.311,3000
2020-09-30 09:39:37.570,3.311,294800
2020-09-30 09:39:37.750,3.31,1000
2020-09-30 09:39:38.960,3.311,300000
2020-09-30 09:39:39.410,3.31,4000
2020-09-30 09:39:39.530,3.31,1000
2020-09-30 09:39:41.510,3.31,18500
2020-09-30 09:39:46.030,3.31,4700
2020-09-30 09:39:46.500,3.31,100
2020-09-30 09:39:46.810,3.31,3100
2020-09-30 09:39:47.920,3.31,1000
2020-09-30 09:39:50.260,3.31,3000
2020-09-30 09:39:55.350,3.31,42400
2020-09-30 09:39:55.350,3.31,200
2020-09-30 09:39:55.350,3.31,139700
2020-09-30 09:39:57.700,3.31,400
2020-09-30 09:39:59.770,3.31,202200
2020-09-30 09:40:00.010,3.31,72700
2020-09-30 09:40:00.010,3.31,1000
2020-09-30 09:40:00.010,3.31,50000
2020-09-30 09:40:00.010,3.31,800
2020-09-30 09:40:00.010,3.31,12000
2020-09-30 09:40:00.010,3.31,8400
2020-09-30 09:40:00.010,3.31,100
2020-09-30 09:40:00.010,3.31,18100
2020-09-30 09:40:00.010,3.31,1000
2020-09-30 09:40:00.580,3.31,34100
2020-09-30 09:40:01.300,3.31,101900
2020-09-30 09:40:01.300,3.31,198100
2020-09-30 09:40:01.730,3.31,20000
2020-09-30 09:40:02.280,3.31,20000
2020-09-30 09:40:02.800,3.31,61900
2020-09-30 09:40:02.800,3.31,2600
2020-09-30 09:40:02.800,3.31,10000
2020-09-30 09:40:03.770,3.311,10000
2020-09-30 09:40:03.770,3.311,19100
2020-09-30 09:40:03.770,3.311,10000
2020-09-30 09:40:03.770,3.311,400
2020-09-30 09:40:03.770,3.311,500
2020-09-30 09:40:03.770,3.311,3100
2020-09-30 09:40:03.770,3.311,9200
2020-09-30 09:40:03.770,3.311,2000
2020-09-30 09:40:03.770,3.311,30000
2020-09-30 09:40:03.770,3.311,5200
2020-09-30 09:40:03.770,3.311,300
2020-09-30 09:40:03.770,3.311,10000
2020-09-30 09:40:03.770,3.311,200200
2020-09-30 09:40:03.850,3.311,50500
2020-09-30 09:40:04.300,3.311,500
2020-09-30 09:40:04.610,3.311,9200
2020-09-30 09:40:04.730,3.311,5000
2020-09-30 09:40:05.170,3.311,2000
2020-09-30 09:40:07.280,3.311,1900
2020-09-30 09:40:11.830,3.311,1000
2020-09-30 09:40:12.100,3.311,10000
2020-09-30 09:40:13.320,3.312,1500
2020-09-30 09:40:13.320,3.312,3000
2020-09-30 09:40:13.320,3.312,5000
2020-09-30 09:40:13.320,3.312,10500
2020-09-30 09:40:13.820,3.312,8600
2020-09-30 09:40:13.820,3.312,500
2020-09-30 09:40:13.820,3.312,3400
2020-09-30 09:40:13.820,3.312,2300
2020-09-30 09:40:13.820,3.312,5200
2020-09-30 09:40:14.680,3.311,2400
2020-09-30 09:40:15.990,3.312,4800
2020-09-30 09:40:15.990,3.312,9000
2020-09-30 09:40:15.990,3.312,1200
2020-09-30 09:40:16.480,3.311,300
2020-09-30 09:40:16.640,3.311,3100
2020-09-30 09:40:16.920,3.312,3800
2020-09-30 09:40:16.920,3.312,1300
2020-09-30 09:40:16.920,3.312,60000
2020-09-30 09:40:16.920,3.312,3200
2020-09-30 09:40:16.920,3.312,9200
2020-09-30 09:40:16.920,3.312,5000
2020-09-30 09:40:16.920,3.312,50000
2020-09-30 09:40:16.920,3.312,1500
2020-09-30 09:40:16.920,3.312,30300
2020-09-30 09:40:16.920,3.312,6400
2020-09-30 09:40:16.920,3.312,1000
2020-09-30 09:40:16.920,3.312,1500
2020-09-30 09:40:16.920,3.312,1000
2020-09-30 09:40:16.920,3.312,10000
2020-09-30 09:40:16.920,3.312,5000
2020-09-30 09:40:16.920,3.312,1000
2020-09-30 09:40:16.920,3.312,2000
2020-09-30 09:40:16.920,3.312,4400
2020-09-30 09:40:16.920,3.312,5000
2020-09-30 09:40:16.920,3.312,3000
2020-09-30 09:40:16.920,3.312,100
2020-09-30 09:40:16.920,3.312,300
2020-09-30 09:40:16.920,3.312,36300
2020-09-30 09:40:16.920,3.312,4000
2020-09-30 09:40:16.920,3.312,100
2020-09-30 09:40:16.920,3.312,30000
2020-09-30 09:40:16.920,3.312,1000
2020-09-30 09:40:16.920,3.312,1100
2020-09-30 09:40:16.920,3.313,4500
2020-09-30 09:40:16.920,3.313,100
2020-09-30 09:40:16.920,3.313,10000
2020-09-30 09:40:16.920,3.313,7900
2020-09-30 09:40:19.930,3.312,3000
2020-09-30 09:40:20.040,3.313,2100
2020-09-30 09:40:20.040,3.313,100
2020-09-30 09:40:20.040,3.313,5400
2020-09-30 09:40:20.040,3.313,300
2020-09-30 09:40:20.040,3.313,1700
2020-09-30 09:40:20.040,3.313,20000
2020-09-30 09:40:20.040,3.313,3000
2020-09-30 09:40:20.040,3.313,20700
2020-09-30 09:40:20.040,3.313,2600
2020-09-30 09:40:20.040,3.313,10000
2020-09-30 09:40:20.040,3.313,5000
2020-09-30 09:40:20.040,3.313,5000
2020-09-30 09:40:20.040,3.313,5000
2020-09-30 09:40:20.040,3.313,10000
2020-09-30 09:40:20.040,3.313,6800
2020-09-30 09:40:20.040,3.313,3000
2020-09-30 09:40:20.040,3.313,10000
2020-09-30 09:40:20.040,3.313,1300
2020-09-30 09:40:20.040,3.313,10000
2020-09-30 09:40:20.040,3.313,10000
2020-09-30 09:40:20.040,3.313,1000
2020-09-30 09:40:20.040,3.313,200
2020-09-30 09:40:20.040,3.313,1000
2020-09-30 09:40:20.040,3.314,100
2020-09-30 09:40:20.040,3.314,200
2020-09-30 09:40:20.040,3.314,100
2020-09-30 09:40:20.040,3.314,10000
2020-09-30 09:40:20.040,3.314,29600
2020-09-30 09:40:20.040,3.314,1000
2020-09-30 09:40:20.040,3.314,5000
2020-09-30 09:40:20.040,3.314,9000
2020-09-30 09:40:20.040,3.314,10000
2020-09-30 09:40:20.040,3.314,30000
2020-09-30 09:40:20.040,3.314,5000
2020-09-30 09:40:20.040,3.314,9900
2020-09-30 09:40:20.040,3.314,10000
2020-09-30 09:40:20.040,3.314,10000
2020-09-30 09:40:20.040,3.314,10000
2020-09-30 09:40:20.040,3.314,2600
2020-09-30 09:40:20.040,3.314,2700
2020-09-30 09:40:20.040,3.314,200
2020-09-30 09:40:20.040,3.314,200
2020-09-30 09:40:20.040,3.314,500
2020-09-30 09:40:20.040,3.314,6900
2020-09-30 09:40:20.040,3.314,50000
2020-09-30 09:40:20.040,3.314,500
2020-09-30 09:40:20.040,3.314,3000
2020-09-30 09:40:20.040,3.314,100
2020-09-30 09:40:20.040,3.314,100
2020-09-30 09:40:20.040,3.314,5000
2020-09-30 09:40:20.040,3.314,10000
2020-09-30 09:40:20.040,3.314,10000
2020-09-30 09:40:20.040,3.314,5000
2020-09-30 09:40:20.040,3.314,8200
2020-09-30 09:40:20.040,3.314,2200
2020-09-30 09:40:20.040,3.314,10000
2020-09-30 09:40:20.040,3.314,6000
2020-09-30 09:40:20.040,3.314,1500
2020-09-30 09:40:20.040,3.314,200
2020-09-30 09:40:20.800,3.312,1500
2020-09-30 09:40:21.510,3.312,1000
2020-09-30 09:40:22.880,3.314,50000
2020-09-30 09:40:24.810,3.313,10000
2020-09-30 09:40:24.810,3.313,58400
2020-09-30 09:40:25.370,3.313,200
2020-09-30 09:40:25.500,3.313,10000
2020-09-30 09:40:27.190,3.313,4000
2020-09-30 09:40:27.400,3.312,1100
2020-09-30 09:40:27.400,3.312,5000
2020-09-30 09:40:27.400,3.311,2300
2020-09-30 09:40:28.040,3.313,400
2020-09-30 09:40:32.870,3.313,217000
2020-09-30 09:40:32.870,3.313,20000
2020-09-30 09:40:32.870,3.313,30000
2020-09-30 09:40:32.870,3.313,33000
2020-09-30 09:40:36.840,3.313,267000
2020-09-30 09:40:36.840,3.313,1000
2020-09-30 09:40:36.840,3.313,30000
2020-09-30 09:40:36.840,3.313,1000
2020-09-30 09:40:37.870,3.314,45200
2020-09-30 09:40:38.790,3.313,1000
2020-09-30 09:40:38.790,3.312,300
2020-09-30 09:40:38.790,3.312,6300
2020-09-30 09:40:39.600,3.313,300
2020-09-30 09:40:39.600,3.312,200
2020-09-30 09:40:45.130,3.313,200
2020-09-30 09:40:46.350,3.312,19800
2020-09-30 09:40:46.350,3.312,12200
2020-09-30 09:40:46.380,3.313,5800
2020-09-30 09:40:46.380,3.313,4200
2020-09-30 09:40:49.470,3.313,5000
2020-09-30 09:40:49.470,3.313,5000
2020-09-30 09:40:50.590,3.313,1600
2020-09-30 09:40:51.150,3.312,11000
2020-09-30 09:40:51.560,3.312,100
2020-09-30 09:40:54.790,3.313,13400
2020-09-30 09:40:54.790,3.313,30000
2020-09-30 09:40:54.790,3.313,5000
2020-09-30 09:40:54.790,3.313,2000
2020-09-30 09:40:54.790,3.313,3100
2020-09-30 09:40:54.790,3.313,5200
2020-09-30 09:40:54.790,3.313,18100
2020-09-30 09:40:54.880,3.313,15000
2020-09-30 09:40:55.920,3.313,100
2020-09-30 09:40:55.980,3.313,20000
2020-09-30 09:40:58.800,3.313,20000
2020-09-30 09:40:59.800,3.313,100000
2020-09-30 09:41:00.490,3.313,1400
2020-09-30 09:41:01.950,3.313,4500
2020-09-30 09:41:02.010,3.313,62200
2020-09-30 09:41:02.010,3.313,12600
2020-09-30 09:41:02.010,3.313,64000
2020-09-30 09:41:02.520,3.313,32000
2020-09-30 09:41:02.860,3.313,2000
2020-09-30 09:41:04.050,3.313,5000
2020-09-30 09:41:05.450,3.313,5400
2020-09-30 09:41:11.160,3.313,100
2020-09-30 09:41:15.440,3.312,500
2020-09-30 09:41:15.440,3.312,600
2020-09-30 09:41:15.440,3.312,3000
2020-09-30 09:41:15.870,3.312,125500
2020-09-30 09:41:18.940,3.312,1200
2020-09-30 09:41:19.220,3.313,3000
2020-09-30 09:41:19.730,3.313,3000
2020-09-30 09:41:19.910,3.312,43400
2020-09-30 09:41:21.460,3.313,1300
2020-09-30 09:41:22.000,3.313,3100
2020-09-30 09:41:25.980,3.313,64600
2020-09-30 09:41:27.610,3.312,200
2020-09-30 09:41:29.430,3.313,4000
2020-09-30 09:41:31.370,3.312,300100
2020-09-30 09:41:31.700,3.312,2000
2020-09-30 09:41:32.270,3.312,300000
2020-09-30 09:41:32.780,3.312,1500
2020-09-30 09:41:36.100,3.312,500
2020-09-30 09:41:36.670,3.312,109000
2020-09-30 09:41:38.050,3.312,76100
2020-09-30 09:41:38.850,3.313,2000
2020-09-30 09:41:40.060,3.312,500
2020-09-30 09:41:43.020,3.312,900
2020-09-30 09:41:43.830,3.313,100
2020-09-30 09:41:43.930,3.312,1600
2020-09-30 09:41:45.640,3.312,5000
2020-09-30 09:41:46.500,3.312,10000
2020-09-30 09:41:46.620,3.312,6000
2020-09-30 09:41:47.780,3.312,16500
2020-09-30 09:41:47.780,3.312,3500
2020-09-30 09:41:49.520,3.312,700
2020-09-30 09:41:51.690,3.312,4000
2020-09-30 09:41:51.880,3.312,1800
2020-09-30 09:41:51.880,3.312,5200
2020-09-30 09:41:53.020,3.312,6000
2020-09-30 09:41:53.910,3.312,5000
2020-09-30 09:41:54.160,3.312,300
2020-09-30 09:41:56.320,3.312,3500
2020-09-30 09:41:58.030,3.312,2500
2020-09-30 09:41:59.770,3.312,20000
2020-09-30 09:41:59.800,3.313,10000
2020-09-30 09:42:00.050,3.313,15000
2020-09-30 09:42:01.730,3.312,2000
2020-09-30 09:42:02.270,3.313,200
2020-09-30 09:42:02.270,3.312,5000
2020-09-30 09:42:03.940,3.312,3000
2020-09-30 09:42:06.140,3.312,900
2020-09-30 09:42:09.080,3.312,10000
2020-09-30 09:42:11.230,3.312,3600
2020-09-30 09:42:13.540,3.312,500
2020-09-30 09:42:14.770,3.312,4300
2020-09-30 09:42:14.820,3.313,10600
2020-09-30 09:42:14.820,3.313,1000
2020-09-30 09:42:14.820,3.313,700
2020-09-30 09:42:14.820,3.313,16600
2020-09-30 09:42:15.860,3.312,4500
2020-09-30 09:42:18.970,3.312,18400
2020-09-30 09:42:18.970,3.312,20000
2020-09-30 09:42:22.360,3.312,5000
2020-09-30 09:42:23.140,3.312,500
2020-09-30 09:42:24.820,3.313,200
2020-09-30 09:42:25.470,3.312,5000
2020-09-30 09:42:26.160,3.312,500000
2020-09-30 09:42:27.760,3.312,7000
2020-09-30 09:42:28.300,3.312,3000
2020-09-30 09:42:29.310,3.312,13300
2020-09-30 09:42:30.090,3.312,3000
2020-09-30 09:42:30.760,3.313,1700
2020-09-30 09:42:30.850,3.313,600
2020-09-30 09:42:31.890,3.312,175100
2020-09-30 09:42:34.160,3.312,62800
2020-09-30 09:42:35.280,3.313,200
2020-09-30 09:42:35.340,3.312,6400
2020-09-30 09:42:35.340,3.312,100
2020-09-30 09:42:35.580,3.312,2000
2020-09-30 09:42:35.580,3.313,2400
2020-09-30 09:42:36.450,3.313,200
2020-09-30 09:42:37.460,3.313,3000
2020-09-30 09:42:37.870,3.312,10000
2020-09-30 09:42:37.900,3.313,200
2020-09-30 09:42:39.420,3.312,100
2020-09-30 09:42:39.610,3.312,3100
2020-09-30 09:42:40.850,3.312,88900
2020-09-30 09:42:40.850,3.312,1000
2020-09-30 09:42:40.850,3.312,1000
2020-09-30 09:42:40.850,3.312,3500
2020-09-30 09:42:40.850,3.312,30000
2020-09-30 09:42:40.850,3.312,1000
2020-09-30 09:42:40.850,3.312,100
2020-09-30 09:42:43.720,3.312,300
2020-09-30 09:42:47.360,3.312,4000
2020-09-30 09:42:48.800,3.312,4900
2020-09-30 09:42:50.300,3.312,1400
2020-09-30 09:42:52.270,3.312,63900
2020-09-30 09:42:52.270,3.312,3100
2020-09-30 09:42:52.270,3.312,4700
2020-09-30 09:42:52.270,3.312,3000
2020-09-30 09:42:52.270,3.312,3300
2020-09-30 09:42:52.270,3.312,30000
2020-09-30 09:42:52.270,3.312,10000
2020-09-30 09:42:52.270,3.312,30000
2020-09-30 09:42:52.530,3.312,127900
2020-09-30 09:42:52.720,3.312,1000
2020-09-30 09:42:53.240,3.312,3700
2020-09-30 09:42:53.580,3.312,1000
2020-09-30 09:42:54.540,3.312,5000
2020-09-30 09:42:54.930,3.312,100
2020-09-30 09:42:55.370,3.312,10000
2020-09-30 09:42:55.400,3.312,3300
2020-09-30 09:43:09.340,3.311,1200
2020-09-30 09:43:10.540,3.311,1000
2020-09-30 09:43:12.270,3.312,1700
2020-09-30 09:43:12.270,3.312,7000
2020-09-30 09:43:12.270,3.312,25100
2020-09-30 09:43:12.270,3.312,3400
2020-09-30 09:43:12.270,3.312,500
2020-09-30 09:43:12.270,3.312,5000
2020-09-30 09:43:12.270,3.312,257300
2020-09-30 09:43:13.710,3.311,3000
2020-09-30 09:43:13.920,3.312,300
2020-09-30 09:43:14.480,3.312,3000
2020-09-30 09:43:14.900,3.311,206600
2020-09-30 09:43:14.900,3.311,200
2020-09-30 09:43:14.900,3.311,93200
2020-09-30 09:43:15.600,3.311,3800
2020-09-30 09:43:15.940,3.312,5900
2020-09-30 09:43:15.940,3.312,1000
2020-09-30 09:43:15.940,3.312,3000
2020-09-30 09:43:15.940,3.312,30000
2020-09-30 09:43:15.940,3.312,25000
2020-09-30 09:43:15.940,3.312,3000
2020-09-30 09:43:15.940,3.312,200
2020-09-30 09:43:15.940,3.312,12100
2020-09-30 09:43:15.940,3.312,219800
2020-09-30 09:43:16.020,3.312,2800
2020-09-30 09:43:19.130,3.312,3300
2020-09-30 09:43:21.470,3.312,3500
2020-09-30 09:43:22.660,3.312,400
2020-09-30 09:43:24.730,3.312,45100
2020-09-30 09:43:24.730,3.312,1000
2020-09-30 09:43:24.730,3.312,10000
2020-09-30 09:43:24.730,3.312,18500
2020-09-30 09:43:24.730,3.312,31700
2020-09-30 09:43:24.730,3.312,3200
2020-09-30 09:43:24.730,3.312,5000
2020-09-30 09:43:24.730,3.312,1500
2020-09-30 09:43:24.730,3.312,9200
2020-09-30 09:43:25.040,3.312,7500
2020-09-30 09:43:27.510,3.312,1000
2020-09-30 09:43:28.640,3.312,300
2020-09-30 09:43:29.490,3.312,700
2020-09-30 09:43:29.670,3.312,500
2020-09-30 09:43:30.580,3.312,6500
2020-09-30 09:43:32.050,3.312,18100
2020-09-30 09:43:32.480,3.312,2000
2020-09-30 09:43:32.590,3.312,2000
2020-09-30 09:43:34.560,3.313,600
2020-09-30 09:43:36.130,3.312,200
2020-09-30 09:43:36.380,3.312,1000
2020-09-30 09:43:37.030,3.312,10000
2020-09-30 09:43:37.630,3.312,100
2020-09-30 09:43:38.340,3.313,1300
2020-09-30 09:43:38.820,3.312,10000
2020-09-30 09:43:39.050,3.312,2000
2020-09-30 09:43:39.140,3.312,300
2020-09-30 09:43:40.310,3.312,200
2020-09-30 09:43:42.060,3.312,100
2020-09-30 09:43:42.710,3.312,15700
2020-09-30 09:43:43.510,3.313,5100
2020-09-30 09:43:45.130,3.312,3000
2020-09-30 09:43:46.040,3.312,10000
2020-09-30 09:43:46.880,3.312,83600
2020-09-30 09:43:46.880,3.312,216300
2020-09-30 09:43:49.550,3.312,3000
2020-09-30 09:43:49.920,3.312,21000
2020-09-30 09:43:49.920,3.312,18200
2020-09-30 09:43:49.920,3.312,39400
2020-09-30 09:43:50.000,3.312,2100
2020-09-30 09:43:50.000,3.312,15000
2020-09-30 09:43:50.000,3.312,100
2020-09-30 09:43:50.000,3.312,300
2020-09-30 09:43:50.000,3.312,300
2020-09-30 09:43:50.000,3.312,28600
2020-09-30 09:43:50.000,3.312,8300
2020-09-30 09:43:50.000,3.312,17100
2020-09-30 09:43:50.200,3.313,100
2020-09-30 09:43:50.200,3.312,22900
2020-09-30 09:43:55.310,3.312,1400
2020-09-30 09:43:57.610,3.312,200
2020-09-30 09:44:01.140,3.312,5000
2020-09-30 09:44:01.660,3.311,1000
2020-09-30 09:44:02.060,3.311,5000
2020-09-30 09:44:02.550,3.312,100
2020-09-30 09:44:05.250,3.312,20400
2020-09-30 09:44:05.250,3.312,5000
2020-09-30 09:44:05.250,3.312,3000
2020-09-30 09:44:05.250,3.312,10000
2020-09-30 09:44:05.250,3.312,200
2020-09-30 09:44:05.250,3.312,42700
2020-09-30 09:44:05.250,3.312,6000
2020-09-30 09:44:05.250,3.312,212700
2020-09-30 09:44:08.670,3.311,35000
2020-09-30 09:44:10.150,3.312,100
2020-09-30 09:44:10.150,3.312,900
2020-09-30 09:44:10.210,3.311,50000
2020-09-30 09:44:10.610,3.312,3200
2020-09-30 09:44:10.610,3.312,1000
2020-09-30 09:44:10.610,3.312,5000
2020-09-30 09:44:10.610,3.312,2000
2020-09-30 09:44:10.610,3.312,2100
2020-09-30 09:44:10.610,3.312,6700
2020-09-30 09:44:10.610,3.312,9200
2020-09-30 09:44:10.610,3.312,10000
2020-09-30 09:44:10.610,3.312,30000
2020-09-30 09:44:10.610,3.313,22900
2020-09-30 09:44:10.610,3.313,5400
2020-09-30 09:44:10.610,3.313,500
2020-09-30 09:44:10.610,3.313,10500
2020-09-30 09:44:10.610,3.313,2500
2020-09-30 09:44:10.610,3.313,5000
2020-09-30 09:44:10.610,3.313,7200
2020-09-30 09:44:10.610,3.313,9000
2020-09-30 09:44:10.610,3.313,5000
2020-09-30 09:44:10.610,3.313,9200
2020-09-30 09:44:10.610,3.313,600
2020-09-30 09:44:10.610,3.313,30000
2020-09-30 09:44:10.610,3.313,900
2020-09-30 09:44:10.610,3.313,100
2020-09-30 09:44:10.610,3.313,2000
2020-09-30 09:44:10.610,3.313,2000
2020-09-30 09:44:10.610,3.313,1000
2020-09-30 09:44:10.610,3.313,5000
2020-09-30 09:44:10.610,3.313,12000
2020-09-30 09:44:10.610,3.313,20000
2020-09-30 09:44:10.610,3.313,30000
2020-09-30 09:44:10.610,3.313,9200
2020-09-30 09:44:10.610,3.313,15000
2020-09-30 09:44:10.610,3.313,25800
2020-09-30 09:44:11.070,3.313,4200
2020-09-30 09:44:11.070,3.313,5500
2020-09-30 09:44:11.070,3.313,2000
2020-09-30 09:44:11.070,3.313,10000
2020-09-30 09:44:11.070,3.313,1500
2020-09-30 09:44:11.070,3.313,9000
2020-09-30 09:44:11.070,3.313,1500
2020-09-30 09:44:11.070,3.313,2500
2020-09-30 09:44:11.070,3.313,9200
2020-09-30 09:44:11.070,3.313,33300
2020-09-30 09:44:11.070,3.313,200
2020-09-30 09:44:11.070,3.313,6000
2020-09-30 09:44:11.070,3.313,30000
2020-09-30 09:44:11.070,3.313,50000
2020-09-30 09:44:11.070,3.313,2000
2020-09-30 09:44:11.070,3.313,3000
2020-09-30 09:44:11.070,3.313,7000
2020-09-30 09:44:11.070,3.313,6400
2020-09-30 09:44:11.070,3.313,10000
2020-09-30 09:44:11.070,3.313,1000
2020-09-30 09:44:11.070,3.313,21400
2020-09-30 09:44:11.070,3.313,4200
2020-09-30 09:44:11.070,3.313,5000
2020-09-30 09:44:11.070,3.313,100
2020-09-30 09:44:11.070,3.313,9200
2020-09-30 09:44:11.070,3.313,5000
2020-09-30 09:44:11.070,3.313,300
2020-09-30 09:44:11.070,3.313,5600
2020-09-30 09:44:11.070,3.313,30000
2020-09-30 09:44:11.070,3.313,24900
2020-09-30 09:44:11.910,3.313,52300
2020-09-30 09:44:11.910,3.313,50000
2020-09-30 09:44:11.910,3.313,6000
2020-09-30 09:44:11.910,3.313,4500
2020-09-30 09:44:11.910,3.313,300
2020-09-30 09:44:11.910,3.313,122400
2020-09-30 09:44:11.910,3.313,5000
2020-09-30 09:44:11.910,3.313,4000
2020-09-30 09:44:11.910,3.313,9200
2020-09-30 09:44:11.910,3.313,3500
2020-09-30 09:44:11.910,3.313,5000
2020-09-30 09:44:11.910,3.313,33300
2020-09-30 09:44:11.910,3.313,4500
2020-09-30 09:44:12.740,3.313,100
2020-09-30 09:44:13.220,3.312,5000
2020-09-30 09:44:14.810,3.313,5400
2020-09-30 09:44:14.810,3.313,1500
2020-09-30 09:44:14.810,3.313,5000
2020-09-30 09:44:14.810,3.313,5000
2020-09-30 09:44:14.810,3.313,5000
2020-09-30 09:44:14.810,3.313,30000
2020-09-30 09:44:14.810,3.313,33200
2020-09-30 09:44:14.810,3.313,500
2020-09-30 09:44:14.810,3.313,9200
2020-09-30 09:44:14.810,3.313,8800
2020-09-30 09:44:14.810,3.313,30000
2020-09-30 09:44:14.810,3.313,15000
2020-09-30 09:44:14.810,3.313,700
2020-09-30 09:44:14.810,3.313,120000
2020-09-30 09:44:14.810,3.313,3000
2020-09-30 09:44:14.810,3.313,5000
2020-09-30 09:44:14.810,3.313,22700
2020-09-30 09:44:15.340,3.312,1500
2020-09-30 09:44:15.930,3.312,600
2020-09-30 09:44:16.700,3.312,500
2020-09-30 09:44:16.760,3.312,1000
2020-09-30 09:44:17.230,3.312,5000
2020-09-30 09:44:17.980,3.312,3000
2020-09-30 09:44:18.040,3.312,300
2020-09-30 09:44:18.450,3.312,8000
2020-09-30 09:44:19.040,3.312,275100
2020-09-30 09:44:19.040,3.312,20000
2020-09-30 09:44:19.040,3.312,10000
2020-09-30 09:44:19.720,3.312,5000
2020-09-30 09:44:20.790,3.312,89900
2020-09-30 09:44:20.910,3.313,27300
2020-09-30 09:44:20.910,3.313,100
2020-09-30 09:44:20.910,3.313,10000
2020-09-30 09:44:20.910,3.313,10000
2020-09-30 09:44:21.970,3.313,7800
2020-09-30 09:44:22.750,3.314,4600
2020-09-30 09:44:22.750,3.314,4100
2020-09-30 09:44:22.750,3.314,35000
2020-09-30 09:44:22.750,3.314,2000
2020-09-30 09:44:22.750,3.314,200
2020-09-30 09:44:22.750,3.314,500
2020-09-30 09:44:22.750,3.314,100
2020-09-30 09:44:22.750,3.314,9000
2020-09-30 09:44:22.750,3.314,5600
2020-09-30 09:44:22.750,3.314,9200
2020-09-30 09:44:22.750,3.314,6000
2020-09-30 09:44:22.750,3.314,5000
2020-09-30 09:44:22.750,3.314,1000
2020-09-30 09:44:22.750,3.314,10000
2020-09-30 09:44:22.750,3.314,100
2020-09-30 09:44:22.750,3.314,5000
2020-09-30 09:44:22.750,3.314,3000
2020-09-30 09:44:22.750,3.314,2000
2020-09-30 09:44:22.750,3.314,10000
2020-09-30 09:44:22.750,3.314,2000
2020-09-30 09:44:22.750,3.314,10000
2020-09-30 09:44:22.750,3.314,9200
2020-09-30 09:44:22.750,3.314,10000
2020-09-30 09:44:22.750,3.314,10000
2020-09-30 09:44:22.750,3.314,30000
2020-09-30 09:44:22.750,3.314,2000
2020-09-30 09:44:22.750,3.314,5400
2020-09-30 09:44:22.750,3.314,1500
2020-09-30 09:44:22.750,3.314,100
2020-09-30 09:44:22.750,3.314,34000
2020-09-30 09:44:22.750,3.314,1000
2020-09-30 09:44:22.750,3.314,3900
2020-09-30 09:44:22.750,3.314,1000
2020-09-30 09:44:22.750,3.314,10000
2020-09-30 09:44:22.750,3.314,400
2020-09-30 09:44:22.750,3.314,5000
2020-09-30 09:44:22.750,3.314,34800
2020-09-30 09:44:22.750,3.314,17300
2020-09-30 09:44:23.810,3.313,5800
2020-09-30 09:44:26.710,3.313,5600
2020-09-30 09:44:27.540,3.313,2000
2020-09-30 09:44:27.780,3.313,2500
2020-09-30 09:44:28.730,3.314,32700
2020-09-30 09:44:28.730,3.314,300
2020-09-30 09:44:28.730,3.314,700
2020-09-30 09:44:28.730,3.314,100000
2020-09-30 09:44:28.730,3.314,4000
2020-09-30 09:44:28.730,3.314,5000
2020-09-30 09:44:28.730,3.314,1100
2020-09-30 09:44:28.730,3.314,5000
2020-09-30 09:44:28.730,3.314,1000
2020-09-30 09:44:28.730,3.314,9200
2020-09-30 09:44:28.730,3.314,30000
2020-09-30 09:44:28.730,3.314,2000
2020-09-30 09:44:28.940,3.315,100
2020-09-30 09:44:28.940,3.315,10000
2020-09-30 09:44:28.940,3.315,100
2020-09-30 09:44:28.940,3.315,1000
2020-09-30 09:44:28.940,3.315,9000
2020-09-30 09:44:28.940,3.315,9000
2020-09-30 09:44:28.940,3.315,100
2020-09-30 09:44:28.940,3.315,100
2020-09-30 09:44:28.940,3.315,10000
2020-09-30 09:44:28.940,3.315,10000
2020-09-30 09:44:28.940,3.315,10000
2020-09-30 09:44:28.940,3.315,100
2020-09-30 09:44:28.940,3.315,10000
2020-09-30 09:44:28.940,3.315,5000
2020-09-30 09:44:28.940,3.315,2000
2020-09-30 09:44:28.940,3.315,5000
2020-09-30 09:44:28.940,3.315,8000
2020-09-30 09:44:28.940,3.315,20000
2020-09-30 09:44:28.940,3.315,20000
2020-09-30 09:44:28.940,3.315,100
2020-09-30 09:44:28.940,3.315,1000
2020-09-30 09:44:28.940,3.315,5000
2020-09-30 09:44:28.940,3.315,2000
2020-09-30 09:44:28.940,3.315,3000
2020-09-30 09:44:28.940,3.315,1200
2020-09-30 09:44:28.940,3.315,300
2020-09-30 09:44:28.940,3.315,2000
2020-09-30 09:44:28.940,3.315,5000
2020-09-30 09:44:28.940,3.315,12000
2020-09-30 09:44:28.940,3.315,5000
2020-09-30 09:44:28.940,3.315,200
2020-09-30 09:44:28.940,3.315,50000
2020-09-30 09:44:28.940,3.315,1000
2020-09-30 09:44:28.940,3.315,12000
2020-09-30 09:44:28.940,3.315,1000
2020-09-30 09:44:28.940,3.315,5000
2020-09-30 09:44:28.940,3.315,1000
2020-09-30 09:44:28.940,3.315,1500
2020-09-30 09:44:28.940,3.315,10000
2020-09-30 09:44:28.940,3.315,20000
2020-09-30 09:44:28.940,3.315,3200
2020-09-30 09:44:28.940,3.315,2000
2020-09-30 09:44:28.940,3.315,800
2020-09-30 09:44:28.940,3.315,1000
2020-09-30 09:44:28.940,3.315,25200
2020-09-30 09:44:29.280,3.314,5100
2020-09-30 09:44:31.520,3.314,1000
2020-09-30 09:44:32.360,3.314,3000
2020-09-30 09:44:33.310,3.314,2000
2020-09-30 09:44:33.370,3.314,7000
2020-09-30 09:44:34.520,3.314,1000
2020-09-30 09:44:36.760,3.314,5000
2020-09-30 09:44:37.420,3.314,80000
2020-09-30 09:44:38.610,3.315,5600
2020-09-30 09:44:38.840,3.315,26200
2020-09-30 09:44:38.840,3.315,200
2020-09-30 09:44:38.840,3.315,5000
2020-09-30 09:44:38.840,3.315,20000
2020-09-30 09:44:38.840,3.315,10000
2020-09-30 09:44:38.840,3.315,10000
2020-09-30 09:44:38.840,3.315,1000
2020-09-30 09:44:38.840,3.315,5000
2020-09-30 09:44:38.840,3.315,5000
2020-09-30 09:44:38.840,3.315,1000
2020-09-30 09:44:38.840,3.315,4000
2020-09-30 09:44:38.840,3.315,4800
2020-09-30 09:44:38.840,3.315,3000
2020-09-30 09:44:38.840,3.315,34800
2020-09-30 09:44:40.800,3.314,1000
2020-09-30 09:44:43.140,3.314,102200
2020-09-30 09:44:43.280,3.315,300000
2020-09-30 09:44:44.400,3.315,1000
2020-09-30 09:44:44.600,3.314,1000
2020-09-30 09:44:44.600,3.314,1500
2020-09-30 09:44:45.330,3.314,18000
2020-09-30 09:44:45.480,3.315,200
2020-09-30 09:44:48.030,3.314,3000
2020-09-30 09:44:48.200,3.314,5000
2020-09-30 09:44:48.260,3.315,1400
2020-09-30 09:44:48.290,3.314,12500
2020-09-30 09:44:48.550,3.314,3000
2020-09-30 09:44:49.200,3.314,10000
2020-09-30 09:44:49.690,3.314,56800
2020-09-30 09:44:49.690,3.314,6000
2020-09-30 09:44:49.690,3.314,5000
2020-09-30 09:44:49.690,3.314,50000
2020-09-30 09:44:50.560,3.314,24100
2020-09-30 09:44:51.340,3.313,20000
2020-09-30 09:44:53.080,3.314,4400
2020-09-30 09:44:56.880,3.313,500
2020-09-30 09:44:58.830,3.314,19400
2020-09-30 09:45:00.140,3.314,35000
2020-09-30 09:45:00.910,3.314,600
2020-09-30 09:45:03.500,3.314,9000
2020-09-30 09:45:06.090,3.313,1000
2020-09-30 09:45:06.800,3.313,2200
2020-09-30 09:45:09.050,3.314,5000
2020-09-30 09:45:10.680,3.313,1000
2020-09-30 09:45:10.770,3.313,9900
2020-09-30 09:45:11.820,3.314,1400
2020-09-30 09:45:17.570,3.314,83300
2020-09-30 09:45:17.570,3.314,3000
2020-09-30 09:45:17.570,3.314,46400
2020-09-30 09:45:18.870,3.313,2000
2020-09-30 09:45:19.280,3.313,1000
2020-09-30 09:45:19.340,3.313,191300
2020-09-30 09:45:19.340,3.313,30000
2020-09-30 09:45:19.340,3.313,7500
2020-09-30 09:45:19.340,3.313,2000
2020-09-30 09:45:19.340,3.313,1500
2020-09-30 09:45:19.340,3.313,1000
2020-09-30 09:45:19.340,3.313,2100
2020-09-30 09:45:20.070,3.313,800
2020-09-30 09:45:20.480,3.313,1300
2020-09-30 09:45:24.980,3.313,2000
2020-09-30 09:45:30.310,3.313,15800
2020-09-30 09:45:34.960,3.312,300000
2020-09-30 09:45:36.680,3.313,2700
2020-09-30 09:45:38.800,3.312,1300
2020-09-30 09:45:38.800,3.312,3300
2020-09-30 09:45:38.800,3.312,400
2020-09-30 09:45:39.550,3.313,45600
2020-09-30 09:45:39.550,3.313,1500
2020-09-30 09:45:40.030,3.312,1600
2020-09-30 09:45:42.150,3.312,10000
2020-09-30 09:45:45.770,3.312,5000
2020-09-30 09:45:46.810,3.311,112000
2020-09-30 09:45:46.810,3.311,30000
2020-09-30 09:45:46.810,3.311,1200
2020-09-30 09:45:46.810,3.311,20000
2020-09-30 09:45:46.810,3.311,15000
2020-09-30 09:45:46.810,3.311,4500
2020-09-30 09:45:46.810,3.311,70900
2020-09-30 09:45:51.480,3.311,126400
2020-09-30 09:45:51.480,3.311,1500
2020-09-30 09:45:51.480,3.311,3100
2020-09-30 09:45:51.480,3.311,40000
2020-09-30 09:45:51.480,3.311,20000
2020-09-30 09:45:51.480,3.311,107500
2020-09-30 09:45:52.190,3.312,23400
2020-09-30 09:45:52.190,3.312,61900
2020-09-30 09:45:52.190,3.312,7500
2020-09-30 09:45:52.190,3.312,50000
2020-09-30 09:45:52.190,3.312,9200
2020-09-30 09:45:52.190,3.312,100
2020-09-30 09:45:52.190,3.312,30000
2020-09-30 09:45:52.190,3.313,10000
2020-09-30 09:45:52.190,3.313,10000
2020-09-30 09:45:52.190,3.313,9200
2020-09-30 09:45:52.190,3.313,30000
2020-09-30 09:45:52.190,3.313,3000
2020-09-30 09:45:52.190,3.313,1000
2020-09-30 09:45:52.190,3.313,16600
2020-09-30 09:45:52.190,3.313,3000
2020-09-30 09:45:52.190,3.313,8000
2020-09-30 09:45:52.190,3.313,209200
2020-09-30 09:45:52.680,3.313,90800
2020-09-30 09:45:52.680,3.313,4000
2020-09-30 09:45:52.680,3.313,3000
2020-09-30 09:45:53.100,3.313,7100
2020-09-30 09:45:54.210,3.313,10000
2020-09-30 09:45:56.070,3.313,36700
2020-09-30 09:45:57.420,3.313,30500
2020-09-30 09:45:59.400,3.313,20000
2020-09-30 09:45:59.820,3.313,97900
2020-09-30 09:46:02.140,3.312,102200
2020-09-30 09:46:06.460,3.313,15000
2020-09-30 09:46:07.610,3.312,2000
2020-09-30 09:46:07.670,3.312,13700
2020-09-30 09:46:07.960,3.311,3600
2020-09-30 09:46:07.960,3.311,6400
2020-09-30 09:46:08.380,3.311,1000
2020-09-30 09:46:08.830,3.312,16300
2020-09-30 09:46:09.310,3.313,186900
2020-09-30 09:46:09.310,3.313,5000
2020-09-30 09:46:09.310,3.313,6000
2020-09-30 09:46:09.310,3.313,102100
2020-09-30 09:46:09.830,3.312,400
2020-09-30 09:46:12.730,3.312,20000
2020-09-30 09:46:12.730,3.312,30000
2020-09-30 09:46:12.820,3.313,197900
2020-09-30 09:46:12.820,3.313,9200
2020-09-30 09:46:12.820,3.313,400
2020-09-30 09:46:12.820,3.313,30000
2020-09-30 09:46:12.820,3.314,1000
2020-09-30 09:46:12.820,3.314,3000
2020-09-30 09:46:12.820,3.314,9200
2020-09-30 09:46:12.820,3.314,6000
2020-09-30 09:46:12.820,3.314,30000
2020-09-30 09:46:12.820,3.314,2000
2020-09-30 09:46:12.820,3.314,100
2020-09-30 09:46:12.820,3.314,1000
2020-09-30 09:46:12.820,3.314,2000
2020-09-30 09:46:12.820,3.314,6000
2020-09-30 09:46:12.820,3.314,2200
2020-09-30 09:46:13.690,3.313,200
2020-09-30 09:46:13.690,3.312,10000
2020-09-30 09:46:13.690,3.312,9800
2020-09-30 09:46:14.880,3.313,800
2020-09-30 09:46:15.530,3.313,11800
2020-09-30 09:46:17.820,3.313,117500
2020-09-30 09:46:17.820,3.313,121300
2020-09-30 09:46:21.250,3.313,3000
2020-09-30 09:46:21.350,3.314,2800
2020-09-30 09:46:21.350,3.314,9900
2020-09-30 09:46:21.350,3.314,9000
2020-09-30 09:46:21.350,3.314,30100
2020-09-30 09:46:21.350,3.314,1000
2020-09-30 09:46:21.350,3.314,2000
2020-09-30 09:46:21.350,3.314,500
2020-09-30 09:46:21.350,3.314,3000
2020-09-30 09:46:21.350,3.314,33400
2020-09-30 09:46:21.350,3.314,300
2020-09-30 09:46:21.350,3.314,20000
2020-09-30 09:46:21.350,3.314,4000
2020-09-30 09:46:21.350,3.314,700
2020-09-30 09:46:21.350,3.314,3100
2020-09-30 09:46:21.350,3.314,2600
2020-09-30 09:46:21.350,3.314,5500
2020-09-30 09:46:21.350,3.314,5000
2020-09-30 09:46:21.350,3.314,100000
2020-09-30 09:46:21.350,3.314,10000
2020-09-30 09:46:21.350,3.314,15900
2020-09-30 09:46:21.350,3.314,10000
2020-09-30 09:46:21.350,3.314,500
2020-09-30 09:46:21.350,3.314,10000
2020-09-30 09:46:21.350,3.314,10300
2020-09-30 09:46:21.350,3.314,10400
2020-09-30 09:46:21.350,3.314,30400
2020-09-30 09:46:21.350,3.315,269600
2020-09-30 09:46:24.090,3.313,2000
2020-09-30 09:46:24.690,3.314,100
2020-09-30 09:46:24.690,3.314,500
2020-09-30 09:46:24.740,3.315,300000
2020-09-30 09:46:24.810,3.315,93000
2020-09-30 09:46:24.810,3.315,11100
2020-09-30 09:46:24.810,3.315,100
2020-09-30 09:46:24.810,3.315,2000
2020-09-30 09:46:24.810,3.315,400
2020-09-30 09:46:24.810,3.315,5900
2020-09-30 09:46:24.810,3.315,10000
2020-09-30 09:46:24.810,3.315,158800
2020-09-30 09:46:24.810,3.315,10000
2020-09-30 09:46:24.810,3.315,2000
2020-09-30 09:46:24.810,3.315,5000
2020-09-30 09:46:24.810,3.315,1700
2020-09-30 09:46:26.740,3.315,77700
2020-09-30 09:46:26.740,3.315,100
2020-09-30 09:46:26.740,3.315,15000
2020-09-30 09:46:26.740,3.315,100
2020-09-30 09:46:26.740,3.315,1000
2020-09-30 09:46:26.740,3.315,5000
2020-09-30 09:46:26.740,3.315,60000
2020-09-30 09:46:26.740,3.315,500
2020-09-30 09:46:26.740,3.315,1000
2020-09-30 09:46:26.740,3.315,50000
2020-09-30 09:46:26.740,3.315,1600
2020-09-30 09:46:26.740,3.315,100
2020-09-30 09:46:26.740,3.315,2300
2020-09-30 09:46:26.740,3.315,100
2020-09-30 09:46:26.740,3.315,5000
2020-09-30 09:46:26.740,3.315,500
2020-09-30 09:46:26.740,3.315,9200
2020-09-30 09:46:26.740,3.315,4700
2020-09-30 09:46:26.740,3.315,30000
2020-09-30 09:46:26.740,3.315,3000
2020-09-30 09:46:26.740,3.315,5900
2020-09-30 09:46:26.740,3.315,500
2020-09-30 09:46:26.740,3.315,26700
2020-09-30 09:46:27.360,3.314,5000
2020-09-30 09:46:28.820,3.315,173300
2020-09-30 09:46:28.820,3.315,1000
2020-09-30 09:46:28.820,3.315,10000
2020-09-30 09:46:28.820,3.315,2000
2020-09-30 09:46:28.820,3.315,5300
2020-09-30 09:46:28.820,3.315,12400
2020-09-30 09:46:28.820,3.315,10000
2020-09-30 09:46:28.820,3.315,300
2020-09-30 09:46:28.820,3.315,100
2020-09-30 09:46:28.820,3.315,7600
2020-09-30 09:46:28.820,3.315,300
2020-09-30 09:46:28.820,3.315,5000
2020-09-30 09:46:28.820,3.315,10000
2020-09-30 09:46:28.820,3.315,5000
2020-09-30 09:46:28.820,3.315,6100
2020-09-30 09:46:28.820,3.315,10000
2020-09-30 09:46:28.820,3.315,5000
2020-09-30 09:46:28.820,3.315,1000
2020-09-30 09:46:28.820,3.315,9200
2020-09-30 09:46:28.820,3.315,26400
2020-09-30 09:46:28.820,3.315,3600
2020-09-30 09:46:28.820,3.315,1500
2020-09-30 09:46:28.820,3.315,1800
2020-09-30 09:46:28.820,3.315,8600
2020-09-30 09:46:29.360,3.315,12200
2020-09-30 09:46:31.930,3.316,100
2020-09-30 09:46:31.930,3.316,11000
2020-09-30 09:46:31.930,3.316,100
2020-09-30 09:46:31.930,3.316,1000
2020-09-30 09:46:31.930,3.316,1000
2020-09-30 09:46:31.930,3.316,101900
2020-09-30 09:46:31.930,3.316,10000
2020-09-30 09:46:31.930,3.316,2000
2020-09-30 09:46:31.930,3.316,4500
2020-09-30 09:46:31.930,3.316,5000
2020-09-30 09:46:31.930,3.316,5000
2020-09-30 09:46:31.930,3.316,30000
2020-09-30 09:46:31.930,3.316,500
2020-09-30 09:46:31.930,3.316,10000
2020-09-30 09:46:31.930,3.316,500
2020-09-30 09:46:31.930,3.316,20000
2020-09-30 09:46:31.930,3.316,1000
2020-09-30 09:46:31.930,3.316,15000
2020-09-30 09:46:31.930,3.316,200
2020-09-30 09:46:31.930,3.316,1000
2020-09-30 09:46:31.930,3.316,10000
2020-09-30 09:46:31.930,3.316,30000
2020-09-30 09:46:31.930,3.316,3000
2020-09-30 09:46:31.930,3.316,500
2020-09-30 09:46:31.930,3.316,5500
2020-09-30 09:46:31.930,3.316,1000
2020-09-30 09:46:31.930,3.316,30200
2020-09-30 09:46:32.650,3.315,6000
2020-09-30 09:46:32.870,3.315,5000
2020-09-30 09:46:33.320,3.315,1000
2020-09-30 09:46:34.480,3.315,11700
2020-09-30 09:46:34.660,3.315,11700
2020-09-30 09:46:34.740,3.315,10000
2020-09-30 09:46:34.890,3.315,600
2020-09-30 09:46:38.120,3.315,6000
2020-09-30 09:46:39.910,3.315,1100
2020-09-30 09:46:40.460,3.315,1000
2020-09-30 09:46:40.740,3.315,10000
2020-09-30 09:46:42.870,3.315,2000
2020-09-30 09:46:44.620,3.315,9000
2020-09-30 09:46:47.070,3.315,200
2020-09-30 09:46:47.580,3.315,100
2020-09-30 09:46:48.370,3.316,19800
2020-09-30 09:46:48.370,3.316,5000
2020-09-30 09:46:48.370,3.316,5000
2020-09-30 09:46:48.370,3.316,400
2020-09-30 09:46:48.370,3.316,18100
2020-09-30 09:46:49.310,3.316,1000
2020-09-30 09:46:51.290,3.316,2800
2020-09-30 09:46:53.510,3.315,64000
2020-09-30 09:46:53.730,3.315,6000
2020-09-30 09:46:55.900,3.315,3000
2020-09-30 09:46:56.240,3.315,100
2020-09-30 09:46:56.530,3.316,800
2020-09-30 09:46:57.020,3.315,123800
2020-09-30 09:46:57.020,3.315,170000
2020-09-30 09:46:57.020,3.315,6200
2020-09-30 09:46:57.310,3.315,800
2020-09-30 09:46:57.310,3.315,1000
2020-09-30 09:46:58.750,3.315,400
2020-09-30 09:47:01.400,3.315,900
2020-09-30 09:47:01.400,3.315,3000
2020-09-30 09:47:01.400,3.315,4000
2020-09-30 09:47:01.970,3.316,300
2020-09-30 09:47:01.970,3.316,13300
2020-09-30 09:47:01.970,3.316,100000
2020-09-30 09:47:01.970,3.316,26000
2020-09-30 09:47:01.970,3.316,20000
2020-09-30 09:47:01.970,3.316,1000
2020-09-30 09:47:01.970,3.316,3000
2020-09-30 09:47:01.970,3.316,100
2020-09-30 09:47:01.970,3.316,3500
2020-09-30 09:47:01.970,3.316,132800
2020-09-30 09:47:02.230,3.315,121400
2020-09-30 09:47:02.810,3.315,178600
2020-09-30 09:47:02.810,3.315,10200
2020-09-30 09:47:02.930,3.316,17200
2020-09-30 09:47:02.930,3.316,20000
2020-09-30 09:47:02.930,3.316,200
2020-09-30 09:47:02.930,3.316,10000
2020-09-30 09:47:02.930,3.316,100
2020-09-30 09:47:02.930,3.316,25000
2020-09-30 09:47:02.930,3.316,2000
2020-09-30 09:47:02.930,3.316,20000
2020-09-30 09:47:02.930,3.316,100
2020-09-30 09:47:02.930,3.316,3100
2020-09-30 09:47:02.930,3.316,500
2020-09-30 09:47:02.930,3.316,50000
2020-09-30 09:47:02.930,3.316,45000
2020-09-30 09:47:02.930,3.316,1000
2020-09-30 09:47:02.930,3.316,105800
2020-09-30 09:47:03.770,3.316,20000
2020-09-30 09:47:03.770,3.316,40000
2020-09-30 09:47:03.970,3.316,105600
2020-09-30 09:47:04.010,3.316,600000
2020-09-30 09:47:04.150,3.316,28600
2020-09-30 09:47:04.150,3.316,10000
2020-09-30 09:47:04.150,3.316,9200
2020-09-30 09:47:04.150,3.316,1000
2020-09-30 09:47:04.150,3.316,30000
2020-09-30 09:47:04.150,3.316,2000
2020-09-30 09:47:04.150,3.316,1000
2020-09-30 09:47:04.150,3.316,1000
2020-09-30 09:47:04.150,3.316,100
2020-09-30 09:47:04.150,3.316,1500
2020-09-30 09:47:04.150,3.316,3000
2020-09-30 09:47:04.150,3.316,5000
2020-09-30 09:47:04.150,3.316,10800
2020-09-30 09:47:04.150,3.316,1500
2020-09-30 09:47:04.150,3.316,34500
2020-09-30 09:47:04.150,3.316,6000
2020-09-30 09:47:04.610,3.316,900
2020-09-30 09:47:04.640,3.316,5000
2020-09-30 09:47:05.060,3.316,1500
2020-09-30 09:47:05.650,3.316,15000
2020-09-30 09:47:06.090,3.316,9800
2020-09-30 09:47:06.350,3.317,100
2020-09-30 09:47:06.350,3.317,2000
2020-09-30 09:47:06.350,3.317,30000
2020-09-30 09:47:06.350,3.317,100
2020-09-30 09:47:06.350,3.317,1000
2020-09-30 09:47:06.350,3.317,2000
2020-09-30 09:47:06.350,3.317,10000
2020-09-30 09:47:06.350,3.317,10000
2020-09-30 09:47:06.350,3.317,10000
2020-09-30 09:47:06.350,3.317,10000
2020-09-30 09:47:06.350,3.317,5000
2020-09-30 09:47:06.350,3.317,2800
2020-09-30 09:47:06.350,3.317,5000
2020-09-30 09:47:06.350,3.317,4000
2020-09-30 09:47:06.350,3.317,10100
2020-09-30 09:47:06.350,3.317,5000
2020-09-30 09:47:06.350,3.317,200
2020-09-30 09:47:06.350,3.317,1000
2020-09-30 09:47:06.350,3.317,3400
2020-09-30 09:47:06.350,3.317,85000
2020-09-30 09:47:06.350,3.317,5000
2020-09-30 09:47:06.350,3.317,100
2020-09-30 09:47:06.350,3.317,10000
2020-09-30 09:47:06.350,3.317,5000
2020-09-30 09:47:06.350,3.317,100
2020-09-30 09:47:06.350,3.317,50000
2020-09-30 09:47:06.350,3.317,33100
2020-09-30 09:47:06.430,3.317,16900
2020-09-30 09:47:06.430,3.317,4900
2020-09-30 09:47:06.430,3.317,9000
2020-09-30 09:47:06.430,3.317,10000
2020-09-30 09:47:06.430,3.317,2000
2020-09-30 09:47:06.430,3.317,20000
2020-09-30 09:47:06.430,3.317,200
2020-09-30 09:47:06.430,3.317,500
2020-09-30 09:47:06.430,3.317,5000
2020-09-30 09:47:06.430,3.317,5200
2020-09-30 09:47:06.430,3.317,20000
2020-09-30 09:47:06.430,3.317,10000
2020-09-30 09:47:06.430,3.317,6000
2020-09-30 09:47:06.430,3.317,1000
2020-09-30 09:47:06.430,3.317,5000
2020-09-30 09:47:06.430,3.317,2200
2020-09-30 09:47:06.430,3.317,2000
2020-09-30 09:47:06.430,3.317,9100
2020-09-30 09:47:06.430,3.317,31000
2020-09-30 09:47:06.430,3.317,4000
2020-09-30 09:47:06.430,3.317,136000
2020-09-30 09:47:06.640,3.316,500
2020-09-30 09:47:07.230,3.316,3300
2020-09-30 09:47:07.770,3.316,20000
2020-09-30 09:47:09.740,3.316,2000
2020-09-30 09:47:09.790,3.316,500
2020-09-30 09:47:10.600,3.316,10000
2020-09-30 09:47:11.570,3.317,164000
2020-09-30 09:47:11.570,3.317,1000
2020-09-30 09:47:11.570,3.317,2000
2020-09-30 09:47:11.570,3.317,10000
2020-09-30 09:47:11.570,3.317,3000
2020-09-30 09:47:11.570,3.317,3000
2020-09-30 09:47:11.570,3.317,30000
2020-09-30 09:47:11.570,3.317,100
2020-09-30 09:47:11.570,3.317,1000
2020-09-30 09:47:12.940,3.317,10000
2020-09-30 09:47:13.330,3.318,100
2020-09-30 09:47:13.330,3.318,6900
2020-09-30 09:47:13.330,3.318,14000
2020-09-30 09:47:13.330,3.318,16900
2020-09-30 09:47:13.330,3.318,15300
2020-09-30 09:47:13.330,3.318,200
2020-09-30 09:47:13.330,3.318,100
2020-09-30 09:47:13.330,3.318,1000
2020-09-30 09:47:13.330,3.318,7000
2020-09-30 09:47:13.330,3.318,1900
2020-09-30 09:47:13.330,3.318,3000
2020-09-30 09:47:13.330,3.318,1000
2020-09-30 09:47:13.330,3.318,5000
2020-09-30 09:47:13.330,3.318,3000
2020-09-30 09:47:13.330,3.318,10000
2020-09-30 09:47:13.330,3.318,500
2020-09-30 09:47:13.330,3.318,10000
2020-09-30 09:47:13.330,3.318,7000
2020-09-30 09:47:13.330,3.318,5000
2020-09-30 09:47:13.330,3.318,5000
2020-09-30 09:47:13.330,3.318,10000
2020-09-30 09:47:13.330,3.318,40000
2020-09-30 09:47:13.330,3.318,400
2020-09-30 09:47:13.330,3.318,100
2020-09-30 09:47:13.330,3.318,20000
2020-09-30 09:47:13.330,3.318,1000
2020-09-30 09:47:13.330,3.318,10000
2020-09-30 09:47:13.330,3.318,3000
2020-09-30 09:47:13.330,3.318,10000
2020-09-30 09:47:13.330,3.318,10000
2020-09-30 09:47:13.330,3.318,3000
2020-09-30 09:47:13.330,3.318,200
2020-09-30 09:47:13.330,3.318,5000
2020-09-30 09:47:13.330,3.318,500
2020-09-30 09:47:13.330,3.318,1000
2020-09-30 09:47:13.330,3.318,1400
2020-09-30 09:47:13.330,3.318,14600
2020-09-30 09:47:13.330,3.318,1000
2020-09-30 09:47:13.330,3.318,4000
2020-09-30 09:47:13.330,3.318,300
2020-09-30 09:47:13.330,3.318,100
2020-09-30 09:47:13.330,3.318,3200
2020-09-30 09:47:13.330,3.318,10000
2020-09-30 09:47:13.330,3.318,1500
2020-09-30 09:47:13.330,3.318,2000
2020-09-30 09:47:13.330,3.318,3000
2020-09-30 09:47:13.330,3.318,31800
2020-09-30 09:47:14.030,3.317,17000
2020-09-30 09:47:14.200,3.317,2800
2020-09-30 09:47:16.040,3.317,500
2020-09-30 09:47:16.040,3.317,1500
2020-09-30 09:47:16.440,3.318,10000
2020-09-30 09:47:20.460,3.317,9000
2020-09-30 09:47:20.600,3.317,13400
2020-09-30 09:47:21.240,3.317,9000
2020-09-30 09:47:21.590,3.318,1000
2020-09-30 09:47:21.790,3.317,2700
2020-09-30 09:47:23.990,3.316,3000
2020-09-30 09:47:24.080,3.317,100
2020-09-30 09:47:25.380,3.317,200
2020-09-30 09:47:25.380,3.317,200
2020-09-30 09:47:25.380,3.317,9900
2020-09-30 09:47:25.380,3.318,7200
2020-09-30 09:47:25.380,3.318,282500
2020-09-30 09:47:27.810,3.317,8100
2020-09-30 09:47:28.140,3.317,10000
2020-09-30 09:47:29.410,3.317,3100
2020-09-30 09:47:29.480,3.317,1000
2020-09-30 09:47:33.090,3.316,15500
2020-09-30 09:47:33.930,3.316,1900
2020-09-30 09:47:35.920,3.316,2000
2020-09-30 09:47:41.430,3.315,4400
2020-09-30 09:47:41.780,3.316,10000
2020-09-30 09:47:43.540,3.316,3000
2020-09-30 09:47:44.690,3.316,100
2020-09-30 09:47:44.720,3.315,300
2020-09-30 09:47:47.060,3.315,2400
2020-09-30 09:47:48.610,3.316,158000
2020-09-30 09:47:48.610,3.316,500
2020-09-30 09:47:48.610,3.316,5000
2020-09-30 09:47:48.610,3.316,3000
2020-09-30 09:47:48.610,3.316,5000
2020-09-30 09:47:48.610,3.316,70100
2020-09-30 09:47:48.610,3.316,3500
2020-09-30 09:47:48.610,3.316,30000
2020-09-30 09:47:52.940,3.316,24900
2020-09-30 09:47:52.940,3.316,15100
2020-09-30 09:47:53.070,3.316,1600
2020-09-30 09:47:53.160,3.317,7000
2020-09-30 09:47:53.620,3.316,5000
2020-09-30 09:47:54.620,3.316,28300
2020-09-30 09:47:54.620,3.315,1000
2020-09-30 09:47:54.620,3.315,1000
2020-09-30 09:47:54.620,3.315,69700
2020-09-30 09:47:57.080,3.315,30000
2020-09-30 09:47:59.260,3.316,5900
2020-09-30 09:47:59.260,3.316,1800
2020-09-30 09:47:59.260,3.316,3000
2020-09-30 09:47:59.260,3.316,1000
2020-09-30 09:47:59.260,3.316,3300
2020-09-30 09:48:01.490,3.316,296700
2020-09-30 09:48:01.490,3.316,3300
2020-09-30 09:48:02.230,3.316,200
2020-09-30 09:48:02.790,3.315,1000
2020-09-30 09:48:05.040,3.315,6400
2020-09-30 09:48:05.180,3.316,800
2020-09-30 09:48:05.180,3.316,2200
2020-09-30 09:48:05.180,3.316,700
2020-09-30 09:48:05.180,3.316,3000
2020-09-30 09:48:05.180,3.317,119200
2020-09-30 09:48:06.680,3.315,3000
2020-09-30 09:48:07.730,3.316,900
2020-09-30 09:48:08.720,3.316,200
2020-09-30 09:48:09.730,3.315,500
2020-09-30 09:48:14.460,3.316,28900
2020-09-30 09:48:14.460,3.316,4100
2020-09-30 09:48:17.350,3.315,2000
2020-09-30 09:48:17.350,3.315,10000
2020-09-30 09:48:17.350,3.315,300
2020-09-30 09:48:17.350,3.315,5000
2020-09-30 09:48:17.350,3.315,1000
2020-09-30 09:48:18.720,3.315,2700
2020-09-30 09:48:18.720,3.315,2300
2020-09-30 09:48:18.800,3.315,2700
2020-09-30 09:48:18.800,3.316,1900
2020-09-30 09:48:18.800,3.316,1000
2020-09-30 09:48:18.800,3.316,700
2020-09-30 09:48:19.020,3.316,300
2020-09-30 09:48:19.020,3.316,700
2020-09-30 09:48:21.670,3.315,2000
2020-09-30 09:48:21.870,3.315,1900
2020-09-30 09:48:23.840,3.314,5000
2020-09-30 09:48:26.500,3.315,900
2020-09-30 09:48:29.620,3.315,1000
2020-09-30 09:48:30.140,3.315,9200
2020-09-30 09:48:30.140,3.315,2100
2020-09-30 09:48:30.170,3.314,200
2020-09-30 09:48:30.880,3.314,20000
2020-09-30 09:48:33.920,3.315,400
