ExChangeId,ChannelNo,SeqNo,SecurityID,Trade2_Order1,TradeDate,UpdateTime,Price,Volume,TrdMoney,OrdSide,OrdType,TrdBSFlag,TrdBuyNo,TrdSellNo
1,1,12235,510360,2,20200930,93000320,1.561000,5000,7805.000000,-,-,B,127214,74101
1,1,12236,510360,2,20200930,93000320,1.561000,5000,7805.000000,-,-,B,127215,74101
1,1,20427,510360,2,20200930,93003080,1.552000,10000,15520.000000,-,-,S,161436,168104
1,1,23987,510360,2,20200930,93004310,1.552000,600,931.200000,-,-,S,161436,183593
1,1,25315,510360,2,20200930,93005910,1.555000,600,933.000000,-,-,B,188336,183151
1,1,79847,510360,2,20200930,93208030,1.550000,10000,15500.000000,-,-,S,261969,301365
1,1,80319,510360,2,20200930,93209160,1.550000,269700,418035.000000,-,-,B,302117,301365
1,1,95004,510360,2,20200930,93247200,1.553000,700,1087.100000,-,-,B,330790,316416
1,1,181456,510360,2,20200930,93720260,1.554000,200000,310800.000000,-,-,S,502786,504099
1,1,181633,510360,2,20200930,93721050,1.554000,200000,310800.000000,-,-,B,504518,504099
1,1,182146,510360,2,20200930,93722340,1.554000,200000,310800.000000,-,-,B,505520,504099
1,1,182280,510360,2,20200930,93722730,1.554000,200000,310800.000000,-,-,B,505761,504099
1,1,182414,510360,2,20200930,93723300,1.554000,98700,153379.800000,-,-,B,506065,504099
1,1,183842,510360,2,20200930,93727280,1.554000,200000,310800.000000,-,-,B,508644,507003
1,1,183990,510360,2,20200930,93727680,1.554000,200000,310800.000000,-,-,B,508957,507003
1,1,265863,510360,2,20200930,94310630,1.554000,200,310.800000,-,-,S,588816,671924
1,1,299268,510360,2,20200930,94529650,1.556000,200,311.200000,-,-,B,732140,168106
1,1,331755,510360,2,20200930,94747660,1.556000,9800,15248.800000,-,-,B,792131,168106
1,1,341242,510360,2,20200930,94831710,1.556000,5000,7780.000000,-,-,S,808128,809188
1,1,346925,510360,2,20200930,94856500,1.556000,5000,7780.000000,-,-,B,819281,809188
1,1,358622,510360,2,20200930,94958210,1.556000,700,1089.200000,-,-,B,841654,809188
1,1,358623,510360,2,20200930,94958210,1.556000,1000,1556.000000,-,-,B,841654,832852
1,1,372859,510360,2,20200930,95105730,1.555000,200000,311000.000000,-,-,S,865728,866991
1,1,372927,510360,2,20200930,95106110,1.555000,200000,311000.000000,-,-,B,867117,866991
1,1,392961,510360,2,20200930,95230370,1.553000,1700,2640.100000,-,-,S,550769,901662
1,1,392962,510360,2,20200930,95230370,1.553000,2900,4503.700000,-,-,S,869418,901662
1,1,396079,510360,2,20200930,95243160,1.554000,10800,16783.200000,-,-,B,907016,897345
1,1,409989,510360,2,20200930,95356250,1.555000,200000,311000.000000,-,-,S,928588,932941
1,1,410051,510360,2,20200930,95356610,1.555000,200000,311000.000000,-,-,B,933066,932941
1,1,451658,510360,2,20200930,95744720,1.555000,5000,7775.000000,-,-,S,977257,1007868
1,1,451659,510360,2,20200930,95744720,1.555000,5000,7775.000000,-,-,S,989796,1007868
1,1,534478,510360,2,20200930,100530130,1.555000,100,155.500000,-,-,S,1013975,1153855
1,1,534861,510360,2,20200930,100532350,1.555000,1700,2643.500000,-,-,S,1013975,1154506
1,1,534965,510360,2,20200930,100533310,1.555000,3200,4976.000000,-,-,S,1013975,1154695
1,1,534966,510360,2,20200930,100533310,1.555000,2000,3110.000000,-,-,S,1109371,1154695
1,1,567004,510360,2,20200930,100839100,1.557000,500,778.500000,-,-,B,1210293,829536
1,1,619427,510360,2,20200930,101353750,1.557000,600,934.200000,-,-,B,1304582,1210960
1,1,624329,510360,2,20200930,101420380,1.559000,100,155.900000,-,-,B,1312483,443935
1,1,642552,510360,2,20200930,101609260,1.559000,5900,9198.100000,-,-,B,1344371,443935
1,1,658156,510360,2,20200930,101739070,1.559000,500,779.500000,-,-,S,1370430,1371935
1,1,678839,510360,2,20200930,102002570,1.559000,150000,233850.000000,-,-,S,1399268,1409958
1,1,687304,510360,2,20200930,102046750,1.560000,10000,15600.000000,-,-,B,1424338,621245
1,1,687305,510360,2,20200930,102046750,1.560000,100000,156000.000000,-,-,B,1424338,828318
1,1,687306,510360,2,20200930,102046750,1.560000,500,780.000000,-,-,B,1424338,834470
1,1,688029,510360,2,20200930,102050530,1.560000,100,156.000000,-,-,S,1425337,1425548
1,1,693543,510360,2,20200930,102122470,1.560000,200000,312000.000000,-,-,S,1426684,1435263
1,1,693570,510360,2,20200930,102122790,1.560000,200000,312000.000000,-,-,B,1435348,1435263
1,1,694299,510360,2,20200930,102127290,1.560000,14200,22152.000000,-,-,S,1435684,1436692
1,1,694466,510360,2,20200930,102128010,1.560000,185800,289848.000000,-,-,S,1435684,1436940
1,1,694467,510360,2,20200930,102128010,1.560000,14200,22152.000000,-,-,S,1436767,1436940
1,1,694604,510360,2,20200930,102128960,1.560000,200000,312000.000000,-,-,B,1437274,1436940
1,1,694625,510360,2,20200930,102129170,1.560000,200000,312000.000000,-,-,B,1437322,1436940
1,1,695128,510360,2,20200930,102131860,1.560000,14200,22152.000000,-,-,S,1437550,1438198
1,1,697431,510360,2,20200930,102145820,1.561000,100,156.100000,-,-,B,1442342,183588
1,1,697432,510360,2,20200930,102145820,1.561000,4900,7648.900000,-,-,B,1442342,304612
1,1,704053,510360,2,20200930,102230010,1.559000,1000,1559.000000,-,-,S,1399268,1454431
1,1,708240,510360,2,20200930,102302850,1.560000,5000,7800.000000,-,-,B,1462499,1457223
1,1,712131,510360,2,20200930,102329750,1.559000,49000,76391.000000,-,-,S,1399268,1469187
1,1,712132,510360,2,20200930,102329750,1.559000,101000,157459.000000,-,-,S,1410068,1469187
1,1,716834,510360,2,20200930,102403590,1.558000,1000,1558.000000,-,-,S,1438221,1477611
1,1,727129,510360,2,20200930,102521260,1.560000,100,156.000000,-,-,B,1495975,1468666
1,1,727130,510360,2,20200930,102521260,1.560000,2900,4524.000000,-,-,B,1495975,1491574
1,1,728236,510360,2,20200930,102528710,1.558000,5000,7790.000000,-,-,S,1497532,1497822
1,1,749378,510360,2,20200930,102821990,1.558000,1100,1713.800000,-,-,S,1497532,1535359
1,1,777485,510360,2,20200930,103142090,1.560000,1000,1560.000000,-,-,S,1582895,1583166
1,1,777489,510360,2,20200930,103142140,1.560000,100,156.000000,-,-,S,1582895,1583172
1,1,777540,510360,2,20200930,103142420,1.560000,100,156.000000,-,-,S,1582895,1583253
1,1,777624,510360,2,20200930,103142840,1.560000,100,156.000000,-,-,S,1582895,1583370
1,1,777823,510360,2,20200930,103143690,1.560000,1000,1560.000000,-,-,S,1582895,1583639
1,1,777938,510360,2,20200930,103144250,1.560000,2500,3900.000000,-,-,S,1582895,1583785
1,1,778068,510360,2,20200930,103145320,1.560000,5200,8112.000000,-,-,S,1582895,1584015
1,1,778743,510360,2,20200930,103149580,1.559000,1000,1559.000000,-,-,B,1585196,1584035
1,1,796579,510360,2,20200930,103401760,1.559000,27100,42248.900000,-,-,B,1616886,1616642
1,1,802922,510360,2,20200930,103455490,1.560000,200,312.000000,-,-,B,1628605,1604498
1,1,815889,510360,2,20200930,103638630,1.560000,3100,4836.000000,-,-,B,1651476,1643493
1,1,834929,510360,2,20200930,103903420,1.560000,2000,3120.000000,-,-,S,1660345,1684003
1,1,842698,510360,2,20200930,104003810,1.561000,5100,7961.100000,-,-,B,1697781,304612
1,1,842699,510360,2,20200930,104003810,1.561000,10000,15610.000000,-,-,B,1697781,358515
1,1,842700,510360,2,20200930,104003810,1.561000,8600,13424.600000,-,-,B,1697781,744753
1,1,842701,510360,2,20200930,104003810,1.561000,20000,31220.000000,-,-,B,1697781,904700
1,1,842702,510360,2,20200930,104003810,1.561000,2400,3746.400000,-,-,B,1697781,1239266
1,1,842703,510360,2,20200930,104003810,1.561000,8000,12488.000000,-,-,B,1697781,1330341
1,1,842704,510360,2,20200930,104003810,1.561000,5000,7805.000000,-,-,B,1697781,1464362
1,1,842705,510360,2,20200930,104003810,1.561000,52500,81952.500000,-,-,B,1697781,1472227
1,1,843413,510360,2,20200930,104007840,1.561000,100,156.100000,-,-,S,1697781,1699217
1,1,843829,510360,2,20200930,104010340,1.561000,3400,5307.400000,-,-,S,1697781,1699999
1,1,844520,510360,2,20200930,104013640,1.561000,3400,5307.400000,-,-,S,1697781,1700977
1,1,845002,510360,2,20200930,104016770,1.561000,3400,5307.400000,-,-,S,1697781,1701757
1,1,845553,510360,2,20200930,104020320,1.561000,3400,5307.400000,-,-,S,1697781,1702697
1,1,847136,510360,2,20200930,104029370,1.561000,200000,312200.000000,-,-,S,1704962,1705349
1,1,847180,510360,2,20200930,104029710,1.561000,86700,135338.700000,-,-,B,1705433,1705349
1,1,847389,510360,2,20200930,104030850,1.561000,14200,22166.200000,-,-,S,1705433,1705792
1,1,856297,510360,2,20200930,104128760,1.560000,100,156.000000,-,-,S,1668625,1721969
1,1,856298,510360,2,20200930,104128760,1.560000,700,1092.000000,-,-,S,1715474,1721969
1,1,873821,510360,2,20200930,104356760,1.559000,30800,48017.200000,-,-,S,1746299,1753553
1,1,941609,510360,2,20200930,105319580,1.559000,5000,7795.000000,-,-,B,1871147,1855376
1,1,995008,510360,2,20200930,110203870,1.559000,195000,304005.000000,-,-,S,1871147,1967098
1,1,995009,510360,2,20200930,110203870,1.559000,5000,7795.000000,-,-,S,1871203,1967098
1,1,995087,510360,2,20200930,110204180,1.559000,5000,7795.000000,-,-,B,1967227,1967098
1,1,995249,510360,2,20200930,110205230,1.559000,200000,311800.000000,-,-,B,1967492,1967098
1,1,995287,510360,2,20200930,110205590,1.559000,200000,311800.000000,-,-,B,1967559,1967098
1,1,995364,510360,2,20200930,110206190,1.559000,200000,311800.000000,-,-,B,1967671,1967098
1,1,995424,510360,2,20200930,110206720,1.559000,63400,98840.600000,-,-,B,1967801,1967098
1,1,1004059,510360,2,20200930,110329820,1.560000,1800,2808.000000,-,-,S,1983669,1983806
1,1,1012331,510360,2,20200930,110451830,1.559000,4900,7639.100000,-,-,S,1997645,1997867
1,1,1017023,510360,2,20200930,110545400,1.559000,150000,233850.000000,-,-,S,2006053,2006901
1,1,1020144,510360,2,20200930,110620160,1.559000,50000,77950.000000,-,-,S,2006053,2012600
1,1,1020145,510360,2,20200930,110620160,1.559000,100000,155900.000000,-,-,S,2006938,2012600
1,1,1022537,510360,2,20200930,110647170,1.559000,150000,233850.000000,-,-,S,2016972,2017237
1,1,1024349,510360,2,20200930,110707470,1.559000,150000,233850.000000,-,-,S,2018861,2020269
1,1,1028533,510360,2,20200930,110755790,1.559000,9700,15122.300000,-,-,S,2022562,2027815
1,1,1035958,510360,2,20200930,110903230,1.559000,1200,1870.800000,-,-,B,2039823,2034121
1,1,1076900,510360,2,20200930,111355310,1.557000,1900,2958.300000,-,-,B,2099202,2098307
1,1,1096368,510360,2,20200930,111657170,1.555000,48500,75417.500000,-,-,S,2122123,2132292
1,1,1097220,510360,2,20200930,111707320,1.555000,48600,75573.000000,-,-,S,2122123,2134014
1,1,1138930,510360,2,20200930,112445300,1.556000,100,155.600000,-,-,S,2204675,2208686
1,1,1139756,510360,2,20200930,112455060,1.556000,200,311.200000,-,-,S,2204675,2210030
1,1,1148028,510360,2,20200930,112634930,1.557000,9400,14635.800000,-,-,B,2224345,2126901
1,1,1165666,510360,2,20200930,130000620,1.555000,100,155.500000,-,-,S,2164353,2255005
1,1,1166653,510360,2,20200930,130000880,1.557000,100,155.700000,-,-,B,2258101,2126901
1,1,1170234,510360,2,20200930,130002940,1.556000,800,1244.800000,-,-,B,2267110,2261340
1,1,1171247,510360,2,20200930,130003830,1.556000,300,466.800000,-,-,B,2269589,2261340
1,1,1193286,510360,2,20200930,130217750,1.554000,100,155.400000,-,-,S,1140939,2307498
1,1,1199004,510360,2,20200930,130311420,1.553000,500,776.500000,-,-,S,1466666,2316589
1,1,1199005,510360,2,20200930,130311420,1.553000,6000,9318.000000,-,-,S,2286242,2316589
1,1,1199487,510360,2,20200930,130315530,1.555000,1200,1866.000000,-,-,B,2317441,2311445
1,1,1278267,510360,2,20200930,131544920,1.553000,194000,301282.000000,-,-,S,2286242,2456217
1,1,1278268,510360,2,20200930,131544920,1.553000,6000,9318.000000,-,-,S,2316638,2456217
1,1,1278269,510360,2,20200930,131544920,1.553000,300000,465900.000000,-,-,S,2455515,2456217
1,1,1304138,510360,2,20200930,131922200,1.552000,22800,35385.600000,-,-,S,2427595,2497640
1,1,1306762,510360,2,20200930,131949010,1.553000,43700,67866.100000,-,-,B,2502035,2480862
1,1,1316920,510360,2,20200930,132043860,1.552000,300,465.600000,-,-,S,2464471,2517772
1,1,1334175,510360,2,20200930,132218600,1.551000,3100,4808.100000,-,-,S,1416690,2541728
1,1,1334176,510360,2,20200930,132218600,1.551000,5000,7755.000000,-,-,S,1747797,2541728
1,1,1340013,510360,2,20200930,132243460,1.550000,100,155.000000,-,-,S,304510,2549749
1,1,1340014,510360,2,20200930,132243460,1.550000,23500,36425.000000,-,-,S,328397,2549749
1,1,1340015,510360,2,20200930,132243460,1.550000,33500,51925.000000,-,-,S,354915,2549749
1,1,1340016,510360,2,20200930,132243460,1.550000,94300,146165.000000,-,-,S,380290,2549749
1,1,1340017,510360,2,20200930,132243460,1.550000,5000,7750.000000,-,-,S,1065127,2549749
1,1,1340018,510360,2,20200930,132243460,1.550000,500,775.000000,-,-,S,1235942,2549749
1,1,1340019,510360,2,20200930,132243460,1.550000,1000,1550.000000,-,-,S,1787630,2549749
1,1,1340020,510360,2,20200930,132243460,1.550000,10000,15500.000000,-,-,S,1879846,2549749
1,1,1340021,510360,2,20200930,132243460,1.550000,3000,4650.000000,-,-,S,1969455,2549749
1,1,1340022,510360,2,20200930,132243460,1.550000,10000,15500.000000,-,-,S,2147273,2549749
1,1,1340023,510360,2,20200930,132243460,1.550000,200000,310000.000000,-,-,S,2547704,2549749
1,1,1340514,510360,2,20200930,132245610,1.550000,100,155.000000,-,-,B,2550394,2549749
1,1,1347920,510360,2,20200930,132308840,1.549000,900,1394.100000,-,-,S,74089,2559050
1,1,1348681,510360,2,20200930,132312280,1.550000,1200,1860.000000,-,-,B,2559982,2549749
1,1,1370232,510360,2,20200930,132517980,1.549000,700,1084.300000,-,-,S,182170,2594359
1,1,1370233,510360,2,20200930,132517980,1.549000,2000,3098.000000,-,-,S,520492,2594359
1,1,1399698,510360,2,20200930,132817990,1.548000,200000,309600.000000,-,-,S,2624310,2637566
1,1,1399699,510360,2,20200930,132817990,1.548000,300,464.400000,-,-,S,2628145,2637566
1,1,1399772,510360,2,20200930,132818500,1.548000,200000,309600.000000,-,-,B,2637703,2637566
1,1,1400191,510360,2,20200930,132820380,1.548000,104100,161146.800000,-,-,B,2638264,2637566
1,1,1401483,510360,2,20200930,132825480,1.548000,95900,148453.200000,-,-,S,2638264,2640081
1,1,1401484,510360,2,20200930,132825480,1.548000,104100,161146.800000,-,-,S,2638494,2640081
1,1,1401572,510360,2,20200930,132825730,1.548000,95900,148453.200000,-,-,B,2640190,2640081
1,1,1407283,510360,2,20200930,132856700,1.548000,1000,1548.000000,-,-,B,2648077,2645641
1,1,1408266,510360,2,20200930,132901790,1.547000,100,154.700000,-,-,S,2252374,2649330
1,1,1409628,510360,2,20200930,132908910,1.547000,400,618.800000,-,-,S,2252374,2651310
1,1,1409629,510360,2,20200930,132908910,1.547000,200000,309400.000000,-,-,S,2589196,2651310
1,1,1409630,510360,2,20200930,132908910,1.547000,300,464.100000,-,-,S,2648795,2651310
1,1,1409736,510360,2,20200930,132909380,1.547000,200000,309400.000000,-,-,B,2651528,2651310
1,1,1409975,510360,2,20200930,132910380,1.547000,200000,309400.000000,-,-,B,2651893,2651310
1,1,1410027,510360,2,20200930,132910730,1.547000,2400,3712.800000,-,-,B,2651984,2651310
1,1,1410593,510360,2,20200930,132912960,1.547000,197600,305687.200000,-,-,S,2651984,2652767
1,1,1410594,510360,2,20200930,132912960,1.547000,2400,3712.800000,-,-,S,2652304,2652767
1,1,1410698,510360,2,20200930,132913370,1.547000,200000,309400.000000,-,-,B,2652917,2652767
1,1,1418918,510360,2,20200930,132945010,1.546000,200000,309200.000000,-,-,S,2640281,2662924
1,1,1418919,510360,2,20200930,132945010,1.546000,400,618.400000,-,-,S,2658521,2662924
1,1,1418991,510360,2,20200930,132945360,1.546000,200000,309200.000000,-,-,B,2663042,2662924
1,1,1419150,510360,2,20200930,132946450,1.546000,99600,153981.600000,-,-,B,2663332,2662924
1,1,1419666,510360,2,20200930,132948490,1.547000,1000,1547.000000,-,-,S,2663920,2664027
1,1,1421552,510360,2,20200930,132956450,1.546000,800,1236.800000,-,-,S,2664024,2666344
1,1,1428512,510360,2,20200930,133008860,1.545000,3000,4635.000000,-,-,S,125987,2673919
1,1,1428513,510360,2,20200930,133008860,1.545000,2000,3090.000000,-,-,S,502895,2673919
1,1,1428514,510360,2,20200930,133008860,1.545000,10000,15450.000000,-,-,S,1793857,2673919
1,1,1428515,510360,2,20200930,133008860,1.545000,10000,15450.000000,-,-,S,1995909,2673919
1,1,1428516,510360,2,20200930,133008860,1.545000,1100,1699.500000,-,-,S,2673793,2673919
1,1,1429004,510360,2,20200930,133009520,1.544000,500,772.000000,-,-,S,2618893,2674428
1,1,1429005,510360,2,20200930,133009520,1.544000,13700,21152.800000,-,-,S,2663982,2674428
1,1,1432850,510360,2,20200930,133013940,1.545000,1200,1854.000000,-,-,S,2677116,2678062
1,1,1432851,510360,2,20200930,133013940,1.544000,186300,287647.200000,-,-,S,2663982,2678062
1,1,1432852,510360,2,20200930,133013940,1.544000,13700,21152.800000,-,-,S,2674748,2678062
1,1,1433759,510360,2,20200930,133014450,1.544000,200000,308800.000000,-,-,B,2678654,2678062
1,1,1434593,510360,2,20200930,133015430,1.543000,200000,308600.000000,-,-,S,2673799,2679388
1,1,1434736,510360,2,20200930,133015690,1.543000,200000,308600.000000,-,-,B,2679589,2679388
1,1,1434737,510360,2,20200930,133015690,1.543000,70900,109398.700000,-,-,B,2679590,2679388
1,1,1462707,510360,2,20200930,133204230,1.545000,200000,309000.000000,-,-,B,2721795,2721581
1,1,1462758,510360,2,20200930,133204530,1.545000,200000,309000.000000,-,-,B,2721857,2721581
1,1,1463443,510360,2,20200930,133207240,1.545000,200000,309000.000000,-,-,B,2722777,2721581
1,1,1463474,510360,2,20200930,133207500,1.545000,200000,309000.000000,-,-,B,2722853,2721581
1,1,1471532,510360,2,20200930,133245680,1.544000,1200,1852.800000,-,-,S,2700218,2735120
1,1,1471533,510360,2,20200930,133245680,1.543000,5000,7715.000000,-,-,S,2700680,2735120
1,1,1471534,510360,2,20200930,133245680,1.543000,200,308.600000,-,-,S,2723308,2735120
1,1,1471738,510360,2,20200930,133246500,1.544000,100,154.400000,-,-,B,2735398,2735151
1,1,1471805,510360,2,20200930,133246710,1.544000,25100,38754.400000,-,-,S,2735398,2735495
1,1,1471806,510360,2,20200930,133246710,1.544000,25100,38754.400000,-,-,S,2735398,2735496
1,1,1472134,510360,2,20200930,133248050,1.543000,25100,38729.300000,-,-,S,2723308,2736022
1,1,1472145,510360,2,20200930,133248170,1.543000,18700,28854.100000,-,-,S,2723308,2736059
1,1,1473620,510360,2,20200930,133254500,1.544000,600,926.400000,-,-,S,2736606,2738072
1,1,1492316,510360,2,20200930,133414870,1.544000,400,617.600000,-,-,S,2762158,2763784
1,1,1523491,510360,2,20200930,133657740,1.543000,100,154.300000,-,-,S,2794316,2817960
1,1,1552780,510360,2,20200930,134032010,1.547000,14500,22431.500000,-,-,B,2872692,2838778
1,1,1562291,510360,2,20200930,134158000,1.547000,8000,12376.000000,-,-,B,2892370,2838778
1,1,1572934,510360,2,20200930,134307630,1.545000,200,309.000000,-,-,S,2860881,2910448
1,1,1572935,510360,2,20200930,134307630,1.545000,400,618.000000,-,-,S,2875046,2910448
1,1,1573201,510360,2,20200930,134309680,1.545000,100,154.500000,-,-,S,2875046,2910962
1,1,1573601,510360,2,20200930,134312270,1.545000,1500,2317.500000,-,-,S,2875046,2911528
1,1,1574077,510360,2,20200930,134315590,1.545000,3000,4635.000000,-,-,S,2875046,2912346
1,1,1586964,510360,2,20200930,134519160,1.547000,4500,6961.500000,-,-,B,2935514,2838778
1,1,1617998,510360,2,20200930,134922670,1.544000,600,926.400000,-,-,S,2854189,2984374
1,1,1618190,510360,2,20200930,134923980,1.544000,100,154.400000,-,-,S,2854189,2984689
1,1,1618200,510360,2,20200930,134924130,1.544000,600,926.400000,-,-,S,2854189,2984720
1,1,1618994,510360,2,20200930,134927130,1.544000,1600,2470.400000,-,-,S,2854189,2985466
1,1,1619382,510360,2,20200930,134928740,1.544000,2100,3242.400000,-,-,S,2854189,2985987
1,1,1622982,510360,2,20200930,134942650,1.544000,20000,30880.000000,-,-,B,2989552,2985987
1,1,1625249,510360,2,20200930,134953290,1.543000,4300,6634.900000,-,-,S,2845414,2992284
1,1,1625250,510360,2,20200930,134953290,1.543000,400,617.200000,-,-,S,2858239,2992284
1,1,1625251,510360,2,20200930,134953290,1.543000,500,771.500000,-,-,S,2860539,2992284
1,1,1625252,510360,2,20200930,134953290,1.543000,300,462.900000,-,-,S,2862650,2992284
1,1,1625253,510360,2,20200930,134953290,1.543000,300,462.900000,-,-,S,2919403,2992284
1,1,1625254,510360,2,20200930,134953290,1.543000,10000,15430.000000,-,-,S,2929140,2992284
1,1,1625255,510360,2,20200930,134953290,1.543000,5000,7715.000000,-,-,S,2989270,2992284
1,1,1627955,510360,2,20200930,135001840,1.543000,3000,4629.000000,-,-,B,2995141,2992284
1,1,1633666,510360,2,20200930,135014110,1.542000,500,771.000000,-,-,S,2997732,3001450
1,1,1634708,510360,2,20200930,135016510,1.541000,100,154.100000,-,-,S,165268,3002517
1,1,1634709,510360,2,20200930,135016510,1.541000,500,770.500000,-,-,S,2621299,3002517
1,1,1634710,510360,2,20200930,135016510,1.541000,13000,20033.000000,-,-,S,2920538,3002517
1,1,1639987,510360,2,20200930,135031910,1.541000,1000,1541.000000,-,-,S,3007099,3008152
1,1,1648775,510360,2,20200930,135051240,1.540000,700,1078.000000,-,-,S,3010214,3017006
1,1,1650210,510360,2,20200930,135055090,1.540000,900,1386.000000,-,-,B,3018532,3017006
1,1,1650211,510360,2,20200930,135055090,1.540000,100,154.000000,-,-,B,3018534,3017006
1,1,1659675,510360,2,20200930,135119170,1.540000,300,462.000000,-,-,B,3029100,3017006
1,1,1678618,510360,2,20200930,135259900,1.544000,100,154.400000,-,-,B,3063256,3062062
1,1,1697049,510360,2,20200930,135506190,1.544000,1200,1852.800000,-,-,S,3095331,3096195
1,1,1697068,510360,2,20200930,135506310,1.544000,1000,1544.000000,-,-,S,3095331,3096246
1,1,1697135,510360,2,20200930,135506620,1.544000,100,154.400000,-,-,S,3095331,3096342
1,1,1697163,510360,2,20200930,135506870,1.544000,300,463.200000,-,-,S,3095331,3096397
1,1,1697250,510360,2,20200930,135507470,1.544000,300,463.200000,-,-,S,3095331,3096551
1,1,1697258,510360,2,20200930,135507570,1.544000,1000,1544.000000,-,-,S,3095331,3096574
1,1,1697263,510360,2,20200930,135507630,1.544000,1000,1544.000000,-,-,S,3095331,3096589
1,1,1697272,510360,2,20200930,135507720,1.544000,1200,1852.800000,-,-,S,3095331,3096610
1,1,1697302,510360,2,20200930,135507980,1.544000,1000,1544.000000,-,-,S,3095331,3096674
1,1,1697362,510360,2,20200930,135508360,1.544000,1000,1544.000000,-,-,S,3095331,3096807
1,1,1697470,510360,2,20200930,135509160,1.544000,1000,1544.000000,-,-,S,3095331,3097030
1,1,1697587,510360,2,20200930,135510140,1.544000,900,1389.600000,-,-,S,3095331,3097299
1,1,1702484,510360,2,20200930,135546220,1.543000,10100,15584.300000,-,-,S,3096672,3106282
1,1,1710449,510360,2,20200930,135656780,1.543000,200000,308600.000000,-,-,B,3122042,3106282
1,1,1710473,510360,2,20200930,135657030,1.543000,25400,39192.200000,-,-,B,3122098,3106282
1,1,1715938,510360,2,20200930,135741050,1.546000,100,154.600000,-,-,B,3131497,3123406
1,1,1716385,510360,2,20200930,135745460,1.543000,1000,1543.000000,-,-,S,3123287,3132321
1,1,1723214,510360,2,20200930,135823750,1.542000,200,308.400000,-,-,S,3134887,3141543
1,1,1723554,510360,2,20200930,135825060,1.542000,200,308.400000,-,-,S,3134887,3141921
1,1,1723727,510360,2,20200930,135825900,1.542000,200,308.400000,-,-,S,3134887,3142155
1,1,1723772,510360,2,20200930,135826050,1.542000,1600,2467.200000,-,-,S,3134887,3142225
1,1,1724207,510360,2,20200930,135827460,1.542000,1600,2467.200000,-,-,S,3134887,3142672
1,1,1724424,510360,2,20200930,135828980,1.542000,1400,2158.800000,-,-,S,3134887,3142990
1,1,1724743,510360,2,20200930,135830570,1.542000,1400,2158.800000,-,-,S,3134887,3143410
1,1,1725040,510360,2,20200930,135832190,1.542000,1100,1696.200000,-,-,S,3134887,3143808
1,1,1725901,510360,2,20200930,135838360,1.542000,200,308.400000,-,-,S,3134887,3145108
1,1,1725950,510360,2,20200930,135838760,1.542000,200,308.400000,-,-,S,3134887,3145202
1,1,1726179,510360,2,20200930,135840120,1.542000,200,308.400000,-,-,S,3134887,3145429
1,1,1726661,510360,2,20200930,135843660,1.542000,1000,1542.000000,-,-,S,3134887,3146108
1,1,1726668,510360,2,20200930,135843690,1.542000,1000,1542.000000,-,-,S,3134887,3146123
1,1,1726809,510360,2,20200930,135844920,1.542000,100,154.200000,-,-,S,3134887,3146400
1,1,1726835,510360,2,20200930,135844970,1.542000,100,154.200000,-,-,S,3134887,3146435
1,1,1726876,510360,2,20200930,135845310,1.542000,800,1233.600000,-,-,S,3134887,3146492
1,1,1726906,510360,2,20200930,135845500,1.542000,100,154.200000,-,-,S,3134887,3146539
1,1,1728491,510360,2,20200930,135855720,1.542000,700,1079.400000,-,-,S,3134887,3148428
1,1,1728495,510360,2,20200930,135855810,1.542000,700,1079.400000,-,-,S,3134887,3148448
1,1,1728600,510360,2,20200930,135856650,1.542000,100,154.200000,-,-,S,3134887,3148612
1,1,1728727,510360,2,20200930,135857110,1.542000,700,1079.400000,-,-,S,3134887,3148683
1,1,1728740,510360,2,20200930,135857270,1.542000,100,154.200000,-,-,S,3134887,3148723
1,1,1728741,510360,2,20200930,135857270,1.542000,100,154.200000,-,-,S,3134887,3148724
1,1,1728947,510360,2,20200930,135859230,1.542000,3200,4934.400000,-,-,S,3134887,3149078
1,1,1730976,510360,2,20200930,135912950,1.541000,100,154.100000,-,-,S,3151335,3151892
1,1,1731079,510360,2,20200930,135913570,1.540000,1000,1540.000000,-,-,S,3075493,3152008
1,1,1731080,510360,2,20200930,135913570,1.540000,200,308.000000,-,-,S,3114058,3152008
1,1,1731081,510360,2,20200930,135913570,1.540000,5200,8008.000000,-,-,S,3139507,3152008
1,1,1783948,510360,2,20200930,140422110,1.541000,5000,7705.000000,-,-,B,3233671,3230378
1,1,1787694,510360,2,20200930,140438290,1.541000,200000,308200.000000,-,-,B,3240801,3230378
1,1,1787752,510360,2,20200930,140438600,1.541000,200000,308200.000000,-,-,B,3240915,3230378
1,1,1787921,510360,2,20200930,140439300,1.541000,95000,146395.000000,-,-,B,3241253,3230378
1,1,1790532,510360,2,20200930,140459340,1.545000,7300,11278.500000,-,-,B,3246704,3233666
1,1,1793945,510360,2,20200930,140519160,1.541000,900,1386.900000,-,-,S,3246823,3253219
1,1,1815741,510360,2,20200930,140730860,1.539000,1000,1539.000000,-,-,S,3055581,3289096
1,1,1815995,510360,2,20200930,140732280,1.539000,1000,1539.000000,-,-,S,3055581,3289510
1,1,1816950,510360,2,20200930,140738810,1.540000,2000,3080.000000,-,-,S,3290681,3291071
1,1,1820408,510360,2,20200930,140755750,1.539000,1000,1539.000000,-,-,S,3055581,3294906
1,1,1820409,510360,2,20200930,140755750,1.539000,1000,1539.000000,-,-,S,3055581,3294907
1,1,1820584,510360,2,20200930,140756550,1.539000,100,153.900000,-,-,S,3055581,3295108
1,1,1820633,510360,2,20200930,140756860,1.539000,100,153.900000,-,-,S,3055581,3295174
1,1,1820693,510360,2,20200930,140757340,1.539000,700,1077.300000,-,-,S,3055581,3295281
1,1,1820694,510360,2,20200930,140757340,1.539000,700,1077.300000,-,-,S,3055581,3295282
1,1,1820745,510360,2,20200930,140757830,1.539000,800,1231.200000,-,-,S,3055581,3295386
1,1,1820786,510360,2,20200930,140758170,1.539000,100,153.900000,-,-,S,3055581,3295447
1,1,1822482,510360,2,20200930,140808730,1.539000,3500,5386.500000,-,-,S,3055581,3297993
1,1,1822483,510360,2,20200930,140808730,1.539000,100,153.900000,-,-,S,3178260,3297993
1,1,1823011,510360,2,20200930,140812260,1.538000,500,769.000000,-,-,S,3064154,3298776
1,1,1823012,510360,2,20200930,140812260,1.538000,100,153.800000,-,-,S,3177149,3298776
1,1,1823013,510360,2,20200930,140812260,1.538000,17200,26453.600000,-,-,S,3267080,3298776
1,1,1823085,510360,2,20200930,140812850,1.538000,6400,9843.200000,-,-,S,3267080,3298893
1,1,1823128,510360,2,20200930,140813280,1.538000,6400,9843.200000,-,-,S,3267080,3298977
1,1,1823162,510360,2,20200930,140813700,1.538000,6400,9843.200000,-,-,S,3267080,3299054
1,1,1823183,510360,2,20200930,140814070,1.538000,6400,9843.200000,-,-,S,3267080,3299145
1,1,1823217,510360,2,20200930,140814260,1.538000,14800,22762.400000,-,-,S,3267080,3299194
1,1,1823259,510360,2,20200930,140814540,1.538000,6400,9843.200000,-,-,S,3267080,3299249
1,1,1823313,510360,2,20200930,140814970,1.538000,6400,9843.200000,-,-,S,3267080,3299335
1,1,1823347,510360,2,20200930,140815410,1.538000,6400,9843.200000,-,-,S,3267080,3299408
1,1,1823388,510360,2,20200930,140815770,1.538000,6400,9843.200000,-,-,S,3267080,3299485
1,1,1823397,510360,2,20200930,140815830,1.538000,14800,22762.400000,-,-,S,3267080,3299500
1,1,1823455,510360,2,20200930,140816210,1.538000,6400,9843.200000,-,-,S,3267080,3299588
1,1,1823481,510360,2,20200930,140816550,1.538000,100,153.800000,-,-,S,3267080,3299646
1,1,1823494,510360,2,20200930,140816640,1.538000,6400,9843.200000,-,-,S,3267080,3299672
1,1,1823622,510360,2,20200930,140817430,1.538000,7300,11227.400000,-,-,S,3267080,3299855
1,1,1829410,510360,2,20200930,140858050,1.540000,1100,1694.000000,-,-,S,3308961,3309262
1,1,1830813,510360,2,20200930,140907740,1.538000,17800,27376.400000,-,-,S,3267080,3311654
1,1,1831168,510360,2,20200930,140909590,1.538000,17800,27376.400000,-,-,S,3267080,3312205
1,1,1831354,510360,2,20200930,140910440,1.538000,100,153.800000,-,-,S,3267080,3312467
1,1,1831501,510360,2,20200930,140911100,1.538000,700,1076.600000,-,-,S,3301138,3312665
1,1,1831502,510360,2,20200930,140911100,1.538000,700,1076.600000,-,-,S,3301640,3312665
1,1,1831503,510360,2,20200930,140911100,1.538000,300,461.400000,-,-,S,3307502,3312665
1,1,1831504,510360,2,20200930,140911100,1.537000,4000,6148.000000,-,-,S,3231805,3312665
1,1,1831505,510360,2,20200930,140911100,1.537000,7600,11681.200000,-,-,S,3284204,3312665
1,1,1832157,510360,2,20200930,140913300,1.538000,6400,9843.200000,-,-,S,3312938,3313365
1,1,1832230,510360,2,20200930,140913570,1.538000,6400,9843.200000,-,-,S,3312938,3313557
1,1,1832258,510360,2,20200930,140913700,1.538000,1700,2614.600000,-,-,S,3312938,3313604
1,1,1832298,510360,2,20200930,140913900,1.537000,6400,9836.800000,-,-,S,3284204,3313646
1,1,1840494,510360,2,20200930,140951850,1.537000,6400,9836.800000,-,-,S,3284204,3323821
1,1,1840617,510360,2,20200930,140952260,1.537000,6400,9836.800000,-,-,S,3284204,3323930
1,1,1840740,510360,2,20200930,140952720,1.537000,6400,9836.800000,-,-,S,3284204,3324089
1,1,1840801,510360,2,20200930,140953060,1.537000,6400,9836.800000,-,-,S,3284204,3324180
1,1,1841110,510360,2,20200930,140953460,1.537000,6400,9836.800000,-,-,S,3284204,3324333
1,1,1841332,510360,2,20200930,140954050,1.537000,6400,9836.800000,-,-,S,3284204,3324488
1,1,1841490,510360,2,20200930,140954440,1.537000,100,153.700000,-,-,S,3304350,3324605
1,1,1841491,510360,2,20200930,140954440,1.537000,800,1229.600000,-,-,S,3317366,3324605
1,1,1841492,510360,2,20200930,140954440,1.536000,200,307.200000,-,-,S,3030437,3324605
1,1,1841493,510360,2,20200930,140954440,1.536000,100,153.600000,-,-,S,3179755,3324605
1,1,1841494,510360,2,20200930,140954440,1.536000,900,1382.400000,-,-,S,3259902,3324605
1,1,1841495,510360,2,20200930,140954440,1.536000,100,153.600000,-,-,S,3300388,3324605
1,1,1841496,510360,2,20200930,140954440,1.536000,4200,6451.200000,-,-,S,3313623,3324605
1,1,1845626,510360,2,20200930,141006160,1.536000,25000,38400.000000,-,-,S,3313623,3329666
1,1,1845627,510360,2,20200930,141006160,1.536000,25000,38400.000000,-,-,S,3313623,3329667
1,1,1845973,510360,2,20200930,141007090,1.536000,6400,9830.400000,-,-,S,3313623,3330026
1,1,1856279,510360,2,20200930,141043630,1.536000,6400,9830.400000,-,-,S,3313623,3342495
1,1,1872965,510360,2,20200930,141204320,1.537000,500,768.500000,-,-,S,3367772,3368638
1,1,1879858,510360,2,20200930,141246880,1.541000,100,154.100000,-,-,B,3381428,3346369
1,1,1886785,510360,2,20200930,141341440,1.541000,1000,1541.000000,-,-,B,3394671,3346369
1,1,1888271,510360,2,20200930,141355070,1.541000,1000,1541.000000,-,-,B,3397733,3346369
1,1,1888864,510360,2,20200930,141359810,1.540000,1300,2002.000000,-,-,S,3398427,3398791
1,1,1888917,510360,2,20200930,141400210,1.540000,1200,1848.000000,-,-,S,3398427,3398878
1,1,1888918,510360,2,20200930,141400210,1.540000,1000,1540.000000,-,-,S,3398427,3398879
1,1,1888923,510360,2,20200930,141400270,1.540000,1200,1848.000000,-,-,S,3398427,3398899
1,1,1889008,510360,2,20200930,141401030,1.540000,100,154.000000,-,-,S,3398427,3399095
1,1,1889009,510360,2,20200930,141401030,1.540000,100,154.000000,-,-,S,3398427,3399096
1,1,1889055,510360,2,20200930,141401460,1.540000,1000,1540.000000,-,-,S,3398427,3399189
1,1,1889113,510360,2,20200930,141401820,1.540000,1200,1848.000000,-,-,S,3398427,3399271
1,1,1889122,510360,2,20200930,141401860,1.540000,1000,1540.000000,-,-,S,3398427,3399281
1,1,1889124,510360,2,20200930,141401880,1.540000,1200,1848.000000,-,-,S,3398427,3399295
1,1,1889130,510360,2,20200930,141401980,1.540000,700,1078.000000,-,-,S,3398427,3399310
1,1,1889131,510360,2,20200930,141401980,1.537000,300,461.100000,-,-,S,3369974,3399310
1,1,1889170,510360,2,20200930,141402200,1.537000,1000,1537.000000,-,-,S,3380509,3399362
1,1,1889267,510360,2,20200930,141403070,1.541000,800,1232.800000,-,-,B,3399611,3346369
1,1,1894652,510360,2,20200930,141444030,1.541000,200,308.200000,-,-,B,3409059,3346369
1,1,1898300,510360,2,20200930,141503160,1.537000,1200,1844.400000,-,-,S,3380509,3414630
1,1,1898308,510360,2,20200930,141503220,1.537000,1200,1844.400000,-,-,S,3380509,3414641
1,1,1898459,510360,2,20200930,141504160,1.537000,900,1383.300000,-,-,S,3380509,3414908
1,1,1898615,510360,2,20200930,141504690,1.537000,800,1229.600000,-,-,S,3380509,3415058
1,1,1898733,510360,2,20200930,141505120,1.537000,800,1229.600000,-,-,S,3380509,3415201
1,1,1898747,510360,2,20200930,141505210,1.537000,1200,1844.400000,-,-,S,3380509,3415234
1,1,1898855,510360,2,20200930,141505460,1.537000,800,1229.600000,-,-,S,3380509,3415327
1,1,1898857,510360,2,20200930,141505460,1.537000,1200,1844.400000,-,-,S,3380509,3415332
1,1,1898953,510360,2,20200930,141505920,1.537000,800,1229.600000,-,-,S,3380509,3415488
1,1,1899078,510360,2,20200930,141506270,1.537000,100,153.700000,-,-,S,3380509,3415582
1,1,1899079,510360,2,20200930,141506270,1.537000,600,922.200000,-,-,S,3409481,3415582
1,1,1899080,510360,2,20200930,141506270,1.536000,100,153.600000,-,-,S,3358402,3415582
1,1,1904502,510360,2,20200930,141536060,1.536000,1700,2611.200000,-,-,S,3358402,3423661
1,1,1904605,510360,2,20200930,141536930,1.536000,1200,1843.200000,-,-,S,3358402,3423860
1,1,1904606,510360,2,20200930,141536930,1.536000,500,768.000000,-,-,S,3364894,3423860
1,1,1904668,510360,2,20200930,141537430,1.536000,300,460.800000,-,-,S,3364894,3423947
1,1,1904669,510360,2,20200930,141537430,1.536000,300,460.800000,-,-,S,3367124,3423947
1,1,1904670,510360,2,20200930,141537430,1.536000,700,1075.200000,-,-,S,3378979,3423947
1,1,1904696,510360,2,20200930,141537740,1.536000,1700,2611.200000,-,-,S,3378979,3424008
1,1,1904715,510360,2,20200930,141537900,1.536000,1200,1843.200000,-,-,S,3378979,3424032
1,1,1904993,510360,2,20200930,141538280,1.536000,400,614.400000,-,-,S,3378979,3424128
1,1,1904994,510360,2,20200930,141538280,1.536000,800,1228.800000,-,-,S,3392563,3424128
1,1,1905132,510360,2,20200930,141538790,1.536000,1200,1843.200000,-,-,S,3392563,3424293
1,1,1905161,510360,2,20200930,141539040,1.536000,1700,2611.200000,-,-,S,3392563,3424350
1,1,1905338,510360,2,20200930,141539950,1.536000,600,921.600000,-,-,S,3392563,3424548
1,1,1923350,510360,2,20200930,141728420,1.536000,700,1075.200000,-,-,S,3392563,3453122
1,1,1923351,510360,2,20200930,141728420,1.536000,700,1075.200000,-,-,S,3417924,3453122
1,1,1923352,510360,2,20200930,141728420,1.536000,2000,3072.000000,-,-,S,3425883,3453122
1,1,1923353,510360,2,20200930,141728420,1.536000,3000,4608.000000,-,-,S,3433620,3453122
1,1,1923453,510360,2,20200930,141729080,1.536000,3000,4608.000000,-,-,S,3433620,3453323
1,1,1923454,510360,2,20200930,141729080,1.536000,100,153.600000,-,-,S,3440017,3453323
1,1,1923455,510360,2,20200930,141729080,1.535000,8000,12280.000000,-,-,S,21292,3453323
1,1,1923456,510360,2,20200930,141729080,1.535000,200,307.000000,-,-,S,915226,3453323
1,1,1923457,510360,2,20200930,141729080,1.535000,3300,5065.500000,-,-,S,2725970,3453323
1,1,1923458,510360,2,20200930,141729080,1.535000,2000,3070.000000,-,-,S,3297306,3453323
1,1,1923459,510360,2,20200930,141729080,1.535000,9200,14122.000000,-,-,S,3346370,3453323
1,1,1923527,510360,2,20200930,141729360,1.535000,25800,39603.000000,-,-,S,3346370,3453401
1,1,1955248,510360,2,20200930,142118000,1.537000,25000,38425.000000,-,-,S,3505661,3507011
1,1,1955249,510360,2,20200930,142118000,1.537000,25000,38425.000000,-,-,S,3505661,3507012
1,1,1955620,510360,2,20200930,142119400,1.536000,6000,9216.000000,-,-,S,3466970,3507471
1,1,1955621,510360,2,20200930,142119400,1.536000,400,614.400000,-,-,S,3472209,3507471
1,1,1965148,510360,2,20200930,142222070,1.538000,2400,3691.200000,-,-,S,3523181,3524509
1,1,1965213,510360,2,20200930,142222460,1.538000,2000,3076.000000,-,-,S,3523181,3524620
1,1,1965312,510360,2,20200930,142222880,1.538000,2000,3076.000000,-,-,S,3523181,3524768
1,1,1965420,510360,2,20200930,142223340,1.538000,2000,3076.000000,-,-,S,3523181,3524982
1,1,1965529,510360,2,20200930,142223750,1.538000,2000,3076.000000,-,-,S,3523181,3525169
1,1,1965587,510360,2,20200930,142224150,1.538000,2000,3076.000000,-,-,S,3523181,3525278
1,1,1965622,510360,2,20200930,142224500,1.538000,2000,3076.000000,-,-,S,3523181,3525396
1,1,1973637,510360,2,20200930,142315340,1.542000,600,925.200000,-,-,S,3539485,3540470
1,1,1973638,510360,2,20200930,142315340,1.542000,600,925.200000,-,-,S,3539485,3540471
1,1,1973775,510360,2,20200930,142316560,1.542000,100,154.200000,-,-,S,3539485,3540803
1,1,1973875,510360,2,20200930,142317170,1.542000,100,154.200000,-,-,S,3539485,3540952
1,1,1973907,510360,2,20200930,142317260,1.542000,600,925.200000,-,-,S,3539485,3540995
1,1,1973978,510360,2,20200930,142317510,1.542000,600,925.200000,-,-,S,3539485,3541094
1,1,1974073,510360,2,20200930,142318550,1.542000,2400,3700.800000,-,-,S,3539485,3541348
1,1,1990676,510360,2,20200930,142529910,1.543000,300,462.900000,-,-,S,3571064,3571733
1,1,2022312,510360,2,20200930,142854330,1.546000,500,773.000000,-,-,B,3625586,3131879
1,1,2068197,510360,2,20200930,143421380,1.546000,200,309.200000,-,-,B,3709875,3131879
1,1,2069139,510360,2,20200930,143428460,1.544000,9000,13896.000000,-,-,S,3645935,3711559
1,1,2086884,510360,2,20200930,143608610,1.546000,500,773.000000,-,-,B,3740775,3131879
1,1,2086885,510360,2,20200930,143608610,1.546000,3500,5411.000000,-,-,B,3740775,3189427
1,1,2094750,510360,2,20200930,143710710,1.546000,500,773.000000,-,-,B,3754489,3639662
1,1,2100059,510360,2,20200930,143755410,1.547000,200,309.400000,-,-,B,3763631,2838778
1,1,2104377,510360,2,20200930,143832530,1.547000,5600,8663.200000,-,-,B,3771238,2838778
1,1,2104480,510360,2,20200930,143833340,1.547000,100,154.700000,-,-,S,3771238,3771403
1,1,2104734,510360,2,20200930,143835480,1.547000,100,154.700000,-,-,S,3771238,3771809
1,1,2104833,510360,2,20200930,143836630,1.547000,1300,2011.100000,-,-,S,3771238,3772061
1,1,2104981,510360,2,20200930,143838120,1.547000,2900,4486.300000,-,-,S,3771238,3772352
1,1,2115461,510360,2,20200930,143951040,1.547000,3000,4641.000000,-,-,S,3776075,3789228
1,1,2119888,510360,2,20200930,144012600,1.547000,500,773.500000,-,-,S,3776075,3796412
1,1,2136070,510360,2,20200930,144144150,1.549000,500,774.500000,-,-,B,3822981,3642105
1,1,2136606,510360,2,20200930,144146660,1.549000,100,154.900000,-,-,S,3822981,3823881
1,1,2136843,510360,2,20200930,144147910,1.549000,1400,2168.600000,-,-,S,3822981,3824333
1,1,2178584,510360,2,20200930,144541880,1.547000,100,154.700000,-,-,S,3776075,3891322
1,1,2178722,510360,2,20200930,144542540,1.547000,600,928.200000,-,-,S,3776075,3891570
1,1,2178759,510360,2,20200930,144542700,1.547000,100,154.700000,-,-,S,3776075,3891630
1,1,2178821,510360,2,20200930,144542890,1.547000,600,928.200000,-,-,S,3776075,3891674
1,1,2178841,510360,2,20200930,144543040,1.547000,800,1237.600000,-,-,S,3776075,3891716
1,1,2178892,510360,2,20200930,144543290,1.547000,600,928.200000,-,-,S,3776075,3891775
1,1,2182776,510360,2,20200930,144603180,1.547000,3700,5723.900000,-,-,S,3776075,3898007
1,1,2206672,510360,2,20200930,144834340,1.545000,300,463.500000,-,-,S,3769794,3936350
1,1,2206673,510360,2,20200930,144834340,1.545000,100,154.500000,-,-,S,3863685,3936350
1,1,2206674,510360,2,20200930,144834340,1.545000,1000,1545.000000,-,-,S,3918876,3936350
1,1,2206924,510360,2,20200930,144835740,1.545000,1200,1854.000000,-,-,B,3936704,3936350
1,1,2229209,510360,2,20200930,145025810,1.545000,600,927.000000,-,-,B,3970194,3936350
1,1,2234068,510360,2,20200930,145047270,1.545000,5800,8961.000000,-,-,S,3970194,3977630
1,1,2244184,510360,2,20200930,145128500,1.545000,1200,1854.000000,-,-,B,3991443,3977630
1,1,2244861,510360,2,20200930,145131070,1.545000,100,154.500000,-,-,S,3991443,3992291
1,1,2244884,510360,2,20200930,145131280,1.545000,100,154.500000,-,-,S,3991443,3992339
1,1,2245136,510360,2,20200930,145132290,1.545000,2400,3708.000000,-,-,S,3991443,3992672
1,1,2245250,510360,2,20200930,145132840,1.545000,2400,3708.000000,-,-,S,3991443,3992828
1,1,2245441,510360,2,20200930,145133220,1.545000,2200,3399.000000,-,-,S,3991443,3993022
1,1,2245537,510360,2,20200930,145133560,1.545000,2200,3399.000000,-,-,S,3991443,3993147
1,1,2245634,510360,2,20200930,145134020,1.545000,2200,3399.000000,-,-,S,3991443,3993294
1,1,2245636,510360,2,20200930,145134020,1.545000,6100,9424.500000,-,-,S,3991443,3993299
1,1,2245746,510360,2,20200930,145134390,1.545000,2200,3399.000000,-,-,S,3991443,3993432
1,1,2245787,510360,2,20200930,145134810,1.545000,2200,3399.000000,-,-,S,3991443,3993539
1,1,2245871,510360,2,20200930,145135150,1.545000,2200,3399.000000,-,-,S,3991443,3993665
1,1,2246162,510360,2,20200930,145136480,1.545000,600,927.000000,-,-,S,3991443,3994172
1,1,2256683,510360,2,20200930,145220200,1.544000,2000,3088.000000,-,-,S,3946944,4009893
1,1,2259506,510360,2,20200930,145231900,1.544000,300,463.200000,-,-,B,4014056,4009893
1,1,2259936,510360,2,20200930,145233410,1.543000,1200,1851.600000,-,-,S,4011374,4014705
1,1,2259937,510360,2,20200930,145233410,1.542000,20700,31919.400000,-,-,S,3966398,4014705
1,1,2260857,510360,2,20200930,145237560,1.544000,1200,1852.800000,-,-,B,4016148,4009893
1,1,2285963,510360,2,20200930,145419430,1.544000,18400,28409.600000,-,-,B,4053631,4009893
1,1,2287090,510360,2,20200930,145423960,1.544000,1600,2470.400000,-,-,S,4053631,4055274
1,1,2299395,510360,2,20200930,145508060,1.544000,900,1389.600000,-,-,S,4071716,4073807
1,1,2306677,510360,2,20200930,145528940,1.542000,800,1233.600000,-,-,S,4050979,4083592
1,1,2306969,510360,2,20200930,145529940,1.542000,500,771.000000,-,-,S,4050979,4084082
1,1,2312681,510360,2,20200930,145547690,1.542000,500,771.000000,-,-,S,4089124,4091720
1,1,2314610,510360,2,20200930,145555080,1.542000,500,771.000000,-,-,S,4091277,4094721
1,1,2314611,510360,2,20200930,145555080,1.542000,1300,2004.600000,-,-,S,4092078,4094721
1,1,2314612,510360,2,20200930,145555080,1.542000,800,1233.600000,-,-,S,4092151,4094721
1,1,2319185,510360,2,20200930,145609120,1.542000,300,462.600000,-,-,S,4098887,4100654
1,1,2322984,510360,2,20200930,145621740,1.542000,1000,1542.000000,-,-,S,4104127,4105844
1,1,2326397,510360,2,20200930,145632820,1.542000,600,925.200000,-,-,S,4109755,4110145
1,1,2330210,510360,2,20200930,145645540,1.542000,100,154.200000,-,-,S,4113894,4115039
1,1,2330621,510360,2,20200930,145647150,1.542000,1100,1696.200000,-,-,S,4114009,4115578
1,1,2330622,510360,2,20200930,145647150,1.541000,300,462.300000,-,-,S,3593665,4115578
1,1,2330623,510360,2,20200930,145647150,1.541000,1300,2003.300000,-,-,S,3904721,4115578
1,1,2330624,510360,2,20200930,145647150,1.541000,1300,2003.300000,-,-,S,3990922,4115578
1,1,2334527,510360,2,20200930,145718730,1.542000,1100,1696.200000,-,-,S,4118289,4126709
1,1,2336227,510360,2,20200930,145834450,1.547000,100,154.700000,-,-,B,4143633,3926326
1,1,2336770,510360,2,20200930,145901760,1.547000,4400,6806.800000,-,-,B,4148307,3926326
1,1,2336802,510360,2,20200930,145903200,1.547000,100,154.700000,-,-,S,4148307,4148621
1,1,2336821,510360,2,20200930,145903630,1.547000,100,154.700000,-,-,S,4148307,4148690
1,1,2336826,510360,2,20200930,145904090,1.547000,100,154.700000,-,-,S,4148307,4148775
1,1,2336879,510360,2,20200930,145906270,1.547000,1000,1547.000000,-,-,S,4148307,4149136
1,1,2337090,510360,2,20200930,145917410,1.547000,2000,3094.000000,-,-,B,4151229,4149307
1,1,2337879,510360,2,20200930,145944490,1.547000,400,618.800000,-,-,B,4156321,4149307
1,1,2338173,510360,2,20200930,145958080,1.547000,500,773.500000,-,-,B,4158720,4149307
