Datetime,Price,Volume
2020-09-30 09:25:00.030,4.673,1200
2020-09-30 09:25:00.030,4.673,6200
2020-09-30 09:25:00.030,4.673,5000
2020-09-30 09:25:00.030,4.673,1000
2020-09-30 09:25:00.030,4.673,5000
2020-09-30 09:25:00.030,4.673,10000
2020-09-30 09:25:00.030,4.673,5000
2020-09-30 09:25:00.030,4.673,5000
2020-09-30 09:25:00.030,4.673,1300
2020-09-30 09:25:00.030,4.673,5000
2020-09-30 09:25:00.030,4.673,9000
2020-09-30 09:25:00.030,4.673,10000
2020-09-30 09:25:00.030,4.673,3200
2020-09-30 09:25:00.030,4.673,10000
2020-09-30 09:25:00.030,4.673,66800
2020-09-30 09:25:00.030,4.673,100
2020-09-30 09:25:00.030,4.673,100
2020-09-30 09:25:00.030,4.673,100
2020-09-30 09:25:00.030,4.673,5000
2020-09-30 09:25:00.030,4.673,96900
2020-09-30 09:25:00.030,4.673,10700
2020-09-30 09:25:00.030,4.673,41400
2020-09-30 09:25:00.030,4.673,1100
2020-09-30 09:25:00.030,4.673,5000
2020-09-30 09:25:00.030,4.673,400
2020-09-30 09:25:00.030,4.673,3000
2020-09-30 09:25:00.030,4.673,2000
2020-09-30 09:25:00.030,4.673,30400
2020-09-30 09:25:00.030,4.673,22100
2020-09-30 09:25:00.030,4.673,2100
2020-09-30 09:25:00.030,4.673,2000
2020-09-30 09:25:00.030,4.673,1400
2020-09-30 09:25:00.030,4.673,1700
2020-09-30 09:25:00.030,4.673,6500
2020-09-30 09:25:00.030,4.673,4700
2020-09-30 09:25:00.030,4.673,11100
2020-09-30 09:25:00.030,4.673,14200
2020-09-30 09:25:00.030,4.673,9800
2020-09-30 09:25:00.030,4.673,300
2020-09-30 09:25:00.030,4.673,3900
2020-09-30 09:25:00.030,4.673,10000
2020-09-30 09:25:00.030,4.673,100
2020-09-30 09:25:00.030,4.673,200
2020-09-30 09:25:00.030,4.673,1100
2020-09-30 09:25:00.030,4.673,400
2020-09-30 09:25:00.030,4.673,100
2020-09-30 09:25:00.030,4.673,100
2020-09-30 09:25:00.030,4.673,10800
2020-09-30 09:25:00.030,4.673,100
2020-09-30 09:25:00.030,4.673,800
2020-09-30 09:25:00.030,4.673,400
2020-09-30 09:25:00.030,4.673,1000
2020-09-30 09:25:00.030,4.673,300
2020-09-30 09:25:00.030,4.673,600
2020-09-30 09:25:00.030,4.673,400
2020-09-30 09:25:00.030,4.673,100
2020-09-30 09:25:00.030,4.673,700
2020-09-30 09:25:00.030,4.673,100
2020-09-30 09:25:00.030,4.673,100
2020-09-30 09:25:00.030,4.673,600
2020-09-30 09:25:00.030,4.673,8100
2020-09-30 09:25:00.030,4.673,2500
2020-09-30 09:25:00.030,4.673,100
2020-09-30 09:25:00.030,4.673,2300
2020-09-30 09:25:00.030,4.673,100
2020-09-30 09:25:00.030,4.673,3000
2020-09-30 09:25:00.030,4.673,2000
2020-09-30 09:25:00.030,4.673,2000
2020-09-30 09:25:00.030,4.673,1100
2020-09-30 09:25:00.030,4.673,8900
2020-09-30 09:25:00.030,4.673,10000
2020-09-30 09:25:00.030,4.673,40000
2020-09-30 09:25:00.030,4.673,400
2020-09-30 09:25:00.030,4.673,1300
2020-09-30 09:25:00.030,4.673,1300
2020-09-30 09:25:00.030,4.673,7200
2020-09-30 09:25:00.030,4.673,1000
2020-09-30 09:25:00.030,4.673,1000
2020-09-30 09:25:00.030,4.673,500
2020-09-30 09:25:00.030,4.673,9000
2020-09-30 09:25:00.030,4.673,40700
2020-09-30 09:25:00.030,4.673,700
2020-09-30 09:25:00.030,4.673,900
2020-09-30 09:25:00.030,4.673,100
2020-09-30 09:25:00.030,4.673,5700
2020-09-30 09:25:00.030,4.673,5900
2020-09-30 09:25:00.030,4.673,16800
2020-09-30 09:25:00.030,4.673,2000
2020-09-30 09:25:00.030,4.673,100
2020-09-30 09:25:00.030,4.673,100
2020-09-30 09:25:00.030,4.673,300
2020-09-30 09:25:00.030,4.673,7900
2020-09-30 09:25:00.030,4.673,2800
2020-09-30 09:25:00.030,4.673,1900
2020-09-30 09:25:00.030,4.673,2800
2020-09-30 09:25:00.030,4.673,2300
2020-09-30 09:25:00.030,4.673,3000
2020-09-30 09:25:00.030,4.673,2000
2020-09-30 09:25:00.030,4.673,9200
2020-09-30 09:25:00.030,4.673,3600
2020-09-30 09:25:00.030,4.673,100
2020-09-30 09:25:00.030,4.673,2400
2020-09-30 09:25:00.030,4.673,7000
2020-09-30 09:25:00.030,4.673,100
2020-09-30 09:25:00.030,4.673,800
2020-09-30 09:25:00.030,4.673,800
2020-09-30 09:25:00.030,4.673,100
2020-09-30 09:25:00.030,4.673,2000
2020-09-30 09:25:00.030,4.673,1900
2020-09-30 09:25:00.030,4.673,100
2020-09-30 09:25:00.030,4.673,100
2020-09-30 09:25:00.030,4.673,100
2020-09-30 09:25:00.030,4.673,800
2020-09-30 09:25:00.030,4.673,2300
2020-09-30 09:25:00.030,4.673,100
2020-09-30 09:25:00.030,4.673,500
2020-09-30 09:25:00.030,4.673,6000
2020-09-30 09:25:00.030,4.673,100
2020-09-30 09:25:00.030,4.673,5900
2020-09-30 09:25:00.030,4.673,4200
2020-09-30 09:25:00.030,4.673,300
2020-09-30 09:25:00.030,4.673,500
2020-09-30 09:25:00.030,4.673,15000
2020-09-30 09:25:00.030,4.673,7000
2020-09-30 09:25:00.030,4.673,1000
2020-09-30 09:25:00.030,4.673,4300
2020-09-30 09:25:00.030,4.673,5000
2020-09-30 09:25:00.030,4.673,100
2020-09-30 09:25:00.030,4.673,1200
2020-09-30 09:25:00.030,4.673,1000
2020-09-30 09:25:00.030,4.673,2400
2020-09-30 09:30:00.000,4.673,2400
2020-09-30 09:30:00.070,4.674,100
2020-09-30 09:30:00.070,4.674,2300
2020-09-30 09:30:00.070,4.674,1400
2020-09-30 09:30:00.070,4.674,2000
2020-09-30 09:30:00.070,4.675,100
2020-09-30 09:30:00.070,4.675,100
2020-09-30 09:30:00.070,4.675,10000
2020-09-30 09:30:00.070,4.675,10000
2020-09-30 09:30:00.070,4.675,8800
2020-09-30 09:30:00.070,4.675,3000
2020-09-30 09:30:00.160,4.676,2400
2020-09-30 09:30:00.190,4.676,4000
2020-09-30 09:30:00.190,4.676,5000
2020-09-30 09:30:00.280,4.676,1000
2020-09-30 09:30:00.280,4.676,300
2020-09-30 09:30:00.280,4.676,9000
2020-09-30 09:30:00.320,4.677,200
2020-09-30 09:30:00.320,4.677,4800
2020-09-30 09:30:00.370,4.676,2800
2020-09-30 09:30:00.370,4.676,300
2020-09-30 09:30:00.460,4.676,25000
2020-09-30 09:30:00.560,4.676,1000
2020-09-30 09:30:00.560,4.676,5000
2020-09-30 09:30:00.560,4.676,3000
2020-09-30 09:30:00.560,4.676,100
2020-09-30 09:30:00.560,4.676,13500
2020-09-30 09:30:00.660,4.677,200
2020-09-30 09:30:00.660,4.677,5800
2020-09-30 09:30:00.660,4.676,11000
2020-09-30 09:30:00.660,4.677,200
2020-09-30 09:30:00.660,4.678,1000
2020-09-30 09:30:00.660,4.677,100
2020-09-30 09:30:00.790,4.677,700
2020-09-30 09:30:00.790,4.676,400
2020-09-30 09:30:00.790,4.677,4300
2020-09-30 09:30:00.790,4.677,6300
2020-09-30 09:30:00.920,4.676,1000
2020-09-30 09:30:00.920,4.676,5000
2020-09-30 09:30:01.030,4.676,10200
2020-09-30 09:30:01.030,4.675,9800
2020-09-30 09:30:01.030,4.675,5800
2020-09-30 09:30:01.140,4.677,3700
2020-09-30 09:30:01.140,4.678,1300
2020-09-30 09:30:01.140,4.675,10700
2020-09-30 09:30:01.260,4.676,300
2020-09-30 09:30:01.370,4.678,100
2020-09-30 09:30:01.370,4.678,9900
2020-09-30 09:30:01.490,4.676,300
2020-09-30 09:30:01.490,4.676,500
2020-09-30 09:30:01.490,4.676,200
2020-09-30 09:30:01.610,4.676,10000
2020-09-30 09:30:01.610,4.676,6000
2020-09-30 09:30:01.730,4.676,1000
2020-09-30 09:30:01.840,4.676,28400
2020-09-30 09:30:01.840,4.676,30000
2020-09-30 09:30:01.840,4.677,400
2020-09-30 09:30:01.840,4.676,8700
2020-09-30 09:30:01.960,4.676,5000
2020-09-30 09:30:01.960,4.676,200
2020-09-30 09:30:02.060,4.676,7500
2020-09-30 09:30:02.110,4.676,500
2020-09-30 09:30:02.110,4.676,19400
2020-09-30 09:30:02.220,4.676,2100
2020-09-30 09:30:02.350,4.676,500
2020-09-30 09:30:02.460,4.676,100
2020-09-30 09:30:02.460,4.676,2000
2020-09-30 09:30:02.460,4.676,2200
2020-09-30 09:30:02.600,4.676,6000
2020-09-30 09:30:02.600,4.676,100
2020-09-30 09:30:02.730,4.677,3000
2020-09-30 09:30:02.730,4.676,4000
2020-09-30 09:30:02.850,4.676,5000
2020-09-30 09:30:02.900,4.676,100
2020-09-30 09:30:02.900,4.676,2000
2020-09-30 09:30:02.900,4.676,2000
2020-09-30 09:30:03.020,4.676,2000
2020-09-30 09:30:03.020,4.676,33900
2020-09-30 09:30:03.020,4.676,300
2020-09-30 09:30:03.020,4.676,200
2020-09-30 09:30:03.020,4.676,3000
2020-09-30 09:30:03.020,4.676,2600
2020-09-30 09:30:03.020,4.676,5100
2020-09-30 09:30:03.140,4.676,4800
2020-09-30 09:30:03.140,4.675,3700
2020-09-30 09:30:03.260,4.675,400
2020-09-30 09:30:03.390,4.675,2000
2020-09-30 09:30:03.500,4.675,6100
2020-09-30 09:30:03.500,4.675,3500
2020-09-30 09:30:03.650,4.676,6000
2020-09-30 09:30:03.650,4.677,13600
2020-09-30 09:30:03.650,4.677,1200
2020-09-30 09:30:03.650,4.677,2200
2020-09-30 09:30:03.650,4.677,3000
2020-09-30 09:30:03.650,4.677,4000
2020-09-30 09:30:03.650,4.677,3800
2020-09-30 09:30:03.650,4.677,3500
2020-09-30 09:30:03.650,4.677,2500
2020-09-30 09:30:03.650,4.677,5000
2020-09-30 09:30:03.650,4.677,15000
2020-09-30 09:30:03.730,4.677,2000
2020-09-30 09:30:03.800,4.677,10000
2020-09-30 09:30:03.890,4.678,100
2020-09-30 09:30:03.890,4.678,2000
2020-09-30 09:30:03.890,4.678,900
2020-09-30 09:30:03.890,4.677,2000
2020-09-30 09:30:03.980,4.677,27100
2020-09-30 09:30:03.980,4.677,3600
2020-09-30 09:30:03.980,4.677,21700
2020-09-30 09:30:04.020,4.677,12200
2020-09-30 09:30:04.020,4.677,17800
2020-09-30 09:30:04.060,4.677,500
2020-09-30 09:30:04.100,4.677,1200
2020-09-30 09:30:04.230,4.675,400
2020-09-30 09:30:04.680,4.675,300
2020-09-30 09:30:04.680,4.676,2500
2020-09-30 09:30:05.970,4.677,5000
2020-09-30 09:30:06.540,4.677,29200
2020-09-30 09:30:06.600,4.677,43800
2020-09-30 09:30:07.260,4.678,4100
2020-09-30 09:30:07.260,4.678,1000
2020-09-30 09:30:07.260,4.678,50000
2020-09-30 09:30:07.260,4.678,30000
2020-09-30 09:30:07.260,4.678,10000
2020-09-30 09:30:07.260,4.678,800
2020-09-30 09:30:07.260,4.678,20000
2020-09-30 09:30:07.260,4.678,41300
2020-09-30 09:30:07.260,4.678,5300
2020-09-30 09:30:07.260,4.678,5000
2020-09-30 09:30:07.260,4.678,600
2020-09-30 09:30:07.260,4.678,2500
2020-09-30 09:30:07.260,4.678,5000
2020-09-30 09:30:07.260,4.678,200
2020-09-30 09:30:07.260,4.678,7200
2020-09-30 09:30:07.660,4.678,4000
2020-09-30 09:30:07.930,4.679,2000
2020-09-30 09:30:07.930,4.679,5000
2020-09-30 09:30:07.930,4.679,5800
2020-09-30 09:30:10.260,4.678,800
2020-09-30 09:30:10.260,4.678,9300
2020-09-30 09:30:11.390,4.678,4300
2020-09-30 09:30:11.390,4.678,8000
2020-09-30 09:30:11.830,4.678,1000
2020-09-30 09:30:11.830,4.678,10000
2020-09-30 09:30:12.130,4.678,54000
2020-09-30 09:30:12.290,4.678,13400
2020-09-30 09:30:12.290,4.677,31300
2020-09-30 09:30:12.290,4.677,100
2020-09-30 09:30:12.290,4.676,300000
2020-09-30 09:30:12.290,4.675,19500
2020-09-30 09:30:12.290,4.675,5000
2020-09-30 09:30:12.290,4.675,10700
2020-09-30 09:30:12.290,4.675,6500
2020-09-30 09:30:12.290,4.675,300
2020-09-30 09:30:12.290,4.675,10000
2020-09-30 09:30:12.290,4.675,5000
2020-09-30 09:30:12.290,4.675,7500
2020-09-30 09:30:12.290,4.675,400
2020-09-30 09:30:12.290,4.675,10500
2020-09-30 09:30:12.290,4.675,3000
2020-09-30 09:30:12.290,4.675,200
2020-09-30 09:30:12.290,4.675,10000
2020-09-30 09:30:13.250,4.675,12900
2020-09-30 09:30:13.280,4.675,252900
2020-09-30 09:30:13.970,4.677,4400
2020-09-30 09:30:13.970,4.674,38700
2020-09-30 09:30:17.050,4.677,400
2020-09-30 09:30:17.050,4.678,3800
2020-09-30 09:30:17.050,4.678,1500
2020-09-30 09:30:17.050,4.678,1100
2020-09-30 09:30:17.050,4.679,3900
2020-09-30 09:30:21.290,4.675,4200
2020-09-30 09:30:21.550,4.676,6200
2020-09-30 09:30:21.580,4.678,1100
2020-09-30 09:30:25.710,4.676,2600
2020-09-30 09:30:25.710,4.676,100
2020-09-30 09:30:26.200,4.674,1300
2020-09-30 09:30:26.200,4.674,700
2020-09-30 09:30:26.640,4.674,1300
2020-09-30 09:30:26.640,4.674,2600
2020-09-30 09:30:26.640,4.674,17000
2020-09-30 09:30:26.640,4.674,500
2020-09-30 09:30:26.640,4.674,300
2020-09-30 09:30:26.640,4.674,11300
2020-09-30 09:30:28.840,4.674,10000
2020-09-30 09:30:29.250,4.675,200
2020-09-30 09:30:31.320,4.674,4800
2020-09-30 09:30:31.320,4.674,200
2020-09-30 09:30:31.320,4.674,100
2020-09-30 09:30:31.320,4.674,300
2020-09-30 09:30:31.320,4.674,300
2020-09-30 09:30:31.320,4.674,400
2020-09-30 09:30:31.320,4.674,200
2020-09-30 09:30:31.320,4.674,9000
2020-09-30 09:30:31.320,4.674,10000
2020-09-30 09:30:31.320,4.674,200
2020-09-30 09:30:31.320,4.674,100
2020-09-30 09:30:31.320,4.674,200
2020-09-30 09:30:31.320,4.674,2900
2020-09-30 09:30:31.320,4.674,400
2020-09-30 09:30:31.320,4.674,200
2020-09-30 09:30:31.320,4.674,600
2020-09-30 09:30:31.320,4.674,188800
2020-09-30 09:30:31.320,4.674,100
2020-09-30 09:30:31.320,4.674,2300
2020-09-30 09:30:31.400,4.675,200
2020-09-30 09:30:31.680,4.674,7300
2020-09-30 09:30:31.680,4.674,1000
2020-09-30 09:30:31.680,4.673,34091
2020-09-30 09:30:31.950,4.673,1000
2020-09-30 09:30:34.570,4.674,4100
2020-09-30 09:30:34.920,4.673,5000
2020-09-30 09:30:35.210,4.674,18300
2020-09-30 09:30:35.210,4.675,600
2020-09-30 09:30:35.210,4.675,73600
2020-09-30 09:30:35.210,4.675,100
2020-09-30 09:30:35.210,4.675,12700
2020-09-30 09:30:35.210,4.675,394700
2020-09-30 09:30:35.600,4.673,4209
2020-09-30 09:30:35.600,4.673,2100
2020-09-30 09:30:35.600,4.673,600
2020-09-30 09:30:35.600,4.673,100
2020-09-30 09:30:35.600,4.673,2991
2020-09-30 09:30:36.660,4.675,11300
2020-09-30 09:30:37.920,4.673,400
2020-09-30 09:30:40.330,4.674,3500
2020-09-30 09:30:40.330,4.674,19700
2020-09-30 09:30:40.660,4.673,7409
2020-09-30 09:30:40.660,4.673,100
2020-09-30 09:30:40.660,4.673,15291
2020-09-30 09:30:42.660,4.673,1000
2020-09-30 09:30:42.930,4.673,2200
2020-09-30 09:30:43.560,4.673,2000
2020-09-30 09:30:44.260,4.673,14700
2020-09-30 09:30:44.710,4.673,1500
2020-09-30 09:30:44.740,4.673,2000
2020-09-30 09:30:45.200,4.673,10000
2020-09-30 09:30:45.820,4.674,200
2020-09-30 09:30:46.340,4.673,1309
2020-09-30 09:30:46.340,4.673,100
2020-09-30 09:30:46.340,4.673,600
2020-09-30 09:30:46.340,4.673,891
2020-09-30 09:30:46.570,4.673,109
2020-09-30 09:30:46.570,4.673,800
2020-09-30 09:30:46.570,4.673,500
2020-09-30 09:30:46.570,4.673,3000
2020-09-30 09:30:46.570,4.672,2500
2020-09-30 09:30:46.570,4.672,5000
2020-09-30 09:30:46.570,4.672,8091
2020-09-30 09:30:47.730,4.672,5000
2020-09-30 09:30:47.920,4.673,100
2020-09-30 09:30:47.950,4.673,7600
2020-09-30 09:30:48.280,4.672,1909
2020-09-30 09:30:48.280,4.672,1700
2020-09-30 09:30:48.280,4.672,9391
2020-09-30 09:30:49.480,4.673,1000
2020-09-30 09:30:49.630,4.673,700
2020-09-30 09:30:50.870,4.673,400
2020-09-30 09:30:51.600,4.672,100
2020-09-30 09:30:52.300,4.672,1309
2020-09-30 09:30:52.300,4.672,3691
2020-09-30 09:30:52.550,4.672,1100
2020-09-30 09:30:53.100,4.673,5200
2020-09-30 09:30:53.100,4.673,3000
2020-09-30 09:30:53.100,4.673,7000
2020-09-30 09:30:53.100,4.673,3000
2020-09-30 09:30:53.100,4.673,7500
2020-09-30 09:30:53.100,4.673,3000
2020-09-30 09:30:53.100,4.673,15100
2020-09-30 09:30:54.220,4.673,10000
2020-09-30 09:30:54.550,4.674,1000
2020-09-30 09:30:54.750,4.673,1600
2020-09-30 09:30:54.770,4.674,69100
2020-09-30 09:30:54.770,4.674,50000
2020-09-30 09:30:54.770,4.674,5000
2020-09-30 09:30:54.770,4.674,200
2020-09-30 09:30:54.770,4.674,30000
2020-09-30 09:30:54.770,4.674,20000
2020-09-30 09:30:55.060,4.675,123900
2020-09-30 09:30:55.290,4.674,900
2020-09-30 09:30:55.820,4.674,5000
2020-09-30 09:30:56.220,4.674,20000
2020-09-30 09:30:56.460,4.674,4400
2020-09-30 09:30:57.800,4.674,1300
2020-09-30 09:30:57.960,4.674,5000
2020-09-30 09:30:58.110,4.674,6500
2020-09-30 09:30:59.430,4.673,800
2020-09-30 09:30:59.830,4.673,2500
2020-09-30 09:31:00.150,4.673,9200
2020-09-30 09:31:00.240,4.674,1500
2020-09-30 09:31:00.240,4.675,1400
2020-09-30 09:31:00.370,4.673,4000
2020-09-30 09:31:00.370,4.673,16500
2020-09-30 09:31:00.370,4.673,300
2020-09-30 09:31:00.450,4.672,10000
2020-09-30 09:31:00.450,4.672,1500
2020-09-30 09:31:00.450,4.672,19600
2020-09-30 09:31:00.450,4.672,35000
2020-09-30 09:31:00.450,4.671,1000
2020-09-30 09:31:00.450,4.671,3000
2020-09-30 09:31:00.450,4.671,26000
2020-09-30 09:31:00.450,4.671,3900
2020-09-30 09:31:00.600,4.673,1500
2020-09-30 09:31:00.600,4.673,11700
2020-09-30 09:31:00.600,4.674,1000
2020-09-30 09:31:00.600,4.675,900
2020-09-30 09:31:01.360,4.675,500
2020-09-30 09:31:03.410,4.675,300
2020-09-30 09:31:03.600,4.673,100
2020-09-30 09:31:03.720,4.673,30000
2020-09-30 09:31:03.720,4.673,2000
2020-09-30 09:31:05.600,4.674,2700
2020-09-30 09:31:05.660,4.674,4100
2020-09-30 09:31:05.660,4.674,1000
2020-09-30 09:31:06.080,4.675,21800
2020-09-30 09:31:07.590,4.674,2700
2020-09-30 09:31:08.320,4.674,300
2020-09-30 09:31:09.220,4.673,3000
2020-09-30 09:31:09.390,4.673,10700
2020-09-30 09:31:09.830,4.674,47000
2020-09-30 09:31:10.920,4.674,7300
2020-09-30 09:31:11.130,4.674,10000
2020-09-30 09:31:11.620,4.675,445200
2020-09-30 09:31:11.620,4.675,2000
2020-09-30 09:31:11.620,4.675,2000
2020-09-30 09:31:11.620,4.675,3000
2020-09-30 09:31:11.620,4.675,100
2020-09-30 09:31:11.620,4.675,1100
2020-09-30 09:31:11.620,4.675,5000
2020-09-30 09:31:11.620,4.675,2000
2020-09-30 09:31:11.620,4.675,39600
2020-09-30 09:31:11.830,4.675,10400
2020-09-30 09:31:11.830,4.675,4000
2020-09-30 09:31:12.770,4.675,30000
2020-09-30 09:31:13.670,4.675,1000
2020-09-30 09:31:14.250,4.675,7200
2020-09-30 09:31:17.100,4.676,5000
2020-09-30 09:31:17.520,4.676,700
2020-09-30 09:31:19.010,4.674,3400
2020-09-30 09:31:20.130,4.675,900
2020-09-30 09:31:22.220,4.675,4100
2020-09-30 09:31:22.220,4.675,800
2020-09-30 09:31:22.420,4.674,2500
2020-09-30 09:31:23.080,4.675,100
2020-09-30 09:31:23.210,4.674,10000
2020-09-30 09:31:24.260,4.675,100
2020-09-30 09:31:24.260,4.675,900
2020-09-30 09:31:24.350,4.674,1000
2020-09-30 09:31:25.630,4.675,100
2020-09-30 09:31:26.440,4.675,4000
2020-09-30 09:31:26.440,4.675,2500
2020-09-30 09:31:26.440,4.676,300
2020-09-30 09:31:26.440,4.676,100
2020-09-30 09:31:26.440,4.676,10000
2020-09-30 09:31:26.440,4.676,3100
2020-09-30 09:31:27.020,4.676,6900
2020-09-30 09:31:27.020,4.676,1200
2020-09-30 09:31:28.260,4.675,500
2020-09-30 09:31:29.060,4.674,500
2020-09-30 09:31:29.180,4.675,100
2020-09-30 09:31:30.080,4.674,9500
2020-09-30 09:31:30.080,4.674,4400
2020-09-30 09:31:30.080,4.674,200
2020-09-30 09:31:30.080,4.674,1000
2020-09-30 09:31:31.190,4.674,3000
2020-09-30 09:31:31.590,4.674,1000
2020-09-30 09:31:32.210,4.674,500
2020-09-30 09:31:32.990,4.674,5300
2020-09-30 09:31:32.990,4.674,200
2020-09-30 09:31:33.490,4.674,100
2020-09-30 09:31:35.760,4.674,20000
2020-09-30 09:31:37.530,4.675,9500
2020-09-30 09:31:37.530,4.675,500
2020-09-30 09:31:38.260,4.674,4000
2020-09-30 09:31:39.260,4.674,30000
2020-09-30 09:31:39.290,4.674,4300
2020-09-30 09:31:40.550,4.674,1000
2020-09-30 09:31:40.610,4.675,100
2020-09-30 09:31:41.670,4.674,300
2020-09-30 09:31:41.800,4.674,4300
2020-09-30 09:31:42.290,4.674,10000
2020-09-30 09:31:42.410,4.674,1000
2020-09-30 09:31:42.530,4.674,200
2020-09-30 09:31:42.860,4.674,5000
2020-09-30 09:31:45.150,4.674,20000
2020-09-30 09:31:45.830,4.675,100
2020-09-30 09:31:46.240,4.674,70000
2020-09-30 09:31:46.390,4.674,21000
2020-09-30 09:31:48.440,4.674,1100
2020-09-30 09:31:48.470,4.674,45200
2020-09-30 09:31:49.700,4.674,1000
2020-09-30 09:31:49.700,4.674,2200
2020-09-30 09:31:49.700,4.674,800
2020-09-30 09:31:49.820,4.674,500
2020-09-30 09:31:49.820,4.674,4300
2020-09-30 09:31:49.820,4.674,3000
2020-09-30 09:31:51.300,4.674,700
2020-09-30 09:31:51.890,4.674,1500
2020-09-30 09:31:51.890,4.674,3300
2020-09-30 09:31:51.890,4.675,800
2020-09-30 09:31:51.890,4.675,4400
2020-09-30 09:31:57.390,4.674,4500
2020-09-30 09:31:59.710,4.674,1000
2020-09-30 09:32:00.190,4.673,8200
2020-09-30 09:32:00.190,4.673,4000
2020-09-30 09:32:00.190,4.673,1000
2020-09-30 09:32:00.190,4.673,3000
2020-09-30 09:32:00.190,4.673,1000
2020-09-30 09:32:00.190,4.673,121200
2020-09-30 09:32:00.790,4.673,10000
2020-09-30 09:32:01.700,4.673,68800
2020-09-30 09:32:01.700,4.673,400
2020-09-30 09:32:03.330,4.673,7700
2020-09-30 09:32:03.330,4.673,10000
2020-09-30 09:32:03.330,4.674,14500
2020-09-30 09:32:03.330,4.674,7800
2020-09-30 09:32:04.610,4.673,10000
2020-09-30 09:32:05.540,4.673,1500
2020-09-30 09:32:06.750,4.673,4000
2020-09-30 09:32:07.250,4.672,20000
2020-09-30 09:32:07.650,4.672,9900
2020-09-30 09:32:07.780,4.672,500
2020-09-30 09:32:13.480,4.671,100
2020-09-30 09:32:14.490,4.672,2100
2020-09-30 09:32:15.380,4.671,1000
2020-09-30 09:32:15.380,4.671,9000
2020-09-30 09:32:16.290,4.671,400
2020-09-30 09:32:16.530,4.671,5000
2020-09-30 09:32:16.560,4.671,600
2020-09-30 09:32:16.560,4.671,600
2020-09-30 09:32:16.560,4.671,400
2020-09-30 09:32:16.560,4.671,1200
2020-09-30 09:32:16.780,4.672,1500
2020-09-30 09:32:17.010,4.671,3700
2020-09-30 09:32:17.030,4.671,1000
2020-09-30 09:32:18.190,4.672,400
2020-09-30 09:32:18.240,4.672,500
2020-09-30 09:32:18.360,4.671,1000
2020-09-30 09:32:19.210,4.672,100
2020-09-30 09:32:19.350,4.672,1200
2020-09-30 09:32:19.590,4.671,1500
2020-09-30 09:32:19.760,4.672,200
2020-09-30 09:32:21.550,4.671,1600
2020-09-30 09:32:21.550,4.671,3000
2020-09-30 09:32:21.550,4.671,5000
2020-09-30 09:32:21.550,4.671,100
2020-09-30 09:32:21.550,4.671,300
2020-09-30 09:32:21.990,4.671,700
2020-09-30 09:32:21.990,4.671,300
2020-09-30 09:32:22.370,4.671,200
2020-09-30 09:32:22.370,4.671,800
2020-09-30 09:32:23.270,4.671,2500
2020-09-30 09:32:23.410,4.671,16700
2020-09-30 09:32:23.410,4.671,14600
2020-09-30 09:32:23.590,4.671,5100
2020-09-30 09:32:25.070,4.67,1400
2020-09-30 09:32:25.070,4.67,1000
2020-09-30 09:32:25.070,4.67,8300
2020-09-30 09:32:26.110,4.67,1500
2020-09-30 09:32:26.110,4.67,200
2020-09-30 09:32:26.110,4.67,200
2020-09-30 09:32:26.110,4.67,100
2020-09-30 09:32:26.110,4.67,6900
2020-09-30 09:32:26.930,4.671,1000
2020-09-30 09:32:28.030,4.671,10200
2020-09-30 09:32:28.030,4.671,2000
2020-09-30 09:32:28.030,4.671,300
2020-09-30 09:32:28.030,4.671,3800
2020-09-30 09:32:28.200,4.672,2000
2020-09-30 09:32:28.850,4.672,500
2020-09-30 09:32:28.850,4.672,5000
2020-09-30 09:32:28.850,4.672,2200
2020-09-30 09:32:28.850,4.672,22000
2020-09-30 09:32:28.850,4.672,30000
2020-09-30 09:32:28.850,4.672,2200
2020-09-30 09:32:28.850,4.672,200
2020-09-30 09:32:28.850,4.672,300
2020-09-30 09:32:28.850,4.672,10000
2020-09-30 09:32:28.850,4.672,1000
2020-09-30 09:32:28.850,4.672,2000
2020-09-30 09:32:28.850,4.672,1000
2020-09-30 09:32:28.850,4.672,2000
2020-09-30 09:32:28.850,4.672,1300
2020-09-30 09:32:28.850,4.673,4500
2020-09-30 09:32:28.850,4.673,100
2020-09-30 09:32:28.850,4.673,10000
2020-09-30 09:32:28.850,4.673,15000
2020-09-30 09:32:28.850,4.673,40800
2020-09-30 09:32:29.520,4.671,10000
2020-09-30 09:32:29.640,4.671,5000
2020-09-30 09:32:31.810,4.671,8500
2020-09-30 09:32:32.020,4.671,10000
2020-09-30 09:32:32.740,4.671,11900
2020-09-30 09:32:33.430,4.671,2000
2020-09-30 09:32:35.760,4.671,34000
2020-09-30 09:32:35.760,4.671,100
2020-09-30 09:32:35.760,4.671,100
2020-09-30 09:32:35.760,4.671,22900
2020-09-30 09:32:35.760,4.671,232900
2020-09-30 09:32:36.790,4.671,1000
2020-09-30 09:32:36.820,4.671,6400
2020-09-30 09:32:38.310,4.671,1400
2020-09-30 09:32:41.390,4.671,5300
2020-09-30 09:32:41.800,4.672,5000
2020-09-30 09:32:42.070,4.671,5000
2020-09-30 09:32:42.210,4.672,11100
2020-09-30 09:32:42.210,4.672,2000
2020-09-30 09:32:42.210,4.672,2000
2020-09-30 09:32:42.210,4.672,1800
2020-09-30 09:32:42.210,4.672,32200
2020-09-30 09:32:42.210,4.673,50900
2020-09-30 09:32:42.210,4.673,100
2020-09-30 09:32:42.540,4.671,1000
2020-09-30 09:32:43.080,4.671,8800
2020-09-30 09:32:44.990,4.672,500
2020-09-30 09:32:45.100,4.671,600
2020-09-30 09:32:45.240,4.672,5100
2020-09-30 09:32:45.980,4.671,1000
2020-09-30 09:32:46.690,4.672,4400
2020-09-30 09:32:46.690,4.672,4000
2020-09-30 09:32:47.010,4.672,1600
2020-09-30 09:32:47.010,4.671,18400
2020-09-30 09:32:49.350,4.671,200
2020-09-30 09:32:50.900,4.671,300
2020-09-30 09:32:50.930,4.671,1500
2020-09-30 09:32:51.010,4.672,3000
2020-09-30 09:32:51.320,4.672,300
2020-09-30 09:32:51.900,4.672,100
2020-09-30 09:32:52.310,4.671,16200
2020-09-30 09:32:52.310,4.671,500
2020-09-30 09:32:52.310,4.671,83300
2020-09-30 09:32:52.940,4.673,108200
2020-09-30 09:32:52.940,4.673,1800
2020-09-30 09:32:54.770,4.672,2700
2020-09-30 09:32:54.770,4.671,21300
2020-09-30 09:32:55.920,4.672,200
2020-09-30 09:32:56.130,4.671,10000
2020-09-30 09:32:57.120,4.672,1000
2020-09-30 09:32:58.240,4.671,1000
2020-09-30 09:32:58.240,4.671,10000
2020-09-30 09:32:58.240,4.671,100
2020-09-30 09:32:58.240,4.671,200
2020-09-30 09:32:59.370,4.671,15000
2020-09-30 09:32:59.610,4.671,1000
2020-09-30 09:32:59.640,4.671,26100
2020-09-30 09:33:01.850,4.671,3000
2020-09-30 09:33:02.750,4.671,5000
2020-09-30 09:33:04.290,4.671,8300
2020-09-30 09:33:04.820,4.671,200
2020-09-30 09:33:04.890,4.671,200
2020-09-30 09:33:05.400,4.671,500
2020-09-30 09:33:05.460,4.67,4000
2020-09-30 09:33:06.070,4.671,30000
2020-09-30 09:33:08.280,4.671,17800
2020-09-30 09:33:08.280,4.671,1000
2020-09-30 09:33:08.280,4.671,1200
2020-09-30 09:33:08.890,4.671,1100
2020-09-30 09:33:08.890,4.671,3900
2020-09-30 09:33:09.130,4.67,1400
2020-09-30 09:33:09.130,4.67,500
2020-09-30 09:33:09.130,4.67,100
2020-09-30 09:33:09.130,4.67,100
2020-09-30 09:33:09.730,4.671,500
2020-09-30 09:33:10.300,4.671,300
2020-09-30 09:33:14.510,4.67,2000
2020-09-30 09:33:14.510,4.67,1000
2020-09-30 09:33:14.510,4.67,17000
2020-09-30 09:33:14.850,4.67,95800
2020-09-30 09:33:14.850,4.67,500
2020-09-30 09:33:14.850,4.67,3000
2020-09-30 09:33:14.850,4.67,700
2020-09-30 09:33:16.850,4.67,800
2020-09-30 09:33:16.850,4.67,2000
2020-09-30 09:33:16.850,4.67,400
2020-09-30 09:33:16.850,4.67,700
2020-09-30 09:33:17.840,4.67,500
2020-09-30 09:33:17.870,4.67,100
2020-09-30 09:33:17.870,4.67,1200
2020-09-30 09:33:17.870,4.67,10700
2020-09-30 09:33:18.470,4.67,4000
2020-09-30 09:33:18.730,4.67,5000
2020-09-30 09:33:18.760,4.671,17000
2020-09-30 09:33:20.740,4.671,200
2020-09-30 09:33:22.570,4.67,100
2020-09-30 09:33:23.170,4.671,200
2020-09-30 09:33:23.520,4.671,100
2020-09-30 09:33:23.770,4.67,5000
2020-09-30 09:33:24.440,4.671,200
2020-09-30 09:33:25.990,4.67,2000
2020-09-30 09:33:26.800,4.67,10000
2020-09-30 09:33:27.130,4.671,5000
2020-09-30 09:33:28.180,4.67,200
2020-09-30 09:33:28.510,4.671,300
2020-09-30 09:33:28.750,4.671,20000
2020-09-30 09:33:29.620,4.671,12200
2020-09-30 09:33:29.620,4.671,5000
2020-09-30 09:33:29.620,4.671,2800
2020-09-30 09:33:29.710,4.671,100
2020-09-30 09:33:30.220,4.671,300
2020-09-30 09:33:33.030,4.67,10000
2020-09-30 09:33:35.260,4.671,6100
2020-09-30 09:33:35.260,4.671,1900
2020-09-30 09:33:36.190,4.671,500
2020-09-30 09:33:36.470,4.67,2100
2020-09-30 09:33:36.470,4.67,900
2020-09-30 09:33:37.830,4.671,30600
2020-09-30 09:33:37.830,4.671,4000
2020-09-30 09:33:37.830,4.671,1000
2020-09-30 09:33:37.830,4.671,10000
2020-09-30 09:33:37.830,4.671,5000
2020-09-30 09:33:37.830,4.671,60000
2020-09-30 09:33:37.830,4.671,12000
2020-09-30 09:33:37.830,4.671,1500
2020-09-30 09:33:37.830,4.671,6100
2020-09-30 09:33:37.830,4.671,1000
2020-09-30 09:33:37.830,4.671,1500
2020-09-30 09:33:37.830,4.672,2200
2020-09-30 09:33:37.830,4.672,10000
2020-09-30 09:33:37.830,4.672,100
2020-09-30 09:33:37.830,4.672,500
2020-09-30 09:33:37.830,4.672,100
2020-09-30 09:33:37.830,4.672,3300
2020-09-30 09:33:37.830,4.672,900
2020-09-30 09:33:37.830,4.672,300
2020-09-30 09:33:38.790,4.671,1200
2020-09-30 09:33:40.380,4.671,2000
2020-09-30 09:33:41.350,4.671,700
2020-09-30 09:33:41.890,4.672,500
2020-09-30 09:33:41.890,4.673,3200
2020-09-30 09:33:41.890,4.673,20000
2020-09-30 09:33:41.890,4.673,64000
2020-09-30 09:33:41.890,4.673,50000
2020-09-30 09:33:41.890,4.673,12400
2020-09-30 09:33:43.620,4.672,100
2020-09-30 09:33:44.050,4.672,2500
2020-09-30 09:33:45.150,4.672,100
2020-09-30 09:33:45.950,4.672,800
2020-09-30 09:33:46.130,4.672,27000
2020-09-30 09:33:46.410,4.673,1400
2020-09-30 09:33:46.410,4.673,600
2020-09-30 09:33:47.810,4.673,17400
2020-09-30 09:33:47.810,4.673,3400
2020-09-30 09:33:47.810,4.673,3600
2020-09-30 09:33:47.810,4.673,100
2020-09-30 09:33:47.810,4.673,1000
2020-09-30 09:33:47.810,4.673,4500
2020-09-30 09:33:47.920,4.672,500
2020-09-30 09:33:49.470,4.673,700
2020-09-30 09:33:52.150,4.672,45000
2020-09-30 09:33:52.710,4.673,20000
2020-09-30 09:33:54.990,4.672,100
2020-09-30 09:34:01.350,4.672,2800
2020-09-30 09:34:01.380,4.671,5000
2020-09-30 09:34:01.640,4.672,7100
2020-09-30 09:34:01.640,4.672,3000
2020-09-30 09:34:01.980,4.672,300
2020-09-30 09:34:03.180,4.672,400
2020-09-30 09:34:03.180,4.672,40000
2020-09-30 09:34:03.180,4.672,300
2020-09-30 09:34:03.180,4.672,25100
2020-09-30 09:34:04.650,4.672,1000
2020-09-30 09:34:04.650,4.672,5000
2020-09-30 09:34:04.710,4.673,20000
2020-09-30 09:34:04.710,4.673,22900
2020-09-30 09:34:04.710,4.673,5000
2020-09-30 09:34:04.710,4.673,10000
2020-09-30 09:34:04.710,4.673,12100
2020-09-30 09:34:04.710,4.673,10000
2020-09-30 09:34:04.710,4.673,40000
2020-09-30 09:34:04.710,4.673,20000
2020-09-30 09:34:04.710,4.673,80000
2020-09-30 09:34:04.710,4.673,30000
2020-09-30 09:34:04.710,4.673,30000
2020-09-30 09:34:06.050,4.672,30000
2020-09-30 09:34:06.170,4.673,1000
2020-09-30 09:34:07.540,4.673,400
2020-09-30 09:34:08.880,4.673,76500
2020-09-30 09:34:08.880,4.673,23500
2020-09-30 09:34:09.890,4.673,4300
2020-09-30 09:34:12.050,4.673,100
2020-09-30 09:34:14.040,4.672,5000
2020-09-30 09:34:14.040,4.672,2100
2020-09-30 09:34:14.040,4.672,5000
2020-09-30 09:34:19.760,4.671,700
2020-09-30 09:34:19.760,4.671,9300
2020-09-30 09:34:19.790,4.672,200
2020-09-30 09:34:20.520,4.671,1700
2020-09-30 09:34:20.520,4.671,4300
2020-09-30 09:34:21.000,4.672,9000
2020-09-30 09:34:21.230,4.672,2000
2020-09-30 09:34:24.000,4.672,2300
2020-09-30 09:34:25.140,4.672,274400
2020-09-30 09:34:25.140,4.672,1000
2020-09-30 09:34:26.450,4.672,17400
2020-09-30 09:34:28.170,4.672,5000
2020-09-30 09:34:28.700,4.672,2200
2020-09-30 09:34:28.700,4.672,1100
2020-09-30 09:34:29.700,4.673,27300
2020-09-30 09:34:29.700,4.673,16000
2020-09-30 09:34:29.700,4.673,2000
2020-09-30 09:34:29.700,4.673,5000
2020-09-30 09:34:29.700,4.673,6000
2020-09-30 09:34:29.700,4.673,2900
2020-09-30 09:34:29.700,4.673,7200
2020-09-30 09:34:29.700,4.673,2000
2020-09-30 09:34:29.700,4.673,1000
2020-09-30 09:34:29.700,4.673,82600
2020-09-30 09:34:29.700,4.673,20000
2020-09-30 09:34:29.700,4.673,5000
2020-09-30 09:34:29.700,4.673,1000
2020-09-30 09:34:29.700,4.673,47400
2020-09-30 09:34:29.700,4.673,5000
2020-09-30 09:34:29.700,4.673,5000
2020-09-30 09:34:30.610,4.673,10000
2020-09-30 09:34:33.330,4.673,63500
2020-09-30 09:34:34.470,4.673,6000
2020-09-30 09:34:34.680,4.673,2000
2020-09-30 09:34:34.680,4.673,3000
2020-09-30 09:34:38.280,4.673,18900
2020-09-30 09:34:40.190,4.674,2000
2020-09-30 09:34:40.190,4.674,1000
2020-09-30 09:34:40.190,4.674,100
2020-09-30 09:34:40.190,4.674,5000
2020-09-30 09:34:40.190,4.674,2000
2020-09-30 09:34:40.190,4.674,10000
2020-09-30 09:34:40.190,4.674,100
2020-09-30 09:34:40.190,4.674,36500
2020-09-30 09:34:41.060,4.673,100
2020-09-30 09:34:41.060,4.673,900
2020-09-30 09:34:43.260,4.673,2000
2020-09-30 09:34:43.350,4.673,7100
2020-09-30 09:34:43.460,4.673,2900
2020-09-30 09:34:43.460,4.674,2100
2020-09-30 09:34:44.250,4.674,900
2020-09-30 09:34:45.130,4.674,600
2020-09-30 09:34:47.990,4.674,4000
2020-09-30 09:34:48.350,4.673,3000
2020-09-30 09:34:54.940,4.673,200
2020-09-30 09:34:56.160,4.673,100
2020-09-30 09:34:58.080,4.672,2000
2020-09-30 09:34:58.080,4.672,100
2020-09-30 09:34:58.080,4.672,1000
2020-09-30 09:34:58.080,4.672,2900
2020-09-30 09:34:58.230,4.672,31000
2020-09-30 09:34:58.230,4.673,1700
2020-09-30 09:34:58.230,4.673,400
2020-09-30 09:34:59.440,4.673,100
2020-09-30 09:35:00.050,4.672,33000
2020-09-30 09:35:00.160,4.673,1000
2020-09-30 09:35:00.270,4.672,1800
2020-09-30 09:35:00.920,4.672,100
2020-09-30 09:35:00.920,4.672,300
2020-09-30 09:35:01.360,4.672,1000
2020-09-30 09:35:02.790,4.672,200
2020-09-30 09:35:02.880,4.671,17700
2020-09-30 09:35:02.880,4.671,2600
2020-09-30 09:35:02.880,4.671,20000
2020-09-30 09:35:02.880,4.671,3000
2020-09-30 09:35:02.880,4.671,10000
2020-09-30 09:35:03.330,4.671,2500
2020-09-30 09:35:03.720,4.671,200
2020-09-30 09:35:04.500,4.671,600
2020-09-30 09:35:08.470,4.67,50000
2020-09-30 09:35:08.470,4.67,100
2020-09-30 09:35:08.470,4.67,700
2020-09-30 09:35:08.470,4.67,200
2020-09-30 09:35:08.470,4.67,2000
2020-09-30 09:35:08.470,4.67,200
2020-09-30 09:35:08.470,4.67,400
2020-09-30 09:35:08.470,4.67,100
2020-09-30 09:35:08.470,4.67,2000
2020-09-30 09:35:08.470,4.67,1000
2020-09-30 09:35:12.190,4.67,2200
2020-09-30 09:35:12.220,4.67,2500
2020-09-30 09:35:14.150,4.67,238600
2020-09-30 09:35:14.150,4.67,500
2020-09-30 09:35:14.150,4.67,13700
2020-09-30 09:35:14.350,4.67,3500
2020-09-30 09:35:15.430,4.67,5500
2020-09-30 09:35:15.600,4.671,300
2020-09-30 09:35:15.680,4.671,100
2020-09-30 09:35:18.780,4.67,11100
2020-09-30 09:35:24.110,4.67,10000
2020-09-30 09:35:24.230,4.67,4000
2020-09-30 09:35:24.600,4.671,13100
2020-09-30 09:35:24.600,4.671,7500
2020-09-30 09:35:24.600,4.671,14000
2020-09-30 09:35:24.600,4.672,7000
2020-09-30 09:35:24.600,4.672,3500
2020-09-30 09:35:24.600,4.672,20000
2020-09-30 09:35:24.600,4.672,10000
2020-09-30 09:35:24.600,4.672,75000
2020-09-30 09:35:25.320,4.671,500
2020-09-30 09:35:25.320,4.67,5500
2020-09-30 09:35:30.470,4.671,1000
2020-09-30 09:35:30.550,4.671,300
2020-09-30 09:35:30.550,4.671,900
2020-09-30 09:35:30.550,4.67,100
2020-09-30 09:35:30.550,4.67,3500
2020-09-30 09:35:30.550,4.67,500
2020-09-30 09:35:30.550,4.67,800
2020-09-30 09:35:30.610,4.67,7000
2020-09-30 09:35:30.610,4.672,15000
2020-09-30 09:35:30.610,4.672,100000
2020-09-30 09:35:30.610,4.672,2400
2020-09-30 09:35:30.660,4.672,200
2020-09-30 09:35:30.830,4.672,135800
2020-09-30 09:35:30.890,4.672,2000
2020-09-30 09:35:36.330,4.67,200
2020-09-30 09:35:36.900,4.67,200
2020-09-30 09:35:37.180,4.67,2200
2020-09-30 09:35:37.180,4.67,2300
2020-09-30 09:35:39.210,4.671,10000
2020-09-30 09:35:39.510,4.671,700
2020-09-30 09:35:40.750,4.67,2000
2020-09-30 09:35:41.640,4.67,3700
2020-09-30 09:35:42.920,4.67,5000
2020-09-30 09:35:45.020,4.67,1000
2020-09-30 09:35:45.970,4.67,1000
2020-09-30 09:35:46.060,4.67,800
2020-09-30 09:35:46.380,4.67,2100
2020-09-30 09:35:47.390,4.671,200
2020-09-30 09:35:49.100,4.67,1000
2020-09-30 09:35:50.210,4.671,3200
2020-09-30 09:35:50.520,4.671,500
2020-09-30 09:35:51.590,4.67,10000
2020-09-30 09:35:53.570,4.671,100
2020-09-30 09:35:53.570,4.671,100
2020-09-30 09:35:53.570,4.671,100
2020-09-30 09:35:53.570,4.671,100
2020-09-30 09:35:53.570,4.671,100
2020-09-30 09:35:53.570,4.671,100
2020-09-30 09:35:53.600,4.671,100
2020-09-30 09:35:53.600,4.671,100
2020-09-30 09:35:53.600,4.671,100
2020-09-30 09:35:53.600,4.671,100
2020-09-30 09:35:53.600,4.671,100
2020-09-30 09:35:53.600,4.671,100
2020-09-30 09:35:53.600,4.671,100
2020-09-30 09:35:53.600,4.671,100
2020-09-30 09:35:53.600,4.671,100
2020-09-30 09:35:53.600,4.671,3900
2020-09-30 09:35:53.600,4.671,26100
2020-09-30 09:35:53.710,4.671,100
2020-09-30 09:35:53.710,4.671,100
2020-09-30 09:35:53.710,4.671,100
2020-09-30 09:35:53.710,4.671,100
2020-09-30 09:35:53.790,4.671,100
2020-09-30 09:35:53.790,4.671,100
2020-09-30 09:35:53.790,4.671,100
2020-09-30 09:35:53.790,4.671,100
2020-09-30 09:35:53.790,4.671,100
2020-09-30 09:35:53.790,4.671,100
2020-09-30 09:35:53.790,4.671,100
2020-09-30 09:35:53.790,4.671,100
2020-09-30 09:35:53.790,4.671,100
2020-09-30 09:35:53.790,4.671,100
2020-09-30 09:35:53.790,4.671,100
2020-09-30 09:35:53.790,4.671,100
2020-09-30 09:35:53.790,4.671,100
2020-09-30 09:35:53.790,4.671,100
2020-09-30 09:35:53.790,4.671,100
2020-09-30 09:35:53.850,4.671,100
2020-09-30 09:35:53.850,4.671,100
2020-09-30 09:35:53.850,4.671,100
2020-09-30 09:35:53.850,4.671,100
2020-09-30 09:35:53.850,4.671,100
2020-09-30 09:35:53.910,4.671,100
2020-09-30 09:35:53.910,4.671,100
2020-09-30 09:35:53.910,4.671,100
2020-09-30 09:35:53.910,4.671,100
2020-09-30 09:35:53.910,4.671,100
2020-09-30 09:35:53.910,4.671,100
2020-09-30 09:35:53.910,4.671,100
2020-09-30 09:35:53.960,4.671,100
2020-09-30 09:35:53.960,4.671,100
2020-09-30 09:35:53.960,4.671,100
2020-09-30 09:35:53.960,4.671,100
2020-09-30 09:35:53.960,4.671,100
2020-09-30 09:35:53.960,4.671,100
2020-09-30 09:35:54.020,4.671,100
2020-09-30 09:35:54.020,4.671,100
2020-09-30 09:35:54.020,4.671,100
2020-09-30 09:35:54.020,4.671,100
2020-09-30 09:35:54.050,4.671,100
2020-09-30 09:35:54.050,4.671,100
2020-09-30 09:35:54.050,4.671,100
2020-09-30 09:35:54.050,4.671,100
2020-09-30 09:35:54.050,4.671,100
2020-09-30 09:35:54.100,4.671,100
2020-09-30 09:35:54.150,4.671,100
2020-09-30 09:35:54.150,4.671,100
2020-09-30 09:35:54.150,4.671,100
2020-09-30 09:35:54.150,4.671,100
2020-09-30 09:35:54.150,4.671,100
2020-09-30 09:35:54.200,4.671,100
2020-09-30 09:35:54.200,4.671,100
2020-09-30 09:35:54.200,4.671,100
2020-09-30 09:35:54.200,4.671,100
2020-09-30 09:35:54.200,4.671,100
2020-09-30 09:35:54.200,4.671,100
2020-09-30 09:35:54.200,4.671,100
2020-09-30 09:35:54.200,4.671,100
2020-09-30 09:35:54.290,4.671,100
2020-09-30 09:35:54.290,4.671,100
2020-09-30 09:35:54.290,4.671,100
2020-09-30 09:35:54.420,4.671,100
2020-09-30 09:35:54.420,4.671,100
2020-09-30 09:35:54.420,4.671,100
2020-09-30 09:35:54.420,4.671,100
2020-09-30 09:35:54.420,4.671,100
2020-09-30 09:35:54.420,4.671,100
2020-09-30 09:35:54.420,4.671,100
2020-09-30 09:35:54.420,4.671,100
2020-09-30 09:35:54.420,4.671,100
2020-09-30 09:35:54.420,4.671,100
2020-09-30 09:35:54.420,4.671,100
2020-09-30 09:35:54.420,4.671,100
2020-09-30 09:35:54.600,4.671,10000
2020-09-30 09:35:54.600,4.671,10000
2020-09-30 09:35:54.600,4.671,46400
2020-09-30 09:35:54.600,4.671,5000
2020-09-30 09:35:55.040,4.671,8600
2020-09-30 09:35:55.040,4.67,11400
2020-09-30 09:35:55.550,4.67,7200
2020-09-30 09:35:56.090,4.671,13100
2020-09-30 09:35:56.090,4.671,4400
2020-09-30 09:35:58.020,4.672,100
2020-09-30 09:35:58.020,4.672,100
2020-09-30 09:35:58.020,4.672,100
2020-09-30 09:35:58.020,4.672,100
2020-09-30 09:35:58.020,4.672,100
2020-09-30 09:35:58.020,4.672,100
2020-09-30 09:35:58.020,4.672,100
2020-09-30 09:35:58.020,4.672,100
2020-09-30 09:35:58.020,4.672,100
2020-09-30 09:35:58.020,4.672,100
2020-09-30 09:35:58.050,4.672,100
2020-09-30 09:35:58.050,4.672,100
2020-09-30 09:35:58.050,4.672,100
2020-09-30 09:35:58.050,4.672,100
2020-09-30 09:35:58.110,4.672,100
2020-09-30 09:35:58.110,4.672,100
2020-09-30 09:35:58.110,4.672,100
2020-09-30 09:35:58.110,4.672,100
2020-09-30 09:35:58.470,4.672,100
2020-09-30 09:35:58.470,4.672,100
2020-09-30 09:35:58.470,4.672,100
2020-09-30 09:35:58.470,4.672,100
2020-09-30 09:35:58.470,4.672,100
2020-09-30 09:35:58.470,4.672,100
2020-09-30 09:35:58.470,4.672,100
2020-09-30 09:35:58.470,4.672,100
2020-09-30 09:35:58.470,4.672,100
2020-09-30 09:35:58.470,4.672,100
2020-09-30 09:35:58.470,4.672,100
2020-09-30 09:35:58.470,4.672,100
2020-09-30 09:35:58.470,4.672,100
2020-09-30 09:35:58.470,4.672,100
2020-09-30 09:35:58.470,4.672,100
2020-09-30 09:35:58.470,4.672,100
2020-09-30 09:35:58.470,4.672,100
2020-09-30 09:35:58.470,4.672,100
2020-09-30 09:35:58.470,4.672,100
2020-09-30 09:35:58.470,4.672,100
2020-09-30 09:35:58.470,4.672,100
2020-09-30 09:35:58.470,4.672,100
2020-09-30 09:35:58.470,4.672,100
2020-09-30 09:35:58.470,4.672,100
2020-09-30 09:35:58.470,4.672,100
2020-09-30 09:35:58.470,4.672,100
2020-09-30 09:35:58.470,4.672,100
2020-09-30 09:35:58.470,4.672,100
2020-09-30 09:35:58.560,4.672,10000
2020-09-30 09:35:58.590,4.672,100
2020-09-30 09:35:58.590,4.672,100
2020-09-30 09:35:58.590,4.672,100
2020-09-30 09:35:58.590,4.672,100
2020-09-30 09:35:58.590,4.672,100
2020-09-30 09:35:58.590,4.672,100
2020-09-30 09:35:58.590,4.672,100
2020-09-30 09:35:58.590,4.672,100
2020-09-30 09:35:58.590,4.672,100
2020-09-30 09:35:58.590,4.672,100
2020-09-30 09:35:58.640,4.672,100
2020-09-30 09:35:58.640,4.672,100
2020-09-30 09:35:58.640,4.672,100
2020-09-30 09:35:58.640,4.672,100
2020-09-30 09:35:58.640,4.672,100
2020-09-30 09:35:58.640,4.672,100
2020-09-30 09:35:58.640,4.672,100
2020-09-30 09:35:58.640,4.672,100
2020-09-30 09:35:58.640,4.672,100
2020-09-30 09:35:58.640,4.672,100
2020-09-30 09:35:58.640,4.672,100
2020-09-30 09:35:58.640,4.672,100
2020-09-30 09:35:58.640,4.672,100
2020-09-30 09:35:58.640,4.672,100
2020-09-30 09:35:58.640,4.672,100
2020-09-30 09:35:58.640,4.672,100
2020-09-30 09:35:58.640,4.672,100
2020-09-30 09:35:58.640,4.672,100
2020-09-30 09:35:58.640,4.672,100
2020-09-30 09:35:58.640,4.672,100
2020-09-30 09:35:58.640,4.672,100
2020-09-30 09:35:58.640,4.672,100
2020-09-30 09:35:58.640,4.672,100
2020-09-30 09:35:58.640,4.672,100
2020-09-30 09:35:58.700,4.672,100
2020-09-30 09:35:58.700,4.672,100
2020-09-30 09:35:58.700,4.672,100
2020-09-30 09:35:58.700,4.672,100
2020-09-30 09:35:58.700,4.672,100
2020-09-30 09:35:58.700,4.672,100
2020-09-30 09:35:58.700,4.672,100
2020-09-30 09:35:58.700,4.672,100
2020-09-30 09:35:58.700,4.672,100
2020-09-30 09:35:58.700,4.672,100
2020-09-30 09:35:59.150,4.672,1000
2020-09-30 09:35:59.150,4.672,8100
2020-09-30 09:35:59.150,4.672,1000
2020-09-30 09:35:59.150,4.672,300
2020-09-30 09:35:59.150,4.672,100
2020-09-30 09:35:59.150,4.672,3000
2020-09-30 09:35:59.150,4.672,1000
2020-09-30 09:35:59.150,4.672,4600
2020-09-30 09:35:59.150,4.672,1000
2020-09-30 09:35:59.380,4.672,2000
2020-09-30 09:35:59.820,4.673,150100
2020-09-30 09:36:00.210,4.672,1000
2020-09-30 09:36:01.480,4.672,2700
2020-09-30 09:36:03.980,4.672,100
2020-09-30 09:36:03.980,4.671,1400
2020-09-30 09:36:04.040,4.671,5000
2020-09-30 09:36:05.090,4.673,20000
2020-09-30 09:36:05.200,4.672,106400
2020-09-30 09:36:06.090,4.673,100000
2020-09-30 09:36:06.110,4.673,20000
2020-09-30 09:36:06.690,4.672,500
2020-09-30 09:36:06.970,4.672,20000
2020-09-30 09:36:10.350,4.673,400
2020-09-30 09:36:10.520,4.672,8000
2020-09-30 09:36:10.630,4.672,100
2020-09-30 09:36:11.420,4.672,2000
2020-09-30 09:36:11.640,4.672,23500
2020-09-30 09:36:13.020,4.673,100
2020-09-30 09:36:13.100,4.673,7900
2020-09-30 09:36:13.100,4.673,700
2020-09-30 09:36:13.100,4.673,5500
2020-09-30 09:36:13.100,4.673,2400
2020-09-30 09:36:13.100,4.673,1000
2020-09-30 09:36:13.100,4.673,300
2020-09-30 09:36:13.100,4.673,2000
2020-09-30 09:36:13.100,4.673,10000
2020-09-30 09:36:13.100,4.673,200
2020-09-30 09:36:13.970,4.673,100
2020-09-30 09:36:14.380,4.673,2700
2020-09-30 09:36:14.380,4.673,1700
2020-09-30 09:36:14.380,4.673,3500
2020-09-30 09:36:14.380,4.673,3800
2020-09-30 09:36:18.490,4.674,110000
2020-09-30 09:36:18.630,4.673,2500
2020-09-30 09:36:18.970,4.673,1700
2020-09-30 09:36:20.110,4.674,24600
2020-09-30 09:36:20.510,4.674,100
2020-09-30 09:36:20.850,4.673,1800
2020-09-30 09:36:20.970,4.673,100
2020-09-30 09:36:20.970,4.673,200
2020-09-30 09:36:23.640,4.674,1000
2020-09-30 09:36:23.690,4.674,5000
2020-09-30 09:36:23.920,4.674,400
2020-09-30 09:36:25.300,4.674,31400
2020-09-30 09:36:25.300,4.674,4000
2020-09-30 09:36:25.300,4.674,400
2020-09-30 09:36:25.300,4.674,6600
2020-09-30 09:36:25.300,4.674,1300
2020-09-30 09:36:25.300,4.674,15000
2020-09-30 09:36:25.300,4.674,500
2020-09-30 09:36:25.300,4.674,20000
2020-09-30 09:36:25.300,4.674,1000
2020-09-30 09:36:25.300,4.674,100
2020-09-30 09:36:25.300,4.674,3000
2020-09-30 09:36:27.350,4.674,1100
2020-09-30 09:36:28.810,4.674,2900
2020-09-30 09:36:29.280,4.674,101300
2020-09-30 09:36:31.790,4.674,500
2020-09-30 09:36:33.680,4.674,30000
2020-09-30 09:36:33.790,4.674,4000
2020-09-30 09:36:36.010,4.674,4000
2020-09-30 09:36:36.120,4.673,1000
2020-09-30 09:36:36.120,4.673,800
2020-09-30 09:36:36.120,4.672,6300
2020-09-30 09:36:36.790,4.674,500
2020-09-30 09:36:39.780,4.674,1600
2020-09-30 09:36:40.350,4.673,1000
2020-09-30 09:36:40.640,4.674,1000
2020-09-30 09:36:41.100,4.673,1000
2020-09-30 09:36:41.100,4.673,5000
2020-09-30 09:36:41.100,4.673,5900
2020-09-30 09:36:41.100,4.673,23800
2020-09-30 09:36:41.410,4.674,700
2020-09-30 09:36:41.630,4.674,20000
2020-09-30 09:36:42.900,4.673,4300
2020-09-30 09:36:42.970,4.673,100
2020-09-30 09:36:43.080,4.673,471800
2020-09-30 09:36:43.080,4.673,1200
2020-09-30 09:36:45.660,4.672,100
2020-09-30 09:36:47.260,4.673,24700
2020-09-30 09:36:48.070,4.673,40000
2020-09-30 09:36:48.780,4.673,22300
2020-09-30 09:36:48.780,4.673,600
2020-09-30 09:36:50.190,4.673,12000
2020-09-30 09:36:50.530,4.673,4400
2020-09-30 09:36:53.880,4.674,3000
2020-09-30 09:36:54.120,4.673,100
2020-09-30 09:36:54.780,4.674,400
2020-09-30 09:36:55.550,4.673,8400
2020-09-30 09:36:55.830,4.674,133000
2020-09-30 09:36:55.830,4.674,2800
2020-09-30 09:36:55.830,4.674,1900
2020-09-30 09:36:55.830,4.674,162300
2020-09-30 09:36:56.030,4.674,10000
2020-09-30 09:36:56.620,4.674,27700
2020-09-30 09:36:56.620,4.674,3000
2020-09-30 09:36:56.620,4.674,6000
2020-09-30 09:36:56.620,4.674,3500
2020-09-30 09:36:56.620,4.674,2000
2020-09-30 09:36:56.620,4.674,21000
2020-09-30 09:36:58.830,4.675,20000
2020-09-30 09:36:58.830,4.675,90000
2020-09-30 09:36:58.830,4.675,30000
2020-09-30 09:36:58.830,4.675,5000
2020-09-30 09:36:58.830,4.675,20000
2020-09-30 09:36:58.830,4.675,135000
2020-09-30 09:36:59.420,4.675,150100
2020-09-30 09:36:59.590,4.675,14900
2020-09-30 09:36:59.590,4.675,200
2020-09-30 09:36:59.590,4.675,500
2020-09-30 09:36:59.590,4.675,20000
2020-09-30 09:36:59.590,4.675,2000
2020-09-30 09:36:59.590,4.675,5000
2020-09-30 09:36:59.590,4.675,500
2020-09-30 09:36:59.590,4.675,300
2020-09-30 09:36:59.590,4.675,10000
2020-09-30 09:36:59.590,4.675,1000
2020-09-30 09:36:59.590,4.675,2000
2020-09-30 09:36:59.590,4.675,23600
2020-09-30 09:36:59.590,4.675,28200
2020-09-30 09:36:59.590,4.675,100
2020-09-30 09:36:59.590,4.675,5000
2020-09-30 09:36:59.590,4.675,6700
2020-09-30 09:37:00.330,4.675,43300
2020-09-30 09:37:00.330,4.675,6400
2020-09-30 09:37:00.330,4.675,5000
2020-09-30 09:37:00.330,4.675,10700
2020-09-30 09:37:00.330,4.675,1000
2020-09-30 09:37:00.330,4.675,6900
2020-09-30 09:37:00.330,4.675,3000
2020-09-30 09:37:00.330,4.675,800
2020-09-30 09:37:00.330,4.675,500
2020-09-30 09:37:00.330,4.675,2100
2020-09-30 09:37:00.330,4.675,10000
2020-09-30 09:37:00.330,4.675,5000
2020-09-30 09:37:00.330,4.675,200
2020-09-30 09:37:00.330,4.675,1000
2020-09-30 09:37:00.390,4.675,3000
2020-09-30 09:37:00.650,4.675,100
2020-09-30 09:37:00.700,4.676,3500
2020-09-30 09:37:00.700,4.676,1800
2020-09-30 09:37:00.700,4.676,80500
2020-09-30 09:37:03.050,4.676,40000
2020-09-30 09:37:03.310,4.676,179500
2020-09-30 09:37:03.310,4.676,500
2020-09-30 09:37:03.310,4.676,5000
2020-09-30 09:37:03.310,4.676,10000
2020-09-30 09:37:03.310,4.676,10000
2020-09-30 09:37:03.310,4.676,10000
2020-09-30 09:37:03.310,4.676,1000
2020-09-30 09:37:03.310,4.676,1000
2020-09-30 09:37:03.310,4.676,2000
2020-09-30 09:37:05.290,4.677,1900
2020-09-30 09:37:07.560,4.676,2000
2020-09-30 09:37:07.750,4.677,31100
2020-09-30 09:37:07.750,4.677,36900
2020-09-30 09:37:07.750,4.677,30300
2020-09-30 09:37:07.750,4.677,4600
2020-09-30 09:37:07.750,4.677,1400
2020-09-30 09:37:07.750,4.677,11200
2020-09-30 09:37:07.750,4.677,5000
2020-09-30 09:37:07.750,4.677,60000
2020-09-30 09:37:07.750,4.677,4000
2020-09-30 09:37:07.750,4.678,2000
2020-09-30 09:37:07.750,4.678,4600
2020-09-30 09:37:07.750,4.678,3000
2020-09-30 09:37:07.750,4.678,10000
2020-09-30 09:37:07.750,4.678,5000
2020-09-30 09:37:07.750,4.678,5000
2020-09-30 09:37:07.750,4.678,5000
2020-09-30 09:37:07.750,4.678,500
2020-09-30 09:37:07.750,4.678,5000
2020-09-30 09:37:07.750,4.678,10000
2020-09-30 09:37:07.750,4.678,2000
2020-09-30 09:37:07.750,4.678,10000
2020-09-30 09:37:07.750,4.678,6000
2020-09-30 09:37:07.750,4.678,47400
2020-09-30 09:37:09.330,4.678,4000
2020-09-30 09:37:10.950,4.678,40000
2020-09-30 09:37:11.330,4.678,19600
2020-09-30 09:37:11.550,4.679,17500
2020-09-30 09:37:12.350,4.679,16500
2020-09-30 09:37:12.520,4.678,900
2020-09-30 09:37:12.840,4.679,4500
2020-09-30 09:37:15.390,4.678,14500
2020-09-30 09:37:15.390,4.678,5000
2020-09-30 09:37:15.390,4.677,80000
2020-09-30 09:37:15.390,4.677,5000
2020-09-30 09:37:15.510,4.677,500
2020-09-30 09:37:20.160,4.677,2000
2020-09-30 09:37:24.040,4.677,100
2020-09-30 09:37:25.840,4.677,6500
2020-09-30 09:37:25.930,4.677,2000
2020-09-30 09:37:26.080,4.677,100
2020-09-30 09:37:26.250,4.677,34400
2020-09-30 09:37:26.250,4.677,15600
2020-09-30 09:37:26.720,4.677,4400
2020-09-30 09:37:26.720,4.677,25600
2020-09-30 09:37:29.880,4.677,100
2020-09-30 09:37:29.880,4.677,3900
2020-09-30 09:37:30.060,4.677,1100
2020-09-30 09:37:30.060,4.677,400
2020-09-30 09:37:30.060,4.677,8500
2020-09-30 09:37:30.180,4.678,42700
2020-09-30 09:37:30.240,4.677,5000
2020-09-30 09:37:30.660,4.677,36500
2020-09-30 09:37:30.660,4.676,3500
2020-09-30 09:37:30.880,4.678,500
2020-09-30 09:37:32.210,4.677,1000
2020-09-30 09:37:32.210,4.676,4000
2020-09-30 09:37:36.240,4.676,5000
2020-09-30 09:37:37.260,4.677,2000
2020-09-30 09:37:37.420,4.677,3000
2020-09-30 09:37:37.450,4.677,9500
2020-09-30 09:37:38.580,4.677,200
2020-09-30 09:37:38.810,4.677,1000
2020-09-30 09:37:38.900,4.676,1000
2020-09-30 09:37:39.910,4.677,2500
2020-09-30 09:37:41.240,4.677,500
2020-09-30 09:37:41.770,4.677,300
2020-09-30 09:37:45.120,4.677,1000
2020-09-30 09:37:45.490,4.677,2000
2020-09-30 09:37:45.800,4.676,2200
2020-09-30 09:37:46.410,4.676,5000
2020-09-30 09:37:47.000,4.677,170000
2020-09-30 09:37:50.040,4.677,2000
2020-09-30 09:37:50.990,4.676,2200
2020-09-30 09:37:51.170,4.677,2800
2020-09-30 09:37:52.120,4.677,33200
2020-09-30 09:37:52.120,4.677,5000
2020-09-30 09:37:52.120,4.677,30000
2020-09-30 09:37:52.120,4.677,11500
2020-09-30 09:37:52.120,4.677,5000
2020-09-30 09:37:52.120,4.677,500
2020-09-30 09:37:52.120,4.677,2000
2020-09-30 09:37:52.120,4.677,4000
2020-09-30 09:37:52.120,4.677,5700
2020-09-30 09:37:52.120,4.677,3100
2020-09-30 09:37:52.960,4.677,500
2020-09-30 09:37:53.040,4.677,200
2020-09-30 09:37:54.450,4.677,1100
2020-09-30 09:37:56.910,4.677,2200
2020-09-30 09:37:57.540,4.677,1000
2020-09-30 09:37:59.370,4.677,1900
2020-09-30 09:37:59.370,4.677,7500
2020-09-30 09:37:59.370,4.677,10000
2020-09-30 09:37:59.370,4.677,600
2020-09-30 09:38:00.440,4.677,6100
2020-09-30 09:38:00.970,4.677,500
2020-09-30 09:38:01.120,4.677,500
2020-09-30 09:38:01.730,4.676,900
2020-09-30 09:38:02.220,4.677,5000
2020-09-30 09:38:02.620,4.677,600
2020-09-30 09:38:03.620,4.677,5000
2020-09-30 09:38:04.790,4.676,2000
2020-09-30 09:38:08.230,4.677,100
2020-09-30 09:38:11.460,4.677,3200
2020-09-30 09:38:11.460,4.677,5000
2020-09-30 09:38:11.460,4.677,700
2020-09-30 09:38:11.460,4.677,1000
2020-09-30 09:38:11.460,4.677,500
2020-09-30 09:38:11.460,4.677,500
2020-09-30 09:38:11.460,4.677,2000
2020-09-30 09:38:11.460,4.677,4900
2020-09-30 09:38:11.460,4.677,60000
2020-09-30 09:38:11.460,4.677,5000
2020-09-30 09:38:11.850,4.677,7000
2020-09-30 09:38:12.450,4.677,2000
2020-09-30 09:38:12.810,4.677,5000
2020-09-30 09:38:13.390,4.677,3200
2020-09-30 09:38:13.390,4.677,100
2020-09-30 09:38:13.390,4.676,8700
2020-09-30 09:38:13.770,4.678,3200
2020-09-30 09:38:14.700,4.677,300
2020-09-30 09:38:15.210,4.676,11500
2020-09-30 09:38:18.620,4.677,1700
2020-09-30 09:38:18.620,4.677,2600
2020-09-30 09:38:19.140,4.676,100
2020-09-30 09:38:19.390,4.677,500
2020-09-30 09:38:19.550,4.676,1300
2020-09-30 09:38:19.550,4.676,500
2020-09-30 09:38:19.550,4.676,10000
2020-09-30 09:38:19.550,4.676,300
2020-09-30 09:38:19.550,4.677,1900
2020-09-30 09:38:19.550,4.677,5100
2020-09-30 09:38:20.830,4.677,200
2020-09-30 09:38:21.720,4.676,7000
2020-09-30 09:38:23.450,4.676,1200
2020-09-30 09:38:23.450,4.676,9300
2020-09-30 09:38:23.450,4.676,1200
2020-09-30 09:38:23.450,4.676,77600
2020-09-30 09:38:23.450,4.676,5000
2020-09-30 09:38:23.450,4.676,18900
2020-09-30 09:38:23.450,4.676,2000
2020-09-30 09:38:23.450,4.676,800
2020-09-30 09:38:23.450,4.676,500
2020-09-30 09:38:23.450,4.676,33600
2020-09-30 09:38:23.650,4.676,27700
2020-09-30 09:38:23.650,4.676,10000
2020-09-30 09:38:23.650,4.676,100000
2020-09-30 09:38:23.650,4.676,700
2020-09-30 09:38:23.650,4.676,1500
2020-09-30 09:38:23.650,4.676,10000
2020-09-30 09:38:23.650,4.676,1000
2020-09-30 09:38:23.650,4.676,700
2020-09-30 09:38:23.650,4.676,1100
2020-09-30 09:38:23.650,4.676,1000
2020-09-30 09:38:24.340,4.676,1000
2020-09-30 09:38:26.910,4.675,6200
2020-09-30 09:38:26.940,4.676,9600
2020-09-30 09:38:27.130,4.676,600
2020-09-30 09:38:29.270,4.676,3000
2020-09-30 09:38:29.930,4.676,1000
2020-09-30 09:38:32.460,4.676,2700
2020-09-30 09:38:34.180,4.676,1000
2020-09-30 09:38:34.500,4.676,5000
2020-09-30 09:38:34.560,4.676,100000
2020-09-30 09:38:34.620,4.676,22400
2020-09-30 09:38:34.620,4.676,3300
2020-09-30 09:38:34.620,4.676,14300
2020-09-30 09:38:34.620,4.676,15700
2020-09-30 09:38:34.620,4.676,84300
2020-09-30 09:38:35.590,4.676,60000
2020-09-30 09:38:35.830,4.676,5700
2020-09-30 09:38:35.830,4.676,2000
2020-09-30 09:38:35.830,4.676,10000
2020-09-30 09:38:35.830,4.676,1100
2020-09-30 09:38:35.830,4.677,1200
2020-09-30 09:38:38.230,4.676,1000
2020-09-30 09:38:38.230,4.676,7800
2020-09-30 09:38:38.230,4.677,1200
2020-09-30 09:38:38.260,4.675,100
2020-09-30 09:38:38.900,4.676,100
2020-09-30 09:38:38.900,4.675,16800
2020-09-30 09:38:38.900,4.675,1000
2020-09-30 09:38:38.900,4.675,2100
2020-09-30 09:38:39.810,4.677,400
2020-09-30 09:38:42.230,4.677,100
2020-09-30 09:38:42.500,4.675,10000
2020-09-30 09:38:43.360,4.675,1000
2020-09-30 09:38:44.750,4.676,1000
2020-09-30 09:38:46.610,4.676,19000
2020-09-30 09:38:46.610,4.676,2000
2020-09-30 09:38:46.610,4.677,17100
2020-09-30 09:38:46.610,4.677,500
2020-09-30 09:38:46.610,4.677,40200
2020-09-30 09:38:46.700,4.677,200
2020-09-30 09:38:46.810,4.675,100
2020-09-30 09:38:46.890,4.675,46800
2020-09-30 09:38:46.890,4.675,5000
2020-09-30 09:38:46.890,4.675,300
2020-09-30 09:38:46.890,4.675,500
2020-09-30 09:38:46.890,4.675,100000
2020-09-30 09:38:46.890,4.675,7200
2020-09-30 09:38:46.890,4.675,25800
2020-09-30 09:38:46.890,4.675,3000
2020-09-30 09:38:46.890,4.675,500
2020-09-30 09:38:47.580,4.675,400
2020-09-30 09:38:48.140,4.675,3000
2020-09-30 09:38:51.050,4.675,1000
2020-09-30 09:38:51.080,4.675,90000
2020-09-30 09:38:51.110,4.675,80000
2020-09-30 09:38:53.260,4.675,36500
2020-09-30 09:38:53.260,4.675,10000
2020-09-30 09:38:53.260,4.675,500
2020-09-30 09:38:53.260,4.675,43000
2020-09-30 09:38:53.680,4.675,10200
2020-09-30 09:38:54.860,4.674,100
2020-09-30 09:38:54.860,4.674,5900
2020-09-30 09:38:55.430,4.675,6100
2020-09-30 09:38:56.230,4.675,10000
2020-09-30 09:38:58.210,4.675,2700
2020-09-30 09:38:58.210,4.675,500
2020-09-30 09:38:58.210,4.675,2500
2020-09-30 09:38:59.530,4.675,15200
2020-09-30 09:39:01.220,4.675,5000
2020-09-30 09:39:08.120,4.676,20000
2020-09-30 09:39:08.400,4.676,1600
2020-09-30 09:39:08.400,4.676,10000
2020-09-30 09:39:08.400,4.676,500
2020-09-30 09:39:08.400,4.676,7900
2020-09-30 09:39:08.460,4.675,66700
2020-09-30 09:39:09.740,4.675,7400
2020-09-30 09:39:09.740,4.675,2600
2020-09-30 09:39:09.740,4.675,2500
2020-09-30 09:39:09.740,4.675,1200
2020-09-30 09:39:09.740,4.675,100
2020-09-30 09:39:09.740,4.675,500
2020-09-30 09:39:09.740,4.675,500
2020-09-30 09:39:10.000,4.675,200
2020-09-30 09:39:10.890,4.675,300
2020-09-30 09:39:13.850,4.674,800
2020-09-30 09:39:16.640,4.675,200
2020-09-30 09:39:16.900,4.675,4500
2020-09-30 09:39:16.900,4.675,200
2020-09-30 09:39:16.900,4.675,2000
2020-09-30 09:39:19.220,4.674,3300
2020-09-30 09:39:19.220,4.674,100
2020-09-30 09:39:19.220,4.674,5000
2020-09-30 09:39:19.220,4.674,10000
2020-09-30 09:39:19.220,4.674,37600
2020-09-30 09:39:19.580,4.675,700
2020-09-30 09:39:22.750,4.674,100
2020-09-30 09:39:22.830,4.675,6300
2020-09-30 09:39:22.830,4.675,53700
2020-09-30 09:39:23.070,4.674,2500
2020-09-30 09:39:23.750,4.674,2400
2020-09-30 09:39:24.210,4.674,3400
2020-09-30 09:39:25.120,4.674,54000
2020-09-30 09:39:25.120,4.674,400
2020-09-30 09:39:25.220,4.674,600
2020-09-30 09:39:26.030,4.674,1400
2020-09-30 09:39:26.030,4.675,600
2020-09-30 09:39:26.080,4.675,40000
2020-09-30 09:39:27.120,4.675,10000
2020-09-30 09:39:28.870,4.674,100000
2020-09-30 09:39:29.250,4.675,500
2020-09-30 09:39:30.090,4.675,4800
2020-09-30 09:39:30.090,4.675,2000
2020-09-30 09:39:30.090,4.675,3000
2020-09-30 09:39:30.090,4.675,500
2020-09-30 09:39:30.480,4.675,100
2020-09-30 09:39:35.030,4.675,500
2020-09-30 09:39:36.380,4.676,5000
2020-09-30 09:39:36.980,4.675,2000
2020-09-30 09:39:37.770,4.675,500
2020-09-30 09:39:39.210,4.676,7100
2020-09-30 09:39:39.210,4.676,12900
2020-09-30 09:39:40.180,4.676,10000
2020-09-30 09:39:40.760,4.675,1400
2020-09-30 09:39:41.400,4.676,200
2020-09-30 09:39:41.460,4.675,300
2020-09-30 09:39:41.870,4.676,7200
2020-09-30 09:39:41.870,4.676,25000
2020-09-30 09:39:41.870,4.676,1800
2020-09-30 09:39:41.870,4.676,10000
2020-09-30 09:39:42.710,4.676,400
2020-09-30 09:39:43.160,4.676,1000
2020-09-30 09:39:43.520,4.675,300
2020-09-30 09:39:43.780,4.676,2400
2020-09-30 09:39:45.710,4.676,300
2020-09-30 09:39:46.530,4.676,5000
2020-09-30 09:39:46.690,4.675,2000
2020-09-30 09:39:47.570,4.676,40000
2020-09-30 09:39:50.350,4.676,30000
2020-09-30 09:39:50.480,4.675,500
2020-09-30 09:39:51.630,4.676,2000
2020-09-30 09:39:52.520,4.676,100
2020-09-30 09:39:54.180,4.676,4900
2020-09-30 09:39:54.390,4.676,16700
2020-09-30 09:39:54.390,4.676,1000
2020-09-30 09:39:54.390,4.676,1000
2020-09-30 09:39:54.390,4.676,2400
2020-09-30 09:39:54.390,4.676,1000
2020-09-30 09:39:54.390,4.676,2000
2020-09-30 09:39:54.390,4.676,1000
2020-09-30 09:39:54.390,4.676,25900
2020-09-30 09:39:54.390,4.676,20000
2020-09-30 09:39:54.390,4.676,6700
2020-09-30 09:39:54.390,4.677,32300
2020-09-30 09:39:56.730,4.677,7500
2020-09-30 09:39:56.960,4.676,1000
2020-09-30 09:39:56.960,4.676,1500
2020-09-30 09:40:00.160,4.676,100
2020-09-30 09:40:02.340,4.676,2300
2020-09-30 09:40:03.150,4.676,2000
2020-09-30 09:40:03.150,4.676,15000
2020-09-30 09:40:03.380,4.676,1000
2020-09-30 09:40:04.110,4.677,30000
2020-09-30 09:40:04.280,4.677,30200
2020-09-30 09:40:04.280,4.677,10000
2020-09-30 09:40:04.280,4.677,11000
2020-09-30 09:40:04.280,4.677,10000
2020-09-30 09:40:04.280,4.677,55500
2020-09-30 09:40:04.280,4.677,300
2020-09-30 09:40:04.280,4.677,6500
2020-09-30 09:40:04.280,4.677,13000
2020-09-30 09:40:04.280,4.677,25800
2020-09-30 09:40:04.280,4.677,1000
2020-09-30 09:40:04.280,4.677,4000
2020-09-30 09:40:04.280,4.677,2000
2020-09-30 09:40:04.280,4.677,1000
2020-09-30 09:40:04.280,4.677,3000
2020-09-30 09:40:04.280,4.677,50000
2020-09-30 09:40:04.280,4.677,2500
2020-09-30 09:40:04.280,4.677,500
2020-09-30 09:40:04.280,4.677,200
2020-09-30 09:40:04.280,4.677,5000
2020-09-30 09:40:04.280,4.677,10000
2020-09-30 09:40:04.280,4.677,2000
2020-09-30 09:40:04.280,4.677,3000
2020-09-30 09:40:04.280,4.677,10000
2020-09-30 09:40:04.280,4.677,5000
2020-09-30 09:40:04.280,4.677,600
2020-09-30 09:40:04.280,4.677,37900
2020-09-30 09:40:04.570,4.677,20000
2020-09-30 09:40:05.300,4.677,40000
2020-09-30 09:40:05.300,4.677,106900
2020-09-30 09:40:05.300,4.677,1500
2020-09-30 09:40:05.300,4.677,1000
2020-09-30 09:40:05.300,4.677,8800
2020-09-30 09:40:06.220,4.677,45000
2020-09-30 09:40:07.980,4.677,1700
2020-09-30 09:40:08.280,4.678,10000
2020-09-30 09:40:08.310,4.678,10000
2020-09-30 09:40:08.330,4.678,40000
2020-09-30 09:40:08.790,4.678,193600
2020-09-30 09:40:08.790,4.678,50000
2020-09-30 09:40:08.790,4.678,2100
2020-09-30 09:40:08.790,4.678,2000
2020-09-30 09:40:08.790,4.678,7000
2020-09-30 09:40:08.790,4.678,2000
2020-09-30 09:40:08.790,4.678,5600
2020-09-30 09:40:08.790,4.678,1000
2020-09-30 09:40:08.790,4.678,50000
2020-09-30 09:40:08.790,4.678,100
2020-09-30 09:40:08.790,4.678,3000
2020-09-30 09:40:08.790,4.678,5000
2020-09-30 09:40:08.790,4.678,3000
2020-09-30 09:40:08.790,4.678,4000
2020-09-30 09:40:08.790,4.678,600
2020-09-30 09:40:08.790,4.678,1000
2020-09-30 09:40:08.790,4.678,4300
2020-09-30 09:40:08.790,4.678,5000
2020-09-30 09:40:08.790,4.678,500
2020-09-30 09:40:08.790,4.678,1000
2020-09-30 09:40:08.790,4.678,21300
2020-09-30 09:40:08.790,4.678,100
2020-09-30 09:40:08.790,4.678,1000
2020-09-30 09:40:08.790,4.678,6100
2020-09-30 09:40:08.790,4.678,600
2020-09-30 09:40:08.790,4.678,8500
2020-09-30 09:40:08.790,4.678,4000
2020-09-30 09:40:08.790,4.678,5800
2020-09-30 09:40:08.790,4.678,1000
2020-09-30 09:40:08.790,4.678,2000
2020-09-30 09:40:09.000,4.678,1000
2020-09-30 09:40:09.460,4.678,1000
2020-09-30 09:40:10.960,4.678,2800
2020-09-30 09:40:11.200,4.679,51800
2020-09-30 09:40:11.200,4.679,2000
2020-09-30 09:40:11.200,4.679,2800
2020-09-30 09:40:11.200,4.679,6000
2020-09-30 09:40:11.200,4.679,6600
2020-09-30 09:40:11.200,4.679,200
2020-09-30 09:40:11.200,4.679,45900
2020-09-30 09:40:11.200,4.679,10000
2020-09-30 09:40:11.200,4.679,1000
2020-09-30 09:40:11.200,4.679,10000
2020-09-30 09:40:11.200,4.679,5000
2020-09-30 09:40:11.200,4.679,500
2020-09-30 09:40:11.200,4.679,7900
2020-09-30 09:40:11.200,4.679,500
2020-09-30 09:40:11.200,4.679,2100
2020-09-30 09:40:11.200,4.679,5500
2020-09-30 09:40:11.200,4.679,100
2020-09-30 09:40:11.200,4.679,900
2020-09-30 09:40:11.200,4.679,100
2020-09-30 09:40:11.200,4.679,2000
2020-09-30 09:40:11.200,4.679,4600
2020-09-30 09:40:11.200,4.679,5000
2020-09-30 09:40:11.200,4.679,50000
2020-09-30 09:40:11.200,4.679,1000
2020-09-30 09:40:11.200,4.679,1000
2020-09-30 09:40:11.200,4.679,500
2020-09-30 09:40:11.200,4.679,5700
2020-09-30 09:40:11.200,4.679,3000
2020-09-30 09:40:11.200,4.679,500
2020-09-30 09:40:11.200,4.679,5000
2020-09-30 09:40:11.200,4.679,4400
2020-09-30 09:40:11.200,4.679,20000
2020-09-30 09:40:11.200,4.679,3000
2020-09-30 09:40:11.200,4.679,1000
2020-09-30 09:40:11.200,4.679,26800
2020-09-30 09:40:11.830,4.679,73200
2020-09-30 09:40:11.830,4.679,3700
2020-09-30 09:40:11.830,4.679,10000
2020-09-30 09:40:11.830,4.679,1000
2020-09-30 09:40:11.830,4.679,1900
2020-09-30 09:40:11.830,4.679,5000
2020-09-30 09:40:11.830,4.679,5000
2020-09-30 09:40:11.830,4.679,6000
2020-09-30 09:40:11.830,4.679,100
2020-09-30 09:40:11.830,4.679,100
2020-09-30 09:40:11.830,4.679,1000
2020-09-30 09:40:11.830,4.679,1000
2020-09-30 09:40:11.830,4.679,2000
2020-09-30 09:40:11.830,4.679,2000
2020-09-30 09:40:11.830,4.679,5000
2020-09-30 09:40:11.830,4.679,4000
2020-09-30 09:40:11.830,4.679,10000
2020-09-30 09:40:11.830,4.679,10000
2020-09-30 09:40:11.830,4.679,300
2020-09-30 09:40:11.830,4.679,60000
2020-09-30 09:40:17.840,4.679,5000
2020-09-30 09:40:18.650,4.679,10000
2020-09-30 09:40:21.980,4.679,1000
2020-09-30 09:40:22.300,4.679,3000
2020-09-30 09:40:22.440,4.679,7000
2020-09-30 09:40:22.700,4.679,500
2020-09-30 09:40:23.030,4.679,20000
2020-09-30 09:40:23.400,4.679,6000
2020-09-30 09:40:23.930,4.68,1400
2020-09-30 09:40:23.930,4.68,3200
2020-09-30 09:40:23.930,4.68,2400
2020-09-30 09:40:23.930,4.68,100
2020-09-30 09:40:23.930,4.68,100
2020-09-30 09:40:23.930,4.68,200
2020-09-30 09:40:23.930,4.68,2600
2020-09-30 09:40:24.630,4.68,3400
2020-09-30 09:40:24.630,4.68,4600
2020-09-30 09:40:26.890,4.68,500
2020-09-30 09:40:28.660,4.679,200
2020-09-30 09:40:28.690,4.679,1000
2020-09-30 09:40:28.910,4.679,1900
2020-09-30 09:40:28.910,4.679,3000
2020-09-30 09:40:28.910,4.679,20000
2020-09-30 09:40:28.910,4.679,10000
2020-09-30 09:40:31.650,4.679,300000
2020-09-30 09:40:32.320,4.679,300000
2020-09-30 09:40:32.490,4.679,11000
2020-09-30 09:40:32.490,4.679,5000
2020-09-30 09:40:32.490,4.679,10000
2020-09-30 09:40:32.490,4.679,24000
2020-09-30 09:40:32.580,4.679,10000
2020-09-30 09:40:32.750,4.679,5000
2020-09-30 09:40:33.600,4.679,20000
2020-09-30 09:40:33.660,4.679,40000
2020-09-30 09:40:33.760,4.679,1000
2020-09-30 09:40:33.760,4.679,1000
2020-09-30 09:40:33.760,4.679,2400
2020-09-30 09:40:33.760,4.679,4600
2020-09-30 09:40:34.130,4.68,900
2020-09-30 09:40:34.130,4.68,100
2020-09-30 09:40:34.130,4.68,5000
2020-09-30 09:40:34.130,4.68,4000
2020-09-30 09:40:34.130,4.68,10000
2020-09-30 09:40:34.130,4.68,900
2020-09-30 09:40:34.130,4.68,15000
2020-09-30 09:40:34.130,4.68,5000
2020-09-30 09:40:34.130,4.68,5100
2020-09-30 09:40:34.130,4.68,2500
2020-09-30 09:40:34.130,4.68,300
2020-09-30 09:40:34.130,4.68,7000
2020-09-30 09:40:34.130,4.68,5200
2020-09-30 09:40:34.130,4.68,7600
2020-09-30 09:40:34.130,4.68,7900
2020-09-30 09:40:34.130,4.68,10000
2020-09-30 09:40:34.130,4.68,15000
2020-09-30 09:40:34.130,4.68,6400
2020-09-30 09:40:34.130,4.68,2000
2020-09-30 09:40:34.130,4.68,4000
2020-09-30 09:40:34.130,4.68,5000
2020-09-30 09:40:34.130,4.68,10000
2020-09-30 09:40:34.130,4.68,3000
2020-09-30 09:40:34.130,4.68,1000
2020-09-30 09:40:34.130,4.68,20000
2020-09-30 09:40:34.130,4.68,4500
2020-09-30 09:40:34.130,4.68,17700
2020-09-30 09:40:34.130,4.68,3000
2020-09-30 09:40:34.130,4.68,100
2020-09-30 09:40:34.130,4.68,3500
2020-09-30 09:40:34.130,4.68,4300
2020-09-30 09:40:34.130,4.68,6200
2020-09-30 09:40:34.130,4.68,500
2020-09-30 09:40:34.130,4.68,3000
2020-09-30 09:40:34.130,4.68,28200
2020-09-30 09:40:34.130,4.68,1000
2020-09-30 09:40:34.130,4.68,2300
2020-09-30 09:40:34.130,4.68,200
2020-09-30 09:40:34.130,4.68,5000
2020-09-30 09:40:34.130,4.68,67600
2020-09-30 09:40:34.130,4.679,20000
2020-09-30 09:40:36.370,4.68,100000
2020-09-30 09:40:36.480,4.679,1000
2020-09-30 09:40:37.840,4.679,5000
2020-09-30 09:40:38.800,4.68,300000
2020-09-30 09:40:39.380,4.679,3600
2020-09-30 09:40:39.780,4.68,32400
2020-09-30 09:40:39.780,4.68,2000
2020-09-30 09:40:39.780,4.68,10000
2020-09-30 09:40:39.780,4.68,5000
2020-09-30 09:40:39.780,4.68,3000
2020-09-30 09:40:39.780,4.68,6800
2020-09-30 09:40:39.780,4.68,500
2020-09-30 09:40:39.780,4.68,2000
2020-09-30 09:40:39.780,4.68,700
2020-09-30 09:40:39.780,4.68,17200
2020-09-30 09:40:39.780,4.68,10000
2020-09-30 09:40:39.780,4.68,1000
2020-09-30 09:40:39.780,4.68,2000
2020-09-30 09:40:39.780,4.68,100
2020-09-30 09:40:39.780,4.68,500
2020-09-30 09:40:39.780,4.68,20000
2020-09-30 09:40:39.780,4.68,786800
2020-09-30 09:40:40.240,4.679,5000
2020-09-30 09:40:40.320,4.68,213200
2020-09-30 09:40:40.320,4.68,4000
2020-09-30 09:40:40.320,4.68,1000
2020-09-30 09:40:40.320,4.68,1000
2020-09-30 09:40:40.320,4.68,100
2020-09-30 09:40:40.320,4.68,500
2020-09-30 09:40:40.320,4.68,20000
2020-09-30 09:40:40.320,4.68,5000
2020-09-30 09:40:40.320,4.68,20000
2020-09-30 09:40:40.320,4.68,2500
2020-09-30 09:40:40.320,4.68,10000
2020-09-30 09:40:40.320,4.68,900
2020-09-30 09:40:40.320,4.68,100
2020-09-30 09:40:40.440,4.681,100
2020-09-30 09:40:40.440,4.681,100
2020-09-30 09:40:41.250,4.68,4800
2020-09-30 09:40:42.000,4.68,200
2020-09-30 09:40:43.650,4.68,400
2020-09-30 09:40:43.740,4.68,1200
2020-09-30 09:40:45.550,4.681,900
2020-09-30 09:40:45.550,4.681,3000
2020-09-30 09:40:45.550,4.681,200
2020-09-30 09:40:45.550,4.681,1600
2020-09-30 09:40:45.550,4.681,4800
2020-09-30 09:40:46.580,4.681,2700
2020-09-30 09:40:46.580,4.681,10000
2020-09-30 09:40:46.580,4.681,20000
2020-09-30 09:40:46.580,4.681,20000
2020-09-30 09:40:46.580,4.681,10000
2020-09-30 09:40:46.580,4.681,50000
2020-09-30 09:40:46.580,4.681,200
2020-09-30 09:40:46.580,4.681,10000
2020-09-30 09:40:46.580,4.681,2000
2020-09-30 09:40:46.580,4.681,1000
2020-09-30 09:40:46.580,4.681,5000
2020-09-30 09:40:46.580,4.681,1000
2020-09-30 09:40:47.100,4.681,1000
2020-09-30 09:40:47.680,4.681,10000
2020-09-30 09:40:48.490,4.681,50000
2020-09-30 09:40:48.820,4.681,500
2020-09-30 09:40:49.830,4.681,300
2020-09-30 09:40:49.940,4.682,900
2020-09-30 09:40:49.940,4.682,100
2020-09-30 09:40:49.940,4.682,800
2020-09-30 09:40:49.940,4.682,3600
2020-09-30 09:40:49.940,4.682,2500
2020-09-30 09:40:49.940,4.682,10000
2020-09-30 09:40:49.940,4.682,2100
2020-09-30 09:40:50.470,4.681,1000
2020-09-30 09:40:51.130,4.682,2900
2020-09-30 09:40:51.130,4.682,7100
2020-09-30 09:40:51.640,4.682,9900
2020-09-30 09:40:51.640,4.682,3000
2020-09-30 09:40:51.640,4.682,6600
2020-09-30 09:40:51.640,4.682,500
2020-09-30 09:40:51.800,4.681,2000
2020-09-30 09:40:52.870,4.681,2500
2020-09-30 09:40:53.380,4.682,1500
2020-09-30 09:40:53.380,4.682,8000
2020-09-30 09:40:53.380,4.682,500
2020-09-30 09:40:53.380,4.682,10000
2020-09-30 09:40:53.640,4.681,2000
2020-09-30 09:40:54.550,4.681,1000
2020-09-30 09:40:54.550,4.682,200
2020-09-30 09:40:55.740,4.681,300
2020-09-30 09:40:56.110,4.681,40000
2020-09-30 09:40:56.370,4.681,24200
2020-09-30 09:40:57.210,4.681,2300
2020-09-30 09:40:59.450,4.682,2800
2020-09-30 09:40:59.450,4.682,7200
2020-09-30 09:40:59.700,4.682,4600
2020-09-30 09:41:00.550,4.682,2000
2020-09-30 09:41:00.880,4.681,10000
2020-09-30 09:41:01.410,4.681,100
2020-09-30 09:41:02.110,4.681,1000
2020-09-30 09:41:02.310,4.681,19900
2020-09-30 09:41:02.310,4.681,3000
2020-09-30 09:41:02.310,4.681,500
2020-09-30 09:41:02.310,4.681,10000
2020-09-30 09:41:02.310,4.681,2000
2020-09-30 09:41:02.310,4.681,2400
2020-09-30 09:41:02.310,4.681,900
2020-09-30 09:41:02.310,4.681,500
2020-09-30 09:41:02.310,4.681,20000
2020-09-30 09:41:02.310,4.681,10000
2020-09-30 09:41:02.310,4.681,2100
2020-09-30 09:41:02.830,4.681,20000
2020-09-30 09:41:03.480,4.681,8700
2020-09-30 09:41:03.480,4.682,2100
2020-09-30 09:41:04.950,4.681,400
2020-09-30 09:41:05.400,4.68,100
2020-09-30 09:41:05.400,4.68,37900
2020-09-30 09:41:06.030,4.68,3000
2020-09-30 09:41:07.360,4.681,2600
2020-09-30 09:41:07.360,4.681,5800
2020-09-30 09:41:07.360,4.681,3400
2020-09-30 09:41:07.360,4.681,6800
2020-09-30 09:41:07.510,4.681,2200
2020-09-30 09:41:07.510,4.681,7800
2020-09-30 09:41:08.870,4.681,200
2020-09-30 09:41:09.490,4.68,159100
2020-09-30 09:41:09.490,4.68,200
2020-09-30 09:41:09.490,4.68,500
2020-09-30 09:41:09.490,4.68,4200
2020-09-30 09:41:09.490,4.68,100
2020-09-30 09:41:09.490,4.679,10000
2020-09-30 09:41:09.490,4.679,2000
2020-09-30 09:41:09.490,4.679,223900
2020-09-30 09:41:13.450,4.681,1000
2020-09-30 09:41:13.650,4.68,1000
2020-09-30 09:41:13.700,4.68,100
2020-09-30 09:41:13.850,4.68,1000
2020-09-30 09:41:14.100,4.68,5000
2020-09-30 09:41:15.460,4.681,4300
2020-09-30 09:41:16.150,4.68,3400
2020-09-30 09:41:18.180,4.68,5500
2020-09-30 09:41:18.380,4.681,300
2020-09-30 09:41:19.020,4.68,5000
2020-09-30 09:41:19.040,4.68,5000
2020-09-30 09:41:20.310,4.68,500
2020-09-30 09:41:20.690,4.68,1000
2020-09-30 09:41:20.890,4.681,2000
2020-09-30 09:41:20.890,4.681,3000
2020-09-30 09:41:20.890,4.681,20000
2020-09-30 09:41:20.890,4.681,10000
2020-09-30 09:41:20.890,4.681,4500
2020-09-30 09:41:21.900,4.68,10000
2020-09-30 09:41:22.290,4.68,2400
2020-09-30 09:41:22.810,4.68,1100
2020-09-30 09:41:22.930,4.68,5000
2020-09-30 09:41:23.480,4.68,100
2020-09-30 09:41:24.960,4.681,100
2020-09-30 09:41:25.120,4.681,1400
2020-09-30 09:41:25.720,4.68,500
2020-09-30 09:41:25.830,4.681,5300
2020-09-30 09:41:26.250,4.68,2200
2020-09-30 09:41:26.420,4.68,10000
2020-09-30 09:41:26.790,4.68,3000
2020-09-30 09:41:27.190,4.68,2000
2020-09-30 09:41:27.360,4.68,2200
2020-09-30 09:41:27.360,4.68,600
2020-09-30 09:41:27.360,4.68,2200
2020-09-30 09:41:27.760,4.68,10000
2020-09-30 09:41:28.910,4.68,2000
2020-09-30 09:41:29.050,4.68,3100
2020-09-30 09:41:29.190,4.68,2700
2020-09-30 09:41:29.190,4.68,1000
2020-09-30 09:41:31.650,4.68,3000
2020-09-30 09:41:36.110,4.679,40000
2020-09-30 09:41:36.110,4.68,100
2020-09-30 09:41:36.940,4.679,400
2020-09-30 09:41:37.170,4.68,2100
2020-09-30 09:41:38.030,4.68,100
2020-09-30 09:41:41.090,4.68,1000
2020-09-30 09:41:42.360,4.679,4500
2020-09-30 09:41:42.490,4.68,200
2020-09-30 09:41:42.840,4.679,2500
2020-09-30 09:41:44.310,4.68,19800
2020-09-30 09:41:44.310,4.68,10000
2020-09-30 09:41:44.310,4.68,70200
2020-09-30 09:41:44.400,4.679,1000
2020-09-30 09:41:45.160,4.68,20600
2020-09-30 09:41:46.190,4.68,3000
2020-09-30 09:41:46.300,4.679,300
2020-09-30 09:41:47.120,4.679,2400
2020-09-30 09:41:47.770,4.68,200
2020-09-30 09:41:48.320,4.679,25000
2020-09-30 09:41:48.320,4.679,50000
2020-09-30 09:41:48.320,4.679,200
2020-09-30 09:41:48.320,4.679,6000
2020-09-30 09:41:48.320,4.679,2100
2020-09-30 09:41:48.320,4.679,200
2020-09-30 09:41:48.320,4.679,16500
2020-09-30 09:41:49.490,4.679,2500
2020-09-30 09:41:49.770,4.68,1200
2020-09-30 09:41:51.550,4.679,150100
2020-09-30 09:41:52.190,4.679,5000
2020-09-30 09:41:52.620,4.68,700
2020-09-30 09:41:52.910,4.679,5000
2020-09-30 09:41:53.310,4.679,5000
2020-09-30 09:41:53.510,4.68,500
2020-09-30 09:41:53.810,4.679,3000
2020-09-30 09:41:53.810,4.679,1000
2020-09-30 09:41:53.950,4.679,100
2020-09-30 09:41:54.140,4.679,23300
2020-09-30 09:41:55.570,4.679,16100
2020-09-30 09:41:56.320,4.679,100
2020-09-30 09:41:57.770,4.679,7300
2020-09-30 09:41:57.770,4.679,1100
2020-09-30 09:42:00.450,4.679,3500
2020-09-30 09:42:01.110,4.679,200
2020-09-30 09:42:02.030,4.679,3200
2020-09-30 09:42:03.240,4.679,1000
2020-09-30 09:42:03.990,4.679,5700
2020-09-30 09:42:03.990,4.679,11400
2020-09-30 09:42:05.230,4.678,2000
2020-09-30 09:42:05.230,4.678,3000
2020-09-30 09:42:05.950,4.679,100
2020-09-30 09:42:06.400,4.679,13000
2020-09-30 09:42:06.400,4.679,3000
2020-09-30 09:42:06.400,4.679,3000
2020-09-30 09:42:06.400,4.679,5000
2020-09-30 09:42:06.400,4.679,200
2020-09-30 09:42:06.400,4.679,1500
2020-09-30 09:42:06.400,4.679,4500
2020-09-30 09:42:06.400,4.679,7000
2020-09-30 09:42:06.400,4.679,800
2020-09-30 09:42:07.010,4.679,5000
2020-09-30 09:42:09.100,4.679,3000
2020-09-30 09:42:10.290,4.679,100
2020-09-30 09:42:11.840,4.679,100
2020-09-30 09:42:11.900,4.679,500
2020-09-30 09:42:12.040,4.679,200
2020-09-30 09:42:12.070,4.679,1000
2020-09-30 09:42:12.200,4.679,500
2020-09-30 09:42:12.240,4.679,2300
2020-09-30 09:42:13.530,4.679,2200
2020-09-30 09:42:13.840,4.679,4000
2020-09-30 09:42:14.260,4.679,5000
2020-09-30 09:42:14.260,4.679,500
2020-09-30 09:42:14.610,4.68,200
2020-09-30 09:42:15.160,4.679,100
2020-09-30 09:42:15.720,4.679,1100
2020-09-30 09:42:15.830,4.679,2000
2020-09-30 09:42:15.920,4.679,500
2020-09-30 09:42:15.960,4.679,5000
2020-09-30 09:42:17.130,4.679,4100
2020-09-30 09:42:18.290,4.679,500
2020-09-30 09:42:18.320,4.679,1000
2020-09-30 09:42:19.290,4.679,200
2020-09-30 09:42:20.050,4.68,600
2020-09-30 09:42:20.680,4.679,2500
2020-09-30 09:42:21.400,4.679,2000
2020-09-30 09:42:22.600,4.68,5100
2020-09-30 09:42:22.650,4.679,10000
2020-09-30 09:42:22.680,4.679,10000
2020-09-30 09:42:23.610,4.68,100
2020-09-30 09:42:23.870,4.679,200
2020-09-30 09:42:24.480,4.679,50000
2020-09-30 09:42:24.500,4.679,10000
2020-09-30 09:42:24.530,4.68,100
2020-09-30 09:42:25.940,4.679,40000
2020-09-30 09:42:27.380,4.68,21000
2020-09-30 09:42:27.600,4.679,2000
2020-09-30 09:42:28.470,4.679,300
2020-09-30 09:42:30.380,4.679,51400
2020-09-30 09:42:30.510,4.68,2500
2020-09-30 09:42:31.460,4.679,19400
2020-09-30 09:42:32.110,4.68,200
2020-09-30 09:42:32.680,4.679,22000
2020-09-30 09:42:33.990,4.679,2000
2020-09-30 09:42:34.020,4.679,4300
2020-09-30 09:42:34.050,4.679,1000
2020-09-30 09:42:34.320,4.68,200
2020-09-30 09:42:35.140,4.679,1000
2020-09-30 09:42:35.260,4.68,100
2020-09-30 09:42:35.590,4.679,28400
2020-09-30 09:42:35.780,4.68,100
2020-09-30 09:42:36.810,4.679,10000
2020-09-30 09:42:36.930,4.679,10000
2020-09-30 09:42:39.260,4.679,5000
2020-09-30 09:42:39.520,4.679,100
2020-09-30 09:42:40.830,4.679,25000
2020-09-30 09:42:40.880,4.68,1000
2020-09-30 09:42:41.190,4.679,18000
2020-09-30 09:42:41.950,4.679,9400
2020-09-30 09:42:42.180,4.679,2400
2020-09-30 09:42:42.890,4.68,100
2020-09-30 09:42:43.060,4.679,5600
2020-09-30 09:42:44.500,4.679,21800
2020-09-30 09:42:44.990,4.679,20000
2020-09-30 09:42:47.490,4.68,100
2020-09-30 09:42:47.660,4.679,45000
2020-09-30 09:42:48.500,4.679,10000
2020-09-30 09:42:49.400,4.679,2000
2020-09-30 09:42:49.590,4.679,1000
2020-09-30 09:42:50.230,4.68,100
2020-09-30 09:42:50.420,4.679,5000
2020-09-30 09:42:51.570,4.68,100
2020-09-30 09:42:51.960,4.679,9000
2020-09-30 09:42:52.070,4.679,1000
2020-09-30 09:42:52.250,4.679,6000
2020-09-30 09:42:53.160,4.679,2600
2020-09-30 09:42:54.400,4.679,700
2020-09-30 09:42:54.400,4.679,100
2020-09-30 09:42:54.400,4.679,2900
2020-09-30 09:42:55.690,4.679,17100
2020-09-30 09:42:55.690,4.679,1500
2020-09-30 09:42:55.690,4.679,100
2020-09-30 09:42:55.690,4.679,1300
2020-09-30 09:42:56.130,4.679,700
2020-09-30 09:42:56.130,4.679,300
2020-09-30 09:42:56.130,4.679,8600
2020-09-30 09:42:56.130,4.679,400
2020-09-30 09:42:57.320,4.68,20000
2020-09-30 09:42:57.460,4.679,700
2020-09-30 09:42:57.460,4.679,100
2020-09-30 09:42:57.460,4.679,9200
2020-09-30 09:42:58.050,4.679,10000
2020-09-30 09:42:59.970,4.679,800
2020-09-30 09:42:59.970,4.679,1400
2020-09-30 09:43:02.790,4.679,5000
2020-09-30 09:43:02.880,4.679,1700
2020-09-30 09:43:06.860,4.679,41900
2020-09-30 09:43:06.860,4.679,9100
2020-09-30 09:43:06.860,4.679,2200
2020-09-30 09:43:09.140,4.679,16500
2020-09-30 09:43:09.420,4.679,6100
2020-09-30 09:43:14.960,4.679,1000
2020-09-30 09:43:15.180,4.679,81000
2020-09-30 09:43:15.180,4.679,2300
2020-09-30 09:43:15.180,4.679,150000
2020-09-30 09:43:15.180,4.679,2600
2020-09-30 09:43:15.180,4.679,1000
2020-09-30 09:43:15.180,4.679,100
2020-09-30 09:43:15.180,4.679,7000
2020-09-30 09:43:15.390,4.679,10000
2020-09-30 09:43:15.820,4.679,2900
2020-09-30 09:43:18.450,4.679,23200
2020-09-30 09:43:20.010,4.679,10100
2020-09-30 09:43:21.930,4.68,1500
2020-09-30 09:43:22.300,4.679,1000
2020-09-30 09:43:23.080,4.68,700
2020-09-30 09:43:24.970,4.679,8800
2020-09-30 09:43:24.970,4.679,3200
2020-09-30 09:43:25.560,4.68,100
2020-09-30 09:43:26.080,4.679,3000
2020-09-30 09:43:26.870,4.679,4200
2020-09-30 09:43:28.130,4.679,72000
2020-09-30 09:43:29.930,4.679,10000
2020-09-30 09:43:29.930,4.679,2700
2020-09-30 09:43:30.390,4.679,4000
2020-09-30 09:43:32.270,4.679,900
2020-09-30 09:43:32.270,4.679,200
2020-09-30 09:43:32.270,4.679,200
2020-09-30 09:43:32.950,4.679,1100
2020-09-30 09:43:32.950,4.68,100
2020-09-30 09:43:33.970,4.678,5000
2020-09-30 09:43:36.710,4.679,200
2020-09-30 09:43:38.990,4.679,100
2020-09-30 09:43:38.990,4.679,1000
2020-09-30 09:43:38.990,4.679,1500
2020-09-30 09:43:38.990,4.678,2000
2020-09-30 09:43:38.990,4.678,5000
2020-09-30 09:43:38.990,4.678,700
2020-09-30 09:43:38.990,4.678,1900
2020-09-30 09:43:38.990,4.678,1500
2020-09-30 09:43:38.990,4.678,1100
2020-09-30 09:43:38.990,4.678,2800
2020-09-30 09:43:40.560,4.679,18500
2020-09-30 09:43:40.560,4.679,5000
2020-09-30 09:43:40.560,4.679,100
2020-09-30 09:43:40.560,4.679,19100
2020-09-30 09:43:41.560,4.678,1500
2020-09-30 09:43:41.560,4.678,900
2020-09-30 09:43:41.560,4.678,500
2020-09-30 09:43:41.560,4.678,2100
2020-09-30 09:43:42.380,4.679,900
2020-09-30 09:43:42.380,4.679,1000
2020-09-30 09:43:42.380,4.68,3100
2020-09-30 09:43:42.960,4.678,900
2020-09-30 09:43:43.410,4.678,31500
2020-09-30 09:43:43.600,4.678,65500
2020-09-30 09:43:43.600,4.678,34500
2020-09-30 09:43:46.030,4.678,5000
2020-09-30 09:43:46.550,4.678,500
2020-09-30 09:43:46.700,4.679,200
2020-09-30 09:43:47.480,4.679,2500
2020-09-30 09:43:47.990,4.678,100
2020-09-30 09:43:48.360,4.678,2300
2020-09-30 09:43:48.360,4.678,100
2020-09-30 09:43:48.510,4.678,5000
2020-09-30 09:43:49.860,4.677,200
2020-09-30 09:43:49.860,4.677,100
2020-09-30 09:43:49.860,4.677,24200
2020-09-30 09:43:52.040,4.678,1000
2020-09-30 09:43:55.880,4.678,1000
2020-09-30 09:43:57.150,4.677,2400
2020-09-30 09:43:58.920,4.677,13300
2020-09-30 09:43:59.170,4.677,300
2020-09-30 09:43:59.600,4.677,17000
2020-09-30 09:43:59.810,4.678,100
2020-09-30 09:44:01.540,4.678,300
2020-09-30 09:44:02.100,4.678,3600
2020-09-30 09:44:02.100,4.678,6000
2020-09-30 09:44:02.100,4.678,10400
2020-09-30 09:44:02.900,4.678,100
2020-09-30 09:44:03.200,4.678,20000
2020-09-30 09:44:04.860,4.678,500
2020-09-30 09:44:04.940,4.677,500
2020-09-30 09:44:05.610,4.678,4500
2020-09-30 09:44:05.610,4.678,16200
2020-09-30 09:44:05.610,4.678,1600
2020-09-30 09:44:05.610,4.678,1000
2020-09-30 09:44:05.610,4.678,3000
2020-09-30 09:44:05.610,4.678,273700
2020-09-30 09:44:05.840,4.677,600
2020-09-30 09:44:06.330,4.677,1700
2020-09-30 09:44:06.330,4.677,12300
2020-09-30 09:44:06.540,4.677,2200
2020-09-30 09:44:07.200,4.678,100
2020-09-30 09:44:07.530,4.678,20000
2020-09-30 09:44:07.990,4.677,6000
2020-09-30 09:44:08.480,4.678,500
2020-09-30 09:44:10.760,4.677,300
2020-09-30 09:44:11.930,4.678,3000
2020-09-30 09:44:12.740,4.678,100
2020-09-30 09:44:12.770,4.678,2600
2020-09-30 09:44:12.770,4.678,2000
2020-09-30 09:44:12.770,4.678,17400
2020-09-30 09:44:14.180,4.677,14000
2020-09-30 09:44:14.330,4.678,3500
2020-09-30 09:44:14.330,4.678,3500
2020-09-30 09:44:14.440,4.678,3400
2020-09-30 09:44:14.440,4.678,400
2020-09-30 09:44:14.440,4.678,3400
2020-09-30 09:44:17.550,4.679,2300
2020-09-30 09:44:17.550,4.679,1000
2020-09-30 09:44:17.550,4.679,3600
2020-09-30 09:44:17.550,4.679,3000
2020-09-30 09:44:17.550,4.679,24500
2020-09-30 09:44:17.550,4.679,300
2020-09-30 09:44:17.550,4.679,500
2020-09-30 09:44:17.550,4.679,27600
2020-09-30 09:44:17.550,4.679,13200
2020-09-30 09:44:17.550,4.679,5000
2020-09-30 09:44:17.550,4.679,120900
2020-09-30 09:44:17.550,4.679,1000
2020-09-30 09:44:17.550,4.679,97100
2020-09-30 09:44:18.820,4.678,22600
2020-09-30 09:44:19.180,4.678,700
2020-09-30 09:44:19.470,4.678,3000
2020-09-30 09:44:19.740,4.678,700
2020-09-30 09:44:20.520,4.679,33000
2020-09-30 09:44:20.670,4.679,169900
2020-09-30 09:44:20.670,4.679,1000
2020-09-30 09:44:20.670,4.679,10000
2020-09-30 09:44:20.670,4.679,200
2020-09-30 09:44:21.870,4.679,2000
2020-09-30 09:44:22.180,4.679,2300
2020-09-30 09:44:22.940,4.68,146500
2020-09-30 09:44:22.940,4.68,10000
2020-09-30 09:44:22.940,4.68,100000
2020-09-30 09:44:22.940,4.68,5000
2020-09-30 09:44:22.940,4.68,900
2020-09-30 09:44:22.940,4.68,100
2020-09-30 09:44:22.940,4.68,2200
2020-09-30 09:44:22.940,4.68,5000
2020-09-30 09:44:22.940,4.68,2000
2020-09-30 09:44:22.940,4.68,500
2020-09-30 09:44:22.940,4.68,500
2020-09-30 09:44:22.940,4.68,100
2020-09-30 09:44:22.940,4.68,1000
2020-09-30 09:44:22.940,4.68,10000
2020-09-30 09:44:22.940,4.68,100
2020-09-30 09:44:22.940,4.68,500
2020-09-30 09:44:22.940,4.68,300
2020-09-30 09:44:22.940,4.68,200000
2020-09-30 09:44:22.940,4.68,3800
2020-09-30 09:44:22.940,4.68,500
2020-09-30 09:44:22.940,4.68,1000
2020-09-30 09:44:22.940,4.68,1500
2020-09-30 09:44:22.940,4.68,1000
2020-09-30 09:44:22.940,4.68,100
2020-09-30 09:44:22.940,4.68,1500
2020-09-30 09:44:22.940,4.68,10000
2020-09-30 09:44:22.940,4.68,10000
2020-09-30 09:44:22.940,4.68,200
2020-09-30 09:44:22.940,4.68,3000
2020-09-30 09:44:22.940,4.68,10000
2020-09-30 09:44:22.940,4.68,5000
2020-09-30 09:44:22.940,4.68,10000
2020-09-30 09:44:22.940,4.68,5000
2020-09-30 09:44:22.940,4.68,300
2020-09-30 09:44:22.940,4.68,40000
2020-09-30 09:44:22.940,4.68,6000
2020-09-30 09:44:22.940,4.68,1000
2020-09-30 09:44:22.940,4.68,200
2020-09-30 09:44:22.940,4.68,5200
2020-09-30 09:44:23.130,4.679,1000
2020-09-30 09:44:23.160,4.68,800
2020-09-30 09:44:23.160,4.68,3000
2020-09-30 09:44:23.160,4.68,100
2020-09-30 09:44:23.190,4.679,2000
2020-09-30 09:44:23.450,4.68,900
2020-09-30 09:44:23.450,4.68,3000
2020-09-30 09:44:23.450,4.68,1000
2020-09-30 09:44:23.450,4.68,10000
2020-09-30 09:44:23.450,4.68,10000
2020-09-30 09:44:23.450,4.68,1000
2020-09-30 09:44:23.450,4.68,100
2020-09-30 09:44:23.450,4.68,1000
2020-09-30 09:44:23.450,4.68,2300
2020-09-30 09:44:23.450,4.68,500
2020-09-30 09:44:23.450,4.68,9000
2020-09-30 09:44:23.450,4.68,200
2020-09-30 09:44:23.450,4.68,1000
2020-09-30 09:44:23.450,4.68,4000
2020-09-30 09:44:23.450,4.68,5000
2020-09-30 09:44:23.450,4.68,10000
2020-09-30 09:44:23.450,4.68,5000
2020-09-30 09:44:23.450,4.68,2000
2020-09-30 09:44:23.450,4.68,2100
2020-09-30 09:44:23.450,4.68,1000
2020-09-30 09:44:23.450,4.68,5100
2020-09-30 09:44:23.450,4.68,5000
2020-09-30 09:44:23.450,4.68,100
2020-09-30 09:44:23.450,4.68,1000
2020-09-30 09:44:23.450,4.68,1000
2020-09-30 09:44:23.450,4.68,1000
2020-09-30 09:44:23.450,4.68,7700
2020-09-30 09:44:23.570,4.68,15900
2020-09-30 09:44:23.570,4.68,2000
2020-09-30 09:44:23.570,4.68,1000
2020-09-30 09:44:23.570,4.68,100
2020-09-30 09:44:23.570,4.68,5000
2020-09-30 09:44:23.570,4.68,5600
2020-09-30 09:44:23.570,4.68,10400
2020-09-30 09:44:23.880,4.68,9600
2020-09-30 09:44:23.880,4.68,2000
2020-09-30 09:44:23.880,4.68,4500
2020-09-30 09:44:23.880,4.68,1000
2020-09-30 09:44:23.880,4.68,7100
2020-09-30 09:44:23.880,4.68,3000
2020-09-30 09:44:23.880,4.68,2000
2020-09-30 09:44:23.880,4.68,800
2020-09-30 09:44:23.990,4.679,11000
2020-09-30 09:44:24.420,4.68,2800
2020-09-30 09:44:24.420,4.68,100
2020-09-30 09:44:24.420,4.68,5000
2020-09-30 09:44:24.420,4.68,3000
2020-09-30 09:44:24.420,4.68,5000
2020-09-30 09:44:24.620,4.68,6200
2020-09-30 09:44:25.190,4.68,1800
2020-09-30 09:44:26.430,4.681,30000
2020-09-30 09:44:26.630,4.68,2000
2020-09-30 09:44:26.780,4.681,78700
2020-09-30 09:44:26.780,4.681,5000
2020-09-30 09:44:26.780,4.681,5000
2020-09-30 09:44:26.780,4.681,1000
2020-09-30 09:44:26.780,4.681,1000
2020-09-30 09:44:26.780,4.681,3000
2020-09-30 09:44:26.780,4.681,3900
2020-09-30 09:44:26.780,4.681,200
2020-09-30 09:44:26.780,4.681,2800
2020-09-30 09:44:27.680,4.681,3700
2020-09-30 09:44:27.680,4.681,10000
2020-09-30 09:44:27.680,4.681,3400
2020-09-30 09:44:27.680,4.681,20000
2020-09-30 09:44:27.680,4.681,3000
2020-09-30 09:44:27.680,4.681,2000
2020-09-30 09:44:27.680,4.681,500
2020-09-30 09:44:27.680,4.681,100
2020-09-30 09:44:27.680,4.681,3000
2020-09-30 09:44:27.680,4.681,10000
2020-09-30 09:44:27.680,4.681,3000
2020-09-30 09:44:27.680,4.681,200
2020-09-30 09:44:27.680,4.681,600
2020-09-30 09:44:27.680,4.681,20000
2020-09-30 09:44:27.680,4.681,17000
2020-09-30 09:44:27.680,4.681,10000
2020-09-30 09:44:27.680,4.681,2000
2020-09-30 09:44:27.680,4.681,3300
2020-09-30 09:44:27.680,4.681,10000
2020-09-30 09:44:27.680,4.681,3000
2020-09-30 09:44:27.680,4.681,1000
2020-09-30 09:44:27.680,4.681,20000
2020-09-30 09:44:27.680,4.681,14000
2020-09-30 09:44:27.680,4.681,100
2020-09-30 09:44:27.680,4.681,5000
2020-09-30 09:44:27.680,4.681,5000
2020-09-30 09:44:27.680,4.681,60000
2020-09-30 09:44:27.680,4.681,60000
2020-09-30 09:44:27.680,4.681,10000
2020-09-30 09:44:27.680,4.682,100
2020-09-30 09:44:28.230,4.681,5400
2020-09-30 09:44:28.890,4.681,5000
2020-09-30 09:44:29.620,4.682,34000
2020-09-30 09:44:29.620,4.682,1500
2020-09-30 09:44:29.620,4.682,2000
2020-09-30 09:44:29.620,4.682,500
2020-09-30 09:44:29.620,4.682,10000
2020-09-30 09:44:29.620,4.682,6500
2020-09-30 09:44:29.620,4.682,1000
2020-09-30 09:44:29.620,4.682,10000
2020-09-30 09:44:29.620,4.682,200
2020-09-30 09:44:29.620,4.682,5000
2020-09-30 09:44:29.620,4.682,4000
2020-09-30 09:44:29.620,4.682,5000
2020-09-30 09:44:29.620,4.682,88100
2020-09-30 09:44:29.620,4.682,5000
2020-09-30 09:44:29.620,4.682,1500
2020-09-30 09:44:29.620,4.682,1000
2020-09-30 09:44:29.620,4.682,1000
2020-09-30 09:44:29.620,4.682,10000
2020-09-30 09:44:29.620,4.682,1000
2020-09-30 09:44:29.620,4.682,5000
2020-09-30 09:44:29.620,4.682,1000
2020-09-30 09:44:29.620,4.682,10000
2020-09-30 09:44:29.620,4.682,5000
2020-09-30 09:44:29.620,4.682,5000
2020-09-30 09:44:29.620,4.682,1000
2020-09-30 09:44:29.620,4.682,3000
2020-09-30 09:44:29.620,4.682,200
2020-09-30 09:44:29.620,4.682,10000
2020-09-30 09:44:29.620,4.682,100
2020-09-30 09:44:29.620,4.682,50000
2020-09-30 09:44:29.620,4.682,500
2020-09-30 09:44:29.620,4.682,21900
2020-09-30 09:44:30.120,4.681,2900
2020-09-30 09:44:30.380,4.681,2000
2020-09-30 09:44:31.820,4.681,2000
2020-09-30 09:44:32.860,4.681,2000
2020-09-30 09:44:32.860,4.682,3100
2020-09-30 09:44:32.860,4.682,4400
2020-09-30 09:44:32.860,4.682,5000
2020-09-30 09:44:32.860,4.682,10000
2020-09-30 09:44:32.860,4.682,5000
2020-09-30 09:44:32.860,4.682,12100
2020-09-30 09:44:32.860,4.682,500
2020-09-30 09:44:32.860,4.682,10000
2020-09-30 09:44:32.860,4.682,1000
2020-09-30 09:44:32.860,4.682,2000
2020-09-30 09:44:32.860,4.682,3000
2020-09-30 09:44:32.860,4.682,20000
2020-09-30 09:44:32.860,4.682,1200
2020-09-30 09:44:32.860,4.682,500
2020-09-30 09:44:32.860,4.682,20000
2020-09-30 09:44:32.860,4.682,7700
2020-09-30 09:44:32.860,4.682,500
2020-09-30 09:44:32.860,4.682,4000
2020-09-30 09:44:32.860,4.682,800
2020-09-30 09:44:32.860,4.682,2600
2020-09-30 09:44:33.460,4.681,5000
2020-09-30 09:44:33.660,4.682,97400
2020-09-30 09:44:37.220,4.682,1000
2020-09-30 09:44:38.290,4.682,4000
2020-09-30 09:44:40.160,4.682,6400
2020-09-30 09:44:41.030,4.683,35900
2020-09-30 09:44:41.250,4.682,100
2020-09-30 09:44:41.620,4.683,4100
2020-09-30 09:44:41.620,4.683,5900
2020-09-30 09:44:41.760,4.682,100
2020-09-30 09:44:42.370,4.682,5000
2020-09-30 09:44:43.240,4.682,10000
2020-09-30 09:44:43.270,4.682,5400
2020-09-30 09:44:43.840,4.683,19100
2020-09-30 09:44:43.840,4.683,500
2020-09-30 09:44:43.840,4.683,1000
2020-09-30 09:44:43.840,4.683,100
2020-09-30 09:44:45.190,4.682,600
2020-09-30 09:44:45.410,4.682,200
2020-09-30 09:44:47.590,4.682,200
2020-09-30 09:44:47.590,4.682,800
2020-09-30 09:44:47.850,4.682,100
2020-09-30 09:44:49.120,4.682,100
2020-09-30 09:44:49.120,4.682,400
2020-09-30 09:44:49.840,4.682,100
2020-09-30 09:44:50.430,4.681,9000
2020-09-30 09:44:50.430,4.681,91000
2020-09-30 09:44:52.770,4.682,2300
2020-09-30 09:44:52.770,4.682,1000
2020-09-30 09:44:52.770,4.682,1400
2020-09-30 09:44:52.770,4.682,400
2020-09-30 09:44:52.770,4.682,1000
2020-09-30 09:44:52.770,4.682,5700
2020-09-30 09:44:56.590,4.681,30000
2020-09-30 09:44:57.670,4.682,100
2020-09-30 09:44:58.660,4.682,400
2020-09-30 09:44:59.550,4.682,1200
2020-09-30 09:44:59.820,4.681,600
2020-09-30 09:45:00.560,4.681,9000
2020-09-30 09:45:00.780,4.681,19400
2020-09-30 09:45:00.780,4.681,900
2020-09-30 09:45:00.780,4.681,2900
2020-09-30 09:45:00.780,4.681,5000
2020-09-30 09:45:00.830,4.681,1800
2020-09-30 09:45:00.830,4.682,3300
2020-09-30 09:45:00.830,4.682,10500
2020-09-30 09:45:00.950,4.682,3700
2020-09-30 09:45:00.970,4.682,8900
2020-09-30 09:45:01.450,4.682,1000
2020-09-30 09:45:02.360,4.681,4200
2020-09-30 09:45:02.360,4.681,500
2020-09-30 09:45:02.360,4.682,2400
2020-09-30 09:45:05.880,4.681,5000
2020-09-30 09:45:05.990,4.68,1000
2020-09-30 09:45:05.990,4.68,2100
2020-09-30 09:45:05.990,4.68,1700
2020-09-30 09:45:07.300,4.68,900
2020-09-30 09:45:09.480,4.68,1500
2020-09-30 09:45:12.820,4.679,5900
2020-09-30 09:45:14.320,4.68,100
2020-09-30 09:45:14.550,4.679,3000
2020-09-30 09:45:16.280,4.68,1000
2020-09-30 09:45:16.750,4.68,500
2020-09-30 09:45:17.250,4.679,2400
2020-09-30 09:45:21.320,4.679,48700
2020-09-30 09:45:21.320,4.679,60000
2020-09-30 09:45:21.320,4.679,41400
2020-09-30 09:45:26.200,4.679,200
2020-09-30 09:45:26.450,4.679,5000
2020-09-30 09:45:26.530,4.679,3400
2020-09-30 09:45:27.050,4.68,200
2020-09-30 09:45:27.250,4.679,2000
2020-09-30 09:45:27.250,4.679,2200
2020-09-30 09:45:27.250,4.679,1700
2020-09-30 09:45:27.250,4.679,5000
2020-09-30 09:45:27.250,4.678,16500
2020-09-30 09:45:27.250,4.678,1000
2020-09-30 09:45:27.250,4.678,1100
2020-09-30 09:45:27.250,4.678,1000
2020-09-30 09:45:27.250,4.678,1100
2020-09-30 09:45:27.250,4.678,12400
2020-09-30 09:45:28.130,4.679,1000
2020-09-30 09:45:29.540,4.679,4000
2020-09-30 09:45:29.540,4.679,24200
2020-09-30 09:45:29.540,4.679,500
2020-09-30 09:45:29.540,4.679,1300
2020-09-30 09:45:30.260,4.679,500
2020-09-30 09:45:30.950,4.679,1100
2020-09-30 09:45:33.770,4.678,10800
2020-09-30 09:45:35.050,4.679,100
2020-09-30 09:45:37.710,4.679,100
2020-09-30 09:45:38.100,4.678,12000
2020-09-30 09:45:38.120,4.679,6900
2020-09-30 09:45:38.120,4.679,8100
2020-09-30 09:45:40.550,4.679,500
2020-09-30 09:45:40.550,4.679,500
2020-09-30 09:45:41.710,4.679,10000
2020-09-30 09:45:41.930,4.679,200
2020-09-30 09:45:42.280,4.678,4700
2020-09-30 09:45:43.230,4.678,10000
2020-09-30 09:45:43.330,4.679,5300
2020-09-30 09:45:43.550,4.678,100
2020-09-30 09:45:43.550,4.678,500
2020-09-30 09:45:43.550,4.678,200
2020-09-30 09:45:43.550,4.678,600
2020-09-30 09:45:43.550,4.678,2900
2020-09-30 09:45:45.600,4.679,2100
2020-09-30 09:45:46.300,4.679,500
2020-09-30 09:45:48.190,4.678,10100
2020-09-30 09:45:48.420,4.679,500
2020-09-30 09:45:50.380,4.678,20000
2020-09-30 09:45:51.650,4.678,500
2020-09-30 09:45:51.650,4.678,4100
2020-09-30 09:45:52.060,4.679,2000
2020-09-30 09:45:52.420,4.678,900
2020-09-30 09:45:52.420,4.678,10000
2020-09-30 09:45:52.420,4.678,3000
2020-09-30 09:45:52.810,4.678,400
2020-09-30 09:45:54.470,4.678,1700
2020-09-30 09:45:54.470,4.678,10500
2020-09-30 09:45:54.470,4.678,100
2020-09-30 09:45:54.670,4.678,3300
2020-09-30 09:45:55.690,4.678,3000
2020-09-30 09:45:56.530,4.678,20000
2020-09-30 09:45:58.210,4.678,200
2020-09-30 09:45:58.210,4.678,400
2020-09-30 09:45:58.300,4.677,10100
2020-09-30 09:45:58.300,4.677,100
2020-09-30 09:45:58.300,4.677,11800
2020-09-30 09:45:59.440,4.678,1500
2020-09-30 09:46:06.410,4.678,100
2020-09-30 09:46:06.650,4.678,11800
2020-09-30 09:46:06.650,4.678,5000
2020-09-30 09:46:06.650,4.678,20000
2020-09-30 09:46:06.650,4.678,2000
2020-09-30 09:46:06.650,4.678,21800
2020-09-30 09:46:06.650,4.678,300
2020-09-30 09:46:07.170,4.678,500
2020-09-30 09:46:07.280,4.678,2400
2020-09-30 09:46:08.260,4.678,1000
2020-09-30 09:46:08.980,4.679,200
2020-09-30 09:46:09.300,4.678,2000
2020-09-30 09:46:10.160,4.679,2000
2020-09-30 09:46:10.490,4.679,40000
2020-09-30 09:46:10.880,4.679,30000
2020-09-30 09:46:11.310,4.679,2000
2020-09-30 09:46:11.400,4.678,1800
2020-09-30 09:46:12.260,4.678,1000
2020-09-30 09:46:12.610,4.679,20000
2020-09-30 09:46:13.430,4.679,5600
2020-09-30 09:46:13.430,4.679,2000
2020-09-30 09:46:13.430,4.679,2900
2020-09-30 09:46:13.430,4.679,15100
2020-09-30 09:46:13.430,4.679,400
2020-09-30 09:46:13.430,4.679,14000
2020-09-30 09:46:13.930,4.678,40000
2020-09-30 09:46:15.240,4.679,6000
2020-09-30 09:46:15.240,4.679,100
2020-09-30 09:46:15.240,4.679,3900
2020-09-30 09:46:15.920,4.679,2600
2020-09-30 09:46:15.920,4.679,100
2020-09-30 09:46:15.920,4.679,1100
2020-09-30 09:46:16.510,4.679,10000
2020-09-30 09:46:17.600,4.679,900
2020-09-30 09:46:17.660,4.68,100
2020-09-30 09:46:17.660,4.68,5000
2020-09-30 09:46:17.660,4.68,10000
2020-09-30 09:46:17.660,4.68,10300
2020-09-30 09:46:17.660,4.68,8600
2020-09-30 09:46:17.660,4.68,5200
2020-09-30 09:46:17.660,4.68,700
2020-09-30 09:46:17.660,4.68,5000
2020-09-30 09:46:17.660,4.68,4000
2020-09-30 09:46:17.660,4.68,3000
2020-09-30 09:46:17.660,4.68,50000
2020-09-30 09:46:17.660,4.68,1000
2020-09-30 09:46:17.660,4.68,2000
2020-09-30 09:46:17.660,4.68,10000
2020-09-30 09:46:17.660,4.68,10000
2020-09-30 09:46:17.660,4.68,2500
2020-09-30 09:46:17.660,4.68,19200
2020-09-30 09:46:17.660,4.68,60000
2020-09-30 09:46:17.660,4.68,500
2020-09-30 09:46:17.660,4.68,1000
2020-09-30 09:46:18.320,4.68,5000
2020-09-30 09:46:21.610,4.681,2000
2020-09-30 09:46:21.610,4.681,5000
2020-09-30 09:46:21.610,4.681,12900
2020-09-30 09:46:21.610,4.681,10000
2020-09-30 09:46:21.610,4.681,100
2020-09-30 09:46:24.370,4.68,200
2020-09-30 09:46:24.920,4.68,8000
2020-09-30 09:46:25.200,4.681,100
2020-09-30 09:46:26.630,4.68,5000
2020-09-30 09:46:27.000,4.68,86800
2020-09-30 09:46:27.000,4.68,40000
2020-09-30 09:46:27.000,4.68,14200
2020-09-30 09:46:27.720,4.68,10000
2020-09-30 09:46:28.120,4.681,200
2020-09-30 09:46:28.230,4.68,1000
2020-09-30 09:46:29.260,4.68,1500
2020-09-30 09:46:29.580,4.681,9600
2020-09-30 09:46:29.580,4.681,400
2020-09-30 09:46:29.630,4.68,500
2020-09-30 09:46:29.800,4.681,2600
2020-09-30 09:46:29.800,4.681,700
2020-09-30 09:46:29.850,4.68,6000
2020-09-30 09:46:30.400,4.681,2300
2020-09-30 09:46:30.400,4.681,100
2020-09-30 09:46:30.400,4.681,7800
2020-09-30 09:46:30.400,4.681,100
2020-09-30 09:46:30.400,4.681,200
2020-09-30 09:46:30.400,4.681,1000
2020-09-30 09:46:30.400,4.681,500
2020-09-30 09:46:30.400,4.681,1000
2020-09-30 09:46:30.400,4.681,5000
2020-09-30 09:46:30.400,4.681,5000
2020-09-30 09:46:30.400,4.681,5200
2020-09-30 09:46:30.400,4.681,1500
2020-09-30 09:46:30.400,4.681,1000
2020-09-30 09:46:30.400,4.681,3000
2020-09-30 09:46:30.400,4.681,9300
2020-09-30 09:46:30.480,4.681,5000
2020-09-30 09:46:31.350,4.682,150100
2020-09-30 09:46:32.340,4.681,2300
2020-09-30 09:46:32.400,4.682,151400
2020-09-30 09:46:32.400,4.682,10000
2020-09-30 09:46:32.400,4.682,5800
2020-09-30 09:46:32.400,4.682,1000
2020-09-30 09:46:32.400,4.682,300
2020-09-30 09:46:32.400,4.682,3000
2020-09-30 09:46:32.400,4.682,200
2020-09-30 09:46:32.400,4.682,5000
2020-09-30 09:46:32.400,4.682,100
2020-09-30 09:46:32.400,4.682,4100
2020-09-30 09:46:32.400,4.682,5000
2020-09-30 09:46:32.400,4.682,500
2020-09-30 09:46:32.400,4.682,10000
2020-09-30 09:46:32.400,4.682,5000
2020-09-30 09:46:32.400,4.682,2000
2020-09-30 09:46:32.400,4.682,55500
2020-09-30 09:46:32.400,4.683,24900
2020-09-30 09:46:32.400,4.683,10000
2020-09-30 09:46:32.400,4.683,5200
2020-09-30 09:46:33.540,4.682,300
2020-09-30 09:46:33.540,4.683,19800
2020-09-30 09:46:33.540,4.683,21400
2020-09-30 09:46:33.540,4.683,2100
2020-09-30 09:46:33.540,4.683,10000
2020-09-30 09:46:33.540,4.683,200
2020-09-30 09:46:33.540,4.683,5000
2020-09-30 09:46:33.540,4.683,10000
2020-09-30 09:46:33.540,4.683,10000
2020-09-30 09:46:33.540,4.683,900
2020-09-30 09:46:33.540,4.683,2200
2020-09-30 09:46:33.540,4.683,5000
2020-09-30 09:46:33.540,4.683,10000
2020-09-30 09:46:33.540,4.683,500
2020-09-30 09:46:33.540,4.683,3000
2020-09-30 09:46:33.540,4.683,5000
2020-09-30 09:46:33.540,4.683,2100
2020-09-30 09:46:33.540,4.683,2000
2020-09-30 09:46:33.540,4.683,5000
2020-09-30 09:46:33.540,4.683,1000
2020-09-30 09:46:33.540,4.683,1000
2020-09-30 09:46:33.540,4.683,2000
2020-09-30 09:46:33.540,4.683,4000
2020-09-30 09:46:33.540,4.683,5000
2020-09-30 09:46:33.540,4.683,4300
2020-09-30 09:46:33.540,4.683,500
2020-09-30 09:46:33.540,4.683,3000
2020-09-30 09:46:33.540,4.683,4000
2020-09-30 09:46:33.540,4.683,10000
2020-09-30 09:46:33.540,4.683,5100
2020-09-30 09:46:33.540,4.683,5000
2020-09-30 09:46:33.540,4.683,14500
2020-09-30 09:46:33.540,4.683,10000
2020-09-30 09:46:33.540,4.683,2000
2020-09-30 09:46:33.540,4.683,1000
2020-09-30 09:46:33.540,4.683,1200
2020-09-30 09:46:33.540,4.683,1000
2020-09-30 09:46:33.540,4.683,100
2020-09-30 09:46:33.540,4.683,1000
2020-09-30 09:46:33.540,4.683,200
2020-09-30 09:46:34.210,4.682,3000
2020-09-30 09:46:35.850,4.682,400
2020-09-30 09:46:38.990,4.683,1800
2020-09-30 09:46:38.990,4.683,2000
2020-09-30 09:46:38.990,4.683,2500
2020-09-30 09:46:38.990,4.683,10000
2020-09-30 09:46:38.990,4.683,5000
2020-09-30 09:46:38.990,4.683,2000
2020-09-30 09:46:38.990,4.683,5000
2020-09-30 09:46:38.990,4.683,400
2020-09-30 09:46:38.990,4.683,500
2020-09-30 09:46:38.990,4.683,300
2020-09-30 09:46:38.990,4.683,100
2020-09-30 09:46:38.990,4.683,1000
2020-09-30 09:46:38.990,4.683,200
2020-09-30 09:46:38.990,4.683,3000
2020-09-30 09:46:38.990,4.683,50000
2020-09-30 09:46:38.990,4.683,5000
2020-09-30 09:46:38.990,4.683,10400
2020-09-30 09:46:38.990,4.683,800
2020-09-30 09:46:39.520,4.682,10500
2020-09-30 09:46:40.340,4.682,100
2020-09-30 09:46:42.090,4.682,400
2020-09-30 09:46:43.180,4.683,2800
2020-09-30 09:46:43.180,4.683,500
2020-09-30 09:46:43.180,4.683,500
2020-09-30 09:46:43.180,4.683,6200
2020-09-30 09:46:47.450,4.682,5000
2020-09-30 09:46:48.940,4.682,100
2020-09-30 09:46:50.060,4.682,1000
2020-09-30 09:46:50.350,4.682,3000
2020-09-30 09:46:50.880,4.682,4000
2020-09-30 09:46:51.220,4.682,3000
2020-09-30 09:46:53.490,4.682,1500
2020-09-30 09:46:53.880,4.683,1100
2020-09-30 09:46:54.890,4.683,15600
2020-09-30 09:46:55.260,4.682,2600
2020-09-30 09:46:55.790,4.682,1000
2020-09-30 09:46:58.780,4.683,3900
2020-09-30 09:46:58.880,4.683,10000
2020-09-30 09:46:58.940,4.682,1000
2020-09-30 09:47:00.490,4.682,63400
2020-09-30 09:47:00.490,4.682,2700
2020-09-30 09:47:00.900,4.682,8400
2020-09-30 09:47:01.480,4.682,1000
2020-09-30 09:47:02.440,4.682,100
2020-09-30 09:47:03.090,4.682,2000
2020-09-30 09:47:03.090,4.682,2400
2020-09-30 09:47:03.090,4.682,10000
2020-09-30 09:47:03.760,4.682,5600
2020-09-30 09:47:03.760,4.682,34400
2020-09-30 09:47:03.960,4.683,2000
2020-09-30 09:47:04.130,4.682,10000
2020-09-30 09:47:04.480,4.683,18000
2020-09-30 09:47:04.480,4.683,2000
2020-09-30 09:47:04.480,4.683,1000
2020-09-30 09:47:04.480,4.683,1500
2020-09-30 09:47:04.480,4.683,4700
2020-09-30 09:47:04.480,4.683,10000
2020-09-30 09:47:04.480,4.683,7000
2020-09-30 09:47:04.480,4.683,200
2020-09-30 09:47:04.480,4.683,15000
2020-09-30 09:47:04.480,4.683,1000
2020-09-30 09:47:04.480,4.683,15300
2020-09-30 09:47:04.480,4.683,5000
2020-09-30 09:47:04.480,4.683,2100
2020-09-30 09:47:04.480,4.683,1000
2020-09-30 09:47:04.480,4.683,16200
2020-09-30 09:47:05.040,4.682,100
2020-09-30 09:47:05.700,4.682,10000
2020-09-30 09:47:06.350,4.683,900
2020-09-30 09:47:07.520,4.682,10000
2020-09-30 09:47:07.600,4.682,3000
2020-09-30 09:47:08.680,4.683,8000
2020-09-30 09:47:08.700,4.682,16900
2020-09-30 09:47:08.700,4.682,13100
2020-09-30 09:47:09.050,4.683,21800
2020-09-30 09:47:09.050,4.683,10000
2020-09-30 09:47:09.050,4.683,5000
2020-09-30 09:47:09.050,4.683,4400
2020-09-30 09:47:09.050,4.683,3200
2020-09-30 09:47:09.050,4.683,5600
2020-09-30 09:47:10.010,4.683,100
2020-09-30 09:47:10.040,4.683,10000
2020-09-30 09:47:10.340,4.683,34300
2020-09-30 09:47:10.340,4.683,2000
2020-09-30 09:47:10.340,4.683,200
2020-09-30 09:47:10.340,4.683,1000
2020-09-30 09:47:10.340,4.683,5000
2020-09-30 09:47:10.340,4.683,10000
2020-09-30 09:47:10.340,4.683,10000
2020-09-30 09:47:10.340,4.683,39500
2020-09-30 09:47:10.340,4.683,5000
2020-09-30 09:47:10.340,4.683,600
2020-09-30 09:47:10.870,4.683,3000
2020-09-30 09:47:10.930,4.683,200
2020-09-30 09:47:12.440,4.683,500
2020-09-30 09:47:13.350,4.684,100
2020-09-30 09:47:13.350,4.684,10900
2020-09-30 09:47:13.350,4.684,5000
