Datetime,Price,Volume
2020-08-28 09:25:00.010,3.337,100
2020-08-28 09:25:00.010,3.337,100
2020-08-28 09:25:00.010,3.337,200
2020-08-28 09:25:00.010,3.337,9800
2020-08-28 09:25:00.010,3.337,3100
2020-08-28 09:25:00.010,3.337,25000
2020-08-28 09:25:00.010,3.337,6700
2020-08-28 09:25:00.010,3.337,500
2020-08-28 09:25:00.010,3.337,500
2020-08-28 09:25:00.010,3.337,9500
2020-08-28 09:25:00.010,3.337,18900
2020-08-28 09:25:00.010,3.337,11100
2020-08-28 09:25:00.010,3.337,17000
2020-08-28 09:25:00.010,3.337,10000
2020-08-28 09:25:00.010,3.337,100
2020-08-28 09:25:00.010,3.337,10000
2020-08-28 09:25:00.010,3.337,62900
2020-08-28 09:25:00.010,3.337,10000
2020-08-28 09:25:00.010,3.337,10000
2020-08-28 09:25:00.010,3.337,10000
2020-08-28 09:25:00.010,3.337,10000
2020-08-28 09:25:00.010,3.337,90000
2020-08-28 09:25:00.010,3.337,1000
2020-08-28 09:25:00.010,3.337,10000
2020-08-28 09:25:00.010,3.337,5100
2020-08-28 09:25:00.010,3.337,29200
2020-08-28 09:25:00.010,3.337,61800
2020-08-28 09:25:00.010,3.337,100
2020-08-28 09:25:00.010,3.337,3200
2020-08-28 09:25:00.010,3.337,100
2020-08-28 09:25:00.010,3.337,100
2020-08-28 09:25:00.010,3.337,5000
2020-08-28 09:25:00.010,3.337,29700
2020-08-28 09:25:00.010,3.337,20300
2020-08-28 09:25:00.010,3.337,3000
2020-08-28 09:25:00.010,3.337,26700
2020-08-28 09:25:00.010,3.337,800
2020-08-28 09:25:00.010,3.337,3000
2020-08-28 09:25:00.010,3.337,100
2020-08-28 09:25:00.010,3.337,9000
2020-08-28 09:25:00.010,3.337,1000
2020-08-28 09:25:00.010,3.337,1500
2020-08-28 09:25:00.010,3.337,15000
2020-08-28 09:25:00.010,3.337,20400
2020-08-28 09:25:00.010,3.337,10200
2020-08-28 09:25:00.010,3.337,8800
2020-08-28 09:25:00.010,3.337,1200
2020-08-28 09:25:00.010,3.337,2000
2020-08-28 09:25:00.010,3.337,2800
2020-08-28 09:25:00.010,3.337,40000
2020-08-28 09:25:00.010,3.337,300
2020-08-28 09:25:00.010,3.337,2000
2020-08-28 09:25:00.010,3.337,10000
2020-08-28 09:25:00.010,3.337,120500
2020-08-28 09:25:00.010,3.337,124400
2020-08-28 09:25:00.010,3.337,15600
2020-08-28 09:25:00.010,3.337,100
2020-08-28 09:25:00.010,3.337,600
2020-08-28 09:25:00.010,3.337,2000
2020-08-28 09:25:00.010,3.337,1400
2020-08-28 09:25:00.010,3.337,1000
2020-08-28 09:25:00.010,3.337,3000
2020-08-28 09:25:00.010,3.337,10000
2020-08-28 09:25:00.010,3.337,12900
2020-08-28 09:25:00.010,3.337,400
2020-08-28 09:25:00.010,3.337,100
2020-08-28 09:25:00.010,3.337,12400
2020-08-28 09:25:00.010,3.337,7400
2020-08-28 09:25:00.010,3.337,200
2020-08-28 09:25:00.010,3.337,300
2020-08-28 09:25:00.010,3.337,800
2020-08-28 09:25:00.010,3.337,10000
2020-08-28 09:25:00.010,3.337,700
2020-08-28 09:25:00.010,3.337,1500
2020-08-28 09:25:00.010,3.337,100
2020-08-28 09:25:00.010,3.337,1500
2020-08-28 09:25:00.010,3.337,182600
2020-08-28 09:25:00.010,3.337,5000
2020-08-28 09:25:00.010,3.337,200
2020-08-28 09:25:00.010,3.337,20700
2020-08-28 09:25:00.010,3.337,200
2020-08-28 09:25:00.010,3.337,1000
2020-08-28 09:25:00.010,3.337,2000
2020-08-28 09:25:00.010,3.337,3800
2020-08-28 09:25:00.010,3.337,200
2020-08-28 09:25:00.010,3.337,100
2020-08-28 09:25:00.010,3.337,2200
2020-08-28 09:25:00.010,3.337,800
2020-08-28 09:25:00.010,3.337,200
2020-08-28 09:25:00.010,3.337,3000
2020-08-28 09:25:00.010,3.337,2000
2020-08-28 09:25:00.010,3.337,200
2020-08-28 09:30:00.070,3.337,3600
2020-08-28 09:30:00.070,3.338,4400
2020-08-28 09:30:00.070,3.339,5000
2020-08-28 09:30:00.070,3.339,10000
2020-08-28 09:30:00.070,3.339,120000
2020-08-28 09:30:00.070,3.34,100
2020-08-28 09:30:00.200,3.339,63600
2020-08-28 09:30:00.240,3.34,4800
2020-08-28 09:30:00.240,3.34,4800
2020-08-28 09:30:00.240,3.34,80000
2020-08-28 09:30:00.240,3.34,10000
2020-08-28 09:30:00.240,3.34,40000
2020-08-28 09:30:00.240,3.34,50000
2020-08-28 09:30:00.240,3.34,5000
2020-08-28 09:30:00.240,3.34,15000
2020-08-28 09:30:00.240,3.34,8300
2020-08-28 09:30:00.240,3.34,100
2020-08-28 09:30:00.240,3.34,5000
2020-08-28 09:30:00.240,3.34,11900
2020-08-28 09:30:00.240,3.34,1200
2020-08-28 09:30:00.240,3.34,30000
2020-08-28 09:30:00.240,3.34,200000
2020-08-28 09:30:00.240,3.341,1500
2020-08-28 09:30:00.240,3.341,5000
2020-08-28 09:30:00.240,3.341,3000
2020-08-28 09:30:00.240,3.341,3100
2020-08-28 09:30:00.240,3.341,10000
2020-08-28 09:30:00.240,3.341,7600
2020-08-28 09:30:00.240,3.341,300
2020-08-28 09:30:00.240,3.341,1000
2020-08-28 09:30:00.240,3.341,600
2020-08-28 09:30:00.240,3.341,4000
2020-08-28 09:30:00.240,3.341,40000
2020-08-28 09:30:00.240,3.341,20000
2020-08-28 09:30:00.240,3.341,63600
2020-08-28 09:30:00.240,3.341,75900
2020-08-28 09:30:00.240,3.341,7600
2020-08-28 09:30:00.390,3.341,10000
2020-08-28 09:30:00.390,3.341,10000
2020-08-28 09:30:00.500,3.341,2100
2020-08-28 09:30:00.540,3.341,400
2020-08-28 09:30:00.580,3.341,5000
2020-08-28 09:30:00.580,3.341,5000
2020-08-28 09:30:00.680,3.341,10000
2020-08-28 09:30:00.760,3.341,8955
2020-08-28 09:30:00.880,3.341,6000
2020-08-28 09:30:00.880,3.341,17500
2020-08-28 09:30:00.960,3.341,3000
2020-08-28 09:30:00.960,3.341,50000
2020-08-28 09:30:01.130,3.341,10000
2020-08-28 09:30:01.130,3.341,10000
2020-08-28 09:30:01.130,3.341,3000
2020-08-28 09:30:01.130,3.341,10000
2020-08-28 09:30:01.170,3.341,100
2020-08-28 09:30:01.400,3.341,14400
2020-08-28 09:30:01.480,3.341,15245
2020-08-28 09:30:01.480,3.339,2255
2020-08-28 09:30:01.530,3.339,1500
2020-08-28 09:30:01.570,3.339,20000
2020-08-28 09:30:01.710,3.339,11300
2020-08-28 09:30:02.000,3.339,300
2020-08-28 09:30:02.080,3.339,10000
2020-08-28 09:30:02.080,3.339,10200
2020-08-28 09:30:02.080,3.339,400
2020-08-28 09:30:02.220,3.339,1000
2020-08-28 09:30:02.340,3.339,2900
2020-08-28 09:30:02.430,3.339,400
2020-08-28 09:30:02.800,3.339,32400
2020-08-28 09:30:02.840,3.339,30000
2020-08-28 09:30:02.880,3.339,5000
2020-08-28 09:30:02.880,3.339,30000
2020-08-28 09:30:02.880,3.339,16600
2020-08-28 09:30:02.880,3.339,300
2020-08-28 09:30:03.000,3.339,2800
2020-08-28 09:30:03.000,3.339,5000
2020-08-28 09:30:03.040,3.339,3000
2020-08-28 09:30:03.160,3.339,300
2020-08-28 09:30:03.160,3.339,20000
2020-08-28 09:30:03.160,3.339,2000
2020-08-28 09:30:03.160,3.339,200
2020-08-28 09:30:03.220,3.339,1500
2020-08-28 09:30:03.420,3.339,3100
2020-08-28 09:30:03.460,3.339,5600
2020-08-28 09:30:03.630,3.339,8000
2020-08-28 09:30:03.670,3.339,200
2020-08-28 09:30:03.700,3.34,300
2020-08-28 09:30:03.700,3.34,200
2020-08-28 09:30:03.810,3.34,12300
2020-08-28 09:30:04.500,3.34,17200
2020-08-28 09:30:04.500,3.34,12800
2020-08-28 09:30:04.500,3.34,1500
2020-08-28 09:30:04.630,3.34,500
2020-08-28 09:30:04.680,3.34,3000
2020-08-28 09:30:04.850,3.34,2200
2020-08-28 09:30:04.850,3.34,3300
2020-08-28 09:30:05.320,3.34,6300
2020-08-28 09:30:05.360,3.34,5000
2020-08-28 09:30:05.440,3.34,15400
2020-08-28 09:30:05.440,3.34,10000
2020-08-28 09:30:05.440,3.34,1000
2020-08-28 09:30:05.500,3.34,12100
2020-08-28 09:30:06.090,3.342,3200
2020-08-28 09:30:06.090,3.342,2000
2020-08-28 09:30:06.090,3.342,1100
2020-08-28 09:30:06.090,3.342,400
2020-08-28 09:30:06.090,3.342,700
2020-08-28 09:30:06.090,3.342,52500
2020-08-28 09:30:06.120,3.34,16900
2020-08-28 09:30:06.120,3.34,50000
2020-08-28 09:30:06.120,3.34,40000
2020-08-28 09:30:06.120,3.339,200
2020-08-28 09:30:06.190,3.339,100
2020-08-28 09:30:06.190,3.341,10000
2020-08-28 09:30:06.220,3.339,1000
2020-08-28 09:30:06.840,3.339,10000
2020-08-28 09:30:06.990,3.339,500
2020-08-28 09:30:07.100,3.339,3000
2020-08-28 09:30:07.380,3.339,2400
2020-08-28 09:30:07.520,3.339,5000
2020-08-28 09:30:07.790,3.339,10000
2020-08-28 09:30:07.790,3.341,3000
2020-08-28 09:30:07.960,3.339,60000
2020-08-28 09:30:07.960,3.339,8000
2020-08-28 09:30:08.040,3.339,3700
2020-08-28 09:30:08.330,3.339,4500
2020-08-28 09:30:08.370,3.339,10000
2020-08-28 09:30:08.400,3.339,6000
2020-08-28 09:30:08.550,3.339,1000
2020-08-28 09:30:09.180,3.34,2000
2020-08-28 09:30:10.380,3.34,300
2020-08-28 09:30:12.140,3.34,300000
2020-08-28 09:30:12.610,3.34,6000
2020-08-28 09:30:12.720,3.34,20000
2020-08-28 09:30:13.790,3.34,11000
2020-08-28 09:30:15.240,3.34,300000
2020-08-28 09:30:15.840,3.34,260700
2020-08-28 09:30:15.840,3.34,5000
2020-08-28 09:30:15.840,3.34,3300
2020-08-28 09:30:17.440,3.339,1000
2020-08-28 09:30:17.740,3.339,100
2020-08-28 09:30:17.830,3.339,3100
2020-08-28 09:30:18.320,3.339,71400
2020-08-28 09:30:18.350,3.339,4800
2020-08-28 09:30:18.540,3.339,4600
2020-08-28 09:30:18.610,3.339,4700
2020-08-28 09:30:19.390,3.34,6000
2020-08-28 09:30:22.600,3.339,96
2020-08-28 09:30:23.950,3.34,1000
2020-08-28 09:30:23.950,3.34,1500
2020-08-28 09:30:23.950,3.34,11500
2020-08-28 09:30:23.950,3.34,300
2020-08-28 09:30:23.950,3.34,3000
2020-08-28 09:30:24.030,3.341,2000
2020-08-28 09:30:24.030,3.341,900
2020-08-28 09:30:24.030,3.342,24100
2020-08-28 09:30:24.030,3.342,1300
2020-08-28 09:30:24.030,3.342,1000
2020-08-28 09:30:24.030,3.342,10000
2020-08-28 09:30:24.030,3.342,700
2020-08-28 09:30:24.440,3.341,35000
2020-08-28 09:30:25.180,3.341,4900
2020-08-28 09:30:26.040,3.341,18000
2020-08-28 09:30:29.130,3.341,3000
2020-08-28 09:30:29.130,3.341,2800
2020-08-28 09:30:30.570,3.34,1000
2020-08-28 09:30:31.440,3.341,3700
2020-08-28 09:30:31.440,3.341,3200
2020-08-28 09:30:34.070,3.339,70000
2020-08-28 09:30:35.310,3.341,1000
2020-08-28 09:30:37.890,3.339,4100
2020-08-28 09:30:38.660,3.339,40000
2020-08-28 09:30:40.420,3.339,7900
2020-08-28 09:30:44.510,3.339,17800
2020-08-28 09:30:45.190,3.339,3100
2020-08-28 09:30:45.350,3.34,700
2020-08-28 09:30:45.770,3.34,300
2020-08-28 09:30:47.150,3.34,200
2020-08-28 09:30:47.150,3.34,4800
2020-08-28 09:30:47.250,3.339,22500
2020-08-28 09:30:47.610,3.339,30900
2020-08-28 09:30:47.670,3.339,11000
2020-08-28 09:30:48.680,3.339,44649
2020-08-28 09:30:48.680,3.339,1500
2020-08-28 09:30:48.680,3.339,200
2020-08-28 09:30:48.680,3.339,3000
2020-08-28 09:30:49.540,3.339,651
2020-08-28 09:30:49.540,3.34,349
2020-08-28 09:30:56.780,3.339,100
2020-08-28 09:30:56.780,3.339,10000
2020-08-28 09:30:56.780,3.339,4700
2020-08-28 09:30:57.290,3.339,2900
2020-08-28 09:30:59.390,3.338,1500
2020-08-28 09:30:59.390,3.338,3000
2020-08-28 09:30:59.390,3.338,1500
2020-08-28 09:30:59.390,3.338,10000
2020-08-28 09:30:59.390,3.338,3851
2020-08-28 09:31:00.640,3.339,100
2020-08-28 09:31:01.130,3.339,1300
2020-08-28 09:31:01.270,3.338,5000
2020-08-28 09:31:02.930,3.338,21149
2020-08-28 09:31:02.930,3.338,1000
2020-08-28 09:31:02.930,3.338,6000
2020-08-28 09:31:02.930,3.338,71851
2020-08-28 09:31:03.360,3.338,500
2020-08-28 09:31:05.430,3.338,10900
2020-08-28 09:31:08.150,3.339,41000
2020-08-28 09:31:08.150,3.339,300
2020-08-28 09:31:08.150,3.339,28700
2020-08-28 09:31:12.580,3.339,10000
2020-08-28 09:31:13.110,3.339,200
2020-08-28 09:31:13.340,3.338,300000
2020-08-28 09:31:14.000,3.339,90000
2020-08-28 09:31:14.390,3.339,100
2020-08-28 09:31:18.090,3.339,700
2020-08-28 09:31:18.090,3.338,300000
2020-08-28 09:31:18.250,3.339,30000
2020-08-28 09:31:18.710,3.338,50000
2020-08-28 09:31:19.230,3.339,10000
2020-08-28 09:31:19.930,3.338,900
2020-08-28 09:31:20.490,3.338,15000
2020-08-28 09:31:22.590,3.338,150849
2020-08-28 09:31:22.590,3.338,140000
2020-08-28 09:31:22.590,3.338,900
2020-08-28 09:31:22.590,3.338,2200
2020-08-28 09:31:23.830,3.337,100000
2020-08-28 09:31:25.180,3.338,2000
2020-08-28 09:31:27.620,3.337,169300
2020-08-28 09:31:27.620,3.337,47600
2020-08-28 09:31:27.620,3.337,100
2020-08-28 09:31:27.620,3.337,100
2020-08-28 09:31:27.620,3.337,10000
2020-08-28 09:31:27.620,3.337,72900
2020-08-28 09:31:28.220,3.337,6200
2020-08-28 09:31:28.220,3.337,100
2020-08-28 09:31:28.220,3.337,1000
2020-08-28 09:31:28.220,3.337,8900
2020-08-28 09:31:28.220,3.337,100
2020-08-28 09:31:28.220,3.337,100
2020-08-28 09:31:28.220,3.337,4000
2020-08-28 09:31:28.220,3.337,10000
2020-08-28 09:31:28.220,3.337,12700
2020-08-28 09:31:28.220,3.337,1500
2020-08-28 09:31:28.220,3.337,500
2020-08-28 09:31:28.220,3.337,6000
2020-08-28 09:31:28.220,3.337,500
2020-08-28 09:31:28.220,3.337,12700
2020-08-28 09:31:28.220,3.337,1000
2020-08-28 09:31:28.220,3.337,12700
2020-08-28 09:31:28.220,3.337,100
2020-08-28 09:31:28.220,3.337,200
2020-08-28 09:31:28.220,3.337,5000
2020-08-28 09:31:29.080,3.337,5800
2020-08-28 09:31:29.390,3.337,100
2020-08-28 09:31:31.500,3.337,5100
2020-08-28 09:31:32.380,3.337,95100
2020-08-28 09:31:32.590,3.337,30000
2020-08-28 09:31:32.880,3.336,200
2020-08-28 09:31:32.880,3.336,200
2020-08-28 09:31:32.880,3.336,100
2020-08-28 09:31:32.880,3.336,299500
2020-08-28 09:31:33.550,3.336,7500
2020-08-28 09:31:34.880,3.337,1000
2020-08-28 09:31:36.140,3.337,100
2020-08-28 09:31:36.940,3.336,2000
2020-08-28 09:31:38.600,3.336,3000
2020-08-28 09:31:38.970,3.336,3700
2020-08-28 09:31:39.070,3.336,800
2020-08-28 09:31:39.260,3.336,79500
2020-08-28 09:31:39.420,3.336,150000
2020-08-28 09:31:40.240,3.337,100
2020-08-28 09:31:40.240,3.337,19900
2020-08-28 09:31:40.330,3.337,10000
2020-08-28 09:31:41.100,3.336,4400
2020-08-28 09:31:41.620,3.336,3000
2020-08-28 09:31:41.720,3.337,30000
2020-08-28 09:31:42.820,3.337,300000
2020-08-28 09:31:43.440,3.337,540100
2020-08-28 09:31:43.440,3.337,100
2020-08-28 09:31:43.440,3.337,86700
2020-08-28 09:31:43.440,3.337,200000
2020-08-28 09:31:43.440,3.337,500
2020-08-28 09:31:43.440,3.337,500
2020-08-28 09:31:43.440,3.337,57600
2020-08-28 09:31:43.810,3.337,14500
2020-08-28 09:31:43.810,3.337,2100
2020-08-28 09:31:44.810,3.337,100000
2020-08-28 09:31:44.930,3.337,29900
2020-08-28 09:31:46.250,3.336,3100
2020-08-28 09:31:46.690,3.337,5600
2020-08-28 09:31:46.870,3.336,30000
2020-08-28 09:31:47.290,3.337,5000
2020-08-28 09:31:48.770,3.337,88800
2020-08-28 09:31:48.770,3.337,61200
2020-08-28 09:31:49.190,3.336,2700
2020-08-28 09:31:50.510,3.336,2000
2020-08-28 09:31:50.680,3.336,2000
2020-08-28 09:31:51.010,3.336,3100
2020-08-28 09:31:51.630,3.336,12600
2020-08-28 09:31:51.630,3.336,50000
2020-08-28 09:31:53.310,3.336,20600
2020-08-28 09:31:57.860,3.337,30000
2020-08-28 09:31:58.630,3.337,10000
2020-08-28 09:31:58.810,3.336,2100
2020-08-28 09:32:02.980,3.336,318400
2020-08-28 09:32:02.980,3.336,281600
2020-08-28 09:32:03.110,3.336,217200
2020-08-28 09:32:03.110,3.336,10000
2020-08-28 09:32:03.110,3.336,1000
2020-08-28 09:32:03.110,3.336,500
2020-08-28 09:32:03.110,3.336,900
2020-08-28 09:32:03.110,3.336,1500
2020-08-28 09:32:03.110,3.336,5000
2020-08-28 09:32:03.110,3.336,30000
2020-08-28 09:32:03.110,3.336,6000
2020-08-28 09:32:05.800,3.335,200
2020-08-28 09:32:05.800,3.335,100
2020-08-28 09:32:05.800,3.335,5000
2020-08-28 09:32:05.800,3.335,900
2020-08-28 09:32:05.800,3.335,2000
2020-08-28 09:32:05.800,3.335,2000
2020-08-28 09:32:05.800,3.335,100
2020-08-28 09:32:05.800,3.335,1400
2020-08-28 09:32:07.930,3.335,50000
2020-08-28 09:32:08.590,3.335,30000
2020-08-28 09:32:08.800,3.335,8300
2020-08-28 09:32:11.260,3.336,8000
2020-08-28 09:32:12.910,3.335,300000
2020-08-28 09:32:13.750,3.334,200
2020-08-28 09:32:13.750,3.334,1500
2020-08-28 09:32:13.750,3.334,1000
2020-08-28 09:32:13.750,3.334,10000
2020-08-28 09:32:13.750,3.334,2000
2020-08-28 09:32:13.750,3.334,5200
2020-08-28 09:32:14.250,3.334,10000
2020-08-28 09:32:14.810,3.335,600
2020-08-28 09:32:14.810,3.335,4400
2020-08-28 09:32:14.810,3.334,4800
2020-08-28 09:32:16.170,3.334,3800
2020-08-28 09:32:19.880,3.334,4400
2020-08-28 09:32:19.880,3.334,2500
2020-08-28 09:32:19.910,3.334,6000
2020-08-28 09:32:19.910,3.333,15100
2020-08-28 09:32:19.910,3.333,100
2020-08-28 09:32:19.910,3.333,200
2020-08-28 09:32:19.910,3.333,100
2020-08-28 09:32:19.910,3.333,1000
2020-08-28 09:32:19.910,3.333,6600
2020-08-28 09:32:21.690,3.333,700
2020-08-28 09:32:22.100,3.334,1000
2020-08-28 09:32:23.590,3.333,3400
2020-08-28 09:32:24.490,3.333,10000
2020-08-28 09:32:24.550,3.334,51700
2020-08-28 09:32:26.090,3.333,5100
2020-08-28 09:32:26.780,3.334,500
2020-08-28 09:32:26.910,3.333,7900
2020-08-28 09:32:26.910,3.333,2700
2020-08-28 09:32:26.910,3.333,6500
2020-08-28 09:32:26.910,3.333,1000
2020-08-28 09:32:26.910,3.333,2300
2020-08-28 09:32:26.910,3.333,8000
2020-08-28 09:32:26.910,3.333,100
2020-08-28 09:32:26.910,3.333,2000
2020-08-28 09:32:26.910,3.333,69500
2020-08-28 09:32:27.630,3.333,10000
2020-08-28 09:32:29.030,3.334,5900
2020-08-28 09:32:31.230,3.334,10000
2020-08-28 09:32:31.400,3.333,11400
2020-08-28 09:32:31.670,3.333,8600
2020-08-28 09:32:31.670,3.334,9500
2020-08-28 09:32:35.370,3.332,5000
2020-08-28 09:32:35.370,3.332,200
2020-08-28 09:32:35.370,3.332,200
2020-08-28 09:32:35.370,3.332,100
2020-08-28 09:32:35.370,3.332,1000
2020-08-28 09:32:35.370,3.332,15300
2020-08-28 09:32:37.000,3.333,5200
2020-08-28 09:32:37.190,3.333,5200
2020-08-28 09:32:37.190,3.333,4800
2020-08-28 09:32:37.790,3.332,4700
2020-08-28 09:32:37.790,3.332,6500
2020-08-28 09:32:37.790,3.332,200
2020-08-28 09:32:37.790,3.332,100
2020-08-28 09:32:37.790,3.332,10000
2020-08-28 09:32:37.790,3.332,67100
2020-08-28 09:32:39.370,3.332,1600
2020-08-28 09:32:40.930,3.333,500
2020-08-28 09:32:41.270,3.332,400
2020-08-28 09:32:41.900,3.333,4300
2020-08-28 09:32:41.900,3.333,1300
2020-08-28 09:32:41.900,3.333,400
2020-08-28 09:32:42.530,3.332,3200
2020-08-28 09:32:43.210,3.333,15000
2020-08-28 09:32:43.210,3.332,5000
2020-08-28 09:32:43.450,3.332,22700
2020-08-28 09:32:43.450,3.332,100
2020-08-28 09:32:43.450,3.332,10000
2020-08-28 09:32:43.450,3.332,50000
2020-08-28 09:32:43.450,3.332,1000
2020-08-28 09:32:43.450,3.332,15400
2020-08-28 09:32:43.450,3.332,50000
2020-08-28 09:32:43.500,3.331,6100
2020-08-28 09:32:43.500,3.331,200
2020-08-28 09:32:43.500,3.331,10000
2020-08-28 09:32:43.500,3.331,100
2020-08-28 09:32:43.500,3.331,1000
2020-08-28 09:32:43.500,3.331,6500
2020-08-28 09:32:43.500,3.331,10000
2020-08-28 09:32:43.500,3.331,60400
2020-08-28 09:32:43.620,3.332,100000
2020-08-28 09:32:44.680,3.331,30000
2020-08-28 09:32:46.030,3.332,200
2020-08-28 09:32:47.870,3.331,99600
2020-08-28 09:32:47.870,3.331,100
2020-08-28 09:32:47.870,3.331,300
2020-08-28 09:32:48.900,3.332,500
2020-08-28 09:32:49.150,3.332,1000
2020-08-28 09:32:50.970,3.331,4700
2020-08-28 09:32:50.970,3.331,100
2020-08-28 09:32:50.970,3.331,9200
2020-08-28 09:32:52.990,3.332,49100
2020-08-28 09:32:52.990,3.332,300000
2020-08-28 09:32:52.990,3.332,1000
2020-08-28 09:32:52.990,3.332,1000
2020-08-28 09:32:52.990,3.332,80000
2020-08-28 09:32:52.990,3.332,1000
2020-08-28 09:32:52.990,3.332,5000
2020-08-28 09:32:52.990,3.332,2100
2020-08-28 09:32:53.220,3.332,700
2020-08-28 09:32:53.550,3.332,4000
2020-08-28 09:32:54.620,3.332,146700
2020-08-28 09:32:56.310,3.333,27000
2020-08-28 09:32:56.900,3.332,600
2020-08-28 09:32:57.850,3.332,300
2020-08-28 09:32:59.020,3.332,126100
2020-08-28 09:32:59.570,3.333,600
2020-08-28 09:33:00.190,3.333,3900
2020-08-28 09:33:00.520,3.332,1600
2020-08-28 09:33:01.940,3.332,10000
2020-08-28 09:33:02.130,3.332,14600
2020-08-28 09:33:02.220,3.333,6000
2020-08-28 09:33:03.390,3.333,300
2020-08-28 09:33:03.420,3.334,10000
2020-08-28 09:33:03.420,3.334,50000
2020-08-28 09:33:06.290,3.334,40000
2020-08-28 09:33:06.290,3.333,110000
2020-08-28 09:33:08.000,3.334,200
2020-08-28 09:33:08.000,3.334,8800
2020-08-28 09:33:08.090,3.335,9100
2020-08-28 09:33:08.090,3.335,1600
2020-08-28 09:33:08.090,3.335,10000
2020-08-28 09:33:08.090,3.335,1000
2020-08-28 09:33:08.920,3.335,68300
2020-08-28 09:33:08.920,3.334,31200
2020-08-28 09:33:08.920,3.333,500
2020-08-28 09:33:11.380,3.336,4900
2020-08-28 09:33:11.380,3.336,100
2020-08-28 09:33:11.380,3.336,3000
2020-08-28 09:33:11.380,3.336,10000
2020-08-28 09:33:12.740,3.336,5000
2020-08-28 09:33:14.770,3.336,200000
2020-08-28 09:33:15.970,3.336,77000
2020-08-28 09:33:17.460,3.336,300
2020-08-28 09:33:18.940,3.335,5000
2020-08-28 09:33:18.940,3.335,10000
2020-08-28 09:33:18.940,3.335,100
2020-08-28 09:33:18.940,3.334,40000
2020-08-28 09:33:18.940,3.334,10000
2020-08-28 09:33:18.940,3.334,4100
2020-08-28 09:33:19.460,3.336,6000
2020-08-28 09:33:21.740,3.336,16700
2020-08-28 09:33:21.740,3.336,100000
2020-08-28 09:33:23.730,3.336,500
2020-08-28 09:33:23.820,3.336,300000
2020-08-28 09:33:24.750,3.336,2500
2020-08-28 09:33:25.180,3.336,22500
2020-08-28 09:33:26.360,3.337,900
2020-08-28 09:33:26.360,3.337,9100
2020-08-28 09:33:26.800,3.336,300000
2020-08-28 09:33:26.860,3.336,274500
2020-08-28 09:33:26.860,3.336,25500
2020-08-28 09:33:27.710,3.337,900
2020-08-28 09:33:27.710,3.337,200
2020-08-28 09:33:27.710,3.337,7800
2020-08-28 09:33:27.710,3.337,400
2020-08-28 09:33:27.710,3.337,6200
2020-08-28 09:33:28.300,3.336,2000
2020-08-28 09:33:28.300,3.335,2000
2020-08-28 09:33:28.300,3.335,11000
2020-08-28 09:33:29.070,3.337,6600
2020-08-28 09:33:29.070,3.337,15500
2020-08-28 09:33:29.070,3.337,1400
2020-08-28 09:33:29.070,3.337,100
2020-08-28 09:33:29.070,3.337,300000
2020-08-28 09:33:29.070,3.337,40000
2020-08-28 09:33:29.070,3.337,1500
2020-08-28 09:33:29.140,3.337,223000
2020-08-28 09:33:29.850,3.337,100000
2020-08-28 09:33:30.840,3.337,100000
2020-08-28 09:33:31.080,3.337,900
2020-08-28 09:33:31.930,3.337,100
2020-08-28 09:33:32.660,3.337,31400
2020-08-28 09:33:32.660,3.337,300
2020-08-28 09:33:33.860,3.337,1000
2020-08-28 09:33:35.370,3.336,5900
2020-08-28 09:33:35.370,3.336,100
2020-08-28 09:33:35.370,3.336,6900
2020-08-28 09:33:35.370,3.336,100
2020-08-28 09:33:35.370,3.336,3000
2020-08-28 09:33:36.070,3.336,600
2020-08-28 09:33:36.470,3.336,160000
2020-08-28 09:33:37.980,3.336,1100
2020-08-28 09:33:38.720,3.336,500
2020-08-28 09:33:39.530,3.336,100
2020-08-28 09:33:39.530,3.336,5900
2020-08-28 09:33:39.630,3.336,1000
2020-08-28 09:33:39.910,3.335,79000
2020-08-28 09:33:39.910,3.335,30000
2020-08-28 09:33:39.910,3.334,5700
2020-08-28 09:33:39.910,3.334,4000
2020-08-28 09:33:41.340,3.334,10000
2020-08-28 09:33:41.460,3.334,78500
2020-08-28 09:33:42.570,3.334,1000
2020-08-28 09:33:43.620,3.333,300000
2020-08-28 09:33:43.620,3.333,300000
2020-08-28 09:33:44.380,3.333,8000
2020-08-28 09:33:44.380,3.333,100
2020-08-28 09:33:44.380,3.333,10000
2020-08-28 09:33:44.380,3.333,30900
2020-08-28 09:33:44.380,3.334,100
2020-08-28 09:33:45.000,3.333,20000
2020-08-28 09:33:45.520,3.334,91700
2020-08-28 09:33:46.740,3.334,300000
2020-08-28 09:33:46.930,3.334,300000
2020-08-28 09:33:47.950,3.334,1700
2020-08-28 09:33:48.040,3.334,89900
2020-08-28 09:33:48.040,3.334,210100
2020-08-28 09:33:50.200,3.335,3000
2020-08-28 09:33:50.870,3.334,300000
2020-08-28 09:33:50.870,3.334,100000
2020-08-28 09:33:51.090,3.335,1000
2020-08-28 09:33:52.450,3.335,800
2020-08-28 09:33:55.070,3.335,600
2020-08-28 09:33:56.750,3.334,100
2020-08-28 09:33:57.520,3.335,400
2020-08-28 09:33:57.970,3.335,28200
2020-08-28 09:33:59.400,3.335,580700
2020-08-28 09:34:00.010,3.335,90
2020-08-28 09:34:01.680,3.336,1800
2020-08-28 09:34:01.680,3.336,5000
2020-08-28 09:34:01.680,3.336,5000
2020-08-28 09:34:01.680,3.336,6000
2020-08-28 09:34:02.140,3.336,12200
2020-08-28 09:34:02.510,3.336,22800
2020-08-28 09:34:03.960,3.336,20000
2020-08-28 09:34:04.360,3.336,244300
2020-08-28 09:34:04.360,3.335,55700
2020-08-28 09:34:05.890,3.335,235310
2020-08-28 09:34:05.890,3.335,6000
2020-08-28 09:34:05.890,3.335,58690
2020-08-28 09:34:06.730,3.336,1400
2020-08-28 09:34:07.070,3.336,100
2020-08-28 09:34:07.890,3.335,3300
2020-08-28 09:34:08.060,3.336,1400
2020-08-28 09:34:08.650,3.335,50000
2020-08-28 09:34:08.780,3.335,21010
2020-08-28 09:34:08.780,3.335,18990
2020-08-28 09:34:08.810,3.335,179010
2020-08-28 09:34:08.810,3.335,6000
2020-08-28 09:34:08.810,3.335,18800
2020-08-28 09:34:09.130,3.335,300
2020-08-28 09:34:09.860,3.334,2200
2020-08-28 09:34:09.860,3.334,800
2020-08-28 09:34:10.640,3.334,1200
2020-08-28 09:34:10.640,3.334,300
2020-08-28 09:34:10.640,3.334,1000
2020-08-28 09:34:10.640,3.333,2500
2020-08-28 09:34:11.860,3.336,100
2020-08-28 09:34:12.780,3.334,500
2020-08-28 09:34:13.210,3.334,1000
2020-08-28 09:34:14.990,3.334,5000
2020-08-28 09:34:18.260,3.334,2000
2020-08-28 09:34:21.180,3.334,25200
2020-08-28 09:34:21.330,3.334,10000
2020-08-28 09:34:22.440,3.333,10000
2020-08-28 09:34:22.850,3.334,10000
2020-08-28 09:34:22.850,3.334,3000
2020-08-28 09:34:23.700,3.333,3200
2020-08-28 09:34:24.210,3.334,10000
2020-08-28 09:34:24.420,3.333,3500
2020-08-28 09:34:24.530,3.334,100
2020-08-28 09:34:24.930,3.334,2000
2020-08-28 09:34:25.510,3.333,28000
2020-08-28 09:34:25.940,3.334,400
2020-08-28 09:34:29.070,3.334,5900
2020-08-28 09:34:29.650,3.333,300000
2020-08-28 09:34:31.600,3.334,900
2020-08-28 09:34:33.020,3.333,100000
2020-08-28 09:34:35.540,3.333,253100
2020-08-28 09:34:35.750,3.333,148800
2020-08-28 09:34:35.750,3.333,400
2020-08-28 09:34:35.750,3.333,9500
2020-08-28 09:34:36.360,3.333,500
2020-08-28 09:34:36.360,3.333,300
2020-08-28 09:34:36.360,3.333,3000
2020-08-28 09:34:36.360,3.333,300
2020-08-28 09:34:36.360,3.333,1200
2020-08-28 09:34:36.360,3.333,300
2020-08-28 09:34:37.040,3.333,1000
2020-08-28 09:34:37.040,3.333,2000
2020-08-28 09:34:41.550,3.333,500
2020-08-28 09:34:41.680,3.333,600
2020-08-28 09:34:42.080,3.332,3000
2020-08-28 09:34:42.360,3.332,2000
2020-08-28 09:34:42.720,3.333,300
2020-08-28 09:34:43.690,3.333,100
2020-08-28 09:34:45.290,3.333,4400
2020-08-28 09:34:45.790,3.333,4100
2020-08-28 09:34:48.200,3.333,900
2020-08-28 09:34:49.930,3.332,5000
2020-08-28 09:34:50.580,3.333,2000
2020-08-28 09:34:51.800,3.333,200
2020-08-28 09:34:53.040,3.332,2000
2020-08-28 09:34:53.040,3.332,2800
2020-08-28 09:34:53.040,3.332,2000
2020-08-28 09:34:53.040,3.332,200
2020-08-28 09:34:53.040,3.332,4900
2020-08-28 09:34:54.000,3.332,35100
2020-08-28 09:34:54.000,3.332,100
2020-08-28 09:34:54.000,3.332,100
2020-08-28 09:34:54.000,3.332,10000
2020-08-28 09:34:54.000,3.332,40000
2020-08-28 09:34:54.000,3.332,3000
2020-08-28 09:34:54.000,3.332,11700
2020-08-28 09:34:55.310,3.332,10000
2020-08-28 09:34:55.520,3.333,100
2020-08-28 09:34:55.670,3.333,6800
2020-08-28 09:34:55.670,3.333,2000
2020-08-28 09:34:57.060,3.333,5000
2020-08-28 09:35:02.030,3.334,2000
2020-08-28 09:35:02.310,3.333,10000
2020-08-28 09:35:03.550,3.333,30000
2020-08-28 09:35:05.660,3.334,22000
2020-08-28 09:35:05.660,3.334,800
2020-08-28 09:35:05.660,3.334,600
2020-08-28 09:35:05.660,3.334,2000
2020-08-28 09:35:05.660,3.334,1000
2020-08-28 09:35:06.150,3.335,13600
2020-08-28 09:35:06.250,3.333,2500
2020-08-28 09:35:06.250,3.333,1000
2020-08-28 09:35:08.530,3.334,1000
2020-08-28 09:35:08.970,3.335,36400
2020-08-28 09:35:08.970,3.335,3700
2020-08-28 09:35:08.970,3.335,50000
2020-08-28 09:35:10.830,3.335,4900
2020-08-28 09:35:12.790,3.335,2100
2020-08-28 09:35:13.540,3.336,9200
2020-08-28 09:35:13.540,3.336,3400
2020-08-28 09:35:13.540,3.336,1000
2020-08-28 09:35:13.540,3.336,1210
2020-08-28 09:35:13.540,3.336,10000
2020-08-28 09:35:13.540,3.336,15190
2020-08-28 09:35:15.010,3.335,37900
2020-08-28 09:35:15.010,3.335,30000
2020-08-28 09:35:15.010,3.335,32100
2020-08-28 09:35:15.940,3.335,100
2020-08-28 09:35:16.890,3.335,2200
2020-08-28 09:35:16.890,3.335,4900
2020-08-28 09:35:17.850,3.336,40000
2020-08-28 09:35:19.210,3.335,1900
2020-08-28 09:35:19.270,3.336,5000
2020-08-28 09:35:19.460,3.336,1300
2020-08-28 09:35:19.730,3.335,7200
2020-08-28 09:35:19.970,3.335,11300
2020-08-28 09:35:21.190,3.336,38510
2020-08-28 09:35:21.190,3.336,100
2020-08-28 09:35:26.540,3.337,300000
2020-08-28 09:35:27.690,3.337,100
2020-08-28 09:35:27.690,3.337,9900
2020-08-28 09:35:29.050,3.337,5900
2020-08-28 09:35:29.500,3.337,4200
2020-08-28 09:35:29.500,3.337,50000
2020-08-28 09:35:30.380,3.337,10000
2020-08-28 09:35:31.390,3.337,600
2020-08-28 09:35:33.290,3.337,17500
2020-08-28 09:35:33.290,3.337,100
2020-08-28 09:35:33.290,3.337,1000
2020-08-28 09:35:35.920,3.336,3000
2020-08-28 09:35:35.920,3.336,500
2020-08-28 09:35:35.920,3.336,40000
2020-08-28 09:35:37.550,3.336,2000
2020-08-28 09:35:38.070,3.336,3100
2020-08-28 09:35:38.640,3.336,10000
2020-08-28 09:35:41.740,3.336,1000
2020-08-28 09:35:44.980,3.336,500
2020-08-28 09:35:46.090,3.336,30000
2020-08-28 09:35:52.880,3.336,9900
2020-08-28 09:35:52.880,3.337,48200
2020-08-28 09:35:54.720,3.335,300
2020-08-28 09:35:54.720,3.335,2400
2020-08-28 09:35:54.720,3.335,1200
2020-08-28 09:35:54.720,3.335,3200
2020-08-28 09:35:54.720,3.335,1000
2020-08-28 09:35:56.930,3.336,33600
2020-08-28 09:35:56.930,3.335,500
2020-08-28 09:35:56.930,3.334,65900
2020-08-28 09:35:57.680,3.335,100
2020-08-28 09:35:58.170,3.336,2000
2020-08-28 09:35:58.170,3.335,1900
2020-08-28 09:35:58.760,3.335,28000
2020-08-28 09:35:59.350,3.336,6000
2020-08-28 09:36:09.680,3.334,2300
2020-08-28 09:36:10.440,3.335,1100
2020-08-28 09:36:10.440,3.335,700
2020-08-28 09:36:12.340,3.335,1000
2020-08-28 09:36:15.040,3.335,1700
2020-08-28 09:36:16.200,3.335,500
2020-08-28 09:36:17.940,3.334,100000
2020-08-28 09:36:19.540,3.334,10000
2020-08-28 09:36:19.700,3.335,4000
2020-08-28 09:36:22.430,3.335,4500
2020-08-28 09:36:23.500,3.335,3200
2020-08-28 09:36:24.090,3.335,100
2020-08-28 09:36:26.650,3.334,3700
2020-08-28 09:36:30.110,3.334,2000
2020-08-28 09:36:30.110,3.334,700
2020-08-28 09:36:30.560,3.335,2000
2020-08-28 09:36:30.850,3.335,2700
2020-08-28 09:36:30.970,3.334,5200
2020-08-28 09:36:30.970,3.334,400
2020-08-28 09:36:30.970,3.333,200
2020-08-28 09:36:30.970,3.333,2000
2020-08-28 09:36:30.970,3.333,9500
2020-08-28 09:36:30.970,3.333,3600
2020-08-28 09:36:30.970,3.333,29100
2020-08-28 09:36:38.000,3.334,11300
2020-08-28 09:36:38.000,3.334,100
2020-08-28 09:36:39.060,3.333,47100
2020-08-28 09:36:39.060,3.333,40000
2020-08-28 09:36:39.060,3.333,12900
2020-08-28 09:36:39.280,3.333,100
2020-08-28 09:36:40.620,3.334,40000
2020-08-28 09:36:41.670,3.334,35300
2020-08-28 09:36:41.670,3.334,20000
2020-08-28 09:36:44.250,3.335,269600
2020-08-28 09:36:44.250,3.335,12000
2020-08-28 09:36:44.250,3.335,18400
2020-08-28 09:36:44.900,3.335,6000
2020-08-28 09:36:45.640,3.335,600
2020-08-28 09:36:45.640,3.335,1000
2020-08-28 09:36:45.640,3.335,9900
2020-08-28 09:36:48.790,3.335,1500
2020-08-28 09:36:49.190,3.335,5000
2020-08-28 09:36:49.650,3.335,23500
2020-08-28 09:36:49.650,3.334,206500
2020-08-28 09:36:50.500,3.334,4000
2020-08-28 09:36:50.500,3.335,2000
2020-08-28 09:36:53.370,3.335,1000
2020-08-28 09:36:53.370,3.335,100
2020-08-28 09:36:57.030,3.336,1000
2020-08-28 09:36:57.030,3.336,10000
2020-08-28 09:36:57.030,3.336,1200
2020-08-28 09:36:57.030,3.336,10000
2020-08-28 09:36:57.030,3.336,10000
2020-08-28 09:36:57.030,3.336,2000
2020-08-28 09:36:57.590,3.336,10000
2020-08-28 09:36:57.660,3.336,1200
2020-08-28 09:36:58.060,3.336,6700
2020-08-28 09:36:58.120,3.336,2600
2020-08-28 09:37:00.070,3.336,100000
2020-08-28 09:37:00.500,3.336,2000
2020-08-28 09:37:00.620,3.336,30000
2020-08-28 09:37:00.980,3.337,10000
2020-08-28 09:37:00.980,3.337,1000
2020-08-28 09:37:00.980,3.337,2000
2020-08-28 09:37:00.980,3.337,45700
2020-08-28 09:37:00.980,3.337,10000
2020-08-28 09:37:00.980,3.337,831300
2020-08-28 09:37:01.310,3.336,1000
2020-08-28 09:37:02.530,3.337,168700
2020-08-28 09:37:02.530,3.337,1000
2020-08-28 09:37:02.560,3.337,5000
2020-08-28 09:37:04.480,3.337,300
2020-08-28 09:37:04.720,3.337,300
2020-08-28 09:37:09.700,3.337,480
2020-08-28 09:37:10.750,3.337,300000
2020-08-28 09:37:10.830,3.338,4051
2020-08-28 09:37:10.830,3.338,949
2020-08-28 09:37:11.080,3.337,10000
2020-08-28 09:37:11.080,3.337,300000
2020-08-28 09:37:11.910,3.337,114220
2020-08-28 09:37:11.910,3.337,2100
2020-08-28 09:37:11.910,3.337,7000
2020-08-28 09:37:11.910,3.337,176680
2020-08-28 09:37:12.230,3.338,600
2020-08-28 09:37:13.870,3.338,100
2020-08-28 09:37:13.930,3.337,1000
2020-08-28 09:37:15.610,3.337,10000
2020-08-28 09:37:16.180,3.338,28351
2020-08-28 09:37:16.180,3.338,1500
2020-08-28 09:37:16.180,3.338,10000
2020-08-28 09:37:16.180,3.338,500
2020-08-28 09:37:16.180,3.338,10000
2020-08-28 09:37:16.180,3.338,10689
2020-08-28 09:37:16.180,3.338,20000
2020-08-28 09:37:16.180,3.338,100
2020-08-28 09:37:16.180,3.338,100
2020-08-28 09:37:16.180,3.338,800
2020-08-28 09:37:16.180,3.338,150000
2020-08-28 09:37:19.330,3.339,3000
2020-08-28 09:37:19.330,3.339,3000
2020-08-28 09:37:19.900,3.338,200
2020-08-28 09:37:20.410,3.339,57000
2020-08-28 09:37:20.410,3.339,30000
2020-08-28 09:37:20.410,3.339,10000
2020-08-28 09:37:20.410,3.339,500
2020-08-28 09:37:20.410,3.339,300
2020-08-28 09:37:20.410,3.339,10000
2020-08-28 09:37:20.410,3.339,400
2020-08-28 09:37:20.410,3.339,50000
2020-08-28 09:37:20.410,3.339,1000
2020-08-28 09:37:20.410,3.339,100
2020-08-28 09:37:21.130,3.339,100000
2020-08-28 09:37:21.310,3.339,400
2020-08-28 09:37:21.880,3.339,500
2020-08-28 09:37:24.440,3.339,12100
2020-08-28 09:37:26.640,3.339,27700
2020-08-28 09:37:28.090,3.339,100
2020-08-28 09:37:28.310,3.339,5000
2020-08-28 09:37:28.370,3.338,10000
2020-08-28 09:37:28.430,3.339,7000
2020-08-28 09:37:29.790,3.34,500
2020-08-28 09:37:29.860,3.339,2362
2020-08-28 09:37:29.980,3.34,4500
2020-08-28 09:37:29.980,3.34,500
2020-08-28 09:37:29.980,3.34,4700
2020-08-28 09:37:30.630,3.339,2900
2020-08-28 09:37:33.260,3.34,1500
2020-08-28 09:37:34.190,3.339,6700
2020-08-28 09:37:34.510,3.34,100
2020-08-28 09:37:34.540,3.339,5000
2020-08-28 09:37:34.660,3.34,3700
2020-08-28 09:37:34.660,3.34,1500
2020-08-28 09:37:34.660,3.34,4800
2020-08-28 09:37:36.180,3.34,700
2020-08-28 09:37:36.480,3.34,1000
2020-08-28 09:37:36.680,3.339,6038
2020-08-28 09:37:36.680,3.339,293962
2020-08-28 09:37:36.740,3.34,3000
2020-08-28 09:37:37.290,3.339,6038
2020-08-28 09:37:37.290,3.339,5900
2020-08-28 09:37:37.290,3.339,30000
2020-08-28 09:37:41.870,3.339,258062
2020-08-28 09:37:41.870,3.339,251900
2020-08-28 09:37:42.120,3.339,100000
2020-08-28 09:37:43.600,3.34,100
2020-08-28 09:37:50.180,3.34,400
2020-08-28 09:37:50.180,3.34,700
2020-08-28 09:37:50.180,3.339,7000
2020-08-28 09:37:51.150,3.34,4300
2020-08-28 09:37:51.150,3.34,100
2020-08-28 09:37:51.150,3.34,600
2020-08-28 09:37:52.840,3.34,1400
2020-08-28 09:37:52.840,3.34,6000
2020-08-28 09:37:52.840,3.34,500
2020-08-28 09:37:52.840,3.34,3000
2020-08-28 09:37:52.840,3.34,1000
2020-08-28 09:37:52.840,3.34,200000
2020-08-28 09:37:52.840,3.34,5000
2020-08-28 09:37:52.840,3.34,10000
2020-08-28 09:37:52.840,3.34,500
2020-08-28 09:37:52.840,3.34,100
2020-08-28 09:37:52.840,3.34,15000
2020-08-28 09:37:52.840,3.34,100
2020-08-28 09:37:52.840,3.34,5000
2020-08-28 09:37:52.840,3.34,3900
2020-08-28 09:37:52.840,3.34,1000
2020-08-28 09:37:52.840,3.34,100
2020-08-28 09:37:52.840,3.34,200
2020-08-28 09:37:52.840,3.34,500
2020-08-28 09:37:52.840,3.34,400
2020-08-28 09:37:52.840,3.34,59800
2020-08-28 09:37:52.840,3.34,5000
2020-08-28 09:37:52.840,3.34,10000
2020-08-28 09:37:52.840,3.34,3000
2020-08-28 09:37:53.320,3.34,22400
2020-08-28 09:37:55.670,3.341,86700
2020-08-28 09:37:55.670,3.341,5000
2020-08-28 09:37:55.670,3.341,10000
2020-08-28 09:37:55.670,3.341,500
2020-08-28 09:37:55.670,3.341,16100
2020-08-28 09:37:55.670,3.341,5000
2020-08-28 09:37:55.670,3.341,5000
2020-08-28 09:37:55.670,3.341,100
2020-08-28 09:37:55.670,3.341,200
2020-08-28 09:37:55.670,3.341,500
2020-08-28 09:37:55.670,3.341,10000
2020-08-28 09:37:55.670,3.341,600
2020-08-28 09:37:55.670,3.341,10000
2020-08-28 09:37:55.670,3.342,5200
2020-08-28 09:37:55.670,3.342,100
2020-08-28 09:37:55.670,3.342,300
2020-08-28 09:37:55.670,3.342,6800
2020-08-28 09:37:55.670,3.342,800
2020-08-28 09:37:55.670,3.342,4800
2020-08-28 09:37:55.670,3.342,100
2020-08-28 09:37:55.670,3.342,600
2020-08-28 09:37:55.670,3.342,400
2020-08-28 09:37:55.670,3.342,13800
2020-08-28 09:37:55.670,3.342,300
2020-08-28 09:37:55.670,3.342,3000
2020-08-28 09:37:55.670,3.342,37200
2020-08-28 09:37:55.670,3.342,100
2020-08-28 09:37:55.670,3.342,8400
2020-08-28 09:37:55.670,3.342,5000
2020-08-28 09:37:55.670,3.342,120000
2020-08-28 09:37:55.670,3.342,24800
2020-08-28 09:37:55.670,3.342,1000
2020-08-28 09:37:55.670,3.342,500
2020-08-28 09:37:55.670,3.342,600
2020-08-28 09:37:55.670,3.342,6500
2020-08-28 09:37:55.670,3.342,50000
2020-08-28 09:37:55.670,3.342,5000
2020-08-28 09:37:55.670,3.342,1000
2020-08-28 09:37:55.670,3.342,200
2020-08-28 09:37:55.670,3.342,10000
2020-08-28 09:37:55.670,3.342,500
2020-08-28 09:37:55.670,3.342,1000
2020-08-28 09:37:55.670,3.342,5000
2020-08-28 09:37:55.670,3.342,6000
2020-08-28 09:37:55.670,3.342,93000
2020-08-28 09:37:55.820,3.342,600
2020-08-28 09:37:57.860,3.342,300000
2020-08-28 09:37:58.030,3.342,37700
2020-08-28 09:37:59.120,3.342,6000
2020-08-28 09:38:01.680,3.342,40000
2020-08-28 09:38:01.680,3.342,40000
2020-08-28 09:38:01.680,3.342,203100
2020-08-28 09:38:01.710,3.341,300000
2020-08-28 09:38:03.970,3.341,300
2020-08-28 09:38:04.880,3.341,3700
2020-08-28 09:38:05.030,3.341,96000
2020-08-28 09:38:07.080,3.342,600
2020-08-28 09:38:09.310,3.341,50000
2020-08-28 09:38:09.430,3.342,100
2020-08-28 09:38:12.450,3.342,5000
2020-08-28 09:38:12.720,3.342,600
2020-08-28 09:38:12.740,3.342,90600
2020-08-28 09:38:12.740,3.342,2000
2020-08-28 09:38:12.740,3.342,40000
2020-08-28 09:38:12.740,3.342,500
2020-08-28 09:38:12.740,3.342,20000
2020-08-28 09:38:12.740,3.342,40000
2020-08-28 09:38:12.840,3.342,300000
2020-08-28 09:38:13.060,3.342,51000
2020-08-28 09:38:13.920,3.342,500
2020-08-28 09:38:14.380,3.343,500
2020-08-28 09:38:14.380,3.343,34700
2020-08-28 09:38:15.240,3.342,35000
2020-08-28 09:38:15.840,3.342,18800
2020-08-28 09:38:16.450,3.341,2000
2020-08-28 09:38:18.530,3.341,28000
2020-08-28 09:38:18.530,3.341,5000
2020-08-28 09:38:18.530,3.341,17000
2020-08-28 09:38:20.010,3.341,120000
2020-08-28 09:38:21.720,3.341,5000
2020-08-28 09:38:23.310,3.342,30000
2020-08-28 09:38:23.310,3.342,300000
2020-08-28 09:38:23.310,3.342,53800
2020-08-28 09:38:23.310,3.342,3200
2020-08-28 09:38:23.310,3.342,40000
2020-08-28 09:38:23.310,3.342,73000
2020-08-28 09:38:24.060,3.341,100000
2020-08-28 09:38:24.270,3.342,3100
2020-08-28 09:38:24.440,3.342,400
2020-08-28 09:38:24.640,3.341,300000
2020-08-28 09:38:25.210,3.341,300000
2020-08-28 09:38:26.460,3.341,300
2020-08-28 09:38:27.070,3.341,57700
2020-08-28 09:38:27.750,3.341,3400
2020-08-28 09:38:28.540,3.341,2000
2020-08-28 09:38:29.040,3.341,5900
2020-08-28 09:38:31.820,3.341,700
2020-08-28 09:38:33.150,3.341,230300
2020-08-28 09:38:33.150,3.341,300000
2020-08-28 09:38:33.310,3.341,19700
2020-08-28 09:38:33.940,3.341,10300
2020-08-28 09:38:33.940,3.341,100000
2020-08-28 09:38:35.230,3.341,100000
2020-08-28 09:38:35.740,3.341,4000
2020-08-28 09:38:35.940,3.341,500
2020-08-28 09:38:37.630,3.341,200
2020-08-28 09:38:38.340,3.341,500
2020-08-28 09:38:38.470,3.341,10000
2020-08-28 09:38:39.870,3.341,10000
2020-08-28 09:38:40.080,3.341,10000
2020-08-28 09:38:41.750,3.341,1000
2020-08-28 09:38:42.020,3.342,1000
2020-08-28 09:38:42.360,3.342,299000
2020-08-28 09:38:42.360,3.342,10000
2020-08-28 09:38:42.360,3.342,1000
2020-08-28 09:38:42.360,3.342,30000
2020-08-28 09:38:42.360,3.342,560000
2020-08-28 09:38:43.200,3.341,100
2020-08-28 09:38:44.200,3.342,1000
2020-08-28 09:38:44.610,3.342,318900
2020-08-28 09:38:44.610,3.342,500
2020-08-28 09:38:44.610,3.342,100000
2020-08-28 09:38:44.610,3.342,1000
2020-08-28 09:38:44.610,3.342,10000
2020-08-28 09:38:45.050,3.342,100000
2020-08-28 09:38:46.140,3.342,20000
2020-08-28 09:38:46.230,3.342,10000
2020-08-28 09:38:46.960,3.342,8000
2020-08-28 09:38:47.280,3.342,5000
2020-08-28 09:38:47.310,3.342,100
2020-08-28 09:38:47.550,3.343,3500
2020-08-28 09:38:49.150,3.342,500
2020-08-28 09:38:49.570,3.342,500
2020-08-28 09:38:50.150,3.342,100
2020-08-28 09:38:54.760,3.343,10000
2020-08-28 09:38:54.760,3.342,272600
2020-08-28 09:38:55.220,3.342,1000
2020-08-28 09:38:55.280,3.342,4000
2020-08-28 09:38:55.280,3.343,6000
2020-08-28 09:38:55.870,3.343,5000
2020-08-28 09:38:56.260,3.342,100
2020-08-28 09:38:56.900,3.343,40800
2020-08-28 09:38:56.900,3.343,100
2020-08-28 09:38:56.900,3.343,2000
2020-08-28 09:38:56.900,3.343,10000
2020-08-28 09:38:56.900,3.343,20000
2020-08-28 09:38:56.900,3.343,21100
2020-08-28 09:38:56.900,3.343,10600
2020-08-28 09:38:56.900,3.343,800
2020-08-28 09:38:56.900,3.343,20000
2020-08-28 09:38:56.900,3.343,37700
2020-08-28 09:38:56.900,3.343,900
2020-08-28 09:38:56.900,3.343,1000
2020-08-28 09:38:56.900,3.343,6500
2020-08-28 09:38:56.900,3.343,100
2020-08-28 09:38:56.900,3.343,5900
2020-08-28 09:38:56.900,3.343,600
2020-08-28 09:38:56.900,3.343,3000
2020-08-28 09:38:56.900,3.343,3000
2020-08-28 09:38:56.900,3.343,40000
2020-08-28 09:38:56.900,3.343,8000
2020-08-28 09:38:56.900,3.343,300000
2020-08-28 09:38:56.900,3.343,3500
2020-08-28 09:38:56.900,3.343,150000
2020-08-28 09:38:56.900,3.343,40000
2020-08-28 09:38:56.900,3.343,100
2020-08-28 09:38:56.900,3.343,36100
2020-08-28 09:38:56.900,3.343,1000
2020-08-28 09:38:58.830,3.343,1000
2020-08-28 09:38:58.980,3.343,4000
2020-08-28 09:38:59.440,3.343,50000
2020-08-28 09:39:00.740,3.343,82200
2020-08-28 09:39:00.740,3.343,55000
2020-08-28 09:39:01.140,3.343,500
2020-08-28 09:39:01.470,3.343,5000
2020-08-28 09:39:01.560,3.343,100
2020-08-28 09:39:01.560,3.343,500
2020-08-28 09:39:01.840,3.343,11900
2020-08-28 09:39:01.840,3.343,6000
2020-08-28 09:39:01.840,3.343,282100
2020-08-28 09:39:02.970,3.343,500
2020-08-28 09:39:03.620,3.343,306100
2020-08-28 09:39:04.210,3.344,1400
2020-08-28 09:39:04.360,3.343,210000
2020-08-28 09:39:04.900,3.343,1200
2020-08-28 09:39:05.060,3.343,3800
2020-08-28 09:39:05.210,3.343,2200
2020-08-28 09:39:06.130,3.342,29900
2020-08-28 09:39:06.130,3.342,70100
2020-08-28 09:39:08.450,3.343,7600
2020-08-28 09:39:09.450,3.343,290200
2020-08-28 09:39:09.450,3.343,40000
2020-08-28 09:39:09.450,3.343,29800
2020-08-28 09:39:12.340,3.342,30800
2020-08-28 09:39:12.620,3.343,200
2020-08-28 09:39:12.620,3.343,4800
2020-08-28 09:39:13.600,3.342,2500
2020-08-28 09:39:15.280,3.342,9000
2020-08-28 09:39:16.810,3.343,200
2020-08-28 09:39:16.810,3.343,4800
2020-08-28 09:39:17.780,3.343,7400
2020-08-28 09:39:19.470,3.342,30000
2020-08-28 09:39:19.900,3.342,15000
2020-08-28 09:39:20.550,3.342,6000
2020-08-28 09:39:21.030,3.342,20000
2020-08-28 09:39:21.150,3.343,500
2020-08-28 09:39:21.330,3.342,2000
2020-08-28 09:39:23.500,3.343,300
2020-08-28 09:39:24.260,3.342,6000
2020-08-28 09:39:24.260,3.342,8000
2020-08-28 09:39:24.260,3.342,86000
2020-08-28 09:39:27.010,3.343,100
2020-08-28 09:39:27.200,3.342,100000
2020-08-28 09:39:28.470,3.343,300000
2020-08-28 09:39:28.740,3.343,6900
2020-08-28 09:39:29.000,3.343,180000
2020-08-28 09:39:29.000,3.343,3000
2020-08-28 09:39:29.000,3.343,100000
2020-08-28 09:39:29.000,3.343,100
2020-08-28 09:39:29.000,3.343,300
2020-08-28 09:39:29.000,3.343,100000
2020-08-28 09:39:29.000,3.343,6000
2020-08-28 09:39:29.000,3.343,500
2020-08-28 09:39:29.000,3.343,10000
2020-08-28 09:39:29.000,3.343,500
2020-08-28 09:39:29.000,3.343,30000
2020-08-28 09:39:29.000,3.343,1000
2020-08-28 09:39:29.000,3.343,23000
2020-08-28 09:39:29.000,3.343,10000
2020-08-28 09:39:29.790,3.343,4000
2020-08-28 09:39:30.100,3.343,300
2020-08-28 09:39:30.450,3.343,20000
2020-08-28 09:39:31.190,3.343,2500
2020-08-28 09:39:32.520,3.343,10000
2020-08-28 09:39:33.320,3.343,10000
2020-08-28 09:39:34.010,3.343,2200
2020-08-28 09:39:34.010,3.343,5000
2020-08-28 09:39:35.920,3.344,1400
2020-08-28 09:39:36.880,3.343,5000
2020-08-28 09:39:37.990,3.344,3200
2020-08-28 09:39:37.990,3.344,200
2020-08-28 09:39:37.990,3.344,100
2020-08-28 09:39:37.990,3.344,1000
2020-08-28 09:39:37.990,3.344,500
2020-08-28 09:39:37.990,3.344,700
2020-08-28 09:39:37.990,3.344,500
2020-08-28 09:39:37.990,3.344,6500
2020-08-28 09:39:37.990,3.344,3000
2020-08-28 09:39:37.990,3.344,2000
2020-08-28 09:39:37.990,3.344,1500
2020-08-28 09:39:37.990,3.344,5000
2020-08-28 09:39:37.990,3.344,66000
2020-08-28 09:39:38.260,3.344,1500
2020-08-28 09:39:40.260,3.343,45000
2020-08-28 09:39:40.470,3.343,10000
2020-08-28 09:39:41.710,3.343,200
2020-08-28 09:39:43.890,3.344,10000
2020-08-28 09:39:44.080,3.343,2900
2020-08-28 09:39:44.710,3.344,700
2020-08-28 09:39:45.040,3.343,300000
2020-08-28 09:39:45.230,3.343,18500
2020-08-28 09:39:45.230,3.343,400
2020-08-28 09:39:45.230,3.343,30000
2020-08-28 09:39:45.230,3.343,500
2020-08-28 09:39:45.350,3.343,10600
2020-08-28 09:39:45.350,3.344,68200
2020-08-28 09:39:46.960,3.343,300
2020-08-28 09:39:47.840,3.343,299700
2020-08-28 09:39:47.840,3.343,10000
2020-08-28 09:39:48.120,3.344,153600
2020-08-28 09:39:48.120,3.344,20000
2020-08-28 09:39:48.120,3.344,100
2020-08-28 09:39:48.120,3.344,500
2020-08-28 09:39:48.120,3.344,3000
2020-08-28 09:39:48.120,3.344,20000
2020-08-28 09:39:48.120,3.344,10000
2020-08-28 09:39:48.120,3.344,10000
2020-08-28 09:39:48.120,3.344,8000
2020-08-28 09:39:48.120,3.344,25000
2020-08-28 09:39:48.120,3.344,10000
2020-08-28 09:39:48.120,3.344,2000
2020-08-28 09:39:48.120,3.344,500
2020-08-28 09:39:48.120,3.344,9100
2020-08-28 09:39:48.190,3.344,100000
2020-08-28 09:39:49.370,3.344,300000
2020-08-28 09:39:49.430,3.344,100
2020-08-28 09:39:49.460,3.344,228100
2020-08-28 09:39:49.550,3.343,5900
2020-08-28 09:39:50.580,3.343,500
2020-08-28 09:39:50.730,3.343,65500
2020-08-28 09:39:50.730,3.344,10000
2020-08-28 09:39:50.730,3.344,300
2020-08-28 09:39:50.730,3.344,4200
2020-08-28 09:39:52.630,3.344,800
2020-08-28 09:39:52.630,3.344,2200
2020-08-28 09:39:53.550,3.343,10000
2020-08-28 09:39:53.550,3.342,10000
2020-08-28 09:39:54.750,3.344,1000
2020-08-28 09:39:55.690,3.344,1600
2020-08-28 09:39:55.690,3.344,3200
2020-08-28 09:39:55.690,3.344,5000
2020-08-28 09:39:55.690,3.345,4000
2020-08-28 09:39:55.690,3.345,300
2020-08-28 09:39:55.690,3.345,100
2020-08-28 09:39:55.690,3.345,1000
2020-08-28 09:39:55.690,3.345,100
2020-08-28 09:39:55.690,3.345,500
2020-08-28 09:39:55.690,3.345,100
2020-08-28 09:39:55.690,3.345,400
2020-08-28 09:39:55.690,3.345,100
2020-08-28 09:39:55.690,3.345,200
2020-08-28 09:39:55.690,3.345,10000
2020-08-28 09:39:55.690,3.345,3000
2020-08-28 09:39:55.690,3.345,1500
2020-08-28 09:39:55.690,3.345,3900
2020-08-28 09:39:58.030,3.344,1000
2020-08-28 09:39:58.030,3.344,10000
2020-08-28 09:39:58.030,3.344,800
2020-08-28 09:39:58.140,3.344,2000
2020-08-28 09:39:59.100,3.344,6000
2020-08-28 09:40:00.080,3.344,2000
2020-08-28 09:40:03.080,3.344,1000
2020-08-28 09:40:03.300,3.343,600
2020-08-28 09:40:04.280,3.344,17200
2020-08-28 09:40:04.280,3.344,6000
2020-08-28 09:40:04.280,3.344,5000
2020-08-28 09:40:04.280,3.344,300000
2020-08-28 09:40:04.280,3.344,1400
2020-08-28 09:40:04.280,3.344,1900
2020-08-28 09:40:04.280,3.344,3100
2020-08-28 09:40:04.280,3.344,30000
2020-08-28 09:40:04.280,3.344,30000
2020-08-28 09:40:04.280,3.344,3700
2020-08-28 09:40:04.280,3.344,10000
2020-08-28 09:40:05.370,3.344,40000
2020-08-28 09:40:05.370,3.344,5000
2020-08-28 09:40:05.430,3.344,40000
2020-08-28 09:40:07.380,3.344,100
2020-08-28 09:40:07.670,3.344,221200
2020-08-28 09:40:07.670,3.344,100
2020-08-28 09:40:07.730,3.344,600
2020-08-28 09:40:08.600,3.344,1600
2020-08-28 09:40:09.030,3.344,7700
2020-08-28 09:40:09.250,3.343,30800
2020-08-28 09:40:09.250,3.343,69200
2020-08-28 09:40:09.410,3.343,30000
2020-08-28 09:40:10.850,3.344,200
2020-08-28 09:40:13.230,3.344,3300
2020-08-28 09:40:13.490,3.343,100
2020-08-28 09:40:13.550,3.344,20000
2020-08-28 09:40:13.580,3.343,100
2020-08-28 09:40:13.580,3.343,3000
2020-08-28 09:40:14.500,3.343,3000
2020-08-28 09:40:14.500,3.343,1200
2020-08-28 09:40:15.540,3.343,700
2020-08-28 09:40:19.150,3.343,1900
2020-08-28 09:40:19.150,3.343,600
2020-08-28 09:40:19.150,3.343,1700
2020-08-28 09:40:19.970,3.343,3300
2020-08-28 09:40:19.970,3.343,30000
2020-08-28 09:40:21.100,3.344,1500
2020-08-28 09:40:22.240,3.344,6200
2020-08-28 09:40:22.240,3.344,5000
2020-08-28 09:40:22.240,3.344,5000
2020-08-28 09:40:22.240,3.344,1500
2020-08-28 09:40:22.240,3.344,10000
2020-08-28 09:40:22.240,3.344,200
2020-08-28 09:40:22.240,3.344,300
2020-08-28 09:40:24.140,3.344,100000
2020-08-28 09:40:24.470,3.344,1700
2020-08-28 09:40:24.840,3.344,3500
2020-08-28 09:40:25.890,3.344,100
2020-08-28 09:40:26.400,3.344,200
2020-08-28 09:40:26.650,3.344,45000
2020-08-28 09:40:27.840,3.344,49900
2020-08-28 09:40:28.330,3.344,5000
2020-08-28 09:40:28.420,3.344,500
2020-08-28 09:40:30.170,3.344,100000
2020-08-28 09:40:30.170,3.344,100000
2020-08-28 09:40:31.100,3.344,15300
2020-08-28 09:40:31.510,3.344,1000
2020-08-28 09:40:32.000,3.344,50000
2020-08-28 09:40:32.280,3.344,4000
2020-08-28 09:40:33.120,3.345,6100
2020-08-28 09:40:33.120,3.345,5000
2020-08-28 09:40:33.120,3.345,6500
2020-08-28 09:40:33.120,3.345,20000
2020-08-28 09:40:33.120,3.345,15000
2020-08-28 09:40:33.120,3.345,500
2020-08-28 09:40:33.120,3.345,3600
2020-08-28 09:40:33.120,3.345,12600
2020-08-28 09:40:33.120,3.345,500
2020-08-28 09:40:33.120,3.345,100000
2020-08-28 09:40:33.120,3.345,1400
2020-08-28 09:40:33.120,3.345,1000
2020-08-28 09:40:33.120,3.345,5000
2020-08-28 09:40:33.120,3.345,200
2020-08-28 09:40:33.120,3.345,10000
2020-08-28 09:40:33.120,3.345,1100
2020-08-28 09:40:33.120,3.345,300000
2020-08-28 09:40:33.120,3.345,100
2020-08-28 09:40:33.120,3.345,500
2020-08-28 09:40:33.120,3.345,8000
2020-08-28 09:40:33.120,3.345,5000
2020-08-28 09:40:33.120,3.345,10000
2020-08-28 09:40:33.120,3.345,500
2020-08-28 09:40:33.120,3.345,1000
2020-08-28 09:40:33.120,3.345,20000
2020-08-28 09:40:33.120,3.345,10000
2020-08-28 09:40:33.120,3.345,300
2020-08-28 09:40:33.120,3.345,10000
2020-08-28 09:40:33.120,3.345,1000
2020-08-28 09:40:33.120,3.345,2000
2020-08-28 09:40:35.520,3.345,3100
2020-08-28 09:40:35.550,3.345,10000
2020-08-28 09:40:36.340,3.346,6000
2020-08-28 09:40:36.340,3.346,43300
2020-08-28 09:40:36.340,3.346,100
2020-08-28 09:40:36.340,3.346,600
2020-08-28 09:40:37.260,3.345,10000
2020-08-28 09:40:38.550,3.345,5000
2020-08-28 09:40:38.580,3.345,3000
2020-08-28 09:40:39.580,3.345,100
2020-08-28 09:40:41.840,3.345,800
2020-08-28 09:40:42.230,3.345,3000
2020-08-28 09:40:42.600,3.345,2600
2020-08-28 09:40:42.630,3.345,16300
2020-08-28 09:40:43.330,3.345,289200
2020-08-28 09:40:43.330,3.345,10800
2020-08-28 09:40:43.360,3.346,400
2020-08-28 09:40:43.360,3.346,500
2020-08-28 09:40:43.360,3.346,500
2020-08-28 09:40:43.360,3.346,2500
2020-08-28 09:40:44.220,3.345,63900
2020-08-28 09:40:44.260,3.345,7300
2020-08-28 09:40:44.410,3.345,300
2020-08-28 09:40:46.080,3.345,217700
2020-08-28 09:40:46.080,3.345,82300
2020-08-28 09:40:46.180,3.345,500
2020-08-28 09:40:48.740,3.346,1100
2020-08-28 09:40:49.290,3.346,1400
2020-08-28 09:40:49.290,3.346,500
2020-08-28 09:40:49.290,3.346,4000
2020-08-28 09:40:49.780,3.345,100
2020-08-28 09:40:50.480,3.345,90000
2020-08-28 09:40:51.190,3.345,29000
2020-08-28 09:40:51.340,3.346,1000
2020-08-28 09:40:51.340,3.346,6500
2020-08-28 09:40:51.340,3.346,500
2020-08-28 09:40:51.340,3.346,2000
2020-08-28 09:40:52.030,3.346,1600
2020-08-28 09:40:53.630,3.346,4400
2020-08-28 09:40:53.630,3.346,300
2020-08-28 09:40:53.630,3.346,1000
2020-08-28 09:40:53.630,3.346,10000
2020-08-28 09:40:53.630,3.346,5000
2020-08-28 09:40:53.630,3.346,20000
2020-08-28 09:40:53.630,3.346,45100
2020-08-28 09:40:53.810,3.345,298100
2020-08-28 09:40:53.810,3.345,1900
2020-08-28 09:40:54.620,3.346,10000
2020-08-28 09:40:55.120,3.345,800
2020-08-28 09:40:55.370,3.346,30000
2020-08-28 09:40:55.790,3.345,90000
2020-08-28 09:40:57.060,3.346,12100
2020-08-28 09:40:57.650,3.346,300
2020-08-28 09:40:57.650,3.346,202500
2020-08-28 09:40:57.650,3.346,5000
2020-08-28 09:40:57.650,3.346,5500
2020-08-28 09:40:57.650,3.346,19500
2020-08-28 09:40:57.650,3.346,1000
2020-08-28 09:40:57.650,3.346,5000
2020-08-28 09:40:57.650,3.346,900
2020-08-28 09:40:57.650,3.346,1500
2020-08-28 09:40:57.650,3.346,5000
2020-08-28 09:40:57.650,3.346,100
2020-08-28 09:40:57.650,3.346,34000
2020-08-28 09:40:58.490,3.346,40000
2020-08-28 09:40:58.560,3.346,26000
2020-08-28 09:40:58.830,3.347,3000
2020-08-28 09:40:58.830,3.347,10000
2020-08-28 09:40:58.830,3.347,1000
2020-08-28 09:40:58.830,3.347,100
2020-08-28 09:40:58.830,3.347,1000
2020-08-28 09:40:58.830,3.347,500
2020-08-28 09:40:58.830,3.347,300
2020-08-28 09:40:58.830,3.347,200
2020-08-28 09:40:58.830,3.347,40000
2020-08-28 09:40:58.830,3.347,6500
2020-08-28 09:40:58.830,3.347,10000
2020-08-28 09:40:58.830,3.347,2000
2020-08-28 09:40:58.830,3.347,2200
2020-08-28 09:40:58.830,3.347,20000
2020-08-28 09:40:58.830,3.347,2000
2020-08-28 09:40:58.830,3.347,201200
2020-08-28 09:40:58.910,3.346,4000
2020-08-28 09:40:59.180,3.346,30000
2020-08-28 09:40:59.960,3.346,1000
2020-08-28 09:41:01.550,3.346,50000
2020-08-28 09:41:02.030,3.346,10200
2020-08-28 09:41:04.820,3.346,1600
2020-08-28 09:41:07.770,3.347,16600
2020-08-28 09:41:08.360,3.347,82200
2020-08-28 09:41:08.360,3.347,5000
2020-08-28 09:41:08.360,3.347,40000
2020-08-28 09:41:08.360,3.347,3000
2020-08-28 09:41:08.360,3.347,200
2020-08-28 09:41:08.360,3.347,2000
2020-08-28 09:41:08.360,3.347,50000
2020-08-28 09:41:08.360,3.347,3000
2020-08-28 09:41:08.670,3.347,90000
2020-08-28 09:41:10.020,3.347,100
2020-08-28 09:41:10.230,3.347,15100
2020-08-28 09:41:10.420,3.348,100
2020-08-28 09:41:10.540,3.347,1000
2020-08-28 09:41:11.270,3.347,8400
2020-08-28 09:41:11.270,3.347,24400
2020-08-28 09:41:11.320,3.347,8000
2020-08-28 09:41:12.260,3.347,7600
2020-08-28 09:41:12.260,3.347,4400
2020-08-28 09:41:12.290,3.347,5000
2020-08-28 09:41:13.890,3.348,10900
2020-08-28 09:41:13.890,3.348,1200
2020-08-28 09:41:17.270,3.347,3000
2020-08-28 09:41:17.660,3.348,4800
2020-08-28 09:41:17.660,3.348,200
2020-08-28 09:41:17.660,3.348,100
2020-08-28 09:41:17.660,3.348,900
2020-08-28 09:41:17.750,3.347,2100
2020-08-28 09:41:18.440,3.348,100
2020-08-28 09:41:18.440,3.348,500
2020-08-28 09:41:18.440,3.348,100
2020-08-28 09:41:18.440,3.348,500
2020-08-28 09:41:19.230,3.348,100
2020-08-28 09:41:19.230,3.348,5900
2020-08-28 09:41:19.390,3.347,1000
2020-08-28 09:41:19.970,3.348,86000
2020-08-28 09:41:19.970,3.348,13000
2020-08-28 09:41:19.970,3.348,1500
2020-08-28 09:41:19.970,3.348,1000
2020-08-28 09:41:19.970,3.348,6500
2020-08-28 09:41:19.970,3.348,1500
2020-08-28 09:41:19.970,3.348,10000
2020-08-28 09:41:19.970,3.348,10000
2020-08-28 09:41:19.970,3.348,2200
2020-08-28 09:41:19.970,3.348,10000
2020-08-28 09:41:19.970,3.348,18500
2020-08-28 09:41:19.970,3.348,5000
2020-08-28 09:41:19.970,3.348,5000
2020-08-28 09:41:19.970,3.348,10200
2020-08-28 09:41:19.970,3.348,9600
2020-08-28 09:41:20.030,3.347,6000
2020-08-28 09:41:20.060,3.348,260000
2020-08-28 09:41:20.150,3.347,2000
2020-08-28 09:41:20.150,3.348,230400
2020-08-28 09:41:20.150,3.348,40000
2020-08-28 09:41:20.150,3.348,7000
2020-08-28 09:41:20.150,3.348,100
2020-08-28 09:41:20.150,3.348,10000
2020-08-28 09:41:20.150,3.348,12500
2020-08-28 09:41:20.860,3.348,37500
2020-08-28 09:41:20.860,3.348,2200
2020-08-28 09:41:21.530,3.348,84400
2020-08-28 09:41:21.990,3.348,200
2020-08-28 09:41:22.760,3.349,100
2020-08-28 09:41:22.760,3.349,1000
2020-08-28 09:41:22.760,3.349,500
2020-08-28 09:41:22.760,3.349,1000
2020-08-28 09:41:22.760,3.349,300
2020-08-28 09:41:22.760,3.349,10000
2020-08-28 09:41:22.760,3.349,5000
2020-08-28 09:41:22.760,3.349,500
2020-08-28 09:41:22.760,3.349,3000
2020-08-28 09:41:22.760,3.349,6500
2020-08-28 09:41:22.760,3.349,400
2020-08-28 09:41:22.760,3.349,10000
2020-08-28 09:41:22.760,3.349,1000
2020-08-28 09:41:22.760,3.349,2000
2020-08-28 09:41:22.760,3.349,5000
2020-08-28 09:41:22.760,3.349,1500
2020-08-28 09:41:22.760,3.349,60000
2020-08-28 09:41:22.760,3.349,12000
2020-08-28 09:41:22.760,3.349,600
2020-08-28 09:41:22.760,3.349,5000
2020-08-28 09:41:22.760,3.349,5000
2020-08-28 09:41:22.760,3.349,1000
2020-08-28 09:41:22.760,3.349,1000
2020-08-28 09:41:22.760,3.349,200
2020-08-28 09:41:22.760,3.349,3800
2020-08-28 09:41:22.760,3.349,2000
2020-08-28 09:41:22.760,3.349,500
2020-08-28 09:41:23.130,3.349,5000
2020-08-28 09:41:23.420,3.349,2900
2020-08-28 09:41:23.510,3.349,8000
2020-08-28 09:41:26.000,3.35,1300
2020-08-28 09:41:27.490,3.35,4700
2020-08-28 09:41:27.490,3.35,15100
2020-08-28 09:41:27.490,3.35,2000
2020-08-28 09:41:27.490,3.35,2000
2020-08-28 09:41:27.490,3.35,100
2020-08-28 09:41:27.490,3.35,1000
2020-08-28 09:41:27.490,3.35,2000
2020-08-28 09:41:27.490,3.35,100
2020-08-28 09:41:27.490,3.35,4000
2020-08-28 09:41:27.490,3.35,500
2020-08-28 09:41:27.490,3.35,100
2020-08-28 09:41:27.490,3.35,10000
2020-08-28 09:41:27.490,3.35,2000
2020-08-28 09:41:27.490,3.35,200
2020-08-28 09:41:27.490,3.35,2000
2020-08-28 09:41:27.490,3.35,2000
2020-08-28 09:41:27.490,3.35,20000
2020-08-28 09:41:27.490,3.35,2000
2020-08-28 09:41:27.490,3.35,1000
2020-08-28 09:41:27.490,3.35,80000
2020-08-28 09:41:27.490,3.35,10100
2020-08-28 09:41:27.490,3.35,10000
2020-08-28 09:41:27.490,3.35,15000
2020-08-28 09:41:27.490,3.35,25100
2020-08-28 09:41:27.490,3.35,1000
2020-08-28 09:41:27.490,3.35,2000
2020-08-28 09:41:27.490,3.35,200
2020-08-28 09:41:27.490,3.35,600
2020-08-28 09:41:27.490,3.35,10000
2020-08-28 09:41:27.490,3.35,3000
2020-08-28 09:41:27.490,3.35,1000
2020-08-28 09:41:27.490,3.35,2000
2020-08-28 09:41:27.490,3.35,10000
2020-08-28 09:41:27.490,3.35,10000
2020-08-28 09:41:27.490,3.35,30000
2020-08-28 09:41:27.490,3.35,6500
2020-08-28 09:41:27.490,3.35,100
2020-08-28 09:41:27.490,3.35,2000
2020-08-28 09:41:27.490,3.35,3000
2020-08-28 09:41:27.490,3.35,5000
2020-08-28 09:41:27.490,3.35,200
2020-08-28 09:41:27.490,3.35,32000
2020-08-28 09:41:27.490,3.35,6000
2020-08-28 09:41:27.490,3.35,5000
2020-08-28 09:41:27.490,3.35,2000
2020-08-28 09:41:27.490,3.35,1000
2020-08-28 09:41:27.490,3.35,3000
2020-08-28 09:41:27.490,3.35,3400
2020-08-28 09:41:27.490,3.35,16200
2020-08-28 09:41:27.490,3.35,100
2020-08-28 09:41:27.490,3.35,500
2020-08-28 09:41:27.490,3.35,3000
2020-08-28 09:41:27.490,3.35,500
2020-08-28 09:41:27.490,3.35,5000
2020-08-28 09:41:27.490,3.35,5000
2020-08-28 09:41:27.490,3.35,5800
2020-08-28 09:41:27.490,3.35,1000
2020-08-28 09:41:27.490,3.35,10000
2020-08-28 09:41:27.490,3.35,19900
2020-08-28 09:41:27.490,3.35,300
2020-08-28 09:41:27.490,3.35,1600
2020-08-28 09:41:27.490,3.35,1000
2020-08-28 09:41:27.490,3.35,20000
2020-08-28 09:41:27.490,3.35,3500
2020-08-28 09:41:27.490,3.35,500
2020-08-28 09:41:27.490,3.35,2000
2020-08-28 09:41:27.490,3.35,100
2020-08-28 09:41:27.490,3.35,100
2020-08-28 09:41:27.490,3.35,330000
2020-08-28 09:41:27.490,3.35,10000
2020-08-28 09:41:27.490,3.35,113900
2020-08-28 09:41:28.100,3.35,1000
2020-08-28 09:41:30.300,3.35,145200
2020-08-28 09:41:31.260,3.35,1000
2020-08-28 09:41:31.350,3.35,27600
2020-08-28 09:41:31.510,3.349,8000
2020-08-28 09:41:31.570,3.35,111300
2020-08-28 09:41:31.570,3.35,12000
2020-08-28 09:41:31.570,3.35,8000
2020-08-28 09:41:31.570,3.35,1500
2020-08-28 09:41:31.570,3.35,1000
2020-08-28 09:41:31.570,3.35,900
2020-08-28 09:41:31.570,3.35,50000
2020-08-28 09:41:31.570,3.35,100
2020-08-28 09:41:31.570,3.35,1000
2020-08-28 09:41:31.570,3.35,300
2020-08-28 09:41:31.570,3.35,3600
2020-08-28 09:41:32.060,3.35,3400
2020-08-28 09:41:32.210,3.35,13000
2020-08-28 09:41:33.710,3.35,3900
2020-08-28 09:41:33.710,3.35,9100
2020-08-28 09:41:33.860,3.35,3000
2020-08-28 09:41:34.740,3.35,800
2020-08-28 09:41:35.260,3.35,20000
2020-08-28 09:41:36.950,3.35,1000
2020-08-28 09:41:36.980,3.351,100
2020-08-28 09:41:37.010,3.351,9900
2020-08-28 09:41:37.010,3.351,200
2020-08-28 09:41:37.010,3.351,100
2020-08-28 09:41:37.010,3.351,1000
2020-08-28 09:41:37.010,3.351,500
2020-08-28 09:41:37.010,3.351,2500
2020-08-28 09:41:37.010,3.351,500
2020-08-28 09:41:37.010,3.351,300
2020-08-28 09:41:37.010,3.351,4900
2020-08-28 09:41:37.010,3.351,600
2020-08-28 09:41:37.010,3.351,5100
2020-08-28 09:41:37.010,3.351,6500
2020-08-28 09:41:37.010,3.351,3500
2020-08-28 09:41:37.010,3.351,5000
2020-08-28 09:41:37.010,3.351,5000
2020-08-28 09:41:37.010,3.351,1500
2020-08-28 09:41:37.010,3.351,100
2020-08-28 09:41:37.010,3.351,3500
2020-08-28 09:41:37.010,3.351,5000
2020-08-28 09:41:38.220,3.351,400
2020-08-28 09:41:38.760,3.351,12100
2020-08-28 09:41:39.230,3.351,900
2020-08-28 09:41:39.260,3.351,5000
2020-08-28 09:41:39.940,3.351,2100
2020-08-28 09:41:39.970,3.351,10000
2020-08-28 09:41:40.410,3.351,30000
2020-08-28 09:41:40.410,3.351,20000
2020-08-28 09:41:40.410,3.351,30000
2020-08-28 09:41:40.410,3.351,30000
2020-08-28 09:41:40.410,3.351,30000
2020-08-28 09:41:40.410,3.351,30000
2020-08-28 09:41:41.780,3.351,100
2020-08-28 09:41:42.100,3.351,500
2020-08-28 09:41:42.900,3.352,800
2020-08-28 09:41:43.240,3.352,3100
2020-08-28 09:41:43.450,3.352,1100
2020-08-28 09:41:43.450,3.352,6000
2020-08-28 09:41:43.450,3.352,200
2020-08-28 09:41:43.450,3.352,1200
2020-08-28 09:41:43.450,3.352,100
2020-08-28 09:41:43.450,3.352,1000
2020-08-28 09:41:43.450,3.352,500
2020-08-28 09:41:43.450,3.352,6000
2020-08-28 09:41:43.450,3.352,10000
2020-08-28 09:41:43.450,3.352,10000
2020-08-28 09:41:43.450,3.352,200
2020-08-28 09:41:43.450,3.352,57500
2020-08-28 09:41:43.450,3.352,10000
2020-08-28 09:41:43.450,3.352,6500
2020-08-28 09:41:43.450,3.352,10000
2020-08-28 09:41:43.450,3.352,500
2020-08-28 09:41:43.450,3.352,100
2020-08-28 09:41:43.450,3.352,3000
2020-08-28 09:41:43.450,3.352,600
2020-08-28 09:41:43.450,3.352,500
2020-08-28 09:41:43.450,3.352,5000
2020-08-28 09:41:43.450,3.352,1000
2020-08-28 09:41:43.450,3.352,3100
2020-08-28 09:41:43.450,3.352,50000
2020-08-28 09:41:43.450,3.352,100
2020-08-28 09:41:43.450,3.352,44900
2020-08-28 09:41:43.820,3.352,102600
2020-08-28 09:41:44.300,3.352,2000
2020-08-28 09:41:44.880,3.353,200
2020-08-28 09:41:44.880,3.353,100
2020-08-28 09:41:44.880,3.353,1000
2020-08-28 09:41:44.880,3.353,500
2020-08-28 09:41:44.880,3.353,200
2020-08-28 09:41:45.110,3.353,1900
2020-08-28 09:41:46.890,3.352,500
2020-08-28 09:41:46.980,3.352,2000
2020-08-28 09:41:46.980,3.352,800
2020-08-28 09:41:48.170,3.352,100
2020-08-28 09:41:48.720,3.353,1100
2020-08-28 09:41:49.430,3.353,5900
2020-08-28 09:41:49.850,3.353,900
2020-08-28 09:41:49.850,3.353,3300
2020-08-28 09:41:50.060,3.352,9900
2020-08-28 09:41:50.970,3.353,700
2020-08-28 09:41:50.970,3.353,4000
2020-08-28 09:41:50.970,3.353,10000
2020-08-28 09:41:50.970,3.353,9000
2020-08-28 09:41:50.970,3.353,6300
2020-08-28 09:41:51.110,3.353,200
2020-08-28 09:41:51.110,3.353,14400
2020-08-28 09:41:51.230,3.353,97700
2020-08-28 09:41:51.230,3.353,46600
2020-08-28 09:41:51.230,3.353,1000
2020-08-28 09:41:51.230,3.353,3000
2020-08-28 09:41:51.230,3.353,2900
2020-08-28 09:41:51.230,3.353,100
2020-08-28 09:41:51.230,3.353,100
2020-08-28 09:41:51.230,3.353,5000
2020-08-28 09:41:51.230,3.353,8000
2020-08-28 09:41:52.280,3.353,10000
2020-08-28 09:41:52.970,3.353,32800
2020-08-28 09:41:53.330,3.353,500
2020-08-28 09:41:53.660,3.353,5000
2020-08-28 09:41:53.690,3.353,41000
2020-08-28 09:41:53.860,3.354,6000
2020-08-28 09:41:53.860,3.354,100
2020-08-28 09:41:53.860,3.354,100
2020-08-28 09:41:53.860,3.354,1000
2020-08-28 09:41:53.860,3.354,500
2020-08-28 09:41:53.860,3.354,300
2020-08-28 09:41:53.860,3.354,200
2020-08-28 09:41:53.860,3.354,7800
2020-08-28 09:41:53.860,3.354,100
2020-08-28 09:41:53.860,3.354,500
2020-08-28 09:41:53.860,3.354,500
2020-08-28 09:41:53.860,3.354,6000
2020-08-28 09:41:53.860,3.354,6500
2020-08-28 09:41:53.860,3.354,400
2020-08-28 09:41:54.370,3.353,12600
2020-08-28 09:41:55.400,3.353,19000
2020-08-28 09:41:56.360,3.353,1000
2020-08-28 09:41:56.420,3.353,3000
2020-08-28 09:41:56.420,3.353,500
2020-08-28 09:41:56.840,3.354,9800
2020-08-28 09:41:56.840,3.354,15000
2020-08-28 09:41:56.840,3.354,500
2020-08-28 09:41:56.840,3.354,4700
2020-08-28 09:41:57.180,3.353,100000
2020-08-28 09:41:57.350,3.353,20000
2020-08-28 09:41:57.500,3.353,100
2020-08-28 09:41:57.630,3.354,800
2020-08-28 09:41:57.630,3.354,900
2020-08-28 09:41:58.170,3.353,600
2020-08-28 09:41:58.630,3.354,100
2020-08-28 09:41:58.870,3.353,300
2020-08-28 09:41:58.960,3.353,500
2020-08-28 09:41:58.960,3.353,1000
2020-08-28 09:41:58.960,3.353,600
2020-08-28 09:41:58.960,3.353,3500
2020-08-28 09:41:59.530,3.353,5000
2020-08-28 09:41:59.840,3.353,1200
2020-08-28 09:41:59.870,3.354,20000
2020-08-28 09:42:00.210,3.354,39000
2020-08-28 09:42:00.210,3.354,2000
2020-08-28 09:42:00.210,3.354,600
2020-08-28 09:42:01.030,3.353,200
2020-08-28 09:42:01.610,3.353,157900
2020-08-28 09:42:01.610,3.353,200
2020-08-28 09:42:01.610,3.353,3400
2020-08-28 09:42:01.610,3.353,38500
2020-08-28 09:42:02.230,3.354,5000
2020-08-28 09:42:02.870,3.354,35200
2020-08-28 09:42:03.320,3.354,9200
2020-08-28 09:42:03.320,3.354,600
2020-08-28 09:42:03.320,3.354,5000
2020-08-28 09:42:03.320,3.354,200
2020-08-28 09:42:03.320,3.354,4000
2020-08-28 09:42:03.320,3.354,29900
2020-08-28 09:42:03.600,3.354,15100
2020-08-28 09:42:03.780,3.355,2000
2020-08-28 09:42:04.160,3.354,3000
2020-08-28 09:42:04.650,3.354,7000
2020-08-28 09:42:04.950,3.354,6000
2020-08-28 09:42:05.650,3.354,1000
2020-08-28 09:42:05.690,3.354,1000
2020-08-28 09:42:06.090,3.354,3000
2020-08-28 09:42:06.760,3.355,8000
2020-08-28 09:42:06.760,3.355,200
2020-08-28 09:42:06.760,3.355,19300
2020-08-28 09:42:06.850,3.354,1200
2020-08-28 09:42:06.940,3.354,30000
2020-08-28 09:42:07.340,3.354,3000
2020-08-28 09:42:08.200,3.355,1500
2020-08-28 09:42:08.470,3.354,10000
2020-08-28 09:42:08.530,3.354,2000
2020-08-28 09:42:08.850,3.354,100
2020-08-28 09:42:09.510,3.354,500
2020-08-28 09:42:09.840,3.354,1000
2020-08-28 09:42:09.970,3.354,9800
2020-08-28 09:42:10.260,3.354,7400
2020-08-28 09:42:10.260,3.354,1000
2020-08-28 09:42:10.260,3.354,1300
2020-08-28 09:42:10.260,3.354,300
2020-08-28 09:42:10.260,3.354,2000
2020-08-28 09:42:11.420,3.354,8000
2020-08-28 09:42:11.420,3.354,2000
2020-08-28 09:42:11.570,3.354,3000
2020-08-28 09:42:11.570,3.354,1700
2020-08-28 09:42:12.230,3.355,2400
2020-08-28 09:42:12.660,3.354,300
2020-08-28 09:42:12.930,3.354,4800
2020-08-28 09:42:12.930,3.354,20000
2020-08-28 09:42:12.930,3.354,5200
2020-08-28 09:42:13.140,3.354,4800
2020-08-28 09:42:13.140,3.353,11500
2020-08-28 09:42:13.140,3.353,600
2020-08-28 09:42:13.830,3.354,1000
2020-08-28 09:42:14.010,3.353,4000
2020-08-28 09:42:14.070,3.354,10000
2020-08-28 09:42:14.110,3.354,3700
2020-08-28 09:42:14.110,3.354,500
2020-08-28 09:42:14.110,3.354,800
2020-08-28 09:42:14.200,3.354,400
2020-08-28 09:42:14.330,3.354,3200
2020-08-28 09:42:15.090,3.354,9000
2020-08-28 09:42:15.120,3.355,600
2020-08-28 09:42:15.220,3.355,100
2020-08-28 09:42:15.370,3.355,6100
2020-08-28 09:42:15.370,3.355,300
2020-08-28 09:42:15.370,3.355,5000
2020-08-28 09:42:15.370,3.355,1000
2020-08-28 09:42:15.370,3.355,2400
2020-08-28 09:42:15.490,3.354,5000
2020-08-28 09:42:15.610,3.355,17600
2020-08-28 09:42:15.610,3.355,500
2020-08-28 09:42:15.610,3.355,100
2020-08-28 09:42:15.610,3.355,1500
2020-08-28 09:42:15.610,3.355,1000
2020-08-28 09:42:15.610,3.355,200
2020-08-28 09:42:15.610,3.355,20000
2020-08-28 09:42:15.610,3.355,1500
2020-08-28 09:42:15.610,3.355,10000
2020-08-28 09:42:15.610,3.355,18500
2020-08-28 09:42:15.700,3.354,18200
2020-08-28 09:42:16.140,3.355,300
2020-08-28 09:42:16.410,3.355,11200
2020-08-28 09:42:16.410,3.355,6500
2020-08-28 09:42:16.410,3.355,2300
2020-08-28 09:42:16.840,3.354,4600
2020-08-28 09:42:17.060,3.354,18000
2020-08-28 09:42:17.640,3.354,5000
2020-08-28 09:42:18.160,3.354,2400
2020-08-28 09:42:18.160,3.354,10000
2020-08-28 09:42:18.160,3.354,100
2020-08-28 09:42:18.460,3.354,9900
2020-08-28 09:42:18.460,3.354,100
2020-08-28 09:42:18.910,3.354,300
2020-08-28 09:42:19.550,3.354,900
2020-08-28 09:42:19.550,3.354,100
2020-08-28 09:42:19.550,3.354,2000
2020-08-28 09:42:19.550,3.355,3000
2020-08-28 09:42:19.550,3.355,3600
2020-08-28 09:42:20.030,3.353,1400
2020-08-28 09:42:20.200,3.354,5000
2020-08-28 09:42:20.200,3.355,9000
2020-08-28 09:42:20.200,3.355,100
2020-08-28 09:42:20.200,3.355,9000
2020-08-28 09:42:20.200,3.355,10000
2020-08-28 09:42:20.200,3.355,100
2020-08-28 09:42:20.200,3.355,9000
2020-08-28 09:42:20.200,3.355,900
2020-08-28 09:42:20.200,3.355,1000
2020-08-28 09:42:20.200,3.355,3200
2020-08-28 09:42:20.200,3.355,5000
2020-08-28 09:42:20.200,3.355,10000
2020-08-28 09:42:20.200,3.355,10000
2020-08-28 09:42:20.200,3.355,25100
2020-08-28 09:42:20.350,3.355,14900
2020-08-28 09:42:20.350,3.355,10000
2020-08-28 09:42:20.350,3.355,1000
2020-08-28 09:42:20.350,3.355,5000
2020-08-28 09:42:20.350,3.355,20000
2020-08-28 09:42:20.350,3.355,100
2020-08-28 09:42:20.350,3.355,10000
2020-08-28 09:42:20.350,3.355,4900
2020-08-28 09:42:20.350,3.355,5000
2020-08-28 09:42:20.350,3.355,100
2020-08-28 09:42:20.350,3.355,10000
2020-08-28 09:42:20.350,3.355,9000
2020-08-28 09:42:20.410,3.355,1000
2020-08-28 09:42:20.410,3.355,500
2020-08-28 09:42:20.500,3.355,5000
2020-08-28 09:42:20.590,3.356,100
2020-08-28 09:42:20.870,3.355,9000
2020-08-28 09:42:20.960,3.355,5000
2020-08-28 09:42:21.020,3.356,6000
2020-08-28 09:42:21.420,3.355,5000
2020-08-28 09:42:21.420,3.355,10000
2020-08-28 09:42:21.840,3.355,3000
2020-08-28 09:42:22.070,3.355,10000
2020-08-28 09:42:23.280,3.355,10000
2020-08-28 09:42:23.370,3.355,500
2020-08-28 09:42:24.000,3.355,500
2020-08-28 09:42:24.190,3.355,5000
2020-08-28 09:42:24.940,3.355,14100
2020-08-28 09:42:25.070,3.355,4000
2020-08-28 09:42:25.320,3.355,30000
2020-08-28 09:42:25.550,3.355,30000
2020-08-28 09:42:26.270,3.355,5000
2020-08-28 09:42:26.440,3.355,20000
2020-08-28 09:42:27.030,3.355,3000
2020-08-28 09:42:27.490,3.355,100
2020-08-28 09:42:27.820,3.355,10400
2020-08-28 09:42:27.970,3.355,3000
2020-08-28 09:42:29.870,3.356,4900
2020-08-28 09:42:29.870,3.356,6000
2020-08-28 09:42:29.870,3.356,200
2020-08-28 09:42:29.870,3.356,18900
2020-08-28 09:42:30.090,3.355,10000
2020-08-28 09:42:30.650,3.355,1300
2020-08-28 09:42:31.780,3.356,9000
2020-08-28 09:42:32.140,3.355,10000
2020-08-28 09:42:32.450,3.356,15100
2020-08-28 09:42:33.870,3.355,30000
2020-08-28 09:42:34.090,3.355,500
2020-08-28 09:42:34.470,3.356,10000
2020-08-28 09:42:34.650,3.355,5000
2020-08-28 09:42:34.790,3.355,4900
2020-08-28 09:42:35.590,3.356,200
2020-08-28 09:42:36.490,3.356,500
2020-08-28 09:42:36.890,3.356,4300
2020-08-28 09:42:36.890,3.356,1000
2020-08-28 09:42:36.890,3.356,300
2020-08-28 09:42:36.890,3.356,1000
2020-08-28 09:42:36.890,3.356,500
2020-08-28 09:42:36.890,3.356,500
2020-08-28 09:42:36.890,3.356,6000
2020-08-28 09:42:36.890,3.356,1500
2020-08-28 09:42:36.890,3.356,500
2020-08-28 09:42:36.890,3.356,5000
2020-08-28 09:42:36.890,3.356,12800
2020-08-28 09:42:36.890,3.356,20000
2020-08-28 09:42:36.890,3.356,100
2020-08-28 09:42:36.890,3.356,1900
2020-08-28 09:42:36.890,3.356,6500
2020-08-28 09:42:36.890,3.356,1500
2020-08-28 09:42:36.890,3.356,2500
2020-08-28 09:42:36.890,3.356,1500
2020-08-28 09:42:36.890,3.356,40000
2020-08-28 09:42:36.890,3.356,5000
2020-08-28 09:42:36.890,3.356,5000
2020-08-28 09:42:36.890,3.356,5000
2020-08-28 09:42:36.890,3.356,5000
2020-08-28 09:42:36.890,3.356,50000
2020-08-28 09:42:36.890,3.356,1000
2020-08-28 09:42:36.890,3.356,10000
2020-08-28 09:42:36.890,3.356,7600
2020-08-28 09:42:36.890,3.356,25400
2020-08-28 09:42:37.850,3.356,14600
2020-08-28 09:42:37.850,3.356,500
2020-08-28 09:42:37.850,3.356,4900
2020-08-28 09:42:38.380,3.355,1200
2020-08-28 09:42:38.530,3.355,600
2020-08-28 09:42:38.950,3.356,2900
2020-08-28 09:42:39.290,3.355,200
2020-08-28 09:42:39.330,3.355,200
2020-08-28 09:42:40.070,3.355,5000
2020-08-28 09:42:42.840,3.355,1000
2020-08-28 09:42:43.380,3.355,11000
2020-08-28 09:42:43.470,3.355,10000
2020-08-28 09:42:44.270,3.356,25800
2020-08-28 09:42:44.270,3.356,6000
2020-08-28 09:42:44.270,3.356,2000
2020-08-28 09:42:44.270,3.356,5000
2020-08-28 09:42:44.270,3.356,10000
2020-08-28 09:42:44.270,3.356,40000
2020-08-28 09:42:44.270,3.356,1000
2020-08-28 09:42:44.270,3.356,8000
2020-08-28 09:42:44.270,3.356,1000
2020-08-28 09:42:44.270,3.356,10000
2020-08-28 09:42:44.270,3.356,1000
2020-08-28 09:42:44.270,3.356,500
2020-08-28 09:42:44.270,3.356,40000
2020-08-28 09:42:44.270,3.356,5000
2020-08-28 09:42:44.270,3.356,3000
2020-08-28 09:42:44.300,3.356,12600
2020-08-28 09:42:44.370,3.356,30000
2020-08-28 09:42:44.370,3.356,30000
2020-08-28 09:42:44.370,3.356,10000
2020-08-28 09:42:45.020,3.356,16800
2020-08-28 09:42:46.430,3.355,6600
2020-08-28 09:42:46.920,3.355,10000
2020-08-28 09:42:47.040,3.355,3400
2020-08-28 09:42:47.040,3.355,1300
2020-08-28 09:42:47.100,3.355,300
2020-08-28 09:42:47.450,3.355,1000
2020-08-28 09:42:48.190,3.355,2000
2020-08-28 09:42:48.280,3.355,1300
2020-08-28 09:42:48.280,3.355,200
2020-08-28 09:42:48.740,3.355,3000
2020-08-28 09:42:48.780,3.355,2600
2020-08-28 09:42:48.780,3.355,100
2020-08-28 09:42:48.780,3.355,3000
2020-08-28 09:42:48.780,3.355,4300
2020-08-28 09:42:48.950,3.355,1300
2020-08-28 09:42:48.950,3.355,28700
2020-08-28 09:42:49.920,3.355,1300
2020-08-28 09:42:49.920,3.355,13400
2020-08-28 09:42:49.920,3.355,15900
2020-08-28 09:42:50.790,3.355,5000
2020-08-28 09:42:51.000,3.356,10000
2020-08-28 09:42:51.000,3.356,700
2020-08-28 09:42:51.000,3.356,2300
2020-08-28 09:42:51.450,3.356,2700
2020-08-28 09:42:51.450,3.356,400
2020-08-28 09:42:51.450,3.356,1000
2020-08-28 09:42:51.450,3.356,1400
2020-08-28 09:42:51.480,3.356,2000
2020-08-28 09:42:52.230,3.356,5000
2020-08-28 09:42:52.670,3.355,100
2020-08-28 09:42:54.630,3.356,91600
2020-08-28 09:42:54.630,3.356,20000
2020-08-28 09:42:54.630,3.356,6600
2020-08-28 09:42:54.630,3.356,5000
2020-08-28 09:42:54.630,3.356,5000
2020-08-28 09:42:54.760,3.356,30000
2020-08-28 09:42:54.900,3.356,500
2020-08-28 09:42:55.050,3.356,100
2020-08-28 09:42:55.280,3.356,20000
2020-08-28 09:42:55.310,3.356,1500
2020-08-28 09:42:56.780,3.356,5000
2020-08-28 09:42:56.810,3.356,1000
2020-08-28 09:42:56.980,3.356,10000
2020-08-28 09:42:57.010,3.356,1000
2020-08-28 09:42:57.590,3.356,21700
2020-08-28 09:42:59.020,3.356,100
2020-08-28 09:43:00.390,3.356,30000
2020-08-28 09:43:00.390,3.356,10000
2020-08-28 09:43:00.600,3.356,6000
2020-08-28 09:43:00.810,3.356,200
2020-08-28 09:43:01.010,3.357,2600
2020-08-28 09:43:01.350,3.357,400
2020-08-28 09:43:01.350,3.357,200
2020-08-28 09:43:01.350,3.357,100
2020-08-28 09:43:01.350,3.357,1000
2020-08-28 09:43:01.350,3.357,2000
2020-08-28 09:43:01.350,3.357,500
2020-08-28 09:43:01.350,3.357,1200
2020-08-28 09:43:01.350,3.357,40000
2020-08-28 09:43:01.350,3.357,2000
2020-08-28 09:43:01.350,3.357,2600
2020-08-28 09:43:01.740,3.356,4000
2020-08-28 09:43:02.490,3.356,100
2020-08-28 09:43:02.900,3.356,10000
2020-08-28 09:43:02.900,3.356,30000
2020-08-28 09:43:02.900,3.356,30000
2020-08-28 09:43:02.900,3.356,30000
2020-08-28 09:43:02.900,3.356,30000
2020-08-28 09:43:02.900,3.356,30000
2020-08-28 09:43:02.900,3.356,20000
2020-08-28 09:43:02.900,3.356,30000
2020-08-28 09:43:02.900,3.356,30000
2020-08-28 09:43:02.900,3.356,30000
2020-08-28 09:43:02.900,3.356,30000
2020-08-28 09:43:02.900,3.356,30000
2020-08-28 09:43:02.900,3.356,700
2020-08-28 09:43:02.900,3.356,15000
2020-08-28 09:43:02.900,3.356,14300
2020-08-28 09:43:02.900,3.356,20000
2020-08-28 09:43:02.900,3.356,30000
2020-08-28 09:43:02.900,3.356,30000
2020-08-28 09:43:02.900,3.356,20000
2020-08-28 09:43:02.900,3.356,30000
2020-08-28 09:43:02.900,3.356,30000
2020-08-28 09:43:02.900,3.356,30000
2020-08-28 09:43:02.900,3.356,30000
2020-08-28 09:43:02.900,3.356,30000
2020-08-28 09:43:02.900,3.356,30000
2020-08-28 09:43:02.900,3.356,10900
2020-08-28 09:43:02.900,3.356,3000
2020-08-28 09:43:02.900,3.356,6000
2020-08-28 09:43:02.900,3.356,10100
2020-08-28 09:43:02.900,3.356,30000
2020-08-28 09:43:02.900,3.356,30000
2020-08-28 09:43:04.380,3.356,5000
2020-08-28 09:43:04.870,3.357,400
2020-08-28 09:43:04.870,3.357,9600
2020-08-28 09:43:05.510,3.356,4300
2020-08-28 09:43:05.810,3.356,37000
2020-08-28 09:43:05.870,3.356,30000
2020-08-28 09:43:05.870,3.356,30000
2020-08-28 09:43:05.870,3.356,30000
2020-08-28 09:43:05.870,3.356,20000
2020-08-28 09:43:05.870,3.356,30000
2020-08-28 09:43:06.240,3.356,2000
2020-08-28 09:43:06.370,3.357,2000
2020-08-28 09:43:06.370,3.356,1600
2020-08-28 09:43:06.370,3.356,1400
2020-08-28 09:43:06.810,3.356,100
2020-08-28 09:43:06.940,3.356,1000
2020-08-28 09:43:07.160,3.357,5000
2020-08-28 09:43:07.470,3.357,400
2020-08-28 09:43:07.770,3.356,1500
2020-08-28 09:43:07.770,3.356,300
2020-08-28 09:43:07.870,3.355,10000
2020-08-28 09:43:08.310,3.356,1400
2020-08-28 09:43:08.310,3.356,1600
2020-08-28 09:43:09.120,3.356,1400
2020-08-28 09:43:09.120,3.356,5000
2020-08-28 09:43:09.120,3.356,80000
2020-08-28 09:43:09.120,3.356,5000
2020-08-28 09:43:09.150,3.357,4600
2020-08-28 09:43:09.470,3.356,40000
2020-08-28 09:43:09.790,3.356,1800
2020-08-28 09:43:09.940,3.356,2000
2020-08-28 09:43:10.000,3.356,40000
2020-08-28 09:43:10.550,3.356,25000
2020-08-28 09:43:10.550,3.356,3000
2020-08-28 09:43:10.840,3.356,300
2020-08-28 09:43:10.840,3.356,19700
2020-08-28 09:43:10.930,3.356,200
2020-08-28 09:43:11.050,3.356,10100
2020-08-28 09:43:11.160,3.356,1900
2020-08-28 09:43:12.360,3.355,500
2020-08-28 09:43:12.360,3.355,1000
2020-08-28 09:43:12.360,3.355,6300
2020-08-28 09:43:12.360,3.355,22200
2020-08-28 09:43:12.390,3.355,100
2020-08-28 09:43:12.590,3.355,100
2020-08-28 09:43:12.920,3.355,3100
2020-08-28 09:43:13.380,3.355,4500
2020-08-28 09:43:13.850,3.355,700
2020-08-28 09:43:15.210,3.354,32700
2020-08-28 09:43:15.210,3.354,1000
2020-08-28 09:43:15.210,3.354,6300
2020-08-28 09:43:15.640,3.355,10000
2020-08-28 09:43:20.180,3.354,100
2020-08-28 09:43:20.620,3.355,1000
2020-08-28 09:43:20.670,3.354,400
2020-08-28 09:43:20.670,3.354,4500
2020-08-28 09:43:24.100,3.354,15100
2020-08-28 09:43:24.100,3.354,6900
2020-08-28 09:43:24.220,3.354,1000
2020-08-28 09:43:26.960,3.353,100
2020-08-28 09:43:27.520,3.354,10000
2020-08-28 09:43:27.610,3.353,1700
2020-08-28 09:43:27.610,3.353,10000
2020-08-28 09:43:27.610,3.353,8300
2020-08-28 09:43:28.540,3.353,1700
2020-08-28 09:43:28.540,3.353,600
2020-08-28 09:43:28.540,3.353,700
2020-08-28 09:43:28.900,3.353,6000
2020-08-28 09:43:29.170,3.353,7000
2020-08-28 09:43:29.880,3.353,2700
2020-08-28 09:43:30.030,3.353,4000
2020-08-28 09:43:30.520,3.353,10000
2020-08-28 09:43:30.770,3.353,700
2020-08-28 09:43:30.880,3.353,20000
2020-08-28 09:43:32.390,3.354,4000
2020-08-28 09:43:32.390,3.354,3000
2020-08-28 09:43:32.390,3.354,400
2020-08-28 09:43:32.390,3.353,6000
2020-08-28 09:43:32.550,3.353,20000
2020-08-28 09:43:32.740,3.353,1400
2020-08-28 09:43:33.160,3.353,1500
2020-08-28 09:43:33.160,3.353,1000
2020-08-28 09:43:33.160,3.353,200
2020-08-28 09:43:33.160,3.353,300
2020-08-28 09:43:33.190,3.354,1300
2020-08-28 09:43:33.920,3.354,10000
2020-08-28 09:43:34.150,3.353,5000
2020-08-28 09:43:34.150,3.353,1000
2020-08-28 09:43:34.560,3.353,2400
2020-08-28 09:43:34.830,3.354,10000
2020-08-28 09:43:36.250,3.353,10200
2020-08-28 09:43:36.410,3.353,200
2020-08-28 09:43:36.880,3.353,1000
2020-08-28 09:43:36.910,3.353,1500
2020-08-28 09:43:36.910,3.353,5900
2020-08-28 09:43:36.910,3.353,22600
2020-08-28 09:43:36.910,3.353,7400
2020-08-28 09:43:36.910,3.353,22600
2020-08-28 09:43:36.910,3.353,30000
2020-08-28 09:43:38.150,3.353,5000
2020-08-28 09:43:38.980,3.353,300
2020-08-28 09:43:39.530,3.353,600
2020-08-28 09:43:39.530,3.353,10600
2020-08-28 09:43:40.790,3.353,4000
2020-08-28 09:43:40.940,3.353,3000
2020-08-28 09:43:41.980,3.353,100
2020-08-28 09:43:42.230,3.353,800
2020-08-28 09:43:42.390,3.353,10000
2020-08-28 09:43:42.430,3.353,2000
2020-08-28 09:43:42.490,3.353,1000
2020-08-28 09:43:43.340,3.353,10000
2020-08-28 09:43:44.300,3.353,10000
2020-08-28 09:43:44.530,3.353,20000
2020-08-28 09:43:44.760,3.354,8300
2020-08-28 09:43:44.760,3.354,4000
2020-08-28 09:43:44.760,3.354,7700
2020-08-28 09:43:44.990,3.353,10000
2020-08-28 09:43:45.360,3.353,30000
2020-08-28 09:43:45.360,3.353,10000
2020-08-28 09:43:45.360,3.353,30000
2020-08-28 09:43:45.360,3.353,30000
2020-08-28 09:43:45.360,3.353,30000
2020-08-28 09:43:45.450,3.353,5000
2020-08-28 09:43:45.480,3.353,25000
2020-08-28 09:43:47.800,3.353,30000
2020-08-28 09:43:48.230,3.353,45000
2020-08-28 09:43:48.230,3.353,200
2020-08-28 09:43:48.230,3.353,400
2020-08-28 09:43:48.230,3.353,2100
2020-08-28 09:43:48.230,3.353,5000
2020-08-28 09:43:48.230,3.353,7300
2020-08-28 09:43:48.900,3.353,700
2020-08-28 09:43:48.900,3.353,29300
2020-08-28 09:43:48.960,3.353,200
2020-08-28 09:43:48.960,3.353,3000
2020-08-28 09:43:48.960,3.353,3000
2020-08-28 09:43:50.150,3.353,4100
2020-08-28 09:43:50.870,3.354,2300
2020-08-28 09:43:50.870,3.354,5000
2020-08-28 09:43:50.870,3.354,200
2020-08-28 09:43:50.870,3.354,100
2020-08-28 09:43:50.870,3.354,8900
2020-08-28 09:43:50.870,3.354,1000
2020-08-28 09:43:50.870,3.354,4000
2020-08-28 09:43:50.870,3.354,8500
2020-08-28 09:43:50.930,3.353,10000
2020-08-28 09:43:51.130,3.353,279700
2020-08-28 09:43:51.130,3.353,5600
2020-08-28 09:43:51.130,3.352,3000
2020-08-28 09:43:51.130,3.352,40000
2020-08-28 09:43:51.130,3.352,73500
2020-08-28 09:43:51.130,3.352,30000
2020-08-28 09:43:51.130,3.352,40000
2020-08-28 09:43:51.130,3.351,5000
2020-08-28 09:43:51.130,3.351,200
2020-08-28 09:43:51.130,3.351,23000
2020-08-28 09:43:51.220,3.354,64400
2020-08-28 09:43:51.220,3.354,100
2020-08-28 09:43:51.220,3.354,9000
2020-08-28 09:43:51.220,3.354,1000
2020-08-28 09:43:51.220,3.354,10000
2020-08-28 09:43:51.220,3.354,20000
2020-08-28 09:43:51.220,3.354,5000
2020-08-28 09:43:51.220,3.354,300
2020-08-28 09:43:51.220,3.354,100
2020-08-28 09:43:51.280,3.354,10000
2020-08-28 09:43:51.390,3.354,400
2020-08-28 09:43:52.420,3.354,300
2020-08-28 09:43:52.840,3.354,5000
2020-08-28 09:43:53.170,3.354,1000
2020-08-28 09:43:53.170,3.354,1000
2020-08-28 09:43:53.170,3.353,3000
2020-08-28 09:43:53.730,3.353,600
2020-08-28 09:43:53.830,3.353,30000
2020-08-28 09:43:55.320,3.353,600
2020-08-28 09:43:55.850,3.353,4900
2020-08-28 09:43:56.860,3.353,300
2020-08-28 09:43:56.860,3.354,300
2020-08-28 09:43:56.860,3.355,5000
2020-08-28 09:43:56.860,3.355,5000
2020-08-28 09:43:56.860,3.355,1000
2020-08-28 09:43:56.860,3.355,18700
2020-08-28 09:43:57.650,3.353,260600
2020-08-28 09:43:57.650,3.353,40000
2020-08-28 09:43:57.650,3.353,74400
2020-08-28 09:43:57.680,3.353,5000
2020-08-28 09:43:58.760,3.353,1000
2020-08-28 09:43:59.060,3.354,3000
2020-08-28 09:43:59.060,3.354,100
2020-08-28 09:43:59.590,3.354,500
2020-08-28 09:43:59.870,3.355,1300
2020-08-28 09:43:59.870,3.355,28700
2020-08-28 09:43:59.870,3.354,2400
2020-08-28 09:43:59.870,3.353,2600
2020-08-28 09:44:00.750,3.355,200
2020-08-28 09:44:00.960,3.354,3000
2020-08-28 09:44:01.510,3.354,6000
2020-08-28 09:44:01.650,3.354,100
2020-08-28 09:44:02.110,3.354,3000
2020-08-28 09:44:02.910,3.355,30000
2020-08-28 09:44:03.720,3.354,3000
2020-08-28 09:44:04.130,3.354,15100
2020-08-28 09:44:04.130,3.353,217000
2020-08-28 09:44:04.130,3.353,8900
2020-08-28 09:44:04.130,3.353,40000
2020-08-28 09:44:04.130,3.353,200
2020-08-28 09:44:04.800,3.355,7600
2020-08-28 09:44:05.160,3.354,400
2020-08-28 09:44:05.470,3.354,2600
2020-08-28 09:44:05.470,3.354,3400
2020-08-28 09:44:05.900,3.355,10000
2020-08-28 09:44:05.990,3.354,2500
2020-08-28 09:44:06.350,3.354,200
2020-08-28 09:44:07.030,3.354,11300
2020-08-28 09:44:07.220,3.354,55300
2020-08-28 09:44:07.770,3.354,100
2020-08-28 09:44:08.730,3.354,5000
2020-08-28 09:44:08.950,3.354,4000
2020-08-28 09:44:09.360,3.355,1300
2020-08-28 09:44:09.420,3.355,2900
2020-08-28 09:44:09.760,3.354,400
2020-08-28 09:44:10.870,3.354,2500
2020-08-28 09:44:11.290,3.354,1500
2020-08-28 09:44:13.790,3.354,77500
2020-08-28 09:44:13.980,3.355,36000
2020-08-28 09:44:14.130,3.354,85800
2020-08-28 09:44:14.490,3.355,111000
2020-08-28 09:44:14.490,3.355,500
2020-08-28 09:44:14.490,3.355,10000
2020-08-28 09:44:14.490,3.355,10000
2020-08-28 09:44:14.490,3.355,10000
2020-08-28 09:44:14.490,3.355,3000
2020-08-28 09:44:14.490,3.355,300
2020-08-28 09:44:14.490,3.355,5000
2020-08-28 09:44:14.490,3.355,2000
2020-08-28 09:44:14.490,3.355,300
2020-08-28 09:44:14.490,3.355,3100
2020-08-28 09:44:14.490,3.355,10000
2020-08-28 09:44:14.490,3.355,1400
2020-08-28 09:44:14.490,3.355,3000
2020-08-28 09:44:14.490,3.355,100000
2020-08-28 09:44:14.490,3.355,500
2020-08-28 09:44:14.490,3.355,10000
2020-08-28 09:44:14.490,3.355,3000
2020-08-28 09:44:14.490,3.355,1500
2020-08-28 09:44:14.490,3.355,1000
2020-08-28 09:44:15.260,3.355,14500
2020-08-28 09:44:15.260,3.354,20500
2020-08-28 09:44:15.260,3.354,15000
2020-08-28 09:44:15.440,3.354,25600
2020-08-28 09:44:15.660,3.355,50000
2020-08-28 09:44:16.450,3.355,400
2020-08-28 09:44:16.450,3.355,500
2020-08-28 09:44:16.690,3.355,500
2020-08-28 09:44:17.120,3.355,2000
2020-08-28 09:44:17.690,3.355,300
2020-08-28 09:44:17.750,3.355,56500
2020-08-28 09:44:17.750,3.355,3500
2020-08-28 09:44:18.010,3.355,5000
2020-08-28 09:44:18.350,3.355,14000
2020-08-28 09:44:18.820,3.355,2000
2020-08-28 09:44:18.980,3.355,2000
2020-08-28 09:44:19.020,3.356,30000
2020-08-28 09:44:19.020,3.356,4500
2020-08-28 09:44:19.020,3.356,5500
2020-08-28 09:44:19.300,3.355,2000
2020-08-28 09:44:19.580,3.355,1500
2020-08-28 09:44:19.580,3.355,8500
2020-08-28 09:44:20.240,3.355,3300
2020-08-28 09:44:20.330,3.356,14500
2020-08-28 09:44:20.330,3.356,6300
2020-08-28 09:44:20.330,3.356,5000
2020-08-28 09:44:20.330,3.356,1000
2020-08-28 09:44:20.330,3.356,10800
2020-08-28 09:44:20.330,3.356,30000
2020-08-28 09:44:20.330,3.356,30000
2020-08-28 09:44:20.330,3.356,11000
2020-08-28 09:44:20.330,3.356,3000
2020-08-28 09:44:20.330,3.356,2000
2020-08-28 09:44:20.330,3.356,20000
2020-08-28 09:44:20.330,3.356,33600
2020-08-28 09:44:20.330,3.356,10000
2020-08-28 09:44:20.330,3.356,400
2020-08-28 09:44:20.330,3.356,5000
2020-08-28 09:44:20.330,3.356,1000
2020-08-28 09:44:20.330,3.356,1000
2020-08-28 09:44:20.330,3.356,3000
2020-08-28 09:44:20.330,3.356,3400
2020-08-28 09:44:20.330,3.356,10000
2020-08-28 09:44:20.330,3.356,1500
2020-08-28 09:44:20.330,3.356,65600
2020-08-28 09:44:20.330,3.356,10000
2020-08-28 09:44:20.330,3.356,1000
2020-08-28 09:44:20.330,3.356,1100
2020-08-28 09:44:20.330,3.356,500
2020-08-28 09:44:20.330,3.356,31100
2020-08-28 09:44:20.330,3.356,2700
2020-08-28 09:44:20.330,3.356,1000
2020-08-28 09:44:20.330,3.356,2000
2020-08-28 09:44:20.330,3.356,10000
2020-08-28 09:44:20.330,3.356,2000
2020-08-28 09:44:20.330,3.356,5100
2020-08-28 09:44:21.040,3.356,5000
2020-08-28 09:44:21.100,3.356,200
2020-08-28 09:44:22.020,3.356,100
2020-08-28 09:44:22.750,3.356,500
2020-08-28 09:44:23.030,3.356,200
2020-08-28 09:44:23.030,3.356,200
2020-08-28 09:44:23.430,3.357,4100
2020-08-28 09:44:24.120,3.356,2000
2020-08-28 09:44:24.200,3.357,5300
2020-08-28 09:44:24.200,3.357,4700
2020-08-28 09:44:24.450,3.356,900
2020-08-28 09:44:25.970,3.356,12700
2020-08-28 09:44:26.440,3.356,100000
2020-08-28 09:44:27.050,3.357,900
2020-08-28 09:44:27.630,3.356,2000
2020-08-28 09:44:27.680,3.357,1400
2020-08-28 09:44:27.680,3.357,2000
2020-08-28 09:44:27.680,3.357,2600
2020-08-28 09:44:28.380,3.357,7400
2020-08-28 09:44:28.380,3.357,22600
2020-08-28 09:44:28.380,3.356,10000
2020-08-28 09:44:28.730,3.357,20000
2020-08-28 09:44:28.790,3.356,13000
2020-08-28 09:44:28.940,3.356,1500
2020-08-28 09:44:29.440,3.356,600
2020-08-28 09:44:29.500,3.356,5000
2020-08-28 09:44:30.100,3.356,10000
2020-08-28 09:44:31.040,3.356,10000
2020-08-28 09:44:31.290,3.356,10000
2020-08-28 09:44:31.870,3.356,2000
2020-08-28 09:44:32.240,3.356,300
2020-08-28 09:44:32.610,3.356,79200
2020-08-28 09:44:32.610,3.356,107200
2020-08-28 09:44:33.980,3.357,17400
2020-08-28 09:44:33.980,3.357,6500
2020-08-28 09:44:33.980,3.357,4800
2020-08-28 09:44:33.980,3.357,1000
2020-08-28 09:44:33.980,3.357,8000
2020-08-28 09:44:33.980,3.357,500
2020-08-28 09:44:33.980,3.357,10000
2020-08-28 09:44:33.980,3.357,10000
2020-08-28 09:44:33.980,3.357,7000
2020-08-28 09:44:33.980,3.357,20900
2020-08-28 09:44:34.150,3.356,5000
2020-08-28 09:44:34.180,3.356,10000
2020-08-28 09:44:35.030,3.356,4000
2020-08-28 09:44:37.370,3.356,5000
2020-08-28 09:44:37.370,3.356,5000
2020-08-28 09:44:37.840,3.357,800
2020-08-28 09:44:37.960,3.356,35000
2020-08-28 09:44:37.960,3.356,22300
2020-08-28 09:44:39.740,3.356,7700
2020-08-28 09:44:39.740,3.356,5800
2020-08-28 09:44:39.740,3.356,3200
2020-08-28 09:44:39.740,3.356,33000
2020-08-28 09:44:40.320,3.356,29700
2020-08-28 09:44:41.170,3.356,20600
2020-08-28 09:44:41.170,3.356,10000
2020-08-28 09:44:41.170,3.356,2000
2020-08-28 09:44:41.170,3.356,7400
2020-08-28 09:44:41.990,3.356,2600
2020-08-28 09:44:41.990,3.356,200
2020-08-28 09:44:41.990,3.357,10300
2020-08-28 09:44:42.720,3.356,500
2020-08-28 09:44:43.320,3.357,18000
2020-08-28 09:44:43.320,3.357,10000
2020-08-28 09:44:43.320,3.357,1000
2020-08-28 09:44:43.320,3.357,114200
2020-08-28 09:44:44.120,3.356,1400
2020-08-28 09:44:44.160,3.356,1700
2020-08-28 09:44:44.160,3.356,300
2020-08-28 09:44:44.160,3.356,500
2020-08-28 09:44:44.160,3.356,300
2020-08-28 09:44:44.850,3.357,10000
2020-08-28 09:44:45.070,3.356,1000
2020-08-28 09:44:45.730,3.357,118800
2020-08-28 09:44:46.240,3.356,35700
2020-08-28 09:44:46.690,3.356,3300
2020-08-28 09:44:46.690,3.356,3000
2020-08-28 09:44:46.690,3.356,3700
2020-08-28 09:44:47.500,3.356,30000
2020-08-28 09:44:48.260,3.356,500
2020-08-28 09:44:50.630,3.356,5800
2020-08-28 09:44:50.630,3.356,4200
2020-08-28 09:44:51.320,3.357,3400
2020-08-28 09:44:51.650,3.356,5000
2020-08-28 09:44:52.110,3.356,10000
2020-08-28 09:44:52.700,3.357,300000
2020-08-28 09:44:52.870,3.357,300000
2020-08-28 09:44:52.940,3.357,40000
2020-08-28 09:44:53.740,3.357,13600
2020-08-28 09:44:53.740,3.357,46900
2020-08-28 09:44:53.740,3.357,100
2020-08-28 09:44:53.740,3.357,1600
2020-08-28 09:44:53.740,3.357,100
2020-08-28 09:44:53.740,3.357,500
2020-08-28 09:44:53.740,3.357,5000
2020-08-28 09:44:53.740,3.357,10000
2020-08-28 09:44:53.740,3.357,5000
2020-08-28 09:44:53.740,3.357,4000
2020-08-28 09:44:53.740,3.357,1000
2020-08-28 09:44:53.740,3.357,5000
2020-08-28 09:44:53.740,3.357,10200
2020-08-28 09:44:53.740,3.357,1500
2020-08-28 09:44:53.740,3.357,2300
2020-08-28 09:44:53.740,3.357,1500
2020-08-28 09:44:53.740,3.357,200
2020-08-28 09:44:53.740,3.357,500
2020-08-28 09:44:53.740,3.357,5000
2020-08-28 09:44:53.740,3.357,2300
2020-08-28 09:44:53.740,3.357,10900
2020-08-28 09:44:53.740,3.357,100
2020-08-28 09:44:53.740,3.357,100
2020-08-28 09:44:53.740,3.357,100
2020-08-28 09:44:53.740,3.357,5000
2020-08-28 09:44:53.740,3.357,100
2020-08-28 09:44:53.740,3.357,500
2020-08-28 09:44:54.260,3.358,100
2020-08-28 09:44:56.150,3.357,2000
2020-08-28 09:44:57.290,3.357,10000
2020-08-28 09:44:57.350,3.357,3300
2020-08-28 09:44:57.380,3.358,5900
2020-08-28 09:44:57.380,3.358,10000
2020-08-28 09:44:57.380,3.358,100
2020-08-28 09:44:57.380,3.358,1000
2020-08-28 09:44:57.380,3.358,500
2020-08-28 09:44:57.380,3.358,300
2020-08-28 09:44:57.380,3.358,1000
2020-08-28 09:44:57.380,3.358,100
2020-08-28 09:44:57.380,3.358,100
2020-08-28 09:44:57.380,3.358,1000
2020-08-28 09:44:57.380,3.358,10000
2020-08-28 09:44:57.380,3.358,100
2020-08-28 09:44:57.380,3.358,2000
2020-08-28 09:44:57.380,3.358,1000
2020-08-28 09:44:57.380,3.358,6900
2020-08-28 09:44:57.740,3.358,299600
2020-08-28 09:44:57.990,3.358,40000
2020-08-28 09:44:58.110,3.357,4000
2020-08-28 09:44:58.370,3.358,30000
2020-08-28 09:44:58.370,3.358,30000
2020-08-28 09:44:58.370,3.358,30000
2020-08-28 09:44:58.370,3.358,20000
2020-08-28 09:44:58.370,3.358,43500
2020-08-28 09:44:58.370,3.358,2000
2020-08-28 09:44:58.370,3.358,1000
2020-08-28 09:44:58.370,3.358,3500
2020-08-28 09:44:58.370,3.358,3000
2020-08-28 09:44:58.370,3.358,500
2020-08-28 09:44:58.370,3.358,6500
2020-08-28 09:44:58.420,3.358,3500
2020-08-28 09:44:58.420,3.358,26200
2020-08-28 09:44:58.600,3.358,23800
2020-08-28 09:44:58.600,3.358,5000
2020-08-28 09:44:58.600,3.358,10000
2020-08-28 09:44:58.600,3.358,1000
2020-08-28 09:44:58.600,3.358,20000
2020-08-28 09:44:58.600,3.358,10000
2020-08-28 09:44:58.600,3.358,1000
2020-08-28 09:44:58.600,3.358,50000
2020-08-28 09:44:58.600,3.358,1000
2020-08-28 09:44:58.600,3.358,50000
2020-08-28 09:44:58.600,3.358,500
2020-08-28 09:44:58.600,3.358,1400
2020-08-28 09:44:58.600,3.358,50000
2020-08-28 09:44:58.600,3.358,5000
2020-08-28 09:44:58.600,3.358,31200
2020-08-28 09:44:58.600,3.358,10000
2020-08-28 09:44:58.600,3.358,5000
2020-08-28 09:44:58.600,3.358,10900
2020-08-28 09:44:58.600,3.358,14200
2020-08-28 09:44:58.630,3.358,5800
2020-08-28 09:44:58.630,3.358,5000
2020-08-28 09:44:58.630,3.358,3000
2020-08-28 09:44:58.630,3.358,3000
2020-08-28 09:44:58.630,3.358,6000
2020-08-28 09:44:59.140,3.359,10000
2020-08-28 09:44:59.140,3.359,200
2020-08-28 09:44:59.140,3.359,10000
2020-08-28 09:44:59.140,3.359,100
2020-08-28 09:44:59.140,3.359,1000
2020-08-28 09:44:59.140,3.359,500
2020-08-28 09:44:59.140,3.359,2000
2020-08-28 09:44:59.140,3.359,5000
2020-08-28 09:44:59.140,3.359,500
2020-08-28 09:44:59.140,3.359,10000
2020-08-28 09:44:59.140,3.359,20000
2020-08-28 09:44:59.140,3.359,5000
2020-08-28 09:44:59.140,3.359,10000
2020-08-28 09:44:59.140,3.359,1500
2020-08-28 09:44:59.140,3.359,200
2020-08-28 09:44:59.140,3.359,10000
2020-08-28 09:44:59.140,3.359,1000
2020-08-28 09:44:59.140,3.359,100
2020-08-28 09:44:59.140,3.359,10000
2020-08-28 09:44:59.140,3.359,2000
2020-08-28 09:44:59.140,3.359,3300
2020-08-28 09:44:59.140,3.359,1000
2020-08-28 09:44:59.140,3.359,6500
2020-08-28 09:44:59.140,3.359,2000
2020-08-28 09:44:59.140,3.359,10000
2020-08-28 09:44:59.140,3.359,5000
2020-08-28 09:44:59.140,3.359,1000
2020-08-28 09:44:59.140,3.359,1000
2020-08-28 09:44:59.140,3.359,54400
2020-08-28 09:44:59.140,3.359,5000
2020-08-28 09:44:59.140,3.359,5000
2020-08-28 09:44:59.140,3.359,10000
2020-08-28 09:44:59.140,3.359,5000
2020-08-28 09:44:59.140,3.359,3300
2020-08-28 09:44:59.140,3.359,5000
2020-08-28 09:44:59.140,3.359,1000
2020-08-28 09:44:59.140,3.359,10000
2020-08-28 09:44:59.140,3.359,2000
2020-08-28 09:44:59.140,3.359,1000
2020-08-28 09:44:59.140,3.359,300
2020-08-28 09:44:59.140,3.359,100
2020-08-28 09:44:59.140,3.359,5000
2020-08-28 09:44:59.140,3.359,50000
2020-08-28 09:44:59.140,3.359,100
2020-08-28 09:44:59.140,3.359,10000
2020-08-28 09:44:59.140,3.359,3900
2020-08-28 09:44:59.170,3.358,52400
2020-08-28 09:44:59.170,3.358,12500
2020-08-28 09:44:59.210,3.358,2400
2020-08-28 09:44:59.480,3.357,5000
2020-08-28 09:45:00.060,3.359,1100
2020-08-28 09:45:00.060,3.359,1500
2020-08-28 09:45:00.060,3.359,5000
2020-08-28 09:45:00.060,3.359,32400
2020-08-28 09:45:00.060,3.357,100
2020-08-28 09:45:00.380,3.359,17600
2020-08-28 09:45:00.380,3.359,6000
2020-08-28 09:45:00.380,3.359,6000
2020-08-28 09:45:00.380,3.359,93000
2020-08-28 09:45:00.380,3.359,3300
2020-08-28 09:45:00.380,3.36,10000
2020-08-28 09:45:00.380,3.36,6000
2020-08-28 09:45:00.380,3.36,500
2020-08-28 09:45:00.380,3.36,200
2020-08-28 09:45:00.380,3.36,4500
2020-08-28 09:45:00.380,3.36,4000
2020-08-28 09:45:00.380,3.36,1000
2020-08-28 09:45:00.380,3.36,400
2020-08-28 09:45:00.380,3.36,7000
2020-08-28 09:45:00.380,3.36,10000
2020-08-28 09:45:00.380,3.36,1000
2020-08-28 09:45:00.380,3.36,1000
2020-08-28 09:45:00.380,3.36,8000
2020-08-28 09:45:00.380,3.36,8300
2020-08-28 09:45:00.380,3.36,500
2020-08-28 09:45:00.380,3.36,100
2020-08-28 09:45:00.380,3.36,10000
2020-08-28 09:45:00.380,3.36,2800
2020-08-28 09:45:00.380,3.36,2000
2020-08-28 09:45:00.380,3.36,200
2020-08-28 09:45:00.380,3.36,10000
2020-08-28 09:45:00.380,3.36,5000
2020-08-28 09:45:00.380,3.36,200
2020-08-28 09:45:00.380,3.36,5000
2020-08-28 09:45:00.380,3.36,500
2020-08-28 09:45:00.380,3.36,1000
2020-08-28 09:45:00.380,3.36,2000
2020-08-28 09:45:00.380,3.36,10000
2020-08-28 09:45:00.380,3.36,200
2020-08-28 09:45:00.380,3.36,5000
2020-08-28 09:45:00.380,3.36,10000
2020-08-28 09:45:00.380,3.36,4000
2020-08-28 09:45:00.380,3.36,2800
2020-08-28 09:45:00.380,3.36,20000
2020-08-28 09:45:00.380,3.36,3600
2020-08-28 09:45:00.380,3.36,1700
2020-08-28 09:45:00.380,3.36,2000
2020-08-28 09:45:00.380,3.36,100
2020-08-28 09:45:00.380,3.36,10000
2020-08-28 09:45:00.380,3.36,900
2020-08-28 09:45:00.380,3.36,1000
2020-08-28 09:45:00.380,3.36,1600
2020-08-28 09:45:00.380,3.36,3400
2020-08-28 09:45:00.380,3.36,21400
2020-08-28 09:45:00.380,3.36,5200
2020-08-28 09:45:00.450,3.358,200
2020-08-28 09:45:00.690,3.358,3200
2020-08-28 09:45:01.520,3.358,2000
2020-08-28 09:45:02.050,3.36,9800
2020-08-28 09:45:02.050,3.36,10000
2020-08-28 09:45:02.050,3.36,10000
2020-08-28 09:45:02.050,3.36,10000
2020-08-28 09:45:02.050,3.36,20000
2020-08-28 09:45:02.050,3.36,6500
2020-08-28 09:45:02.050,3.36,70000
2020-08-28 09:45:02.050,3.36,2000
2020-08-28 09:45:02.050,3.36,1000
2020-08-28 09:45:02.050,3.36,5000
2020-08-28 09:45:02.050,3.36,20000
2020-08-28 09:45:02.050,3.36,100
2020-08-28 09:45:02.050,3.36,10000
2020-08-28 09:45:02.050,3.36,2000
2020-08-28 09:45:02.050,3.36,100
2020-08-28 09:45:02.050,3.36,20000
2020-08-28 09:45:02.050,3.36,5000
2020-08-28 09:45:02.050,3.36,1500
2020-08-28 09:45:02.050,3.36,3000
2020-08-28 09:45:02.050,3.36,1000
2020-08-28 09:45:02.050,3.36,5000
2020-08-28 09:45:02.050,3.36,1000
2020-08-28 09:45:02.050,3.36,8400
2020-08-28 09:45:02.050,3.36,40000
2020-08-28 09:45:02.050,3.36,1500
2020-08-28 09:45:02.050,3.36,5000
2020-08-28 09:45:02.050,3.36,4000
2020-08-28 09:45:02.050,3.36,100
2020-08-28 09:45:02.050,3.36,8600
2020-08-28 09:45:02.050,3.36,4500
2020-08-28 09:45:02.210,3.359,30000
2020-08-28 09:45:02.210,3.358,20000
2020-08-28 09:45:02.330,3.358,5000
2020-08-28 09:45:02.920,3.358,2000
2020-08-28 09:45:02.920,3.358,100
2020-08-28 09:45:03.910,3.359,100
2020-08-28 09:45:03.910,3.359,8000
2020-08-28 09:45:05.440,3.359,2900
2020-08-28 09:45:07.600,3.359,1000
2020-08-28 09:45:09.170,3.359,200
2020-08-28 09:45:09.600,3.36,30200
2020-08-28 09:45:10.890,3.36,15300
2020-08-28 09:45:10.890,3.36,1000
2020-08-28 09:45:10.890,3.36,100
2020-08-28 09:45:10.890,3.36,13600
2020-08-28 09:45:11.050,3.359,200
2020-08-28 09:45:11.930,3.359,20000
2020-08-28 09:45:12.670,3.359,6000
2020-08-28 09:45:13.760,3.36,1000
2020-08-28 09:45:16.460,3.359,600
2020-08-28 09:45:16.520,3.36,5400
2020-08-28 09:45:16.520,3.36,10000
2020-08-28 09:45:16.520,3.36,5000
2020-08-28 09:45:16.520,3.36,200
2020-08-28 09:45:16.520,3.36,9800
2020-08-28 09:45:16.520,3.36,200
2020-08-28 09:45:16.520,3.36,110000
2020-08-28 09:45:16.520,3.36,10000
2020-08-28 09:45:16.520,3.36,5000
2020-08-28 09:45:16.520,3.36,1000
2020-08-28 09:45:16.520,3.36,4900
2020-08-28 09:45:16.520,3.36,4000
2020-08-28 09:45:16.520,3.361,10000
2020-08-28 09:45:16.520,3.361,200
2020-08-28 09:45:16.520,3.361,1000
2020-08-28 09:45:16.520,3.361,1400
2020-08-28 09:45:16.520,3.361,1000
2020-08-28 09:45:16.520,3.361,500
2020-08-28 09:45:16.520,3.361,500
2020-08-28 09:45:16.520,3.361,300
2020-08-28 09:45:16.520,3.361,4900
2020-08-28 09:45:16.520,3.361,600
2020-08-28 09:45:16.520,3.361,5100
2020-08-28 09:45:16.520,3.361,2000
2020-08-28 09:45:16.520,3.361,700
2020-08-28 09:45:16.520,3.361,165300
2020-08-28 09:45:16.520,3.361,6500
2020-08-28 09:45:16.520,3.361,3300
2020-08-28 09:45:16.520,3.361,10000
2020-08-28 09:45:16.520,3.361,5000
2020-08-28 09:45:16.520,3.361,1000
2020-08-28 09:45:16.520,3.361,1500
2020-08-28 09:45:16.520,3.361,6200
2020-08-28 09:45:16.520,3.361,10000
2020-08-28 09:45:16.520,3.361,200
2020-08-28 09:45:16.520,3.361,5000
2020-08-28 09:45:16.520,3.361,5500
2020-08-28 09:45:16.520,3.362,6000
2020-08-28 09:45:16.520,3.362,30000
2020-08-28 09:45:16.520,3.362,200
2020-08-28 09:45:16.520,3.362,600
2020-08-28 09:45:16.520,3.362,1000
2020-08-28 09:45:16.520,3.362,2300
2020-08-28 09:45:16.520,3.362,500
2020-08-28 09:45:16.520,3.362,500
2020-08-28 09:45:16.520,3.362,10000
2020-08-28 09:45:16.520,3.362,10000
2020-08-28 09:45:16.520,3.362,25700
2020-08-28 09:45:17.520,3.36,3000
2020-08-28 09:45:17.520,3.359,1000
2020-08-28 09:45:17.520,3.359,4800
2020-08-28 09:45:17.580,3.359,20000
2020-08-28 09:45:17.670,3.361,1000
2020-08-28 09:45:17.970,3.359,200
2020-08-28 09:45:17.990,3.36,4000
2020-08-28 09:45:18.090,3.36,1000
2020-08-28 09:45:18.250,3.36,1000
2020-08-28 09:45:18.820,3.36,1000
2020-08-28 09:45:19.220,3.36,2900
2020-08-28 09:45:19.260,3.361,6000
2020-08-28 09:45:19.490,3.36,300
2020-08-28 09:45:19.740,3.36,20500
2020-08-28 09:45:20.010,3.36,500
2020-08-28 09:45:20.720,3.36,5000
2020-08-28 09:45:21.840,3.36,200
2020-08-28 09:45:21.840,3.36,1800
2020-08-28 09:45:21.840,3.36,3000
2020-08-28 09:45:21.960,3.36,500
2020-08-28 09:45:23.170,3.36,1500
2020-08-28 09:45:23.440,3.361,2000
2020-08-28 09:45:23.500,3.36,23200
2020-08-28 09:45:23.500,3.36,16800
2020-08-28 09:45:23.560,3.36,1000
2020-08-28 09:45:23.800,3.36,5000
2020-08-28 09:45:23.920,3.36,7200
2020-08-28 09:45:23.920,3.36,2800
2020-08-28 09:45:23.950,3.361,14100
2020-08-28 09:45:25.400,3.36,1200
2020-08-28 09:45:25.400,3.36,8800
2020-08-28 09:45:25.650,3.36,1200
2020-08-28 09:45:25.910,3.36,600
2020-08-28 09:45:26.250,3.36,1200
2020-08-28 09:45:26.250,3.361,300
2020-08-28 09:45:26.460,3.36,500
2020-08-28 09:45:27.570,3.361,17600
2020-08-28 09:45:27.570,3.361,16600
2020-08-28 09:45:27.600,3.36,100
2020-08-28 09:45:27.870,3.36,6000
2020-08-28 09:45:28.200,3.36,5000
2020-08-28 09:45:28.410,3.36,5000
