Datetime,Price,Volume
2020-08-28 09:25:00.780,4.793,3000
2020-08-28 09:25:00.780,4.793,2500
2020-08-28 09:25:00.780,4.793,9400
2020-08-28 09:25:00.780,4.793,19500
2020-08-28 09:25:00.780,4.793,5900
2020-08-28 09:25:00.780,4.793,2900
2020-08-28 09:25:00.780,4.793,1100
2020-08-28 09:25:00.780,4.793,300
2020-08-28 09:25:00.780,4.793,3600
2020-08-28 09:25:00.780,4.793,200
2020-08-28 09:25:00.780,4.793,2200
2020-08-28 09:25:00.780,4.793,21000
2020-08-28 09:25:00.780,4.793,6900
2020-08-28 09:25:00.780,4.793,10000
2020-08-28 09:25:00.780,4.793,4900
2020-08-28 09:25:00.780,4.793,15000
2020-08-28 09:25:00.780,4.793,20000
2020-08-28 09:25:00.780,4.793,75900
2020-08-28 09:25:00.780,4.793,200
2020-08-28 09:25:00.780,4.793,200
2020-08-28 09:25:00.780,4.793,3000
2020-08-28 09:25:00.780,4.793,500
2020-08-28 09:25:00.780,4.793,60200
2020-08-28 09:25:00.780,4.793,200
2020-08-28 09:25:00.780,4.793,3800
2020-08-28 09:25:00.780,4.793,1400
2020-08-28 09:25:00.780,4.793,8900
2020-08-28 09:25:00.780,4.793,2000
2020-08-28 09:25:00.780,4.793,5000
2020-08-28 09:25:00.780,4.793,5900
2020-08-28 09:25:00.780,4.793,14300
2020-08-28 09:25:00.780,4.793,15400
2020-08-28 09:25:00.780,4.793,200
2020-08-28 09:25:00.780,4.793,3500
2020-08-28 09:25:00.780,4.793,5700
2020-08-28 09:25:00.780,4.793,19300
2020-08-28 09:25:00.780,4.793,100
2020-08-28 09:25:00.780,4.793,800
2020-08-28 09:25:00.780,4.793,100
2020-08-28 09:25:00.780,4.793,100
2020-08-28 09:25:00.780,4.793,100
2020-08-28 09:25:00.780,4.793,100
2020-08-28 09:25:00.780,4.793,3000
2020-08-28 09:25:00.780,4.793,15000
2020-08-28 09:25:00.780,4.793,6300
2020-08-28 09:25:00.780,4.793,200
2020-08-28 09:25:00.780,4.793,4800
2020-08-28 09:25:00.780,4.793,100
2020-08-28 09:25:00.780,4.793,100
2020-08-28 09:25:00.780,4.793,200
2020-08-28 09:25:00.780,4.793,2500
2020-08-28 09:25:00.780,4.793,2300
2020-08-28 09:25:00.780,4.793,1900
2020-08-28 09:25:00.780,4.793,2000
2020-08-28 09:25:00.780,4.793,6200
2020-08-28 09:25:00.780,4.793,300
2020-08-28 09:25:00.780,4.793,3700
2020-08-28 09:25:00.780,4.793,2500
2020-08-28 09:25:00.780,4.793,200
2020-08-28 09:25:00.780,4.793,100
2020-08-28 09:25:00.780,4.793,100
2020-08-28 09:25:00.780,4.793,200
2020-08-28 09:25:00.780,4.793,100
2020-08-28 09:25:00.780,4.793,400
2020-08-28 09:25:00.780,4.793,300
2020-08-28 09:25:00.780,4.793,100
2020-08-28 09:25:00.780,4.793,500
2020-08-28 09:25:00.780,4.793,1000
2020-08-28 09:25:00.780,4.793,300
2020-08-28 09:25:00.780,4.793,1200
2020-08-28 09:25:00.780,4.793,100
2020-08-28 09:25:00.780,4.793,100
2020-08-28 09:25:00.780,4.793,100
2020-08-28 09:25:00.780,4.793,200
2020-08-28 09:25:00.780,4.793,100
2020-08-28 09:25:00.780,4.793,100
2020-08-28 09:25:00.780,4.793,100
2020-08-28 09:25:00.780,4.793,200
2020-08-28 09:25:00.780,4.793,100
2020-08-28 09:25:00.780,4.793,100
2020-08-28 09:25:00.780,4.793,100
2020-08-28 09:25:00.780,4.793,100
2020-08-28 09:25:00.780,4.793,200
2020-08-28 09:25:00.780,4.793,400
2020-08-28 09:25:00.780,4.793,300
2020-08-28 09:25:00.780,4.793,300
2020-08-28 09:25:00.780,4.793,100
2020-08-28 09:25:00.780,4.793,100
2020-08-28 09:25:00.780,4.793,900
2020-08-28 09:25:00.780,4.793,200
2020-08-28 09:25:00.780,4.793,100
2020-08-28 09:25:00.780,4.793,200
2020-08-28 09:25:00.780,4.793,100
2020-08-28 09:25:00.780,4.793,100
2020-08-28 09:25:00.780,4.793,100
2020-08-28 09:25:00.780,4.793,400
2020-08-28 09:25:00.780,4.793,100
2020-08-28 09:25:00.780,4.793,300
2020-08-28 09:25:00.780,4.793,100
2020-08-28 09:25:00.780,4.793,100
2020-08-28 09:25:00.780,4.793,500
2020-08-28 09:25:00.780,4.793,100
2020-08-28 09:25:00.780,4.793,10800
2020-08-28 09:25:00.780,4.793,9200
2020-08-28 09:25:00.780,4.793,800
2020-08-28 09:25:00.780,4.793,200
2020-08-28 09:25:00.780,4.793,800
2020-08-28 09:25:00.780,4.793,4200
2020-08-28 09:25:00.780,4.793,100
2020-08-28 09:25:00.780,4.793,100
2020-08-28 09:25:00.780,4.793,1000
2020-08-28 09:25:00.780,4.793,12500
2020-08-28 09:25:00.780,4.793,100
2020-08-28 09:25:00.780,4.793,400
2020-08-28 09:25:00.780,4.793,1500
2020-08-28 09:25:00.780,4.793,24700
2020-08-28 09:25:00.780,4.793,13600
2020-08-28 09:25:00.780,4.793,200
2020-08-28 09:25:00.780,4.793,1500
2020-08-28 09:25:00.780,4.793,10000
2020-08-28 09:25:00.780,4.793,7000
2020-08-28 09:25:00.780,4.793,5900
2020-08-28 09:25:00.780,4.793,500
2020-08-28 09:25:00.780,4.793,1000
2020-08-28 09:25:00.780,4.793,2000
2020-08-28 09:25:00.780,4.793,200
2020-08-28 09:25:00.780,4.793,2000
2020-08-28 09:25:00.780,4.793,100000
2020-08-28 09:25:00.780,4.793,4200
2020-08-28 09:25:00.780,4.793,10000
2020-08-28 09:25:00.780,4.793,3000
2020-08-28 09:25:00.780,4.793,100
2020-08-28 09:25:00.780,4.793,5000
2020-08-28 09:25:00.780,4.793,1000
2020-08-28 09:25:00.780,4.793,2000
2020-08-28 09:25:00.780,4.793,2000
2020-08-28 09:25:00.780,4.793,3000
2020-08-28 09:25:00.780,4.793,700
2020-08-28 09:25:00.780,4.793,100
2020-08-28 09:25:00.780,4.793,30000
2020-08-28 09:25:00.780,4.793,40000
2020-08-28 09:25:00.780,4.793,2200
2020-08-28 09:25:00.780,4.793,100
2020-08-28 09:25:00.780,4.793,100
2020-08-28 09:25:00.780,4.793,200
2020-08-28 09:25:00.780,4.793,100
2020-08-28 09:25:00.780,4.793,100
2020-08-28 09:25:00.780,4.793,7200
2020-08-28 09:25:00.780,4.793,11300
2020-08-28 09:25:00.780,4.793,1000
2020-08-28 09:25:00.780,4.793,500
2020-08-28 09:25:00.780,4.793,5800
2020-08-28 09:25:00.780,4.793,4200
2020-08-28 09:25:00.780,4.793,100
2020-08-28 09:25:00.780,4.793,2000
2020-08-28 09:25:00.780,4.793,100
2020-08-28 09:25:00.780,4.793,1000
2020-08-28 09:25:00.780,4.793,200
2020-08-28 09:25:00.780,4.793,100
2020-08-28 09:25:00.780,4.793,100
2020-08-28 09:25:00.780,4.793,92200
2020-08-28 09:25:00.780,4.793,20000
2020-08-28 09:25:00.780,4.793,10000
2020-08-28 09:25:00.780,4.793,63800
2020-08-28 09:25:00.780,4.793,40000
2020-08-28 09:25:00.780,4.793,47100
2020-08-28 09:25:00.780,4.793,10000
2020-08-28 09:25:00.780,4.793,4000
2020-08-28 09:25:00.780,4.793,2200
2020-08-28 09:25:00.780,4.793,5700
2020-08-28 09:25:00.780,4.793,4300
2020-08-28 09:25:00.780,4.793,10000
2020-08-28 09:25:00.780,4.793,200
2020-08-28 09:25:00.780,4.793,10000
2020-08-28 09:25:00.780,4.793,2500
2020-08-28 09:30:00.020,4.794,100
2020-08-28 09:30:00.050,4.793,73000
2020-08-28 09:30:00.050,4.792,2000
2020-08-28 09:30:00.050,4.792,2700
2020-08-28 09:30:00.050,4.792,800
2020-08-28 09:30:00.050,4.792,200
2020-08-28 09:30:00.050,4.792,10000
2020-08-28 09:30:00.050,4.791,2500
2020-08-28 09:30:00.050,4.791,2500
2020-08-28 09:30:00.050,4.791,10000
2020-08-28 09:30:00.050,4.791,200
2020-08-28 09:30:00.050,4.79,200
2020-08-28 09:30:00.050,4.79,2000
2020-08-28 09:30:00.050,4.79,100
2020-08-28 09:30:00.050,4.79,100
2020-08-28 09:30:00.050,4.79,2000
2020-08-28 09:30:00.050,4.79,1000
2020-08-28 09:30:00.050,4.79,5000
2020-08-28 09:30:00.050,4.79,15000
2020-08-28 09:30:00.050,4.79,500
2020-08-28 09:30:00.050,4.79,100
2020-08-28 09:30:00.050,4.79,10000
2020-08-28 09:30:00.050,4.79,5000
2020-08-28 09:30:00.050,4.79,5000
2020-08-28 09:30:00.050,4.79,300
2020-08-28 09:30:00.050,4.79,100
2020-08-28 09:30:00.050,4.79,100
2020-08-28 09:30:00.050,4.79,100
2020-08-28 09:30:00.050,4.79,500
2020-08-28 09:30:00.050,4.79,500
2020-08-28 09:30:00.050,4.79,48500
2020-08-28 09:30:00.050,4.79,1500
2020-08-28 09:30:00.050,4.79,1000
2020-08-28 09:30:00.050,4.79,5000
2020-08-28 09:30:00.050,4.79,200
2020-08-28 09:30:00.050,4.79,4500
2020-08-28 09:30:00.050,4.79,2000
2020-08-28 09:30:00.050,4.79,200
2020-08-28 09:30:00.050,4.79,4000
2020-08-28 09:30:00.050,4.79,200
2020-08-28 09:30:00.050,4.79,1000
2020-08-28 09:30:00.050,4.79,300
2020-08-28 09:30:00.050,4.79,2000
2020-08-28 09:30:00.050,4.79,12500
2020-08-28 09:30:00.050,4.79,10800
2020-08-28 09:30:00.050,4.79,4000
2020-08-28 09:30:00.050,4.79,200
2020-08-28 09:30:00.350,4.79,100
2020-08-28 09:30:00.350,4.789,1000
2020-08-28 09:30:00.350,4.789,100
2020-08-28 09:30:00.430,4.789,800
2020-08-28 09:30:00.430,4.79,7200
2020-08-28 09:30:00.430,4.79,200
2020-08-28 09:30:00.650,4.79,100
2020-08-28 09:30:00.650,4.79,1200
2020-08-28 09:30:00.650,4.79,100
2020-08-28 09:30:00.650,4.79,200
2020-08-28 09:30:00.760,4.79,10000
2020-08-28 09:30:01.140,4.79,5000
2020-08-28 09:30:01.140,4.789,5000
2020-08-28 09:30:01.380,4.79,1000
2020-08-28 09:30:01.510,4.79,2500
2020-08-28 09:30:01.640,4.79,100
2020-08-28 09:30:01.760,4.79,5000
2020-08-28 09:30:01.880,4.79,2000
2020-08-28 09:30:02.000,4.79,100
2020-08-28 09:30:02.270,4.79,1000
2020-08-28 09:30:02.270,4.79,1000
2020-08-28 09:30:02.270,4.79,20000
2020-08-28 09:30:02.500,4.79,300
2020-08-28 09:30:02.610,4.789,6300
2020-08-28 09:30:02.610,4.788,500
2020-08-28 09:30:02.610,4.788,1000
2020-08-28 09:30:02.610,4.788,100
2020-08-28 09:30:02.610,4.787,100
2020-08-28 09:30:02.610,4.786,10000
2020-08-28 09:30:02.610,4.786,2800
2020-08-28 09:30:02.860,4.79,10000
2020-08-28 09:30:03.000,4.79,18800
2020-08-28 09:30:03.000,4.79,3000
2020-08-28 09:30:03.250,4.79,100
2020-08-28 09:30:03.360,4.79,4000
2020-08-28 09:30:03.360,4.79,100
2020-08-28 09:30:03.360,4.79,400
2020-08-28 09:30:03.360,4.79,98500
2020-08-28 09:30:03.990,4.79,100
2020-08-28 09:30:03.990,4.79,10000
2020-08-28 09:30:03.990,4.79,10000
2020-08-28 09:30:04.220,4.79,100
2020-08-28 09:30:04.410,4.79,75000
2020-08-28 09:30:04.410,4.79,400
2020-08-28 09:30:05.050,4.79,700
2020-08-28 09:30:05.210,4.79,800
2020-08-28 09:30:05.440,4.79,600
2020-08-28 09:30:05.530,4.79,500
2020-08-28 09:30:05.630,4.79,100
2020-08-28 09:30:05.780,4.79,700
2020-08-28 09:30:05.880,4.79,1000
2020-08-28 09:30:06.110,4.789,2000
2020-08-28 09:30:06.110,4.788,13000
2020-08-28 09:30:06.150,4.788,500
2020-08-28 09:30:06.990,4.79,5100
2020-08-28 09:30:07.320,4.79,300
2020-08-28 09:30:07.410,4.79,100
2020-08-28 09:30:07.720,4.79,1200
2020-08-28 09:30:07.790,4.79,1200
2020-08-28 09:30:08.390,4.789,800
2020-08-28 09:30:08.700,4.79,3000
2020-08-28 09:30:10.110,4.788,16500
2020-08-28 09:30:10.200,4.788,8000
2020-08-28 09:30:10.690,4.786,100
2020-08-28 09:30:10.690,4.786,100
2020-08-28 09:30:10.690,4.786,100
2020-08-28 09:30:10.750,4.786,100
2020-08-28 09:30:10.750,4.786,100
2020-08-28 09:30:10.750,4.786,100
2020-08-28 09:30:10.750,4.786,100
2020-08-28 09:30:10.810,4.786,100
2020-08-28 09:30:10.810,4.786,100
2020-08-28 09:30:10.810,4.786,100
2020-08-28 09:30:10.810,4.786,100
2020-08-28 09:30:10.810,4.786,100
2020-08-28 09:30:10.810,4.786,100
2020-08-28 09:30:10.810,4.786,100
2020-08-28 09:30:10.880,4.786,100
2020-08-28 09:30:10.880,4.786,100
2020-08-28 09:30:10.880,4.786,100
2020-08-28 09:30:10.880,4.786,100
2020-08-28 09:30:10.880,4.786,100
2020-08-28 09:30:10.880,4.786,100
2020-08-28 09:30:10.880,4.786,100
2020-08-28 09:30:10.880,4.786,100
2020-08-28 09:30:10.880,4.786,100
2020-08-28 09:30:10.880,4.786,100
2020-08-28 09:30:10.880,4.786,100
2020-08-28 09:30:10.970,4.786,100
2020-08-28 09:30:10.970,4.786,100
2020-08-28 09:30:10.970,4.786,100
2020-08-28 09:30:10.970,4.786,100
2020-08-28 09:30:10.970,4.786,100
2020-08-28 09:30:10.970,4.786,100
2020-08-28 09:30:10.970,4.786,100
2020-08-28 09:30:10.970,4.786,100
2020-08-28 09:30:10.970,4.786,100
2020-08-28 09:30:10.990,4.786,100
2020-08-28 09:30:10.990,4.786,100
2020-08-28 09:30:10.990,4.786,100
2020-08-28 09:30:10.990,4.786,100
2020-08-28 09:30:10.990,4.786,100
2020-08-28 09:30:11.080,4.786,100
2020-08-28 09:30:11.080,4.786,100
2020-08-28 09:30:11.080,4.786,100
2020-08-28 09:30:11.080,4.786,100
2020-08-28 09:30:11.080,4.786,100
2020-08-28 09:30:11.080,4.786,100
2020-08-28 09:30:11.080,4.786,100
2020-08-28 09:30:11.080,4.786,100
2020-08-28 09:30:11.130,4.786,100
2020-08-28 09:30:11.130,4.786,100
2020-08-28 09:30:11.130,4.786,100
2020-08-28 09:30:11.130,4.786,100
2020-08-28 09:30:11.130,4.786,100
2020-08-28 09:30:11.130,4.786,100
2020-08-28 09:30:11.130,4.786,100
2020-08-28 09:30:11.130,4.786,100
2020-08-28 09:30:11.130,4.786,100
2020-08-28 09:30:11.130,4.786,100
2020-08-28 09:30:11.130,4.786,100
2020-08-28 09:30:11.130,4.786,100
2020-08-28 09:30:11.200,4.786,100
2020-08-28 09:30:11.200,4.786,100
2020-08-28 09:30:11.200,4.786,100
2020-08-28 09:30:11.200,4.786,100
2020-08-28 09:30:11.200,4.786,100
2020-08-28 09:30:11.240,4.786,100
2020-08-28 09:30:11.240,4.786,100
2020-08-28 09:30:11.240,4.786,100
2020-08-28 09:30:11.240,4.786,100
2020-08-28 09:30:11.240,4.786,100
2020-08-28 09:30:11.240,4.786,100
2020-08-28 09:30:11.240,4.786,100
2020-08-28 09:30:11.330,4.786,100
2020-08-28 09:30:11.330,4.786,100
2020-08-28 09:30:11.330,4.786,100
2020-08-28 09:30:11.330,4.786,100
2020-08-28 09:30:11.330,4.786,100
2020-08-28 09:30:11.360,4.786,100
2020-08-28 09:30:11.360,4.786,100
2020-08-28 09:30:11.360,4.786,100
2020-08-28 09:30:11.360,4.786,100
2020-08-28 09:30:11.360,4.786,100
2020-08-28 09:30:11.450,4.786,100
2020-08-28 09:30:11.450,4.786,100
2020-08-28 09:30:11.450,4.786,100
2020-08-28 09:30:11.450,4.786,100
2020-08-28 09:30:11.450,4.786,100
2020-08-28 09:30:11.450,4.786,100
2020-08-28 09:30:11.580,4.786,100
2020-08-28 09:30:11.580,4.786,100
2020-08-28 09:30:11.580,4.786,100
2020-08-28 09:30:13.040,4.788,2000
2020-08-28 09:30:14.120,4.786,21800
2020-08-28 09:30:14.120,4.786,5000
2020-08-28 09:30:14.120,4.786,26900
2020-08-28 09:30:14.120,4.786,100
2020-08-28 09:30:14.120,4.785,200
2020-08-28 09:30:14.120,4.785,100
2020-08-28 09:30:14.120,4.785,2500
2020-08-28 09:30:14.120,4.785,7000
2020-08-28 09:30:14.120,4.785,3000
2020-08-28 09:30:14.120,4.785,10000
2020-08-28 09:30:14.230,4.788,1000
2020-08-28 09:30:14.590,4.788,5500
2020-08-28 09:30:14.590,4.788,500
2020-08-28 09:30:16.530,4.788,3000
2020-08-28 09:30:16.660,4.785,223400
2020-08-28 09:30:16.770,4.788,5000
2020-08-28 09:30:17.340,4.788,1500
2020-08-28 09:30:17.340,4.788,15000
2020-08-28 09:30:17.340,4.789,4000
2020-08-28 09:30:17.340,4.789,3500
2020-08-28 09:30:18.690,4.789,4000
2020-08-28 09:30:19.500,4.788,100
2020-08-28 09:30:19.550,4.788,100
2020-08-28 09:30:19.550,4.788,100
2020-08-28 09:30:19.550,4.788,100
2020-08-28 09:30:19.550,4.788,100
2020-08-28 09:30:19.550,4.788,100
2020-08-28 09:30:19.550,4.788,100
2020-08-28 09:30:19.610,4.788,100
2020-08-28 09:30:19.610,4.788,100
2020-08-28 09:30:19.610,4.788,100
2020-08-28 09:30:19.690,4.788,100
2020-08-28 09:30:19.690,4.788,100
2020-08-28 09:30:19.690,4.788,100
2020-08-28 09:30:19.780,4.788,100
2020-08-28 09:30:19.810,4.788,100
2020-08-28 09:30:19.810,4.788,100
2020-08-28 09:30:19.810,4.788,100
2020-08-28 09:30:19.810,4.788,100
2020-08-28 09:30:19.810,4.788,100
2020-08-28 09:30:19.810,4.788,100
2020-08-28 09:30:19.810,4.788,100
2020-08-28 09:30:19.810,4.788,100
2020-08-28 09:30:19.810,4.788,100
2020-08-28 09:30:19.810,4.788,100
2020-08-28 09:30:19.810,4.788,100
2020-08-28 09:30:19.810,4.788,100
2020-08-28 09:30:19.810,4.788,100
2020-08-28 09:30:19.810,4.788,100
2020-08-28 09:30:19.840,4.788,100
2020-08-28 09:30:19.840,4.788,100
2020-08-28 09:30:19.840,4.788,100
2020-08-28 09:30:19.840,4.788,100
2020-08-28 09:30:19.840,4.788,100
2020-08-28 09:30:19.840,4.788,100
2020-08-28 09:30:19.840,4.788,100
2020-08-28 09:30:19.840,4.788,100
2020-08-28 09:30:19.840,4.788,100
2020-08-28 09:30:19.840,4.789,8100
2020-08-28 09:30:19.840,4.789,41900
2020-08-28 09:30:19.870,4.788,100
2020-08-28 09:30:19.870,4.788,100
2020-08-28 09:30:19.870,4.788,100
2020-08-28 09:30:19.870,4.787,100
2020-08-28 09:30:19.870,4.787,100
2020-08-28 09:30:19.870,4.787,100
2020-08-28 09:30:19.870,4.787,100
2020-08-28 09:30:19.870,4.787,100
2020-08-28 09:30:19.870,4.787,100
2020-08-28 09:30:19.900,4.787,100
2020-08-28 09:30:19.900,4.787,100
2020-08-28 09:30:19.900,4.787,100
2020-08-28 09:30:19.900,4.787,100
2020-08-28 09:30:19.900,4.787,100
2020-08-28 09:30:19.900,4.787,100
2020-08-28 09:30:19.900,4.787,100
2020-08-28 09:30:19.900,4.787,100
2020-08-28 09:30:19.960,4.787,100
2020-08-28 09:30:19.960,4.787,100
2020-08-28 09:30:19.960,4.787,100
2020-08-28 09:30:19.960,4.787,100
2020-08-28 09:30:19.960,4.787,100
2020-08-28 09:30:19.960,4.787,100
2020-08-28 09:30:19.960,4.787,100
2020-08-28 09:30:20.020,4.787,100
2020-08-28 09:30:20.020,4.787,100
2020-08-28 09:30:20.020,4.787,100
2020-08-28 09:30:20.020,4.787,100
2020-08-28 09:30:20.020,4.787,100
2020-08-28 09:30:20.020,4.787,100
2020-08-28 09:30:20.040,4.787,100
2020-08-28 09:30:20.040,4.787,100
2020-08-28 09:30:20.040,4.787,100
2020-08-28 09:30:20.040,4.787,100
2020-08-28 09:30:20.040,4.787,100
2020-08-28 09:30:20.040,4.787,100
2020-08-28 09:30:20.100,4.787,100
2020-08-28 09:30:20.100,4.787,100
2020-08-28 09:30:20.160,4.787,100
2020-08-28 09:30:20.190,4.787,100
2020-08-28 09:30:20.190,4.787,100
2020-08-28 09:30:20.190,4.787,100
2020-08-28 09:30:20.190,4.787,100
2020-08-28 09:30:20.190,4.787,100
2020-08-28 09:30:20.190,4.787,100
2020-08-28 09:30:20.190,4.787,100
2020-08-28 09:30:20.190,4.787,100
2020-08-28 09:30:20.270,4.787,100
2020-08-28 09:30:20.270,4.787,100
2020-08-28 09:30:20.270,4.787,100
2020-08-28 09:30:20.270,4.787,100
2020-08-28 09:30:20.270,4.787,100
2020-08-28 09:30:20.270,4.787,100
2020-08-28 09:30:20.660,4.787,17700
2020-08-28 09:30:21.410,4.788,3000
2020-08-28 09:30:21.410,4.789,2000
2020-08-28 09:30:21.810,4.787,40000
2020-08-28 09:30:21.860,4.787,1700
2020-08-28 09:30:24.370,4.788,30000
2020-08-28 09:30:24.370,4.789,6100
2020-08-28 09:30:24.960,4.788,100
2020-08-28 09:30:25.080,4.788,100
2020-08-28 09:30:25.080,4.788,100
2020-08-28 09:30:25.080,4.788,100
2020-08-28 09:30:25.080,4.788,100
2020-08-28 09:30:25.080,4.788,100
2020-08-28 09:30:25.080,4.788,100
2020-08-28 09:30:25.080,4.788,100
2020-08-28 09:30:25.160,4.788,100
2020-08-28 09:30:25.160,4.788,100
2020-08-28 09:30:25.160,4.788,100
2020-08-28 09:30:25.160,4.788,100
2020-08-28 09:30:25.160,4.788,100
2020-08-28 09:30:25.160,4.788,100
2020-08-28 09:30:25.160,4.788,100
2020-08-28 09:30:25.230,4.788,100
2020-08-28 09:30:25.230,4.788,100
2020-08-28 09:30:25.230,4.788,100
2020-08-28 09:30:25.230,4.788,100
2020-08-28 09:30:25.230,4.788,100
2020-08-28 09:30:25.230,4.788,100
2020-08-28 09:30:25.230,4.788,100
2020-08-28 09:30:25.230,4.788,100
2020-08-28 09:30:25.230,4.788,100
2020-08-28 09:30:25.230,4.788,100
2020-08-28 09:30:25.230,4.788,100
2020-08-28 09:30:25.230,4.788,100
2020-08-28 09:30:25.230,4.788,100
2020-08-28 09:30:25.230,4.788,100
2020-08-28 09:30:25.310,4.788,100
2020-08-28 09:30:25.310,4.788,100
2020-08-28 09:30:25.310,4.788,100
2020-08-28 09:30:25.310,4.788,100
2020-08-28 09:30:25.310,4.788,100
2020-08-28 09:30:25.310,4.788,100
2020-08-28 09:30:25.310,4.788,100
2020-08-28 09:30:25.310,4.788,100
2020-08-28 09:30:25.310,4.788,100
2020-08-28 09:30:25.410,4.788,100
2020-08-28 09:30:25.410,4.788,100
2020-08-28 09:30:25.410,4.788,100
2020-08-28 09:30:25.410,4.788,100
2020-08-28 09:30:25.410,4.788,100
2020-08-28 09:30:25.410,4.788,100
2020-08-28 09:30:25.470,4.789,10000
2020-08-28 09:30:25.470,4.788,100
2020-08-28 09:30:25.470,4.788,100
2020-08-28 09:30:25.470,4.788,100
2020-08-28 09:30:25.470,4.788,100
2020-08-28 09:30:25.540,4.788,100
2020-08-28 09:30:25.540,4.788,100
2020-08-28 09:30:25.540,4.788,100
2020-08-28 09:30:25.540,4.788,100
2020-08-28 09:30:25.540,4.788,100
2020-08-28 09:30:25.540,4.788,100
2020-08-28 09:30:25.590,4.788,100
2020-08-28 09:30:25.590,4.788,100
2020-08-28 09:30:25.590,4.788,100
2020-08-28 09:30:25.590,4.788,100
2020-08-28 09:30:25.590,4.788,100
2020-08-28 09:30:25.590,4.788,100
2020-08-28 09:30:25.590,4.788,100
2020-08-28 09:30:25.590,4.788,100
2020-08-28 09:30:25.640,4.788,100
2020-08-28 09:30:25.640,4.788,100
2020-08-28 09:30:25.640,4.788,200
2020-08-28 09:30:25.670,4.788,100
2020-08-28 09:30:25.670,4.788,100
2020-08-28 09:30:25.670,4.788,100
2020-08-28 09:30:25.670,4.788,100
2020-08-28 09:30:25.730,4.788,100
2020-08-28 09:30:25.730,4.788,100
2020-08-28 09:30:25.730,4.788,100
2020-08-28 09:30:25.730,4.788,100
2020-08-28 09:30:25.730,4.788,100
2020-08-28 09:30:25.730,4.788,100
2020-08-28 09:30:25.730,4.788,100
2020-08-28 09:30:25.760,4.788,100
2020-08-28 09:30:25.790,4.788,100
2020-08-28 09:30:25.790,4.788,100
2020-08-28 09:30:25.790,4.788,100
2020-08-28 09:30:25.790,4.788,100
2020-08-28 09:30:25.790,4.788,100
2020-08-28 09:30:25.790,4.788,100
2020-08-28 09:30:25.860,4.788,100
2020-08-28 09:30:25.860,4.788,100
2020-08-28 09:30:25.860,4.788,100
2020-08-28 09:30:25.860,4.788,100
2020-08-28 09:30:25.860,4.788,100
2020-08-28 09:30:25.860,4.788,100
2020-08-28 09:30:25.860,4.788,100
2020-08-28 09:30:25.860,4.788,100
2020-08-28 09:30:25.940,4.788,6000
2020-08-28 09:30:25.940,4.787,12600
2020-08-28 09:30:25.940,4.787,31400
2020-08-28 09:30:27.200,4.787,40000
2020-08-28 09:30:27.200,4.787,10000
2020-08-28 09:30:27.200,4.787,50000
2020-08-28 09:30:27.220,4.787,50000
2020-08-28 09:30:27.220,4.787,20000
2020-08-28 09:30:27.220,4.787,50000
2020-08-28 09:30:27.220,4.787,20000
2020-08-28 09:30:27.220,4.787,50000
2020-08-28 09:30:27.730,4.787,20000
2020-08-28 09:30:27.780,4.787,100
2020-08-28 09:30:27.870,4.787,100
2020-08-28 09:30:27.870,4.787,100
2020-08-28 09:30:27.870,4.787,100
2020-08-28 09:30:27.870,4.787,100
2020-08-28 09:30:27.870,4.787,100
2020-08-28 09:30:27.870,4.787,100
2020-08-28 09:30:27.870,4.787,100
2020-08-28 09:30:27.870,4.787,100
2020-08-28 09:30:27.890,4.787,100
2020-08-28 09:30:27.890,4.787,100
2020-08-28 09:30:27.890,4.787,100
2020-08-28 09:30:27.890,4.787,100
2020-08-28 09:30:27.890,4.787,100
2020-08-28 09:30:27.890,4.787,100
2020-08-28 09:30:27.890,4.787,100
2020-08-28 09:30:27.890,4.787,100
2020-08-28 09:30:27.950,4.787,100
2020-08-28 09:30:27.950,4.787,100
2020-08-28 09:30:27.950,4.787,100
2020-08-28 09:30:27.950,4.787,100
2020-08-28 09:30:27.950,4.787,100
2020-08-28 09:30:27.950,4.787,100
2020-08-28 09:30:27.950,4.787,100
2020-08-28 09:30:28.000,4.787,100
2020-08-28 09:30:28.000,4.787,100
2020-08-28 09:30:28.000,4.787,100
2020-08-28 09:30:28.000,4.787,100
2020-08-28 09:30:28.000,4.787,100
2020-08-28 09:30:28.050,4.787,100
2020-08-28 09:30:28.050,4.787,100
2020-08-28 09:30:28.050,4.787,100
2020-08-28 09:30:28.050,4.787,100
2020-08-28 09:30:28.050,4.787,100
2020-08-28 09:30:28.050,4.787,100
2020-08-28 09:30:28.050,4.787,100
2020-08-28 09:30:28.080,4.787,100
2020-08-28 09:30:28.080,4.787,100
2020-08-28 09:30:28.080,4.787,100
2020-08-28 09:30:28.080,4.787,100
2020-08-28 09:30:28.080,4.787,100
2020-08-28 09:30:28.080,4.787,100
2020-08-28 09:30:28.140,4.787,100
2020-08-28 09:30:28.140,4.787,100
2020-08-28 09:30:28.140,4.787,100
2020-08-28 09:30:28.140,4.787,100
2020-08-28 09:30:28.140,4.787,100
2020-08-28 09:30:28.220,4.787,100
2020-08-28 09:30:28.220,4.787,100
2020-08-28 09:30:28.220,4.787,100
2020-08-28 09:30:28.220,4.787,100
2020-08-28 09:30:28.240,4.787,100
2020-08-28 09:30:28.240,4.787,100
2020-08-28 09:30:28.240,4.787,100
2020-08-28 09:30:28.240,4.787,100
2020-08-28 09:30:28.240,4.787,100
2020-08-28 09:30:28.240,4.787,100
2020-08-28 09:30:28.310,4.787,100
2020-08-28 09:30:28.310,4.787,100
2020-08-28 09:30:28.310,4.787,100
2020-08-28 09:30:28.310,4.787,100
2020-08-28 09:30:28.370,4.787,100
2020-08-28 09:30:28.370,4.787,100
2020-08-28 09:30:28.370,4.787,100
2020-08-28 09:30:28.390,4.787,100
2020-08-28 09:30:28.390,4.787,100
2020-08-28 09:30:28.390,4.787,100
2020-08-28 09:30:28.390,4.787,100
2020-08-28 09:30:28.390,4.787,100
2020-08-28 09:30:28.450,4.787,100
2020-08-28 09:30:28.450,4.787,100
2020-08-28 09:30:28.450,4.787,100
2020-08-28 09:30:28.500,4.787,100
2020-08-28 09:30:28.500,4.787,100
2020-08-28 09:30:28.500,4.787,100
2020-08-28 09:30:28.500,4.787,100
2020-08-28 09:30:28.500,4.787,100
2020-08-28 09:30:28.500,4.787,100
2020-08-28 09:30:28.500,4.787,100
2020-08-28 09:30:28.500,4.787,100
2020-08-28 09:30:28.500,4.787,100
2020-08-28 09:30:28.500,4.787,100
2020-08-28 09:30:28.500,4.787,100
2020-08-28 09:30:28.500,4.787,100
2020-08-28 09:30:28.500,4.787,100
2020-08-28 09:30:28.580,4.787,100
2020-08-28 09:30:28.580,4.787,100
2020-08-28 09:30:28.580,4.787,100
2020-08-28 09:30:28.710,4.786,100
2020-08-28 09:30:28.770,4.786,100
2020-08-28 09:30:29.440,4.786,58400
2020-08-28 09:30:29.440,4.786,241600
2020-08-28 09:30:30.580,4.786,22900
2020-08-28 09:30:33.220,4.787,10000
2020-08-28 09:30:34.290,4.787,3700
2020-08-28 09:30:34.290,4.788,12500
2020-08-28 09:30:34.290,4.788,8500
2020-08-28 09:30:35.890,4.788,8000
2020-08-28 09:30:36.150,4.788,20000
2020-08-28 09:30:36.180,4.788,4300
2020-08-28 09:30:37.090,4.788,4100
2020-08-28 09:30:38.160,4.789,5000
2020-08-28 09:30:39.650,4.788,2000
2020-08-28 09:30:40.830,4.787,20000
2020-08-28 09:30:40.830,4.786,280000
2020-08-28 09:30:40.870,4.786,1000
2020-08-28 09:30:42.240,4.786,700
2020-08-28 09:30:42.480,4.788,1000
2020-08-28 09:30:43.830,4.788,1000
2020-08-28 09:30:44.220,4.788,20000
2020-08-28 09:30:46.020,4.788,100
2020-08-28 09:30:46.270,4.786,10000
2020-08-28 09:30:46.330,4.788,4200
2020-08-28 09:30:46.590,4.786,5000
2020-08-28 09:30:46.860,4.786,40000
2020-08-28 09:30:47.660,4.786,2900
2020-08-28 09:30:47.660,4.785,30000
2020-08-28 09:30:47.660,4.785,500
2020-08-28 09:30:47.660,4.785,5000
2020-08-28 09:30:47.660,4.785,29400
2020-08-28 09:30:47.690,4.788,5000
2020-08-28 09:30:48.670,4.787,9600
2020-08-28 09:30:48.970,4.787,100
2020-08-28 09:30:49.000,4.787,8000
2020-08-28 09:30:49.000,4.788,16700
2020-08-28 09:30:49.000,4.788,1000
2020-08-28 09:30:49.000,4.788,1000
2020-08-28 09:30:49.000,4.788,1000
2020-08-28 09:30:49.000,4.788,2200
2020-08-28 09:30:49.030,4.788,7800
2020-08-28 09:30:49.200,4.789,10000
2020-08-28 09:30:50.010,4.788,4300
2020-08-28 09:30:50.360,4.788,7700
2020-08-28 09:30:50.360,4.788,200
2020-08-28 09:30:50.360,4.788,1600
2020-08-28 09:30:50.830,4.788,31400
2020-08-28 09:30:50.830,4.786,20000
2020-08-28 09:30:50.830,4.786,3000
2020-08-28 09:30:50.910,4.785,600
2020-08-28 09:30:50.910,4.784,100
2020-08-28 09:30:50.910,4.784,300
2020-08-28 09:30:51.290,4.785,75800
2020-08-28 09:30:51.290,4.785,224200
2020-08-28 09:30:51.290,4.786,48600
2020-08-28 09:30:52.440,4.788,1500
2020-08-28 09:30:52.440,4.788,3000
2020-08-28 09:30:53.040,4.788,5000
2020-08-28 09:30:53.070,4.788,5000
2020-08-28 09:30:53.490,4.788,100
2020-08-28 09:30:53.550,4.788,62600
2020-08-28 09:30:53.550,4.786,7700
2020-08-28 09:30:54.190,4.788,400
2020-08-28 09:30:54.190,4.786,11600
2020-08-28 09:30:54.210,4.786,1000
2020-08-28 09:30:59.080,4.787,2000
2020-08-28 09:31:00.610,4.787,28000
2020-08-28 09:31:00.610,4.787,13100
2020-08-28 09:31:00.610,4.786,9700
2020-08-28 09:31:00.610,4.786,5000
2020-08-28 09:31:00.770,4.786,244200
2020-08-28 09:31:00.770,4.788,50000
2020-08-28 09:31:00.770,4.788,1500
2020-08-28 09:31:00.770,4.788,11000
2020-08-28 09:31:00.770,4.789,15200
2020-08-28 09:31:00.770,4.789,3500
2020-08-28 09:31:00.770,4.789,50000
2020-08-28 09:31:00.770,4.789,17100
2020-08-28 09:31:00.770,4.789,1000
2020-08-28 09:31:00.770,4.79,206500
2020-08-28 09:31:02.320,4.786,500
2020-08-28 09:31:02.810,4.786,1200
2020-08-28 09:31:03.610,4.786,9800
2020-08-28 09:31:04.010,4.787,4200
2020-08-28 09:31:04.150,4.788,800
2020-08-28 09:31:06.250,4.786,30000
2020-08-28 09:31:06.560,4.788,4000
2020-08-28 09:31:06.560,4.788,5000
2020-08-28 09:31:06.560,4.789,16000
2020-08-28 09:31:07.960,4.787,1600
2020-08-28 09:31:08.480,4.788,20000
2020-08-28 09:31:09.180,4.788,10000
2020-08-28 09:31:10.910,4.788,20000
2020-08-28 09:31:10.910,4.788,2500
2020-08-28 09:31:10.910,4.787,2400
2020-08-28 09:31:10.910,4.787,86200
2020-08-28 09:31:10.910,4.787,2000
2020-08-28 09:31:10.910,4.787,500
2020-08-28 09:31:10.910,4.787,200
2020-08-28 09:31:10.910,4.786,100000
2020-08-28 09:31:11.330,4.786,200
2020-08-28 09:31:12.770,4.786,5000
2020-08-28 09:31:13.280,4.786,1200
2020-08-28 09:31:13.660,4.786,2100
2020-08-28 09:31:14.400,4.785,1000
2020-08-28 09:31:14.400,4.785,49000
2020-08-28 09:31:14.420,4.785,50000
2020-08-28 09:31:14.420,4.785,7800
2020-08-28 09:31:14.420,4.785,12200
2020-08-28 09:31:14.480,4.785,100
2020-08-28 09:31:15.450,4.785,30000
2020-08-28 09:31:15.670,4.785,14000
2020-08-28 09:31:15.670,4.784,9700
2020-08-28 09:31:15.670,4.784,5000
2020-08-28 09:31:15.670,4.784,1000
2020-08-28 09:31:15.670,4.784,500
2020-08-28 09:31:15.670,4.784,2800
2020-08-28 09:31:16.060,4.786,39700
2020-08-28 09:31:16.220,4.784,5300
2020-08-28 09:31:16.470,4.786,5000
2020-08-28 09:31:17.530,4.786,1000
2020-08-28 09:31:19.000,4.786,200
2020-08-28 09:31:20.170,4.787,10000
2020-08-28 09:31:21.620,4.786,9000
2020-08-28 09:31:21.970,4.786,22800
2020-08-28 09:31:21.970,4.786,600
2020-08-28 09:31:21.970,4.787,10000
2020-08-28 09:31:23.960,4.786,3500
2020-08-28 09:31:25.660,4.785,100
2020-08-28 09:31:26.880,4.784,1900
2020-08-28 09:31:26.880,4.784,100
2020-08-28 09:31:26.880,4.784,2000
2020-08-28 09:31:26.880,4.784,6000
2020-08-28 09:31:28.900,4.784,6000
2020-08-28 09:31:29.300,4.786,5100
2020-08-28 09:31:29.300,4.786,2000
2020-08-28 09:31:29.300,4.786,10311
2020-08-28 09:31:29.300,4.786,12589
2020-08-28 09:31:30.620,4.785,20000
2020-08-28 09:31:33.430,4.786,400
2020-08-28 09:31:35.640,4.786,300
2020-08-28 09:31:36.490,4.785,500
2020-08-28 09:31:36.580,4.785,900
2020-08-28 09:31:37.360,4.785,94900
2020-08-28 09:31:37.780,4.785,24900
2020-08-28 09:31:37.810,4.786,3000
2020-08-28 09:31:38.660,4.785,4000
2020-08-28 09:31:38.810,4.785,200
2020-08-28 09:31:38.810,4.785,4700
2020-08-28 09:31:38.810,4.785,1000
2020-08-28 09:31:38.810,4.785,14300
2020-08-28 09:31:39.230,4.785,200
2020-08-28 09:31:41.750,4.785,35500
2020-08-28 09:31:41.750,4.785,9900
2020-08-28 09:31:41.750,4.785,30000
2020-08-28 09:31:41.750,4.785,300
2020-08-28 09:31:41.750,4.784,8000
2020-08-28 09:31:41.750,4.784,900
2020-08-28 09:31:41.750,4.784,300
2020-08-28 09:31:41.750,4.784,56300
2020-08-28 09:31:41.750,4.786,14100
2020-08-28 09:31:41.750,4.786,18900
2020-08-28 09:31:43.210,4.786,40000
2020-08-28 09:31:43.530,4.786,11100
2020-08-28 09:31:51.040,4.788,10000
2020-08-28 09:31:51.040,4.788,5000
2020-08-28 09:31:51.040,4.788,8400
2020-08-28 09:31:51.040,4.788,10000
2020-08-28 09:31:52.100,4.789,5000
2020-08-28 09:31:52.520,4.788,5300
2020-08-28 09:31:52.520,4.788,5200
2020-08-28 09:31:53.850,4.788,6100
2020-08-28 09:31:53.850,4.788,38600
2020-08-28 09:31:53.850,4.787,500
2020-08-28 09:31:53.850,4.786,63000
2020-08-28 09:31:53.850,4.786,4100
2020-08-28 09:31:53.850,4.786,40000
2020-08-28 09:31:53.850,4.786,30000
2020-08-28 09:31:53.850,4.786,10000
2020-08-28 09:31:53.850,4.786,10000
2020-08-28 09:31:53.850,4.785,10000
2020-08-28 09:31:53.850,4.785,5000
2020-08-28 09:31:53.850,4.785,1000
2020-08-28 09:31:53.850,4.785,500
2020-08-28 09:31:53.850,4.785,5000
2020-08-28 09:31:54.920,4.788,50000
2020-08-28 09:31:54.920,4.787,26200
2020-08-28 09:31:57.250,4.786,1500
2020-08-28 09:31:59.590,4.786,48500
2020-08-28 09:31:59.590,4.786,40000
2020-08-28 09:31:59.590,4.786,900
2020-08-28 09:31:59.590,4.786,1000
2020-08-28 09:31:59.590,4.786,30000
2020-08-28 09:31:59.590,4.785,50000
2020-08-28 09:31:59.590,4.785,40000
2020-08-28 09:31:59.590,4.785,30000
2020-08-28 09:31:59.590,4.785,40000
2020-08-28 09:32:01.290,4.787,500
2020-08-28 09:32:01.290,4.788,1500
2020-08-28 09:32:03.020,4.786,4700
2020-08-28 09:32:03.270,4.786,100
2020-08-28 09:32:03.470,4.784,19600
2020-08-28 09:32:04.150,4.786,6400
2020-08-28 09:32:04.200,4.788,1500
2020-08-28 09:32:04.200,4.788,48500
2020-08-28 09:32:04.740,4.788,100
2020-08-28 09:32:04.940,4.787,2100
2020-08-28 09:32:05.990,4.788,10000
2020-08-28 09:32:07.420,4.787,2000
2020-08-28 09:32:08.470,4.787,19500
2020-08-28 09:32:08.470,4.787,100
2020-08-28 09:32:08.860,4.787,400
2020-08-28 09:32:10.580,4.787,1000
2020-08-28 09:32:11.070,4.787,1000
2020-08-28 09:32:11.190,4.786,100
2020-08-28 09:32:12.580,4.786,2000
2020-08-28 09:32:13.650,4.786,300
2020-08-28 09:32:13.650,4.787,3500
2020-08-28 09:32:13.650,4.788,5500
2020-08-28 09:32:14.720,4.787,1000
2020-08-28 09:32:15.300,4.787,300
2020-08-28 09:32:15.900,4.787,500
2020-08-28 09:32:17.200,4.786,200
2020-08-28 09:32:19.170,4.786,200
2020-08-28 09:32:19.680,4.786,300
2020-08-28 09:32:19.810,4.785,2500
2020-08-28 09:32:19.810,4.785,30000
2020-08-28 09:32:19.810,4.785,30000
2020-08-28 09:32:19.810,4.785,500
2020-08-28 09:32:19.810,4.784,47700
2020-08-28 09:32:19.810,4.784,5000
2020-08-28 09:32:19.810,4.784,30000
2020-08-28 09:32:19.810,4.784,5000
2020-08-28 09:32:19.810,4.784,100
2020-08-28 09:32:19.810,4.783,1500
2020-08-28 09:32:19.810,4.783,500
2020-08-28 09:32:19.810,4.783,3000
2020-08-28 09:32:19.810,4.783,10000
2020-08-28 09:32:19.810,4.783,100
2020-08-28 09:32:19.810,4.783,3400
2020-08-28 09:32:19.810,4.783,5000
2020-08-28 09:32:19.810,4.783,200
2020-08-28 09:32:19.810,4.783,400
2020-08-28 09:32:19.810,4.783,50000
2020-08-28 09:32:19.810,4.783,10000
2020-08-28 09:32:19.810,4.783,65100
2020-08-28 09:32:19.940,4.786,100
2020-08-28 09:32:19.970,4.786,3000
2020-08-28 09:32:20.710,4.784,1500
2020-08-28 09:32:20.710,4.783,100000
2020-08-28 09:32:20.710,4.782,1000
2020-08-28 09:32:20.710,4.782,1200
2020-08-28 09:32:20.710,4.782,11800
2020-08-28 09:32:20.710,4.782,10000
2020-08-28 09:32:20.710,4.782,13000
2020-08-28 09:32:20.710,4.782,100
2020-08-28 09:32:20.710,4.782,50000
2020-08-28 09:32:20.710,4.782,30000
2020-08-28 09:32:20.710,4.782,1000
2020-08-28 09:32:20.710,4.782,2000
2020-08-28 09:32:20.710,4.782,2000
2020-08-28 09:32:20.710,4.782,50000
2020-08-28 09:32:20.710,4.782,2000
2020-08-28 09:32:20.710,4.782,24400
2020-08-28 09:32:21.370,4.785,200
2020-08-28 09:32:21.860,4.782,5000
2020-08-28 09:32:22.670,4.784,20200
2020-08-28 09:32:24.340,4.782,33000
2020-08-28 09:32:24.680,4.783,10000
2020-08-28 09:32:25.130,4.782,67000
2020-08-28 09:32:25.130,4.781,100
2020-08-28 09:32:25.130,4.781,12400
2020-08-28 09:32:25.130,4.781,5000
2020-08-28 09:32:25.130,4.781,10000
2020-08-28 09:32:25.130,4.781,5500
2020-08-28 09:32:25.250,4.781,44500
2020-08-28 09:32:25.250,4.781,10000
2020-08-28 09:32:25.250,4.781,5000
2020-08-28 09:32:25.250,4.781,4200
2020-08-28 09:32:25.250,4.781,50000
2020-08-28 09:32:25.250,4.781,100
2020-08-28 09:32:25.250,4.781,1000
2020-08-28 09:32:25.250,4.781,50000
2020-08-28 09:32:25.250,4.781,5500
2020-08-28 09:32:25.250,4.781,100
2020-08-28 09:32:25.250,4.78,200
2020-08-28 09:32:25.250,4.78,2000
2020-08-28 09:32:25.250,4.78,2000
2020-08-28 09:32:25.250,4.78,100
2020-08-28 09:32:25.250,4.78,500
2020-08-28 09:32:25.250,4.78,19900
2020-08-28 09:32:25.250,4.78,5500
2020-08-28 09:32:25.250,4.78,600
2020-08-28 09:32:25.250,4.78,10000
2020-08-28 09:32:25.250,4.78,5000
2020-08-28 09:32:25.250,4.78,300
2020-08-28 09:32:25.250,4.78,5000
2020-08-28 09:32:25.250,4.78,2000
2020-08-28 09:32:25.250,4.78,1100
2020-08-28 09:32:25.250,4.78,5000
2020-08-28 09:32:25.250,4.78,500
2020-08-28 09:32:25.250,4.78,2500
2020-08-28 09:32:25.250,4.78,100
2020-08-28 09:32:25.250,4.78,1000
2020-08-28 09:32:25.250,4.78,9100
2020-08-28 09:32:25.250,4.78,500
2020-08-28 09:32:25.250,4.78,200
2020-08-28 09:32:25.250,4.78,2000
2020-08-28 09:32:25.250,4.78,3000
2020-08-28 09:32:25.250,4.78,400
2020-08-28 09:32:25.250,4.78,200
2020-08-28 09:32:25.250,4.78,8400
2020-08-28 09:32:25.250,4.78,1000
2020-08-28 09:32:25.250,4.78,100
2020-08-28 09:32:25.250,4.78,6000
2020-08-28 09:32:25.250,4.78,3000
2020-08-28 09:32:25.250,4.78,100
2020-08-28 09:32:25.250,4.78,10500
2020-08-28 09:32:25.250,4.78,2000
2020-08-28 09:32:25.250,4.78,15000
2020-08-28 09:32:25.250,4.78,1000
2020-08-28 09:32:25.250,4.78,500
2020-08-28 09:32:25.870,4.783,100
2020-08-28 09:32:29.660,4.78,1200
2020-08-28 09:32:29.680,4.783,1000
2020-08-28 09:32:30.510,4.78,500
2020-08-28 09:32:31.220,4.781,2000
2020-08-28 09:32:31.220,4.782,148100
2020-08-28 09:32:31.970,4.782,10000
2020-08-28 09:32:37.370,4.783,100
2020-08-28 09:32:37.370,4.783,100
2020-08-28 09:32:37.780,4.782,100
2020-08-28 09:32:37.780,4.783,100
2020-08-28 09:32:39.420,4.783,3800
2020-08-28 09:32:39.420,4.78,2900
2020-08-28 09:32:39.420,4.78,3000
2020-08-28 09:32:39.420,4.78,2000
2020-08-28 09:32:39.420,4.78,100
2020-08-28 09:32:39.420,4.78,6300
2020-08-28 09:32:39.420,4.78,5000
2020-08-28 09:32:39.420,4.78,1000
2020-08-28 09:32:39.420,4.78,5000
2020-08-28 09:32:39.420,4.779,10000
2020-08-28 09:32:39.420,4.779,1000
2020-08-28 09:32:39.420,4.779,100
2020-08-28 09:32:39.420,4.779,100
2020-08-28 09:32:39.420,4.779,1000
2020-08-28 09:32:39.420,4.779,100
2020-08-28 09:32:39.420,4.779,2000
2020-08-28 09:32:39.420,4.779,5000
2020-08-28 09:32:39.420,4.779,40000
2020-08-28 09:32:39.420,4.779,30000
2020-08-28 09:32:39.420,4.778,1000
2020-08-28 09:32:39.420,4.778,1000
2020-08-28 09:32:39.420,4.778,100
2020-08-28 09:32:39.420,4.778,500
2020-08-28 09:32:39.420,4.778,12500
2020-08-28 09:32:39.420,4.778,300
2020-08-28 09:32:39.420,4.778,5000
2020-08-28 09:32:39.580,4.778,3000
2020-08-28 09:32:40.450,4.778,11500
2020-08-28 09:32:40.670,4.778,50000
2020-08-28 09:32:40.720,4.778,40000
2020-08-28 09:32:40.720,4.778,30000
2020-08-28 09:32:40.720,4.778,2600
2020-08-28 09:32:40.720,4.778,47400
2020-08-28 09:32:40.720,4.778,20000
2020-08-28 09:32:40.720,4.778,20000
2020-08-28 09:32:40.750,4.778,53100
2020-08-28 09:32:41.800,4.779,10000
2020-08-28 09:32:41.800,4.783,32000
2020-08-28 09:32:41.800,4.783,9400
2020-08-28 09:32:41.800,4.784,200
2020-08-28 09:32:41.800,4.784,5000
2020-08-28 09:32:41.800,4.784,243400
2020-08-28 09:32:42.300,4.784,3600
2020-08-28 09:32:46.780,4.782,500
2020-08-28 09:32:47.590,4.782,3300
2020-08-28 09:32:47.720,4.782,8500
2020-08-28 09:32:48.760,4.783,300
2020-08-28 09:32:48.760,4.782,15300
2020-08-28 09:32:49.670,4.782,100
2020-08-28 09:32:50.190,4.782,10000
2020-08-28 09:32:51.870,4.785,10000
2020-08-28 09:32:51.870,4.785,1000
2020-08-28 09:32:51.870,4.785,30000
2020-08-28 09:32:51.870,4.785,300
2020-08-28 09:32:51.870,4.785,10600
2020-08-28 09:32:52.250,4.785,6300
2020-08-28 09:32:52.590,4.785,2500
2020-08-28 09:32:53.430,4.785,18600
2020-08-28 09:32:54.160,4.785,10000
2020-08-28 09:32:54.710,4.785,60800
2020-08-28 09:32:54.710,4.783,100
2020-08-28 09:32:54.710,4.783,14600
2020-08-28 09:32:54.710,4.782,209700
2020-08-28 09:32:57.750,4.783,111200
2020-08-28 09:32:57.750,4.784,30000
2020-08-28 09:32:57.750,4.784,5000
2020-08-28 09:32:57.750,4.785,1000
2020-08-28 09:32:57.750,4.786,2900
2020-08-28 09:32:58.190,4.782,100
2020-08-28 09:32:58.190,4.786,9300
2020-08-28 09:32:58.190,4.786,300
2020-08-28 09:32:58.190,4.786,1000
2020-08-28 09:32:58.190,4.787,7900
2020-08-28 09:33:02.230,4.785,10000
2020-08-28 09:33:03.010,4.786,21000
2020-08-28 09:33:03.170,4.786,5000
2020-08-28 09:33:03.950,4.786,100000
2020-08-28 09:33:05.660,4.786,10000
2020-08-28 09:33:05.930,4.786,4100
2020-08-28 09:33:05.930,4.786,100
2020-08-28 09:33:05.930,4.784,11800
2020-08-28 09:33:09.590,4.785,100
2020-08-28 09:33:09.970,4.785,100
2020-08-28 09:33:10.610,4.784,14900
2020-08-28 09:33:10.670,4.785,19800
2020-08-28 09:33:11.480,4.786,3200
2020-08-28 09:33:15.370,4.786,3000
2020-08-28 09:33:15.370,4.786,2000
2020-08-28 09:33:15.370,4.786,4600
2020-08-28 09:33:15.370,4.786,2000
2020-08-28 09:33:15.370,4.786,4800
2020-08-28 09:33:15.370,4.786,42600
2020-08-28 09:33:16.830,4.785,10000
2020-08-28 09:33:19.940,4.785,8800
2020-08-28 09:33:19.940,4.785,2000
2020-08-28 09:33:19.940,4.785,100
2020-08-28 09:33:19.940,4.785,10100
2020-08-28 09:33:19.940,4.785,11000
2020-08-28 09:33:20.000,4.785,10200
2020-08-28 09:33:20.200,4.784,400
2020-08-28 09:33:20.680,4.785,157800
2020-08-28 09:33:22.560,4.786,100
2020-08-28 09:33:22.860,4.785,3700
2020-08-28 09:33:23.210,4.786,5000
2020-08-28 09:33:23.350,4.786,18300
2020-08-28 09:33:23.350,4.786,2600
2020-08-28 09:33:23.350,4.786,1000
2020-08-28 09:33:23.350,4.787,300
2020-08-28 09:33:23.350,4.787,43800
2020-08-28 09:33:25.800,4.786,2500
2020-08-28 09:33:26.210,4.786,7500
2020-08-28 09:33:26.990,4.786,100
2020-08-28 09:33:27.400,4.786,500
2020-08-28 09:33:27.710,4.787,150100
2020-08-28 09:33:28.830,4.787,100
2020-08-28 09:33:30.730,4.786,21900
2020-08-28 09:33:30.730,4.786,600
2020-08-28 09:33:31.410,4.786,20000
2020-08-28 09:33:34.400,4.786,5000
2020-08-28 09:33:34.770,4.786,1200
2020-08-28 09:33:34.930,4.787,4000
2020-08-28 09:33:35.080,4.786,100
2020-08-28 09:33:35.310,4.786,35000
2020-08-28 09:33:38.160,4.785,10000
2020-08-28 09:33:40.670,4.785,5900
2020-08-28 09:33:41.210,4.785,50000
2020-08-28 09:33:44.020,4.785,100
2020-08-28 09:33:44.440,4.786,50000
2020-08-28 09:33:44.580,4.786,1600
2020-08-28 09:33:48.540,4.785,5000
2020-08-28 09:33:49.180,4.786,15300
2020-08-28 09:33:49.300,4.785,25800
2020-08-28 09:33:51.970,4.785,3200
2020-08-28 09:33:51.970,4.785,1800
2020-08-28 09:33:52.310,4.785,200
2020-08-28 09:33:52.310,4.785,2500
2020-08-28 09:33:52.310,4.785,1000
2020-08-28 09:33:52.310,4.785,1300
2020-08-28 09:33:52.440,4.785,3700
2020-08-28 09:33:52.440,4.785,600
2020-08-28 09:33:52.440,4.785,1700
2020-08-28 09:33:52.630,4.786,23100
2020-08-28 09:33:52.930,4.785,2300
2020-08-28 09:33:52.930,4.785,2000
2020-08-28 09:33:52.930,4.785,100
2020-08-28 09:33:52.930,4.785,4000
2020-08-28 09:33:52.930,4.785,200
2020-08-28 09:33:53.720,4.785,5800
2020-08-28 09:33:54.030,4.785,2500
2020-08-28 09:33:54.210,4.785,5000
2020-08-28 09:33:55.330,4.785,20100
2020-08-28 09:33:56.240,4.786,150100
2020-08-28 09:33:56.550,4.785,800
2020-08-28 09:33:57.200,4.786,40000
2020-08-28 09:33:59.150,4.786,900
2020-08-28 09:33:59.810,4.786,5000
2020-08-28 09:33:59.980,4.785,700
2020-08-28 09:33:59.980,4.785,100
2020-08-28 09:33:59.980,4.785,3700
2020-08-28 09:34:00.350,4.786,100
2020-08-28 09:34:01.360,4.785,10000
2020-08-28 09:34:01.590,4.785,600
2020-08-28 09:34:01.850,4.785,6400
2020-08-28 09:34:02.010,4.785,200
2020-08-28 09:34:05.020,4.786,8800
2020-08-28 09:34:05.860,4.785,400
2020-08-28 09:34:05.860,4.785,200
2020-08-28 09:34:05.860,4.785,1000
2020-08-28 09:34:05.990,4.785,500
2020-08-28 09:34:05.990,4.786,9500
2020-08-28 09:34:06.600,4.785,200
2020-08-28 09:34:06.770,4.784,100
2020-08-28 09:34:06.770,4.784,70000
2020-08-28 09:34:06.770,4.784,50000
2020-08-28 09:34:06.770,4.784,10000
2020-08-28 09:34:06.770,4.783,100
2020-08-28 09:34:06.770,4.783,50000
2020-08-28 09:34:06.770,4.783,200
2020-08-28 09:34:06.770,4.783,400
2020-08-28 09:34:06.770,4.783,10000
2020-08-28 09:34:06.770,4.783,2500
2020-08-28 09:34:07.020,4.783,10000
2020-08-28 09:34:08.350,4.783,33000
2020-08-28 09:34:09.640,4.785,400
2020-08-28 09:34:09.640,4.785,3400
2020-08-28 09:34:09.640,4.786,66700
2020-08-28 09:34:09.640,4.786,1500
2020-08-28 09:34:09.640,4.786,100
2020-08-28 09:34:09.640,4.786,500
2020-08-28 09:34:09.640,4.786,3000
2020-08-28 09:34:09.640,4.786,100
2020-08-28 09:34:09.640,4.786,24300
2020-08-28 09:34:11.230,4.785,1000
2020-08-28 09:34:11.540,4.786,200
2020-08-28 09:34:11.740,4.785,1200
2020-08-28 09:34:11.770,4.786,100
2020-08-28 09:34:12.000,4.786,99900
2020-08-28 09:34:12.030,4.785,5400
2020-08-28 09:34:13.660,4.785,47200
2020-08-28 09:34:13.660,4.785,2500
2020-08-28 09:34:13.660,4.785,2100
2020-08-28 09:34:13.660,4.785,2000
2020-08-28 09:34:14.440,4.785,70000
2020-08-28 09:34:15.480,4.785,1400
2020-08-28 09:34:15.510,4.786,700
2020-08-28 09:34:16.650,4.786,2500
2020-08-28 09:34:16.650,4.786,14000
2020-08-28 09:34:17.190,4.785,98600
2020-08-28 09:34:19.160,4.785,100
2020-08-28 09:34:20.510,4.784,18000
2020-08-28 09:34:20.510,4.785,2000
2020-08-28 09:34:24.690,4.785,100
2020-08-28 09:34:25.330,4.785,2800
2020-08-28 09:34:25.330,4.785,5000
2020-08-28 09:34:25.330,4.785,1200
2020-08-28 09:34:26.460,4.785,2000
2020-08-28 09:34:27.110,4.784,200
2020-08-28 09:34:27.110,4.783,19200
2020-08-28 09:34:27.110,4.783,22000
2020-08-28 09:34:27.110,4.783,1200
2020-08-28 09:34:27.110,4.783,2400
2020-08-28 09:34:27.110,4.783,100000
2020-08-28 09:34:28.550,4.783,100
2020-08-28 09:34:29.150,4.783,1000
2020-08-28 09:34:31.750,4.783,2000
2020-08-28 09:34:32.460,4.783,10000
2020-08-28 09:34:32.460,4.783,100
2020-08-28 09:34:33.030,4.783,10000
2020-08-28 09:34:33.350,4.782,3600
2020-08-28 09:34:33.350,4.782,2700
2020-08-28 09:34:33.860,4.783,100
2020-08-28 09:34:34.110,4.783,100
2020-08-28 09:34:34.160,4.783,20000
2020-08-28 09:34:34.250,4.782,4300
2020-08-28 09:34:34.250,4.782,100
2020-08-28 09:34:34.250,4.782,300
2020-08-28 09:34:34.250,4.782,5300
2020-08-28 09:34:34.390,4.783,41000
2020-08-28 09:34:35.470,4.783,20000
2020-08-28 09:34:35.600,4.783,200
2020-08-28 09:34:36.830,4.783,20000
2020-08-28 09:34:37.950,4.783,20000
2020-08-28 09:34:38.320,4.782,4700
2020-08-28 09:34:38.320,4.782,500
2020-08-28 09:34:38.320,4.782,6800
2020-08-28 09:34:38.430,4.782,11400
2020-08-28 09:34:39.180,4.783,200
2020-08-28 09:34:39.880,4.783,10200
2020-08-28 09:34:39.880,4.783,5000
2020-08-28 09:34:40.910,4.783,4800
2020-08-28 09:34:41.580,4.783,5000
2020-08-28 09:34:42.810,4.782,31800
2020-08-28 09:34:42.810,4.782,3600
2020-08-28 09:34:42.810,4.782,5100
2020-08-28 09:34:43.820,4.783,600
2020-08-28 09:34:43.820,4.783,2000
2020-08-28 09:34:43.820,4.785,32400
2020-08-28 09:34:45.500,4.783,800
2020-08-28 09:34:48.230,4.783,7800
2020-08-28 09:34:48.230,4.783,100
2020-08-28 09:34:48.230,4.783,300
2020-08-28 09:34:48.230,4.782,1800
2020-08-28 09:34:48.300,4.782,3100
2020-08-28 09:34:48.300,4.782,30000
2020-08-28 09:34:48.300,4.782,1300
2020-08-28 09:34:51.320,4.783,1100
2020-08-28 09:34:51.320,4.783,100
2020-08-28 09:34:51.320,4.782,2800
2020-08-28 09:34:51.470,4.782,300
2020-08-28 09:34:52.520,4.783,1000
2020-08-28 09:34:53.100,4.782,5600
2020-08-28 09:34:53.720,4.781,1200
2020-08-28 09:34:53.720,4.781,800
2020-08-28 09:34:53.720,4.781,100
2020-08-28 09:34:53.720,4.781,1000
2020-08-28 09:34:53.720,4.781,100
2020-08-28 09:34:53.720,4.781,200
2020-08-28 09:34:53.720,4.781,300
2020-08-28 09:34:53.720,4.781,300
2020-08-28 09:34:53.720,4.781,300
2020-08-28 09:34:53.720,4.781,6900
2020-08-28 09:34:55.280,4.782,2100
2020-08-28 09:34:55.750,4.782,150100
2020-08-28 09:34:56.560,4.782,5000
2020-08-28 09:34:56.780,4.782,6700
2020-08-28 09:34:59.030,4.782,100
2020-08-28 09:34:59.140,4.781,5600
2020-08-28 09:34:59.140,4.781,20200
2020-08-28 09:34:59.540,4.782,100
2020-08-28 09:35:02.240,4.782,130300
2020-08-28 09:35:02.240,4.782,1000
2020-08-28 09:35:02.240,4.782,300
2020-08-28 09:35:02.240,4.783,9000
2020-08-28 09:35:02.240,4.783,1300
2020-08-28 09:35:02.240,4.783,500
2020-08-28 09:35:02.240,4.783,7700
2020-08-28 09:35:03.980,4.783,2100
2020-08-28 09:35:05.120,4.781,1000
2020-08-28 09:35:06.290,4.783,141800
2020-08-28 09:35:06.290,4.784,8300
2020-08-28 09:35:07.370,4.782,500
2020-08-28 09:35:08.830,4.784,14700
2020-08-28 09:35:08.830,4.784,1000
2020-08-28 09:35:08.830,4.784,100000
2020-08-28 09:35:09.430,4.784,2000
2020-08-28 09:35:12.850,4.785,44400
2020-08-28 09:35:12.850,4.785,255600
2020-08-28 09:35:13.870,4.785,14400
2020-08-28 09:35:13.870,4.785,100
2020-08-28 09:35:13.870,4.785,100
2020-08-28 09:35:13.870,4.785,15400
2020-08-28 09:35:14.110,4.784,100
2020-08-28 09:35:14.390,4.784,5000
2020-08-28 09:35:14.610,4.785,20000
2020-08-28 09:35:14.610,4.784,200
2020-08-28 09:35:14.870,4.785,40000
2020-08-28 09:35:15.060,4.785,289400
2020-08-28 09:35:15.120,4.785,3500
2020-08-28 09:35:15.420,4.785,131700
2020-08-28 09:35:15.420,4.785,3000
2020-08-28 09:35:15.630,4.785,11000
2020-08-28 09:35:16.910,4.785,200
2020-08-28 09:35:18.120,4.785,2300
2020-08-28 09:35:18.630,4.785,1200
2020-08-28 09:35:19.650,4.786,1100
2020-08-28 09:35:19.750,4.784,1000
2020-08-28 09:35:21.600,4.785,1000
2020-08-28 09:35:22.930,4.785,200
2020-08-28 09:35:23.090,4.785,300
2020-08-28 09:35:24.560,4.786,1000
2020-08-28 09:35:26.550,4.786,6100
2020-08-28 09:35:26.550,4.786,15000
2020-08-28 09:35:26.550,4.786,100
2020-08-28 09:35:26.550,4.786,100
2020-08-28 09:35:26.550,4.786,50000
2020-08-28 09:35:26.890,4.786,1000
2020-08-28 09:35:30.720,4.786,9900
2020-08-28 09:35:30.820,4.786,10000
2020-08-28 09:35:32.100,4.786,300
2020-08-28 09:35:33.000,4.786,2700
2020-08-28 09:35:34.310,4.786,4800
2020-08-28 09:35:34.310,4.786,5200
2020-08-28 09:35:34.710,4.786,100
2020-08-28 09:35:35.320,4.786,4700
2020-08-28 09:35:35.320,4.786,100
2020-08-28 09:35:35.320,4.786,1100
2020-08-28 09:35:35.700,4.786,1000
2020-08-28 09:35:36.020,4.786,3100
2020-08-28 09:35:36.020,4.786,2000
2020-08-28 09:35:36.020,4.787,900
2020-08-28 09:35:37.450,4.785,7500
2020-08-28 09:35:41.410,4.786,2000
2020-08-28 09:35:43.650,4.785,11000
2020-08-28 09:35:43.650,4.785,100
2020-08-28 09:35:43.650,4.785,3500
2020-08-28 09:35:43.650,4.785,10000
2020-08-28 09:35:43.650,4.785,1000
2020-08-28 09:35:43.650,4.785,45000
2020-08-28 09:35:43.650,4.785,5000
2020-08-28 09:35:45.930,4.785,2000
2020-08-28 09:35:46.710,4.785,2000
2020-08-28 09:35:50.080,4.784,900
2020-08-28 09:35:50.080,4.784,2700
2020-08-28 09:35:50.110,4.784,5500
2020-08-28 09:35:52.990,4.784,10000
2020-08-28 09:35:54.180,4.783,5000
2020-08-28 09:35:54.180,4.783,1100
2020-08-28 09:35:54.180,4.783,5000
2020-08-28 09:35:54.180,4.783,20000
2020-08-28 09:35:54.180,4.782,1500
2020-08-28 09:35:54.180,4.782,2500
2020-08-28 09:35:54.180,4.782,2000
2020-08-28 09:35:54.180,4.782,118000
2020-08-28 09:35:54.180,4.782,20000
2020-08-28 09:35:54.180,4.782,10000
2020-08-28 09:35:54.180,4.781,78800
2020-08-28 09:35:54.180,4.781,20000
2020-08-28 09:35:54.180,4.781,10000
2020-08-28 09:35:54.180,4.781,6100
2020-08-28 09:35:55.210,4.781,50500
2020-08-28 09:35:55.210,4.781,400
2020-08-28 09:35:55.210,4.781,200
2020-08-28 09:35:55.210,4.781,5000
2020-08-28 09:35:55.210,4.781,1000
2020-08-28 09:35:55.210,4.781,500
2020-08-28 09:35:55.210,4.781,20000
2020-08-28 09:35:55.210,4.781,28800
2020-08-28 09:35:55.210,4.781,100
2020-08-28 09:35:57.520,4.783,100
2020-08-28 09:35:59.790,4.78,1200
2020-08-28 09:36:01.660,4.78,30000
2020-08-28 09:36:03.070,4.781,1000
2020-08-28 09:36:03.070,4.78,9000
2020-08-28 09:36:03.200,4.78,200
2020-08-28 09:36:04.480,4.783,2000
2020-08-28 09:36:04.740,4.78,29600
2020-08-28 09:36:04.740,4.78,10000
2020-08-28 09:36:04.740,4.78,5000
2020-08-28 09:36:04.740,4.78,59400
2020-08-28 09:36:04.740,4.78,63000
2020-08-28 09:36:04.740,4.78,28500
2020-08-28 09:36:04.740,4.78,30000
2020-08-28 09:36:04.740,4.78,300
2020-08-28 09:36:04.740,4.78,10000
2020-08-28 09:36:04.740,4.78,10000
2020-08-28 09:36:04.740,4.78,100
2020-08-28 09:36:04.740,4.78,15000
2020-08-28 09:36:04.740,4.78,4000
2020-08-28 09:36:04.740,4.78,20000
2020-08-28 09:36:04.740,4.78,1000
2020-08-28 09:36:04.740,4.78,6500
2020-08-28 09:36:04.740,4.78,5600
2020-08-28 09:36:04.740,4.78,300
2020-08-28 09:36:04.740,4.78,1700
2020-08-28 09:36:06.130,4.78,800
2020-08-28 09:36:06.130,4.78,5000
2020-08-28 09:36:06.130,4.78,15000
2020-08-28 09:36:06.130,4.78,50000
2020-08-28 09:36:06.130,4.78,2000
2020-08-28 09:36:06.300,4.78,1000
2020-08-28 09:36:06.640,4.78,2100
2020-08-28 09:36:07.330,4.78,500
2020-08-28 09:36:08.470,4.78,5200
2020-08-28 09:36:12.220,4.78,5000
2020-08-28 09:36:12.510,4.78,500
2020-08-28 09:36:14.920,4.78,2500
2020-08-28 09:36:15.080,4.78,1000
2020-08-28 09:36:15.560,4.779,1000
2020-08-28 09:36:15.560,4.779,200
2020-08-28 09:36:15.560,4.779,2000
2020-08-28 09:36:15.560,4.779,46800
2020-08-28 09:36:16.190,4.779,3200
2020-08-28 09:36:16.190,4.779,200
2020-08-28 09:36:16.190,4.779,100
2020-08-28 09:36:16.190,4.779,30000
2020-08-28 09:36:16.190,4.779,3000
2020-08-28 09:36:16.190,4.778,2000
2020-08-28 09:36:16.190,4.778,300
2020-08-28 09:36:16.190,4.778,3000
2020-08-28 09:36:16.190,4.778,100
2020-08-28 09:36:16.190,4.778,4300
2020-08-28 09:36:18.640,4.78,100
2020-08-28 09:36:22.490,4.78,5000
2020-08-28 09:36:23.350,4.779,100
2020-08-28 09:36:23.350,4.779,1200
2020-08-28 09:36:23.510,4.779,1800
2020-08-28 09:36:23.510,4.779,6000
2020-08-28 09:36:23.510,4.779,30000
2020-08-28 09:36:23.510,4.779,5000
2020-08-28 09:36:23.510,4.779,1000
2020-08-28 09:36:23.870,4.778,5700
2020-08-28 09:36:23.870,4.778,4300
2020-08-28 09:36:27.100,4.779,3500
2020-08-28 09:36:28.800,4.779,200
2020-08-28 09:36:29.350,4.778,600
2020-08-28 09:36:30.600,4.779,200
2020-08-28 09:36:30.840,4.779,500
2020-08-28 09:36:30.840,4.778,100
2020-08-28 09:36:30.840,4.778,16400
2020-08-28 09:36:30.840,4.778,2000
2020-08-28 09:36:30.840,4.778,100
2020-08-28 09:36:30.840,4.778,300
2020-08-28 09:36:30.840,4.778,2100
2020-08-28 09:36:31.670,4.778,2800
2020-08-28 09:36:32.590,4.778,2000
2020-08-28 09:36:33.020,4.779,11800
2020-08-28 09:36:33.020,4.779,2000
2020-08-28 09:36:33.020,4.779,6200
2020-08-28 09:36:33.960,4.778,19200
2020-08-28 09:36:33.960,4.778,40000
2020-08-28 09:36:33.960,4.778,200
2020-08-28 09:36:33.960,4.778,10000
2020-08-28 09:36:33.960,4.778,26100
2020-08-28 09:36:33.960,4.778,366900
2020-08-28 09:36:36.590,4.778,24000
2020-08-28 09:36:37.420,4.778,13700
2020-08-28 09:36:37.420,4.778,30500
2020-08-28 09:36:37.630,4.778,2700
2020-08-28 09:36:39.390,4.779,40000
2020-08-28 09:36:40.600,4.779,100
2020-08-28 09:36:41.020,4.778,16800
2020-08-28 09:36:41.020,4.778,100
2020-08-28 09:36:41.020,4.778,500
2020-08-28 09:36:41.020,4.778,700
2020-08-28 09:36:41.020,4.778,11900
2020-08-28 09:36:41.180,4.779,153700
2020-08-28 09:36:41.180,4.779,40000
2020-08-28 09:36:41.180,4.779,1500
2020-08-28 09:36:41.180,4.779,72000
2020-08-28 09:36:41.180,4.779,3000
2020-08-28 09:36:41.510,4.779,1200
2020-08-28 09:36:42.670,4.78,16300
2020-08-28 09:36:43.820,4.78,40000
2020-08-28 09:36:44.740,4.779,5500
2020-08-28 09:36:44.740,4.779,1400
2020-08-28 09:36:44.820,4.78,50000
2020-08-28 09:36:44.900,4.78,50000
2020-08-28 09:36:44.900,4.78,10000
2020-08-28 09:36:44.900,4.78,38000
2020-08-28 09:36:44.900,4.78,100
2020-08-28 09:36:44.900,4.78,11900
2020-08-28 09:36:45.270,4.78,88100
2020-08-28 09:36:45.270,4.78,50000
2020-08-28 09:36:45.270,4.78,5000
2020-08-28 09:36:45.270,4.78,15000
2020-08-28 09:36:46.910,4.781,100
2020-08-28 09:36:48.140,4.781,21600
2020-08-28 09:36:48.140,4.781,40000
2020-08-28 09:36:48.140,4.781,5000
2020-08-28 09:36:48.140,4.78,141900
2020-08-28 09:36:48.140,4.78,30000
2020-08-28 09:36:48.140,4.78,40000
2020-08-28 09:36:48.140,4.779,1000
2020-08-28 09:36:48.140,4.779,28700
2020-08-28 09:36:49.280,4.78,4800
2020-08-28 09:36:52.590,4.783,200
2020-08-28 09:36:52.910,4.781,48300
2020-08-28 09:36:53.050,4.783,11300
2020-08-28 09:36:55.760,4.781,100
2020-08-28 09:36:57.790,4.783,11700
2020-08-28 09:36:57.790,4.783,4700
2020-08-28 09:36:57.790,4.783,500
2020-08-28 09:36:57.790,4.783,1200
2020-08-28 09:36:58.720,4.783,4000
2020-08-28 09:36:58.720,4.783,1000
2020-08-28 09:37:00.290,4.783,10000
2020-08-28 09:37:00.630,4.783,9900
2020-08-28 09:37:01.690,4.783,118600
2020-08-28 09:37:01.900,4.783,24500
2020-08-28 09:37:03.400,4.784,19800
2020-08-28 09:37:03.400,4.784,200
2020-08-28 09:37:03.880,4.783,100
2020-08-28 09:37:04.220,4.783,100
2020-08-28 09:37:04.750,4.783,18400
2020-08-28 09:37:04.820,4.783,4000
2020-08-28 09:37:05.240,4.783,5000
2020-08-28 09:37:06.260,4.783,5000
2020-08-28 09:37:06.360,4.783,20000
2020-08-28 09:37:08.210,4.783,4200
2020-08-28 09:37:08.370,4.784,500
2020-08-28 09:37:08.760,4.783,43100
2020-08-28 09:37:09.010,4.783,10000
2020-08-28 09:37:09.900,4.784,2000
2020-08-28 09:37:10.670,4.783,6300
2020-08-28 09:37:14.860,4.784,100
2020-08-28 09:37:15.480,4.784,400
2020-08-28 09:37:16.160,4.784,50000
2020-08-28 09:37:16.660,4.783,400
2020-08-28 09:37:18.320,4.784,5000
2020-08-28 09:37:18.550,4.784,2000
2020-08-28 09:37:18.830,4.784,21000
2020-08-28 09:37:19.150,4.783,1000
2020-08-28 09:37:20.250,4.784,128800
2020-08-28 09:37:20.250,4.784,3000
2020-08-28 09:37:20.250,4.784,114200
2020-08-28 09:37:20.250,4.784,15000
2020-08-28 09:37:20.250,4.784,10000
2020-08-28 09:37:20.250,4.784,5000
2020-08-28 09:37:20.750,4.785,6000
2020-08-28 09:37:25.310,4.785,50000
2020-08-28 09:37:25.310,4.785,100
2020-08-28 09:37:25.310,4.785,300
2020-08-28 09:37:25.310,4.785,9900
2020-08-28 09:37:25.310,4.785,400
2020-08-28 09:37:25.910,4.786,100
2020-08-28 09:37:25.910,4.786,10000
2020-08-28 09:37:25.910,4.786,4900
2020-08-28 09:37:25.910,4.786,9000
2020-08-28 09:37:26.060,4.785,10000
2020-08-28 09:37:27.370,4.785,40000
2020-08-28 09:37:30.620,4.786,1000
2020-08-28 09:37:30.620,4.786,10000
2020-08-28 09:37:30.690,4.786,100
2020-08-28 09:37:31.640,4.786,9900
2020-08-28 09:37:31.640,4.786,5100
2020-08-28 09:37:31.640,4.786,100
2020-08-28 09:37:31.640,4.786,50000
2020-08-28 09:37:31.640,4.787,70000
2020-08-28 09:37:31.640,4.787,10000
2020-08-28 09:37:31.640,4.787,100
2020-08-28 09:37:31.640,4.787,10000
2020-08-28 09:37:31.640,4.787,1700
2020-08-28 09:37:31.640,4.787,4100
2020-08-28 09:37:31.640,4.787,100000
2020-08-28 09:37:34.780,4.787,300000
2020-08-28 09:37:35.700,4.787,10000
2020-08-28 09:37:36.090,4.788,500
2020-08-28 09:37:36.090,4.788,1000
2020-08-28 09:37:36.090,4.788,1600
2020-08-28 09:37:36.090,4.788,100
2020-08-28 09:37:36.090,4.788,10000
2020-08-28 09:37:36.090,4.788,10000
2020-08-28 09:37:36.090,4.788,200
2020-08-28 09:37:36.090,4.788,6600
2020-08-28 09:37:36.190,4.787,10000
2020-08-28 09:37:36.430,4.787,10000
2020-08-28 09:37:36.480,4.788,100
2020-08-28 09:37:36.550,4.787,10000
2020-08-28 09:37:37.410,4.788,5000
2020-08-28 09:37:37.990,4.788,100
2020-08-28 09:37:38.670,4.787,10000
2020-08-28 09:37:38.670,4.787,16300
2020-08-28 09:37:39.650,4.787,4100
2020-08-28 09:37:41.090,4.788,200
2020-08-28 09:37:43.290,4.787,7000
2020-08-28 09:37:43.860,4.787,12600
2020-08-28 09:37:43.910,4.787,10000
2020-08-28 09:37:44.050,4.787,3000
2020-08-28 09:37:44.280,4.788,1000
2020-08-28 09:37:45.590,4.788,8600
2020-08-28 09:37:45.590,4.788,1000
2020-08-28 09:37:45.590,4.788,400
2020-08-28 09:37:45.990,4.788,49600
2020-08-28 09:37:45.990,4.788,400
2020-08-28 09:37:46.070,4.787,236000
2020-08-28 09:37:46.810,4.786,100
2020-08-28 09:37:46.810,4.786,5000
2020-08-28 09:37:46.810,4.786,1000
2020-08-28 09:37:46.810,4.786,100000
2020-08-28 09:37:46.810,4.785,193900
2020-08-28 09:37:50.130,4.785,1300
2020-08-28 09:37:50.410,4.787,16000
2020-08-28 09:37:51.990,4.787,5000
2020-08-28 09:37:53.490,4.787,43000
2020-08-28 09:37:53.490,4.787,200000
2020-08-28 09:37:53.490,4.787,15300
2020-08-28 09:37:53.490,4.787,5000
2020-08-28 09:37:53.490,4.787,100000
2020-08-28 09:37:53.490,4.787,10000
2020-08-28 09:37:53.490,4.787,100000
2020-08-28 09:37:59.480,4.788,3000
2020-08-28 09:37:59.580,4.788,5100
2020-08-28 09:38:00.980,4.787,20000
2020-08-28 09:38:01.980,4.788,6700
2020-08-28 09:38:01.980,4.788,100000
2020-08-28 09:38:01.980,4.788,10000
2020-08-28 09:38:01.980,4.788,100
2020-08-28 09:38:01.980,4.788,3500
2020-08-28 09:38:02.890,4.788,20000
2020-08-28 09:38:04.230,4.788,300
2020-08-28 09:38:04.400,4.789,6000
2020-08-28 09:38:05.640,4.789,4000
2020-08-28 09:38:05.640,4.789,1000
2020-08-28 09:38:06.820,4.789,9000
2020-08-28 09:38:06.820,4.789,10000
2020-08-28 09:38:06.820,4.789,3000
2020-08-28 09:38:06.820,4.789,50000
2020-08-28 09:38:06.820,4.789,15000
2020-08-28 09:38:06.820,4.79,500
2020-08-28 09:38:06.820,4.79,2000
2020-08-28 09:38:06.820,4.79,5900
2020-08-28 09:38:06.820,4.79,15400
2020-08-28 09:38:06.820,4.79,10000
2020-08-28 09:38:06.820,4.79,10000
2020-08-28 09:38:06.820,4.79,2000
2020-08-28 09:38:06.820,4.79,300
2020-08-28 09:38:06.820,4.79,16000
2020-08-28 09:38:06.820,4.79,10000
2020-08-28 09:38:06.820,4.79,2000
2020-08-28 09:38:06.820,4.79,500
2020-08-28 09:38:06.820,4.79,10000
2020-08-28 09:38:06.820,4.79,15000
2020-08-28 09:38:06.820,4.79,1000
2020-08-28 09:38:06.820,4.79,12400
2020-08-28 09:38:09.540,4.789,58600
2020-08-28 09:38:09.640,4.789,300000
2020-08-28 09:38:09.720,4.789,60000
2020-08-28 09:38:09.820,4.79,2900
2020-08-28 09:38:09.820,4.79,1000
2020-08-28 09:38:09.820,4.79,3000
2020-08-28 09:38:09.820,4.791,3100
2020-08-28 09:38:10.660,4.789,60000
2020-08-28 09:38:11.390,4.79,10000
2020-08-28 09:38:11.440,4.789,9000
2020-08-28 09:38:12.660,4.789,10000
2020-08-28 09:38:12.760,4.789,10000
2020-08-28 09:38:12.990,4.789,10000
2020-08-28 09:38:14.020,4.79,200
2020-08-28 09:38:14.320,4.79,6300
2020-08-28 09:38:14.930,4.789,800
2020-08-28 09:38:15.260,4.789,6000
2020-08-28 09:38:15.260,4.789,20000
2020-08-28 09:38:15.630,4.789,74000
2020-08-28 09:38:15.630,4.79,26000
2020-08-28 09:38:15.630,4.79,3000
2020-08-28 09:38:18.300,4.788,149800
2020-08-28 09:38:18.300,4.788,100
2020-08-28 09:38:18.300,4.788,100
2020-08-28 09:38:18.300,4.788,100
2020-08-28 09:38:18.410,4.788,100
2020-08-28 09:38:18.410,4.788,2000
2020-08-28 09:38:18.410,4.788,800
2020-08-28 09:38:18.410,4.788,300
2020-08-28 09:38:18.410,4.788,6700
2020-08-28 09:38:18.410,4.787,290100
2020-08-28 09:38:20.240,4.787,116600
2020-08-28 09:38:20.240,4.787,5100
2020-08-28 09:38:20.240,4.787,500
2020-08-28 09:38:20.240,4.787,200
2020-08-28 09:38:20.240,4.787,5000
2020-08-28 09:38:21.890,4.786,1000
2020-08-28 09:38:21.890,4.786,9900
2020-08-28 09:38:21.890,4.786,39100
2020-08-28 09:38:21.990,4.788,2100
2020-08-28 09:38:21.990,4.788,7900
2020-08-28 09:38:24.870,4.788,6000
2020-08-28 09:38:25.860,4.788,6000
2020-08-28 09:38:26.070,4.788,40000
2020-08-28 09:38:26.270,4.788,100
2020-08-28 09:38:26.270,4.788,14900
2020-08-28 09:38:28.090,4.788,600
2020-08-28 09:38:31.680,4.787,100
2020-08-28 09:38:31.680,4.787,1000
2020-08-28 09:38:31.680,4.786,1000
2020-08-28 09:38:31.680,4.786,100
2020-08-28 09:38:32.580,4.786,2000
2020-08-28 09:38:32.770,4.786,1000
2020-08-28 09:38:32.950,4.786,44800
2020-08-28 09:38:37.440,4.787,5000
2020-08-28 09:38:37.440,4.787,100
2020-08-28 09:38:40.070,4.788,200
2020-08-28 09:38:41.040,4.787,7700
2020-08-28 09:38:42.370,4.787,5000
2020-08-28 09:38:42.770,4.787,2200
2020-08-28 09:38:42.770,4.787,1100
2020-08-28 09:38:42.770,4.787,6700
2020-08-28 09:38:42.820,4.788,5000
2020-08-28 09:38:43.870,4.787,2100
2020-08-28 09:38:45.000,4.788,18400
2020-08-28 09:38:45.000,4.788,1000
2020-08-28 09:38:45.000,4.788,20600
2020-08-28 09:38:47.240,4.788,700
2020-08-28 09:38:47.790,4.788,30000
2020-08-28 09:38:48.310,4.788,8700
2020-08-28 09:38:48.310,4.789,200
2020-08-28 09:38:48.310,4.789,1100
2020-08-28 09:38:50.270,4.788,3000
2020-08-28 09:38:50.720,4.788,500
2020-08-28 09:38:50.950,4.787,2500
2020-08-28 09:38:51.250,4.788,3000
2020-08-28 09:38:51.580,4.787,1400
2020-08-28 09:38:53.700,4.788,57700
2020-08-28 09:38:53.930,4.788,88100
2020-08-28 09:38:53.930,4.787,211900
2020-08-28 09:38:57.630,4.788,5000
2020-08-28 09:38:57.630,4.788,1000
2020-08-28 09:38:57.630,4.788,2000
2020-08-28 09:38:57.630,4.787,2000
2020-08-28 09:38:59.160,4.787,1000
2020-08-28 09:38:59.720,4.788,10000
2020-08-28 09:38:59.720,4.787,5000
2020-08-28 09:39:01.590,4.787,2000
2020-08-28 09:39:02.450,4.788,1000
2020-08-28 09:39:02.450,4.789,200
2020-08-28 09:39:02.570,4.789,200
2020-08-28 09:39:03.870,4.787,300000
2020-08-28 09:39:04.600,4.788,100
2020-08-28 09:39:06.310,4.787,150100
2020-08-28 09:39:08.220,4.788,1700
2020-08-28 09:39:08.350,4.789,1000
2020-08-28 09:39:08.730,4.788,18300
2020-08-28 09:39:09.500,4.787,2500
2020-08-28 09:39:11.360,4.787,100000
2020-08-28 09:39:12.550,4.788,300
2020-08-28 09:39:12.710,4.788,100
2020-08-28 09:39:13.370,4.787,112800
2020-08-28 09:39:13.370,4.787,187200
2020-08-28 09:39:14.370,4.788,3000
2020-08-28 09:39:17.010,4.788,3700
2020-08-28 09:39:17.110,4.787,22300
2020-08-28 09:39:17.760,4.788,92900
2020-08-28 09:39:17.760,4.788,27100
2020-08-28 09:39:18.360,4.788,8000
2020-08-28 09:39:18.460,4.787,2900
2020-08-28 09:39:18.700,4.787,100000
2020-08-28 09:39:19.780,4.787,300
2020-08-28 09:39:22.000,4.787,50000
2020-08-28 09:39:23.120,4.788,300
2020-08-28 09:39:23.120,4.788,5600
2020-08-28 09:39:23.480,4.788,300
2020-08-28 09:39:23.660,4.788,13800
2020-08-28 09:39:23.660,4.788,100
2020-08-28 09:39:24.780,4.788,5000
2020-08-28 09:39:25.320,4.788,10000
2020-08-28 09:39:25.530,4.787,10000
2020-08-28 09:39:25.620,4.787,5000
2020-08-28 09:39:26.830,4.788,100
2020-08-28 09:39:30.940,4.788,700
2020-08-28 09:39:30.940,4.788,1300
2020-08-28 09:39:31.070,4.789,500
2020-08-28 09:39:31.070,4.789,7700
2020-08-28 09:39:31.070,4.789,300000
2020-08-28 09:39:31.070,4.789,1000
2020-08-28 09:39:31.070,4.789,5000
2020-08-28 09:39:31.630,4.789,10000
2020-08-28 09:39:32.160,4.789,5000
2020-08-28 09:39:32.550,4.789,2000
2020-08-28 09:39:33.800,4.79,9900
2020-08-28 09:39:33.800,4.79,5000
2020-08-28 09:39:33.800,4.79,3000
2020-08-28 09:39:33.800,4.79,20000
2020-08-28 09:39:33.800,4.79,10000
2020-08-28 09:39:33.800,4.79,30000
2020-08-28 09:39:33.800,4.79,300000
2020-08-28 09:39:33.800,4.79,5000
2020-08-28 09:39:33.800,4.79,9900
2020-08-28 09:39:33.800,4.79,60000
2020-08-28 09:39:35.200,4.79,200
2020-08-28 09:39:38.480,4.791,6900
2020-08-28 09:39:38.480,4.791,3700
2020-08-28 09:39:38.480,4.791,10000
2020-08-28 09:39:38.480,4.791,10000
2020-08-28 09:39:38.480,4.791,10000
2020-08-28 09:39:38.480,4.791,100
2020-08-28 09:39:38.480,4.791,9000
2020-08-28 09:39:39.350,4.79,10000
2020-08-28 09:39:40.750,4.79,100000
2020-08-28 09:39:41.930,4.79,100000
2020-08-28 09:39:43.130,4.79,300
2020-08-28 09:39:43.450,4.791,2000
2020-08-28 09:39:43.920,4.79,5000
2020-08-28 09:39:44.380,4.791,100
2020-08-28 09:39:44.710,4.79,1700
2020-08-28 09:39:44.740,4.79,3500
2020-08-28 09:39:44.770,4.79,10000
2020-08-28 09:39:44.850,4.79,216500
2020-08-28 09:39:44.850,4.79,1000
2020-08-28 09:39:44.850,4.79,500
2020-08-28 09:39:44.850,4.79,100
2020-08-28 09:39:44.850,4.79,10000
2020-08-28 09:39:45.550,4.79,2500
2020-08-28 09:39:47.300,4.79,69400
2020-08-28 09:39:47.300,4.79,1000
2020-08-28 09:39:48.050,4.791,6000
2020-08-28 09:39:48.320,4.79,40000
2020-08-28 09:39:48.540,4.791,1000
2020-08-28 09:39:49.980,4.79,200
2020-08-28 09:39:51.300,4.79,5000
2020-08-28 09:39:51.800,4.79,2700
2020-08-28 09:39:52.500,4.791,6900
2020-08-28 09:39:52.500,4.791,25000
2020-08-28 09:39:52.500,4.791,1400
2020-08-28 09:39:52.990,4.79,9900
2020-08-28 09:39:55.320,4.79,100
2020-08-28 09:39:56.630,4.791,3600
2020-08-28 09:39:57.010,4.79,10000
2020-08-28 09:39:58.200,4.791,10000
2020-08-28 09:39:58.600,4.79,3200
2020-08-28 09:39:59.940,4.791,100
2020-08-28 09:40:02.710,4.79,5000
2020-08-28 09:40:02.710,4.79,53500
2020-08-28 09:40:02.710,4.79,100
2020-08-28 09:40:02.710,4.79,20000
2020-08-28 09:40:02.710,4.79,20900
2020-08-28 09:40:02.710,4.79,5000
2020-08-28 09:40:02.710,4.79,3000
2020-08-28 09:40:02.710,4.789,1500
2020-08-28 09:40:02.710,4.788,1700
2020-08-28 09:40:02.710,4.788,100
2020-08-28 09:40:02.710,4.788,30000
2020-08-28 09:40:02.710,4.788,900
2020-08-28 09:40:02.710,4.788,2000
2020-08-28 09:40:02.710,4.788,1000
2020-08-28 09:40:02.710,4.788,1900
2020-08-28 09:40:02.710,4.788,8500
2020-08-28 09:40:04.350,4.79,100
2020-08-28 09:40:04.990,4.79,3000
2020-08-28 09:40:05.660,4.79,100
2020-08-28 09:40:05.970,4.789,3600
2020-08-28 09:40:06.530,4.789,2500
2020-08-28 09:40:06.560,4.789,100
2020-08-28 09:40:06.630,4.789,100
2020-08-28 09:40:06.860,4.789,3000
2020-08-28 09:40:07.370,4.789,100
2020-08-28 09:40:07.410,4.788,16700
2020-08-28 09:40:08.530,4.789,3000
2020-08-28 09:40:09.050,4.789,100
2020-08-28 09:40:09.340,4.789,2500
2020-08-28 09:40:09.450,4.789,1000
2020-08-28 09:40:09.830,4.789,300
2020-08-28 09:40:10.160,4.788,150100
2020-08-28 09:40:10.820,4.789,1000
2020-08-28 09:40:11.560,4.789,100
2020-08-28 09:40:12.120,4.789,3000
2020-08-28 09:40:12.490,4.789,2600
2020-08-28 09:40:13.280,4.789,400
2020-08-28 09:40:13.560,4.789,2500
2020-08-28 09:40:13.840,4.789,5500
2020-08-28 09:40:14.110,4.789,1200
2020-08-28 09:40:15.140,4.789,2500
2020-08-28 09:40:15.370,4.789,100
2020-08-28 09:40:15.680,4.789,5000
2020-08-28 09:40:16.410,4.788,15000
2020-08-28 09:40:16.550,4.789,400
2020-08-28 09:40:16.740,4.789,500
2020-08-28 09:40:16.840,4.789,200
2020-08-28 09:40:17.140,4.789,1100
2020-08-28 09:40:17.230,4.789,2600
2020-08-28 09:40:19.100,4.789,2900
2020-08-28 09:40:19.760,4.789,500
2020-08-28 09:40:20.500,4.789,1100
2020-08-28 09:40:20.570,4.789,100
2020-08-28 09:40:21.030,4.789,10000
2020-08-28 09:40:21.230,4.788,88700
2020-08-28 09:40:21.230,4.788,1000
2020-08-28 09:40:21.230,4.787,200
2020-08-28 09:40:21.230,4.787,2000
2020-08-28 09:40:21.230,4.787,3000
2020-08-28 09:40:21.230,4.787,5100
2020-08-28 09:40:22.200,4.789,48800
2020-08-28 09:40:22.520,4.789,200000
2020-08-28 09:40:22.750,4.789,3000
2020-08-28 09:40:23.020,4.789,1000
2020-08-28 09:40:23.310,4.79,100
2020-08-28 09:40:23.590,4.79,100
2020-08-28 09:40:24.230,4.789,5900
2020-08-28 09:40:25.210,4.789,3400
2020-08-28 09:40:26.960,4.79,100
2020-08-28 09:40:28.620,4.79,100
2020-08-28 09:40:29.420,4.79,1300
2020-08-28 09:40:30.480,4.79,2000
2020-08-28 09:40:31.210,4.789,200
2020-08-28 09:40:31.960,4.79,1400
2020-08-28 09:40:32.140,4.79,300
2020-08-28 09:40:33.140,4.789,80000
2020-08-28 09:40:35.270,4.79,400
2020-08-28 09:40:35.570,4.79,1300
2020-08-28 09:40:37.730,4.79,192900
2020-08-28 09:40:37.730,4.79,6700
2020-08-28 09:40:37.730,4.79,10000
2020-08-28 09:40:37.730,4.79,100
2020-08-28 09:40:37.730,4.79,300
2020-08-28 09:40:37.730,4.79,100000
2020-08-28 09:40:37.730,4.79,100000
2020-08-28 09:40:37.730,4.79,2000
2020-08-28 09:40:37.730,4.79,400
2020-08-28 09:40:37.730,4.79,36700
2020-08-28 09:40:38.700,4.79,800
2020-08-28 09:40:39.550,4.791,1000
2020-08-28 09:40:40.490,4.79,100
2020-08-28 09:40:41.650,4.79,6000
2020-08-28 09:40:42.240,4.791,400
2020-08-28 09:40:46.210,4.79,13000
2020-08-28 09:40:46.510,4.79,1100
2020-08-28 09:40:47.310,4.79,200
2020-08-28 09:40:48.350,4.791,5000
2020-08-28 09:40:48.720,4.79,50000
2020-08-28 09:40:49.730,4.79,120000
2020-08-28 09:40:50.580,4.791,57700
2020-08-28 09:40:50.720,4.79,100000
2020-08-28 09:40:51.350,4.79,100
2020-08-28 09:40:51.890,4.79,200
2020-08-28 09:40:55.640,4.791,15000
2020-08-28 09:40:56.260,4.79,159400
2020-08-28 09:40:56.260,4.79,3200
2020-08-28 09:40:56.260,4.79,2000
2020-08-28 09:40:56.450,4.79,100000
2020-08-28 09:40:57.540,4.79,135400
2020-08-28 09:40:57.540,4.791,205800
2020-08-28 09:40:57.540,4.791,1000
2020-08-28 09:40:57.540,4.791,6500
2020-08-28 09:40:57.540,4.791,5000
2020-08-28 09:40:57.540,4.791,3000
2020-08-28 09:40:57.540,4.791,4300
2020-08-28 09:40:57.540,4.791,100000
2020-08-28 09:40:57.540,4.791,10000
2020-08-28 09:40:57.540,4.791,5000
2020-08-28 09:40:57.540,4.791,10000
2020-08-28 09:40:57.540,4.791,10000
2020-08-28 09:40:57.540,4.791,100
2020-08-28 09:40:57.540,4.791,3000
2020-08-28 09:40:57.540,4.791,16900
2020-08-28 09:40:58.170,4.791,12000
2020-08-28 09:40:58.480,4.792,100
2020-08-28 09:40:58.480,4.792,3900
2020-08-28 09:40:58.480,4.792,100
2020-08-28 09:40:58.480,4.792,2000
2020-08-28 09:40:58.480,4.792,100
2020-08-28 09:40:58.480,4.792,10000
2020-08-28 09:40:58.480,4.792,500
2020-08-28 09:40:58.480,4.792,300000
2020-08-28 09:40:58.480,4.792,10200
2020-08-28 09:40:58.480,4.792,300000
2020-08-28 09:40:58.480,4.792,11000
2020-08-28 09:40:58.480,4.792,300
2020-08-28 09:40:58.480,4.792,1000
2020-08-28 09:41:00.810,4.792,100000
2020-08-28 09:41:01.440,4.792,160000
2020-08-28 09:41:02.620,4.792,800
2020-08-28 09:41:02.620,4.792,19200
2020-08-28 09:41:03.180,4.792,400
2020-08-28 09:41:07.830,4.793,300
2020-08-28 09:41:08.120,4.793,700
2020-08-28 09:41:08.120,4.793,1700
2020-08-28 09:41:08.120,4.793,10000
2020-08-28 09:41:08.120,4.793,2000
2020-08-28 09:41:08.120,4.793,100
2020-08-28 09:41:08.120,4.793,10000
2020-08-28 09:41:08.120,4.793,10000
2020-08-28 09:41:08.120,4.793,34600
2020-08-28 09:41:08.120,4.793,5400
2020-08-28 09:41:08.120,4.793,200
2020-08-28 09:41:08.120,4.793,2000
2020-08-28 09:41:08.120,4.793,1000
2020-08-28 09:41:08.120,4.793,233200
2020-08-28 09:41:08.120,4.793,20000
2020-08-28 09:41:08.120,4.793,4000
2020-08-28 09:41:08.120,4.793,4200
2020-08-28 09:41:08.120,4.793,10000
2020-08-28 09:41:08.120,4.793,10000
2020-08-28 09:41:08.120,4.793,100000
2020-08-28 09:41:08.120,4.793,300000
2020-08-28 09:41:08.720,4.793,5000
2020-08-28 09:41:09.630,4.793,10000
2020-08-28 09:41:11.200,4.793,60000
2020-08-28 09:41:11.970,4.793,10500
2020-08-28 09:41:12.650,4.794,500
2020-08-28 09:41:12.650,4.794,300
2020-08-28 09:41:12.650,4.794,200
2020-08-28 09:41:13.630,4.793,2000
2020-08-28 09:41:13.970,4.793,100
2020-08-28 09:41:14.560,4.794,4400
2020-08-28 09:41:14.700,4.794,2000
2020-08-28 09:41:15.010,4.794,3400
2020-08-28 09:41:15.010,4.794,5000
2020-08-28 09:41:15.010,4.794,4000
2020-08-28 09:41:15.010,4.794,10000
2020-08-28 09:41:15.010,4.794,1000
2020-08-28 09:41:15.010,4.794,400
2020-08-28 09:41:15.010,4.794,800
2020-08-28 09:41:15.010,4.794,5000
2020-08-28 09:41:15.010,4.794,300000
2020-08-28 09:41:15.750,4.794,42400
2020-08-28 09:41:16.290,4.794,17600
2020-08-28 09:41:16.930,4.794,3500
2020-08-28 09:41:17.260,4.794,100
2020-08-28 09:41:18.880,4.795,10000
2020-08-28 09:41:18.880,4.795,100000
2020-08-28 09:41:18.880,4.795,1000
2020-08-28 09:41:18.880,4.795,2500
2020-08-28 09:41:18.880,4.795,100
2020-08-28 09:41:18.880,4.795,300000
2020-08-28 09:41:21.100,4.795,10000
2020-08-28 09:41:21.640,4.796,10000
2020-08-28 09:41:21.640,4.796,10000
2020-08-28 09:41:21.640,4.796,1000
2020-08-28 09:41:21.640,4.796,200
2020-08-28 09:41:21.640,4.796,10000
2020-08-28 09:41:21.640,4.796,5000
2020-08-28 09:41:21.640,4.796,800
2020-08-28 09:41:21.640,4.796,500
2020-08-28 09:41:21.810,4.796,9900
2020-08-28 09:41:21.960,4.797,100
2020-08-28 09:41:21.960,4.797,10000
2020-08-28 09:41:21.960,4.797,21100
2020-08-28 09:41:21.960,4.797,4000
2020-08-28 09:41:21.960,4.797,1000
2020-08-28 09:41:21.960,4.797,10000
2020-08-28 09:41:21.960,4.797,500
2020-08-28 09:41:21.960,4.797,5000
2020-08-28 09:41:21.960,4.797,2500
2020-08-28 09:41:21.960,4.797,5800
2020-08-28 09:41:22.210,4.796,1000
2020-08-28 09:41:23.400,4.796,5000
2020-08-28 09:41:24.170,4.797,4200
2020-08-28 09:41:24.170,4.797,10000
2020-08-28 09:41:24.170,4.797,10000
2020-08-28 09:41:24.170,4.797,25800
2020-08-28 09:41:25.680,4.797,174200
2020-08-28 09:41:25.680,4.797,4000
2020-08-28 09:41:25.680,4.797,50000
2020-08-28 09:41:25.680,4.797,2200
2020-08-28 09:41:26.030,4.797,600
2020-08-28 09:41:26.970,4.798,300
2020-08-28 09:41:26.970,4.798,2200
2020-08-28 09:41:26.970,4.798,300
2020-08-28 09:41:26.970,4.798,100
2020-08-28 09:41:26.970,4.798,200
2020-08-28 09:41:26.970,4.798,4400
2020-08-28 09:41:26.970,4.798,100
2020-08-28 09:41:26.970,4.798,100
2020-08-28 09:41:26.970,4.798,200
2020-08-28 09:41:26.970,4.798,100
2020-08-28 09:41:26.970,4.798,5000
2020-08-28 09:41:26.970,4.798,100
2020-08-28 09:41:26.970,4.798,100
2020-08-28 09:41:26.970,4.798,600
2020-08-28 09:41:26.970,4.798,1000
2020-08-28 09:41:26.970,4.798,1000
2020-08-28 09:41:26.970,4.798,200
2020-08-28 09:41:26.970,4.798,5900
2020-08-28 09:41:26.970,4.798,10900
2020-08-28 09:41:26.970,4.798,100
2020-08-28 09:41:26.970,4.798,140000
2020-08-28 09:41:26.970,4.798,10000
2020-08-28 09:41:26.970,4.798,10000
2020-08-28 09:41:26.970,4.798,10000
2020-08-28 09:41:26.970,4.798,100
2020-08-28 09:41:26.970,4.798,2000
2020-08-28 09:41:26.970,4.798,3000
2020-08-28 09:41:26.970,4.798,100
2020-08-28 09:41:26.970,4.798,1400
2020-08-28 09:41:26.970,4.798,900
2020-08-28 09:41:26.970,4.798,300
2020-08-28 09:41:26.970,4.798,800
2020-08-28 09:41:26.970,4.799,1900
2020-08-28 09:41:26.970,4.799,400
2020-08-28 09:41:26.970,4.799,1600
2020-08-28 09:41:26.970,4.799,100
2020-08-28 09:41:26.970,4.799,100
2020-08-28 09:41:26.970,4.799,400
2020-08-28 09:41:26.970,4.799,684000
2020-08-28 09:41:27.630,4.799,10000
2020-08-28 09:41:28.350,4.797,100000
2020-08-28 09:41:31.260,4.797,5000
2020-08-28 09:41:32.430,4.798,1000
2020-08-28 09:41:32.830,4.797,19400
2020-08-28 09:41:32.900,4.798,9000
2020-08-28 09:41:33.990,4.799,3000
2020-08-28 09:41:34.900,4.799,300
2020-08-28 09:41:35.260,4.799,302700
2020-08-28 09:41:35.260,4.799,74900
2020-08-28 09:41:35.260,4.799,16200
2020-08-28 09:41:35.260,4.799,800
2020-08-28 09:41:35.260,4.799,700
2020-08-28 09:41:35.260,4.799,2300
2020-08-28 09:41:35.260,4.799,300
2020-08-28 09:41:35.260,4.799,600
2020-08-28 09:41:35.260,4.799,5000
2020-08-28 09:41:35.260,4.799,400
2020-08-28 09:41:35.260,4.799,10000
2020-08-28 09:41:35.260,4.799,5000
2020-08-28 09:41:36.040,4.799,2000
2020-08-28 09:41:36.280,4.8,100
2020-08-28 09:41:36.280,4.8,750000
2020-08-28 09:41:36.280,4.8,1000
2020-08-28 09:41:36.280,4.8,500
2020-08-28 09:41:36.280,4.8,1300
2020-08-28 09:41:36.280,4.8,1000
2020-08-28 09:41:36.280,4.8,10000
2020-08-28 09:41:36.280,4.8,1200
2020-08-28 09:41:36.280,4.8,5000
2020-08-28 09:41:36.280,4.8,2000
2020-08-28 09:41:36.280,4.8,9000
2020-08-28 09:41:36.280,4.8,1000
2020-08-28 09:41:36.280,4.8,5200
2020-08-28 09:41:36.280,4.8,100
2020-08-28 09:41:36.280,4.8,3000
2020-08-28 09:41:36.280,4.8,209600
2020-08-28 09:41:36.280,4.799,1600
2020-08-28 09:41:36.330,4.8,76300
2020-08-28 09:41:36.330,4.8,100
2020-08-28 09:41:36.330,4.8,30000
2020-08-28 09:41:36.330,4.8,3000
2020-08-28 09:41:36.330,4.8,10000
2020-08-28 09:41:36.330,4.8,1000
2020-08-28 09:41:36.330,4.8,1500
2020-08-28 09:41:36.330,4.8,200
2020-08-28 09:41:36.330,4.8,3000
2020-08-28 09:41:36.330,4.8,8500
2020-08-28 09:41:36.330,4.8,5500
2020-08-28 09:41:36.330,4.8,10000
2020-08-28 09:41:36.330,4.8,5000
2020-08-28 09:41:36.330,4.8,1000
2020-08-28 09:41:36.330,4.8,500
2020-08-28 09:41:36.330,4.8,1500
2020-08-28 09:41:36.330,4.8,15000
2020-08-28 09:41:36.330,4.8,33300
2020-08-28 09:41:36.330,4.8,400
2020-08-28 09:41:36.330,4.8,2000
2020-08-28 09:41:36.330,4.8,200
2020-08-28 09:41:37.840,4.8,100
2020-08-28 09:41:38.110,4.8,3000
2020-08-28 09:41:38.310,4.801,2500
2020-08-28 09:41:38.310,4.801,12900
2020-08-28 09:41:38.310,4.801,10000
2020-08-28 09:41:38.310,4.801,15000
2020-08-28 09:41:38.310,4.801,400
2020-08-28 09:41:38.310,4.801,500
2020-08-28 09:41:38.310,4.801,5000
2020-08-28 09:41:38.310,4.801,500
2020-08-28 09:41:38.310,4.801,3000
2020-08-28 09:41:38.670,4.8,2100
2020-08-28 09:41:38.800,4.8,1800
2020-08-28 09:41:39.860,4.8,6200
2020-08-28 09:41:40.370,4.801,5100
2020-08-28 09:41:41.990,4.802,200
2020-08-28 09:41:41.990,4.802,4900
2020-08-28 09:41:42.240,4.802,5100
2020-08-28 09:41:42.370,4.801,10000
2020-08-28 09:41:42.440,4.802,200
2020-08-28 09:41:42.440,4.802,3000
2020-08-28 09:41:42.440,4.802,1900
2020-08-28 09:41:44.030,4.801,700
2020-08-28 09:41:44.220,4.801,5000
2020-08-28 09:41:44.490,4.802,1700
2020-08-28 09:41:44.490,4.802,2000
2020-08-28 09:41:44.490,4.802,70000
2020-08-28 09:41:44.490,4.802,2000
2020-08-28 09:41:44.490,4.802,46400
2020-08-28 09:41:46.510,4.801,15000
2020-08-28 09:41:46.720,4.802,2300
2020-08-28 09:41:47.250,4.802,5000
2020-08-28 09:41:47.330,4.802,2000
2020-08-28 09:41:48.120,4.802,3500
2020-08-28 09:41:48.340,4.803,1000
2020-08-28 09:41:48.340,4.803,10000
2020-08-28 09:41:48.340,4.803,3200
2020-08-28 09:41:48.340,4.803,300
2020-08-28 09:41:48.340,4.803,5500
2020-08-28 09:41:50.050,4.802,8000
2020-08-28 09:41:50.050,4.802,1000
2020-08-28 09:41:50.230,4.802,1700
2020-08-28 09:41:50.750,4.803,2500
2020-08-28 09:41:50.750,4.803,24000
2020-08-28 09:41:51.950,4.802,1200
2020-08-28 09:41:52.610,4.802,3800
2020-08-28 09:41:52.610,4.802,46200
2020-08-28 09:41:52.750,4.802,154500
2020-08-28 09:41:52.750,4.803,276000
2020-08-28 09:41:52.750,4.803,10000
2020-08-28 09:41:52.750,4.803,50400
2020-08-28 09:41:52.750,4.803,64400
2020-08-28 09:41:53.880,4.801,2000
2020-08-28 09:41:53.880,4.8,13000
2020-08-28 09:41:54.090,4.8,500
2020-08-28 09:41:55.630,4.801,4900
2020-08-28 09:41:55.670,4.802,100
2020-08-28 09:41:55.670,4.803,9900
2020-08-28 09:41:56.240,4.802,1700
2020-08-28 09:41:57.250,4.802,1900
2020-08-28 09:41:57.950,4.802,10000
2020-08-28 09:41:58.430,4.802,5000
2020-08-28 09:41:59.600,4.802,200
2020-08-28 09:41:59.750,4.802,5000
2020-08-28 09:41:59.980,4.802,20000
2020-08-28 09:42:00.550,4.802,10000
2020-08-28 09:42:00.810,4.802,47900
2020-08-28 09:42:00.810,4.802,1000
2020-08-28 09:42:00.810,4.802,6000
2020-08-28 09:42:00.810,4.802,2200
2020-08-28 09:42:00.810,4.802,10000
2020-08-28 09:42:00.810,4.802,2100
2020-08-28 09:42:00.810,4.803,290100
2020-08-28 09:42:00.810,4.803,100
2020-08-28 09:42:00.810,4.803,200
2020-08-28 09:42:01.980,4.803,100
2020-08-28 09:42:02.030,4.803,7000
2020-08-28 09:42:02.060,4.803,300
2020-08-28 09:42:02.140,4.803,100
2020-08-28 09:42:02.330,4.804,500
2020-08-28 09:42:02.330,4.804,200
2020-08-28 09:42:02.330,4.804,600
2020-08-28 09:42:02.330,4.804,1500
2020-08-28 09:42:02.330,4.804,6000
2020-08-28 09:42:02.330,4.804,3000
2020-08-28 09:42:02.330,4.804,100
2020-08-28 09:42:02.330,4.804,300000
2020-08-28 09:42:02.330,4.804,300000
2020-08-28 09:42:03.310,4.804,2800
2020-08-28 09:42:04.250,4.804,2400
2020-08-28 09:42:05.020,4.804,1300
2020-08-28 09:42:05.070,4.804,30000
2020-08-28 09:42:05.120,4.804,5000
2020-08-28 09:42:05.430,4.804,157400
2020-08-28 09:42:05.570,4.803,200
2020-08-28 09:42:05.890,4.803,1000
2020-08-28 09:42:06.100,4.803,18800
2020-08-28 09:42:08.060,4.803,100
2020-08-28 09:42:08.300,4.803,5500
2020-08-28 09:42:08.860,4.803,50000
2020-08-28 09:42:10.130,4.802,5000
2020-08-28 09:42:10.800,4.804,200
2020-08-28 09:42:10.800,4.804,600
2020-08-28 09:42:10.800,4.804,2200
2020-08-28 09:42:11.010,4.802,29200
2020-08-28 09:42:11.010,4.802,300
2020-08-28 09:42:11.010,4.802,1000
2020-08-28 09:42:11.010,4.802,50000
2020-08-28 09:42:11.010,4.802,300
2020-08-28 09:42:11.060,4.801,2000
2020-08-28 09:42:11.060,4.801,29000
2020-08-28 09:42:11.450,4.802,19200
2020-08-28 09:42:11.940,4.803,1200
2020-08-28 09:42:13.240,4.803,2000
2020-08-28 09:42:13.800,4.801,500
2020-08-28 09:42:13.800,4.801,3000
2020-08-28 09:42:15.070,4.803,600
2020-08-28 09:42:15.090,4.802,6600
2020-08-28 09:42:16.050,4.803,6000
2020-08-28 09:42:16.430,4.803,500
2020-08-28 09:42:16.590,4.802,2500
2020-08-28 09:42:16.610,4.802,800
2020-08-28 09:42:18.120,4.803,100
2020-08-28 09:42:21.000,4.803,3000
2020-08-28 09:42:21.990,4.803,10000
2020-08-28 09:42:22.220,4.802,20000
2020-08-28 09:42:22.500,4.803,36600
2020-08-28 09:42:22.500,4.803,10000
2020-08-28 09:42:22.500,4.803,400
2020-08-28 09:42:22.500,4.803,1000
2020-08-28 09:42:22.500,4.803,3000
2020-08-28 09:42:22.500,4.803,3500
2020-08-28 09:42:22.500,4.803,5100
2020-08-28 09:42:22.500,4.803,100
2020-08-28 09:42:22.500,4.803,34700
2020-08-28 09:42:22.500,4.803,30000
2020-08-28 09:42:22.500,4.803,4900
2020-08-28 09:42:22.500,4.803,30000
2020-08-28 09:42:22.500,4.803,3000
2020-08-28 09:42:22.500,4.804,47800
2020-08-28 09:42:22.500,4.804,400
2020-08-28 09:42:22.500,4.804,400
2020-08-28 09:42:22.500,4.804,5000
2020-08-28 09:42:22.500,4.804,1000
2020-08-28 09:42:22.500,4.804,10000
2020-08-28 09:42:22.500,4.804,50000
2020-08-28 09:42:22.500,4.804,6500
2020-08-28 09:42:22.500,4.804,10000
2020-08-28 09:42:22.500,4.804,5100
2020-08-28 09:42:22.500,4.804,10000
2020-08-28 09:42:22.500,4.804,4000
2020-08-28 09:42:23.050,4.804,10000
2020-08-28 09:42:23.110,4.804,8000
2020-08-28 09:42:23.360,4.804,1000
2020-08-28 09:42:23.670,4.804,60000
2020-08-28 09:42:23.770,4.804,50000
2020-08-28 09:42:24.800,4.804,60000
2020-08-28 09:42:25.130,4.804,100000
2020-08-28 09:42:25.830,4.804,5000
2020-08-28 09:42:26.270,4.804,200
2020-08-28 09:42:26.880,4.804,1000
2020-08-28 09:42:27.290,4.804,2500
2020-08-28 09:42:27.690,4.804,4000
2020-08-28 09:42:30.220,4.804,58800
2020-08-28 09:42:30.220,4.805,200
2020-08-28 09:42:30.220,4.805,2100
2020-08-28 09:42:30.220,4.805,100
2020-08-28 09:42:30.220,4.805,200
2020-08-28 09:42:30.220,4.805,2400
2020-08-28 09:42:30.220,4.805,200
2020-08-28 09:42:30.220,4.805,2800
2020-08-28 09:42:30.510,4.805,7000
2020-08-28 09:42:30.780,4.804,2000
2020-08-28 09:42:32.950,4.804,4900
2020-08-28 09:42:34.170,4.804,600
2020-08-28 09:42:34.650,4.804,5000
2020-08-28 09:42:34.950,4.805,100
2020-08-28 09:42:35.290,4.805,100
2020-08-28 09:42:35.290,4.805,3300
2020-08-28 09:42:38.750,4.804,25800
2020-08-28 09:42:39.080,4.804,34700
2020-08-28 09:42:39.500,4.805,26700
2020-08-28 09:42:39.500,4.805,100000
2020-08-28 09:42:39.500,4.805,3000
2020-08-28 09:42:39.500,4.805,500
2020-08-28 09:42:39.500,4.805,2500
2020-08-28 09:42:39.500,4.805,2500
2020-08-28 09:42:39.500,4.805,5000
2020-08-28 09:42:39.500,4.805,12100
2020-08-28 09:42:39.500,4.805,1800
2020-08-28 09:42:40.590,4.804,10000
2020-08-28 09:42:40.930,4.804,15000
2020-08-28 09:42:41.380,4.805,500
2020-08-28 09:42:41.990,4.804,5000
2020-08-28 09:42:42.300,4.805,27700
2020-08-28 09:42:42.300,4.805,100
2020-08-28 09:42:42.300,4.805,3000
2020-08-28 09:42:42.300,4.805,5000
2020-08-28 09:42:42.300,4.805,800
2020-08-28 09:42:42.300,4.805,10000
2020-08-28 09:42:42.300,4.805,5000
2020-08-28 09:42:42.300,4.805,38400
2020-08-28 09:42:42.500,4.804,1000
2020-08-28 09:42:42.770,4.805,1300
2020-08-28 09:42:43.200,4.804,10000
2020-08-28 09:42:43.510,4.805,5000
2020-08-28 09:42:44.600,4.804,300
2020-08-28 09:42:44.860,4.805,200
2020-08-28 09:42:45.880,4.805,600
2020-08-28 09:42:46.250,4.805,200
2020-08-28 09:42:46.420,4.804,900
2020-08-28 09:42:46.800,4.804,10000
2020-08-28 09:42:47.350,4.805,200
2020-08-28 09:42:47.350,4.804,58900
2020-08-28 09:42:47.430,4.805,2200
2020-08-28 09:42:47.760,4.804,2000
2020-08-28 09:42:47.810,4.804,100
2020-08-28 09:42:48.380,4.804,40800
2020-08-28 09:42:48.380,4.804,1000
2020-08-28 09:42:48.380,4.804,200
2020-08-28 09:42:48.380,4.804,1000
2020-08-28 09:42:48.380,4.804,7000
2020-08-28 09:42:48.730,4.804,3500
2020-08-28 09:42:48.730,4.803,100
2020-08-28 09:42:48.730,4.803,4900
2020-08-28 09:42:48.730,4.803,1500
2020-08-28 09:42:50.050,4.804,6300
2020-08-28 09:42:50.050,4.804,5000
2020-08-28 09:42:50.050,4.805,38500
2020-08-28 09:42:50.680,4.804,5000
2020-08-28 09:42:51.310,4.804,300
2020-08-28 09:42:51.580,4.804,500
2020-08-28 09:42:52.410,4.804,14200
2020-08-28 09:42:52.520,4.804,700
2020-08-28 09:42:54.310,4.803,500
2020-08-28 09:42:54.310,4.803,100
2020-08-28 09:42:54.310,4.803,100
2020-08-28 09:42:54.310,4.803,400
2020-08-28 09:42:54.780,4.804,6600
2020-08-28 09:42:54.780,4.804,3000
2020-08-28 09:42:54.780,4.804,4600
2020-08-28 09:42:54.780,4.805,2400
2020-08-28 09:42:55.080,4.803,600
2020-08-28 09:42:55.080,4.802,10000
2020-08-28 09:42:55.080,4.802,9400
2020-08-28 09:42:56.490,4.804,5000
2020-08-28 09:42:56.490,4.804,2000
2020-08-28 09:42:56.490,4.804,5700
2020-08-28 09:42:56.660,4.804,20500
2020-08-28 09:42:56.690,4.804,900
2020-08-28 09:42:57.100,4.804,1000
2020-08-28 09:42:57.170,4.804,17000
2020-08-28 09:42:57.170,4.804,33000
2020-08-28 09:42:58.420,4.804,100
2020-08-28 09:42:59.680,4.804,1000
2020-08-28 09:43:01.070,4.804,1000
2020-08-28 09:43:01.790,4.804,39800
2020-08-28 09:43:01.790,4.804,10200
2020-08-28 09:43:02.440,4.803,4000
2020-08-28 09:43:02.470,4.803,10000
2020-08-28 09:43:02.950,4.803,15000
2020-08-28 09:43:03.250,4.804,1900
2020-08-28 09:43:03.840,4.804,17900
2020-08-28 09:43:03.840,4.804,21000
2020-08-28 09:43:03.840,4.804,200
2020-08-28 09:43:03.840,4.804,2200
2020-08-28 09:43:03.890,4.803,200
2020-08-28 09:43:04.080,4.804,2000
2020-08-28 09:43:04.160,4.804,5900
2020-08-28 09:43:04.160,4.804,34100
2020-08-28 09:43:04.940,4.803,8400
2020-08-28 09:43:04.940,4.802,71600
2020-08-28 09:43:07.400,4.803,2000
2020-08-28 09:43:07.600,4.803,2000
2020-08-28 09:43:10.190,4.802,4200
2020-08-28 09:43:11.350,4.802,19800
2020-08-28 09:43:12.870,4.802,1200
2020-08-28 09:43:13.620,4.803,4300
2020-08-28 09:43:14.360,4.803,1100
2020-08-28 09:43:14.380,4.802,3900
2020-08-28 09:43:14.380,4.802,3300
2020-08-28 09:43:14.380,4.802,300
2020-08-28 09:43:14.380,4.802,3000
2020-08-28 09:43:14.380,4.802,2100
2020-08-28 09:43:14.380,4.802,5000
2020-08-28 09:43:16.340,4.801,15000
2020-08-28 09:43:16.530,4.801,50000
2020-08-28 09:43:18.030,4.802,30000
2020-08-28 09:43:18.270,4.802,2000
2020-08-28 09:43:19.950,4.802,2100
2020-08-28 09:43:22.090,4.801,116900
2020-08-28 09:43:22.090,4.801,2000
2020-08-28 09:43:23.880,4.802,500
2020-08-28 09:43:24.730,4.801,1800
2020-08-28 09:43:25.160,4.8,5000
2020-08-28 09:43:25.710,4.801,300
2020-08-28 09:43:26.080,4.801,1700
2020-08-28 09:43:26.550,4.8,54100
2020-08-28 09:43:26.620,4.801,1300
2020-08-28 09:43:26.620,4.802,4500
2020-08-28 09:43:26.620,4.802,1100
2020-08-28 09:43:26.620,4.802,400
2020-08-28 09:43:26.620,4.802,2000
2020-08-28 09:43:26.620,4.802,700
2020-08-28 09:43:27.030,4.8,15000
2020-08-28 09:43:27.630,4.8,15900
2020-08-28 09:43:27.630,4.8,2000
2020-08-28 09:43:27.630,4.8,50000
2020-08-28 09:43:27.630,4.8,32100
2020-08-28 09:43:27.810,4.8,1000
2020-08-28 09:43:28.260,4.8,8400
2020-08-28 09:43:29.680,4.8,10600
2020-08-28 09:43:30.210,4.801,1000
2020-08-28 09:43:31.010,4.801,500
2020-08-28 09:43:31.690,4.799,200
2020-08-28 09:43:32.070,4.8,100
2020-08-28 09:43:32.940,4.8,900
2020-08-28 09:43:34.030,4.801,1000
2020-08-28 09:43:34.580,4.8,2000
2020-08-28 09:43:34.760,4.8,17000
2020-08-28 09:43:34.760,4.8,200
2020-08-28 09:43:34.760,4.8,282800
2020-08-28 09:43:35.450,4.801,1400
2020-08-28 09:43:36.740,4.801,7600
2020-08-28 09:43:36.740,4.801,2400
2020-08-28 09:43:37.040,4.8,1000
2020-08-28 09:43:39.670,4.8,5000
2020-08-28 09:43:40.320,4.8,100
2020-08-28 09:43:40.950,4.8,11100
2020-08-28 09:43:40.950,4.8,5500
2020-08-28 09:43:40.950,4.8,9900
2020-08-28 09:43:41.020,4.8,4300
2020-08-28 09:43:41.070,4.8,100
2020-08-28 09:43:41.910,4.8,1000
2020-08-28 09:43:42.940,4.8,600
2020-08-28 09:43:42.990,4.8,5000
2020-08-28 09:43:45.910,4.8,100
2020-08-28 09:43:45.910,4.8,900
2020-08-28 09:43:46.160,4.801,2000
2020-08-28 09:43:46.330,4.8,500
2020-08-28 09:43:47.100,4.8,300
2020-08-28 09:43:47.450,4.8,900
2020-08-28 09:43:48.400,4.8,2000
2020-08-28 09:43:48.510,4.8,2500
2020-08-28 09:43:48.720,4.8,20000
2020-08-28 09:43:49.560,4.801,1000
2020-08-28 09:43:50.010,4.8,1000
2020-08-28 09:43:50.550,4.8,1000
2020-08-28 09:43:50.700,4.801,900
2020-08-28 09:43:50.700,4.801,2000
2020-08-28 09:43:50.700,4.801,34000
2020-08-28 09:43:50.700,4.801,1000
2020-08-28 09:43:50.700,4.801,6700
2020-08-28 09:43:50.700,4.801,10000
2020-08-28 09:43:50.700,4.801,16200
2020-08-28 09:43:50.700,4.801,5000
2020-08-28 09:43:50.700,4.801,3000
2020-08-28 09:43:50.700,4.801,5000
2020-08-28 09:43:50.700,4.801,8900
2020-08-28 09:43:50.700,4.801,10000
2020-08-28 09:43:50.700,4.801,2300
2020-08-28 09:43:51.080,4.801,7300
2020-08-28 09:43:54.440,4.801,1100
2020-08-28 09:43:56.010,4.801,1000
2020-08-28 09:43:56.850,4.801,4200
2020-08-28 09:43:57.340,4.801,2500
2020-08-28 09:43:57.520,4.802,300
2020-08-28 09:43:57.520,4.802,50000
2020-08-28 09:43:57.520,4.802,5000
2020-08-28 09:43:57.520,4.802,800
2020-08-28 09:43:57.520,4.802,3000
2020-08-28 09:43:57.520,4.802,240900
2020-08-28 09:43:58.100,4.801,69300
2020-08-28 09:43:58.880,4.802,59100
2020-08-28 09:43:58.880,4.802,4800
2020-08-28 09:44:00.100,4.802,100
2020-08-28 09:44:01.860,4.803,1500
2020-08-28 09:44:03.960,4.803,10100
2020-08-28 09:44:05.430,4.803,15000
2020-08-28 09:44:05.430,4.803,2100
2020-08-28 09:44:05.430,4.803,500
2020-08-28 09:44:05.430,4.803,10000
2020-08-28 09:44:05.430,4.803,2400
2020-08-28 09:44:05.430,4.803,7600
2020-08-28 09:44:05.430,4.803,1100
2020-08-28 09:44:05.430,4.803,3000
2020-08-28 09:44:05.430,4.803,1000
2020-08-28 09:44:05.430,4.803,2700
2020-08-28 09:44:05.430,4.803,1000
2020-08-28 09:44:05.430,4.803,4800
2020-08-28 09:44:05.430,4.803,3600
2020-08-28 09:44:05.430,4.803,3700
2020-08-28 09:44:05.430,4.803,2900
2020-08-28 09:44:05.430,4.803,100
2020-08-28 09:44:05.430,4.803,1000
2020-08-28 09:44:05.430,4.803,3500
2020-08-28 09:44:05.430,4.803,100
2020-08-28 09:44:05.430,4.803,10000
2020-08-28 09:44:05.430,4.803,15000
2020-08-28 09:44:05.430,4.803,4200
2020-08-28 09:44:05.760,4.803,5000
2020-08-28 09:44:07.030,4.804,24800
2020-08-28 09:44:07.030,4.804,3000
2020-08-28 09:44:07.030,4.804,2000
2020-08-28 09:44:07.030,4.804,10000
2020-08-28 09:44:07.030,4.804,500
2020-08-28 09:44:07.030,4.804,11000
2020-08-28 09:44:07.030,4.804,248700
2020-08-28 09:44:07.110,4.804,30000
2020-08-28 09:44:07.180,4.804,4000
2020-08-28 09:44:07.590,4.804,5800
2020-08-28 09:44:07.590,4.804,20000
2020-08-28 09:44:07.590,4.804,10000
2020-08-28 09:44:07.590,4.804,100
2020-08-28 09:44:07.590,4.804,5000
2020-08-28 09:44:07.590,4.804,100
2020-08-28 09:44:07.590,4.804,25800
2020-08-28 09:44:07.590,4.804,100
2020-08-28 09:44:07.590,4.804,500
2020-08-28 09:44:07.590,4.804,80000
2020-08-28 09:44:07.590,4.804,500
2020-08-28 09:44:08.770,4.804,600
2020-08-28 09:44:10.280,4.804,100
2020-08-28 09:44:11.130,4.804,5000
2020-08-28 09:44:14.240,4.805,25800
2020-08-28 09:44:14.240,4.805,300
2020-08-28 09:44:14.240,4.805,300
2020-08-28 09:44:14.240,4.805,300
2020-08-28 09:44:14.240,4.805,300
2020-08-28 09:44:14.240,4.805,300
2020-08-28 09:44:14.240,4.805,300
2020-08-28 09:44:14.240,4.805,300
2020-08-28 09:44:14.240,4.805,300
2020-08-28 09:44:14.240,4.805,10000
2020-08-28 09:44:14.240,4.805,10000
2020-08-28 09:44:14.240,4.805,1800
2020-08-28 09:44:14.490,4.805,98200
2020-08-28 09:44:14.490,4.805,5000
2020-08-28 09:44:14.490,4.805,5000
2020-08-28 09:44:14.490,4.805,5000
2020-08-28 09:44:14.490,4.805,2000
2020-08-28 09:44:14.490,4.805,4000
2020-08-28 09:44:14.490,4.805,300
2020-08-28 09:44:14.490,4.805,20000
2020-08-28 09:44:14.490,4.805,5000
2020-08-28 09:44:14.490,4.805,12500
2020-08-28 09:44:14.490,4.805,700
2020-08-28 09:44:14.490,4.805,50000
2020-08-28 09:44:14.490,4.805,500
2020-08-28 09:44:14.490,4.805,3000
2020-08-28 09:44:14.490,4.805,700
2020-08-28 09:44:14.490,4.805,2000
2020-08-28 09:44:14.490,4.805,100
2020-08-28 09:44:14.490,4.805,30000
2020-08-28 09:44:14.490,4.805,6500
2020-08-28 09:44:14.490,4.805,100
2020-08-28 09:44:14.490,4.805,100
2020-08-28 09:44:14.490,4.805,10000
2020-08-28 09:44:14.490,4.805,2000
2020-08-28 09:44:14.490,4.805,100
2020-08-28 09:44:14.490,4.805,500
2020-08-28 09:44:14.490,4.805,600
2020-08-28 09:44:14.490,4.805,200
2020-08-28 09:44:14.490,4.805,2500
2020-08-28 09:44:14.490,4.805,300
2020-08-28 09:44:14.490,4.805,10000
2020-08-28 09:44:14.490,4.805,800
2020-08-28 09:44:14.490,4.805,1400
2020-08-28 09:44:16.040,4.805,5000
2020-08-28 09:44:16.180,4.805,1000
2020-08-28 09:44:16.880,4.806,100000
2020-08-28 09:44:16.880,4.806,500
2020-08-28 09:44:16.880,4.806,6300
2020-08-28 09:44:16.880,4.806,54800
2020-08-28 09:44:16.880,4.806,5000
2020-08-28 09:44:16.880,4.806,2300
2020-08-28 09:44:16.880,4.806,4400
2020-08-28 09:44:16.880,4.806,10000
2020-08-28 09:44:16.880,4.806,2000
2020-08-28 09:44:16.880,4.806,2000
2020-08-28 09:44:16.880,4.806,1000
2020-08-28 09:44:16.880,4.806,47700
2020-08-28 09:44:16.880,4.806,32300
2020-08-28 09:44:17.350,4.806,2000
2020-08-28 09:44:18.430,4.807,2000
2020-08-28 09:44:18.430,4.807,12000
2020-08-28 09:44:18.430,4.807,600
2020-08-28 09:44:18.430,4.807,1000
2020-08-28 09:44:18.430,4.807,4000
2020-08-28 09:44:18.430,4.807,100000
2020-08-28 09:44:18.430,4.807,500
2020-08-28 09:44:18.430,4.807,200
2020-08-28 09:44:18.430,4.807,1000
2020-08-28 09:44:18.430,4.807,100
2020-08-28 09:44:18.430,4.807,100
2020-08-28 09:44:18.430,4.807,100000
2020-08-28 09:44:18.430,4.807,2000
2020-08-28 09:44:18.430,4.807,10000
2020-08-28 09:44:18.430,4.808,500
2020-08-28 09:44:18.430,4.808,3000
2020-08-28 09:44:18.430,4.808,5000
2020-08-28 09:44:18.430,4.808,100
2020-08-28 09:44:18.430,4.808,3000
2020-08-28 09:44:18.430,4.808,54900
2020-08-28 09:44:18.450,4.808,45100
2020-08-28 09:44:18.450,4.808,2100
2020-08-28 09:44:18.450,4.808,100
2020-08-28 09:44:18.450,4.808,300
2020-08-28 09:44:18.450,4.808,100
2020-08-28 09:44:18.450,4.808,20000
2020-08-28 09:44:18.450,4.808,100
2020-08-28 09:44:18.450,4.808,25000
2020-08-28 09:44:18.450,4.808,2000
2020-08-28 09:44:18.450,4.808,25000
2020-08-28 09:44:18.450,4.808,100
2020-08-28 09:44:18.450,4.808,6000
2020-08-28 09:44:18.450,4.808,25000
2020-08-28 09:44:18.450,4.808,5000
2020-08-28 09:44:18.450,4.808,100000
2020-08-28 09:44:18.450,4.808,6000
2020-08-28 09:44:18.450,4.808,100
2020-08-28 09:44:18.450,4.808,2100
2020-08-28 09:44:18.450,4.808,35900
2020-08-28 09:44:19.200,4.806,30000
2020-08-28 09:44:19.400,4.806,900
2020-08-28 09:44:19.660,4.808,2100
2020-08-28 09:44:19.760,4.807,21000
2020-08-28 09:44:19.860,4.807,100
2020-08-28 09:44:22.610,4.807,2000
2020-08-28 09:44:22.950,4.808,5000
2020-08-28 09:44:22.950,4.808,1000
2020-08-28 09:44:23.650,4.808,400
2020-08-28 09:44:24.430,4.809,15000
2020-08-28 09:44:25.970,4.808,800
2020-08-28 09:44:26.070,4.808,1000
2020-08-28 09:44:26.630,4.809,12900
2020-08-28 09:44:26.690,4.808,5000
2020-08-28 09:44:28.440,4.809,32000
2020-08-28 09:44:28.690,4.809,1300
2020-08-28 09:44:29.670,4.808,2000
2020-08-28 09:44:29.750,4.809,400
2020-08-28 09:44:30.520,4.808,10000
2020-08-28 09:44:30.670,4.808,300
2020-08-28 09:44:31.860,4.808,10000
2020-08-28 09:44:32.020,4.808,200
2020-08-28 09:44:32.070,4.808,3000
2020-08-28 09:44:32.590,4.808,1500
2020-08-28 09:44:32.590,4.808,4800
2020-08-28 09:44:32.680,4.809,148400
2020-08-28 09:44:32.680,4.809,2000
2020-08-28 09:44:32.680,4.809,200
2020-08-28 09:44:32.680,4.809,2400
2020-08-28 09:44:32.680,4.809,200
2020-08-28 09:44:32.680,4.809,2000
2020-08-28 09:44:32.680,4.809,200
2020-08-28 09:44:32.680,4.809,3000
2020-08-28 09:44:32.680,4.809,100000
2020-08-28 09:44:32.680,4.809,500
2020-08-28 09:44:32.680,4.809,2400
2020-08-28 09:44:32.960,4.808,6300
2020-08-28 09:44:33.430,4.809,8300
2020-08-28 09:44:33.430,4.809,10000
2020-08-28 09:44:33.430,4.809,31700
2020-08-28 09:44:33.430,4.809,5000
2020-08-28 09:44:33.950,4.809,20000
2020-08-28 09:44:34.410,4.808,10000
2020-08-28 09:44:34.520,4.808,21000
2020-08-28 09:44:34.880,4.808,2000
2020-08-28 09:44:35.580,4.809,3300
2020-08-28 09:44:35.580,4.809,2000
2020-08-28 09:44:35.580,4.809,10000
2020-08-28 09:44:35.580,4.809,10000
2020-08-28 09:44:35.580,4.809,10200
2020-08-28 09:44:35.580,4.809,5000
2020-08-28 09:44:35.580,4.809,11000
2020-08-28 09:44:35.780,4.808,10000
2020-08-28 09:44:36.460,4.808,10400
2020-08-28 09:44:37.190,4.808,10400
2020-08-28 09:44:37.780,4.808,200
2020-08-28 09:44:37.820,4.808,100
2020-08-28 09:44:38.100,4.808,3800
2020-08-28 09:44:38.180,4.808,1000
2020-08-28 09:44:38.180,4.808,33600
2020-08-28 09:44:38.880,4.808,4000
2020-08-28 09:44:39.520,4.806,5000
2020-08-28 09:44:40.540,4.808,10000
2020-08-28 09:44:40.540,4.808,2500
2020-08-28 09:44:40.540,4.808,3000
2020-08-28 09:44:40.540,4.808,400
2020-08-28 09:44:40.540,4.808,5000
2020-08-28 09:44:40.540,4.808,2500
2020-08-28 09:44:40.540,4.809,6600
2020-08-28 09:44:41.430,4.809,10000
2020-08-28 09:44:42.180,4.808,10000
2020-08-28 09:44:42.410,4.808,300
2020-08-28 09:44:44.020,4.808,5000
2020-08-28 09:44:44.120,4.808,600
2020-08-28 09:44:44.420,4.809,13200
2020-08-28 09:44:45.840,4.808,800
2020-08-28 09:44:46.510,4.808,11400
2020-08-28 09:44:46.510,4.809,14900
2020-08-28 09:44:47.260,4.808,900
2020-08-28 09:44:47.260,4.808,2500
2020-08-28 09:44:47.460,4.808,500
2020-08-28 09:44:47.460,4.809,9500
2020-08-28 09:44:48.830,4.807,400
2020-08-28 09:44:48.830,4.807,300
2020-08-28 09:44:48.830,4.806,300
2020-08-28 09:44:50.460,4.807,200
2020-08-28 09:44:50.460,4.807,1800
2020-08-28 09:44:51.910,4.808,300
2020-08-28 09:44:54.010,4.808,700
2020-08-28 09:44:54.010,4.808,2000
2020-08-28 09:44:54.010,4.808,27300
2020-08-28 09:44:54.390,4.807,10000
2020-08-28 09:44:55.680,4.808,169500
2020-08-28 09:44:55.680,4.808,10000
2020-08-28 09:44:55.680,4.808,400
2020-08-28 09:44:55.680,4.808,60000
2020-08-28 09:44:55.680,4.808,10000
2020-08-28 09:44:55.680,4.808,5000
2020-08-28 09:44:55.680,4.808,6000
2020-08-28 09:44:55.680,4.808,100
2020-08-28 09:44:55.680,4.808,10000
2020-08-28 09:44:55.680,4.808,10000
2020-08-28 09:44:55.730,4.808,4200
2020-08-28 09:44:55.730,4.808,1000
2020-08-28 09:44:56.660,4.809,6000
2020-08-28 09:44:57.340,4.809,146400
2020-08-28 09:44:57.900,4.808,1000
2020-08-28 09:44:58.220,4.808,100
2020-08-28 09:44:58.330,4.809,97100
2020-08-28 09:44:58.330,4.809,30000
2020-08-28 09:44:58.330,4.809,9000
2020-08-28 09:44:58.330,4.809,10100
2020-08-28 09:44:58.330,4.809,6000
2020-08-28 09:44:58.330,4.809,1600
2020-08-28 09:44:58.330,4.809,10000
2020-08-28 09:44:58.330,4.809,5000
2020-08-28 09:44:58.330,4.809,5000
2020-08-28 09:44:58.330,4.809,400
2020-08-28 09:44:58.330,4.809,2000
2020-08-28 09:44:58.330,4.809,300
2020-08-28 09:44:58.330,4.809,5000
2020-08-28 09:44:58.330,4.809,200
2020-08-28 09:44:58.330,4.809,1000
2020-08-28 09:44:58.330,4.809,100
2020-08-28 09:44:58.330,4.809,5000
2020-08-28 09:44:58.330,4.809,30000
2020-08-28 09:44:58.330,4.809,10000
2020-08-28 09:44:58.330,4.809,5000
2020-08-28 09:44:58.330,4.809,200
2020-08-28 09:44:58.570,4.809,100
2020-08-28 09:44:58.640,4.809,8000
2020-08-28 09:44:58.830,4.81,200
2020-08-28 09:44:58.830,4.81,3000
2020-08-28 09:44:58.830,4.81,200000
2020-08-28 09:44:58.830,4.81,100
2020-08-28 09:44:58.830,4.81,10000
2020-08-28 09:44:58.830,4.81,2000
2020-08-28 09:44:58.830,4.81,100
2020-08-28 09:44:58.830,4.81,500
2020-08-28 09:44:58.830,4.81,100
2020-08-28 09:44:58.830,4.81,3000
2020-08-28 09:44:58.830,4.81,3000
2020-08-28 09:44:58.830,4.81,200
2020-08-28 09:44:58.830,4.81,2000
2020-08-28 09:44:58.830,4.81,5000
2020-08-28 09:44:58.830,4.81,70800
2020-08-28 09:44:59.190,4.809,2500
2020-08-28 09:44:59.640,4.809,3000
2020-08-28 09:44:59.980,4.81,29200
2020-08-28 09:44:59.980,4.81,800
2020-08-28 09:45:01.290,4.809,3000
2020-08-28 09:45:01.350,4.809,5000
2020-08-28 09:45:01.660,4.809,4000
2020-08-28 09:45:02.270,4.809,500
2020-08-28 09:45:02.740,4.81,200
2020-08-28 09:45:02.740,4.81,600
2020-08-28 09:45:02.740,4.81,300
2020-08-28 09:45:02.740,4.81,500
2020-08-28 09:45:02.740,4.81,200
