ExChangeId,ChannelNo,SeqNo,SecurityID,Trade2_Order1,TradeDate,UpdateTime,Price,Volume,TrdMoney,OrdSide,OrdType,TrdBSFlag,TrdBuyNo,TrdSellNo
1,1,3981,510360,2,20200828,92500100,1.589000,100,158.900000,-,-,N,7684,177946
1,1,3982,510360,2,20200828,92500100,1.589000,100,158.900000,-,-,N,52512,177946
1,1,3983,510360,2,20200828,92500100,1.589000,500,794.500000,-,-,N,52512,172558
1,1,23487,510360,2,20200828,93001200,1.589000,400,635.600000,-,-,S,52512,195042
1,1,23488,510360,2,20200828,93001200,1.589000,200,317.800000,-,-,S,52993,195042
1,1,131577,510360,2,20200828,93203920,1.585000,26400,41844.000000,-,-,S,400997,419245
1,1,328610,510360,2,20200828,93758760,1.587000,400,634.800000,-,-,B,765598,596158
1,1,358740,510360,2,20200828,93903790,1.587000,13200,20948.400000,-,-,B,817076,815122
1,1,401354,510360,2,20200828,94033870,1.587000,100,158.700000,-,-,S,838833,891197
1,1,418986,510360,2,20200828,94111070,1.589000,500,794.500000,-,-,B,921814,199952
1,1,418987,510360,2,20200828,94111070,1.589000,10000,15890.000000,-,-,B,921814,212346
1,1,418988,510360,2,20200828,94111070,1.589000,10000,15890.000000,-,-,B,921814,375329
1,1,418989,510360,2,20200828,94111070,1.589000,2000,3178.000000,-,-,B,921814,906430
1,1,426406,510360,2,20200828,94125110,1.590000,10000,15900.000000,-,-,B,934494,250708
1,1,426407,510360,2,20200828,94125110,1.590000,10000,15900.000000,-,-,B,934494,263616
1,1,428651,510360,2,20200828,94128860,1.590000,100,159.000000,-,-,S,934494,937809
1,1,434158,510360,2,20200828,94140050,1.591000,10000,15910.000000,-,-,B,947533,103432
1,1,505095,510360,2,20200828,94421470,1.592000,3300,5253.600000,-,-,B,1072901,1016815
1,1,513342,510360,2,20200828,94442670,1.592000,100,159.200000,-,-,S,1072901,1087564
1,1,514713,510360,2,20200828,94446900,1.593000,500,796.500000,-,-,B,1090206,369816
1,1,580918,510360,2,20200828,94709820,1.595000,300,478.500000,-,-,S,1130481,1202246
1,1,585481,510360,2,20200828,94722060,1.595000,200,319.000000,-,-,S,1130481,1210463
1,1,608044,510360,2,20200828,94826760,1.595000,700,1116.500000,-,-,S,1130481,1250053
1,1,609354,510360,2,20200828,94830560,1.595000,1000,1595.000000,-,-,S,1130481,1252245
1,1,633026,510360,2,20200828,94935290,1.596000,9400,15002.400000,-,-,B,1292294,250707
1,1,635539,510360,2,20200828,94942530,1.595000,1000,1595.000000,-,-,S,1130481,1296870
1,1,640155,510360,2,20200828,94955320,1.593000,2500,3982.500000,-,-,S,1090206,1304396
1,1,657058,510360,2,20200828,95035120,1.593000,1500,2389.500000,-,-,B,1331542,1304396
1,1,749800,510360,2,20200828,95443010,1.593000,100,159.300000,-,-,S,1378123,1482208
1,1,760894,510360,2,20200828,95516550,1.593000,3100,4938.300000,-,-,B,1502014,1482208
1,1,790831,510360,2,20200828,95652140,1.594000,7000,11158.000000,-,-,S,1551231,1556383
1,1,791904,510360,2,20200828,95655810,1.595000,2000,3190.000000,-,-,B,1558160,1296870
1,1,801821,510360,2,20200828,95731130,1.593000,9900,15770.700000,-,-,S,1502014,1576009
1,1,814875,510360,2,20200828,95820180,1.596000,600,957.600000,-,-,B,1598879,250707
1,1,814876,510360,2,20200828,95820180,1.596000,300,478.800000,-,-,B,1598879,263617
1,1,847770,510360,2,20200828,100030520,1.594000,29900,47660.600000,-,-,S,1611349,1657946
1,1,868538,510360,2,20200828,100137100,1.596000,9700,15481.200000,-,-,B,1692265,263617
1,1,868539,510360,2,20200828,100137100,1.596000,500,798.000000,-,-,B,1692265,387331
1,1,868540,510360,2,20200828,100137100,1.596000,100,159.600000,-,-,B,1692265,1384319
1,1,868541,510360,2,20200828,100137100,1.596000,2000,3192.000000,-,-,B,1692265,1390624
1,1,868542,510360,2,20200828,100137100,1.596000,14500,23142.000000,-,-,B,1692265,1676289
1,1,878228,510360,2,20200828,100207180,1.597000,3000,4791.000000,-,-,B,1708750,1626994
1,1,878229,510360,2,20200828,100207180,1.597000,4000,6388.000000,-,-,B,1708750,1639641
1,1,878230,510360,2,20200828,100207180,1.597000,100,159.700000,-,-,B,1708750,1647346
1,1,927154,510360,2,20200828,100504750,1.597000,100,159.700000,-,-,B,1792456,1786298
1,1,927155,510360,2,20200828,100504750,1.597000,3200,5110.400000,-,-,B,1792456,1791508
1,1,927603,510360,2,20200828,100506590,1.597000,1200,1916.400000,-,-,S,1792456,1793341
1,1,948687,510360,2,20200828,100631340,1.597000,1900,3034.300000,-,-,S,1792456,1829632
1,1,957982,510360,2,20200828,100703840,1.596000,1300,2074.800000,-,-,B,1844823,1838568
1,1,1006071,510360,2,20200828,101026830,1.596000,10400,16598.400000,-,-,S,1916899,1925895
1,1,1072566,510360,2,20200828,101500810,1.596000,20000,31920.000000,-,-,S,1978013,2036935
1,1,1104042,510360,2,20200828,101658230,1.595000,3300,5263.500000,-,-,S,1906959,2084900
1,1,1104773,510360,2,20200828,101700910,1.595000,1900,3030.500000,-,-,B,2086079,2084900
1,1,1106859,510360,2,20200828,101708200,1.595000,4100,6539.500000,-,-,B,2089265,2084900
1,1,1124160,510360,2,20200828,101814120,1.595000,15700,25041.500000,-,-,B,2115564,2084900
1,1,1124161,510360,2,20200828,101814120,1.595000,500,797.500000,-,-,B,2115564,2090908
1,1,1163334,510360,2,20200828,102050130,1.594000,5600,8926.400000,-,-,S,2143425,2178052
1,1,1164271,510360,2,20200828,102053400,1.595000,300,478.500000,-,-,S,2178683,2179367
1,1,1165158,510360,2,20200828,102056190,1.594000,14400,22953.600000,-,-,S,2143425,2180483
1,1,1231050,510360,2,20200828,102516230,1.593000,3000,4779.000000,-,-,S,1567429,2283935
1,1,1264492,510360,2,20200828,102739460,1.592000,55900,88992.800000,-,-,S,2259809,2337595
1,1,1305557,510360,2,20200828,103034010,1.593000,3000,4779.000000,-,-,S,2398042,2405179
1,1,1312340,510360,2,20200828,103103890,1.594000,5000,7970.000000,-,-,S,2406442,2417599
1,1,1433578,510360,2,20200828,104143610,1.596000,2000,3192.000000,-,-,S,2617751,2626885
1,1,1436724,510360,2,20200828,104201430,1.596000,1500,2394.000000,-,-,S,2617751,2632179
1,1,1492925,510360,2,20200828,104804270,1.596000,2500,3990.000000,-,-,B,2730908,2715289
1,1,1501065,510360,2,20200828,104906920,1.596000,200,319.200000,-,-,B,2746072,2742157
1,1,1521129,510360,2,20200828,105115170,1.597000,8400,13414.800000,-,-,S,2769557,2780430
1,1,1529106,510360,2,20200828,105206770,1.598000,100,159.800000,-,-,B,2793783,1736413
1,1,1529107,510360,2,20200828,105206770,1.598000,3900,6232.200000,-,-,B,2793783,1912109
1,1,1529108,510360,2,20200828,105206770,1.598000,3200,5113.600000,-,-,B,2793783,2694902
1,1,1529109,510360,2,20200828,105206770,1.598000,300,479.400000,-,-,B,2793783,2758335
1,1,1548243,510360,2,20200828,105334660,1.598000,100,159.800000,-,-,S,2798888,2822204
1,1,1580762,510360,2,20200828,105724630,1.598000,300,479.400000,-,-,S,2864449,2877853
1,1,1582487,510360,2,20200828,105737940,1.599000,100,159.900000,-,-,B,2880901,2823883
1,1,1586041,510360,2,20200828,105801910,1.599000,100,159.900000,-,-,S,2880901,2886667
1,1,1590339,510360,2,20200828,105831120,1.600000,500,800.000000,-,-,B,2894291,232044
1,1,1590340,510360,2,20200828,105831120,1.600000,100,160.000000,-,-,B,2894291,1091616
1,1,1590341,510360,2,20200828,105831120,1.600000,200,320.000000,-,-,B,2894291,1299479
1,1,1590342,510360,2,20200828,105831120,1.600000,500,800.000000,-,-,B,2894291,1740736
1,1,1590343,510360,2,20200828,105831120,1.600000,30000,48000.000000,-,-,B,2894291,1852177
1,1,1590344,510360,2,20200828,105831120,1.600000,22800,36480.000000,-,-,B,2894291,1996453
1,1,1590345,510360,2,20200828,105831120,1.600000,100,160.000000,-,-,B,2894291,2888843
1,1,1590792,510360,2,20200828,105834270,1.600000,100,160.000000,-,-,S,2894291,2895119
1,1,1599428,510360,2,20200828,105934110,1.601000,10000,16010.000000,-,-,B,2909956,97581
1,1,1599429,510360,2,20200828,105934110,1.601000,10000,16010.000000,-,-,B,2909956,103532
1,1,1604490,510360,2,20200828,110007490,1.602000,100,160.200000,-,-,B,2918543,250709
1,1,1604509,510360,2,20200828,110007700,1.602000,9900,15859.800000,-,-,B,2918602,250709
1,1,1604510,510360,2,20200828,110007700,1.602000,1500,2403.000000,-,-,B,2918602,2190700
1,1,1605629,510360,2,20200828,110010650,1.603000,14000,22442.000000,-,-,B,2919720,54104
1,1,1607870,510360,2,20200828,110019660,1.603000,3600,5770.800000,-,-,B,2923006,54104
1,1,1607871,510360,2,20200828,110019660,1.603000,9100,14587.300000,-,-,B,2923006,251345
1,1,1608776,510360,2,20200828,110022670,1.603000,900,1442.700000,-,-,B,2924072,251345
1,1,1608777,510360,2,20200828,110022670,1.603000,500,801.500000,-,-,B,2924072,2836473
1,1,1608778,510360,2,20200828,110022670,1.603000,2000,3206.000000,-,-,B,2924072,2901803
1,1,1608779,510360,2,20200828,110022670,1.603000,100,160.300000,-,-,B,2924072,2921673
1,1,1619681,510360,2,20200828,110108520,1.602000,300,480.600000,-,-,S,2932165,2939735
1,1,1660430,510360,2,20200828,110458280,1.602000,4000,6408.000000,-,-,S,2932165,3007327
1,1,1664137,510360,2,20200828,110518280,1.602000,2000,3204.000000,-,-,S,2932165,3013351
1,1,1675231,510360,2,20200828,110629580,1.602000,1900,3043.800000,-,-,S,2932165,3032357
1,1,1678883,510360,2,20200828,110653710,1.602000,1800,2883.600000,-,-,S,2932165,3038644
1,1,1678884,510360,2,20200828,110653710,1.602000,9300,14898.600000,-,-,S,3007336,3038644
1,1,1679951,510360,2,20200828,110701180,1.602000,10000,16020.000000,-,-,S,3007336,3040478
1,1,1687045,510360,2,20200828,110754990,1.604000,100,160.400000,-,-,B,3053136,3052474
1,1,1698055,510360,2,20200828,110900500,1.604000,10000,16040.000000,-,-,B,3069832,3060996
1,1,1724142,510360,2,20200828,111121320,1.603000,5500,8816.500000,-,-,S,3050417,3112835
1,1,1732885,510360,2,20200828,111216390,1.605000,900,1444.500000,-,-,B,3128311,1412019
1,1,1732886,510360,2,20200828,111216390,1.605000,100,160.500000,-,-,B,3128311,2980836
1,1,1732887,510360,2,20200828,111216390,1.605000,500,802.500000,-,-,B,3128311,3006583
1,1,1732888,510360,2,20200828,111216390,1.605000,1000,1605.000000,-,-,B,3128311,3069077
1,1,1733136,510360,2,20200828,111217790,1.603000,200,320.600000,-,-,S,3050417,3128693
1,1,1763331,510360,2,20200828,111535630,1.603000,10000,16030.000000,-,-,S,3151698,3178654
1,1,1763332,510360,2,20200828,111535630,1.603000,10000,16030.000000,-,-,S,3161798,3178654
1,1,1831634,510360,2,20200828,112426430,1.602000,2000,3204.000000,-,-,S,3150093,3296555
1,1,1834348,510360,2,20200828,112450760,1.603000,500,801.500000,-,-,B,3301003,3263701
1,1,1836039,510360,2,20200828,112505510,1.603000,6500,10419.500000,-,-,B,3303860,3263701
1,1,1844806,510360,2,20200828,112624200,1.605000,500,802.500000,-,-,B,3318518,3233400
1,1,1848124,510360,2,20200828,112655200,1.605000,17400,27927.000000,-,-,S,3318518,3324080
1,1,1857287,510360,2,20200828,112819060,1.603000,500,801.500000,-,-,S,3329043,3339093
1,1,1870880,510360,2,20200828,130000980,1.605000,200,321.000000,-,-,B,3364514,3327382
1,1,1871224,510360,2,20200828,130001130,1.604000,100,160.400000,-,-,S,3360580,3365629
1,1,1871225,510360,2,20200828,130001130,1.603000,900,1442.700000,-,-,S,3329043,3365629
1,1,1872625,510360,2,20200828,130001550,1.603000,1400,2244.200000,-,-,S,3329043,3370285
1,1,1873495,510360,2,20200828,130002030,1.603000,24200,38792.600000,-,-,S,3329043,3372654
1,1,1873611,510360,2,20200828,130002030,1.605000,100,160.500000,-,-,B,3372911,3327382
1,1,1881304,510360,2,20200828,130009820,1.605000,19700,31618.500000,-,-,B,3395243,3327382
1,1,1881305,510360,2,20200828,130009820,1.605000,40000,64200.000000,-,-,B,3395243,3334858
1,1,1881306,510360,2,20200828,130009820,1.605000,10000,16050.000000,-,-,B,3395243,3357603
1,1,1881307,510360,2,20200828,130009820,1.605000,2000,3210.000000,-,-,B,3395243,3382574
1,1,1881640,510360,2,20200828,130011340,1.605000,5900,9469.500000,-,-,S,3395243,3396243
1,1,1895001,510360,2,20200828,130109860,1.604000,700,1122.800000,-,-,S,3417334,3417615
1,1,1904050,510360,2,20200828,130210410,1.605000,4100,6580.500000,-,-,B,3431759,3396243
1,1,1904051,510360,2,20200828,130210410,1.605000,3200,5136.000000,-,-,B,3431759,3404304
1,1,1915574,510360,2,20200828,130324330,1.606000,500,803.000000,-,-,B,3450220,2838688
1,1,1915575,510360,2,20200828,130324330,1.606000,300,481.800000,-,-,B,3450220,2914632
1,1,1915576,510360,2,20200828,130324330,1.606000,20000,32120.000000,-,-,B,3450220,3117990
1,1,1915577,510360,2,20200828,130324330,1.606000,600,963.600000,-,-,B,3450220,3368485
1,1,1923385,510360,2,20200828,130418170,1.606000,2500,4015.000000,-,-,S,3450220,3463177
1,1,1935629,510360,2,20200828,130534140,1.607000,200,321.400000,-,-,B,3482758,2027296
1,1,1958378,510360,2,20200828,130758980,1.603000,700,1122.100000,-,-,S,3359768,3521279
1,1,1958379,510360,2,20200828,130758980,1.603000,12600,20197.800000,-,-,S,3513597,3521279
1,1,1975137,510360,2,20200828,130942820,1.602000,8000,12816.000000,-,-,S,3150093,3549295
1,1,1975138,510360,2,20200828,130942820,1.602000,10000,16020.000000,-,-,S,3152823,3549295
1,1,1975139,510360,2,20200828,130942820,1.602000,10000,16020.000000,-,-,S,3357489,3549295
1,1,1975604,510360,2,20200828,130945810,1.601000,10000,16010.000000,-,-,S,3151207,3549991
1,1,1975605,510360,2,20200828,130945810,1.601000,6200,9926.200000,-,-,S,3154104,3549991
1,1,1981190,510360,2,20200828,131016560,1.601000,100,160.100000,-,-,S,3154104,3558759
1,1,2010087,510360,2,20200828,131325270,1.601000,600,960.600000,-,-,S,3154104,3608050
1,1,2039123,510360,2,20200828,131656770,1.601000,300,480.300000,-,-,S,3154104,3658201
1,1,2040836,510360,2,20200828,131709990,1.601000,2800,4482.800000,-,-,S,3154104,3661204
1,1,2040837,510360,2,20200828,131709990,1.601000,9700,15529.700000,-,-,S,3660150,3661204
1,1,2055871,510360,2,20200828,131919740,1.605000,1600,2568.000000,-,-,B,3688122,3548654
1,1,2075458,510360,2,20200828,132138280,1.603000,3000,4809.000000,-,-,B,3720198,3700462
1,1,2085504,510360,2,20200828,132253150,1.604000,800,1283.200000,-,-,B,3738037,3733075
1,1,2085524,510360,2,20200828,132253270,1.604000,200,320.800000,-,-,B,3738066,3733075
1,1,2085876,510360,2,20200828,132256370,1.605000,25000,40125.000000,-,-,B,3738709,3713489
1,1,2085877,510360,2,20200828,132256370,1.605000,200,321.000000,-,-,B,3738709,3732471
1,1,2090640,510360,2,20200828,132332060,1.605000,3700,5938.500000,-,-,B,3747191,3732471
1,1,2093177,510360,2,20200828,132352750,1.605000,1900,3049.500000,-,-,B,3751726,3732471
1,1,2099002,510360,2,20200828,132433920,1.605000,1500,2407.500000,-,-,B,3761200,3732471
1,1,2100059,510360,2,20200828,132442420,1.604000,1500,2406.000000,-,-,S,3746548,3763003
1,1,2110834,510360,2,20200828,132605380,1.603000,100,160.300000,-,-,S,3728560,3781365
1,1,2132209,510360,2,20200828,132905440,1.603000,1000,1603.000000,-,-,S,3806564,3818388
1,1,2133496,510360,2,20200828,132917090,1.603000,9000,14427.000000,-,-,B,3820624,3818388
1,1,2144232,510360,2,20200828,133032140,1.604000,2000,3208.000000,-,-,B,3838186,3815975
1,1,2147142,510360,2,20200828,133051400,1.604000,5100,8180.400000,-,-,S,3839202,3843084
1,1,2190231,510360,2,20200828,133544800,1.605000,26800,43014.000000,-,-,B,3914604,3812366
1,1,2191344,510360,2,20200828,133549780,1.605000,1800,2889.000000,-,-,B,3916285,3812366
1,1,2191385,510360,2,20200828,133550050,1.605000,300,481.500000,-,-,B,3916342,3812366
1,1,2192252,510360,2,20200828,133553730,1.605000,1100,1765.500000,-,-,B,3917445,3812366
1,1,2192253,510360,2,20200828,133553730,1.605000,500,802.500000,-,-,B,3917445,3846011
1,1,2193773,510360,2,20200828,133558090,1.606000,1300,2087.800000,-,-,B,3919368,3779451
1,1,2193774,510360,2,20200828,133558090,1.606000,1200,1927.200000,-,-,B,3919369,3779451
1,1,2194259,510360,2,20200828,133559580,1.606000,300,481.800000,-,-,B,3919827,3779451
1,1,2194614,510360,2,20200828,133600130,1.606000,200,321.200000,-,-,B,3920227,3779451
1,1,2199028,510360,2,20200828,133612950,1.607000,100,160.700000,-,-,B,3925368,2027296
1,1,2200373,510360,2,20200828,133618050,1.607000,3700,5945.900000,-,-,B,3926927,2027296
1,1,2200374,510360,2,20200828,133618050,1.607000,9000,14463.000000,-,-,B,3926927,3079180
1,1,2201026,510360,2,20200828,133621030,1.607000,1000,1607.000000,-,-,B,3927865,3079180
1,1,2201027,510360,2,20200828,133621030,1.607000,500,803.500000,-,-,B,3927865,3265456
1,1,2201028,510360,2,20200828,133621030,1.607000,3400,5463.800000,-,-,B,3927865,3456626
1,1,2201029,510360,2,20200828,133621030,1.607000,800,1285.600000,-,-,B,3927865,3510853
1,1,2201030,510360,2,20200828,133621030,1.607000,6800,10927.600000,-,-,B,3927865,3529748
1,1,2216568,510360,2,20200828,133752000,1.607000,6000,9642.000000,-,-,S,3944077,3953581
1,1,2225153,510360,2,20200828,133846720,1.607000,300,482.100000,-,-,B,3967465,3953581
1,1,2225271,510360,2,20200828,133847700,1.607000,300,482.100000,-,-,B,3967658,3953581
1,1,2225604,510360,2,20200828,133849330,1.607000,1200,1928.400000,-,-,B,3968098,3953581
1,1,2225850,510360,2,20200828,133850990,1.607000,1800,2892.600000,-,-,B,3968472,3953581
1,1,2225941,510360,2,20200828,133851740,1.607000,1200,1928.400000,-,-,B,3968649,3953581
1,1,2226158,510360,2,20200828,133853930,1.607000,1800,2892.600000,-,-,B,3969142,3953581
1,1,2226282,510360,2,20200828,133854810,1.607000,300,482.100000,-,-,B,3969376,3953581
1,1,2226484,510360,2,20200828,133856310,1.607000,1800,2892.600000,-,-,B,3969685,3953581
1,1,2226752,510360,2,20200828,133858800,1.607000,1800,2892.600000,-,-,B,3970220,3953581
1,1,2227118,510360,2,20200828,133900500,1.607000,100,160.700000,-,-,B,3970727,3953581
1,1,2231554,510360,2,20200828,133930960,1.607000,64600,103812.200000,-,-,B,3977935,3953581
1,1,2264098,510360,2,20200828,134255160,1.607000,10000,16070.000000,-,-,B,4030125,3996786
1,1,2266638,510360,2,20200828,134310590,1.607000,11000,17677.000000,-,-,S,4031648,4033999
1,1,2273917,510360,2,20200828,134354820,1.608000,500,804.000000,-,-,B,4044896,3178834
1,1,2273918,510360,2,20200828,134354820,1.608000,500,804.000000,-,-,B,4044896,3489446
1,1,2273956,510360,2,20200828,134355160,1.608000,500,804.000000,-,-,B,4044976,3489446
1,1,2273957,510360,2,20200828,134355160,1.608000,500,804.000000,-,-,B,4044977,3489446
1,1,2274030,510360,2,20200828,134355520,1.608000,500,804.000000,-,-,B,4045081,3489446
1,1,2274031,510360,2,20200828,134355520,1.608000,500,804.000000,-,-,B,4045082,3489446
1,1,2274075,510360,2,20200828,134355810,1.608000,500,804.000000,-,-,B,4045164,3489446
1,1,2274076,510360,2,20200828,134355810,1.608000,500,804.000000,-,-,B,4045165,3489446
1,1,2274162,510360,2,20200828,134356250,1.608000,500,804.000000,-,-,B,4045265,3489446
1,1,2274163,510360,2,20200828,134356250,1.608000,500,804.000000,-,-,B,4045266,3489446
1,1,2274250,510360,2,20200828,134356790,1.608000,500,804.000000,-,-,B,4045394,3489446
1,1,2274251,510360,2,20200828,134356790,1.608000,500,804.000000,-,-,B,4045395,3489446
1,1,2274340,510360,2,20200828,134357180,1.608000,500,804.000000,-,-,B,4045524,3489446
1,1,2274341,510360,2,20200828,134357180,1.608000,500,804.000000,-,-,B,4045525,3489446
1,1,2274425,510360,2,20200828,134357570,1.608000,500,804.000000,-,-,B,4045657,3489446
1,1,2274435,510360,2,20200828,134357620,1.608000,500,804.000000,-,-,B,4045673,3489446
1,1,2274489,510360,2,20200828,134357980,1.608000,500,804.000000,-,-,B,4045745,3489446
1,1,2274490,510360,2,20200828,134357980,1.608000,500,804.000000,-,-,B,4045746,3489446
1,1,2274546,510360,2,20200828,134358340,1.608000,500,804.000000,-,-,B,4045832,3489446
1,1,2274547,510360,2,20200828,134358340,1.608000,500,804.000000,-,-,B,4045833,3489446
1,1,2274593,510360,2,20200828,134358690,1.608000,500,804.000000,-,-,B,4045925,3489446
1,1,2274599,510360,2,20200828,134358750,1.608000,500,804.000000,-,-,B,4045937,3489446
1,1,2274628,510360,2,20200828,134359100,1.608000,500,804.000000,-,-,B,4046012,3489446
1,1,2274629,510360,2,20200828,134359100,1.608000,500,804.000000,-,-,B,4046013,3489446
1,1,2274657,510360,2,20200828,134359320,1.608000,500,804.000000,-,-,B,4046065,3489446
1,1,2274658,510360,2,20200828,134359320,1.608000,500,804.000000,-,-,B,4046066,3489446
1,1,2274728,510360,2,20200828,134359680,1.608000,500,804.000000,-,-,B,4046156,3489446
1,1,2274729,510360,2,20200828,134359680,1.608000,500,804.000000,-,-,B,4046157,3489446
1,1,2274792,510360,2,20200828,134400000,1.608000,500,804.000000,-,-,B,4046244,3489446
1,1,2274793,510360,2,20200828,134400000,1.608000,500,804.000000,-,-,B,4046245,3489446
1,1,2274855,510360,2,20200828,134400300,1.608000,500,804.000000,-,-,B,4046351,3489446
1,1,2274856,510360,2,20200828,134400300,1.608000,500,804.000000,-,-,B,4046352,3489446
1,1,2274978,510360,2,20200828,134400710,1.608000,500,804.000000,-,-,B,4046496,3489446
1,1,2274979,510360,2,20200828,134400710,1.608000,500,804.000000,-,-,B,4046497,3489446
1,1,2275041,510360,2,20200828,134401160,1.608000,500,804.000000,-,-,B,4046630,3489446
1,1,2275042,510360,2,20200828,134401160,1.608000,500,804.000000,-,-,B,4046631,3489446
1,1,2275076,510360,2,20200828,134401490,1.608000,500,804.000000,-,-,B,4046707,3489446
1,1,2275077,510360,2,20200828,134401490,1.608000,500,804.000000,-,-,B,4046708,3489446
1,1,2275195,510360,2,20200828,134402000,1.608000,500,804.000000,-,-,B,4046824,3489446
1,1,2275196,510360,2,20200828,134402000,1.608000,500,804.000000,-,-,B,4046825,3489446
1,1,2275242,510360,2,20200828,134402450,1.608000,500,804.000000,-,-,B,4046943,3489446
1,1,2275254,510360,2,20200828,134402510,1.608000,500,804.000000,-,-,B,4046957,3715556
1,1,2275347,510360,2,20200828,134402810,1.608000,100,160.800000,-,-,B,4047042,3715556
1,1,2275348,510360,2,20200828,134402810,1.608000,400,643.200000,-,-,B,4047042,3910207
1,1,2275349,510360,2,20200828,134402810,1.608000,500,804.000000,-,-,B,4047043,3910207
1,1,2275433,510360,2,20200828,134403270,1.608000,100,160.800000,-,-,B,4047168,3910207
1,1,2275434,510360,2,20200828,134403270,1.608000,300,482.400000,-,-,B,4047168,4027552
1,1,2275435,510360,2,20200828,134403270,1.608000,500,804.000000,-,-,B,4047169,4027552
1,1,2275436,510360,2,20200828,134403270,1.608000,100,160.800000,-,-,B,4047170,4027552
1,1,2275508,510360,2,20200828,134403750,1.608000,100,160.800000,-,-,B,4047303,4027552
1,1,2275509,510360,2,20200828,134403750,1.608000,300,482.400000,-,-,B,4047304,4027552
1,1,2275510,510360,2,20200828,134403750,1.608000,500,804.000000,-,-,B,4047305,4027552
1,1,2275511,510360,2,20200828,134403750,1.608000,100,160.800000,-,-,B,4047306,4027552
1,1,2275569,510360,2,20200828,134404100,1.608000,100,160.800000,-,-,B,4047411,4027552
1,1,2275570,510360,2,20200828,134404100,1.608000,300,482.400000,-,-,B,4047412,4027552
1,1,2275571,510360,2,20200828,134404100,1.608000,100,160.800000,-,-,B,4047413,4027552
1,1,2275576,510360,2,20200828,134404160,1.608000,500,804.000000,-,-,B,4047430,4027552
1,1,2275603,510360,2,20200828,134404460,1.608000,100,160.800000,-,-,B,4047489,4027552
1,1,2275619,510360,2,20200828,134404630,1.608000,500,804.000000,-,-,B,4047525,4027552
1,1,2275620,510360,2,20200828,134404630,1.608000,100,160.800000,-,-,B,4047526,4027552
1,1,2275621,510360,2,20200828,134404630,1.608000,300,482.400000,-,-,B,4047527,4027552
1,1,2275656,510360,2,20200828,134404760,1.608000,100,160.800000,-,-,B,4047555,4027552
1,1,2275684,510360,2,20200828,134405070,1.608000,500,804.000000,-,-,B,4047616,4027552
1,1,2275685,510360,2,20200828,134405070,1.608000,100,160.800000,-,-,B,4047617,4027552
1,1,2281138,510360,2,20200828,134437120,1.609000,4300,6918.700000,-,-,B,4055849,1266532
1,1,2281542,510360,2,20200828,134438980,1.609000,4200,6757.800000,-,-,B,4056334,1266532
1,1,2283642,510360,2,20200828,134452200,1.609000,3000,4827.000000,-,-,B,4059632,1266532
1,1,2284007,510360,2,20200828,134454230,1.609000,3000,4827.000000,-,-,B,4060114,1266532
1,1,2285784,510360,2,20200828,134500800,1.609000,2400,3861.600000,-,-,B,4061933,1266532
1,1,2286023,510360,2,20200828,134501540,1.609000,1900,3057.100000,-,-,B,4062216,1266532
1,1,2286093,510360,2,20200828,134502100,1.609000,2400,3861.600000,-,-,B,4062358,1266532
1,1,2286189,510360,2,20200828,134502480,1.609000,2400,3861.600000,-,-,B,4062470,1266532
1,1,2286396,510360,2,20200828,134503200,1.609000,1700,2735.300000,-,-,B,4062754,1266532
1,1,2286470,510360,2,20200828,134503490,1.609000,800,1287.200000,-,-,B,4062871,1266532
1,1,2286536,510360,2,20200828,134503860,1.609000,2400,3861.600000,-,-,B,4063004,1266532
1,1,2286969,510360,2,20200828,134505310,1.609000,900,1448.100000,-,-,B,4063420,1266532
1,1,2287356,510360,2,20200828,134507060,1.609000,900,1448.100000,-,-,B,4064013,1266532
1,1,2288511,510360,2,20200828,134512560,1.609000,3000,4827.000000,-,-,B,4065685,1266532
1,1,2288512,510360,2,20200828,134512560,1.609000,500,804.500000,-,-,B,4065685,2841779
1,1,2288513,510360,2,20200828,134512560,1.609000,100,160.900000,-,-,B,4065685,2986246
1,1,2289159,510360,2,20200828,134514360,1.610000,1000,1610.000000,-,-,B,4066267,344081
1,1,2289280,510360,2,20200828,134514770,1.610000,1000,1610.000000,-,-,B,4066409,344081
1,1,2289346,510360,2,20200828,134515060,1.610000,1000,1610.000000,-,-,B,4066567,344081
1,1,2289419,510360,2,20200828,134515440,1.610000,1000,1610.000000,-,-,B,4066729,344081
1,1,2289471,510360,2,20200828,134515820,1.610000,1000,1610.000000,-,-,B,4066858,344081
1,1,2289511,510360,2,20200828,134516020,1.610000,10100,16261.000000,-,-,B,4066921,344081
1,1,2289513,510360,2,20200828,134516080,1.610000,12600,20286.000000,-,-,B,4066933,344081
1,1,2289567,510360,2,20200828,134516480,1.609000,100,160.900000,-,-,S,4065685,4067038
1,1,2289600,510360,2,20200828,134516630,1.610000,1000,1610.000000,-,-,B,4067107,344081
1,1,2289667,510360,2,20200828,134516960,1.610000,1000,1610.000000,-,-,B,4067186,344081
1,1,2289712,510360,2,20200828,134517360,1.610000,1000,1610.000000,-,-,B,4067275,344081
1,1,2289732,510360,2,20200828,134517450,1.610000,9700,15617.000000,-,-,B,4067306,344081
1,1,2289832,510360,2,20200828,134517740,1.610000,1000,1610.000000,-,-,B,4067401,344081
1,1,2289912,510360,2,20200828,134518100,1.610000,1000,1610.000000,-,-,B,4067554,344081
1,1,2290032,510360,2,20200828,134518480,1.610000,1000,1610.000000,-,-,B,4067695,344081
1,1,2290142,510360,2,20200828,134518950,1.610000,1000,1610.000000,-,-,B,4067839,344081
1,1,2290174,510360,2,20200828,134519320,1.610000,1000,1610.000000,-,-,B,4067911,344081
1,1,2290231,510360,2,20200828,134519660,1.610000,1000,1610.000000,-,-,B,4068008,344081
1,1,2290261,510360,2,20200828,134519960,1.610000,1000,1610.000000,-,-,B,4068084,344081
1,1,2290321,510360,2,20200828,134520290,1.610000,1000,1610.000000,-,-,B,4068195,344081
1,1,2290437,510360,2,20200828,134520640,1.610000,1000,1610.000000,-,-,B,4068280,344081
1,1,2290575,510360,2,20200828,134521010,1.610000,600,966.000000,-,-,B,4068479,344081
1,1,2290576,510360,2,20200828,134521010,1.610000,100,161.000000,-,-,B,4068479,1093373
1,1,2290577,510360,2,20200828,134521010,1.610000,300,483.000000,-,-,B,4068479,1264038
1,1,2290685,510360,2,20200828,134521480,1.610000,100,161.000000,-,-,B,4068659,1264038
1,1,2290686,510360,2,20200828,134521480,1.610000,300,483.000000,-,-,B,4068660,1264038
1,1,2290687,510360,2,20200828,134521480,1.610000,600,966.000000,-,-,B,4068661,1264038
1,1,2290916,510360,2,20200828,134521920,1.610000,700,1127.000000,-,-,B,4068786,1264038
1,1,2290917,510360,2,20200828,134521920,1.610000,300,483.000000,-,-,B,4068787,1264038
1,1,2290993,510360,2,20200828,134522250,1.610000,300,483.000000,-,-,B,4068872,1264038
1,1,2290994,510360,2,20200828,134522250,1.610000,700,1127.000000,-,-,B,4068873,1264038
1,1,2291089,510360,2,20200828,134522760,1.610000,300,483.000000,-,-,B,4068991,1264038
1,1,2291090,510360,2,20200828,134522760,1.610000,700,1127.000000,-,-,B,4068992,1264038
1,1,2291185,510360,2,20200828,134523090,1.610000,300,483.000000,-,-,B,4069098,1264038
1,1,2291186,510360,2,20200828,134523090,1.610000,700,1127.000000,-,-,B,4069099,1264038
1,1,2291284,510360,2,20200828,134523400,1.610000,300,483.000000,-,-,B,4069164,1264038
1,1,2291285,510360,2,20200828,134523400,1.610000,700,1127.000000,-,-,B,4069165,1264038
1,1,2291386,510360,2,20200828,134523840,1.610000,300,483.000000,-,-,B,4069349,1264038
1,1,2291387,510360,2,20200828,134523840,1.610000,700,1127.000000,-,-,B,4069350,1264038
1,1,2291503,510360,2,20200828,134524200,1.610000,300,483.000000,-,-,B,4069508,1264038
1,1,2291504,510360,2,20200828,134524200,1.610000,700,1127.000000,-,-,B,4069509,1264038
1,1,2291568,510360,2,20200828,134524580,1.610000,700,1127.000000,-,-,B,4069628,1264038
1,1,2291569,510360,2,20200828,134524580,1.610000,300,483.000000,-,-,B,4069629,1264038
1,1,2291639,510360,2,20200828,134524990,1.610000,300,483.000000,-,-,B,4069775,1264038
1,1,2291640,510360,2,20200828,134524990,1.610000,700,1127.000000,-,-,B,4069776,1264038
1,1,2291685,510360,2,20200828,134525290,1.610000,300,483.000000,-,-,B,4069875,1264038
1,1,2291686,510360,2,20200828,134525290,1.610000,700,1127.000000,-,-,B,4069876,1264038
1,1,2291775,510360,2,20200828,134525710,1.610000,700,1127.000000,-,-,B,4070014,1264038
1,1,2291776,510360,2,20200828,134525710,1.610000,300,483.000000,-,-,B,4070015,1264038
1,1,2291783,510360,2,20200828,134525740,1.610000,4300,6923.000000,-,-,B,4070026,1264038
1,1,2291840,510360,2,20200828,134525980,1.610000,700,1127.000000,-,-,B,4070098,1264038
1,1,2291841,510360,2,20200828,134525980,1.610000,300,483.000000,-,-,B,4070099,1264038
1,1,2291901,510360,2,20200828,134526300,1.610000,300,483.000000,-,-,B,4070199,1264038
1,1,2291902,510360,2,20200828,134526300,1.610000,700,1127.000000,-,-,B,4070200,1264038
1,1,2291963,510360,2,20200828,134526640,1.610000,300,483.000000,-,-,B,4070293,1264038
1,1,2291964,510360,2,20200828,134526640,1.610000,700,1127.000000,-,-,B,4070294,1264038
1,1,2292031,510360,2,20200828,134526950,1.610000,400,644.000000,-,-,B,4070397,1264038
1,1,2292032,510360,2,20200828,134526950,1.610000,300,483.000000,-,-,B,4070397,1503346
1,1,2292033,510360,2,20200828,134526950,1.610000,300,483.000000,-,-,B,4070398,1503346
1,1,2292049,510360,2,20200828,134527040,1.610000,2400,3864.000000,-,-,B,4070422,1503346
1,1,2292050,510360,2,20200828,134527040,1.610000,2000,3220.000000,-,-,B,4070422,3248384
1,1,2292167,510360,2,20200828,134527360,1.610000,300,483.000000,-,-,B,4070547,3248384
1,1,2292168,510360,2,20200828,134527360,1.610000,400,644.000000,-,-,B,4070548,3248384
1,1,2292169,510360,2,20200828,134527360,1.610000,300,483.000000,-,-,B,4070549,3248384
1,1,2292251,510360,2,20200828,134527710,1.610000,300,483.000000,-,-,B,4070676,3361827
1,1,2292252,510360,2,20200828,134527710,1.610000,400,644.000000,-,-,B,4070677,3361827
1,1,2292253,510360,2,20200828,134527710,1.610000,300,483.000000,-,-,B,4070678,3361827
1,1,2292374,510360,2,20200828,134528050,1.610000,400,644.000000,-,-,B,4070789,3361827
1,1,2292375,510360,2,20200828,134528050,1.610000,300,483.000000,-,-,B,4070790,3361827
1,1,2292376,510360,2,20200828,134528050,1.610000,300,483.000000,-,-,B,4070791,3361827
1,1,2292453,510360,2,20200828,134528460,1.610000,300,483.000000,-,-,B,4070903,3361827
1,1,2292454,510360,2,20200828,134528460,1.610000,400,644.000000,-,-,B,4070904,3361827
1,1,2292455,510360,2,20200828,134528460,1.610000,300,483.000000,-,-,B,4070905,3361827
1,1,2292495,510360,2,20200828,134528790,1.610000,4300,6923.000000,-,-,B,4070985,3361827
1,1,2292510,510360,2,20200828,134528850,1.610000,400,644.000000,-,-,B,4071008,3361827
1,1,2292511,510360,2,20200828,134528850,1.610000,300,483.000000,-,-,B,4071009,3361827
1,1,2292512,510360,2,20200828,134528850,1.610000,300,483.000000,-,-,B,4071010,3361827
1,1,2292574,510360,2,20200828,134529310,1.610000,400,644.000000,-,-,B,4071134,3361827
1,1,2292575,510360,2,20200828,134529310,1.610000,300,483.000000,-,-,B,4071135,3361827
1,1,2292583,510360,2,20200828,134529370,1.610000,300,483.000000,-,-,B,4071148,3361827
1,1,2292639,510360,2,20200828,134529710,1.610000,300,483.000000,-,-,B,4071249,3361827
1,1,2292640,510360,2,20200828,134529710,1.610000,300,483.000000,-,-,B,4071250,3361827
1,1,2292641,510360,2,20200828,134529710,1.610000,100,161.000000,-,-,B,4071251,3361827
1,1,2292642,510360,2,20200828,134529710,1.610000,300,483.000000,-,-,B,4071251,3366892
1,1,2292703,510360,2,20200828,134530010,1.610000,300,483.000000,-,-,B,4071372,3366892
1,1,2292704,510360,2,20200828,134530010,1.610000,300,483.000000,-,-,B,4071373,3366892
1,1,2292707,510360,2,20200828,134530040,1.610000,300,483.000000,-,-,B,4071382,3366892
1,1,2292798,510360,2,20200828,134530340,1.610000,300,483.000000,-,-,B,4071520,3366892
1,1,2292799,510360,2,20200828,134530340,1.610000,400,644.000000,-,-,B,4071521,3366892
1,1,2292800,510360,2,20200828,134530340,1.610000,300,483.000000,-,-,B,4071522,3366892
1,1,2292834,510360,2,20200828,134530430,1.610000,800,1288.000000,-,-,B,4071552,3366892
1,1,2292835,510360,2,20200828,134530430,1.610000,1700,2737.000000,-,-,B,4071552,3503953
1,1,2292914,510360,2,20200828,134530770,1.610000,400,644.000000,-,-,B,4071681,3503953
1,1,2292915,510360,2,20200828,134530770,1.610000,300,483.000000,-,-,B,4071682,3503953
1,1,2292916,510360,2,20200828,134530770,1.610000,300,483.000000,-,-,B,4071683,3503953
1,1,2292966,510360,2,20200828,134531160,1.610000,400,644.000000,-,-,B,4071780,3503953
1,1,2292967,510360,2,20200828,134531160,1.610000,300,483.000000,-,-,B,4071781,3503953
1,1,2292968,510360,2,20200828,134531160,1.610000,300,483.000000,-,-,B,4071783,3503953
1,1,2293061,510360,2,20200828,134531710,1.610000,300,483.000000,-,-,B,4071945,3503953
1,1,2293062,510360,2,20200828,134531710,1.610000,300,483.000000,-,-,B,4071946,3901658
1,1,2293063,510360,2,20200828,134531710,1.610000,400,644.000000,-,-,B,4071947,3901658
1,1,2293130,510360,2,20200828,134531990,1.610000,1100,1771.000000,-,-,B,4072026,3901658
1,1,2293145,510360,2,20200828,134532100,1.610000,400,644.000000,-,-,B,4072054,3901658
1,1,2293146,510360,2,20200828,134532100,1.610000,300,483.000000,-,-,B,4072055,3901658
1,1,2293155,510360,2,20200828,134532160,1.610000,300,483.000000,-,-,B,4072070,3901658
1,1,2293201,510360,2,20200828,134532450,1.610000,200,322.000000,-,-,B,4072165,3901658
1,1,2293202,510360,2,20200828,134532450,1.610000,200,322.000000,-,-,B,4072165,4061221
1,1,2293203,510360,2,20200828,134532450,1.610000,300,483.000000,-,-,B,4072166,4061221
1,1,2293204,510360,2,20200828,134532450,1.610000,300,483.000000,-,-,B,4072167,4061221
1,1,2293274,510360,2,20200828,134532790,1.610000,200,322.000000,-,-,B,4072297,4061221
1,1,2293275,510360,2,20200828,134532790,1.610000,300,483.000000,-,-,B,4072298,4061221
1,1,2293276,510360,2,20200828,134532790,1.610000,300,483.000000,-,-,B,4072299,4061221
1,1,2293277,510360,2,20200828,134532790,1.610000,200,322.000000,-,-,B,4072300,4061221
1,1,2293388,510360,2,20200828,134533100,1.610000,300,483.000000,-,-,B,4072436,4061221
1,1,2293398,510360,2,20200828,134533160,1.610000,300,483.000000,-,-,B,4072460,4061221
1,1,2293399,510360,2,20200828,134533160,1.610000,200,322.000000,-,-,B,4072461,4061221
1,1,2293400,510360,2,20200828,134533160,1.610000,200,322.000000,-,-,B,4072462,4061221
1,1,2293477,510360,2,20200828,134533500,1.610000,300,483.000000,-,-,B,4072589,4061221
1,1,2293478,510360,2,20200828,134533500,1.610000,300,483.000000,-,-,B,4072590,4061221
1,1,2293479,510360,2,20200828,134533500,1.610000,200,322.000000,-,-,B,4072591,4061221
1,1,2293480,510360,2,20200828,134533500,1.610000,200,322.000000,-,-,B,4072592,4061221
1,1,2293508,510360,2,20200828,134533680,1.610000,1000,1610.000000,-,-,B,4072648,4061221
1,1,2293516,510360,2,20200828,134533770,1.610000,300,483.000000,-,-,B,4072675,4061221
1,1,2293517,510360,2,20200828,134533770,1.610000,200,322.000000,-,-,B,4072676,4061221
1,1,2293518,510360,2,20200828,134533770,1.610000,300,483.000000,-,-,B,4072677,4061221
1,1,2293519,510360,2,20200828,134533770,1.610000,200,322.000000,-,-,B,4072678,4061221
1,1,2293555,510360,2,20200828,134534120,1.610000,200,322.000000,-,-,B,4072768,4061221
1,1,2293556,510360,2,20200828,134534120,1.611000,1000,1611.000000,-,-,B,4072770,1354921
1,1,2293632,510360,2,20200828,134534560,1.611000,1000,1611.000000,-,-,B,4072891,1354921
1,1,2293695,510360,2,20200828,134535000,1.611000,1000,1611.000000,-,-,B,4072991,1354921
1,1,2293740,510360,2,20200828,134535370,1.611000,1000,1611.000000,-,-,B,4073070,1354921
1,1,2293791,510360,2,20200828,134535710,1.611000,1000,1611.000000,-,-,B,4073188,1354921
1,1,2293956,510360,2,20200828,134536160,1.611000,1000,1611.000000,-,-,B,4073375,1354921
1,1,2293988,510360,2,20200828,134536430,1.611000,1000,1611.000000,-,-,B,4073460,1354921
1,1,2294103,510360,2,20200828,134536720,1.611000,1000,1611.000000,-,-,B,4073577,1354921
1,1,2294186,510360,2,20200828,134537100,1.611000,1000,1611.000000,-,-,B,4073690,1354921
1,1,2294257,510360,2,20200828,134537440,1.611000,1000,1611.000000,-,-,B,4073800,1354921
1,1,2294331,510360,2,20200828,134537760,1.611000,100,161.100000,-,-,B,4073885,3114141
1,1,2294332,510360,2,20200828,134537760,1.611000,300,483.300000,-,-,B,4073885,3182604
1,1,2317795,510360,2,20200828,134727340,1.611000,600,966.600000,-,-,S,4073885,4107427
1,1,2317796,510360,2,20200828,134727340,1.611000,400,644.400000,-,-,S,4073948,4107427
1,1,2317847,510360,2,20200828,134727650,1.611000,400,644.400000,-,-,B,4107533,4107427
1,1,2317848,510360,2,20200828,134727650,1.611000,600,966.600000,-,-,B,4107534,4107427
1,1,2317930,510360,2,20200828,134728000,1.611000,400,644.400000,-,-,B,4107654,4107427
1,1,2317936,510360,2,20200828,134728060,1.611000,600,966.600000,-,-,B,4107679,4107427
1,1,2318002,510360,2,20200828,134728520,1.611000,600,966.600000,-,-,B,4107814,4107427
1,1,2318003,510360,2,20200828,134728520,1.611000,400,644.400000,-,-,B,4107815,4107427
1,1,2318043,510360,2,20200828,134728840,1.611000,600,966.600000,-,-,B,4107901,4107427
1,1,2318044,510360,2,20200828,134728840,1.611000,100,161.100000,-,-,B,4107902,4107427
1,1,2318448,510360,2,20200828,134731180,1.611000,300,483.300000,-,-,S,4107902,4108596
1,1,2318449,510360,2,20200828,134731180,1.611000,700,1127.700000,-,-,S,4108004,4108596
1,1,2318530,510360,2,20200828,134731570,1.611000,300,483.300000,-,-,B,4108722,4108596
1,1,2325547,510360,2,20200828,134811990,1.611000,400,644.400000,-,-,S,4108722,4120304
1,1,2325548,510360,2,20200828,134811990,1.611000,200,322.200000,-,-,S,4108723,4120304
1,1,2336738,510360,2,20200828,134921630,1.611000,100,161.100000,-,-,S,4108723,4139746
1,1,2340861,510360,2,20200828,134943700,1.612000,1000,1612.000000,-,-,B,4146590,119700
1,1,2341501,510360,2,20200828,134945460,1.612000,1000,1612.000000,-,-,B,4147547,119700
1,1,2341636,510360,2,20200828,134945820,1.612000,1000,1612.000000,-,-,B,4147742,119700
1,1,2341721,510360,2,20200828,134946190,1.612000,1000,1612.000000,-,-,B,4147902,119700
1,1,2341801,510360,2,20200828,134946450,1.612000,1000,1612.000000,-,-,B,4147998,119700
1,1,2341899,510360,2,20200828,134946750,1.612000,1000,1612.000000,-,-,B,4148106,119700
1,1,2342055,510360,2,20200828,134947070,1.612000,1000,1612.000000,-,-,B,4148231,119700
1,1,2342164,510360,2,20200828,134947400,1.612000,500,806.000000,-,-,B,4148370,3073823
1,1,2342814,510360,2,20200828,134949220,1.613000,600,967.800000,-,-,B,4149279,3103973
1,1,2352349,510360,2,20200828,135010170,1.613000,900,1451.700000,-,-,B,4159273,3103973
1,1,2352717,510360,2,20200828,135011570,1.613000,900,1451.700000,-,-,B,4159739,3103973
1,1,2354922,510360,2,20200828,135016890,1.613000,3000,4839.000000,-,-,B,4161945,3103973
1,1,2355266,510360,2,20200828,135018180,1.613000,600,967.800000,-,-,B,4162398,3103973
1,1,2356906,510360,2,20200828,135023310,1.613000,1000,1613.000000,-,-,B,4164727,3103973
1,1,2357024,510360,2,20200828,135023680,1.613000,1000,1613.000000,-,-,B,4164851,3103973
1,1,2357206,510360,2,20200828,135024020,1.613000,1000,1613.000000,-,-,B,4165020,3103973
1,1,2368274,510360,2,20200828,135054860,1.614000,1000,1614.000000,-,-,B,4177518,3554180
1,1,2368476,510360,2,20200828,135055660,1.614000,1000,1614.000000,-,-,S,4177611,4177767
1,1,2368516,510360,2,20200828,135055910,1.614000,1000,1614.000000,-,-,B,4177841,4177767
1,1,2368579,510360,2,20200828,135056260,1.614000,1000,1614.000000,-,-,B,4177943,4177767
1,1,2368678,510360,2,20200828,135056800,1.614000,1000,1614.000000,-,-,B,4178119,4177767
1,1,2369245,510360,2,20200828,135058670,1.614000,1000,1614.000000,-,-,S,4178357,4178852
1,1,2370074,510360,2,20200828,135101720,1.614000,1000,1614.000000,-,-,S,4178995,4180076
1,1,2370781,510360,2,20200828,135104660,1.614000,1000,1614.000000,-,-,S,4180248,4181282
1,1,2370829,510360,2,20200828,135104950,1.614000,1000,1614.000000,-,-,B,4181374,4181282
1,1,2371775,510360,2,20200828,135107670,1.614000,1000,1614.000000,-,-,S,4181469,4182602
1,1,2372600,510360,2,20200828,135110730,1.614000,1000,1614.000000,-,-,S,4182711,4183925
1,1,2373360,510360,2,20200828,135113680,1.614000,1000,1614.000000,-,-,S,4184056,4185066
1,1,2374284,510360,2,20200828,135116710,1.614000,1000,1614.000000,-,-,S,4185183,4186313
1,1,2375075,510360,2,20200828,135118970,1.615000,1000,1615.000000,-,-,B,4187344,1027091
1,1,2375233,510360,2,20200828,135119730,1.614000,1000,1614.000000,-,-,S,4186597,4187629
1,1,2375895,510360,2,20200828,135122380,1.614000,1000,1614.000000,-,-,S,4187768,4188701
1,1,2375945,510360,2,20200828,135122670,1.614000,1000,1614.000000,-,-,B,4188795,4188701
1,1,2375984,510360,2,20200828,135122970,1.614000,1000,1614.000000,-,-,B,4188881,4188701
1,1,2376085,510360,2,20200828,135123460,1.614000,1000,1614.000000,-,-,B,4189066,4188701
1,1,2376166,510360,2,20200828,135123820,1.614000,1000,1614.000000,-,-,B,4189185,4188701
1,1,2376302,510360,2,20200828,135124170,1.614000,1000,1614.000000,-,-,B,4189352,4188701
1,1,2376419,510360,2,20200828,135124510,1.614000,1000,1614.000000,-,-,B,4189598,4188701
1,1,2376504,510360,2,20200828,135124870,1.614000,1000,1614.000000,-,-,B,4189730,4188701
1,1,2376591,510360,2,20200828,135125160,1.614000,1000,1614.000000,-,-,B,4189825,4188701
1,1,2376669,510360,2,20200828,135125460,1.614000,1000,1614.000000,-,-,B,4189927,4188701
1,1,2376745,510360,2,20200828,135125830,1.614000,1000,1614.000000,-,-,B,4190055,4188701
1,1,2376877,510360,2,20200828,135126390,1.614000,1000,1614.000000,-,-,B,4190255,4188701
1,1,2376994,510360,2,20200828,135126790,1.614000,1000,1614.000000,-,-,B,4190409,4188701
1,1,2377079,510360,2,20200828,135127020,1.614000,1000,1614.000000,-,-,B,4190534,4188701
1,1,2377277,510360,2,20200828,135127360,1.614000,1000,1614.000000,-,-,B,4190780,4188701
1,1,2377367,510360,2,20200828,135127720,1.614000,1000,1614.000000,-,-,B,4190948,4188701
1,1,2377439,510360,2,20200828,135128060,1.614000,1000,1614.000000,-,-,B,4191087,4188701
1,1,2377548,510360,2,20200828,135128470,1.614000,1000,1614.000000,-,-,B,4191259,4188701
1,1,2377680,510360,2,20200828,135128860,1.614000,1000,1614.000000,-,-,B,4191427,4188701
1,1,2377925,510360,2,20200828,135129790,1.614000,1000,1614.000000,-,-,B,4191773,4188701
1,1,2387569,510360,2,20200828,135204550,1.613000,600,967.800000,-,-,B,4206725,4199210
1,1,2393680,510360,2,20200828,135228090,1.614000,3700,5971.800000,-,-,B,4217092,4188701
1,1,2394032,510360,2,20200828,135229720,1.614000,3600,5810.400000,-,-,B,4217758,4188701
1,1,2394794,510360,2,20200828,135232070,1.614000,2200,3550.800000,-,-,B,4218877,4188701
1,1,2397712,510360,2,20200828,135244730,1.614000,1000,1614.000000,-,-,B,4223570,4188701
1,1,2398827,510360,2,20200828,135249170,1.614000,2400,3873.600000,-,-,B,4225163,4188701
1,1,2399089,510360,2,20200828,135250540,1.614000,2400,3873.600000,-,-,B,4225593,4188701
1,1,2402709,510360,2,20200828,135305630,1.613000,2000,3226.000000,-,-,S,4206725,4230894
1,1,2405664,510360,2,20200828,135319140,1.614000,1800,2905.200000,-,-,B,4235785,4188701
1,1,2406011,510360,2,20200828,135321040,1.614000,500,807.000000,-,-,B,4236394,4188701
1,1,2406012,510360,2,20200828,135321040,1.614000,900,1452.600000,-,-,B,4236394,4197501
1,1,2406013,510360,2,20200828,135321040,1.614000,400,645.600000,-,-,B,4236394,4209586
1,1,2406292,510360,2,20200828,135322690,1.614000,2100,3389.400000,-,-,B,4236962,4209586
1,1,2406533,510360,2,20200828,135323860,1.614000,400,645.600000,-,-,B,4237330,4209586
1,1,2406756,510360,2,20200828,135325080,1.614000,1800,2905.200000,-,-,B,4237757,4209586
1,1,2406851,510360,2,20200828,135325410,1.614000,2100,3389.400000,-,-,B,4237865,4209586
1,1,2407036,510360,2,20200828,135326820,1.614000,1800,2905.200000,-,-,B,4238299,4209586
1,1,2407499,510360,2,20200828,135329570,1.614000,900,1452.600000,-,-,B,4239119,4209586
1,1,2407637,510360,2,20200828,135330070,1.614000,1000,1614.000000,-,-,B,4239285,4209586
1,1,2407663,510360,2,20200828,135330110,1.614000,1200,1936.800000,-,-,B,4239315,4209586
1,1,2407734,510360,2,20200828,135330440,1.614000,800,1291.200000,-,-,B,4239458,4209586
1,1,2407735,510360,2,20200828,135330440,1.614000,100,161.400000,-,-,B,4239458,4236486
1,1,2407856,510360,2,20200828,135330820,1.614000,600,968.400000,-,-,B,4239619,4236486
1,1,2407969,510360,2,20200828,135331350,1.614000,600,968.400000,-,-,B,4239765,4236486
1,1,2408016,510360,2,20200828,135331500,1.614000,1200,1936.800000,-,-,B,4239815,4236486
1,1,2408071,510360,2,20200828,135331740,1.614000,600,968.400000,-,-,B,4239933,4236486
1,1,2408151,510360,2,20200828,135332150,1.614000,600,968.400000,-,-,B,4240080,4236486
1,1,2408266,510360,2,20200828,135332600,1.614000,600,968.400000,-,-,B,4240254,4236486
1,1,2408372,510360,2,20200828,135333060,1.614000,600,968.400000,-,-,B,4240430,4236486
1,1,2408415,510360,2,20200828,135333210,1.614000,600,968.400000,-,-,B,4240499,4236486
1,1,2408543,510360,2,20200828,135333530,1.614000,900,1452.600000,-,-,B,4240653,4236486
1,1,2408555,510360,2,20200828,135333710,1.615000,500,807.500000,-,-,B,4240703,1027091
1,1,2408556,510360,2,20200828,135333710,1.615000,100,161.500000,-,-,B,4240703,1647074
1,1,2408838,510360,2,20200828,135334860,1.615000,5100,8236.500000,-,-,B,4241130,1647074
1,1,2409232,510360,2,20200828,135336490,1.615000,5100,8236.500000,-,-,B,4241720,1647074
1,1,2409248,510360,2,20200828,135336540,1.615000,20800,33592.000000,-,-,B,4241747,1647074
1,1,2409249,510360,2,20200828,135336540,1.615000,500,807.500000,-,-,B,4241747,3076049
1,1,2409250,510360,2,20200828,135336540,1.615000,3200,5168.000000,-,-,B,4241747,3084760
1,1,2409902,510360,2,20200828,135339560,1.615000,6800,10982.000000,-,-,B,4242768,3084760
1,1,2409903,510360,2,20200828,135339560,1.615000,700,1130.500000,-,-,B,4242768,4177325
1,1,2422034,510360,2,20200828,135431110,1.616000,500,808.000000,-,-,B,4262062,4095381
1,1,2422035,510360,2,20200828,135431110,1.616000,400,646.400000,-,-,B,4262062,4100206
1,1,2422496,510360,2,20200828,135432720,1.616000,2100,3393.600000,-,-,B,4262651,4100206
1,1,2428333,510360,2,20200828,135458090,1.616000,1500,2424.000000,-,-,B,4271697,4100206
1,1,2428334,510360,2,20200828,135458090,1.616000,2100,3393.600000,-,-,B,4271697,4259311
1,1,2428511,510360,2,20200828,135458630,1.616000,1900,3070.400000,-,-,B,4271910,4259311
1,1,2428512,510360,2,20200828,135458630,1.616000,1000,1616.000000,-,-,B,4271910,4261580
1,1,2428763,510360,2,20200828,135459780,1.616000,2900,4686.400000,-,-,B,4272299,4261580
1,1,2428797,510360,2,20200828,135459840,1.616000,1200,1939.200000,-,-,B,4272336,4261580
1,1,2429671,510360,2,20200828,135501280,1.616000,4900,7918.400000,-,-,B,4273139,4261580
1,1,2429672,510360,2,20200828,135501280,1.616000,7800,12604.800000,-,-,B,4273139,4266696
1,1,2429731,510360,2,20200828,135501520,1.616000,2900,4686.400000,-,-,B,4273255,4266696
1,1,2430065,510360,2,20200828,135503100,1.616000,1800,2908.800000,-,-,B,4273863,4266696
1,1,2430367,510360,2,20200828,135504770,1.616000,1900,3070.400000,-,-,B,4274457,4266696
1,1,2439961,510360,2,20200828,135537680,1.616000,600,969.600000,-,-,B,4286953,4266696
1,1,2439962,510360,2,20200828,135537680,1.616000,1600,2585.600000,-,-,B,4286953,4283802
1,1,2440623,510360,2,20200828,135539820,1.615000,3000,4845.000000,-,-,S,4267366,4287690
1,1,2461908,510360,2,20200828,135700980,1.616000,100,161.600000,-,-,S,4287894,4319095
1,1,2465459,510360,2,20200828,135714090,1.616000,2200,3555.200000,-,-,B,4324471,4319095
1,1,2465584,510360,2,20200828,135714770,1.616000,2200,3555.200000,-,-,B,4324736,4319095
1,1,2465742,510360,2,20200828,135715280,1.616000,2100,3393.600000,-,-,B,4324988,4319095
1,1,2465859,510360,2,20200828,135715660,1.616000,2100,3393.600000,-,-,B,4325141,4319095
1,1,2465923,510360,2,20200828,135715790,1.616000,300,484.800000,-,-,B,4325200,4319095
1,1,2465924,510360,2,20200828,135715790,1.616000,1800,2908.800000,-,-,B,4325200,4319468
1,1,2466161,510360,2,20200828,135716350,1.616000,1500,2424.000000,-,-,B,4325484,4319468
1,1,2466288,510360,2,20200828,135716880,1.616000,1600,2585.600000,-,-,B,4325699,4319468
1,1,2466442,510360,2,20200828,135717500,1.616000,1500,2424.000000,-,-,B,4325971,4319468
1,1,2469257,510360,2,20200828,135725970,1.616000,600,969.600000,-,-,B,4330018,4319468
1,1,2469362,510360,2,20200828,135726380,1.616000,600,969.600000,-,-,B,4330165,4319468
1,1,2469461,510360,2,20200828,135726870,1.616000,600,969.600000,-,-,B,4330352,4319468
1,1,2469727,510360,2,20200828,135727440,1.616000,600,969.600000,-,-,B,4330672,4319468
1,1,2469887,510360,2,20200828,135728020,1.616000,300,484.800000,-,-,B,4330898,4319468
1,1,2470027,510360,2,20200828,135728580,1.616000,300,484.800000,-,-,B,4331114,4319468
1,1,2470140,510360,2,20200828,135729030,1.616000,300,484.800000,-,-,B,4331318,4319468
1,1,2470218,510360,2,20200828,135729440,1.616000,300,484.800000,-,-,B,4331431,4319468
1,1,2470294,510360,2,20200828,135729900,1.616000,400,646.400000,-,-,B,4331574,4320514
1,1,2470385,510360,2,20200828,135730330,1.616000,300,484.800000,-,-,B,4331757,4320514
1,1,2470519,510360,2,20200828,135730800,1.616000,300,484.800000,-,-,B,4331970,4320514
1,1,2470590,510360,2,20200828,135731240,1.616000,300,484.800000,-,-,B,4332131,4320514
1,1,2470675,510360,2,20200828,135731610,1.616000,300,484.800000,-,-,B,4332278,4320514
1,1,2476826,510360,2,20200828,135756820,1.616000,1400,2262.400000,-,-,B,4341815,4320514
1,1,2476827,510360,2,20200828,135756820,1.616000,1100,1777.600000,-,-,B,4341815,4331175
1,1,2477108,510360,2,20200828,135757870,1.617000,400,646.800000,-,-,B,4342284,4083827
1,1,2477211,510360,2,20200828,135758270,1.617000,400,646.800000,-,-,B,4342434,4083827
1,1,2477442,510360,2,20200828,135758780,1.617000,400,646.800000,-,-,B,4342600,4083827
1,1,2477576,510360,2,20200828,135759300,1.617000,400,646.800000,-,-,B,4342815,4083827
1,1,2477694,510360,2,20200828,135759810,1.617000,400,646.800000,-,-,B,4343023,4083827
1,1,2477807,510360,2,20200828,135800310,1.617000,300,485.100000,-,-,B,4343243,4306390
1,1,2477984,510360,2,20200828,135800680,1.617000,300,485.100000,-,-,B,4343470,4306390
1,1,2483518,510360,2,20200828,135821300,1.616000,1600,2585.600000,-,-,S,4341815,4351926
1,1,2485236,510360,2,20200828,135829180,1.616000,900,1454.400000,-,-,S,4341815,4354672
1,1,2493106,510360,2,20200828,135905650,1.616000,400,646.400000,-,-,S,4359831,4367015
1,1,2494395,510360,2,20200828,135911890,1.617000,1800,2910.600000,-,-,B,4369181,4306390
1,1,2494396,510360,2,20200828,135911890,1.617000,300,485.100000,-,-,B,4369181,4308559
1,1,2500714,510360,2,20200828,135939200,1.616000,2000,3232.000000,-,-,S,4361819,4378341
1,1,2503012,510360,2,20200828,135949400,1.616000,3000,4848.000000,-,-,S,4361819,4381716
1,1,2503140,510360,2,20200828,135949950,1.616000,600,969.600000,-,-,S,4361819,4381890
1,1,2508413,510360,2,20200828,140005750,1.618000,5100,8251.800000,-,-,B,4389174,1280829
1,1,2508675,510360,2,20200828,140006330,1.618000,5100,8251.800000,-,-,B,4389671,1280829
1,1,2509089,510360,2,20200828,140006910,1.618000,4200,6795.600000,-,-,B,4390146,1280829
1,1,2509130,510360,2,20200828,140007060,1.618000,5200,8413.600000,-,-,B,4390225,1280829
1,1,2509685,510360,2,20200828,140008530,1.618000,5300,8575.400000,-,-,B,4390971,1280829
1,1,2513769,510360,2,20200828,140015430,1.618000,2800,4530.400000,-,-,B,4395846,1280829
1,1,2514136,510360,2,20200828,140015930,1.618000,2400,3883.200000,-,-,B,4396311,1280829
1,1,2514372,510360,2,20200828,140016450,1.618000,2500,4045.000000,-,-,B,4396570,1280829
1,1,2514644,510360,2,20200828,140016940,1.618000,800,1294.400000,-,-,B,4396874,1280829
1,1,2514645,510360,2,20200828,140016940,1.618000,1600,2588.800000,-,-,B,4396874,4320664
1,1,2514862,510360,2,20200828,140017490,1.618000,2400,3883.200000,-,-,B,4397189,4320664
1,1,2515226,510360,2,20200828,140018180,1.618000,2500,4045.000000,-,-,B,4397498,4320664
1,1,2515773,510360,2,20200828,140018630,1.618000,2400,3883.200000,-,-,B,4397964,4320664
1,1,2515907,510360,2,20200828,140019010,1.618000,900,1456.200000,-,-,B,4398209,4320664
1,1,2516122,510360,2,20200828,140019560,1.618000,200,323.600000,-,-,B,4398477,4320664
1,1,2516123,510360,2,20200828,140019560,1.618000,800,1294.400000,-,-,B,4398477,4367318
1,1,2522366,510360,2,20200828,140030810,1.618000,1000,1618.000000,-,-,B,4405322,4367318
1,1,2522503,510360,2,20200828,140031200,1.618000,1000,1618.000000,-,-,B,4405521,4367318
1,1,2522609,510360,2,20200828,140031590,1.618000,1000,1618.000000,-,-,B,4405664,4367318
1,1,2522677,510360,2,20200828,140031860,1.618000,1000,1618.000000,-,-,B,4405765,4367318
1,1,2522810,510360,2,20200828,140032240,1.618000,1000,1618.000000,-,-,B,4405910,4367318
1,1,2522999,510360,2,20200828,140032560,1.618000,1000,1618.000000,-,-,B,4406060,4367318
1,1,2523227,510360,2,20200828,140032920,1.618000,1000,1618.000000,-,-,B,4406242,4367318
1,1,2523601,510360,2,20200828,140033320,1.618000,1000,1618.000000,-,-,B,4406594,4367318
1,1,2523789,510360,2,20200828,140033760,1.618000,1200,1941.600000,-,-,B,4406815,4367318
1,1,2529893,510360,2,20200828,140046610,1.619000,100,161.900000,-,-,B,4414060,4298450
1,1,2529894,510360,2,20200828,140046610,1.619000,900,1457.100000,-,-,B,4414060,4400563
1,1,2530009,510360,2,20200828,140047030,1.619000,900,1457.100000,-,-,B,4414228,4400563
1,1,2530010,510360,2,20200828,140047030,1.619000,100,161.900000,-,-,B,4414229,4400563
1,1,2530213,510360,2,20200828,140047440,1.619000,100,161.900000,-,-,B,4414396,4400563
1,1,2530214,510360,2,20200828,140047440,1.619000,900,1457.100000,-,-,B,4414397,4400563
1,1,2530334,510360,2,20200828,140047880,1.619000,900,1457.100000,-,-,B,4414607,4400563
1,1,2530335,510360,2,20200828,140047880,1.619000,100,161.900000,-,-,B,4414608,4400563
1,1,2530738,510360,2,20200828,140048460,1.619000,900,1457.100000,-,-,B,4415076,4400563
1,1,2530739,510360,2,20200828,140048460,1.619000,100,161.900000,-,-,B,4415077,4400563
1,1,2530763,510360,2,20200828,140048510,1.619000,100,161.900000,-,-,B,4415122,4400563
1,1,2533170,510360,2,20200828,140054420,1.620000,100,162.000000,-,-,B,4418078,1095184
1,1,2533171,510360,2,20200828,140054420,1.620000,800,1296.000000,-,-,B,4418078,3953779
1,1,2533465,510360,2,20200828,140055340,1.620000,2000,3240.000000,-,-,B,4418498,3953779
1,1,2533546,510360,2,20200828,140055610,1.620000,1300,2106.000000,-,-,B,4418633,3953779
1,1,2533655,510360,2,20200828,140056120,1.619000,100,161.900000,-,-,S,4415122,4418860
1,1,2590637,510360,2,20200828,140402120,1.618000,100,161.800000,-,-,B,4508133,4506483
1,1,2610646,510360,2,20200828,140515480,1.617000,5000,8085.000000,-,-,S,4539328,4541358
1,1,2628751,510360,2,20200828,140611490,1.618000,1000,1618.000000,-,-,B,4568894,4548275
1,1,2628765,510360,2,20200828,140611520,1.618000,900,1456.200000,-,-,B,4568918,4548275
1,1,2628799,510360,2,20200828,140611640,1.618000,6400,10355.200000,-,-,B,4568978,4548275
1,1,2637502,510360,2,20200828,140642820,1.619000,500,809.500000,-,-,B,4582584,4506866
1,1,2646050,510360,2,20200828,140700630,1.620000,4400,7128.000000,-,-,B,4593356,3953779
1,1,2646051,510360,2,20200828,140700630,1.620000,100,162.000000,-,-,B,4593356,4203042
1,1,2655783,510360,2,20200828,140726060,1.620000,3900,6318.000000,-,-,B,4604678,4203042
1,1,2655784,510360,2,20200828,140726060,1.620000,700,1134.000000,-,-,B,4604678,4268336
1,1,2655785,510360,2,20200828,140726060,1.620000,200,324.000000,-,-,B,4604678,4336412
1,1,2655786,510360,2,20200828,140726060,1.620000,3000,4860.000000,-,-,B,4604678,4418923
1,1,2655787,510360,2,20200828,140726060,1.620000,8000,12960.000000,-,-,B,4604678,4499652
1,1,2655788,510360,2,20200828,140726060,1.620000,1000,1620.000000,-,-,B,4604678,4598654
1,1,2673658,510360,2,20200828,140827030,1.619000,600,971.400000,-,-,S,4582584,4630792
1,1,2684395,510360,2,20200828,140915450,1.620000,900,1458.000000,-,-,B,4649733,4621598
1,1,2684503,510360,2,20200828,140915890,1.620000,900,1458.000000,-,-,B,4649887,4621598
1,1,2684663,510360,2,20200828,140916370,1.620000,900,1458.000000,-,-,B,4650122,4621598
1,1,2685362,510360,2,20200828,140918630,1.620000,7300,11826.000000,-,-,B,4651194,4621598
1,1,2693110,510360,2,20200828,140939660,1.621000,200,324.200000,-,-,B,4660878,140270
1,1,2693111,510360,2,20200828,140939660,1.621000,10000,16210.000000,-,-,B,4660878,3380337
1,1,2693112,510360,2,20200828,140939660,1.621000,10000,16210.000000,-,-,B,4660878,3381695
1,1,2693113,510360,2,20200828,140939660,1.621000,12300,19938.300000,-,-,B,4660878,4556220
1,1,2693114,510360,2,20200828,140939660,1.621000,5000,8105.000000,-,-,B,4660878,4635678
1,1,2700875,510360,2,20200828,140959230,1.622000,600,973.200000,-,-,B,4671690,4528424
1,1,2700876,510360,2,20200828,140959230,1.622000,700,1135.400000,-,-,B,4671691,4528424
1,1,2701822,510360,2,20200828,141000860,1.622000,600,973.200000,-,-,B,4672960,4528424
1,1,2703103,510360,2,20200828,141002820,1.622000,600,973.200000,-,-,B,4674109,4528424
1,1,2703324,510360,2,20200828,141003030,1.622000,600,973.200000,-,-,B,4674314,4528424
1,1,2705924,510360,2,20200828,141006800,1.622000,2600,4217.200000,-,-,B,4677142,4528424
1,1,2705925,510360,2,20200828,141006800,1.622000,700,1135.400000,-,-,B,4677142,4606008
1,1,2708443,510360,2,20200828,141010770,1.623000,24900,40412.700000,-,-,B,4679587,4662386
1,1,2708444,510360,2,20200828,141010770,1.623000,24900,40412.700000,-,-,B,4679588,4662386
1,1,2728240,510360,2,20200828,141109510,1.623000,10000,16230.000000,-,-,S,4705006,4707439
1,1,2729227,510360,2,20200828,141112290,1.622000,20000,32440.000000,-,-,S,4708200,4708829
1,1,2730280,510360,2,20200828,141115210,1.620000,19900,32238.000000,-,-,S,4666177,4710369
1,1,2731542,510360,2,20200828,141118220,1.621000,12700,20586.700000,-,-,S,4712226,4712245
1,1,2750919,510360,2,20200828,141202430,1.623000,500,811.500000,-,-,B,4736357,4722125
1,1,2750920,510360,2,20200828,141202430,1.623000,100,162.300000,-,-,B,4736357,4724936
1,1,2769712,510360,2,20200828,141246810,1.625000,1000,1625.000000,-,-,B,4760684,4649561
1,1,2769784,510360,2,20200828,141246990,1.625000,200,325.000000,-,-,S,4760684,4760770
1,1,2774972,510360,2,20200828,141301990,1.625000,200,325.000000,-,-,B,4769076,4762214
1,1,2829297,510360,2,20200828,141537460,1.624000,3700,6008.800000,-,-,B,4850531,4773460
1,1,2835914,510360,2,20200828,141552160,1.625000,800,1300.000000,-,-,B,4858346,4762214
1,1,2835915,510360,2,20200828,141552160,1.625000,19100,31037.500000,-,-,B,4858346,4799310
1,1,2835916,510360,2,20200828,141552160,1.625000,6400,10400.000000,-,-,B,4858346,4813309
1,1,2835917,510360,2,20200828,141552160,1.625000,2700,4387.500000,-,-,B,4858346,4840647
1,1,2856331,510360,2,20200828,141648310,1.625000,1000,1625.000000,-,-,B,4887670,4873247
1,1,2861939,510360,2,20200828,141708190,1.624000,100,162.400000,-,-,S,4888918,4897201
1,1,2886835,510360,2,20200828,141844310,1.623000,6300,10224.900000,-,-,S,4764974,4941540
1,1,2886836,510360,2,20200828,141844310,1.623000,6300,10224.900000,-,-,S,4765918,4941540
1,1,2887313,510360,2,20200828,141846730,1.623000,1600,2596.800000,-,-,B,4942567,4941540
1,1,2887314,510360,2,20200828,141846730,1.623000,1600,2596.800000,-,-,B,4942568,4941540
1,1,2892450,510360,2,20200828,141908300,1.623000,900,1460.700000,-,-,B,4951465,4941540
1,1,2892451,510360,2,20200828,141908300,1.623000,1000,1623.000000,-,-,B,4951466,4941540
1,1,2893184,510360,2,20200828,141910610,1.623000,900,1460.700000,-,-,B,4952577,4941540
1,1,2893462,510360,2,20200828,141911480,1.623000,600,973.800000,-,-,B,4952946,4941540
1,1,2893636,510360,2,20200828,141912180,1.623000,700,1136.100000,-,-,B,4953203,4941540
1,1,2894191,510360,2,20200828,141913860,1.623000,600,973.800000,-,-,B,4954073,4941540
1,1,2900548,510360,2,20200828,141933960,1.623000,3700,6005.100000,-,-,B,4963753,4941540
1,1,2904477,510360,2,20200828,141949260,1.622000,5300,8596.600000,-,-,S,4915698,4969995
1,1,2906181,510360,2,20200828,141955770,1.623000,700,1136.100000,-,-,B,4972685,4941540
1,1,2906189,510360,2,20200828,141955800,1.623000,100,162.300000,-,-,B,4972708,4941540
1,1,2906190,510360,2,20200828,141955800,1.623000,500,811.500000,-,-,B,4972708,4965891
1,1,2906680,510360,2,20200828,141958210,1.623000,500,811.500000,-,-,B,4973650,4965891
1,1,2906681,510360,2,20200828,141958210,1.623000,100,162.300000,-,-,B,4973650,4971457
1,1,2909270,510360,2,20200828,142004930,1.623000,3700,6005.100000,-,-,B,4977066,4971457
1,1,2910002,510360,2,20200828,142006880,1.623000,200,324.600000,-,-,B,4978106,4971457
1,1,2911353,510360,2,20200828,142010770,1.623000,900,1460.700000,-,-,B,4980020,4979398
1,1,2912103,510360,2,20200828,142012750,1.623000,900,1460.700000,-,-,B,4981105,4979398
1,1,2912676,510360,2,20200828,142014850,1.623000,700,1136.100000,-,-,B,4982059,4979398
1,1,2913023,510360,2,20200828,142015620,1.623000,5500,8926.500000,-,-,B,4982490,4979398
1,1,2913821,510360,2,20200828,142018180,1.623000,1000,1623.000000,-,-,S,4982490,4983756
1,1,2931167,510360,2,20200828,142124400,1.623000,6500,10549.500000,-,-,S,4984259,5012090
1,1,2940260,510360,2,20200828,142200520,1.623000,1800,2921.400000,-,-,S,4984259,5026947
1,1,2940858,510360,2,20200828,142202660,1.623000,2500,4057.500000,-,-,S,4984259,5027760
1,1,2941282,510360,2,20200828,142204150,1.623000,29800,48365.400000,-,-,S,4984259,5028451
1,1,2958586,510360,2,20200828,142308730,1.620000,2700,4374.000000,-,-,S,5055693,5056063
1,1,2963391,510360,2,20200828,142317250,1.622000,8300,13462.600000,-,-,B,5061869,5052896
1,1,2964088,510360,2,20200828,142318930,1.622000,8300,13462.600000,-,-,B,5062955,5052896
1,1,2965582,510360,2,20200828,142322710,1.622000,31400,50930.800000,-,-,B,5064908,5052896
1,1,2965690,510360,2,20200828,142323150,1.622000,10900,17679.800000,-,-,B,5065110,5052896
1,1,2970050,510360,2,20200828,142341070,1.622000,13700,22221.400000,-,-,B,5071982,5060295
1,1,2970813,510360,2,20200828,142343990,1.623000,21900,35543.700000,-,-,B,5073106,5047917
1,1,2970814,510360,2,20200828,142343990,1.623000,2700,4382.100000,-,-,B,5073106,5051881
1,1,2979232,510360,2,20200828,142421460,1.623000,12700,20612.100000,-,-,B,5087342,5051881
1,1,2979670,510360,2,20200828,142424250,1.623000,7700,12497.100000,-,-,B,5088281,5051881
1,1,2979671,510360,2,20200828,142424250,1.623000,500,811.500000,-,-,B,5088281,5057314
1,1,2979672,510360,2,20200828,142424250,1.623000,100,162.300000,-,-,B,5088281,5059596
1,1,2979673,510360,2,20200828,142424250,1.623000,100,162.300000,-,-,B,5088281,5078271
1,1,2981835,510360,2,20200828,142436220,1.621000,3000,4863.000000,-,-,S,5062623,5092347
1,1,2996019,510360,2,20200828,142548410,1.621000,16000,25936.000000,-,-,S,5114189,5116685
1,1,3007989,510360,2,20200828,142632270,1.622000,1500,2433.000000,-,-,S,5124763,5132401
1,1,3012137,510360,2,20200828,142650250,1.624000,5000,8120.000000,-,-,B,5138713,4937866
1,1,3012144,510360,2,20200828,142650250,1.624000,5000,8120.000000,-,-,B,5138728,4937866
1,1,3012809,510360,2,20200828,142651820,1.624000,4900,7957.600000,-,-,B,5139328,4937866
1,1,3013737,510360,2,20200828,142653460,1.624000,3600,5846.400000,-,-,B,5139886,4937866
1,1,3014233,510360,2,20200828,142655080,1.624000,3700,6008.800000,-,-,B,5140527,4937866
1,1,3014775,510360,2,20200828,142656610,1.624000,2800,4547.200000,-,-,B,5141068,4937866
1,1,3014983,510360,2,20200828,142657520,1.624000,2700,4384.800000,-,-,B,5141438,4937866
1,1,3015185,510360,2,20200828,142658230,1.624000,2300,3735.200000,-,-,B,5141682,4937866
1,1,3015186,510360,2,20200828,142658230,1.624000,500,812.000000,-,-,B,5141682,4939684
1,1,3015597,510360,2,20200828,142659810,1.624000,100,162.400000,-,-,B,5142252,4939684
1,1,3015598,510360,2,20200828,142659810,1.624000,200,324.800000,-,-,B,5142252,4941792
1,1,3015599,510360,2,20200828,142659810,1.624000,1200,1948.800000,-,-,B,5142252,4954485
1,1,3016129,510360,2,20200828,142701380,1.624000,1600,2598.400000,-,-,B,5142878,4954485
1,1,3016242,510360,2,20200828,142701980,1.624000,3700,6008.800000,-,-,B,5143108,4954485
1,1,3016424,510360,2,20200828,142702980,1.624000,900,1461.600000,-,-,B,5143400,4954485
1,1,3016753,510360,2,20200828,142703550,1.624000,1000,1624.000000,-,-,B,5143690,4954485
1,1,3018249,510360,2,20200828,142710080,1.623000,7000,11361.000000,-,-,S,5138156,5145954
1,1,3020188,510360,2,20200828,142715590,1.624000,1000,1624.000000,-,-,B,5148160,4954485
1,1,3020189,510360,2,20200828,142715590,1.624000,600,974.400000,-,-,B,5148160,5115037
1,1,3022154,510360,2,20200828,142721830,1.625000,3300,5362.500000,-,-,B,5150770,4873247
1,1,3022155,510360,2,20200828,142721830,1.625000,5000,8125.000000,-,-,B,5150770,4918372
1,1,3022698,510360,2,20200828,142724260,1.625000,5000,8125.000000,-,-,B,5151666,4918372
1,1,3022699,510360,2,20200828,142724260,1.625000,3200,5200.000000,-,-,B,5151666,4939528
1,1,3023253,510360,2,20200828,142726240,1.625000,800,1300.000000,-,-,B,5152409,4939528
1,1,3023254,510360,2,20200828,142726240,1.625000,400,650.000000,-,-,B,5152409,4946864
1,1,3023255,510360,2,20200828,142726240,1.625000,800,1300.000000,-,-,B,5152409,4957131
1,1,3023256,510360,2,20200828,142726240,1.625000,100,162.500000,-,-,B,5152409,4965958
1,1,3023257,510360,2,20200828,142726240,1.625000,1000,1625.000000,-,-,B,5152409,4974455
1,1,3023258,510360,2,20200828,142726240,1.625000,3200,5200.000000,-,-,B,5152409,4984525
1,1,3023787,510360,2,20200828,142728430,1.625000,6200,10075.000000,-,-,B,5153280,4984525
1,1,3024306,510360,2,20200828,142730340,1.625000,6200,10075.000000,-,-,B,5154061,4984525
1,1,3024822,510360,2,20200828,142732240,1.625000,3800,6175.000000,-,-,B,5154761,4984525
1,1,3025448,510360,2,20200828,142734360,1.625000,3900,6337.500000,-,-,B,5155514,4984525
1,1,3027103,510360,2,20200828,142741220,1.625000,2800,4550.000000,-,-,B,5157926,4984525
1,1,3027720,510360,2,20200828,142743200,1.625000,2700,4387.500000,-,-,B,5158730,4984525
1,1,3028244,510360,2,20200828,142745090,1.625000,2500,4062.500000,-,-,B,5159442,4984525
1,1,3028884,510360,2,20200828,142747120,1.625000,12600,20475.000000,-,-,B,5160257,4984525
1,1,3028885,510360,2,20200828,142747120,1.625000,1300,2112.500000,-,-,B,5160257,4985087
1,1,3028886,510360,2,20200828,142747120,1.625000,100,162.500000,-,-,B,5160257,5103137
1,1,3028887,510360,2,20200828,142747120,1.625000,1500,2437.500000,-,-,B,5160257,5112580
1,1,3028888,510360,2,20200828,142747120,1.625000,100,162.500000,-,-,B,5160257,5141200
1,1,3028984,510360,2,20200828,142747500,1.626000,1900,3089.400000,-,-,B,5160398,4543135
1,1,3036514,510360,2,20200828,142804810,1.625000,200,325.000000,-,-,B,5168609,5167991
1,1,3036515,510360,2,20200828,142804810,1.626000,18100,29430.600000,-,-,B,5168609,4543135
1,1,3036516,510360,2,20200828,142804810,1.626000,200,325.200000,-,-,B,5168609,5160802
1,1,3046546,510360,2,20200828,142838260,1.627000,500,813.500000,-,-,B,5181647,4491898
1,1,3046547,510360,2,20200828,142838260,1.627000,700,1138.900000,-,-,B,5181647,4519452
1,1,3062614,510360,2,20200828,142934240,1.627000,100,162.700000,-,-,B,5203862,4519452
1,1,3067707,510360,2,20200828,142949130,1.627000,1200,1952.400000,-,-,B,5210006,4519452
1,1,3067708,510360,2,20200828,142949130,1.627000,1000,1627.000000,-,-,B,5210006,4886376
1,1,3067709,510360,2,20200828,142949130,1.627000,10000,16270.000000,-,-,B,5210006,4964111
1,1,3067710,510360,2,20200828,142949130,1.627000,12400,20174.800000,-,-,B,5210006,5168969
1,1,3067711,510360,2,20200828,142949130,1.627000,300,488.100000,-,-,B,5210006,5200407
1,1,3067712,510360,2,20200828,142949130,1.627000,500,813.500000,-,-,B,5210006,5206152
1,1,3079068,510360,2,20200828,143023180,1.627000,9600,15619.200000,-,-,S,5210006,5226661
1,1,3083730,510360,2,20200828,143041130,1.627000,400,650.800000,-,-,B,5234549,5226661
1,1,3085281,510360,2,20200828,143045730,1.627000,900,1464.300000,-,-,S,5234549,5236974
1,1,3085997,510360,2,20200828,143048380,1.625000,1800,2925.000000,-,-,S,5234678,5238142
1,1,3086762,510360,2,20200828,143051290,1.624000,43800,71131.200000,-,-,S,5160095,5239418
1,1,3098609,510360,2,20200828,143133070,1.624000,400,649.600000,-,-,S,5229236,5257758
1,1,3102618,510360,2,20200828,143149760,1.625000,2500,4062.500000,-,-,B,5264434,5263890
1,1,3102744,510360,2,20200828,143150310,1.625000,2400,3900.000000,-,-,B,5264637,5263890
1,1,3103116,510360,2,20200828,143151870,1.625000,2500,4062.500000,-,-,B,5265232,5263890
1,1,3103370,510360,2,20200828,143152600,1.624000,1400,2273.600000,-,-,S,5229236,5265511
1,1,3103875,510360,2,20200828,143154340,1.625000,1800,2925.000000,-,-,B,5266198,5263890
1,1,3104334,510360,2,20200828,143156640,1.625000,1600,2600.000000,-,-,B,5267094,5263890
1,1,3104893,510360,2,20200828,143159130,1.625000,8600,13975.000000,-,-,B,5267956,5263890
1,1,3104897,510360,2,20200828,143159130,1.625000,1200,1950.000000,-,-,B,5267967,5263890
1,1,3104929,510360,2,20200828,143159220,1.625000,1300,2112.500000,-,-,B,5268005,5263890
1,1,3105058,510360,2,20200828,143159930,1.625000,100,162.500000,-,-,B,5268272,5263890
1,1,3105364,510360,2,20200828,143201130,1.627000,1200,1952.400000,-,-,B,5268779,5244615
1,1,3107930,510360,2,20200828,143211240,1.625000,1100,1787.500000,-,-,S,5268272,5272991
1,1,3107931,510360,2,20200828,143211240,1.624000,11400,18513.600000,-,-,S,5270226,5272991
1,1,3129586,510360,2,20200828,143258110,1.626000,1000,1626.000000,-,-,S,5292448,5297160
1,1,3141105,510360,2,20200828,143327350,1.626000,1000,1626.000000,-,-,S,5297650,5311468
1,1,3141106,510360,2,20200828,143327350,1.626000,3000,4878.000000,-,-,S,5298628,5311468
1,1,3141442,510360,2,20200828,143328610,1.626000,400,650.400000,-,-,S,5298628,5312029
1,1,3170544,510360,2,20200828,143451400,1.623000,4000,6492.000000,-,-,S,5347571,5356722
1,1,3182358,510360,2,20200828,143527980,1.623000,100,162.300000,-,-,B,5375945,5367700
1,1,3195407,510360,2,20200828,143616090,1.623000,3500,5680.500000,-,-,S,5375945,5398288
1,1,3205112,510360,2,20200828,143651700,1.623000,400,649.200000,-,-,B,5413646,5398288
1,1,3205275,510360,2,20200828,143652210,1.623000,300,486.900000,-,-,B,5413904,5398288
1,1,3205347,510360,2,20200828,143652710,1.623000,300,486.900000,-,-,B,5414088,5398288
1,1,3205503,510360,2,20200828,143653320,1.623000,2500,4057.500000,-,-,B,5414327,5398288
1,1,3218061,510360,2,20200828,143742000,1.624000,2000,3248.000000,-,-,B,5434800,5384892
1,1,3231026,510360,2,20200828,143835250,1.625000,600,975.000000,-,-,B,5455924,5388140
1,1,3231451,510360,2,20200828,143836920,1.625000,700,1137.500000,-,-,B,5456521,5388140
1,1,3231634,510360,2,20200828,143837810,1.624000,200,324.800000,-,-,S,5434800,5456838
1,1,3232008,510360,2,20200828,143839510,1.625000,600,975.000000,-,-,B,5457401,5388140
1,1,3236086,510360,2,20200828,143859550,1.625000,1400,2275.000000,-,-,B,5464508,5388140
1,1,3237102,510360,2,20200828,143904380,1.624000,19900,32317.600000,-,-,B,5466443,5465485
1,1,3237207,510360,2,20200828,143904850,1.625000,2400,3900.000000,-,-,B,5466610,5388140
1,1,3237221,510360,2,20200828,143904900,1.625000,900,1462.500000,-,-,B,5466639,5388140
1,1,3241927,510360,2,20200828,143924270,1.626000,300,487.800000,-,-,B,5474087,5346533
1,1,3241928,510360,2,20200828,143924270,1.626000,1300,2113.800000,-,-,B,5474087,5445428
1,1,3242263,510360,2,20200828,143925270,1.626000,2500,4065.000000,-,-,B,5474541,5445428
1,1,3242420,510360,2,20200828,143926160,1.626000,3600,5853.600000,-,-,B,5474825,5445428
1,1,3247973,510360,2,20200828,143950610,1.626000,3600,5853.600000,-,-,B,5483959,5445428
1,1,3254758,510360,2,20200828,144013200,1.626000,3600,5853.600000,-,-,B,5494083,5445428
1,1,3256722,510360,2,20200828,144019110,1.625000,400,650.000000,-,-,S,5474689,5496956
1,1,3261303,510360,2,20200828,144034100,1.625000,1600,2600.000000,-,-,B,5503837,5496956
1,1,3272079,510360,2,20200828,144111590,1.625000,2000,3250.000000,-,-,S,5503837,5519662
1,1,3276787,510360,2,20200828,144127680,1.625000,2000,3250.000000,-,-,B,5526767,5521702
1,1,3276788,510360,2,20200828,144127680,1.625000,1600,2600.000000,-,-,B,5526767,5525864
1,1,3287079,510360,2,20200828,144151360,1.625000,200,325.000000,-,-,B,5539872,5534213
1,1,3306825,510360,2,20200828,144244360,1.625000,3400,5525.000000,-,-,S,5539872,5565915
1,1,3307305,510360,2,20200828,144245760,1.625000,15800,25675.000000,-,-,B,5566692,5565915
1,1,3307306,510360,2,20200828,144245760,1.626000,400,650.400000,-,-,B,5566692,5445428
1,1,3307307,510360,2,20200828,144245760,1.626000,200,325.200000,-,-,B,5566692,5491190
1,1,3313855,510360,2,20200828,144304620,1.626000,500,813.000000,-,-,B,5575382,5570835
1,1,3343274,510360,2,20200828,144439230,1.626000,1000,1626.000000,-,-,S,5609612,5617618
1,1,3343712,510360,2,20200828,144440790,1.626000,700,1138.200000,-,-,B,5618255,5617618
1,1,3343713,510360,2,20200828,144440790,1.626000,600,975.600000,-,-,B,5618256,5617618
1,1,3344131,510360,2,20200828,144442370,1.626000,600,975.600000,-,-,B,5618889,5617618
1,1,3347330,510360,2,20200828,144453620,1.626000,3100,5040.600000,-,-,B,5623435,5617618
1,1,3353245,510360,2,20200828,144508010,1.626000,500,813.000000,-,-,S,5623435,5631134
1,1,3359164,510360,2,20200828,144526830,1.626000,3600,5853.600000,-,-,B,5640140,5631134
1,1,3365915,510360,2,20200828,144548700,1.626000,400,650.400000,-,-,B,5650229,5631134
1,1,3379102,510360,2,20200828,144631370,1.626000,100,162.600000,-,-,S,5650229,5669597
1,1,3386402,510360,2,20200828,144658270,1.626000,200,325.200000,-,-,B,5680857,5678608
1,1,3386403,510360,2,20200828,144658270,1.626000,400,650.400000,-,-,B,5680857,5680643
1,1,3396184,510360,2,20200828,144732630,1.626000,2500,4065.000000,-,-,S,5680857,5695221
1,1,3404890,510360,2,20200828,144802190,1.625000,5000,8125.000000,-,-,S,5624248,5707878
1,1,3405985,510360,2,20200828,144805770,1.626000,2500,4065.000000,-,-,B,5709499,5695221
1,1,3413865,510360,2,20200828,144835840,1.627000,1800,2928.600000,-,-,B,5722193,5244615
1,1,3413866,510360,2,20200828,144835840,1.627000,700,1138.900000,-,-,B,5722193,5301285
1,1,3413867,510360,2,20200828,144835840,1.627000,47500,77282.500000,-,-,B,5722193,5706648
1,1,3423354,510360,2,20200828,144904960,1.626000,100,162.600000,-,-,S,5709499,5735920
1,1,3435848,510360,2,20200828,144949290,1.626000,1600,2601.600000,-,-,B,5755086,5735920
1,1,3444544,510360,2,20200828,145010380,1.626000,1600,2601.600000,-,-,B,5766733,5735920
1,1,3444545,510360,2,20200828,145010380,1.626000,1400,2276.400000,-,-,B,5766733,5753221
1,1,3444546,510360,2,20200828,145010380,1.626000,600,975.600000,-,-,B,5766733,5757167
1,1,3451444,510360,2,20200828,145029870,1.626000,100,162.600000,-,-,B,5776713,5757167
1,1,3452086,510360,2,20200828,145031840,1.626000,100,162.600000,-,-,B,5777725,5757167
1,1,3452087,510360,2,20200828,145031840,1.626000,3500,5691.000000,-,-,B,5777725,5776000
1,1,3452094,510360,2,20200828,145031870,1.626000,1000,1626.000000,-,-,B,5777734,5776000
1,1,3455678,510360,2,20200828,145042920,1.626000,3500,5691.000000,-,-,B,5783019,5776000
1,1,3456671,510360,2,20200828,145045880,1.627000,2100,3416.700000,-,-,B,5784419,5708886
1,1,3456672,510360,2,20200828,145045880,1.627000,2500,4067.500000,-,-,B,5784419,5767588
1,1,3456673,510360,2,20200828,145045880,1.627000,4600,7484.200000,-,-,B,5784419,5776538
1,1,3463885,510360,2,20200828,145107930,1.627000,133900,217855.300000,-,-,B,5794799,5781941
1,1,3481608,510360,2,20200828,145200970,1.625000,6100,9912.500000,-,-,S,5624248,5819438
1,1,3485029,510360,2,20200828,145210480,1.625000,700,1137.500000,-,-,S,5624248,5824098
1,1,3491227,510360,2,20200828,145229180,1.627000,6000,9762.000000,-,-,B,5832821,5781941
1,1,3491270,510360,2,20200828,145229340,1.625000,3000,4875.000000,-,-,S,5624248,5832893
1,1,3523847,510360,2,20200828,145354030,1.625000,18700,30387.500000,-,-,S,5624248,5877556
1,1,3542659,510360,2,20200828,145441390,1.625000,3000,4875.000000,-,-,S,5624248,5902913
1,1,3574312,510360,2,20200828,145547330,1.626000,10000,16260.000000,-,-,B,5942860,5849013
1,1,3592886,510360,2,20200828,145624390,1.626000,7000,11382.000000,-,-,B,5965409,5944209
1,1,3611085,510360,2,20200828,145731000,1.626000,3000,4878.000000,-,-,B,5999808,5969008
1,1,3611275,510360,2,20200828,145741710,1.626000,300,487.800000,-,-,B,6003734,5969008
1,1,3611276,510360,2,20200828,145741710,1.626000,200,325.200000,-,-,B,6003734,5984936
1,1,3612344,510360,2,20200828,145830660,1.625000,1500,2437.500000,-,-,S,5828628,6018873
1,1,3612345,510360,2,20200828,145830660,1.625000,1500,2437.500000,-,-,S,5973879,6018873
1,1,3612927,510360,2,20200828,145856630,1.626000,200,325.200000,-,-,B,6025897,5984936
1,1,3612972,510360,2,20200828,145858220,1.626000,6600,10731.600000,-,-,B,6026296,5984936
1,1,3612973,510360,2,20200828,145858220,1.626000,2000,3252.000000,-,-,B,6026296,5990946
1,1,3612974,510360,2,20200828,145858220,1.627000,60800,98921.600000,-,-,B,6026296,5781941
1,1,3614313,510360,2,20200828,145945980,1.627000,42100,68496.700000,-,-,B,6039791,5781941
