Datetime,Price,Volume
2020-09-14 09:25:00.120,3.327,1900
2020-09-14 09:25:00.120,3.327,2700
2020-09-14 09:25:00.120,3.327,2800
2020-09-14 09:25:00.120,3.327,22200
2020-09-14 09:25:00.120,3.327,8000
2020-09-14 09:25:00.120,3.327,2800
2020-09-14 09:25:00.120,3.327,100
2020-09-14 09:25:00.120,3.327,4800
2020-09-14 09:25:00.120,3.327,36700
2020-09-14 09:25:00.120,3.327,3500
2020-09-14 09:25:00.120,3.327,3400
2020-09-14 09:25:00.120,3.327,100
2020-09-14 09:25:00.120,3.327,9800
2020-09-14 09:25:00.120,3.327,200
2020-09-14 09:25:00.120,3.327,60000
2020-09-14 09:25:00.120,3.327,19000
2020-09-14 09:25:00.120,3.327,7500
2020-09-14 09:25:00.120,3.327,5700
2020-09-14 09:25:00.120,3.327,3000
2020-09-14 09:25:00.120,3.327,2800
2020-09-14 09:25:00.120,3.327,600
2020-09-14 09:25:00.120,3.327,3600
2020-09-14 09:25:00.120,3.327,100
2020-09-14 09:25:00.120,3.327,1500
2020-09-14 09:25:00.120,3.327,1000
2020-09-14 09:25:00.120,3.327,53800
2020-09-14 09:25:00.120,3.327,182000
2020-09-14 09:25:00.120,3.327,269000
2020-09-14 09:25:00.120,3.327,8300
2020-09-14 09:25:00.120,3.327,11000
2020-09-14 09:25:00.120,3.327,20000
2020-09-14 09:25:00.120,3.327,100
2020-09-14 09:25:00.120,3.327,10000
2020-09-14 09:25:00.120,3.327,1000
2020-09-14 09:25:00.120,3.327,1200
2020-09-14 09:25:00.120,3.327,7800
2020-09-14 09:25:00.120,3.327,1500
2020-09-14 09:25:00.120,3.327,43000
2020-09-14 09:25:00.120,3.327,3500
2020-09-14 09:25:00.120,3.327,3000
2020-09-14 09:25:00.120,3.327,15000
2020-09-14 09:25:00.120,3.327,100
2020-09-14 09:25:00.120,3.327,100
2020-09-14 09:25:00.120,3.327,100
2020-09-14 09:25:00.120,3.327,18400
2020-09-14 09:25:00.120,3.327,200
2020-09-14 09:25:00.120,3.327,2600
2020-09-14 09:25:00.120,3.327,100
2020-09-14 09:25:00.120,3.327,5000
2020-09-14 09:25:00.120,3.327,5000
2020-09-14 09:25:00.120,3.327,3000
2020-09-14 09:25:00.120,3.327,900
2020-09-14 09:25:00.120,3.327,22300
2020-09-14 09:25:00.120,3.327,1900
2020-09-14 09:25:00.120,3.327,100000
2020-09-14 09:25:00.120,3.327,100000
2020-09-14 09:25:00.120,3.327,2600
2020-09-14 09:25:00.120,3.327,7500
2020-09-14 09:25:00.120,3.327,92500
2020-09-14 09:25:00.120,3.327,100000
2020-09-14 09:25:00.120,3.327,100000
2020-09-14 09:25:00.120,3.327,7500
2020-09-14 09:25:00.120,3.327,92500
2020-09-14 09:25:00.120,3.327,1200
2020-09-14 09:25:00.120,3.327,1000
2020-09-14 09:25:00.120,3.327,500
2020-09-14 09:25:00.120,3.327,17700
2020-09-14 09:25:00.120,3.327,250000
2020-09-14 09:25:00.120,3.327,100000
2020-09-14 09:25:00.120,3.327,85600
2020-09-14 09:25:00.120,3.327,100000
2020-09-14 09:25:00.120,3.327,43100
2020-09-14 09:25:00.120,3.327,1400
2020-09-14 09:25:00.120,3.327,8800
2020-09-14 09:25:00.120,3.327,2000
2020-09-14 09:25:00.120,3.327,4400
2020-09-14 09:25:00.120,3.327,99600
2020-09-14 09:25:00.120,3.327,6100
2020-09-14 09:25:00.120,3.327,100
2020-09-14 09:25:00.120,3.327,20000
2020-09-14 09:25:00.120,3.327,6000
2020-09-14 09:25:00.120,3.327,59700
2020-09-14 09:25:00.120,3.327,300
2020-09-14 09:25:00.120,3.327,10000
2020-09-14 09:25:00.120,3.327,2000
2020-09-14 09:25:00.120,3.327,100
2020-09-14 09:25:00.120,3.327,3600
2020-09-14 09:25:00.120,3.327,200
2020-09-14 09:25:00.120,3.327,3000
2020-09-14 09:25:00.120,3.327,25600
2020-09-14 09:25:00.120,3.327,20000
2020-09-14 09:25:00.120,3.327,300000
2020-09-14 09:25:00.120,3.327,489300
2020-09-14 09:25:00.120,3.327,110700
2020-09-14 09:25:00.120,3.327,300000
2020-09-14 09:25:00.120,3.327,168200
2020-09-14 09:25:00.120,3.327,52100
2020-09-14 09:25:00.120,3.327,400
2020-09-14 09:25:00.120,3.327,413600
2020-09-14 09:25:00.120,3.327,265700
2020-09-14 09:25:00.120,3.327,2500
2020-09-14 09:25:00.120,3.327,30000
2020-09-14 09:25:00.120,3.327,131800
2020-09-14 09:25:00.120,3.327,4100
2020-09-14 09:25:00.120,3.327,3000
2020-09-14 09:25:00.120,3.327,10000
2020-09-14 09:25:00.120,3.327,151100
2020-09-14 09:25:00.120,3.327,9000
2020-09-14 09:25:00.120,3.327,139900
2020-09-14 09:25:00.120,3.327,8000
2020-09-14 09:25:00.120,3.327,1000
2020-09-14 09:25:00.120,3.327,10000
2020-09-14 09:25:00.120,3.327,5000
2020-09-14 09:25:00.120,3.327,10200
2020-09-14 09:25:00.120,3.327,2500
2020-09-14 09:25:00.120,3.327,2000
2020-09-14 09:25:00.120,3.327,900
2020-09-14 09:25:00.120,3.327,1000
2020-09-14 09:25:00.120,3.327,58500
2020-09-14 09:25:00.120,3.327,500
2020-09-14 09:25:00.120,3.327,4000
2020-09-14 09:25:00.120,3.327,57500
2020-09-14 09:25:00.120,3.327,100
2020-09-14 09:25:00.120,3.327,100
2020-09-14 09:25:00.120,3.327,15000
2020-09-14 09:25:00.120,3.327,300000
2020-09-14 09:25:00.120,3.327,2500
2020-09-14 09:25:00.120,3.327,1100
2020-09-14 09:25:00.120,3.327,7000
2020-09-14 09:25:00.120,3.327,7600
2020-09-14 09:25:00.120,3.327,3100
2020-09-14 09:25:00.120,3.327,5100
2020-09-14 09:25:00.120,3.327,5100
2020-09-14 09:25:00.120,3.327,1000
2020-09-14 09:25:00.120,3.327,600
2020-09-14 09:25:00.120,3.327,1000
2020-09-14 09:25:00.120,3.327,1000
2020-09-14 09:25:00.120,3.327,10000
2020-09-14 09:25:00.120,3.327,1400
2020-09-14 09:25:00.120,3.327,100
2020-09-14 09:25:00.120,3.327,7000
2020-09-14 09:25:00.120,3.327,12000
2020-09-14 09:25:00.120,3.327,11000
2020-09-14 09:25:00.120,3.327,3000
2020-09-14 09:25:00.120,3.327,200
2020-09-14 09:25:00.120,3.327,1000
2020-09-14 09:25:00.120,3.327,400
2020-09-14 09:25:00.120,3.327,6000
2020-09-14 09:25:00.120,3.327,10000
2020-09-14 09:25:00.120,3.327,2000
2020-09-14 09:25:00.120,3.327,184600
2020-09-14 09:25:00.120,3.327,115400
2020-09-14 09:25:00.120,3.327,100
2020-09-14 09:25:00.120,3.327,2000
2020-09-14 09:25:00.120,3.327,6000
2020-09-14 09:25:00.120,3.327,7000
2020-09-14 09:25:00.120,3.327,5000
2020-09-14 09:25:00.120,3.327,200
2020-09-14 09:25:00.120,3.327,1000
2020-09-14 09:25:00.120,3.327,6000
2020-09-14 09:25:00.120,3.327,100
2020-09-14 09:25:00.120,3.327,2000
2020-09-14 09:25:00.120,3.327,2000
2020-09-14 09:25:00.120,3.327,7000
2020-09-14 09:25:00.120,3.327,3000
2020-09-14 09:25:00.120,3.327,1000
2020-09-14 09:25:00.120,3.327,6400
2020-09-14 09:25:00.120,3.327,1400
2020-09-14 09:25:00.120,3.327,200
2020-09-14 09:25:00.120,3.327,100
2020-09-14 09:25:00.120,3.327,1000
2020-09-14 09:25:00.120,3.327,10000
2020-09-14 09:25:00.120,3.327,600
2020-09-14 09:25:00.120,3.327,6000
2020-09-14 09:25:00.120,3.327,3000
2020-09-14 09:25:00.120,3.327,7000
2020-09-14 09:25:00.120,3.327,100
2020-09-14 09:25:00.120,3.327,100
2020-09-14 09:25:00.120,3.327,1000
2020-09-14 09:25:00.120,3.327,1200
2020-09-14 09:25:00.120,3.327,100
2020-09-14 09:25:00.120,3.327,2000
2020-09-14 09:25:00.120,3.327,2000
2020-09-14 09:25:00.120,3.327,700
2020-09-14 09:25:00.120,3.327,5000
2020-09-14 09:25:00.120,3.327,7000
2020-09-14 09:25:00.120,3.327,10500
2020-09-14 09:25:00.120,3.327,138900
2020-09-14 09:25:00.120,3.327,1000
2020-09-14 09:25:00.120,3.327,200
2020-09-14 09:25:00.120,3.327,58000
2020-09-14 09:25:00.120,3.327,100
2020-09-14 09:25:00.120,3.327,1000
2020-09-14 09:25:00.120,3.327,2500
2020-09-14 09:25:00.120,3.327,6000
2020-09-14 09:25:00.120,3.327,200
2020-09-14 09:25:00.120,3.327,100
2020-09-14 09:25:00.120,3.327,3000
2020-09-14 09:25:00.120,3.327,700
2020-09-14 09:25:00.120,3.327,7000
2020-09-14 09:25:00.120,3.327,10000
2020-09-14 09:25:00.120,3.327,11000
2020-09-14 09:25:00.120,3.327,6000
2020-09-14 09:25:00.120,3.327,10000
2020-09-14 09:25:00.120,3.327,1000
2020-09-14 09:25:00.120,3.327,2000
2020-09-14 09:25:00.120,3.327,10000
2020-09-14 09:25:00.120,3.327,6000
2020-09-14 09:25:00.120,3.327,4000
2020-09-14 09:25:00.120,3.327,5000
2020-09-14 09:25:00.120,3.327,7000
2020-09-14 09:25:00.120,3.327,60200
2020-09-14 09:30:00.050,3.327,1000
2020-09-14 09:30:00.140,3.327,60000
2020-09-14 09:30:00.140,3.328,100
2020-09-14 09:30:00.260,3.328,900
2020-09-14 09:30:00.300,3.327,500
2020-09-14 09:30:00.300,3.328,1000
2020-09-14 09:30:00.300,3.328,6000
2020-09-14 09:30:00.300,3.328,1000
2020-09-14 09:30:00.300,3.328,1300
2020-09-14 09:30:00.300,3.328,8600
2020-09-14 09:30:00.300,3.328,1000
2020-09-14 09:30:00.300,3.328,400
2020-09-14 09:30:00.420,3.328,3000
2020-09-14 09:30:00.420,3.327,5000
2020-09-14 09:30:00.420,3.328,3600
2020-09-14 09:30:00.420,3.328,12000
2020-09-14 09:30:00.420,3.328,10000
2020-09-14 09:30:00.420,3.328,400
2020-09-14 09:30:00.420,3.328,14600
2020-09-14 09:30:00.530,3.328,84700
2020-09-14 09:30:00.530,3.327,5000
2020-09-14 09:30:00.660,3.327,172700
2020-09-14 09:30:00.660,3.328,5000
2020-09-14 09:30:00.660,3.327,2000
2020-09-14 09:30:00.660,3.327,2000
2020-09-14 09:30:00.660,3.328,9700
2020-09-14 09:30:00.660,3.327,5000
2020-09-14 09:30:00.660,3.328,200
2020-09-14 09:30:00.660,3.328,400
2020-09-14 09:30:00.660,3.328,6200
2020-09-14 09:30:00.660,3.327,9100
2020-09-14 09:30:00.770,3.328,300
2020-09-14 09:30:00.770,3.327,100
2020-09-14 09:30:00.770,3.327,1000
2020-09-14 09:30:00.770,3.328,3500
2020-09-14 09:30:00.770,3.329,10000
2020-09-14 09:30:00.770,3.329,10000
2020-09-14 09:30:00.770,3.329,700
2020-09-14 09:30:00.770,3.329,1000
2020-09-14 09:30:00.770,3.329,6200
2020-09-14 09:30:00.770,3.327,20000
2020-09-14 09:30:00.770,3.329,3000
2020-09-14 09:30:00.890,3.327,900
2020-09-14 09:30:00.890,3.327,100
2020-09-14 09:30:01.010,3.327,900
2020-09-14 09:30:01.010,3.327,100
2020-09-14 09:30:01.010,3.327,40500
2020-09-14 09:30:01.010,3.327,500
2020-09-14 09:30:01.010,3.327,1000
2020-09-14 09:30:01.010,3.327,2900
2020-09-14 09:30:01.010,3.327,600
2020-09-14 09:30:01.010,3.327,10000
2020-09-14 09:30:01.180,3.327,2000
2020-09-14 09:30:01.180,3.327,1000
2020-09-14 09:30:01.300,3.327,1800
2020-09-14 09:30:01.300,3.327,12400
2020-09-14 09:30:01.300,3.327,2000
2020-09-14 09:30:01.300,3.326,2000
2020-09-14 09:30:01.300,3.326,7000
2020-09-14 09:30:01.300,3.326,200000
2020-09-14 09:30:01.300,3.327,225300
2020-09-14 09:30:01.300,3.327,6700
2020-09-14 09:30:01.300,3.327,400
2020-09-14 09:30:01.300,3.328,100
2020-09-14 09:30:01.300,3.329,800
2020-09-14 09:30:01.300,3.329,6000
2020-09-14 09:30:01.300,3.329,1000
2020-09-14 09:30:01.300,3.329,300
2020-09-14 09:30:01.300,3.329,3300
2020-09-14 09:30:01.300,3.329,3000
2020-09-14 09:30:01.300,3.329,1000
2020-09-14 09:30:01.300,3.329,7000
2020-09-14 09:30:01.300,3.329,3500
2020-09-14 09:30:01.300,3.329,51300
2020-09-14 09:30:01.300,3.329,400
2020-09-14 09:30:01.300,3.329,2000
2020-09-14 09:30:01.300,3.329,1900
2020-09-14 09:30:01.300,3.329,1000
2020-09-14 09:30:01.300,3.33,100
2020-09-14 09:30:01.300,3.33,2000
2020-09-14 09:30:01.300,3.33,800
2020-09-14 09:30:01.300,3.33,100
2020-09-14 09:30:01.300,3.33,378100
2020-09-14 09:30:01.300,3.33,600
2020-09-14 09:30:01.300,3.33,200
2020-09-14 09:30:01.300,3.33,400
2020-09-14 09:30:01.300,3.33,1000
2020-09-14 09:30:01.300,3.33,1000
2020-09-14 09:30:01.300,3.33,100
2020-09-14 09:30:01.300,3.33,3500
2020-09-14 09:30:01.300,3.33,1500
2020-09-14 09:30:01.300,3.33,6000
2020-09-14 09:30:01.300,3.33,20000
2020-09-14 09:30:01.300,3.33,100
2020-09-14 09:30:01.300,3.33,100
2020-09-14 09:30:01.300,3.33,2000
2020-09-14 09:30:01.300,3.33,1000
2020-09-14 09:30:01.300,3.33,5000
2020-09-14 09:30:01.300,3.33,1000
2020-09-14 09:30:01.300,3.33,2500
2020-09-14 09:30:01.300,3.33,7000
2020-09-14 09:30:01.300,3.33,88000
2020-09-14 09:30:01.300,3.33,3000
2020-09-14 09:30:01.300,3.33,200
2020-09-14 09:30:01.300,3.33,3000
2020-09-14 09:30:01.300,3.33,1100
2020-09-14 09:30:01.300,3.33,5000
2020-09-14 09:30:01.300,3.33,1000
2020-09-14 09:30:01.300,3.33,2000
2020-09-14 09:30:01.300,3.33,3000
2020-09-14 09:30:01.300,3.33,200
2020-09-14 09:30:01.300,3.33,900
2020-09-14 09:30:01.300,3.33,22700
2020-09-14 09:30:01.300,3.33,20800
2020-09-14 09:30:01.420,3.327,12100
2020-09-14 09:30:01.540,3.328,800
2020-09-14 09:30:01.540,3.328,3000
2020-09-14 09:30:01.540,3.328,4700
2020-09-14 09:30:01.540,3.328,300
2020-09-14 09:30:01.540,3.328,15000
2020-09-14 09:30:01.660,3.328,100
2020-09-14 09:30:01.660,3.328,15000
2020-09-14 09:30:01.660,3.327,4900
2020-09-14 09:30:01.660,3.327,2000
2020-09-14 09:30:01.660,3.328,500
2020-09-14 09:30:01.660,3.328,1000
2020-09-14 09:30:01.770,3.328,5800
2020-09-14 09:30:01.770,3.329,3000
2020-09-14 09:30:01.770,3.329,2000
2020-09-14 09:30:01.770,3.328,22700
2020-09-14 09:30:01.770,3.328,17900
2020-09-14 09:30:01.770,3.328,10000
2020-09-14 09:30:01.770,3.327,5600
2020-09-14 09:30:01.770,3.327,3000
2020-09-14 09:30:01.930,3.327,100
2020-09-14 09:30:01.930,3.327,1000
2020-09-14 09:30:02.070,3.327,15000
2020-09-14 09:30:02.230,3.327,1400
2020-09-14 09:30:02.230,3.327,100
2020-09-14 09:30:02.230,3.327,3100
2020-09-14 09:30:02.230,3.327,211600
2020-09-14 09:30:02.230,3.327,1900
2020-09-14 09:30:02.230,3.327,13600
2020-09-14 09:30:02.230,3.327,5000
2020-09-14 09:30:02.230,3.327,100
2020-09-14 09:30:02.230,3.327,33000
2020-09-14 09:30:02.230,3.327,2000
2020-09-14 09:30:02.230,3.328,3000
2020-09-14 09:30:02.360,3.328,7000
2020-09-14 09:30:02.360,3.328,100
2020-09-14 09:30:02.360,3.328,6400
2020-09-14 09:30:02.490,3.328,1000
2020-09-14 09:30:02.490,3.328,1100
2020-09-14 09:30:02.490,3.327,900
2020-09-14 09:30:02.620,3.328,12400
2020-09-14 09:30:02.620,3.328,7600
2020-09-14 09:30:02.620,3.328,1700
2020-09-14 09:30:02.620,3.328,700
2020-09-14 09:30:02.620,3.328,600
2020-09-14 09:30:02.620,3.328,1700
2020-09-14 09:30:02.620,3.328,1000
2020-09-14 09:30:02.620,3.328,2300
2020-09-14 09:30:02.620,3.329,3100
2020-09-14 09:30:02.620,3.329,600
2020-09-14 09:30:02.620,3.329,10000
2020-09-14 09:30:02.620,3.329,1000
2020-09-14 09:30:02.620,3.329,500
2020-09-14 09:30:02.620,3.329,1500
2020-09-14 09:30:02.620,3.329,100000
2020-09-14 09:30:02.620,3.329,600
2020-09-14 09:30:02.620,3.329,3000
2020-09-14 09:30:02.620,3.329,500
2020-09-14 09:30:02.620,3.329,1200
2020-09-14 09:30:02.620,3.329,8300
2020-09-14 09:30:02.620,3.329,10000
2020-09-14 09:30:02.620,3.329,50000
2020-09-14 09:30:02.620,3.33,25000
2020-09-14 09:30:02.620,3.33,1000
2020-09-14 09:30:02.620,3.33,15000
2020-09-14 09:30:02.620,3.33,10000
2020-09-14 09:30:02.620,3.33,100
2020-09-14 09:30:02.620,3.33,20000
2020-09-14 09:30:02.620,3.33,1000
2020-09-14 09:30:02.620,3.33,1100
2020-09-14 09:30:02.620,3.33,1000
2020-09-14 09:30:02.750,3.33,100
2020-09-14 09:30:02.750,3.33,300
2020-09-14 09:30:02.750,3.33,10000
2020-09-14 09:30:02.750,3.33,28200
2020-09-14 09:30:02.750,3.328,700
2020-09-14 09:30:02.750,3.328,1100
2020-09-14 09:30:02.750,3.328,1500
2020-09-14 09:30:02.750,3.328,3100
2020-09-14 09:30:02.750,3.327,26900
2020-09-14 09:30:02.880,3.327,5000
2020-09-14 09:30:02.880,3.327,6000
2020-09-14 09:30:02.880,3.327,9000
2020-09-14 09:30:02.880,3.329,1000
2020-09-14 09:30:02.880,3.329,5000
2020-09-14 09:30:02.880,3.33,2600
2020-09-14 09:30:02.880,3.33,2600
2020-09-14 09:30:02.880,3.33,2400
2020-09-14 09:30:02.880,3.33,300
2020-09-14 09:30:02.880,3.33,100
2020-09-14 09:30:02.880,3.33,1000
2020-09-14 09:30:03.020,3.33,5000
2020-09-14 09:30:03.020,3.33,20000
2020-09-14 09:30:03.120,3.33,200
2020-09-14 09:30:03.120,3.33,100
2020-09-14 09:30:03.120,3.33,400
2020-09-14 09:30:03.120,3.33,30000
2020-09-14 09:30:03.180,3.331,600
2020-09-14 09:30:03.180,3.331,2000
2020-09-14 09:30:03.180,3.331,2000
2020-09-14 09:30:03.180,3.331,3000
2020-09-14 09:30:03.180,3.331,2000
2020-09-14 09:30:03.180,3.331,7000
2020-09-14 09:30:03.180,3.331,4700
2020-09-14 09:30:03.230,3.33,3300
2020-09-14 09:30:03.230,3.33,500
2020-09-14 09:30:03.230,3.33,2500
2020-09-14 09:30:03.380,3.33,800
2020-09-14 09:30:03.380,3.33,20000
2020-09-14 09:30:03.590,3.33,14000
2020-09-14 09:30:03.590,3.331,1500
2020-09-14 09:30:03.630,3.33,1400
2020-09-14 09:30:03.750,3.33,5000
2020-09-14 09:30:03.820,3.33,1000
2020-09-14 09:30:03.930,3.331,3800
2020-09-14 09:30:03.930,3.331,2200
2020-09-14 09:30:03.930,3.33,7000
2020-09-14 09:30:03.960,3.33,10000
2020-09-14 09:30:04.090,3.331,69100
2020-09-14 09:30:04.130,3.33,5300
2020-09-14 09:30:04.130,3.33,5000
2020-09-14 09:30:04.130,3.33,100000
2020-09-14 09:30:04.160,3.33,100
2020-09-14 09:30:04.350,3.33,2500
2020-09-14 09:30:04.350,3.331,28700
2020-09-14 09:30:04.350,3.331,100000
2020-09-14 09:30:04.350,3.331,5000
2020-09-14 09:30:04.350,3.331,10000
2020-09-14 09:30:04.350,3.331,5400
2020-09-14 09:30:04.350,3.331,150900
2020-09-14 09:30:04.350,3.33,6000
2020-09-14 09:30:04.380,3.33,2000
2020-09-14 09:30:04.550,3.33,300
2020-09-14 09:30:04.550,3.33,100
2020-09-14 09:30:04.730,3.33,2000
2020-09-14 09:30:04.730,3.33,200
2020-09-14 09:30:04.770,3.33,1000
2020-09-14 09:30:04.770,3.33,39300
2020-09-14 09:30:04.770,3.33,125700
2020-09-14 09:30:04.770,3.33,600
2020-09-14 09:30:04.920,3.33,1000
2020-09-14 09:30:04.970,3.33,100
2020-09-14 09:30:04.970,3.33,20000
2020-09-14 09:30:05.140,3.33,500
2020-09-14 09:30:05.330,3.33,4900
2020-09-14 09:30:05.360,3.33,1000
2020-09-14 09:30:05.440,3.33,2000
2020-09-14 09:30:05.440,3.33,100
2020-09-14 09:30:05.440,3.33,1800
2020-09-14 09:30:05.540,3.33,23400
2020-09-14 09:30:05.690,3.33,2600
2020-09-14 09:30:05.690,3.33,2000
2020-09-14 09:30:05.780,3.33,1000
2020-09-14 09:30:05.810,3.331,10000
2020-09-14 09:30:05.810,3.33,3100
2020-09-14 09:30:05.850,3.33,200
2020-09-14 09:30:05.890,3.331,1000
2020-09-14 09:30:05.890,3.33,1000
2020-09-14 09:30:05.950,3.33,100
2020-09-14 09:30:05.950,3.33,95600
2020-09-14 09:30:05.950,3.33,120000
2020-09-14 09:30:05.950,3.33,191700
2020-09-14 09:30:05.980,3.33,1000
2020-09-14 09:30:06.100,3.33,200
2020-09-14 09:30:06.100,3.33,15000
2020-09-14 09:30:06.100,3.33,300
2020-09-14 09:30:06.170,3.33,300
2020-09-14 09:30:06.270,3.331,60100
2020-09-14 09:30:06.310,3.33,2100
2020-09-14 09:30:06.530,3.331,500
2020-09-14 09:30:06.530,3.331,15000
2020-09-14 09:30:06.730,3.331,200
2020-09-14 09:30:06.730,3.33,20000
2020-09-14 09:30:06.960,3.33,12900
2020-09-14 09:30:07.360,3.33,10000
2020-09-14 09:30:07.560,3.33,500
2020-09-14 09:30:07.560,3.33,6000
2020-09-14 09:30:08.140,3.33,200
2020-09-14 09:30:08.140,3.33,7100
2020-09-14 09:30:08.420,3.33,500
2020-09-14 09:30:08.470,3.33,1900
2020-09-14 09:30:08.750,3.331,5000
2020-09-14 09:30:08.940,3.33,3000
2020-09-14 09:30:09.490,3.33,5000
2020-09-14 09:30:09.490,3.33,1000
2020-09-14 09:30:09.950,3.33,281500
2020-09-14 09:30:09.950,3.33,26300
2020-09-14 09:30:10.190,3.33,33800
2020-09-14 09:30:10.190,3.33,5000
2020-09-14 09:30:10.190,3.33,65600
2020-09-14 09:30:10.240,3.331,10000
2020-09-14 09:30:10.670,3.33,1000
2020-09-14 09:30:10.730,3.33,165000
2020-09-14 09:30:12.270,3.33,2100
2020-09-14 09:30:13.060,3.33,500
2020-09-14 09:30:13.220,3.331,347300
2020-09-14 09:30:13.220,3.331,366000
2020-09-14 09:30:13.850,3.329,900
2020-09-14 09:30:15.570,3.33,200000
2020-09-14 09:30:15.660,3.33,15000
2020-09-14 09:30:15.750,3.33,18100
2020-09-14 09:30:15.890,3.33,1000
2020-09-14 09:30:16.150,3.33,300
2020-09-14 09:30:16.340,3.33,300000
2020-09-14 09:30:16.560,3.33,2900
2020-09-14 09:30:16.560,3.33,3000
2020-09-14 09:30:17.100,3.33,6000
2020-09-14 09:30:17.260,3.331,1200
2020-09-14 09:30:17.320,3.331,1200
2020-09-14 09:30:17.770,3.33,144100
2020-09-14 09:30:17.770,3.329,7100
2020-09-14 09:30:17.770,3.329,20400
2020-09-14 09:30:17.770,3.329,10400
2020-09-14 09:30:17.770,3.329,1100
2020-09-14 09:30:17.770,3.329,7400
2020-09-14 09:30:17.770,3.329,100000
2020-09-14 09:30:17.980,3.329,2200
2020-09-14 09:30:19.210,3.329,1000
2020-09-14 09:30:19.810,3.33,100
2020-09-14 09:30:19.810,3.33,100
2020-09-14 09:30:19.810,3.33,100
2020-09-14 09:30:19.810,3.33,100
2020-09-14 09:30:19.810,3.33,100
2020-09-14 09:30:19.810,3.33,100
2020-09-14 09:30:19.810,3.33,100
2020-09-14 09:30:19.840,3.33,100
2020-09-14 09:30:19.840,3.33,100
2020-09-14 09:30:19.840,3.33,100
2020-09-14 09:30:19.840,3.33,100
2020-09-14 09:30:19.840,3.33,100
2020-09-14 09:30:19.840,3.33,100
2020-09-14 09:30:19.840,3.33,100
2020-09-14 09:30:19.840,3.33,100
2020-09-14 09:30:19.840,3.33,100
2020-09-14 09:30:19.960,3.33,100
2020-09-14 09:30:19.960,3.33,100
2020-09-14 09:30:19.960,3.33,100
2020-09-14 09:30:19.960,3.33,100
2020-09-14 09:30:19.960,3.33,100
2020-09-14 09:30:20.000,3.33,100
2020-09-14 09:30:20.000,3.33,100
2020-09-14 09:30:20.000,3.33,100
2020-09-14 09:30:20.000,3.33,100
2020-09-14 09:30:20.060,3.33,100
2020-09-14 09:30:20.060,3.33,100
2020-09-14 09:30:20.060,3.33,100
2020-09-14 09:30:20.060,3.33,100
2020-09-14 09:30:20.060,3.33,100
2020-09-14 09:30:20.060,3.33,100
2020-09-14 09:30:20.060,3.33,100
2020-09-14 09:30:20.060,3.33,100
2020-09-14 09:30:20.060,3.33,100
2020-09-14 09:30:20.060,3.33,100
2020-09-14 09:30:20.110,3.33,100
2020-09-14 09:30:20.110,3.33,100
2020-09-14 09:30:20.110,3.33,100
2020-09-14 09:30:20.110,3.33,100
2020-09-14 09:30:20.110,3.33,100
2020-09-14 09:30:20.110,3.33,100
2020-09-14 09:30:20.170,3.33,100
2020-09-14 09:30:20.170,3.33,100
2020-09-14 09:30:20.170,3.33,100
2020-09-14 09:30:20.170,3.33,100
2020-09-14 09:30:20.170,3.33,100
2020-09-14 09:30:20.170,3.33,100
2020-09-14 09:30:20.190,3.33,100
2020-09-14 09:30:20.190,3.33,100
2020-09-14 09:30:20.190,3.33,100
2020-09-14 09:30:20.190,3.33,100
2020-09-14 09:30:20.190,3.33,100
2020-09-14 09:30:20.190,3.33,100
2020-09-14 09:30:20.190,3.33,100
2020-09-14 09:30:20.190,3.33,100
2020-09-14 09:30:20.310,3.33,100
2020-09-14 09:30:20.310,3.33,100
2020-09-14 09:30:20.310,3.33,100
2020-09-14 09:30:20.310,3.33,100
2020-09-14 09:30:20.310,3.33,100
2020-09-14 09:30:20.310,3.33,100
2020-09-14 09:30:20.360,3.33,100
2020-09-14 09:30:20.360,3.33,100
2020-09-14 09:30:20.360,3.33,100
2020-09-14 09:30:20.360,3.33,100
2020-09-14 09:30:20.360,3.33,100
2020-09-14 09:30:20.360,3.33,100
2020-09-14 09:30:20.360,3.33,100
2020-09-14 09:30:20.410,3.33,100
2020-09-14 09:30:20.410,3.33,100
2020-09-14 09:30:20.410,3.33,100
2020-09-14 09:30:20.410,3.33,100
2020-09-14 09:30:20.410,3.328,3000
2020-09-14 09:30:20.460,3.33,100
2020-09-14 09:30:20.460,3.33,100
2020-09-14 09:30:20.460,3.33,100
2020-09-14 09:30:20.460,3.33,100
2020-09-14 09:30:20.460,3.33,100
2020-09-14 09:30:20.460,3.33,100
2020-09-14 09:30:20.460,3.33,100
2020-09-14 09:30:20.460,3.33,100
2020-09-14 09:30:20.460,3.33,100
2020-09-14 09:30:20.490,3.33,100
2020-09-14 09:30:20.490,3.33,100
2020-09-14 09:30:20.490,3.33,100
2020-09-14 09:30:20.490,3.33,100
2020-09-14 09:30:20.490,3.33,100
2020-09-14 09:30:20.490,3.33,100
2020-09-14 09:30:20.550,3.33,100
2020-09-14 09:30:20.550,3.33,100
2020-09-14 09:30:20.550,3.33,100
2020-09-14 09:30:22.210,3.33,3000
2020-09-14 09:30:22.230,3.33,2000
2020-09-14 09:30:22.920,3.329,600
2020-09-14 09:30:22.920,3.328,300
2020-09-14 09:30:26.170,3.328,84200
2020-09-14 09:30:26.170,3.328,400
2020-09-14 09:30:26.170,3.328,10000
2020-09-14 09:30:26.170,3.328,400
2020-09-14 09:30:26.170,3.328,3000
2020-09-14 09:30:26.170,3.328,1000
2020-09-14 09:30:26.170,3.328,30000
2020-09-14 09:30:26.170,3.328,1500
2020-09-14 09:30:26.170,3.328,4300
2020-09-14 09:30:26.170,3.328,600
2020-09-14 09:30:26.170,3.328,6000
2020-09-14 09:30:26.170,3.328,37500
2020-09-14 09:30:26.170,3.328,30000
2020-09-14 09:30:26.170,3.328,3000
2020-09-14 09:30:26.170,3.328,200
2020-09-14 09:30:26.170,3.328,100
2020-09-14 09:30:26.170,3.328,2000
2020-09-14 09:30:26.170,3.328,5000
2020-09-14 09:30:26.170,3.328,2000
2020-09-14 09:30:26.170,3.328,200
2020-09-14 09:30:26.170,3.328,5000
2020-09-14 09:30:26.170,3.328,10000
2020-09-14 09:30:26.170,3.328,2400
2020-09-14 09:30:26.170,3.328,2300
2020-09-14 09:30:26.170,3.328,3000
2020-09-14 09:30:27.350,3.327,300
2020-09-14 09:30:27.350,3.327,9700
2020-09-14 09:30:27.460,3.328,100
2020-09-14 09:30:27.460,3.328,100
2020-09-14 09:30:27.460,3.328,100
2020-09-14 09:30:27.460,3.328,100
2020-09-14 09:30:27.460,3.328,100
2020-09-14 09:30:27.460,3.328,100
2020-09-14 09:30:27.460,3.328,100
2020-09-14 09:30:27.520,3.328,100
2020-09-14 09:30:27.520,3.328,100
2020-09-14 09:30:27.520,3.328,100
2020-09-14 09:30:27.520,3.328,100
2020-09-14 09:30:27.520,3.328,100
2020-09-14 09:30:27.520,3.328,100
2020-09-14 09:30:27.520,3.328,100
2020-09-14 09:30:27.520,3.328,100
2020-09-14 09:30:27.580,3.328,100
2020-09-14 09:30:27.580,3.328,100
2020-09-14 09:30:27.580,3.328,100
2020-09-14 09:30:27.580,3.328,100
2020-09-14 09:30:27.580,3.328,100
2020-09-14 09:30:27.600,3.328,100
2020-09-14 09:30:27.600,3.328,100
2020-09-14 09:30:27.600,3.328,100
2020-09-14 09:30:27.600,3.328,100
2020-09-14 09:30:27.670,3.328,100
2020-09-14 09:30:27.670,3.328,100
2020-09-14 09:30:27.670,3.328,100
2020-09-14 09:30:27.670,3.328,100
2020-09-14 09:30:27.670,3.328,100
2020-09-14 09:30:27.700,3.328,100
2020-09-14 09:30:27.700,3.328,100
2020-09-14 09:30:27.700,3.328,100
2020-09-14 09:30:27.700,3.328,100
2020-09-14 09:30:27.700,3.328,100
2020-09-14 09:30:27.700,3.328,100
2020-09-14 09:30:27.700,3.328,100
2020-09-14 09:30:27.750,3.328,100
2020-09-14 09:30:27.750,3.328,100
2020-09-14 09:30:27.750,3.328,100
2020-09-14 09:30:27.750,3.328,100
2020-09-14 09:30:27.840,3.328,100
2020-09-14 09:30:27.840,3.328,100
2020-09-14 09:30:27.840,3.328,100
2020-09-14 09:30:27.840,3.328,100
2020-09-14 09:30:27.840,3.328,100
2020-09-14 09:30:27.930,3.328,100
2020-09-14 09:30:27.930,3.328,100
2020-09-14 09:30:27.930,3.328,100
2020-09-14 09:30:27.930,3.328,100
2020-09-14 09:30:27.930,3.328,100
2020-09-14 09:30:27.930,3.328,100
2020-09-14 09:30:27.930,3.328,100
2020-09-14 09:30:27.930,3.328,100
2020-09-14 09:30:27.930,3.328,100
2020-09-14 09:30:27.930,3.328,100
2020-09-14 09:30:28.020,3.328,100
2020-09-14 09:30:28.020,3.328,100
2020-09-14 09:30:28.020,3.328,100
2020-09-14 09:30:28.020,3.328,100
2020-09-14 09:30:28.020,3.328,100
2020-09-14 09:30:28.050,3.328,100
2020-09-14 09:30:28.050,3.328,100
2020-09-14 09:30:28.050,3.328,100
2020-09-14 09:30:28.050,3.328,100
2020-09-14 09:30:28.050,3.328,100
2020-09-14 09:30:28.050,3.328,100
2020-09-14 09:30:28.120,3.328,100
2020-09-14 09:30:28.120,3.328,100
2020-09-14 09:30:28.120,3.328,100
2020-09-14 09:30:28.120,3.328,100
2020-09-14 09:30:28.210,3.328,100
2020-09-14 09:30:28.210,3.328,100
2020-09-14 09:30:28.210,3.328,100
2020-09-14 09:30:28.210,3.328,100
2020-09-14 09:30:28.210,3.328,100
2020-09-14 09:30:28.210,3.328,100
2020-09-14 09:30:28.270,3.328,100
2020-09-14 09:30:28.270,3.328,100
2020-09-14 09:30:28.270,3.328,100
2020-09-14 09:30:28.270,3.328,100
2020-09-14 09:30:28.300,3.328,100
2020-09-14 09:30:28.300,3.328,100
2020-09-14 09:30:28.300,3.328,100
2020-09-14 09:30:28.300,3.328,100
2020-09-14 09:30:28.300,3.328,100
2020-09-14 09:30:28.300,3.328,100
2020-09-14 09:30:28.300,3.328,100
2020-09-14 09:30:28.300,3.328,100
2020-09-14 09:30:28.350,3.328,100
2020-09-14 09:30:28.350,3.328,100
2020-09-14 09:30:29.340,3.328,3900
2020-09-14 09:30:30.460,3.328,243000
2020-09-14 09:30:30.460,3.328,20000
2020-09-14 09:30:30.460,3.328,1500
2020-09-14 09:30:30.460,3.328,35500
2020-09-14 09:30:31.850,3.327,300
2020-09-14 09:30:31.850,3.327,10000
2020-09-14 09:30:31.850,3.327,2000
2020-09-14 09:30:31.850,3.327,1000
2020-09-14 09:30:31.850,3.327,11700
2020-09-14 09:30:33.300,3.328,10000
2020-09-14 09:30:33.350,3.327,8300
2020-09-14 09:30:33.350,3.327,900
2020-09-14 09:30:33.350,3.327,20000
2020-09-14 09:30:33.350,3.327,600000
2020-09-14 09:30:33.800,3.327,20000
2020-09-14 09:30:33.800,3.327,20000
2020-09-14 09:30:33.860,3.327,20000
2020-09-14 09:30:34.390,3.327,20000
2020-09-14 09:30:34.950,3.327,20000
2020-09-14 09:30:35.130,3.326,100
2020-09-14 09:30:35.130,3.326,3000
2020-09-14 09:30:35.130,3.326,1600
2020-09-14 09:30:35.130,3.326,5300
2020-09-14 09:30:36.020,3.326,102700
2020-09-14 09:30:36.140,3.326,192000
2020-09-14 09:30:36.140,3.326,6700
2020-09-14 09:30:36.280,3.327,30000
2020-09-14 09:30:36.310,3.327,100
2020-09-14 09:30:36.750,3.327,11800
2020-09-14 09:30:36.750,3.327,5000
2020-09-14 09:30:36.750,3.327,1800
2020-09-14 09:30:36.750,3.327,1400
2020-09-14 09:30:36.920,3.326,2000
2020-09-14 09:30:37.590,3.326,11300
2020-09-14 09:30:38.290,3.326,29600
2020-09-14 09:30:38.290,3.327,8600
2020-09-14 09:30:38.290,3.327,5000
2020-09-14 09:30:38.340,3.327,600
2020-09-14 09:30:38.560,3.327,22100
2020-09-14 09:30:39.300,3.327,2600
2020-09-14 09:30:39.430,3.327,100
2020-09-14 09:30:39.460,3.327,2000
2020-09-14 09:30:39.710,3.327,10000
2020-09-14 09:30:40.110,3.327,1100
2020-09-14 09:30:40.870,3.327,7500
2020-09-14 09:30:40.960,3.327,10000
2020-09-14 09:30:41.450,3.327,2000
2020-09-14 09:30:42.620,3.327,900
2020-09-14 09:30:42.780,3.327,40000
2020-09-14 09:30:42.890,3.327,10000
2020-09-14 09:30:43.290,3.327,5000
2020-09-14 09:30:43.450,3.327,10000
2020-09-14 09:30:43.450,3.328,5000
2020-09-14 09:30:45.450,3.328,5000
2020-09-14 09:30:45.450,3.328,1100
2020-09-14 09:30:45.450,3.328,20000
2020-09-14 09:30:45.450,3.328,500
2020-09-14 09:30:45.450,3.328,19000
2020-09-14 09:30:45.450,3.328,22000
2020-09-14 09:30:45.480,3.327,13000
2020-09-14 09:30:45.500,3.327,6000
2020-09-14 09:30:46.150,3.328,3000
2020-09-14 09:30:46.150,3.328,7000
2020-09-14 09:30:46.720,3.327,10000
2020-09-14 09:30:46.930,3.328,200
2020-09-14 09:30:46.930,3.328,10000
2020-09-14 09:30:46.930,3.328,2000
2020-09-14 09:30:46.930,3.328,9100
2020-09-14 09:30:47.190,3.328,32000
2020-09-14 09:30:47.500,3.328,79200
2020-09-14 09:30:47.780,3.328,6000
2020-09-14 09:30:48.150,3.328,6800
2020-09-14 09:30:48.150,3.328,800
2020-09-14 09:30:48.150,3.328,35000
2020-09-14 09:30:48.830,3.328,9000
2020-09-14 09:30:49.880,3.328,3000
2020-09-14 09:30:50.410,3.328,3800
2020-09-14 09:30:50.410,3.328,1200
2020-09-14 09:30:51.920,3.328,2300
2020-09-14 09:30:52.080,3.328,800
2020-09-14 09:30:52.220,3.328,7200
2020-09-14 09:30:52.670,3.328,10000
2020-09-14 09:30:52.900,3.328,900
2020-09-14 09:30:52.960,3.328,1000
2020-09-14 09:30:52.960,3.328,2000
2020-09-14 09:30:53.280,3.328,1000
2020-09-14 09:30:53.590,3.328,12000
2020-09-14 09:30:53.860,3.329,200
2020-09-14 09:30:53.860,3.329,2000
2020-09-14 09:30:53.860,3.329,300
2020-09-14 09:30:54.210,3.329,35700
2020-09-14 09:30:54.210,3.329,40000
2020-09-14 09:30:54.210,3.329,1500
2020-09-14 09:30:54.210,3.329,10000
2020-09-14 09:30:54.210,3.329,6000
2020-09-14 09:30:54.210,3.329,300
2020-09-14 09:30:54.210,3.329,1400
2020-09-14 09:30:54.760,3.329,13800
2020-09-14 09:30:55.380,3.33,5000
2020-09-14 09:30:55.380,3.33,900
2020-09-14 09:30:55.380,3.33,9700
2020-09-14 09:30:55.380,3.33,2000
2020-09-14 09:30:55.380,3.33,1000
2020-09-14 09:30:55.380,3.33,2900
2020-09-14 09:30:55.380,3.33,4000
2020-09-14 09:30:55.380,3.33,2000
2020-09-14 09:30:55.380,3.33,1400
2020-09-14 09:30:55.380,3.33,2000
2020-09-14 09:30:55.380,3.33,1400
2020-09-14 09:30:55.380,3.33,27700
2020-09-14 09:30:56.080,3.329,3100
2020-09-14 09:30:56.140,3.329,26900
2020-09-14 09:30:56.220,3.329,10000
2020-09-14 09:30:56.470,3.329,1400
2020-09-14 09:30:57.350,3.329,7000
2020-09-14 09:30:58.130,3.329,100
2020-09-14 09:30:58.820,3.329,5900
2020-09-14 09:30:59.040,3.329,14100
2020-09-14 09:30:59.210,3.33,30000
2020-09-14 09:30:59.850,3.329,7900
2020-09-14 09:31:00.290,3.329,20000
2020-09-14 09:31:01.310,3.329,94900
2020-09-14 09:31:01.310,3.329,5100
2020-09-14 09:31:01.530,3.33,42300
2020-09-14 09:31:01.530,3.33,5000
2020-09-14 09:31:01.530,3.33,500
2020-09-14 09:31:01.530,3.33,5000
2020-09-14 09:31:01.530,3.33,9000
2020-09-14 09:31:01.530,3.33,2000
2020-09-14 09:31:01.530,3.33,5000
2020-09-14 09:31:01.530,3.33,2400
2020-09-14 09:31:01.530,3.33,3000
2020-09-14 09:31:01.530,3.33,100
2020-09-14 09:31:01.530,3.33,1500
2020-09-14 09:31:01.530,3.33,2600
2020-09-14 09:31:01.530,3.33,20000
2020-09-14 09:31:01.530,3.33,10000
2020-09-14 09:31:01.530,3.33,1000
2020-09-14 09:31:01.530,3.33,13100
2020-09-14 09:31:01.850,3.33,1000
2020-09-14 09:31:02.060,3.33,20000
2020-09-14 09:31:02.620,3.33,10000
2020-09-14 09:31:03.170,3.33,6000
2020-09-14 09:31:03.650,3.33,3100
2020-09-14 09:31:04.870,3.33,4500
2020-09-14 09:31:06.640,3.33,1200
2020-09-14 09:31:07.500,3.33,6000
2020-09-14 09:31:07.520,3.331,31600
2020-09-14 09:31:07.520,3.331,10000
2020-09-14 09:31:07.520,3.331,32700
2020-09-14 09:31:07.520,3.331,10100
2020-09-14 09:31:07.520,3.331,500
2020-09-14 09:31:07.520,3.331,5000
2020-09-14 09:31:07.520,3.331,20000
2020-09-14 09:31:07.520,3.331,800
2020-09-14 09:31:07.520,3.331,5000
2020-09-14 09:31:07.520,3.331,1000
2020-09-14 09:31:07.520,3.331,1000
2020-09-14 09:31:07.520,3.331,9600
2020-09-14 09:31:07.520,3.331,12000
2020-09-14 09:31:07.520,3.331,10000
2020-09-14 09:31:07.520,3.331,7000
2020-09-14 09:31:07.520,3.331,19000
2020-09-14 09:31:07.520,3.331,1600
2020-09-14 09:31:07.520,3.331,1000
2020-09-14 09:31:08.100,3.331,18000
2020-09-14 09:31:08.390,3.331,65000
2020-09-14 09:31:08.760,3.331,2000
2020-09-14 09:31:09.020,3.332,200
2020-09-14 09:31:09.020,3.332,600
2020-09-14 09:31:09.020,3.332,1000
2020-09-14 09:31:09.020,3.332,1000
2020-09-14 09:31:09.020,3.332,6000
2020-09-14 09:31:09.020,3.332,6000
2020-09-14 09:31:09.020,3.332,10000
2020-09-14 09:31:09.020,3.332,100
2020-09-14 09:31:09.020,3.332,7000
2020-09-14 09:31:09.020,3.332,12000
2020-09-14 09:31:09.020,3.332,100000
2020-09-14 09:31:09.020,3.332,3000
2020-09-14 09:31:09.020,3.332,5000
2020-09-14 09:31:09.020,3.332,100
2020-09-14 09:31:09.020,3.332,5000
2020-09-14 09:31:09.020,3.332,20000
2020-09-14 09:31:09.020,3.332,2000
2020-09-14 09:31:09.020,3.332,3100
2020-09-14 09:31:09.020,3.332,22700
2020-09-14 09:31:09.020,3.332,300
2020-09-14 09:31:09.020,3.332,67300
2020-09-14 09:31:09.020,3.332,400
2020-09-14 09:31:09.020,3.332,3000
2020-09-14 09:31:09.020,3.332,600000
2020-09-14 09:31:09.020,3.332,24300
2020-09-14 09:31:10.080,3.332,10000
2020-09-14 09:31:10.080,3.332,50000
2020-09-14 09:31:10.080,3.332,50000
2020-09-14 09:31:10.080,3.332,50000
2020-09-14 09:31:10.320,3.332,215700
2020-09-14 09:31:10.320,3.332,6900
2020-09-14 09:31:10.320,3.332,5000
2020-09-14 09:31:10.320,3.332,3000
2020-09-14 09:31:10.320,3.332,5000
2020-09-14 09:31:10.320,3.332,20300
2020-09-14 09:31:10.320,3.332,500
2020-09-14 09:31:10.320,3.332,900
2020-09-14 09:31:10.320,3.332,14500
2020-09-14 09:31:10.320,3.332,5000
2020-09-14 09:31:10.350,3.332,100
2020-09-14 09:31:10.730,3.332,5000
2020-09-14 09:31:11.090,3.332,18100
2020-09-14 09:31:11.090,3.332,7700
2020-09-14 09:31:11.670,3.332,1400
2020-09-14 09:31:12.440,3.332,12900
2020-09-14 09:31:13.400,3.332,2000
2020-09-14 09:31:13.490,3.332,6000
2020-09-14 09:31:14.350,3.332,3500
2020-09-14 09:31:14.720,3.332,3300
2020-09-14 09:31:14.750,3.332,2600
2020-09-14 09:31:14.840,3.332,10000
2020-09-14 09:31:14.920,3.332,100
2020-09-14 09:31:15.380,3.332,500
2020-09-14 09:31:15.480,3.332,2000
2020-09-14 09:31:15.550,3.333,1000
2020-09-14 09:31:15.550,3.333,10000
2020-09-14 09:31:15.550,3.333,10000
2020-09-14 09:31:15.550,3.333,5000
2020-09-14 09:31:15.550,3.333,5000
2020-09-14 09:31:15.550,3.333,12200
2020-09-14 09:31:15.550,3.333,300
2020-09-14 09:31:15.550,3.333,1000
2020-09-14 09:31:15.550,3.333,600
2020-09-14 09:31:15.550,3.333,100
2020-09-14 09:31:15.550,3.333,200
2020-09-14 09:31:15.550,3.333,2000
2020-09-14 09:31:15.550,3.333,5100
2020-09-14 09:31:15.550,3.333,100
2020-09-14 09:31:15.550,3.333,3000
2020-09-14 09:31:15.550,3.333,1000
2020-09-14 09:31:15.550,3.333,7000
2020-09-14 09:31:15.550,3.333,13000
2020-09-14 09:31:15.550,3.333,10000
2020-09-14 09:31:15.550,3.333,5000
2020-09-14 09:31:15.550,3.333,100
2020-09-14 09:31:15.550,3.333,100000
2020-09-14 09:31:15.550,3.333,2100
2020-09-14 09:31:15.550,3.333,1000
2020-09-14 09:31:15.550,3.333,100
2020-09-14 09:31:15.550,3.333,10000
2020-09-14 09:31:15.550,3.333,2900
2020-09-14 09:31:15.550,3.333,1000
2020-09-14 09:31:15.550,3.333,2000
2020-09-14 09:31:15.550,3.333,100
2020-09-14 09:31:15.550,3.333,6000
2020-09-14 09:31:15.550,3.333,20000
2020-09-14 09:31:15.550,3.333,5000
2020-09-14 09:31:15.550,3.333,1000
2020-09-14 09:31:15.550,3.333,200
2020-09-14 09:31:15.550,3.333,5000
2020-09-14 09:31:15.550,3.333,3200
2020-09-14 09:31:15.550,3.333,15000
2020-09-14 09:31:15.550,3.333,10000
2020-09-14 09:31:16.480,3.333,1000
2020-09-14 09:31:17.520,3.333,17800
2020-09-14 09:31:17.630,3.333,4900
2020-09-14 09:31:17.630,3.333,15100
2020-09-14 09:31:18.380,3.333,5000
2020-09-14 09:31:18.740,3.333,34400
2020-09-14 09:31:19.470,3.334,1600
2020-09-14 09:31:19.630,3.333,10000
2020-09-14 09:31:21.270,3.333,700
2020-09-14 09:31:21.460,3.334,6200
2020-09-14 09:31:21.460,3.334,200
2020-09-14 09:31:21.460,3.334,1000
2020-09-14 09:31:21.460,3.334,10000
2020-09-14 09:31:21.460,3.334,600
2020-09-14 09:31:21.460,3.334,2200
2020-09-14 09:31:21.460,3.334,6000
2020-09-14 09:31:21.460,3.334,13300
2020-09-14 09:31:21.460,3.334,20000
2020-09-14 09:31:21.460,3.334,7000
2020-09-14 09:31:21.460,3.334,2000
2020-09-14 09:31:21.460,3.334,5000
2020-09-14 09:31:21.460,3.334,5300
2020-09-14 09:31:21.460,3.334,100000
2020-09-14 09:31:21.460,3.334,3100
2020-09-14 09:31:21.460,3.334,5000
2020-09-14 09:31:21.460,3.334,50000
2020-09-14 09:31:21.460,3.334,100
2020-09-14 09:31:21.460,3.334,1000
2020-09-14 09:31:21.460,3.334,4000
2020-09-14 09:31:21.460,3.334,1000
2020-09-14 09:31:21.460,3.334,300
2020-09-14 09:31:21.460,3.334,4700
2020-09-14 09:31:22.090,3.333,3000
2020-09-14 09:31:22.190,3.333,51800
2020-09-14 09:31:22.190,3.333,94400
2020-09-14 09:31:23.370,3.334,99300
2020-09-14 09:31:25.730,3.334,2000
2020-09-14 09:31:26.090,3.334,1500
2020-09-14 09:31:27.050,3.335,200
2020-09-14 09:31:27.310,3.334,1000
2020-09-14 09:31:27.340,3.335,300
2020-09-14 09:31:27.870,3.334,2000
2020-09-14 09:31:28.100,3.334,3000
2020-09-14 09:31:28.570,3.334,400
2020-09-14 09:31:28.620,3.335,500
2020-09-14 09:31:28.620,3.335,600
2020-09-14 09:31:28.620,3.335,100
2020-09-14 09:31:28.620,3.335,1000
2020-09-14 09:31:28.620,3.335,1000
2020-09-14 09:31:28.620,3.335,300
2020-09-14 09:31:28.620,3.335,100
2020-09-14 09:31:28.620,3.335,1100
2020-09-14 09:31:28.620,3.335,100
2020-09-14 09:31:28.620,3.335,4000
2020-09-14 09:31:28.620,3.335,7000
2020-09-14 09:31:28.620,3.335,100
2020-09-14 09:31:28.620,3.335,10000
2020-09-14 09:31:28.620,3.335,100000
2020-09-14 09:31:28.620,3.335,100
2020-09-14 09:31:28.620,3.335,1000
2020-09-14 09:31:28.620,3.335,1000
2020-09-14 09:31:28.620,3.335,500
2020-09-14 09:31:28.620,3.335,100
2020-09-14 09:31:28.620,3.335,100
2020-09-14 09:31:28.620,3.335,30000
2020-09-14 09:31:28.620,3.335,200
2020-09-14 09:31:28.620,3.335,12500
2020-09-14 09:31:28.620,3.335,10000
2020-09-14 09:31:28.620,3.335,10000
2020-09-14 09:31:28.620,3.335,30000
2020-09-14 09:31:28.620,3.335,10000
2020-09-14 09:31:28.620,3.335,5000
2020-09-14 09:31:28.620,3.335,5000
2020-09-14 09:31:28.620,3.335,10700
2020-09-14 09:31:28.620,3.335,3000
2020-09-14 09:31:28.620,3.335,1000
2020-09-14 09:31:29.410,3.335,1000
2020-09-14 09:31:29.570,3.335,10000
2020-09-14 09:31:29.750,3.335,5000
2020-09-14 09:31:30.220,3.335,10000
2020-09-14 09:31:30.320,3.335,100
2020-09-14 09:31:30.600,3.335,17800
2020-09-14 09:31:30.790,3.335,11500
2020-09-14 09:31:31.090,3.334,30200
2020-09-14 09:31:31.740,3.334,1400
2020-09-14 09:31:31.860,3.334,3000
2020-09-14 09:31:32.840,3.334,1800
2020-09-14 09:31:33.070,3.334,10000
2020-09-14 09:31:33.690,3.335,70700
2020-09-14 09:31:33.690,3.335,6000
2020-09-14 09:31:33.690,3.335,200
2020-09-14 09:31:33.690,3.335,5000
2020-09-14 09:31:33.690,3.335,2300
2020-09-14 09:31:33.690,3.336,200
2020-09-14 09:31:33.690,3.336,1000
2020-09-14 09:31:33.690,3.336,1000
2020-09-14 09:31:33.690,3.336,5000
2020-09-14 09:31:33.690,3.336,400
2020-09-14 09:31:33.690,3.336,6000
2020-09-14 09:31:33.690,3.336,10000
2020-09-14 09:31:33.690,3.336,3200
2020-09-14 09:31:33.690,3.336,1100
2020-09-14 09:31:33.690,3.336,10000
2020-09-14 09:31:33.690,3.336,3000
2020-09-14 09:31:33.690,3.336,10000
2020-09-14 09:31:33.690,3.336,7000
2020-09-14 09:31:33.690,3.336,5000
2020-09-14 09:31:33.690,3.336,5000
2020-09-14 09:31:33.690,3.336,20000
2020-09-14 09:31:33.690,3.336,1000
2020-09-14 09:31:33.690,3.336,1000
2020-09-14 09:31:33.690,3.336,1500
2020-09-14 09:31:33.690,3.336,6000
2020-09-14 09:31:33.690,3.336,118400
2020-09-14 09:31:33.820,3.334,300
2020-09-14 09:31:35.320,3.335,100
2020-09-14 09:31:35.530,3.334,1400
2020-09-14 09:31:36.270,3.334,142700
2020-09-14 09:31:36.270,3.334,10500
2020-09-14 09:31:36.270,3.334,30000
2020-09-14 09:31:36.270,3.334,299700
2020-09-14 09:31:36.270,3.334,3000
2020-09-14 09:31:36.270,3.333,14100
2020-09-14 09:31:36.900,3.335,3400
2020-09-14 09:31:37.270,3.335,6800
2020-09-14 09:31:38.710,3.334,24000
2020-09-14 09:31:38.770,3.335,1600
2020-09-14 09:31:38.770,3.335,3200
2020-09-14 09:31:38.770,3.335,1300
2020-09-14 09:31:38.770,3.336,293900
2020-09-14 09:31:39.490,3.335,100000
2020-09-14 09:31:39.490,3.335,100
2020-09-14 09:31:40.750,3.335,5000
2020-09-14 09:31:40.810,3.335,10000
2020-09-14 09:31:41.170,3.335,5000
2020-09-14 09:31:41.440,3.335,12000
2020-09-14 09:31:41.800,3.335,100
2020-09-14 09:31:42.090,3.335,2000
2020-09-14 09:31:42.140,3.336,300000
2020-09-14 09:31:42.140,3.336,262800
2020-09-14 09:31:42.140,3.336,37200
2020-09-14 09:31:43.030,3.335,5000
2020-09-14 09:31:43.170,3.336,7000
2020-09-14 09:31:43.360,3.335,10000
2020-09-14 09:31:43.390,3.335,100
2020-09-14 09:31:44.100,3.335,21400
2020-09-14 09:31:44.150,3.335,300
2020-09-14 09:31:44.300,3.335,7600
2020-09-14 09:31:44.330,3.335,100
2020-09-14 09:31:44.590,3.335,3000
2020-09-14 09:31:44.760,3.335,800
2020-09-14 09:31:45.700,3.336,95600
2020-09-14 09:31:45.700,3.336,294300
2020-09-14 09:31:45.700,3.336,200
2020-09-14 09:31:45.700,3.336,500
2020-09-14 09:31:45.700,3.336,6000
2020-09-14 09:31:45.700,3.336,1000
2020-09-14 09:31:45.700,3.336,30000
2020-09-14 09:31:45.700,3.336,800
2020-09-14 09:31:45.810,3.336,36500
2020-09-14 09:31:45.890,3.336,20000
2020-09-14 09:31:46.030,3.336,2500
2020-09-14 09:31:46.220,3.336,5000
2020-09-14 09:31:48.320,3.336,15000
2020-09-14 09:31:48.620,3.336,20000
2020-09-14 09:31:48.700,3.336,52700
2020-09-14 09:31:49.600,3.336,10000
2020-09-14 09:31:49.720,3.336,1300
2020-09-14 09:31:49.770,3.336,200
2020-09-14 09:31:50.160,3.336,20000
2020-09-14 09:31:50.970,3.336,700
2020-09-14 09:31:51.090,3.336,197700
2020-09-14 09:31:51.090,3.336,10000
2020-09-14 09:31:51.090,3.335,117500
2020-09-14 09:31:51.090,3.335,300
2020-09-14 09:31:51.090,3.335,4000
2020-09-14 09:31:51.090,3.335,10000
2020-09-14 09:31:51.090,3.335,5000
2020-09-14 09:31:51.090,3.335,700
2020-09-14 09:31:51.090,3.334,6000
2020-09-14 09:31:51.090,3.334,148800
2020-09-14 09:31:51.670,3.334,3000
2020-09-14 09:31:52.380,3.337,1000
2020-09-14 09:31:53.570,3.336,5000
2020-09-14 09:31:53.570,3.335,5000
2020-09-14 09:31:55.930,3.336,1000
2020-09-14 09:31:55.930,3.336,300
2020-09-14 09:31:55.930,3.336,700
2020-09-14 09:31:56.070,3.335,5000
2020-09-14 09:31:56.580,3.336,5000
2020-09-14 09:31:56.860,3.336,300
2020-09-14 09:31:58.030,3.335,4000
2020-09-14 09:31:58.380,3.336,5600
2020-09-14 09:31:58.910,3.336,3000
2020-09-14 09:31:59.340,3.335,2000
2020-09-14 09:32:00.600,3.335,300
2020-09-14 09:32:00.700,3.336,5400
2020-09-14 09:32:00.700,3.336,5000
2020-09-14 09:32:00.700,3.336,5000
2020-09-14 09:32:00.700,3.336,23700
2020-09-14 09:32:00.700,3.336,5900
2020-09-14 09:32:00.700,3.336,1600
2020-09-14 09:32:00.700,3.336,38800
2020-09-14 09:32:00.700,3.336,10000
2020-09-14 09:32:00.700,3.336,500
2020-09-14 09:32:00.700,3.336,1200
2020-09-14 09:32:00.700,3.337,500
2020-09-14 09:32:00.700,3.337,1000
2020-09-14 09:32:00.700,3.337,2000
2020-09-14 09:32:00.700,3.337,100
2020-09-14 09:32:00.700,3.337,10000
2020-09-14 09:32:00.700,3.337,7000
2020-09-14 09:32:00.700,3.337,5000
2020-09-14 09:32:00.700,3.337,300
2020-09-14 09:32:00.700,3.337,100000
2020-09-14 09:32:00.700,3.337,2500
2020-09-14 09:32:00.700,3.337,200
2020-09-14 09:32:00.700,3.337,1000
2020-09-14 09:32:00.700,3.337,1500
2020-09-14 09:32:00.700,3.337,1000
2020-09-14 09:32:00.700,3.337,20000
2020-09-14 09:32:00.700,3.337,6000
2020-09-14 09:32:00.700,3.337,2200
2020-09-14 09:32:00.700,3.337,42600
2020-09-14 09:32:00.940,3.336,4000
2020-09-14 09:32:00.970,3.337,1400
2020-09-14 09:32:01.390,3.336,2600
2020-09-14 09:32:01.390,3.336,100
2020-09-14 09:32:02.060,3.335,20000
2020-09-14 09:32:02.750,3.335,10000
2020-09-14 09:32:02.920,3.335,2500
2020-09-14 09:32:04.890,3.335,267500
2020-09-14 09:32:04.890,3.335,300000
2020-09-14 09:32:04.890,3.335,30000
2020-09-14 09:32:04.890,3.335,1700
2020-09-14 09:32:04.890,3.335,1800
2020-09-14 09:32:04.890,3.335,3600
2020-09-14 09:32:04.890,3.335,15000
2020-09-14 09:32:05.160,3.335,300000
2020-09-14 09:32:05.970,3.334,500
2020-09-14 09:32:05.970,3.334,500
2020-09-14 09:32:05.970,3.334,500
2020-09-14 09:32:05.970,3.334,500
2020-09-14 09:32:06.000,3.335,10000
2020-09-14 09:32:06.110,3.335,3400
2020-09-14 09:32:06.900,3.334,30000
2020-09-14 09:32:07.230,3.335,67000
2020-09-14 09:32:07.230,3.335,2700
2020-09-14 09:32:07.230,3.335,100
2020-09-14 09:32:07.230,3.335,21400
2020-09-14 09:32:07.230,3.335,5000
2020-09-14 09:32:07.230,3.335,53800
2020-09-14 09:32:07.350,3.335,1200
2020-09-14 09:32:08.140,3.335,189100
2020-09-14 09:32:08.140,3.336,1100
2020-09-14 09:32:08.140,3.336,200
2020-09-14 09:32:08.140,3.336,3000
2020-09-14 09:32:08.140,3.336,3000
2020-09-14 09:32:08.140,3.336,12000
2020-09-14 09:32:08.140,3.336,10000
2020-09-14 09:32:08.140,3.336,2000
2020-09-14 09:32:08.140,3.336,22100
2020-09-14 09:32:08.140,3.336,30000
2020-09-14 09:32:08.140,3.336,200
2020-09-14 09:32:08.140,3.336,10000
2020-09-14 09:32:08.140,3.336,500
2020-09-14 09:32:08.140,3.336,16800
2020-09-14 09:32:08.330,3.334,4000
2020-09-14 09:32:09.100,3.335,14800
2020-09-14 09:32:09.360,3.336,10000
2020-09-14 09:32:09.500,3.335,200
2020-09-14 09:32:09.670,3.335,200
2020-09-14 09:32:09.670,3.335,200
2020-09-14 09:32:10.040,3.335,2100
2020-09-14 09:32:10.070,3.335,282500
2020-09-14 09:32:10.070,3.335,98331
2020-09-14 09:32:10.430,3.335,1500
2020-09-14 09:32:10.750,3.336,2200
2020-09-14 09:32:11.630,3.335,20900
2020-09-14 09:32:11.660,3.335,6000
2020-09-14 09:32:12.180,3.335,200
2020-09-14 09:32:12.760,3.336,20000
2020-09-14 09:32:12.950,3.335,7100
2020-09-14 09:32:13.250,3.335,2000
2020-09-14 09:32:13.280,3.335,1000
2020-09-14 09:32:14.080,3.335,30000
2020-09-14 09:32:14.350,3.335,6000
2020-09-14 09:32:15.080,3.335,1000
2020-09-14 09:32:15.520,3.335,126069
2020-09-14 09:32:15.520,3.335,873931
2020-09-14 09:32:15.740,3.335,10000
2020-09-14 09:32:16.790,3.335,1500
2020-09-14 09:32:16.920,3.336,5000
2020-09-14 09:32:17.300,3.335,7200
2020-09-14 09:32:17.610,3.335,7369
2020-09-14 09:32:17.610,3.335,1000
2020-09-14 09:32:17.610,3.335,1500
2020-09-14 09:32:18.520,3.335,10000
2020-09-14 09:32:19.950,3.335,100
2020-09-14 09:32:20.060,3.335,100
2020-09-14 09:32:21.160,3.335,1800
2020-09-14 09:32:22.470,3.333,4400
2020-09-14 09:32:23.150,3.333,600
2020-09-14 09:32:23.150,3.333,1000
2020-09-14 09:32:23.150,3.333,2000
2020-09-14 09:32:23.150,3.333,500
2020-09-14 09:32:23.150,3.332,100
2020-09-14 09:32:23.150,3.332,800
2020-09-14 09:32:23.920,3.335,9900
2020-09-14 09:32:25.390,3.332,100
2020-09-14 09:32:28.650,3.332,1000
2020-09-14 09:32:28.930,3.333,1500
2020-09-14 09:32:30.090,3.332,3100
2020-09-14 09:32:30.090,3.332,2900
2020-09-14 09:32:31.080,3.332,4100
2020-09-14 09:32:31.180,3.332,10000
2020-09-14 09:32:31.420,3.333,10800
2020-09-14 09:32:32.350,3.333,3600
2020-09-14 09:32:33.940,3.333,3000
2020-09-14 09:32:34.350,3.333,24500
2020-09-14 09:32:34.460,3.333,38900
2020-09-14 09:32:34.760,3.333,2800
2020-09-14 09:32:35.010,3.334,3000
2020-09-14 09:32:35.630,3.333,200
2020-09-14 09:32:35.920,3.333,3000
2020-09-14 09:32:36.590,3.333,1100
2020-09-14 09:32:37.150,3.333,1500
2020-09-14 09:32:37.280,3.334,1000
2020-09-14 09:32:37.280,3.334,2000
2020-09-14 09:32:37.330,3.333,600
2020-09-14 09:32:38.510,3.334,3000
2020-09-14 09:32:39.080,3.333,3000
2020-09-14 09:32:39.240,3.334,600
2020-09-14 09:32:39.760,3.334,3900
2020-09-14 09:32:39.760,3.334,100000
2020-09-14 09:32:39.760,3.334,100
2020-09-14 09:32:40.270,3.334,8000
2020-09-14 09:32:40.270,3.334,5000
2020-09-14 09:32:40.270,3.334,700
2020-09-14 09:32:40.270,3.334,10000
2020-09-14 09:32:40.270,3.334,7000
2020-09-14 09:32:40.270,3.334,5000
2020-09-14 09:32:40.490,3.334,59900
2020-09-14 09:32:41.500,3.334,2000
2020-09-14 09:32:41.720,3.334,1500
2020-09-14 09:32:41.800,3.334,20000
2020-09-14 09:32:41.930,3.334,20000
2020-09-14 09:32:42.060,3.334,1900
2020-09-14 09:32:42.960,3.334,2000
2020-09-14 09:32:43.850,3.334,20000
2020-09-14 09:32:44.070,3.334,100
2020-09-14 09:32:44.200,3.334,5000
2020-09-14 09:32:44.930,3.334,13300
2020-09-14 09:32:45.240,3.335,3000
2020-09-14 09:32:45.240,3.335,9100
2020-09-14 09:32:45.240,3.335,90000
2020-09-14 09:32:45.240,3.335,100
2020-09-14 09:32:45.240,3.335,1000
2020-09-14 09:32:45.240,3.335,10000
2020-09-14 09:32:45.240,3.335,5000
2020-09-14 09:32:45.240,3.335,1000
2020-09-14 09:32:45.240,3.335,8000
2020-09-14 09:32:45.240,3.335,2000
2020-09-14 09:32:45.240,3.335,2000
2020-09-14 09:32:45.240,3.335,168800
2020-09-14 09:32:45.460,3.334,8000
2020-09-14 09:32:45.560,3.334,2000
2020-09-14 09:32:47.030,3.334,45700
2020-09-14 09:32:47.030,3.334,12300
2020-09-14 09:32:47.270,3.335,300000
2020-09-14 09:32:47.620,3.335,1000
2020-09-14 09:32:47.650,3.334,1000
2020-09-14 09:32:47.680,3.334,49600
2020-09-14 09:32:47.680,3.334,150400
2020-09-14 09:32:47.730,3.334,1000
2020-09-14 09:32:47.930,3.334,100
2020-09-14 09:32:48.400,3.334,19100
2020-09-14 09:32:49.250,3.334,5000
2020-09-14 09:32:49.530,3.334,5000
2020-09-14 09:32:49.860,3.334,21000
2020-09-14 09:32:50.640,3.334,10000
2020-09-14 09:32:50.790,3.334,41000
2020-09-14 09:32:51.060,3.334,1500
2020-09-14 09:32:51.250,3.335,30200
2020-09-14 09:32:51.250,3.335,19000
2020-09-14 09:32:51.250,3.335,5000
2020-09-14 09:32:51.250,3.335,60000
2020-09-14 09:32:51.250,3.335,300
2020-09-14 09:32:51.250,3.335,5000
2020-09-14 09:32:51.250,3.335,1000
2020-09-14 09:32:51.250,3.336,46000
2020-09-14 09:32:51.250,3.336,6500
2020-09-14 09:32:51.250,3.336,5000
2020-09-14 09:32:51.250,3.336,100
2020-09-14 09:32:51.250,3.336,15000
2020-09-14 09:32:51.250,3.336,100
2020-09-14 09:32:51.250,3.336,10000
2020-09-14 09:32:51.250,3.336,3800
2020-09-14 09:32:51.250,3.336,9000
2020-09-14 09:32:51.250,3.336,10000
2020-09-14 09:32:51.250,3.336,500
2020-09-14 09:32:51.250,3.336,800
2020-09-14 09:32:51.250,3.336,2400
2020-09-14 09:32:51.250,3.336,27000
2020-09-14 09:32:51.250,3.336,3000
2020-09-14 09:32:51.250,3.336,40300
2020-09-14 09:32:51.450,3.334,3100
2020-09-14 09:32:52.560,3.335,1000
2020-09-14 09:32:52.560,3.335,10200
2020-09-14 09:32:52.670,3.335,3600
2020-09-14 09:32:53.040,3.335,60000
2020-09-14 09:32:53.100,3.335,7400
2020-09-14 09:32:53.480,3.335,500
2020-09-14 09:32:53.790,3.335,3000
2020-09-14 09:32:54.020,3.335,2000
2020-09-14 09:32:54.050,3.335,5000
2020-09-14 09:32:54.170,3.335,10000
2020-09-14 09:32:54.300,3.335,1000
2020-09-14 09:32:55.580,3.335,20000
2020-09-14 09:32:55.690,3.335,500
2020-09-14 09:32:55.980,3.335,3000
2020-09-14 09:32:57.640,3.336,10000
2020-09-14 09:32:58.000,3.335,1700
2020-09-14 09:32:58.160,3.335,8300
2020-09-14 09:32:59.110,3.335,2500
2020-09-14 09:32:59.110,3.336,12000
2020-09-14 09:32:59.280,3.335,1000
2020-09-14 09:32:59.630,3.336,1000
2020-09-14 09:33:01.450,3.335,3000
2020-09-14 09:33:02.890,3.336,200
2020-09-14 09:33:04.750,3.335,3000
2020-09-14 09:33:05.310,3.335,200
2020-09-14 09:33:05.970,3.335,1200
2020-09-14 09:33:06.870,3.335,300
2020-09-14 09:33:07.640,3.335,2000
2020-09-14 09:33:07.720,3.335,276500
2020-09-14 09:33:07.720,3.335,2000
2020-09-14 09:33:07.720,3.335,100
2020-09-14 09:33:07.720,3.335,21400
2020-09-14 09:33:07.970,3.336,36500
2020-09-14 09:33:07.970,3.336,20000
2020-09-14 09:33:07.970,3.336,500
2020-09-14 09:33:07.970,3.336,3100
2020-09-14 09:33:07.970,3.336,10000
2020-09-14 09:33:07.970,3.336,2000
2020-09-14 09:33:07.970,3.336,100
2020-09-14 09:33:07.970,3.336,20000
2020-09-14 09:33:07.970,3.336,60000
2020-09-14 09:33:07.970,3.336,5500
2020-09-14 09:33:07.970,3.336,3100
2020-09-14 09:33:07.970,3.336,5000
2020-09-14 09:33:07.970,3.336,3000
2020-09-14 09:33:07.970,3.336,10000
2020-09-14 09:33:07.970,3.336,3300
2020-09-14 09:33:07.970,3.336,100
2020-09-14 09:33:08.180,3.336,3000
2020-09-14 09:33:08.230,3.336,2000
2020-09-14 09:33:08.600,3.336,1200
2020-09-14 09:33:09.030,3.336,42300
2020-09-14 09:33:10.140,3.336,5000
2020-09-14 09:33:10.830,3.336,300
2020-09-14 09:33:10.910,3.336,23900
2020-09-14 09:33:11.700,3.336,1000
2020-09-14 09:33:11.700,3.336,3000
2020-09-14 09:33:11.730,3.336,100
2020-09-14 09:33:12.480,3.336,200000
2020-09-14 09:33:12.480,3.336,100000
2020-09-14 09:33:12.810,3.336,105400
2020-09-14 09:33:13.020,3.336,20000
2020-09-14 09:33:13.540,3.336,1000
2020-09-14 09:33:13.970,3.336,1000
2020-09-14 09:33:14.960,3.336,208600
2020-09-14 09:33:14.960,3.336,91400
2020-09-14 09:33:15.480,3.336,4000
2020-09-14 09:33:15.880,3.336,2000
2020-09-14 09:33:15.880,3.336,3000
2020-09-14 09:33:16.680,3.336,86600
2020-09-14 09:33:16.790,3.336,300
2020-09-14 09:33:17.030,3.336,5000
2020-09-14 09:33:17.740,3.336,1500
2020-09-14 09:33:17.900,3.336,200
2020-09-14 09:33:18.040,3.336,6000
2020-09-14 09:33:18.760,3.336,500
2020-09-14 09:33:19.440,3.336,3500
2020-09-14 09:33:19.440,3.336,15000
2020-09-14 09:33:19.440,3.336,1300
2020-09-14 09:33:19.440,3.336,50000
2020-09-14 09:33:21.780,3.335,200
2020-09-14 09:33:24.120,3.335,3000
2020-09-14 09:33:24.120,3.335,1300
2020-09-14 09:33:24.120,3.334,1700
2020-09-14 09:33:27.640,3.335,1500
2020-09-14 09:33:27.640,3.335,3000
2020-09-14 09:33:27.640,3.335,500
2020-09-14 09:33:30.330,3.335,6400
2020-09-14 09:33:30.330,3.335,3600
2020-09-14 09:33:32.080,3.335,1400
2020-09-14 09:33:32.080,3.335,1600
2020-09-14 09:33:33.650,3.334,800
2020-09-14 09:33:33.650,3.334,3000
2020-09-14 09:33:33.650,3.334,100
2020-09-14 09:33:33.650,3.334,6100
2020-09-14 09:33:33.920,3.334,600
2020-09-14 09:33:34.110,3.334,10000
2020-09-14 09:33:34.980,3.334,24400
2020-09-14 09:33:34.980,3.333,3000
2020-09-14 09:33:34.980,3.333,100
2020-09-14 09:33:34.980,3.333,10000
2020-09-14 09:33:37.330,3.333,4000
2020-09-14 09:33:40.660,3.333,10000
2020-09-14 09:33:40.910,3.333,6500
2020-09-14 09:33:40.910,3.333,2000
2020-09-14 09:33:46.560,3.333,1100
2020-09-14 09:33:46.560,3.333,900
2020-09-14 09:33:48.150,3.332,1500
2020-09-14 09:33:48.790,3.332,500
2020-09-14 09:33:48.790,3.332,16900
2020-09-14 09:33:50.940,3.333,100
2020-09-14 09:33:51.850,3.332,3700
2020-09-14 09:33:52.540,3.332,9400
2020-09-14 09:33:52.540,3.332,100
2020-09-14 09:33:52.670,3.332,100
2020-09-14 09:33:52.700,3.332,4900
2020-09-14 09:33:52.700,3.333,6000
2020-09-14 09:33:52.700,3.333,2900
2020-09-14 09:33:52.700,3.333,36200
2020-09-14 09:33:55.520,3.332,1500
2020-09-14 09:33:55.700,3.331,400
2020-09-14 09:33:57.060,3.331,600
2020-09-14 09:33:57.060,3.331,700
2020-09-14 09:33:57.060,3.331,700
2020-09-14 09:33:57.120,3.331,5500
2020-09-14 09:33:57.490,3.332,900
2020-09-14 09:33:57.490,3.332,4100
2020-09-14 09:33:59.880,3.331,800
2020-09-14 09:34:00.040,3.331,1000
2020-09-14 09:34:01.660,3.332,1900
2020-09-14 09:34:01.660,3.332,3500
2020-09-14 09:34:02.530,3.331,15000
2020-09-14 09:34:02.910,3.33,3000
2020-09-14 09:34:02.910,3.33,1000
2020-09-14 09:34:02.910,3.33,1000
2020-09-14 09:34:04.350,3.331,3000
2020-09-14 09:34:04.730,3.331,3000
2020-09-14 09:34:04.860,3.331,2000
2020-09-14 09:34:05.450,3.332,1500
2020-09-14 09:34:05.450,3.332,3000
2020-09-14 09:34:05.450,3.332,2000
2020-09-14 09:34:05.450,3.332,5000
2020-09-14 09:34:05.450,3.332,155700
2020-09-14 09:34:05.450,3.332,10000
2020-09-14 09:34:05.450,3.332,100
2020-09-14 09:34:05.450,3.332,5000
2020-09-14 09:34:05.450,3.332,10000
2020-09-14 09:34:05.450,3.332,16000
2020-09-14 09:34:05.450,3.332,5000
2020-09-14 09:34:05.450,3.332,4000
2020-09-14 09:34:05.450,3.332,5000
2020-09-14 09:34:05.450,3.332,4000
2020-09-14 09:34:05.450,3.332,6500
2020-09-14 09:34:05.450,3.332,2000
2020-09-14 09:34:05.450,3.333,65200
2020-09-14 09:34:05.890,3.331,4000
2020-09-14 09:34:05.890,3.331,2200
2020-09-14 09:34:06.720,3.332,10000
2020-09-14 09:34:07.110,3.332,1900
2020-09-14 09:34:07.320,3.332,1000
2020-09-14 09:34:08.730,3.332,3900
2020-09-14 09:34:10.150,3.332,29200
2020-09-14 09:34:10.690,3.333,46400
2020-09-14 09:34:11.210,3.332,4000
2020-09-14 09:34:12.320,3.333,68700
2020-09-14 09:34:13.020,3.333,5000
2020-09-14 09:34:13.180,3.332,99900
2020-09-14 09:34:14.470,3.333,11800
2020-09-14 09:34:14.700,3.332,1000
2020-09-14 09:34:14.800,3.332,2300
2020-09-14 09:34:16.590,3.332,2000
2020-09-14 09:34:17.350,3.332,20000
2020-09-14 09:34:18.150,3.333,200
2020-09-14 09:34:19.980,3.333,5000
2020-09-14 09:34:21.910,3.332,6900
2020-09-14 09:34:21.990,3.332,100
2020-09-14 09:34:23.970,3.332,93200
2020-09-14 09:34:25.410,3.333,3000
2020-09-14 09:34:26.210,3.332,1000
2020-09-14 09:34:26.350,3.332,8000
2020-09-14 09:34:27.150,3.332,500
2020-09-14 09:34:27.760,3.332,1000
2020-09-14 09:34:27.820,3.333,700
2020-09-14 09:34:29.490,3.332,6000
2020-09-14 09:34:29.490,3.333,15000
2020-09-14 09:34:29.600,3.332,700
2020-09-14 09:34:30.430,3.332,30000
2020-09-14 09:34:30.890,3.332,10000
2020-09-14 09:34:31.210,3.333,100
2020-09-14 09:34:33.290,3.332,300
2020-09-14 09:34:33.340,3.332,500
2020-09-14 09:34:33.690,3.333,1200
2020-09-14 09:34:33.690,3.333,6000
2020-09-14 09:34:33.920,3.332,200
2020-09-14 09:34:35.750,3.332,5000
2020-09-14 09:34:35.860,3.332,100
2020-09-14 09:34:36.310,3.332,1000
2020-09-14 09:34:37.080,3.332,2000
2020-09-14 09:34:37.310,3.332,10000
2020-09-14 09:34:37.860,3.333,9000
2020-09-14 09:34:37.860,3.333,1000
2020-09-14 09:34:37.860,3.333,100
2020-09-14 09:34:37.860,3.333,10000
2020-09-14 09:34:37.860,3.333,1000
2020-09-14 09:34:37.860,3.333,10000
2020-09-14 09:34:37.860,3.333,5000
2020-09-14 09:34:37.860,3.333,3000
2020-09-14 09:34:37.860,3.333,5000
2020-09-14 09:34:37.860,3.333,100
2020-09-14 09:34:37.860,3.333,1000
2020-09-14 09:34:37.860,3.333,500
2020-09-14 09:34:37.860,3.333,800
2020-09-14 09:34:37.860,3.333,30000
2020-09-14 09:34:37.860,3.333,500
2020-09-14 09:34:37.860,3.333,27000
2020-09-14 09:34:37.860,3.333,1000
2020-09-14 09:34:37.860,3.333,1600
2020-09-14 09:34:37.860,3.333,183400
2020-09-14 09:34:38.400,3.332,10000
2020-09-14 09:34:39.110,3.333,36400
2020-09-14 09:34:39.110,3.333,10000
2020-09-14 09:34:39.110,3.333,3000
2020-09-14 09:34:39.110,3.333,5000
2020-09-14 09:34:39.380,3.333,10000
2020-09-14 09:34:39.520,3.333,5000
2020-09-14 09:34:39.690,3.333,10000
2020-09-14 09:34:39.890,3.333,3900
2020-09-14 09:34:40.080,3.333,3000
2020-09-14 09:34:40.830,3.333,10000
2020-09-14 09:34:41.370,3.333,9400
2020-09-14 09:34:41.430,3.334,2000
2020-09-14 09:34:41.430,3.334,400
2020-09-14 09:34:41.430,3.334,1600
2020-09-14 09:34:41.430,3.334,200
2020-09-14 09:34:41.430,3.334,300
2020-09-14 09:34:41.430,3.334,10000
2020-09-14 09:34:41.430,3.334,2000
2020-09-14 09:34:41.430,3.334,22900
2020-09-14 09:34:41.430,3.334,1000
2020-09-14 09:34:41.430,3.334,2500
2020-09-14 09:34:41.430,3.334,136200
2020-09-14 09:34:42.020,3.333,3000
2020-09-14 09:34:42.710,3.333,5000
2020-09-14 09:34:43.670,3.333,500
2020-09-14 09:34:43.850,3.333,10600
2020-09-14 09:34:44.270,3.333,15500
2020-09-14 09:34:44.580,3.333,100
2020-09-14 09:34:44.940,3.333,27700
2020-09-14 09:34:45.130,3.333,3000
2020-09-14 09:34:47.120,3.333,1000
2020-09-14 09:34:47.280,3.333,200
2020-09-14 09:34:48.180,3.333,1300
2020-09-14 09:34:50.640,3.333,22200
2020-09-14 09:34:51.030,3.333,500
2020-09-14 09:34:51.150,3.333,5000
2020-09-14 09:34:52.190,3.333,1000
2020-09-14 09:34:52.520,3.333,100
2020-09-14 09:34:52.790,3.334,1000
2020-09-14 09:34:52.880,3.333,6700
2020-09-14 09:34:53.630,3.333,30000
2020-09-14 09:34:54.920,3.333,33300
2020-09-14 09:34:55.390,3.333,300
2020-09-14 09:34:56.630,3.333,1500
2020-09-14 09:34:56.940,3.333,10000
2020-09-14 09:34:57.020,3.333,500
2020-09-14 09:34:57.940,3.333,700
2020-09-14 09:34:58.290,3.333,200
2020-09-14 09:34:59.590,3.333,700
2020-09-14 09:35:00.330,3.334,4000
2020-09-14 09:35:00.790,3.334,1000
2020-09-14 09:35:01.780,3.333,100
2020-09-14 09:35:02.530,3.334,7800
2020-09-14 09:35:02.530,3.334,1000
2020-09-14 09:35:02.530,3.334,1200
2020-09-14 09:35:02.790,3.334,100
2020-09-14 09:35:03.070,3.333,100
2020-09-14 09:35:05.250,3.333,5000
2020-09-14 09:35:06.570,3.333,8500
2020-09-14 09:35:06.570,3.333,100
2020-09-14 09:35:07.140,3.334,8700
2020-09-14 09:35:07.140,3.334,1000
2020-09-14 09:35:07.140,3.334,5700
2020-09-14 09:35:07.140,3.334,5000
2020-09-14 09:35:07.140,3.334,3000
2020-09-14 09:35:07.140,3.334,13200
2020-09-14 09:35:07.140,3.334,2000
2020-09-14 09:35:07.250,3.334,1200
2020-09-14 09:35:07.630,3.334,87600
2020-09-14 09:35:08.250,3.335,28400
2020-09-14 09:35:08.250,3.335,5000
2020-09-14 09:35:08.250,3.335,500
2020-09-14 09:35:08.250,3.335,2600
2020-09-14 09:35:08.250,3.335,3000
2020-09-14 09:35:08.250,3.335,5000
2020-09-14 09:35:08.250,3.335,1000
2020-09-14 09:35:08.250,3.335,5000
2020-09-14 09:35:08.250,3.335,10000
2020-09-14 09:35:08.250,3.335,10000
2020-09-14 09:35:08.250,3.335,3100
2020-09-14 09:35:08.250,3.335,2300
2020-09-14 09:35:08.250,3.335,25000
2020-09-14 09:35:08.250,3.335,800
2020-09-14 09:35:08.250,3.335,400
2020-09-14 09:35:08.250,3.335,4000
2020-09-14 09:35:08.250,3.335,2300
2020-09-14 09:35:08.250,3.335,5000
2020-09-14 09:35:08.250,3.335,1000
2020-09-14 09:35:08.250,3.335,1000
2020-09-14 09:35:08.250,3.335,5000
2020-09-14 09:35:08.250,3.335,6700
2020-09-14 09:35:08.250,3.335,400
2020-09-14 09:35:08.250,3.335,3000
2020-09-14 09:35:08.250,3.335,400
2020-09-14 09:35:08.250,3.335,20000
2020-09-14 09:35:08.250,3.335,4000
2020-09-14 09:35:08.250,3.335,5000
2020-09-14 09:35:08.250,3.335,5000
2020-09-14 09:35:08.250,3.335,1000
2020-09-14 09:35:08.250,3.335,11300
2020-09-14 09:35:08.250,3.335,10000
2020-09-14 09:35:08.250,3.335,40000
2020-09-14 09:35:08.250,3.335,1000
2020-09-14 09:35:08.250,3.335,1100
2020-09-14 09:35:08.280,3.335,1000
2020-09-14 09:35:08.510,3.335,5000
2020-09-14 09:35:09.400,3.336,10000
2020-09-14 09:35:09.400,3.336,10000
2020-09-14 09:35:09.400,3.336,5000
2020-09-14 09:35:09.400,3.336,3000
2020-09-14 09:35:09.400,3.336,33300
2020-09-14 09:35:09.400,3.336,500
2020-09-14 09:35:09.400,3.336,1000
2020-09-14 09:35:09.400,3.336,50000
2020-09-14 09:35:09.400,3.336,500
2020-09-14 09:35:09.400,3.336,700
2020-09-14 09:35:09.400,3.336,1800
2020-09-14 09:35:09.400,3.336,184200
2020-09-14 09:35:09.570,3.335,30000
2020-09-14 09:35:09.950,3.335,20000
2020-09-14 09:35:10.190,3.335,14700
2020-09-14 09:35:10.190,3.335,204000
2020-09-14 09:35:10.790,3.336,215800
2020-09-14 09:35:10.790,3.336,10000
2020-09-14 09:35:10.790,3.336,4100
2020-09-14 09:35:10.790,3.336,10000
2020-09-14 09:35:10.790,3.336,30000
2020-09-14 09:35:10.790,3.336,3300
2020-09-14 09:35:10.790,3.336,10000
2020-09-14 09:35:10.790,3.336,2000
2020-09-14 09:35:10.790,3.336,3000
2020-09-14 09:35:10.790,3.336,2900
2020-09-14 09:35:10.790,3.336,3000
2020-09-14 09:35:10.790,3.336,1600
2020-09-14 09:35:10.790,3.336,4300
2020-09-14 09:35:10.950,3.335,30900
2020-09-14 09:35:11.830,3.336,5700
2020-09-14 09:35:11.830,3.336,5000
2020-09-14 09:35:11.830,3.336,60000
2020-09-14 09:35:13.150,3.336,30100
2020-09-14 09:35:15.290,3.336,10000
2020-09-14 09:35:15.500,3.336,1700
2020-09-14 09:35:16.690,3.336,300
2020-09-14 09:35:18.020,3.336,8200
2020-09-14 09:35:18.380,3.336,9500
2020-09-14 09:35:18.920,3.336,20000
2020-09-14 09:35:19.810,3.336,20000
2020-09-14 09:35:20.160,3.336,100000
2020-09-14 09:35:20.420,3.336,20000
2020-09-14 09:35:20.600,3.336,67500
2020-09-14 09:35:20.930,3.337,2900
2020-09-14 09:35:21.010,3.336,200
2020-09-14 09:35:21.330,3.336,20000
2020-09-14 09:35:21.700,3.336,100
2020-09-14 09:35:22.200,3.336,100
2020-09-14 09:35:22.770,3.336,20000
2020-09-14 09:35:23.280,3.336,5000
2020-09-14 09:35:24.590,3.336,20000
2020-09-14 09:35:25.010,3.336,1700
2020-09-14 09:35:25.410,3.336,115300
2020-09-14 09:35:25.530,3.336,10000
2020-09-14 09:35:25.580,3.337,2100
2020-09-14 09:35:25.580,3.337,2900
2020-09-14 09:35:25.630,3.336,50600
2020-09-14 09:35:25.720,3.336,9000
2020-09-14 09:35:25.720,3.336,20000
2020-09-14 09:35:25.720,3.336,6100
2020-09-14 09:35:25.770,3.336,172500
2020-09-14 09:35:25.770,3.336,500
2020-09-14 09:35:25.770,3.336,300
2020-09-14 09:35:25.770,3.336,5000
2020-09-14 09:35:25.770,3.336,1000
2020-09-14 09:35:25.770,3.336,10000
2020-09-14 09:35:25.770,3.336,1600
2020-09-14 09:35:25.770,3.336,14900
2020-09-14 09:35:26.540,3.335,65200
2020-09-14 09:35:26.540,3.335,10000
2020-09-14 09:35:26.540,3.335,224800
2020-09-14 09:35:27.540,3.336,300
2020-09-14 09:35:27.770,3.336,33600
2020-09-14 09:35:27.950,3.336,10000
2020-09-14 09:35:28.000,3.336,3000
2020-09-14 09:35:28.340,3.336,47300
2020-09-14 09:35:28.340,3.336,132000
2020-09-14 09:35:32.160,3.335,300000
2020-09-14 09:35:34.610,3.335,300000
2020-09-14 09:35:35.620,3.335,75200
2020-09-14 09:35:35.620,3.335,224800
2020-09-14 09:35:35.660,3.336,5000
2020-09-14 09:35:36.240,3.336,100
2020-09-14 09:35:36.760,3.336,2000
2020-09-14 09:35:37.090,3.336,100
2020-09-14 09:35:37.540,3.336,27000
2020-09-14 09:35:37.620,3.336,3200
2020-09-14 09:35:40.630,3.334,200
2020-09-14 09:35:40.630,3.334,400
2020-09-14 09:35:40.910,3.334,1100
2020-09-14 09:35:41.580,3.335,2000
2020-09-14 09:35:42.200,3.335,200
2020-09-14 09:35:42.550,3.335,900
2020-09-14 09:35:42.550,3.335,700
2020-09-14 09:35:44.460,3.334,1400
2020-09-14 09:35:44.460,3.334,18600
2020-09-14 09:35:44.770,3.335,500
2020-09-14 09:35:45.230,3.335,600
2020-09-14 09:35:45.950,3.335,10000
2020-09-14 09:35:46.420,3.334,1400
2020-09-14 09:35:46.500,3.334,4000
2020-09-14 09:35:47.240,3.334,11600
2020-09-14 09:35:47.320,3.334,3000
2020-09-14 09:35:47.320,3.334,6700
2020-09-14 09:35:48.580,3.334,1400
2020-09-14 09:35:48.580,3.335,8200
2020-09-14 09:35:48.580,3.335,3700
2020-09-14 09:35:48.580,3.335,9000
2020-09-14 09:35:48.580,3.335,10000
2020-09-14 09:35:48.580,3.335,4000
2020-09-14 09:35:48.580,3.335,1000
2020-09-14 09:35:48.580,3.335,12700
2020-09-14 09:35:51.940,3.334,5000
2020-09-14 09:35:54.430,3.334,11300
2020-09-14 09:35:54.430,3.334,1600
2020-09-14 09:35:54.430,3.334,400
2020-09-14 09:35:54.430,3.334,3200
2020-09-14 09:35:55.840,3.333,4900
2020-09-14 09:35:55.840,3.333,200
2020-09-14 09:35:55.840,3.333,10000
2020-09-14 09:35:55.840,3.333,1000
2020-09-14 09:35:55.840,3.333,1000
2020-09-14 09:35:55.840,3.333,300
2020-09-14 09:35:55.840,3.333,300
2020-09-14 09:35:55.840,3.333,500
2020-09-14 09:35:55.840,3.333,5000
2020-09-14 09:35:55.840,3.333,5900
2020-09-14 09:35:55.840,3.333,45100
2020-09-14 09:35:56.810,3.333,2000
2020-09-14 09:35:58.400,3.333,5000
2020-09-14 09:35:59.400,3.334,300
2020-09-14 09:36:00.540,3.333,3100
2020-09-14 09:36:03.710,3.332,70900
2020-09-14 09:36:03.710,3.332,100
2020-09-14 09:36:03.710,3.332,10000
2020-09-14 09:36:03.710,3.332,1000
2020-09-14 09:36:03.710,3.332,700
2020-09-14 09:36:03.710,3.332,20000
2020-09-14 09:36:03.850,3.331,700
2020-09-14 09:36:04.610,3.331,10500
2020-09-14 09:36:04.660,3.332,13400
2020-09-14 09:36:07.050,3.332,3000
2020-09-14 09:36:07.790,3.332,11500
2020-09-14 09:36:09.340,3.332,10000
2020-09-14 09:36:09.590,3.333,10000
2020-09-14 09:36:09.590,3.334,1500
2020-09-14 09:36:09.590,3.334,8500
2020-09-14 09:36:10.430,3.331,2000
2020-09-14 09:36:10.680,3.331,1500
2020-09-14 09:36:11.220,3.331,1500
2020-09-14 09:36:11.280,3.331,3500
2020-09-14 09:36:11.470,3.331,1500
2020-09-14 09:36:13.110,3.332,2500
2020-09-14 09:36:13.270,3.331,3000
2020-09-14 09:36:15.190,3.331,3000
2020-09-14 09:36:18.130,3.331,9300
2020-09-14 09:36:18.130,3.331,100
2020-09-14 09:36:18.130,3.331,18400
2020-09-14 09:36:18.820,3.332,1500
2020-09-14 09:36:18.820,3.332,500
2020-09-14 09:36:18.820,3.332,3000
2020-09-14 09:36:18.820,3.332,30000
2020-09-14 09:36:18.820,3.332,2000
2020-09-14 09:36:18.820,3.332,14000
2020-09-14 09:36:19.800,3.331,500
2020-09-14 09:36:19.800,3.331,34800
2020-09-14 09:36:20.000,3.332,1000
2020-09-14 09:36:20.000,3.332,2000
2020-09-14 09:36:20.250,3.332,2400
2020-09-14 09:36:21.000,3.331,600
2020-09-14 09:36:21.130,3.332,200
2020-09-14 09:36:21.130,3.332,900
2020-09-14 09:36:22.530,3.331,500
2020-09-14 09:36:23.490,3.331,10000
2020-09-14 09:36:23.750,3.331,5000
2020-09-14 09:36:23.990,3.331,900
2020-09-14 09:36:24.490,3.331,10000
2020-09-14 09:36:24.560,3.332,10000
2020-09-14 09:36:24.710,3.332,18700
2020-09-14 09:36:24.910,3.331,219300
2020-09-14 09:36:24.910,3.331,180700
2020-09-14 09:36:25.040,3.332,200
2020-09-14 09:36:25.860,3.332,15000
2020-09-14 09:36:25.880,3.331,300
2020-09-14 09:36:26.320,3.331,2700
2020-09-14 09:36:26.320,3.331,600
2020-09-14 09:36:26.320,3.33,5000
2020-09-14 09:36:26.320,3.33,700
2020-09-14 09:36:29.920,3.33,2500
2020-09-14 09:36:29.920,3.33,500
2020-09-14 09:36:30.520,3.331,300
2020-09-14 09:36:30.650,3.331,2700
2020-09-14 09:36:30.650,3.331,500
2020-09-14 09:36:31.340,3.331,700
2020-09-14 09:36:31.870,3.331,500
2020-09-14 09:36:32.310,3.331,5000
2020-09-14 09:36:32.590,3.331,3100
2020-09-14 09:36:32.750,3.331,60000
2020-09-14 09:36:33.750,3.331,1000
2020-09-14 09:36:35.500,3.331,500
2020-09-14 09:36:35.660,3.331,7500
2020-09-14 09:36:35.880,3.332,30500
2020-09-14 09:36:36.250,3.332,11000
2020-09-14 09:36:36.250,3.332,30900
2020-09-14 09:36:36.250,3.332,8400
2020-09-14 09:36:36.250,3.332,16500
2020-09-14 09:36:36.250,3.332,48000
2020-09-14 09:36:36.250,3.332,3000
2020-09-14 09:36:36.250,3.332,500
2020-09-14 09:36:36.250,3.332,500
2020-09-14 09:36:36.250,3.332,100
2020-09-14 09:36:36.250,3.332,1100
2020-09-14 09:36:36.280,3.332,900
2020-09-14 09:36:36.280,3.332,4100
2020-09-14 09:36:36.950,3.331,1000
2020-09-14 09:36:37.920,3.332,300
2020-09-14 09:36:37.920,3.332,200
2020-09-14 09:36:37.920,3.332,30000
2020-09-14 09:36:37.920,3.332,3000
2020-09-14 09:36:37.920,3.332,2900
2020-09-14 09:36:37.920,3.332,3000
2020-09-14 09:36:38.650,3.332,2100
2020-09-14 09:36:39.950,3.332,10000
2020-09-14 09:36:40.000,3.332,1000
2020-09-14 09:36:40.390,3.332,10000
2020-09-14 09:36:40.410,3.332,10000
2020-09-14 09:36:40.640,3.332,1000
2020-09-14 09:36:40.800,3.332,2000
2020-09-14 09:36:41.150,3.332,5700
2020-09-14 09:36:41.820,3.332,1000
2020-09-14 09:36:42.490,3.332,3500
2020-09-14 09:36:42.850,3.332,10000
2020-09-14 09:36:43.860,3.332,5000
2020-09-14 09:36:45.550,3.332,3500
2020-09-14 09:36:45.900,3.332,900
2020-09-14 09:36:45.990,3.332,3000
2020-09-14 09:36:46.360,3.332,30000
2020-09-14 09:36:46.470,3.332,1000
2020-09-14 09:36:46.760,3.332,5000
2020-09-14 09:36:46.950,3.332,5000
2020-09-14 09:36:47.390,3.332,15000
2020-09-14 09:36:47.930,3.332,10000
2020-09-14 09:36:48.360,3.332,900
2020-09-14 09:36:48.360,3.332,1800
2020-09-14 09:36:50.090,3.332,100
2020-09-14 09:36:50.970,3.332,28100
2020-09-14 09:36:50.970,3.332,4300
2020-09-14 09:36:51.330,3.333,5500
2020-09-14 09:36:52.320,3.332,500
2020-09-14 09:36:52.320,3.332,1400
2020-09-14 09:36:54.010,3.332,1500
2020-09-14 09:36:54.010,3.332,21200
2020-09-14 09:36:54.120,3.332,1300
2020-09-14 09:36:54.170,3.333,3500
2020-09-14 09:36:54.470,3.332,500
2020-09-14 09:36:56.930,3.333,100
2020-09-14 09:36:58.340,3.332,600
2020-09-14 09:36:59.060,3.332,1000
2020-09-14 09:36:59.930,3.332,10000
2020-09-14 09:37:00.190,3.332,46300
2020-09-14 09:37:01.760,3.332,20000
2020-09-14 09:37:01.820,3.332,1000
2020-09-14 09:37:02.310,3.332,12100
2020-09-14 09:37:02.930,3.332,1000
2020-09-14 09:37:04.730,3.332,200
2020-09-14 09:37:09.600,3.332,17900
2020-09-14 09:37:09.600,3.332,39100
2020-09-14 09:37:09.600,3.332,500
2020-09-14 09:37:09.600,3.332,2000
2020-09-14 09:37:09.600,3.332,50000
2020-09-14 09:37:09.600,3.332,2000
2020-09-14 09:37:09.600,3.332,7700
2020-09-14 09:37:09.600,3.332,100
2020-09-14 09:37:11.590,3.333,10000
2020-09-14 09:37:12.000,3.332,500
2020-09-14 09:37:12.170,3.332,15000
2020-09-14 09:37:12.810,3.332,3000
2020-09-14 09:37:14.230,3.332,200
2020-09-14 09:37:14.980,3.332,30600
2020-09-14 09:37:14.980,3.332,85500
2020-09-14 09:37:14.980,3.332,4600
2020-09-14 09:37:15.040,3.332,8300
2020-09-14 09:37:15.090,3.332,16400
2020-09-14 09:37:15.090,3.332,16700
2020-09-14 09:37:15.090,3.332,100
2020-09-14 09:37:15.090,3.332,5000
2020-09-14 09:37:17.240,3.332,5000
2020-09-14 09:37:17.390,3.332,3400
2020-09-14 09:37:18.940,3.331,87500
2020-09-14 09:37:18.940,3.331,300
2020-09-14 09:37:18.940,3.331,20500
2020-09-14 09:37:20.920,3.331,3000
2020-09-14 09:37:24.590,3.33,100
2020-09-14 09:37:29.150,3.33,6300
2020-09-14 09:37:29.400,3.331,3500
2020-09-14 09:37:30.550,3.33,6500
2020-09-14 09:37:30.600,3.33,36600
2020-09-14 09:37:30.600,3.33,400
2020-09-14 09:37:30.600,3.33,10000
2020-09-14 09:37:30.600,3.33,200
2020-09-14 09:37:30.600,3.33,2000
2020-09-14 09:37:30.600,3.33,1000
2020-09-14 09:37:30.600,3.33,5000
2020-09-14 09:37:30.600,3.329,10000
2020-09-14 09:37:32.760,3.33,2000
2020-09-14 09:37:33.440,3.33,10000
2020-09-14 09:37:33.520,3.33,22800
2020-09-14 09:37:33.710,3.33,5200
2020-09-14 09:37:33.710,3.329,10000
2020-09-14 09:37:33.710,3.329,300
2020-09-14 09:37:33.710,3.329,33300
2020-09-14 09:37:33.710,3.329,400
2020-09-14 09:37:34.040,3.329,1000
2020-09-14 09:37:34.980,3.329,3700
2020-09-14 09:37:36.430,3.329,34500
2020-09-14 09:37:36.740,3.33,200
2020-09-14 09:37:37.010,3.33,4200
2020-09-14 09:37:38.910,3.329,3800
2020-09-14 09:37:39.240,3.329,6900
2020-09-14 09:37:41.250,3.329,2000
2020-09-14 09:37:41.750,3.33,700
2020-09-14 09:37:42.160,3.329,7900
2020-09-14 09:37:42.160,3.329,65300
2020-09-14 09:37:43.240,3.329,20000
2020-09-14 09:37:44.090,3.329,1700
2020-09-14 09:37:44.840,3.33,5000
2020-09-14 09:37:47.000,3.33,100
2020-09-14 09:37:47.000,3.33,299600
2020-09-14 09:37:47.730,3.329,7100
2020-09-14 09:37:48.810,3.329,900
2020-09-14 09:37:48.970,3.33,400
2020-09-14 09:37:49.050,3.329,1300
2020-09-14 09:37:49.770,3.329,5000
2020-09-14 09:37:49.980,3.329,30000
2020-09-14 09:37:50.890,3.329,13700
2020-09-14 09:37:51.620,3.329,15900
2020-09-14 09:37:51.980,3.329,24000
2020-09-14 09:37:51.980,3.329,26000
2020-09-14 09:37:51.980,3.33,5000
2020-09-14 09:37:52.250,3.329,700
2020-09-14 09:37:52.330,3.329,153300
2020-09-14 09:37:52.330,3.329,500
2020-09-14 09:37:52.330,3.329,1900
2020-09-14 09:37:52.330,3.328,654300
2020-09-14 09:37:52.520,3.33,300
2020-09-14 09:37:54.320,3.329,1500
2020-09-14 09:37:54.320,3.329,5900
2020-09-14 09:37:54.320,3.329,2600
2020-09-14 09:37:54.710,3.328,100000
2020-09-14 09:37:54.800,3.329,1200
2020-09-14 09:37:55.080,3.329,2000
2020-09-14 09:37:55.080,3.329,4000
2020-09-14 09:37:55.080,3.329,6100
2020-09-14 09:37:55.140,3.33,4700
2020-09-14 09:37:55.140,3.33,1000
2020-09-14 09:37:55.140,3.33,2200
2020-09-14 09:37:55.140,3.33,200
2020-09-14 09:37:55.140,3.33,1900
2020-09-14 09:37:56.080,3.33,14400
2020-09-14 09:37:56.080,3.33,500
2020-09-14 09:37:56.080,3.33,1700
2020-09-14 09:37:56.080,3.33,17000
2020-09-14 09:37:56.080,3.33,16300
2020-09-14 09:37:56.180,3.33,2000
2020-09-14 09:37:56.790,3.33,5000
2020-09-14 09:37:58.140,3.33,4200
2020-09-14 09:37:58.230,3.33,9200
2020-09-14 09:37:58.230,3.33,7100
2020-09-14 09:37:59.560,3.33,3100
2020-09-14 09:37:59.590,3.33,100
2020-09-14 09:38:00.020,3.33,38000
2020-09-14 09:38:00.070,3.33,5700
2020-09-14 09:38:00.230,3.33,3000
2020-09-14 09:38:03.120,3.33,1500
2020-09-14 09:38:03.740,3.33,3000
2020-09-14 09:38:05.150,3.33,2000
2020-09-14 09:38:06.230,3.33,100
2020-09-14 09:38:06.260,3.33,1800
2020-09-14 09:38:08.280,3.33,1000
2020-09-14 09:38:08.470,3.33,20000
2020-09-14 09:38:08.960,3.33,1000
2020-09-14 09:38:09.160,3.331,6100
2020-09-14 09:38:09.160,3.33,30000
2020-09-14 09:38:09.530,3.33,10000
2020-09-14 09:38:10.910,3.33,17100
2020-09-14 09:38:11.830,3.33,20000
2020-09-14 09:38:11.890,3.33,64900
2020-09-14 09:38:11.890,3.33,10600
2020-09-14 09:38:11.890,3.33,6000
2020-09-14 09:38:11.890,3.33,2000
2020-09-14 09:38:11.890,3.33,4600
2020-09-14 09:38:12.050,3.33,400
2020-09-14 09:38:15.460,3.33,1000
2020-09-14 09:38:15.700,3.329,68300
2020-09-14 09:38:15.700,3.329,5000
2020-09-14 09:38:15.700,3.329,26700
2020-09-14 09:38:16.120,3.329,5500
2020-09-14 09:38:16.120,3.329,1000
2020-09-14 09:38:16.120,3.328,107300
2020-09-14 09:38:16.120,3.328,10000
2020-09-14 09:38:16.120,3.328,900
2020-09-14 09:38:16.120,3.328,13700
2020-09-14 09:38:16.120,3.328,50000
2020-09-14 09:38:16.120,3.328,9000
2020-09-14 09:38:16.120,3.328,2000
2020-09-14 09:38:16.120,3.328,10000
2020-09-14 09:38:16.120,3.328,15000
2020-09-14 09:38:16.120,3.328,75600
2020-09-14 09:38:20.400,3.328,210500
2020-09-14 09:38:20.680,3.329,200
2020-09-14 09:38:20.970,3.329,400
2020-09-14 09:38:20.970,3.329,5000
2020-09-14 09:38:21.970,3.329,4400
2020-09-14 09:38:25.070,3.328,500
2020-09-14 09:38:25.980,3.329,10000
2020-09-14 09:38:26.410,3.328,200
2020-09-14 09:38:27.570,3.328,1300
2020-09-14 09:38:27.570,3.328,3300
2020-09-14 09:38:28.660,3.328,7000
2020-09-14 09:38:29.670,3.328,100
2020-09-14 09:38:30.230,3.329,1100
2020-09-14 09:38:31.450,3.329,2000
2020-09-14 09:38:32.910,3.328,500
2020-09-14 09:38:32.940,3.328,9500
2020-09-14 09:38:33.210,3.328,1700
2020-09-14 09:38:36.860,3.327,20000
2020-09-14 09:38:36.860,3.327,100
2020-09-14 09:38:36.860,3.327,7000
2020-09-14 09:38:36.860,3.327,1000
2020-09-14 09:38:36.860,3.327,100
2020-09-14 09:38:36.860,3.327,1500
2020-09-14 09:38:36.860,3.327,14500
2020-09-14 09:38:37.030,3.328,400
2020-09-14 09:38:37.550,3.328,8300
2020-09-14 09:38:37.550,3.328,4600
2020-09-14 09:38:37.550,3.328,2000
2020-09-14 09:38:37.550,3.328,1600
2020-09-14 09:38:37.580,3.328,300
2020-09-14 09:38:38.250,3.328,2500
2020-09-14 09:38:39.110,3.329,10000
2020-09-14 09:38:40.220,3.328,800000
2020-09-14 09:38:40.220,3.328,1500
2020-09-14 09:38:40.730,3.328,900
2020-09-14 09:38:41.570,3.328,178300
2020-09-14 09:38:41.570,3.328,400
2020-09-14 09:38:41.970,3.328,2000
2020-09-14 09:38:43.540,3.328,119300
2020-09-14 09:38:43.540,3.328,8600
2020-09-14 09:38:45.500,3.328,2000
2020-09-14 09:38:47.170,3.328,6400
2020-09-14 09:38:47.300,3.328,5000
2020-09-14 09:38:48.590,3.328,400
2020-09-14 09:38:50.600,3.329,400
2020-09-14 09:38:51.790,3.328,100000
2020-09-14 09:38:52.070,3.328,60100
2020-09-14 09:38:53.100,3.328,300100
2020-09-14 09:38:53.290,3.328,100000
2020-09-14 09:38:53.370,3.328,298100
2020-09-14 09:38:55.350,3.327,500
2020-09-14 09:38:55.350,3.327,500
2020-09-14 09:38:55.350,3.327,299000
2020-09-14 09:38:57.710,3.328,300
2020-09-14 09:38:57.850,3.326,200
2020-09-14 09:38:57.850,3.326,10000
2020-09-14 09:38:57.850,3.326,7000
2020-09-14 09:38:57.850,3.326,500
2020-09-14 09:38:57.850,3.326,50000
2020-09-14 09:38:57.850,3.326,20000
2020-09-14 09:38:57.850,3.326,12300
2020-09-14 09:38:59.890,3.327,300
2020-09-14 09:38:59.890,3.327,8900
2020-09-14 09:39:00.730,3.327,800
2020-09-14 09:39:02.390,3.327,94300
2020-09-14 09:39:04.070,3.327,15700
2020-09-14 09:39:04.070,3.327,4300
2020-09-14 09:39:04.100,3.327,500
2020-09-14 09:39:04.210,3.327,13900
2020-09-14 09:39:04.320,3.327,10000
2020-09-14 09:39:04.750,3.328,1600
2020-09-14 09:39:04.750,3.328,3200
2020-09-14 09:39:04.750,3.328,200
2020-09-14 09:39:05.250,3.327,900
2020-09-14 09:39:06.870,3.327,2000
2020-09-14 09:39:06.950,3.327,5000
2020-09-14 09:39:08.380,3.328,1800
2020-09-14 09:39:08.380,3.328,12100
2020-09-14 09:39:09.040,3.327,3000
2020-09-14 09:39:09.610,3.327,6500
2020-09-14 09:39:09.770,3.327,3900
2020-09-14 09:39:09.770,3.327,3000
2020-09-14 09:39:15.480,3.327,100
2020-09-14 09:39:16.160,3.327,50000
2020-09-14 09:39:16.160,3.327,30000
2020-09-14 09:39:16.160,3.327,50000
2020-09-14 09:39:16.340,3.327,6500
2020-09-14 09:39:17.650,3.327,10000
2020-09-14 09:39:17.720,3.327,3800
2020-09-14 09:39:17.720,3.327,16200
2020-09-14 09:39:18.910,3.326,20000
2020-09-14 09:39:18.910,3.326,17400
2020-09-14 09:39:18.910,3.326,10000
2020-09-14 09:39:18.910,3.326,5700
2020-09-14 09:39:18.910,3.326,5000
2020-09-14 09:39:18.910,3.326,16100
2020-09-14 09:39:18.910,3.326,1000
2020-09-14 09:39:18.910,3.326,24800
2020-09-14 09:39:19.250,3.327,2000
2020-09-14 09:39:19.690,3.327,1800
2020-09-14 09:39:19.690,3.327,3000
2020-09-14 09:39:19.690,3.327,200
2020-09-14 09:39:19.790,3.327,2000
2020-09-14 09:39:20.110,3.326,55000
2020-09-14 09:39:21.250,3.327,800
2020-09-14 09:39:21.250,3.327,7800
2020-09-14 09:39:21.410,3.327,2200
2020-09-14 09:39:21.410,3.327,2300
2020-09-14 09:39:22.120,3.327,2000
2020-09-14 09:39:23.120,3.327,200
2020-09-14 09:39:23.170,3.327,3000
2020-09-14 09:39:23.720,3.328,1000
2020-09-14 09:39:23.720,3.328,6000
2020-09-14 09:39:23.720,3.328,3000
2020-09-14 09:39:23.960,3.328,3100
2020-09-14 09:39:25.450,3.329,282100
2020-09-14 09:39:25.450,3.329,17900
2020-09-14 09:39:26.180,3.328,500
2020-09-14 09:39:26.570,3.329,2100
2020-09-14 09:39:26.570,3.329,10000
2020-09-14 09:39:26.570,3.329,17900
2020-09-14 09:39:27.470,3.328,5900
2020-09-14 09:39:28.600,3.328,10000
2020-09-14 09:39:29.550,3.328,4600
2020-09-14 09:39:30.060,3.328,2200
2020-09-14 09:39:30.390,3.329,3600
2020-09-14 09:39:30.390,3.329,3000
2020-09-14 09:39:30.390,3.329,3000
2020-09-14 09:39:30.390,3.329,5000
2020-09-14 09:39:31.210,3.328,1100
2020-09-14 09:39:31.400,3.328,81100
2020-09-14 09:39:32.850,3.328,1000
2020-09-14 09:39:33.750,3.328,100
2020-09-14 09:39:34.420,3.328,600
2020-09-14 09:39:36.800,3.329,2000
2020-09-14 09:39:37.440,3.328,3100
2020-09-14 09:39:38.090,3.329,100
2020-09-14 09:39:38.170,3.329,900
2020-09-14 09:39:38.170,3.328,100
2020-09-14 09:39:39.790,3.328,100000
2020-09-14 09:39:40.930,3.328,800
2020-09-14 09:39:41.960,3.328,6400
2020-09-14 09:39:42.550,3.328,300
2020-09-14 09:39:43.460,3.328,2800
2020-09-14 09:39:44.670,3.329,700
2020-09-14 09:39:45.750,3.329,2000
2020-09-14 09:39:46.070,3.329,100
2020-09-14 09:39:46.460,3.328,5900
2020-09-14 09:39:46.840,3.328,800
2020-09-14 09:39:47.510,3.328,500
2020-09-14 09:39:52.300,3.329,100
2020-09-14 09:39:52.440,3.328,4000
2020-09-14 09:39:52.530,3.328,1300
2020-09-14 09:39:53.230,3.329,5000
2020-09-14 09:39:55.930,3.328,63800
2020-09-14 09:39:55.930,3.328,100
2020-09-14 09:39:55.930,3.328,4500
2020-09-14 09:39:55.930,3.328,1500
2020-09-14 09:39:57.550,3.328,15100
2020-09-14 09:39:58.730,3.327,2100
2020-09-14 09:39:59.060,3.327,27900
2020-09-14 09:39:59.060,3.327,1000
2020-09-14 09:39:59.060,3.327,10000
2020-09-14 09:39:59.060,3.327,7000
2020-09-14 09:40:03.770,3.327,104100
2020-09-14 09:40:03.770,3.327,43800
2020-09-14 09:40:04.730,3.327,37000
2020-09-14 09:40:05.400,3.326,4600
2020-09-14 09:40:07.440,3.327,5300
2020-09-14 09:40:09.130,3.327,1300
2020-09-14 09:40:09.130,3.327,700
2020-09-14 09:40:11.370,3.327,3400
2020-09-14 09:40:13.010,3.327,5200
2020-09-14 09:40:14.030,3.327,7700
2020-09-14 09:40:14.030,3.326,17300
2020-09-14 09:40:15.870,3.326,1300
2020-09-14 09:40:16.870,3.327,5000
2020-09-14 09:40:17.980,3.327,3000
2020-09-14 09:40:17.980,3.327,1000
2020-09-14 09:40:19.830,3.326,26800
2020-09-14 09:40:19.830,3.326,10000
2020-09-14 09:40:19.830,3.326,20000
2020-09-14 09:40:19.830,3.326,700
2020-09-14 09:40:19.830,3.326,4000
2020-09-14 09:40:22.220,3.325,1200
2020-09-14 09:40:22.220,3.325,20100
2020-09-14 09:40:22.220,3.325,1000
2020-09-14 09:40:22.220,3.325,20000
2020-09-14 09:40:22.220,3.325,100
2020-09-14 09:40:22.220,3.325,6100
2020-09-14 09:40:22.220,3.325,5000
2020-09-14 09:40:22.220,3.325,3100
2020-09-14 09:40:22.870,3.326,500
2020-09-14 09:40:23.380,3.325,3900
2020-09-14 09:40:23.380,3.325,10000
2020-09-14 09:40:23.380,3.325,2000
2020-09-14 09:40:23.380,3.325,100
2020-09-14 09:40:23.380,3.325,5000
2020-09-14 09:40:23.380,3.325,100
2020-09-14 09:40:23.380,3.325,100
2020-09-14 09:40:23.380,3.325,300
2020-09-14 09:40:23.380,3.325,300
2020-09-14 09:40:23.380,3.325,28200
2020-09-14 09:40:23.720,3.326,68400
2020-09-14 09:40:24.120,3.326,15900
2020-09-14 09:40:24.120,3.326,10000
2020-09-14 09:40:24.120,3.326,800
2020-09-14 09:40:24.120,3.326,3000
2020-09-14 09:40:24.120,3.326,1500
2020-09-14 09:40:25.360,3.327,100
2020-09-14 09:40:25.360,3.327,500
2020-09-14 09:40:25.360,3.327,3400
2020-09-14 09:40:30.030,3.327,5000
2020-09-14 09:40:31.250,3.327,200
2020-09-14 09:40:32.290,3.327,1500
2020-09-14 09:40:34.800,3.328,2500
2020-09-14 09:40:34.800,3.328,400
2020-09-14 09:40:34.800,3.328,1000
2020-09-14 09:40:34.800,3.328,1400
2020-09-14 09:40:34.960,3.328,3500
2020-09-14 09:40:34.960,3.327,3300
2020-09-14 09:40:34.960,3.326,10800
2020-09-14 09:40:35.670,3.327,100
2020-09-14 09:40:36.050,3.327,1900
2020-09-14 09:40:36.050,3.326,1600
2020-09-14 09:40:36.740,3.328,1100
2020-09-14 09:40:36.740,3.326,1400
2020-09-14 09:40:37.810,3.328,200
2020-09-14 09:40:37.810,3.326,29800
2020-09-14 09:40:39.660,3.327,1200
2020-09-14 09:40:41.280,3.328,3800
2020-09-14 09:40:44.770,3.326,5500
2020-09-14 09:40:44.770,3.326,200
2020-09-14 09:40:46.630,3.326,2800
2020-09-14 09:40:46.630,3.326,200
2020-09-14 09:40:47.110,3.327,5000
2020-09-14 09:40:49.590,3.327,100
2020-09-14 09:40:50.790,3.326,8900
2020-09-14 09:40:51.450,3.326,300
2020-09-14 09:40:52.490,3.326,100
2020-09-14 09:40:52.680,3.327,300
2020-09-14 09:40:53.150,3.327,14000
2020-09-14 09:40:53.370,3.326,500
2020-09-14 09:40:53.370,3.326,3700
2020-09-14 09:40:55.100,3.327,2900
2020-09-14 09:40:55.100,3.327,6000
2020-09-14 09:40:55.100,3.327,300
2020-09-14 09:40:55.740,3.326,6300
2020-09-14 09:40:55.740,3.326,3000
2020-09-14 09:40:55.740,3.326,20000
2020-09-14 09:40:55.740,3.326,700
2020-09-14 09:40:56.870,3.327,200
2020-09-14 09:40:56.960,3.326,200
2020-09-14 09:40:57.310,3.326,3500
2020-09-14 09:40:59.530,3.327,3000
2020-09-14 09:40:59.810,3.327,4900
2020-09-14 09:41:00.520,3.327,5100
2020-09-14 09:41:00.520,3.326,600
2020-09-14 09:41:00.520,3.326,5000
2020-09-14 09:41:00.520,3.326,9400
2020-09-14 09:41:01.270,3.326,100
2020-09-14 09:41:01.400,3.328,2900
2020-09-14 09:41:02.030,3.326,500
2020-09-14 09:41:02.030,3.326,5000
2020-09-14 09:41:02.980,3.326,2000
2020-09-14 09:41:03.930,3.326,100
2020-09-14 09:41:07.000,3.326,800
2020-09-14 09:41:11.350,3.325,171800
2020-09-14 09:41:11.350,3.325,1000
2020-09-14 09:41:11.350,3.325,10000
2020-09-14 09:41:11.350,3.325,10000
2020-09-14 09:41:11.350,3.325,10000
2020-09-14 09:41:11.350,3.325,300
2020-09-14 09:41:11.350,3.325,32100
2020-09-14 09:41:11.350,3.325,30000
2020-09-14 09:41:11.350,3.325,5000
2020-09-14 09:41:13.230,3.324,3000
2020-09-14 09:41:13.230,3.324,5000
2020-09-14 09:41:13.230,3.324,1000
2020-09-14 09:41:13.230,3.324,7000
2020-09-14 09:41:13.230,3.324,50000
2020-09-14 09:41:13.230,3.324,10000
2020-09-14 09:41:13.230,3.324,5000
2020-09-14 09:41:13.230,3.324,5000
2020-09-14 09:41:13.230,3.324,100
2020-09-14 09:41:13.230,3.324,200000
2020-09-14 09:41:13.230,3.324,1000
2020-09-14 09:41:13.230,3.324,10000
2020-09-14 09:41:13.230,3.324,2900
2020-09-14 09:41:14.430,3.324,300000
2020-09-14 09:41:16.890,3.324,2000
2020-09-14 09:41:17.510,3.324,10000
2020-09-14 09:41:18.590,3.324,4600
2020-09-14 09:41:19.460,3.324,500
2020-09-14 09:41:21.030,3.323,300000
2020-09-14 09:41:24.180,3.324,200
2020-09-14 09:41:24.340,3.324,5900
2020-09-14 09:41:30.570,3.324,10000
2020-09-14 09:41:30.870,3.324,99000
2020-09-14 09:41:33.720,3.324,5100
2020-09-14 09:41:33.810,3.324,200
2020-09-14 09:41:34.950,3.324,10000
2020-09-14 09:41:35.020,3.325,100
2020-09-14 09:41:35.150,3.325,500
2020-09-14 09:41:35.470,3.324,14000
2020-09-14 09:41:35.490,3.324,20000
2020-09-14 09:41:35.660,3.325,3000
2020-09-14 09:41:36.630,3.324,500
2020-09-14 09:41:37.080,3.325,20000
2020-09-14 09:41:37.180,3.325,6200
2020-09-14 09:41:37.180,3.325,9000
2020-09-14 09:41:37.180,3.325,4800
2020-09-14 09:41:37.660,3.324,1000
2020-09-14 09:41:38.080,3.324,300
2020-09-14 09:41:38.250,3.324,500
2020-09-14 09:41:38.350,3.324,4600
2020-09-14 09:41:41.560,3.325,23100
2020-09-14 09:41:41.560,3.325,6900
2020-09-14 09:41:41.900,3.324,1300
2020-09-14 09:41:42.170,3.324,37600
2020-09-14 09:41:42.170,3.324,5000
2020-09-14 09:41:42.170,3.324,3100
2020-09-14 09:41:42.170,3.324,254300
2020-09-14 09:41:44.380,3.324,45400
2020-09-14 09:41:44.380,3.324,3000
2020-09-14 09:41:44.380,3.324,34200
2020-09-14 09:41:44.380,3.324,4000
2020-09-14 09:41:44.380,3.324,5000
2020-09-14 09:41:44.750,3.324,100
2020-09-14 09:41:44.990,3.324,1900
2020-09-14 09:41:45.490,3.324,3100
2020-09-14 09:41:45.600,3.325,1000
2020-09-14 09:41:46.110,3.325,700
2020-09-14 09:41:47.710,3.324,900
2020-09-14 09:41:47.710,3.324,49100
2020-09-14 09:41:47.800,3.324,300000
2020-09-14 09:41:51.150,3.324,7600
2020-09-14 09:41:51.360,3.324,243300
2020-09-14 09:41:51.360,3.324,10000
2020-09-14 09:41:51.600,3.324,4000
2020-09-14 09:41:51.630,3.324,42700
2020-09-14 09:41:54.620,3.325,11400
2020-09-14 09:41:54.620,3.325,15000
2020-09-14 09:41:54.620,3.325,30000
2020-09-14 09:41:54.620,3.325,2000
2020-09-14 09:41:54.620,3.325,7300
2020-09-14 09:41:54.670,3.325,7100
2020-09-14 09:41:55.210,3.325,5000
2020-09-14 09:41:56.140,3.325,22200
2020-09-14 09:41:56.140,3.325,100
2020-09-14 09:41:56.140,3.324,77700
2020-09-14 09:41:56.670,3.324,29000
2020-09-14 09:41:56.830,3.324,3400
2020-09-14 09:41:58.410,3.325,13000
2020-09-14 09:42:00.200,3.325,1000
2020-09-14 09:42:01.280,3.325,5800
2020-09-14 09:42:01.280,3.325,3000
2020-09-14 09:42:04.940,3.324,40000
2020-09-14 09:42:09.110,3.324,100
2020-09-14 09:42:09.380,3.325,100
2020-09-14 09:42:09.380,3.325,1000
2020-09-14 09:42:11.150,3.325,3900
2020-09-14 09:42:11.220,3.324,6000
2020-09-14 09:42:13.320,3.324,10000
2020-09-14 09:42:13.320,3.324,10000
2020-09-14 09:42:13.320,3.324,100
2020-09-14 09:42:13.320,3.324,2000
2020-09-14 09:42:13.320,3.324,9500
2020-09-14 09:42:15.460,3.324,1300
2020-09-14 09:42:20.240,3.325,5000
2020-09-14 09:42:20.240,3.325,1000
2020-09-14 09:42:21.950,3.324,2000
2020-09-14 09:42:22.510,3.324,1000
2020-09-14 09:42:24.400,3.325,10500
2020-09-14 09:42:24.400,3.325,2000
2020-09-14 09:42:24.400,3.326,10000
2020-09-14 09:42:24.400,3.326,30000
2020-09-14 09:42:24.400,3.326,3000
2020-09-14 09:42:24.400,3.326,31900
2020-09-14 09:42:25.650,3.324,5000
2020-09-14 09:42:25.650,3.324,5000
2020-09-14 09:42:25.860,3.324,2400
2020-09-14 09:42:25.860,3.324,4400
2020-09-14 09:42:27.780,3.324,600
2020-09-14 09:42:27.780,3.324,400
2020-09-14 09:42:28.450,3.324,600
2020-09-14 09:42:28.450,3.324,1100
2020-09-14 09:42:30.060,3.324,8900
2020-09-14 09:42:30.060,3.324,1100
2020-09-14 09:42:30.400,3.324,5000
2020-09-14 09:42:30.770,3.325,5000
2020-09-14 09:42:31.590,3.324,3900
2020-09-14 09:42:31.590,3.324,18300
2020-09-14 09:42:32.780,3.324,1000
2020-09-14 09:42:34.930,3.324,2000
2020-09-14 09:42:38.080,3.324,1000
2020-09-14 09:42:40.480,3.325,20000
2020-09-14 09:42:41.680,3.324,2900
2020-09-14 09:42:41.890,3.325,5100
2020-09-14 09:42:43.180,3.325,300
2020-09-14 09:42:45.530,3.324,32300
2020-09-14 09:42:46.900,3.324,100
2020-09-14 09:42:47.370,3.324,6000
2020-09-14 09:42:47.450,3.324,3000
2020-09-14 09:42:48.380,3.325,10000
2020-09-14 09:42:49.360,3.325,4000
2020-09-14 09:42:49.440,3.325,10800
2020-09-14 09:42:49.440,3.325,10000
2020-09-14 09:42:49.440,3.325,19500
2020-09-14 09:42:49.440,3.325,20100
2020-09-14 09:42:52.470,3.325,100
2020-09-14 09:42:55.020,3.325,1500
2020-09-14 09:42:55.570,3.325,3500
2020-09-14 09:42:56.250,3.325,500
2020-09-14 09:42:58.130,3.325,31500
2020-09-14 09:43:02.150,3.325,700
2020-09-14 09:43:02.450,3.325,500
2020-09-14 09:43:03.240,3.325,1500
2020-09-14 09:43:04.570,3.326,6000
2020-09-14 09:43:05.290,3.326,30000
2020-09-14 09:43:06.230,3.325,11000
2020-09-14 09:43:06.680,3.326,2100
2020-09-14 09:43:06.680,3.326,10000
2020-09-14 09:43:06.680,3.326,800
2020-09-14 09:43:06.680,3.326,14400
2020-09-14 09:43:07.730,3.326,20500
2020-09-14 09:43:07.730,3.326,10000
2020-09-14 09:43:07.730,3.326,3200
2020-09-14 09:43:07.730,3.326,2500
2020-09-14 09:43:07.730,3.326,40000
2020-09-14 09:43:08.790,3.326,3000
2020-09-14 09:43:09.600,3.326,700
2020-09-14 09:43:12.130,3.327,10000
2020-09-14 09:43:12.130,3.327,6000
2020-09-14 09:43:12.130,3.327,200
2020-09-14 09:43:12.130,3.327,30000
2020-09-14 09:43:12.130,3.327,1000
2020-09-14 09:43:13.700,3.327,2300
2020-09-14 09:43:19.570,3.327,50500
2020-09-14 09:43:19.570,3.327,2500
2020-09-14 09:43:19.570,3.327,10000
2020-09-14 09:43:19.850,3.326,800
2020-09-14 09:43:20.500,3.327,200
2020-09-14 09:43:21.400,3.327,25500
2020-09-14 09:43:21.560,3.327,300
2020-09-14 09:43:23.150,3.327,200
2020-09-14 09:43:23.490,3.326,20000
2020-09-14 09:43:24.970,3.326,2000
2020-09-14 09:43:27.210,3.326,300000
2020-09-14 09:43:30.240,3.327,20500
2020-09-14 09:43:30.520,3.327,9000
2020-09-14 09:43:30.950,3.327,5000
2020-09-14 09:43:31.800,3.326,1900
2020-09-14 09:43:32.440,3.327,1200
2020-09-14 09:43:33.900,3.327,5000
2020-09-14 09:43:33.970,3.327,10000
2020-09-14 09:43:34.220,3.326,14500
2020-09-14 09:43:37.260,3.326,25000
2020-09-14 09:43:38.570,3.327,160100
2020-09-14 09:43:38.570,3.327,1800
2020-09-14 09:43:38.570,3.327,2400
2020-09-14 09:43:40.440,3.327,100
2020-09-14 09:43:40.860,3.327,6100
2020-09-14 09:43:43.770,3.327,4000
2020-09-14 09:43:44.640,3.327,100
2020-09-14 09:43:45.600,3.328,30000
2020-09-14 09:43:45.600,3.328,3400
2020-09-14 09:43:45.600,3.328,2000
2020-09-14 09:43:45.600,3.328,40000
2020-09-14 09:43:45.600,3.328,11200
2020-09-14 09:43:47.550,3.327,2000
2020-09-14 09:43:50.140,3.327,300
2020-09-14 09:43:52.510,3.328,11000
2020-09-14 09:43:52.570,3.328,5000
2020-09-14 09:43:52.700,3.328,1800
2020-09-14 09:43:52.810,3.327,10000
2020-09-14 09:43:55.030,3.327,3100
2020-09-14 09:43:56.530,3.327,100
2020-09-14 09:43:56.800,3.327,1800
2020-09-14 09:43:56.800,3.327,150000
2020-09-14 09:43:56.800,3.327,15000
2020-09-14 09:43:56.800,3.327,20000
2020-09-14 09:43:56.800,3.327,20000
2020-09-14 09:43:56.800,3.327,4000
2020-09-14 09:43:56.800,3.327,100
2020-09-14 09:43:56.800,3.327,700
2020-09-14 09:43:56.970,3.327,20000
2020-09-14 09:43:57.910,3.326,400
2020-09-14 09:43:57.910,3.327,50000
2020-09-14 09:43:57.960,3.327,30000
2020-09-14 09:43:58.990,3.327,10000
2020-09-14 09:43:58.990,3.327,50000
2020-09-14 09:43:58.990,3.327,30000
2020-09-14 09:43:58.990,3.327,30000
2020-09-14 09:43:58.990,3.327,50000
2020-09-14 09:43:58.990,3.327,30000
2020-09-14 09:43:58.990,3.327,30000
2020-09-14 09:43:59.070,3.327,68300
2020-09-14 09:43:59.260,3.328,1200
2020-09-14 09:43:59.370,3.328,165700
2020-09-14 09:43:59.610,3.328,3000
2020-09-14 09:43:59.980,3.328,1100
2020-09-14 09:44:02.580,3.328,400
2020-09-14 09:44:03.810,3.328,3000
2020-09-14 09:44:06.250,3.329,8900
2020-09-14 09:44:06.250,3.329,5000
2020-09-14 09:44:06.250,3.329,5000
2020-09-14 09:44:06.250,3.329,69600
2020-09-14 09:44:06.250,3.329,1000
2020-09-14 09:44:06.250,3.329,200
2020-09-14 09:44:06.250,3.329,10000
2020-09-14 09:44:07.760,3.329,13000
2020-09-14 09:44:09.340,3.329,1000
2020-09-14 09:44:12.220,3.329,9000
2020-09-14 09:44:12.220,3.328,20000
2020-09-14 09:44:13.620,3.329,2000
2020-09-14 09:44:13.620,3.329,5600
2020-09-14 09:44:15.390,3.329,400
2020-09-14 09:44:15.390,3.329,100
2020-09-14 09:44:17.590,3.329,100
2020-09-14 09:44:18.630,3.328,5800
2020-09-14 09:44:20.620,3.328,300
2020-09-14 09:44:21.760,3.328,13900
2020-09-14 09:44:21.760,3.328,10000
2020-09-14 09:44:21.760,3.328,400
2020-09-14 09:44:22.710,3.328,10000
2020-09-14 09:44:23.320,3.328,35500
2020-09-14 09:44:26.440,3.328,500
2020-09-14 09:44:26.690,3.327,200
2020-09-14 09:44:26.690,3.327,10000
2020-09-14 09:44:26.690,3.327,1000
2020-09-14 09:44:26.690,3.327,1000
2020-09-14 09:44:26.690,3.327,600
2020-09-14 09:44:26.690,3.327,3100
2020-09-14 09:44:31.300,3.327,32800
2020-09-14 09:44:31.380,3.326,1200
2020-09-14 09:44:35.040,3.327,1000
2020-09-14 09:44:35.640,3.327,200
2020-09-14 09:44:38.440,3.326,300
2020-09-14 09:44:38.710,3.326,500
2020-09-14 09:44:39.890,3.327,200
2020-09-14 09:44:39.940,3.327,500
2020-09-14 09:44:40.090,3.327,1000
2020-09-14 09:44:41.660,3.327,200
2020-09-14 09:44:41.860,3.327,1000
2020-09-14 09:44:41.950,3.326,5300
2020-09-14 09:44:45.680,3.327,100
2020-09-14 09:44:48.220,3.326,100
2020-09-14 09:44:48.470,3.327,100
2020-09-14 09:44:57.010,3.326,1000
2020-09-14 09:44:57.260,3.326,300000
2020-09-14 09:44:58.890,3.327,1700
2020-09-14 09:44:58.890,3.327,1000
2020-09-14 09:44:58.890,3.327,100
2020-09-14 09:44:58.890,3.327,300
2020-09-14 09:45:00.260,3.326,10300
2020-09-14 09:45:01.200,3.327,3000
2020-09-14 09:45:01.940,3.326,2000
2020-09-14 09:45:02.130,3.326,3000
2020-09-14 09:45:02.650,3.326,20000
2020-09-14 09:45:04.310,3.327,1100
2020-09-14 09:45:04.310,3.327,10000
2020-09-14 09:45:04.310,3.327,6800
2020-09-14 09:45:04.310,3.327,6000
2020-09-14 09:45:04.310,3.327,2300
2020-09-14 09:45:04.310,3.328,400
2020-09-14 09:45:04.310,3.328,5000
2020-09-14 09:45:04.310,3.328,200
2020-09-14 09:45:04.310,3.328,10000
2020-09-14 09:45:04.310,3.328,500
2020-09-14 09:45:04.310,3.328,3800
2020-09-14 09:45:07.030,3.326,2000
2020-09-14 09:45:13.520,3.328,1200
2020-09-14 09:45:15.800,3.327,2000
2020-09-14 09:45:15.800,3.326,38000
2020-09-14 09:45:17.450,3.327,10000
2020-09-14 09:45:20.050,3.327,1000
2020-09-14 09:45:21.290,3.327,100
2020-09-14 09:45:21.510,3.328,3000
2020-09-14 09:45:25.210,3.327,5000
2020-09-14 09:45:25.760,3.327,1000
2020-09-14 09:45:27.630,3.327,1800
2020-09-14 09:45:27.630,3.327,32900
2020-09-14 09:45:29.940,3.327,800
2020-09-14 09:45:30.570,3.327,1000
2020-09-14 09:45:31.580,3.327,800
2020-09-14 09:45:31.750,3.327,10000
2020-09-14 09:45:31.810,3.327,1900
2020-09-14 09:45:31.810,3.327,3800
2020-09-14 09:45:31.930,3.327,500
2020-09-14 09:45:32.390,3.328,2000
2020-09-14 09:45:34.200,3.327,1000
2020-09-14 09:45:34.390,3.328,10000
2020-09-14 09:45:36.350,3.328,5000
2020-09-14 09:45:39.640,3.328,3000
2020-09-14 09:45:41.420,3.328,10000
2020-09-14 09:45:41.550,3.328,500
2020-09-14 09:45:42.600,3.328,1500
2020-09-14 09:45:42.600,3.328,15600
2020-09-14 09:45:42.600,3.328,10000
2020-09-14 09:45:42.600,3.328,7300
2020-09-14 09:45:42.600,3.328,1000
2020-09-14 09:45:42.600,3.328,500
2020-09-14 09:45:42.600,3.328,4100
2020-09-14 09:45:42.680,3.328,300
2020-09-14 09:45:42.730,3.328,5600
2020-09-14 09:45:42.730,3.328,3000
2020-09-14 09:45:44.460,3.328,10000
2020-09-14 09:45:45.300,3.328,400
2020-09-14 09:45:46.660,3.328,6000
2020-09-14 09:45:46.880,3.328,5000
2020-09-14 09:45:48.650,3.328,10000
2020-09-14 09:45:52.450,3.329,100
2020-09-14 09:45:52.770,3.329,1000
2020-09-14 09:45:52.770,3.329,100
2020-09-14 09:45:52.770,3.329,100
2020-09-14 09:45:52.770,3.329,3600
2020-09-14 09:45:52.770,3.329,3200
2020-09-14 09:45:52.770,3.329,3000
2020-09-14 09:45:52.770,3.33,8600
2020-09-14 09:45:52.770,3.33,3000
2020-09-14 09:45:52.770,3.33,200
2020-09-14 09:45:52.770,3.33,5000
2020-09-14 09:45:52.770,3.33,100000
2020-09-14 09:45:52.770,3.33,22200
2020-09-14 09:45:54.320,3.328,2100
2020-09-14 09:45:55.470,3.329,100
2020-09-14 09:45:56.000,3.329,1000
2020-09-14 09:45:57.330,3.329,18000
2020-09-14 09:46:01.870,3.33,1500
2020-09-14 09:46:02.120,3.329,57700
2020-09-14 09:46:02.690,3.329,500
2020-09-14 09:46:05.130,3.329,200
2020-09-14 09:46:11.410,3.329,500
2020-09-14 09:46:15.730,3.329,1000
2020-09-14 09:46:15.730,3.329,700
2020-09-14 09:46:15.730,3.329,5000
2020-09-14 09:46:15.730,3.329,2800
2020-09-14 09:46:15.730,3.329,500
2020-09-14 09:46:17.720,3.329,1000
2020-09-14 09:46:17.770,3.328,3800
2020-09-14 09:46:17.770,3.328,2000
2020-09-14 09:46:17.770,3.328,500
2020-09-14 09:46:17.770,3.328,700
2020-09-14 09:46:20.530,3.328,3000
2020-09-14 09:46:24.180,3.328,163200
2020-09-14 09:46:25.720,3.328,300
2020-09-14 09:46:25.740,3.328,100
2020-09-14 09:46:26.010,3.328,500
2020-09-14 09:46:27.950,3.328,200
2020-09-14 09:46:27.950,3.328,8000
2020-09-14 09:46:27.950,3.328,10500
2020-09-14 09:46:29.330,3.328,200
2020-09-14 09:46:30.350,3.329,6000
2020-09-14 09:46:31.110,3.328,10000
2020-09-14 09:46:31.210,3.328,9000
2020-09-14 09:46:31.230,3.328,300
2020-09-14 09:46:31.230,3.328,240000
2020-09-14 09:46:35.230,3.329,500
2020-09-14 09:46:35.410,3.328,96800
2020-09-14 09:46:35.740,3.328,125000
2020-09-14 09:46:35.740,3.328,3000
2020-09-14 09:46:36.230,3.328,1000
2020-09-14 09:46:38.780,3.327,200
2020-09-14 09:46:38.780,3.327,200
2020-09-14 09:46:40.540,3.327,4800
2020-09-14 09:46:40.540,3.327,300
2020-09-14 09:46:40.540,3.327,900
2020-09-14 09:46:40.790,3.327,11500
2020-09-14 09:46:40.790,3.327,100
2020-09-14 09:46:40.790,3.326,71800
2020-09-14 09:46:40.790,3.326,10000
2020-09-14 09:46:40.790,3.326,100
2020-09-14 09:46:40.790,3.326,1000
2020-09-14 09:46:40.790,3.326,3000
2020-09-14 09:46:40.790,3.326,20000
2020-09-14 09:46:40.790,3.326,400
2020-09-14 09:46:40.790,3.326,3000
2020-09-14 09:46:40.790,3.326,200
2020-09-14 09:46:40.790,3.326,100
2020-09-14 09:46:40.790,3.326,20000
2020-09-14 09:46:40.790,3.326,30000
2020-09-14 09:46:40.790,3.325,828800
2020-09-14 09:46:41.040,3.328,7000
2020-09-14 09:46:41.100,3.328,100
2020-09-14 09:46:46.710,3.327,2000
2020-09-14 09:46:47.240,3.327,40000
2020-09-14 09:46:47.820,3.327,16400
2020-09-14 09:46:47.820,3.327,200
2020-09-14 09:46:47.930,3.327,61700
2020-09-14 09:46:50.840,3.327,30000
2020-09-14 09:46:52.190,3.328,50000
2020-09-14 09:46:52.190,3.328,40000
2020-09-14 09:46:52.190,3.327,10000
2020-09-14 09:46:57.460,3.327,7000
2020-09-14 09:46:58.620,3.327,1000
2020-09-14 09:46:58.880,3.328,10000
2020-09-14 09:47:02.540,3.327,10500
2020-09-14 09:47:05.050,3.328,2000
2020-09-14 09:47:05.050,3.328,1000
2020-09-14 09:47:07.160,3.327,100
2020-09-14 09:47:09.790,3.327,4600
