Datetime,Price,Volume
2020-09-14 09:25:00.370,4.707,1200
2020-09-14 09:25:00.370,4.707,3500
2020-09-14 09:25:00.370,4.707,4500
2020-09-14 09:25:00.370,4.707,5100
2020-09-14 09:25:00.370,4.707,400
2020-09-14 09:25:00.370,4.707,10800
2020-09-14 09:25:00.370,4.707,1800
2020-09-14 09:25:00.370,4.707,2000
2020-09-14 09:25:00.370,4.707,5400
2020-09-14 09:25:00.370,4.707,100
2020-09-14 09:25:00.370,4.707,1800
2020-09-14 09:25:00.370,4.707,4300
2020-09-14 09:25:00.370,4.707,1300
2020-09-14 09:25:00.370,4.707,5700
2020-09-14 09:25:00.370,4.707,4100
2020-09-14 09:25:00.370,4.707,5800
2020-09-14 09:25:00.370,4.707,100
2020-09-14 09:25:00.370,4.707,400
2020-09-14 09:25:00.370,4.707,500
2020-09-14 09:25:00.370,4.707,5000
2020-09-14 09:25:00.370,4.707,10000
2020-09-14 09:25:00.370,4.707,34100
2020-09-14 09:25:00.370,4.707,3500
2020-09-14 09:25:00.370,4.707,3500
2020-09-14 09:25:00.370,4.707,39900
2020-09-14 09:25:00.370,4.707,10100
2020-09-14 09:25:00.370,4.707,3100
2020-09-14 09:25:00.370,4.707,9100
2020-09-14 09:25:00.370,4.707,2000
2020-09-14 09:25:00.370,4.707,5000
2020-09-14 09:25:00.370,4.707,3000
2020-09-14 09:25:00.370,4.707,4800
2020-09-14 09:25:00.370,4.707,100
2020-09-14 09:25:00.370,4.707,100
2020-09-14 09:25:00.370,4.707,5900
2020-09-14 09:25:00.370,4.707,2600
2020-09-14 09:25:00.370,4.707,2000
2020-09-14 09:25:00.370,4.707,1100
2020-09-14 09:25:00.370,4.707,400
2020-09-14 09:25:00.370,4.707,26700
2020-09-14 09:25:00.370,4.707,2000
2020-09-14 09:25:00.370,4.707,1700
2020-09-14 09:25:00.370,4.707,1100
2020-09-14 09:25:00.370,4.707,200
2020-09-14 09:25:00.370,4.707,4000
2020-09-14 09:25:00.370,4.707,100
2020-09-14 09:25:00.370,4.707,2100
2020-09-14 09:25:00.370,4.707,400
2020-09-14 09:25:00.370,4.707,1800
2020-09-14 09:25:00.370,4.707,100
2020-09-14 09:25:00.370,4.707,3700
2020-09-14 09:25:00.370,4.707,4300
2020-09-14 09:25:00.370,4.707,1200
2020-09-14 09:25:00.370,4.707,2200
2020-09-14 09:25:00.370,4.707,5000
2020-09-14 09:25:00.370,4.707,2600
2020-09-14 09:25:00.370,4.707,5000
2020-09-14 09:25:00.370,4.707,4800
2020-09-14 09:25:00.370,4.707,4700
2020-09-14 09:25:00.370,4.707,12000
2020-09-14 09:25:00.370,4.707,44900
2020-09-14 09:25:00.370,4.707,8400
2020-09-14 09:25:00.370,4.707,25000
2020-09-14 09:25:00.370,4.707,2700
2020-09-14 09:25:00.370,4.707,49000
2020-09-14 09:25:00.370,4.707,10100
2020-09-14 09:25:00.370,4.707,122400
2020-09-14 09:25:00.370,4.707,6000
2020-09-14 09:25:00.370,4.707,10000
2020-09-14 09:25:00.370,4.707,1700
2020-09-14 09:25:00.370,4.707,16500
2020-09-14 09:25:00.370,4.707,200
2020-09-14 09:25:00.370,4.707,900
2020-09-14 09:25:00.370,4.707,25500
2020-09-14 09:25:00.370,4.707,53200
2020-09-14 09:25:00.370,4.707,100
2020-09-14 09:25:00.370,4.707,5000
2020-09-14 09:25:00.370,4.707,13400
2020-09-14 09:25:00.370,4.707,300
2020-09-14 09:25:00.370,4.707,200
2020-09-14 09:25:00.370,4.707,200
2020-09-14 09:25:00.370,4.707,300
2020-09-14 09:25:00.370,4.707,300
2020-09-14 09:25:00.370,4.707,4500
2020-09-14 09:25:00.370,4.707,5000
2020-09-14 09:25:00.370,4.707,100000
2020-09-14 09:25:00.370,4.707,1200
2020-09-14 09:25:00.370,4.707,100000
2020-09-14 09:25:00.370,4.707,100
2020-09-14 09:25:00.370,4.707,10000
2020-09-14 09:25:00.370,4.707,3000
2020-09-14 09:25:00.370,4.707,21300
2020-09-14 09:25:00.370,4.707,900
2020-09-14 09:25:00.370,4.707,50000
2020-09-14 09:25:00.370,4.707,4000
2020-09-14 09:25:00.370,4.707,4000
2020-09-14 09:25:00.370,4.707,5100
2020-09-14 09:25:00.370,4.707,1100
2020-09-14 09:25:00.370,4.707,5000
2020-09-14 09:25:00.370,4.707,100
2020-09-14 09:25:00.370,4.707,100
2020-09-14 09:25:00.370,4.707,15000
2020-09-14 09:25:00.370,4.707,2000
2020-09-14 09:25:00.370,4.707,90000
2020-09-14 09:25:00.370,4.707,1700
2020-09-14 09:25:00.370,4.707,219700
2020-09-14 09:25:00.370,4.707,130200
2020-09-14 09:25:00.370,4.707,4000
2020-09-14 09:25:00.370,4.707,70000
2020-09-14 09:25:00.370,4.707,4000
2020-09-14 09:25:00.370,4.707,2000
2020-09-14 09:25:00.370,4.707,4000
2020-09-14 09:25:00.370,4.707,4000
2020-09-14 09:25:00.370,4.707,50000
2020-09-14 09:25:00.370,4.707,13300
2020-09-14 09:25:00.370,4.707,1500
2020-09-14 09:25:00.370,4.707,600
2020-09-14 09:25:00.370,4.707,2000
2020-09-14 09:25:00.370,4.707,2000
2020-09-14 09:25:00.370,4.707,10000
2020-09-14 09:25:00.370,4.707,100
2020-09-14 09:25:00.370,4.707,200
2020-09-14 09:25:00.370,4.707,800
2020-09-14 09:25:00.370,4.707,200
2020-09-14 09:25:00.370,4.707,100
2020-09-14 09:25:00.370,4.707,100
2020-09-14 09:25:00.370,4.707,2500
2020-09-14 09:25:00.370,4.707,2000
2020-09-14 09:25:00.370,4.707,800
2020-09-14 09:25:00.370,4.707,200
2020-09-14 09:25:00.370,4.707,5000
2020-09-14 09:25:00.370,4.707,50000
2020-09-14 09:25:00.370,4.707,2300
2020-09-14 09:25:00.370,4.707,2000
2020-09-14 09:25:00.370,4.707,3600
2020-09-14 09:25:00.370,4.707,300
2020-09-14 09:25:00.370,4.707,4000
2020-09-14 09:25:00.370,4.707,7000
2020-09-14 09:25:00.370,4.707,100
2020-09-14 09:25:00.370,4.707,2300
2020-09-14 09:25:00.370,4.707,300
2020-09-14 09:25:00.370,4.707,5300
2020-09-14 09:25:00.370,4.707,1000
2020-09-14 09:25:00.370,4.707,5000
2020-09-14 09:25:00.370,4.707,2000
2020-09-14 09:25:00.370,4.707,200
2020-09-14 09:25:00.370,4.707,500
2020-09-14 09:25:00.370,4.707,1400
2020-09-14 09:25:00.370,4.707,10000
2020-09-14 09:25:00.370,4.707,100
2020-09-14 09:25:00.370,4.707,5100
2020-09-14 09:25:00.370,4.707,200
2020-09-14 09:25:00.370,4.707,100
2020-09-14 09:25:00.370,4.707,2100
2020-09-14 09:25:00.370,4.707,2600
2020-09-14 09:25:00.370,4.707,4000
2020-09-14 09:25:00.370,4.707,3000
2020-09-14 09:25:00.370,4.707,3000
2020-09-14 09:25:00.370,4.707,500
2020-09-14 09:25:00.370,4.707,10000
2020-09-14 09:25:00.370,4.707,1000
2020-09-14 09:25:00.370,4.707,10000
2020-09-14 09:25:00.370,4.707,500
2020-09-14 09:25:00.370,4.707,2000
2020-09-14 09:25:00.370,4.707,20000
2020-09-14 09:25:00.370,4.707,100
2020-09-14 09:25:00.370,4.707,100
2020-09-14 09:25:00.370,4.707,5000
2020-09-14 09:25:00.370,4.707,50000
2020-09-14 09:25:00.370,4.707,20000
2020-09-14 09:25:00.370,4.707,5500
2020-09-14 09:25:00.370,4.707,1000
2020-09-14 09:25:00.370,4.707,40000
2020-09-14 09:25:00.370,4.707,1000
2020-09-14 09:25:00.370,4.707,5600
2020-09-14 09:25:00.370,4.707,300
2020-09-14 09:25:00.370,4.707,5000
2020-09-14 09:25:00.370,4.707,300
2020-09-14 09:25:00.370,4.707,3000
2020-09-14 09:25:00.370,4.707,3000
2020-09-14 09:25:00.370,4.707,9000
2020-09-14 09:25:00.370,4.707,200
2020-09-14 09:25:00.370,4.707,2000
2020-09-14 09:25:00.370,4.707,500
2020-09-14 09:25:00.370,4.707,2500
2020-09-14 09:25:00.370,4.707,15000
2020-09-14 09:25:00.370,4.707,2500
2020-09-14 09:25:00.370,4.707,1000
2020-09-14 09:25:00.370,4.707,3100
2020-09-14 09:25:00.370,4.707,2000
2020-09-14 09:25:00.370,4.707,400
2020-09-14 09:25:00.370,4.707,1000
2020-09-14 09:25:00.370,4.707,35100
2020-09-14 09:25:00.370,4.707,3000
2020-09-14 09:25:00.370,4.707,3000
2020-09-14 09:25:00.370,4.707,5000
2020-09-14 09:25:00.370,4.707,2200
2020-09-14 09:25:00.370,4.707,100
2020-09-14 09:25:00.370,4.707,2000
2020-09-14 09:25:00.370,4.707,2000
2020-09-14 09:25:00.370,4.707,100
2020-09-14 09:25:00.370,4.707,5000
2020-09-14 09:25:00.370,4.707,25000
2020-09-14 09:25:00.370,4.707,100
2020-09-14 09:25:00.370,4.707,200
2020-09-14 09:25:00.370,4.707,2000
2020-09-14 09:25:00.370,4.707,200
2020-09-14 09:25:00.370,4.707,4900
2020-09-14 09:25:00.370,4.707,900
2020-09-14 09:25:00.370,4.707,10000
2020-09-14 09:25:00.370,4.707,100
2020-09-14 09:25:00.370,4.707,100
2020-09-14 09:25:00.370,4.707,800
2020-09-14 09:25:00.370,4.707,1000
2020-09-14 09:25:00.370,4.707,2000
2020-09-14 09:25:00.370,4.707,10000
2020-09-14 09:25:00.370,4.707,13500
2020-09-14 09:25:00.370,4.707,109100
2020-09-14 09:25:00.370,4.707,100
2020-09-14 09:25:00.370,4.707,4000
2020-09-14 09:25:00.370,4.707,4100
2020-09-14 09:25:00.370,4.707,3200
2020-09-14 09:25:00.370,4.707,800
2020-09-14 09:30:00.080,4.708,300
2020-09-14 09:30:00.080,4.708,8900
2020-09-14 09:30:00.080,4.708,400
2020-09-14 09:30:00.080,4.708,800
2020-09-14 09:30:00.080,4.708,9600
2020-09-14 09:30:00.110,4.708,10500
2020-09-14 09:30:00.180,4.708,20000
2020-09-14 09:30:00.180,4.708,34200
2020-09-14 09:30:00.180,4.708,32100
2020-09-14 09:30:00.180,4.708,10400
2020-09-14 09:30:00.180,4.708,2000
2020-09-14 09:30:00.180,4.708,500
2020-09-14 09:30:00.180,4.708,10000
2020-09-14 09:30:00.180,4.709,2100
2020-09-14 09:30:00.180,4.709,2300
2020-09-14 09:30:00.180,4.709,1000
2020-09-14 09:30:00.180,4.709,100
2020-09-14 09:30:00.180,4.709,2000
2020-09-14 09:30:00.180,4.709,2000
2020-09-14 09:30:00.180,4.709,5000
2020-09-14 09:30:00.180,4.709,2000
2020-09-14 09:30:00.180,4.709,2000
2020-09-14 09:30:00.180,4.709,2000
2020-09-14 09:30:00.180,4.709,2000
2020-09-14 09:30:00.240,4.709,19000
2020-09-14 09:30:00.280,4.709,200
2020-09-14 09:30:00.310,4.709,300
2020-09-14 09:30:00.360,4.71,1700
2020-09-14 09:30:00.360,4.71,18300
2020-09-14 09:30:00.360,4.709,3000
2020-09-14 09:30:00.360,4.709,16900
2020-09-14 09:30:00.360,4.709,23900
2020-09-14 09:30:00.360,4.709,20000
2020-09-14 09:30:00.360,4.71,1700
2020-09-14 09:30:00.360,4.71,10000
2020-09-14 09:30:00.360,4.71,100
2020-09-14 09:30:00.360,4.71,10000
2020-09-14 09:30:00.360,4.71,5100
2020-09-14 09:30:00.360,4.71,200
2020-09-14 09:30:00.360,4.71,100
2020-09-14 09:30:00.360,4.71,1100
2020-09-14 09:30:00.360,4.71,400
2020-09-14 09:30:00.360,4.71,200
2020-09-14 09:30:00.360,4.71,1100
2020-09-14 09:30:00.360,4.71,500
2020-09-14 09:30:00.360,4.71,4000
2020-09-14 09:30:00.360,4.71,4800
2020-09-14 09:30:00.360,4.71,200
2020-09-14 09:30:00.360,4.71,3000
2020-09-14 09:30:00.360,4.71,3000
2020-09-14 09:30:00.360,4.71,300
2020-09-14 09:30:00.360,4.71,100
2020-09-14 09:30:00.360,4.71,3000
2020-09-14 09:30:00.360,4.71,100
2020-09-14 09:30:00.360,4.71,16000
2020-09-14 09:30:00.360,4.71,2000
2020-09-14 09:30:00.360,4.71,500
2020-09-14 09:30:00.360,4.71,700
2020-09-14 09:30:00.360,4.71,6100
2020-09-14 09:30:00.360,4.71,100
2020-09-14 09:30:00.360,4.71,182400
2020-09-14 09:30:00.360,4.711,400
2020-09-14 09:30:00.360,4.711,5000
2020-09-14 09:30:00.360,4.711,10000
2020-09-14 09:30:00.360,4.711,10000
2020-09-14 09:30:00.360,4.711,5000
2020-09-14 09:30:00.360,4.711,5000
2020-09-14 09:30:00.360,4.712,20000
2020-09-14 09:30:00.360,4.712,1100
2020-09-14 09:30:00.360,4.712,300
2020-09-14 09:30:00.360,4.713,6600
2020-09-14 09:30:00.360,4.713,300
2020-09-14 09:30:00.360,4.713,2300
2020-09-14 09:30:00.360,4.713,3600
2020-09-14 09:30:00.360,4.713,800
2020-09-14 09:30:00.360,4.714,1000
2020-09-14 09:30:00.360,4.714,100
2020-09-14 09:30:00.360,4.714,10000
2020-09-14 09:30:00.360,4.714,5000
2020-09-14 09:30:00.360,4.714,150000
2020-09-14 09:30:00.410,4.709,4000
2020-09-14 09:30:00.410,4.709,2000
2020-09-14 09:30:00.530,4.709,100
2020-09-14 09:30:00.530,4.709,1200
2020-09-14 09:30:00.540,4.709,1800
2020-09-14 09:30:00.700,4.709,5000
2020-09-14 09:30:00.700,4.709,10000
2020-09-14 09:30:00.810,4.709,5000
2020-09-14 09:30:00.810,4.709,5000
2020-09-14 09:30:00.810,4.709,100
2020-09-14 09:30:00.810,4.71,20000
2020-09-14 09:30:00.810,4.71,69200
2020-09-14 09:30:00.940,4.71,27000
2020-09-14 09:30:00.940,4.71,2000
2020-09-14 09:30:00.940,4.71,5000
2020-09-14 09:30:01.060,4.71,60500
2020-09-14 09:30:01.060,4.71,2000
2020-09-14 09:30:01.200,4.71,10900
2020-09-14 09:30:01.200,4.711,10000
2020-09-14 09:30:01.200,4.71,3500
2020-09-14 09:30:01.200,4.71,2500
2020-09-14 09:30:01.310,4.71,10000
2020-09-14 09:30:01.310,4.71,2500
2020-09-14 09:30:01.310,4.71,25000
2020-09-14 09:30:01.310,4.71,300
2020-09-14 09:30:01.320,4.711,1500
2020-09-14 09:30:01.430,4.71,100
2020-09-14 09:30:01.430,4.71,12000
2020-09-14 09:30:01.430,4.71,5000
2020-09-14 09:30:01.550,4.71,2700
2020-09-14 09:30:01.550,4.71,3000
2020-09-14 09:30:01.550,4.711,6500
2020-09-14 09:30:01.550,4.711,5000
2020-09-14 09:30:01.550,4.712,50000
2020-09-14 09:30:01.550,4.712,106600
2020-09-14 09:30:01.550,4.71,1000
2020-09-14 09:30:01.550,4.71,35800
2020-09-14 09:30:01.550,4.71,5100
2020-09-14 09:30:01.550,4.71,500
2020-09-14 09:30:01.550,4.71,2000
2020-09-14 09:30:01.550,4.71,10000
2020-09-14 09:30:01.550,4.71,500
2020-09-14 09:30:01.550,4.71,200
2020-09-14 09:30:01.550,4.71,10000
2020-09-14 09:30:01.550,4.709,1000
2020-09-14 09:30:01.550,4.709,800
2020-09-14 09:30:01.660,4.709,2000
2020-09-14 09:30:01.660,4.709,20000
2020-09-14 09:30:01.660,4.709,1000
2020-09-14 09:30:01.660,4.709,54700
2020-09-14 09:30:01.780,4.709,4300
2020-09-14 09:30:01.780,4.709,2000
2020-09-14 09:30:01.780,4.71,1900
2020-09-14 09:30:01.780,4.709,1000
2020-09-14 09:30:01.930,4.709,2000
2020-09-14 09:30:01.930,4.709,3000
2020-09-14 09:30:01.930,4.709,200
2020-09-14 09:30:01.930,4.71,34000
2020-09-14 09:30:01.930,4.71,5000
2020-09-14 09:30:01.930,4.71,1000
2020-09-14 09:30:01.930,4.709,300
2020-09-14 09:30:02.060,4.709,110900
2020-09-14 09:30:02.060,4.709,5000
2020-09-14 09:30:02.060,4.71,1000
2020-09-14 09:30:02.060,4.71,2500
2020-09-14 09:30:02.060,4.712,1500
2020-09-14 09:30:02.060,4.712,1300
2020-09-14 09:30:02.060,4.712,22000
2020-09-14 09:30:02.060,4.71,2500
2020-09-14 09:30:02.060,4.71,15000
2020-09-14 09:30:02.060,4.71,3000
2020-09-14 09:30:02.060,4.71,13800
2020-09-14 09:30:02.180,4.71,900
2020-09-14 09:30:02.180,4.71,20000
2020-09-14 09:30:02.180,4.71,15000
2020-09-14 09:30:02.180,4.71,5100
2020-09-14 09:30:02.180,4.71,23300
2020-09-14 09:30:02.180,4.71,1000
2020-09-14 09:30:02.300,4.71,2500
2020-09-14 09:30:02.300,4.71,2000
2020-09-14 09:30:02.300,4.71,300
2020-09-14 09:30:02.300,4.71,10000
2020-09-14 09:30:02.300,4.71,5500
2020-09-14 09:30:02.300,4.71,1000
2020-09-14 09:30:02.300,4.71,21500
2020-09-14 09:30:02.300,4.71,4700
2020-09-14 09:30:02.440,4.71,1000
2020-09-14 09:30:02.440,4.71,300
2020-09-14 09:30:02.440,4.71,6000
2020-09-14 09:30:02.440,4.71,1000
2020-09-14 09:30:02.560,4.711,600
2020-09-14 09:30:02.560,4.712,4400
2020-09-14 09:30:02.560,4.71,11000
2020-09-14 09:30:02.560,4.71,2000
2020-09-14 09:30:02.560,4.71,20000
2020-09-14 09:30:02.560,4.71,2600
2020-09-14 09:30:02.560,4.71,9000
2020-09-14 09:30:02.560,4.71,4000
2020-09-14 09:30:02.560,4.71,40000
2020-09-14 09:30:02.560,4.709,11400
2020-09-14 09:30:02.560,4.709,41000
2020-09-14 09:30:02.560,4.709,2000
2020-09-14 09:30:02.680,4.709,8200
2020-09-14 09:30:02.680,4.709,1800
2020-09-14 09:30:02.680,4.709,2400
2020-09-14 09:30:02.680,4.709,10700
2020-09-14 09:30:02.680,4.709,5100
2020-09-14 09:30:02.680,4.709,2200
2020-09-14 09:30:02.680,4.709,10300
2020-09-14 09:30:02.680,4.709,7500
2020-09-14 09:30:02.680,4.709,6600
2020-09-14 09:30:02.680,4.709,1600
2020-09-14 09:30:02.680,4.709,20000
2020-09-14 09:30:02.680,4.709,11000
2020-09-14 09:30:02.680,4.709,700
2020-09-14 09:30:02.800,4.709,5300
2020-09-14 09:30:02.800,4.709,7000
2020-09-14 09:30:02.800,4.709,4000
2020-09-14 09:30:02.800,4.709,10000
2020-09-14 09:30:02.800,4.71,1000
2020-09-14 09:30:02.800,4.712,9700
2020-09-14 09:30:02.800,4.709,500
2020-09-14 09:30:02.800,4.709,2400
2020-09-14 09:30:02.920,4.709,20000
2020-09-14 09:30:02.920,4.709,100
2020-09-14 09:30:02.920,4.709,9900
2020-09-14 09:30:02.920,4.709,100
2020-09-14 09:30:02.920,4.709,5400
2020-09-14 09:30:02.920,4.709,3000
2020-09-14 09:30:02.920,4.709,1300
2020-09-14 09:30:02.920,4.71,100
2020-09-14 09:30:02.920,4.71,2000
2020-09-14 09:30:02.920,4.71,1200
2020-09-14 09:30:02.920,4.71,1000
2020-09-14 09:30:02.920,4.708,100
2020-09-14 09:30:02.920,4.708,800
2020-09-14 09:30:02.920,4.708,500
2020-09-14 09:30:02.920,4.708,8600
2020-09-14 09:30:03.040,4.708,2000
2020-09-14 09:30:03.040,4.708,14600
2020-09-14 09:30:03.040,4.708,500
2020-09-14 09:30:03.040,4.708,4900
2020-09-14 09:30:03.040,4.708,100
2020-09-14 09:30:03.040,4.708,4900
2020-09-14 09:30:03.150,4.708,5000
2020-09-14 09:30:03.150,4.708,200
2020-09-14 09:30:03.150,4.708,5200
2020-09-14 09:30:03.270,4.708,900
2020-09-14 09:30:03.270,4.709,4800
2020-09-14 09:30:03.270,4.708,13300
2020-09-14 09:30:03.270,4.708,3300
2020-09-14 09:30:03.270,4.708,17200
2020-09-14 09:30:03.270,4.708,3000
2020-09-14 09:30:03.270,4.708,9800
2020-09-14 09:30:03.270,4.708,3000
2020-09-14 09:30:03.380,4.708,26200
2020-09-14 09:30:03.380,4.708,3400
2020-09-14 09:30:03.380,4.708,100
2020-09-14 09:30:03.500,4.708,1000
2020-09-14 09:30:03.500,4.709,1200
2020-09-14 09:30:03.500,4.709,9600
2020-09-14 09:30:03.500,4.709,39200
2020-09-14 09:30:03.500,4.708,5500
2020-09-14 09:30:03.500,4.708,4700
2020-09-14 09:30:03.620,4.709,800
2020-09-14 09:30:03.620,4.709,4200
2020-09-14 09:30:03.620,4.708,1100
2020-09-14 09:30:03.620,4.708,2500
2020-09-14 09:30:03.620,4.708,2500
2020-09-14 09:30:03.620,4.708,9200
2020-09-14 09:30:03.620,4.708,100
2020-09-14 09:30:03.620,4.708,100
2020-09-14 09:30:03.620,4.708,50000
2020-09-14 09:30:03.620,4.708,2000
2020-09-14 09:30:03.620,4.708,4500
2020-09-14 09:30:03.620,4.708,300
2020-09-14 09:30:03.620,4.708,5000
2020-09-14 09:30:03.620,4.708,700
2020-09-14 09:30:03.620,4.708,10000
2020-09-14 09:30:03.620,4.708,18100
2020-09-14 09:30:03.740,4.708,4000
2020-09-14 09:30:03.740,4.709,800
2020-09-14 09:30:03.740,4.709,9200
2020-09-14 09:30:03.740,4.708,3300
2020-09-14 09:30:03.740,4.708,13700
2020-09-14 09:30:03.860,4.708,6300
2020-09-14 09:30:03.860,4.708,20000
2020-09-14 09:30:03.860,4.708,700
2020-09-14 09:30:03.860,4.708,10000
2020-09-14 09:30:03.860,4.708,43000
2020-09-14 09:30:03.860,4.708,4000
2020-09-14 09:30:03.980,4.708,800
2020-09-14 09:30:03.980,4.708,3000
2020-09-14 09:30:03.980,4.708,5500
2020-09-14 09:30:04.100,4.708,1300
2020-09-14 09:30:04.100,4.708,6000
2020-09-14 09:30:04.100,4.708,3000
2020-09-14 09:30:04.100,4.708,11000
2020-09-14 09:30:04.100,4.708,1900
2020-09-14 09:30:04.220,4.709,2500
2020-09-14 09:30:04.220,4.709,50000
2020-09-14 09:30:04.220,4.708,6000
2020-09-14 09:30:04.220,4.708,200
2020-09-14 09:30:04.350,4.708,700
2020-09-14 09:30:04.350,4.709,3000
2020-09-14 09:30:04.350,4.708,10000
2020-09-14 09:30:04.350,4.708,1000
2020-09-14 09:30:04.350,4.708,19100
2020-09-14 09:30:04.460,4.708,100
2020-09-14 09:30:04.460,4.709,6400
2020-09-14 09:30:04.460,4.709,99300
2020-09-14 09:30:04.460,4.709,2100
2020-09-14 09:30:04.460,4.709,400
2020-09-14 09:30:04.460,4.709,2000
2020-09-14 09:30:04.460,4.71,8300
2020-09-14 09:30:04.460,4.71,3500
2020-09-14 09:30:04.460,4.71,3000
2020-09-14 09:30:04.460,4.71,1200
2020-09-14 09:30:04.460,4.71,800
2020-09-14 09:30:04.460,4.71,2200
2020-09-14 09:30:04.460,4.71,2200
2020-09-14 09:30:04.460,4.71,1500
2020-09-14 09:30:04.460,4.71,3000
2020-09-14 09:30:04.460,4.71,2000
2020-09-14 09:30:04.460,4.71,200
2020-09-14 09:30:04.460,4.708,2100
2020-09-14 09:30:04.460,4.709,5000
2020-09-14 09:30:04.460,4.708,5000
2020-09-14 09:30:04.590,4.708,84900
2020-09-14 09:30:04.680,4.708,800
2020-09-14 09:30:04.680,4.708,800
2020-09-14 09:30:04.680,4.708,1000
2020-09-14 09:30:04.730,4.708,88800
2020-09-14 09:30:04.730,4.708,500
2020-09-14 09:30:04.730,4.708,1000
2020-09-14 09:30:04.730,4.708,20000
2020-09-14 09:30:04.730,4.708,2000
2020-09-14 09:30:04.730,4.708,4000
2020-09-14 09:30:04.730,4.708,300
2020-09-14 09:30:04.730,4.708,5900
2020-09-14 09:30:04.730,4.708,1300
2020-09-14 09:30:04.730,4.708,500
2020-09-14 09:30:04.730,4.708,100
2020-09-14 09:30:04.730,4.708,1100
2020-09-14 09:30:04.730,4.708,2000
2020-09-14 09:30:04.730,4.708,2000
2020-09-14 09:30:04.730,4.708,1000
2020-09-14 09:30:04.730,4.708,1000
2020-09-14 09:30:04.730,4.708,200
2020-09-14 09:30:04.730,4.708,500
2020-09-14 09:30:04.730,4.708,5800
2020-09-14 09:30:04.810,4.71,2300
2020-09-14 09:30:04.850,4.709,4000
2020-09-14 09:30:04.850,4.708,400
2020-09-14 09:30:04.880,4.71,1000
2020-09-14 09:30:04.880,4.711,2200
2020-09-14 09:30:04.880,4.711,200
2020-09-14 09:30:04.880,4.711,3000
2020-09-14 09:30:04.880,4.711,3400
2020-09-14 09:30:04.880,4.711,8000
2020-09-14 09:30:04.880,4.709,100
2020-09-14 09:30:04.950,4.709,2900
2020-09-14 09:30:04.950,4.708,4600
2020-09-14 09:30:05.030,4.708,100
2020-09-14 09:30:05.170,4.708,2900
2020-09-14 09:30:05.170,4.708,5000
2020-09-14 09:30:05.170,4.708,12900
2020-09-14 09:30:05.170,4.708,100000
2020-09-14 09:30:05.300,4.709,3000
2020-09-14 09:30:05.300,4.71,3000
2020-09-14 09:30:05.300,4.711,2000
2020-09-14 09:30:05.300,4.711,5000
2020-09-14 09:30:05.300,4.712,2000
2020-09-14 09:30:05.330,4.712,10000
2020-09-14 09:30:05.380,4.709,1000
2020-09-14 09:30:05.380,4.709,100
2020-09-14 09:30:05.500,4.709,1000
2020-09-14 09:30:05.530,4.71,1400
2020-09-14 09:30:05.530,4.709,500
2020-09-14 09:30:05.660,4.709,1100
2020-09-14 09:30:05.690,4.709,7300
2020-09-14 09:30:05.690,4.708,92100
2020-09-14 09:30:05.790,4.708,10000
2020-09-14 09:30:05.830,4.708,66300
2020-09-14 09:30:05.830,4.708,1000
2020-09-14 09:30:05.830,4.708,300
2020-09-14 09:30:05.830,4.708,1000
2020-09-14 09:30:05.830,4.708,5000
2020-09-14 09:30:05.830,4.709,89500
2020-09-14 09:30:05.830,4.71,8600
2020-09-14 09:30:05.830,4.71,15000
2020-09-14 09:30:05.830,4.71,1000
2020-09-14 09:30:05.870,4.71,1400
2020-09-14 09:30:05.920,4.71,500
2020-09-14 09:30:05.920,4.71,100
2020-09-14 09:30:05.920,4.71,600
2020-09-14 09:30:05.920,4.71,16500
2020-09-14 09:30:06.110,4.71,1000
2020-09-14 09:30:06.110,4.71,200
2020-09-14 09:30:06.110,4.71,400
2020-09-14 09:30:06.110,4.71,2000
2020-09-14 09:30:06.150,4.71,1000
2020-09-14 09:30:06.150,4.711,3000
2020-09-14 09:30:06.150,4.711,30000
2020-09-14 09:30:06.150,4.712,57300
2020-09-14 09:30:06.150,4.712,60200
2020-09-14 09:30:06.150,4.712,100
2020-09-14 09:30:06.150,4.712,1500
2020-09-14 09:30:06.150,4.712,1500
2020-09-14 09:30:06.150,4.712,100
2020-09-14 09:30:06.150,4.712,2000
2020-09-14 09:30:06.150,4.712,44300
2020-09-14 09:30:06.150,4.71,2000
2020-09-14 09:30:06.150,4.71,200
2020-09-14 09:30:06.190,4.712,5700
2020-09-14 09:30:06.190,4.712,14300
2020-09-14 09:30:06.190,4.71,1000
2020-09-14 09:30:06.270,4.71,1000
2020-09-14 09:30:06.270,4.71,500
2020-09-14 09:30:06.330,4.71,900
2020-09-14 09:30:06.440,4.71,200
2020-09-14 09:30:06.440,4.712,1500
2020-09-14 09:30:06.440,4.71,100
2020-09-14 09:30:06.440,4.71,500
2020-09-14 09:30:06.630,4.711,2100
2020-09-14 09:30:06.630,4.711,1700
2020-09-14 09:30:06.630,4.711,300
2020-09-14 09:30:06.790,4.711,500
2020-09-14 09:30:06.970,4.711,500
2020-09-14 09:30:06.970,4.711,400
2020-09-14 09:30:06.970,4.711,200
2020-09-14 09:30:07.000,4.711,7500
2020-09-14 09:30:07.490,4.711,20000
2020-09-14 09:30:07.560,4.711,10000
2020-09-14 09:30:07.730,4.711,4000
2020-09-14 09:30:07.840,4.712,484200
2020-09-14 09:30:07.840,4.712,115800
2020-09-14 09:30:07.990,4.711,2800
2020-09-14 09:30:07.990,4.711,2200
2020-09-14 09:30:08.410,4.711,5000
2020-09-14 09:30:09.510,4.712,20000
2020-09-14 09:30:09.540,4.711,2300
2020-09-14 09:30:09.830,4.712,20000
2020-09-14 09:30:10.280,4.712,20000
2020-09-14 09:30:10.520,4.712,324200
2020-09-14 09:30:10.520,4.712,3000
2020-09-14 09:30:10.520,4.712,3000
2020-09-14 09:30:10.520,4.712,7100
2020-09-14 09:30:10.520,4.712,3500
2020-09-14 09:30:10.520,4.712,100000
2020-09-14 09:30:10.520,4.712,150000
2020-09-14 09:30:10.520,4.712,5000
2020-09-14 09:30:10.520,4.712,3800
2020-09-14 09:30:10.520,4.712,200
2020-09-14 09:30:10.520,4.712,30000
2020-09-14 09:30:10.520,4.712,25000
2020-09-14 09:30:10.520,4.712,2100
2020-09-14 09:30:10.520,4.712,50000
2020-09-14 09:30:10.520,4.712,6000
2020-09-14 09:30:10.520,4.712,5000
2020-09-14 09:30:10.520,4.712,10700
2020-09-14 09:30:10.520,4.712,171400
2020-09-14 09:30:10.690,4.711,500
2020-09-14 09:30:10.690,4.711,9500
2020-09-14 09:30:11.250,4.71,2000
2020-09-14 09:30:11.250,4.71,600
2020-09-14 09:30:11.250,4.71,100
2020-09-14 09:30:11.250,4.71,300
2020-09-14 09:30:11.250,4.709,7400
2020-09-14 09:30:11.250,4.709,10700
2020-09-14 09:30:11.400,4.712,20000
2020-09-14 09:30:12.160,4.71,2000
2020-09-14 09:30:12.190,4.71,20000
2020-09-14 09:30:12.400,4.71,200
2020-09-14 09:30:12.500,4.71,15000
2020-09-14 09:30:12.660,4.709,10000
2020-09-14 09:30:12.840,4.709,600
2020-09-14 09:30:12.840,4.709,4800
2020-09-14 09:30:12.870,4.709,4600
2020-09-14 09:30:12.930,4.712,158600
2020-09-14 09:30:12.930,4.712,50000
2020-09-14 09:30:12.930,4.712,7000
2020-09-14 09:30:12.930,4.712,3000
2020-09-14 09:30:12.930,4.712,300000
2020-09-14 09:30:12.930,4.712,5800
2020-09-14 09:30:12.930,4.712,10000
2020-09-14 09:30:13.400,4.712,15700
2020-09-14 09:30:13.740,4.712,100
2020-09-14 09:30:13.740,4.712,7800
2020-09-14 09:30:13.870,4.712,60000
2020-09-14 09:30:14.270,4.712,2200
2020-09-14 09:30:14.870,4.712,150100
2020-09-14 09:30:14.950,4.713,3000
2020-09-14 09:30:14.950,4.713,1400
2020-09-14 09:30:14.950,4.713,600
2020-09-14 09:30:15.370,4.712,1000
2020-09-14 09:30:15.730,4.712,40100
2020-09-14 09:30:15.730,4.712,66300
2020-09-14 09:30:15.760,4.712,4300
2020-09-14 09:30:15.950,4.712,18000
2020-09-14 09:30:15.950,4.712,22000
2020-09-14 09:30:16.130,4.712,300000
2020-09-14 09:30:16.510,4.712,600
2020-09-14 09:30:16.670,4.712,5000
2020-09-14 09:30:16.730,4.712,2500
2020-09-14 09:30:16.810,4.712,300000
2020-09-14 09:30:16.870,4.712,2300
2020-09-14 09:30:17.250,4.712,5100
2020-09-14 09:30:17.280,4.712,4000
2020-09-14 09:30:17.300,4.712,50000
2020-09-14 09:30:17.550,4.712,100
2020-09-14 09:30:18.000,4.712,10000
2020-09-14 09:30:18.210,4.712,30000
2020-09-14 09:30:18.290,4.713,1400
2020-09-14 09:30:18.320,4.712,50000
2020-09-14 09:30:18.320,4.712,5000
2020-09-14 09:30:18.620,4.712,5000
2020-09-14 09:30:18.710,4.712,30000
2020-09-14 09:30:18.760,4.712,78400
2020-09-14 09:30:18.760,4.712,6600
2020-09-14 09:30:18.760,4.712,6400
2020-09-14 09:30:18.760,4.712,208600
2020-09-14 09:30:18.790,4.712,6500
2020-09-14 09:30:18.790,4.712,50000
2020-09-14 09:30:19.060,4.712,100
2020-09-14 09:30:19.060,4.712,2000
2020-09-14 09:30:20.050,4.711,1000
2020-09-14 09:30:20.810,4.71,100
2020-09-14 09:30:20.810,4.71,1000
2020-09-14 09:30:20.810,4.71,1000
2020-09-14 09:30:20.810,4.71,20000
2020-09-14 09:30:21.770,4.708,34000
2020-09-14 09:30:22.610,4.709,2000
2020-09-14 09:30:22.670,4.709,30000
2020-09-14 09:30:22.780,4.708,3000
2020-09-14 09:30:23.840,4.709,500
2020-09-14 09:30:23.920,4.709,10700
2020-09-14 09:30:24.820,4.709,6800
2020-09-14 09:30:24.820,4.71,3200
2020-09-14 09:30:25.560,4.71,10600
2020-09-14 09:30:25.990,4.708,8000
2020-09-14 09:30:26.090,4.71,800
2020-09-14 09:30:26.180,4.708,1100
2020-09-14 09:30:26.230,4.708,3300
2020-09-14 09:30:26.500,4.708,500
2020-09-14 09:30:26.520,4.709,600
2020-09-14 09:30:26.520,4.71,400
2020-09-14 09:30:26.560,4.708,100
2020-09-14 09:30:26.560,4.708,3000
2020-09-14 09:30:26.560,4.708,5000
2020-09-14 09:30:26.560,4.708,2000
2020-09-14 09:30:26.620,4.708,200
2020-09-14 09:30:26.620,4.708,500
2020-09-14 09:30:26.950,4.71,12900
2020-09-14 09:30:26.950,4.71,5000
2020-09-14 09:30:26.950,4.71,1000
2020-09-14 09:30:26.950,4.711,2200
2020-09-14 09:30:26.950,4.711,8000
2020-09-14 09:30:26.950,4.711,500
2020-09-14 09:30:27.940,4.708,2000
2020-09-14 09:30:27.940,4.708,4300
2020-09-14 09:30:27.940,4.708,100
2020-09-14 09:30:27.940,4.708,600
2020-09-14 09:30:27.940,4.708,2000
2020-09-14 09:30:27.940,4.708,1000
2020-09-14 09:30:27.940,4.708,600
2020-09-14 09:30:27.940,4.708,200
2020-09-14 09:30:27.940,4.708,3000
2020-09-14 09:30:27.940,4.708,200
2020-09-14 09:30:27.940,4.708,500
2020-09-14 09:30:27.940,4.708,7100
2020-09-14 09:30:27.940,4.708,2900
2020-09-14 09:30:27.940,4.708,1000
2020-09-14 09:30:27.940,4.708,900
2020-09-14 09:30:27.940,4.708,600
2020-09-14 09:30:27.940,4.708,400
2020-09-14 09:30:27.940,4.708,300
2020-09-14 09:30:27.940,4.708,200
2020-09-14 09:30:27.940,4.708,65500
2020-09-14 09:30:28.070,4.708,97100
2020-09-14 09:30:28.450,4.708,100
2020-09-14 09:30:28.800,4.708,3200
2020-09-14 09:30:29.170,4.708,1000
2020-09-14 09:30:29.460,4.708,4600
2020-09-14 09:30:29.580,4.709,800
2020-09-14 09:30:29.860,4.708,5000
2020-09-14 09:30:30.500,4.708,1300
2020-09-14 09:30:30.640,4.708,43200
2020-09-14 09:30:30.780,4.708,1500
2020-09-14 09:30:31.040,4.708,100
2020-09-14 09:30:31.500,4.708,9700
2020-09-14 09:30:31.500,4.708,1000
2020-09-14 09:30:31.500,4.708,300
2020-09-14 09:30:31.500,4.708,1000
2020-09-14 09:30:31.500,4.708,100
2020-09-14 09:30:31.500,4.708,1000
2020-09-14 09:30:31.500,4.708,3000
2020-09-14 09:30:31.500,4.708,500
2020-09-14 09:30:31.500,4.708,200
2020-09-14 09:30:31.500,4.708,3000
2020-09-14 09:30:31.500,4.708,200
2020-09-14 09:30:31.500,4.708,1000
2020-09-14 09:30:31.500,4.708,100
2020-09-14 09:30:31.500,4.708,100
2020-09-14 09:30:31.500,4.708,5000
2020-09-14 09:30:31.500,4.708,200
2020-09-14 09:30:31.500,4.708,100
2020-09-14 09:30:31.500,4.708,10000
2020-09-14 09:30:31.500,4.708,5000
2020-09-14 09:30:31.500,4.708,500
2020-09-14 09:30:31.500,4.708,22400
2020-09-14 09:30:31.560,4.709,100
2020-09-14 09:30:31.600,4.709,18000
2020-09-14 09:30:31.600,4.708,27600
2020-09-14 09:30:31.600,4.708,1700
2020-09-14 09:30:31.600,4.708,300
2020-09-14 09:30:31.720,4.708,2000
2020-09-14 09:30:32.090,4.709,2500
2020-09-14 09:30:32.190,4.709,4100
2020-09-14 09:30:32.300,4.708,2900
2020-09-14 09:30:32.300,4.708,700
2020-09-14 09:30:32.300,4.708,500
2020-09-14 09:30:32.360,4.708,200
2020-09-14 09:30:32.360,4.708,300
2020-09-14 09:30:32.360,4.708,100
2020-09-14 09:30:32.360,4.708,200
2020-09-14 09:30:32.510,4.708,1800
2020-09-14 09:30:32.510,4.708,8200
2020-09-14 09:30:32.840,4.708,1300
2020-09-14 09:30:33.380,4.708,500
2020-09-14 09:30:33.380,4.708,100
2020-09-14 09:30:33.380,4.708,500
2020-09-14 09:30:33.380,4.708,100
2020-09-14 09:30:33.380,4.708,5000
2020-09-14 09:30:33.380,4.708,13700
2020-09-14 09:30:33.380,4.708,1000
2020-09-14 09:30:33.380,4.708,2000
2020-09-14 09:30:33.380,4.708,200
2020-09-14 09:30:33.380,4.708,2200
2020-09-14 09:30:33.380,4.708,2000
2020-09-14 09:30:33.380,4.708,5000
2020-09-14 09:30:33.520,4.707,100
2020-09-14 09:30:33.800,4.707,100
2020-09-14 09:30:33.800,4.707,100
2020-09-14 09:30:33.800,4.707,500
2020-09-14 09:30:33.800,4.707,2000
2020-09-14 09:30:33.800,4.707,2000
2020-09-14 09:30:33.800,4.707,100
2020-09-14 09:30:33.800,4.707,1000
2020-09-14 09:30:33.800,4.707,2200
2020-09-14 09:30:33.800,4.707,1500
2020-09-14 09:30:34.010,4.707,600
2020-09-14 09:30:34.010,4.707,100
2020-09-14 09:30:34.010,4.707,500
2020-09-14 09:30:34.010,4.707,200
2020-09-14 09:30:34.010,4.707,2100
2020-09-14 09:30:34.010,4.707,4900
2020-09-14 09:30:34.010,4.707,3000
2020-09-14 09:30:34.010,4.707,1700
2020-09-14 09:30:34.010,4.707,200
2020-09-14 09:30:34.010,4.707,1000
2020-09-14 09:30:34.010,4.707,200
2020-09-14 09:30:35.860,4.707,500
2020-09-14 09:30:36.670,4.706,700
2020-09-14 09:30:36.670,4.706,1500
2020-09-14 09:30:36.670,4.706,500
2020-09-14 09:30:36.670,4.706,1500
2020-09-14 09:30:36.670,4.706,200
2020-09-14 09:30:36.670,4.706,700
2020-09-14 09:30:36.670,4.706,500
2020-09-14 09:30:36.670,4.706,500
2020-09-14 09:30:36.670,4.706,300
2020-09-14 09:30:37.440,4.707,10000
2020-09-14 09:30:37.690,4.706,300
2020-09-14 09:30:38.360,4.706,200
2020-09-14 09:30:38.890,4.706,1000
2020-09-14 09:30:39.030,4.707,200
2020-09-14 09:30:39.120,4.706,50000
2020-09-14 09:30:40.100,4.706,4600
2020-09-14 09:30:40.130,4.707,200
2020-09-14 09:30:40.250,4.706,6000
2020-09-14 09:30:40.470,4.706,2200
2020-09-14 09:30:40.570,4.706,300000
2020-09-14 09:30:40.740,4.706,1000
2020-09-14 09:30:40.830,4.707,200
2020-09-14 09:30:41.010,4.706,10000
2020-09-14 09:30:41.280,4.706,200
2020-09-14 09:30:42.080,4.706,2000
2020-09-14 09:30:42.080,4.705,8000
2020-09-14 09:30:42.640,4.706,1100
2020-09-14 09:30:43.500,4.705,5000
2020-09-14 09:30:44.010,4.706,30000
2020-09-14 09:30:44.470,4.706,32300
2020-09-14 09:30:44.800,4.706,500
2020-09-14 09:30:45.100,4.705,400
2020-09-14 09:30:45.100,4.705,1900
2020-09-14 09:30:45.660,4.705,1600
2020-09-14 09:30:45.760,4.706,5000
2020-09-14 09:30:46.080,4.706,18000
2020-09-14 09:30:46.290,4.706,100
2020-09-14 09:30:46.840,4.706,2000
2020-09-14 09:30:47.140,4.706,5000
2020-09-14 09:30:47.810,4.705,3000
2020-09-14 09:30:47.910,4.705,10000
2020-09-14 09:30:48.670,4.706,7000
2020-09-14 09:30:48.670,4.705,10000
2020-09-14 09:30:48.820,4.706,15100
2020-09-14 09:30:49.520,4.705,10000
2020-09-14 09:30:49.580,4.706,2500
2020-09-14 09:30:49.580,4.706,2500
2020-09-14 09:30:50.010,4.705,16000
2020-09-14 09:30:50.100,4.705,151600
2020-09-14 09:30:50.130,4.706,1000
2020-09-14 09:30:50.130,4.705,300
2020-09-14 09:30:50.390,4.705,27300
2020-09-14 09:30:50.390,4.705,26500
2020-09-14 09:30:50.390,4.705,3500
2020-09-14 09:30:50.730,4.705,500
2020-09-14 09:30:50.730,4.705,10000
2020-09-14 09:30:51.330,4.705,75900
2020-09-14 09:30:51.420,4.705,12000
2020-09-14 09:30:51.680,4.705,200
2020-09-14 09:30:51.740,4.706,1000
2020-09-14 09:30:51.830,4.705,20000
2020-09-14 09:30:51.880,4.705,2000
2020-09-14 09:30:52.130,4.705,1500
2020-09-14 09:30:52.320,4.706,1000
2020-09-14 09:30:52.410,4.705,1000
2020-09-14 09:30:52.720,4.706,21500
2020-09-14 09:30:52.720,4.706,100000
2020-09-14 09:30:52.720,4.706,2000
2020-09-14 09:30:52.720,4.706,176500
2020-09-14 09:30:52.880,4.706,69200
2020-09-14 09:30:53.080,4.706,254300
2020-09-14 09:30:53.080,4.706,1500
2020-09-14 09:30:53.080,4.706,200
2020-09-14 09:30:53.080,4.706,1000
2020-09-14 09:30:53.080,4.706,25000
2020-09-14 09:30:53.080,4.706,10000
2020-09-14 09:30:53.080,4.706,2400
2020-09-14 09:30:53.080,4.706,30000
2020-09-14 09:30:53.080,4.706,5000
2020-09-14 09:30:53.080,4.706,1000
2020-09-14 09:30:53.080,4.706,500
2020-09-14 09:30:53.080,4.706,30000
2020-09-14 09:30:53.080,4.706,300
2020-09-14 09:30:53.080,4.706,10000
2020-09-14 09:30:53.080,4.706,5500
2020-09-14 09:30:53.080,4.706,5000
2020-09-14 09:30:53.080,4.706,10800
2020-09-14 09:30:53.430,4.706,50000
2020-09-14 09:30:53.550,4.707,1000
2020-09-14 09:30:53.750,4.706,8500
2020-09-14 09:30:54.130,4.706,2000
2020-09-14 09:30:54.130,4.705,3500
2020-09-14 09:30:54.130,4.705,5000
2020-09-14 09:30:54.210,4.705,2200
2020-09-14 09:30:54.360,4.705,10000
2020-09-14 09:30:54.420,4.707,500
2020-09-14 09:30:54.750,4.706,5500
2020-09-14 09:30:54.750,4.706,1000
2020-09-14 09:30:54.840,4.706,2000
2020-09-14 09:30:54.870,4.706,2400
2020-09-14 09:30:54.870,4.706,5100
2020-09-14 09:30:54.980,4.706,1900
2020-09-14 09:30:54.980,4.705,15000
2020-09-14 09:30:55.560,4.707,40000
2020-09-14 09:30:55.590,4.705,2000
2020-09-14 09:30:55.860,4.706,10200
2020-09-14 09:30:56.530,4.706,1000
2020-09-14 09:30:56.770,4.706,5400
2020-09-14 09:30:56.890,4.706,4000
2020-09-14 09:30:57.090,4.706,5000
2020-09-14 09:30:57.090,4.706,8600
2020-09-14 09:30:57.420,4.706,60000
2020-09-14 09:30:57.830,4.706,47400
2020-09-14 09:30:57.830,4.706,1000
2020-09-14 09:30:58.070,4.706,1100
2020-09-14 09:30:58.220,4.706,1000
2020-09-14 09:30:58.520,4.706,1000
2020-09-14 09:30:58.610,4.706,1000
2020-09-14 09:30:58.750,4.706,4000
2020-09-14 09:30:58.790,4.706,400
2020-09-14 09:30:58.960,4.706,1000
2020-09-14 09:30:59.330,4.706,10000
2020-09-14 09:30:59.330,4.706,1000
2020-09-14 09:30:59.360,4.706,100
2020-09-14 09:30:59.800,4.706,1000
2020-09-14 09:31:00.130,4.706,64400
2020-09-14 09:31:00.130,4.706,29600
2020-09-14 09:31:00.190,4.706,47900
2020-09-14 09:31:00.240,4.706,1000
2020-09-14 09:31:00.480,4.706,500
2020-09-14 09:31:00.660,4.706,1000
2020-09-14 09:31:00.840,4.707,282800
2020-09-14 09:31:00.840,4.707,3000
2020-09-14 09:31:00.840,4.707,59300
2020-09-14 09:31:00.840,4.707,5500
2020-09-14 09:31:01.000,4.707,100
2020-09-14 09:31:01.020,4.707,1000
2020-09-14 09:31:01.080,4.707,5500
2020-09-14 09:31:01.110,4.707,17600
2020-09-14 09:31:01.310,4.707,30000
2020-09-14 09:31:01.430,4.707,1000
2020-09-14 09:31:02.060,4.707,1000
2020-09-14 09:31:02.510,4.707,1000
2020-09-14 09:31:02.740,4.707,114100
2020-09-14 09:31:02.890,4.708,10000
2020-09-14 09:31:02.890,4.708,11100
2020-09-14 09:31:02.890,4.708,11200
2020-09-14 09:31:02.990,4.707,1000
2020-09-14 09:31:03.070,4.707,3000
2020-09-14 09:31:03.500,4.708,55200
2020-09-14 09:31:03.500,4.708,26100
2020-09-14 09:31:03.500,4.708,10000
2020-09-14 09:31:03.500,4.708,3500
2020-09-14 09:31:03.500,4.708,10400
2020-09-14 09:31:03.500,4.708,4300
2020-09-14 09:31:03.500,4.708,50000
2020-09-14 09:31:03.500,4.708,2000
2020-09-14 09:31:03.500,4.709,74500
2020-09-14 09:31:03.500,4.709,3000
2020-09-14 09:31:03.500,4.709,100
2020-09-14 09:31:03.500,4.709,10000
2020-09-14 09:31:03.500,4.709,4000
2020-09-14 09:31:03.500,4.709,1000
2020-09-14 09:31:03.500,4.709,800
2020-09-14 09:31:03.500,4.709,3500
2020-09-14 09:31:03.610,4.71,1000
2020-09-14 09:31:03.610,4.71,97700
2020-09-14 09:31:03.830,4.709,1500
2020-09-14 09:31:03.870,4.709,100
2020-09-14 09:31:04.480,4.709,1000
2020-09-14 09:31:04.590,4.709,100000
2020-09-14 09:31:05.230,4.709,17800
2020-09-14 09:31:05.900,4.709,1000
2020-09-14 09:31:06.100,4.709,5500
2020-09-14 09:31:06.340,4.709,1000
2020-09-14 09:31:06.490,4.709,500
2020-09-14 09:31:06.490,4.709,400
2020-09-14 09:31:06.660,4.709,2100
2020-09-14 09:31:06.840,4.709,2300
2020-09-14 09:31:06.840,4.709,1000
2020-09-14 09:31:06.900,4.709,20000
2020-09-14 09:31:06.930,4.71,2300
2020-09-14 09:31:06.930,4.71,4000
2020-09-14 09:31:06.930,4.71,4400
2020-09-14 09:31:06.930,4.71,500
2020-09-14 09:31:06.930,4.71,2000
2020-09-14 09:31:06.930,4.71,50000
2020-09-14 09:31:06.930,4.71,5500
2020-09-14 09:31:06.930,4.71,1000
2020-09-14 09:31:06.930,4.71,20000
2020-09-14 09:31:06.930,4.71,19100
2020-09-14 09:31:06.930,4.71,10000
2020-09-14 09:31:06.930,4.71,3000
2020-09-14 09:31:06.930,4.71,60000
2020-09-14 09:31:07.090,4.71,2500
2020-09-14 09:31:07.120,4.71,9100
2020-09-14 09:31:07.220,4.71,1000
2020-09-14 09:31:07.700,4.71,1000
2020-09-14 09:31:07.730,4.711,1500
2020-09-14 09:31:07.730,4.711,1500
2020-09-14 09:31:07.730,4.711,30000
2020-09-14 09:31:07.730,4.711,500
2020-09-14 09:31:07.730,4.711,100
2020-09-14 09:31:07.730,4.711,5000
2020-09-14 09:31:07.730,4.711,1200
2020-09-14 09:31:07.730,4.711,5000
2020-09-14 09:31:07.730,4.711,3500
2020-09-14 09:31:07.730,4.711,50000
2020-09-14 09:31:07.730,4.711,5000
2020-09-14 09:31:07.730,4.711,500
2020-09-14 09:31:07.730,4.711,2000
2020-09-14 09:31:07.730,4.711,500
2020-09-14 09:31:07.730,4.711,4200
2020-09-14 09:31:07.730,4.711,10000
2020-09-14 09:31:07.730,4.711,2000
2020-09-14 09:31:07.730,4.711,100
2020-09-14 09:31:07.730,4.711,60000
2020-09-14 09:31:07.880,4.711,20000
2020-09-14 09:31:07.980,4.711,100
2020-09-14 09:31:08.180,4.711,1000
2020-09-14 09:31:08.240,4.711,1700
2020-09-14 09:31:08.300,4.711,10000
2020-09-14 09:31:08.510,4.711,17200
2020-09-14 09:31:08.510,4.71,2800
2020-09-14 09:31:08.630,4.711,1000
2020-09-14 09:31:08.680,4.712,4500
2020-09-14 09:31:08.680,4.712,30000
2020-09-14 09:31:08.680,4.712,4600
2020-09-14 09:31:08.680,4.712,2000
2020-09-14 09:31:08.680,4.712,3000
2020-09-14 09:31:08.680,4.712,300
2020-09-14 09:31:08.680,4.712,2500
2020-09-14 09:31:08.680,4.712,5000
2020-09-14 09:31:08.680,4.712,2100
2020-09-14 09:31:08.680,4.712,5000
2020-09-14 09:31:08.680,4.712,2000
2020-09-14 09:31:08.680,4.712,2100
2020-09-14 09:31:08.680,4.712,60000
2020-09-14 09:31:08.680,4.713,13000
2020-09-14 09:31:08.680,4.713,50000
2020-09-14 09:31:08.680,4.713,9900
2020-09-14 09:31:08.680,4.713,1000
2020-09-14 09:31:08.680,4.713,2000
2020-09-14 09:31:08.680,4.713,400
2020-09-14 09:31:08.680,4.713,20000
2020-09-14 09:31:08.680,4.713,3600
2020-09-14 09:31:08.680,4.713,4200
2020-09-14 09:31:08.680,4.713,72800
2020-09-14 09:31:08.930,4.711,700
2020-09-14 09:31:08.930,4.71,4300
2020-09-14 09:31:09.120,4.71,1500
2020-09-14 09:31:09.150,4.713,223200
2020-09-14 09:31:09.150,4.713,1000
2020-09-14 09:31:09.150,4.713,1000
2020-09-14 09:31:09.150,4.713,10000
2020-09-14 09:31:09.150,4.713,322200
2020-09-14 09:31:09.150,4.713,4300
2020-09-14 09:31:09.600,4.71,1000
2020-09-14 09:31:09.920,4.71,300
2020-09-14 09:31:09.980,4.71,68400
2020-09-14 09:31:10.330,4.71,5000
2020-09-14 09:31:10.470,4.71,3600
2020-09-14 09:31:10.920,4.711,48700
2020-09-14 09:31:11.100,4.711,3000
2020-09-14 09:31:11.550,4.712,500
2020-09-14 09:31:11.550,4.711,2000
2020-09-14 09:31:12.050,4.711,3500
2020-09-14 09:31:12.420,4.711,3900
2020-09-14 09:31:13.080,4.712,50000
2020-09-14 09:31:13.250,4.712,8600
2020-09-14 09:31:13.550,4.712,10000
2020-09-14 09:31:13.550,4.712,400
2020-09-14 09:31:14.070,4.712,3700
2020-09-14 09:31:14.100,4.712,8500
2020-09-14 09:31:15.100,4.714,25000
2020-09-14 09:31:15.100,4.714,5000
2020-09-14 09:31:15.100,4.714,2000
2020-09-14 09:31:15.100,4.714,21300
2020-09-14 09:31:15.100,4.714,2000
2020-09-14 09:31:15.100,4.714,10000
2020-09-14 09:31:15.100,4.714,1500
2020-09-14 09:31:15.100,4.714,50000
2020-09-14 09:31:15.100,4.714,1000
2020-09-14 09:31:15.100,4.714,100
2020-09-14 09:31:15.100,4.714,50000
2020-09-14 09:31:15.100,4.714,82700
2020-09-14 09:31:15.100,4.715,100
2020-09-14 09:31:15.100,4.715,200
2020-09-14 09:31:15.100,4.715,8000
2020-09-14 09:31:15.100,4.715,200
2020-09-14 09:31:15.100,4.715,42600
2020-09-14 09:31:15.100,4.715,100
2020-09-14 09:31:15.100,4.715,3000
2020-09-14 09:31:15.100,4.715,900
2020-09-14 09:31:15.100,4.715,20000
2020-09-14 09:31:15.100,4.715,200
2020-09-14 09:31:15.100,4.715,5800
2020-09-14 09:31:15.100,4.715,100
2020-09-14 09:31:15.100,4.715,15000
2020-09-14 09:31:15.100,4.715,50000
2020-09-14 09:31:15.100,4.715,11500
2020-09-14 09:31:15.100,4.715,1500
2020-09-14 09:31:15.100,4.715,5000
2020-09-14 09:31:15.100,4.715,3000
2020-09-14 09:31:15.100,4.715,2500
2020-09-14 09:31:15.100,4.715,5000
2020-09-14 09:31:15.100,4.715,2000
2020-09-14 09:31:15.100,4.715,2000
2020-09-14 09:31:15.100,4.715,2500
2020-09-14 09:31:15.100,4.715,500
2020-09-14 09:31:15.100,4.715,1000
2020-09-14 09:31:15.100,4.715,50000
2020-09-14 09:31:15.100,4.715,4100
2020-09-14 09:31:15.350,4.712,24500
2020-09-14 09:31:15.350,4.711,13000
2020-09-14 09:31:15.380,4.714,300000
2020-09-14 09:31:15.760,4.714,3000
2020-09-14 09:31:15.820,4.714,20000
2020-09-14 09:31:15.900,4.714,1500
2020-09-14 09:31:16.190,4.714,151500
2020-09-14 09:31:16.480,4.714,600
2020-09-14 09:31:16.780,4.714,141100
2020-09-14 09:31:17.160,4.711,6000
2020-09-14 09:31:17.510,4.714,8000
2020-09-14 09:31:17.920,4.711,1000
2020-09-14 09:31:18.340,4.711,4000
2020-09-14 09:31:18.360,4.712,3000
2020-09-14 09:31:18.510,4.712,100
2020-09-14 09:31:18.660,4.712,1900
2020-09-14 09:31:18.660,4.712,3100
2020-09-14 09:31:19.100,4.712,8200
2020-09-14 09:31:19.100,4.712,3000
2020-09-14 09:31:19.100,4.714,2200
2020-09-14 09:31:19.100,4.714,1000
2020-09-14 09:31:19.100,4.714,50000
2020-09-14 09:31:19.100,4.714,2500
2020-09-14 09:31:19.530,4.714,67800
2020-09-14 09:31:19.590,4.712,900
2020-09-14 09:31:19.640,4.712,22300
2020-09-14 09:31:19.640,4.714,10000
2020-09-14 09:31:19.640,4.715,2000
2020-09-14 09:31:19.640,4.715,24900
2020-09-14 09:31:19.730,4.711,100
2020-09-14 09:31:20.140,4.712,2500
2020-09-14 09:31:20.480,4.713,5000
2020-09-14 09:31:20.980,4.713,19900
2020-09-14 09:31:20.980,4.712,100
2020-09-14 09:31:21.140,4.714,2400
2020-09-14 09:31:21.140,4.714,3000
2020-09-14 09:31:21.320,4.714,3000
2020-09-14 09:31:21.600,4.714,4300
2020-09-14 09:31:21.910,4.714,5000
2020-09-14 09:31:22.480,4.714,500
2020-09-14 09:31:22.480,4.714,800
2020-09-14 09:31:22.480,4.714,3500
2020-09-14 09:31:22.660,4.715,5000
2020-09-14 09:31:22.660,4.715,1000
2020-09-14 09:31:22.750,4.714,2500
2020-09-14 09:31:22.870,4.714,3000
2020-09-14 09:31:22.900,4.715,59000
2020-09-14 09:31:22.900,4.715,200000
2020-09-14 09:31:22.900,4.715,10000
2020-09-14 09:31:23.070,4.715,100
2020-09-14 09:31:23.350,4.715,29400
2020-09-14 09:31:23.580,4.715,32000
2020-09-14 09:31:23.680,4.715,100
2020-09-14 09:31:23.770,4.715,100
2020-09-14 09:31:23.900,4.715,10000
2020-09-14 09:31:24.530,4.715,5000
2020-09-14 09:31:24.620,4.715,3500
2020-09-14 09:31:24.790,4.715,500
2020-09-14 09:31:24.880,4.715,400
2020-09-14 09:31:25.000,4.715,5000
2020-09-14 09:31:25.250,4.715,2600
2020-09-14 09:31:25.660,4.715,500
2020-09-14 09:31:25.960,4.715,1300
2020-09-14 09:31:26.050,4.716,2000
2020-09-14 09:31:26.050,4.716,600
2020-09-14 09:31:26.050,4.716,700
2020-09-14 09:31:26.050,4.716,700
2020-09-14 09:31:26.050,4.716,1000
2020-09-14 09:31:26.050,4.716,4000
2020-09-14 09:31:26.050,4.716,2000
2020-09-14 09:31:26.050,4.716,10000
2020-09-14 09:31:26.050,4.716,1000
2020-09-14 09:31:26.050,4.716,700
2020-09-14 09:31:26.050,4.716,7300
2020-09-14 09:31:26.050,4.716,5000
2020-09-14 09:31:26.050,4.716,10000
2020-09-14 09:31:26.150,4.716,23300
2020-09-14 09:31:26.150,4.716,25000
2020-09-14 09:31:26.380,4.716,100
2020-09-14 09:31:26.470,4.716,2500
2020-09-14 09:31:26.490,4.716,3100
2020-09-14 09:31:26.580,4.716,6300
2020-09-14 09:31:26.640,4.716,20000
2020-09-14 09:31:26.740,4.716,800
2020-09-14 09:31:26.910,4.716,5000
2020-09-14 09:31:27.210,4.716,5000
2020-09-14 09:31:27.240,4.716,500
2020-09-14 09:31:27.330,4.716,70000
2020-09-14 09:31:27.580,4.716,600
2020-09-14 09:31:27.900,4.717,1100
2020-09-14 09:31:27.900,4.717,200
2020-09-14 09:31:27.900,4.717,200
2020-09-14 09:31:27.900,4.717,8500
2020-09-14 09:31:27.990,4.716,12000
2020-09-14 09:31:27.990,4.716,1300
2020-09-14 09:31:28.020,4.716,7000
2020-09-14 09:31:28.020,4.716,100
2020-09-14 09:31:28.310,4.716,4200
2020-09-14 09:31:28.400,4.716,4700
2020-09-14 09:31:28.920,4.715,89100
2020-09-14 09:31:29.020,4.715,300
2020-09-14 09:31:29.260,4.715,29500
2020-09-14 09:31:29.260,4.715,64400
2020-09-14 09:31:29.260,4.715,5000
2020-09-14 09:31:29.370,4.715,45000
2020-09-14 09:31:29.430,4.715,16500
2020-09-14 09:31:29.510,4.715,100
2020-09-14 09:31:30.070,4.716,2000
2020-09-14 09:31:30.070,4.717,5500
2020-09-14 09:31:30.070,4.717,5000
2020-09-14 09:31:30.070,4.717,20000
2020-09-14 09:31:30.070,4.717,10000
2020-09-14 09:31:30.070,4.717,100
2020-09-14 09:31:30.070,4.717,1500
2020-09-14 09:31:30.070,4.717,2000
2020-09-14 09:31:30.070,4.717,1000
2020-09-14 09:31:30.070,4.717,100
2020-09-14 09:31:30.070,4.717,1500
2020-09-14 09:31:30.070,4.717,43300
2020-09-14 09:31:30.150,4.716,2300
2020-09-14 09:31:30.150,4.715,7700
2020-09-14 09:31:30.220,4.715,10000
2020-09-14 09:31:30.220,4.717,12300
2020-09-14 09:31:30.280,4.717,900
2020-09-14 09:31:30.920,4.716,2000
2020-09-14 09:31:30.950,4.716,28000
2020-09-14 09:31:31.210,4.716,2000
2020-09-14 09:31:31.350,4.716,5000
2020-09-14 09:31:31.350,4.717,30000
2020-09-14 09:31:32.800,4.716,7500
2020-09-14 09:31:32.800,4.716,2200
2020-09-14 09:31:32.950,4.716,100
2020-09-14 09:31:33.320,4.716,500
2020-09-14 09:31:33.460,4.716,500
2020-09-14 09:31:33.810,4.716,1600
2020-09-14 09:31:34.100,4.716,2000
2020-09-14 09:31:34.370,4.717,10000
2020-09-14 09:31:34.530,4.716,700
2020-09-14 09:31:34.710,4.716,5500
2020-09-14 09:31:34.770,4.716,2600
2020-09-14 09:31:35.170,4.717,500
2020-09-14 09:31:35.430,4.716,7900
2020-09-14 09:31:35.760,4.717,3000
2020-09-14 09:31:35.870,4.717,500
2020-09-14 09:31:35.900,4.717,50400
2020-09-14 09:31:35.900,4.717,500
2020-09-14 09:31:35.900,4.717,300
2020-09-14 09:31:36.250,4.717,9000
2020-09-14 09:31:36.510,4.717,30000
2020-09-14 09:31:36.630,4.717,400
2020-09-14 09:31:36.770,4.717,2000
2020-09-14 09:31:36.860,4.717,4800
2020-09-14 09:31:37.660,4.717,100
2020-09-14 09:31:37.860,4.717,1500
2020-09-14 09:31:37.960,4.717,1000
2020-09-14 09:31:38.070,4.717,2000
2020-09-14 09:31:38.320,4.717,900
2020-09-14 09:31:38.610,4.717,1000
2020-09-14 09:31:38.750,4.717,3000
2020-09-14 09:31:38.810,4.717,1000
2020-09-14 09:31:39.070,4.717,8300
2020-09-14 09:31:39.900,4.717,1300
2020-09-14 09:31:39.960,4.717,2100
2020-09-14 09:31:40.220,4.717,7600
2020-09-14 09:31:40.560,4.717,3000
2020-09-14 09:31:40.860,4.717,1100
2020-09-14 09:31:40.860,4.717,6000
2020-09-14 09:31:40.930,4.717,700
2020-09-14 09:31:41.070,4.717,4000
2020-09-14 09:31:41.130,4.717,5200
2020-09-14 09:31:41.430,4.717,1000
2020-09-14 09:31:41.460,4.718,2300
2020-09-14 09:31:41.460,4.718,2400
2020-09-14 09:31:41.460,4.718,400
2020-09-14 09:31:41.460,4.718,300
2020-09-14 09:31:41.460,4.718,300
2020-09-14 09:31:41.460,4.718,14300
2020-09-14 09:31:41.570,4.718,37700
2020-09-14 09:31:41.570,4.718,5000
2020-09-14 09:31:41.570,4.718,200
2020-09-14 09:31:41.570,4.718,10000
2020-09-14 09:31:41.570,4.718,500
2020-09-14 09:31:41.570,4.718,30000
2020-09-14 09:31:41.570,4.718,2000
2020-09-14 09:31:41.570,4.718,500
2020-09-14 09:31:41.570,4.718,500
2020-09-14 09:31:41.570,4.718,10000
2020-09-14 09:31:41.570,4.718,5000
2020-09-14 09:31:41.570,4.718,3000
2020-09-14 09:31:41.570,4.718,50000
2020-09-14 09:31:41.570,4.718,10000
2020-09-14 09:31:41.570,4.718,1400
2020-09-14 09:31:41.570,4.718,1500
2020-09-14 09:31:41.570,4.718,25000
2020-09-14 09:31:41.570,4.718,5000
2020-09-14 09:31:41.570,4.718,20000
2020-09-14 09:31:41.570,4.718,20000
2020-09-14 09:31:41.570,4.718,2000
2020-09-14 09:31:41.570,4.718,2000
2020-09-14 09:31:41.570,4.718,8000
2020-09-14 09:31:41.570,4.718,16500
2020-09-14 09:31:42.090,4.718,5000
2020-09-14 09:31:42.090,4.718,2100
2020-09-14 09:31:42.350,4.718,7100
2020-09-14 09:31:42.350,4.718,200
2020-09-14 09:31:42.350,4.717,2700
2020-09-14 09:31:42.630,4.717,17800
2020-09-14 09:31:42.740,4.717,10800
2020-09-14 09:31:43.200,4.717,133700
2020-09-14 09:31:43.200,4.717,16400
2020-09-14 09:31:43.440,4.718,50000
2020-09-14 09:31:43.700,4.717,43600
2020-09-14 09:31:43.700,4.717,2600
2020-09-14 09:31:43.700,4.717,3000
2020-09-14 09:31:43.700,4.717,5000
2020-09-14 09:31:43.700,4.717,15400
2020-09-14 09:31:43.700,4.717,230400
2020-09-14 09:31:44.640,4.718,1900
2020-09-14 09:31:44.640,4.718,10600
2020-09-14 09:31:44.640,4.719,100
2020-09-14 09:31:44.640,4.719,3600
2020-09-14 09:31:44.640,4.719,5000
2020-09-14 09:31:44.640,4.719,600
2020-09-14 09:31:44.640,4.719,200
2020-09-14 09:31:44.640,4.719,100
2020-09-14 09:31:44.640,4.719,700
2020-09-14 09:31:44.640,4.719,5000
2020-09-14 09:31:44.640,4.719,93300
2020-09-14 09:31:44.640,4.719,1200
2020-09-14 09:31:44.640,4.719,3000
2020-09-14 09:31:44.640,4.719,1000
2020-09-14 09:31:44.640,4.719,5000
2020-09-14 09:31:44.640,4.719,100
2020-09-14 09:31:44.640,4.719,1000
2020-09-14 09:31:44.640,4.719,1500
2020-09-14 09:31:44.640,4.719,1000
2020-09-14 09:31:44.640,4.719,50000
2020-09-14 09:31:44.640,4.719,6000
2020-09-14 09:31:44.640,4.719,77800
2020-09-14 09:31:44.640,4.719,10000
2020-09-14 09:31:44.640,4.719,9400
2020-09-14 09:31:44.640,4.719,500000
2020-09-14 09:31:44.640,4.719,10000
2020-09-14 09:31:44.640,4.719,100
2020-09-14 09:31:44.640,4.719,5000
2020-09-14 09:31:44.640,4.719,2000
2020-09-14 09:31:44.640,4.719,2000
2020-09-14 09:31:44.640,4.719,10000
2020-09-14 09:31:44.640,4.719,10000
2020-09-14 09:31:44.640,4.719,72800
2020-09-14 09:31:44.780,4.717,100000
2020-09-14 09:31:45.200,4.718,200
2020-09-14 09:31:45.200,4.717,9100
2020-09-14 09:31:45.240,4.717,2200
2020-09-14 09:31:45.240,4.717,1000
2020-09-14 09:31:45.390,4.717,3900
2020-09-14 09:31:45.970,4.717,600
2020-09-14 09:31:45.970,4.717,200
2020-09-14 09:31:45.970,4.717,200
2020-09-14 09:31:46.000,4.717,2500
2020-09-14 09:31:46.210,4.717,1600
2020-09-14 09:31:47.130,4.718,6000
2020-09-14 09:31:47.130,4.718,6600
2020-09-14 09:31:47.130,4.718,100
2020-09-14 09:31:47.130,4.718,3000
2020-09-14 09:31:47.130,4.718,2000
2020-09-14 09:31:47.130,4.718,2000
2020-09-14 09:31:47.130,4.718,4000
2020-09-14 09:31:47.130,4.718,3500
2020-09-14 09:31:47.130,4.719,300
2020-09-14 09:31:47.130,4.72,2100
2020-09-14 09:31:47.130,4.72,2000
2020-09-14 09:31:47.130,4.72,4600
2020-09-14 09:31:47.130,4.72,2100
2020-09-14 09:31:47.130,4.72,100
2020-09-14 09:31:47.130,4.72,3900
2020-09-14 09:31:47.750,4.718,300
2020-09-14 09:31:47.750,4.717,700
2020-09-14 09:31:47.750,4.717,5000
2020-09-14 09:31:48.050,4.716,200
2020-09-14 09:31:48.050,4.716,1800
2020-09-14 09:31:48.190,4.716,20000
2020-09-14 09:31:49.020,4.716,5000
2020-09-14 09:31:49.080,4.716,10000
2020-09-14 09:31:49.230,4.717,10300
2020-09-14 09:31:49.520,4.716,2000
2020-09-14 09:31:49.750,4.717,1000
2020-09-14 09:31:49.790,4.717,18000
2020-09-14 09:31:50.060,4.717,114800
2020-09-14 09:31:50.060,4.717,200
2020-09-14 09:31:50.060,4.717,50000
2020-09-14 09:31:50.060,4.718,200
2020-09-14 09:31:50.060,4.718,5000
2020-09-14 09:31:50.060,4.718,1000
2020-09-14 09:31:50.060,4.719,100
2020-09-14 09:31:50.060,4.719,2000
2020-09-14 09:31:50.060,4.72,6100
2020-09-14 09:31:50.060,4.72,5100
2020-09-14 09:31:50.060,4.72,5000
2020-09-14 09:31:50.060,4.72,5000
2020-09-14 09:31:50.060,4.72,5000
2020-09-14 09:31:50.060,4.72,5000
2020-09-14 09:31:50.060,4.72,500
2020-09-14 09:31:50.060,4.72,4000
2020-09-14 09:31:50.060,4.72,10400
2020-09-14 09:31:50.060,4.72,200
2020-09-14 09:31:50.060,4.72,10000
2020-09-14 09:31:50.060,4.72,5300
2020-09-14 09:31:50.060,4.72,20000
2020-09-14 09:31:50.060,4.72,2500
2020-09-14 09:31:50.060,4.72,1300
2020-09-14 09:31:50.060,4.72,20000
2020-09-14 09:31:50.060,4.72,5500
2020-09-14 09:31:50.060,4.72,5000
2020-09-14 09:31:50.060,4.72,1000
2020-09-14 09:31:50.060,4.72,10000
2020-09-14 09:31:50.060,4.72,10000
2020-09-14 09:31:50.060,4.72,1400
2020-09-14 09:31:50.060,4.72,500
2020-09-14 09:31:50.060,4.72,10000
2020-09-14 09:31:50.060,4.72,10000
2020-09-14 09:31:50.060,4.72,12000
2020-09-14 09:31:50.060,4.72,3000
2020-09-14 09:31:50.060,4.72,3000
2020-09-14 09:31:50.060,4.72,30000
2020-09-14 09:31:50.060,4.72,4000
2020-09-14 09:31:50.060,4.72,2000
2020-09-14 09:31:50.060,4.72,6000
2020-09-14 09:31:50.060,4.72,300
2020-09-14 09:31:50.060,4.72,5000
2020-09-14 09:31:50.060,4.72,200
2020-09-14 09:31:50.060,4.72,1000
2020-09-14 09:31:50.060,4.72,1400
2020-09-14 09:31:50.730,4.717,100
2020-09-14 09:31:50.950,4.717,1000
2020-09-14 09:31:51.160,4.716,55000
2020-09-14 09:31:51.350,4.716,34700
2020-09-14 09:31:51.350,4.716,5000
2020-09-14 09:31:51.350,4.716,1500
2020-09-14 09:31:51.350,4.716,5000
2020-09-14 09:31:51.350,4.716,200
2020-09-14 09:31:51.350,4.716,1000
2020-09-14 09:31:51.350,4.715,5000
2020-09-14 09:31:51.350,4.715,30300
2020-09-14 09:31:51.860,4.717,900
2020-09-14 09:31:51.860,4.717,3000
2020-09-14 09:31:52.120,4.718,200
2020-09-14 09:31:52.440,4.718,13000
2020-09-14 09:31:52.440,4.718,8100
2020-09-14 09:31:52.600,4.717,100
2020-09-14 09:31:52.620,4.717,1400
2020-09-14 09:31:52.650,4.717,5000
2020-09-14 09:31:53.170,4.717,9900
2020-09-14 09:31:53.210,4.717,1000
2020-09-14 09:31:53.440,4.718,200
2020-09-14 09:31:53.670,4.717,1000
2020-09-14 09:31:53.940,4.717,15000
2020-09-14 09:31:54.580,4.717,1000
2020-09-14 09:31:54.690,4.717,4000
2020-09-14 09:31:54.690,4.717,7500
2020-09-14 09:31:54.820,4.717,2500
2020-09-14 09:31:55.200,4.718,16700
2020-09-14 09:31:55.200,4.718,20000
2020-09-14 09:31:55.200,4.718,1000
2020-09-14 09:31:55.200,4.718,30000
2020-09-14 09:31:55.200,4.719,5000
2020-09-14 09:31:55.200,4.719,5000
2020-09-14 09:31:55.200,4.719,7500
2020-09-14 09:31:55.200,4.72,1600
2020-09-14 09:31:55.200,4.72,1200
2020-09-14 09:31:55.200,4.72,5000
2020-09-14 09:31:55.200,4.72,2000
2020-09-14 09:31:55.200,4.72,11400
2020-09-14 09:31:55.200,4.72,2000
2020-09-14 09:31:55.200,4.72,5000
2020-09-14 09:31:55.200,4.72,5000
2020-09-14 09:31:55.200,4.72,50000
2020-09-14 09:31:55.200,4.72,300
2020-09-14 09:31:55.200,4.72,1000
2020-09-14 09:31:55.200,4.72,2000
2020-09-14 09:31:55.200,4.72,5800
2020-09-14 09:31:55.200,4.72,200
2020-09-14 09:31:55.200,4.72,100
2020-09-14 09:31:55.200,4.72,15000
2020-09-14 09:31:55.200,4.72,10000
2020-09-14 09:31:55.200,4.72,2000
2020-09-14 09:31:55.200,4.72,900
2020-09-14 09:31:55.200,4.72,200
2020-09-14 09:31:55.200,4.72,4200
2020-09-14 09:31:55.200,4.72,300000
2020-09-14 09:31:55.200,4.72,7000
2020-09-14 09:31:55.200,4.72,1500
2020-09-14 09:31:55.200,4.72,7000
2020-09-14 09:31:55.200,4.72,1000
2020-09-14 09:31:55.200,4.72,373400
2020-09-14 09:31:55.410,4.717,100
2020-09-14 09:31:55.440,4.717,10000
2020-09-14 09:31:55.530,4.717,9200
2020-09-14 09:31:55.760,4.718,2000
2020-09-14 09:31:55.790,4.717,500
2020-09-14 09:31:55.870,4.717,10000
2020-09-14 09:31:55.900,4.717,17900
2020-09-14 09:31:55.900,4.717,2100
2020-09-14 09:31:55.930,4.717,100
2020-09-14 09:31:56.220,4.717,1500
2020-09-14 09:31:56.220,4.716,148600
2020-09-14 09:31:56.220,4.716,96900
2020-09-14 09:31:56.510,4.717,19900
2020-09-14 09:31:56.820,4.717,100
2020-09-14 09:31:57.120,4.716,2500
2020-09-14 09:31:57.150,4.717,2200
2020-09-14 09:31:57.210,4.717,1000
2020-09-14 09:31:57.210,4.718,5000
2020-09-14 09:31:58.410,4.718,2000
2020-09-14 09:31:58.450,4.717,1400
2020-09-14 09:31:58.580,4.717,64400
2020-09-14 09:31:58.580,4.717,29500
2020-09-14 09:31:59.000,4.718,500
2020-09-14 09:31:59.260,4.717,20000
2020-09-14 09:31:59.400,4.717,5000
2020-09-14 09:31:59.950,4.718,60100
2020-09-14 09:31:59.950,4.718,11100
2020-09-14 09:31:59.950,4.718,25000
2020-09-14 09:32:00.220,4.718,3700
2020-09-14 09:32:00.220,4.718,100000
2020-09-14 09:32:00.270,4.719,200
2020-09-14 09:32:00.270,4.718,5000
2020-09-14 09:32:00.620,4.718,600
2020-09-14 09:32:00.650,4.718,300
2020-09-14 09:32:00.850,4.718,300
2020-09-14 09:32:00.970,4.718,7000
2020-09-14 09:32:01.030,4.718,20000
2020-09-14 09:32:01.200,4.717,2000
2020-09-14 09:32:02.000,4.718,1000
2020-09-14 09:32:02.000,4.718,3000
2020-09-14 09:32:02.000,4.718,100
2020-09-14 09:32:02.000,4.718,100
2020-09-14 09:32:02.000,4.718,3700
2020-09-14 09:32:02.000,4.717,3100
2020-09-14 09:32:02.230,4.717,600
2020-09-14 09:32:02.410,4.717,5000
2020-09-14 09:32:02.460,4.717,400
2020-09-14 09:32:02.460,4.717,4300
2020-09-14 09:32:02.460,4.717,26000
2020-09-14 09:32:02.830,4.718,2000
2020-09-14 09:32:03.000,4.717,50000
2020-09-14 09:32:03.170,4.717,28700
2020-09-14 09:32:03.320,4.717,3000
2020-09-14 09:32:03.490,4.718,100
2020-09-14 09:32:03.490,4.717,200
2020-09-14 09:32:03.640,4.717,1000
2020-09-14 09:32:03.660,4.717,5800
2020-09-14 09:32:03.860,4.717,400
2020-09-14 09:32:04.110,4.718,1000
2020-09-14 09:32:04.850,4.718,1000
2020-09-14 09:32:04.910,4.718,14700
2020-09-14 09:32:04.940,4.718,4600
2020-09-14 09:32:05.290,4.719,800
2020-09-14 09:32:05.290,4.719,3000
2020-09-14 09:32:05.290,4.719,3000
2020-09-14 09:32:05.290,4.719,500
2020-09-14 09:32:05.290,4.719,2000
2020-09-14 09:32:05.290,4.719,300
2020-09-14 09:32:05.290,4.719,6000
2020-09-14 09:32:05.290,4.719,20000
2020-09-14 09:32:05.290,4.719,2000
2020-09-14 09:32:05.290,4.719,30000
2020-09-14 09:32:05.290,4.719,5000
2020-09-14 09:32:05.480,4.719,8300
2020-09-14 09:32:05.480,4.719,18000
2020-09-14 09:32:06.130,4.719,2200
2020-09-14 09:32:06.220,4.719,200
2020-09-14 09:32:06.220,4.719,200
2020-09-14 09:32:06.220,4.719,200
2020-09-14 09:32:06.220,4.719,200
2020-09-14 09:32:06.290,4.719,200
2020-09-14 09:32:06.290,4.719,100
2020-09-14 09:32:06.290,4.719,1000
2020-09-14 09:32:06.350,4.719,4200
2020-09-14 09:32:06.350,4.719,400
2020-09-14 09:32:06.560,4.718,15900
2020-09-14 09:32:06.650,4.718,3000
2020-09-14 09:32:06.930,4.718,5500
2020-09-14 09:32:07.600,4.718,328400
2020-09-14 09:32:07.600,4.718,3800
2020-09-14 09:32:07.600,4.718,147800
2020-09-14 09:32:07.600,4.718,15000
2020-09-14 09:32:07.660,4.717,20000
2020-09-14 09:32:07.750,4.718,100
2020-09-14 09:32:07.990,4.717,2000
2020-09-14 09:32:08.650,4.717,422900
2020-09-14 09:32:08.650,4.717,500
2020-09-14 09:32:08.650,4.717,3000
2020-09-14 09:32:08.650,4.717,20000
2020-09-14 09:32:08.650,4.717,300000
2020-09-14 09:32:08.820,4.717,30000
2020-09-14 09:32:08.820,4.717,30000
2020-09-14 09:32:08.870,4.717,10600
2020-09-14 09:32:08.980,4.717,100
2020-09-14 09:32:10.250,4.717,108800
2020-09-14 09:32:10.480,4.717,74100
2020-09-14 09:32:10.480,4.717,8500
2020-09-14 09:32:10.480,4.717,5000
2020-09-14 09:32:10.480,4.717,6400
2020-09-14 09:32:10.480,4.718,4900
2020-09-14 09:32:10.480,4.718,1400
2020-09-14 09:32:10.480,4.718,5000
2020-09-14 09:32:10.900,4.719,5000
2020-09-14 09:32:10.900,4.719,2000
2020-09-14 09:32:10.900,4.72,50000
2020-09-14 09:32:10.900,4.72,100
2020-09-14 09:32:10.900,4.72,1600
2020-09-14 09:32:10.900,4.72,4800
2020-09-14 09:32:10.990,4.718,200000
2020-09-14 09:32:11.160,4.718,500
2020-09-14 09:32:11.240,4.718,13000
2020-09-14 09:32:11.350,4.718,15000
2020-09-14 09:32:12.030,4.718,1000
2020-09-14 09:32:12.360,4.718,2000
2020-09-14 09:32:12.450,4.718,4000
2020-09-14 09:32:12.700,4.718,8900
2020-09-14 09:32:13.770,4.718,1000
2020-09-14 09:32:14.130,4.718,900
2020-09-14 09:32:14.490,4.718,1500
2020-09-14 09:32:14.710,4.718,150100
2020-09-14 09:32:15.090,4.718,40000
2020-09-14 09:32:15.460,4.718,2500
2020-09-14 09:32:15.630,4.718,25000
2020-09-14 09:32:16.220,4.718,18200
2020-09-14 09:32:16.240,4.718,6200
2020-09-14 09:32:16.560,4.719,2100
2020-09-14 09:32:16.560,4.718,1000
2020-09-14 09:32:16.730,4.718,100
2020-09-14 09:32:16.730,4.718,60000
2020-09-14 09:32:17.480,4.719,2900
2020-09-14 09:32:17.480,4.719,2400
2020-09-14 09:32:17.480,4.719,3000
2020-09-14 09:32:17.480,4.719,1700
2020-09-14 09:32:17.570,4.718,34200
2020-09-14 09:32:17.570,4.718,9200
2020-09-14 09:32:17.590,4.718,100
2020-09-14 09:32:17.840,4.718,10000
2020-09-14 09:32:17.990,4.719,3000
2020-09-14 09:32:18.280,4.718,100
2020-09-14 09:32:19.050,4.718,11000
2020-09-14 09:32:19.050,4.718,179200
2020-09-14 09:32:19.050,4.718,20000
2020-09-14 09:32:19.050,4.718,507500
2020-09-14 09:32:19.140,4.718,13900
2020-09-14 09:32:19.710,4.718,20000
2020-09-14 09:32:20.360,4.718,10800
2020-09-14 09:32:20.360,4.718,5400
2020-09-14 09:32:20.360,4.718,3000
2020-09-14 09:32:20.360,4.718,5000
2020-09-14 09:32:20.360,4.718,9100
2020-09-14 09:32:20.360,4.717,15000
2020-09-14 09:32:20.360,4.717,51700
2020-09-14 09:32:20.450,4.718,100
2020-09-14 09:32:20.450,4.718,200
2020-09-14 09:32:20.520,4.717,100
2020-09-14 09:32:20.580,4.718,1000
2020-09-14 09:32:20.770,4.718,800
2020-09-14 09:32:20.770,4.718,500
2020-09-14 09:32:21.580,4.718,800
2020-09-14 09:32:21.610,4.718,300
2020-09-14 09:32:21.690,4.718,1000
2020-09-14 09:32:21.800,4.718,2500
2020-09-14 09:32:22.070,4.718,10000
2020-09-14 09:32:22.590,4.717,9000
2020-09-14 09:32:23.020,4.718,2000
2020-09-14 09:32:23.190,4.718,500
2020-09-14 09:32:23.370,4.718,100
2020-09-14 09:32:24.040,4.718,100
2020-09-14 09:32:24.520,4.718,900
2020-09-14 09:32:24.840,4.718,300
2020-09-14 09:32:25.360,4.718,5800
2020-09-14 09:32:25.560,4.718,400
2020-09-14 09:32:25.560,4.717,10000
2020-09-14 09:32:25.740,4.717,10000
2020-09-14 09:32:25.740,4.717,1000
2020-09-14 09:32:26.320,4.718,3000
2020-09-14 09:32:26.460,4.717,9000
2020-09-14 09:32:26.460,4.716,16000
2020-09-14 09:32:26.740,4.718,200
2020-09-14 09:32:26.770,4.718,400
2020-09-14 09:32:28.030,4.716,3000
2020-09-14 09:32:28.060,4.717,400
2020-09-14 09:32:30.020,4.717,5000
2020-09-14 09:32:30.360,4.716,8500
2020-09-14 09:32:30.480,4.717,24200
2020-09-14 09:32:30.480,4.717,64400
2020-09-14 09:32:30.480,4.717,6000
2020-09-14 09:32:30.480,4.717,500
2020-09-14 09:32:30.480,4.717,13900
2020-09-14 09:32:30.480,4.717,134300
2020-09-14 09:32:30.710,4.717,20000
2020-09-14 09:32:30.820,4.717,500
2020-09-14 09:32:31.080,4.717,43000
2020-09-14 09:32:31.080,4.716,72500
2020-09-14 09:32:31.080,4.715,5800
2020-09-14 09:32:31.420,4.715,42000
2020-09-14 09:32:31.420,4.715,2000
2020-09-14 09:32:31.420,4.715,100000
2020-09-14 09:32:31.420,4.715,12000
2020-09-14 09:32:31.420,4.715,100000
2020-09-14 09:32:31.420,4.715,39100
2020-09-14 09:32:33.060,4.717,10000
2020-09-14 09:32:33.060,4.717,2500
2020-09-14 09:32:33.060,4.717,500
2020-09-14 09:32:33.060,4.717,10000
2020-09-14 09:32:33.060,4.717,10000
2020-09-14 09:32:33.060,4.717,50000
2020-09-14 09:32:33.060,4.717,3500
2020-09-14 09:32:33.360,4.717,2000
2020-09-14 09:32:33.590,4.718,2400
2020-09-14 09:32:33.590,4.717,2000
2020-09-14 09:32:33.750,4.717,9500
2020-09-14 09:32:34.140,4.715,400
2020-09-14 09:32:34.380,4.716,1300
2020-09-14 09:32:35.630,4.715,42800
2020-09-14 09:32:36.650,4.715,17700
2020-09-14 09:32:36.650,4.715,3600
2020-09-14 09:32:36.730,4.716,2600
2020-09-14 09:32:37.010,4.715,126000
2020-09-14 09:32:37.190,4.715,70400
2020-09-14 09:32:37.190,4.715,100000
2020-09-14 09:32:37.190,4.714,300
2020-09-14 09:32:37.190,4.714,200
2020-09-14 09:32:37.190,4.714,800
2020-09-14 09:32:37.190,4.714,100000
2020-09-14 09:32:37.190,4.714,29700
2020-09-14 09:32:37.830,4.715,10000
2020-09-14 09:32:37.830,4.715,2000
2020-09-14 09:32:37.970,4.715,300
2020-09-14 09:32:38.550,4.715,1600
2020-09-14 09:32:39.740,4.716,2600
2020-09-14 09:32:39.740,4.716,3000
2020-09-14 09:32:39.740,4.716,1100
2020-09-14 09:32:39.740,4.716,6500
2020-09-14 09:32:39.740,4.716,2000
2020-09-14 09:32:39.740,4.716,1000
2020-09-14 09:32:39.740,4.716,1500
2020-09-14 09:32:39.740,4.716,7100
2020-09-14 09:32:39.740,4.716,2500
2020-09-14 09:32:39.740,4.716,3000
2020-09-14 09:32:39.740,4.717,7900
2020-09-14 09:32:39.740,4.717,1100
2020-09-14 09:32:39.740,4.717,5000
2020-09-14 09:32:39.740,4.717,26100
2020-09-14 09:32:39.740,4.717,1500
2020-09-14 09:32:39.740,4.717,200
2020-09-14 09:32:39.740,4.717,9600
2020-09-14 09:32:39.740,4.717,3300
2020-09-14 09:32:41.150,4.715,2000
2020-09-14 09:32:41.350,4.716,7500
2020-09-14 09:32:41.350,4.716,30000
2020-09-14 09:32:41.500,4.716,1500
2020-09-14 09:32:41.560,4.717,200
2020-09-14 09:32:41.700,4.716,4500
2020-09-14 09:32:42.270,4.716,27500
2020-09-14 09:32:42.850,4.715,23700
2020-09-14 09:32:43.330,4.717,1500
2020-09-14 09:32:43.330,4.717,6700
2020-09-14 09:32:43.330,4.717,800
2020-09-14 09:32:43.460,4.715,3400
2020-09-14 09:32:43.520,4.717,800
2020-09-14 09:32:43.640,4.716,13800
2020-09-14 09:32:43.640,4.715,36200
2020-09-14 09:32:43.980,4.716,1000
2020-09-14 09:32:44.530,4.715,5600
2020-09-14 09:32:44.780,4.716,800
2020-09-14 09:32:44.780,4.716,300
2020-09-14 09:32:44.780,4.716,4300
2020-09-14 09:32:45.690,4.716,100
2020-09-14 09:32:46.550,4.716,3000
2020-09-14 09:32:46.580,4.716,1000
2020-09-14 09:32:46.680,4.716,400
2020-09-14 09:32:47.030,4.716,14900
2020-09-14 09:32:47.030,4.716,100
2020-09-14 09:32:47.030,4.716,3500
2020-09-14 09:32:47.160,4.716,500
2020-09-14 09:32:47.330,4.717,1900
2020-09-14 09:32:47.330,4.717,18100
2020-09-14 09:32:47.680,4.716,200
2020-09-14 09:32:47.740,4.716,3000
2020-09-14 09:32:47.910,4.716,1700
2020-09-14 09:32:48.370,4.717,1900
2020-09-14 09:32:48.370,4.717,9900
2020-09-14 09:32:48.370,4.717,3000
2020-09-14 09:32:48.370,4.717,5000
2020-09-14 09:32:48.370,4.717,1000
2020-09-14 09:32:48.370,4.717,5000
2020-09-14 09:32:48.370,4.717,2300
2020-09-14 09:32:48.370,4.717,13100
2020-09-14 09:32:48.370,4.717,5000
2020-09-14 09:32:48.370,4.717,1000
2020-09-14 09:32:48.370,4.717,1000
2020-09-14 09:32:48.370,4.717,100
2020-09-14 09:32:48.370,4.717,22400
2020-09-14 09:32:48.370,4.717,1000
2020-09-14 09:32:48.770,4.717,6700
2020-09-14 09:32:48.860,4.717,2700
2020-09-14 09:32:49.100,4.717,5500
2020-09-14 09:32:49.150,4.717,1000
2020-09-14 09:32:49.210,4.717,500
2020-09-14 09:32:49.270,4.717,700
2020-09-14 09:32:49.320,4.717,3000
2020-09-14 09:32:49.530,4.717,8200
2020-09-14 09:32:49.530,4.717,16700
2020-09-14 09:32:49.530,4.717,400
2020-09-14 09:32:49.530,4.716,91000
2020-09-14 09:32:49.530,4.716,44100
2020-09-14 09:32:49.530,4.715,94400
2020-09-14 09:32:49.530,4.715,187300
2020-09-14 09:32:49.600,4.715,12200
2020-09-14 09:32:50.200,4.716,100
2020-09-14 09:32:50.760,4.715,600
2020-09-14 09:32:50.880,4.716,100
2020-09-14 09:32:50.910,4.715,2000
2020-09-14 09:32:51.480,4.715,5000
2020-09-14 09:32:51.530,4.716,1300
2020-09-14 09:32:51.530,4.716,9000
2020-09-14 09:32:51.530,4.716,2200
2020-09-14 09:32:51.710,4.717,700
2020-09-14 09:32:51.710,4.717,100
2020-09-14 09:32:51.710,4.717,20000
2020-09-14 09:32:51.710,4.718,79200
2020-09-14 09:32:52.300,4.716,1100
2020-09-14 09:32:52.380,4.716,500
2020-09-14 09:32:52.380,4.716,1000
2020-09-14 09:32:53.380,4.716,5000
2020-09-14 09:32:53.470,4.716,400
2020-09-14 09:32:54.200,4.717,5000
2020-09-14 09:32:54.200,4.717,900
2020-09-14 09:32:54.200,4.717,41600
2020-09-14 09:32:54.200,4.718,84400
2020-09-14 09:32:54.200,4.718,2000
2020-09-14 09:32:54.200,4.718,1200
2020-09-14 09:32:54.200,4.718,2000
2020-09-14 09:32:54.200,4.718,600
2020-09-14 09:32:54.200,4.718,2000
2020-09-14 09:32:54.200,4.718,6000
2020-09-14 09:32:54.200,4.718,200
2020-09-14 09:32:54.200,4.718,5700
2020-09-14 09:32:54.200,4.718,5000
2020-09-14 09:32:54.200,4.718,3500
2020-09-14 09:32:54.200,4.718,43900
2020-09-14 09:32:54.200,4.718,3000
2020-09-14 09:32:54.200,4.718,2000
2020-09-14 09:32:54.200,4.718,500
2020-09-14 09:32:54.200,4.718,2500
2020-09-14 09:32:54.200,4.718,5000
2020-09-14 09:32:54.200,4.718,20000
2020-09-14 09:32:54.200,4.718,2000
2020-09-14 09:32:54.200,4.718,2800
2020-09-14 09:32:54.200,4.718,60000
2020-09-14 09:32:54.200,4.718,2000
2020-09-14 09:32:54.200,4.718,90000
2020-09-14 09:32:54.200,4.718,7100
2020-09-14 09:32:54.200,4.718,3800
2020-09-14 09:32:54.370,4.718,4000
2020-09-14 09:32:54.570,4.718,500
2020-09-14 09:32:54.860,4.718,90800
2020-09-14 09:32:55.110,4.716,4100
2020-09-14 09:32:55.280,4.716,1000
2020-09-14 09:32:55.660,4.716,8000
2020-09-14 09:32:56.000,4.716,1200
2020-09-14 09:32:56.200,4.716,71400
2020-09-14 09:32:56.350,4.716,10600
2020-09-14 09:32:56.400,4.716,800
2020-09-14 09:32:57.080,4.716,100
2020-09-14 09:32:57.420,4.717,9200
2020-09-14 09:32:57.420,4.717,2300
2020-09-14 09:32:57.420,4.717,5000
2020-09-14 09:32:57.420,4.717,1000
2020-09-14 09:32:57.480,4.718,5000
2020-09-14 09:32:57.540,4.717,6400
2020-09-14 09:32:57.540,4.716,43600
2020-09-14 09:32:57.760,4.716,64400
2020-09-14 09:32:57.760,4.716,29500
2020-09-14 09:32:58.160,4.717,3000
2020-09-14 09:32:58.160,4.717,161100
2020-09-14 09:32:58.160,4.718,15000
2020-09-14 09:32:58.250,4.718,1800
2020-09-14 09:32:58.370,4.718,3500
2020-09-14 09:32:58.570,4.718,500
2020-09-14 09:32:58.790,4.718,2000
2020-09-14 09:32:58.790,4.718,100
2020-09-14 09:32:59.770,4.718,10000
2020-09-14 09:32:59.910,4.718,100
2020-09-14 09:32:59.940,4.718,2600
2020-09-14 09:33:00.080,4.718,3300
2020-09-14 09:33:00.260,4.718,8500
2020-09-14 09:33:00.590,4.718,10000
2020-09-14 09:33:00.940,4.718,4800
2020-09-14 09:33:01.240,4.718,2300
2020-09-14 09:33:02.110,4.718,600
2020-09-14 09:33:02.110,4.718,1000
2020-09-14 09:33:02.310,4.718,42000
2020-09-14 09:33:02.310,4.718,2200
2020-09-14 09:33:03.040,4.718,1000
2020-09-14 09:33:03.040,4.718,20000
2020-09-14 09:33:03.070,4.718,4300
2020-09-14 09:33:03.710,4.718,12000
2020-09-14 09:33:03.860,4.719,300
2020-09-14 09:33:03.860,4.719,500
2020-09-14 09:33:03.860,4.719,200
2020-09-14 09:33:04.170,4.718,8400
2020-09-14 09:33:04.370,4.718,10000
2020-09-14 09:33:05.130,4.718,7000
2020-09-14 09:33:05.300,4.718,12000
2020-09-14 09:33:05.410,4.718,100
2020-09-14 09:33:06.250,4.718,100
2020-09-14 09:33:06.390,4.718,1000
2020-09-14 09:33:06.430,4.718,10000
2020-09-14 09:33:06.430,4.718,1600
2020-09-14 09:33:06.620,4.718,1000
2020-09-14 09:33:07.100,4.718,8300
2020-09-14 09:33:07.160,4.718,5000
2020-09-14 09:33:07.490,4.718,10000
2020-09-14 09:33:07.620,4.719,1000
2020-09-14 09:33:07.880,4.718,4000
2020-09-14 09:33:08.030,4.718,1400
2020-09-14 09:33:08.540,4.718,5000
2020-09-14 09:33:08.890,4.718,5000
2020-09-14 09:33:09.120,4.719,1900
2020-09-14 09:33:09.520,4.718,5000
2020-09-14 09:33:09.550,4.718,20000
2020-09-14 09:33:09.870,4.718,20000
2020-09-14 09:33:10.540,4.718,10000
2020-09-14 09:33:10.670,4.719,100
2020-09-14 09:33:10.910,4.718,200
2020-09-14 09:33:11.080,4.719,100
2020-09-14 09:33:11.260,4.718,100
2020-09-14 09:33:11.550,4.718,3000
2020-09-14 09:33:11.950,4.719,700
2020-09-14 09:33:11.950,4.719,100
2020-09-14 09:33:11.950,4.719,100
2020-09-14 09:33:11.950,4.719,1100
2020-09-14 09:33:12.440,4.718,150000
2020-09-14 09:33:12.440,4.718,290100
2020-09-14 09:33:12.440,4.718,7200
2020-09-14 09:33:13.000,4.717,2000
2020-09-14 09:33:13.110,4.718,700
2020-09-14 09:33:13.110,4.718,24700
2020-09-14 09:33:15.750,4.718,100
2020-09-14 09:33:16.170,4.718,3200
2020-09-14 09:33:16.230,4.718,600
2020-09-14 09:33:17.820,4.718,18800
2020-09-14 09:33:17.820,4.718,5000
2020-09-14 09:33:17.820,4.718,2500
2020-09-14 09:33:17.820,4.718,5000
2020-09-14 09:33:17.820,4.718,1500
2020-09-14 09:33:17.820,4.718,2000
2020-09-14 09:33:17.820,4.718,5000
2020-09-14 09:33:17.820,4.718,3000
2020-09-14 09:33:17.820,4.718,2000
2020-09-14 09:33:17.820,4.718,2000
2020-09-14 09:33:17.820,4.718,5000
2020-09-14 09:33:17.820,4.718,1000
2020-09-14 09:33:18.110,4.718,1100
2020-09-14 09:33:18.430,4.718,5000
2020-09-14 09:33:18.570,4.718,1000
2020-09-14 09:33:18.830,4.718,10000
2020-09-14 09:33:18.960,4.718,2200
2020-09-14 09:33:19.050,4.718,5000
2020-09-14 09:33:19.480,4.719,800
2020-09-14 09:33:19.480,4.719,1000
2020-09-14 09:33:19.480,4.719,500
2020-09-14 09:33:20.370,4.718,10000
2020-09-14 09:33:20.400,4.718,200
2020-09-14 09:33:20.680,4.718,6000
2020-09-14 09:33:20.740,4.718,6700
2020-09-14 09:33:20.740,4.718,1000
2020-09-14 09:33:22.210,4.717,50000
2020-09-14 09:33:22.340,4.718,2000
2020-09-14 09:33:22.340,4.718,95400
2020-09-14 09:33:22.710,4.718,100
2020-09-14 09:33:23.070,4.718,3000
2020-09-14 09:33:23.610,4.717,5400
2020-09-14 09:33:24.810,4.717,42600
2020-09-14 09:33:24.810,4.717,107500
2020-09-14 09:33:24.880,4.717,200
2020-09-14 09:33:24.880,4.718,300
2020-09-14 09:33:25.350,4.717,40000
2020-09-14 09:33:25.890,4.717,52300
2020-09-14 09:33:25.890,4.717,3000
2020-09-14 09:33:25.890,4.717,8300
2020-09-14 09:33:25.890,4.717,400
2020-09-14 09:33:25.890,4.717,300
2020-09-14 09:33:25.890,4.717,4900
2020-09-14 09:33:25.980,4.717,6100
2020-09-14 09:33:25.980,4.717,5000
2020-09-14 09:33:25.980,4.717,28100
2020-09-14 09:33:26.260,4.717,10000
2020-09-14 09:33:27.270,4.717,8000
2020-09-14 09:33:27.620,4.717,1000
2020-09-14 09:33:28.400,4.716,3000
2020-09-14 09:33:28.400,4.716,1000
2020-09-14 09:33:28.400,4.716,100000
2020-09-14 09:33:28.400,4.716,500
2020-09-14 09:33:28.400,4.716,17600
2020-09-14 09:33:28.400,4.716,77900
2020-09-14 09:33:28.590,4.716,187800
2020-09-14 09:33:28.710,4.717,204000
2020-09-14 09:33:29.830,4.716,34300
2020-09-14 09:33:29.830,4.716,100
2020-09-14 09:33:30.510,4.717,96000
2020-09-14 09:33:30.510,4.717,100000
2020-09-14 09:33:30.510,4.717,48900
2020-09-14 09:33:31.210,4.715,2500
2020-09-14 09:33:31.420,4.717,2000
2020-09-14 09:33:31.450,4.717,4500
2020-09-14 09:33:31.480,4.717,1000
2020-09-14 09:33:31.970,4.717,100
2020-09-14 09:33:33.060,4.715,1000
2020-09-14 09:33:33.170,4.715,21500
2020-09-14 09:33:33.170,4.715,1000
2020-09-14 09:33:33.170,4.715,2000
2020-09-14 09:33:33.170,4.715,20000
2020-09-14 09:33:33.170,4.715,1500
2020-09-14 09:33:33.170,4.715,10000
2020-09-14 09:33:33.170,4.715,2100
2020-09-14 09:33:33.170,4.715,500
2020-09-14 09:33:33.170,4.714,1000
2020-09-14 09:33:33.170,4.714,500
2020-09-14 09:33:33.170,4.714,42900
2020-09-14 09:33:33.660,4.715,6200
2020-09-14 09:33:34.150,4.714,10000
2020-09-14 09:33:34.350,4.716,2000
2020-09-14 09:33:34.380,4.716,300
2020-09-14 09:33:35.300,4.716,3000
2020-09-14 09:33:35.330,4.715,1700
2020-09-14 09:33:35.590,4.715,210200
2020-09-14 09:33:35.930,4.716,3800
2020-09-14 09:33:36.160,4.715,22000
2020-09-14 09:33:36.370,4.715,20000
2020-09-14 09:33:36.370,4.716,1400
2020-09-14 09:33:36.370,4.716,84900
2020-09-14 09:33:36.370,4.716,2600
2020-09-14 09:33:36.370,4.716,1500
2020-09-14 09:33:36.370,4.716,3500
2020-09-14 09:33:36.370,4.716,20000
2020-09-14 09:33:36.370,4.717,7900
2020-09-14 09:33:36.370,4.717,29500
2020-09-14 09:33:36.370,4.717,16800
2020-09-14 09:33:36.880,4.716,3700
2020-09-14 09:33:36.880,4.717,21300
2020-09-14 09:33:36.900,4.715,3000
2020-09-14 09:33:37.080,4.717,8500
2020-09-14 09:33:37.460,4.715,43100
2020-09-14 09:33:37.460,4.715,22400
2020-09-14 09:33:37.750,4.715,3000
2020-09-14 09:33:37.830,4.715,700
2020-09-14 09:33:38.410,4.715,10000
2020-09-14 09:33:38.920,4.715,40000
2020-09-14 09:33:39.450,4.715,33300
2020-09-14 09:33:39.650,4.715,89100
2020-09-14 09:33:40.060,4.715,11000
2020-09-14 09:33:40.290,4.715,90500
2020-09-14 09:33:40.290,4.715,59600
2020-09-14 09:33:40.340,4.715,5000
2020-09-14 09:33:41.280,4.715,2000
2020-09-14 09:33:41.370,4.715,5100
2020-09-14 09:33:41.490,4.715,292900
2020-09-14 09:33:41.890,4.714,800
2020-09-14 09:33:42.160,4.714,11900
2020-09-14 09:33:42.440,4.715,100
2020-09-14 09:33:42.610,4.714,5000
2020-09-14 09:33:43.060,4.714,2300
2020-09-14 09:33:43.500,4.715,100
2020-09-14 09:33:44.140,4.715,3000
2020-09-14 09:33:44.730,4.714,7100
2020-09-14 09:33:44.830,4.715,1000
2020-09-14 09:33:44.830,4.714,20000
2020-09-14 09:33:44.830,4.714,100000
2020-09-14 09:33:44.830,4.714,100
2020-09-14 09:33:45.120,4.714,100
2020-09-14 09:33:45.460,4.713,1000
2020-09-14 09:33:45.460,4.713,7700
2020-09-14 09:33:46.780,4.714,300
2020-09-14 09:33:46.970,4.713,1500
2020-09-14 09:33:47.140,4.714,21000
2020-09-14 09:33:47.910,4.714,300
2020-09-14 09:33:48.800,4.713,12700
2020-09-14 09:33:49.380,4.714,8300
2020-09-14 09:33:49.380,4.714,5000
2020-09-14 09:33:49.380,4.714,7400
2020-09-14 09:33:49.380,4.714,19300
2020-09-14 09:33:49.380,4.714,2500
2020-09-14 09:33:49.380,4.714,9600
2020-09-14 09:33:49.380,4.714,4500
2020-09-14 09:33:49.380,4.714,8000
2020-09-14 09:33:49.530,4.714,60000
2020-09-14 09:33:49.530,4.714,5000
2020-09-14 09:33:49.900,4.714,23400
2020-09-14 09:33:50.740,4.714,800
2020-09-14 09:33:50.990,4.714,46200
2020-09-14 09:33:50.990,4.714,4300
2020-09-14 09:33:51.270,4.713,37100
2020-09-14 09:33:51.270,4.713,25000
2020-09-14 09:33:51.270,4.713,88000
2020-09-14 09:33:51.530,4.713,2200
2020-09-14 09:33:51.790,4.713,5000
2020-09-14 09:33:52.140,4.713,4800
2020-09-14 09:33:52.140,4.713,200000
2020-09-14 09:33:52.140,4.713,100
2020-09-14 09:33:52.980,4.713,200
2020-09-14 09:33:53.070,4.712,5000
2020-09-14 09:33:53.070,4.712,2000
2020-09-14 09:33:53.070,4.712,300
2020-09-14 09:33:53.070,4.712,62800
2020-09-14 09:33:53.620,4.712,37200
2020-09-14 09:33:53.620,4.712,100000
2020-09-14 09:33:53.620,4.712,60000
2020-09-14 09:33:54.070,4.712,100
2020-09-14 09:33:54.720,4.713,4000
2020-09-14 09:33:54.720,4.713,1000
2020-09-14 09:33:56.910,4.711,50000
2020-09-14 09:33:56.910,4.711,2200
2020-09-14 09:33:57.440,4.711,600
2020-09-14 09:33:58.350,4.712,100
2020-09-14 09:33:58.540,4.712,100
2020-09-14 09:33:58.940,4.711,1000
2020-09-14 09:33:58.970,4.712,200
2020-09-14 09:33:59.530,4.712,20000
2020-09-14 09:33:59.590,4.712,100
2020-09-14 09:33:59.820,4.712,9100
2020-09-14 09:33:59.820,4.712,22000
2020-09-14 09:33:59.820,4.712,302300
2020-09-14 09:33:59.940,4.711,200
2020-09-14 09:33:59.940,4.711,2800
2020-09-14 09:34:00.790,4.711,5000
2020-09-14 09:34:00.990,4.711,10000
2020-09-14 09:34:01.120,4.711,82200
2020-09-14 09:34:01.120,4.711,1000
2020-09-14 09:34:01.120,4.71,16800
2020-09-14 09:34:01.700,4.712,197700
2020-09-14 09:34:01.700,4.712,2500
2020-09-14 09:34:01.700,4.712,4500
2020-09-14 09:34:01.700,4.713,9000
2020-09-14 09:34:01.700,4.713,100
2020-09-14 09:34:01.700,4.713,64400
2020-09-14 09:34:01.700,4.713,146000
2020-09-14 09:34:02.300,4.71,1500
2020-09-14 09:34:02.360,4.713,300
2020-09-14 09:34:03.270,4.712,200
2020-09-14 09:34:03.770,4.711,2000
2020-09-14 09:34:04.680,4.71,41700
2020-09-14 09:34:04.680,4.71,10700
2020-09-14 09:34:04.680,4.71,800
2020-09-14 09:34:04.680,4.71,2000
2020-09-14 09:34:04.680,4.71,15000
2020-09-14 09:34:04.680,4.71,2000
2020-09-14 09:34:04.680,4.71,5000
2020-09-14 09:34:04.680,4.71,500
2020-09-14 09:34:04.680,4.71,5000
2020-09-14 09:34:04.680,4.71,100
2020-09-14 09:34:04.680,4.71,2000
2020-09-14 09:34:04.680,4.71,15200
2020-09-14 09:34:04.850,4.71,1000
2020-09-14 09:34:05.000,4.711,5000
2020-09-14 09:34:05.390,4.71,5000
2020-09-14 09:34:05.390,4.71,200
2020-09-14 09:34:05.390,4.71,4800
2020-09-14 09:34:05.440,4.71,1200
2020-09-14 09:34:06.150,4.71,11400
2020-09-14 09:34:06.910,4.711,500
2020-09-14 09:34:07.300,4.71,15000
2020-09-14 09:34:07.500,4.711,5100
2020-09-14 09:34:09.400,4.71,3000
2020-09-14 09:34:09.660,4.711,200
2020-09-14 09:34:09.740,4.711,8200
2020-09-14 09:34:09.740,4.711,500
2020-09-14 09:34:09.740,4.711,9900
2020-09-14 09:34:09.740,4.711,4000
2020-09-14 09:34:09.740,4.711,1500
2020-09-14 09:34:09.740,4.711,1400
2020-09-14 09:34:09.740,4.711,1000
2020-09-14 09:34:10.100,4.712,300
2020-09-14 09:34:11.460,4.712,300
2020-09-14 09:34:12.050,4.711,2200
2020-09-14 09:34:12.390,4.711,1000
2020-09-14 09:34:12.620,4.711,16200
2020-09-14 09:34:12.930,4.711,1000
2020-09-14 09:34:13.440,4.712,700
2020-09-14 09:34:13.440,4.712,200
2020-09-14 09:34:13.440,4.712,10000
2020-09-14 09:34:13.440,4.712,4000
2020-09-14 09:34:13.440,4.712,1500
2020-09-14 09:34:13.440,4.712,20000
2020-09-14 09:34:13.440,4.713,8000
2020-09-14 09:34:13.440,4.713,200
2020-09-14 09:34:13.440,4.713,35300
2020-09-14 09:34:13.440,4.713,500
2020-09-14 09:34:13.440,4.713,9400
2020-09-14 09:34:13.950,4.711,50000
2020-09-14 09:34:14.810,4.711,18900
2020-09-14 09:34:15.230,4.711,3000
2020-09-14 09:34:15.310,4.711,263900
2020-09-14 09:34:15.370,4.711,20000
2020-09-14 09:34:15.480,4.711,7100
2020-09-14 09:34:15.480,4.711,700
2020-09-14 09:34:16.020,4.711,13700
2020-09-14 09:34:16.020,4.711,10000
2020-09-14 09:34:16.020,4.711,2200
2020-09-14 09:34:16.020,4.711,5100
2020-09-14 09:34:16.020,4.711,100
2020-09-14 09:34:16.430,4.711,4000
2020-09-14 09:34:17.170,4.71,10000
2020-09-14 09:34:17.430,4.71,30000
2020-09-14 09:34:18.400,4.71,24600
2020-09-14 09:34:18.400,4.71,1500
2020-09-14 09:34:18.400,4.71,200
2020-09-14 09:34:18.400,4.71,63700
2020-09-14 09:34:18.550,4.71,2200
2020-09-14 09:34:18.900,4.711,25500
2020-09-14 09:34:18.900,4.711,15200
2020-09-14 09:34:18.900,4.711,14500
2020-09-14 09:34:18.900,4.711,7000
2020-09-14 09:34:18.900,4.711,12400
2020-09-14 09:34:18.900,4.711,11800
2020-09-14 09:34:18.900,4.711,1900
2020-09-14 09:34:19.800,4.711,1000
2020-09-14 09:34:19.910,4.711,5000
2020-09-14 09:34:20.070,4.711,5000
2020-09-14 09:34:20.200,4.711,300
2020-09-14 09:34:20.270,4.711,400
2020-09-14 09:34:20.270,4.71,600
2020-09-14 09:34:20.390,4.712,3000
2020-09-14 09:34:20.390,4.712,2100
2020-09-14 09:34:20.390,4.712,6000
2020-09-14 09:34:20.390,4.712,22000
2020-09-14 09:34:20.390,4.713,600
2020-09-14 09:34:20.390,4.713,3000
2020-09-14 09:34:20.390,4.713,3000
2020-09-14 09:34:20.390,4.713,1000
2020-09-14 09:34:20.390,4.713,28000
2020-09-14 09:34:20.390,4.713,355500
2020-09-14 09:34:20.570,4.71,5000
2020-09-14 09:34:20.680,4.71,1000
2020-09-14 09:34:21.210,4.71,1000
2020-09-14 09:34:21.400,4.713,200
2020-09-14 09:34:21.400,4.711,10000
2020-09-14 09:34:21.770,4.71,1000
2020-09-14 09:34:22.330,4.711,2600
2020-09-14 09:34:22.330,4.711,1600
2020-09-14 09:34:22.330,4.711,800
2020-09-14 09:34:22.330,4.71,1000
2020-09-14 09:34:22.610,4.71,6000
2020-09-14 09:34:22.830,4.71,400
2020-09-14 09:34:23.390,4.71,400
2020-09-14 09:34:23.390,4.71,76000
2020-09-14 09:34:23.850,4.71,400
2020-09-14 09:34:24.330,4.71,400
2020-09-14 09:34:24.750,4.71,400
2020-09-14 09:34:25.090,4.71,2500
2020-09-14 09:34:25.150,4.71,33700
2020-09-14 09:34:25.150,4.71,15400
2020-09-14 09:34:25.150,4.71,400
2020-09-14 09:34:25.690,4.71,400
2020-09-14 09:34:25.950,4.71,5000
2020-09-14 09:34:26.030,4.71,300
2020-09-14 09:34:26.090,4.71,3300
2020-09-14 09:34:26.790,4.711,1000
2020-09-14 09:34:26.930,4.711,6800
2020-09-14 09:34:26.930,4.711,200
2020-09-14 09:34:26.960,4.71,15900
2020-09-14 09:34:28.040,4.711,4900
2020-09-14 09:34:28.220,4.711,500
2020-09-14 09:34:28.310,4.711,200
2020-09-14 09:34:28.310,4.71,700
2020-09-14 09:34:28.670,4.711,4200
2020-09-14 09:34:28.670,4.711,10700
2020-09-14 09:34:28.670,4.711,5100
2020-09-14 09:34:29.010,4.711,4000
2020-09-14 09:34:29.310,4.711,10900
2020-09-14 09:34:29.310,4.711,100
2020-09-14 09:34:29.310,4.711,3000
2020-09-14 09:34:29.310,4.711,100
2020-09-14 09:34:29.400,4.711,5000
2020-09-14 09:34:29.790,4.712,700
2020-09-14 09:34:29.790,4.712,1000
2020-09-14 09:34:29.790,4.713,1200
2020-09-14 09:34:30.200,4.712,1200
2020-09-14 09:34:30.320,4.711,2000
2020-09-14 09:34:30.670,4.712,500
2020-09-14 09:34:30.860,4.711,2500
2020-09-14 09:34:31.010,4.711,20000
2020-09-14 09:34:31.060,4.711,5000
2020-09-14 09:34:31.360,4.711,1100
2020-09-14 09:34:31.600,4.711,5100
2020-09-14 09:34:32.340,4.711,2500
2020-09-14 09:34:32.790,4.711,300000
2020-09-14 09:34:33.520,4.711,8000
2020-09-14 09:34:33.970,4.711,5000
2020-09-14 09:34:34.170,4.711,388200
2020-09-14 09:34:34.300,4.711,30000
2020-09-14 09:34:34.710,4.711,4300
2020-09-14 09:34:35.030,4.712,4300
2020-09-14 09:34:35.030,4.712,10000
2020-09-14 09:34:35.440,4.712,1000
2020-09-14 09:34:35.500,4.712,64000
2020-09-14 09:34:35.800,4.712,220700
2020-09-14 09:34:35.800,4.711,28300
2020-09-14 09:34:35.800,4.711,200
2020-09-14 09:34:35.800,4.711,10000
2020-09-14 09:34:35.800,4.711,40800
2020-09-14 09:34:35.870,4.711,300000
2020-09-14 09:34:35.870,4.711,83400
2020-09-14 09:34:35.870,4.711,30100
2020-09-14 09:34:35.870,4.711,2000
2020-09-14 09:34:35.870,4.711,500
2020-09-14 09:34:35.870,4.711,4400
2020-09-14 09:34:35.870,4.711,179600
2020-09-14 09:34:36.670,4.711,8300
2020-09-14 09:34:36.790,4.711,200
2020-09-14 09:34:36.850,4.711,400
2020-09-14 09:34:37.190,4.711,130000
2020-09-14 09:34:37.430,4.712,5000
2020-09-14 09:34:37.430,4.712,13600
2020-09-14 09:34:37.430,4.713,25400
2020-09-14 09:34:37.430,4.713,200
2020-09-14 09:34:37.430,4.713,5000
2020-09-14 09:34:37.430,4.713,7000
2020-09-14 09:34:37.430,4.713,3800
2020-09-14 09:34:37.430,4.713,22000
2020-09-14 09:34:37.430,4.713,3600
2020-09-14 09:34:37.430,4.713,1000
2020-09-14 09:34:37.430,4.713,500
2020-09-14 09:34:37.430,4.713,6000
2020-09-14 09:34:38.230,4.713,6400
2020-09-14 09:34:38.260,4.713,107200
2020-09-14 09:34:38.320,4.713,6000
2020-09-14 09:34:38.730,4.713,500
2020-09-14 09:34:39.050,4.713,300
2020-09-14 09:34:39.230,4.713,500
2020-09-14 09:34:39.530,4.713,3800
2020-09-14 09:34:41.800,4.713,82200
2020-09-14 09:34:41.800,4.713,200
2020-09-14 09:34:41.800,4.712,217600
2020-09-14 09:34:41.820,4.712,82400
2020-09-14 09:34:41.820,4.712,217600
2020-09-14 09:34:43.030,4.713,500
2020-09-14 09:34:43.030,4.712,19100
2020-09-14 09:34:43.950,4.713,20000
2020-09-14 09:34:44.070,4.713,19600
2020-09-14 09:34:44.150,4.713,2000
2020-09-14 09:34:44.450,4.713,1100
2020-09-14 09:34:44.450,4.713,3000
2020-09-14 09:34:44.630,4.713,5000
2020-09-14 09:34:44.790,4.713,49300
2020-09-14 09:34:44.790,4.713,7700
2020-09-14 09:34:44.790,4.712,63300
2020-09-14 09:34:44.790,4.712,100000
2020-09-14 09:34:44.790,4.712,79700
2020-09-14 09:34:44.790,4.712,15700
2020-09-14 09:34:46.010,4.713,100
2020-09-14 09:34:46.240,4.713,100000
2020-09-14 09:34:46.480,4.713,400
2020-09-14 09:34:46.900,4.713,3000
2020-09-14 09:34:47.920,4.712,24600
2020-09-14 09:34:48.590,4.712,300
2020-09-14 09:34:48.650,4.712,254400
2020-09-14 09:34:49.620,4.712,500
2020-09-14 09:34:49.860,4.712,100
2020-09-14 09:34:50.640,4.711,10000
2020-09-14 09:34:50.660,4.711,11400
2020-09-14 09:34:51.110,4.712,3900
2020-09-14 09:34:54.970,4.712,41100
2020-09-14 09:34:54.970,4.712,10000
2020-09-14 09:34:54.970,4.712,900
2020-09-14 09:34:55.110,4.712,10000
2020-09-14 09:34:56.150,4.712,6200
2020-09-14 09:34:56.760,4.712,100
2020-09-14 09:34:59.730,4.712,2500
2020-09-14 09:34:59.800,4.712,29200
2020-09-14 09:34:59.800,4.712,11600
2020-09-14 09:34:59.800,4.712,30000
2020-09-14 09:34:59.800,4.712,20000
2020-09-14 09:34:59.800,4.712,33900
2020-09-14 09:34:59.800,4.712,2100
2020-09-14 09:34:59.800,4.712,100
2020-09-14 09:34:59.800,4.712,173100
2020-09-14 09:34:59.830,4.712,43000
2020-09-14 09:35:00.020,4.712,3000
2020-09-14 09:35:00.190,4.713,1300
2020-09-14 09:35:00.690,4.712,200
2020-09-14 09:35:01.030,4.712,1000
2020-09-14 09:35:01.490,4.712,5000
2020-09-14 09:35:01.990,4.712,2500
2020-09-14 09:35:02.050,4.712,100000
2020-09-14 09:35:02.570,4.713,100
2020-09-14 09:35:02.790,4.712,16100
2020-09-14 09:35:02.790,4.712,283900
2020-09-14 09:35:02.870,4.712,16900
2020-09-14 09:35:02.920,4.712,3000
2020-09-14 09:35:04.450,4.712,200
2020-09-14 09:35:04.970,4.713,6800
2020-09-14 09:35:05.480,4.712,200
2020-09-14 09:35:05.480,4.712,4800
2020-09-14 09:35:05.680,4.713,500
2020-09-14 09:35:05.880,4.712,2900
2020-09-14 09:35:05.880,4.712,2300
2020-09-14 09:35:05.880,4.712,7700
2020-09-14 09:35:05.990,4.713,3100
2020-09-14 09:35:06.140,4.713,18000
2020-09-14 09:35:07.380,4.712,3500
2020-09-14 09:35:07.380,4.712,68400
2020-09-14 09:35:07.530,4.713,101000
2020-09-14 09:35:08.000,4.712,600
2020-09-14 09:35:08.030,4.713,2200
2020-09-14 09:35:08.030,4.713,15800
2020-09-14 09:35:08.310,4.713,1000
2020-09-14 09:35:08.540,4.713,3200
2020-09-14 09:35:08.540,4.713,46800
2020-09-14 09:35:08.730,4.712,6000
2020-09-14 09:35:08.820,4.713,2200
2020-09-14 09:35:08.820,4.713,30000
2020-09-14 09:35:08.820,4.713,7000
2020-09-14 09:35:08.820,4.713,3000
2020-09-14 09:35:08.820,4.713,1100
2020-09-14 09:35:08.820,4.713,4300
2020-09-14 09:35:08.820,4.713,36000
2020-09-14 09:35:08.820,4.713,8300
2020-09-14 09:35:08.820,4.713,10000
2020-09-14 09:35:08.820,4.713,1000
2020-09-14 09:35:08.820,4.713,60000
2020-09-14 09:35:08.820,4.713,5000
2020-09-14 09:35:09.080,4.713,2000
2020-09-14 09:35:09.600,4.713,32800
2020-09-14 09:35:10.150,4.714,134800
2020-09-14 09:35:10.150,4.714,60000
2020-09-14 09:35:10.150,4.714,2000
2020-09-14 09:35:10.150,4.714,23700
2020-09-14 09:35:10.150,4.714,10000
2020-09-14 09:35:10.150,4.714,1000
2020-09-14 09:35:10.150,4.714,200
2020-09-14 09:35:10.150,4.714,7000
2020-09-14 09:35:10.150,4.714,6000
2020-09-14 09:35:10.150,4.714,50000
2020-09-14 09:35:10.410,4.714,500
2020-09-14 09:35:10.490,4.714,1000
2020-09-14 09:35:11.490,4.714,1400
2020-09-14 09:35:11.550,4.714,3000
2020-09-14 09:35:11.670,4.714,39300
2020-09-14 09:35:12.240,4.714,1700
2020-09-14 09:35:13.310,4.715,50000
2020-09-14 09:35:13.310,4.715,14600
2020-09-14 09:35:13.310,4.715,5000
2020-09-14 09:35:13.310,4.715,1000
2020-09-14 09:35:13.310,4.715,300
2020-09-14 09:35:13.310,4.715,500
2020-09-14 09:35:13.310,4.715,10000
2020-09-14 09:35:13.310,4.715,5000
2020-09-14 09:35:13.310,4.715,500
2020-09-14 09:35:13.310,4.715,7200
2020-09-14 09:35:13.310,4.715,3000
2020-09-14 09:35:13.310,4.715,1900
2020-09-14 09:35:13.310,4.715,9000
2020-09-14 09:35:13.310,4.715,2000
2020-09-14 09:35:13.310,4.715,10000
2020-09-14 09:35:13.310,4.715,500
2020-09-14 09:35:13.310,4.715,1000
2020-09-14 09:35:13.310,4.715,400
2020-09-14 09:35:13.310,4.715,5000
2020-09-14 09:35:13.340,4.715,100
2020-09-14 09:35:13.710,4.715,4100
2020-09-14 09:35:14.330,4.715,2000
2020-09-14 09:35:14.970,4.715,100
2020-09-14 09:35:15.080,4.715,3400
2020-09-14 09:35:16.270,4.715,50000
2020-09-14 09:35:17.070,4.715,40000
2020-09-14 09:35:17.390,4.715,5500
2020-09-14 09:35:17.710,4.715,1500
2020-09-14 09:35:17.810,4.715,19300
2020-09-14 09:35:18.220,4.714,29700
2020-09-14 09:35:18.740,4.715,1400
2020-09-14 09:35:18.740,4.714,800
2020-09-14 09:35:19.070,4.715,5900
2020-09-14 09:35:19.150,4.714,107400
2020-09-14 09:35:19.240,4.714,300
2020-09-14 09:35:19.900,4.714,1000
2020-09-14 09:35:20.290,4.715,2600
2020-09-14 09:35:20.790,4.715,270800
2020-09-14 09:35:20.790,4.715,73100
2020-09-14 09:35:20.820,4.714,300000
2020-09-14 09:35:23.320,4.714,1000
2020-09-14 09:35:23.550,4.714,25600
2020-09-14 09:35:23.920,4.714,92600
2020-09-14 09:35:25.040,4.714,3000
2020-09-14 09:35:25.040,4.713,2200
2020-09-14 09:35:26.350,4.714,1000
2020-09-14 09:35:26.350,4.713,15800
2020-09-14 09:35:26.350,4.713,200
2020-09-14 09:35:26.350,4.713,8700
2020-09-14 09:35:26.350,4.713,20000
2020-09-14 09:35:26.350,4.713,100
2020-09-14 09:35:26.400,4.713,6500
2020-09-14 09:35:27.000,4.713,3300
2020-09-14 09:35:27.490,4.712,25000
2020-09-14 09:35:27.490,4.712,6900
2020-09-14 09:35:29.150,4.712,13100
2020-09-14 09:35:29.150,4.712,1000
2020-09-14 09:35:29.150,4.712,98600
2020-09-14 09:35:29.150,4.712,1000
2020-09-14 09:35:29.150,4.711,113200
2020-09-14 09:35:30.130,4.712,2400
2020-09-14 09:35:31.980,4.712,5000
2020-09-14 09:35:32.180,4.711,198700
2020-09-14 09:35:32.430,4.711,2400
2020-09-14 09:35:32.640,4.712,200
2020-09-14 09:35:33.100,4.712,500
2020-09-14 09:35:34.340,4.712,100
2020-09-14 09:35:34.370,4.712,1000
2020-09-14 09:35:35.980,4.711,1000
2020-09-14 09:35:37.680,4.712,5700
2020-09-14 09:35:37.710,4.712,2000
2020-09-14 09:35:38.880,4.711,100
2020-09-14 09:35:38.880,4.712,1900
2020-09-14 09:35:39.320,4.711,200
2020-09-14 09:35:39.680,4.711,50000
2020-09-14 09:35:39.990,4.711,1000
2020-09-14 09:35:40.140,4.711,193500
2020-09-14 09:35:40.140,4.711,100
2020-09-14 09:35:40.140,4.711,100000
2020-09-14 09:35:40.140,4.711,100
2020-09-14 09:35:40.140,4.711,6300
2020-09-14 09:35:40.190,4.712,5000
2020-09-14 09:35:40.190,4.711,5000
2020-09-14 09:35:40.340,4.712,1000
2020-09-14 09:35:41.270,4.711,22000
2020-09-14 09:35:41.470,4.711,8800
2020-09-14 09:35:41.580,4.712,400
2020-09-14 09:35:42.190,4.712,200
2020-09-14 09:35:43.140,4.712,10000
2020-09-14 09:35:43.260,4.711,1000
2020-09-14 09:35:43.400,4.711,600
2020-09-14 09:35:43.850,4.711,2000
2020-09-14 09:35:43.950,4.712,3500
2020-09-14 09:35:44.040,4.711,5800
2020-09-14 09:35:44.180,4.711,48500
2020-09-14 09:35:44.180,4.711,200
2020-09-14 09:35:44.180,4.711,8200
2020-09-14 09:35:44.180,4.711,1000
2020-09-14 09:35:44.180,4.711,500
2020-09-14 09:35:44.180,4.711,10000
2020-09-14 09:35:44.180,4.711,1000
2020-09-14 09:35:44.180,4.711,200
2020-09-14 09:35:44.180,4.711,500
2020-09-14 09:35:44.440,4.711,100
2020-09-14 09:35:46.450,4.711,200
2020-09-14 09:35:47.120,4.711,14900
2020-09-14 09:35:48.200,4.711,13100
2020-09-14 09:35:48.930,4.711,4200
2020-09-14 09:35:49.400,4.711,100
2020-09-14 09:35:49.640,4.711,100
2020-09-14 09:35:50.260,4.71,3000
2020-09-14 09:35:51.920,4.71,5000
2020-09-14 09:35:52.130,4.711,17400
2020-09-14 09:35:52.130,4.711,200
2020-09-14 09:35:52.130,4.711,36100
2020-09-14 09:35:52.130,4.711,4000
2020-09-14 09:35:52.130,4.711,6000
2020-09-14 09:35:52.130,4.711,30200
2020-09-14 09:35:52.130,4.711,2000
2020-09-14 09:35:52.130,4.711,100000
2020-09-14 09:35:52.130,4.711,300
2020-09-14 09:35:52.130,4.711,87300
2020-09-14 09:35:52.130,4.711,5000
2020-09-14 09:35:52.130,4.711,20000
2020-09-14 09:35:52.130,4.711,100
2020-09-14 09:35:53.760,4.711,35300
2020-09-14 09:35:53.760,4.711,7000
2020-09-14 09:35:53.820,4.71,2100
2020-09-14 09:35:53.850,4.71,2900
2020-09-14 09:35:53.850,4.71,2100
2020-09-14 09:35:54.000,4.71,3000
2020-09-14 09:35:54.000,4.71,4800
2020-09-14 09:35:54.420,4.71,15200
2020-09-14 09:35:54.420,4.71,3500
2020-09-14 09:35:54.420,4.71,300
2020-09-14 09:35:54.420,4.71,100
2020-09-14 09:35:54.420,4.71,900
2020-09-14 09:35:55.090,4.711,1800
2020-09-14 09:35:55.180,4.71,1100
2020-09-14 09:35:55.180,4.71,1800
2020-09-14 09:35:55.180,4.71,9100
2020-09-14 09:35:55.450,4.711,3200
2020-09-14 09:35:55.450,4.712,40000
2020-09-14 09:35:55.450,4.712,1800
2020-09-14 09:35:55.450,4.712,5000
2020-09-14 09:35:55.610,4.71,900
2020-09-14 09:35:55.610,4.71,500
2020-09-14 09:35:55.610,4.71,2100
2020-09-14 09:35:55.710,4.71,2900
2020-09-14 09:35:55.710,4.71,8100
2020-09-14 09:35:56.070,4.71,1900
2020-09-14 09:35:56.070,4.71,500
2020-09-14 09:35:56.070,4.71,500
2020-09-14 09:35:56.520,4.71,100
2020-09-14 09:35:56.520,4.71,2800
2020-09-14 09:35:56.640,4.71,3000
2020-09-14 09:35:57.010,4.71,2900
2020-09-14 09:35:57.410,4.71,2900
2020-09-14 09:35:57.810,4.71,2900
2020-09-14 09:35:58.030,4.71,5000
2020-09-14 09:35:58.290,4.71,1900
2020-09-14 09:35:58.290,4.71,1000
2020-09-14 09:35:58.420,4.711,200
2020-09-14 09:35:58.420,4.711,600
2020-09-14 09:35:59.200,4.71,1000
2020-09-14 09:35:59.200,4.71,100
2020-09-14 09:35:59.200,4.71,1500
2020-09-14 09:35:59.200,4.71,100
2020-09-14 09:35:59.200,4.71,1000
2020-09-14 09:35:59.200,4.71,1300
2020-09-14 09:36:00.600,4.711,2500
2020-09-14 09:36:00.870,4.71,400
2020-09-14 09:36:00.870,4.711,6000
2020-09-14 09:36:01.450,4.71,1300
2020-09-14 09:36:04.960,4.71,3500
2020-09-14 09:36:04.960,4.71,900
2020-09-14 09:36:04.990,4.709,20000
2020-09-14 09:36:05.240,4.709,24900
2020-09-14 09:36:08.500,4.71,100
2020-09-14 09:36:08.500,4.71,100
2020-09-14 09:36:08.840,4.709,1400
2020-09-14 09:36:09.600,4.709,200
2020-09-14 09:36:09.600,4.709,500
2020-09-14 09:36:09.630,4.709,100
2020-09-14 09:36:10.470,4.709,12900
2020-09-14 09:36:10.470,4.709,5000
2020-09-14 09:36:10.470,4.709,1800
2020-09-14 09:36:10.470,4.709,14000
2020-09-14 09:36:10.530,4.71,1900
2020-09-14 09:36:10.530,4.71,2900
2020-09-14 09:36:10.530,4.71,300
2020-09-14 09:36:10.530,4.71,26600
2020-09-14 09:36:10.530,4.71,200
2020-09-14 09:36:10.530,4.71,1800
2020-09-14 09:36:10.530,4.71,2000
2020-09-14 09:36:10.530,4.71,4300
2020-09-14 09:36:10.790,4.709,86000
2020-09-14 09:36:10.790,4.709,1600
2020-09-14 09:36:10.970,4.709,6200
2020-09-14 09:36:11.150,4.709,2000
2020-09-14 09:36:11.890,4.71,13200
2020-09-14 09:36:11.890,4.71,800
2020-09-14 09:36:12.070,4.71,4600
2020-09-14 09:36:12.070,4.71,6100
2020-09-14 09:36:12.070,4.71,6300
2020-09-14 09:36:12.300,4.709,100
2020-09-14 09:36:12.860,4.71,500
2020-09-14 09:36:12.940,4.709,20100
2020-09-14 09:36:12.940,4.709,1000
2020-09-14 09:36:12.940,4.709,10000
2020-09-14 09:36:12.940,4.709,3000
2020-09-14 09:36:12.980,4.709,1000
2020-09-14 09:36:13.430,4.709,800
2020-09-14 09:36:13.690,4.709,31700
2020-09-14 09:36:13.910,4.709,200
2020-09-14 09:36:13.940,4.709,1500
2020-09-14 09:36:15.560,4.709,5000
2020-09-14 09:36:16.090,4.708,20000
2020-09-14 09:36:16.620,4.709,5000
2020-09-14 09:36:17.110,4.709,10000
2020-09-14 09:36:17.150,4.709,1000
2020-09-14 09:36:18.050,4.708,32800
2020-09-14 09:36:18.440,4.708,7200
2020-09-14 09:36:18.440,4.708,2800
2020-09-14 09:36:19.270,4.708,2200
2020-09-14 09:36:19.270,4.708,200
2020-09-14 09:36:19.270,4.708,29000
2020-09-14 09:36:19.570,4.708,2500
2020-09-14 09:36:19.810,4.709,5000
2020-09-14 09:36:20.170,4.709,40600
2020-09-14 09:36:20.170,4.709,5000
2020-09-14 09:36:20.170,4.709,23000
2020-09-14 09:36:20.170,4.709,200
2020-09-14 09:36:20.170,4.709,500
2020-09-14 09:36:20.170,4.709,1600
2020-09-14 09:36:20.170,4.709,3000
2020-09-14 09:36:20.170,4.709,52200
2020-09-14 09:36:20.310,4.709,6000
2020-09-14 09:36:20.310,4.709,300
2020-09-14 09:36:20.450,4.708,60500
2020-09-14 09:36:21.650,4.708,200
2020-09-14 09:36:21.850,4.708,70000
2020-09-14 09:36:21.850,4.708,1400
2020-09-14 09:36:22.400,4.708,1000
2020-09-14 09:36:23.110,4.709,7000
2020-09-14 09:36:23.170,4.708,1100
2020-09-14 09:36:23.370,4.708,3000
2020-09-14 09:36:24.070,4.709,1000
2020-09-14 09:36:24.390,4.708,33000
2020-09-14 09:36:25.030,4.708,5000
2020-09-14 09:36:25.960,4.708,5000
2020-09-14 09:36:26.600,4.708,160403
2020-09-14 09:36:27.280,4.708,3500
2020-09-14 09:36:27.390,4.708,20000
2020-09-14 09:36:27.450,4.708,200
2020-09-14 09:36:28.310,4.708,7100
2020-09-14 09:36:29.000,4.708,3200
2020-09-14 09:36:29.490,4.709,10000
2020-09-14 09:36:29.640,4.708,1000
2020-09-14 09:36:30.010,4.708,2000
2020-09-14 09:36:30.170,4.709,2300
2020-09-14 09:36:30.290,4.709,500
2020-09-14 09:36:30.400,4.708,5000
2020-09-14 09:36:30.540,4.708,4400
2020-09-14 09:36:30.820,4.708,19100
2020-09-14 09:36:31.280,4.708,100
2020-09-14 09:36:31.420,4.708,2000
2020-09-14 09:36:31.610,4.708,10000
2020-09-14 09:36:31.760,4.708,2200
2020-09-14 09:36:31.760,4.708,31100
2020-09-14 09:36:31.790,4.709,1000
2020-09-14 09:36:32.750,4.709,100
2020-09-14 09:36:33.520,4.708,2000
2020-09-14 09:36:33.750,4.708,300
2020-09-14 09:36:34.080,4.708,1900
2020-09-14 09:36:34.160,4.708,6700
2020-09-14 09:36:34.720,4.708,1600
2020-09-14 09:36:35.910,4.708,200
2020-09-14 09:36:36.290,4.709,400
2020-09-14 09:36:36.790,4.708,300
2020-09-14 09:36:36.870,4.708,3200
2020-09-14 09:36:37.130,4.708,700
2020-09-14 09:36:37.850,4.708,97
2020-09-14 09:36:37.850,4.708,1000
2020-09-14 09:36:37.850,4.708,1000
2020-09-14 09:36:37.850,4.708,74903
2020-09-14 09:36:38.670,4.708,1700
2020-09-14 09:36:38.860,4.708,1000
2020-09-14 09:36:38.860,4.708,900
2020-09-14 09:36:40.610,4.709,100
2020-09-14 09:36:41.040,4.708,7000
2020-09-14 09:36:42.690,4.708,13700
2020-09-14 09:36:43.460,4.708,2000
2020-09-14 09:36:43.490,4.708,2700
2020-09-14 09:36:43.570,4.708,21000
2020-09-14 09:36:43.690,4.708,1500
2020-09-14 09:36:43.800,4.708,3000
2020-09-14 09:36:44.210,4.709,3000
2020-09-14 09:36:44.350,4.709,63900
2020-09-14 09:36:44.350,4.709,2000
2020-09-14 09:36:44.350,4.709,2200
2020-09-14 09:36:44.350,4.709,900
2020-09-14 09:36:44.350,4.709,1400
2020-09-14 09:36:44.350,4.709,18700
2020-09-14 09:36:44.350,4.709,10000
2020-09-14 09:36:44.350,4.709,5000
2020-09-14 09:36:44.350,4.709,5000
2020-09-14 09:36:44.350,4.709,5000
2020-09-14 09:36:44.350,4.709,10000
2020-09-14 09:36:44.350,4.709,1000
2020-09-14 09:36:44.350,4.709,18200
2020-09-14 09:36:44.440,4.709,5000
2020-09-14 09:36:44.610,4.709,50000
2020-09-14 09:36:45.400,4.71,3200
2020-09-14 09:36:45.400,4.71,7000
2020-09-14 09:36:45.400,4.71,1000
2020-09-14 09:36:45.400,4.71,11700
2020-09-14 09:36:45.400,4.71,3000
2020-09-14 09:36:45.400,4.71,2000
2020-09-14 09:36:45.400,4.71,2500
2020-09-14 09:36:45.400,4.71,2000
2020-09-14 09:36:45.400,4.71,1000
2020-09-14 09:36:45.400,4.71,1000
2020-09-14 09:36:45.400,4.71,600
2020-09-14 09:36:45.400,4.709,100
2020-09-14 09:36:45.460,4.709,1500
2020-09-14 09:36:45.580,4.709,100
2020-09-14 09:36:45.950,4.709,1000
2020-09-14 09:36:46.080,4.709,10000
2020-09-14 09:36:46.360,4.709,10000
2020-09-14 09:36:46.780,4.709,37400
2020-09-14 09:36:46.980,4.709,3000
2020-09-14 09:36:47.100,4.709,10000
2020-09-14 09:36:48.960,4.709,5000
2020-09-14 09:36:49.880,4.709,1800
