Datetime,Price,Volume
2020-08-31 09:25:00.310,3.435,500
2020-08-31 09:25:00.310,3.435,1700
2020-08-31 09:25:00.310,3.435,3000
2020-08-31 09:25:00.310,3.435,2400
2020-08-31 09:25:00.310,3.435,25000
2020-08-31 09:25:00.310,3.435,25000
2020-08-31 09:25:00.310,3.435,3500
2020-08-31 09:25:00.310,3.435,400
2020-08-31 09:25:00.310,3.435,1100
2020-08-31 09:25:00.310,3.435,300
2020-08-31 09:25:00.310,3.435,4700
2020-08-31 09:25:00.310,3.435,1400
2020-08-31 09:25:00.310,3.435,2000
2020-08-31 09:25:00.310,3.435,5900
2020-08-31 09:25:00.310,3.435,2000
2020-08-31 09:25:00.310,3.435,1600
2020-08-31 09:25:00.310,3.435,2500
2020-08-31 09:25:00.310,3.435,7000
2020-08-31 09:25:00.310,3.435,4600
2020-08-31 09:25:00.310,3.435,1000
2020-08-31 09:25:00.310,3.435,2400
2020-08-31 09:25:00.310,3.435,3000
2020-08-31 09:25:00.310,3.435,5000
2020-08-31 09:25:00.310,3.435,1000
2020-08-31 09:25:00.310,3.435,4800
2020-08-31 09:25:00.310,3.435,45300
2020-08-31 09:25:00.310,3.435,1600
2020-08-31 09:25:00.310,3.435,200
2020-08-31 09:25:00.310,3.435,3000
2020-08-31 09:25:00.310,3.435,2900
2020-08-31 09:25:00.310,3.435,1000
2020-08-31 09:25:00.310,3.435,100
2020-08-31 09:25:00.310,3.435,9600
2020-08-31 09:25:00.310,3.435,39900
2020-08-31 09:25:00.310,3.435,10100
2020-08-31 09:25:00.310,3.435,1100
2020-08-31 09:25:00.310,3.435,200
2020-08-31 09:25:00.310,3.435,70100
2020-08-31 09:25:00.310,3.435,7500
2020-08-31 09:25:00.310,3.435,2000
2020-08-31 09:25:00.310,3.435,300
2020-08-31 09:25:00.310,3.435,5000
2020-08-31 09:25:00.310,3.435,6000
2020-08-31 09:25:00.310,3.435,10300
2020-08-31 09:25:00.310,3.435,198800
2020-08-31 09:25:00.310,3.435,1700
2020-08-31 09:25:00.310,3.435,6000
2020-08-31 09:25:00.310,3.435,8800
2020-08-31 09:25:00.310,3.435,83700
2020-08-31 09:25:00.310,3.435,1000
2020-08-31 09:25:00.310,3.435,6000
2020-08-31 09:25:00.310,3.435,15000
2020-08-31 09:25:00.310,3.435,200
2020-08-31 09:25:00.310,3.435,1200
2020-08-31 09:25:00.310,3.435,10800
2020-08-31 09:25:00.310,3.435,5100
2020-08-31 09:25:00.310,3.435,5100
2020-08-31 09:25:00.310,3.435,4700
2020-08-31 09:25:00.310,3.435,10000
2020-08-31 09:25:00.310,3.435,1300
2020-08-31 09:25:00.310,3.435,200
2020-08-31 09:25:00.310,3.435,10000
2020-08-31 09:25:00.310,3.435,1000
2020-08-31 09:25:00.310,3.435,500
2020-08-31 09:25:00.310,3.435,200
2020-08-31 09:25:00.310,3.435,200
2020-08-31 09:25:00.310,3.435,200
2020-08-31 09:25:00.310,3.435,300
2020-08-31 09:25:00.310,3.435,500
2020-08-31 09:25:00.310,3.435,400
2020-08-31 09:25:00.310,3.435,1600
2020-08-31 09:25:00.310,3.435,100
2020-08-31 09:25:00.310,3.435,100
2020-08-31 09:25:00.310,3.435,200
2020-08-31 09:25:00.310,3.435,100
2020-08-31 09:25:00.310,3.435,100
2020-08-31 09:25:00.310,3.435,400
2020-08-31 09:25:00.310,3.435,600
2020-08-31 09:25:00.310,3.435,100
2020-08-31 09:25:00.310,3.435,100
2020-08-31 09:25:00.310,3.435,300
2020-08-31 09:25:00.310,3.435,1200
2020-08-31 09:25:00.310,3.435,200
2020-08-31 09:25:00.310,3.435,2400
2020-08-31 09:25:00.310,3.435,800
2020-08-31 09:25:00.310,3.435,100
2020-08-31 09:25:00.310,3.435,100
2020-08-31 09:25:00.310,3.435,6000
2020-08-31 09:25:00.310,3.435,7800
2020-08-31 09:25:00.310,3.435,400
2020-08-31 09:25:00.310,3.435,1400
2020-08-31 09:25:00.310,3.435,4400
2020-08-31 09:25:00.310,3.435,200
2020-08-31 09:25:00.310,3.435,700
2020-08-31 09:25:00.310,3.435,200
2020-08-31 09:25:00.310,3.435,200
2020-08-31 09:25:00.310,3.435,100
2020-08-31 09:25:00.310,3.435,1200
2020-08-31 09:25:00.310,3.435,900
2020-08-31 09:25:00.310,3.435,500
2020-08-31 09:25:00.310,3.435,7600
2020-08-31 09:25:00.310,3.435,500
2020-08-31 09:25:00.310,3.435,1500
2020-08-31 09:25:00.310,3.435,1100
2020-08-31 09:25:00.310,3.435,3600
2020-08-31 09:25:00.310,3.435,800
2020-08-31 09:25:00.310,3.435,100
2020-08-31 09:25:00.310,3.435,100
2020-08-31 09:25:00.310,3.435,200
2020-08-31 09:25:00.310,3.435,600
2020-08-31 09:25:00.310,3.435,200
2020-08-31 09:25:00.310,3.435,100
2020-08-31 09:25:00.310,3.435,200
2020-08-31 09:25:00.310,3.435,10000
2020-08-31 09:25:00.310,3.435,100
2020-08-31 09:25:00.310,3.435,400
2020-08-31 09:25:00.310,3.435,300
2020-08-31 09:25:00.310,3.435,200
2020-08-31 09:25:00.310,3.435,700
2020-08-31 09:25:00.310,3.435,12200
2020-08-31 09:25:00.310,3.435,200
2020-08-31 09:25:00.310,3.435,1000
2020-08-31 09:25:00.310,3.435,300
2020-08-31 09:25:00.310,3.435,100
2020-08-31 09:25:00.310,3.435,200
2020-08-31 09:25:00.310,3.435,4800
2020-08-31 09:25:00.310,3.435,1200
2020-08-31 09:25:00.310,3.435,300
2020-08-31 09:25:00.310,3.435,100
2020-08-31 09:25:00.310,3.435,400
2020-08-31 09:25:00.310,3.435,1300
2020-08-31 09:25:00.310,3.435,5000
2020-08-31 09:25:00.310,3.435,5000
2020-08-31 09:25:00.310,3.435,2900
2020-08-31 09:25:00.310,3.435,3300
2020-08-31 09:25:00.310,3.435,37300
2020-08-31 09:25:00.310,3.435,10000
2020-08-31 09:25:00.310,3.435,1000
2020-08-31 09:25:00.310,3.435,5000
2020-08-31 09:25:00.310,3.435,150000
2020-08-31 09:25:00.310,3.435,100000
2020-08-31 09:25:00.310,3.435,3000
2020-08-31 09:25:00.310,3.435,91500
2020-08-31 09:25:00.310,3.435,6000
2020-08-31 09:25:00.310,3.435,10000
2020-08-31 09:25:00.310,3.435,3000
2020-08-31 09:25:00.310,3.435,46800
2020-08-31 09:25:00.310,3.435,60000
2020-08-31 09:25:00.310,3.435,1000
2020-08-31 09:25:00.310,3.435,1000
2020-08-31 09:25:00.310,3.435,100
2020-08-31 09:25:00.310,3.435,50000
2020-08-31 09:25:00.310,3.435,13200
2020-08-31 09:25:00.310,3.435,6100
2020-08-31 09:25:00.310,3.435,23900
2020-08-31 09:25:00.310,3.435,71300
2020-08-31 09:25:00.310,3.435,58500
2020-08-31 09:25:00.310,3.435,200000
2020-08-31 09:25:00.310,3.435,22800
2020-08-31 09:25:00.310,3.435,2700
2020-08-31 09:25:00.310,3.435,28000
2020-08-31 09:25:00.310,3.435,100
2020-08-31 09:25:00.310,3.435,5000
2020-08-31 09:25:00.310,3.435,19800
2020-08-31 09:25:00.310,3.435,31000
2020-08-31 09:25:00.310,3.435,10000
2020-08-31 09:25:00.310,3.435,10000
2020-08-31 09:25:00.310,3.435,98900
2020-08-31 09:25:00.310,3.435,13000
2020-08-31 09:25:00.310,3.435,1000
2020-08-31 09:25:00.310,3.435,500
2020-08-31 09:25:00.310,3.435,1900
2020-08-31 09:25:00.310,3.435,100
2020-08-31 09:25:00.310,3.435,900
2020-08-31 09:25:00.310,3.435,1700
2020-08-31 09:25:00.310,3.435,300
2020-08-31 09:25:00.310,3.435,10000
2020-08-31 09:25:00.310,3.435,1000
2020-08-31 09:25:00.310,3.435,286100
2020-08-31 09:25:00.310,3.435,13900
2020-08-31 09:25:00.310,3.435,900
2020-08-31 09:25:00.310,3.435,100
2020-08-31 09:25:00.310,3.435,300
2020-08-31 09:25:00.310,3.435,1000
2020-08-31 09:25:00.310,3.435,1000
2020-08-31 09:25:00.310,3.435,100
2020-08-31 09:25:00.310,3.435,400
2020-08-31 09:25:00.310,3.435,6000
2020-08-31 09:25:00.310,3.435,5000
2020-08-31 09:25:00.310,3.435,100
2020-08-31 09:25:00.310,3.435,200
2020-08-31 09:25:00.310,3.435,100
2020-08-31 09:25:00.310,3.435,900
2020-08-31 09:25:00.310,3.435,10000
2020-08-31 09:25:00.310,3.435,10000
2020-08-31 09:25:00.310,3.435,9100
2020-08-31 09:25:00.310,3.435,5000
2020-08-31 09:25:00.310,3.435,11600
2020-08-31 09:25:00.310,3.435,61200
2020-08-31 09:25:00.310,3.435,300
2020-08-31 09:25:00.310,3.435,900
2020-08-31 09:25:00.310,3.435,6000
2020-08-31 09:25:00.310,3.435,200
2020-08-31 09:25:00.310,3.435,5000
2020-08-31 09:25:00.310,3.435,600
2020-08-31 09:25:00.310,3.435,1200
2020-08-31 09:25:00.310,3.435,9000
2020-08-31 09:25:00.310,3.435,14700
2020-08-31 09:25:00.310,3.435,45000
2020-08-31 09:25:00.310,3.435,1200
2020-08-31 09:25:00.310,3.435,100
2020-08-31 09:25:00.310,3.435,100
2020-08-31 09:25:00.310,3.435,2000
2020-08-31 09:25:00.310,3.435,2000
2020-08-31 09:25:00.310,3.435,2000
2020-08-31 09:25:00.310,3.435,2000
2020-08-31 09:25:00.310,3.435,500
2020-08-31 09:25:00.310,3.435,1000
2020-08-31 09:25:00.310,3.435,6000
2020-08-31 09:25:00.310,3.435,1900
2020-08-31 09:25:00.310,3.435,1000
2020-08-31 09:25:00.310,3.435,10000
2020-08-31 09:25:00.310,3.435,1000
2020-08-31 09:25:00.310,3.435,10000
2020-08-31 09:25:00.310,3.435,500
2020-08-31 09:25:00.310,3.435,5000
2020-08-31 09:25:00.310,3.435,5000
2020-08-31 09:25:00.310,3.435,2000
2020-08-31 09:25:00.310,3.435,5000
2020-08-31 09:25:00.310,3.435,13000
2020-08-31 09:25:00.310,3.435,3000
2020-08-31 09:25:00.310,3.435,500
2020-08-31 09:25:00.310,3.435,500
2020-08-31 09:25:00.310,3.435,2000
2020-08-31 09:25:00.310,3.435,1000
2020-08-31 09:25:00.310,3.435,24000
2020-08-31 09:25:00.310,3.435,600
2020-08-31 09:25:00.310,3.435,600
2020-08-31 09:25:00.310,3.435,20000
2020-08-31 09:25:00.310,3.435,4000
2020-08-31 09:25:00.310,3.435,100
2020-08-31 09:25:00.310,3.435,6000
2020-08-31 09:25:00.310,3.435,2500
2020-08-31 09:25:00.310,3.435,32000
2020-08-31 09:25:00.310,3.435,2500
2020-08-31 09:25:00.310,3.435,5000
2020-08-31 09:25:00.310,3.435,14700
2020-08-31 09:25:00.310,3.435,1100
2020-08-31 09:25:00.310,3.435,90000
2020-08-31 09:25:00.310,3.435,500
2020-08-31 09:25:00.310,3.435,15000
2020-08-31 09:25:00.310,3.435,100
2020-08-31 09:25:00.310,3.435,100
2020-08-31 09:25:00.310,3.435,10000
2020-08-31 09:25:00.310,3.435,1000
2020-08-31 09:25:00.310,3.435,1000
2020-08-31 09:25:00.310,3.435,6200
2020-08-31 09:25:00.310,3.435,1000
2020-08-31 09:25:00.310,3.435,500
2020-08-31 09:25:00.310,3.435,400000
2020-08-31 09:25:00.310,3.435,13400
2020-08-31 09:25:00.310,3.435,1600
2020-08-31 09:25:00.310,3.435,1400
2020-08-31 09:25:00.310,3.435,100
2020-08-31 09:25:00.310,3.435,500
2020-08-31 09:25:00.310,3.435,100
2020-08-31 09:25:00.310,3.435,600
2020-08-31 09:25:00.310,3.435,4800
2020-08-31 09:25:00.310,3.435,6100
2020-08-31 09:25:00.310,3.435,5000
2020-08-31 09:25:00.310,3.435,188900
2020-08-31 09:25:00.310,3.435,7500
2020-08-31 09:25:00.310,3.435,5700
2020-08-31 09:25:00.310,3.435,1000
2020-08-31 09:25:00.310,3.435,3300
2020-08-31 09:25:00.310,3.435,10000
2020-08-31 09:25:00.310,3.435,10000
2020-08-31 09:25:00.310,3.435,5000
2020-08-31 09:25:00.310,3.435,10000
2020-08-31 09:25:00.310,3.435,11700
2020-08-31 09:25:00.310,3.435,118800
2020-08-31 09:25:00.310,3.435,200
2020-08-31 09:25:00.310,3.435,600
2020-08-31 09:25:00.310,3.435,200
2020-08-31 09:25:00.310,3.435,500
2020-08-31 09:25:00.310,3.435,1700
2020-08-31 09:25:00.310,3.435,5000
2020-08-31 09:25:00.310,3.435,461300
2020-08-31 09:25:00.310,3.435,38700
2020-08-31 09:25:00.310,3.435,1500
2020-08-31 09:25:00.310,3.435,15000
2020-08-31 09:25:00.310,3.435,100
2020-08-31 09:25:00.310,3.435,3000
2020-08-31 09:25:00.310,3.435,30000
2020-08-31 09:25:00.310,3.435,300
2020-08-31 09:25:00.310,3.435,500
2020-08-31 09:25:00.310,3.435,200
2020-08-31 09:25:00.310,3.435,11000
2020-08-31 09:25:00.310,3.435,6000
2020-08-31 09:25:00.310,3.435,500
2020-08-31 09:25:00.310,3.435,3300
2020-08-31 09:25:00.310,3.435,600
2020-08-31 09:25:00.310,3.435,1000
2020-08-31 09:25:00.310,3.435,84000
2020-08-31 09:25:00.310,3.435,1000
2020-08-31 09:25:00.310,3.435,500
2020-08-31 09:25:00.310,3.435,10000
2020-08-31 09:25:00.310,3.435,3000
2020-08-31 09:25:00.310,3.435,5000
2020-08-31 09:25:00.310,3.435,100
2020-08-31 09:25:00.310,3.435,4000
2020-08-31 09:25:00.310,3.435,20000
2020-08-31 09:25:00.310,3.435,6000
2020-08-31 09:25:00.310,3.435,60000
2020-08-31 09:25:00.310,3.435,3100
2020-08-31 09:25:00.310,3.435,5100
2020-08-31 09:25:00.310,3.435,5100
2020-08-31 09:25:00.310,3.435,10000
2020-08-31 09:25:00.310,3.435,200000
2020-08-31 09:25:00.310,3.435,3200
2020-08-31 09:25:00.310,3.435,7000
2020-08-31 09:25:00.310,3.435,5000
2020-08-31 09:25:00.310,3.435,10000
2020-08-31 09:25:00.310,3.435,1000
2020-08-31 09:25:00.310,3.435,5000
2020-08-31 09:25:00.310,3.435,200
2020-08-31 09:25:00.310,3.435,10000
2020-08-31 09:25:00.310,3.435,6000
2020-08-31 09:25:00.310,3.435,5000
2020-08-31 09:25:00.310,3.435,100
2020-08-31 09:25:00.310,3.435,6000
2020-08-31 09:25:00.310,3.435,600
2020-08-31 09:25:00.310,3.435,300
2020-08-31 09:25:00.310,3.435,200
2020-08-31 09:25:00.310,3.435,11000
2020-08-31 09:25:00.310,3.435,3800
2020-08-31 09:25:00.310,3.435,100
2020-08-31 09:25:00.310,3.435,200
2020-08-31 09:25:00.310,3.435,1100
2020-08-31 09:25:00.310,3.435,100
2020-08-31 09:25:00.310,3.435,1000
2020-08-31 09:25:00.310,3.435,3800
2020-08-31 09:25:00.310,3.435,3000
2020-08-31 09:25:00.310,3.435,100
2020-08-31 09:25:00.310,3.435,5000
2020-08-31 09:25:00.310,3.435,10000
2020-08-31 09:25:00.310,3.435,300000
2020-08-31 09:25:00.310,3.435,100
2020-08-31 09:30:00.110,3.436,300
2020-08-31 09:30:00.110,3.436,1000
2020-08-31 09:30:00.110,3.436,7600
2020-08-31 09:30:00.110,3.436,2500
2020-08-31 09:30:00.110,3.436,1000
2020-08-31 09:30:00.110,3.436,6000
2020-08-31 09:30:00.110,3.436,500
2020-08-31 09:30:00.110,3.436,10000
2020-08-31 09:30:00.110,3.436,500
2020-08-31 09:30:00.110,3.436,3300
2020-08-31 09:30:00.110,3.436,5000
2020-08-31 09:30:00.140,3.436,7
2020-08-31 09:30:00.290,3.436,300
2020-08-31 09:30:00.420,3.436,20000
2020-08-31 09:30:00.420,3.436,31500
2020-08-31 09:30:00.610,3.436,8500
2020-08-31 09:30:00.610,3.436,8500
2020-08-31 09:30:00.610,3.436,200
2020-08-31 09:30:00.610,3.436,10000
2020-08-31 09:30:00.740,3.437,6300
2020-08-31 09:30:00.740,3.436,1800
2020-08-31 09:30:00.740,3.436,100
2020-08-31 09:30:00.740,3.436,600
2020-08-31 09:30:00.970,3.436,800
2020-08-31 09:30:00.970,3.437,1800
2020-08-31 09:30:01.090,3.436,500
2020-08-31 09:30:01.090,3.437,1900
2020-08-31 09:30:01.090,3.437,200
2020-08-31 09:30:01.090,3.437,3000
2020-08-31 09:30:01.090,3.437,1000
2020-08-31 09:30:01.090,3.437,3900
2020-08-31 09:30:01.090,3.436,5000
2020-08-31 09:30:01.090,3.436,400
2020-08-31 09:30:01.090,3.437,6100
2020-08-31 09:30:01.090,3.437,8900
2020-08-31 09:30:01.200,3.437,1100
2020-08-31 09:30:01.200,3.437,1900
2020-08-31 09:30:01.200,3.437,100
2020-08-31 09:30:01.200,3.437,5000
2020-08-31 09:30:01.200,3.437,3300
2020-08-31 09:30:01.200,3.438,500
2020-08-31 09:30:01.200,3.438,1000
2020-08-31 09:30:01.200,3.438,600
2020-08-31 09:30:01.200,3.438,6000
2020-08-31 09:30:01.200,3.438,7000
2020-08-31 09:30:01.200,3.438,10000
2020-08-31 09:30:01.200,3.438,700
2020-08-31 09:30:01.200,3.438,3000
2020-08-31 09:30:01.200,3.438,5000
2020-08-31 09:30:01.200,3.438,100
2020-08-31 09:30:01.200,3.438,2700
2020-08-31 09:30:01.200,3.436,1000
2020-08-31 09:30:01.330,3.436,20000
2020-08-31 09:30:01.330,3.436,1000
2020-08-31 09:30:01.330,3.438,6300
2020-08-31 09:30:01.330,3.436,100
2020-08-31 09:30:01.330,3.437,7500
2020-08-31 09:30:01.440,3.437,39700
2020-08-31 09:30:01.440,3.437,18800
2020-08-31 09:30:01.580,3.438,1000
2020-08-31 09:30:01.580,3.437,6100
2020-08-31 09:30:01.580,3.438,3500
2020-08-31 09:30:01.580,3.438,20000
2020-08-31 09:30:01.580,3.438,9000
2020-08-31 09:30:01.700,3.438,1000
2020-08-31 09:30:01.700,3.437,183800
2020-08-31 09:30:01.810,3.438,300
2020-08-31 09:30:01.920,3.438,2800
2020-08-31 09:30:01.920,3.437,17700
2020-08-31 09:30:01.920,3.438,11600
2020-08-31 09:30:01.920,3.438,5300
2020-08-31 09:30:02.040,3.437,500
2020-08-31 09:30:02.040,3.437,100
2020-08-31 09:30:02.040,3.437,2000
2020-08-31 09:30:02.150,3.437,10000
2020-08-31 09:30:02.150,3.437,1900
2020-08-31 09:30:02.150,3.437,100
2020-08-31 09:30:02.250,3.438,3500
2020-08-31 09:30:02.250,3.438,700
2020-08-31 09:30:02.250,3.438,10000
2020-08-31 09:30:02.250,3.438,900
2020-08-31 09:30:02.250,3.437,11800
2020-08-31 09:30:02.250,3.437,1800
2020-08-31 09:30:02.330,3.438,3100
2020-08-31 09:30:02.330,3.439,500
2020-08-31 09:30:02.330,3.439,1000
2020-08-31 09:30:02.330,3.439,600
2020-08-31 09:30:02.330,3.439,1000
2020-08-31 09:30:02.330,3.439,6000
2020-08-31 09:30:02.330,3.439,1000
2020-08-31 09:30:02.330,3.439,200
2020-08-31 09:30:02.330,3.439,7800
2020-08-31 09:30:02.400,3.438,1500
2020-08-31 09:30:02.400,3.438,11700
2020-08-31 09:30:02.460,3.439,3000
2020-08-31 09:30:02.460,3.438,300
2020-08-31 09:30:02.460,3.438,1500
2020-08-31 09:30:02.510,3.438,1000
2020-08-31 09:30:02.560,3.438,12300
2020-08-31 09:30:02.560,3.438,1000
2020-08-31 09:30:02.600,3.438,10000
2020-08-31 09:30:02.690,3.438,3100
2020-08-31 09:30:02.690,3.438,97200
2020-08-31 09:30:02.730,3.438,900
2020-08-31 09:30:02.860,3.439,9200
2020-08-31 09:30:02.860,3.439,1000
2020-08-31 09:30:02.860,3.439,300
2020-08-31 09:30:02.860,3.439,1000
2020-08-31 09:30:02.860,3.439,4800
2020-08-31 09:30:02.860,3.438,10000
2020-08-31 09:30:03.090,3.438,35600
2020-08-31 09:30:03.090,3.438,2000
2020-08-31 09:30:03.090,3.438,10000
2020-08-31 09:30:03.090,3.439,10000
2020-08-31 09:30:03.200,3.439,200
2020-08-31 09:30:03.200,3.439,500
2020-08-31 09:30:03.200,3.439,300
2020-08-31 09:30:03.200,3.438,10000
2020-08-31 09:30:03.200,3.438,100
2020-08-31 09:30:03.200,3.439,26700
2020-08-31 09:30:03.200,3.439,5000
2020-08-31 09:30:03.200,3.439,3000
2020-08-31 09:30:03.200,3.439,5000
2020-08-31 09:30:03.200,3.439,5000
2020-08-31 09:30:03.200,3.439,1000
2020-08-31 09:30:03.200,3.439,5000
2020-08-31 09:30:03.200,3.439,1000
2020-08-31 09:30:03.200,3.439,17700
2020-08-31 09:30:03.200,3.439,10000
2020-08-31 09:30:03.200,3.439,5000
2020-08-31 09:30:03.200,3.439,1500
2020-08-31 09:30:03.200,3.439,3100
2020-08-31 09:30:03.200,3.44,4000
2020-08-31 09:30:03.200,3.44,10000
2020-08-31 09:30:03.200,3.44,1800
2020-08-31 09:30:03.200,3.44,2100
2020-08-31 09:30:03.200,3.44,300
2020-08-31 09:30:03.200,3.44,10000
2020-08-31 09:30:03.200,3.44,1000
2020-08-31 09:30:03.200,3.44,1500
2020-08-31 09:30:03.200,3.44,12000
2020-08-31 09:30:03.200,3.44,700
2020-08-31 09:30:03.200,3.44,300
2020-08-31 09:30:03.200,3.44,700
2020-08-31 09:30:03.200,3.44,100
2020-08-31 09:30:03.200,3.44,6000
2020-08-31 09:30:03.200,3.44,2000
2020-08-31 09:30:03.200,3.44,100
2020-08-31 09:30:03.200,3.44,5000
2020-08-31 09:30:03.200,3.44,500
2020-08-31 09:30:03.200,3.44,700
2020-08-31 09:30:03.200,3.44,5000
2020-08-31 09:30:03.200,3.44,600
2020-08-31 09:30:03.200,3.44,10000
2020-08-31 09:30:03.200,3.44,136600
2020-08-31 09:30:03.200,3.438,38600
2020-08-31 09:30:03.200,3.438,1500
2020-08-31 09:30:03.200,3.44,300000
2020-08-31 09:30:03.330,3.438,6000
2020-08-31 09:30:03.510,3.439,5000
2020-08-31 09:30:03.510,3.439,100
2020-08-31 09:30:03.510,3.44,5000
2020-08-31 09:30:03.510,3.439,500
2020-08-31 09:30:03.510,3.439,1000
2020-08-31 09:30:03.600,3.439,1000
2020-08-31 09:30:03.650,3.439,100
2020-08-31 09:30:03.650,3.439,400
2020-08-31 09:30:03.720,3.44,58400
2020-08-31 09:30:03.720,3.44,2000
2020-08-31 09:30:03.720,3.44,3800
2020-08-31 09:30:03.810,3.439,60400
2020-08-31 09:30:03.810,3.439,20000
2020-08-31 09:30:03.960,3.439,300
2020-08-31 09:30:03.960,3.439,200
2020-08-31 09:30:03.990,3.439,52900
2020-08-31 09:30:04.070,3.439,3000
2020-08-31 09:30:04.070,3.44,1400
2020-08-31 09:30:04.180,3.439,1000
2020-08-31 09:30:04.290,3.439,100
2020-08-31 09:30:04.560,3.439,1200
2020-08-31 09:30:04.640,3.439,3000
2020-08-31 09:30:04.640,3.439,3300
2020-08-31 09:30:04.680,3.44,4800
2020-08-31 09:30:04.680,3.44,2000
2020-08-31 09:30:04.680,3.44,8200
2020-08-31 09:30:04.910,3.44,6800
2020-08-31 09:30:04.910,3.44,2000
2020-08-31 09:30:04.910,3.44,3100
2020-08-31 09:30:04.910,3.44,200
2020-08-31 09:30:04.910,3.44,3000
2020-08-31 09:30:04.910,3.44,5000
2020-08-31 09:30:04.910,3.44,200
2020-08-31 09:30:04.910,3.44,1000
2020-08-31 09:30:04.910,3.441,1000
2020-08-31 09:30:04.910,3.441,1000
2020-08-31 09:30:04.910,3.441,600
2020-08-31 09:30:04.910,3.441,200
2020-08-31 09:30:04.910,3.441,500
2020-08-31 09:30:04.910,3.441,1000
2020-08-31 09:30:04.910,3.441,5000
2020-08-31 09:30:04.910,3.441,100
2020-08-31 09:30:04.910,3.441,200
2020-08-31 09:30:04.910,3.441,200
2020-08-31 09:30:04.910,3.441,100
2020-08-31 09:30:04.910,3.442,300
2020-08-31 09:30:04.910,3.442,1000
2020-08-31 09:30:04.910,3.442,1100
2020-08-31 09:30:04.910,3.442,3000
2020-08-31 09:30:04.910,3.442,1000
2020-08-31 09:30:04.910,3.442,6000
2020-08-31 09:30:04.910,3.442,6000
2020-08-31 09:30:04.910,3.442,5000
2020-08-31 09:30:04.910,3.443,5100
2020-08-31 09:30:04.910,3.443,10100
2020-08-31 09:30:04.910,3.443,10100
2020-08-31 09:30:04.910,3.443,500
2020-08-31 09:30:04.910,3.443,1000
2020-08-31 09:30:04.910,3.443,200
2020-08-31 09:30:04.910,3.443,700
2020-08-31 09:30:04.910,3.443,500
2020-08-31 09:30:04.910,3.443,10000
2020-08-31 09:30:04.910,3.443,4000
2020-08-31 09:30:04.910,3.443,3200
2020-08-31 09:30:04.910,3.443,800
2020-08-31 09:30:04.910,3.443,5000
2020-08-31 09:30:04.910,3.443,8800
2020-08-31 09:30:04.910,3.443,3100
2020-08-31 09:30:04.910,3.443,100
2020-08-31 09:30:04.910,3.443,46800
2020-08-31 09:30:04.950,3.439,10000
2020-08-31 09:30:04.990,3.439,10000
2020-08-31 09:30:05.070,3.439,2500
2020-08-31 09:30:05.070,3.443,3200
2020-08-31 09:30:05.070,3.444,300
2020-08-31 09:30:05.070,3.444,300
2020-08-31 09:30:05.070,3.444,1300
2020-08-31 09:30:05.070,3.444,1000
2020-08-31 09:30:05.070,3.444,2000
2020-08-31 09:30:05.070,3.444,6000
2020-08-31 09:30:05.070,3.444,900
2020-08-31 09:30:05.150,3.439,100
2020-08-31 09:30:05.150,3.439,2000
2020-08-31 09:30:05.270,3.439,100
2020-08-31 09:30:05.270,3.442,2500
2020-08-31 09:30:05.270,3.444,500
2020-08-31 09:30:05.270,3.444,3600
2020-08-31 09:30:05.270,3.444,600
2020-08-31 09:30:05.270,3.444,1800
2020-08-31 09:30:05.310,3.439,60000
2020-08-31 09:30:05.720,3.442,6500
2020-08-31 09:30:05.900,3.442,13500
2020-08-31 09:30:05.900,3.44,26500
2020-08-31 09:30:05.900,3.44,100
2020-08-31 09:30:06.130,3.44,10000
2020-08-31 09:30:06.130,3.44,100
2020-08-31 09:30:06.200,3.44,1700
2020-08-31 09:30:06.200,3.44,10000
2020-08-31 09:30:06.200,3.44,3000
2020-08-31 09:30:06.200,3.44,1100
2020-08-31 09:30:06.340,3.44,60000
2020-08-31 09:30:06.380,3.441,200
2020-08-31 09:30:06.680,3.441,100000
2020-08-31 09:30:07.060,3.441,1000
2020-08-31 09:30:07.060,3.444,8200
2020-08-31 09:30:07.060,3.444,8200
2020-08-31 09:30:07.060,3.444,5000
2020-08-31 09:30:07.060,3.444,1000
2020-08-31 09:30:07.060,3.444,5000
2020-08-31 09:30:07.060,3.444,5000
2020-08-31 09:30:07.060,3.444,1000
2020-08-31 09:30:07.060,3.444,1000
2020-08-31 09:30:07.060,3.444,10000
2020-08-31 09:30:07.060,3.445,1000
2020-08-31 09:30:07.060,3.445,10000
2020-08-31 09:30:07.060,3.445,600
2020-08-31 09:30:07.060,3.445,1000
2020-08-31 09:30:07.060,3.445,3800
2020-08-31 09:30:07.060,3.445,200
2020-08-31 09:30:07.060,3.445,2500
2020-08-31 09:30:07.060,3.445,1100
2020-08-31 09:30:07.060,3.445,100
2020-08-31 09:30:07.060,3.445,1000
2020-08-31 09:30:07.060,3.445,5000
2020-08-31 09:30:07.060,3.445,10000
2020-08-31 09:30:07.060,3.445,5000
2020-08-31 09:30:07.060,3.445,3100
2020-08-31 09:30:07.060,3.445,11000
2020-08-31 09:30:07.060,3.445,100
2020-08-31 09:30:07.060,3.445,5000
2020-08-31 09:30:07.060,3.446,1500
2020-08-31 09:30:07.060,3.446,300
2020-08-31 09:30:07.060,3.446,1000
2020-08-31 09:30:07.060,3.446,58000
2020-08-31 09:30:07.060,3.446,100
2020-08-31 09:30:07.060,3.446,1000
2020-08-31 09:30:07.060,3.446,500
2020-08-31 09:30:07.060,3.446,500
2020-08-31 09:30:07.060,3.446,3000
2020-08-31 09:30:07.060,3.446,5000
2020-08-31 09:30:07.060,3.446,10000
2020-08-31 09:30:07.060,3.446,500
2020-08-31 09:30:07.060,3.447,5000
2020-08-31 09:30:07.060,3.447,28000
2020-08-31 09:30:07.060,3.447,3000
2020-08-31 09:30:07.060,3.447,1000
2020-08-31 09:30:07.060,3.447,200
2020-08-31 09:30:07.060,3.447,20000
2020-08-31 09:30:07.060,3.447,10000
2020-08-31 09:30:07.060,3.447,5000
2020-08-31 09:30:07.060,3.447,41500
2020-08-31 09:30:07.090,3.444,1000
2020-08-31 09:30:07.200,3.444,2800
2020-08-31 09:30:07.350,3.444,3000
2020-08-31 09:30:07.460,3.444,300
2020-08-31 09:30:07.490,3.444,1500
2020-08-31 09:30:07.600,3.444,11400
2020-08-31 09:30:07.600,3.441,73500
2020-08-31 09:30:07.780,3.446,4900
2020-08-31 09:30:07.820,3.446,5100
2020-08-31 09:30:07.820,3.441,2800
2020-08-31 09:30:07.930,3.441,5000
2020-08-31 09:30:08.240,3.443,400
2020-08-31 09:30:08.380,3.443,53300
2020-08-31 09:30:08.380,3.443,20000
2020-08-31 09:30:08.380,3.443,30000
2020-08-31 09:30:08.420,3.443,1200
2020-08-31 09:30:08.420,3.443,6000
2020-08-31 09:30:08.460,3.443,2800
2020-08-31 09:30:08.490,3.443,1100
2020-08-31 09:30:08.530,3.443,2900
2020-08-31 09:30:08.560,3.443,300
2020-08-31 09:30:08.560,3.443,200
2020-08-31 09:30:08.560,3.445,400
2020-08-31 09:30:08.560,3.447,9600
2020-08-31 09:30:08.670,3.443,300
2020-08-31 09:30:08.990,3.443,1000
2020-08-31 09:30:08.990,3.447,10000
2020-08-31 09:30:09.100,3.443,98900
2020-08-31 09:30:09.130,3.444,100
2020-08-31 09:30:09.130,3.447,1000
2020-08-31 09:30:09.170,3.443,1000
2020-08-31 09:30:09.280,3.443,2000
2020-08-31 09:30:09.360,3.443,2800
2020-08-31 09:30:09.420,3.447,20000
2020-08-31 09:30:09.420,3.447,20000
2020-08-31 09:30:09.420,3.447,10000
2020-08-31 09:30:09.420,3.443,700
2020-08-31 09:30:09.420,3.443,600
2020-08-31 09:30:09.420,3.445,200
2020-08-31 09:30:09.420,3.445,100
2020-08-31 09:30:09.420,3.447,7900
2020-08-31 09:30:09.420,3.447,2000
2020-08-31 09:30:09.420,3.447,3100
2020-08-31 09:30:09.420,3.447,100
2020-08-31 09:30:09.420,3.447,1000
2020-08-31 09:30:09.500,3.447,85800
2020-08-31 09:30:09.500,3.446,78100
2020-08-31 09:30:09.540,3.446,10000
2020-08-31 09:30:09.580,3.446,2000
2020-08-31 09:30:09.610,3.446,1000
2020-08-31 09:30:09.670,3.446,500
2020-08-31 09:30:09.740,3.446,200
2020-08-31 09:30:09.890,3.446,100
2020-08-31 09:30:09.920,3.446,400
2020-08-31 09:30:09.920,3.446,500
2020-08-31 09:30:09.990,3.446,1200
2020-08-31 09:30:09.990,3.446,6000
2020-08-31 09:30:09.990,3.444,37600
2020-08-31 09:30:09.990,3.443,6400
2020-08-31 09:30:10.100,3.444,100
2020-08-31 09:30:10.140,3.444,1000
2020-08-31 09:30:10.170,3.444,800
2020-08-31 09:30:10.170,3.444,2600
2020-08-31 09:30:10.430,3.444,3000
2020-08-31 09:30:10.430,3.444,4600
2020-08-31 09:30:10.430,3.444,4100
2020-08-31 09:30:10.430,3.444,200
2020-08-31 09:30:10.600,3.445,300
2020-08-31 09:30:10.750,3.445,1000
2020-08-31 09:30:11.130,3.447,2000
2020-08-31 09:30:11.680,3.447,2800
2020-08-31 09:30:12.080,3.447,11500
2020-08-31 09:30:12.150,3.447,20000
2020-08-31 09:30:12.370,3.448,12000
2020-08-31 09:30:12.370,3.448,2000
2020-08-31 09:30:12.370,3.448,10000
2020-08-31 09:30:12.370,3.448,1700
2020-08-31 09:30:12.370,3.448,500
2020-08-31 09:30:12.370,3.448,1000
2020-08-31 09:30:12.370,3.448,300
2020-08-31 09:30:12.370,3.448,1000
2020-08-31 09:30:12.370,3.448,1000
2020-08-31 09:30:12.370,3.448,500
2020-08-31 09:30:12.370,3.448,1500
2020-08-31 09:30:12.370,3.448,9600
2020-08-31 09:30:12.370,3.448,5000
2020-08-31 09:30:12.370,3.448,3900
2020-08-31 09:30:12.370,3.448,6100
2020-08-31 09:30:12.370,3.448,23900
2020-08-31 09:30:12.370,3.448,20000
2020-08-31 09:30:12.370,3.448,30000
2020-08-31 09:30:12.370,3.448,30000
2020-08-31 09:30:12.370,3.448,30000
2020-08-31 09:30:12.370,3.448,20000
2020-08-31 09:30:12.370,3.448,30000
2020-08-31 09:30:12.370,3.448,30000
2020-08-31 09:30:12.370,3.448,30000
2020-08-31 09:30:12.370,3.448,30000
2020-08-31 09:30:12.690,3.447,31900
2020-08-31 09:30:12.690,3.445,70700
2020-08-31 09:30:12.770,3.445,500
2020-08-31 09:30:13.130,3.445,10000
2020-08-31 09:30:13.380,3.448,100
2020-08-31 09:30:13.660,3.447,4000
2020-08-31 09:30:14.220,3.448,235000
2020-08-31 09:30:14.220,3.448,8500
2020-08-31 09:30:14.220,3.448,10000
2020-08-31 09:30:14.220,3.448,46500
2020-08-31 09:30:14.470,3.447,1100
2020-08-31 09:30:15.280,3.448,30000
2020-08-31 09:30:15.280,3.448,30000
2020-08-31 09:30:15.340,3.447,2000
2020-08-31 09:30:15.410,3.447,1000
2020-08-31 09:30:15.440,3.448,10000
2020-08-31 09:30:15.590,3.447,200
2020-08-31 09:30:15.910,3.447,100
2020-08-31 09:30:16.280,3.447,40000
2020-08-31 09:30:16.800,3.448,8500
2020-08-31 09:30:16.800,3.448,1500
2020-08-31 09:30:17.000,3.448,1000
2020-08-31 09:30:17.000,3.448,2000
2020-08-31 09:30:17.350,3.448,500
2020-08-31 09:30:17.720,3.448,13400
2020-08-31 09:30:18.580,3.448,2000
2020-08-31 09:30:18.640,3.448,23500
2020-08-31 09:30:18.810,3.448,11700
2020-08-31 09:30:19.070,3.448,11700
2020-08-31 09:30:19.250,3.449,1000
2020-08-31 09:30:19.250,3.449,1000
2020-08-31 09:30:19.250,3.449,1000
2020-08-31 09:30:19.250,3.449,1000
2020-08-31 09:30:19.250,3.449,6000
2020-08-31 09:30:19.250,3.449,100
2020-08-31 09:30:19.250,3.449,1000
2020-08-31 09:30:19.250,3.449,200
2020-08-31 09:30:19.250,3.449,3000
2020-08-31 09:30:19.250,3.449,1000
2020-08-31 09:30:19.250,3.449,3000
2020-08-31 09:30:19.250,3.449,1000
2020-08-31 09:30:19.250,3.449,10700
2020-08-31 09:30:19.250,3.449,9300
2020-08-31 09:30:19.250,3.449,700
2020-08-31 09:30:19.250,3.449,1700
2020-08-31 09:30:19.250,3.449,28300
2020-08-31 09:30:19.250,3.449,1700
2020-08-31 09:30:19.250,3.449,10000
2020-08-31 09:30:19.250,3.449,1000
2020-08-31 09:30:19.250,3.449,1000
2020-08-31 09:30:19.250,3.449,1400
2020-08-31 09:30:19.250,3.449,600
2020-08-31 09:30:19.250,3.449,5000
2020-08-31 09:30:19.250,3.449,1000
2020-08-31 09:30:19.250,3.449,2000
2020-08-31 09:30:19.250,3.449,6300
2020-08-31 09:30:19.250,3.449,20000
2020-08-31 09:30:19.250,3.449,30000
2020-08-31 09:30:19.250,3.449,30000
2020-08-31 09:30:19.540,3.449,13700
2020-08-31 09:30:19.540,3.449,5000
2020-08-31 09:30:19.540,3.449,20000
2020-08-31 09:30:19.540,3.449,1000
2020-08-31 09:30:19.540,3.449,200
2020-08-31 09:30:19.540,3.449,1000
2020-08-31 09:30:19.540,3.449,10000
2020-08-31 09:30:19.540,3.449,1000
2020-08-31 09:30:19.570,3.449,6000
2020-08-31 09:30:19.740,3.449,2000
2020-08-31 09:30:19.960,3.449,8000
2020-08-31 09:30:20.100,3.449,500
2020-08-31 09:30:21.270,3.45,2000
2020-08-31 09:30:21.270,3.45,2000
2020-08-31 09:30:21.270,3.45,20000
2020-08-31 09:30:21.270,3.45,2000
2020-08-31 09:30:21.270,3.45,100
2020-08-31 09:30:21.270,3.45,600
2020-08-31 09:30:21.270,3.45,200
2020-08-31 09:30:21.270,3.45,1200
2020-08-31 09:30:21.270,3.45,1300
2020-08-31 09:30:21.270,3.45,600
2020-08-31 09:30:21.270,3.45,29400
2020-08-31 09:30:21.270,3.45,600
2020-08-31 09:30:21.270,3.45,20000
2020-08-31 09:30:21.440,3.449,21000
2020-08-31 09:30:22.040,3.449,300
2020-08-31 09:30:22.070,3.449,8100
2020-08-31 09:30:22.070,3.448,34600
2020-08-31 09:30:22.070,3.448,20000
2020-08-31 09:30:22.070,3.448,200
2020-08-31 09:30:22.070,3.448,60000
2020-08-31 09:30:22.070,3.448,75000
2020-08-31 09:30:22.190,3.45,78900
2020-08-31 09:30:22.190,3.45,2000
2020-08-31 09:30:22.190,3.45,1000
2020-08-31 09:30:22.190,3.45,1000
2020-08-31 09:30:22.190,3.45,200
2020-08-31 09:30:22.190,3.45,2000
2020-08-31 09:30:22.190,3.45,400
2020-08-31 09:30:22.190,3.45,2000
2020-08-31 09:30:22.190,3.45,2000
2020-08-31 09:30:22.190,3.45,200
2020-08-31 09:30:22.190,3.45,4000
2020-08-31 09:30:22.190,3.45,1000
2020-08-31 09:30:22.190,3.45,1500
2020-08-31 09:30:22.190,3.45,1000
2020-08-31 09:30:22.190,3.45,200
2020-08-31 09:30:22.190,3.45,30000
2020-08-31 09:30:22.190,3.45,3000
2020-08-31 09:30:22.190,3.45,100
2020-08-31 09:30:22.190,3.45,10000
2020-08-31 09:30:22.190,3.45,2000
2020-08-31 09:30:22.190,3.45,10000
2020-08-31 09:30:22.190,3.45,3300
2020-08-31 09:30:22.190,3.45,10000
2020-08-31 09:30:22.190,3.45,2500
2020-08-31 09:30:22.190,3.45,7100
2020-08-31 09:30:22.190,3.45,600
2020-08-31 09:30:22.190,3.45,100
2020-08-31 09:30:22.190,3.45,2600
2020-08-31 09:30:22.190,3.45,500
2020-08-31 09:30:22.190,3.45,20000
2020-08-31 09:30:22.190,3.45,2000
2020-08-31 09:30:22.190,3.45,1000
2020-08-31 09:30:22.190,3.45,200
2020-08-31 09:30:22.190,3.45,2000
2020-08-31 09:30:22.190,3.45,5000
2020-08-31 09:30:22.190,3.45,10000
2020-08-31 09:30:22.190,3.45,3000
2020-08-31 09:30:22.190,3.45,3000
2020-08-31 09:30:22.190,3.45,1000
2020-08-31 09:30:22.190,3.45,100
2020-08-31 09:30:22.190,3.45,5000
2020-08-31 09:30:22.190,3.45,1000
2020-08-31 09:30:22.190,3.45,65805
2020-08-31 09:30:22.190,3.45,900
2020-08-31 09:30:22.190,3.45,795
2020-08-31 09:30:22.530,3.45,9205
2020-08-31 09:30:22.530,3.45,100
2020-08-31 09:30:22.530,3.45,5000
2020-08-31 09:30:22.530,3.45,4000
2020-08-31 09:30:22.530,3.45,5000
2020-08-31 09:30:22.530,3.45,400
2020-08-31 09:30:22.530,3.45,3000
2020-08-31 09:30:22.530,3.45,5000
2020-08-31 09:30:22.530,3.45,5000
2020-08-31 09:30:22.530,3.45,6200
2020-08-31 09:30:22.530,3.45,10000
2020-08-31 09:30:22.530,3.45,5000
2020-08-31 09:30:22.530,3.45,800
2020-08-31 09:30:22.530,3.45,10000
2020-08-31 09:30:22.530,3.45,30000
2020-08-31 09:30:22.530,3.45,100
2020-08-31 09:30:22.530,3.45,500
2020-08-31 09:30:22.530,3.45,15000
2020-08-31 09:30:22.530,3.45,500
2020-08-31 09:30:23.780,3.45,38200
2020-08-31 09:30:23.840,3.45,100
2020-08-31 09:30:24.270,3.45,500
2020-08-31 09:30:24.270,3.451,1000
2020-08-31 09:30:24.270,3.451,1000
2020-08-31 09:30:24.270,3.451,1000
2020-08-31 09:30:24.270,3.451,600
2020-08-31 09:30:24.270,3.451,200
2020-08-31 09:30:24.270,3.451,300
2020-08-31 09:30:24.270,3.451,2500
2020-08-31 09:30:24.270,3.451,500
2020-08-31 09:30:24.270,3.451,22900
2020-08-31 09:30:24.270,3.451,10000
2020-08-31 09:30:24.270,3.451,17100
2020-08-31 09:30:24.270,3.451,2000
2020-08-31 09:30:24.270,3.451,5000
2020-08-31 09:30:24.270,3.451,2500
2020-08-31 09:30:24.270,3.451,3400
2020-08-31 09:30:24.270,3.451,10000
2020-08-31 09:30:24.350,3.45,400
2020-08-31 09:30:24.350,3.45,3000
2020-08-31 09:30:24.520,3.451,1400
2020-08-31 09:30:25.620,3.451,11100
2020-08-31 09:30:26.020,3.45,700
2020-08-31 09:30:26.100,3.45,4700
2020-08-31 09:30:26.100,3.45,25000
2020-08-31 09:30:26.100,3.45,12900
2020-08-31 09:30:26.100,3.449,400
2020-08-31 09:30:26.100,3.449,1000
2020-08-31 09:30:26.100,3.449,1000
2020-08-31 09:30:26.100,3.448,6900
2020-08-31 09:30:26.100,3.448,144000
2020-08-31 09:30:26.100,3.448,60000
2020-08-31 09:30:26.100,3.447,1500
2020-08-31 09:30:26.100,3.447,242600
2020-08-31 09:30:26.440,3.449,1800
2020-08-31 09:30:26.640,3.449,8200
2020-08-31 09:30:26.670,3.451,5600
2020-08-31 09:30:26.670,3.451,5000
2020-08-31 09:30:26.670,3.451,4400
2020-08-31 09:30:26.670,3.451,100
2020-08-31 09:30:27.220,3.451,100
2020-08-31 09:30:27.400,3.451,5700
2020-08-31 09:30:27.670,3.452,15100
2020-08-31 09:30:27.670,3.452,1000
2020-08-31 09:30:27.670,3.452,6000
2020-08-31 09:30:27.670,3.452,7900
2020-08-31 09:30:27.830,3.45,1000
2020-08-31 09:30:28.370,3.45,200
2020-08-31 09:30:28.440,3.452,2100
2020-08-31 09:30:28.440,3.452,5000
2020-08-31 09:30:28.440,3.452,1700
2020-08-31 09:30:28.580,3.452,1400
2020-08-31 09:30:28.580,3.452,1000
2020-08-31 09:30:28.630,3.452,500
2020-08-31 09:30:29.720,3.452,5000
2020-08-31 09:30:29.920,3.452,5300
2020-08-31 09:30:30.190,3.452,8600
2020-08-31 09:30:30.190,3.452,8600
2020-08-31 09:30:30.300,3.453,100
2020-08-31 09:30:30.300,3.453,10800
2020-08-31 09:30:30.300,3.453,10100
2020-08-31 09:30:30.300,3.453,9000
2020-08-31 09:30:30.300,3.453,1100
2020-08-31 09:30:30.300,3.453,1000
2020-08-31 09:30:30.300,3.453,600
2020-08-31 09:30:30.300,3.453,600
2020-08-31 09:30:30.300,3.453,500
2020-08-31 09:30:30.300,3.453,6000
2020-08-31 09:30:30.300,3.453,2000
2020-08-31 09:30:30.300,3.453,2700
2020-08-31 09:30:30.300,3.453,4000
2020-08-31 09:30:30.300,3.453,1500
2020-08-31 09:30:30.300,3.453,500
2020-08-31 09:30:30.300,3.453,5000
2020-08-31 09:30:30.300,3.453,24500
2020-08-31 09:30:30.370,3.452,30000
2020-08-31 09:30:30.580,3.453,10000
2020-08-31 09:30:30.610,3.452,10000
2020-08-31 09:30:31.280,3.452,1000
2020-08-31 09:30:31.510,3.452,1000
2020-08-31 09:30:31.510,3.451,2200
2020-08-31 09:30:31.570,3.451,400
2020-08-31 09:30:31.680,3.453,12800
2020-08-31 09:30:31.680,3.453,5800
2020-08-31 09:30:32.140,3.453,1800
2020-08-31 09:30:32.520,3.453,100
2020-08-31 09:30:32.660,3.453,179400
2020-08-31 09:30:32.750,3.451,100000
2020-08-31 09:30:32.880,3.452,31800
2020-08-31 09:30:33.230,3.452,100
2020-08-31 09:30:33.290,3.452,300000
2020-08-31 09:30:33.410,3.451,5000
2020-08-31 09:30:33.410,3.451,100
2020-08-31 09:30:33.410,3.451,10000
2020-08-31 09:30:33.700,3.452,80800
2020-08-31 09:30:34.140,3.452,29000
2020-08-31 09:30:34.290,3.452,800
2020-08-31 09:30:34.440,3.452,278100
2020-08-31 09:30:34.600,3.452,10000
2020-08-31 09:30:35.050,3.453,400
2020-08-31 09:30:35.050,3.453,8700
2020-08-31 09:30:35.100,3.453,10000
2020-08-31 09:30:35.160,3.453,30000
2020-08-31 09:30:36.290,3.454,1600
2020-08-31 09:30:36.290,3.454,1200
2020-08-31 09:30:36.290,3.454,1000
2020-08-31 09:30:36.290,3.454,20000
2020-08-31 09:30:36.290,3.454,6200
2020-08-31 09:30:36.290,3.454,26200
2020-08-31 09:30:36.290,3.454,100
2020-08-31 09:30:36.290,3.454,3700
2020-08-31 09:30:36.290,3.454,300
2020-08-31 09:30:36.290,3.454,25000
2020-08-31 09:30:36.290,3.454,4700
2020-08-31 09:30:36.290,3.454,20000
2020-08-31 09:30:36.290,3.454,300
2020-08-31 09:30:36.290,3.454,19700
2020-08-31 09:30:36.800,3.454,30300
2020-08-31 09:30:36.800,3.454,600
2020-08-31 09:30:36.800,3.454,5000
2020-08-31 09:30:36.800,3.454,500
2020-08-31 09:30:36.800,3.454,1000
2020-08-31 09:30:36.800,3.454,1000
2020-08-31 09:30:36.800,3.454,300
2020-08-31 09:30:36.800,3.455,1000
2020-08-31 09:30:36.800,3.455,4500
2020-08-31 09:30:36.800,3.455,1100
2020-08-31 09:30:36.800,3.455,100
2020-08-31 09:30:36.800,3.455,600
2020-08-31 09:30:36.800,3.455,10000
2020-08-31 09:30:36.800,3.455,4000
2020-08-31 09:30:36.800,3.455,5000
2020-08-31 09:30:36.800,3.455,20000
2020-08-31 09:30:36.800,3.455,5000
2020-08-31 09:30:36.800,3.455,300
2020-08-31 09:30:36.800,3.455,5500
2020-08-31 09:30:36.800,3.455,5000
2020-08-31 09:30:37.200,3.455,9800
2020-08-31 09:30:37.290,3.455,700
2020-08-31 09:30:37.380,3.455,1000
2020-08-31 09:30:37.380,3.455,2800
2020-08-31 09:30:37.380,3.455,1400
2020-08-31 09:30:38.150,3.455,10000
2020-08-31 09:30:38.340,3.455,400
2020-08-31 09:30:38.940,3.456,200600
2020-08-31 09:30:38.940,3.456,28000
2020-08-31 09:30:38.940,3.456,3000
2020-08-31 09:30:38.940,3.456,300
2020-08-31 09:30:38.940,3.456,2400
2020-08-31 09:30:38.940,3.456,3000
2020-08-31 09:30:38.940,3.456,1000
2020-08-31 09:30:38.940,3.456,1500
2020-08-31 09:30:38.940,3.456,2000
2020-08-31 09:30:38.940,3.456,500
2020-08-31 09:30:38.940,3.456,1500
2020-08-31 09:30:38.940,3.456,100
2020-08-31 09:30:38.940,3.456,1000
2020-08-31 09:30:38.940,3.456,4000
2020-08-31 09:30:38.940,3.456,5000
2020-08-31 09:30:38.940,3.456,30000
2020-08-31 09:30:38.940,3.456,16100
2020-08-31 09:30:39.260,3.455,5000
2020-08-31 09:30:39.850,3.455,800
2020-08-31 09:30:40.090,3.455,400
2020-08-31 09:30:40.580,3.455,80000
2020-08-31 09:30:40.800,3.455,500
2020-08-31 09:30:40.970,3.455,6500
2020-08-31 09:30:41.540,3.455,10000
2020-08-31 09:30:42.160,3.455,30000
2020-08-31 09:30:42.260,3.455,500
2020-08-31 09:30:42.260,3.456,8800
2020-08-31 09:30:42.260,3.456,1000
2020-08-31 09:30:42.260,3.456,1400
2020-08-31 09:30:42.260,3.457,10000
2020-08-31 09:30:42.260,3.457,500
2020-08-31 09:30:42.260,3.457,5000
2020-08-31 09:30:42.260,3.457,2500
2020-08-31 09:30:42.260,3.457,1000
2020-08-31 09:30:42.260,3.457,5000
2020-08-31 09:30:42.260,3.457,5500
2020-08-31 09:30:42.260,3.457,500
2020-08-31 09:30:42.260,3.457,10000
2020-08-31 09:30:42.260,3.457,2000
2020-08-31 09:30:42.260,3.457,2000
2020-08-31 09:30:42.260,3.457,3000
2020-08-31 09:30:42.260,3.457,5000
2020-08-31 09:30:42.260,3.457,17400
2020-08-31 09:30:42.260,3.457,40000
2020-08-31 09:30:42.260,3.458,7000
2020-08-31 09:30:42.260,3.458,1000
2020-08-31 09:30:42.260,3.458,7000
2020-08-31 09:30:42.260,3.458,500
2020-08-31 09:30:42.260,3.458,1000
2020-08-31 09:30:42.260,3.458,300
2020-08-31 09:30:42.260,3.458,9500
2020-08-31 09:30:42.260,3.458,153100
2020-08-31 09:30:42.450,3.455,100
2020-08-31 09:30:42.450,3.455,200
2020-08-31 09:30:42.450,3.455,1700
2020-08-31 09:30:42.650,3.455,37400
2020-08-31 09:30:42.650,3.455,10000
2020-08-31 09:30:42.980,3.454,2500
2020-08-31 09:30:43.260,3.455,20000
2020-08-31 09:30:43.280,3.454,1000
2020-08-31 09:30:43.810,3.455,8700
2020-08-31 09:30:44.110,3.454,500
2020-08-31 09:30:44.320,3.455,273900
2020-08-31 09:30:44.320,3.456,1000
2020-08-31 09:30:44.320,3.456,20000
2020-08-31 09:30:44.320,3.457,5100
2020-08-31 09:30:45.710,3.455,1300
2020-08-31 09:30:45.710,3.456,1800
2020-08-31 09:30:45.960,3.454,100
2020-08-31 09:30:46.120,3.456,10700
2020-08-31 09:30:46.120,3.456,1000
2020-08-31 09:30:47.630,3.456,215800
2020-08-31 09:30:47.630,3.456,23000
2020-08-31 09:30:47.940,3.456,30000
2020-08-31 09:30:47.940,3.456,10000
2020-08-31 09:30:47.940,3.456,30000
2020-08-31 09:30:47.940,3.456,30000
2020-08-31 09:30:47.940,3.456,30000
2020-08-31 09:30:47.940,3.456,30000
2020-08-31 09:30:47.940,3.456,30000
2020-08-31 09:30:47.940,3.456,30000
2020-08-31 09:30:47.940,3.456,10000
2020-08-31 09:30:48.000,3.456,10000
2020-08-31 09:30:48.000,3.456,10000
2020-08-31 09:30:48.000,3.456,30000
2020-08-31 09:30:48.100,3.456,81200
2020-08-31 09:30:48.100,3.457,4900
2020-08-31 09:30:48.100,3.457,300
2020-08-31 09:30:48.100,3.457,500
2020-08-31 09:30:48.100,3.457,207700
2020-08-31 09:30:48.100,3.457,5400
2020-08-31 09:30:48.140,3.454,5900
2020-08-31 09:30:48.140,3.454,500
2020-08-31 09:30:48.170,3.457,300000
2020-08-31 09:30:48.230,3.457,71400
2020-08-31 09:30:48.560,3.456,2000
2020-08-31 09:30:48.780,3.456,2500
2020-08-31 09:30:49.060,3.457,80000
2020-08-31 09:30:49.340,3.457,43200
2020-08-31 09:30:49.340,3.458,6800
2020-08-31 09:30:49.550,3.456,5500
2020-08-31 09:30:49.550,3.456,4500
2020-08-31 09:30:49.550,3.456,1800
2020-08-31 09:30:49.640,3.456,3700
2020-08-31 09:30:49.640,3.456,10000
2020-08-31 09:30:49.640,3.456,10000
2020-08-31 09:30:49.640,3.456,10000
2020-08-31 09:30:49.640,3.456,4700
2020-08-31 09:30:49.760,3.456,5300
2020-08-31 09:30:49.760,3.455,35700
2020-08-31 09:30:49.920,3.456,500
2020-08-31 09:30:50.060,3.456,200
2020-08-31 09:30:50.300,3.457,500
2020-08-31 09:30:50.830,3.457,500
2020-08-31 09:30:50.990,3.458,20000
2020-08-31 09:30:50.990,3.458,10000
2020-08-31 09:30:50.990,3.458,30000
2020-08-31 09:30:50.990,3.458,10000
2020-08-31 09:30:50.990,3.458,30000
2020-08-31 09:30:50.990,3.458,30000
2020-08-31 09:30:50.990,3.458,20000
2020-08-31 09:30:50.990,3.458,30000
2020-08-31 09:30:50.990,3.458,30000
2020-08-31 09:30:50.990,3.458,30000
2020-08-31 09:30:50.990,3.458,30000
2020-08-31 09:30:50.990,3.458,30000
2020-08-31 09:30:50.990,3.458,30000
2020-08-31 09:30:50.990,3.458,30000
2020-08-31 09:30:50.990,3.458,30000
2020-08-31 09:30:50.990,3.458,30000
2020-08-31 09:30:50.990,3.458,10000
2020-08-31 09:30:50.990,3.458,10000
2020-08-31 09:30:50.990,3.458,30000
2020-08-31 09:30:50.990,3.458,30000
2020-08-31 09:30:50.990,3.458,30000
2020-08-31 09:30:50.990,3.458,10000
2020-08-31 09:30:50.990,3.458,30000
2020-08-31 09:30:50.990,3.458,30000
2020-08-31 09:30:50.990,3.458,30000
2020-08-31 09:30:50.990,3.458,10000
2020-08-31 09:30:50.990,3.458,30000
2020-08-31 09:30:50.990,3.458,30000
2020-08-31 09:30:50.990,3.458,30000
2020-08-31 09:30:51.170,3.458,10000
2020-08-31 09:30:51.230,3.457,50000
2020-08-31 09:30:51.390,3.458,10000
2020-08-31 09:30:51.450,3.457,100
2020-08-31 09:30:52.340,3.458,90000
2020-08-31 09:30:52.340,3.458,2000
2020-08-31 09:30:52.340,3.458,2000
2020-08-31 09:30:52.340,3.458,50000
2020-08-31 09:30:52.340,3.458,10000
2020-08-31 09:30:52.340,3.458,3600
2020-08-31 09:30:52.340,3.458,1000
2020-08-31 09:30:52.340,3.458,600
2020-08-31 09:30:52.340,3.458,5000
2020-08-31 09:30:52.340,3.458,500
2020-08-31 09:30:52.340,3.458,1000
2020-08-31 09:30:52.610,3.458,50000
2020-08-31 09:30:52.850,3.458,20000
2020-08-31 09:30:53.200,3.458,3100
2020-08-31 09:30:53.280,3.458,10000
2020-08-31 09:30:53.730,3.458,10000
2020-08-31 09:30:53.940,3.458,2900
2020-08-31 09:30:54.000,3.459,5000
2020-08-31 09:30:54.000,3.459,5000
2020-08-31 09:30:54.000,3.459,10000
2020-08-31 09:30:54.000,3.459,1000
2020-08-31 09:30:54.000,3.459,500
2020-08-31 09:30:54.000,3.459,1000
2020-08-31 09:30:54.000,3.459,1000
2020-08-31 09:30:54.000,3.459,2000
2020-08-31 09:30:54.000,3.459,1000
2020-08-31 09:30:54.000,3.459,1000
2020-08-31 09:30:54.000,3.459,300
2020-08-31 09:30:54.000,3.459,1000
2020-08-31 09:30:54.000,3.459,1000
2020-08-31 09:30:54.000,3.459,10200
2020-08-31 09:30:54.000,3.459,14800
2020-08-31 09:30:54.000,3.459,1400
2020-08-31 09:30:54.000,3.459,13800
2020-08-31 09:30:54.000,3.459,16200
2020-08-31 09:30:54.000,3.459,5000
2020-08-31 09:30:54.000,3.459,1000
2020-08-31 09:30:54.000,3.459,6000
2020-08-31 09:30:54.000,3.459,600
2020-08-31 09:30:54.000,3.459,1200
2020-08-31 09:30:54.000,3.459,3800
2020-08-31 09:30:54.000,3.459,10000
2020-08-31 09:30:54.000,3.459,10000
2020-08-31 09:30:54.000,3.459,200
2020-08-31 09:30:54.000,3.459,4000
2020-08-31 09:30:54.000,3.459,1200
2020-08-31 09:30:54.000,3.459,500
2020-08-31 09:30:54.000,3.459,300
2020-08-31 09:30:54.000,3.459,30000
2020-08-31 09:30:54.000,3.459,20000
2020-08-31 09:30:54.000,3.459,30000
2020-08-31 09:30:54.000,3.459,30000
2020-08-31 09:30:54.040,3.459,30000
2020-08-31 09:30:54.040,3.459,30000
2020-08-31 09:30:54.040,3.459,30000
2020-08-31 09:30:54.040,3.459,30000
2020-08-31 09:30:54.040,3.459,20000
2020-08-31 09:30:54.040,3.459,10000
2020-08-31 09:30:54.040,3.459,10000
2020-08-31 09:30:54.040,3.459,30000
2020-08-31 09:30:54.040,3.459,30000
2020-08-31 09:30:54.040,3.459,30000
2020-08-31 09:30:54.040,3.459,30000
2020-08-31 09:30:54.040,3.459,20000
2020-08-31 09:30:54.040,3.459,30000
2020-08-31 09:30:54.040,3.459,10000
2020-08-31 09:30:54.040,3.459,20000
2020-08-31 09:30:54.040,3.459,30000
2020-08-31 09:30:54.040,3.459,30000
2020-08-31 09:30:54.040,3.459,30000
2020-08-31 09:30:54.040,3.459,30000
2020-08-31 09:30:54.040,3.459,30000
2020-08-31 09:30:54.130,3.458,100
2020-08-31 09:30:54.130,3.458,10000
2020-08-31 09:30:54.370,3.458,6000
2020-08-31 09:30:54.620,3.459,1000
2020-08-31 09:30:55.230,3.458,23000
2020-08-31 09:30:55.230,3.457,27600
2020-08-31 09:30:55.230,3.457,37300
2020-08-31 09:30:55.230,3.457,12100
2020-08-31 09:30:55.450,3.457,7900
2020-08-31 09:30:55.450,3.456,9300
2020-08-31 09:30:55.450,3.456,100
2020-08-31 09:30:55.450,3.456,10000
2020-08-31 09:30:55.450,3.456,20000
2020-08-31 09:30:55.450,3.456,80800
2020-08-31 09:30:55.450,3.456,79800
2020-08-31 09:30:55.470,3.457,10600
2020-08-31 09:30:55.470,3.459,1300
2020-08-31 09:30:55.510,3.456,2500
2020-08-31 09:30:55.830,3.459,20000
2020-08-31 09:30:55.890,3.458,2700
2020-08-31 09:30:56.030,3.458,3300
2020-08-31 09:30:56.060,3.458,1000
2020-08-31 09:30:56.180,3.458,1200
2020-08-31 09:30:56.300,3.458,17000
2020-08-31 09:30:56.580,3.458,500
2020-08-31 09:30:56.830,3.458,10000
2020-08-31 09:30:56.890,3.458,16700
2020-08-31 09:30:57.010,3.459,30000
2020-08-31 09:30:57.010,3.459,30000
2020-08-31 09:30:57.010,3.459,30000
2020-08-31 09:30:57.010,3.459,30000
2020-08-31 09:30:57.010,3.459,20000
2020-08-31 09:30:57.010,3.459,30000
2020-08-31 09:30:57.010,3.459,30000
2020-08-31 09:30:57.110,3.459,57800
2020-08-31 09:30:57.110,3.459,2000
2020-08-31 09:30:57.110,3.459,300
2020-08-31 09:30:57.210,3.458,200
2020-08-31 09:30:57.210,3.458,100
2020-08-31 09:30:57.290,3.458,47300
2020-08-31 09:30:57.290,3.458,2900
2020-08-31 09:30:57.290,3.458,300
2020-08-31 09:30:57.320,3.457,1000
2020-08-31 09:30:57.420,3.457,4000
2020-08-31 09:30:57.450,3.457,6000
2020-08-31 09:30:57.490,3.457,20000
2020-08-31 09:30:57.690,3.457,10000
2020-08-31 09:30:57.690,3.456,1500
2020-08-31 09:30:57.690,3.456,1500
2020-08-31 09:30:58.000,3.456,500
2020-08-31 09:30:59.100,3.457,5000
2020-08-31 09:30:59.250,3.457,9300
2020-08-31 09:30:59.310,3.456,4000
2020-08-31 09:30:59.440,3.457,5000
2020-08-31 09:30:59.690,3.456,4000
2020-08-31 09:30:59.870,3.456,1000
2020-08-31 09:30:59.900,3.457,11400
2020-08-31 09:30:59.900,3.457,2400
2020-08-31 09:30:59.900,3.457,1000
2020-08-31 09:30:59.900,3.457,5000
2020-08-31 09:30:59.900,3.458,291600
2020-08-31 09:31:00.090,3.458,14500
2020-08-31 09:31:00.210,3.458,300000
2020-08-31 09:31:00.210,3.458,13000
2020-08-31 09:31:00.240,3.457,8500
2020-08-31 09:31:00.240,3.457,1500
2020-08-31 09:31:00.240,3.456,7000
2020-08-31 09:31:00.470,3.458,71300
2020-08-31 09:31:00.520,3.458,159100
2020-08-31 09:31:00.520,3.458,40900
2020-08-31 09:31:00.520,3.456,3700
2020-08-31 09:31:00.520,3.456,6500
2020-08-31 09:31:00.520,3.456,1700
2020-08-31 09:31:00.620,3.458,400
2020-08-31 09:31:01.170,3.457,1400
2020-08-31 09:31:01.170,3.456,1600
2020-08-31 09:31:01.260,3.458,8700
2020-08-31 09:31:01.260,3.458,291300
2020-08-31 09:31:01.430,3.458,1400
2020-08-31 09:31:01.520,3.457,20000
2020-08-31 09:31:01.520,3.456,16700
2020-08-31 09:31:01.520,3.455,2800
2020-08-31 09:31:01.520,3.455,10500
2020-08-31 09:31:01.670,3.458,7300
2020-08-31 09:31:01.670,3.458,300
2020-08-31 09:31:01.670,3.458,3400
2020-08-31 09:31:01.670,3.458,200
2020-08-31 09:31:02.240,3.459,1700
2020-08-31 09:31:02.240,3.459,3100
2020-08-31 09:31:02.270,3.459,3900
2020-08-31 09:31:02.270,3.458,86100
2020-08-31 09:31:02.270,3.458,3800
2020-08-31 09:31:02.390,3.458,198900
2020-08-31 09:31:02.390,3.458,3000
2020-08-31 09:31:02.390,3.457,20000
2020-08-31 09:31:02.420,3.457,4000
2020-08-31 09:31:02.520,3.457,100
2020-08-31 09:31:02.780,3.457,100
2020-08-31 09:31:02.900,3.456,3100
2020-08-31 09:31:02.930,3.457,50000
2020-08-31 09:31:02.930,3.457,10000
2020-08-31 09:31:02.930,3.457,20000
2020-08-31 09:31:02.930,3.457,50000
2020-08-31 09:31:02.930,3.457,50000
2020-08-31 09:31:02.930,3.457,30000
2020-08-31 09:31:03.020,3.457,10000
2020-08-31 09:31:03.090,3.456,20000
2020-08-31 09:31:03.190,3.456,10000
2020-08-31 09:31:03.250,3.457,100
2020-08-31 09:31:03.950,3.456,6000
2020-08-31 09:31:04.080,3.456,1000
2020-08-31 09:31:04.130,3.457,53900
2020-08-31 09:31:04.130,3.457,4100
2020-08-31 09:31:04.130,3.457,5000
2020-08-31 09:31:04.270,3.457,400
2020-08-31 09:31:04.520,3.458,10000
2020-08-31 09:31:05.020,3.458,300
2020-08-31 09:31:05.080,3.458,2000
2020-08-31 09:31:05.350,3.458,600
2020-08-31 09:31:05.350,3.458,30500
2020-08-31 09:31:05.550,3.458,12100
2020-08-31 09:31:05.550,3.458,5800
2020-08-31 09:31:05.680,3.457,17600
2020-08-31 09:31:05.750,3.458,1600
2020-08-31 09:31:05.750,3.457,5000
2020-08-31 09:31:05.970,3.457,10000
2020-08-31 09:31:06.200,3.457,1000
2020-08-31 09:31:06.290,3.457,10000
2020-08-31 09:31:06.470,3.458,10500
2020-08-31 09:31:06.470,3.458,100
2020-08-31 09:31:06.470,3.459,2000
2020-08-31 09:31:06.470,3.459,5000
2020-08-31 09:31:06.470,3.46,2000
2020-08-31 09:31:06.470,3.46,4000
2020-08-31 09:31:06.470,3.46,300
2020-08-31 09:31:06.470,3.46,10000
2020-08-31 09:31:06.470,3.46,1500
2020-08-31 09:31:06.470,3.46,1500
2020-08-31 09:31:06.470,3.46,1000
2020-08-31 09:31:06.470,3.46,10000
2020-08-31 09:31:06.470,3.46,2000
2020-08-31 09:31:06.470,3.46,5000
2020-08-31 09:31:06.470,3.46,100
2020-08-31 09:31:06.470,3.46,15430
2020-08-31 09:31:06.470,3.46,3500
2020-08-31 09:31:06.470,3.46,10000
2020-08-31 09:31:06.470,3.46,10000
2020-08-31 09:31:06.470,3.46,500
2020-08-31 09:31:06.470,3.46,2000
2020-08-31 09:31:06.470,3.46,2000
2020-08-31 09:31:06.470,3.46,200
2020-08-31 09:31:06.470,3.46,21400
2020-08-31 09:31:06.470,3.46,46000
2020-08-31 09:31:06.470,3.46,17100
2020-08-31 09:31:06.470,3.46,5000
2020-08-31 09:31:06.470,3.46,1000
2020-08-31 09:31:06.470,3.46,10000
2020-08-31 09:31:06.470,3.46,17900
2020-08-31 09:31:06.470,3.46,79500
2020-08-31 09:31:06.470,3.46,2000
2020-08-31 09:31:06.470,3.46,1470
2020-08-31 09:31:06.720,3.457,300
2020-08-31 09:31:06.760,3.457,1000
2020-08-31 09:31:07.240,3.457,40000
2020-08-31 09:31:07.610,3.457,90000
2020-08-31 09:31:07.680,3.458,200
2020-08-31 09:31:07.680,3.458,1800
2020-08-31 09:31:07.800,3.458,10000
2020-08-31 09:31:07.870,3.458,2900
2020-08-31 09:31:07.870,3.457,3700
2020-08-31 09:31:08.290,3.458,300
2020-08-31 09:31:08.380,3.458,10300
2020-08-31 09:31:08.470,3.458,1500
2020-08-31 09:31:09.030,3.458,1500
2020-08-31 09:31:09.090,3.458,8700
2020-08-31 09:31:09.090,3.458,1300
2020-08-31 09:31:09.090,3.459,4000
2020-08-31 09:31:09.090,3.459,26000
2020-08-31 09:31:09.090,3.459,10000
2020-08-31 09:31:09.410,3.458,100
2020-08-31 09:31:09.590,3.459,4000
2020-08-31 09:31:09.590,3.459,2000
2020-08-31 09:31:09.590,3.458,1000
2020-08-31 09:31:09.850,3.458,10500
2020-08-31 09:31:09.850,3.458,14400
2020-08-31 09:31:09.850,3.457,58000
2020-08-31 09:31:09.850,3.457,23200
2020-08-31 09:31:10.810,3.457,900
2020-08-31 09:31:11.490,3.458,25700
2020-08-31 09:31:11.530,3.458,24300
2020-08-31 09:31:11.530,3.458,1300
2020-08-31 09:31:11.820,3.457,200
2020-08-31 09:31:11.980,3.458,1000
2020-08-31 09:31:11.980,3.458,62000
2020-08-31 09:31:12.010,3.457,31500
2020-08-31 09:31:12.040,3.458,20000
2020-08-31 09:31:12.040,3.458,30000
2020-08-31 09:31:12.040,3.458,20000
2020-08-31 09:31:12.040,3.458,10000
2020-08-31 09:31:12.040,3.458,30000
2020-08-31 09:31:12.040,3.458,20000
2020-08-31 09:31:12.040,3.458,20000
2020-08-31 09:31:12.040,3.458,30000
2020-08-31 09:31:12.040,3.458,30000
2020-08-31 09:31:12.040,3.458,30000
2020-08-31 09:31:12.040,3.458,30000
2020-08-31 09:31:12.040,3.458,30000
2020-08-31 09:31:12.040,3.458,30000
2020-08-31 09:31:12.040,3.458,30000
2020-08-31 09:31:12.040,3.458,10000
2020-08-31 09:31:12.040,3.458,30000
2020-08-31 09:31:12.040,3.458,30000
2020-08-31 09:31:12.040,3.458,30000
2020-08-31 09:31:12.040,3.458,30000
2020-08-31 09:31:12.040,3.458,30000
2020-08-31 09:31:12.040,3.458,30000
2020-08-31 09:31:12.040,3.458,30000
2020-08-31 09:31:12.040,3.458,20000
2020-08-31 09:31:12.040,3.458,30000
2020-08-31 09:31:12.040,3.458,30000
2020-08-31 09:31:12.040,3.458,30000
2020-08-31 09:31:12.040,3.458,10000
2020-08-31 09:31:12.040,3.458,30000
2020-08-31 09:31:12.040,3.458,10000
2020-08-31 09:31:12.040,3.458,10000
2020-08-31 09:31:12.110,3.458,100
2020-08-31 09:31:12.210,3.457,400
2020-08-31 09:31:12.390,3.458,10000
2020-08-31 09:31:12.630,3.457,43900
2020-08-31 09:31:12.630,3.457,2600
2020-08-31 09:31:12.630,3.457,3000
2020-08-31 09:31:12.630,3.457,500
2020-08-31 09:31:12.630,3.457,6100
2020-08-31 09:31:12.780,3.457,2000
2020-08-31 09:31:14.370,3.457,3100
2020-08-31 09:31:14.370,3.457,23400
2020-08-31 09:31:15.000,3.457,800
2020-08-31 09:31:15.040,3.457,30000
2020-08-31 09:31:15.040,3.457,30000
2020-08-31 09:31:15.040,3.457,30000
2020-08-31 09:31:15.040,3.457,30000
2020-08-31 09:31:15.040,3.457,10000
2020-08-31 09:31:15.040,3.457,20000
2020-08-31 09:31:15.040,3.457,30000
2020-08-31 09:31:15.040,3.457,30000
2020-08-31 09:31:15.040,3.457,20000
2020-08-31 09:31:15.040,3.457,20000
2020-08-31 09:31:15.040,3.457,30000
2020-08-31 09:31:15.040,3.457,30000
2020-08-31 09:31:15.040,3.457,30000
2020-08-31 09:31:15.040,3.457,30000
2020-08-31 09:31:15.040,3.457,30000
2020-08-31 09:31:15.040,3.457,30000
2020-08-31 09:31:15.040,3.457,10000
2020-08-31 09:31:15.040,3.457,30000
2020-08-31 09:31:15.040,3.457,30000
2020-08-31 09:31:15.040,3.457,20000
2020-08-31 09:31:15.040,3.457,30000
2020-08-31 09:31:15.040,3.457,16500
2020-08-31 09:31:15.040,3.457,3000
2020-08-31 09:31:15.040,3.457,2600
2020-08-31 09:31:15.040,3.457,7900
2020-08-31 09:31:15.040,3.457,30000
2020-08-31 09:31:15.040,3.457,12100
2020-08-31 09:31:15.040,3.457,7900
2020-08-31 09:31:15.110,3.456,3000
2020-08-31 09:31:15.140,3.457,22700
2020-08-31 09:31:15.140,3.457,7300
2020-08-31 09:31:15.140,3.457,10000
2020-08-31 09:31:15.140,3.457,30000
2020-08-31 09:31:15.170,3.456,9800
2020-08-31 09:31:15.400,3.456,600
2020-08-31 09:31:15.560,3.457,3000
2020-08-31 09:31:16.000,3.457,1000
2020-08-31 09:31:16.190,3.457,1500
2020-08-31 09:31:16.430,3.456,24600
2020-08-31 09:31:16.430,3.456,9000
2020-08-31 09:31:17.720,3.455,500
2020-08-31 09:31:18.070,3.456,1400
2020-08-31 09:31:18.070,3.456,500
2020-08-31 09:31:18.070,3.457,3100
2020-08-31 09:31:18.770,3.457,9600
2020-08-31 09:31:19.240,3.454,9500
2020-08-31 09:31:19.240,3.454,10000
2020-08-31 09:31:19.240,3.454,4500
2020-08-31 09:31:19.270,3.456,500
2020-08-31 09:31:19.370,3.456,2300
2020-08-31 09:31:19.580,3.454,5500
2020-08-31 09:31:19.580,3.454,10000
2020-08-31 09:31:19.580,3.454,2200
2020-08-31 09:31:19.580,3.454,200
2020-08-31 09:31:19.580,3.454,1500
2020-08-31 09:31:19.580,3.454,300000
2020-08-31 09:31:19.580,3.454,7200
2020-08-31 09:31:19.860,3.454,100
2020-08-31 09:31:19.970,3.456,400
2020-08-31 09:31:20.090,3.454,2000
2020-08-31 09:31:21.020,3.456,1800
2020-08-31 09:31:21.020,3.456,28200
2020-08-31 09:31:21.020,3.456,10000
2020-08-31 09:31:21.020,3.456,30000
2020-08-31 09:31:21.020,3.456,20000
2020-08-31 09:31:21.020,3.456,30000
2020-08-31 09:31:21.020,3.456,30000
2020-08-31 09:31:21.020,3.456,10000
2020-08-31 09:31:21.020,3.456,30000
2020-08-31 09:31:21.020,3.456,20000
2020-08-31 09:31:21.020,3.456,30000
2020-08-31 09:31:21.020,3.454,37900
2020-08-31 09:31:21.330,3.456,2000
2020-08-31 09:31:21.460,3.453,10000
2020-08-31 09:31:21.890,3.456,6000
2020-08-31 09:31:21.890,3.456,2500
2020-08-31 09:31:22.400,3.455,9000
2020-08-31 09:31:23.200,3.455,2200
2020-08-31 09:31:23.230,3.453,10000
2020-08-31 09:31:23.250,3.453,2000
2020-08-31 09:31:23.950,3.455,900
2020-08-31 09:31:23.950,3.455,30000
2020-08-31 09:31:23.950,3.455,20000
2020-08-31 09:31:23.950,3.455,30000
2020-08-31 09:31:23.950,3.455,30000
2020-08-31 09:31:23.950,3.455,30000
2020-08-31 09:31:23.950,3.455,20000
2020-08-31 09:31:23.950,3.455,30000
2020-08-31 09:31:23.950,3.455,20000
2020-08-31 09:31:23.950,3.455,30000
2020-08-31 09:31:24.200,3.455,200
2020-08-31 09:31:24.420,3.453,200
2020-08-31 09:31:24.480,3.454,15000
2020-08-31 09:31:24.480,3.454,8100
2020-08-31 09:31:25.280,3.453,227200
2020-08-31 09:31:25.280,3.453,72800
2020-08-31 09:31:25.490,3.453,27200
2020-08-31 09:31:25.490,3.453,2900
2020-08-31 09:31:25.600,3.452,10000
2020-08-31 09:31:25.600,3.452,300
2020-08-31 09:31:25.600,3.452,200
2020-08-31 09:31:25.600,3.452,7000
2020-08-31 09:31:25.600,3.451,81500
2020-08-31 09:31:25.830,3.453,21100
2020-08-31 09:31:25.980,3.453,5000
2020-08-31 09:31:26.280,3.453,700
2020-08-31 09:31:27.200,3.451,1500
2020-08-31 09:31:27.350,3.451,10000
2020-08-31 09:31:28.500,3.452,10000
2020-08-31 09:31:28.500,3.453,4000
2020-08-31 09:31:29.110,3.453,10000
2020-08-31 09:31:29.400,3.453,4300
2020-08-31 09:31:29.580,3.453,224800
2020-08-31 09:31:29.580,3.453,275200
2020-08-31 09:31:29.760,3.453,300000
2020-08-31 09:31:30.060,3.451,72200
2020-08-31 09:31:30.060,3.451,27800
2020-08-31 09:31:30.120,3.451,1000
2020-08-31 09:31:30.590,3.451,600
2020-08-31 09:31:30.830,3.451,3100
2020-08-31 09:31:30.900,3.452,1000
2020-08-31 09:31:30.900,3.452,256562
2020-08-31 09:31:30.900,3.453,3200
2020-08-31 09:31:31.110,3.453,5900
2020-08-31 09:31:31.110,3.453,6000
2020-08-31 09:31:31.110,3.453,3000
2020-08-31 09:31:31.110,3.453,5100
2020-08-31 09:31:31.520,3.452,100
2020-08-31 09:31:31.730,3.453,700
2020-08-31 09:31:31.860,3.452,1000
2020-08-31 09:31:31.860,3.453,5100
2020-08-31 09:31:31.930,3.452,1500
2020-08-31 09:31:31.960,3.452,300
2020-08-31 09:31:32.050,3.453,1500
2020-08-31 09:31:32.140,3.453,1300
2020-08-31 09:31:32.140,3.453,8600
2020-08-31 09:31:32.140,3.453,300
2020-08-31 09:31:32.140,3.453,300
2020-08-31 09:31:32.140,3.453,2800
2020-08-31 09:31:32.140,3.453,10000
2020-08-31 09:31:32.140,3.453,2400
2020-08-31 09:31:32.140,3.454,1900
2020-08-31 09:31:32.140,3.454,272400
2020-08-31 09:31:32.170,3.452,39538
2020-08-31 09:31:32.170,3.452,40000
2020-08-31 09:31:32.170,3.452,90000
2020-08-31 09:31:32.170,3.451,89100
2020-08-31 09:31:32.170,3.451,80000
2020-08-31 09:31:32.170,3.451,1000
2020-08-31 09:31:32.170,3.451,100
2020-08-31 09:31:32.170,3.451,40000
2020-08-31 09:31:32.710,3.451,40000
2020-08-31 09:31:32.770,3.451,300000
2020-08-31 09:31:33.040,3.451,180262
2020-08-31 09:31:33.040,3.451,1000
2020-08-31 09:31:33.100,3.451,4000
2020-08-31 09:31:33.300,3.452,4000
2020-08-31 09:31:33.520,3.451,5000
2020-08-31 09:31:33.520,3.451,8800
2020-08-31 09:31:33.640,3.452,2200
2020-08-31 09:31:33.640,3.452,7800
2020-08-31 09:31:33.710,3.452,91100
2020-08-31 09:31:33.710,3.453,1000
2020-08-31 09:31:33.710,3.454,207900
2020-08-31 09:31:33.950,3.451,10000
2020-08-31 09:31:34.040,3.452,1200
2020-08-31 09:31:34.040,3.452,1000
2020-08-31 09:31:34.640,3.452,500
2020-08-31 09:31:34.640,3.452,500
2020-08-31 09:31:34.640,3.452,500
2020-08-31 09:31:34.640,3.452,500
2020-08-31 09:31:34.670,3.452,500
2020-08-31 09:31:34.670,3.452,500
2020-08-31 09:31:34.730,3.453,6500
2020-08-31 09:31:34.730,3.454,293500
2020-08-31 09:31:34.950,3.452,7000
2020-08-31 09:31:35.100,3.454,40000
2020-08-31 09:31:35.190,3.453,500
2020-08-31 09:31:35.190,3.453,500
2020-08-31 09:31:35.490,3.453,8700
2020-08-31 09:31:35.520,3.453,1000
2020-08-31 09:31:35.560,3.453,29300
2020-08-31 09:31:35.560,3.452,700
2020-08-31 09:31:35.640,3.452,1500
2020-08-31 09:31:35.700,3.452,7100
2020-08-31 09:31:35.770,3.452,100
2020-08-31 09:31:35.990,3.452,3000
2020-08-31 09:31:36.150,3.453,40000
2020-08-31 09:31:36.620,3.452,1200
2020-08-31 09:31:36.970,3.453,10000
2020-08-31 09:31:36.970,3.453,290000
2020-08-31 09:31:37.100,3.452,3000
2020-08-31 09:31:37.190,3.452,4200
2020-08-31 09:31:37.260,3.452,11700
2020-08-31 09:31:37.760,3.452,300
2020-08-31 09:31:37.760,3.452,1000
2020-08-31 09:31:38.440,3.452,3500
2020-08-31 09:31:38.650,3.453,10200
2020-08-31 09:31:39.850,3.452,100
2020-08-31 09:31:39.880,3.452,200
2020-08-31 09:31:40.090,3.452,44600
2020-08-31 09:31:40.120,3.453,3900
2020-08-31 09:31:40.150,3.452,5000
2020-08-31 09:31:40.150,3.453,195900
2020-08-31 09:31:40.150,3.453,10000
2020-08-31 09:31:40.150,3.454,94100
2020-08-31 09:31:40.300,3.452,1500
2020-08-31 09:31:40.710,3.453,3000
2020-08-31 09:31:41.900,3.454,92100
2020-08-31 09:31:41.900,3.454,200
2020-08-31 09:31:41.900,3.454,1500
2020-08-31 09:31:41.900,3.454,1000
2020-08-31 09:31:41.900,3.454,45900
2020-08-31 09:31:41.900,3.454,5000
2020-08-31 09:31:41.900,3.454,154300
2020-08-31 09:31:42.220,3.453,23600
2020-08-31 09:31:42.280,3.453,2000
2020-08-31 09:31:42.380,3.453,21400
2020-08-31 09:31:42.380,3.453,20000
2020-08-31 09:31:42.380,3.453,10000
2020-08-31 09:31:42.380,3.453,30600
2020-08-31 09:31:42.550,3.453,25400
2020-08-31 09:31:42.680,3.454,16600
2020-08-31 09:31:42.740,3.453,10000
2020-08-31 09:31:42.860,3.453,50000
2020-08-31 09:31:42.960,3.454,129100
2020-08-31 09:31:42.960,3.454,8000
2020-08-31 09:31:42.960,3.455,63100
2020-08-31 09:31:42.960,3.455,50000
2020-08-31 09:31:42.960,3.455,10000
2020-08-31 09:31:42.960,3.455,3000
2020-08-31 09:31:42.960,3.455,100
2020-08-31 09:31:42.960,3.455,500
2020-08-31 09:31:42.960,3.455,29700
2020-08-31 09:31:42.960,3.456,6500
2020-08-31 09:31:43.320,3.453,72000
2020-08-31 09:31:43.620,3.454,10000
2020-08-31 09:31:44.140,3.454,700
2020-08-31 09:31:44.560,3.454,29300
2020-08-31 09:31:44.560,3.453,20700
2020-08-31 09:31:44.640,3.453,19300
2020-08-31 09:31:44.640,3.453,25800
2020-08-31 09:31:44.770,3.453,100
2020-08-31 09:31:44.770,3.453,500
2020-08-31 09:31:44.950,3.455,50000
2020-08-31 09:31:44.950,3.453,100
2020-08-31 09:31:44.990,3.453,5000
2020-08-31 09:31:45.380,3.454,3000
2020-08-31 09:31:45.550,3.454,2000
2020-08-31 09:31:45.610,3.455,5100
2020-08-31 09:31:45.770,3.454,400
2020-08-31 09:31:45.800,3.454,100
2020-08-31 09:31:46.150,3.454,600
2020-08-31 09:31:46.150,3.453,2800
2020-08-31 09:31:46.430,3.453,100
2020-08-31 09:31:46.550,3.453,2100
2020-08-31 09:31:46.800,3.453,16300
2020-08-31 09:31:46.950,3.453,500
2020-08-31 09:31:47.160,3.453,4300
2020-08-31 09:31:47.220,3.453,10000
2020-08-31 09:31:47.400,3.453,700
2020-08-31 09:31:47.470,3.453,5200
2020-08-31 09:31:47.610,3.453,2300
2020-08-31 09:31:47.950,3.454,100
2020-08-31 09:31:47.950,3.455,29900
2020-08-31 09:31:47.980,3.455,5000
2020-08-31 09:31:48.240,3.455,100000
2020-08-31 09:31:48.420,3.453,5000
2020-08-31 09:31:49.420,3.453,1500
2020-08-31 09:31:49.600,3.455,1000
2020-08-31 09:31:49.600,3.455,100
2020-08-31 09:31:49.600,3.455,1000
2020-08-31 09:31:49.630,3.455,97900
2020-08-31 09:31:49.630,3.453,7700
2020-08-31 09:31:49.630,3.453,93100
2020-08-31 09:31:49.630,3.453,206900
2020-08-31 09:31:49.630,3.453,500
2020-08-31 09:31:49.630,3.453,5000
2020-08-31 09:31:49.630,3.453,7000
2020-08-31 09:31:49.630,3.453,5700
2020-08-31 09:31:49.630,3.452,160600
2020-08-31 09:31:49.830,3.452,500
2020-08-31 09:31:50.550,3.453,30000
2020-08-31 09:31:50.670,3.453,1000
2020-08-31 09:31:50.760,3.453,8000
2020-08-31 09:31:50.990,3.454,5600
2020-08-31 09:31:50.990,3.455,4400
2020-08-31 09:31:50.990,3.453,1000
2020-08-31 09:31:50.990,3.452,2000
2020-08-31 09:31:50.990,3.452,29200
2020-08-31 09:31:51.820,3.453,10000
2020-08-31 09:31:51.850,3.454,4000
2020-08-31 09:31:51.880,3.454,7900
2020-08-31 09:31:51.910,3.454,1900
2020-08-31 09:31:52.110,3.453,50000
2020-08-31 09:31:52.380,3.453,63100
2020-08-31 09:31:52.980,3.453,300
2020-08-31 09:31:53.200,3.453,1000
2020-08-31 09:31:53.290,3.453,1800
2020-08-31 09:31:53.440,3.454,10000
2020-08-31 09:31:54.130,3.453,4000
2020-08-31 09:31:54.230,3.453,3000
2020-08-31 09:31:54.290,3.453,200
2020-08-31 09:31:54.290,3.453,200
2020-08-31 09:31:54.290,3.453,200
2020-08-31 09:31:54.290,3.453,200
2020-08-31 09:31:54.380,3.453,2500
2020-08-31 09:31:54.690,3.453,3000
2020-08-31 09:31:55.390,3.453,10000
2020-08-31 09:31:55.560,3.454,26100
2020-08-31 09:31:55.560,3.454,3900
2020-08-31 09:31:55.930,3.453,115000
2020-08-31 09:31:56.650,3.453,2300
2020-08-31 09:31:56.800,3.453,33200
2020-08-31 09:31:56.800,3.453,5700
2020-08-31 09:31:56.800,3.453,10000
2020-08-31 09:31:56.800,3.453,2000
2020-08-31 09:31:57.430,3.453,25000
2020-08-31 09:31:57.620,3.452,300
2020-08-31 09:31:57.760,3.453,10000
2020-08-31 09:31:57.790,3.452,531100
2020-08-31 09:31:57.790,3.452,10000
2020-08-31 09:31:57.790,3.452,3000
2020-08-31 09:31:57.790,3.452,3000
2020-08-31 09:31:57.790,3.452,26300
2020-08-31 09:31:57.790,3.452,3000
2020-08-31 09:31:57.790,3.452,97200
2020-08-31 09:31:57.790,3.452,200
2020-08-31 09:31:57.790,3.452,65300
2020-08-31 09:31:57.790,3.452,100
2020-08-31 09:31:58.210,3.452,100
2020-08-31 09:31:58.600,3.452,40000
2020-08-31 09:31:59.270,3.452,2800
2020-08-31 09:31:59.770,3.452,3300
2020-08-31 09:32:00.240,3.452,10000
2020-08-31 09:32:00.270,3.451,700
2020-08-31 09:32:00.270,3.451,7900
2020-08-31 09:32:00.270,3.451,8600
2020-08-31 09:32:00.720,3.452,41000
2020-08-31 09:32:00.720,3.452,3000
2020-08-31 09:32:00.720,3.452,30000
2020-08-31 09:32:00.720,3.452,38000
2020-08-31 09:32:00.720,3.452,1200
2020-08-31 09:32:00.850,3.453,300
2020-08-31 09:32:00.990,3.453,3000
2020-08-31 09:32:01.120,3.453,30000
2020-08-31 09:32:01.270,3.452,300
2020-08-31 09:32:01.890,3.452,5000
2020-08-31 09:32:02.020,3.452,10000
2020-08-31 09:32:02.200,3.453,300000
2020-08-31 09:32:02.200,3.453,300000
2020-08-31 09:32:02.610,3.453,180800
2020-08-31 09:32:02.610,3.453,1000
2020-08-31 09:32:02.610,3.453,1800
2020-08-31 09:32:02.610,3.453,45000
2020-08-31 09:32:02.610,3.453,10800
2020-08-31 09:32:02.610,3.453,3000
2020-08-31 09:32:02.610,3.453,6000
2020-08-31 09:32:02.610,3.453,5000
2020-08-31 09:32:02.680,3.453,3000
2020-08-31 09:32:03.080,3.454,16100
2020-08-31 09:32:03.080,3.454,200
2020-08-31 09:32:03.080,3.454,900
2020-08-31 09:32:03.080,3.454,20000
2020-08-31 09:32:03.080,3.454,2000
2020-08-31 09:32:03.080,3.454,1500
2020-08-31 09:32:03.340,3.454,3000
2020-08-31 09:32:03.370,3.454,8000
2020-08-31 09:32:03.460,3.454,2000
2020-08-31 09:32:03.700,3.454,4300
2020-08-31 09:32:03.700,3.453,3700
2020-08-31 09:32:03.770,3.453,5000
2020-08-31 09:32:03.800,3.453,5000
2020-08-31 09:32:04.500,3.454,2000
2020-08-31 09:32:04.980,3.454,100
2020-08-31 09:32:06.130,3.454,1200
2020-08-31 09:32:06.420,3.455,2600
2020-08-31 09:32:06.420,3.455,1000
2020-08-31 09:32:06.420,3.455,1600
2020-08-31 09:32:06.420,3.455,10700
2020-08-31 09:32:06.420,3.455,5000
2020-08-31 09:32:06.420,3.455,1000
2020-08-31 09:32:06.420,3.455,500
2020-08-31 09:32:06.420,3.455,4000
2020-08-31 09:32:06.420,3.455,900
2020-08-31 09:32:06.420,3.455,20000
2020-08-31 09:32:06.420,3.455,252700
2020-08-31 09:32:06.460,3.454,100
2020-08-31 09:32:06.490,3.455,20000
2020-08-31 09:32:06.580,3.454,800
2020-08-31 09:32:06.580,3.454,400
2020-08-31 09:32:06.990,3.454,5400
2020-08-31 09:32:06.990,3.454,4600
2020-08-31 09:32:07.020,3.454,5700
2020-08-31 09:32:07.150,3.455,30000
2020-08-31 09:32:07.150,3.455,50000
2020-08-31 09:32:07.430,3.455,100
2020-08-31 09:32:07.450,3.454,5700
2020-08-31 09:32:07.490,3.454,10000
2020-08-31 09:32:07.770,3.455,40000
2020-08-31 09:32:08.110,3.455,3200
2020-08-31 09:32:08.290,3.455,104000
2020-08-31 09:32:08.290,3.455,5000
2020-08-31 09:32:08.290,3.455,1000
2020-08-31 09:32:08.290,3.455,20000
2020-08-31 09:32:08.730,3.455,100
2020-08-31 09:32:08.730,3.455,5000
2020-08-31 09:32:08.970,3.456,2000
2020-08-31 09:32:08.970,3.456,1400
2020-08-31 09:32:08.970,3.456,5000
2020-08-31 09:32:08.970,3.456,1600
2020-08-31 09:32:08.970,3.456,20000
2020-08-31 09:32:08.970,3.456,300000
2020-08-31 09:32:09.350,3.455,5000
2020-08-31 09:32:09.470,3.456,14000
2020-08-31 09:32:10.120,3.456,2000
2020-08-31 09:32:10.120,3.456,6000
2020-08-31 09:32:10.120,3.456,5000
2020-08-31 09:32:10.120,3.456,20000
2020-08-31 09:32:10.120,3.456,5000
2020-08-31 09:32:10.120,3.456,30000
2020-08-31 09:32:10.120,3.456,100000
2020-08-31 09:32:10.120,3.456,1500
2020-08-31 09:32:10.120,3.456,3000
2020-08-31 09:32:10.220,3.457,100
2020-08-31 09:32:10.220,3.457,300
2020-08-31 09:32:10.220,3.457,1000
2020-08-31 09:32:10.220,3.457,200000
2020-08-31 09:32:10.220,3.457,5600
2020-08-31 09:32:10.220,3.457,700
2020-08-31 09:32:10.220,3.457,600
2020-08-31 09:32:10.220,3.457,1000
2020-08-31 09:32:10.220,3.457,1000
2020-08-31 09:32:10.220,3.457,500
2020-08-31 09:32:10.220,3.457,10000
2020-08-31 09:32:10.220,3.457,3500
2020-08-31 09:32:10.220,3.457,500
2020-08-31 09:32:10.220,3.457,7300
2020-08-31 09:32:10.220,3.458,67900
2020-08-31 09:32:10.500,3.456,127500
2020-08-31 09:32:10.500,3.456,114800
2020-08-31 09:32:10.500,3.456,300000
2020-08-31 09:32:10.500,3.456,319400
2020-08-31 09:32:11.390,3.455,21200
2020-08-31 09:32:11.600,3.455,14000
2020-08-31 09:32:11.630,3.455,1500
2020-08-31 09:32:11.660,3.456,6800
2020-08-31 09:32:11.960,3.456,31500
2020-08-31 09:32:12.000,3.456,7400
2020-08-31 09:32:12.180,3.458,7700
2020-08-31 09:32:12.180,3.458,10000
2020-08-31 09:32:12.180,3.458,6000
2020-08-31 09:32:12.180,3.458,1000
2020-08-31 09:32:12.180,3.458,2000
2020-08-31 09:32:12.180,3.458,3000
2020-08-31 09:32:12.180,3.458,5000
2020-08-31 09:32:12.180,3.458,1000
2020-08-31 09:32:12.180,3.458,5000
2020-08-31 09:32:12.180,3.458,5000
2020-08-31 09:32:12.180,3.458,7100
2020-08-31 09:32:12.180,3.458,4000
2020-08-31 09:32:12.180,3.458,1900
2020-08-31 09:32:12.310,3.459,6800
2020-08-31 09:32:12.310,3.459,80000
2020-08-31 09:32:12.310,3.459,900
2020-08-31 09:32:12.310,3.459,10000
2020-08-31 09:32:12.310,3.459,100000
2020-08-31 09:32:12.310,3.459,10000
2020-08-31 09:32:12.310,3.459,1000
2020-08-31 09:32:12.310,3.459,500
2020-08-31 09:32:12.310,3.459,3000
2020-08-31 09:32:12.310,3.459,30000
2020-08-31 09:32:12.310,3.459,300
2020-08-31 09:32:12.310,3.46,32330
2020-08-31 09:32:12.310,3.46,2000
2020-08-31 09:32:12.310,3.46,23170
2020-08-31 09:32:12.850,3.458,10000
2020-08-31 09:32:12.940,3.458,4500
2020-08-31 09:32:13.370,3.458,2000
2020-08-31 09:32:13.400,3.46,100
2020-08-31 09:32:13.580,3.458,200
2020-08-31 09:32:13.880,3.46,93530
2020-08-31 09:32:13.880,3.46,34100
2020-08-31 09:32:13.880,3.46,2000
2020-08-31 09:32:13.880,3.46,22400
2020-08-31 09:32:13.880,3.46,54100
2020-08-31 09:32:13.880,3.46,2500
2020-08-31 09:32:13.880,3.46,700
2020-08-31 09:32:13.880,3.46,5000
2020-08-31 09:32:13.880,3.46,10000
2020-08-31 09:32:13.880,3.46,26200
2020-08-31 09:32:13.880,3.46,500
2020-08-31 09:32:13.880,3.46,5000
2020-08-31 09:32:13.880,3.46,5000
2020-08-31 09:32:13.880,3.46,15000
2020-08-31 09:32:13.880,3.46,2800
2020-08-31 09:32:13.880,3.46,11900
2020-08-31 09:32:13.880,3.46,800
2020-08-31 09:32:13.880,3.46,900
2020-08-31 09:32:13.880,3.46,5000
2020-08-31 09:32:13.880,3.46,100
2020-08-31 09:32:13.880,3.46,2470
2020-08-31 09:32:14.040,3.46,12530
2020-08-31 09:32:14.040,3.46,6000
2020-08-31 09:32:14.040,3.46,5000
2020-08-31 09:32:14.040,3.46,200
2020-08-31 09:32:14.040,3.46,10000
2020-08-31 09:32:14.040,3.46,1000
2020-08-31 09:32:14.040,3.46,100
2020-08-31 09:32:14.040,3.46,3300
2020-08-31 09:32:14.040,3.46,300
2020-08-31 09:32:14.040,3.46,2000
2020-08-31 09:32:14.040,3.46,1000
2020-08-31 09:32:14.040,3.46,500
2020-08-31 09:32:14.040,3.46,2000
2020-08-31 09:32:14.040,3.46,100
2020-08-31 09:32:14.040,3.46,1000
2020-08-31 09:32:14.040,3.46,100
2020-08-31 09:32:14.040,3.46,1000
2020-08-31 09:32:14.040,3.46,253870
2020-08-31 09:32:14.130,3.459,100
2020-08-31 09:32:14.260,3.46,246130
2020-08-31 09:32:14.260,3.46,2000
2020-08-31 09:32:14.260,3.46,200
2020-08-31 09:32:14.260,3.46,5000
2020-08-31 09:32:14.260,3.46,2800
2020-08-31 09:32:14.260,3.46,3000
2020-08-31 09:32:14.260,3.46,500
2020-08-31 09:32:14.260,3.46,5000
2020-08-31 09:32:14.260,3.46,300
2020-08-31 09:32:14.260,3.46,700
2020-08-31 09:32:14.260,3.46,2000
2020-08-31 09:32:14.650,3.46,2000
2020-08-31 09:32:15.050,3.461,1000
2020-08-31 09:32:15.050,3.461,500
2020-08-31 09:32:15.050,3.461,500
2020-08-31 09:32:15.050,3.461,600
2020-08-31 09:32:15.050,3.461,5000
2020-08-31 09:32:15.050,3.461,30000
2020-08-31 09:32:15.050,3.461,2400
2020-08-31 09:32:15.050,3.461,2600
2020-08-31 09:32:15.050,3.461,200
2020-08-31 09:32:15.050,3.461,1900
2020-08-31 09:32:15.050,3.461,600
2020-08-31 09:32:15.050,3.461,44700
2020-08-31 09:32:15.050,3.461,50000
2020-08-31 09:32:15.050,3.461,5300
2020-08-31 09:32:15.050,3.461,200
2020-08-31 09:32:15.050,3.461,300
2020-08-31 09:32:15.050,3.461,100
2020-08-31 09:32:15.050,3.461,200
2020-08-31 09:32:15.050,3.461,600
2020-08-31 09:32:15.050,3.461,2000
2020-08-31 09:32:15.150,3.461,100
2020-08-31 09:32:15.660,3.461,1000
2020-08-31 09:32:15.780,3.461,200
2020-08-31 09:32:15.780,3.461,1100
2020-08-31 09:32:15.780,3.46,8600
2020-08-31 09:32:15.960,3.46,500
2020-08-31 09:32:17.430,3.46,10200
2020-08-31 09:32:17.940,3.46,600
2020-08-31 09:32:17.970,3.462,1000
2020-08-31 09:32:17.970,3.462,100
2020-08-31 09:32:17.970,3.462,6000
2020-08-31 09:32:17.970,3.462,2900
2020-08-31 09:32:18.320,3.46,1000
2020-08-31 09:32:18.410,3.46,4700
2020-08-31 09:32:18.920,3.461,200
2020-08-31 09:32:18.920,3.462,2900
2020-08-31 09:32:19.420,3.46,400
2020-08-31 09:32:19.580,3.462,3000
2020-08-31 09:32:19.610,3.46,10000
2020-08-31 09:32:19.700,3.46,500
2020-08-31 09:32:20.510,3.46,10000
2020-08-31 09:32:20.570,3.461,2000
2020-08-31 09:32:20.570,3.462,1200
2020-08-31 09:32:20.570,3.462,4400
2020-08-31 09:32:20.570,3.462,2400
2020-08-31 09:32:21.570,3.46,700
2020-08-31 09:32:21.670,3.462,2600
2020-08-31 09:32:21.670,3.462,5000
2020-08-31 09:32:21.670,3.462,500
2020-08-31 09:32:21.670,3.462,1000
2020-08-31 09:32:21.670,3.462,100
2020-08-31 09:32:21.670,3.462,20800
2020-08-31 09:32:21.670,3.462,30000
2020-08-31 09:32:21.670,3.462,10000
2020-08-31 09:32:21.670,3.462,30000
2020-08-31 09:32:21.670,3.462,20000
2020-08-31 09:32:21.670,3.462,30000
2020-08-31 09:32:21.670,3.462,30000
2020-08-31 09:32:21.670,3.462,20000
2020-08-31 09:32:21.670,3.462,30000
2020-08-31 09:32:21.670,3.462,30000
2020-08-31 09:32:21.670,3.462,30000
2020-08-31 09:32:21.670,3.462,30000
2020-08-31 09:32:21.670,3.462,30000
2020-08-31 09:32:21.670,3.462,10000
2020-08-31 09:32:21.670,3.462,30000
2020-08-31 09:32:21.670,3.462,30000
2020-08-31 09:32:21.670,3.462,30000
2020-08-31 09:32:21.670,3.462,30000
2020-08-31 09:32:21.670,3.462,30000
2020-08-31 09:32:21.670,3.462,30000
2020-08-31 09:32:21.670,3.462,30000
2020-08-31 09:32:21.670,3.462,30000
2020-08-31 09:32:21.670,3.462,30000
2020-08-31 09:32:21.670,3.462,30000
2020-08-31 09:32:21.670,3.462,30000
2020-08-31 09:32:21.670,3.462,30000
2020-08-31 09:32:21.870,3.462,62600
2020-08-31 09:32:22.210,3.46,299300
2020-08-31 09:32:22.210,3.46,100
2020-08-31 09:32:22.210,3.46,2600
2020-08-31 09:32:22.210,3.46,3200
2020-08-31 09:32:22.210,3.46,50000
2020-08-31 09:32:22.210,3.46,40000
2020-08-31 09:32:22.530,3.459,6000
2020-08-31 09:32:22.950,3.459,100000
2020-08-31 09:32:23.260,3.46,500
2020-08-31 09:32:23.580,3.459,500
2020-08-31 09:32:23.640,3.46,29900
2020-08-31 09:32:23.970,3.46,20000
2020-08-31 09:32:24.040,3.46,30000
2020-08-31 09:32:24.040,3.46,30000
2020-08-31 09:32:24.040,3.46,30000
2020-08-31 09:32:24.040,3.46,30000
2020-08-31 09:32:24.040,3.46,30000
2020-08-31 09:32:24.040,3.46,30000
2020-08-31 09:32:24.040,3.46,30000
2020-08-31 09:32:24.040,3.46,30000
2020-08-31 09:32:24.040,3.46,30000
2020-08-31 09:32:24.040,3.46,30000
2020-08-31 09:32:24.040,3.46,30000
2020-08-31 09:32:24.110,3.46,1700
2020-08-31 09:32:24.210,3.46,50000
2020-08-31 09:32:24.240,3.46,10000
2020-08-31 09:32:24.510,3.459,500
2020-08-31 09:32:24.700,3.46,1000
2020-08-31 09:32:24.850,3.46,50000
2020-08-31 09:32:24.880,3.46,5400
2020-08-31 09:32:24.910,3.46,1000
2020-08-31 09:32:25.400,3.46,300
2020-08-31 09:32:26.070,3.46,5000
2020-08-31 09:32:26.070,3.46,2100
2020-08-31 09:32:26.070,3.46,98800
2020-08-31 09:32:26.070,3.46,1000
2020-08-31 09:32:26.070,3.46,8100
2020-08-31 09:32:26.910,3.46,2000
2020-08-31 09:32:26.970,3.461,1000
2020-08-31 09:32:26.970,3.461,29000
2020-08-31 09:32:26.970,3.461,1000
2020-08-31 09:32:26.970,3.461,100
2020-08-31 09:32:26.970,3.461,5000
2020-08-31 09:32:26.970,3.461,3900
2020-08-31 09:32:26.970,3.461,30000
2020-08-31 09:32:26.970,3.461,30000
2020-08-31 09:32:26.970,3.461,30000
2020-08-31 09:32:27.000,3.461,30000
2020-08-31 09:32:27.000,3.461,30000
2020-08-31 09:32:27.000,3.461,30000
2020-08-31 09:32:27.000,3.461,30000
2020-08-31 09:32:27.030,3.461,30000
2020-08-31 09:32:27.030,3.461,30000
2020-08-31 09:32:27.030,3.461,20000
2020-08-31 09:32:27.030,3.461,20000
2020-08-31 09:32:27.030,3.461,10000
2020-08-31 09:32:27.030,3.461,30000
2020-08-31 09:32:27.030,3.461,30000
2020-08-31 09:32:27.030,3.461,10000
2020-08-31 09:32:27.030,3.461,10000
2020-08-31 09:32:27.030,3.461,10000
2020-08-31 09:32:27.030,3.461,30000
2020-08-31 09:32:27.030,3.461,30000
2020-08-31 09:32:27.030,3.461,30000
2020-08-31 09:32:27.030,3.461,30000
2020-08-31 09:32:27.030,3.461,30000
2020-08-31 09:32:27.030,3.461,20000
2020-08-31 09:32:27.030,3.461,30000
2020-08-31 09:32:27.030,3.461,10000
2020-08-31 09:32:27.030,3.461,30000
2020-08-31 09:32:27.030,3.461,30000
2020-08-31 09:32:27.030,3.461,30000
2020-08-31 09:32:27.030,3.461,30000
2020-08-31 09:32:27.030,3.461,30000
2020-08-31 09:32:27.030,3.461,30000
2020-08-31 09:32:27.030,3.461,10000
2020-08-31 09:32:27.030,3.461,30000
2020-08-31 09:32:27.030,3.461,30000
2020-08-31 09:32:27.030,3.461,26100
2020-08-31 09:32:27.030,3.461,500
2020-08-31 09:32:27.030,3.461,3400
2020-08-31 09:32:27.030,3.461,30000
2020-08-31 09:32:27.030,3.461,30000
2020-08-31 09:32:27.030,3.461,30000
2020-08-31 09:32:27.030,3.461,30000
2020-08-31 09:32:27.030,3.461,10000
2020-08-31 09:32:27.030,3.461,30000
2020-08-31 09:32:27.030,3.461,10000
2020-08-31 09:32:27.030,3.461,30000
2020-08-31 09:32:27.030,3.461,30000
2020-08-31 09:32:27.030,3.461,30000
2020-08-31 09:32:27.030,3.461,30000
2020-08-31 09:32:27.030,3.461,30000
2020-08-31 09:32:27.030,3.461,30000
2020-08-31 09:32:27.030,3.461,20000
2020-08-31 09:32:27.030,3.461,30000
2020-08-31 09:32:27.030,3.461,30000
2020-08-31 09:32:27.030,3.461,30000
2020-08-31 09:32:27.030,3.461,30000
2020-08-31 09:32:27.030,3.461,30000
2020-08-31 09:32:27.120,3.461,1000
2020-08-31 09:32:27.250,3.46,10000
2020-08-31 09:32:28.070,3.461,100
2020-08-31 09:32:28.700,3.46,5300
2020-08-31 09:32:28.820,3.46,40000
2020-08-31 09:32:28.820,3.461,4300
2020-08-31 09:32:29.300,3.46,127700
2020-08-31 09:32:29.300,3.46,50000
2020-08-31 09:32:29.970,3.46,30000
2020-08-31 09:32:30.000,3.46,20000
2020-08-31 09:32:30.000,3.46,30000
2020-08-31 09:32:30.190,3.459,8500
2020-08-31 09:32:30.190,3.459,8500
2020-08-31 09:32:31.790,3.459,126600
2020-08-31 09:32:31.840,3.46,100
2020-08-31 09:32:32.070,3.459,2000
2020-08-31 09:32:32.290,3.459,47400
2020-08-31 09:32:32.290,3.459,300
2020-08-31 09:32:32.290,3.459,50000
2020-08-31 09:32:32.750,3.459,9400
2020-08-31 09:32:33.100,3.459,30000
2020-08-31 09:32:33.100,3.459,30000
2020-08-31 09:32:33.100,3.459,30000
2020-08-31 09:32:33.100,3.459,10000
2020-08-31 09:32:33.100,3.459,30000
2020-08-31 09:32:33.100,3.459,20000
2020-08-31 09:32:33.130,3.459,1700
2020-08-31 09:32:33.160,3.459,20000
2020-08-31 09:32:33.670,3.459,700
2020-08-31 09:32:34.380,3.459,2000
2020-08-31 09:32:34.380,3.46,11900
2020-08-31 09:32:35.410,3.459,100
2020-08-31 09:32:35.410,3.46,1400
2020-08-31 09:32:35.860,3.459,1400
2020-08-31 09:32:36.090,3.459,130000
2020-08-31 09:32:36.310,3.458,1000
2020-08-31 09:32:36.310,3.458,1800
2020-08-31 09:32:36.710,3.459,49000
2020-08-31 09:32:36.890,3.458,58200
2020-08-31 09:32:37.410,3.458,50000
2020-08-31 09:32:38.180,3.458,1100
2020-08-31 09:32:38.430,3.458,10000
2020-08-31 09:32:38.520,3.458,2000
2020-08-31 09:32:38.720,3.458,60000
2020-08-31 09:32:39.840,3.458,29000
2020-08-31 09:32:39.840,3.458,21000
2020-08-31 09:32:40.000,3.458,4200
2020-08-31 09:32:40.000,3.46,8500
2020-08-31 09:32:40.000,3.46,5000
2020-08-31 09:32:40.000,3.46,1000
2020-08-31 09:32:40.000,3.46,5000
2020-08-31 09:32:40.000,3.46,2000
2020-08-31 09:32:40.000,3.46,2000
2020-08-31 09:32:40.000,3.46,100
2020-08-31 09:32:40.000,3.46,10000
2020-08-31 09:32:40.000,3.46,148100
2020-08-31 09:32:40.000,3.46,20500
2020-08-31 09:32:40.000,3.46,17000
2020-08-31 09:32:40.000,3.46,100
2020-08-31 09:32:40.000,3.46,76500
2020-08-31 09:32:41.540,3.457,1900
2020-08-31 09:32:41.710,3.46,2000
2020-08-31 09:32:41.770,3.46,300000
2020-08-31 09:32:41.970,3.46,30000
2020-08-31 09:32:41.970,3.46,30000
2020-08-31 09:32:41.970,3.46,30000
2020-08-31 09:32:41.970,3.46,30000
2020-08-31 09:32:41.970,3.46,20000
2020-08-31 09:32:41.970,3.46,30000
2020-08-31 09:32:41.970,3.46,20000
2020-08-31 09:32:41.970,3.46,30000
2020-08-31 09:32:41.970,3.46,30000
2020-08-31 09:32:41.970,3.46,20000
2020-08-31 09:32:42.040,3.46,30000
2020-08-31 09:32:42.040,3.46,30000
2020-08-31 09:32:42.040,3.46,30000
2020-08-31 09:32:42.040,3.46,30000
2020-08-31 09:32:42.040,3.46,10000
2020-08-31 09:32:42.040,3.46,30000
2020-08-31 09:32:42.040,3.46,30000
2020-08-31 09:32:42.100,3.46,61500
2020-08-31 09:32:42.100,3.46,10000
2020-08-31 09:32:42.100,3.46,15000
2020-08-31 09:32:42.100,3.46,1000
2020-08-31 09:32:42.100,3.46,1000
2020-08-31 09:32:42.100,3.46,30000
2020-08-31 09:32:42.100,3.46,100
2020-08-31 09:32:42.100,3.46,200
2020-08-31 09:32:42.100,3.46,1000
2020-08-31 09:32:42.170,3.46,1000
2020-08-31 09:32:42.200,3.46,3000
2020-08-31 09:32:42.370,3.46,300
2020-08-31 09:32:42.490,3.46,5000
2020-08-31 09:32:43.270,3.46,20000
2020-08-31 09:32:43.270,3.461,40000
2020-08-31 09:32:43.430,3.46,1000
2020-08-31 09:32:44.680,3.461,36700
2020-08-31 09:32:44.770,3.46,700
2020-08-31 09:32:45.020,3.461,30000
2020-08-31 09:32:45.020,3.461,30000
2020-08-31 09:32:45.020,3.461,30000
2020-08-31 09:32:45.020,3.461,10000
2020-08-31 09:32:45.020,3.461,30000
2020-08-31 09:32:45.020,3.46,10000
2020-08-31 09:32:45.310,3.46,100
2020-08-31 09:32:45.470,3.461,10000
2020-08-31 09:32:45.530,3.46,200
2020-08-31 09:32:46.280,3.46,5000
2020-08-31 09:32:46.280,3.46,40000
2020-08-31 09:32:46.420,3.461,7000
2020-08-31 09:32:47.010,3.46,200
2020-08-31 09:32:47.520,3.46,1800
2020-08-31 09:32:47.640,3.46,400
2020-08-31 09:32:47.750,3.46,52900
2020-08-31 09:32:47.810,3.46,10000
2020-08-31 09:32:47.810,3.46,3000
2020-08-31 09:32:47.960,3.461,1900
2020-08-31 09:32:48.020,3.461,10000
2020-08-31 09:32:48.020,3.461,30000
2020-08-31 09:32:48.020,3.461,30000
2020-08-31 09:32:48.020,3.461,10000
2020-08-31 09:32:48.020,3.461,10000
2020-08-31 09:32:48.020,3.461,30000
2020-08-31 09:32:48.270,3.46,1000
2020-08-31 09:32:48.300,3.46,500
2020-08-31 09:32:49.310,3.46,6000
2020-08-31 09:32:49.790,3.46,400
2020-08-31 09:32:49.820,3.46,5700
2020-08-31 09:32:49.820,3.461,3000
2020-08-31 09:32:49.910,3.46,100
2020-08-31 09:32:50.100,3.46,1500
2020-08-31 09:32:50.280,3.46,2000
2020-08-31 09:32:50.460,3.46,3700
2020-08-31 09:32:50.840,3.46,100
2020-08-31 09:32:50.990,3.461,22600
2020-08-31 09:32:50.990,3.461,7400
2020-08-31 09:32:50.990,3.461,22300
2020-08-31 09:32:50.990,3.461,100
2020-08-31 09:32:50.990,3.461,5000
2020-08-31 09:32:50.990,3.461,2000
2020-08-31 09:32:50.990,3.461,600
2020-08-31 09:32:50.990,3.461,30000
2020-08-31 09:32:50.990,3.461,30000
2020-08-31 09:32:50.990,3.461,30000
2020-08-31 09:32:50.990,3.461,30000
2020-08-31 09:32:50.990,3.461,30000
2020-08-31 09:32:50.990,3.461,30000
2020-08-31 09:32:50.990,3.461,30000
2020-08-31 09:32:50.990,3.461,20000
2020-08-31 09:32:50.990,3.461,30000
2020-08-31 09:32:51.020,3.461,30000
2020-08-31 09:32:51.020,3.461,9400
2020-08-31 09:32:51.020,3.461,20600
2020-08-31 09:32:51.020,3.461,30000
2020-08-31 09:32:51.020,3.461,30000
2020-08-31 09:32:51.020,3.461,30000
2020-08-31 09:32:51.020,3.461,30000
2020-08-31 09:32:51.020,3.461,30000
2020-08-31 09:32:51.020,3.461,30000
2020-08-31 09:32:51.020,3.461,30000
2020-08-31 09:32:51.020,3.461,30000
2020-08-31 09:32:51.020,3.461,30000
2020-08-31 09:32:51.020,3.461,30000
2020-08-31 09:32:51.020,3.461,30000
2020-08-31 09:32:51.020,3.461,30000
2020-08-31 09:32:51.020,3.461,10000
2020-08-31 09:32:51.020,3.461,10000
2020-08-31 09:32:51.020,3.461,30000
2020-08-31 09:32:51.020,3.461,30000
2020-08-31 09:32:51.020,3.461,30000
2020-08-31 09:32:51.020,3.461,30000
2020-08-31 09:32:51.020,3.461,30000
2020-08-31 09:32:51.020,3.461,30000
2020-08-31 09:32:51.020,3.461,30000
2020-08-31 09:32:51.020,3.461,30000
2020-08-31 09:32:51.090,3.46,4600
2020-08-31 09:32:51.090,3.46,3000
2020-08-31 09:32:51.090,3.46,50000
2020-08-31 09:32:52.000,3.459,700
2020-08-31 09:32:53.310,3.46,100
2020-08-31 09:32:53.950,3.46,1500
2020-08-31 09:32:53.980,3.46,30000
2020-08-31 09:32:53.980,3.46,30000
2020-08-31 09:32:53.980,3.46,10000
2020-08-31 09:32:53.980,3.46,10000
2020-08-31 09:32:53.980,3.46,30000
2020-08-31 09:32:53.980,3.46,30000
2020-08-31 09:32:53.980,3.46,30000
2020-08-31 09:32:53.980,3.46,30000
2020-08-31 09:32:53.980,3.46,30000
2020-08-31 09:32:53.980,3.46,20000
2020-08-31 09:32:53.980,3.46,30000
2020-08-31 09:32:53.980,3.46,20000
2020-08-31 09:32:53.980,3.46,30000
2020-08-31 09:32:53.980,3.46,30000
2020-08-31 09:32:54.080,3.46,3000
2020-08-31 09:32:54.110,3.459,100
2020-08-31 09:32:54.110,3.459,500
2020-08-31 09:32:54.110,3.459,6000
2020-08-31 09:32:54.110,3.459,500
2020-08-31 09:32:54.200,3.459,4400
2020-08-31 09:32:54.970,3.459,800
2020-08-31 09:32:55.290,3.458,1000
2020-08-31 09:32:56.010,3.459,3000
2020-08-31 09:32:56.410,3.458,20000
2020-08-31 09:32:56.500,3.459,2800
2020-08-31 09:32:56.810,3.459,3800
2020-08-31 09:32:56.870,3.459,28700
2020-08-31 09:32:56.930,3.459,30000
2020-08-31 09:32:56.930,3.459,30000
2020-08-31 09:32:56.930,3.459,30000
2020-08-31 09:32:56.930,3.459,30000
2020-08-31 09:32:56.930,3.459,30000
2020-08-31 09:32:56.930,3.459,30000
2020-08-31 09:32:57.130,3.459,4000
2020-08-31 09:32:57.230,3.459,10000
2020-08-31 09:32:57.850,3.459,20000
2020-08-31 09:32:58.310,3.458,279000
2020-08-31 09:32:58.310,3.458,21000
2020-08-31 09:32:58.520,3.459,2200
2020-08-31 09:32:58.790,3.458,89000
2020-08-31 09:32:58.790,3.458,60000
2020-08-31 09:32:58.790,3.458,4600
2020-08-31 09:32:58.790,3.458,50000
2020-08-31 09:32:58.790,3.458,50000
2020-08-31 09:32:59.060,3.458,1600
2020-08-31 09:32:59.090,3.458,5000
2020-08-31 09:32:59.300,3.458,50000
2020-08-31 09:32:59.700,3.458,60000
2020-08-31 09:32:59.940,3.458,50000
2020-08-31 09:32:59.970,3.458,300000
2020-08-31 09:32:59.970,3.458,179800
2020-08-31 09:32:59.970,3.458,10000
2020-08-31 09:33:00.190,3.458,8600
2020-08-31 09:33:00.190,3.458,8600
2020-08-31 09:33:00.860,3.458,1000
2020-08-31 09:33:01.310,3.459,3000
2020-08-31 09:33:01.890,3.459,5100
2020-08-31 09:33:02.670,3.458,92000
2020-08-31 09:33:03.040,3.458,300000
2020-08-31 09:33:03.040,3.458,300000
2020-08-31 09:33:03.290,3.458,50000
2020-08-31 09:33:03.580,3.458,10000
2020-08-31 09:33:03.670,3.458,57700
2020-08-31 09:33:03.820,3.458,50000
2020-08-31 09:33:04.590,3.458,40300
2020-08-31 09:33:04.590,3.458,100
2020-08-31 09:33:04.590,3.458,100
2020-08-31 09:33:04.590,3.459,17500
2020-08-31 09:33:05.080,3.458,1800
2020-08-31 09:33:05.350,3.458,900
2020-08-31 09:33:05.390,3.458,1000
2020-08-31 09:33:05.600,3.457,60000
2020-08-31 09:33:06.000,3.457,300000
2020-08-31 09:33:06.000,3.457,300000
2020-08-31 09:33:06.030,3.457,5500
2020-08-31 09:33:06.570,3.457,100000
2020-08-31 09:33:06.780,3.457,12600
2020-08-31 09:33:07.940,3.456,1000
2020-08-31 09:33:07.940,3.456,20000
2020-08-31 09:33:07.940,3.456,1500
2020-08-31 09:33:07.940,3.456,60000
2020-08-31 09:33:08.210,3.456,50000
2020-08-31 09:33:08.740,3.456,60000
2020-08-31 09:33:08.940,3.456,300000
2020-08-31 09:33:08.940,3.456,300000
2020-08-31 09:33:09.280,3.456,50000
2020-08-31 09:33:09.430,3.455,10000
2020-08-31 09:33:09.490,3.456,57500
2020-08-31 09:33:09.490,3.456,242500
2020-08-31 09:33:09.790,3.456,181400
2020-08-31 09:33:09.790,3.456,76100
2020-08-31 09:33:09.790,3.457,121900
2020-08-31 09:33:09.790,3.457,38000
2020-08-31 09:33:09.790,3.457,1400
2020-08-31 09:33:09.790,3.457,4000
2020-08-31 09:33:09.790,3.458,1300
2020-08-31 09:33:09.790,3.458,57300
2020-08-31 09:33:09.930,3.458,7300
2020-08-31 09:33:10.020,3.458,3600
2020-08-31 09:33:10.200,3.456,700
2020-08-31 09:33:10.700,3.457,14300
2020-08-31 09:33:11.030,3.456,7500
2020-08-31 09:33:11.310,3.456,800
2020-08-31 09:33:11.310,3.457,5700
2020-08-31 09:33:11.700,3.456,38000
2020-08-31 09:33:12.010,3.457,30400
2020-08-31 09:33:12.010,3.458,20800
2020-08-31 09:33:12.010,3.458,248800
2020-08-31 09:33:12.410,3.458,51200
2020-08-31 09:33:12.410,3.458,10000
2020-08-31 09:33:12.410,3.458,19900
2020-08-31 09:33:12.410,3.458,3900
2020-08-31 09:33:12.410,3.458,10400
2020-08-31 09:33:12.410,3.458,600
2020-08-31 09:33:12.410,3.458,1000
2020-08-31 09:33:12.410,3.458,100
2020-08-31 09:33:12.410,3.458,700
2020-08-31 09:33:12.410,3.458,5000
2020-08-31 09:33:12.410,3.458,2000
2020-08-31 09:33:12.410,3.458,2100
2020-08-31 09:33:12.410,3.458,3600
2020-08-31 09:33:12.410,3.458,500
2020-08-31 09:33:12.410,3.459,7600
2020-08-31 09:33:12.410,3.459,17900
2020-08-31 09:33:12.410,3.459,5000
2020-08-31 09:33:12.410,3.459,500
2020-08-31 09:33:12.410,3.459,10000
2020-08-31 09:33:12.410,3.459,5000
2020-08-31 09:33:12.410,3.459,300
2020-08-31 09:33:12.410,3.459,3000
2020-08-31 09:33:12.410,3.459,10000
2020-08-31 09:33:12.410,3.459,900
2020-08-31 09:33:12.410,3.459,100000
2020-08-31 09:33:12.410,3.459,1400
2020-08-31 09:33:12.410,3.459,3800
2020-08-31 09:33:12.410,3.459,23600
2020-08-31 09:33:12.410,3.456,6400
2020-08-31 09:33:12.760,3.456,47000
2020-08-31 09:33:12.930,3.457,2000
2020-08-31 09:33:12.930,3.458,12400
2020-08-31 09:33:13.020,3.456,2000
2020-08-31 09:33:13.700,3.457,100
2020-08-31 09:33:13.700,3.456,100
2020-08-31 09:33:14.110,3.458,400
2020-08-31 09:33:14.430,3.456,10000
2020-08-31 09:33:14.550,3.458,2000
2020-08-31 09:33:14.730,3.456,2000
2020-08-31 09:33:14.890,3.456,1200
2020-08-31 09:33:15.040,3.458,300000
2020-08-31 09:33:15.040,3.458,135200
2020-08-31 09:33:15.040,3.458,5000
2020-08-31 09:33:15.040,3.458,5000
2020-08-31 09:33:15.040,3.458,154800
2020-08-31 09:33:15.040,3.458,300000
2020-08-31 09:33:15.810,3.457,200
2020-08-31 09:33:16.240,3.456,5000
2020-08-31 09:33:16.390,3.456,10000
2020-08-31 09:33:16.710,3.457,200
2020-08-31 09:33:16.710,3.457,500
2020-08-31 09:33:16.710,3.457,20300
2020-08-31 09:33:16.830,3.457,60000
2020-08-31 09:33:17.070,3.456,100
2020-08-31 09:33:17.420,3.456,56600
2020-08-31 09:33:17.700,3.457,60000
2020-08-31 09:33:17.730,3.456,112600
2020-08-31 09:33:17.730,3.456,287400
2020-08-31 09:33:17.980,3.457,119700
2020-08-31 09:33:17.980,3.458,180300
2020-08-31 09:33:18.070,3.458,265000
2020-08-31 09:33:18.070,3.458,2000
2020-08-31 09:33:18.070,3.458,33000
2020-08-31 09:33:18.070,3.458,300000
2020-08-31 09:33:18.260,3.456,12600
2020-08-31 09:33:18.260,3.456,261300
2020-08-31 09:33:18.690,3.456,8800
2020-08-31 09:33:18.840,3.456,10000
2020-08-31 09:33:19.050,3.456,19900
2020-08-31 09:33:19.050,3.456,50000
2020-08-31 09:33:19.050,3.456,50000
2020-08-31 09:33:19.050,3.456,50000
2020-08-31 09:33:19.050,3.456,50000
2020-08-31 09:33:19.050,3.456,40000
2020-08-31 09:33:19.050,3.456,40000
2020-08-31 09:33:19.050,3.456,40000
2020-08-31 09:33:19.050,3.456,2000
2020-08-31 09:33:19.050,3.456,1500
2020-08-31 09:33:19.050,3.456,60000
2020-08-31 09:33:19.440,3.455,15000
2020-08-31 09:33:19.850,3.456,60000
2020-08-31 09:33:19.970,3.456,600
2020-08-31 09:33:20.030,3.456,1000
2020-08-31 09:33:20.570,3.456,12800
2020-08-31 09:33:20.570,3.456,5000
2020-08-31 09:33:21.080,3.458,117000
2020-08-31 09:33:21.080,3.458,1000
2020-08-31 09:33:21.080,3.458,182000
2020-08-31 09:33:21.420,3.456,1700
2020-08-31 09:33:21.790,3.456,200
2020-08-31 09:33:21.960,3.457,1000
2020-08-31 09:33:22.390,3.456,3000
2020-08-31 09:33:22.390,3.456,6900
2020-08-31 09:33:22.660,3.457,60000
2020-08-31 09:33:22.810,3.456,500
2020-08-31 09:33:23.230,3.457,500
2020-08-31 09:33:23.470,3.457,400
2020-08-31 09:33:23.830,3.457,2000
2020-08-31 09:33:23.860,3.457,36700
2020-08-31 09:33:23.860,3.457,1400
2020-08-31 09:33:23.860,3.457,9000
2020-08-31 09:33:23.860,3.457,12900
2020-08-31 09:33:23.920,3.456,9900
2020-08-31 09:33:23.920,3.456,50000
2020-08-31 09:33:23.920,3.456,50000
2020-08-31 09:33:23.920,3.456,300000
2020-08-31 09:33:23.920,3.456,10000
2020-08-31 09:33:23.920,3.456,40000
2020-08-31 09:33:23.920,3.456,1000
2020-08-31 09:33:23.920,3.456,5000
2020-08-31 09:33:24.060,3.456,300000
2020-08-31 09:33:24.060,3.456,134100
2020-08-31 09:33:24.060,3.456,30000
2020-08-31 09:33:24.060,3.457,135900
2020-08-31 09:33:24.060,3.457,300000
2020-08-31 09:33:25.310,3.457,100
2020-08-31 09:33:25.740,3.456,3800
2020-08-31 09:33:25.740,3.456,60000
2020-08-31 09:33:25.740,3.456,40000
2020-08-31 09:33:25.740,3.456,1000
2020-08-31 09:33:26.010,3.455,30000
2020-08-31 09:33:26.070,3.456,10000
2020-08-31 09:33:26.330,3.456,15000
2020-08-31 09:33:26.540,3.456,40000
2020-08-31 09:33:26.920,3.456,50000
2020-08-31 09:33:26.920,3.456,50000
2020-08-31 09:33:27.040,3.456,300000
2020-08-31 09:33:27.040,3.456,10000
2020-08-31 09:33:27.040,3.456,10000
2020-08-31 09:33:27.040,3.456,10000
2020-08-31 09:33:27.040,3.456,30000
2020-08-31 09:33:27.040,3.456,10000
2020-08-31 09:33:27.040,3.456,30000
2020-08-31 09:33:27.040,3.456,30000
2020-08-31 09:33:27.040,3.456,30000
2020-08-31 09:33:27.040,3.456,10000
2020-08-31 09:33:27.040,3.456,30000
2020-08-31 09:33:27.040,3.456,20000
2020-08-31 09:33:27.040,3.456,20000
2020-08-31 09:33:27.040,3.456,30000
2020-08-31 09:33:27.260,3.456,50000
2020-08-31 09:33:27.580,3.455,800
2020-08-31 09:33:27.620,3.456,200
2020-08-31 09:33:28.490,3.455,4000
2020-08-31 09:33:28.580,3.455,63400
2020-08-31 09:33:28.580,3.455,30000
2020-08-31 09:33:28.580,3.455,26600
2020-08-31 09:33:28.580,3.455,13400
2020-08-31 09:33:28.580,3.455,40000
2020-08-31 09:33:28.580,3.455,1000
2020-08-31 09:33:28.580,3.455,10000
2020-08-31 09:33:28.580,3.455,50000
2020-08-31 09:33:28.790,3.455,5700
2020-08-31 09:33:29.040,3.455,1300
2020-08-31 09:33:29.240,3.455,200
2020-08-31 09:33:29.770,3.455,800
2020-08-31 09:33:29.980,3.455,300000
2020-08-31 09:33:30.070,3.455,14700
2020-08-31 09:33:30.160,3.454,2800
2020-08-31 09:33:30.160,3.454,5800
2020-08-31 09:33:30.330,3.454,300
2020-08-31 09:33:30.330,3.454,8300
2020-08-31 09:33:30.440,3.455,4200
2020-08-31 09:33:30.440,3.455,200
2020-08-31 09:33:30.540,3.455,5000
2020-08-31 09:33:31.160,3.455,104800
2020-08-31 09:33:31.930,3.455,200
2020-08-31 09:33:32.650,3.455,1000
2020-08-31 09:33:33.020,3.455,300000
2020-08-31 09:33:33.020,3.455,47500
2020-08-31 09:33:33.020,3.455,100
2020-08-31 09:33:33.020,3.455,1100
2020-08-31 09:33:33.020,3.455,5600
2020-08-31 09:33:33.020,3.456,10000
2020-08-31 09:33:33.020,3.456,400
2020-08-31 09:33:33.020,3.456,20700
2020-08-31 09:33:33.020,3.456,1800
2020-08-31 09:33:33.020,3.456,212800
2020-08-31 09:33:33.860,3.454,3100
2020-08-31 09:33:34.130,3.456,300
2020-08-31 09:33:34.160,3.454,46900
2020-08-31 09:33:34.160,3.454,43100
2020-08-31 09:33:35.990,3.454,3000
2020-08-31 09:33:35.990,3.455,300000
2020-08-31 09:33:35.990,3.455,300000
2020-08-31 09:33:36.530,3.454,100
2020-08-31 09:33:37.120,3.454,900
2020-08-31 09:33:38.020,3.454,3000
2020-08-31 09:33:38.270,3.454,5000
2020-08-31 09:33:38.950,3.454,3000
2020-08-31 09:33:39.000,3.454,300000
2020-08-31 09:33:39.290,3.453,4500
2020-08-31 09:33:39.290,3.453,6000
2020-08-31 09:33:39.290,3.453,300
2020-08-31 09:33:39.290,3.452,3000
2020-08-31 09:33:39.290,3.452,3000
2020-08-31 09:33:39.290,3.452,3200
2020-08-31 09:33:39.780,3.454,3000
2020-08-31 09:33:40.820,3.452,7600
2020-08-31 09:33:40.820,3.452,5000
2020-08-31 09:33:40.820,3.452,50000
2020-08-31 09:33:40.820,3.452,27400
2020-08-31 09:33:41.490,3.452,2000
2020-08-31 09:33:41.550,3.453,30000
2020-08-31 09:33:41.550,3.453,30000
2020-08-31 09:33:41.550,3.453,10000
2020-08-31 09:33:41.810,3.453,10000
2020-08-31 09:33:42.030,3.453,300000
2020-08-31 09:33:42.030,3.453,300000
2020-08-31 09:33:42.030,3.453,220000
2020-08-31 09:33:42.030,3.453,100
2020-08-31 09:33:42.030,3.453,5600
2020-08-31 09:33:42.030,3.454,74300
2020-08-31 09:33:42.480,3.451,1000
2020-08-31 09:33:42.540,3.453,4000
2020-08-31 09:33:42.630,3.452,800
2020-08-31 09:33:42.630,3.452,20000
2020-08-31 09:33:42.630,3.453,16000
2020-08-31 09:33:42.880,3.453,263200
2020-08-31 09:33:43.000,3.453,300000
2020-08-31 09:33:43.000,3.453,300000
2020-08-31 09:33:43.730,3.453,14700
2020-08-31 09:33:43.780,3.453,22100
2020-08-31 09:33:44.900,3.453,800
2020-08-31 09:33:45.020,3.454,8700
2020-08-31 09:33:45.020,3.454,30000
2020-08-31 09:33:45.020,3.454,20000
2020-08-31 09:33:45.020,3.454,10000
2020-08-31 09:33:45.020,3.454,30000
2020-08-31 09:33:45.020,3.454,30000
2020-08-31 09:33:45.020,3.454,10000
2020-08-31 09:33:45.020,3.454,30000
2020-08-31 09:33:45.020,3.454,30000
2020-08-31 09:33:45.020,3.454,30000
2020-08-31 09:33:45.020,3.454,30000
2020-08-31 09:33:45.020,3.454,20000
2020-08-31 09:33:45.020,3.454,30000
2020-08-31 09:33:45.020,3.454,30000
2020-08-31 09:33:45.020,3.454,30000
2020-08-31 09:33:45.020,3.454,30000
2020-08-31 09:33:45.020,3.454,30000
2020-08-31 09:33:45.020,3.454,20000
2020-08-31 09:33:45.020,3.454,10000
2020-08-31 09:33:45.020,3.454,20000
2020-08-31 09:33:45.020,3.454,30000
2020-08-31 09:33:45.020,3.454,30000
2020-08-31 09:33:45.160,3.453,100
2020-08-31 09:33:45.190,3.453,132600
2020-08-31 09:33:45.390,3.454,72100
2020-08-31 09:33:45.390,3.454,227900
2020-08-31 09:33:45.640,3.454,40000
2020-08-31 09:33:45.860,3.453,144400
2020-08-31 09:33:45.860,3.453,40000
2020-08-31 09:33:45.860,3.453,40000
2020-08-31 09:33:46.100,3.452,2000
2020-08-31 09:33:46.100,3.453,1500
2020-08-31 09:33:46.340,3.453,1000
2020-08-31 09:33:46.590,3.453,40000
2020-08-31 09:33:46.590,3.453,33100
2020-08-31 09:33:46.590,3.453,5000
2020-08-31 09:33:46.860,3.454,32100
2020-08-31 09:33:46.860,3.454,5000
2020-08-31 09:33:46.860,3.454,262900
2020-08-31 09:33:46.890,3.453,1900
2020-08-31 09:33:46.890,3.453,100
2020-08-31 09:33:47.040,3.453,10000
2020-08-31 09:33:47.510,3.453,39900
2020-08-31 09:33:47.510,3.453,20600
2020-08-31 09:33:47.510,3.453,29500
2020-08-31 09:33:47.630,3.453,100
2020-08-31 09:33:47.780,3.454,187100
2020-08-31 09:33:47.780,3.454,2500
2020-08-31 09:33:47.780,3.454,3000
2020-08-31 09:33:47.780,3.454,1700
2020-08-31 09:33:47.780,3.454,36900
2020-08-31 09:33:47.780,3.454,500
2020-08-31 09:33:47.780,3.454,100
2020-08-31 09:33:47.780,3.455,600
2020-08-31 09:33:47.780,3.455,400
2020-08-31 09:33:47.780,3.455,6300
2020-08-31 09:33:47.780,3.455,1000
2020-08-31 09:33:47.780,3.455,300
2020-08-31 09:33:47.780,3.455,3000
2020-08-31 09:33:47.780,3.455,5000
2020-08-31 09:33:47.780,3.455,100
2020-08-31 09:33:47.780,3.456,9900
2020-08-31 09:33:47.780,3.456,10000
2020-08-31 09:33:47.780,3.456,2000
2020-08-31 09:33:47.780,3.456,9400
2020-08-31 09:33:47.780,3.456,17600
2020-08-31 09:33:47.780,3.456,30000
2020-08-31 09:33:47.780,3.456,1000
2020-08-31 09:33:47.780,3.456,5000
2020-08-31 09:33:47.780,3.456,2700
2020-08-31 09:33:47.780,3.456,2000
2020-08-31 09:33:47.780,3.456,1500
2020-08-31 09:33:47.780,3.456,8200
2020-08-31 09:33:47.780,3.456,2300
2020-08-31 09:33:47.780,3.456,900
2020-08-31 09:33:47.780,3.456,500
2020-08-31 09:33:48.040,3.456,900
2020-08-31 09:33:48.040,3.456,10000
2020-08-31 09:33:48.090,3.456,82100
2020-08-31 09:33:48.220,3.456,87300
2020-08-31 09:33:48.410,3.454,5200
2020-08-31 09:33:48.520,3.454,2000
2020-08-31 09:33:48.900,3.454,5000
2020-08-31 09:33:48.960,3.454,56000
2020-08-31 09:33:48.960,3.454,30000
2020-08-31 09:33:48.960,3.454,50000
2020-08-31 09:33:48.960,3.454,30000
2020-08-31 09:33:48.960,3.454,30000
2020-08-31 09:33:48.960,3.454,40000
2020-08-31 09:33:48.960,3.454,300000
2020-08-31 09:33:49.580,3.453,30000
2020-08-31 09:33:49.910,3.453,200
2020-08-31 09:33:49.910,3.453,1500
2020-08-31 09:33:50.070,3.453,300
2020-08-31 09:33:50.680,3.452,10000
2020-08-31 09:33:50.800,3.452,3500
2020-08-31 09:33:50.960,3.453,38000
2020-08-31 09:33:50.960,3.453,90000
2020-08-31 09:33:50.960,3.453,2000
2020-08-31 09:33:50.960,3.454,170000
2020-08-31 09:33:50.960,3.454,194000
2020-08-31 09:33:50.960,3.454,600
2020-08-31 09:33:50.960,3.455,105400
2020-08-31 09:33:51.600,3.455,3000
2020-08-31 09:33:52.670,3.454,3000
2020-08-31 09:33:53.120,3.454,600
2020-08-31 09:33:53.400,3.452,11400
2020-08-31 09:33:54.060,3.454,300000
2020-08-31 09:33:54.060,3.454,30000
