ExChangeId,ChannelNo,SeqNo,SecurityID,Trade2_Order1,TradeDate,UpdateTime,Price,Volume,TrdMoney,OrdSide,OrdType,TrdBSFlag,TrdBuyNo,TrdSellNo
1,1,12306,510360,2,20200831,92500270,1.627000,200,325.400000,-,-,N,10460,21992
1,1,96686,510360,2,20200831,93027610,1.640000,500,820.000000,-,-,B,367146,258606
1,1,99356,510360,2,20200831,93030310,1.638000,600,982.800000,-,-,S,354927,371477
1,1,99487,510360,2,20200831,93030370,1.638000,100,163.800000,-,-,S,354927,371647
1,1,100441,510360,2,20200831,93031070,1.640000,100,164.000000,-,-,S,372304,373088
1,1,100442,510360,2,20200831,93031070,1.638000,100,163.800000,-,-,S,354927,373088
1,1,103557,510360,2,20200831,93033440,1.641000,100,164.100000,-,-,B,377254,113969
1,1,107650,510360,2,20200831,93036580,1.641000,4000,6564.000000,-,-,B,383284,113969
1,1,109947,510360,2,20200831,93038840,1.641000,1200,1969.200000,-,-,B,386876,113969
1,1,111415,510360,2,20200831,93040120,1.641000,4100,6728.100000,-,-,B,389397,113969
1,1,111803,510360,2,20200831,93040510,1.641000,600,984.600000,-,-,B,389969,113969
1,1,119647,510360,2,20200831,93047780,1.642000,300,492.600000,-,-,B,402580,382128
1,1,119746,510360,2,20200831,93047870,1.642000,300,492.600000,-,-,B,402739,382128
1,1,135987,510360,2,20200831,93101350,1.642000,300,492.600000,-,-,B,428024,382128
1,1,139241,510360,2,20200831,93103620,1.642000,1200,1970.400000,-,-,B,432738,382128
1,1,140457,510360,2,20200831,93104670,1.642000,100,164.200000,-,-,B,434360,382128
1,1,144217,510360,2,20200831,93107580,1.642000,200,328.400000,-,-,B,439691,382128
1,1,145420,510360,2,20200831,93108660,1.641000,12200,20020.200000,-,-,B,441587,441305
1,1,147301,510360,2,20200831,93109970,1.641000,900,1476.900000,-,-,B,444634,441305
1,1,149364,510360,2,20200831,93111750,1.641000,3100,5087.100000,-,-,B,447800,441305
1,1,151216,510360,2,20200831,93113000,1.641000,100,164.100000,-,-,B,450709,441305
1,1,152457,510360,2,20200831,93114170,1.641000,10800,17722.800000,-,-,B,452633,441305
1,1,155571,510360,2,20200831,93116660,1.641000,10400,17066.400000,-,-,B,457287,441305
1,1,160566,510360,2,20200831,93120690,1.640000,1300,2132.000000,-,-,S,376370,464710
1,1,160567,510360,2,20200831,93120690,1.640000,100,164.000000,-,-,S,381285,464710
1,1,160568,510360,2,20200831,93120690,1.640000,10000,16400.000000,-,-,S,401141,464710
1,1,160569,510360,2,20200831,93120690,1.640000,10000,16400.000000,-,-,S,435500,464710
1,1,164815,510360,2,20200831,93124100,1.640000,5200,8528.000000,-,-,B,471090,464710
1,1,184847,510360,2,20200831,93142670,1.640000,300,492.000000,-,-,B,503902,491381
1,1,189225,510360,2,20200831,93146850,1.640000,3700,6068.000000,-,-,B,511044,491381
1,1,196080,510360,2,20200831,93153620,1.639000,3200,5244.800000,-,-,B,522277,517860
1,1,196793,510360,2,20200831,93154290,1.639000,1000,1639.000000,-,-,B,523439,517860
1,1,198017,510360,2,20200831,93155660,1.641000,3100,5087.100000,-,-,B,525485,470413
1,1,202871,510360,2,20200831,93201310,1.640000,3300,5412.000000,-,-,B,534080,527085
1,1,204758,510360,2,20200831,93203250,1.640000,3000,4920.000000,-,-,B,537268,527085
1,1,206489,510360,2,20200831,93204860,1.640000,3100,5084.000000,-,-,B,539794,527085
1,1,207287,510360,2,20200831,93205860,1.640000,300,492.000000,-,-,B,541137,527085
1,1,207288,510360,2,20200831,93205860,1.640000,300,492.000000,-,-,B,541138,527085
1,1,207487,510360,2,20200831,93206060,1.640000,2000,3280.000000,-,-,B,541403,527085
1,1,207491,510360,2,20200831,93206060,1.640000,300,492.000000,-,-,B,541407,527085
1,1,208157,510360,2,20200831,93206520,1.640000,2100,3444.000000,-,-,B,542476,527085
1,1,209788,510360,2,20200831,93208150,1.640000,2100,3444.000000,-,-,B,545145,527085
1,1,210200,510360,2,20200831,93208550,1.640000,2000,3280.000000,-,-,B,545756,527085
1,1,210663,510360,2,20200831,93209160,1.640000,6600,10824.000000,-,-,B,546547,527085
1,1,211129,510360,2,20200831,93209370,1.640000,1200,1968.000000,-,-,B,547263,527085
1,1,211422,510360,2,20200831,93209660,1.640000,1400,2296.000000,-,-,B,547761,527085
1,1,211423,510360,2,20200831,93209660,1.641000,200,328.200000,-,-,B,547761,470413
1,1,212028,510360,2,20200831,93210440,1.641000,1300,2133.300000,-,-,B,548883,470413
1,1,212990,510360,2,20200831,93211300,1.641000,1500,2461.500000,-,-,B,550453,470413
1,1,215014,510360,2,20200831,93212880,1.641000,600,984.600000,-,-,B,553455,470413
1,1,216892,510360,2,20200831,93214580,1.641000,600,984.600000,-,-,B,556307,470413
1,1,219681,510360,2,20200831,93217370,1.641000,300,492.300000,-,-,B,560834,470413
1,1,223274,510360,2,20200831,93220650,1.641000,1500,2461.500000,-,-,B,566088,470413
1,1,233143,510360,2,20200831,93231720,1.640000,1800,2952.000000,-,-,S,553478,582271
1,1,236201,510360,2,20200831,93235210,1.641000,300,492.300000,-,-,B,587361,470413
1,1,238161,510360,2,20200831,93237370,1.641000,600,984.600000,-,-,B,590428,470413
1,1,241184,510360,2,20200831,93240760,1.642000,500,821.000000,-,-,B,595240,382128
1,1,241185,510360,2,20200831,93240760,1.642000,3100,5090.200000,-,-,B,595240,588009
1,1,241837,510360,2,20200831,93241530,1.642000,100,164.200000,-,-,B,596295,588009
1,1,246982,510360,2,20200831,93247600,1.642000,12000,19704.000000,-,-,B,604973,588009
1,1,248376,510360,2,20200831,93249090,1.642000,12100,19868.200000,-,-,B,607025,588009
1,1,250444,510360,2,20200831,93251750,1.642000,200,328.400000,-,-,B,610672,588009
1,1,250862,510360,2,20200831,93252240,1.642000,1000,1642.000000,-,-,B,611263,588009
1,1,263390,510360,2,20200831,93305550,1.642000,500,821.000000,-,-,B,631523,588009
1,1,274402,510360,2,20200831,93317830,1.642000,8000,13136.000000,-,-,B,649022,618046
1,1,275303,510360,2,20200831,93318830,1.642000,800,1313.600000,-,-,S,649022,650453
1,1,275708,510360,2,20200831,93319460,1.642000,8700,14285.400000,-,-,B,651262,650453
1,1,281698,510360,2,20200831,93325840,1.642000,2500,4105.000000,-,-,B,660365,650453
1,1,284931,510360,2,20200831,93329970,1.641000,5100,8369.100000,-,-,B,665978,661542
1,1,285255,510360,2,20200831,93330230,1.641000,4100,6728.100000,-,-,B,666415,661542
1,1,294054,510360,2,20200831,93341360,1.640000,800,1312.000000,-,-,S,571079,681072
1,1,294995,510360,2,20200831,93342370,1.640000,10000,16400.000000,-,-,B,682520,681072
1,1,295223,510360,2,20200831,93342600,1.640000,6100,10004.000000,-,-,B,682812,681072
1,1,296796,510360,2,20200831,93344680,1.640000,6100,10004.000000,-,-,B,685468,681072
1,1,297719,510360,2,20200831,93345990,1.640000,5400,8856.000000,-,-,B,687158,681072
1,1,299012,510360,2,20200831,93347690,1.640000,4500,7380.000000,-,-,B,689324,681072
1,1,300310,510360,2,20200831,93349330,1.640000,3300,5412.000000,-,-,B,691497,681072
1,1,301346,510360,2,20200831,93350960,1.640000,3300,5412.000000,-,-,B,693548,681072
1,1,302673,510360,2,20200831,93352440,1.641000,3000,4923.000000,-,-,B,695422,674901
1,1,303117,510360,2,20200831,93353250,1.641000,2500,4102.500000,-,-,B,696418,674901
1,1,308188,510360,2,20200831,93400080,1.640000,1200,1968.000000,-,-,B,705233,702011
1,1,316128,510360,2,20200831,93408940,1.640000,12200,20008.000000,-,-,B,718124,702011
1,1,317672,510360,2,20200831,93410420,1.640000,12200,20008.000000,-,-,B,720590,702011
1,1,321006,510360,2,20200831,93413510,1.641000,2700,4430.700000,-,-,B,725705,674901
1,1,341578,510360,2,20200831,93438940,1.639000,2700,4425.300000,-,-,B,760097,756415
1,1,349190,510360,2,20200831,93450020,1.639000,100,163.900000,-,-,B,773462,756415
1,1,353424,510360,2,20200831,93456470,1.638000,3000,4914.000000,-,-,S,673408,780809
1,1,373233,510360,2,20200831,93523910,1.638000,1900,3112.200000,-,-,B,814211,809931
1,1,376359,510360,2,20200831,93527760,1.638000,14600,23914.800000,-,-,B,819001,809931
1,1,383701,510360,2,20200831,93538460,1.638000,5400,8845.200000,-,-,S,819001,831420
1,1,407010,510360,2,20200831,93609570,1.636000,500,818.000000,-,-,S,813946,869709
1,1,421911,510360,2,20200831,93627130,1.634000,1000,1634.000000,-,-,S,433289,893486
1,1,446626,510360,2,20200831,93657500,1.630000,5000,8150.000000,-,-,S,881828,931697
1,1,450651,510360,2,20200831,93703200,1.634000,100,163.400000,-,-,B,938478,893486
1,1,461429,510360,2,20200831,93717230,1.631000,2000,3262.000000,-,-,S,949525,955822
1,1,493006,510360,2,20200831,93803080,1.633000,13000,21229.000000,-,-,S,986591,1008171
1,1,502438,510360,2,20200831,93818670,1.636000,1000,1636.000000,-,-,B,1024671,1011527
1,1,508630,510360,2,20200831,93829080,1.636000,900,1472.400000,-,-,B,1035112,1011527
1,1,516647,510360,2,20200831,93843830,1.633000,3800,6205.400000,-,-,S,1023754,1049450
1,1,516805,510360,2,20200831,93844040,1.633000,2200,3592.600000,-,-,B,1049689,1049450
1,1,549970,510360,2,20200831,93938720,1.637000,300,491.100000,-,-,B,1105134,1076131
1,1,552232,510360,2,20200831,93942480,1.637000,3600,5893.200000,-,-,B,1108899,1076131
1,1,575401,510360,2,20200831,94016810,1.638000,7700,12612.600000,-,-,B,1146149,902013
1,1,585695,510360,2,20200831,94030430,1.636000,600,981.600000,-,-,S,1119282,1162369
1,1,590397,510360,2,20200831,94037730,1.636000,9400,15378.400000,-,-,S,1119282,1170172
1,1,626107,510360,2,20200831,94146880,1.635000,600,981.000000,-,-,S,1231619,1231795
1,1,627315,510360,2,20200831,94149520,1.633000,1600,2612.800000,-,-,S,1099644,1233996
1,1,647965,510360,2,20200831,94233780,1.636000,100,163.600000,-,-,B,1269820,1215519
1,1,649845,510360,2,20200831,94237930,1.636000,10000,16360.000000,-,-,B,1273159,1215519
1,1,652036,510360,2,20200831,94242390,1.636000,6100,9979.600000,-,-,B,1276529,1215519
1,1,666749,510360,2,20200831,94315020,1.635000,10000,16350.000000,-,-,S,1277039,1301987
1,1,678628,510360,2,20200831,94342710,1.633000,300,489.900000,-,-,S,1099644,1322574
1,1,678879,510360,2,20200831,94343320,1.633000,8100,13227.300000,-,-,S,1099644,1323007
1,1,678880,510360,2,20200831,94343320,1.633000,9900,16166.700000,-,-,S,1216962,1323007
1,1,681674,510360,2,20200831,94350300,1.635000,3500,5722.500000,-,-,B,1328157,1301987
1,1,698817,510360,2,20200831,94428250,1.634000,5000,8170.000000,-,-,B,1356405,1340806
1,1,700245,510360,2,20200831,94431640,1.634000,7500,12255.000000,-,-,B,1358972,1340806
1,1,700304,510360,2,20200831,94431750,1.634000,10000,16340.000000,-,-,B,1359066,1340806
1,1,704102,510360,2,20200831,94439670,1.634000,100,163.400000,-,-,B,1364964,1340806
1,1,705102,510360,2,20200831,94441570,1.634000,3300,5392.200000,-,-,B,1366499,1340806
1,1,785859,510360,2,20200831,94705020,1.638000,2000,3276.000000,-,-,B,1492075,902013
1,1,789917,510360,2,20200831,94712550,1.638000,1100,1801.800000,-,-,B,1497926,902013
1,1,797503,510360,2,20200831,94727590,1.638000,1700,2784.600000,-,-,B,1509998,902013
1,1,797504,510360,2,20200831,94727590,1.638000,2000,3276.000000,-,-,B,1509998,1170641
1,1,806758,510360,2,20200831,94747290,1.640000,2500,4100.000000,-,-,B,1525622,1450273
1,1,808642,510360,2,20200831,94751170,1.638000,100,163.800000,-,-,S,1509998,1528574
1,1,813688,510360,2,20200831,94801850,1.640000,133400,218776.000000,-,-,B,1536800,1450273
1,1,822026,510360,2,20200831,94820630,1.640000,1000,1640.000000,-,-,B,1551015,1450273
1,1,853337,510360,2,20200831,94922820,1.641000,2000,3282.000000,-,-,B,1598276,837899
1,1,855716,510360,2,20200831,94927690,1.641000,8500,13948.500000,-,-,S,1598276,1601877
1,1,965278,510360,2,20200831,95244550,1.640000,100,164.000000,-,-,S,1643850,1771299
1,1,995083,510360,2,20200831,95356740,1.640000,800,1312.000000,-,-,S,1643850,1822105
1,1,995084,510360,2,20200831,95356740,1.640000,2200,3608.000000,-,-,S,1783001,1822105
1,1,1000830,510360,2,20200831,95411620,1.640000,3900,6396.000000,-,-,S,1783001,1832214
1,1,1006265,510360,2,20200831,95424140,1.640000,6100,10004.000000,-,-,B,1840505,1832214
1,1,1041890,510360,2,20200831,95551770,1.638000,2300,3767.400000,-,-,S,1509998,1900715
1,1,1052075,510360,2,20200831,95616080,1.638000,3700,6060.600000,-,-,B,1917174,1900715
1,1,1068785,510360,2,20200831,95650690,1.640000,300,492.000000,-,-,B,1941990,1930154
1,1,1083673,510360,2,20200831,95734840,1.640000,1700,2788.000000,-,-,B,1967740,1930154
1,1,1083674,510360,2,20200831,95734840,1.642000,5800,9523.600000,-,-,B,1967740,1919645
1,1,1102869,510360,2,20200831,95831930,1.643000,1000,1643.000000,-,-,B,1999557,371646
1,1,1102870,510360,2,20200831,95831930,1.643000,5000,8215.000000,-,-,B,1999557,1759490
1,1,1120194,510360,2,20200831,95920660,1.640000,900,1476.000000,-,-,S,1980740,2028509
1,1,1120655,510360,2,20200831,95922020,1.640000,900,1476.000000,-,-,S,1980740,2029281
1,1,1121186,510360,2,20200831,95923590,1.640000,600,984.000000,-,-,S,1980740,2030202
1,1,1121674,510360,2,20200831,95925130,1.640000,600,984.000000,-,-,S,1980740,2031049
1,1,1125330,510360,2,20200831,95937010,1.640000,3500,5740.000000,-,-,S,1980740,2037732
1,1,1125373,510360,2,20200831,95937130,1.640000,300,492.000000,-,-,S,1980740,2037793
1,1,1126430,510360,2,20200831,95940390,1.640000,500,820.000000,-,-,S,1980740,2039595
1,1,1159004,510360,2,20200831,100055420,1.638000,300,491.400000,-,-,S,1917174,2090353
1,1,1159667,510360,2,20200831,100056780,1.638000,1900,3112.200000,-,-,S,1917174,2091313
1,1,1192323,510360,2,20200831,100209840,1.639000,100,163.900000,-,-,S,2138729,2141804
1,1,1192808,510360,2,20200831,100210950,1.640000,2600,4264.000000,-,-,B,2142655,2113787
1,1,1193373,510360,2,20200831,100212390,1.639000,1300,2130.700000,-,-,S,2138729,2143483
1,1,1229295,510360,2,20200831,100348300,1.640000,7500,12300.000000,-,-,B,2200112,2182106
1,1,1237009,510360,2,20200831,100413020,1.639000,8600,14095.400000,-,-,S,2138729,2213893
1,1,1237010,510360,2,20200831,100413020,1.639000,7000,11473.000000,-,-,S,2198507,2213893
1,1,1259833,510360,2,20200831,100532170,1.639000,200,327.800000,-,-,B,2254070,2224334
1,1,1259834,510360,2,20200831,100532170,1.639000,200,327.800000,-,-,B,2254070,2233995
1,1,1269120,510360,2,20200831,100604410,1.639000,100,163.900000,-,-,S,2254070,2269710
1,1,1288268,510360,2,20200831,100705510,1.639000,500,819.500000,-,-,S,2254070,2299939
1,1,1289074,510360,2,20200831,100708560,1.638000,400,655.200000,-,-,S,2138986,2301385
1,1,1289075,510360,2,20200831,100708560,1.638000,5000,8190.000000,-,-,S,2258664,2301385
1,1,1289376,510360,2,20200831,100709380,1.640000,400,656.000000,-,-,B,2301789,2182106
1,1,1290074,510360,2,20200831,100711490,1.636000,200,327.200000,-,-,S,2223746,2302814
1,1,1332560,510360,2,20200831,100939710,1.636000,20000,32720.000000,-,-,S,2369944,2371342
1,1,1336688,510360,2,20200831,100951130,1.640000,100,164.000000,-,-,B,2377522,2202857
1,1,1336689,510360,2,20200831,100951130,1.640000,2300,3772.000000,-,-,B,2377522,2226254
1,1,1336690,510360,2,20200831,100951130,1.640000,300,492.000000,-,-,B,2377522,2365379
1,1,1376817,510360,2,20200831,101147020,1.640000,2000,3280.000000,-,-,B,2441391,2430287
1,1,1400092,510360,2,20200831,101306790,1.640000,2000,3280.000000,-,-,S,2441391,2479193
1,1,1400093,510360,2,20200831,101306790,1.640000,400,656.000000,-,-,S,2468352,2479193
1,1,1488736,510360,2,20200831,101821130,1.641000,1500,2461.500000,-,-,B,2624656,2603447
1,1,1493735,510360,2,20200831,101842820,1.641000,100,164.100000,-,-,B,2633106,2603447
1,1,1506347,510360,2,20200831,101938110,1.641000,100,164.100000,-,-,B,2654410,2603447
1,1,1508833,510360,2,20200831,101949240,1.641000,100,164.100000,-,-,S,2654410,2658795
1,1,1509452,510360,2,20200831,101951830,1.640000,2000,3280.000000,-,-,S,2468352,2659831
1,1,1510290,510360,2,20200831,101955630,1.640000,1800,2952.000000,-,-,S,2468352,2661299
1,1,1511324,510360,2,20200831,101959030,1.640000,1600,2624.000000,-,-,S,2468352,2662886
1,1,1511726,510360,2,20200831,102000370,1.640000,1600,2624.000000,-,-,S,2468352,2663555
1,1,1515093,510360,2,20200831,102011290,1.641000,10000,16410.000000,-,-,S,2668477,2668956
1,1,1518868,510360,2,20200831,102022890,1.640000,300,492.000000,-,-,S,2468352,2674868
1,1,1519064,510360,2,20200831,102023590,1.640000,300,492.000000,-,-,S,2468352,2675229
1,1,1519878,510360,2,20200831,102025830,1.640000,1400,2296.000000,-,-,S,2468352,2676313
1,1,1519953,510360,2,20200831,102026090,1.640000,600,984.000000,-,-,S,2468352,2676440
1,1,1519954,510360,2,20200831,102026090,1.640000,900,1476.000000,-,-,S,2537910,2676440
1,1,1521184,510360,2,20200831,102029300,1.640000,1400,2296.000000,-,-,S,2537910,2678145
1,1,1521566,510360,2,20200831,102030680,1.640000,1500,2460.000000,-,-,S,2537910,2678766
1,1,1521591,510360,2,20200831,102030740,1.640000,900,1476.000000,-,-,S,2537910,2678808
1,1,1522309,510360,2,20200831,102032470,1.640000,1300,2132.000000,-,-,S,2537910,2679771
1,1,1522310,510360,2,20200831,102032470,1.640000,100,164.000000,-,-,S,2559156,2679771
1,1,1522362,510360,2,20200831,102032630,1.640000,900,1476.000000,-,-,S,2559156,2679839
1,1,1523280,510360,2,20200831,102035550,1.640000,1400,2296.000000,-,-,S,2559156,2681251
1,1,1524263,510360,2,20200831,102038620,1.640000,300,492.000000,-,-,S,2559156,2682778
1,1,1526330,510360,2,20200831,102046730,1.641000,10000,16410.000000,-,-,B,2686506,2670887
1,1,1569674,510360,2,20200831,102312960,1.641000,100,164.100000,-,-,S,2739519,2752755
1,1,1584237,510360,2,20200831,102404920,1.640000,1000,1640.000000,-,-,S,2559156,2776144
1,1,1598825,510360,2,20200831,102507600,1.643000,100,164.300000,-,-,B,2800612,2046542
1,1,1608468,510360,2,20200831,102545840,1.641000,200,328.200000,-,-,S,2787844,2816188
1,1,1610439,510360,2,20200831,102553220,1.643000,1800,2957.400000,-,-,B,2819297,2046542
1,1,1641376,510360,2,20200831,102750150,1.643000,1500,2464.500000,-,-,B,2866477,2046542
1,1,1641377,510360,2,20200831,102750150,1.643000,100,164.300000,-,-,B,2866477,2559266
1,1,1641378,510360,2,20200831,102750150,1.643000,100,164.300000,-,-,B,2866477,2837533
1,1,1662041,510360,2,20200831,102909920,1.644000,200,328.800000,-,-,B,2898005,2116870
1,1,1662042,510360,2,20200831,102909920,1.644000,200,328.800000,-,-,B,2898005,2669733
1,1,1669086,510360,2,20200831,102937330,1.645000,100,164.500000,-,-,B,2909324,2164057
1,1,1670136,510360,2,20200831,102941230,1.645000,1600,2632.000000,-,-,S,2909324,2910913
1,1,1670618,510360,2,20200831,102943580,1.645000,1600,2632.000000,-,-,S,2909324,2911811
1,1,1671215,510360,2,20200831,102945590,1.645000,1400,2303.000000,-,-,S,2909324,2912676
1,1,1672190,510360,2,20200831,102948630,1.645000,1100,1809.500000,-,-,S,2909324,2913993
1,1,1672876,510360,2,20200831,102951340,1.645000,1000,1645.000000,-,-,S,2909324,2915156
1,1,1673026,510360,2,20200831,102951990,1.645000,1300,2138.500000,-,-,S,2909324,2915452
1,1,1673027,510360,2,20200831,102951990,1.645000,1300,2138.500000,-,-,S,2909324,2915453
1,1,1673464,510360,2,20200831,102953350,1.645000,900,1480.500000,-,-,S,2909324,2916173
1,1,1673588,510360,2,20200831,102953570,1.645000,1300,2138.500000,-,-,S,2909324,2916314
1,1,1673591,510360,2,20200831,102953570,1.645000,1300,2138.500000,-,-,S,2909324,2916325
1,1,1673933,510360,2,20200831,102955180,1.645000,800,1316.000000,-,-,S,2909324,2916946
1,1,1673980,510360,2,20200831,102955310,1.645000,800,1316.000000,-,-,S,2909324,2917012
1,1,1674257,510360,2,20200831,102956190,1.645000,900,1480.500000,-,-,S,2909324,2917460
1,1,1674732,510360,2,20200831,102957940,1.645000,1100,1809.500000,-,-,S,2909324,2918172
1,1,1675940,510360,2,20200831,103001760,1.644000,1600,2630.400000,-,-,S,2898005,2920151
1,1,1676626,510360,2,20200831,103003700,1.645000,1100,1809.500000,-,-,B,2921303,2920898
1,1,1677056,510360,2,20200831,103004700,1.645000,1600,2632.000000,-,-,S,2921303,2921892
1,1,1677330,510360,2,20200831,103005340,1.645000,13800,22701.000000,-,-,S,2921303,2922348
1,1,1677570,510360,2,20200831,103005850,1.644000,1700,2794.800000,-,-,S,2898005,2922635
1,1,1677571,510360,2,20200831,103005850,1.644000,1700,2794.800000,-,-,S,2898005,2922636
1,1,1677791,510360,2,20200831,103006680,1.644000,1400,2301.600000,-,-,S,2898005,2923039
1,1,1677862,510360,2,20200831,103006930,1.644000,9700,15946.800000,-,-,S,2898005,2923161
1,1,1678593,510360,2,20200831,103008310,1.643000,200,328.600000,-,-,S,2866477,2924238
1,1,1678594,510360,2,20200831,103008310,1.643000,100,164.300000,-,-,S,2903508,2924238
1,1,1679157,510360,2,20200831,103010000,1.643000,100,164.300000,-,-,B,2925154,2924238
1,1,1685614,510360,2,20200831,103027950,1.642000,100,164.200000,-,-,S,2906362,2935694
1,1,1685615,510360,2,20200831,103027950,1.640000,400,656.000000,-,-,S,2559156,2935694
1,1,1690111,510360,2,20200831,103043540,1.644000,100,164.400000,-,-,B,2943228,2940228
1,1,1693762,510360,2,20200831,103055900,1.644000,5000,8220.000000,-,-,B,2949268,2940228
1,1,1713022,510360,2,20200831,103205190,1.643000,500,821.500000,-,-,S,2937343,2981675
1,1,1713023,510360,2,20200831,103205190,1.643000,2500,4107.500000,-,-,S,2955080,2981675
1,1,1723444,510360,2,20200831,103236580,1.643000,2000,3286.000000,-,-,S,2955080,2996114
1,1,1748675,510360,2,20200831,103349020,1.645000,600,987.000000,-,-,B,3028299,2935538
1,1,1771047,510360,2,20200831,103513670,1.646000,1500,2469.000000,-,-,B,3065074,1466765
1,1,1774473,510360,2,20200831,103527980,1.646000,13500,22221.000000,-,-,B,3070706,1466765
1,1,1774474,510360,2,20200831,103527980,1.646000,6100,10040.600000,-,-,B,3070706,2311793
1,1,1774475,510360,2,20200831,103527980,1.646000,136700,225008.200000,-,-,B,3070706,3065120
1,1,1781550,510360,2,20200831,103558130,1.646000,200,329.200000,-,-,B,3082515,3077369
1,1,1785804,510360,2,20200831,103617200,1.645000,1900,3125.500000,-,-,S,3028299,3090283
1,1,1785805,510360,2,20200831,103617200,1.645000,100,164.500000,-,-,S,3036756,3090283
1,1,1785806,510360,2,20200831,103617200,1.645000,2700,4441.500000,-,-,S,3050401,3090283
1,1,1787756,510360,2,20200831,103626260,1.646000,6800,11192.800000,-,-,B,3093672,3077369
1,1,1792687,510360,2,20200831,103650820,1.646000,700,1152.200000,-,-,S,3101542,3102590
1,1,1799072,510360,2,20200831,103720010,1.646000,300,493.800000,-,-,S,3101542,3113171
1,1,1803407,510360,2,20200831,103731040,1.645000,1000,1645.000000,-,-,S,3050401,3118997
1,1,1803408,510360,2,20200831,103731040,1.645000,1000,1645.000000,-,-,S,3050401,3118998
1,1,1804115,510360,2,20200831,103732780,1.645000,1000,1645.000000,-,-,S,3050401,3120072
1,1,1804192,510360,2,20200831,103732940,1.645000,1000,1645.000000,-,-,S,3050401,3120138
1,1,1804515,510360,2,20200831,103734390,1.645000,700,1151.500000,-,-,S,3050401,3120756
1,1,1804529,510360,2,20200831,103734450,1.645000,700,1151.500000,-,-,S,3050401,3120802
1,1,1807896,510360,2,20200831,103747280,1.645000,300,493.500000,-,-,S,3050401,3126397
1,1,1808642,510360,2,20200831,103750000,1.645000,1600,2632.000000,-,-,S,3050401,3127564
1,1,1808643,510360,2,20200831,103750000,1.645000,1000,1645.000000,-,-,S,3078713,3127564
1,1,1871901,510360,2,20200831,104220230,1.644000,100,164.400000,-,-,S,3033076,3231710
1,1,1872689,510360,2,20200831,104224360,1.644000,2900,4767.600000,-,-,S,3033076,3233030
1,1,1886992,510360,2,20200831,104331630,1.643000,1900,3121.700000,-,-,S,2955080,3255436
1,1,1887065,510360,2,20200831,104332130,1.643000,100,164.300000,-,-,B,3255659,3255436
1,1,1887620,510360,2,20200831,104334840,1.644000,13600,22358.400000,-,-,B,3256604,3233030
1,1,1911680,510360,2,20200831,104526540,1.644000,7000,11508.000000,-,-,B,3296335,3233030
1,1,1941250,510360,2,20200831,104745850,1.641000,100,164.100000,-,-,S,3068593,3343086
1,1,1964656,510360,2,20200831,104952700,1.641000,500,820.500000,-,-,S,3068593,3382946
1,1,2014000,510360,2,20200831,105352140,1.644000,200,328.800000,-,-,B,3462398,3233030
1,1,2024481,510360,2,20200831,105446020,1.643000,100,164.300000,-,-,S,3471434,3479439
1,1,2054454,510360,2,20200831,105713220,1.644000,10000,16440.000000,-,-,B,3524792,3325922
1,1,2057230,510360,2,20200831,105728060,1.644000,3200,5260.800000,-,-,S,3524792,3529310
1,1,2085977,510360,2,20200831,105954370,1.644000,100,164.400000,-,-,S,3524792,3575039
1,1,2091801,510360,2,20200831,110017290,1.645000,7900,12995.500000,-,-,B,3584120,3340632
1,1,2091802,510360,2,20200831,110017290,1.645000,600,987.000000,-,-,B,3584120,3531106
1,1,2127394,510360,2,20200831,110256760,1.646000,100,164.600000,-,-,B,3640876,3114738
1,1,2127395,510360,2,20200831,110256760,1.646000,9900,16295.400000,-,-,B,3640876,3497451
1,1,2133859,510360,2,20200831,110327700,1.646000,100,164.600000,-,-,B,3651046,3497451
1,1,2143947,510360,2,20200831,110404740,1.646000,900,1481.400000,-,-,S,3651046,3663993
1,1,2144533,510360,2,20200831,110406700,1.646000,900,1481.400000,-,-,S,3651046,3664665
1,1,2144892,510360,2,20200831,110408290,1.646000,900,1481.400000,-,-,S,3651046,3665191
1,1,2150410,510360,2,20200831,110439470,1.646000,300,493.800000,-,-,S,3651046,3674232
1,1,2151512,510360,2,20200831,110446010,1.646000,400,658.400000,-,-,S,3651046,3676119
1,1,2155363,510360,2,20200831,110507090,1.646000,800,1316.800000,-,-,S,3651046,3682479
1,1,2155377,510360,2,20200831,110507200,1.646000,800,1316.800000,-,-,S,3651046,3682505
1,1,2155763,510360,2,20200831,110508950,1.646000,600,987.600000,-,-,S,3651046,3683235
1,1,2155798,510360,2,20200831,110508970,1.646000,600,987.600000,-,-,S,3651046,3683254
1,1,2157212,510360,2,20200831,110517430,1.646000,400,658.400000,-,-,S,3651046,3685859
1,1,2165797,510360,2,20200831,110608700,1.646000,3300,5431.800000,-,-,S,3651046,3701669
1,1,2187810,510360,2,20200831,110823110,1.645000,2000,3290.000000,-,-,S,3627361,3738958
1,1,2207170,510360,2,20200831,111006010,1.644000,1300,2137.200000,-,-,B,3769290,3768472
1,1,2208795,510360,2,20200831,111010450,1.644000,2000,3288.000000,-,-,S,3769290,3771509
1,1,2209971,510360,2,20200831,111013240,1.642000,100,164.200000,-,-,S,3421146,3773011
1,1,2209972,510360,2,20200831,111013240,1.642000,500,821.000000,-,-,S,3770947,3773011
1,1,2217009,510360,2,20200831,111025900,1.642000,3700,6075.400000,-,-,S,3770947,3781685
1,1,2217580,510360,2,20200831,111027340,1.642000,800,1313.600000,-,-,S,3770947,3782421
1,1,2231655,510360,2,20200831,111119320,1.641000,1400,2297.400000,-,-,S,3068593,3803195
1,1,2231656,510360,2,20200831,111119320,1.641000,100,164.100000,-,-,S,3377231,3803195
1,1,2231657,510360,2,20200831,111119320,1.641000,100,164.100000,-,-,S,3428317,3803195
1,1,2236068,510360,2,20200831,111136360,1.641000,100,164.100000,-,-,B,3809898,3803338
1,1,2262249,510360,2,20200831,111401580,1.640000,100,164.000000,-,-,S,2600639,3854002
1,1,2262250,510360,2,20200831,111401580,1.640000,100,164.000000,-,-,S,2618222,3854002
1,1,2262251,510360,2,20200831,111401580,1.640000,1300,2132.000000,-,-,S,3462888,3854002
1,1,2263723,510360,2,20200831,111411010,1.642000,900,1477.800000,-,-,B,3856705,3841814
1,1,2272814,510360,2,20200831,111508280,1.640000,1000,1640.000000,-,-,S,3462888,3871889
1,1,2279006,510360,2,20200831,111546860,1.640000,700,1148.000000,-,-,S,3462888,3882573
1,1,2279007,510360,2,20200831,111546860,1.640000,400,656.000000,-,-,S,3832524,3882573
1,1,2284379,510360,2,20200831,111620880,1.640000,600,984.000000,-,-,S,3832524,3891574
1,1,2285103,510360,2,20200831,111625080,1.640000,3700,6068.000000,-,-,B,3892739,3891574
1,1,2321882,510360,2,20200831,112006410,1.640000,1000,1640.000000,-,-,B,3949878,3891574
1,1,2324574,510360,2,20200831,112021520,1.640000,200,328.000000,-,-,B,3954474,3891574
1,1,2366622,510360,2,20200831,112411820,1.639000,3000,4917.000000,-,-,S,3939792,4016884
1,1,2376148,510360,2,20200831,112508610,1.639000,3700,6064.300000,-,-,B,4032260,4017562
1,1,2380155,510360,2,20200831,112534230,1.639000,300,491.700000,-,-,S,4032260,4038730
1,1,2387355,510360,2,20200831,112626410,1.638000,100,163.800000,-,-,S,3964731,4051401
1,1,2390170,510360,2,20200831,112645440,1.638000,100,163.800000,-,-,B,4055898,4051401
1,1,2392788,510360,2,20200831,112659180,1.638000,5900,9664.200000,-,-,B,4059528,4051401
1,1,2394562,510360,2,20200831,112711670,1.639000,2400,3933.600000,-,-,B,4062684,4062653
1,1,2401717,510360,2,20200831,112804930,1.638000,10000,16380.000000,-,-,S,4064020,4074192
1,1,2403188,510360,2,20200831,112815500,1.639000,100,163.900000,-,-,B,4076641,4062653
1,1,2406923,510360,2,20200831,112847150,1.639000,100,163.900000,-,-,B,4082838,4062653
1,1,2407647,510360,2,20200831,112853750,1.639000,100,163.900000,-,-,B,4084172,4062653
1,1,2415149,510360,2,20200831,112958390,1.639000,100,163.900000,-,-,B,4096349,4062653
1,1,2419758,510360,2,20200831,130001250,1.639000,200,327.800000,-,-,B,4110611,4062653
1,1,2421172,510360,2,20200831,130001570,1.639000,100,163.900000,-,-,S,4110611,4114741
1,1,2422488,510360,2,20200831,130001910,1.639000,5000,8195.000000,-,-,S,4110611,4119538
1,1,2428693,510360,2,20200831,130004240,1.639000,3800,6228.200000,-,-,S,4110611,4139204
1,1,2447918,510360,2,20200831,130108430,1.639000,10900,17865.100000,-,-,S,4110611,4168695
1,1,2447919,510360,2,20200831,130108430,1.639000,100,163.900000,-,-,S,4110833,4168695
1,1,2447920,510360,2,20200831,130108430,1.639000,2500,4097.500000,-,-,S,4130213,4168695
1,1,2448941,510360,2,20200831,130113250,1.639000,7500,12292.500000,-,-,S,4130213,4170172
1,1,2448942,510360,2,20200831,130113250,1.639000,25000,40975.000000,-,-,S,4140746,4170172
1,1,2455086,510360,2,20200831,130141250,1.639000,600,983.400000,-,-,S,4140746,4178824
1,1,2455087,510360,2,20200831,130141250,1.639000,600,983.400000,-,-,S,4140746,4178825
1,1,2470902,510360,2,20200831,130308690,1.639000,200,327.800000,-,-,S,4140746,4203304
1,1,2482599,510360,2,20200831,130421700,1.640000,100,164.000000,-,-,B,4222736,3891574
1,1,2494337,510360,2,20200831,130532570,1.640000,5000,8200.000000,-,-,B,4242373,3891574
1,1,2518359,510360,2,20200831,130739890,1.640000,400,656.000000,-,-,B,4280050,3891574
1,1,2550172,510360,2,20200831,131034240,1.639000,3600,5900.400000,-,-,S,4140746,4331123
1,1,2561499,510360,2,20200831,131125710,1.639000,100,163.900000,-,-,B,4347487,4331123
1,1,2561570,510360,2,20200831,131125940,1.639000,600,983.400000,-,-,S,4347487,4347549
1,1,2576263,510360,2,20200831,131226640,1.638000,100,163.800000,-,-,S,4111159,4369501
1,1,2576264,510360,2,20200831,131226640,1.638000,100,163.800000,-,-,S,4191795,4369501
1,1,2579905,510360,2,20200831,131246600,1.637000,100,163.700000,-,-,S,4062728,4376039
1,1,2579906,510360,2,20200831,131246600,1.637000,9900,16206.300000,-,-,S,4110607,4376039
1,1,2584200,510360,2,20200831,131313890,1.638000,3000,4914.000000,-,-,S,4383543,4384109
1,1,2584233,510360,2,20200831,131314150,1.638000,2200,3603.600000,-,-,S,4383543,4384183
1,1,2585744,510360,2,20200831,131322850,1.638000,2400,3931.200000,-,-,S,4383543,4386760
1,1,2585995,510360,2,20200831,131324570,1.638000,2400,3931.200000,-,-,S,4383543,4387274
1,1,2587453,510360,2,20200831,131334380,1.638000,2000,3276.000000,-,-,S,4383543,4390067
1,1,2587915,510360,2,20200831,131337620,1.638000,1800,2948.400000,-,-,S,4383543,4390911
1,1,2588174,510360,2,20200831,131339780,1.638000,1600,2620.800000,-,-,S,4383543,4391504
1,1,2588464,510360,2,20200831,131341620,1.638000,1600,2620.800000,-,-,S,4383543,4392026
1,1,2588786,510360,2,20200831,131344020,1.638000,1400,2293.200000,-,-,S,4383543,4392633
1,1,2589239,510360,2,20200831,131346840,1.638000,1100,1801.800000,-,-,S,4383543,4393350
1,1,2589490,510360,2,20200831,131348680,1.638000,1000,1638.000000,-,-,S,4383543,4393839
1,1,2589902,510360,2,20200831,131351890,1.638000,900,1474.200000,-,-,S,4383543,4394634
1,1,2590241,510360,2,20200831,131354240,1.638000,900,1474.200000,-,-,S,4383543,4395237
1,1,2592734,510360,2,20200831,131408340,1.638000,900,1474.200000,-,-,S,4383543,4399530
1,1,2592735,510360,2,20200831,131408340,1.638000,900,1474.200000,-,-,S,4383543,4399531
1,1,2593292,510360,2,20200831,131410920,1.638000,900,1474.200000,-,-,S,4383543,4400328
1,1,2593316,510360,2,20200831,131410980,1.638000,900,1474.200000,-,-,S,4383543,4400356
1,1,2617082,510360,2,20200831,131633590,1.639000,1000,1639.000000,-,-,B,4438469,4433668
1,1,2623528,510360,2,20200831,131707760,1.638000,3700,6060.600000,-,-,S,4383543,4447621
1,1,2623548,510360,2,20200831,131707950,1.638000,400,655.200000,-,-,S,4383543,4447675
1,1,2624224,510360,2,20200831,131712260,1.637000,3000,4911.000000,-,-,S,4110607,4448797
1,1,2624629,510360,2,20200831,131714460,1.637000,3000,4911.000000,-,-,S,4110607,4449371
1,1,2625045,510360,2,20200831,131716830,1.637000,2700,4419.900000,-,-,S,4110607,4450024
1,1,2625539,510360,2,20200831,131720180,1.637000,2400,3928.800000,-,-,S,4110607,4450814
1,1,2626202,510360,2,20200831,131724370,1.637000,1900,3110.300000,-,-,S,4110607,4451865
1,1,2626772,510360,2,20200831,131727790,1.637000,1700,2782.900000,-,-,S,4110607,4452751
1,1,2627076,510360,2,20200831,131730070,1.637000,1500,2455.500000,-,-,S,4110607,4453324
1,1,2627087,510360,2,20200831,131730150,1.637000,700,1145.900000,-,-,S,4110607,4453345
1,1,2630099,510360,2,20200831,131747350,1.637000,1600,2619.200000,-,-,S,4110607,4457581
1,1,2630122,510360,2,20200831,131747400,1.637000,1600,2619.200000,-,-,S,4110607,4457609
1,1,2630472,510360,2,20200831,131749200,1.637000,1200,1964.400000,-,-,S,4110607,4458158
1,1,2630477,510360,2,20200831,131749300,1.637000,1200,1964.400000,-,-,S,4110607,4458169
1,1,2630897,510360,2,20200831,131750800,1.637000,1200,1964.400000,-,-,S,4110607,4458718
1,1,2630909,510360,2,20200831,131750950,1.637000,1200,1964.400000,-,-,S,4110607,4458743
1,1,2631119,510360,2,20200831,131752400,1.637000,800,1309.600000,-,-,S,4110607,4459123
1,1,2631130,510360,2,20200831,131752560,1.637000,800,1309.600000,-,-,S,4110607,4459154
1,1,2631346,510360,2,20200831,131754000,1.637000,800,1309.600000,-,-,S,4110607,4459602
1,1,2631382,510360,2,20200831,131754180,1.637000,800,1309.600000,-,-,S,4110607,4459658
1,1,2632998,510360,2,20200831,131801020,1.637000,2000,3274.000000,-,-,S,4110607,4461752
1,1,2632999,510360,2,20200831,131801020,1.635000,700,1144.500000,-,-,S,2339500,4461752
1,1,2633000,510360,2,20200831,131801020,1.634000,100,163.400000,-,-,S,1392261,4461752
1,1,2633001,510360,2,20200831,131801020,1.634000,200,326.800000,-,-,S,4433669,4461752
1,1,2651406,510360,2,20200831,131925930,1.634000,5000,8170.000000,-,-,S,4480991,4488304
1,1,2661693,510360,2,20200831,132014210,1.634000,300,490.200000,-,-,S,4480991,4504548
1,1,2674004,510360,2,20200831,132111480,1.636000,2500,4090.000000,-,-,S,4507967,4524293
1,1,2674005,510360,2,20200831,132111480,1.636000,2500,4090.000000,-,-,S,4507967,4524294
1,1,2675825,510360,2,20200831,132118300,1.636000,1800,2944.800000,-,-,S,4507967,4527300
1,1,2675826,510360,2,20200831,132118300,1.636000,1800,2944.800000,-,-,S,4507967,4527301
1,1,2682596,510360,2,20200831,132157170,1.636000,1400,2290.400000,-,-,S,4507967,4538887
1,1,2682597,510360,2,20200831,132157170,1.636000,1400,2290.400000,-,-,S,4507967,4538888
1,1,2682897,510360,2,20200831,132159060,1.636000,1400,2290.400000,-,-,S,4507967,4539316
1,1,2682904,510360,2,20200831,132159110,1.636000,1400,2290.400000,-,-,S,4507967,4539325
1,1,2683532,510360,2,20200831,132201390,1.636000,700,1145.200000,-,-,S,4507967,4540125
1,1,2683573,510360,2,20200831,132201650,1.636000,700,1145.200000,-,-,S,4507967,4540189
1,1,2683972,510360,2,20200831,132202980,1.636000,700,1145.200000,-,-,S,4507967,4540689
1,1,2683973,510360,2,20200831,132202980,1.636000,700,1145.200000,-,-,S,4507967,4540690
1,1,2686515,510360,2,20200831,132211830,1.636000,300,490.800000,-,-,S,4507967,4544250
1,1,2686619,510360,2,20200831,132212200,1.636000,200,327.200000,-,-,S,4507967,4544393
1,1,2686683,510360,2,20200831,132212630,1.636000,200,327.200000,-,-,S,4507967,4544531
1,1,2686794,510360,2,20200831,132213050,1.636000,200,327.200000,-,-,S,4507967,4544688
1,1,2688650,510360,2,20200831,132221320,1.636000,2100,3435.600000,-,-,S,4507967,4547362
1,1,2714648,510360,2,20200831,132432330,1.636000,2000,3272.000000,-,-,B,4586494,4586368
1,1,2730844,510360,2,20200831,132551950,1.634000,1000,1634.000000,-,-,S,4514510,4610820
1,1,2730845,510360,2,20200831,132551950,1.634000,100,163.400000,-,-,S,4554313,4610820
1,1,2730846,510360,2,20200831,132551950,1.634000,100,163.400000,-,-,S,4570103,4610820
1,1,2731225,510360,2,20200831,132553730,1.634000,2100,3431.400000,-,-,B,4611358,4610820
1,1,2737482,510360,2,20200831,132627180,1.633000,9000,14697.000000,-,-,S,1216962,4621422
1,1,2741225,510360,2,20200831,132647450,1.634000,100,163.400000,-,-,B,4627625,4610820
1,1,2741357,510360,2,20200831,132648030,1.634000,100,163.400000,-,-,B,4627837,4610820
1,1,2750106,510360,2,20200831,132725290,1.634000,200,326.800000,-,-,B,4640353,4610820
1,1,2773796,510360,2,20200831,132941580,1.634000,100,163.400000,-,-,S,4656175,4679061
1,1,2773797,510360,2,20200831,132941580,1.634000,900,1470.600000,-,-,S,4678148,4679061
1,1,2812983,510360,2,20200831,133241370,1.634000,10000,16340.000000,-,-,S,4698830,4739249
1,1,2836801,510360,2,20200831,133459610,1.638000,4300,7043.400000,-,-,B,4778315,4763412
1,1,2844275,510360,2,20200831,133543380,1.636000,1500,2454.000000,-,-,B,4790652,4784772
1,1,2847322,510360,2,20200831,133603900,1.636000,400,654.400000,-,-,B,4795887,4784772
1,1,2872354,510360,2,20200831,133845740,1.636000,300,490.800000,-,-,B,4836837,4784772
1,1,2873333,510360,2,20200831,133850990,1.637000,400,654.800000,-,-,B,4838283,4820897
1,1,2891102,510360,2,20200831,134024640,1.636000,1500,2454.000000,-,-,S,4836837,4865910
1,1,2891103,510360,2,20200831,134024640,1.636000,2400,3926.400000,-,-,S,4865684,4865910
1,1,2891108,510360,2,20200831,134024660,1.636000,3900,6380.400000,-,-,S,4865684,4865917
1,1,2891622,510360,2,20200831,134026560,1.636000,3900,6380.400000,-,-,S,4865684,4866724
1,1,2891679,510360,2,20200831,134026670,1.636000,3900,6380.400000,-,-,S,4865684,4866808
1,1,2897550,510360,2,20200831,134054470,1.636000,3200,5235.200000,-,-,S,4865684,4875639
1,1,2921132,510360,2,20200831,134302150,1.637000,9600,15715.200000,-,-,B,4912051,4820897
1,1,2933361,510360,2,20200831,134415320,1.637000,11300,18498.100000,-,-,S,4912051,4931552
1,1,2933362,510360,2,20200831,134415320,1.637000,11300,18498.100000,-,-,S,4912051,4931553
1,1,2933662,510360,2,20200831,134417030,1.637000,11300,18498.100000,-,-,S,4912051,4932046
1,1,2933663,510360,2,20200831,134417030,1.637000,11300,18498.100000,-,-,S,4912051,4932047
1,1,2933956,510360,2,20200831,134418660,1.637000,11300,18498.100000,-,-,S,4912051,4932551
1,1,2933957,510360,2,20200831,134418660,1.637000,11300,18498.100000,-,-,S,4912051,4932552
1,1,2934175,510360,2,20200831,134420200,1.637000,5600,9167.200000,-,-,S,4912051,4932935
1,1,2934193,510360,2,20200831,134420390,1.637000,5600,9167.200000,-,-,S,4912051,4932979
1,1,2934397,510360,2,20200831,134421820,1.637000,1400,2291.800000,-,-,S,4912051,4933388
1,1,2934439,510360,2,20200831,134422060,1.637000,1400,2291.800000,-,-,S,4912051,4933449
1,1,2937260,510360,2,20200831,134442280,1.637000,1000,1637.000000,-,-,S,4912051,4938463
1,1,2937261,510360,2,20200831,134442280,1.637000,1000,1637.000000,-,-,S,4912051,4938464
1,1,2937407,510360,2,20200831,134443680,1.637000,1000,1637.000000,-,-,S,4912051,4938762
1,1,2937536,510360,2,20200831,134444530,1.637000,1000,1637.000000,-,-,S,4912051,4938991
1,1,2937635,510360,2,20200831,134445230,1.637000,1000,1637.000000,-,-,S,4912051,4939209
1,1,2940104,510360,2,20200831,134500670,1.637000,600,982.200000,-,-,S,4912051,4942950
1,1,2940115,510360,2,20200831,134500740,1.637000,600,982.200000,-,-,S,4912051,4942963
1,1,2940505,510360,2,20200831,134502920,1.637000,600,982.200000,-,-,S,4912051,4943623
1,1,2940514,510360,2,20200831,134503000,1.637000,600,982.200000,-,-,S,4912051,4943656
1,1,2947923,510360,2,20200831,134550360,1.638000,1000,1638.000000,-,-,B,4955973,4929508
1,1,2952155,510360,2,20200831,134617840,1.637000,1200,1964.400000,-,-,S,4912051,4962969
1,1,2952156,510360,2,20200831,134617840,1.637000,1200,1964.400000,-,-,S,4942739,4962969
1,1,2961937,510360,2,20200831,134710080,1.636000,2600,4253.600000,-,-,S,4865684,4977575
1,1,2999429,510360,2,20200831,135046570,1.639000,1500,2458.500000,-,-,B,5037121,4880597
1,1,3043544,510360,2,20200831,135441190,1.636000,10000,16360.000000,-,-,S,4865684,5106748
1,1,3056395,510360,2,20200831,135610980,1.636000,100,163.600000,-,-,S,4865684,5128011
1,1,3056396,510360,2,20200831,135610980,1.636000,500,818.000000,-,-,S,4987490,5128011
1,1,3056397,510360,2,20200831,135610980,1.636000,600,981.600000,-,-,S,4987490,5128012
1,1,3056635,510360,2,20200831,135612480,1.636000,600,981.600000,-,-,S,4987490,5128391
1,1,3056660,510360,2,20200831,135612750,1.636000,600,981.600000,-,-,S,4987490,5128445
1,1,3063282,510360,2,20200831,135657930,1.636000,2400,3926.400000,-,-,S,4987490,5138565
1,1,3088393,510360,2,20200831,135959600,1.636000,12100,19795.600000,-,-,S,4987490,5179763
1,1,3088394,510360,2,20200831,135959600,1.636000,12100,19795.600000,-,-,S,4987490,5179764
1,1,3092066,510360,2,20200831,140006630,1.636000,9100,14887.600000,-,-,S,4987490,5184521
1,1,3092088,510360,2,20200831,140006660,1.636000,9100,14887.600000,-,-,S,4987490,5184551
1,1,3093278,510360,2,20200831,140008750,1.636000,9100,14887.600000,-,-,S,4987490,5185661
1,1,3093372,510360,2,20200831,140008860,1.636000,9100,14887.600000,-,-,S,4987490,5185806
1,1,3094407,510360,2,20200831,140011150,1.636000,4600,7525.600000,-,-,S,4987490,5187109
1,1,3094425,510360,2,20200831,140011200,1.636000,4600,7525.600000,-,-,S,4987490,5187143
1,1,3095400,510360,2,20200831,140012760,1.636000,4600,7525.600000,-,-,S,4987490,5188332
1,1,3095428,510360,2,20200831,140012860,1.636000,3400,5562.400000,-,-,S,4987490,5188383
1,1,3095788,510360,2,20200831,140013560,1.636000,17500,28630.000000,-,-,S,4987490,5188716
1,1,3095789,510360,2,20200831,140013560,1.636000,100,163.600000,-,-,S,5026136,5188716
1,1,3095790,510360,2,20200831,140013560,1.636000,2000,3272.000000,-,-,S,5111648,5188716
1,1,3096184,510360,2,20200831,140014390,1.634000,1000,1634.000000,-,-,S,5129255,5189111
1,1,3102473,510360,2,20200831,140033370,1.633000,2400,3919.200000,-,-,S,1216962,5197188
1,1,3102791,510360,2,20200831,140034370,1.633000,3400,5552.200000,-,-,S,1216962,5197509
1,1,3110681,510360,2,20200831,140056980,1.633000,3700,6042.100000,-,-,S,1216962,5206809
1,1,3124253,510360,2,20200831,140142280,1.633000,600,979.800000,-,-,S,1216962,5223079
1,1,3124619,510360,2,20200831,140143380,1.633000,600,979.800000,-,-,S,1216962,5223438
1,1,3124845,510360,2,20200831,140144290,1.633000,600,979.800000,-,-,S,1216962,5223686
1,1,3125110,510360,2,20200831,140145140,1.633000,600,979.800000,-,-,S,1216962,5223987
1,1,3125371,510360,2,20200831,140146000,1.633000,600,979.800000,-,-,S,1216962,5224309
1,1,3129865,510360,2,20200831,140202950,1.633000,1100,1796.300000,-,-,S,1216962,5230273
1,1,3129866,510360,2,20200831,140202950,1.633000,100,163.300000,-,-,S,1953508,5230273
1,1,3129867,510360,2,20200831,140202950,1.633000,700,1143.100000,-,-,S,4722594,5230273
1,1,3129916,510360,2,20200831,140202950,1.633000,3800,6205.400000,-,-,B,5230278,5230273
1,1,3130183,510360,2,20200831,140203840,1.634000,700,1143.800000,-,-,S,5230278,5230592
1,1,3130190,510360,2,20200831,140203890,1.634000,700,1143.800000,-,-,S,5230278,5230603
1,1,3130573,510360,2,20200831,140205300,1.634000,700,1143.800000,-,-,S,5230278,5231051
1,1,3130604,510360,2,20200831,140205410,1.634000,700,1143.800000,-,-,S,5230278,5231089
1,1,3147126,510360,2,20200831,140315850,1.635000,300,490.500000,-,-,B,5256975,5203953
1,1,3152672,510360,2,20200831,140348280,1.634000,3400,5555.600000,-,-,S,5230278,5266406
1,1,3152691,510360,2,20200831,140348490,1.634000,300,490.200000,-,-,B,5266455,5266406
1,1,3153068,510360,2,20200831,140351180,1.635000,2100,3433.500000,-,-,B,5267154,5203953
1,1,3160841,510360,2,20200831,140434210,1.632000,100,163.200000,-,-,S,4140745,5279824
1,1,3169049,510360,2,20200831,140518730,1.633000,1200,1959.600000,-,-,S,5291829,5292706
1,1,3169050,510360,2,20200831,140518730,1.633000,1200,1959.600000,-,-,S,5291829,5292707
1,1,3170321,510360,2,20200831,140525420,1.633000,900,1469.700000,-,-,S,5291829,5294643
1,1,3170342,510360,2,20200831,140525520,1.633000,900,1469.700000,-,-,S,5291829,5294688
1,1,3170860,510360,2,20200831,140527650,1.633000,900,1469.700000,-,-,S,5291829,5295376
1,1,3171138,510360,2,20200831,140529300,1.633000,700,1143.100000,-,-,S,5291829,5295801
1,1,3171744,510360,2,20200831,140532860,1.633000,4200,6858.600000,-,-,S,5291829,5296841
1,1,3174368,510360,2,20200831,140545270,1.632000,2400,3916.800000,-,-,S,4140745,5300639
1,1,3174369,510360,2,20200831,140545270,1.632000,2400,3916.800000,-,-,S,4140745,5300640
1,1,3175058,510360,2,20200831,140546940,1.632000,2400,3916.800000,-,-,S,4140745,5301409
1,1,3175083,510360,2,20200831,140547040,1.632000,2400,3916.800000,-,-,S,4140745,5301451
1,1,3175616,510360,2,20200831,140548500,1.632000,2400,3916.800000,-,-,S,4140745,5302281
1,1,3175644,510360,2,20200831,140548710,1.632000,2400,3916.800000,-,-,S,4140745,5302345
1,1,3176118,510360,2,20200831,140550090,1.632000,1200,1958.400000,-,-,S,4140745,5302934
1,1,3176177,510360,2,20200831,140550300,1.632000,1200,1958.400000,-,-,S,4140745,5303007
1,1,3176696,510360,2,20200831,140551800,1.632000,1200,1958.400000,-,-,S,4140745,5303751
1,1,3176697,510360,2,20200831,140551800,1.632000,1200,1958.400000,-,-,S,4140745,5303752
1,1,3186281,510360,2,20200831,140629360,1.632000,700,1142.400000,-,-,S,4140745,5316094
1,1,3197337,510360,2,20200831,140716910,1.632000,3000,4896.000000,-,-,B,5331463,5316094
1,1,3197338,510360,2,20200831,140716910,1.633000,7000,11431.000000,-,-,B,5331463,5296841
1,1,3197745,510360,2,20200831,140719430,1.631000,500,815.500000,-,-,S,992602,5332192
1,1,3197746,510360,2,20200831,140719430,1.631000,3000,4893.000000,-,-,S,5274643,5332192
1,1,3208233,510360,2,20200831,140806540,1.630000,200,326.000000,-,-,S,1121831,5347998
1,1,3209284,510360,2,20200831,140811070,1.631000,100,163.100000,-,-,B,5349208,5332192
1,1,3239950,510360,2,20200831,141039910,1.631000,100,163.100000,-,-,B,5396774,5332192
1,1,3242489,510360,2,20200831,141051960,1.631000,300,489.300000,-,-,B,5400954,5332192
1,1,3248350,510360,2,20200831,141115910,1.631000,300,489.300000,-,-,B,5409766,5332192
1,1,3258195,510360,2,20200831,141208900,1.631000,2000,3262.000000,-,-,B,5425239,5332192
1,1,3271520,510360,2,20200831,141320440,1.631000,1300,2120.300000,-,-,S,5425239,5447235
1,1,3271559,510360,2,20200831,141320620,1.631000,3500,5708.500000,-,-,B,5447297,5447235
1,1,3274940,510360,2,20200831,141339660,1.632000,10000,16320.000000,-,-,B,5452722,5446272
1,1,3285610,510360,2,20200831,141436350,1.630000,8600,14018.000000,-,-,S,1121831,5468495
1,1,3285611,510360,2,20200831,141436350,1.630000,100,163.000000,-,-,S,1394700,5468495
1,1,3285612,510360,2,20200831,141436350,1.630000,10000,16300.000000,-,-,S,2466674,5468495
1,1,3285613,510360,2,20200831,141436350,1.630000,200,326.000000,-,-,S,3855862,5468495
1,1,3285614,510360,2,20200831,141436350,1.630000,5600,9128.000000,-,-,S,4140735,5468495
1,1,3285615,510360,2,20200831,141436350,1.630000,10700,17441.000000,-,-,S,4140735,5468496
1,1,3285616,510360,2,20200831,141436350,1.630000,13800,22494.000000,-,-,S,5429183,5468496
1,1,3324092,510360,2,20200831,141654430,1.628000,500,814.000000,-,-,S,263845,5517701
1,1,3324093,510360,2,20200831,141654430,1.628000,400,651.200000,-,-,S,829052,5517701
1,1,3324094,510360,2,20200831,141654430,1.628000,900,1465.200000,-,-,S,829052,5517702
1,1,3324696,510360,2,20200831,141656190,1.628000,900,1465.200000,-,-,S,829052,5518408
1,1,3324707,510360,2,20200831,141656260,1.628000,900,1465.200000,-,-,S,829052,5518429
1,1,3325436,510360,2,20200831,141657690,1.628000,900,1465.200000,-,-,S,829052,5518982
1,1,3325437,510360,2,20200831,141657690,1.628000,900,1465.200000,-,-,S,829052,5518983
1,1,3341410,510360,2,20200831,141757250,1.630000,9000,14670.000000,-,-,B,5540136,5516935
1,1,3347337,510360,2,20200831,141816500,1.630000,10000,16300.000000,-,-,B,5547469,5516935
1,1,3358384,510360,2,20200831,141901010,1.629000,600,977.400000,-,-,S,5562196,5563143
1,1,3358392,510360,2,20200831,141901060,1.629000,600,977.400000,-,-,S,5562196,5563162
1,1,3359117,510360,2,20200831,141903110,1.629000,600,977.400000,-,-,S,5562196,5563926
1,1,3359141,510360,2,20200831,141903190,1.629000,600,977.400000,-,-,S,5562196,5563953
1,1,3364301,510360,2,20200831,141925810,1.629000,200,325.800000,-,-,S,5562196,5571581
1,1,3367055,510360,2,20200831,141937370,1.629000,2700,4398.300000,-,-,S,5562196,5575870
1,1,3368627,510360,2,20200831,141941990,1.628000,2400,3907.200000,-,-,S,829052,5577862
1,1,3368628,510360,2,20200831,141941990,1.628000,100,162.800000,-,-,S,5319967,5577862
1,1,3369596,510360,2,20200831,141944910,1.628000,1200,1953.600000,-,-,B,5579134,5577862
1,1,3403652,510360,2,20200831,142206890,1.629000,1200,1954.800000,-,-,S,5628820,5630372
1,1,3403653,510360,2,20200831,142206890,1.629000,1200,1954.800000,-,-,S,5628820,5630373
1,1,3404291,510360,2,20200831,142208600,1.629000,1200,1954.800000,-,-,S,5628820,5631099
1,1,3404313,510360,2,20200831,142208690,1.629000,1200,1954.800000,-,-,S,5628820,5631125
1,1,3404898,510360,2,20200831,142210220,1.629000,600,977.400000,-,-,S,5628820,5631912
1,1,3404926,510360,2,20200831,142210370,1.629000,600,977.400000,-,-,S,5628820,5631972
1,1,3405330,510360,2,20200831,142211870,1.629000,600,977.400000,-,-,S,5628820,5632569
1,1,3405374,510360,2,20200831,142211970,1.629000,600,977.400000,-,-,S,5628820,5632604
1,1,3405913,510360,2,20200831,142213970,1.629000,200,325.800000,-,-,S,5628820,5633443
1,1,3407976,510360,2,20200831,142221600,1.629000,2600,4235.400000,-,-,S,5628820,5636176
1,1,3408001,510360,2,20200831,142221790,1.629000,1100,1791.900000,-,-,B,5636223,5636176
1,1,3413837,510360,2,20200831,142252160,1.627000,100,162.700000,-,-,S,94337,5645735
1,1,3413838,510360,2,20200831,142252160,1.627000,3200,5206.400000,-,-,S,1099824,5645735
1,1,3413839,510360,2,20200831,142252160,1.627000,100,162.700000,-,-,S,1397399,5645735
1,1,3413884,510360,2,20200831,142252330,1.627000,1600,2603.200000,-,-,B,5645801,5645735
1,1,3416312,510360,2,20200831,142305030,1.626000,300,487.800000,-,-,S,317673,5649638
1,1,3433678,510360,2,20200831,142449950,1.626000,6000,9756.000000,-,-,S,317673,5679376
1,1,3458802,510360,2,20200831,142628910,1.628000,3200,5209.600000,-,-,S,5709244,5713430
1,1,3459177,510360,2,20200831,142630380,1.628000,1200,1953.600000,-,-,S,5709244,5713952
1,1,3459178,510360,2,20200831,142630380,1.628000,1200,1953.600000,-,-,S,5709244,5713953
1,1,3459560,510360,2,20200831,142631990,1.628000,800,1302.400000,-,-,S,5709244,5714448
1,1,3459561,510360,2,20200831,142631990,1.628000,800,1302.400000,-,-,S,5709244,5714449
1,1,3463053,510360,2,20200831,142649980,1.628000,1600,2604.800000,-,-,S,5709244,5720096
1,1,3465582,510360,2,20200831,142703170,1.628000,1200,1953.600000,-,-,S,5709244,5724235
1,1,3465583,510360,2,20200831,142703170,1.628000,400,651.200000,-,-,S,5723061,5724235
1,1,3519233,510360,2,20200831,143144160,1.628000,100,162.800000,-,-,S,5806510,5808664
1,1,3520347,510360,2,20200831,143149620,1.628000,6100,9930.800000,-,-,B,5810559,5808664
1,1,3522064,510360,2,20200831,143156760,1.627000,1600,2603.200000,-,-,S,5785164,5812992
1,1,3525678,510360,2,20200831,143206450,1.627000,1400,2277.800000,-,-,S,5785164,5817584
1,1,3525679,510360,2,20200831,143206450,1.627000,1400,2277.800000,-,-,S,5785164,5817585
1,1,3526337,510360,2,20200831,143207950,1.627000,1400,2277.800000,-,-,S,5785164,5818391
1,1,3526357,510360,2,20200831,143207980,1.627000,1400,2277.800000,-,-,S,5785164,5818420
1,1,3527300,510360,2,20200831,143209440,1.627000,1400,2277.800000,-,-,S,5785164,5819556
1,1,3527312,510360,2,20200831,143209520,1.627000,1400,2277.800000,-,-,S,5785164,5819584
1,1,3527797,510360,2,20200831,143211040,1.627000,700,1138.900000,-,-,S,5785164,5820190
1,1,3527798,510360,2,20200831,143211040,1.627000,700,1138.900000,-,-,S,5785164,5820191
1,1,3528603,510360,2,20200831,143212830,1.627000,700,1138.900000,-,-,S,5785164,5821176
1,1,3528611,510360,2,20200831,143212940,1.627000,700,1138.900000,-,-,S,5785164,5821195
1,1,3531002,510360,2,20200831,143218430,1.626000,700,1138.200000,-,-,S,317673,5823840
1,1,3531574,510360,2,20200831,143220000,1.627000,700,1138.900000,-,-,S,5824058,5824554
1,1,3532484,510360,2,20200831,143221910,1.627000,2100,3416.700000,-,-,S,5824058,5825662
1,1,3532490,510360,2,20200831,143221910,1.627000,2100,3416.700000,-,-,S,5824058,5825672
1,1,3533179,510360,2,20200831,143223910,1.627000,2100,3416.700000,-,-,S,5824058,5826462
1,1,3533187,510360,2,20200831,143223960,1.627000,2100,3416.700000,-,-,S,5824058,5826483
1,1,3533587,510360,2,20200831,143225400,1.627000,1100,1789.700000,-,-,S,5824058,5827041
1,1,3533602,510360,2,20200831,143225450,1.627000,1100,1789.700000,-,-,S,5824058,5827061
1,1,3534083,510360,2,20200831,143227030,1.627000,3700,6019.900000,-,-,S,5824058,5827651
1,1,3534139,510360,2,20200831,143227250,1.627000,1100,1789.700000,-,-,S,5824058,5827730
1,1,3534140,510360,2,20200831,143227250,1.627000,1100,1789.700000,-,-,S,5824058,5827731
1,1,3535223,510360,2,20200831,143230910,1.627000,700,1138.900000,-,-,S,5824058,5829091
1,1,3535224,510360,2,20200831,143230910,1.627000,100,162.700000,-,-,S,5824058,5829092
1,1,3535225,510360,2,20200831,143230910,1.627000,600,976.200000,-,-,S,5828010,5829092
1,1,3535669,510360,2,20200831,143232660,1.627000,700,1138.900000,-,-,S,5828010,5829699
1,1,3535719,510360,2,20200831,143232810,1.627000,700,1138.900000,-,-,S,5828010,5829755
1,1,3541310,510360,2,20200831,143253240,1.627000,3100,5043.700000,-,-,S,5828010,5837048
1,1,3544614,510360,2,20200831,143303380,1.626000,600,975.600000,-,-,S,317673,5840978
1,1,3544615,510360,2,20200831,143303380,1.626000,600,975.600000,-,-,S,317673,5840979
1,1,3545232,510360,2,20200831,143304930,1.626000,600,975.600000,-,-,S,317673,5841607
1,1,3545233,510360,2,20200831,143304930,1.626000,600,975.600000,-,-,S,317673,5841609
1,1,3546203,510360,2,20200831,143306490,1.626000,600,975.600000,-,-,S,317673,5842476
1,1,3546292,510360,2,20200831,143306680,1.626000,600,975.600000,-,-,S,5712319,5842584
1,1,3550133,510360,2,20200831,143318980,1.626000,400,650.400000,-,-,S,5712319,5847542
1,1,3550134,510360,2,20200831,143318980,1.626000,300,487.800000,-,-,S,5732194,5847542
1,1,3550135,510360,2,20200831,143318980,1.626000,700,1138.200000,-,-,S,5732194,5847543
1,1,3550797,510360,2,20200831,143321250,1.626000,100,162.600000,-,-,S,5818563,5848458
1,1,3550798,510360,2,20200831,143321250,1.626000,1500,2439.000000,-,-,S,5846755,5848458
1,1,3550799,510360,2,20200831,143321250,1.626000,1600,2601.600000,-,-,S,5846755,5848459
1,1,3551226,510360,2,20200831,143322770,1.626000,1100,1788.600000,-,-,S,5846755,5848960
1,1,3551234,510360,2,20200831,143322800,1.626000,1100,1788.600000,-,-,S,5846755,5848975
1,1,3551586,510360,2,20200831,143324310,1.626000,1100,1788.600000,-,-,S,5846755,5849499
1,1,3551587,510360,2,20200831,143324310,1.626000,1100,1788.600000,-,-,S,5846755,5849500
1,1,3558293,510360,2,20200831,143353030,1.626000,700,1138.200000,-,-,S,5846755,5858805
1,1,3558503,510360,2,20200831,143354100,1.626000,3800,6178.800000,-,-,S,5846755,5859114
1,1,3559138,510360,2,20200831,143356870,1.625000,3600,5850.000000,-,-,S,324368,5859928
1,1,3565648,510360,2,20200831,143422930,1.625000,6400,10400.000000,-,-,S,324368,5868846
1,1,3565649,510360,2,20200831,143422930,1.625000,100,162.500000,-,-,S,4628147,5868846
1,1,3565650,510360,2,20200831,143422930,1.625000,100,162.500000,-,-,S,5697240,5868846
1,1,3565697,510360,2,20200831,143423120,1.625000,3400,5525.000000,-,-,B,5868892,5868846
1,1,3607714,510360,2,20200831,143727440,1.628000,1800,2930.400000,-,-,B,5931667,5825941
1,1,3608119,510360,2,20200831,143728960,1.624000,500,812.000000,-,-,S,338018,5932168
1,1,3664045,510360,2,20200831,144143330,1.626000,10000,16260.000000,-,-,B,6015666,6014885
1,1,3670410,510360,2,20200831,144204460,1.627000,200,325.400000,-,-,B,6023791,6005557
1,1,3677790,510360,2,20200831,144234040,1.626000,1200,1951.200000,-,-,S,6033718,6034024
1,1,3678318,510360,2,20200831,144236120,1.626000,1200,1951.200000,-,-,S,6033718,6034774
1,1,3678646,510360,2,20200831,144237640,1.626000,900,1463.400000,-,-,S,6033718,6035334
1,1,3678974,510360,2,20200831,144239140,1.626000,900,1463.400000,-,-,S,6033718,6035897
1,1,3679385,510360,2,20200831,144240980,1.626000,700,1138.200000,-,-,S,6033718,6036618
1,1,3679737,510360,2,20200831,144242490,1.626000,700,1138.200000,-,-,S,6033718,6037214
1,1,3680118,510360,2,20200831,144244270,1.626000,600,975.600000,-,-,S,6033718,6037797
1,1,3680526,510360,2,20200831,144245690,1.626000,600,975.600000,-,-,S,6033718,6038345
1,1,3690707,510360,2,20200831,144330160,1.627000,20000,32540.000000,-,-,B,6053972,6005557
1,1,3691460,510360,2,20200831,144333110,1.626000,3200,5203.200000,-,-,S,6033718,6055025
1,1,3702218,510360,2,20200831,144418400,1.625000,5000,8125.000000,-,-,B,6070427,6059101
1,1,3704938,510360,2,20200831,144431240,1.625000,3100,5037.500000,-,-,B,6074612,6059101
1,1,3714064,510360,2,20200831,144509710,1.625000,1600,2600.000000,-,-,B,6088173,6059101
1,1,3717724,510360,2,20200831,144526920,1.625000,500,812.500000,-,-,B,6094145,6059101
1,1,3719658,510360,2,20200831,144535970,1.625000,9800,15925.000000,-,-,B,6097066,6059101
1,1,3724921,510360,2,20200831,144600440,1.626000,10000,16260.000000,-,-,B,6105439,6055025
1,1,3740548,510360,2,20200831,144712600,1.625000,1000,1625.000000,-,-,S,6103030,6128558
1,1,3762633,510360,2,20200831,144838760,1.625000,100,162.500000,-,-,B,6157008,6128558
1,1,3769369,510360,2,20200831,144901160,1.625000,10000,16250.000000,-,-,B,6165303,6128558
1,1,3789196,510360,2,20200831,145001440,1.625000,200,325.000000,-,-,B,6189239,6128558
1,1,3789420,510360,2,20200831,145001790,1.625000,100,162.500000,-,-,B,6189502,6128558
1,1,3801213,510360,2,20200831,145031790,1.624000,9500,15428.000000,-,-,S,338018,6204669
1,1,3801214,510360,2,20200831,145031790,1.624000,100,162.400000,-,-,S,1400058,6204669
1,1,3801215,510360,2,20200831,145031790,1.624000,400,649.600000,-,-,S,5852805,6204669
1,1,3804584,510360,2,20200831,145042600,1.624000,3600,5846.400000,-,-,S,5852805,6209142
1,1,3804585,510360,2,20200831,145042600,1.624000,16700,27120.800000,-,-,S,5998608,6209142
1,1,3804586,510360,2,20200831,145042600,1.624000,1200,1948.800000,-,-,S,6038123,6209142
1,1,3804587,510360,2,20200831,145042600,1.624000,60000,97440.000000,-,-,S,6100041,6209142
1,1,3806455,510360,2,20200831,145048240,1.623000,10000,16230.000000,-,-,S,347687,6211445
1,1,3807266,510360,2,20200831,145050920,1.622000,10000,16220.000000,-,-,S,357349,6212476
1,1,3807267,510360,2,20200831,145050920,1.622000,300,486.600000,-,-,S,5864570,6212476
1,1,3807268,510360,2,20200831,145050920,1.622000,100,162.200000,-,-,S,6012026,6212476
1,1,3808152,510360,2,20200831,145053950,1.621000,2800,4538.800000,-,-,S,5842846,6213739
1,1,3814973,510360,2,20200831,145116190,1.622000,500,811.000000,-,-,S,6218153,6223315
1,1,3814974,510360,2,20200831,145116190,1.621000,7200,11671.200000,-,-,S,5842846,6223315
1,1,3814975,510360,2,20200831,145116190,1.621000,31500,51061.500000,-,-,S,6158722,6223315
1,1,3834134,510360,2,20200831,145212950,1.623000,100,162.300000,-,-,S,6235612,6247625
1,1,3834135,510360,2,20200831,145212950,1.621000,1100,1783.100000,-,-,S,6247032,6247625
1,1,3861141,510360,2,20200831,145314870,1.623000,10000,16230.000000,-,-,B,6277682,6260046
1,1,3861142,510360,2,20200831,145314870,1.623000,10000,16230.000000,-,-,B,6277682,6261143
1,1,3878924,510360,2,20200831,145356380,1.620000,2000,3240.000000,-,-,S,5785954,6298814
1,1,3878925,510360,2,20200831,145356380,1.620000,1000,1620.000000,-,-,S,5959668,6298814
1,1,3878926,510360,2,20200831,145356380,1.620000,500,810.000000,-,-,S,5964153,6298814
1,1,3878927,510360,2,20200831,145356380,1.620000,1900,3078.000000,-,-,S,6204871,6298814
1,1,3878928,510360,2,20200831,145356380,1.620000,5400,8748.000000,-,-,S,6204871,6298815
1,1,3879809,510360,2,20200831,145358470,1.620000,2700,4374.000000,-,-,S,6204871,6299877
1,1,3879810,510360,2,20200831,145358470,1.620000,100,162.000000,-,-,S,6260242,6299877
1,1,3879811,510360,2,20200831,145358470,1.620000,30000,48600.000000,-,-,S,6263587,6299877
1,1,3879821,510360,2,20200831,145358500,1.619000,500,809.500000,-,-,S,6245978,6299886
1,1,3880148,510360,2,20200831,145359350,1.619000,100,161.900000,-,-,B,6300279,6299886
1,1,3889186,510360,2,20200831,145418650,1.618000,100,161.800000,-,-,S,6276039,6310825
1,1,3889187,510360,2,20200831,145418650,1.617000,3400,5497.800000,-,-,S,6282084,6310825
1,1,3889215,510360,2,20200831,145418750,1.617000,4100,6629.700000,-,-,S,6282084,6310874
1,1,3925593,510360,2,20200831,145536670,1.616000,200,323.200000,-,-,S,6023599,6357476
1,1,3932917,510360,2,20200831,145553520,1.620000,2000,3240.000000,-,-,B,6366823,6299877
1,1,3941409,510360,2,20200831,145613450,1.620000,2000,3240.000000,-,-,B,6377709,6299877
1,1,3954278,510360,2,20200831,145644840,1.620000,300,486.000000,-,-,B,6393982,6299877
1,1,3955916,510360,2,20200831,145649920,1.620000,6500,10530.000000,-,-,B,6396404,6299877
1,1,3956625,510360,2,20200831,145651990,1.620000,7300,11826.000000,-,-,S,6396404,6397363
1,1,3956626,510360,2,20200831,145651990,1.620000,7300,11826.000000,-,-,S,6396404,6397364
1,1,3957269,510360,2,20200831,145653790,1.620000,7300,11826.000000,-,-,S,6396404,6398162
1,1,3957299,510360,2,20200831,145653900,1.620000,7300,11826.000000,-,-,S,6396404,6398207
1,1,3957327,510360,2,20200831,145653980,1.620000,29200,47304.000000,-,-,S,6396404,6398245
1,1,3957328,510360,2,20200831,145653980,1.620000,23000,37260.000000,-,-,S,6397145,6398245
1,1,3957337,510360,2,20200831,145653980,1.618000,5800,9384.400000,-,-,S,6383161,6398255
1,1,3959948,510360,2,20200831,145729290,1.618000,500,809.000000,-,-,S,6383161,6412935
1,1,3959949,510360,2,20200831,145729290,1.618000,300,485.400000,-,-,S,6408830,6412935
1,1,3959985,510360,2,20200831,145730810,1.618000,800,1294.400000,-,-,S,6408830,6413507
1,1,3960027,510360,2,20200831,145732160,1.618000,700,1132.600000,-,-,S,6408830,6414065
1,1,3960033,510360,2,20200831,145732670,1.620000,700,1134.000000,-,-,B,6414242,6398245
1,1,3960304,510360,2,20200831,145737310,1.618000,600,970.800000,-,-,S,6408830,6415862
1,1,3960329,510360,2,20200831,145738830,1.618000,600,970.800000,-,-,S,6408830,6416363
1,1,3960752,510360,2,20200831,145755420,1.618000,3200,5177.600000,-,-,S,6408830,6421451
1,1,3960753,510360,2,20200831,145755420,1.618000,500,809.000000,-,-,S,6414053,6421451
1,1,3961526,510360,2,20200831,145827770,1.620000,700,1134.000000,-,-,B,6430659,6398245
1,1,3961920,510360,2,20200831,145849190,1.620000,4800,7776.000000,-,-,B,6436213,6398245
1,1,3961921,510360,2,20200831,145849190,1.621000,900,1458.900000,-,-,B,6436213,6298557
1,1,3962221,510360,2,20200831,145902520,1.621000,1000,1621.000000,-,-,B,6439425,6298557
1,1,3962284,510360,2,20200831,145905540,1.620000,500,810.000000,-,-,S,6436225,6440179
1,1,3962516,510360,2,20200831,145916040,1.620000,200,324.000000,-,-,B,6442904,6440179
1,1,3962647,510360,2,20200831,145920440,1.620000,1500,2430.000000,-,-,B,6444115,6440179
1,1,3963596,510360,2,20200831,145956690,1.620000,300,486.000000,-,-,B,6453298,6440179
