Datetime,Price,Volume
2020-08-31 09:25:00.050,4.945,3000
2020-08-31 09:25:00.050,4.945,300
2020-08-31 09:25:00.050,4.945,4100
2020-08-31 09:25:00.050,4.945,2900
2020-08-31 09:25:00.050,4.945,14000
2020-08-31 09:25:00.050,4.945,1000
2020-08-31 09:25:00.050,4.945,7100
2020-08-31 09:25:00.050,4.945,2900
2020-08-31 09:25:00.050,4.945,1600
2020-08-31 09:25:00.050,4.945,4200
2020-08-31 09:25:00.050,4.945,9700
2020-08-31 09:25:00.050,4.945,6600
2020-08-31 09:25:00.050,4.945,6200
2020-08-31 09:25:00.050,4.945,700
2020-08-31 09:25:00.050,4.945,900
2020-08-31 09:25:00.050,4.945,200
2020-08-31 09:25:00.050,4.945,200
2020-08-31 09:25:00.050,4.945,1000
2020-08-31 09:25:00.050,4.945,7200
2020-08-31 09:25:00.050,4.945,8600
2020-08-31 09:25:00.050,4.945,4000
2020-08-31 09:25:00.050,4.945,500
2020-08-31 09:25:00.050,4.945,1100
2020-08-31 09:25:00.050,4.945,4000
2020-08-31 09:25:00.050,4.945,8200
2020-08-31 09:25:00.050,4.945,11800
2020-08-31 09:25:00.050,4.945,8700
2020-08-31 09:25:00.050,4.945,9700
2020-08-31 09:25:00.050,4.945,1000
2020-08-31 09:25:00.050,4.945,234500
2020-08-31 09:25:00.050,4.945,130000
2020-08-31 09:25:00.050,4.945,3300
2020-08-31 09:25:00.050,4.945,500
2020-08-31 09:25:00.050,4.945,1000
2020-08-31 09:25:00.050,4.945,74100
2020-08-31 09:25:00.050,4.945,91100
2020-08-31 09:25:00.050,4.945,35600
2020-08-31 09:25:00.050,4.945,6800
2020-08-31 09:25:00.050,4.945,3200
2020-08-31 09:25:00.050,4.945,10000
2020-08-31 09:25:00.050,4.945,1000
2020-08-31 09:25:00.050,4.945,2000
2020-08-31 09:25:00.050,4.945,1500
2020-08-31 09:25:00.050,4.945,6000
2020-08-31 09:25:00.050,4.945,10000
2020-08-31 09:25:00.050,4.945,10000
2020-08-31 09:25:00.050,4.945,17500
2020-08-31 09:25:00.050,4.945,3100
2020-08-31 09:25:00.050,4.945,10000
2020-08-31 09:25:00.050,4.945,7400
2020-08-31 09:25:00.050,4.945,600
2020-08-31 09:25:00.050,4.945,200
2020-08-31 09:25:00.050,4.945,2000
2020-08-31 09:25:00.050,4.945,4000
2020-08-31 09:25:00.050,4.945,6000
2020-08-31 09:25:00.050,4.945,100
2020-08-31 09:25:00.050,4.945,1100
2020-08-31 09:25:00.050,4.945,2500
2020-08-31 09:25:00.050,4.945,25000
2020-08-31 09:25:00.050,4.945,54500
2020-08-31 09:25:00.050,4.945,600
2020-08-31 09:25:00.050,4.945,100
2020-08-31 09:25:00.050,4.945,52000
2020-08-31 09:25:00.050,4.945,300
2020-08-31 09:25:00.050,4.945,2000
2020-08-31 09:25:00.050,4.945,7500
2020-08-31 09:25:00.050,4.945,3000
2020-08-31 09:25:00.050,4.945,1400
2020-08-31 09:25:00.050,4.945,2200
2020-08-31 09:25:00.050,4.945,42800
2020-08-31 09:25:00.050,4.945,300
2020-08-31 09:25:00.050,4.945,400
2020-08-31 09:25:00.050,4.945,700
2020-08-31 09:25:00.050,4.945,100
2020-08-31 09:25:00.050,4.945,200
2020-08-31 09:25:00.050,4.945,200
2020-08-31 09:25:00.050,4.945,1500
2020-08-31 09:25:00.050,4.945,400
2020-08-31 09:25:00.050,4.945,200
2020-08-31 09:25:00.050,4.945,200
2020-08-31 09:25:00.050,4.945,100
2020-08-31 09:25:00.050,4.945,3500
2020-08-31 09:25:00.050,4.945,200
2020-08-31 09:25:00.050,4.945,200
2020-08-31 09:25:00.050,4.945,100
2020-08-31 09:25:00.050,4.945,500
2020-08-31 09:25:00.050,4.945,14600
2020-08-31 09:25:00.050,4.945,10200
2020-08-31 09:25:00.050,4.945,14500
2020-08-31 09:25:00.050,4.945,5500
2020-08-31 09:25:00.050,4.945,200
2020-08-31 09:25:00.050,4.945,1000
2020-08-31 09:25:00.050,4.945,13300
2020-08-31 09:25:00.050,4.945,10000
2020-08-31 09:25:00.050,4.945,2200
2020-08-31 09:25:00.050,4.945,2500
2020-08-31 09:25:00.050,4.945,1200
2020-08-31 09:25:00.050,4.945,10000
2020-08-31 09:25:00.050,4.945,3500
2020-08-31 09:25:00.050,4.945,1000
2020-08-31 09:25:00.050,4.945,23300
2020-08-31 09:25:00.050,4.945,9800
2020-08-31 09:25:00.050,4.945,3000
2020-08-31 09:25:00.050,4.945,13500
2020-08-31 09:25:00.050,4.945,5000
2020-08-31 09:25:00.050,4.945,6500
2020-08-31 09:25:00.050,4.945,4000
2020-08-31 09:25:00.050,4.945,23500
2020-08-31 09:25:00.050,4.945,26500
2020-08-31 09:25:00.050,4.945,60000
2020-08-31 09:25:00.050,4.945,20000
2020-08-31 09:25:00.050,4.945,20700
2020-08-31 09:25:00.050,4.945,6700
2020-08-31 09:25:00.050,4.945,10000
2020-08-31 09:25:00.050,4.945,50000
2020-08-31 09:25:00.050,4.945,3000
2020-08-31 09:25:00.050,4.945,10000
2020-08-31 09:25:00.050,4.945,12000
2020-08-31 09:25:00.050,4.945,67300
2020-08-31 09:25:00.050,4.945,67300
2020-08-31 09:25:00.050,4.945,55400
2020-08-31 09:25:00.050,4.945,1100
2020-08-31 09:25:00.050,4.945,13500
2020-08-31 09:25:00.050,4.945,19700
2020-08-31 09:25:00.050,4.945,7000
2020-08-31 09:25:00.050,4.945,5000
2020-08-31 09:25:00.050,4.945,2100
2020-08-31 09:25:00.050,4.945,400
2020-08-31 09:25:00.050,4.945,200
2020-08-31 09:25:00.050,4.945,3200
2020-08-31 09:25:00.050,4.945,100
2020-08-31 09:25:00.050,4.945,200
2020-08-31 09:25:00.050,4.945,100
2020-08-31 09:25:00.050,4.945,300
2020-08-31 09:25:00.050,4.945,3000
2020-08-31 09:25:00.050,4.945,100
2020-08-31 09:25:00.050,4.945,800
2020-08-31 09:25:00.050,4.945,100
2020-08-31 09:25:00.050,4.945,8600
2020-08-31 09:25:00.050,4.945,200
2020-08-31 09:25:00.050,4.945,100
2020-08-31 09:25:00.050,4.945,2000
2020-08-31 09:25:00.050,4.945,1000
2020-08-31 09:25:00.050,4.945,300
2020-08-31 09:25:00.050,4.945,100
2020-08-31 09:25:00.050,4.945,200
2020-08-31 09:25:00.050,4.945,1600
2020-08-31 09:25:00.050,4.945,300
2020-08-31 09:25:00.050,4.945,100
2020-08-31 09:25:00.050,4.945,200
2020-08-31 09:25:00.050,4.945,100
2020-08-31 09:25:00.050,4.945,1100
2020-08-31 09:25:00.050,4.945,3200
2020-08-31 09:25:00.050,4.945,100
2020-08-31 09:25:00.050,4.945,300
2020-08-31 09:25:00.050,4.945,200
2020-08-31 09:25:00.050,4.945,100
2020-08-31 09:25:00.050,4.945,3900
2020-08-31 09:25:00.050,4.945,500
2020-08-31 09:25:00.050,4.945,100
2020-08-31 09:25:00.050,4.945,100
2020-08-31 09:25:00.050,4.945,8200
2020-08-31 09:25:00.050,4.945,600
2020-08-31 09:25:00.050,4.945,100
2020-08-31 09:25:00.050,4.945,100
2020-08-31 09:25:00.050,4.945,1000
2020-08-31 09:25:00.050,4.945,700
2020-08-31 09:25:00.050,4.945,100
2020-08-31 09:25:00.050,4.945,4200
2020-08-31 09:25:00.050,4.945,100
2020-08-31 09:25:00.050,4.945,300
2020-08-31 09:25:00.050,4.945,500
2020-08-31 09:25:00.050,4.945,1000
2020-08-31 09:25:00.050,4.945,100
2020-08-31 09:25:00.050,4.945,600
2020-08-31 09:25:00.050,4.945,100
2020-08-31 09:25:00.050,4.945,1500
2020-08-31 09:25:00.050,4.945,2100
2020-08-31 09:25:00.050,4.945,400
2020-08-31 09:25:00.050,4.945,700
2020-08-31 09:25:00.050,4.945,400
2020-08-31 09:25:00.050,4.945,100
2020-08-31 09:25:00.050,4.945,100
2020-08-31 09:25:00.050,4.945,200
2020-08-31 09:25:00.050,4.945,200
2020-08-31 09:25:00.050,4.945,100
2020-08-31 09:25:00.050,4.945,100
2020-08-31 09:25:00.050,4.945,1200
2020-08-31 09:25:00.050,4.945,200
2020-08-31 09:25:00.050,4.945,1100
2020-08-31 09:25:00.050,4.945,19900
2020-08-31 09:25:00.050,4.945,1000
2020-08-31 09:25:00.050,4.945,400
2020-08-31 09:25:00.050,4.945,300
2020-08-31 09:25:00.050,4.945,1000
2020-08-31 09:25:00.050,4.945,500
2020-08-31 09:25:00.050,4.945,300
2020-08-31 09:25:00.050,4.945,700
2020-08-31 09:25:00.050,4.945,5000
2020-08-31 09:25:00.050,4.945,400
2020-08-31 09:25:00.050,4.945,700
2020-08-31 09:25:00.050,4.945,200
2020-08-31 09:25:00.050,4.945,18500
2020-08-31 09:25:00.050,4.945,3000
2020-08-31 09:25:00.050,4.945,73400
2020-08-31 09:25:00.050,4.945,200
2020-08-31 09:25:00.050,4.945,300
2020-08-31 09:25:00.050,4.945,10000
2020-08-31 09:25:00.050,4.945,1000
2020-08-31 09:25:00.050,4.945,1000
2020-08-31 09:25:00.050,4.945,100
2020-08-31 09:25:00.050,4.945,1200
2020-08-31 09:25:00.050,4.945,500
2020-08-31 09:25:00.050,4.945,100
2020-08-31 09:25:00.050,4.945,500
2020-08-31 09:25:00.050,4.945,200
2020-08-31 09:25:00.050,4.945,200
2020-08-31 09:25:00.050,4.945,5000
2020-08-31 09:25:00.050,4.945,17700
2020-08-31 09:25:00.050,4.945,400
2020-08-31 09:25:00.050,4.945,2600
2020-08-31 09:25:00.050,4.945,900
2020-08-31 09:25:00.050,4.945,5000
2020-08-31 09:25:00.050,4.945,100
2020-08-31 09:25:00.050,4.945,3000
2020-08-31 09:25:00.050,4.945,200
2020-08-31 09:25:00.050,4.945,30000
2020-08-31 09:25:00.050,4.945,15000
2020-08-31 09:25:00.050,4.945,600
2020-08-31 09:25:00.050,4.945,2500
2020-08-31 09:25:00.050,4.945,2500
2020-08-31 09:25:00.050,4.945,300
2020-08-31 09:25:00.050,4.945,500
2020-08-31 09:25:00.050,4.945,9500
2020-08-31 09:25:00.050,4.945,1000
2020-08-31 09:25:00.050,4.945,2500
2020-08-31 09:25:00.050,4.945,4100
2020-08-31 09:25:00.050,4.945,1000
2020-08-31 09:25:00.050,4.945,2200
2020-08-31 09:25:00.050,4.945,100
2020-08-31 09:25:00.050,4.945,600
2020-08-31 09:25:00.050,4.945,1000
2020-08-31 09:25:00.050,4.945,5000
2020-08-31 09:25:00.050,4.945,7000
2020-08-31 09:25:00.050,4.945,1000
2020-08-31 09:25:00.050,4.945,200
2020-08-31 09:25:00.050,4.945,3100
2020-08-31 09:25:00.050,4.945,5000
2020-08-31 09:25:00.050,4.945,500
2020-08-31 09:25:00.050,4.945,1200
2020-08-31 09:25:00.050,4.945,200
2020-08-31 09:25:00.050,4.945,10000
2020-08-31 09:25:00.050,4.945,3100
2020-08-31 09:25:00.050,4.945,1600
2020-08-31 09:25:00.050,4.945,8900
2020-08-31 09:25:00.050,4.945,2500
2020-08-31 09:25:00.050,4.945,7500
2020-08-31 09:25:00.050,4.945,1100
2020-08-31 09:25:00.050,4.945,3900
2020-08-31 09:25:00.050,4.945,2000
2020-08-31 09:25:00.050,4.945,2000
2020-08-31 09:25:00.050,4.945,1900
2020-08-31 09:25:00.050,4.945,200
2020-08-31 09:25:00.050,4.945,1800
2020-08-31 09:25:00.050,4.945,2600
2020-08-31 09:25:00.050,4.945,20500
2020-08-31 09:25:00.050,4.945,6900
2020-08-31 09:25:00.050,4.945,300
2020-08-31 09:25:00.050,4.945,300
2020-08-31 09:25:00.050,4.945,2000
2020-08-31 09:25:00.050,4.945,1500
2020-08-31 09:25:00.050,4.945,21000
2020-08-31 09:25:00.050,4.945,20900
2020-08-31 09:25:00.050,4.945,2400
2020-08-31 09:25:00.050,4.945,24600
2020-08-31 09:25:00.050,4.945,10000
2020-08-31 09:25:00.050,4.945,13000
2020-08-31 09:25:00.050,4.945,1000
2020-08-31 09:25:00.050,4.945,100000
2020-08-31 09:25:00.050,4.945,50000
2020-08-31 09:25:00.050,4.945,3500
2020-08-31 09:25:00.050,4.945,62400
2020-08-31 09:25:00.050,4.945,20000
2020-08-31 09:25:00.050,4.945,61900
2020-08-31 09:25:00.050,4.945,2000
2020-08-31 09:25:00.050,4.945,5200
2020-08-31 09:25:00.050,4.945,10000
2020-08-31 09:25:00.050,4.945,10000
2020-08-31 09:25:00.050,4.945,500
2020-08-31 09:25:00.050,4.945,10000
2020-08-31 09:25:00.050,4.945,400
2020-08-31 09:25:00.050,4.945,4600
2020-08-31 09:25:00.050,4.945,5000
2020-08-31 09:25:00.050,4.945,400
2020-08-31 09:25:00.050,4.945,3200
2020-08-31 09:25:00.050,4.945,500
2020-08-31 09:25:00.050,4.945,3000
2020-08-31 09:25:00.050,4.945,2800
2020-08-31 09:25:00.050,4.945,500
2020-08-31 09:25:00.050,4.945,500
2020-08-31 09:25:00.050,4.945,3500
2020-08-31 09:25:00.050,4.945,500
2020-08-31 09:25:00.050,4.945,1100
2020-08-31 09:25:00.050,4.945,500
2020-08-31 09:25:00.050,4.945,200
2020-08-31 09:25:00.050,4.945,1600
2020-08-31 09:25:00.050,4.945,100
2020-08-31 09:25:00.050,4.945,100
2020-08-31 09:25:00.050,4.945,15000
2020-08-31 09:25:00.050,4.945,10000
2020-08-31 09:25:00.050,4.945,1400
2020-08-31 09:25:00.050,4.945,1000
2020-08-31 09:25:00.050,4.945,12600
2020-08-31 09:25:00.050,4.945,2500
2020-08-31 09:25:00.050,4.945,5000
2020-08-31 09:25:00.050,4.945,500
2020-08-31 09:25:00.050,4.945,1500
2020-08-31 09:25:00.050,4.945,600
2020-08-31 09:25:00.050,4.945,5000
2020-08-31 09:25:00.050,4.945,52300
2020-08-31 09:25:00.050,4.945,49900
2020-08-31 09:25:00.050,4.945,10000
2020-08-31 09:25:00.050,4.945,66100
2020-08-31 09:25:00.050,4.945,4000
2020-08-31 09:25:00.050,4.945,5000
2020-08-31 09:25:00.050,4.945,75492
2020-08-31 09:25:00.050,4.945,4000
2020-08-31 09:25:00.050,4.945,100
2020-08-31 09:25:00.050,4.945,1000
2020-08-31 09:25:00.050,4.945,200
2020-08-31 09:25:00.050,4.945,100
2020-08-31 09:25:00.050,4.945,2000
2020-08-31 09:25:00.050,4.945,5000
2020-08-31 09:25:00.050,4.945,2100
2020-08-31 09:25:00.050,4.945,600
2020-08-31 09:25:00.050,4.945,600
2020-08-31 09:25:00.050,4.945,300
2020-08-31 09:25:00.050,4.945,5500
2020-08-31 09:25:00.050,4.945,2500
2020-08-31 09:25:00.050,4.945,508
2020-08-31 09:25:00.050,4.945,4492
2020-08-31 09:25:00.050,4.945,3300
2020-08-31 09:25:00.050,4.945,2400
2020-08-31 09:25:00.050,4.945,2000
2020-08-31 09:25:00.050,4.945,2300
2020-08-31 09:25:00.050,4.945,300
2020-08-31 09:25:00.050,4.945,600
2020-08-31 09:25:00.050,4.945,65308
2020-08-31 09:25:00.050,4.945,29200
2020-08-31 09:25:00.050,4.945,23100
2020-08-31 09:25:00.050,4.945,20000
2020-08-31 09:25:00.050,4.945,10400
2020-08-31 09:25:00.050,4.945,5000
2020-08-31 09:25:00.050,4.945,23100
2020-08-31 09:25:00.050,4.945,25000
2020-08-31 09:25:00.050,4.945,2900
2020-08-31 09:25:00.050,4.945,7000
2020-08-31 09:25:00.050,4.945,500
2020-08-31 09:25:00.050,4.945,4600
2020-08-31 09:25:00.050,4.945,76200
2020-08-31 09:25:00.050,4.945,50000
2020-08-31 09:25:00.050,4.945,20000
2020-08-31 09:25:00.050,4.945,30000
2020-08-31 09:25:00.050,4.945,5000
2020-08-31 09:25:00.050,4.945,500
2020-08-31 09:25:00.050,4.945,1892
2020-08-31 09:25:00.050,4.945,1000
2020-08-31 09:25:00.050,4.945,200
2020-08-31 09:25:00.050,4.945,17508
2020-08-31 09:25:00.050,4.945,7492
2020-08-31 09:25:00.050,4.945,2500
2020-08-31 09:25:00.050,4.945,8
2020-08-31 09:25:00.050,4.945,2000
2020-08-31 09:25:00.050,4.945,5900
2020-08-31 09:25:00.050,4.945,12092
2020-08-31 09:25:00.050,4.945,100
2020-08-31 09:25:00.050,4.945,2000
2020-08-31 09:25:00.050,4.945,1100
2020-08-31 09:25:00.050,4.945,300
2020-08-31 09:25:00.050,4.945,1200
2020-08-31 09:25:00.050,4.945,2000
2020-08-31 09:25:00.050,4.945,2000
2020-08-31 09:25:00.050,4.945,500
2020-08-31 09:25:00.050,4.945,5000
2020-08-31 09:25:00.050,4.945,200
2020-08-31 09:25:00.050,4.945,500
2020-08-31 09:25:00.050,4.945,100
2020-08-31 09:25:00.050,4.945,100000
2020-08-31 09:25:00.050,4.945,472908
2020-08-31 09:25:00.050,4.945,2000
2020-08-31 09:25:00.050,4.945,2800
2020-08-31 09:25:00.050,4.945,200
2020-08-31 09:25:00.050,4.945,69500
2020-08-31 09:25:00.050,4.945,50200
2020-08-31 09:25:00.050,4.945,402392
2020-08-31 09:25:00.050,4.945,3000
2020-08-31 09:25:00.050,4.945,4000
2020-08-31 09:25:00.050,4.945,5000
2020-08-31 09:25:00.050,4.945,40000
2020-08-31 09:25:00.050,4.945,2000
2020-08-31 09:25:00.050,4.945,40000
2020-08-31 09:25:00.050,4.945,5000
2020-08-31 09:25:00.050,4.945,10000
2020-08-31 09:25:00.050,4.945,2500
2020-08-31 09:25:00.050,4.945,400
2020-08-31 09:25:00.050,4.945,200
2020-08-31 09:25:00.050,4.945,200
2020-08-31 09:25:00.050,4.945,10000
2020-08-31 09:25:00.050,4.945,1000
2020-08-31 09:25:00.050,4.945,18000
2020-08-31 09:25:00.050,4.945,100
2020-08-31 09:25:00.050,4.945,10000
2020-08-31 09:25:00.050,4.945,46208
2020-08-31 09:25:00.050,4.945,10000
2020-08-31 09:25:00.050,4.945,14392
2020-08-31 09:25:00.050,4.945,5000
2020-08-31 09:25:00.050,4.945,20000
2020-08-31 09:25:00.050,4.945,60608
2020-08-31 09:25:00.050,4.945,20000
2020-08-31 09:25:00.050,4.945,10100
2020-08-31 09:25:00.050,4.945,29292
2020-08-31 09:25:00.050,4.945,1900
2020-08-31 09:25:00.050,4.945,49900
2020-08-31 09:25:00.050,4.945,30000
2020-08-31 09:25:00.050,4.945,25708
2020-08-31 09:25:00.050,4.945,2800
2020-08-31 09:25:00.050,4.945,81492
2020-08-31 09:25:00.050,4.945,500
2020-08-31 09:25:00.050,4.945,1200
2020-08-31 09:25:00.050,4.945,100
2020-08-31 09:25:00.050,4.945,12300
2020-08-31 09:25:00.050,4.945,5000
2020-08-31 09:25:00.050,4.945,7700
2020-08-31 09:25:00.050,4.945,3000
2020-08-31 09:25:00.050,4.945,1500
2020-08-31 09:25:00.050,4.945,2100
2020-08-31 09:25:00.050,4.945,3000
2020-08-31 09:25:00.050,4.945,200
2020-08-31 09:25:00.050,4.945,600
2020-08-31 09:25:00.050,4.945,1000
2020-08-31 09:25:00.050,4.945,12400
2020-08-31 09:25:00.050,4.945,2000
2020-08-31 09:25:00.050,4.945,300
2020-08-31 09:25:00.050,4.945,200
2020-08-31 09:25:00.050,4.945,5000
2020-08-31 09:25:00.050,4.945,1000
2020-08-31 09:25:00.050,4.945,215408
2020-08-31 09:25:00.050,4.945,3000
2020-08-31 09:25:00.050,4.945,100
2020-08-31 09:25:00.050,4.945,50000
2020-08-31 09:25:00.050,4.945,500
2020-08-31 09:25:00.050,4.945,1000
2020-08-31 09:25:00.050,4.945,600
2020-08-31 09:25:00.050,4.945,65000
2020-08-31 09:25:00.050,4.945,2000
2020-08-31 09:25:00.050,4.945,8900
2020-08-31 09:25:00.050,4.945,1000
2020-08-31 09:25:00.050,4.945,5000
2020-08-31 09:25:00.050,4.945,1000
2020-08-31 09:25:00.050,4.945,400
2020-08-31 09:25:00.050,4.945,100
2020-08-31 09:25:00.050,4.945,203000
2020-08-31 09:25:00.050,4.945,7000
2020-08-31 09:25:00.050,4.945,4100
2020-08-31 09:25:00.050,4.945,5000
2020-08-31 09:25:00.050,4.945,8300
2020-08-31 09:25:00.050,4.945,200000
2020-08-31 09:25:00.050,4.945,19300
2020-08-31 09:25:00.050,4.945,3500
2020-08-31 09:25:00.050,4.945,400
2020-08-31 09:25:00.050,4.945,2300
2020-08-31 09:25:00.050,4.945,300
2020-08-31 09:25:00.050,4.945,500
2020-08-31 09:25:00.050,4.945,92292
2020-08-31 09:25:00.050,4.945,2900
2020-08-31 09:25:00.050,4.945,5000
2020-08-31 09:25:00.050,4.945,100
2020-08-31 09:25:00.050,4.945,25500
2020-08-31 09:25:00.050,4.945,2000
2020-08-31 09:25:00.050,4.945,4000
2020-08-31 09:25:00.050,4.945,200
2020-08-31 09:25:00.050,4.945,314208
2020-08-31 09:25:00.050,4.945,102600
2020-08-31 09:25:00.050,4.945,30000
2020-08-31 09:25:00.050,4.945,5000
2020-08-31 09:25:00.050,4.945,5000
2020-08-31 09:25:00.050,4.945,3400
2020-08-31 09:25:00.050,4.945,32300
2020-08-31 09:25:00.050,4.945,13800
2020-08-31 09:25:00.050,4.945,900
2020-08-31 09:25:00.050,4.945,4000
2020-08-31 09:25:00.050,4.945,600
2020-08-31 09:25:00.050,4.945,1000
2020-08-31 09:25:00.050,4.945,4000
2020-08-31 09:25:00.050,4.945,400
2020-08-31 09:25:00.050,4.945,11200
2020-08-31 09:25:00.050,4.945,3000
2020-08-31 09:25:00.050,4.945,7000
2020-08-31 09:25:00.050,4.945,60000
2020-08-31 09:25:00.050,4.945,10000
2020-08-31 09:25:00.050,4.945,3000
2020-08-31 09:25:00.050,4.945,5000
2020-08-31 09:25:00.050,4.945,23900
2020-08-31 09:25:00.050,4.945,10000
2020-08-31 09:25:00.050,4.945,5000
2020-08-31 09:25:00.050,4.945,100
2020-08-31 09:25:00.050,4.945,100
2020-08-31 09:25:00.050,4.945,2700
2020-08-31 09:25:00.050,4.945,100
2020-08-31 09:25:00.050,4.945,5000
2020-08-31 09:25:00.050,4.945,4100
2020-08-31 09:25:00.050,4.945,2000
2020-08-31 09:25:00.050,4.945,10000
2020-08-31 09:25:00.050,4.945,1500
2020-08-31 09:25:00.050,4.945,1700
2020-08-31 09:25:00.050,4.945,4000
2020-08-31 09:25:00.050,4.945,3700
2020-08-31 09:25:00.050,4.945,10000
2020-08-31 09:25:00.050,4.945,20000
2020-08-31 09:25:00.050,4.945,2000
2020-08-31 09:25:00.050,4.945,1000
2020-08-31 09:25:00.050,4.945,100
2020-08-31 09:25:00.050,4.945,2400
2020-08-31 09:25:00.050,4.945,500
2020-08-31 09:25:00.050,4.945,1000
2020-08-31 09:25:00.050,4.945,2100
2020-08-31 09:25:00.050,4.945,5000
2020-08-31 09:25:00.050,4.945,200
2020-08-31 09:25:00.050,4.945,1800
2020-08-31 09:25:00.050,4.945,3000
2020-08-31 09:25:00.050,4.945,300
2020-08-31 09:25:00.050,4.945,100000
2020-08-31 09:25:00.050,4.945,2000
2020-08-31 09:25:00.050,4.945,500
2020-08-31 09:25:00.050,4.945,2100
2020-08-31 09:25:00.050,4.945,200
2020-08-31 09:25:00.050,4.945,100
2020-08-31 09:25:00.050,4.945,200
2020-08-31 09:25:00.050,4.945,100
2020-08-31 09:25:00.050,4.945,10000
2020-08-31 09:25:00.050,4.945,200
2020-08-31 09:25:00.050,4.945,10000
2020-08-31 09:25:00.050,4.945,5100
2020-08-31 09:25:00.050,4.945,100
2020-08-31 09:25:00.050,4.945,2100
2020-08-31 09:25:00.050,4.945,27592
2020-08-31 09:25:00.050,4.945,100000
2020-08-31 09:25:00.050,4.945,3000
2020-08-31 09:25:00.050,4.945,10000
2020-08-31 09:25:00.050,4.945,400
2020-08-31 09:25:00.050,4.945,7000
2020-08-31 09:25:00.050,4.945,600
2020-08-31 09:25:00.050,4.945,300
2020-08-31 09:25:00.050,4.945,400
2020-08-31 09:25:00.050,4.945,8000
2020-08-31 09:25:00.050,4.945,2000
2020-08-31 09:25:00.050,4.945,4000
2020-08-31 09:25:00.050,4.945,10000
2020-08-31 09:25:00.050,4.945,200
2020-08-31 09:25:00.050,4.945,5000
2020-08-31 09:25:00.050,4.945,195000
2020-08-31 09:25:00.050,4.945,210308
2020-08-31 09:25:00.050,4.945,3000
2020-08-31 09:25:00.050,4.945,10000
2020-08-31 09:25:00.050,4.945,300
2020-08-31 09:25:00.050,4.945,200
2020-08-31 09:25:00.050,4.945,6000
2020-08-31 09:25:00.050,4.945,5500
2020-08-31 09:25:00.050,4.945,20000
2020-08-31 09:25:00.050,4.945,300
2020-08-31 09:25:00.050,4.945,500
2020-08-31 09:25:00.050,4.945,100
2020-08-31 09:25:00.050,4.945,2200
2020-08-31 09:25:00.050,4.945,200
2020-08-31 09:25:00.050,4.945,300
2020-08-31 09:25:00.050,4.945,4400
2020-08-31 09:25:00.050,4.945,4700
2020-08-31 09:25:00.050,4.945,100000
2020-08-31 09:25:00.050,4.945,2000
2020-08-31 09:25:00.050,4.945,1000
2020-08-31 09:25:00.050,4.945,10000
2020-08-31 09:25:00.050,4.945,500
2020-08-31 09:25:00.050,4.945,20000
2020-08-31 09:25:00.050,4.945,20000
2020-08-31 09:25:00.050,4.945,1600
2020-08-31 09:25:00.050,4.945,10000
2020-08-31 09:25:00.050,4.945,3000
2020-08-31 09:25:00.050,4.945,500
2020-08-31 09:25:00.050,4.945,2100
2020-08-31 09:25:00.050,4.945,12000
2020-08-31 09:25:00.050,4.945,4000
2020-08-31 09:25:00.050,4.945,300
2020-08-31 09:25:00.050,4.945,300
2020-08-31 09:25:00.050,4.945,4000
2020-08-31 09:25:00.050,4.945,100
2020-08-31 09:25:00.050,4.945,100
2020-08-31 09:25:00.050,4.945,800
2020-08-31 09:25:00.050,4.945,10000
2020-08-31 09:25:00.050,4.945,2000
2020-08-31 09:25:00.050,4.945,10000
2020-08-31 09:25:00.050,4.945,1000
2020-08-31 09:25:00.050,4.945,3300
2020-08-31 09:30:00.080,4.945,66200
2020-08-31 09:30:00.080,4.944,10000
2020-08-31 09:30:00.080,4.943,10000
2020-08-31 09:30:00.080,4.942,8000
2020-08-31 09:30:00.150,4.945,10000
2020-08-31 09:30:00.150,4.945,10000
2020-08-31 09:30:00.150,4.945,10000
2020-08-31 09:30:00.250,4.944,5000
2020-08-31 09:30:00.250,4.945,25700
2020-08-31 09:30:00.250,4.942,2000
2020-08-31 09:30:00.250,4.942,4000
2020-08-31 09:30:00.250,4.945,100
2020-08-31 09:30:00.250,4.945,200
2020-08-31 09:30:00.250,4.945,100
2020-08-31 09:30:00.310,4.942,6000
2020-08-31 09:30:00.310,4.941,1200
2020-08-31 09:30:00.310,4.945,2000
2020-08-31 09:30:00.310,4.945,61700
2020-08-31 09:30:00.310,4.942,200
2020-08-31 09:30:00.310,4.945,4800
2020-08-31 09:30:00.310,4.941,27200
2020-08-31 09:30:00.310,4.941,4200
2020-08-31 09:30:00.310,4.941,10000
2020-08-31 09:30:00.310,4.94,600
2020-08-31 09:30:00.310,4.94,11600
2020-08-31 09:30:00.310,4.94,3000
2020-08-31 09:30:00.310,4.94,500
2020-08-31 09:30:00.310,4.94,1000
2020-08-31 09:30:00.310,4.94,10000
2020-08-31 09:30:00.310,4.94,5300
2020-08-31 09:30:00.310,4.94,1300
2020-08-31 09:30:00.310,4.94,202700
2020-08-31 09:30:00.380,4.94,100
2020-08-31 09:30:00.380,4.94,20000
2020-08-31 09:30:00.380,4.94,300
2020-08-31 09:30:00.380,4.94,1800
2020-08-31 09:30:00.380,4.945,100000
2020-08-31 09:30:00.480,4.945,300
2020-08-31 09:30:00.480,4.945,200
2020-08-31 09:30:00.480,4.945,1000
2020-08-31 09:30:00.480,4.945,1000
2020-08-31 09:30:00.480,4.945,13000
2020-08-31 09:30:00.480,4.945,20000
2020-08-31 09:30:00.600,4.944,2100
2020-08-31 09:30:00.600,4.944,9000
2020-08-31 09:30:00.600,4.945,14100
2020-08-31 09:30:00.600,4.944,900
2020-08-31 09:30:00.600,4.944,66600
2020-08-31 09:30:00.600,4.942,10000
2020-08-31 09:30:00.600,4.94,500
2020-08-31 09:30:00.600,4.94,400
2020-08-31 09:30:00.600,4.94,10100
2020-08-31 09:30:00.600,4.94,7000
2020-08-31 09:30:00.720,4.94,55000
2020-08-31 09:30:00.720,4.94,200
2020-08-31 09:30:00.720,4.94,1000
2020-08-31 09:30:00.720,4.94,20000
2020-08-31 09:30:00.830,4.94,600
2020-08-31 09:30:00.830,4.94,7000
2020-08-31 09:30:00.830,4.94,5000
2020-08-31 09:30:00.960,4.94,3000
2020-08-31 09:30:00.960,4.94,400
2020-08-31 09:30:00.960,4.94,10000
2020-08-31 09:30:00.960,4.94,6000
2020-08-31 09:30:00.960,4.94,10000
2020-08-31 09:30:00.960,4.94,2000
2020-08-31 09:30:00.960,4.94,500
2020-08-31 09:30:00.960,4.94,30800
2020-08-31 09:30:01.070,4.94,1000
2020-08-31 09:30:01.070,4.94,20200
2020-08-31 09:30:01.070,4.939,100
2020-08-31 09:30:01.070,4.939,10000
2020-08-31 09:30:01.070,4.939,16900
2020-08-31 09:30:01.070,4.94,3100
2020-08-31 09:30:01.070,4.94,5000
2020-08-31 09:30:01.070,4.94,500
2020-08-31 09:30:01.070,4.94,23700
2020-08-31 09:30:01.070,4.94,135300
2020-08-31 09:30:01.180,4.94,1200
2020-08-31 09:30:01.180,4.94,7600
2020-08-31 09:30:01.180,4.94,3000
2020-08-31 09:30:01.180,4.938,10000
2020-08-31 09:30:01.180,4.938,100
2020-08-31 09:30:01.180,4.937,6000
2020-08-31 09:30:01.180,4.936,1000
2020-08-31 09:30:01.180,4.935,2900
2020-08-31 09:30:01.180,4.94,100
2020-08-31 09:30:01.180,4.94,53600
2020-08-31 09:30:01.180,4.94,41000
2020-08-31 09:30:01.180,4.94,10000
2020-08-31 09:30:01.180,4.94,35000
2020-08-31 09:30:01.180,4.94,3500
2020-08-31 09:30:01.180,4.94,3500
2020-08-31 09:30:01.180,4.94,1100
2020-08-31 09:30:01.180,4.941,3000
2020-08-31 09:30:01.180,4.942,1000
2020-08-31 09:30:01.180,4.942,2000
2020-08-31 09:30:01.180,4.942,3000
2020-08-31 09:30:01.180,4.942,100
2020-08-31 09:30:01.180,4.942,5000
2020-08-31 09:30:01.180,4.944,10000
2020-08-31 09:30:01.180,4.944,1500
2020-08-31 09:30:01.180,4.944,6700
2020-08-31 09:30:01.180,4.944,500
2020-08-31 09:30:01.180,4.944,3700
2020-08-31 09:30:01.180,4.942,500
2020-08-31 09:30:01.180,4.944,5500
2020-08-31 09:30:01.310,4.944,6600
2020-08-31 09:30:01.310,4.944,3000
2020-08-31 09:30:01.310,4.944,500
2020-08-31 09:30:01.310,4.944,169900
2020-08-31 09:30:01.310,4.944,5000
2020-08-31 09:30:01.310,4.944,1000
2020-08-31 09:30:01.310,4.944,600
2020-08-31 09:30:01.310,4.944,1000
2020-08-31 09:30:01.310,4.944,296000
2020-08-31 09:30:01.310,4.944,12000
2020-08-31 09:30:01.310,4.94,2500
2020-08-31 09:30:01.310,4.944,1000
2020-08-31 09:30:01.310,4.944,4000
2020-08-31 09:30:01.310,4.944,5000
2020-08-31 09:30:01.450,4.94,2500
2020-08-31 09:30:01.450,4.94,300
2020-08-31 09:30:01.450,4.944,4000
2020-08-31 09:30:01.450,4.944,10100
2020-08-31 09:30:01.450,4.94,700
2020-08-31 09:30:01.450,4.94,5000
2020-08-31 09:30:01.570,4.941,1000
2020-08-31 09:30:01.570,4.941,1000
2020-08-31 09:30:01.570,4.941,1000
2020-08-31 09:30:01.570,4.941,10000
2020-08-31 09:30:01.570,4.941,2900
2020-08-31 09:30:01.570,4.942,100
2020-08-31 09:30:01.570,4.942,17000
2020-08-31 09:30:01.570,4.942,100
2020-08-31 09:30:01.570,4.944,18500
2020-08-31 09:30:01.570,4.944,2700
2020-08-31 09:30:01.570,4.944,28000
2020-08-31 09:30:01.570,4.942,2500
2020-08-31 09:30:01.570,4.944,7500
2020-08-31 09:30:01.570,4.944,100
2020-08-31 09:30:01.570,4.944,6000
2020-08-31 09:30:01.570,4.944,23000
2020-08-31 09:30:01.690,4.944,300000
2020-08-31 09:30:01.690,4.943,13000
2020-08-31 09:30:01.690,4.944,12500
2020-08-31 09:30:01.820,4.944,300
2020-08-31 09:30:01.820,4.944,800
2020-08-31 09:30:01.820,4.944,91000
2020-08-31 09:30:01.820,4.944,2500
2020-08-31 09:30:01.820,4.944,20000
2020-08-31 09:30:01.820,4.944,1000
2020-08-31 09:30:01.950,4.943,5800
2020-08-31 09:30:01.950,4.941,1000
2020-08-31 09:30:02.070,4.94,2100
2020-08-31 09:30:02.070,4.941,900
2020-08-31 09:30:02.070,4.944,1100
2020-08-31 09:30:02.070,4.944,900
2020-08-31 09:30:02.070,4.944,4000
2020-08-31 09:30:02.070,4.944,5400
2020-08-31 09:30:02.070,4.944,2000
2020-08-31 09:30:02.190,4.944,297000
2020-08-31 09:30:02.190,4.942,100
2020-08-31 09:30:02.190,4.942,200
2020-08-31 09:30:02.310,4.944,1900
2020-08-31 09:30:02.310,4.944,100
2020-08-31 09:30:02.310,4.944,60000
2020-08-31 09:30:02.310,4.942,2100
2020-08-31 09:30:02.310,4.944,4000
2020-08-31 09:30:02.310,4.944,1500
2020-08-31 09:30:02.430,4.944,1500
2020-08-31 09:30:02.430,4.944,10000
2020-08-31 09:30:02.430,4.944,2000
2020-08-31 09:30:02.430,4.944,6100
2020-08-31 09:30:02.560,4.944,3000
2020-08-31 09:30:02.690,4.944,30000
2020-08-31 09:30:02.690,4.944,100
2020-08-31 09:30:02.690,4.944,2000
2020-08-31 09:30:02.690,4.944,5900
2020-08-31 09:30:02.690,4.944,100000
2020-08-31 09:30:02.690,4.944,2700
2020-08-31 09:30:02.690,4.944,400
2020-08-31 09:30:02.690,4.944,24200
2020-08-31 09:30:02.810,4.942,3000
2020-08-31 09:30:02.810,4.944,6000
2020-08-31 09:30:02.810,4.944,1000
2020-08-31 09:30:02.810,4.944,100
2020-08-31 09:30:02.810,4.942,2600
2020-08-31 09:30:02.810,4.944,5000
2020-08-31 09:30:02.810,4.944,16000
2020-08-31 09:30:02.810,4.944,1000
2020-08-31 09:30:02.810,4.944,300000
2020-08-31 09:30:02.930,4.942,500
2020-08-31 09:30:02.930,4.944,4000
2020-08-31 09:30:03.060,4.944,100
2020-08-31 09:30:03.060,4.944,6000
2020-08-31 09:30:03.060,4.944,31800
2020-08-31 09:30:03.060,4.942,15000
2020-08-31 09:30:03.200,4.942,22500
2020-08-31 09:30:03.200,4.942,5400
2020-08-31 09:30:03.200,4.942,2100
2020-08-31 09:30:03.200,4.942,100
2020-08-31 09:30:03.200,4.942,800
2020-08-31 09:30:03.200,4.942,6600
2020-08-31 09:30:03.200,4.941,10000
2020-08-31 09:30:03.330,4.941,10000
2020-08-31 09:30:03.330,4.941,5000
2020-08-31 09:30:03.330,4.942,95000
2020-08-31 09:30:03.330,4.942,2100
2020-08-31 09:30:03.330,4.942,200
2020-08-31 09:30:03.330,4.94,1900
2020-08-31 09:30:03.330,4.94,500
2020-08-31 09:30:03.330,4.94,29100
2020-08-31 09:30:03.460,4.942,10000
2020-08-31 09:30:03.460,4.942,10000
2020-08-31 09:30:03.460,4.942,2600
2020-08-31 09:30:03.460,4.942,1000
2020-08-31 09:30:03.460,4.942,20000
2020-08-31 09:30:03.460,4.942,2200
2020-08-31 09:30:03.580,4.941,3000
2020-08-31 09:30:03.580,4.941,1700
2020-08-31 09:30:03.580,4.942,3300
2020-08-31 09:30:03.580,4.942,10000
2020-08-31 09:30:03.580,4.942,6100
2020-08-31 09:30:03.580,4.942,2000
2020-08-31 09:30:03.580,4.942,5000
2020-08-31 09:30:03.580,4.942,10000
2020-08-31 09:30:03.580,4.942,4000
2020-08-31 09:30:03.580,4.944,12900
2020-08-31 09:30:03.580,4.94,200
2020-08-31 09:30:03.580,4.944,10000
2020-08-31 09:30:03.580,4.942,2000
2020-08-31 09:30:03.580,4.944,16800
2020-08-31 09:30:03.580,4.944,1200
2020-08-31 09:30:03.580,4.943,5000
2020-08-31 09:30:03.790,4.944,89300
2020-08-31 09:30:03.790,4.944,4800
2020-08-31 09:30:03.790,4.943,2600
2020-08-31 09:30:03.790,4.94,2500
2020-08-31 09:30:03.790,4.942,700
2020-08-31 09:30:03.860,4.942,1000
2020-08-31 09:30:03.860,4.942,80000
2020-08-31 09:30:03.860,4.94,5000
2020-08-31 09:30:03.860,4.942,50000
2020-08-31 09:30:03.860,4.942,13100
2020-08-31 09:30:03.860,4.942,5000
2020-08-31 09:30:03.860,4.942,5000
2020-08-31 09:30:03.860,4.942,100
2020-08-31 09:30:03.990,4.942,2000
2020-08-31 09:30:04.110,4.942,9400
2020-08-31 09:30:04.110,4.942,1600
2020-08-31 09:30:04.110,4.944,13500
2020-08-31 09:30:04.110,4.944,200
2020-08-31 09:30:04.110,4.944,39000
2020-08-31 09:30:04.110,4.944,400
2020-08-31 09:30:04.110,4.944,11500
2020-08-31 09:30:04.110,4.944,48300
2020-08-31 09:30:04.110,4.944,176100
2020-08-31 09:30:04.110,4.944,300
2020-08-31 09:30:04.110,4.942,1900
2020-08-31 09:30:04.110,4.944,6700
2020-08-31 09:30:04.110,4.944,500
2020-08-31 09:30:04.110,4.941,2000
2020-08-31 09:30:04.110,4.944,16400
2020-08-31 09:30:04.110,4.944,500
2020-08-31 09:30:04.110,4.944,100
2020-08-31 09:30:04.110,4.944,1000
2020-08-31 09:30:04.110,4.944,239400
2020-08-31 09:30:04.110,4.944,800
2020-08-31 09:30:04.110,4.944,400
2020-08-31 09:30:04.110,4.945,39400
2020-08-31 09:30:04.110,4.94,30000
2020-08-31 09:30:04.110,4.942,5000
2020-08-31 09:30:04.110,4.945,25000
2020-08-31 09:30:04.220,4.944,300
2020-08-31 09:30:04.220,4.944,10000
2020-08-31 09:30:04.220,4.944,500
2020-08-31 09:30:04.220,4.944,14200
2020-08-31 09:30:04.220,4.945,4100
2020-08-31 09:30:04.220,4.945,4492
2020-08-31 09:30:04.220,4.945,1000
2020-08-31 09:30:04.220,4.945,100
2020-08-31 09:30:04.220,4.945,2500
2020-08-31 09:30:04.220,4.945,1908
2020-08-31 09:30:04.220,4.945,3092
2020-08-31 09:30:04.220,4.945,500
2020-08-31 09:30:04.220,4.945,1000
2020-08-31 09:30:04.220,4.945,35000
2020-08-31 09:30:04.220,4.945,5000
2020-08-31 09:30:04.220,4.945,5000
2020-08-31 09:30:04.220,4.945,10000
2020-08-31 09:30:04.220,4.945,408
2020-08-31 09:30:04.220,4.945,592
2020-08-31 09:30:04.220,4.945,1000
2020-08-31 09:30:04.220,4.945,1000
2020-08-31 09:30:04.220,4.945,2408
2020-08-31 09:30:04.220,4.945,100
2020-08-31 09:30:04.220,4.945,7492
2020-08-31 09:30:04.220,4.945,6000
2020-08-31 09:30:04.220,4.945,3000
2020-08-31 09:30:04.220,4.945,508
2020-08-31 09:30:04.360,4.945,200
2020-08-31 09:30:04.360,4.944,700
2020-08-31 09:30:04.360,4.942,16300
2020-08-31 09:30:04.360,4.945,1092
2020-08-31 09:30:04.360,4.945,5000
2020-08-31 09:30:04.360,4.946,30900
2020-08-31 09:30:04.360,4.946,1000
2020-08-31 09:30:04.360,4.946,5000
2020-08-31 09:30:04.360,4.946,63100
2020-08-31 09:30:04.360,4.945,500
2020-08-31 09:30:04.360,4.945,8000
2020-08-31 09:30:04.470,4.946,6800
2020-08-31 09:30:04.470,4.946,1000
2020-08-31 09:30:04.470,4.946,5600
2020-08-31 09:30:04.470,4.945,5000
2020-08-31 09:30:04.590,4.945,408
2020-08-31 09:30:04.590,4.945,2092
2020-08-31 09:30:04.590,4.945,200
2020-08-31 09:30:04.590,4.945,2000
2020-08-31 09:30:04.590,4.945,200
2020-08-31 09:30:04.590,4.945,1000
2020-08-31 09:30:04.720,4.946,23300
2020-08-31 09:30:04.720,4.945,100
2020-08-31 09:30:04.720,4.945,1600
2020-08-31 09:30:04.840,4.946,200
2020-08-31 09:30:04.840,4.946,3000
2020-08-31 09:30:04.840,4.946,8000
2020-08-31 09:30:04.840,4.946,2000
2020-08-31 09:30:04.840,4.946,9000
2020-08-31 09:30:04.840,4.946,11000
2020-08-31 09:30:04.840,4.946,6800
2020-08-31 09:30:04.840,4.945,2808
2020-08-31 09:30:04.840,4.945,500
2020-08-31 09:30:04.840,4.945,1692
2020-08-31 09:30:04.920,4.945,200
2020-08-31 09:30:04.920,4.945,1000
2020-08-31 09:30:04.920,4.945,10000
2020-08-31 09:30:04.920,4.945,100
2020-08-31 09:30:04.920,4.946,3000
2020-08-31 09:30:05.040,4.945,300
2020-08-31 09:30:05.040,4.945,2000
2020-08-31 09:30:05.200,4.945,1000
2020-08-31 09:30:05.200,4.946,200
2020-08-31 09:30:05.200,4.946,2400
2020-08-31 09:30:05.200,4.946,1000
2020-08-31 09:30:05.310,4.946,100
2020-08-31 09:30:05.310,4.946,2300
2020-08-31 09:30:05.310,4.945,33708
2020-08-31 09:30:05.310,4.945,100
2020-08-31 09:30:05.310,4.945,5000
2020-08-31 09:30:05.310,4.945,3100
2020-08-31 09:30:05.310,4.945,5792
2020-08-31 09:30:05.310,4.945,200
2020-08-31 09:30:05.310,4.945,100
2020-08-31 09:30:05.310,4.945,3900
2020-08-31 09:30:05.430,4.946,1000
2020-08-31 09:30:05.430,4.945,8
2020-08-31 09:30:05.430,4.945,992
2020-08-31 09:30:05.430,4.947,700
2020-08-31 09:30:05.430,4.947,200
2020-08-31 09:30:05.430,4.947,1100
2020-08-31 09:30:05.430,4.947,900
2020-08-31 09:30:05.430,4.947,1000
2020-08-31 09:30:05.430,4.947,100
2020-08-31 09:30:05.550,4.945,3300
2020-08-31 09:30:05.550,4.945,708
2020-08-31 09:30:05.550,4.945,4700
2020-08-31 09:30:05.550,4.945,7592
2020-08-31 09:30:05.550,4.945,300
2020-08-31 09:30:05.550,4.945,1100
2020-08-31 09:30:05.550,4.947,900
2020-08-31 09:30:05.550,4.947,500
2020-08-31 09:30:05.550,4.947,13600
2020-08-31 09:30:05.660,4.947,100
2020-08-31 09:30:05.660,4.945,31008
2020-08-31 09:30:05.660,4.945,1592
2020-08-31 09:30:05.670,4.945,200
2020-08-31 09:30:05.810,4.945,1208
2020-08-31 09:30:05.810,4.945,24792
2020-08-31 09:30:05.810,4.945,20000
2020-08-31 09:30:05.810,4.945,1300
2020-08-31 09:30:05.810,4.945,25100
2020-08-31 09:30:05.810,4.945,3200
2020-08-31 09:30:05.810,4.947,29300
2020-08-31 09:30:05.810,4.947,200
2020-08-31 09:30:05.810,4.947,50000
2020-08-31 09:30:05.810,4.947,7000
2020-08-31 09:30:05.940,4.946,100
2020-08-31 09:30:05.940,4.945,3200
2020-08-31 09:30:05.940,4.945,3000
2020-08-31 09:30:05.940,4.947,10000
2020-08-31 09:30:05.940,4.947,3000
2020-08-31 09:30:05.940,4.947,3400
2020-08-31 09:30:05.940,4.945,100
2020-08-31 09:30:05.940,4.945,500
2020-08-31 09:30:06.060,4.947,6800
2020-08-31 09:30:06.060,4.945,500
2020-08-31 09:30:06.190,4.945,13200
2020-08-31 09:30:06.190,4.945,100
2020-08-31 09:30:06.190,4.945,2500
2020-08-31 09:30:06.190,4.945,5000
2020-08-31 09:30:06.330,4.946,3000
2020-08-31 09:30:06.330,4.947,39800
2020-08-31 09:30:06.330,4.947,20700
2020-08-31 09:30:06.330,4.947,120000
2020-08-31 09:30:06.330,4.945,5000
2020-08-31 09:30:06.330,4.947,11400
2020-08-31 09:30:06.330,4.947,5000
2020-08-31 09:30:06.330,4.947,5000
2020-08-31 09:30:06.330,4.947,4900
2020-08-31 09:30:06.330,4.947,1400
2020-08-31 09:30:06.450,4.945,100
2020-08-31 09:30:06.450,4.945,7000
2020-08-31 09:30:06.570,4.947,300
2020-08-31 09:30:06.570,4.948,5000
2020-08-31 09:30:06.570,4.948,140000
2020-08-31 09:30:06.570,4.948,2000
2020-08-31 09:30:06.570,4.948,100
2020-08-31 09:30:06.570,4.948,6000
2020-08-31 09:30:06.570,4.948,500
2020-08-31 09:30:06.570,4.948,300
2020-08-31 09:30:06.570,4.948,6000
2020-08-31 09:30:06.570,4.948,3500
2020-08-31 09:30:06.570,4.948,200
2020-08-31 09:30:06.570,4.948,6600
2020-08-31 09:30:06.570,4.948,60000
2020-08-31 09:30:06.570,4.948,300
2020-08-31 09:30:06.570,4.948,100
2020-08-31 09:30:06.570,4.948,5000
2020-08-31 09:30:06.570,4.948,10000
2020-08-31 09:30:06.570,4.948,700
2020-08-31 09:30:06.570,4.948,10000
2020-08-31 09:30:06.570,4.948,6000
2020-08-31 09:30:06.570,4.948,2000
2020-08-31 09:30:06.570,4.948,500
2020-08-31 09:30:06.570,4.948,500
2020-08-31 09:30:06.570,4.948,10000
2020-08-31 09:30:06.570,4.948,5000
2020-08-31 09:30:06.570,4.948,10000
2020-08-31 09:30:06.570,4.948,10700
2020-08-31 09:30:06.570,4.948,10000
2020-08-31 09:30:06.570,4.948,3700
2020-08-31 09:30:06.570,4.948,1300
2020-08-31 09:30:06.570,4.948,10000
2020-08-31 09:30:06.570,4.948,5000
2020-08-31 09:30:06.570,4.948,1500
2020-08-31 09:30:06.570,4.948,1900
2020-08-31 09:30:06.570,4.948,7000
2020-08-31 09:30:06.570,4.948,1000
2020-08-31 09:30:06.570,4.948,10000
2020-08-31 09:30:06.570,4.948,1000
2020-08-31 09:30:06.570,4.949,2000
2020-08-31 09:30:06.570,4.949,94300
2020-08-31 09:30:06.570,4.949,1000
2020-08-31 09:30:06.570,4.949,30000
2020-08-31 09:30:06.570,4.949,17000
2020-08-31 09:30:06.570,4.949,4000
2020-08-31 09:30:06.570,4.949,100
2020-08-31 09:30:06.570,4.949,200
2020-08-31 09:30:06.570,4.949,300
2020-08-31 09:30:06.570,4.949,2000
2020-08-31 09:30:06.570,4.949,100
2020-08-31 09:30:06.570,4.949,1000
2020-08-31 09:30:06.570,4.949,2500
2020-08-31 09:30:06.570,4.949,500
2020-08-31 09:30:06.570,4.949,11300
2020-08-31 09:30:06.570,4.949,10600
2020-08-31 09:30:06.570,4.949,99400
2020-08-31 09:30:06.570,4.949,2000
2020-08-31 09:30:06.570,4.946,10000
2020-08-31 09:30:06.570,4.947,20000
2020-08-31 09:30:06.690,4.947,100
2020-08-31 09:30:06.690,4.948,4500
2020-08-31 09:30:06.690,4.949,13900
2020-08-31 09:30:06.690,4.949,27700
2020-08-31 09:30:06.690,4.947,2000
2020-08-31 09:30:06.690,4.947,2000
2020-08-31 09:30:06.800,4.949,20500
2020-08-31 09:30:06.800,4.949,300
2020-08-31 09:30:06.800,4.949,300
2020-08-31 09:30:06.800,4.949,10600
2020-08-31 09:30:06.800,4.949,5600
2020-08-31 09:30:06.800,4.949,10600
2020-08-31 09:30:06.800,4.949,500
2020-08-31 09:30:06.800,4.949,10000
2020-08-31 09:30:06.800,4.949,5000
2020-08-31 09:30:06.800,4.949,3000
2020-08-31 09:30:06.800,4.949,10000
2020-08-31 09:30:06.800,4.949,11100
2020-08-31 09:30:06.800,4.949,200
2020-08-31 09:30:06.800,4.949,100
2020-08-31 09:30:06.800,4.949,20000
2020-08-31 09:30:06.800,4.949,8200
2020-08-31 09:30:06.800,4.949,1000
2020-08-31 09:30:06.800,4.949,50000
2020-08-31 09:30:06.800,4.949,1000
2020-08-31 09:30:06.800,4.949,1000
2020-08-31 09:30:06.800,4.949,100
2020-08-31 09:30:06.800,4.949,60000
2020-08-31 09:30:06.800,4.949,12900
2020-08-31 09:30:06.800,4.949,400
2020-08-31 09:30:06.800,4.949,10000
2020-08-31 09:30:06.800,4.949,2500
2020-08-31 09:30:06.800,4.949,60100
2020-08-31 09:30:06.800,4.949,20300
2020-08-31 09:30:06.800,4.947,10000
2020-08-31 09:30:06.800,4.947,2000
2020-08-31 09:30:06.870,4.948,4000
2020-08-31 09:30:06.960,4.947,5000
2020-08-31 09:30:07.000,4.947,6500
2020-08-31 09:30:07.110,4.947,700
2020-08-31 09:30:07.150,4.947,400
2020-08-31 09:30:07.270,4.947,70000
2020-08-31 09:30:07.270,4.947,1000
2020-08-31 09:30:07.270,4.948,6000
2020-08-31 09:30:07.270,4.949,6000
2020-08-31 09:30:07.310,4.947,100
2020-08-31 09:30:07.350,4.947,1000
2020-08-31 09:30:07.380,4.948,1000
2020-08-31 09:30:07.380,4.949,88300
2020-08-31 09:30:07.380,4.949,600
2020-08-31 09:30:07.380,4.949,1000
2020-08-31 09:30:07.380,4.949,2400
2020-08-31 09:30:07.380,4.949,300
2020-08-31 09:30:07.380,4.949,500
2020-08-31 09:30:07.380,4.949,2000
2020-08-31 09:30:07.380,4.949,600
2020-08-31 09:30:07.380,4.949,600
2020-08-31 09:30:07.380,4.95,3000
2020-08-31 09:30:07.380,4.95,1000
2020-08-31 09:30:07.380,4.95,16700
2020-08-31 09:30:07.380,4.95,2000
2020-08-31 09:30:07.380,4.95,10000
2020-08-31 09:30:07.380,4.95,400
2020-08-31 09:30:07.380,4.95,10000
2020-08-31 09:30:07.380,4.95,500
2020-08-31 09:30:07.380,4.95,3000
2020-08-31 09:30:07.380,4.95,4800
2020-08-31 09:30:07.450,4.947,1000
2020-08-31 09:30:07.490,4.947,500
2020-08-31 09:30:07.490,4.947,100
2020-08-31 09:30:07.640,4.948,9200
2020-08-31 09:30:07.710,4.947,100
2020-08-31 09:30:07.710,4.947,9000
2020-08-31 09:30:07.710,4.948,6200
2020-08-31 09:30:07.750,4.947,8600
2020-08-31 09:30:07.750,4.947,14300
2020-08-31 09:30:07.790,4.948,4600
2020-08-31 09:30:07.790,4.948,800
2020-08-31 09:30:07.790,4.95,200
2020-08-31 09:30:07.790,4.95,5000
2020-08-31 09:30:07.790,4.95,5600
2020-08-31 09:30:07.790,4.95,3000
2020-08-31 09:30:07.790,4.95,3000
2020-08-31 09:30:07.790,4.95,5200
2020-08-31 09:30:07.790,4.95,1000
2020-08-31 09:30:07.790,4.95,1000
2020-08-31 09:30:07.790,4.95,10000
2020-08-31 09:30:07.790,4.95,10000
2020-08-31 09:30:07.790,4.95,2000
2020-08-31 09:30:07.790,4.95,3000
2020-08-31 09:30:07.790,4.95,10000
2020-08-31 09:30:07.790,4.95,400
2020-08-31 09:30:07.790,4.95,700
2020-08-31 09:30:07.790,4.95,2500
2020-08-31 09:30:07.790,4.95,6400
2020-08-31 09:30:07.790,4.95,300
2020-08-31 09:30:07.790,4.95,2000
2020-08-31 09:30:07.790,4.95,30000
2020-08-31 09:30:07.790,4.95,3000
2020-08-31 09:30:07.790,4.95,10000
2020-08-31 09:30:07.790,4.95,300
2020-08-31 09:30:07.790,4.95,22400
2020-08-31 09:30:07.790,4.95,500
2020-08-31 09:30:07.790,4.95,500
2020-08-31 09:30:07.790,4.95,1000
2020-08-31 09:30:07.790,4.95,2000
2020-08-31 09:30:07.790,4.95,1000
2020-08-31 09:30:07.790,4.95,20000
2020-08-31 09:30:07.790,4.95,500
2020-08-31 09:30:07.790,4.95,147100
2020-08-31 09:30:07.790,4.947,5700
2020-08-31 09:30:07.790,4.946,4300
2020-08-31 09:30:07.830,4.95,5000
2020-08-31 09:30:07.830,4.95,400
2020-08-31 09:30:07.830,4.95,200
2020-08-31 09:30:07.830,4.95,2000
2020-08-31 09:30:07.830,4.95,10700
2020-08-31 09:30:07.830,4.95,11100
2020-08-31 09:30:07.830,4.95,300
2020-08-31 09:30:07.830,4.95,400
2020-08-31 09:30:07.830,4.95,2500
2020-08-31 09:30:07.830,4.95,1000
2020-08-31 09:30:07.830,4.95,20000
2020-08-31 09:30:07.830,4.95,5000
2020-08-31 09:30:07.830,4.95,500
2020-08-31 09:30:07.830,4.95,1100
2020-08-31 09:30:07.830,4.95,20000
2020-08-31 09:30:07.830,4.95,19800
2020-08-31 09:30:07.870,4.946,1000
2020-08-31 09:30:07.950,4.946,16900
2020-08-31 09:30:07.950,4.946,1000
2020-08-31 09:30:07.950,4.946,15500
2020-08-31 09:30:07.950,4.946,2000
2020-08-31 09:30:08.000,4.946,500
2020-08-31 09:30:08.000,4.946,40000
2020-08-31 09:30:08.040,4.946,22700
2020-08-31 09:30:08.190,4.946,300
2020-08-31 09:30:08.230,4.946,24400
2020-08-31 09:30:08.270,4.946,10000
2020-08-31 09:30:08.310,4.946,200
2020-08-31 09:30:08.350,4.946,500
2020-08-31 09:30:08.430,4.946,300
2020-08-31 09:30:08.470,4.946,100
2020-08-31 09:30:08.470,4.946,1000
2020-08-31 09:30:08.470,4.948,100
2020-08-31 09:30:08.470,4.949,100
2020-08-31 09:30:08.470,4.95,19800
2020-08-31 09:30:08.550,4.946,100
2020-08-31 09:30:08.550,4.95,260400
2020-08-31 09:30:08.550,4.95,500
2020-08-31 09:30:08.550,4.95,39100
2020-08-31 09:30:08.550,4.948,3500
2020-08-31 09:30:08.550,4.95,700
2020-08-31 09:30:08.550,4.948,200
2020-08-31 09:30:08.580,4.948,3000
2020-08-31 09:30:08.580,4.948,200
2020-08-31 09:30:08.580,4.95,25000
2020-08-31 09:30:08.580,4.948,200
2020-08-31 09:30:08.690,4.949,900
2020-08-31 09:30:08.690,4.949,300
2020-08-31 09:30:08.810,4.949,1200
2020-08-31 09:30:08.890,4.949,400
2020-08-31 09:30:09.000,4.949,200
2020-08-31 09:30:09.000,4.949,500
2020-08-31 09:30:09.000,4.949,48500
2020-08-31 09:30:09.000,4.948,292900
2020-08-31 09:30:09.000,4.948,1000
2020-08-31 09:30:09.000,4.947,9600
2020-08-31 09:30:09.040,4.95,2000
2020-08-31 09:30:09.040,4.95,9200
2020-08-31 09:30:09.040,4.947,5000
2020-08-31 09:30:09.080,4.948,2000
2020-08-31 09:30:09.080,4.95,5000
2020-08-31 09:30:09.080,4.947,1000
2020-08-31 09:30:09.120,4.947,200
2020-08-31 09:30:09.160,4.947,284200
2020-08-31 09:30:09.160,4.947,1200
2020-08-31 09:30:09.160,4.946,82400
2020-08-31 09:30:09.160,4.946,60000
2020-08-31 09:30:09.160,4.945,5208
2020-08-31 09:30:09.160,4.945,16992
2020-08-31 09:30:09.160,4.945,10000
2020-08-31 09:30:09.160,4.945,2000
2020-08-31 09:30:09.350,4.947,200
2020-08-31 09:30:09.420,4.947,500
2020-08-31 09:30:09.420,4.945,32708
2020-08-31 09:30:09.420,4.945,7000
2020-08-31 09:30:09.420,4.945,1000
2020-08-31 09:30:09.420,4.945,500
2020-08-31 09:30:09.420,4.945,6000
2020-08-31 09:30:09.420,4.945,1500
2020-08-31 09:30:09.420,4.945,4600
2020-08-31 09:30:09.420,4.945,1000
2020-08-31 09:30:09.420,4.945,1000
2020-08-31 09:30:09.420,4.945,6400
2020-08-31 09:30:09.420,4.945,3000
2020-08-31 09:30:09.420,4.945,1000
2020-08-31 09:30:09.420,4.945,2000
2020-08-31 09:30:09.420,4.945,2000
2020-08-31 09:30:09.420,4.945,500
2020-08-31 09:30:09.420,4.945,600
2020-08-31 09:30:09.420,4.945,10000
2020-08-31 09:30:09.420,4.945,2600
2020-08-31 09:30:09.420,4.945,10000
2020-08-31 09:30:09.420,4.945,1000
2020-08-31 09:30:09.420,4.945,2100
2020-08-31 09:30:09.420,4.945,100
2020-08-31 09:30:09.420,4.945,3000
2020-08-31 09:30:09.420,4.945,10100
2020-08-31 09:30:09.420,4.945,600
2020-08-31 09:30:09.420,4.945,1000
2020-08-31 09:30:09.420,4.945,500
2020-08-31 09:30:09.420,4.945,200
2020-08-31 09:30:09.420,4.945,4000
2020-08-31 09:30:09.420,4.945,6000
2020-08-31 09:30:09.420,4.945,200
2020-08-31 09:30:09.420,4.945,6000
2020-08-31 09:30:09.420,4.945,10000
2020-08-31 09:30:09.420,4.945,100
2020-08-31 09:30:09.420,4.945,6900
2020-08-31 09:30:09.420,4.945,1300
2020-08-31 09:30:09.420,4.945,1000
2020-08-31 09:30:09.420,4.945,5000
2020-08-31 09:30:09.420,4.945,1000
2020-08-31 09:30:09.420,4.945,300
2020-08-31 09:30:09.420,4.945,200
2020-08-31 09:30:09.420,4.945,100
2020-08-31 09:30:09.420,4.945,100
2020-08-31 09:30:09.420,4.945,100
2020-08-31 09:30:09.420,4.945,6200
2020-08-31 09:30:09.420,4.945,100
2020-08-31 09:30:09.420,4.945,8000
2020-08-31 09:30:09.420,4.945,3000
2020-08-31 09:30:09.420,4.945,2000
2020-08-31 09:30:09.420,4.945,400
2020-08-31 09:30:09.420,4.945,1300
2020-08-31 09:30:09.420,4.945,500
2020-08-31 09:30:09.420,4.945,1000
2020-08-31 09:30:09.420,4.945,100
2020-08-31 09:30:09.420,4.945,4100
2020-08-31 09:30:09.420,4.945,27000
2020-08-31 09:30:09.420,4.945,500
2020-08-31 09:30:09.420,4.945,10000
2020-08-31 09:30:09.420,4.945,1000
2020-08-31 09:30:09.420,4.945,2000
2020-08-31 09:30:09.420,4.945,2600
2020-08-31 09:30:09.420,4.945,97600
2020-08-31 09:30:09.420,4.945,400
2020-08-31 09:30:09.420,4.945,500
2020-08-31 09:30:09.420,4.945,4100
2020-08-31 09:30:09.420,4.945,100
2020-08-31 09:30:09.420,4.945,2000
2020-08-31 09:30:09.420,4.945,2100
2020-08-31 09:30:09.420,4.945,2100
2020-08-31 09:30:09.420,4.945,10000
2020-08-31 09:30:09.420,4.945,1000
2020-08-31 09:30:09.420,4.945,5000
2020-08-31 09:30:09.420,4.945,1000
2020-08-31 09:30:09.420,4.944,300
2020-08-31 09:30:09.420,4.944,20000
2020-08-31 09:30:09.420,4.944,2900
2020-08-31 09:30:09.540,4.943,200
2020-08-31 09:30:09.540,4.944,5000
2020-08-31 09:30:09.540,4.944,6400
2020-08-31 09:30:09.710,4.943,3000
2020-08-31 09:30:09.910,4.944,4300
2020-08-31 09:30:09.910,4.943,100
2020-08-31 09:30:09.910,4.943,600
2020-08-31 09:30:09.910,4.943,1400
2020-08-31 09:30:09.960,4.943,100
2020-08-31 09:30:09.960,4.944,100
2020-08-31 09:30:10.020,4.944,2200
2020-08-31 09:30:10.170,4.943,400
2020-08-31 09:30:10.170,4.943,100
2020-08-31 09:30:10.170,4.943,200
2020-08-31 09:30:10.170,4.943,600
2020-08-31 09:30:10.170,4.943,2000
2020-08-31 09:30:10.200,4.944,2000
2020-08-31 09:30:10.290,4.943,600
2020-08-31 09:30:10.290,4.943,400
2020-08-31 09:30:10.290,4.943,300
2020-08-31 09:30:10.290,4.943,200
2020-08-31 09:30:10.290,4.943,300
2020-08-31 09:30:10.290,4.943,200
2020-08-31 09:30:10.420,4.943,300
2020-08-31 09:30:10.420,4.943,100
2020-08-31 09:30:10.420,4.943,2000
2020-08-31 09:30:10.420,4.944,7700
2020-08-31 09:30:10.450,4.943,400
2020-08-31 09:30:10.450,4.943,200
2020-08-31 09:30:10.530,4.943,600
2020-08-31 09:30:10.570,4.943,200
2020-08-31 09:30:10.570,4.943,100
2020-08-31 09:30:10.570,4.943,200
2020-08-31 09:30:10.570,4.943,300
2020-08-31 09:30:10.600,4.943,1200
2020-08-31 09:30:10.600,4.943,2000
2020-08-31 09:30:10.600,4.943,4000
2020-08-31 09:30:10.600,4.943,200
2020-08-31 09:30:10.600,4.943,42600
2020-08-31 09:30:10.600,4.943,100
2020-08-31 09:30:10.670,4.943,8000
2020-08-31 09:30:10.670,4.943,1000
2020-08-31 09:30:10.670,4.943,1400
2020-08-31 09:30:10.670,4.943,600
2020-08-31 09:30:10.690,4.943,500
2020-08-31 09:30:10.730,4.943,1300
2020-08-31 09:30:10.760,4.944,8100
2020-08-31 09:30:10.890,4.944,33900
2020-08-31 09:30:10.920,4.944,6592
2020-08-31 09:30:10.920,4.944,408
2020-08-31 09:30:10.960,4.944,2892
2020-08-31 09:30:10.960,4.944,300
2020-08-31 09:30:10.960,4.945,4000
2020-08-31 09:30:10.960,4.945,400
2020-08-31 09:30:10.960,4.946,100
2020-08-31 09:30:10.960,4.946,47000
2020-08-31 09:30:10.960,4.947,3000
2020-08-31 09:30:10.960,4.948,1300
2020-08-31 09:30:11.050,4.949,300
2020-08-31 09:30:11.050,4.95,19000
2020-08-31 09:30:11.050,4.95,100000
2020-08-31 09:30:11.050,4.95,10000
2020-08-31 09:30:11.050,4.95,10000
2020-08-31 09:30:11.050,4.95,100
2020-08-31 09:30:11.050,4.95,10000
2020-08-31 09:30:11.050,4.95,10400
2020-08-31 09:30:11.050,4.95,200
2020-08-31 09:30:11.050,4.95,1900
2020-08-31 09:30:11.050,4.95,300
2020-08-31 09:30:11.050,4.95,10000
2020-08-31 09:30:11.050,4.95,500
2020-08-31 09:30:11.050,4.95,10000
2020-08-31 09:30:11.050,4.95,100
2020-08-31 09:30:11.050,4.95,20000
2020-08-31 09:30:11.050,4.95,4600
2020-08-31 09:30:11.050,4.95,4000
2020-08-31 09:30:11.050,4.95,5000
2020-08-31 09:30:11.050,4.95,100
2020-08-31 09:30:11.050,4.95,3000
2020-08-31 09:30:11.050,4.95,5000
2020-08-31 09:30:11.050,4.95,40000
2020-08-31 09:30:11.050,4.95,300
2020-08-31 09:30:11.050,4.95,15000
2020-08-31 09:30:11.050,4.95,300
2020-08-31 09:30:11.050,4.95,100
2020-08-31 09:30:11.050,4.95,2000
2020-08-31 09:30:11.050,4.95,2500
2020-08-31 09:30:11.050,4.95,2000
2020-08-31 09:30:11.050,4.95,1000
2020-08-31 09:30:11.050,4.95,500
2020-08-31 09:30:11.050,4.95,10000
2020-08-31 09:30:11.050,4.95,1800
2020-08-31 09:30:11.690,4.949,60000
2020-08-31 09:30:11.900,4.949,23300
2020-08-31 09:30:12.050,4.943,3400
2020-08-31 09:30:12.050,4.943,200
2020-08-31 09:30:12.210,4.944,200
2020-08-31 09:30:12.310,4.945,100
2020-08-31 09:30:12.310,4.947,500
2020-08-31 09:30:12.310,4.949,299400
2020-08-31 09:30:12.650,4.945,800
2020-08-31 09:30:12.650,4.947,7000
2020-08-31 09:30:12.650,4.949,17300
2020-08-31 09:30:12.690,4.949,1000
2020-08-31 09:30:12.730,4.949,5000
2020-08-31 09:30:12.760,4.949,1000
2020-08-31 09:30:13.130,4.95,400
2020-08-31 09:30:13.130,4.95,5000
2020-08-31 09:30:13.130,4.95,700
2020-08-31 09:30:13.230,4.949,2500
2020-08-31 09:30:13.230,4.949,15400
2020-08-31 09:30:13.230,4.949,700
2020-08-31 09:30:14.070,4.947,300000
2020-08-31 09:30:14.170,4.946,2000
2020-08-31 09:30:14.350,4.947,50000
2020-08-31 09:30:14.650,4.946,2000
2020-08-31 09:30:14.650,4.947,2000
2020-08-31 09:30:15.210,4.947,10000
2020-08-31 09:30:15.210,4.947,10000
2020-08-31 09:30:15.210,4.946,400
2020-08-31 09:30:16.020,4.947,61900
2020-08-31 09:30:16.020,4.947,10000
2020-08-31 09:30:16.020,4.947,195000
2020-08-31 09:30:16.020,4.947,33100
2020-08-31 09:30:16.500,4.947,2000
2020-08-31 09:30:16.630,4.947,1000
2020-08-31 09:30:16.970,4.947,300000
2020-08-31 09:30:17.070,4.946,18000
2020-08-31 09:30:17.070,4.947,113900
2020-08-31 09:30:17.070,4.947,5300
2020-08-31 09:30:17.070,4.948,36600
2020-08-31 09:30:17.130,4.946,2000
2020-08-31 09:30:17.610,4.947,7200
2020-08-31 09:30:17.700,4.948,150100
2020-08-31 09:30:17.700,4.948,21400
2020-08-31 09:30:17.920,4.948,2000
2020-08-31 09:30:18.280,4.947,5000
2020-08-31 09:30:19.070,4.948,300000
2020-08-31 09:30:19.300,4.948,8200
2020-08-31 09:30:19.390,4.947,29900
2020-08-31 09:30:19.580,4.948,3000
2020-08-31 09:30:19.920,4.947,7900
2020-08-31 09:30:19.920,4.947,700
2020-08-31 09:30:19.920,4.947,100
2020-08-31 09:30:19.920,4.947,15200
2020-08-31 09:30:20.180,4.948,50000
2020-08-31 09:30:20.180,4.948,23300
2020-08-31 09:30:20.270,4.948,20000
2020-08-31 09:30:20.270,4.948,50000
2020-08-31 09:30:20.270,4.948,100
2020-08-31 09:30:20.300,4.947,20000
2020-08-31 09:30:20.780,4.948,1400
2020-08-31 09:30:20.840,4.948,2000
2020-08-31 09:30:21.130,4.948,20000
2020-08-31 09:30:21.160,4.948,300
2020-08-31 09:30:21.160,4.947,200
2020-08-31 09:30:21.160,4.947,9800
2020-08-31 09:30:21.390,4.947,9100
2020-08-31 09:30:21.420,4.948,50000
2020-08-31 09:30:21.490,4.947,300
2020-08-31 09:30:21.490,4.947,40800
2020-08-31 09:30:21.490,4.947,5500
2020-08-31 09:30:21.530,4.948,161600
2020-08-31 09:30:21.530,4.949,5000
2020-08-31 09:30:21.530,4.949,133400
2020-08-31 09:30:21.630,4.947,600
2020-08-31 09:30:21.810,4.948,200
2020-08-31 09:30:22.020,4.948,100000
2020-08-31 09:30:22.160,4.949,30000
2020-08-31 09:30:22.350,4.949,3000
2020-08-31 09:30:22.380,4.949,1000
2020-08-31 09:30:22.860,4.949,232600
2020-08-31 09:30:24.530,4.949,100
2020-08-31 09:30:25.770,4.95,1300
2020-08-31 09:30:25.770,4.95,1000
2020-08-31 09:30:25.770,4.95,100
2020-08-31 09:30:25.770,4.95,7000
2020-08-31 09:30:25.770,4.95,3000
2020-08-31 09:30:25.770,4.95,10000
2020-08-31 09:30:25.770,4.95,1100
2020-08-31 09:30:25.770,4.951,300
2020-08-31 09:30:25.770,4.951,15000
2020-08-31 09:30:25.770,4.951,600
2020-08-31 09:30:25.770,4.951,5400
2020-08-31 09:30:25.770,4.951,100
2020-08-31 09:30:25.770,4.951,2500
2020-08-31 09:30:25.770,4.951,5000
2020-08-31 09:30:25.770,4.951,500
2020-08-31 09:30:25.770,4.951,10000
2020-08-31 09:30:25.770,4.951,100
2020-08-31 09:30:25.770,4.951,200
2020-08-31 09:30:25.770,4.951,5000
2020-08-31 09:30:25.770,4.951,2000
2020-08-31 09:30:25.770,4.951,3000
2020-08-31 09:30:25.770,4.951,900
2020-08-31 09:30:25.770,4.951,76000
2020-08-31 09:30:25.800,4.949,100
2020-08-31 09:30:25.990,4.949,1500
2020-08-31 09:30:26.020,4.949,300
2020-08-31 09:30:26.080,4.949,700
2020-08-31 09:30:26.150,4.949,20600
2020-08-31 09:30:26.790,4.952,1000
2020-08-31 09:30:26.790,4.952,100
2020-08-31 09:30:26.790,4.952,1000
2020-08-31 09:30:26.790,4.952,500
2020-08-31 09:30:27.020,4.952,5400
2020-08-31 09:30:27.020,4.95,4600
2020-08-31 09:30:27.260,4.95,100
2020-08-31 09:30:27.300,4.95,20000
2020-08-31 09:30:27.300,4.95,1000
2020-08-31 09:30:27.300,4.95,2200
2020-08-31 09:30:27.330,4.95,1000
2020-08-31 09:30:27.330,4.95,100
2020-08-31 09:30:27.790,4.95,1600
2020-08-31 09:30:28.530,4.95,13900
2020-08-31 09:30:28.620,4.951,100
2020-08-31 09:30:28.620,4.952,1000
2020-08-31 09:30:28.650,4.952,58900
2020-08-31 09:30:28.650,4.95,35500
2020-08-31 09:30:28.650,4.95,20000
2020-08-31 09:30:28.650,4.95,5000
2020-08-31 09:30:28.650,4.95,293900
2020-08-31 09:30:28.650,4.949,44100
2020-08-31 09:30:28.650,4.949,1300
2020-08-31 09:30:28.650,4.949,163500
2020-08-31 09:30:29.050,4.95,500
2020-08-31 09:30:29.360,4.953,5000
2020-08-31 09:30:29.360,4.953,1000
2020-08-31 09:30:29.460,4.953,9000
2020-08-31 09:30:29.460,4.953,2100
2020-08-31 09:30:29.460,4.953,600
2020-08-31 09:30:29.460,4.953,5000
2020-08-31 09:30:29.460,4.953,1000
2020-08-31 09:30:29.460,4.953,225000
2020-08-31 09:30:29.460,4.954,1500
2020-08-31 09:30:29.460,4.954,2300
2020-08-31 09:30:29.460,4.954,600
2020-08-31 09:30:29.460,4.954,100
2020-08-31 09:30:29.460,4.954,10000
2020-08-31 09:30:29.460,4.954,10000
2020-08-31 09:30:29.460,4.955,3000
2020-08-31 09:30:29.460,4.955,1000
2020-08-31 09:30:29.460,4.955,10000
2020-08-31 09:30:29.460,4.955,100
2020-08-31 09:30:29.460,4.955,5000
2020-08-31 09:30:29.460,4.955,10000
2020-08-31 09:30:29.460,4.955,2500
2020-08-31 09:30:29.460,4.955,1000
2020-08-31 09:30:29.460,4.955,200
2020-08-31 09:30:30.120,4.952,3000
2020-08-31 09:30:30.350,4.954,800
2020-08-31 09:30:30.580,4.955,400
2020-08-31 09:30:30.580,4.955,100
2020-08-31 09:30:30.580,4.955,50000
2020-08-31 09:30:30.580,4.955,10000
2020-08-31 09:30:30.580,4.955,5000
2020-08-31 09:30:30.580,4.955,2000
2020-08-31 09:30:30.580,4.955,100
2020-08-31 09:30:30.580,4.955,10400
2020-08-31 09:30:30.580,4.955,1100
2020-08-31 09:30:30.580,4.955,100
2020-08-31 09:30:30.580,4.955,300
2020-08-31 09:30:30.580,4.955,5000
2020-08-31 09:30:30.580,4.955,30000
2020-08-31 09:30:30.580,4.955,3000
2020-08-31 09:30:30.580,4.955,2000
2020-08-31 09:30:30.580,4.955,1300
2020-08-31 09:30:30.580,4.955,1000
2020-08-31 09:30:30.580,4.955,10000
2020-08-31 09:30:30.580,4.955,8000
2020-08-31 09:30:30.580,4.955,2000
2020-08-31 09:30:30.580,4.955,2500
2020-08-31 09:30:30.580,4.955,104700
2020-08-31 09:30:30.580,4.955,1000
2020-08-31 09:30:30.610,4.955,50000
2020-08-31 09:30:30.610,4.954,250000
2020-08-31 09:30:30.640,4.954,1000
2020-08-31 09:30:30.860,4.953,8000
2020-08-31 09:30:30.960,4.953,1000
2020-08-31 09:30:31.020,4.953,1800
2020-08-31 09:30:31.050,4.953,20000
2020-08-31 09:30:31.110,4.956,5000
2020-08-31 09:30:31.110,4.956,500
2020-08-31 09:30:31.110,4.956,1300
2020-08-31 09:30:31.110,4.956,10300
2020-08-31 09:30:31.110,4.956,1900
2020-08-31 09:30:31.110,4.956,1000
2020-08-31 09:30:31.110,4.956,1000
2020-08-31 09:30:31.110,4.956,200
2020-08-31 09:30:31.110,4.956,2000
2020-08-31 09:30:31.190,4.956,4200
2020-08-31 09:30:31.190,4.953,2100
2020-08-31 09:30:31.190,4.953,10000
2020-08-31 09:30:31.370,4.953,1000
2020-08-31 09:30:31.750,4.957,1000
2020-08-31 09:30:31.750,4.957,4000
2020-08-31 09:30:31.750,4.957,10000
2020-08-31 09:30:31.750,4.957,12000
2020-08-31 09:30:31.750,4.957,500
2020-08-31 09:30:31.750,4.957,10000
2020-08-31 09:30:31.750,4.957,3000
2020-08-31 09:30:31.750,4.957,100000
2020-08-31 09:30:31.750,4.957,6000
2020-08-31 09:30:31.750,4.957,153500
2020-08-31 09:30:31.780,4.957,2000
2020-08-31 09:30:32.690,4.955,200
2020-08-31 09:30:32.880,4.957,300
2020-08-31 09:30:33.280,4.957,400
2020-08-31 09:30:33.410,4.957,100
2020-08-31 09:30:33.410,4.957,600
2020-08-31 09:30:33.410,4.957,5000
2020-08-31 09:30:33.410,4.957,300
2020-08-31 09:30:33.470,4.957,3000
2020-08-31 09:30:33.570,4.957,100
2020-08-31 09:30:33.700,4.957,200
2020-08-31 09:30:33.830,4.958,2100
2020-08-31 09:30:33.830,4.958,300
2020-08-31 09:30:33.830,4.958,3000
2020-08-31 09:30:33.830,4.958,1000
2020-08-31 09:30:33.830,4.958,300
2020-08-31 09:30:33.830,4.958,100
2020-08-31 09:30:33.830,4.958,5000
2020-08-31 09:30:33.830,4.958,500
2020-08-31 09:30:33.830,4.958,6000
2020-08-31 09:30:33.830,4.958,3000
2020-08-31 09:30:33.830,4.958,100
2020-08-31 09:30:33.830,4.958,200
2020-08-31 09:30:34.130,4.958,19300
2020-08-31 09:30:34.220,4.958,13000
2020-08-31 09:30:34.340,4.958,500
2020-08-31 09:30:34.790,4.958,200000
2020-08-31 09:30:34.850,4.958,10600
2020-08-31 09:30:34.940,4.958,100
2020-08-31 09:30:34.970,4.958,100
2020-08-31 09:30:35.180,4.959,2000
2020-08-31 09:30:35.180,4.959,7000
2020-08-31 09:30:35.180,4.959,1000
2020-08-31 09:30:35.180,4.959,1000
2020-08-31 09:30:35.180,4.959,2000
2020-08-31 09:30:35.180,4.959,5000
2020-08-31 09:30:35.180,4.959,1000
2020-08-31 09:30:35.180,4.959,500
2020-08-31 09:30:35.180,4.959,100
2020-08-31 09:30:35.180,4.959,3000
2020-08-31 09:30:35.180,4.96,100
2020-08-31 09:30:35.180,4.96,5300
2020-08-31 09:30:36.030,4.957,4000
2020-08-31 09:30:36.030,4.96,700
2020-08-31 09:30:36.030,4.96,1000
2020-08-31 09:30:36.030,4.96,1500
2020-08-31 09:30:36.030,4.96,2000
2020-08-31 09:30:36.030,4.96,10000
2020-08-31 09:30:36.030,4.96,500
2020-08-31 09:30:36.030,4.96,700
2020-08-31 09:30:36.030,4.96,2000
2020-08-31 09:30:36.030,4.96,1000
2020-08-31 09:30:36.030,4.96,100
2020-08-31 09:30:36.030,4.96,10000
2020-08-31 09:30:36.030,4.96,3000
2020-08-31 09:30:36.030,4.96,2000
2020-08-31 09:30:36.030,4.96,5000
2020-08-31 09:30:36.030,4.96,600
2020-08-31 09:30:36.030,4.96,8000
2020-08-31 09:30:36.030,4.96,2200
2020-08-31 09:30:36.030,4.96,1000
2020-08-31 09:30:36.030,4.96,2500
2020-08-31 09:30:36.030,4.96,5000
2020-08-31 09:30:36.030,4.96,5300
2020-08-31 09:30:36.030,4.96,1000
2020-08-31 09:30:36.030,4.96,1000
2020-08-31 09:30:36.030,4.96,5000
2020-08-31 09:30:36.030,4.96,10000
2020-08-31 09:30:36.030,4.96,400
2020-08-31 09:30:36.030,4.96,10300
2020-08-31 09:30:36.030,4.96,1000
2020-08-31 09:30:36.030,4.96,20000
2020-08-31 09:30:36.030,4.96,100
2020-08-31 09:30:36.030,4.96,5000
2020-08-31 09:30:36.030,4.96,400
2020-08-31 09:30:36.030,4.96,900
2020-08-31 09:30:36.030,4.96,5200
2020-08-31 09:30:36.030,4.96,500
2020-08-31 09:30:36.030,4.96,1000
2020-08-31 09:30:36.030,4.96,300
2020-08-31 09:30:36.030,4.96,50000
2020-08-31 09:30:36.060,4.96,300
2020-08-31 09:30:36.090,4.96,1600
2020-08-31 09:30:36.090,4.96,600
2020-08-31 09:30:36.090,4.96,1000
2020-08-31 09:30:36.190,4.96,500
2020-08-31 09:30:36.190,4.96,100
2020-08-31 09:30:36.220,4.96,219700
2020-08-31 09:30:36.430,4.957,286000
2020-08-31 09:30:36.740,4.957,4700
2020-08-31 09:30:37.200,4.956,3000
2020-08-31 09:30:37.320,4.956,1500
2020-08-31 09:30:37.380,4.956,1000
2020-08-31 09:30:37.540,4.956,40000
2020-08-31 09:30:37.600,4.956,2600
2020-08-31 09:30:38.530,4.957,5000
2020-08-31 09:30:38.910,4.957,4300
2020-08-31 09:30:38.910,4.957,300
2020-08-31 09:30:38.910,4.957,200
2020-08-31 09:30:38.910,4.957,200
2020-08-31 09:30:38.910,4.958,45000
2020-08-31 09:30:38.950,4.958,255000
2020-08-31 09:30:38.950,4.959,500
2020-08-31 09:30:38.950,4.96,1000
2020-08-31 09:30:38.950,4.961,4000
2020-08-31 09:30:38.950,4.961,50000
2020-08-31 09:30:38.950,4.962,2000
2020-08-31 09:30:38.950,4.962,400
2020-08-31 09:30:38.950,4.962,300
2020-08-31 09:30:38.950,4.962,500
2020-08-31 09:30:38.950,4.963,200
2020-08-31 09:30:38.950,4.963,71900
2020-08-31 09:30:38.950,4.963,30600
2020-08-31 09:30:38.950,4.963,600
2020-08-31 09:30:38.950,4.963,57200
2020-08-31 09:30:38.950,4.963,700
2020-08-31 09:30:38.950,4.964,800
2020-08-31 09:30:38.950,4.964,124300
2020-08-31 09:30:39.470,4.96,1200
2020-08-31 09:30:40.240,4.963,300000
2020-08-31 09:30:40.520,4.963,15000
2020-08-31 09:30:40.550,4.964,106200
2020-08-31 09:30:40.550,4.963,285000
2020-08-31 09:30:40.550,4.96,27200
2020-08-31 09:30:40.550,4.96,400
2020-08-31 09:30:40.550,4.959,700
2020-08-31 09:30:40.550,4.958,30500
2020-08-31 09:30:40.790,4.96,100
2020-08-31 09:30:40.980,4.958,1000
2020-08-31 09:30:40.980,4.96,19900
2020-08-31 09:30:40.980,4.96,1500
2020-08-31 09:30:41.270,4.96,500
2020-08-31 09:30:41.270,4.965,500
2020-08-31 09:30:41.270,4.965,10000
2020-08-31 09:30:41.270,4.965,3000
2020-08-31 09:30:41.270,4.965,586000
2020-08-31 09:30:41.340,4.964,144500
2020-08-31 09:30:41.430,4.964,4000
2020-08-31 09:30:42.340,4.964,1600
2020-08-31 09:30:42.340,4.964,26000
2020-08-31 09:30:42.440,4.964,500
2020-08-31 09:30:42.940,4.964,23200
2020-08-31 09:30:43.150,4.962,200
2020-08-31 09:30:43.520,4.961,1000
2020-08-31 09:30:43.630,4.962,100
2020-08-31 09:30:43.660,4.961,10000
2020-08-31 09:30:43.890,4.961,5000
2020-08-31 09:30:43.950,4.961,100
2020-08-31 09:30:43.950,4.961,300
2020-08-31 09:30:44.750,4.962,300
2020-08-31 09:30:44.750,4.963,200
2020-08-31 09:30:44.870,4.963,2600
2020-08-31 09:30:44.870,4.963,1400
2020-08-31 09:30:45.130,4.961,10000
2020-08-31 09:30:45.290,4.961,300
2020-08-31 09:30:45.390,4.963,20200
2020-08-31 09:30:45.480,4.963,136500
2020-08-31 09:30:45.640,4.963,900
2020-08-31 09:30:45.740,4.963,100
2020-08-31 09:30:46.140,4.963,5000
2020-08-31 09:30:46.330,4.963,100
2020-08-31 09:30:46.420,4.963,5000
2020-08-31 09:30:46.940,4.963,7500
2020-08-31 09:30:47.140,4.963,3000
2020-08-31 09:30:47.140,4.963,2000
2020-08-31 09:30:47.320,4.963,43300
2020-08-31 09:30:47.320,4.963,500
2020-08-31 09:30:47.320,4.963,6200
2020-08-31 09:30:47.320,4.963,500
2020-08-31 09:30:47.480,4.962,3000
2020-08-31 09:30:47.630,4.963,10000
2020-08-31 09:30:47.790,4.963,10000
2020-08-31 09:30:47.820,4.963,6200
2020-08-31 09:30:47.980,4.962,3000
2020-08-31 09:30:48.120,4.961,5000
2020-08-31 09:30:48.120,4.963,17100
2020-08-31 09:30:48.120,4.964,300
2020-08-31 09:30:48.120,4.964,5900
2020-08-31 09:30:48.150,4.964,1100
2020-08-31 09:30:48.420,4.964,29700
2020-08-31 09:30:48.450,4.963,100
2020-08-31 09:30:48.450,4.963,200
2020-08-31 09:30:48.740,4.963,500
2020-08-31 09:30:48.930,4.964,100
2020-08-31 09:30:49.380,4.964,500
2020-08-31 09:30:49.540,4.963,4700
2020-08-31 09:30:49.600,4.963,4500
2020-08-31 09:30:49.980,4.962,300000
2020-08-31 09:30:50.260,4.962,293000
2020-08-31 09:30:51.110,4.963,500
2020-08-31 09:30:51.110,4.962,300
2020-08-31 09:30:51.200,4.964,57700
2020-08-31 09:30:51.200,4.964,2000
2020-08-31 09:30:51.200,4.964,10000
2020-08-31 09:30:51.200,4.964,4000
2020-08-31 09:30:51.200,4.964,100
2020-08-31 09:30:51.200,4.964,30000
2020-08-31 09:30:51.200,4.964,10000
2020-08-31 09:30:51.200,4.964,600
2020-08-31 09:30:51.200,4.965,35700
2020-08-31 09:30:51.200,4.962,3500
2020-08-31 09:30:51.240,4.963,5000
2020-08-31 09:30:51.610,4.964,300
2020-08-31 09:30:51.610,4.964,1000
2020-08-31 09:30:51.860,4.965,3100
2020-08-31 09:30:52.300,4.965,300
2020-08-31 09:30:52.340,4.964,2300
2020-08-31 09:30:52.340,4.965,8900
2020-08-31 09:30:52.340,4.964,296400
2020-08-31 09:30:52.340,4.964,700
2020-08-31 09:30:52.340,4.963,1500
2020-08-31 09:30:52.340,4.963,1600
2020-08-31 09:30:52.340,4.963,500
2020-08-31 09:30:52.340,4.963,3500
2020-08-31 09:30:52.420,4.963,2200
2020-08-31 09:30:52.420,4.963,400
2020-08-31 09:30:52.830,4.962,5000
2020-08-31 09:30:52.830,4.963,15500
2020-08-31 09:30:53.070,4.963,100
2020-08-31 09:30:53.840,4.963,300000
2020-08-31 09:30:54.010,4.961,20000
2020-08-31 09:30:54.530,4.961,1600
2020-08-31 09:30:54.530,4.962,100
2020-08-31 09:30:54.530,4.963,1600
2020-08-31 09:30:54.760,4.96,100
2020-08-31 09:30:54.880,4.963,276000
2020-08-31 09:30:54.880,4.963,600
2020-08-31 09:30:54.880,4.963,23400
2020-08-31 09:30:55.230,4.963,150100
2020-08-31 09:30:55.270,4.963,500
2020-08-31 09:30:55.300,4.963,300000
2020-08-31 09:30:55.620,4.962,291000
2020-08-31 09:30:55.620,4.961,45200
2020-08-31 09:30:55.620,4.961,211200
2020-08-31 09:30:55.650,4.963,3000
2020-08-31 09:30:55.740,4.961,88800
2020-08-31 09:30:55.740,4.96,9900
2020-08-31 09:30:55.740,4.96,10000
2020-08-31 09:30:55.740,4.96,500
2020-08-31 09:30:55.740,4.96,200
2020-08-31 09:30:55.740,4.959,190600
2020-08-31 09:30:56.050,4.963,400000
2020-08-31 09:30:56.110,4.963,10000
2020-08-31 09:30:56.390,4.963,13000
2020-08-31 09:30:56.390,4.963,3800
2020-08-31 09:30:56.390,4.963,1200
2020-08-31 09:30:56.390,4.963,5300
2020-08-31 09:30:56.730,4.96,200
2020-08-31 09:30:56.730,4.96,800
2020-08-31 09:30:56.930,4.963,4700
2020-08-31 09:30:56.930,4.963,5300
2020-08-31 09:30:57.680,4.963,11600
2020-08-31 09:30:57.680,4.963,3400
2020-08-31 09:30:58.020,4.96,10000
2020-08-31 09:30:58.240,4.963,26600
2020-08-31 09:30:58.240,4.963,10000
2020-08-31 09:30:58.240,4.963,5000
2020-08-31 09:30:58.240,4.963,59700
2020-08-31 09:30:58.370,4.963,2900
2020-08-31 09:30:58.370,4.963,3500
2020-08-31 09:30:58.600,4.963,3000
2020-08-31 09:30:58.920,4.963,28600
2020-08-31 09:30:58.920,4.963,3700
2020-08-31 09:30:58.920,4.963,4000
2020-08-31 09:30:58.920,4.963,5100
2020-08-31 09:30:58.920,4.963,78600
2020-08-31 09:30:59.100,4.961,300
2020-08-31 09:30:59.100,4.963,4000
2020-08-31 09:30:59.390,4.961,300
2020-08-31 09:30:59.450,4.961,4000
2020-08-31 09:30:59.540,4.963,150100
2020-08-31 09:30:59.790,4.963,4200
2020-08-31 09:30:59.860,4.963,13200
2020-08-31 09:31:00.230,4.963,82600
2020-08-31 09:31:00.230,4.964,200
2020-08-31 09:31:00.230,4.964,1000
2020-08-31 09:31:00.230,4.964,4900
2020-08-31 09:31:00.230,4.964,161600
2020-08-31 09:31:00.640,4.961,35400
2020-08-31 09:31:00.680,4.961,8100
2020-08-31 09:31:01.280,4.96,1000
2020-08-31 09:31:01.280,4.96,300
2020-08-31 09:31:01.510,4.96,500
2020-08-31 09:31:01.690,4.96,3300
2020-08-31 09:31:01.690,4.961,16800
2020-08-31 09:31:01.750,4.961,5700
2020-08-31 09:31:01.870,4.961,4200
2020-08-31 09:31:01.870,4.962,5800
2020-08-31 09:31:02.160,4.962,80000
2020-08-31 09:31:02.280,4.962,10000
2020-08-31 09:31:02.980,4.96,5000
2020-08-31 09:31:02.980,4.962,5000
2020-08-31 09:31:03.320,4.961,100
2020-08-31 09:31:03.690,4.96,3000
2020-08-31 09:31:03.690,4.958,27500
2020-08-31 09:31:03.690,4.958,5000
2020-08-31 09:31:03.690,4.958,10000
2020-08-31 09:31:03.690,4.958,54500
2020-08-31 09:31:03.750,4.961,19900
2020-08-31 09:31:03.750,4.962,130200
2020-08-31 09:31:04.960,4.962,23300
2020-08-31 09:31:05.330,4.961,200
2020-08-31 09:31:05.970,4.96,100
2020-08-31 09:31:06.070,4.96,400
2020-08-31 09:31:06.070,4.96,3000
2020-08-31 09:31:06.170,4.96,5000
2020-08-31 09:31:06.250,4.96,10000
2020-08-31 09:31:06.320,4.96,3000
2020-08-31 09:31:06.860,4.958,3000
2020-08-31 09:31:06.890,4.96,2000
2020-08-31 09:31:06.990,4.958,300
2020-08-31 09:31:07.050,4.96,100
2020-08-31 09:31:07.490,4.958,5000
2020-08-31 09:31:07.520,4.96,20000
2020-08-31 09:31:07.900,4.96,5000
2020-08-31 09:31:07.940,4.958,5000
2020-08-31 09:31:08.450,4.96,200
2020-08-31 09:31:08.780,4.96,10000
2020-08-31 09:31:09.080,4.958,4000
2020-08-31 09:31:09.110,4.96,2500
2020-08-31 09:31:09.150,4.96,20000
2020-08-31 09:31:09.370,4.958,200
2020-08-31 09:31:09.730,4.96,400
2020-08-31 09:31:09.730,4.958,10000
2020-08-31 09:31:10.010,4.96,5000
2020-08-31 09:31:10.010,4.96,3200
2020-08-31 09:31:10.080,4.958,4000
2020-08-31 09:31:10.680,4.958,14000
2020-08-31 09:31:10.680,4.958,17500
2020-08-31 09:31:10.680,4.958,10000
2020-08-31 09:31:10.680,4.958,2000
2020-08-31 09:31:10.680,4.958,10000
2020-08-31 09:31:10.740,4.958,1000
2020-08-31 09:31:10.770,4.958,100000
2020-08-31 09:31:10.890,4.958,1000
2020-08-31 09:31:10.950,4.958,144500
2020-08-31 09:31:10.950,4.96,7400
2020-08-31 09:31:10.950,4.96,4000
2020-08-31 09:31:10.950,4.96,110000
2020-08-31 09:31:10.950,4.96,100
2020-08-31 09:31:10.950,4.96,200
2020-08-31 09:31:10.950,4.96,33800
2020-08-31 09:31:10.950,4.96,2000
2020-08-31 09:31:11.210,4.96,1500
2020-08-31 09:31:11.270,4.96,1500
2020-08-31 09:31:11.650,4.958,1000
2020-08-31 09:31:11.650,4.96,3300
2020-08-31 09:31:11.880,4.957,20000
2020-08-31 09:31:11.880,4.957,60000
2020-08-31 09:31:11.880,4.957,220000
2020-08-31 09:31:11.980,4.957,3000
2020-08-31 09:31:12.150,4.958,1000
2020-08-31 09:31:12.150,4.958,2000
2020-08-31 09:31:12.180,4.958,700
2020-08-31 09:31:12.560,4.958,6800
2020-08-31 09:31:12.650,4.957,20000
2020-08-31 09:31:12.680,4.957,51500
2020-08-31 09:31:12.750,4.958,6000
2020-08-31 09:31:12.900,4.958,1000
2020-08-31 09:31:13.000,4.958,2000
2020-08-31 09:31:13.480,4.957,5500
2020-08-31 09:31:13.480,4.956,50000
2020-08-31 09:31:13.480,4.956,37100
2020-08-31 09:31:14.530,4.958,500
2020-08-31 09:31:14.910,4.958,300
2020-08-31 09:31:15.020,4.957,60000
2020-08-31 09:31:15.240,4.955,2000
2020-08-31 09:31:15.240,4.955,3000
2020-08-31 09:31:15.240,4.955,2000
2020-08-31 09:31:15.240,4.955,1000
2020-08-31 09:31:15.570,4.955,300
2020-08-31 09:31:15.570,4.955,400
2020-08-31 09:31:15.570,4.955,400
2020-08-31 09:31:15.610,4.955,500
2020-08-31 09:31:15.710,4.957,1000
2020-08-31 09:31:15.890,4.957,1000
2020-08-31 09:31:15.890,4.957,2600
2020-08-31 09:31:15.980,4.957,10000
2020-08-31 09:31:16.200,4.957,1700
2020-08-31 09:31:16.350,4.955,200
2020-08-31 09:31:16.800,4.956,60000
2020-08-31 09:31:16.860,4.955,1900
2020-08-31 09:31:16.860,4.955,2000
2020-08-31 09:31:16.860,4.954,100
2020-08-31 09:31:16.860,4.954,96000
2020-08-31 09:31:17.020,4.955,4000
2020-08-31 09:31:17.180,4.956,240000
2020-08-31 09:31:17.180,4.957,60000
2020-08-31 09:31:17.740,4.957,41200
2020-08-31 09:31:17.790,4.955,10000
2020-08-31 09:31:17.790,4.957,50000
2020-08-31 09:31:17.880,4.957,300000
2020-08-31 09:31:17.950,4.957,3500
2020-08-31 09:31:17.980,4.957,15200
2020-08-31 09:31:18.140,4.953,4500
2020-08-31 09:31:18.470,4.954,200
2020-08-31 09:31:19.530,4.955,1000
2020-08-31 09:31:19.530,4.953,12600
2020-08-31 09:31:19.870,4.953,6000
2020-08-31 09:31:20.240,4.955,4500
2020-08-31 09:31:21.170,4.953,200
2020-08-31 09:31:21.230,4.953,1400
2020-08-31 09:31:21.230,4.953,100
2020-08-31 09:31:21.300,4.953,200
2020-08-31 09:31:21.330,4.953,500
2020-08-31 09:31:21.750,4.954,20000
2020-08-31 09:31:22.080,4.953,5000
2020-08-31 09:31:22.080,4.954,2000
2020-08-31 09:31:22.330,4.955,300000
2020-08-31 09:31:22.900,4.954,5000
2020-08-31 09:31:23.020,4.954,54000
2020-08-31 09:31:23.090,4.955,4600
2020-08-31 09:31:23.400,4.955,20000
2020-08-31 09:31:24.250,4.955,2700
2020-08-31 09:31:24.310,4.955,10000
2020-08-31 09:31:24.350,4.954,1000
2020-08-31 09:31:24.580,4.953,1500
2020-08-31 09:31:24.580,4.953,5600
2020-08-31 09:31:24.790,4.953,100
2020-08-31 09:31:24.790,4.953,5000
2020-08-31 09:31:24.790,4.953,4900
2020-08-31 09:31:25.110,4.953,1800
2020-08-31 09:31:25.140,4.952,3200
2020-08-31 09:31:25.140,4.952,11800
2020-08-31 09:31:25.400,4.953,32600
2020-08-31 09:31:25.400,4.954,100
2020-08-31 09:31:25.400,4.955,17300
2020-08-31 09:31:25.850,4.954,60000
2020-08-31 09:31:25.850,4.953,35200
2020-08-31 09:31:26.200,4.953,2300
2020-08-31 09:31:26.450,4.955,2200
2020-08-31 09:31:26.710,4.954,8000
2020-08-31 09:31:26.710,4.954,52000
2020-08-31 09:31:26.710,4.953,3000
2020-08-31 09:31:26.800,4.954,2000
2020-08-31 09:31:26.800,4.953,3000
2020-08-31 09:31:27.620,4.954,20000
2020-08-31 09:31:27.840,4.954,60000
2020-08-31 09:31:28.180,4.954,2900
2020-08-31 09:31:28.510,4.953,5800
2020-08-31 09:31:28.640,4.954,60000
2020-08-31 09:31:28.920,4.954,23300
2020-08-31 09:31:28.980,4.954,1000
2020-08-31 09:31:29.110,4.953,10700
2020-08-31 09:31:29.110,4.953,30000
2020-08-31 09:31:29.110,4.953,3000
2020-08-31 09:31:29.110,4.953,400
2020-08-31 09:31:29.110,4.952,56300
2020-08-31 09:31:29.440,4.952,22900
2020-08-31 09:31:29.440,4.952,1000
2020-08-31 09:31:29.440,4.952,5000
2020-08-31 09:31:29.440,4.951,273000
2020-08-31 09:31:29.500,4.953,100
2020-08-31 09:31:29.790,4.953,37900
2020-08-31 09:31:29.790,4.954,22100
2020-08-31 09:31:29.920,4.951,4000
2020-08-31 09:31:30.250,4.954,69100
2020-08-31 09:31:30.250,4.954,100
2020-08-31 09:31:30.250,4.954,65300
2020-08-31 09:31:30.250,4.954,165500
2020-08-31 09:31:30.740,4.952,600
2020-08-31 09:31:30.740,4.952,4400
2020-08-31 09:31:31.900,4.953,1000
2020-08-31 09:31:31.900,4.953,2400
2020-08-31 09:31:31.900,4.954,80600
2020-08-31 09:31:31.900,4.954,2000
2020-08-31 09:31:31.900,4.954,10000
2020-08-31 09:31:31.900,4.954,100
2020-08-31 09:31:31.900,4.955,3900
2020-08-31 09:31:31.960,4.952,2000
2020-08-31 09:31:31.960,4.952,400
2020-08-31 09:31:32.020,4.952,53200
2020-08-31 09:31:32.330,4.951,7000
2020-08-31 09:31:32.370,4.951,1400
2020-08-31 09:31:32.650,4.952,10000
2020-08-31 09:31:32.650,4.952,6100
2020-08-31 09:31:32.710,4.952,8600
2020-08-31 09:31:32.710,4.953,400
2020-08-31 09:31:32.810,4.954,291000
2020-08-31 09:31:32.810,4.951,14600
2020-08-31 09:31:32.810,4.951,113700
2020-08-31 09:31:33.010,4.952,3400
2020-08-31 09:31:33.480,4.953,100
2020-08-31 09:31:33.480,4.953,200
2020-08-31 09:31:33.620,4.953,49800
2020-08-31 09:31:33.620,4.954,2000
2020-08-31 09:31:33.620,4.955,5000
2020-08-31 09:31:33.620,4.955,2000
2020-08-31 09:31:33.620,4.955,100
2020-08-31 09:31:33.620,4.955,1100
2020-08-31 09:31:33.620,4.955,2800
2020-08-31 09:31:33.620,4.955,2900
2020-08-31 09:31:33.620,4.955,234300
2020-08-31 09:31:33.670,4.954,2000
2020-08-31 09:31:33.670,4.954,20000
2020-08-31 09:31:34.300,4.954,1300
2020-08-31 09:31:34.670,4.954,1300
2020-08-31 09:31:34.800,4.954,20000
2020-08-31 09:31:34.850,4.954,213800
2020-08-31 09:31:34.850,4.955,86200
2020-08-31 09:31:35.090,4.954,105800
2020-08-31 09:31:35.190,4.954,200
2020-08-31 09:31:35.280,4.954,200
2020-08-31 09:31:35.280,4.954,200
2020-08-31 09:31:35.280,4.954,200
2020-08-31 09:31:35.280,4.954,200
2020-08-31 09:31:35.400,4.954,3500
2020-08-31 09:31:36.030,4.954,300000
2020-08-31 09:31:36.060,4.954,300
2020-08-31 09:31:36.170,4.955,300000
2020-08-31 09:31:36.240,4.954,300
2020-08-31 09:31:36.310,4.954,6000
2020-08-31 09:31:36.330,4.954,12100
2020-08-31 09:31:36.500,4.954,12500
2020-08-31 09:31:36.600,4.954,158500
2020-08-31 09:31:36.600,4.954,20000
2020-08-31 09:31:36.750,4.952,10000
2020-08-31 09:31:36.750,4.952,10000
2020-08-31 09:31:36.750,4.952,10000
2020-08-31 09:31:36.750,4.952,10000
2020-08-31 09:31:36.750,4.952,8800
2020-08-31 09:31:37.150,4.953,23300
2020-08-31 09:31:37.660,4.953,2300
2020-08-31 09:31:37.660,4.953,30000
2020-08-31 09:31:37.660,4.953,1000
2020-08-31 09:31:37.660,4.953,5000
2020-08-31 09:31:37.660,4.954,100
2020-08-31 09:31:37.840,4.955,300000
2020-08-31 09:31:37.910,4.954,10000
2020-08-31 09:31:38.000,4.954,2000
2020-08-31 09:31:38.240,4.954,600
2020-08-31 09:31:38.540,4.955,20000
2020-08-31 09:31:38.540,4.954,2000
2020-08-31 09:31:38.750,4.955,4100
2020-08-31 09:31:39.540,4.954,3000
2020-08-31 09:31:39.540,4.955,3600
2020-08-31 09:31:40.030,4.954,10000
2020-08-31 09:31:40.310,4.952,1100
2020-08-31 09:31:40.310,4.953,20000
2020-08-31 09:31:40.340,4.953,23100
2020-08-31 09:31:41.490,4.954,5000
2020-08-31 09:31:41.490,4.955,51800
2020-08-31 09:31:41.490,4.955,10000
2020-08-31 09:31:41.490,4.955,2000
2020-08-31 09:31:41.490,4.955,200
2020-08-31 09:31:41.490,4.955,700
2020-08-31 09:31:41.490,4.956,1100
2020-08-31 09:31:41.490,4.956,1500
2020-08-31 09:31:41.490,4.956,227700
2020-08-31 09:31:41.560,4.954,18300
2020-08-31 09:31:41.730,4.956,112400
2020-08-31 09:31:41.760,4.955,2500
2020-08-31 09:31:41.760,4.954,17500
2020-08-31 09:31:41.830,4.954,3000
2020-08-31 09:31:42.030,4.954,700
2020-08-31 09:31:42.310,4.956,300000
2020-08-31 09:31:42.380,4.954,3600
2020-08-31 09:31:42.700,4.956,2000
2020-08-31 09:31:42.700,4.956,257900
2020-08-31 09:31:43.020,4.956,300
2020-08-31 09:31:43.240,4.956,200
2020-08-31 09:31:43.400,4.956,1000
2020-08-31 09:31:43.510,4.956,1000
2020-08-31 09:31:43.860,4.956,1000
2020-08-31 09:31:43.920,4.956,38600
2020-08-31 09:31:43.920,4.955,200
2020-08-31 09:31:43.920,4.955,11200
2020-08-31 09:31:43.950,4.955,200
2020-08-31 09:31:44.140,4.955,1000
2020-08-31 09:31:44.490,4.956,100
2020-08-31 09:31:44.490,4.955,10600
2020-08-31 09:31:44.740,4.955,2300
2020-08-31 09:31:44.770,4.955,4700
2020-08-31 09:31:44.770,4.955,4200
2020-08-31 09:31:44.810,4.955,55800
2020-08-31 09:31:44.810,4.955,6000
2020-08-31 09:31:44.810,4.954,30000
2020-08-31 09:31:45.130,4.953,300
2020-08-31 09:31:45.160,4.954,7600
2020-08-31 09:31:45.270,4.954,5000
2020-08-31 09:31:45.350,4.954,11200
2020-08-31 09:31:45.720,4.954,1200
2020-08-31 09:31:46.180,4.953,1700
2020-08-31 09:31:46.180,4.953,800
2020-08-31 09:31:46.180,4.954,6300
2020-08-31 09:31:46.420,4.954,50000
2020-08-31 09:31:46.510,4.953,800
2020-08-31 09:31:46.510,4.953,700
2020-08-31 09:31:46.600,4.954,60000
2020-08-31 09:31:47.030,4.953,800
2020-08-31 09:31:47.430,4.954,2000
2020-08-31 09:31:47.590,4.953,11200
2020-08-31 09:31:47.680,4.954,30000
2020-08-31 09:31:47.770,4.954,200
2020-08-31 09:31:47.810,4.954,34700
2020-08-31 09:31:47.810,4.954,300
2020-08-31 09:31:47.810,4.954,3600
2020-08-31 09:31:47.810,4.954,5000
2020-08-31 09:31:47.810,4.954,1000
2020-08-31 09:31:47.810,4.954,800
2020-08-31 09:31:47.810,4.956,14600
2020-08-31 09:31:48.140,4.953,200
2020-08-31 09:31:48.140,4.954,2300
2020-08-31 09:31:48.530,4.954,40300
2020-08-31 09:31:48.810,4.953,4200
2020-08-31 09:31:48.870,4.954,1200
2020-08-31 09:31:49.020,4.954,100
2020-08-31 09:31:49.200,4.954,1300
2020-08-31 09:31:49.230,4.954,10000
2020-08-31 09:31:49.420,4.953,10000
2020-08-31 09:31:49.450,4.954,30000
2020-08-31 09:31:49.580,4.953,2000
2020-08-31 09:31:49.600,4.953,900
2020-08-31 09:31:49.600,4.953,400
2020-08-31 09:31:49.600,4.953,2000
2020-08-31 09:31:49.600,4.953,300
2020-08-31 09:31:49.600,4.953,37800
2020-08-31 09:31:49.600,4.953,80500
2020-08-31 09:31:49.830,4.954,10000
2020-08-31 09:31:50.000,4.954,500
2020-08-31 09:31:50.220,4.954,30000
2020-08-31 09:31:50.280,4.954,1000
2020-08-31 09:31:50.360,4.954,10000
2020-08-31 09:31:50.360,4.954,1000
2020-08-31 09:31:50.390,4.953,50000
2020-08-31 09:31:50.520,4.954,300000
2020-08-31 09:31:50.780,4.954,2000
2020-08-31 09:31:50.820,4.953,2000
2020-08-31 09:31:50.820,4.953,123600
2020-08-31 09:31:50.850,4.954,30000
2020-08-31 09:31:50.850,4.954,30000
2020-08-31 09:31:50.980,4.954,300000
2020-08-31 09:31:51.010,4.954,200300
2020-08-31 09:31:51.010,4.954,100
2020-08-31 09:31:51.010,4.954,15500
2020-08-31 09:31:51.010,4.954,500
2020-08-31 09:31:51.440,4.955,4600
2020-08-31 09:31:51.630,4.955,38600
2020-08-31 09:31:51.690,4.955,100000
2020-08-31 09:31:52.000,4.955,2000
2020-08-31 09:31:52.100,4.955,500
2020-08-31 09:31:52.130,4.955,800
2020-08-31 09:31:52.760,4.955,20000
2020-08-31 09:31:52.760,4.955,1000
2020-08-31 09:31:52.860,4.955,100
2020-08-31 09:31:53.230,4.955,1000
2020-08-31 09:31:53.320,4.955,10000
2020-08-31 09:31:53.560,4.955,1000
2020-08-31 09:31:55.010,4.956,1400
2020-08-31 09:31:55.890,4.955,100
2020-08-31 09:31:56.090,4.956,5000
2020-08-31 09:31:56.700,4.955,2000
2020-08-31 09:31:56.800,4.956,12500
2020-08-31 09:31:56.800,4.956,6600
2020-08-31 09:31:57.070,4.955,8800
2020-08-31 09:31:57.070,4.955,22700
2020-08-31 09:31:57.280,4.955,202700
2020-08-31 09:31:57.280,4.955,100
2020-08-31 09:31:57.310,4.955,500
2020-08-31 09:31:57.410,4.955,2000
2020-08-31 09:31:57.470,4.956,2000
2020-08-31 09:31:57.700,4.956,4000
2020-08-31 09:31:58.380,4.955,22300
2020-08-31 09:31:58.500,4.955,159200
2020-08-31 09:31:58.500,4.955,2000
2020-08-31 09:31:58.500,4.955,100
2020-08-31 09:31:58.500,4.955,60000
2020-08-31 09:31:58.500,4.954,83600
2020-08-31 09:31:58.500,4.954,5100
2020-08-31 09:31:58.500,4.954,600
2020-08-31 09:31:58.500,4.954,5100
2020-08-31 09:31:58.500,4.954,5000
2020-08-31 09:31:58.500,4.954,3000
2020-08-31 09:31:58.500,4.954,2000
2020-08-31 09:31:58.500,4.954,68000
2020-08-31 09:31:58.500,4.954,104900
2020-08-31 09:31:58.870,4.955,200
2020-08-31 09:31:58.940,4.955,300
2020-08-31 09:31:58.940,4.954,1000
2020-08-31 09:31:59.310,4.954,10000
2020-08-31 09:31:59.310,4.954,100
2020-08-31 09:31:59.310,4.954,100
2020-08-31 09:31:59.310,4.954,100
2020-08-31 09:31:59.400,4.954,1000
2020-08-31 09:31:59.700,4.955,4500
2020-08-31 09:31:59.700,4.955,18500
2020-08-31 09:31:59.700,4.955,37000
2020-08-31 09:32:00.370,4.955,263000
2020-08-31 09:32:00.370,4.955,500
2020-08-31 09:32:00.370,4.955,2000
2020-08-31 09:32:00.700,4.955,100
2020-08-31 09:32:00.700,4.955,100
2020-08-31 09:32:00.700,4.955,8300
2020-08-31 09:32:00.760,4.956,13100
2020-08-31 09:32:00.790,4.955,2000
2020-08-31 09:32:00.990,4.955,1100
2020-08-31 09:32:01.110,4.956,10000
2020-08-31 09:32:01.210,4.956,200
2020-08-31 09:32:01.310,4.955,6000
2020-08-31 09:32:01.560,4.955,10000
2020-08-31 09:32:01.610,4.955,6900
2020-08-31 09:32:01.610,4.955,5100
2020-08-31 09:32:01.650,4.956,264100
2020-08-31 09:32:01.650,4.956,800
2020-08-31 09:32:01.650,4.956,1000
2020-08-31 09:32:01.650,4.956,200
2020-08-31 09:32:01.650,4.956,9700
2020-08-31 09:32:01.650,4.956,1000
2020-08-31 09:32:01.650,4.956,700
2020-08-31 09:32:01.770,4.956,6000
2020-08-31 09:32:01.930,4.956,11500
2020-08-31 09:32:02.210,4.956,5000
2020-08-31 09:32:02.210,4.956,95000
2020-08-31 09:32:02.240,4.956,2000
2020-08-31 09:32:02.370,4.956,1000
2020-08-31 09:32:02.530,4.957,200
2020-08-31 09:32:02.530,4.957,800
2020-08-31 09:32:02.680,4.957,1000
2020-08-31 09:32:03.400,4.956,2500
2020-08-31 09:32:03.430,4.957,8200
2020-08-31 09:32:03.430,4.957,2000
2020-08-31 09:32:03.430,4.957,1000
2020-08-31 09:32:03.430,4.957,12100
2020-08-31 09:32:03.810,4.956,1000
2020-08-31 09:32:03.810,4.957,1000
2020-08-31 09:32:03.880,4.957,4000
2020-08-31 09:32:03.880,4.956,100
2020-08-31 09:32:03.900,4.956,20000
2020-08-31 09:32:04.120,4.956,1000
2020-08-31 09:32:04.180,4.956,100
2020-08-31 09:32:04.240,4.956,100
2020-08-31 09:32:04.400,4.956,100
2020-08-31 09:32:04.460,4.956,100
2020-08-31 09:32:04.490,4.956,100
2020-08-31 09:32:04.620,4.956,1000
2020-08-31 09:32:04.680,4.956,2000
2020-08-31 09:32:04.710,4.956,173900
2020-08-31 09:32:04.710,4.956,10000
2020-08-31 09:32:04.710,4.956,50000
2020-08-31 09:32:04.710,4.956,400
2020-08-31 09:32:04.710,4.956,1000
2020-08-31 09:32:04.710,4.956,60000
2020-08-31 09:32:04.750,4.955,6500
2020-08-31 09:32:04.990,4.955,1000
2020-08-31 09:32:04.990,4.956,4700
2020-08-31 09:32:04.990,4.957,15300
2020-08-31 09:32:05.050,4.957,4300
2020-08-31 09:32:05.270,4.957,20000
2020-08-31 09:32:05.490,4.957,4000
2020-08-31 09:32:05.550,4.955,1000
2020-08-31 09:32:05.610,4.957,20000
2020-08-31 09:32:05.830,4.956,1100
2020-08-31 09:32:05.900,4.956,8000
2020-08-31 09:32:05.900,4.956,50900
2020-08-31 09:32:05.900,4.956,20000
2020-08-31 09:32:06.060,4.955,200
2020-08-31 09:32:06.190,4.956,9100
2020-08-31 09:32:06.220,4.956,7000
2020-08-31 09:32:06.220,4.957,19300
2020-08-31 09:32:06.220,4.957,700
2020-08-31 09:32:06.750,4.956,140500
2020-08-31 09:32:06.750,4.956,258900
2020-08-31 09:32:06.750,4.956,30000
2020-08-31 09:32:06.900,4.956,60000
2020-08-31 09:32:07.150,4.956,410600
2020-08-31 09:32:07.150,4.956,1000
2020-08-31 09:32:07.150,4.957,2300
2020-08-31 09:32:07.150,4.957,13800
2020-08-31 09:32:07.150,4.957,1000
2020-08-31 09:32:07.150,4.957,5000
2020-08-31 09:32:07.150,4.957,1900
2020-08-31 09:32:07.150,4.957,100
2020-08-31 09:32:07.270,4.957,33000
2020-08-31 09:32:07.270,4.958,30000
2020-08-31 09:32:07.270,4.958,1000
2020-08-31 09:32:07.270,4.958,20000
2020-08-31 09:32:07.270,4.958,1000
2020-08-31 09:32:07.270,4.958,192100
2020-08-31 09:32:07.270,4.958,30000
2020-08-31 09:32:07.270,4.958,13300
2020-08-31 09:32:07.270,4.958,5000
2020-08-31 09:32:07.270,4.958,7600
2020-08-31 09:32:07.450,4.957,400
2020-08-31 09:32:07.700,4.957,1000
2020-08-31 09:32:07.700,4.957,2200
2020-08-31 09:32:08.270,4.958,90200
2020-08-31 09:32:08.270,4.958,1000
2020-08-31 09:32:08.270,4.958,1000
2020-08-31 09:32:08.270,4.958,1000
2020-08-31 09:32:08.270,4.958,2000
2020-08-31 09:32:08.270,4.958,6600
2020-08-31 09:32:08.270,4.958,500
2020-08-31 09:32:08.270,4.958,5000
2020-08-31 09:32:08.270,4.958,2000
2020-08-31 09:32:08.270,4.958,190700
2020-08-31 09:32:08.270,4.957,6900
2020-08-31 09:32:08.430,4.957,9000
2020-08-31 09:32:08.560,4.958,10000
2020-08-31 09:32:08.750,4.957,1000
2020-08-31 09:32:08.750,4.957,10000
2020-08-31 09:32:08.750,4.957,1200
2020-08-31 09:32:08.750,4.957,32900
2020-08-31 09:32:08.980,4.957,10000
2020-08-31 09:32:09.190,4.957,100
2020-08-31 09:32:10.280,4.958,20000
2020-08-31 09:32:10.370,4.958,3600
2020-08-31 09:32:10.560,4.958,30000
2020-08-31 09:32:10.560,4.958,30000
2020-08-31 09:32:10.620,4.958,20000
2020-08-31 09:32:10.710,4.957,2200
2020-08-31 09:32:10.770,4.958,10000
2020-08-31 09:32:10.770,4.958,73000
2020-08-31 09:32:10.770,4.959,700
2020-08-31 09:32:10.770,4.959,5000
2020-08-31 09:32:10.770,4.959,10000
2020-08-31 09:32:10.770,4.96,10800
2020-08-31 09:32:10.770,4.96,500
2020-08-31 09:32:10.770,4.96,1500
2020-08-31 09:32:10.770,4.96,5000
2020-08-31 09:32:10.770,4.96,500
2020-08-31 09:32:10.770,4.96,1100
2020-08-31 09:32:10.770,4.96,8000
2020-08-31 09:32:10.770,4.96,1000
2020-08-31 09:32:10.770,4.96,500
2020-08-31 09:32:10.770,4.96,5000
2020-08-31 09:32:10.770,4.96,4000
2020-08-31 09:32:10.770,4.96,100
2020-08-31 09:32:10.770,4.96,200
2020-08-31 09:32:10.770,4.96,7000
2020-08-31 09:32:10.770,4.96,400
2020-08-31 09:32:10.770,4.96,2000
2020-08-31 09:32:10.770,4.96,300
2020-08-31 09:32:10.770,4.96,100000
2020-08-31 09:32:10.770,4.96,5000
2020-08-31 09:32:10.990,4.96,400
2020-08-31 09:32:10.990,4.96,58000
2020-08-31 09:32:10.990,4.96,10300
2020-08-31 09:32:11.310,4.959,231700
2020-08-31 09:32:11.620,4.959,100
2020-08-31 09:32:11.800,4.959,400
2020-08-31 09:32:11.870,4.959,14900
2020-08-31 09:32:11.930,4.961,900
2020-08-31 09:32:11.930,4.961,15000
2020-08-31 09:32:11.930,4.961,200
2020-08-31 09:32:11.930,4.961,5000
2020-08-31 09:32:11.930,4.961,2200
2020-08-31 09:32:12.550,4.96,10000
2020-08-31 09:32:12.640,4.962,200
2020-08-31 09:32:12.640,4.962,5100
2020-08-31 09:32:12.640,4.962,2000
2020-08-31 09:32:12.640,4.962,3000
2020-08-31 09:32:12.640,4.962,4000
2020-08-31 09:32:12.640,4.962,5700
2020-08-31 09:32:12.910,4.962,33400
2020-08-31 09:32:12.910,4.962,3000
2020-08-31 09:32:12.910,4.962,600
2020-08-31 09:32:12.910,4.962,1000
2020-08-31 09:32:13.010,4.962,100
2020-08-31 09:32:13.030,4.962,74300
2020-08-31 09:32:13.030,4.962,58000
2020-08-31 09:32:13.130,4.961,20000
2020-08-31 09:32:13.630,4.961,30000
2020-08-31 09:32:13.760,4.961,267700
2020-08-31 09:32:14.600,4.961,100
2020-08-31 09:32:14.630,4.961,5000
2020-08-31 09:32:14.770,4.963,29300
2020-08-31 09:32:15.020,4.961,294900
2020-08-31 09:32:15.020,4.961,5100
2020-08-31 09:32:15.020,4.961,3000
2020-08-31 09:32:15.400,4.961,400
2020-08-31 09:32:15.820,4.962,1000
2020-08-31 09:32:15.960,4.962,100
2020-08-31 09:32:15.960,4.962,100
2020-08-31 09:32:16.150,4.963,7200
2020-08-31 09:32:16.210,4.963,2600
2020-08-31 09:32:16.210,4.963,1100
2020-08-31 09:32:16.990,4.962,1100
2020-08-31 09:32:17.200,4.962,2000
2020-08-31 09:32:17.780,4.963,9800
2020-08-31 09:32:17.780,4.963,10000
2020-08-31 09:32:17.780,4.963,5000
2020-08-31 09:32:17.780,4.963,2100
2020-08-31 09:32:17.780,4.963,300
2020-08-31 09:32:17.780,4.963,3000
2020-08-31 09:32:17.780,4.963,5000
2020-08-31 09:32:17.780,4.963,1000
2020-08-31 09:32:17.780,4.963,218600
2020-08-31 09:32:17.780,4.961,100
2020-08-31 09:32:18.140,4.961,3000
2020-08-31 09:32:18.210,4.963,231400
2020-08-31 09:32:18.210,4.964,5000
2020-08-31 09:32:18.210,4.964,400
2020-08-31 09:32:18.210,4.964,5000
2020-08-31 09:32:18.210,4.964,10000
2020-08-31 09:32:18.210,4.964,200
2020-08-31 09:32:18.210,4.964,6000
2020-08-31 09:32:18.210,4.964,20000
2020-08-31 09:32:18.210,4.964,100
2020-08-31 09:32:18.210,4.964,2000
2020-08-31 09:32:18.210,4.964,2000
2020-08-31 09:32:18.210,4.964,5000
2020-08-31 09:32:18.210,4.965,12900
2020-08-31 09:32:18.490,4.963,100
2020-08-31 09:32:18.630,4.963,299900
2020-08-31 09:32:18.630,4.961,100
2020-08-31 09:32:19.220,4.963,300
2020-08-31 09:32:19.310,4.963,500
2020-08-31 09:32:20.120,4.964,4000
2020-08-31 09:32:20.120,4.965,11200
2020-08-31 09:32:20.380,4.964,15300
2020-08-31 09:32:20.380,4.963,284700
2020-08-31 09:32:20.520,4.965,23300
2020-08-31 09:32:20.560,4.965,2000
2020-08-31 09:32:20.740,4.963,400
2020-08-31 09:32:20.780,4.963,14100
2020-08-31 09:32:20.780,4.963,800
2020-08-31 09:32:20.780,4.963,11200
2020-08-31 09:32:20.780,4.962,6800
2020-08-31 09:32:20.780,4.96,4000
2020-08-31 09:32:20.880,4.96,3000
2020-08-31 09:32:21.250,4.959,800
2020-08-31 09:32:21.450,4.96,4000
2020-08-31 09:32:22.520,4.959,8100
2020-08-31 09:32:22.550,4.96,20000
2020-08-31 09:32:22.670,4.96,200
2020-08-31 09:32:23.220,4.96,99200
2020-08-31 09:32:23.220,4.961,10000
2020-08-31 09:32:23.220,4.963,182100
2020-08-31 09:32:23.410,4.963,1500
2020-08-31 09:32:23.570,4.962,100
2020-08-31 09:32:23.630,4.961,400
2020-08-31 09:32:23.950,4.962,100
2020-08-31 09:32:23.950,4.961,8000
2020-08-31 09:32:24.150,4.961,300
2020-08-31 09:32:24.240,4.963,13900
2020-08-31 09:32:24.320,4.961,1400
2020-08-31 09:32:24.410,4.963,16000
2020-08-31 09:32:24.810,4.962,100
2020-08-31 09:32:25.310,4.961,1000
2020-08-31 09:32:25.580,4.963,86500
2020-08-31 09:32:25.580,4.963,100
2020-08-31 09:32:25.580,4.964,10000
2020-08-31 09:32:25.580,4.964,2000
2020-08-31 09:32:25.580,4.964,2500
2020-08-31 09:32:25.580,4.964,300000
2020-08-31 09:32:25.580,4.964,19000
2020-08-31 09:32:25.800,4.963,7000
2020-08-31 09:32:25.800,4.961,1000
2020-08-31 09:32:25.890,4.961,11000
2020-08-31 09:32:26.090,4.961,2000
2020-08-31 09:32:26.090,4.963,51000
2020-08-31 09:32:26.270,4.964,3000
2020-08-31 09:32:26.300,4.961,20000
2020-08-31 09:32:26.520,4.963,400
2020-08-31 09:32:27.100,4.961,5000
2020-08-31 09:32:27.160,4.963,100
2020-08-31 09:32:27.500,4.961,250300
2020-08-31 09:32:27.910,4.961,6600
2020-08-31 09:32:28.220,4.961,20000
2020-08-31 09:32:28.580,4.961,4000
2020-08-31 09:32:28.860,4.961,10000
2020-08-31 09:32:29.250,4.96,1000
2020-08-31 09:32:29.430,4.961,5000
2020-08-31 09:32:29.500,4.96,1100
2020-08-31 09:32:30.030,4.96,1000
2020-08-31 09:32:30.140,4.961,4100
2020-08-31 09:32:30.140,4.961,200
2020-08-31 09:32:30.140,4.962,45700
2020-08-31 09:32:30.270,4.962,4200
2020-08-31 09:32:31.380,4.961,100
2020-08-31 09:32:31.380,4.961,250100
2020-08-31 09:32:31.380,4.963,10000
2020-08-31 09:32:31.380,4.963,339800
2020-08-31 09:32:31.530,4.962,1300
2020-08-31 09:32:32.660,4.961,500
2020-08-31 09:32:32.660,4.961,9500
2020-08-31 09:32:32.750,4.961,3400
2020-08-31 09:32:33.080,4.961,200
2020-08-31 09:32:33.080,4.961,500
2020-08-31 09:32:33.080,4.961,10000
2020-08-31 09:32:33.580,4.961,2000
2020-08-31 09:32:33.670,4.96,2900
2020-08-31 09:32:33.670,4.96,60000
2020-08-31 09:32:33.670,4.96,50800
2020-08-31 09:32:33.670,4.96,6000
2020-08-31 09:32:33.700,4.96,180300
2020-08-31 09:32:33.700,4.961,319700
2020-08-31 09:32:33.700,4.959,100
2020-08-31 09:32:33.830,4.961,1000
2020-08-31 09:32:34.010,4.96,2100
2020-08-31 09:32:34.010,4.96,2000
2020-08-31 09:32:34.050,4.96,3000
2020-08-31 09:32:34.260,4.96,1600
2020-08-31 09:32:34.260,4.96,2200
2020-08-31 09:32:34.600,4.96,3300
2020-08-31 09:32:34.840,4.96,60000
2020-08-31 09:32:34.960,4.96,1800
2020-08-31 09:32:34.990,4.959,26800
2020-08-31 09:32:35.310,4.96,10000
2020-08-31 09:32:35.310,4.96,1000
2020-08-31 09:32:35.330,4.96,2000
2020-08-31 09:32:35.570,4.96,1000
2020-08-31 09:32:35.570,4.96,3100
2020-08-31 09:32:35.690,4.96,26600
2020-08-31 09:32:35.690,4.96,33400
2020-08-31 09:32:35.810,4.959,264200
2020-08-31 09:32:35.810,4.959,1300
2020-08-31 09:32:35.810,4.959,1000
2020-08-31 09:32:35.810,4.959,300000
2020-08-31 09:32:35.810,4.959,4000
2020-08-31 09:32:36.140,4.959,100
2020-08-31 09:32:36.180,4.959,26700
2020-08-31 09:32:36.180,4.96,13300
2020-08-31 09:32:36.730,4.959,60000
2020-08-31 09:32:36.730,4.959,600
2020-08-31 09:32:37.160,4.958,3600
2020-08-31 09:32:37.160,4.958,2000
2020-08-31 09:32:37.160,4.958,300
2020-08-31 09:32:37.160,4.958,100
2020-08-31 09:32:37.160,4.958,500
2020-08-31 09:32:37.160,4.958,5200
2020-08-31 09:32:37.280,4.958,5000
2020-08-31 09:32:37.700,4.958,60000
2020-08-31 09:32:37.880,4.958,105000
2020-08-31 09:32:38.350,4.959,50200
2020-08-31 09:32:38.410,4.958,195000
2020-08-31 09:32:38.410,4.957,100
2020-08-31 09:32:38.410,4.957,40000
2020-08-31 09:32:38.410,4.957,1100
2020-08-31 09:32:38.410,4.957,3100
2020-08-31 09:32:38.410,4.957,3000
2020-08-31 09:32:38.410,4.957,200
2020-08-31 09:32:38.410,4.957,5000
2020-08-31 09:32:38.410,4.957,10000
2020-08-31 09:32:38.410,4.957,2600
2020-08-31 09:32:38.410,4.957,500
2020-08-31 09:32:38.410,4.957,11000
2020-08-31 09:32:38.410,4.957,4200
2020-08-31 09:32:38.410,4.957,24200
2020-08-31 09:32:38.550,4.959,4000
2020-08-31 09:32:38.710,4.959,60000
2020-08-31 09:32:38.770,4.959,30100
2020-08-31 09:32:38.910,4.959,1000
2020-08-31 09:32:39.220,4.959,244100
2020-08-31 09:32:40.590,4.959,55900
2020-08-31 09:32:40.590,4.959,244100
2020-08-31 09:32:40.800,4.959,55900
2020-08-31 09:32:40.830,4.959,500
2020-08-31 09:32:40.920,4.959,8000
2020-08-31 09:32:41.230,4.959,4200
2020-08-31 09:32:41.730,4.959,300000
2020-08-31 09:32:41.760,4.959,1000
2020-08-31 09:32:41.890,4.959,300000
2020-08-31 09:32:42.020,4.959,10000
2020-08-31 09:32:42.600,4.959,220400
2020-08-31 09:32:42.600,4.959,3700
2020-08-31 09:32:42.780,4.96,18400
2020-08-31 09:32:43.120,4.96,800
2020-08-31 09:32:43.290,4.959,11700
2020-08-31 09:32:43.320,4.96,2000
2020-08-31 09:32:43.740,4.96,1500
2020-08-31 09:32:44.230,4.96,1900
2020-08-31 09:32:44.290,4.959,200
2020-08-31 09:32:44.420,4.959,1000
2020-08-31 09:32:44.600,4.96,10000
2020-08-31 09:32:44.840,4.959,1000
2020-08-31 09:32:44.870,4.96,218700
2020-08-31 09:32:44.870,4.96,1000
2020-08-31 09:32:44.870,4.96,2000
2020-08-31 09:32:44.870,4.96,59000
2020-08-31 09:32:44.870,4.96,19300
2020-08-31 09:32:45.280,4.959,1000
2020-08-31 09:32:45.410,4.96,700
2020-08-31 09:32:45.410,4.96,1000
2020-08-31 09:32:45.410,4.96,400
2020-08-31 09:32:45.440,4.959,600
2020-08-31 09:32:45.740,4.959,500
2020-08-31 09:32:46.110,4.96,200
2020-08-31 09:32:46.140,4.96,5000
2020-08-31 09:32:46.270,4.96,600
2020-08-31 09:32:46.430,4.959,1400
2020-08-31 09:32:46.520,4.959,2000
2020-08-31 09:32:46.700,4.959,56500
2020-08-31 09:32:46.700,4.959,243500
2020-08-31 09:32:46.970,4.959,50000
2020-08-31 09:32:47.030,4.959,6500
2020-08-31 09:32:47.030,4.959,293500
2020-08-31 09:32:47.280,4.96,9400
2020-08-31 09:32:47.280,4.96,1000
2020-08-31 09:32:47.280,4.96,1000
2020-08-31 09:32:47.280,4.96,10000
2020-08-31 09:32:47.280,4.96,10000
2020-08-31 09:32:47.280,4.96,500
2020-08-31 09:32:47.280,4.96,268100
2020-08-31 09:32:47.400,4.96,159900
2020-08-31 09:32:47.400,4.96,10400
2020-08-31 09:32:47.430,4.96,13900
2020-08-31 09:32:47.430,4.96,115800
2020-08-31 09:32:47.430,4.959,6500
2020-08-31 09:32:47.430,4.959,40800
2020-08-31 09:32:47.430,4.959,10000
2020-08-31 09:32:47.430,4.959,60000
2020-08-31 09:32:47.830,4.959,2100
2020-08-31 09:32:47.960,4.959,3000
2020-08-31 09:32:48.230,4.959,100
2020-08-31 09:32:48.290,4.959,300000
2020-08-31 09:32:48.350,4.959,3000
2020-08-31 09:32:48.540,4.959,10000
2020-08-31 09:32:48.820,4.959,300000
2020-08-31 09:32:48.860,4.959,4000
2020-08-31 09:32:49.190,4.959,44700
2020-08-31 09:32:49.190,4.959,200
2020-08-31 09:32:49.190,4.959,1000
2020-08-31 09:32:49.460,4.959,7000
2020-08-31 09:32:49.920,4.959,14900
2020-08-31 09:32:50.320,4.96,300
2020-08-31 09:32:50.560,4.96,1000
2020-08-31 09:32:50.980,4.961,100
2020-08-31 09:32:51.040,4.96,700
2020-08-31 09:32:51.040,4.96,300
2020-08-31 09:32:51.040,4.96,700
2020-08-31 09:32:51.040,4.959,1800
2020-08-31 09:32:51.210,4.959,1000
2020-08-31 09:32:51.390,4.959,1000
2020-08-31 09:32:51.940,4.959,1000
2020-08-31 09:32:52.190,4.959,800
2020-08-31 09:32:52.310,4.959,200
2020-08-31 09:32:52.590,4.96,100
2020-08-31 09:32:52.590,4.959,21000
2020-08-31 09:32:52.590,4.959,205400
2020-08-31 09:32:52.590,4.959,94600
2020-08-31 09:32:53.420,4.96,60000
2020-08-31 09:32:53.420,4.96,20500
2020-08-31 09:32:53.420,4.959,205400
2020-08-31 09:32:53.420,4.959,15600
2020-08-31 09:32:53.420,4.959,4000
2020-08-31 09:32:53.420,4.959,8000
2020-08-31 09:32:53.420,4.959,1000
2020-08-31 09:32:53.420,4.959,300000
2020-08-31 09:32:53.420,4.959,255700
2020-08-31 09:32:53.420,4.961,400
2020-08-31 09:32:53.720,4.96,10000
2020-08-31 09:32:53.720,4.959,44300
2020-08-31 09:32:53.720,4.959,100
2020-08-31 09:32:53.810,4.959,500
2020-08-31 09:32:54.520,4.959,24000
2020-08-31 09:32:54.700,4.959,60000
2020-08-31 09:32:54.700,4.958,7000
2020-08-31 09:32:54.700,4.958,1200
2020-08-31 09:32:54.700,4.958,1800
2020-08-31 09:32:54.750,4.959,1300
2020-08-31 09:32:55.180,4.959,100
2020-08-31 09:32:55.210,4.959,1000
2020-08-31 09:32:55.210,4.959,10000
2020-08-31 09:32:55.890,4.959,10000
2020-08-31 09:32:56.570,4.959,2200
2020-08-31 09:32:56.970,4.959,10000
2020-08-31 09:32:57.050,4.959,3000
2020-08-31 09:32:57.080,4.959,4000
2020-08-31 09:32:57.360,4.959,119500
2020-08-31 09:32:57.360,4.959,1000
2020-08-31 09:32:57.360,4.959,4000
2020-08-31 09:32:57.360,4.959,300
2020-08-31 09:32:57.360,4.96,175200
2020-08-31 09:32:57.420,4.96,3000
2020-08-31 09:32:57.420,4.958,2800
2020-08-31 09:32:57.450,4.958,6500
2020-08-31 09:32:58.130,4.958,40000
2020-08-31 09:32:58.320,4.958,250700
2020-08-31 09:32:58.320,4.958,49300
2020-08-31 09:32:58.380,4.958,2000
2020-08-31 09:32:58.530,4.958,57700
2020-08-31 09:32:58.530,4.96,121800
2020-08-31 09:32:58.530,4.96,2000
2020-08-31 09:32:58.530,4.96,400
2020-08-31 09:32:58.530,4.96,1000
2020-08-31 09:32:58.530,4.96,5000
2020-08-31 09:32:58.530,4.961,412100
2020-08-31 09:32:58.710,4.96,2800
2020-08-31 09:32:58.770,4.96,4800
2020-08-31 09:32:59.260,4.96,282400
2020-08-31 09:32:59.260,4.96,800
2020-08-31 09:32:59.320,4.96,5000
2020-08-31 09:32:59.840,4.96,2500
2020-08-31 09:33:00.490,4.96,2000
2020-08-31 09:33:00.490,4.96,7300
2020-08-31 09:33:00.490,4.96,300
2020-08-31 09:33:00.490,4.96,200
2020-08-31 09:33:00.490,4.96,4000
2020-08-31 09:33:00.490,4.959,400
2020-08-31 09:33:00.490,4.959,2500
2020-08-31 09:33:00.490,4.959,800
2020-08-31 09:33:00.490,4.959,4500
2020-08-31 09:33:00.920,4.96,5000
2020-08-31 09:33:00.980,4.96,2000
2020-08-31 09:33:01.040,4.96,900
2020-08-31 09:33:01.380,4.96,2100
2020-08-31 09:33:01.380,4.961,241100
2020-08-31 09:33:01.380,4.961,800
2020-08-31 09:33:01.380,4.961,7000
2020-08-31 09:33:01.380,4.961,4000
2020-08-31 09:33:01.380,4.961,1800
2020-08-31 09:33:01.480,4.961,5000
2020-08-31 09:33:01.800,4.961,3000
2020-08-31 09:33:02.080,4.961,100
2020-08-31 09:33:02.390,4.961,35100
2020-08-31 09:33:02.390,4.96,1900
2020-08-31 09:33:02.460,4.96,22800
2020-08-31 09:33:02.810,4.959,500
2020-08-31 09:33:02.810,4.959,500
2020-08-31 09:33:02.810,4.959,4000
2020-08-31 09:33:03.300,4.959,500
2020-08-31 09:33:03.520,4.959,4100
2020-08-31 09:33:03.680,4.959,1000
2020-08-31 09:33:03.710,4.959,20000
2020-08-31 09:33:03.780,4.959,7000
2020-08-31 09:33:03.900,4.959,1300
2020-08-31 09:33:04.490,4.959,155300
2020-08-31 09:33:04.490,4.959,500
2020-08-31 09:33:04.490,4.959,20000
2020-08-31 09:33:04.490,4.959,1000
2020-08-31 09:33:04.490,4.959,500
