Datetime,Price,Volume
2020-10-19 09:25:00.440,3.453,4000
2020-10-19 09:25:00.440,3.453,6000
2020-10-19 09:25:00.440,3.453,10900
2020-10-19 09:25:00.440,3.453,6700
2020-10-19 09:25:00.440,3.453,700
2020-10-19 09:25:00.440,3.453,600
2020-10-19 09:25:00.440,3.453,100
2020-10-19 09:25:00.440,3.453,300
2020-10-19 09:25:00.440,3.453,100
2020-10-19 09:25:00.440,3.453,10000
2020-10-19 09:25:00.440,3.453,4500
2020-10-19 09:25:00.440,3.453,10100
2020-10-19 09:25:00.440,3.453,9900
2020-10-19 09:25:00.440,3.453,200
2020-10-19 09:25:00.440,3.453,2900
2020-10-19 09:25:00.440,3.453,17100
2020-10-19 09:25:00.440,3.453,300
2020-10-19 09:25:00.440,3.453,2600
2020-10-19 09:25:00.440,3.453,300
2020-10-19 09:25:00.440,3.453,100
2020-10-19 09:25:00.440,3.453,3000
2020-10-19 09:25:00.440,3.453,500
2020-10-19 09:25:00.440,3.453,1100
2020-10-19 09:25:00.440,3.453,1000
2020-10-19 09:25:00.440,3.453,100
2020-10-19 09:25:00.440,3.453,100
2020-10-19 09:25:00.440,3.453,100
2020-10-19 09:25:00.440,3.453,100
2020-10-19 09:25:00.440,3.453,9800
2020-10-19 09:25:00.440,3.453,400
2020-10-19 09:25:00.440,3.453,900
2020-10-19 09:25:00.440,3.453,600
2020-10-19 09:25:00.440,3.453,100
2020-10-19 09:25:00.440,3.453,300
2020-10-19 09:25:00.440,3.453,1600
2020-10-19 09:25:00.440,3.453,100
2020-10-19 09:25:00.440,3.453,100
2020-10-19 09:25:00.440,3.453,1000
2020-10-19 09:25:00.440,3.453,200
2020-10-19 09:25:00.440,3.453,100
2020-10-19 09:25:00.440,3.453,700
2020-10-19 09:25:00.440,3.453,900
2020-10-19 09:25:00.440,3.453,200
2020-10-19 09:25:00.440,3.453,300
2020-10-19 09:25:00.440,3.453,100
2020-10-19 09:25:00.440,3.453,500
2020-10-19 09:25:00.440,3.453,200
2020-10-19 09:25:00.440,3.453,100
2020-10-19 09:25:00.440,3.453,200
2020-10-19 09:25:00.440,3.453,1000
2020-10-19 09:25:00.440,3.453,1100
2020-10-19 09:25:00.440,3.453,2000
2020-10-19 09:25:00.440,3.453,800
2020-10-19 09:25:00.440,3.453,100
2020-10-19 09:25:00.440,3.453,500
2020-10-19 09:25:00.440,3.453,16000
2020-10-19 09:25:00.440,3.453,1900
2020-10-19 09:25:00.440,3.453,2100
2020-10-19 09:25:00.440,3.453,15000
2020-10-19 09:25:00.440,3.453,2900
2020-10-19 09:25:00.440,3.453,700
2020-10-19 09:25:00.440,3.453,2200
2020-10-19 09:25:00.440,3.453,300
2020-10-19 09:25:00.440,3.453,300
2020-10-19 09:25:00.440,3.453,93600
2020-10-19 09:25:00.440,3.453,100
2020-10-19 09:25:00.440,3.453,59400
2020-10-19 09:25:00.440,3.453,800
2020-10-19 09:25:00.440,3.453,1700
2020-10-19 09:25:00.440,3.453,100
2020-10-19 09:25:00.440,3.453,1000
2020-10-19 09:25:00.440,3.453,600
2020-10-19 09:25:00.440,3.453,600
2020-10-19 09:25:00.440,3.453,1000
2020-10-19 09:25:00.440,3.453,500
2020-10-19 09:25:00.440,3.453,600
2020-10-19 09:25:00.440,3.453,1000
2020-10-19 09:25:00.440,3.453,100
2020-10-19 09:25:00.440,3.453,10000
2020-10-19 09:25:00.440,3.453,600
2020-10-19 09:25:00.440,3.453,1000
2020-10-19 09:25:00.440,3.453,8000
2020-10-19 09:25:00.440,3.453,600
2020-10-19 09:25:00.440,3.453,5000
2020-10-19 09:25:00.440,3.453,2000
2020-10-19 09:25:00.440,3.453,600
2020-10-19 09:25:00.440,3.453,100
2020-10-19 09:25:00.440,3.453,1000
2020-10-19 09:25:00.440,3.453,200
2020-10-19 09:25:00.440,3.453,3500
2020-10-19 09:25:00.440,3.453,5300
2020-10-19 09:25:00.440,3.453,500
2020-10-19 09:25:00.440,3.453,2900
2020-10-19 09:25:00.440,3.453,5300
2020-10-19 09:25:00.440,3.453,10000
2020-10-19 09:25:00.440,3.453,100
2020-10-19 09:25:00.440,3.453,300
2020-10-19 09:25:00.440,3.453,3000
2020-10-19 09:25:00.440,3.453,300
2020-10-19 09:25:00.440,3.453,200
2020-10-19 09:25:00.440,3.453,10800
2020-10-19 09:25:00.440,3.453,4200
2020-10-19 09:25:00.440,3.453,3000
2020-10-19 09:25:00.440,3.453,10000
2020-10-19 09:25:00.440,3.453,9000
2020-10-19 09:25:00.440,3.453,600
2020-10-19 09:25:00.440,3.453,1000
2020-10-19 09:25:00.440,3.453,500
2020-10-19 09:25:00.440,3.453,400
2020-10-19 09:25:00.440,3.453,1000
2020-10-19 09:25:00.440,3.453,1500
2020-10-19 09:25:00.440,3.453,2400
2020-10-19 09:25:00.440,3.453,100
2020-10-19 09:25:00.440,3.453,20000
2020-10-19 09:25:00.440,3.453,100
2020-10-19 09:25:00.440,3.453,900
2020-10-19 09:25:00.440,3.453,300
2020-10-19 09:25:00.440,3.453,5000
2020-10-19 09:25:00.440,3.453,6100
2020-10-19 09:25:00.440,3.453,5000
2020-10-19 09:25:00.440,3.453,100
2020-10-19 09:25:00.440,3.453,10000
2020-10-19 09:25:00.440,3.453,200
2020-10-19 09:25:00.440,3.453,5000
2020-10-19 09:25:00.440,3.453,1000
2020-10-19 09:25:00.440,3.453,1000
2020-10-19 09:25:00.440,3.453,1600
2020-10-19 09:25:00.440,3.453,8000
2020-10-19 09:25:00.440,3.453,30000
2020-10-19 09:25:00.440,3.453,123800
2020-10-19 09:25:00.440,3.453,20300
2020-10-19 09:25:00.440,3.453,11100
2020-10-19 09:25:00.440,3.453,13800
2020-10-19 09:25:00.440,3.453,17100
2020-10-19 09:25:00.440,3.453,10000
2020-10-19 09:25:00.440,3.453,21900
2020-10-19 09:25:00.440,3.453,42400
2020-10-19 09:25:00.440,3.453,5000
2020-10-19 09:25:00.440,3.453,200
2020-10-19 09:25:00.440,3.453,100
2020-10-19 09:25:00.440,3.453,2300
2020-10-19 09:25:00.440,3.453,4100
2020-10-19 09:25:00.440,3.453,5000
2020-10-19 09:25:00.440,3.453,900
2020-10-19 09:25:00.440,3.453,9100
2020-10-19 09:25:00.440,3.453,1000
2020-10-19 09:25:00.440,3.453,5000
2020-10-19 09:25:00.440,3.453,200
2020-10-19 09:25:00.440,3.453,2000
2020-10-19 09:25:00.440,3.453,100
2020-10-19 09:25:00.440,3.453,500
2020-10-19 09:25:00.440,3.453,1000
2020-10-19 09:25:00.440,3.453,10000
2020-10-19 09:25:00.440,3.453,200
2020-10-19 09:25:00.440,3.453,10000
2020-10-19 09:25:00.440,3.453,7600
2020-10-19 09:25:00.440,3.453,800
2020-10-19 09:25:00.440,3.453,5000
2020-10-19 09:25:00.440,3.453,2900
2020-10-19 09:25:00.440,3.453,11000
2020-10-19 09:25:00.440,3.453,7000
2020-10-19 09:25:00.440,3.453,100
2020-10-19 09:25:00.440,3.453,6000
2020-10-19 09:25:00.440,3.453,1000
2020-10-19 09:25:00.440,3.453,2500
2020-10-19 09:25:00.440,3.453,5000
2020-10-19 09:25:00.440,3.453,5000
2020-10-19 09:25:00.440,3.453,8500
2020-10-19 09:25:00.440,3.453,4000
2020-10-19 09:25:00.440,3.453,10000
2020-10-19 09:25:00.440,3.453,600
2020-10-19 09:25:00.440,3.453,1000
2020-10-19 09:25:00.440,3.453,20000
2020-10-19 09:25:00.440,3.453,15000
2020-10-19 09:25:00.440,3.453,5000
2020-10-19 09:25:00.440,3.453,10000
2020-10-19 09:25:00.440,3.453,100
2020-10-19 09:25:00.440,3.453,20000
2020-10-19 09:25:00.440,3.453,5100
2020-10-19 09:25:00.440,3.453,700
2020-10-19 09:25:00.440,3.453,2100
2020-10-19 09:25:00.440,3.453,1000
2020-10-19 09:25:00.440,3.453,28700
2020-10-19 09:25:00.440,3.453,100
2020-10-19 09:25:00.440,3.453,1000
2020-10-19 09:25:00.440,3.453,15000
2020-10-19 09:25:00.440,3.453,30000
2020-10-19 09:25:00.440,3.453,5000
2020-10-19 09:25:00.440,3.453,6000
2020-10-19 09:25:00.440,3.453,1000
2020-10-19 09:25:00.440,3.453,1000
2020-10-19 09:25:00.440,3.453,300
2020-10-19 09:25:00.440,3.453,5000
2020-10-19 09:25:00.440,3.453,10000
2020-10-19 09:25:00.440,3.453,800
2020-10-19 09:25:00.440,3.453,4200
2020-10-19 09:25:00.440,3.453,5000
2020-10-19 09:25:00.440,3.453,100
2020-10-19 09:25:00.440,3.453,10000
2020-10-19 09:25:00.440,3.453,2000
2020-10-19 09:25:00.440,3.453,2000
2020-10-19 09:25:00.440,3.453,5000
2020-10-19 09:25:00.440,3.453,2000
2020-10-19 09:25:00.440,3.453,600
2020-10-19 09:25:00.440,3.453,100
2020-10-19 09:25:00.440,3.453,400
2020-10-19 09:25:00.440,3.453,1000
2020-10-19 09:25:00.440,3.453,300
2020-10-19 09:25:00.440,3.453,28300
2020-10-19 09:25:00.440,3.453,271700
2020-10-19 09:25:00.440,3.453,200
2020-10-19 09:25:00.440,3.453,1500
2020-10-19 09:25:00.440,3.453,2000
2020-10-19 09:25:00.440,3.453,2000
2020-10-19 09:25:00.440,3.453,12800
2020-10-19 09:25:00.440,3.453,400
2020-10-19 09:25:00.440,3.453,300
2020-10-19 09:25:00.440,3.453,9100
2020-10-19 09:25:00.440,3.453,900
2020-10-19 09:25:00.440,3.453,600
2020-10-19 09:25:00.440,3.453,7000
2020-10-19 09:25:00.440,3.453,400
2020-10-19 09:25:00.440,3.453,1600
2020-10-19 09:25:00.440,3.453,3000
2020-10-19 09:25:00.440,3.453,600
2020-10-19 09:25:00.440,3.453,1000
2020-10-19 09:25:00.440,3.453,1000
2020-10-19 09:25:00.440,3.453,23600
2020-10-19 09:25:00.440,3.453,20000
2020-10-19 09:25:00.440,3.453,7000
2020-10-19 09:25:00.440,3.453,10000
2020-10-19 09:25:00.440,3.453,2200
2020-10-19 09:25:00.440,3.453,9800
2020-10-19 09:25:00.440,3.453,5000
2020-10-19 09:25:00.440,3.453,5000
2020-10-19 09:25:00.440,3.453,200
2020-10-19 09:25:00.440,3.453,400
2020-10-19 09:25:00.440,3.453,1000
2020-10-19 09:25:00.440,3.453,10000
2020-10-19 09:25:00.440,3.453,2600
2020-10-19 09:25:00.440,3.453,7000
2020-10-19 09:25:00.440,3.453,15000
2020-10-19 09:30:00.180,3.453,264000
2020-10-19 09:30:00.180,3.453,36000
2020-10-19 09:30:00.290,3.453,102800
2020-10-19 09:30:00.320,3.454,5000
2020-10-19 09:30:00.320,3.454,1000
2020-10-19 09:30:00.320,3.454,4000
2020-10-19 09:30:00.360,3.454,1000
2020-10-19 09:30:00.360,3.454,200
2020-10-19 09:30:00.360,3.454,8800
2020-10-19 09:30:00.360,3.454,1000
2020-10-19 09:30:00.400,3.454,200
2020-10-19 09:30:00.400,3.454,300
2020-10-19 09:30:00.450,3.453,80000
2020-10-19 09:30:00.520,3.453,15000
2020-10-19 09:30:00.520,3.454,500
2020-10-19 09:30:00.520,3.453,400
2020-10-19 09:30:00.520,3.453,2000
2020-10-19 09:30:00.520,3.454,300
2020-10-19 09:30:00.620,3.454,5900
2020-10-19 09:30:00.620,3.454,14100
2020-10-19 09:30:00.620,3.454,3500
2020-10-19 09:30:00.620,3.454,5000
2020-10-19 09:30:00.620,3.454,1500
2020-10-19 09:30:00.620,3.454,200
2020-10-19 09:30:00.620,3.453,5000
2020-10-19 09:30:00.620,3.454,78900
2020-10-19 09:30:00.730,3.454,19400
2020-10-19 09:30:00.730,3.454,13600
2020-10-19 09:30:00.730,3.454,5000
2020-10-19 09:30:00.730,3.454,20900
2020-10-19 09:30:00.730,3.454,9600
2020-10-19 09:30:00.730,3.454,100
2020-10-19 09:30:00.730,3.454,5300
2020-10-19 09:30:00.730,3.454,100
2020-10-19 09:30:00.730,3.454,500
2020-10-19 09:30:00.730,3.455,4200
2020-10-19 09:30:00.730,3.455,5100
2020-10-19 09:30:00.730,3.455,500
2020-10-19 09:30:00.730,3.455,100
2020-10-19 09:30:00.730,3.455,2100
2020-10-19 09:30:00.730,3.455,1000
2020-10-19 09:30:00.730,3.455,3000
2020-10-19 09:30:00.730,3.455,7000
2020-10-19 09:30:00.730,3.455,100
2020-10-19 09:30:00.730,3.455,1000
2020-10-19 09:30:00.730,3.455,2000
2020-10-19 09:30:00.730,3.455,3900
2020-10-19 09:30:00.810,3.454,46300
2020-10-19 09:30:00.810,3.454,500
2020-10-19 09:30:00.890,3.455,1000
2020-10-19 09:30:00.890,3.454,100
2020-10-19 09:30:00.980,3.454,300
2020-10-19 09:30:00.980,3.454,9700
2020-10-19 09:30:00.980,3.454,5000
2020-10-19 09:30:01.030,3.455,100
2020-10-19 09:30:01.090,3.454,10000
2020-10-19 09:30:01.090,3.454,100
2020-10-19 09:30:01.250,3.454,1000
2020-10-19 09:30:01.330,3.454,21100
2020-10-19 09:30:01.330,3.454,5000
2020-10-19 09:30:01.330,3.454,3000
2020-10-19 09:30:01.330,3.454,1000
2020-10-19 09:30:01.330,3.454,3000
2020-10-19 09:30:01.330,3.454,10000
2020-10-19 09:30:01.330,3.454,16900
2020-10-19 09:30:01.370,3.455,100
2020-10-19 09:30:01.370,3.454,3000
2020-10-19 09:30:01.420,3.454,30100
2020-10-19 09:30:01.420,3.454,300
2020-10-19 09:30:01.420,3.454,14500
2020-10-19 09:30:01.420,3.454,5100
2020-10-19 09:30:01.510,3.454,200
2020-10-19 09:30:01.510,3.455,16900
2020-10-19 09:30:01.510,3.455,200
2020-10-19 09:30:01.510,3.455,22700
2020-10-19 09:30:01.700,3.455,20000
2020-10-19 09:30:01.760,3.454,2000
2020-10-19 09:30:01.760,3.455,2000
2020-10-19 09:30:01.760,3.454,100
2020-10-19 09:30:01.800,3.455,5900
2020-10-19 09:30:01.800,3.455,1800
2020-10-19 09:30:01.800,3.454,4600
2020-10-19 09:30:01.800,3.454,2800
2020-10-19 09:30:01.800,3.454,2600
2020-10-19 09:30:01.800,3.455,5500
2020-10-19 09:30:01.800,3.455,2300
2020-10-19 09:30:01.800,3.455,600
2020-10-19 09:30:01.800,3.455,1600
2020-10-19 09:30:01.800,3.454,1000
2020-10-19 09:30:01.860,3.454,100
2020-10-19 09:30:01.860,3.454,4400
2020-10-19 09:30:01.860,3.454,100
2020-10-19 09:30:01.860,3.454,1700
2020-10-19 09:30:01.860,3.454,8300
2020-10-19 09:30:01.860,3.454,6700
2020-10-19 09:30:01.860,3.455,4000
2020-10-19 09:30:01.920,3.454,2400
2020-10-19 09:30:01.970,3.455,500
2020-10-19 09:30:02.030,3.454,5600
2020-10-19 09:30:02.030,3.454,4000
2020-10-19 09:30:02.170,3.455,400
2020-10-19 09:30:02.170,3.455,600
2020-10-19 09:30:02.220,3.454,600
2020-10-19 09:30:02.220,3.454,3500
2020-10-19 09:30:02.220,3.455,5000
2020-10-19 09:30:02.220,3.454,3000
2020-10-19 09:30:02.340,3.454,500
2020-10-19 09:30:02.340,3.454,13000
2020-10-19 09:30:02.340,3.454,30000
2020-10-19 09:30:02.340,3.454,2100
2020-10-19 09:30:02.340,3.454,3500
2020-10-19 09:30:02.340,3.454,51600
2020-10-19 09:30:02.340,3.454,15000
2020-10-19 09:30:02.340,3.454,1000
2020-10-19 09:30:02.340,3.454,300
2020-10-19 09:30:02.340,3.454,30000
2020-10-19 09:30:02.340,3.454,14800
2020-10-19 09:30:02.340,3.454,8800
2020-10-19 09:30:02.340,3.454,3000
2020-10-19 09:30:02.340,3.454,1000
2020-10-19 09:30:02.340,3.454,9200
2020-10-19 09:30:02.340,3.453,180000
2020-10-19 09:30:02.340,3.453,6000
2020-10-19 09:30:02.340,3.453,7000
2020-10-19 09:30:02.340,3.453,2900
2020-10-19 09:30:02.340,3.453,5000
2020-10-19 09:30:02.340,3.453,10000
2020-10-19 09:30:02.340,3.453,100
2020-10-19 09:30:02.340,3.453,2300
2020-10-19 09:30:02.340,3.453,100
2020-10-19 09:30:02.340,3.453,1000
2020-10-19 09:30:02.340,3.453,10000
2020-10-19 09:30:02.340,3.453,15000
2020-10-19 09:30:02.340,3.453,800
2020-10-19 09:30:02.340,3.453,1000
2020-10-19 09:30:02.400,3.453,200
2020-10-19 09:30:02.400,3.452,10000
2020-10-19 09:30:02.400,3.453,30000
2020-10-19 09:30:02.400,3.453,100
2020-10-19 09:30:02.480,3.452,400
2020-10-19 09:30:02.480,3.453,145200
2020-10-19 09:30:02.480,3.453,1000
2020-10-19 09:30:02.480,3.453,1000
2020-10-19 09:30:02.480,3.454,10000
2020-10-19 09:30:02.480,3.455,2900
2020-10-19 09:30:02.480,3.455,500
2020-10-19 09:30:02.480,3.455,2000
2020-10-19 09:30:02.480,3.455,1500
2020-10-19 09:30:02.480,3.455,10000
2020-10-19 09:30:02.480,3.456,300
2020-10-19 09:30:02.480,3.456,200
2020-10-19 09:30:02.480,3.456,3000
2020-10-19 09:30:02.480,3.456,3000
2020-10-19 09:30:02.480,3.456,3500
2020-10-19 09:30:02.480,3.456,1000
2020-10-19 09:30:02.480,3.456,1000
2020-10-19 09:30:02.480,3.456,7000
2020-10-19 09:30:02.480,3.456,79100
2020-10-19 09:30:02.480,3.456,10000
2020-10-19 09:30:02.480,3.456,10000
2020-10-19 09:30:02.530,3.456,1500
2020-10-19 09:30:02.580,3.457,2000
2020-10-19 09:30:02.580,3.456,5600
2020-10-19 09:30:02.680,3.456,100
2020-10-19 09:30:02.680,3.456,22800
2020-10-19 09:30:02.680,3.454,10700
2020-10-19 09:30:02.680,3.454,1000
2020-10-19 09:30:02.680,3.454,29000
2020-10-19 09:30:02.680,3.454,1000
2020-10-19 09:30:02.680,3.453,9900
2020-10-19 09:30:02.750,3.453,1000
2020-10-19 09:30:02.920,3.454,500
2020-10-19 09:30:02.970,3.456,2000
2020-10-19 09:30:02.970,3.454,500
2020-10-19 09:30:02.970,3.454,2500
2020-10-19 09:30:02.970,3.455,100
2020-10-19 09:30:03.050,3.455,19900
2020-10-19 09:30:03.050,3.457,7000
2020-10-19 09:30:03.050,3.457,2000
2020-10-19 09:30:03.050,3.457,1000
2020-10-19 09:30:03.050,3.457,20000
2020-10-19 09:30:03.050,3.457,7000
2020-10-19 09:30:03.050,3.457,20900
2020-10-19 09:30:03.100,3.455,19000
2020-10-19 09:30:03.100,3.454,500
2020-10-19 09:30:03.100,3.454,2300
2020-10-19 09:30:03.100,3.454,3200
2020-10-19 09:30:03.180,3.455,7300
2020-10-19 09:30:03.180,3.457,15000
2020-10-19 09:30:03.230,3.455,200
2020-10-19 09:30:03.340,3.455,100
2020-10-19 09:30:03.340,3.455,2000
2020-10-19 09:30:03.380,3.456,1000
2020-10-19 09:30:03.490,3.456,5000
2020-10-19 09:30:03.680,3.457,2000
2020-10-19 09:30:03.680,3.456,10000
2020-10-19 09:30:03.880,3.456,5000
2020-10-19 09:30:03.990,3.457,1600
2020-10-19 09:30:03.990,3.457,13400
2020-10-19 09:30:03.990,3.456,8000
2020-10-19 09:30:03.990,3.456,10000
2020-10-19 09:30:03.990,3.455,20400
2020-10-19 09:30:03.990,3.455,10600
2020-10-19 09:30:04.180,3.455,100
2020-10-19 09:30:04.370,3.457,1600
2020-10-19 09:30:04.370,3.457,100
2020-10-19 09:30:04.370,3.457,500
2020-10-19 09:30:04.370,3.458,11000
2020-10-19 09:30:04.370,3.458,200
2020-10-19 09:30:04.370,3.458,1000
2020-10-19 09:30:04.370,3.455,33000
2020-10-19 09:30:04.370,3.455,100
2020-10-19 09:30:04.370,3.455,600
2020-10-19 09:30:04.420,3.456,2000
2020-10-19 09:30:04.580,3.456,100
2020-10-19 09:30:04.690,3.456,3000
2020-10-19 09:30:04.690,3.456,6400
2020-10-19 09:30:04.910,3.456,100
2020-10-19 09:30:05.020,3.456,900
2020-10-19 09:30:05.210,3.456,7900
2020-10-19 09:30:05.400,3.456,19400
2020-10-19 09:30:05.400,3.456,200
2020-10-19 09:30:05.400,3.456,2800
2020-10-19 09:30:05.400,3.456,24000
2020-10-19 09:30:05.400,3.456,500
2020-10-19 09:30:05.430,3.456,2700
2020-10-19 09:30:05.430,3.456,30000
2020-10-19 09:30:05.430,3.456,1000
2020-10-19 09:30:05.430,3.455,55600
2020-10-19 09:30:05.430,3.455,3000
2020-10-19 09:30:05.430,3.455,7700
2020-10-19 09:30:05.430,3.455,5000
2020-10-19 09:30:05.500,3.457,100
2020-10-19 09:30:05.500,3.458,11000
2020-10-19 09:30:05.500,3.458,600
2020-10-19 09:30:05.640,3.455,4700
2020-10-19 09:30:05.640,3.455,5300
2020-10-19 09:30:05.670,3.455,100
2020-10-19 09:30:05.670,3.458,600
2020-10-19 09:30:06.010,3.455,2600
2020-10-19 09:30:06.320,3.456,200
2020-10-19 09:30:06.320,3.455,400
2020-10-19 09:30:06.640,3.455,21600
2020-10-19 09:30:06.640,3.455,11700
2020-10-19 09:30:06.640,3.456,100
2020-10-19 09:30:06.710,3.456,100
2020-10-19 09:30:06.750,3.456,1500
2020-10-19 09:30:07.140,3.456,1000
2020-10-19 09:30:07.360,3.456,2300
2020-10-19 09:30:07.360,3.456,40000
2020-10-19 09:30:07.360,3.456,2000
2020-10-19 09:30:07.360,3.455,18300
2020-10-19 09:30:07.360,3.455,1200
2020-10-19 09:30:07.360,3.455,800
2020-10-19 09:30:07.360,3.455,169100
2020-10-19 09:30:07.680,3.455,500
2020-10-19 09:30:07.750,3.455,2600
2020-10-19 09:30:07.820,3.456,1400
2020-10-19 09:30:07.820,3.457,600
2020-10-19 09:30:07.820,3.458,2500
2020-10-19 09:30:08.120,3.457,1500
2020-10-19 09:30:09.120,3.457,5000
2020-10-19 09:30:09.960,3.458,6300
2020-10-19 09:30:09.960,3.458,3000
2020-10-19 09:30:09.960,3.458,1500
2020-10-19 09:30:09.960,3.458,1500
2020-10-19 09:30:09.960,3.458,500
2020-10-19 09:30:09.960,3.458,11500
2020-10-19 09:30:09.960,3.458,5000
2020-10-19 09:30:09.960,3.458,7000
2020-10-19 09:30:09.960,3.458,15000
2020-10-19 09:30:09.960,3.458,2000
2020-10-19 09:30:09.960,3.458,46700
2020-10-19 09:30:10.030,3.457,1000
2020-10-19 09:30:10.470,3.458,17300
2020-10-19 09:30:10.470,3.458,1000
2020-10-19 09:30:10.470,3.458,1500
2020-10-19 09:30:10.470,3.458,100
2020-10-19 09:30:10.470,3.458,10000
2020-10-19 09:30:10.470,3.458,100
2020-10-19 09:30:10.970,3.457,200
2020-10-19 09:30:11.840,3.458,4900
2020-10-19 09:30:11.840,3.458,5000
2020-10-19 09:30:11.840,3.458,20100
2020-10-19 09:30:11.870,3.458,19900
2020-10-19 09:30:11.870,3.458,1000
2020-10-19 09:30:11.870,3.458,5000
2020-10-19 09:30:11.870,3.458,5400
2020-10-19 09:30:11.870,3.458,30000
2020-10-19 09:30:11.870,3.458,8700
2020-10-19 09:30:12.200,3.458,1300
2020-10-19 09:30:12.200,3.458,500
2020-10-19 09:30:12.200,3.458,1000
2020-10-19 09:30:12.200,3.458,2000
2020-10-19 09:30:12.200,3.458,1000
2020-10-19 09:30:12.400,3.459,100
2020-10-19 09:30:12.880,3.458,10000
2020-10-19 09:30:13.030,3.459,4900
2020-10-19 09:30:13.030,3.459,1900
2020-10-19 09:30:13.030,3.459,1000
2020-10-19 09:30:13.030,3.459,1000
2020-10-19 09:30:13.030,3.459,6000
2020-10-19 09:30:13.030,3.459,5000
2020-10-19 09:30:13.030,3.459,300
2020-10-19 09:30:13.030,3.459,1000
2020-10-19 09:30:13.030,3.459,300
2020-10-19 09:30:13.030,3.459,1000
2020-10-19 09:30:13.030,3.459,18000
2020-10-19 09:30:13.030,3.459,10000
2020-10-19 09:30:13.030,3.459,3000
2020-10-19 09:30:13.030,3.459,1000
2020-10-19 09:30:13.030,3.459,7000
2020-10-19 09:30:13.030,3.459,32000
2020-10-19 09:30:13.030,3.459,10000
2020-10-19 09:30:13.030,3.459,5000
2020-10-19 09:30:13.030,3.459,3000
2020-10-19 09:30:13.030,3.459,8800
2020-10-19 09:30:13.030,3.459,500
2020-10-19 09:30:13.030,3.459,10000
2020-10-19 09:30:13.030,3.459,2000
2020-10-19 09:30:13.030,3.459,10000
2020-10-19 09:30:13.030,3.459,20000
2020-10-19 09:30:13.030,3.459,10000
2020-10-19 09:30:13.030,3.459,1500
2020-10-19 09:30:13.030,3.459,5100
2020-10-19 09:30:13.770,3.459,3000
2020-10-19 09:30:13.890,3.459,5600
2020-10-19 09:30:14.900,3.46,3200
2020-10-19 09:30:14.900,3.46,3100
2020-10-19 09:30:14.900,3.46,2000
2020-10-19 09:30:14.900,3.46,100
2020-10-19 09:30:14.900,3.46,1300
2020-10-19 09:30:14.900,3.46,1200
2020-10-19 09:30:14.900,3.46,9100
2020-10-19 09:30:15.020,3.459,100
2020-10-19 09:30:15.110,3.459,10000
2020-10-19 09:30:15.140,3.46,14400
2020-10-19 09:30:15.140,3.46,200
2020-10-19 09:30:15.140,3.46,10000
2020-10-19 09:30:15.140,3.46,6000
2020-10-19 09:30:15.140,3.46,100
2020-10-19 09:30:15.140,3.46,1200
2020-10-19 09:30:15.140,3.46,4000
2020-10-19 09:30:15.140,3.46,8000
2020-10-19 09:30:15.140,3.46,2000
2020-10-19 09:30:15.140,3.46,10000
2020-10-19 09:30:15.140,3.46,3500
2020-10-19 09:30:15.140,3.46,10000
2020-10-19 09:30:15.140,3.46,8700
2020-10-19 09:30:15.140,3.46,10000
2020-10-19 09:30:15.140,3.46,1000
2020-10-19 09:30:15.140,3.46,500
2020-10-19 09:30:15.140,3.46,1000
2020-10-19 09:30:15.140,3.46,6000
2020-10-19 09:30:15.140,3.46,14900
2020-10-19 09:30:15.140,3.46,500
2020-10-19 09:30:15.140,3.46,4700
2020-10-19 09:30:15.280,3.46,2300
2020-10-19 09:30:15.280,3.46,200
2020-10-19 09:30:15.280,3.46,2000
2020-10-19 09:30:15.280,3.46,900
2020-10-19 09:30:15.280,3.46,1000
2020-10-19 09:30:15.280,3.46,10000
2020-10-19 09:30:15.280,3.46,13600
2020-10-19 09:30:15.560,3.459,1500
2020-10-19 09:30:15.620,3.46,6400
2020-10-19 09:30:15.620,3.46,5000
2020-10-19 09:30:15.620,3.46,1000
2020-10-19 09:30:15.620,3.46,500
2020-10-19 09:30:15.620,3.46,6000
2020-10-19 09:30:15.620,3.46,100
2020-10-19 09:30:15.620,3.46,20000
2020-10-19 09:30:15.620,3.46,3500
2020-10-19 09:30:15.620,3.46,2000
2020-10-19 09:30:15.620,3.46,10000
2020-10-19 09:30:15.620,3.46,2500
2020-10-19 09:30:15.620,3.46,2000
2020-10-19 09:30:15.620,3.46,200
2020-10-19 09:30:15.620,3.46,23900
2020-10-19 09:30:15.620,3.46,10000
2020-10-19 09:30:15.620,3.46,1000
2020-10-19 09:30:15.620,3.46,500
2020-10-19 09:30:15.620,3.46,2500
2020-10-19 09:30:15.620,3.46,1000
2020-10-19 09:30:15.620,3.46,1500
2020-10-19 09:30:15.620,3.46,5000
2020-10-19 09:30:15.620,3.46,10000
2020-10-19 09:30:15.620,3.46,3000
2020-10-19 09:30:15.620,3.46,20800
2020-10-19 09:30:15.620,3.46,900
2020-10-19 09:30:15.690,3.46,900
2020-10-19 09:30:16.030,3.46,100
2020-10-19 09:30:16.190,3.46,10000
2020-10-19 09:30:16.190,3.46,100
2020-10-19 09:30:16.350,3.46,15000
2020-10-19 09:30:16.410,3.46,30000
2020-10-19 09:30:16.990,3.461,100
2020-10-19 09:30:16.990,3.461,500
2020-10-19 09:30:16.990,3.461,500
2020-10-19 09:30:16.990,3.461,600
2020-10-19 09:30:17.080,3.46,100
2020-10-19 09:30:17.260,3.46,5000
2020-10-19 09:30:17.500,3.46,1000
2020-10-19 09:30:17.830,3.46,2000
2020-10-19 09:30:17.980,3.46,6000
2020-10-19 09:30:18.400,3.46,4000
2020-10-19 09:30:19.080,3.46,100
2020-10-19 09:30:19.670,3.461,600
2020-10-19 09:30:19.670,3.461,200
2020-10-19 09:30:19.670,3.461,700
2020-10-19 09:30:19.700,3.46,2000
2020-10-19 09:30:20.010,3.46,4100
2020-10-19 09:30:20.010,3.46,200
2020-10-19 09:30:20.100,3.461,6300
2020-10-19 09:30:20.100,3.461,5000
2020-10-19 09:30:20.100,3.461,4300
2020-10-19 09:30:20.100,3.461,4800
2020-10-19 09:30:20.100,3.461,400
2020-10-19 09:30:20.100,3.461,500
2020-10-19 09:30:20.100,3.461,8700
2020-10-19 09:30:20.250,3.461,1300
2020-10-19 09:30:20.250,3.461,4600
2020-10-19 09:30:20.250,3.461,4300
2020-10-19 09:30:20.250,3.461,14400
2020-10-19 09:30:20.250,3.461,5400
2020-10-19 09:30:20.290,3.461,4600
2020-10-19 09:30:20.290,3.461,5400
2020-10-19 09:30:20.660,3.46,2000
2020-10-19 09:30:21.150,3.461,4600
2020-10-19 09:30:21.150,3.461,200
2020-10-19 09:30:21.150,3.461,1000
2020-10-19 09:30:21.640,3.461,2000
2020-10-19 09:30:21.730,3.462,3000
2020-10-19 09:30:21.730,3.462,1000
2020-10-19 09:30:21.730,3.462,500
2020-10-19 09:30:21.730,3.462,1500
2020-10-19 09:30:21.730,3.462,1500
2020-10-19 09:30:21.730,3.462,100
2020-10-19 09:30:21.730,3.462,30600
2020-10-19 09:30:21.730,3.462,1800
2020-10-19 09:30:22.300,3.462,3200
2020-10-19 09:30:22.300,3.462,20000
2020-10-19 09:30:22.300,3.462,6800
2020-10-19 09:30:22.520,3.461,1000
2020-10-19 09:30:22.840,3.461,2000
2020-10-19 09:30:23.080,3.461,900
2020-10-19 09:30:23.160,3.461,100
2020-10-19 09:30:23.770,3.461,2000
2020-10-19 09:30:23.980,3.461,5000
2020-10-19 09:30:23.980,3.461,1000
2020-10-19 09:30:24.200,3.461,500
2020-10-19 09:30:24.280,3.461,9700
2020-10-19 09:30:24.280,3.461,10300
2020-10-19 09:30:24.630,3.461,800
2020-10-19 09:30:24.800,3.462,8000
2020-10-19 09:30:24.980,3.461,2000
2020-10-19 09:30:25.070,3.461,12500
2020-10-19 09:30:25.200,3.461,10000
2020-10-19 09:30:25.380,3.461,4400
2020-10-19 09:30:25.380,3.461,30000
2020-10-19 09:30:25.380,3.461,265700
2020-10-19 09:30:26.170,3.461,32800
2020-10-19 09:30:26.360,3.461,1500
2020-10-19 09:30:26.360,3.461,500
2020-10-19 09:30:27.080,3.461,1000
2020-10-19 09:30:27.580,3.461,28500
2020-10-19 09:30:27.580,3.461,57800
2020-10-19 09:30:28.700,3.462,200
2020-10-19 09:30:28.700,3.462,3100
2020-10-19 09:30:29.910,3.462,2000
2020-10-19 09:30:29.940,3.461,1000
2020-10-19 09:30:29.970,3.461,29000
2020-10-19 09:30:29.970,3.461,57800
2020-10-19 09:30:30.980,3.462,100
2020-10-19 09:30:32.000,3.461,1000
2020-10-19 09:30:32.060,3.462,1800
2020-10-19 09:30:32.060,3.462,4300
2020-10-19 09:30:32.060,3.462,3900
2020-10-19 09:30:32.190,3.462,2000
2020-10-19 09:30:32.310,3.461,2000
2020-10-19 09:30:32.710,3.461,8800
2020-10-19 09:30:32.740,3.461,3000
2020-10-19 09:30:33.140,3.461,4500
2020-10-19 09:30:33.170,3.461,15500
2020-10-19 09:30:33.720,3.461,4000
2020-10-19 09:30:34.270,3.462,3000
2020-10-19 09:30:34.420,3.461,10000
2020-10-19 09:30:34.540,3.462,1100
2020-10-19 09:30:34.540,3.462,100
2020-10-19 09:30:34.540,3.462,12200
2020-10-19 09:30:34.540,3.462,300
2020-10-19 09:30:34.540,3.462,10000
2020-10-19 09:30:34.540,3.462,100
2020-10-19 09:30:34.540,3.462,2000
2020-10-19 09:30:34.540,3.462,10000
2020-10-19 09:30:34.540,3.462,3900
2020-10-19 09:30:34.870,3.462,1400
2020-10-19 09:30:35.290,3.462,1000
2020-10-19 09:30:35.520,3.462,50000
2020-10-19 09:30:35.790,3.462,30000
2020-10-19 09:30:36.200,3.462,8000
2020-10-19 09:30:36.420,3.462,2600
2020-10-19 09:30:36.570,3.462,97200
2020-10-19 09:30:36.570,3.462,10000
2020-10-19 09:30:36.570,3.462,100
2020-10-19 09:30:36.570,3.463,11000
2020-10-19 09:30:36.570,3.463,5000
2020-10-19 09:30:36.570,3.463,15000
2020-10-19 09:30:36.570,3.463,2000
2020-10-19 09:30:36.570,3.463,10000
2020-10-19 09:30:36.570,3.463,6800
2020-10-19 09:30:36.570,3.463,4300
2020-10-19 09:30:36.570,3.463,10000
2020-10-19 09:30:36.570,3.463,4800
2020-10-19 09:30:36.570,3.463,1000
2020-10-19 09:30:36.570,3.463,4700
2020-10-19 09:30:36.570,3.463,4400
2020-10-19 09:30:36.570,3.463,3000
2020-10-19 09:30:36.570,3.463,2000
2020-10-19 09:30:36.570,3.463,5000
2020-10-19 09:30:36.570,3.464,3100
2020-10-19 09:30:36.570,3.464,100
2020-10-19 09:30:36.570,3.464,200
2020-10-19 09:30:36.570,3.464,3400
2020-10-19 09:30:36.570,3.464,3000
2020-10-19 09:30:36.570,3.464,21000
2020-10-19 09:30:36.570,3.464,3400
2020-10-19 09:30:36.570,3.464,100
2020-10-19 09:30:36.570,3.464,1000
2020-10-19 09:30:36.570,3.464,7000
2020-10-19 09:30:36.570,3.464,5000
2020-10-19 09:30:36.570,3.464,500
2020-10-19 09:30:36.570,3.465,5000
2020-10-19 09:30:36.570,3.465,300
2020-10-19 09:30:36.570,3.465,100
2020-10-19 09:30:36.570,3.465,2000
2020-10-19 09:30:36.570,3.465,1100
2020-10-19 09:30:36.570,3.465,10000
2020-10-19 09:30:36.570,3.465,9200
2020-10-19 09:30:36.570,3.465,2000
2020-10-19 09:30:36.570,3.465,2000
2020-10-19 09:30:36.570,3.465,2000
2020-10-19 09:30:36.570,3.465,5000
2020-10-19 09:30:36.570,3.465,12000
2020-10-19 09:30:36.570,3.465,1000
2020-10-19 09:30:36.570,3.465,100
2020-10-19 09:30:36.570,3.465,2000
2020-10-19 09:30:36.570,3.465,2100
2020-10-19 09:30:36.760,3.464,500
2020-10-19 09:30:36.920,3.464,1000
2020-10-19 09:30:37.290,3.464,2400
2020-10-19 09:30:37.490,3.464,50000
2020-10-19 09:30:37.580,3.464,180000
2020-10-19 09:30:38.190,3.463,100
2020-10-19 09:30:38.220,3.463,33000
2020-10-19 09:30:38.500,3.463,1000
2020-10-19 09:30:39.090,3.463,3000
2020-10-19 09:30:39.090,3.463,500
2020-10-19 09:30:39.220,3.463,2000
2020-10-19 09:30:39.440,3.463,9600
2020-10-19 09:30:39.590,3.463,1000
2020-10-19 09:30:39.780,3.463,100000
2020-10-19 09:30:40.520,3.463,2000
2020-10-19 09:30:40.560,3.463,2000
2020-10-19 09:30:40.740,3.463,5000
2020-10-19 09:30:41.100,3.464,700
2020-10-19 09:30:41.100,3.465,2000
2020-10-19 09:30:41.160,3.463,5000
2020-10-19 09:30:41.320,3.463,3000
2020-10-19 09:30:41.880,3.463,100
2020-10-19 09:30:41.880,3.463,100
2020-10-19 09:30:41.880,3.463,4000
2020-10-19 09:30:41.880,3.462,1400
2020-10-19 09:30:41.880,3.462,14400
2020-10-19 09:30:44.150,3.462,4300
2020-10-19 09:30:44.580,3.462,1000
2020-10-19 09:30:45.150,3.462,200
2020-10-19 09:30:45.310,3.463,7800
2020-10-19 09:30:45.310,3.463,7700
2020-10-19 09:30:46.200,3.464,1000
2020-10-19 09:30:46.200,3.464,10000
2020-10-19 09:30:46.200,3.464,9000
2020-10-19 09:30:47.010,3.464,200
2020-10-19 09:30:47.160,3.463,200
2020-10-19 09:30:47.250,3.464,3000
2020-10-19 09:30:47.350,3.464,600
2020-10-19 09:30:47.410,3.463,2000
2020-10-19 09:30:48.100,3.464,3600
2020-10-19 09:30:48.250,3.463,100
2020-10-19 09:30:48.250,3.463,26688
2020-10-19 09:30:48.630,3.463,1000
2020-10-19 09:30:48.690,3.463,15000
2020-10-19 09:30:48.690,3.463,3000
2020-10-19 09:30:49.060,3.464,100000
2020-10-19 09:30:50.040,3.463,13900
2020-10-19 09:30:50.140,3.463,1200
2020-10-19 09:30:50.390,3.463,10000
2020-10-19 09:30:50.800,3.463,15000
2020-10-19 09:30:51.020,3.463,9900
2020-10-19 09:30:51.850,3.464,1000
2020-10-19 09:30:52.120,3.464,30000
2020-10-19 09:30:52.150,3.463,1000
2020-10-19 09:30:52.150,3.463,4100
2020-10-19 09:30:52.600,3.464,10000
2020-10-19 09:30:52.930,3.463,2800
2020-10-19 09:30:53.270,3.463,1000
2020-10-19 09:30:53.660,3.463,20000
2020-10-19 09:30:54.660,3.463,700
2020-10-19 09:30:54.810,3.463,20800
2020-10-19 09:30:54.810,3.463,9200
2020-10-19 09:30:55.300,3.463,800
2020-10-19 09:30:55.300,3.463,9200
2020-10-19 09:30:55.710,3.462,5000
2020-10-19 09:30:55.710,3.463,100
2020-10-19 09:30:55.890,3.463,1400
2020-10-19 09:30:56.130,3.463,2000
2020-10-19 09:30:56.130,3.463,24500
2020-10-19 09:30:56.130,3.463,262900
2020-10-19 09:30:56.130,3.463,15000
2020-10-19 09:30:56.130,3.463,2000
2020-10-19 09:30:56.130,3.463,200
2020-10-19 09:30:56.220,3.463,1000
2020-10-19 09:30:56.400,3.463,5000
2020-10-19 09:30:56.430,3.463,100
2020-10-19 09:30:56.520,3.463,10000
2020-10-19 09:30:56.710,3.463,100
2020-10-19 09:30:56.740,3.464,2000
2020-10-19 09:30:57.410,3.463,2800
2020-10-19 09:30:57.700,3.463,2400
2020-10-19 09:30:57.730,3.463,12900
2020-10-19 09:30:57.910,3.464,53800
2020-10-19 09:30:58.280,3.464,2800
2020-10-19 09:30:59.590,3.463,5000
2020-10-19 09:30:59.830,3.463,200
2020-10-19 09:31:00.200,3.464,2000
2020-10-19 09:31:00.270,3.463,30000
2020-10-19 09:31:00.910,3.464,3000
2020-10-19 09:31:01.150,3.463,9200
2020-10-19 09:31:01.150,3.463,100
2020-10-19 09:31:01.150,3.463,10000
2020-10-19 09:31:01.150,3.462,884000
2020-10-19 09:31:01.150,3.462,800
2020-10-19 09:31:01.530,3.462,100
2020-10-19 09:31:01.530,3.462,100
2020-10-19 09:31:01.860,3.462,90100
2020-10-19 09:31:01.860,3.462,300000
2020-10-19 09:31:01.860,3.462,20000
2020-10-19 09:31:01.860,3.462,10000
2020-10-19 09:31:01.860,3.462,10000
2020-10-19 09:31:01.860,3.462,300
2020-10-19 09:31:01.860,3.462,10000
2020-10-19 09:31:01.860,3.462,19900
2020-10-19 09:31:01.860,3.462,40000
2020-10-19 09:31:01.860,3.462,300000
2020-10-19 09:31:01.950,3.462,99900
2020-10-19 09:31:01.950,3.463,5600
2020-10-19 09:31:01.950,3.463,6200
2020-10-19 09:31:01.950,3.463,1000
2020-10-19 09:31:01.950,3.464,79000
2020-10-19 09:31:01.950,3.464,141200
2020-10-19 09:31:02.500,3.463,2000
2020-10-19 09:31:04.370,3.463,800
2020-10-19 09:31:04.650,3.462,20000
2020-10-19 09:31:04.680,3.463,2000
2020-10-19 09:31:04.680,3.463,100
2020-10-19 09:31:04.680,3.463,92300
2020-10-19 09:31:04.990,3.463,50000
2020-10-19 09:31:04.990,3.463,1000
2020-10-19 09:31:05.140,3.463,10000
2020-10-19 09:31:05.170,3.464,7600
2020-10-19 09:31:05.500,3.463,300
2020-10-19 09:31:05.630,3.463,144300
2020-10-19 09:31:05.630,3.463,40000
2020-10-19 09:31:05.630,3.463,200
2020-10-19 09:31:05.630,3.462,10000
2020-10-19 09:31:05.630,3.462,40000
2020-10-19 09:31:05.630,3.462,40000
2020-10-19 09:31:05.630,3.462,90100
2020-10-19 09:31:05.630,3.462,40000
2020-10-19 09:31:05.630,3.462,30000
2020-10-19 09:31:05.970,3.462,100000
2020-10-19 09:31:05.970,3.462,100000
2020-10-19 09:31:05.970,3.462,100000
2020-10-19 09:31:05.970,3.462,70000
2020-10-19 09:31:06.060,3.461,15000
2020-10-19 09:31:06.170,3.462,4000
2020-10-19 09:31:06.230,3.462,30000
2020-10-19 09:31:06.320,3.462,5000
2020-10-19 09:31:06.730,3.462,30000
2020-10-19 09:31:06.850,3.462,26400
2020-10-19 09:31:06.850,3.462,100
2020-10-19 09:31:06.850,3.462,1500
2020-10-19 09:31:07.680,3.463,1000
2020-10-19 09:31:07.680,3.464,299000
2020-10-19 09:31:08.260,3.463,1100
2020-10-19 09:31:08.290,3.463,17900
2020-10-19 09:31:08.730,3.464,5700
2020-10-19 09:31:09.250,3.463,22100
2020-10-19 09:31:09.250,3.463,30000
2020-10-19 09:31:09.310,3.463,1000
2020-10-19 09:31:09.340,3.463,2900
2020-10-19 09:31:09.340,3.464,27100
2020-10-19 09:31:09.500,3.464,2800
2020-10-19 09:31:09.800,3.464,20000
2020-10-19 09:31:10.030,3.464,2000
2020-10-19 09:31:10.300,3.463,1000
2020-10-19 09:31:10.500,3.463,1700
2020-10-19 09:31:11.540,3.463,10000
2020-10-19 09:31:11.770,3.463,5000
2020-10-19 09:31:11.920,3.464,50000
2020-10-19 09:31:11.920,3.464,70000
2020-10-19 09:31:11.920,3.464,100000
2020-10-19 09:31:11.920,3.464,100000
2020-10-19 09:31:11.920,3.464,74600
2020-10-19 09:31:11.920,3.464,10000
2020-10-19 09:31:11.920,3.464,5000
2020-10-19 09:31:11.920,3.464,1500
2020-10-19 09:31:11.920,3.464,2400
2020-10-19 09:31:11.920,3.464,6500
2020-10-19 09:31:12.070,3.464,40000
2020-10-19 09:31:12.100,3.463,500
2020-10-19 09:31:12.260,3.463,700
2020-10-19 09:31:13.180,3.463,2000
2020-10-19 09:31:13.390,3.463,279100
2020-10-19 09:31:13.390,3.463,40000
2020-10-19 09:31:13.390,3.463,300
2020-10-19 09:31:13.390,3.463,40000
2020-10-19 09:31:13.390,3.463,23800
2020-10-19 09:31:13.390,3.463,1000
2020-10-19 09:31:13.390,3.462,30000
2020-10-19 09:31:13.390,3.462,40000
2020-10-19 09:31:13.390,3.462,40000
2020-10-19 09:31:13.390,3.462,24200
2020-10-19 09:31:13.580,3.464,2300
2020-10-19 09:31:13.580,3.464,4700
2020-10-19 09:31:13.580,3.464,600
2020-10-19 09:31:13.790,3.464,9400
2020-10-19 09:31:13.790,3.464,40000
2020-10-19 09:31:13.790,3.464,300
2020-10-19 09:31:13.790,3.464,300
2020-10-19 09:31:13.790,3.464,5000
2020-10-19 09:31:13.790,3.464,200
2020-10-19 09:31:13.790,3.464,8500
2020-10-19 09:31:13.790,3.464,1000
2020-10-19 09:31:13.790,3.464,4000
2020-10-19 09:31:14.090,3.464,5000
2020-10-19 09:31:14.140,3.464,5000
2020-10-19 09:31:15.040,3.464,800
2020-10-19 09:31:15.360,3.464,10000
2020-10-19 09:31:15.420,3.464,3000
2020-10-19 09:31:15.550,3.464,1000
2020-10-19 09:31:15.550,3.464,5000
2020-10-19 09:31:15.710,3.463,100
2020-10-19 09:31:15.950,3.463,12300
2020-10-19 09:31:16.430,3.463,10000
2020-10-19 09:31:16.430,3.463,1700
2020-10-19 09:31:16.430,3.463,6900
2020-10-19 09:31:17.090,3.465,5900
2020-10-19 09:31:17.090,3.465,4100
2020-10-19 09:31:17.920,3.464,100000
2020-10-19 09:31:17.960,3.463,3000
2020-10-19 09:31:17.990,3.464,80000
2020-10-19 09:31:17.990,3.464,100000
2020-10-19 09:31:17.990,3.464,100000
2020-10-19 09:31:17.990,3.464,20000
2020-10-19 09:31:17.990,3.464,100000
2020-10-19 09:31:17.990,3.464,100000
2020-10-19 09:31:17.990,3.464,100000
2020-10-19 09:31:17.990,3.464,100000
2020-10-19 09:31:17.990,3.464,20000
2020-10-19 09:31:18.970,3.463,200
2020-10-19 09:31:19.030,3.463,400
2020-10-19 09:31:19.360,3.464,30000
2020-10-19 09:31:19.890,3.463,10200
2020-10-19 09:31:20.990,3.464,50000
2020-10-19 09:31:21.670,3.464,22900
2020-10-19 09:31:21.670,3.464,1000
2020-10-19 09:31:21.670,3.465,2900
2020-10-19 09:31:21.670,3.465,1000
2020-10-19 09:31:21.670,3.465,1000
2020-10-19 09:31:21.670,3.465,100
2020-10-19 09:31:21.670,3.465,2000
2020-10-19 09:31:21.670,3.465,19100
2020-10-19 09:31:22.190,3.463,300
2020-10-19 09:31:22.190,3.465,900
2020-10-19 09:31:22.190,3.465,900
2020-10-19 09:31:22.290,3.463,19000
2020-10-19 09:31:22.290,3.463,1000
2020-10-19 09:31:22.410,3.463,20000
2020-10-19 09:31:22.500,3.465,600
2020-10-19 09:31:23.320,3.463,9000
2020-10-19 09:31:23.320,3.463,8000
2020-10-19 09:31:23.320,3.463,40000
2020-10-19 09:31:23.320,3.463,3400
2020-10-19 09:31:23.320,3.463,39600
2020-10-19 09:31:23.380,3.465,500
2020-10-19 09:31:23.410,3.463,200
2020-10-19 09:31:23.640,3.464,2800
2020-10-19 09:31:23.640,3.465,3000
2020-10-19 09:31:23.640,3.465,400
2020-10-19 09:31:23.640,3.465,1000
2020-10-19 09:31:23.640,3.465,7800
2020-10-19 09:31:23.980,3.463,100
2020-10-19 09:31:24.010,3.463,20000
2020-10-19 09:31:24.720,3.464,100
2020-10-19 09:31:24.720,3.464,600
2020-10-19 09:31:24.720,3.465,2200
2020-10-19 09:31:24.720,3.465,5000
2020-10-19 09:31:24.720,3.465,1000
2020-10-19 09:31:24.720,3.465,1400
2020-10-19 09:31:24.720,3.465,500
2020-10-19 09:31:24.720,3.465,5000
2020-10-19 09:31:24.720,3.465,2000
2020-10-19 09:31:24.720,3.465,2000
2020-10-19 09:31:24.720,3.465,2000
2020-10-19 09:31:24.720,3.465,1000
2020-10-19 09:31:24.720,3.465,3000
2020-10-19 09:31:24.720,3.465,2000
2020-10-19 09:31:24.720,3.465,100
2020-10-19 09:31:24.720,3.465,8000
2020-10-19 09:31:24.720,3.465,20000
2020-10-19 09:31:24.720,3.465,1800
2020-10-19 09:31:25.540,3.465,6400
2020-10-19 09:31:25.540,3.465,300
2020-10-19 09:31:25.840,3.465,5000
2020-10-19 09:31:25.980,3.463,500
2020-10-19 09:31:26.040,3.463,1000
2020-10-19 09:31:26.960,3.464,19000
2020-10-19 09:31:26.990,3.464,20000
2020-10-19 09:31:26.990,3.464,60000
2020-10-19 09:31:26.990,3.464,1000
2020-10-19 09:31:26.990,3.465,24200
2020-10-19 09:31:26.990,3.465,2000
2020-10-19 09:31:26.990,3.465,100
2020-10-19 09:31:26.990,3.465,3000
2020-10-19 09:31:27.020,3.465,3500
2020-10-19 09:31:27.320,3.465,5400
2020-10-19 09:31:27.350,3.465,1000
2020-10-19 09:31:27.440,3.465,1000
2020-10-19 09:31:28.920,3.465,1400
2020-10-19 09:31:29.780,3.465,100
2020-10-19 09:31:29.990,3.465,1200
2020-10-19 09:31:30.150,3.465,7300
2020-10-19 09:31:30.390,3.465,20000
2020-10-19 09:31:31.050,3.465,9100
2020-10-19 09:31:32.400,3.466,500
2020-10-19 09:31:32.400,3.466,5000
2020-10-19 09:31:32.400,3.466,1200
2020-10-19 09:31:32.400,3.466,1900
2020-10-19 09:31:32.400,3.466,4000
2020-10-19 09:31:32.400,3.466,2000
2020-10-19 09:31:32.400,3.466,4500
2020-10-19 09:31:32.400,3.466,2000
2020-10-19 09:31:32.400,3.466,600
2020-10-19 09:31:32.400,3.466,1000
2020-10-19 09:31:32.400,3.466,1500
2020-10-19 09:31:32.400,3.466,1500
2020-10-19 09:31:32.400,3.466,14300
2020-10-19 09:31:32.590,3.465,200
2020-10-19 09:31:32.700,3.465,12000
2020-10-19 09:31:33.060,3.465,1400
2020-10-19 09:31:33.160,3.465,600
2020-10-19 09:31:33.440,3.465,5000
2020-10-19 09:31:33.660,3.465,500
2020-10-19 09:31:33.660,3.465,1000
2020-10-19 09:31:33.780,3.465,1200
2020-10-19 09:31:33.910,3.465,5900
2020-10-19 09:31:34.140,3.465,1800
2020-10-19 09:31:34.360,3.465,5000
2020-10-19 09:31:34.690,3.465,2000
2020-10-19 09:31:34.930,3.465,3000
2020-10-19 09:31:34.960,3.466,3200
2020-10-19 09:31:35.200,3.465,2000
2020-10-19 09:31:35.570,3.466,3400
2020-10-19 09:31:35.700,3.465,8500
2020-10-19 09:31:35.700,3.465,2000
2020-10-19 09:31:35.700,3.465,100
2020-10-19 09:31:35.700,3.465,10000
2020-10-19 09:31:35.700,3.465,1200
2020-10-19 09:31:35.700,3.465,10000
2020-10-19 09:31:35.950,3.465,10000
2020-10-19 09:31:38.270,3.465,1800
2020-10-19 09:31:38.430,3.465,38900
2020-10-19 09:31:38.810,3.465,20000
2020-10-19 09:31:39.820,3.465,2800
2020-10-19 09:31:40.200,3.465,100
2020-10-19 09:31:40.230,3.465,235800
2020-10-19 09:31:41.070,3.464,1000
2020-10-19 09:31:41.070,3.464,2000
2020-10-19 09:31:41.370,3.465,10000
2020-10-19 09:31:41.370,3.465,100000
2020-10-19 09:31:41.370,3.465,100000
2020-10-19 09:31:41.430,3.465,70000
2020-10-19 09:31:41.430,3.465,100000
2020-10-19 09:31:41.430,3.465,80000
2020-10-19 09:31:41.430,3.465,60000
2020-10-19 09:31:41.920,3.465,4000
2020-10-19 09:31:42.760,3.464,300
2020-10-19 09:31:42.880,3.465,37100
2020-10-19 09:31:42.880,3.465,9000
2020-10-19 09:31:42.880,3.465,3900
2020-10-19 09:31:43.360,3.465,100
2020-10-19 09:31:43.910,3.465,2600
2020-10-19 09:31:43.910,3.465,100
2020-10-19 09:31:43.910,3.465,3000
2020-10-19 09:31:43.910,3.465,2000
2020-10-19 09:31:43.910,3.465,700
2020-10-19 09:31:43.910,3.465,4400
2020-10-19 09:31:44.330,3.465,5000
2020-10-19 09:31:45.000,3.465,600
2020-10-19 09:31:45.000,3.465,36000
2020-10-19 09:31:45.000,3.465,1000
2020-10-19 09:31:45.000,3.465,2400
2020-10-19 09:31:45.560,3.465,200
2020-10-19 09:31:45.830,3.465,12000
2020-10-19 09:31:45.830,3.465,2000
2020-10-19 09:31:45.830,3.465,20000
2020-10-19 09:31:45.830,3.465,6000
2020-10-19 09:31:45.830,3.466,12400
2020-10-19 09:31:45.830,3.466,100
2020-10-19 09:31:45.830,3.466,300
2020-10-19 09:31:46.840,3.465,5800
2020-10-19 09:31:47.620,3.466,5000
2020-10-19 09:31:47.710,3.465,100000
2020-10-19 09:31:48.320,3.466,5000
2020-10-19 09:31:49.610,3.466,900
2020-10-19 09:31:50.260,3.465,200
2020-10-19 09:31:50.260,3.465,28500
2020-10-19 09:31:50.260,3.465,100
2020-10-19 09:31:50.260,3.465,6700
2020-10-19 09:31:50.260,3.465,100000
2020-10-19 09:31:50.260,3.464,200
2020-10-19 09:31:50.260,3.464,500
2020-10-19 09:31:50.260,3.464,10000
2020-10-19 09:31:50.260,3.464,153800
2020-10-19 09:31:50.480,3.464,5000
2020-10-19 09:31:50.570,3.466,9800
2020-10-19 09:31:50.570,3.466,10000
2020-10-19 09:31:50.570,3.466,300
2020-10-19 09:31:50.570,3.466,800
2020-10-19 09:31:50.570,3.466,4000
2020-10-19 09:31:51.240,3.466,6000
2020-10-19 09:31:51.240,3.466,7000
2020-10-19 09:31:51.240,3.466,7000
2020-10-19 09:31:52.880,3.465,100
2020-10-19 09:31:53.460,3.465,22600
2020-10-19 09:31:53.830,3.465,3800
2020-10-19 09:31:53.830,3.465,30000
2020-10-19 09:31:53.830,3.465,8100
2020-10-19 09:31:54.600,3.465,500
2020-10-19 09:31:54.980,3.465,100
2020-10-19 09:31:55.310,3.465,4900
2020-10-19 09:31:56.020,3.464,4500
2020-10-19 09:31:57.470,3.465,3000
2020-10-19 09:31:57.700,3.464,136700
2020-10-19 09:31:57.700,3.464,2000
2020-10-19 09:31:58.630,3.463,6000
2020-10-19 09:31:59.250,3.464,600
2020-10-19 09:31:59.780,3.464,200
2020-10-19 09:32:01.850,3.464,100000
2020-10-19 09:32:01.850,3.464,100000
2020-10-19 09:32:01.850,3.464,20000
2020-10-19 09:32:01.850,3.464,100000
2020-10-19 09:32:01.850,3.464,300000
2020-10-19 09:32:01.850,3.463,5000
2020-10-19 09:32:02.030,3.463,6000
2020-10-19 09:32:02.100,3.463,3000
2020-10-19 09:32:02.940,3.463,100
2020-10-19 09:32:03.040,3.463,200
2020-10-19 09:32:03.040,3.464,2000
2020-10-19 09:32:03.040,3.464,60000
2020-10-19 09:32:03.040,3.464,78500
2020-10-19 09:32:03.040,3.464,1500
2020-10-19 09:32:03.040,3.464,1500
2020-10-19 09:32:03.040,3.464,5000
2020-10-19 09:32:03.040,3.464,13500
2020-10-19 09:32:03.630,3.464,36500
2020-10-19 09:32:03.630,3.464,10000
2020-10-19 09:32:03.630,3.464,300
2020-10-19 09:32:03.630,3.464,5000
2020-10-19 09:32:03.870,3.465,100
2020-10-19 09:32:05.930,3.465,40000
2020-10-19 09:32:06.160,3.464,100
2020-10-19 09:32:07.280,3.464,5900
2020-10-19 09:32:07.280,3.463,16800
2020-10-19 09:32:07.770,3.464,100
2020-10-19 09:32:07.830,3.465,2000
2020-10-19 09:32:08.350,3.464,12500
2020-10-19 09:32:08.750,3.464,100
2020-10-19 09:32:08.930,3.464,400
2020-10-19 09:32:09.170,3.464,100
2020-10-19 09:32:09.350,3.464,100
2020-10-19 09:32:09.450,3.464,2500
2020-10-19 09:32:09.450,3.464,100
2020-10-19 09:32:09.450,3.465,3000
2020-10-19 09:32:11.910,3.464,1300
2020-10-19 09:32:11.910,3.464,18700
2020-10-19 09:32:12.340,3.464,5000
2020-10-19 09:32:12.790,3.464,16300
2020-10-19 09:32:12.790,3.464,1000
2020-10-19 09:32:13.120,3.464,2000
2020-10-19 09:32:17.570,3.464,300
2020-10-19 09:32:17.660,3.464,5800
2020-10-19 09:32:19.370,3.464,4600
2020-10-19 09:32:19.370,3.464,100
2020-10-19 09:32:19.370,3.464,600
2020-10-19 09:32:19.370,3.464,20000
2020-10-19 09:32:19.370,3.464,1000
2020-10-19 09:32:19.370,3.464,500
2020-10-19 09:32:19.370,3.464,50000
2020-10-19 09:32:19.370,3.464,100
2020-10-19 09:32:19.370,3.465,40000
2020-10-19 09:32:19.370,3.465,200
2020-10-19 09:32:19.370,3.465,5000
2020-10-19 09:32:19.370,3.465,100
2020-10-19 09:32:19.370,3.465,20400
2020-10-19 09:32:19.640,3.463,19000
2020-10-19 09:32:19.700,3.463,22300
2020-10-19 09:32:19.700,3.463,100
2020-10-19 09:32:19.700,3.463,200
2020-10-19 09:32:19.700,3.463,5000
2020-10-19 09:32:19.820,3.463,2500
2020-10-19 09:32:22.270,3.463,2800
2020-10-19 09:32:23.060,3.462,2000
2020-10-19 09:32:23.060,3.462,2000
2020-10-19 09:32:23.060,3.462,300
2020-10-19 09:32:23.090,3.462,200
2020-10-19 09:32:23.710,3.462,100000
2020-10-19 09:32:24.580,3.462,600
2020-10-19 09:32:25.050,3.462,50000
2020-10-19 09:32:27.940,3.461,5000
2020-10-19 09:32:29.160,3.461,100
2020-10-19 09:32:29.410,3.461,21000
2020-10-19 09:32:29.650,3.461,800
2020-10-19 09:32:30.290,3.461,300
2020-10-19 09:32:30.720,3.461,42000
2020-10-19 09:32:31.390,3.462,60700
2020-10-19 09:32:31.570,3.461,15800
2020-10-19 09:32:31.570,3.461,2000
2020-10-19 09:32:31.570,3.461,5000
2020-10-19 09:32:31.570,3.461,6000
2020-10-19 09:32:31.570,3.461,2000
2020-10-19 09:32:31.570,3.461,50000
2020-10-19 09:32:31.570,3.461,19200
2020-10-19 09:32:31.690,3.461,20800
2020-10-19 09:32:31.690,3.461,30000
2020-10-19 09:32:31.690,3.461,100000
2020-10-19 09:32:32.090,3.461,1400
2020-10-19 09:32:32.570,3.461,1900
2020-10-19 09:32:33.170,3.46,5000
2020-10-19 09:32:33.340,3.46,5000
2020-10-19 09:32:34.160,3.461,2000
2020-10-19 09:32:35.190,3.46,300
2020-10-19 09:32:35.420,3.461,9600
2020-10-19 09:32:35.420,3.461,400
2020-10-19 09:32:35.710,3.46,1900
2020-10-19 09:32:36.310,3.46,65900
2020-10-19 09:32:36.310,3.46,100
2020-10-19 09:32:36.310,3.46,10000
2020-10-19 09:32:36.310,3.46,100
2020-10-19 09:32:36.310,3.46,1000
2020-10-19 09:32:36.310,3.46,50000
2020-10-19 09:32:36.310,3.46,100000
2020-10-19 09:32:36.310,3.46,50000
2020-10-19 09:32:36.310,3.46,30000
2020-10-19 09:32:36.310,3.459,2000
2020-10-19 09:32:36.310,3.459,30000
2020-10-19 09:32:36.310,3.459,40000
2020-10-19 09:32:36.310,3.459,40000
2020-10-19 09:32:36.310,3.459,30000
2020-10-19 09:32:36.310,3.459,133300
2020-10-19 09:32:36.460,3.461,1600
2020-10-19 09:32:36.460,3.461,5000
2020-10-19 09:32:36.460,3.461,14400
2020-10-19 09:32:36.460,3.461,5000
2020-10-19 09:32:36.460,3.461,4000
2020-10-19 09:32:36.460,3.461,10000
2020-10-19 09:32:37.280,3.46,3000
2020-10-19 09:32:38.140,3.46,37000
2020-10-19 09:32:38.140,3.46,30000
2020-10-19 09:32:38.700,3.46,80000
2020-10-19 09:32:38.700,3.46,100000
2020-10-19 09:32:39.630,3.46,3000
2020-10-19 09:32:39.630,3.46,46200
2020-10-19 09:32:39.630,3.46,800
2020-10-19 09:32:39.630,3.46,5000
2020-10-19 09:32:39.630,3.46,3000
2020-10-19 09:32:39.630,3.46,3000
2020-10-19 09:32:39.630,3.461,4900
2020-10-19 09:32:39.690,3.461,300
2020-10-19 09:32:39.940,3.46,3000
2020-10-19 09:32:41.600,3.46,100
2020-10-19 09:32:41.720,3.46,400
2020-10-19 09:32:41.720,3.46,8900
2020-10-19 09:32:41.720,3.46,7000
2020-10-19 09:32:41.720,3.46,300
2020-10-19 09:32:41.720,3.46,3400
2020-10-19 09:32:41.720,3.46,70000
2020-10-19 09:32:42.170,3.459,400
2020-10-19 09:32:42.440,3.46,29100
2020-10-19 09:32:43.080,3.46,3100
2020-10-19 09:32:43.080,3.46,100
2020-10-19 09:32:43.080,3.46,6800
2020-10-19 09:32:44.460,3.459,30000
2020-10-19 09:32:44.460,3.459,300
2020-10-19 09:32:44.720,3.46,3200
2020-10-19 09:32:44.720,3.46,2000
2020-10-19 09:32:44.720,3.46,600
2020-10-19 09:32:44.720,3.46,14200
2020-10-19 09:32:44.720,3.46,60000
2020-10-19 09:32:44.720,3.46,10000
2020-10-19 09:32:44.720,3.46,10000
2020-10-19 09:32:45.920,3.46,20000
2020-10-19 09:32:46.320,3.459,100
2020-10-19 09:32:47.230,3.459,100
2020-10-19 09:32:48.500,3.459,6800
2020-10-19 09:32:49.100,3.46,14900
2020-10-19 09:32:50.370,3.459,2700
2020-10-19 09:32:51.010,3.46,1700
2020-10-19 09:32:51.140,3.459,90500
2020-10-19 09:32:51.140,3.459,2100
2020-10-19 09:32:52.870,3.458,1600
2020-10-19 09:32:53.670,3.459,100000
2020-10-19 09:32:55.010,3.459,1900
2020-10-19 09:32:56.300,3.458,252100
2020-10-19 09:32:56.500,3.459,35100
2020-10-19 09:32:57.150,3.458,1000
2020-10-19 09:32:57.870,3.459,200
2020-10-19 09:32:58.670,3.458,45300
2020-10-19 09:32:58.670,3.458,20000
2020-10-19 09:32:59.260,3.458,34700
2020-10-19 09:32:59.260,3.458,10000
2020-10-19 09:32:59.260,3.458,10500
2020-10-19 09:32:59.260,3.459,244800
2020-10-19 09:33:00.020,3.458,500
2020-10-19 09:33:00.020,3.459,2500
2020-10-19 09:33:00.970,3.457,8000
2020-10-19 09:33:02.660,3.459,100000
2020-10-19 09:33:02.660,3.459,10000
2020-10-19 09:33:02.660,3.459,97100
2020-10-19 09:33:02.660,3.459,2900
2020-10-19 09:33:02.660,3.459,100000
2020-10-19 09:33:02.660,3.459,100000
2020-10-19 09:33:02.750,3.459,300000
2020-10-19 09:33:02.780,3.459,100000
2020-10-19 09:33:02.780,3.459,60000
2020-10-19 09:33:02.870,3.458,300000
2020-10-19 09:33:02.960,3.459,182300
2020-10-19 09:33:03.150,3.459,33000
2020-10-19 09:33:03.150,3.459,2000
2020-10-19 09:33:03.590,3.458,30000
2020-10-19 09:33:03.590,3.458,40000
2020-10-19 09:33:03.590,3.458,50000
2020-10-19 09:33:03.590,3.458,30000
2020-10-19 09:33:03.830,3.459,10000
2020-10-19 09:33:03.860,3.459,3000
2020-10-19 09:33:03.890,3.458,14400
2020-10-19 09:33:04.430,3.459,7000
2020-10-19 09:33:04.430,3.459,23000
2020-10-19 09:33:04.620,3.458,8000
2020-10-19 09:33:04.990,3.458,800
2020-10-19 09:33:05.120,3.459,277000
2020-10-19 09:33:05.120,3.459,200
2020-10-19 09:33:05.120,3.459,4600
2020-10-19 09:33:05.120,3.459,200
2020-10-19 09:33:05.120,3.459,6000
2020-10-19 09:33:05.120,3.459,12000
2020-10-19 09:33:05.200,3.458,1500
2020-10-19 09:33:05.690,3.459,58000
2020-10-19 09:33:05.690,3.459,12000
2020-10-19 09:33:06.780,3.458,300
2020-10-19 09:33:07.070,3.458,100
2020-10-19 09:33:07.160,3.458,5000
2020-10-19 09:33:08.020,3.458,10000
2020-10-19 09:33:08.020,3.458,300
2020-10-19 09:33:08.320,3.459,18000
2020-10-19 09:33:08.320,3.459,1500
2020-10-19 09:33:08.320,3.459,200
2020-10-19 09:33:08.320,3.459,4000
2020-10-19 09:33:08.320,3.459,1500
2020-10-19 09:33:08.320,3.459,4800
2020-10-19 09:33:08.320,3.459,10000
2020-10-19 09:33:08.410,3.458,500
2020-10-19 09:33:08.470,3.459,10000
2020-10-19 09:33:08.600,3.458,1000
2020-10-19 09:33:08.810,3.459,6900
2020-10-19 09:33:10.470,3.459,23100
2020-10-19 09:33:10.470,3.459,62800
2020-10-19 09:33:12.330,3.46,300
2020-10-19 09:33:12.330,3.46,10000
2020-10-19 09:33:12.330,3.46,8000
2020-10-19 09:33:12.330,3.46,100
2020-10-19 09:33:12.560,3.459,20000
2020-10-19 09:33:12.680,3.459,1500
2020-10-19 09:33:14.620,3.459,40000
2020-10-19 09:33:15.480,3.46,1800
2020-10-19 09:33:16.860,3.46,2400
2020-10-19 09:33:16.860,3.46,4900
2020-10-19 09:33:16.860,3.46,100
2020-10-19 09:33:16.860,3.46,20000
2020-10-19 09:33:16.860,3.46,5000
2020-10-19 09:33:16.860,3.46,10000
2020-10-19 09:33:16.860,3.46,300
2020-10-19 09:33:16.860,3.46,200
2020-10-19 09:33:16.860,3.46,400
2020-10-19 09:33:16.860,3.46,200
2020-10-19 09:33:16.860,3.46,1500
2020-10-19 09:33:16.860,3.46,100
2020-10-19 09:33:17.100,3.46,500
2020-10-19 09:33:17.190,3.46,100
2020-10-19 09:33:17.820,3.46,900
2020-10-19 09:33:17.970,3.46,3600
2020-10-19 09:33:18.060,3.46,400
2020-10-19 09:33:18.180,3.46,3000
2020-10-19 09:33:18.810,3.46,2000
2020-10-19 09:33:20.000,3.46,500
2020-10-19 09:33:21.770,3.46,200
2020-10-19 09:33:22.120,3.46,1400
2020-10-19 09:33:22.990,3.46,2300
2020-10-19 09:33:22.990,3.46,8100
2020-10-19 09:33:26.160,3.461,500
2020-10-19 09:33:26.690,3.461,300
2020-10-19 09:33:26.690,3.461,1700
2020-10-19 09:33:27.030,3.461,8300
2020-10-19 09:33:27.030,3.461,300
2020-10-19 09:33:27.030,3.461,2000
2020-10-19 09:33:27.030,3.461,700
2020-10-19 09:33:27.030,3.461,1700
2020-10-19 09:33:27.030,3.461,47100
2020-10-19 09:33:27.940,3.46,5000
2020-10-19 09:33:28.360,3.46,300
2020-10-19 09:33:28.740,3.46,7000
2020-10-19 09:33:28.980,3.461,3800
2020-10-19 09:33:29.010,3.46,30000
2020-10-19 09:33:29.650,3.461,10000
2020-10-19 09:33:29.940,3.46,10000
2020-10-19 09:33:30.810,3.46,10000
2020-10-19 09:33:30.840,3.46,100
2020-10-19 09:33:31.670,3.46,300
2020-10-19 09:33:32.040,3.461,1600
2020-10-19 09:33:32.430,3.461,4900
2020-10-19 09:33:32.930,3.461,7200
2020-10-19 09:33:33.570,3.461,5400
2020-10-19 09:33:33.570,3.461,500
2020-10-19 09:33:33.570,3.461,1000
2020-10-19 09:33:33.570,3.461,3100
2020-10-19 09:33:33.850,3.46,200
2020-10-19 09:33:34.120,3.46,1000
2020-10-19 09:33:34.180,3.461,500
2020-10-19 09:33:34.360,3.46,2200
2020-10-19 09:33:34.610,3.46,1000
2020-10-19 09:33:35.040,3.46,224800
2020-10-19 09:33:35.040,3.46,1000
2020-10-19 09:33:35.040,3.46,2000
2020-10-19 09:33:35.040,3.46,100
2020-10-19 09:33:35.040,3.46,72100
2020-10-19 09:33:35.850,3.46,3400
2020-10-19 09:33:35.850,3.46,5600
2020-10-19 09:33:36.970,3.46,5000
2020-10-19 09:33:37.270,3.46,1000
2020-10-19 09:33:37.470,3.461,1400
2020-10-19 09:33:37.470,3.461,200
2020-10-19 09:33:37.470,3.461,10000
2020-10-19 09:33:37.470,3.461,100
2020-10-19 09:33:37.470,3.461,100
2020-10-19 09:33:37.470,3.461,9300
2020-10-19 09:33:37.560,3.46,1600
2020-10-19 09:33:38.130,3.46,50000
2020-10-19 09:33:38.380,3.461,700
2020-10-19 09:33:38.380,3.461,1000
2020-10-19 09:33:38.410,3.46,2000
2020-10-19 09:33:39.010,3.461,2000
2020-10-19 09:33:39.010,3.461,3000
2020-10-19 09:33:39.010,3.461,1000
2020-10-19 09:33:39.320,3.46,10000
2020-10-19 09:33:39.890,3.46,24800
2020-10-19 09:33:39.890,3.46,17100
2020-10-19 09:33:40.060,3.46,10800
2020-10-19 09:33:40.990,3.461,20000
2020-10-19 09:33:41.290,3.46,8000
2020-10-19 09:33:41.700,3.46,500
2020-10-19 09:33:41.760,3.461,300000
2020-10-19 09:33:41.910,3.46,2000
2020-10-19 09:33:42.290,3.46,10000
2020-10-19 09:33:43.900,3.461,40000
2020-10-19 09:33:44.250,3.461,300000
2020-10-19 09:33:45.330,3.46,200
2020-10-19 09:33:45.330,3.461,20000
2020-10-19 09:33:45.330,3.461,20000
2020-10-19 09:33:45.390,3.46,1000
2020-10-19 09:33:45.910,3.461,10000
2020-10-19 09:33:46.590,3.46,3000
2020-10-19 09:33:47.160,3.46,1800
2020-10-19 09:33:47.190,3.461,4700
2020-10-19 09:33:47.250,3.461,185300
2020-10-19 09:33:47.250,3.461,100
2020-10-19 09:33:47.250,3.461,114600
2020-10-19 09:33:47.310,3.46,5600
2020-10-19 09:33:47.310,3.46,3000
2020-10-19 09:33:47.310,3.46,2000
2020-10-19 09:33:47.310,3.46,500
2020-10-19 09:33:47.830,3.461,60000
2020-10-19 09:33:47.830,3.461,60000
2020-10-19 09:33:48.110,3.461,5000
2020-10-19 09:33:48.770,3.461,900
2020-10-19 09:33:48.890,3.461,1000
2020-10-19 09:33:48.920,3.46,800
2020-10-19 09:33:48.920,3.46,2200
2020-10-19 09:33:49.000,3.46,1600
2020-10-19 09:33:49.630,3.461,1000
2020-10-19 09:33:49.630,3.461,1000
2020-10-19 09:33:49.850,3.461,60500
2020-10-19 09:33:49.850,3.461,19500
2020-10-19 09:33:49.850,3.461,100000
2020-10-19 09:33:49.850,3.461,80500
2020-10-19 09:33:49.850,3.461,1000
2020-10-19 09:33:49.850,3.461,18000
2020-10-19 09:33:49.850,3.461,500
2020-10-19 09:33:49.850,3.461,100000
2020-10-19 09:33:49.940,3.461,149500
2020-10-19 09:33:49.940,3.461,10000
2020-10-19 09:33:50.970,3.461,5000
2020-10-19 09:33:51.390,3.461,4000
2020-10-19 09:33:51.690,3.461,500
2020-10-19 09:33:52.570,3.461,10000
2020-10-19 09:33:52.700,3.461,29900
2020-10-19 09:33:52.850,3.462,100000
2020-10-19 09:33:53.940,3.461,10000
2020-10-19 09:33:54.730,3.462,1100
2020-10-19 09:33:54.730,3.462,2000
2020-10-19 09:33:54.730,3.462,100
2020-10-19 09:33:54.730,3.462,10000
2020-10-19 09:33:54.730,3.462,500
2020-10-19 09:33:54.730,3.462,2500
2020-10-19 09:33:54.730,3.462,10000
2020-10-19 09:33:54.730,3.462,100
2020-10-19 09:33:54.730,3.462,1200
2020-10-19 09:33:54.730,3.462,1200
2020-10-19 09:33:54.730,3.462,3000
2020-10-19 09:33:56.910,3.461,5000
2020-10-19 09:33:57.580,3.462,1000
2020-10-19 09:33:57.580,3.462,5000
2020-10-19 09:33:57.680,3.462,4000
2020-10-19 09:33:57.680,3.461,1000
2020-10-19 09:33:59.210,3.462,4000
2020-10-19 09:33:59.570,3.462,7600
2020-10-19 09:33:59.570,3.462,2400
2020-10-19 09:33:59.690,3.462,1500
2020-10-19 09:33:59.820,3.462,7000
2020-10-19 09:33:59.930,3.462,300
2020-10-19 09:34:01.180,3.462,3200
2020-10-19 09:34:01.180,3.462,1800
2020-10-19 09:34:01.670,3.462,8200
2020-10-19 09:34:01.850,3.462,10000
2020-10-19 09:34:04.440,3.463,75100
2020-10-19 09:34:04.860,3.463,100000
2020-10-19 09:34:04.860,3.463,24900
2020-10-19 09:34:04.860,3.463,100
2020-10-19 09:34:04.860,3.463,500
2020-10-19 09:34:04.860,3.463,56100
2020-10-19 09:34:04.860,3.463,200
2020-10-19 09:34:04.860,3.463,18200
2020-10-19 09:34:04.860,3.463,20000
2020-10-19 09:34:05.620,3.463,9200
2020-10-19 09:34:05.620,3.463,1000
2020-10-19 09:34:05.620,3.463,7600
2020-10-19 09:34:05.620,3.463,34200
2020-10-19 09:34:05.620,3.463,3000
2020-10-19 09:34:05.620,3.463,500
2020-10-19 09:34:05.620,3.463,1000
2020-10-19 09:34:06.210,3.463,600
2020-10-19 09:34:06.820,3.463,10000
2020-10-19 09:34:07.310,3.463,10000
2020-10-19 09:34:07.740,3.464,10000
2020-10-19 09:34:07.740,3.464,1200
2020-10-19 09:34:07.740,3.464,5000
2020-10-19 09:34:07.740,3.464,35000
2020-10-19 09:34:07.740,3.464,12000
2020-10-19 09:34:07.740,3.464,3300
2020-10-19 09:34:07.740,3.464,30000
2020-10-19 09:34:07.740,3.464,100
2020-10-19 09:34:07.740,3.464,2000
2020-10-19 09:34:07.740,3.464,5000
2020-10-19 09:34:07.740,3.464,900
2020-10-19 09:34:07.740,3.464,8000
2020-10-19 09:34:07.740,3.464,7000
2020-10-19 09:34:07.740,3.464,2000
2020-10-19 09:34:07.740,3.464,100
2020-10-19 09:34:07.740,3.464,300
2020-10-19 09:34:07.740,3.464,3000
2020-10-19 09:34:07.740,3.464,3000
2020-10-19 09:34:07.740,3.464,20000
2020-10-19 09:34:07.740,3.464,10000
2020-10-19 09:34:07.930,3.464,46700
2020-10-19 09:34:08.470,3.464,5000
2020-10-19 09:34:08.590,3.464,9000
2020-10-19 09:34:08.720,3.464,3000
2020-10-19 09:34:10.570,3.464,500
2020-10-19 09:34:10.600,3.465,39600
2020-10-19 09:34:10.600,3.465,500
2020-10-19 09:34:10.600,3.465,10000
2020-10-19 09:34:10.600,3.465,61600
2020-10-19 09:34:10.600,3.465,500
2020-10-19 09:34:10.600,3.465,2000
2020-10-19 09:34:10.600,3.465,3000
2020-10-19 09:34:10.600,3.465,500
2020-10-19 09:34:10.600,3.465,5000
2020-10-19 09:34:10.600,3.465,10000
2020-10-19 09:34:10.600,3.465,100
2020-10-19 09:34:10.600,3.465,6800
2020-10-19 09:34:10.600,3.465,1100
2020-10-19 09:34:10.600,3.465,1000
2020-10-19 09:34:10.600,3.465,100
2020-10-19 09:34:10.600,3.465,3000
2020-10-19 09:34:10.600,3.465,6000
2020-10-19 09:34:10.600,3.465,10000
2020-10-19 09:34:10.600,3.465,2400
2020-10-19 09:34:10.600,3.465,100
2020-10-19 09:34:10.600,3.465,10000
2020-10-19 09:34:10.600,3.465,2000
2020-10-19 09:34:10.600,3.465,10000
2020-10-19 09:34:10.600,3.465,2000
2020-10-19 09:34:10.600,3.465,1500
2020-10-19 09:34:10.600,3.465,100
2020-10-19 09:34:10.600,3.465,5000
2020-10-19 09:34:10.600,3.465,4000
2020-10-19 09:34:10.600,3.465,600
2020-10-19 09:34:10.600,3.465,5000
2020-10-19 09:34:10.600,3.465,1000
2020-10-19 09:34:10.600,3.465,3000
2020-10-19 09:34:10.600,3.465,2000
2020-10-19 09:34:10.600,3.465,11400
2020-10-19 09:34:10.600,3.465,1000
2020-10-19 09:34:10.600,3.465,2000
2020-10-19 09:34:10.600,3.465,2900
2020-10-19 09:34:10.600,3.465,5000
2020-10-19 09:34:10.600,3.465,2700
2020-10-19 09:34:10.600,3.465,10000
2020-10-19 09:34:10.600,3.465,15000
2020-10-19 09:34:10.600,3.465,40500
2020-10-19 09:34:10.850,3.464,2000
2020-10-19 09:34:11.680,3.464,100
2020-10-19 09:34:11.860,3.464,2700
2020-10-19 09:34:11.950,3.464,15200
2020-10-19 09:34:12.450,3.464,10000
2020-10-19 09:34:14.210,3.465,2000
2020-10-19 09:34:14.210,3.465,600
2020-10-19 09:34:14.390,3.464,3400
2020-10-19 09:34:14.480,3.464,3100
2020-10-19 09:34:16.450,3.464,700
2020-10-19 09:34:16.890,3.464,200
2020-10-19 09:34:17.920,3.465,2400
2020-10-19 09:34:17.920,3.465,2400
2020-10-19 09:34:18.110,3.464,100
2020-10-19 09:34:18.440,3.465,5600
2020-10-19 09:34:18.440,3.465,6400
2020-10-19 09:34:19.020,3.464,100000
2020-10-19 09:34:19.020,3.464,62500
2020-10-19 09:34:19.590,3.464,10000
2020-10-19 09:34:19.770,3.464,1200
2020-10-19 09:34:20.550,3.464,3300
2020-10-19 09:34:22.390,3.464,3000
2020-10-19 09:34:22.390,3.464,1100
2020-10-19 09:34:22.390,3.464,1000
2020-10-19 09:34:22.390,3.465,1900
2020-10-19 09:34:22.900,3.464,20000
2020-10-19 09:34:23.140,3.464,15000
2020-10-19 09:34:23.300,3.465,700
2020-10-19 09:34:23.300,3.465,1200
2020-10-19 09:34:23.300,3.465,500
2020-10-19 09:34:23.300,3.465,5000
2020-10-19 09:34:23.300,3.465,100
2020-10-19 09:34:23.300,3.465,500
2020-10-19 09:34:23.300,3.466,13000
2020-10-19 09:34:23.300,3.466,2000
2020-10-19 09:34:23.300,3.466,20000
2020-10-19 09:34:23.300,3.466,3000
2020-10-19 09:34:23.300,3.466,2000
2020-10-19 09:34:23.300,3.466,1000
2020-10-19 09:34:23.300,3.466,1000
2020-10-19 09:34:24.300,3.464,500
2020-10-19 09:34:24.990,3.466,9000
2020-10-19 09:34:24.990,3.466,10000
2020-10-19 09:34:24.990,3.466,2000
2020-10-19 09:34:25.480,3.464,1000
2020-10-19 09:34:25.810,3.464,9900
2020-10-19 09:34:26.460,3.465,10000
2020-10-19 09:34:27.590,3.464,5800
2020-10-19 09:34:27.800,3.464,3400
2020-10-19 09:34:27.830,3.465,25000
2020-10-19 09:34:28.640,3.465,6200
2020-10-19 09:34:28.910,3.464,100
2020-10-19 09:34:29.310,3.465,8000
2020-10-19 09:34:29.410,3.465,8700
2020-10-19 09:34:29.710,3.464,1000
2020-10-19 09:34:30.360,3.464,160000
2020-10-19 09:34:30.770,3.465,1500
2020-10-19 09:34:30.890,3.465,60000
2020-10-19 09:34:31.140,3.464,500
2020-10-19 09:34:32.090,3.465,3600
2020-10-19 09:34:32.090,3.465,300
2020-10-19 09:34:32.090,3.465,1000
2020-10-19 09:34:32.090,3.465,3100
2020-10-19 09:34:32.090,3.465,20000
2020-10-19 09:34:32.880,3.465,6200
2020-10-19 09:34:33.300,3.465,30000
2020-10-19 09:34:33.390,3.465,235800
2020-10-19 09:34:33.390,3.465,600
2020-10-19 09:34:33.390,3.465,3000
2020-10-19 09:34:33.390,3.465,29700
2020-10-19 09:34:33.390,3.465,2000
2020-10-19 09:34:33.770,3.464,10000
2020-10-19 09:34:33.860,3.465,1000
2020-10-19 09:34:34.560,3.465,300000
2020-10-19 09:34:36.340,3.464,10000
2020-10-19 09:34:36.450,3.465,1300
2020-10-19 09:34:37.120,3.464,10000
2020-10-19 09:34:37.600,3.465,26600
2020-10-19 09:34:37.600,3.465,100
2020-10-19 09:34:37.600,3.465,3000
2020-10-19 09:34:37.600,3.465,270300
2020-10-19 09:34:38.630,3.464,2000
2020-10-19 09:34:39.810,3.465,1000
2020-10-19 09:34:41.390,3.465,1000
2020-10-19 09:34:41.420,3.464,30000
2020-10-19 09:34:41.420,3.465,10000
2020-10-19 09:34:43.590,3.465,17600
2020-10-19 09:34:43.590,3.465,100
2020-10-19 09:34:43.590,3.465,5000
2020-10-19 09:34:43.590,3.465,17300
2020-10-19 09:34:43.590,3.465,2700
2020-10-19 09:34:43.590,3.465,10000
2020-10-19 09:34:43.590,3.465,3000
2020-10-19 09:34:43.650,3.465,180000
2020-10-19 09:34:43.950,3.465,500
2020-10-19 09:34:44.290,3.465,8000
2020-10-19 09:34:44.320,3.465,3000
2020-10-19 09:34:44.950,3.465,1000
2020-10-19 09:34:46.790,3.466,13000
2020-10-19 09:34:46.790,3.466,500
2020-10-19 09:34:46.790,3.466,100
2020-10-19 09:34:46.790,3.466,1200
2020-10-19 09:34:46.790,3.466,2000
2020-10-19 09:34:46.790,3.466,1000
2020-10-19 09:34:46.790,3.466,1000
2020-10-19 09:34:46.790,3.466,5000
2020-10-19 09:34:46.790,3.466,1100
2020-10-19 09:34:46.790,3.466,100
2020-10-19 09:34:46.790,3.466,100
2020-10-19 09:34:46.790,3.466,20000
2020-10-19 09:34:46.790,3.466,1000
2020-10-19 09:34:46.790,3.466,1000
2020-10-19 09:34:46.790,3.466,1000
2020-10-19 09:34:46.790,3.466,30000
2020-10-19 09:34:46.790,3.466,2400
2020-10-19 09:34:46.790,3.466,11000
2020-10-19 09:34:46.790,3.466,1000
2020-10-19 09:34:46.790,3.466,1000
2020-10-19 09:34:46.790,3.466,200
2020-10-19 09:34:46.790,3.466,2000
2020-10-19 09:34:46.790,3.466,1700
2020-10-19 09:34:46.790,3.466,600
2020-10-19 09:34:46.790,3.466,1000
2020-10-19 09:34:46.790,3.466,1000
2020-10-19 09:34:46.790,3.466,74200
2020-10-19 09:34:46.790,3.466,20000
2020-10-19 09:34:46.790,3.466,2000
2020-10-19 09:34:46.790,3.466,1400
2020-10-19 09:34:46.790,3.466,800
2020-10-19 09:34:46.790,3.466,10000
2020-10-19 09:34:46.790,3.466,9300
2020-10-19 09:34:46.790,3.466,30000
2020-10-19 09:34:46.790,3.466,300
2020-10-19 09:34:46.790,3.466,47900
2020-10-19 09:34:46.790,3.466,1000
2020-10-19 09:34:46.790,3.466,3100
2020-10-19 09:34:47.710,3.465,2000
2020-10-19 09:34:49.340,3.466,81900
2020-10-19 09:34:49.340,3.466,180200
2020-10-19 09:34:49.980,3.465,100
2020-10-19 09:34:50.460,3.465,72000
2020-10-19 09:34:51.280,3.465,10000
2020-10-19 09:34:51.540,3.465,7700
2020-10-19 09:34:51.540,3.465,10000
2020-10-19 09:34:51.540,3.465,43900
2020-10-19 09:34:51.540,3.465,2000
2020-10-19 09:34:51.540,3.465,1400
2020-10-19 09:34:51.540,3.465,2800
2020-10-19 09:34:51.540,3.465,30000
2020-10-19 09:34:51.600,3.465,300
2020-10-19 09:34:51.990,3.465,300000
2020-10-19 09:34:52.260,3.464,2000
2020-10-19 09:34:52.990,3.464,10200
2020-10-19 09:34:53.650,3.464,100
2020-10-19 09:34:54.300,3.465,10000
2020-10-19 09:34:54.390,3.464,400
2020-10-19 09:34:55.580,3.465,300
2020-10-19 09:34:56.200,3.465,100
2020-10-19 09:34:56.910,3.465,28000
2020-10-19 09:34:57.470,3.465,1500
2020-10-19 09:34:57.500,3.465,17700
2020-10-19 09:34:57.980,3.465,200
2020-10-19 09:34:58.090,3.465,40000
2020-10-19 09:34:59.230,3.465,2000
2020-10-19 09:34:59.560,3.465,100
2020-10-19 09:35:00.340,3.465,200
2020-10-19 09:35:01.020,3.465,300
2020-10-19 09:35:01.830,3.464,1400
2020-10-19 09:35:01.890,3.465,60000
2020-10-19 09:35:02.730,3.465,100
2020-10-19 09:35:03.610,3.465,3000
2020-10-19 09:35:03.610,3.465,172000
2020-10-19 09:35:03.610,3.465,6500
2020-10-19 09:35:03.610,3.465,10000
2020-10-19 09:35:03.610,3.465,300
2020-10-19 09:35:03.610,3.465,108200
2020-10-19 09:35:03.910,3.465,19300
2020-10-19 09:35:04.070,3.464,6700
2020-10-19 09:35:04.070,3.464,1000
2020-10-19 09:35:04.070,3.464,2300
2020-10-19 09:35:04.160,3.465,300000
2020-10-19 09:35:04.500,3.465,300000
2020-10-19 09:35:04.560,3.465,30000
2020-10-19 09:35:04.560,3.465,100000
2020-10-19 09:35:04.560,3.465,42500
2020-10-19 09:35:04.740,3.465,1600
2020-10-19 09:35:04.800,3.465,55900
2020-10-19 09:35:04.800,3.465,29100
2020-10-19 09:35:06.450,3.465,3000
2020-10-19 09:35:06.820,3.465,7000
2020-10-19 09:35:07.010,3.465,2100
2020-10-19 09:35:07.580,3.466,70000
2020-10-19 09:35:07.580,3.466,40000
2020-10-19 09:35:07.580,3.466,9800
2020-10-19 09:35:07.580,3.466,200
2020-10-19 09:35:07.580,3.466,10000
2020-10-19 09:35:07.580,3.466,10000
2020-10-19 09:35:07.580,3.466,6300
2020-10-19 09:35:07.580,3.466,3700
2020-10-19 09:35:07.700,3.465,900
2020-10-19 09:35:08.270,3.466,6300
2020-10-19 09:35:08.270,3.466,11700
2020-10-19 09:35:08.270,3.466,12700
2020-10-19 09:35:08.270,3.466,1300
2020-10-19 09:35:08.270,3.466,1000
2020-10-19 09:35:08.270,3.466,1000
2020-10-19 09:35:08.270,3.466,6000
2020-10-19 09:35:08.640,3.466,60000
2020-10-19 09:35:08.930,3.466,3900
2020-10-19 09:35:09.110,3.466,500
2020-10-19 09:35:09.780,3.466,225000
2020-10-19 09:35:10.160,3.466,500
2020-10-19 09:35:10.480,3.466,70100
2020-10-19 09:35:10.480,3.466,101900
2020-10-19 09:35:11.310,3.467,4400
2020-10-19 09:35:11.310,3.467,15000
2020-10-19 09:35:11.310,3.467,6000
2020-10-19 09:35:11.310,3.467,6000
2020-10-19 09:35:11.310,3.467,20000
2020-10-19 09:35:11.310,3.467,100
2020-10-19 09:35:11.310,3.467,1300
2020-10-19 09:35:11.310,3.467,3400
2020-10-19 09:35:11.310,3.467,4800
2020-10-19 09:35:11.310,3.467,150000
2020-10-19 09:35:11.310,3.467,10000
2020-10-19 09:35:11.310,3.467,3400
2020-10-19 09:35:11.310,3.467,6500
2020-10-19 09:35:11.310,3.467,5000
2020-10-19 09:35:11.310,3.467,1500
2020-10-19 09:35:11.310,3.467,100
2020-10-19 09:35:11.310,3.467,5000
2020-10-19 09:35:11.310,3.467,5000
2020-10-19 09:35:11.310,3.467,6000
2020-10-19 09:35:11.310,3.467,500
2020-10-19 09:35:11.310,3.467,30000
2020-10-19 09:35:11.310,3.467,800
2020-10-19 09:35:11.310,3.467,2000
2020-10-19 09:35:11.310,3.467,1000
2020-10-19 09:35:11.310,3.467,800
2020-10-19 09:35:11.310,3.467,4300
2020-10-19 09:35:11.310,3.467,900
2020-10-19 09:35:11.310,3.467,4000
2020-10-19 09:35:11.310,3.467,2200
2020-10-19 09:35:11.980,3.466,300
2020-10-19 09:35:13.430,3.467,12800
2020-10-19 09:35:13.430,3.467,40000
2020-10-19 09:35:13.430,3.467,1000
2020-10-19 09:35:13.430,3.467,2000
2020-10-19 09:35:13.430,3.467,5000
2020-10-19 09:35:13.430,3.467,2000
2020-10-19 09:35:13.490,3.467,600
2020-10-19 09:35:14.080,3.467,5000
2020-10-19 09:35:14.140,3.467,159500
2020-10-19 09:35:14.140,3.466,90500
2020-10-19 09:35:14.270,3.466,76200
2020-10-19 09:35:15.810,3.467,11500
2020-10-19 09:35:15.940,3.467,2400
2020-10-19 09:35:16.440,3.467,36100
2020-10-19 09:35:16.440,3.467,900
2020-10-19 09:35:16.440,3.466,31100
2020-10-19 09:35:16.440,3.466,16900
2020-10-19 09:35:16.840,3.466,5000
2020-10-19 09:35:16.940,3.466,10000
2020-10-19 09:35:19.410,3.466,2000
2020-10-19 09:35:19.600,3.466,100
2020-10-19 09:35:21.000,3.466,9000
2020-10-19 09:35:22.200,3.466,1000
2020-10-19 09:35:22.200,3.466,1000
2020-10-19 09:35:22.580,3.466,600
2020-10-19 09:35:22.610,3.467,3000
2020-10-19 09:35:22.610,3.467,2000
2020-10-19 09:35:22.610,3.467,295000
2020-10-19 09:35:22.670,3.467,600
2020-10-19 09:35:22.830,3.467,4400
2020-10-19 09:35:22.910,3.467,95600
2020-10-19 09:35:22.910,3.467,50000
2020-10-19 09:35:24.750,3.467,300000
2020-10-19 09:35:24.900,3.467,6000
2020-10-19 09:35:26.010,3.466,500
2020-10-19 09:35:26.040,3.467,400
2020-10-19 09:35:26.040,3.466,10000
2020-10-19 09:35:26.490,3.466,9000
2020-10-19 09:35:26.930,3.466,20000
2020-10-19 09:35:27.090,3.467,4200
2020-10-19 09:35:27.500,3.467,10000
2020-10-19 09:35:27.830,3.467,40000
2020-10-19 09:35:28.240,3.467,3000
2020-10-19 09:35:28.760,3.466,3500
2020-10-19 09:35:28.760,3.466,6500
2020-10-19 09:35:30.560,3.467,3000
2020-10-19 09:35:31.860,3.467,146300
2020-10-19 09:35:31.860,3.467,78000
2020-10-19 09:35:31.860,3.467,45700
2020-10-19 09:35:31.890,3.467,28900
2020-10-19 09:35:32.510,3.467,9700
2020-10-19 09:35:32.870,3.466,1000
2020-10-19 09:35:32.870,3.466,4000
2020-10-19 09:35:33.270,3.467,10000
2020-10-19 09:35:33.770,3.466,300
2020-10-19 09:35:33.830,3.466,600
2020-10-19 09:35:35.250,3.466,8000
2020-10-19 09:35:35.250,3.466,200
2020-10-19 09:35:35.250,3.466,1800
2020-10-19 09:35:35.350,3.467,10000
2020-10-19 09:35:35.350,3.466,3600
2020-10-19 09:35:35.350,3.466,1500
2020-10-19 09:35:35.560,3.466,500
2020-10-19 09:35:37.270,3.466,94400
2020-10-19 09:35:37.270,3.466,100000
2020-10-19 09:35:37.270,3.466,10000
2020-10-19 09:35:37.270,3.466,10000
2020-10-19 09:35:37.270,3.466,100
2020-10-19 09:35:37.270,3.467,22100
2020-10-19 09:35:37.270,3.467,400
2020-10-19 09:35:37.270,3.467,3900
2020-10-19 09:35:37.270,3.467,200
2020-10-19 09:35:37.270,3.467,5000
2020-10-19 09:35:37.270,3.467,2000
2020-10-19 09:35:37.270,3.467,1000
2020-10-19 09:35:37.270,3.467,100000
2020-10-19 09:35:37.270,3.467,500
2020-10-19 09:35:37.270,3.467,3000
2020-10-19 09:35:37.270,3.467,30000
2020-10-19 09:35:37.270,3.467,5000
2020-10-19 09:35:37.270,3.468,11000
2020-10-19 09:35:37.270,3.468,2000
2020-10-19 09:35:37.270,3.468,600
2020-10-19 09:35:37.270,3.468,10000
2020-10-19 09:35:37.270,3.468,3200
2020-10-19 09:35:37.270,3.468,500
2020-10-19 09:35:37.270,3.468,500
2020-10-19 09:35:37.270,3.468,3000
2020-10-19 09:35:37.270,3.468,1000
2020-10-19 09:35:37.270,3.468,3800
2020-10-19 09:35:37.270,3.468,5000
2020-10-19 09:35:37.270,3.468,6500
2020-10-19 09:35:37.270,3.468,800
2020-10-19 09:35:37.270,3.468,49600
2020-10-19 09:35:37.270,3.468,100
2020-10-19 09:35:37.270,3.468,72700
2020-10-19 09:35:37.270,3.468,2000
2020-10-19 09:35:37.270,3.468,5000
2020-10-19 09:35:37.270,3.468,5000
2020-10-19 09:35:37.270,3.468,500
2020-10-19 09:35:37.270,3.468,5000
2020-10-19 09:35:37.270,3.468,500
2020-10-19 09:35:37.270,3.468,6000
2020-10-19 09:35:37.270,3.468,500
2020-10-19 09:35:37.270,3.468,1400
2020-10-19 09:35:37.270,3.468,7800
2020-10-19 09:35:37.270,3.468,4500
2020-10-19 09:35:37.270,3.468,6000
2020-10-19 09:35:37.270,3.468,3200
2020-10-19 09:35:37.270,3.468,5000
2020-10-19 09:35:37.270,3.468,5000
2020-10-19 09:35:37.270,3.468,500
2020-10-19 09:35:37.270,3.468,5000
2020-10-19 09:35:37.270,3.468,100
2020-10-19 09:35:37.270,3.468,2000
2020-10-19 09:35:37.270,3.468,5000
2020-10-19 09:35:37.270,3.468,300
2020-10-19 09:35:37.270,3.468,400
2020-10-19 09:35:37.270,3.468,2000
2020-10-19 09:35:37.270,3.468,2500
2020-10-19 09:35:37.270,3.468,1100
2020-10-19 09:35:37.270,3.468,500
2020-10-19 09:35:37.270,3.468,59000
2020-10-19 09:35:37.270,3.468,200
2020-10-19 09:35:37.270,3.468,40000
2020-10-19 09:35:37.270,3.468,30000
2020-10-19 09:35:37.270,3.468,40000
2020-10-19 09:35:37.270,3.468,11600
2020-10-19 09:35:37.270,3.468,500
2020-10-19 09:35:37.270,3.468,184000
2020-10-19 09:35:37.430,3.467,1000
2020-10-19 09:35:38.520,3.466,100
2020-10-19 09:35:38.820,3.466,300
2020-10-19 09:35:39.360,3.466,100
2020-10-19 09:35:41.600,3.466,2200
2020-10-19 09:35:42.400,3.465,1600
2020-10-19 09:35:42.400,3.465,10000
2020-10-19 09:35:42.400,3.465,10000
2020-10-19 09:35:42.400,3.465,3000
2020-10-19 09:35:42.400,3.465,1000
2020-10-19 09:35:42.400,3.465,2000
2020-10-19 09:35:43.420,3.465,2400
2020-10-19 09:35:43.420,3.466,5800
2020-10-19 09:35:44.030,3.466,10000
2020-10-19 09:35:44.750,3.465,200
2020-10-19 09:35:44.750,3.466,400
2020-10-19 09:35:45.570,3.465,100
2020-10-19 09:35:45.570,3.466,14300
2020-10-19 09:35:46.020,3.466,200
2020-10-19 09:35:46.110,3.464,2700
2020-10-19 09:35:46.110,3.464,300
2020-10-19 09:35:46.140,3.466,3000
2020-10-19 09:35:49.750,3.465,3600
2020-10-19 09:35:51.880,3.465,10000
2020-10-19 09:35:54.480,3.465,4700
2020-10-19 09:35:55.610,3.465,4000
2020-10-19 09:35:56.950,3.464,3000
2020-10-19 09:35:56.950,3.464,400
2020-10-19 09:35:56.950,3.464,1000
2020-10-19 09:35:56.950,3.464,200
2020-10-19 09:35:56.950,3.464,100
2020-10-19 09:35:56.950,3.464,200
2020-10-19 09:35:56.950,3.464,6200
2020-10-19 09:35:57.200,3.464,100
2020-10-19 09:35:58.910,3.464,1800
2020-10-19 09:35:58.910,3.464,3200
2020-10-19 09:35:59.020,3.464,30000
2020-10-19 09:36:00.370,3.463,30000
2020-10-19 09:36:02.350,3.463,5000
2020-10-19 09:36:02.530,3.463,17900
2020-10-19 09:36:03.370,3.464,80000
2020-10-19 09:36:04.550,3.464,38800
2020-10-19 09:36:04.550,3.464,1200
2020-10-19 09:36:04.550,3.464,29600
2020-10-19 09:36:04.550,3.464,900
2020-10-19 09:36:04.550,3.464,500
2020-10-19 09:36:04.550,3.464,2000
2020-10-19 09:36:04.550,3.464,2400
2020-10-19 09:36:04.550,3.464,24600
2020-10-19 09:36:04.550,3.464,40000
2020-10-19 09:36:04.580,3.464,235400
2020-10-19 09:36:04.580,3.464,3000
2020-10-19 09:36:04.580,3.464,35000
2020-10-19 09:36:05.710,3.465,10600
2020-10-19 09:36:06.980,3.464,7000
2020-10-19 09:36:07.180,3.464,3000
2020-10-19 09:36:07.670,3.464,400
2020-10-19 09:36:08.550,3.464,16200
2020-10-19 09:36:08.550,3.464,1600
2020-10-19 09:36:08.550,3.464,28400
2020-10-19 09:36:09.590,3.464,600
2020-10-19 09:36:10.910,3.464,5600
2020-10-19 09:36:10.940,3.464,100
2020-10-19 09:36:11.840,3.464,1000
2020-10-19 09:36:12.720,3.464,10000
2020-10-19 09:36:12.920,3.464,30600
2020-10-19 09:36:13.040,3.464,30000
2020-10-19 09:36:13.620,3.464,8800
2020-10-19 09:36:13.620,3.464,16200
2020-10-19 09:36:13.750,3.465,7800
2020-10-19 09:36:13.910,3.465,2700
2020-10-19 09:36:13.910,3.465,3000
2020-10-19 09:36:14.080,3.465,10000
2020-10-19 09:36:14.320,3.465,31700
2020-10-19 09:36:14.350,3.464,500
2020-10-19 09:36:14.480,3.464,9500
2020-10-19 09:36:14.630,3.464,5000
2020-10-19 09:36:15.600,3.465,100
2020-10-19 09:36:16.830,3.464,4100
2020-10-19 09:36:16.830,3.464,2500
2020-10-19 09:36:16.980,3.464,200
2020-10-19 09:36:17.070,3.464,43800
2020-10-19 09:36:17.260,3.465,211800
2020-10-19 09:36:17.260,3.465,10000
2020-10-19 09:36:17.260,3.465,800
2020-10-19 09:36:17.260,3.465,10000
2020-10-19 09:36:17.260,3.465,15000
2020-10-19 09:36:17.260,3.465,300
2020-10-19 09:36:17.260,3.465,52100
2020-10-19 09:36:18.460,3.464,20000
2020-10-19 09:36:19.810,3.465,25900
2020-10-19 09:36:19.810,3.465,500
2020-10-19 09:36:19.810,3.465,13600
2020-10-19 09:36:19.990,3.464,14000
2020-10-19 09:36:20.600,3.464,6000
2020-10-19 09:36:21.180,3.465,34700
2020-10-19 09:36:21.180,3.465,500
2020-10-19 09:36:21.180,3.465,300
2020-10-19 09:36:21.180,3.465,2000
2020-10-19 09:36:21.180,3.465,1000
2020-10-19 09:36:21.180,3.465,1000
2020-10-19 09:36:21.180,3.465,22300
2020-10-19 09:36:21.180,3.465,48000
2020-10-19 09:36:21.180,3.465,7500
2020-10-19 09:36:21.180,3.465,1000
2020-10-19 09:36:21.450,3.465,20000
2020-10-19 09:36:21.850,3.465,5000
2020-10-19 09:36:22.060,3.465,600
2020-10-19 09:36:22.610,3.466,13600
2020-10-19 09:36:22.610,3.466,30000
2020-10-19 09:36:22.610,3.466,300
2020-10-19 09:36:22.610,3.466,300
2020-10-19 09:36:22.610,3.466,49700
2020-10-19 09:36:22.610,3.466,300
2020-10-19 09:36:22.610,3.466,5000
2020-10-19 09:36:22.610,3.466,5000
2020-10-19 09:36:22.610,3.466,150000
2020-10-19 09:36:22.610,3.466,300
2020-10-19 09:36:22.610,3.466,300
2020-10-19 09:36:22.610,3.466,300
2020-10-19 09:36:22.610,3.466,5000
2020-10-19 09:36:22.610,3.466,4000
2020-10-19 09:36:22.610,3.466,600
2020-10-19 09:36:22.610,3.466,500
2020-10-19 09:36:22.610,3.466,2500
2020-10-19 09:36:22.610,3.466,500
2020-10-19 09:36:22.610,3.466,10000
2020-10-19 09:36:22.610,3.466,5000
2020-10-19 09:36:22.610,3.466,2000
2020-10-19 09:36:22.610,3.466,400
2020-10-19 09:36:22.610,3.466,1000
2020-10-19 09:36:22.610,3.466,1100
2020-10-19 09:36:22.610,3.466,500
2020-10-19 09:36:22.610,3.466,4000
2020-10-19 09:36:22.610,3.466,7800
2020-10-19 09:36:22.860,3.465,200
2020-10-19 09:36:22.920,3.465,6900
2020-10-19 09:36:23.750,3.465,7300
2020-10-19 09:36:23.750,3.465,700
2020-10-19 09:36:24.480,3.465,20000
2020-10-19 09:36:25.470,3.465,2500
2020-10-19 09:36:25.560,3.465,10000
2020-10-19 09:36:25.950,3.465,2000
2020-10-19 09:36:26.380,3.465,100
2020-10-19 09:36:26.750,3.465,54000
2020-10-19 09:36:27.050,3.465,3900
2020-10-19 09:36:28.170,3.465,200
2020-10-19 09:36:28.640,3.465,3500
2020-10-19 09:36:30.000,3.465,70000
2020-10-19 09:36:30.230,3.465,2000
2020-10-19 09:36:30.710,3.465,22600
2020-10-19 09:36:30.770,3.465,5000
2020-10-19 09:36:33.050,3.465,1000
2020-10-19 09:36:33.140,3.465,6900
2020-10-19 09:36:33.770,3.466,10000
2020-10-19 09:36:34.170,3.465,8800
2020-10-19 09:36:34.550,3.465,100
2020-10-19 09:36:34.980,3.465,1000
2020-10-19 09:36:35.170,3.465,4500
2020-10-19 09:36:35.880,3.466,2500
2020-10-19 09:36:35.880,3.466,1000
2020-10-19 09:36:36.850,3.466,2000
2020-10-19 09:36:37.010,3.466,600
2020-10-19 09:36:37.130,3.466,1000
2020-10-19 09:36:37.260,3.466,3000
2020-10-19 09:36:38.180,3.466,10900
2020-10-19 09:36:38.240,3.466,3300
2020-10-19 09:36:38.300,3.466,1000
2020-10-19 09:36:38.670,3.466,2000
2020-10-19 09:36:38.880,3.466,700
2020-10-19 09:36:39.190,3.467,100
2020-10-19 09:36:39.190,3.467,100
2020-10-19 09:36:39.190,3.467,100
2020-10-19 09:36:39.190,3.467,100
2020-10-19 09:36:39.190,3.467,100
2020-10-19 09:36:39.190,3.467,100
2020-10-19 09:36:39.190,3.467,100
2020-10-19 09:36:39.190,3.467,100
2020-10-19 09:36:39.280,3.467,100
2020-10-19 09:36:39.280,3.467,100
2020-10-19 09:36:39.280,3.467,100
2020-10-19 09:36:39.280,3.467,100
2020-10-19 09:36:39.280,3.467,100
2020-10-19 09:36:39.280,3.467,100
2020-10-19 09:36:39.280,3.467,100
2020-10-19 09:36:39.280,3.467,100
2020-10-19 09:36:39.280,3.467,100
2020-10-19 09:36:39.280,3.467,100
2020-10-19 09:36:39.280,3.467,100
2020-10-19 09:36:39.280,3.467,100
2020-10-19 09:36:39.280,3.467,100
2020-10-19 09:36:39.390,3.467,100
2020-10-19 09:36:39.390,3.467,100
2020-10-19 09:36:39.390,3.467,100
2020-10-19 09:36:39.390,3.467,100
2020-10-19 09:36:39.390,3.467,100
2020-10-19 09:36:39.390,3.467,100
2020-10-19 09:36:39.390,3.467,100
2020-10-19 09:36:39.390,3.467,100
2020-10-19 09:36:39.390,3.467,100
2020-10-19 09:36:39.390,3.467,100
2020-10-19 09:36:39.390,3.467,100
2020-10-19 09:36:39.390,3.467,100
2020-10-19 09:36:39.390,3.467,100
2020-10-19 09:36:39.390,3.467,100
2020-10-19 09:36:39.390,3.467,100
2020-10-19 09:36:39.460,3.467,100
2020-10-19 09:36:39.460,3.467,100
2020-10-19 09:36:39.460,3.467,100
2020-10-19 09:36:39.460,3.467,100
2020-10-19 09:36:39.460,3.467,100
2020-10-19 09:36:39.460,3.467,100
2020-10-19 09:36:39.460,3.467,100
2020-10-19 09:36:39.460,3.467,100
2020-10-19 09:36:39.460,3.467,100
2020-10-19 09:36:39.460,3.467,100
2020-10-19 09:36:39.460,3.467,100
2020-10-19 09:36:39.460,3.467,100
2020-10-19 09:36:39.500,3.467,100
2020-10-19 09:36:39.500,3.467,100
2020-10-19 09:36:39.500,3.467,100
2020-10-19 09:36:39.500,3.467,100
2020-10-19 09:36:39.500,3.467,100
2020-10-19 09:36:39.500,3.467,100
2020-10-19 09:36:39.560,3.467,100
2020-10-19 09:36:39.560,3.467,100
2020-10-19 09:36:39.560,3.467,100
2020-10-19 09:36:39.560,3.467,100
2020-10-19 09:36:39.560,3.467,100
2020-10-19 09:36:39.620,3.467,100
2020-10-19 09:36:39.620,3.467,100
2020-10-19 09:36:39.620,3.467,100
2020-10-19 09:36:39.620,3.467,100
2020-10-19 09:36:39.620,3.467,100
2020-10-19 09:36:39.620,3.467,100
2020-10-19 09:36:39.620,3.467,100
2020-10-19 09:36:39.620,3.467,100
2020-10-19 09:36:39.650,3.467,100
2020-10-19 09:36:39.650,3.467,100
2020-10-19 09:36:39.650,3.467,100
2020-10-19 09:36:39.650,3.467,100
2020-10-19 09:36:39.650,3.467,100
2020-10-19 09:36:39.650,3.467,100
2020-10-19 09:36:39.710,3.467,100
2020-10-19 09:36:39.710,3.467,100
2020-10-19 09:36:39.710,3.467,100
2020-10-19 09:36:39.740,3.466,900
2020-10-19 09:36:39.740,3.466,1100
2020-10-19 09:36:39.800,3.467,100
2020-10-19 09:36:39.800,3.467,100
2020-10-19 09:36:39.800,3.467,100
2020-10-19 09:36:39.800,3.467,100
2020-10-19 09:36:39.800,3.467,100
2020-10-19 09:36:39.800,3.467,100
2020-10-19 09:36:39.800,3.467,100
2020-10-19 09:36:39.860,3.467,100
2020-10-19 09:36:39.860,3.467,100
2020-10-19 09:36:39.860,3.467,100
2020-10-19 09:36:39.860,3.467,100
2020-10-19 09:36:39.860,3.467,100
2020-10-19 09:36:39.860,3.467,100
2020-10-19 09:36:39.860,3.467,100
2020-10-19 09:36:39.920,3.467,100
2020-10-19 09:36:39.920,3.467,100
2020-10-19 09:36:39.920,3.467,100
2020-10-19 09:36:39.920,3.467,100
2020-10-19 09:36:39.920,3.467,100
2020-10-19 09:36:39.950,3.467,100
2020-10-19 09:36:39.950,3.467,100
2020-10-19 09:36:39.950,3.467,100
2020-10-19 09:36:40.010,3.467,100
2020-10-19 09:36:40.160,3.467,100
2020-10-19 09:36:40.530,3.466,5000
2020-10-19 09:36:40.680,3.466,20000
2020-10-19 09:36:42.390,3.466,300
2020-10-19 09:36:42.390,3.467,5000
2020-10-19 09:36:42.450,3.466,57500
2020-10-19 09:36:42.450,3.466,10000
2020-10-19 09:36:42.940,3.465,300
2020-10-19 09:36:42.970,3.466,20000
2020-10-19 09:36:43.030,3.466,2000
2020-10-19 09:36:43.060,3.466,100
2020-10-19 09:36:43.060,3.466,100
2020-10-19 09:36:43.060,3.466,100
2020-10-19 09:36:43.060,3.466,100
2020-10-19 09:36:43.060,3.466,100
2020-10-19 09:36:43.090,3.466,100
2020-10-19 09:36:43.120,3.466,50000
2020-10-19 09:36:43.120,3.466,100
2020-10-19 09:36:43.120,3.466,100
2020-10-19 09:36:43.120,3.466,100
2020-10-19 09:36:43.120,3.466,100
2020-10-19 09:36:43.120,3.466,100
2020-10-19 09:36:43.120,3.466,100
2020-10-19 09:36:43.120,3.466,100
2020-10-19 09:36:43.150,3.466,100
2020-10-19 09:36:43.150,3.466,100
2020-10-19 09:36:43.150,3.466,100
2020-10-19 09:36:43.150,3.466,100
2020-10-19 09:36:43.150,3.466,100
2020-10-19 09:36:43.210,3.466,100
2020-10-19 09:36:43.210,3.466,100
2020-10-19 09:36:43.210,3.466,100
2020-10-19 09:36:43.210,3.466,100
2020-10-19 09:36:43.210,3.466,100
2020-10-19 09:36:43.240,3.466,100
2020-10-19 09:36:43.240,3.466,100
2020-10-19 09:36:43.240,3.466,100
2020-10-19 09:36:43.320,3.466,100
2020-10-19 09:36:43.320,3.466,100
2020-10-19 09:36:43.320,3.466,100
2020-10-19 09:36:43.320,3.466,100
2020-10-19 09:36:43.320,3.466,100
2020-10-19 09:36:43.350,3.466,100
2020-10-19 09:36:43.350,3.466,100
2020-10-19 09:36:43.350,3.466,100
2020-10-19 09:36:43.350,3.466,100
2020-10-19 09:36:43.350,3.466,100
2020-10-19 09:36:43.390,3.466,100
2020-10-19 09:36:43.390,3.466,100
2020-10-19 09:36:43.390,3.466,100
2020-10-19 09:36:43.390,3.466,100
2020-10-19 09:36:43.390,3.466,100
2020-10-19 09:36:43.450,3.466,100
2020-10-19 09:36:43.450,3.466,100
2020-10-19 09:36:43.450,3.466,100
2020-10-19 09:36:43.450,3.466,100
2020-10-19 09:36:43.510,3.466,100
2020-10-19 09:36:43.570,3.466,100
2020-10-19 09:36:43.570,3.466,100
2020-10-19 09:36:43.570,3.466,100
2020-10-19 09:36:43.570,3.466,100
2020-10-19 09:36:43.570,3.466,100
2020-10-19 09:36:43.570,3.466,100
2020-10-19 09:36:43.570,3.466,100
2020-10-19 09:36:43.570,3.466,100
2020-10-19 09:36:43.570,3.466,100
2020-10-19 09:36:43.570,3.466,100
2020-10-19 09:36:43.570,3.466,100
2020-10-19 09:36:43.570,3.466,100
2020-10-19 09:36:43.570,3.466,100
2020-10-19 09:36:43.570,3.466,100
2020-10-19 09:36:43.570,3.466,100
2020-10-19 09:36:43.610,3.466,100
2020-10-19 09:36:43.610,3.466,100
2020-10-19 09:36:43.610,3.466,100
2020-10-19 09:36:43.610,3.466,100
2020-10-19 09:36:43.610,3.466,100
2020-10-19 09:36:43.610,3.466,100
2020-10-19 09:36:43.670,3.466,100
2020-10-19 09:36:43.670,3.466,100
2020-10-19 09:36:43.670,3.466,100
2020-10-19 09:36:43.670,3.466,100
2020-10-19 09:36:43.670,3.466,100
2020-10-19 09:36:43.670,3.466,100
2020-10-19 09:36:43.670,3.466,100
2020-10-19 09:36:43.670,3.466,100
2020-10-19 09:36:43.700,3.466,5000
2020-10-19 09:36:43.700,3.466,2000
2020-10-19 09:36:43.700,3.466,41400
2020-10-19 09:36:43.700,3.466,20000
2020-10-19 09:36:43.700,3.467,100
2020-10-19 09:36:43.700,3.467,100
2020-10-19 09:36:43.700,3.467,100
2020-10-19 09:36:43.700,3.467,100
2020-10-19 09:36:43.700,3.467,100
2020-10-19 09:36:43.700,3.467,100
2020-10-19 09:36:43.770,3.467,100
2020-10-19 09:36:43.770,3.467,100
2020-10-19 09:36:43.770,3.467,100
2020-10-19 09:36:43.770,3.467,100
2020-10-19 09:36:43.770,3.467,100
2020-10-19 09:36:43.770,3.467,100
2020-10-19 09:36:43.800,3.467,100
2020-10-19 09:36:43.910,3.467,100
2020-10-19 09:36:43.980,3.467,100
2020-10-19 09:36:43.980,3.467,100
2020-10-19 09:36:43.980,3.467,100
2020-10-19 09:36:43.980,3.467,100
2020-10-19 09:36:43.980,3.467,100
2020-10-19 09:36:43.980,3.467,100
2020-10-19 09:36:43.980,3.467,100
2020-10-19 09:36:43.980,3.467,100
2020-10-19 09:36:43.980,3.467,100
2020-10-19 09:36:43.980,3.467,100
2020-10-19 09:36:44.100,3.467,100
2020-10-19 09:36:45.020,3.466,1400
2020-10-19 09:36:45.720,3.466,4100
2020-10-19 09:36:46.510,3.466,2000
2020-10-19 09:36:46.570,3.466,50000
2020-10-19 09:36:46.690,3.466,300
2020-10-19 09:36:47.890,3.466,3000
2020-10-19 09:36:48.290,3.466,2200
2020-10-19 09:36:48.590,3.466,1000
2020-10-19 09:36:48.590,3.466,2000
2020-10-19 09:36:48.810,3.466,1000
2020-10-19 09:36:49.090,3.467,100
2020-10-19 09:36:49.090,3.467,100
2020-10-19 09:36:49.090,3.467,100
2020-10-19 09:36:49.150,3.467,100
2020-10-19 09:36:49.150,3.467,100
2020-10-19 09:36:49.150,3.467,100
2020-10-19 09:36:49.150,3.467,100
2020-10-19 09:36:49.150,3.467,100
2020-10-19 09:36:49.180,3.467,100
2020-10-19 09:36:49.180,3.467,100
2020-10-19 09:36:49.180,3.467,100
2020-10-19 09:36:49.180,3.467,100
2020-10-19 09:36:49.180,3.467,100
2020-10-19 09:36:49.180,3.467,100
2020-10-19 09:36:49.180,3.467,100
2020-10-19 09:36:49.180,3.467,100
2020-10-19 09:36:49.180,3.467,100
2020-10-19 09:36:49.180,3.467,100
2020-10-19 09:36:49.260,3.466,2000
2020-10-19 09:36:49.260,3.467,100
2020-10-19 09:36:49.260,3.467,100
2020-10-19 09:36:49.260,3.467,100
2020-10-19 09:36:49.260,3.467,100
2020-10-19 09:36:49.260,3.467,100
2020-10-19 09:36:49.260,3.466,48000
2020-10-19 09:36:49.260,3.467,100
2020-10-19 09:36:49.260,3.467,100
2020-10-19 09:36:49.260,3.467,100
2020-10-19 09:36:49.260,3.467,100
2020-10-19 09:36:49.260,3.467,100
2020-10-19 09:36:49.300,3.467,100
2020-10-19 09:36:49.300,3.467,100
2020-10-19 09:36:49.300,3.467,100
2020-10-19 09:36:49.300,3.467,100
2020-10-19 09:36:49.300,3.467,100
2020-10-19 09:36:49.330,3.467,100
2020-10-19 09:36:49.330,3.467,100
2020-10-19 09:36:49.330,3.467,100
2020-10-19 09:36:49.330,3.467,100
2020-10-19 09:36:49.420,3.467,100
2020-10-19 09:36:49.420,3.467,100
2020-10-19 09:36:49.420,3.467,100
2020-10-19 09:36:49.420,3.467,100
2020-10-19 09:36:49.420,3.467,100
2020-10-19 09:36:49.420,3.467,100
2020-10-19 09:36:49.420,3.467,100
2020-10-19 09:36:49.460,3.467,100
2020-10-19 09:36:49.490,3.467,100
2020-10-19 09:36:49.490,3.467,100
2020-10-19 09:36:49.490,3.467,100
2020-10-19 09:36:49.490,3.467,100
2020-10-19 09:36:49.490,3.467,100
2020-10-19 09:36:49.550,3.467,100
2020-10-19 09:36:49.550,3.467,100
2020-10-19 09:36:49.550,3.467,100
2020-10-19 09:36:49.550,3.467,100
2020-10-19 09:36:49.550,3.467,100
2020-10-19 09:36:49.550,3.467,100
2020-10-19 09:36:49.580,3.467,100
2020-10-19 09:36:49.580,3.467,100
2020-10-19 09:36:49.580,3.467,100
2020-10-19 09:36:49.610,3.467,100
2020-10-19 09:36:49.670,3.467,100
2020-10-19 09:36:49.670,3.467,100
2020-10-19 09:36:49.670,3.467,100
2020-10-19 09:36:49.670,3.467,100
2020-10-19 09:36:49.670,3.467,100
2020-10-19 09:36:49.670,3.467,100
2020-10-19 09:36:49.690,3.467,100
2020-10-19 09:36:49.690,3.467,100
2020-10-19 09:36:49.690,3.467,100
2020-10-19 09:36:49.690,3.467,100
2020-10-19 09:36:49.690,3.467,100
2020-10-19 09:36:49.690,3.467,100
2020-10-19 09:36:49.690,3.467,100
2020-10-19 09:36:49.690,3.466,5000
2020-10-19 09:36:49.750,3.467,500
2020-10-19 09:36:49.750,3.467,22200
2020-10-19 09:36:49.750,3.467,10000
2020-10-19 09:36:49.750,3.467,1800
2020-10-19 09:36:49.750,3.467,48000
2020-10-19 09:36:49.750,3.467,1000
2020-10-19 09:36:49.750,3.467,3000
2020-10-19 09:36:49.750,3.467,1300
2020-10-19 09:36:49.750,3.467,100
2020-10-19 09:36:49.750,3.467,700
2020-10-19 09:36:49.750,3.467,500
2020-10-19 09:36:49.750,3.467,1000
2020-10-19 09:36:49.750,3.467,500
2020-10-19 09:36:49.750,3.467,2000
2020-10-19 09:36:49.750,3.467,2000
2020-10-19 09:36:49.750,3.467,5000
2020-10-19 09:36:49.750,3.467,10000
2020-10-19 09:36:49.750,3.467,100
2020-10-19 09:36:49.750,3.467,1500
2020-10-19 09:36:49.750,3.467,5000
2020-10-19 09:36:49.750,3.467,183800
2020-10-19 09:36:49.750,3.467,100
2020-10-19 09:36:49.750,3.467,100
2020-10-19 09:36:49.750,3.467,100
2020-10-19 09:36:49.750,3.467,100
2020-10-19 09:36:49.750,3.467,100
2020-10-19 09:36:49.750,3.467,100
2020-10-19 09:36:49.810,3.467,100
2020-10-19 09:36:49.810,3.467,100
2020-10-19 09:36:49.810,3.467,100
2020-10-19 09:36:49.810,3.467,100
2020-10-19 09:36:49.810,3.467,100
2020-10-19 09:36:49.880,3.467,100
2020-10-19 09:36:49.880,3.467,100
2020-10-19 09:36:49.880,3.467,100
2020-10-19 09:36:49.880,3.467,100
2020-10-19 09:36:49.880,3.467,100
2020-10-19 09:36:49.880,3.467,100
2020-10-19 09:36:49.880,3.467,100
2020-10-19 09:36:49.880,3.467,100
2020-10-19 09:36:49.910,3.467,100
2020-10-19 09:36:49.910,3.467,100
2020-10-19 09:36:49.910,3.467,100
2020-10-19 09:36:49.910,3.467,100
2020-10-19 09:36:49.910,3.467,100
2020-10-19 09:36:49.910,3.467,100
2020-10-19 09:36:49.910,3.467,100
2020-10-19 09:36:49.940,3.466,6000
2020-10-19 09:36:50.090,3.467,100
2020-10-19 09:36:50.610,3.466,10000
2020-10-19 09:36:50.630,3.467,18000
2020-10-19 09:36:50.660,3.466,200
2020-10-19 09:36:51.860,3.467,1100
2020-10-19 09:36:51.910,3.466,100
2020-10-19 09:36:51.910,3.466,300
2020-10-19 09:36:52.430,3.466,12700
2020-10-19 09:36:52.860,3.466,300
2020-10-19 09:36:52.930,3.466,100
2020-10-19 09:36:53.680,3.466,15000
2020-10-19 09:36:53.800,3.467,10800
2020-10-19 09:36:54.650,3.467,4000
2020-10-19 09:36:55.590,3.467,20000
2020-10-19 09:36:56.130,3.467,28900
2020-10-19 09:36:56.870,3.467,1700
2020-10-19 09:36:58.200,3.466,300
2020-10-19 09:36:58.890,3.467,29000
2020-10-19 09:36:58.890,3.467,100
2020-10-19 09:36:58.890,3.467,30900
2020-10-19 09:36:58.890,3.467,14100
2020-10-19 09:36:58.890,3.467,45900
2020-10-19 09:36:58.920,3.467,77100
2020-10-19 09:36:58.920,3.467,1200
2020-10-19 09:36:58.920,3.467,5000
2020-10-19 09:36:58.920,3.467,2500
2020-10-19 09:36:59.460,3.468,100000
2020-10-19 09:37:00.440,3.467,500
2020-10-19 09:37:00.490,3.467,10000
2020-10-19 09:37:00.730,3.467,5000
2020-10-19 09:37:01.660,3.468,50000
2020-10-19 09:37:02.350,3.468,2000
2020-10-19 09:37:02.590,3.467,5800
2020-10-19 09:37:02.740,3.468,300000
2020-10-19 09:37:02.900,3.467,6100
2020-10-19 09:37:03.200,3.467,46200
2020-10-19 09:37:03.310,3.467,3900
2020-10-19 09:37:04.960,3.467,30000
2020-10-19 09:37:05.040,3.467,17600
2020-10-19 09:37:05.430,3.468,100
2020-10-19 09:37:05.910,3.468,10000
2020-10-19 09:37:07.000,3.468,17800
2020-10-19 09:37:07.170,3.467,2500
2020-10-19 09:37:07.500,3.467,22600
2020-10-19 09:37:07.750,3.468,5000
2020-10-19 09:37:08.000,3.467,2500
2020-10-19 09:37:08.240,3.468,231100
2020-10-19 09:37:08.240,3.468,68900
2020-10-19 09:37:08.270,3.467,1000
2020-10-19 09:37:08.390,3.468,6300
2020-10-19 09:37:08.460,3.468,1400
2020-10-19 09:37:10.410,3.468,2200
2020-10-19 09:37:11.230,3.468,300000
2020-10-19 09:37:11.470,3.468,300
2020-10-19 09:37:11.560,3.468,1600
2020-10-19 09:37:12.110,3.467,10000
2020-10-19 09:37:12.200,3.467,300
2020-10-19 09:37:13.410,3.468,300000
2020-10-19 09:37:13.470,3.468,2000
2020-10-19 09:37:13.500,3.468,10000
2020-10-19 09:37:13.500,3.468,8100
2020-10-19 09:37:13.920,3.468,1200
2020-10-19 09:37:14.740,3.468,298000
2020-10-19 09:37:14.740,3.468,2000
2020-10-19 09:37:15.910,3.467,1500
2020-10-19 09:37:16.330,3.468,28000
2020-10-19 09:37:16.330,3.468,1000
2020-10-19 09:37:16.330,3.468,500
2020-10-19 09:37:16.330,3.468,5500
2020-10-19 09:37:16.480,3.468,10000
2020-10-19 09:37:16.630,3.467,11000
2020-10-19 09:37:16.660,3.467,2000
2020-10-19 09:37:16.900,3.467,35700
2020-10-19 09:37:16.900,3.467,4000
2020-10-19 09:37:16.900,3.467,3600
2020-10-19 09:37:16.900,3.467,6700
2020-10-19 09:37:17.860,3.467,2900
2020-10-19 09:37:17.860,3.467,50000
2020-10-19 09:37:17.860,3.467,30000
2020-10-19 09:37:17.860,3.467,40000
2020-10-19 09:37:17.860,3.467,300000
2020-10-19 09:37:17.860,3.467,30000
2020-10-19 09:37:17.860,3.467,10000
2020-10-19 09:37:17.860,3.467,50000
2020-10-19 09:37:18.420,3.467,9400
2020-10-19 09:37:18.520,3.467,50000
2020-10-19 09:37:19.520,3.467,80000
2020-10-19 09:37:19.520,3.467,40000
2020-10-19 09:37:19.520,3.467,100000
2020-10-19 09:37:19.520,3.467,100000
2020-10-19 09:37:19.550,3.467,7700
2020-10-19 09:37:19.550,3.467,72500
2020-10-19 09:37:19.580,3.468,30000
2020-10-19 09:37:19.760,3.468,2100
2020-10-19 09:37:20.550,3.467,1000
2020-10-19 09:37:20.790,3.468,28600
2020-10-19 09:37:20.820,3.468,1200
2020-10-19 09:37:21.030,3.468,400
2020-10-19 09:37:21.970,3.468,3700
2020-10-19 09:37:22.310,3.467,218800
2020-10-19 09:37:22.310,3.467,40000
2020-10-19 09:37:22.310,3.467,30000
2020-10-19 09:37:22.310,3.467,300
2020-10-19 09:37:23.280,3.467,50000
2020-10-19 09:37:23.280,3.467,50000
2020-10-19 09:37:24.420,3.467,15000
2020-10-19 09:37:25.450,3.467,2100
2020-10-19 09:37:26.640,3.467,100
2020-10-19 09:37:27.030,3.467,1000
2020-10-19 09:37:27.070,3.467,45000
2020-10-19 09:37:27.310,3.467,47700
2020-10-19 09:37:27.310,3.467,49000
2020-10-19 09:37:28.050,3.467,6000
2020-10-19 09:37:28.050,3.467,5000
2020-10-19 09:37:28.050,3.467,1000
2020-10-19 09:37:28.050,3.467,2000
2020-10-19 09:37:28.050,3.468,205400
2020-10-19 09:37:28.050,3.468,2000
2020-10-19 09:37:28.050,3.468,2100
2020-10-19 09:37:28.050,3.468,6000
2020-10-19 09:37:28.050,3.468,2000
2020-10-19 09:37:28.050,3.468,100
2020-10-19 09:37:28.050,3.468,300
2020-10-19 09:37:28.050,3.468,1000
2020-10-19 09:37:28.050,3.468,900
2020-10-19 09:37:28.050,3.468,200
2020-10-19 09:37:28.050,3.468,100
2020-10-19 09:37:28.050,3.468,2000
2020-10-19 09:37:28.050,3.468,2000
2020-10-19 09:37:28.050,3.468,400
2020-10-19 09:37:28.050,3.468,2000
2020-10-19 09:37:28.050,3.468,1000
2020-10-19 09:37:28.050,3.468,20000
2020-10-19 09:37:28.050,3.468,800
2020-10-19 09:37:28.050,3.468,20000
2020-10-19 09:37:28.050,3.468,5000
2020-10-19 09:37:28.050,3.468,2000
2020-10-19 09:37:28.050,3.468,6700
2020-10-19 09:37:28.050,3.468,100
2020-10-19 09:37:28.050,3.468,3000
2020-10-19 09:37:28.050,3.468,500
2020-10-19 09:37:28.050,3.468,10000
2020-10-19 09:37:28.050,3.468,3000
2020-10-19 09:37:28.050,3.468,11600
2020-10-19 09:37:28.050,3.468,4000
2020-10-19 09:37:28.050,3.468,200
2020-10-19 09:37:28.050,3.468,500
2020-10-19 09:37:28.050,3.468,14000
2020-10-19 09:37:28.050,3.468,9000
2020-10-19 09:37:28.050,3.468,5000
2020-10-19 09:37:28.050,3.468,5000
2020-10-19 09:37:28.050,3.468,7400
2020-10-19 09:37:28.050,3.468,7300
2020-10-19 09:37:28.050,3.469,9900
2020-10-19 09:37:28.050,3.469,5000
2020-10-19 09:37:28.050,3.469,1000
2020-10-19 09:37:28.050,3.469,10000
2020-10-19 09:37:28.050,3.469,1000
2020-10-19 09:37:28.050,3.469,6000
2020-10-19 09:37:28.050,3.469,5000
2020-10-19 09:37:28.050,3.469,300
2020-10-19 09:37:28.050,3.469,1000
2020-10-19 09:37:28.050,3.469,500
2020-10-19 09:37:28.050,3.469,1000
2020-10-19 09:37:28.050,3.469,100
2020-10-19 09:37:28.050,3.469,2000
2020-10-19 09:37:28.050,3.469,5000
2020-10-19 09:37:28.050,3.469,8800
2020-10-19 09:37:28.050,3.469,1000
2020-10-19 09:37:28.050,3.469,20000
2020-10-19 09:37:28.050,3.469,10000
2020-10-19 09:37:28.050,3.469,7000
2020-10-19 09:37:28.050,3.469,5000
2020-10-19 09:37:28.050,3.469,3000
2020-10-19 09:37:28.050,3.469,2000
2020-10-19 09:37:28.050,3.469,20000
2020-10-19 09:37:28.050,3.469,4400
2020-10-19 09:37:28.050,3.469,15000
2020-10-19 09:37:28.050,3.469,1000
2020-10-19 09:37:28.050,3.469,30000
2020-10-19 09:37:28.050,3.469,1600
2020-10-19 09:37:28.050,3.469,2200
2020-10-19 09:37:28.050,3.469,400
2020-10-19 09:37:28.050,3.469,100
2020-10-19 09:37:28.050,3.469,1000
2020-10-19 09:37:28.050,3.469,1900
2020-10-19 09:37:28.050,3.469,900
2020-10-19 09:37:28.050,3.469,500
2020-10-19 09:37:28.050,3.469,25000
2020-10-19 09:37:28.050,3.469,500
2020-10-19 09:37:28.050,3.469,15000
2020-10-19 09:37:28.050,3.469,5000
2020-10-19 09:37:28.050,3.469,1900
2020-10-19 09:37:28.050,3.469,10000
2020-10-19 09:37:28.050,3.469,10000
2020-10-19 09:37:28.050,3.469,300
2020-10-19 09:37:28.050,3.469,10000
2020-10-19 09:37:28.050,3.469,1000
2020-10-19 09:37:28.050,3.469,2000
2020-10-19 09:37:28.050,3.469,373100
2020-10-19 09:37:28.200,3.467,36000
2020-10-19 09:37:28.200,3.466,3000
2020-10-19 09:37:28.200,3.466,15000
2020-10-19 09:37:28.200,3.466,11300
2020-10-19 09:37:28.720,3.468,9000
2020-10-19 09:37:29.610,3.467,5000
2020-10-19 09:37:29.610,3.467,19000
2020-10-19 09:37:30.670,3.468,5100
2020-10-19 09:37:30.670,3.467,81000
2020-10-19 09:37:30.670,3.467,6100
2020-10-19 09:37:33.020,3.467,3000
2020-10-19 09:37:33.650,3.467,2000
2020-10-19 09:37:33.870,3.467,5000
2020-10-19 09:37:34.520,3.466,6000
2020-10-19 09:37:34.520,3.466,6000
2020-10-19 09:37:34.520,3.466,52300
2020-10-19 09:37:34.520,3.466,700
2020-10-19 09:37:34.520,3.466,4300
2020-10-19 09:37:34.520,3.466,1000
2020-10-19 09:37:34.990,3.466,14000
2020-10-19 09:37:34.990,3.466,500
2020-10-19 09:37:35.180,3.466,15000
2020-10-19 09:37:36.260,3.466,5000
2020-10-19 09:37:36.900,3.466,62500
2020-10-19 09:37:37.780,3.466,200
2020-10-19 09:37:38.060,3.465,80900
2020-10-19 09:37:38.060,3.465,3000
2020-10-19 09:37:38.060,3.465,20000
2020-10-19 09:37:38.060,3.465,2000
2020-10-19 09:37:38.060,3.465,4100
2020-10-19 09:37:38.060,3.465,3400
2020-10-19 09:37:38.060,3.465,100
2020-10-19 09:37:38.060,3.465,20000
2020-10-19 09:37:38.060,3.465,11400
2020-10-19 09:37:38.060,3.465,13600
2020-10-19 09:37:38.060,3.465,2900
2020-10-19 09:37:38.060,3.465,2000
2020-10-19 09:37:38.060,3.464,50000
2020-10-19 09:37:38.060,3.464,2000
2020-10-19 09:37:38.060,3.464,10000
2020-10-19 09:37:38.060,3.464,93000
2020-10-19 09:37:38.060,3.463,181600
2020-10-19 09:37:38.120,3.466,27300
2020-10-19 09:37:38.180,3.466,100
2020-10-19 09:37:38.830,3.465,10800
2020-10-19 09:37:39.260,3.465,3600
2020-10-19 09:37:40.750,3.465,300
2020-10-19 09:37:41.110,3.465,100
2020-10-19 09:37:42.840,3.465,3000
2020-10-19 09:37:43.050,3.465,2300
2020-10-19 09:37:43.240,3.465,300
2020-10-19 09:37:44.490,3.465,20800
2020-10-19 09:37:45.250,3.465,1100
2020-10-19 09:37:45.720,3.465,200
2020-10-19 09:37:46.480,3.464,1400
2020-10-19 09:37:46.870,3.465,90000
2020-10-19 09:37:46.870,3.465,90000
2020-10-19 09:37:47.260,3.465,118700
2020-10-19 09:37:47.260,3.465,3000
2020-10-19 09:37:47.260,3.465,100
2020-10-19 09:37:47.260,3.465,300
2020-10-19 09:37:48.460,3.465,3000
2020-10-19 09:37:49.320,3.465,20000
2020-10-19 09:37:49.470,3.466,1000
2020-10-19 09:37:49.920,3.465,154900
2020-10-19 09:37:49.920,3.465,45100
2020-10-19 09:37:49.950,3.466,3000
2020-10-19 09:37:50.710,3.465,11700
2020-10-19 09:37:50.910,3.466,8000
2020-10-19 09:37:51.030,3.465,10000
2020-10-19 09:37:51.640,3.465,5000
2020-10-19 09:37:51.930,3.465,25000
2020-10-19 09:37:52.230,3.465,200
2020-10-19 09:37:52.560,3.465,50000
2020-10-19 09:37:53.260,3.465,9900
2020-10-19 09:37:54.020,3.465,3000
2020-10-19 09:37:55.510,3.465,8700
2020-10-19 09:37:55.820,3.465,10000
2020-10-19 09:37:56.700,3.466,14300
2020-10-19 09:37:58.590,3.466,2000
2020-10-19 09:37:59.180,3.465,800
2020-10-19 09:37:59.890,3.465,1000
2020-10-19 09:38:00.190,3.465,3000
2020-10-19 09:38:00.930,3.465,116600
2020-10-19 09:38:00.930,3.465,40000
2020-10-19 09:38:00.930,3.465,22100
