Datetime,Price,Volume
2020-10-19 09:25:00.160,4.88,600
2020-10-19 09:25:00.160,4.88,4100
2020-10-19 09:25:00.160,4.88,100
2020-10-19 09:25:00.160,4.88,12000
2020-10-19 09:25:00.160,4.88,3200
2020-10-19 09:25:00.160,4.88,1300
2020-10-19 09:25:00.160,4.88,500
2020-10-19 09:25:00.160,4.88,200
2020-10-19 09:25:00.160,4.88,1000
2020-10-19 09:25:00.160,4.88,200
2020-10-19 09:25:00.160,4.88,4000
2020-10-19 09:25:00.160,4.88,1000
2020-10-19 09:25:00.160,4.88,500
2020-10-19 09:25:00.160,4.88,500
2020-10-19 09:25:00.160,4.88,4100
2020-10-19 09:25:00.160,4.88,100
2020-10-19 09:25:00.160,4.88,10000
2020-10-19 09:25:00.160,4.88,1000
2020-10-19 09:25:00.160,4.88,600
2020-10-19 09:25:00.160,4.88,500
2020-10-19 09:25:00.160,4.88,5000
2020-10-19 09:25:00.160,4.88,2600
2020-10-19 09:25:00.160,4.88,6900
2020-10-19 09:25:00.160,4.88,5100
2020-10-19 09:25:00.160,4.88,14300
2020-10-19 09:25:00.160,4.88,6000
2020-10-19 09:25:00.160,4.88,6000
2020-10-19 09:25:00.160,4.88,3700
2020-10-19 09:25:00.160,4.88,5500
2020-10-19 09:25:00.160,4.88,500
2020-10-19 09:25:00.160,4.88,1500
2020-10-19 09:25:00.160,4.88,4500
2020-10-19 09:25:00.160,4.88,300
2020-10-19 09:25:00.160,4.88,1000
2020-10-19 09:25:00.160,4.88,1000
2020-10-19 09:25:00.160,4.88,3200
2020-10-19 09:25:00.160,4.88,3000
2020-10-19 09:25:00.160,4.88,300
2020-10-19 09:25:00.160,4.88,1000
2020-10-19 09:25:00.160,4.88,400
2020-10-19 09:25:00.160,4.88,2100
2020-10-19 09:25:00.160,4.88,100
2020-10-19 09:25:00.160,4.88,200
2020-10-19 09:25:00.160,4.88,100
2020-10-19 09:25:00.160,4.88,600
2020-10-19 09:25:00.160,4.88,200
2020-10-19 09:25:00.160,4.88,800
2020-10-19 09:25:00.160,4.88,200
2020-10-19 09:25:00.160,4.88,3800
2020-10-19 09:25:00.160,4.88,500
2020-10-19 09:25:00.160,4.88,3000
2020-10-19 09:25:00.160,4.88,900
2020-10-19 09:25:00.160,4.88,100
2020-10-19 09:25:00.160,4.88,9000
2020-10-19 09:25:00.160,4.88,200
2020-10-19 09:25:00.160,4.88,100
2020-10-19 09:25:00.160,4.88,200
2020-10-19 09:25:00.160,4.88,200
2020-10-19 09:25:00.160,4.88,10600
2020-10-19 09:25:00.160,4.88,200
2020-10-19 09:25:00.160,4.88,300
2020-10-19 09:25:00.160,4.88,100
2020-10-19 09:25:00.160,4.88,300
2020-10-19 09:25:00.160,4.88,200
2020-10-19 09:25:00.160,4.88,1400
2020-10-19 09:25:00.160,4.88,200
2020-10-19 09:25:00.160,4.88,100
2020-10-19 09:25:00.160,4.88,1100
2020-10-19 09:25:00.160,4.88,300
2020-10-19 09:25:00.160,4.88,400
2020-10-19 09:25:00.160,4.88,100
2020-10-19 09:25:00.160,4.88,300
2020-10-19 09:25:00.160,4.88,100
2020-10-19 09:25:00.160,4.88,200
2020-10-19 09:25:00.160,4.88,9800
2020-10-19 09:25:00.160,4.88,200
2020-10-19 09:25:00.160,4.88,200
2020-10-19 09:25:00.160,4.88,100
2020-10-19 09:25:00.160,4.88,100
2020-10-19 09:25:00.160,4.88,300
2020-10-19 09:25:00.160,4.88,500
2020-10-19 09:25:00.160,4.88,4100
2020-10-19 09:25:00.160,4.88,100
2020-10-19 09:25:00.160,4.88,900
2020-10-19 09:25:00.160,4.88,600
2020-10-19 09:25:00.160,4.88,200
2020-10-19 09:25:00.160,4.88,200
2020-10-19 09:25:00.160,4.88,1300
2020-10-19 09:25:00.160,4.88,500
2020-10-19 09:25:00.160,4.88,100
2020-10-19 09:25:00.160,4.88,100
2020-10-19 09:25:00.160,4.88,7200
2020-10-19 09:25:00.160,4.88,7400
2020-10-19 09:25:00.160,4.88,95200
2020-10-19 09:25:00.160,4.88,3500
2020-10-19 09:25:00.160,4.88,2500
2020-10-19 09:25:00.160,4.88,20000
2020-10-19 09:25:00.160,4.88,6000
2020-10-19 09:25:00.160,4.88,8100
2020-10-19 09:25:00.160,4.88,6000
2020-10-19 09:25:00.160,4.88,4600
2020-10-19 09:25:00.160,4.88,37300
2020-10-19 09:25:00.160,4.88,29500
2020-10-19 09:25:00.160,4.88,1000
2020-10-19 09:25:00.160,4.88,500
2020-10-19 09:25:00.160,4.88,200
2020-10-19 09:25:00.160,4.88,20000
2020-10-19 09:25:00.160,4.88,100
2020-10-19 09:25:00.160,4.88,100
2020-10-19 09:25:00.160,4.88,1100
2020-10-19 09:25:00.160,4.88,300
2020-10-19 09:25:00.160,4.88,1000
2020-10-19 09:25:00.160,4.88,6100
2020-10-19 09:25:00.160,4.88,200
2020-10-19 09:25:00.160,4.88,100
2020-10-19 09:25:00.160,4.88,200
2020-10-19 09:25:00.160,4.88,200
2020-10-19 09:25:00.160,4.88,700
2020-10-19 09:25:00.160,4.88,200
2020-10-19 09:25:00.160,4.88,100
2020-10-19 09:25:00.160,4.88,100
2020-10-19 09:25:00.160,4.88,200
2020-10-19 09:25:00.160,4.88,100
2020-10-19 09:25:00.160,4.88,4000
2020-10-19 09:25:00.160,4.88,2200
2020-10-19 09:25:00.160,4.88,2300
2020-10-19 09:25:00.160,4.88,4700
2020-10-19 09:25:00.160,4.88,7000
2020-10-19 09:25:00.160,4.88,3000
2020-10-19 09:25:00.160,4.88,1000
2020-10-19 09:25:00.160,4.88,15000
2020-10-19 09:25:00.160,4.88,21300
2020-10-19 09:25:00.160,4.88,400
2020-10-19 09:25:00.160,4.88,100
2020-10-19 09:25:00.160,4.88,500
2020-10-19 09:25:00.160,4.88,4100
2020-10-19 09:25:00.160,4.88,4200
2020-10-19 09:25:00.160,4.88,19100
2020-10-19 09:25:00.160,4.88,3000
2020-10-19 09:25:00.160,4.88,700
2020-10-19 09:25:00.160,4.88,5000
2020-10-19 09:25:00.160,4.88,500
2020-10-19 09:25:00.160,4.88,600
2020-10-19 09:25:00.160,4.88,3000
2020-10-19 09:25:00.160,4.88,6000
2020-10-19 09:25:00.160,4.88,900
2020-10-19 09:25:00.160,4.88,700
2020-10-19 09:25:00.160,4.88,2500
2020-10-19 09:25:00.160,4.88,400
2020-10-19 09:25:00.160,4.88,600
2020-10-19 09:25:00.160,4.88,200
2020-10-19 09:25:00.160,4.88,1200
2020-10-19 09:25:00.160,4.88,300
2020-10-19 09:25:00.160,4.88,2000
2020-10-19 09:25:00.160,4.88,500
2020-10-19 09:25:00.160,4.88,2800
2020-10-19 09:25:00.160,4.88,5000
2020-10-19 09:25:00.160,4.88,2200
2020-10-19 09:25:00.160,4.88,1800
2020-10-19 09:25:00.160,4.88,28700
2020-10-19 09:25:00.160,4.88,1300
2020-10-19 09:25:00.160,4.88,700
2020-10-19 09:25:00.160,4.88,1000
2020-10-19 09:25:00.160,4.88,56300
2020-10-19 09:25:00.160,4.88,4000
2020-10-19 09:25:00.160,4.88,6000
2020-10-19 09:25:00.160,4.88,700
2020-10-19 09:25:00.160,4.88,500
2020-10-19 09:25:00.160,4.88,7000
2020-10-19 09:25:00.160,4.88,7000
2020-10-19 09:25:00.160,4.88,3600
2020-10-19 09:25:00.160,4.88,200
2020-10-19 09:25:00.160,4.88,2000
2020-10-19 09:25:00.160,4.88,1000
2020-10-19 09:25:00.160,4.88,10000
2020-10-19 09:25:00.160,4.88,2500
2020-10-19 09:25:00.160,4.88,1500
2020-10-19 09:25:00.160,4.88,1500
2020-10-19 09:25:00.160,4.88,300
2020-10-19 09:25:00.160,4.88,3000
2020-10-19 09:25:00.160,4.88,500
2020-10-19 09:25:00.160,4.88,1100
2020-10-19 09:25:00.160,4.88,500
2020-10-19 09:25:00.160,4.88,200
2020-10-19 09:25:00.160,4.88,100
2020-10-19 09:25:00.160,4.88,12000
2020-10-19 09:25:00.160,4.88,1300
2020-10-19 09:25:00.160,4.88,6000
2020-10-19 09:25:00.160,4.88,700
2020-10-19 09:25:00.160,4.88,5100
2020-10-19 09:25:00.160,4.88,1100
2020-10-19 09:25:00.160,4.88,27000
2020-10-19 09:25:00.160,4.88,5000
2020-10-19 09:25:00.160,4.88,300
2020-10-19 09:25:00.160,4.88,200000
2020-10-19 09:25:00.160,4.88,10000
2020-10-19 09:25:00.160,4.88,2000
2020-10-19 09:25:00.160,4.88,600
2020-10-19 09:25:00.160,4.88,600
2020-10-19 09:25:00.160,4.88,3500
2020-10-19 09:25:00.160,4.88,6000
2020-10-19 09:25:00.160,4.88,200
2020-10-19 09:25:00.160,4.88,5500
2020-10-19 09:25:00.160,4.88,10000
2020-10-19 09:25:00.160,4.88,700
2020-10-19 09:25:00.160,4.88,300
2020-10-19 09:25:00.160,4.88,10000
2020-10-19 09:25:00.160,4.88,2500
2020-10-19 09:25:00.160,4.88,500
2020-10-19 09:25:00.160,4.88,29600
2020-10-19 09:25:00.160,4.88,4000
2020-10-19 09:25:00.160,4.88,30000
2020-10-19 09:25:00.160,4.88,23900
2020-10-19 09:25:00.160,4.88,2000
2020-10-19 09:25:00.160,4.88,20000
2020-10-19 09:25:00.160,4.88,100
2020-10-19 09:25:00.160,4.88,100
2020-10-19 09:25:00.160,4.88,3300
2020-10-19 09:25:00.160,4.88,500
2020-10-19 09:25:00.160,4.88,2500
2020-10-19 09:25:00.160,4.88,26000
2020-10-19 09:25:00.160,4.88,2500
2020-10-19 09:25:00.160,4.88,1700
2020-10-19 09:25:00.160,4.88,1000
2020-10-19 09:25:00.160,4.88,100
2020-10-19 09:25:00.160,4.88,4000
2020-10-19 09:25:00.160,4.88,10000
2020-10-19 09:25:00.160,4.88,2300
2020-10-19 09:25:00.160,4.88,3500
2020-10-19 09:25:00.160,4.88,200
2020-10-19 09:25:00.160,4.88,300
2020-10-19 09:25:00.160,4.88,700
2020-10-19 09:25:00.160,4.88,1000
2020-10-19 09:25:00.160,4.88,4000
2020-10-19 09:25:00.160,4.88,5000
2020-10-19 09:25:00.160,4.88,65500
2020-10-19 09:25:00.160,4.88,1100
2020-10-19 09:25:00.160,4.88,500
2020-10-19 09:25:00.160,4.88,8400
2020-10-19 09:25:00.160,4.88,5000
2020-10-19 09:25:00.160,4.88,20000
2020-10-19 09:25:00.160,4.88,2000
2020-10-19 09:25:00.160,4.88,2600
2020-10-19 09:25:00.160,4.88,1000
2020-10-19 09:25:00.160,4.88,56800
2020-10-19 09:25:00.160,4.88,5000
2020-10-19 09:25:00.160,4.88,8000
2020-10-19 09:25:00.160,4.88,300
2020-10-19 09:25:00.160,4.88,100
2020-10-19 09:25:00.160,4.88,9800
2020-10-19 09:25:00.160,4.88,200
2020-10-19 09:25:00.160,4.88,500
2020-10-19 09:25:00.160,4.88,200
2020-10-19 09:25:00.160,4.88,7000
2020-10-19 09:25:00.160,4.88,7000
2020-10-19 09:25:00.160,4.88,100
2020-10-19 09:25:00.160,4.88,1900
2020-10-19 09:25:00.160,4.88,1000
2020-10-19 09:25:00.160,4.88,1100
2020-10-19 09:25:00.160,4.88,100
2020-10-19 09:25:00.160,4.88,900
2020-10-19 09:25:00.160,4.88,2100
2020-10-19 09:25:00.160,4.88,100
2020-10-19 09:25:00.160,4.88,4100
2020-10-19 09:25:00.160,4.88,5900
2020-10-19 09:25:00.160,4.88,100
2020-10-19 09:25:00.160,4.88,1000
2020-10-19 09:30:00.040,4.88,6000
2020-10-19 09:30:00.040,4.88,5000
2020-10-19 09:30:00.040,4.88,8000
2020-10-19 09:30:00.040,4.88,10000
2020-10-19 09:30:00.040,4.88,50000
2020-10-19 09:30:00.040,4.88,2500
2020-10-19 09:30:00.040,4.88,400
2020-10-19 09:30:00.040,4.88,900
2020-10-19 09:30:00.040,4.88,1900
2020-10-19 09:30:00.040,4.88,100
2020-10-19 09:30:00.040,4.88,2500
2020-10-19 09:30:00.040,4.881,3000
2020-10-19 09:30:00.040,4.881,10000
2020-10-19 09:30:00.040,4.881,10000
2020-10-19 09:30:00.040,4.881,5000
2020-10-19 09:30:00.040,4.881,700
2020-10-19 09:30:00.040,4.882,4000
2020-10-19 09:30:00.040,4.882,600
2020-10-19 09:30:00.040,4.883,2500
2020-10-19 09:30:00.040,4.883,10000
2020-10-19 09:30:00.040,4.883,1000
2020-10-19 09:30:00.040,4.884,800
2020-10-19 09:30:00.040,4.884,200
2020-10-19 09:30:00.040,4.884,700
2020-10-19 09:30:00.040,4.885,600
2020-10-19 09:30:00.040,4.885,200
2020-10-19 09:30:00.040,4.885,3000
2020-10-19 09:30:00.040,4.885,200
2020-10-19 09:30:00.040,4.885,500
2020-10-19 09:30:00.040,4.885,20000
2020-10-19 09:30:00.040,4.885,50000
2020-10-19 09:30:00.040,4.885,5000
2020-10-19 09:30:00.040,4.886,10000
2020-10-19 09:30:00.040,4.886,5500
2020-10-19 09:30:00.040,4.887,5000
2020-10-19 09:30:00.040,4.887,3000
2020-10-19 09:30:00.040,4.887,700
2020-10-19 09:30:00.040,4.888,500
2020-10-19 09:30:00.040,4.888,1400
2020-10-19 09:30:00.040,4.888,100
2020-10-19 09:30:00.040,4.888,300
2020-10-19 09:30:00.040,4.888,10000
2020-10-19 09:30:00.040,4.888,300000
2020-10-19 09:30:00.040,4.888,5000
2020-10-19 09:30:00.040,4.888,2000
2020-10-19 09:30:00.040,4.888,2000
2020-10-19 09:30:00.040,4.888,15000
2020-10-19 09:30:00.040,4.888,300
2020-10-19 09:30:00.040,4.888,5000
2020-10-19 09:30:00.040,4.888,10000
2020-10-19 09:30:00.200,4.888,6000
2020-10-19 09:30:00.300,4.888,100000
2020-10-19 09:30:00.330,4.888,200
2020-10-19 09:30:00.330,4.889,3000
2020-10-19 09:30:00.330,4.888,1000
2020-10-19 09:30:00.390,4.888,200
2020-10-19 09:30:00.390,4.888,2000
2020-10-19 09:30:00.390,4.888,400
2020-10-19 09:30:00.490,4.888,5000
2020-10-19 09:30:00.490,4.888,2700
2020-10-19 09:30:00.490,4.888,2500
2020-10-19 09:30:00.490,4.888,20300
2020-10-19 09:30:00.490,4.888,100000
2020-10-19 09:30:00.490,4.888,100
2020-10-19 09:30:00.610,4.888,1000
2020-10-19 09:30:00.610,4.888,5000
2020-10-19 09:30:00.610,4.888,1000
2020-10-19 09:30:00.610,4.888,500
2020-10-19 09:30:00.610,4.888,700
2020-10-19 09:30:00.610,4.888,60300
2020-10-19 09:30:00.610,4.885,10000
2020-10-19 09:30:00.610,4.883,51800
2020-10-19 09:30:00.610,4.883,13900
2020-10-19 09:30:00.610,4.882,500
2020-10-19 09:30:00.610,4.882,2000
2020-10-19 09:30:00.610,4.881,26100
2020-10-19 09:30:00.730,4.881,10000
2020-10-19 09:30:00.730,4.881,600
2020-10-19 09:30:00.730,4.881,4000
2020-10-19 09:30:00.730,4.882,500
2020-10-19 09:30:00.840,4.881,6000
2020-10-19 09:30:00.840,4.881,500
2020-10-19 09:30:00.840,4.881,600
2020-10-19 09:30:00.960,4.881,3000
2020-10-19 09:30:00.960,4.881,10000
2020-10-19 09:30:00.960,4.882,500
2020-10-19 09:30:00.960,4.882,1100
2020-10-19 09:30:00.960,4.882,3000
2020-10-19 09:30:00.960,4.883,500
2020-10-19 09:30:01.080,4.882,400
2020-10-19 09:30:01.080,4.881,16700
2020-10-19 09:30:01.080,4.883,4600
2020-10-19 09:30:01.080,4.883,9000
2020-10-19 09:30:01.080,4.881,15000
2020-10-19 09:30:01.080,4.881,15000
2020-10-19 09:30:01.080,4.883,700
2020-10-19 09:30:01.190,4.881,6000
2020-10-19 09:30:01.310,4.881,5000
2020-10-19 09:30:01.310,4.881,15000
2020-10-19 09:30:01.440,4.882,5000
2020-10-19 09:30:01.440,4.881,2000
2020-10-19 09:30:01.440,4.881,42300
2020-10-19 09:30:01.570,4.881,10000
2020-10-19 09:30:01.680,4.881,4200
2020-10-19 09:30:01.800,4.881,100
2020-10-19 09:30:01.800,4.881,226200
2020-10-19 09:30:01.800,4.882,2000
2020-10-19 09:30:01.800,4.882,100
2020-10-19 09:30:01.800,4.883,900
2020-10-19 09:30:01.800,4.883,1000
2020-10-19 09:30:01.800,4.881,5000
2020-10-19 09:30:01.920,4.881,500
2020-10-19 09:30:02.040,4.881,3000
2020-10-19 09:30:02.040,4.881,2000
2020-10-19 09:30:02.040,4.881,3000
2020-10-19 09:30:02.040,4.883,100
2020-10-19 09:30:02.040,4.881,3000
2020-10-19 09:30:02.260,4.881,300
2020-10-19 09:30:02.260,4.881,464900
2020-10-19 09:30:02.260,4.881,316600
2020-10-19 09:30:02.380,4.881,493500
2020-10-19 09:30:02.380,4.883,8000
2020-10-19 09:30:02.380,4.882,6000
2020-10-19 09:30:02.380,4.881,4000
2020-10-19 09:30:02.380,4.881,10000
2020-10-19 09:30:02.490,4.881,40000
2020-10-19 09:30:02.490,4.881,300
2020-10-19 09:30:02.490,4.883,2600
2020-10-19 09:30:02.490,4.881,15000
2020-10-19 09:30:02.490,4.881,3000
2020-10-19 09:30:02.660,4.881,1900
2020-10-19 09:30:02.660,4.883,2800
2020-10-19 09:30:02.850,4.883,200
2020-10-19 09:30:02.850,4.882,500
2020-10-19 09:30:02.850,4.883,1500
2020-10-19 09:30:02.980,4.882,3900
2020-10-19 09:30:02.980,4.883,200
2020-10-19 09:30:03.100,4.882,46700
2020-10-19 09:30:03.100,4.882,2000
2020-10-19 09:30:03.230,4.882,1000
2020-10-19 09:30:03.230,4.882,500
2020-10-19 09:30:03.230,4.882,500
2020-10-19 09:30:03.380,4.882,1900
2020-10-19 09:30:03.380,4.882,3100
2020-10-19 09:30:03.380,4.882,1000
2020-10-19 09:30:03.380,4.883,213400
2020-10-19 09:30:03.380,4.883,100
2020-10-19 09:30:03.380,4.883,86400
2020-10-19 09:30:03.380,4.882,5000
2020-10-19 09:30:03.380,4.882,1200
2020-10-19 09:30:03.380,4.882,4000
2020-10-19 09:30:03.510,4.882,8100
2020-10-19 09:30:03.510,4.882,1200
2020-10-19 09:30:03.510,4.883,3900
2020-10-19 09:30:03.790,4.883,35900
2020-10-19 09:30:03.790,4.882,4400
2020-10-19 09:30:03.790,4.882,600
2020-10-19 09:30:03.790,4.883,37700
2020-10-19 09:30:03.790,4.882,30000
2020-10-19 09:30:03.910,4.882,11000
2020-10-19 09:30:04.040,4.882,1000
2020-10-19 09:30:04.160,4.882,10000
2020-10-19 09:30:04.160,4.882,5000
2020-10-19 09:30:04.160,4.883,9000
2020-10-19 09:30:04.160,4.882,10000
2020-10-19 09:30:04.270,4.883,2500
2020-10-19 09:30:04.270,4.882,17500
2020-10-19 09:30:04.270,4.882,2500
2020-10-19 09:30:04.270,4.882,1100
2020-10-19 09:30:04.270,4.882,1000
2020-10-19 09:30:04.400,4.882,200
2020-10-19 09:30:04.400,4.882,3300
2020-10-19 09:30:04.400,4.883,2000
2020-10-19 09:30:04.400,4.882,25000
2020-10-19 09:30:04.400,4.882,40000
2020-10-19 09:30:04.400,4.882,40000
2020-10-19 09:30:04.400,4.882,40000
2020-10-19 09:30:04.400,4.883,10000
2020-10-19 09:30:04.400,4.883,10000
2020-10-19 09:30:04.570,4.882,10000
2020-10-19 09:30:04.570,4.883,20400
2020-10-19 09:30:04.570,4.882,500
2020-10-19 09:30:04.570,4.883,9600
2020-10-19 09:30:04.570,4.883,30000
2020-10-19 09:30:04.570,4.882,100
2020-10-19 09:30:04.570,4.882,200
2020-10-19 09:30:04.570,4.883,700
2020-10-19 09:30:04.570,4.882,10000
2020-10-19 09:30:04.570,4.882,1500
2020-10-19 09:30:04.570,4.883,10000
2020-10-19 09:30:04.570,4.883,30000
2020-10-19 09:30:04.570,4.883,1900
2020-10-19 09:30:04.570,4.883,600
2020-10-19 09:30:04.570,4.883,3000
2020-10-19 09:30:04.570,4.884,2000
2020-10-19 09:30:04.570,4.884,1100
2020-10-19 09:30:04.570,4.884,5000
2020-10-19 09:30:04.570,4.884,500
2020-10-19 09:30:04.570,4.884,10000
2020-10-19 09:30:04.570,4.884,1500
2020-10-19 09:30:04.570,4.884,200
2020-10-19 09:30:04.570,4.884,10000
2020-10-19 09:30:04.570,4.884,4200
2020-10-19 09:30:04.570,4.884,22100
2020-10-19 09:30:04.570,4.885,100
2020-10-19 09:30:04.570,4.885,1000
2020-10-19 09:30:04.570,4.885,2000
2020-10-19 09:30:04.570,4.885,100
2020-10-19 09:30:04.570,4.885,3000
2020-10-19 09:30:04.570,4.885,1700
2020-10-19 09:30:04.570,4.883,2400
2020-10-19 09:30:04.570,4.885,300
2020-10-19 09:30:04.570,4.885,100
2020-10-19 09:30:04.570,4.885,1000
2020-10-19 09:30:04.570,4.885,1500
2020-10-19 09:30:04.570,4.885,300
2020-10-19 09:30:04.570,4.885,6800
2020-10-19 09:30:04.570,4.885,10000
2020-10-19 09:30:04.570,4.885,10000
2020-10-19 09:30:04.680,4.883,300
2020-10-19 09:30:04.680,4.883,8200
2020-10-19 09:30:04.830,4.883,1000
2020-10-19 09:30:04.830,4.883,300
2020-10-19 09:30:04.830,4.883,1000
2020-10-19 09:30:04.910,4.883,200
2020-10-19 09:30:04.910,4.885,10000
2020-10-19 09:30:04.910,4.885,5700
2020-10-19 09:30:04.910,4.886,15000
2020-10-19 09:30:04.910,4.886,5000
2020-10-19 09:30:04.910,4.886,5000
2020-10-19 09:30:04.910,4.886,13500
2020-10-19 09:30:04.910,4.886,500
2020-10-19 09:30:04.910,4.887,2500
2020-10-19 09:30:04.910,4.883,2300
2020-10-19 09:30:04.910,4.883,200
2020-10-19 09:30:04.990,4.887,2500
2020-10-19 09:30:04.990,4.887,9000
2020-10-19 09:30:04.990,4.887,3500
2020-10-19 09:30:05.040,4.887,6500
2020-10-19 09:30:05.040,4.887,3000
2020-10-19 09:30:05.040,4.887,500
2020-10-19 09:30:05.160,4.883,5400
2020-10-19 09:30:05.160,4.887,100
2020-10-19 09:30:05.190,4.883,2000
2020-10-19 09:30:05.360,4.887,100
2020-10-19 09:30:05.360,4.887,100
2020-10-19 09:30:05.400,4.887,200
2020-10-19 09:30:05.400,4.887,5000
2020-10-19 09:30:05.400,4.887,92100
2020-10-19 09:30:05.400,4.887,300
2020-10-19 09:30:05.400,4.887,10000
2020-10-19 09:30:05.400,4.887,3600
2020-10-19 09:30:05.400,4.888,25000
2020-10-19 09:30:05.400,4.888,500
2020-10-19 09:30:05.400,4.888,10000
2020-10-19 09:30:05.400,4.888,15000
2020-10-19 09:30:05.400,4.888,200
2020-10-19 09:30:05.400,4.888,88400
2020-10-19 09:30:05.400,4.888,5000
2020-10-19 09:30:05.400,4.888,200
2020-10-19 09:30:05.400,4.888,500
2020-10-19 09:30:05.400,4.888,25000
2020-10-19 09:30:05.400,4.888,3000
2020-10-19 09:30:05.400,4.888,3000
2020-10-19 09:30:05.400,4.888,13000
2020-10-19 09:30:05.440,4.883,3000
2020-10-19 09:30:05.440,4.883,2000
2020-10-19 09:30:05.660,4.888,4000
2020-10-19 09:30:05.740,4.888,500
2020-10-19 09:30:05.800,4.888,7000
2020-10-19 09:30:05.860,4.887,700
2020-10-19 09:30:05.930,4.887,2500
2020-10-19 09:30:05.970,4.887,100
2020-10-19 09:30:06.100,4.887,100
2020-10-19 09:30:06.130,4.887,5500
2020-10-19 09:30:06.270,4.888,500
2020-10-19 09:30:06.270,4.888,9500
2020-10-19 09:30:06.270,4.888,10000
2020-10-19 09:30:06.320,4.887,3000
2020-10-19 09:30:06.360,4.887,200
2020-10-19 09:30:06.360,4.887,1600
2020-10-19 09:30:06.360,4.888,10500
2020-10-19 09:30:06.360,4.888,5000
2020-10-19 09:30:06.360,4.889,7000
2020-10-19 09:30:06.360,4.889,500
2020-10-19 09:30:06.360,4.889,1000
2020-10-19 09:30:06.360,4.889,3600
2020-10-19 09:30:06.360,4.889,9500
2020-10-19 09:30:06.360,4.889,14300
2020-10-19 09:30:06.360,4.889,10000
2020-10-19 09:30:06.360,4.889,100
2020-10-19 09:30:06.360,4.889,10000
2020-10-19 09:30:06.360,4.889,10000
2020-10-19 09:30:06.360,4.889,5000
2020-10-19 09:30:06.360,4.889,5700
2020-10-19 09:30:06.360,4.889,3000
2020-10-19 09:30:06.360,4.889,6000
2020-10-19 09:30:06.360,4.89,10000
2020-10-19 09:30:06.360,4.89,100
2020-10-19 09:30:06.360,4.89,500
2020-10-19 09:30:06.360,4.89,40000
2020-10-19 09:30:06.360,4.89,40000
2020-10-19 09:30:06.360,4.89,200
2020-10-19 09:30:06.360,4.89,13000
2020-10-19 09:30:06.360,4.89,7000
2020-10-19 09:30:06.360,4.89,4000
2020-10-19 09:30:06.360,4.89,5000
2020-10-19 09:30:06.360,4.89,400
2020-10-19 09:30:06.360,4.89,200
2020-10-19 09:30:06.360,4.89,4000
2020-10-19 09:30:06.360,4.89,10000
2020-10-19 09:30:06.360,4.89,800
2020-10-19 09:30:06.360,4.89,1000
2020-10-19 09:30:06.360,4.89,900
2020-10-19 09:30:06.360,4.89,400
2020-10-19 09:30:06.360,4.89,700
2020-10-19 09:30:06.360,4.89,50000
2020-10-19 09:30:06.360,4.89,100
2020-10-19 09:30:06.360,4.89,1300
2020-10-19 09:30:06.360,4.89,500
2020-10-19 09:30:06.360,4.89,500
2020-10-19 09:30:06.360,4.89,2000
2020-10-19 09:30:06.360,4.89,5000
2020-10-19 09:30:06.360,4.89,3000
2020-10-19 09:30:06.360,4.89,5000
2020-10-19 09:30:06.360,4.89,10000
2020-10-19 09:30:06.360,4.89,2000
2020-10-19 09:30:06.360,4.89,2000
2020-10-19 09:30:06.360,4.89,3000
2020-10-19 09:30:06.360,4.89,300
2020-10-19 09:30:06.360,4.89,3000
2020-10-19 09:30:06.360,4.89,500
2020-10-19 09:30:06.360,4.89,2500
2020-10-19 09:30:06.360,4.89,400
2020-10-19 09:30:06.390,4.888,400
2020-10-19 09:30:06.390,4.888,5600
2020-10-19 09:30:06.390,4.888,2400
2020-10-19 09:30:06.390,4.888,2600
2020-10-19 09:30:06.390,4.888,2900
2020-10-19 09:30:06.430,4.89,9600
2020-10-19 09:30:06.430,4.89,1500
2020-10-19 09:30:06.430,4.89,1000
2020-10-19 09:30:06.430,4.89,2000
2020-10-19 09:30:06.430,4.89,2000
2020-10-19 09:30:06.430,4.89,1000
2020-10-19 09:30:06.430,4.891,600
2020-10-19 09:30:06.430,4.891,4100
2020-10-19 09:30:06.430,4.891,3000
2020-10-19 09:30:06.430,4.891,2000
2020-10-19 09:30:06.430,4.891,10000
2020-10-19 09:30:06.430,4.891,20000
2020-10-19 09:30:06.430,4.891,1100
2020-10-19 09:30:06.430,4.892,400
2020-10-19 09:30:06.430,4.892,500
2020-10-19 09:30:06.430,4.892,1700
2020-10-19 09:30:06.430,4.892,5000
2020-10-19 09:30:06.430,4.892,2300
2020-10-19 09:30:06.430,4.892,10000
2020-10-19 09:30:06.430,4.892,3000
2020-10-19 09:30:06.430,4.892,300
2020-10-19 09:30:06.430,4.892,3000
2020-10-19 09:30:06.430,4.893,9900
2020-10-19 09:30:06.430,4.893,10000
2020-10-19 09:30:06.430,4.893,9000
2020-10-19 09:30:06.430,4.893,3000
2020-10-19 09:30:06.430,4.893,2000
2020-10-19 09:30:06.430,4.893,500
2020-10-19 09:30:06.430,4.893,700
2020-10-19 09:30:06.430,4.893,1000
2020-10-19 09:30:06.430,4.893,2000
2020-10-19 09:30:06.430,4.893,1000
2020-10-19 09:30:06.430,4.893,5000
2020-10-19 09:30:06.430,4.893,5000
2020-10-19 09:30:06.430,4.893,300
2020-10-19 09:30:06.430,4.893,1500
2020-10-19 09:30:06.430,4.893,20000
2020-10-19 09:30:06.430,4.893,3000
2020-10-19 09:30:06.430,4.894,3600
2020-10-19 09:30:06.430,4.894,2300
2020-10-19 09:30:06.430,4.894,3600
2020-10-19 09:30:06.430,4.894,2000
2020-10-19 09:30:06.430,4.894,700
2020-10-19 09:30:06.430,4.894,5000
2020-10-19 09:30:06.430,4.894,1000
2020-10-19 09:30:06.430,4.894,600
2020-10-19 09:30:06.470,4.894,2000
2020-10-19 09:30:06.470,4.894,2000
2020-10-19 09:30:06.510,4.894,50000
2020-10-19 09:30:06.620,4.894,4000
2020-10-19 09:30:06.620,4.894,1000
2020-10-19 09:30:06.620,4.894,100
2020-10-19 09:30:06.640,4.894,17500
2020-10-19 09:30:06.640,4.894,500
2020-10-19 09:30:06.640,4.894,200
2020-10-19 09:30:06.640,4.894,6000
2020-10-19 09:30:06.680,4.894,500
2020-10-19 09:30:06.750,4.894,100
2020-10-19 09:30:06.750,4.894,1200
2020-10-19 09:30:06.750,4.894,400
2020-10-19 09:30:06.790,4.894,4000
2020-10-19 09:30:06.950,4.894,500
2020-10-19 09:30:07.020,4.894,300
2020-10-19 09:30:07.120,4.894,500
2020-10-19 09:30:07.120,4.894,500
2020-10-19 09:30:07.180,4.894,1000
2020-10-19 09:30:07.290,4.894,20000
2020-10-19 09:30:07.360,4.893,200
2020-10-19 09:30:07.360,4.893,2500
2020-10-19 09:30:07.360,4.893,2900
2020-10-19 09:30:07.360,4.893,1000
2020-10-19 09:30:07.710,4.893,3400
2020-10-19 09:30:07.710,4.891,600
2020-10-19 09:30:07.710,4.891,10000
2020-10-19 09:30:08.240,4.892,6800
2020-10-19 09:30:08.600,4.894,48000
2020-10-19 09:30:08.600,4.895,600
2020-10-19 09:30:08.600,4.895,300
2020-10-19 09:30:08.600,4.895,200
2020-10-19 09:30:08.600,4.895,900
2020-10-19 09:30:08.750,4.895,700
2020-10-19 09:30:09.250,4.894,300
2020-10-19 09:30:09.250,4.894,600
2020-10-19 09:30:09.250,4.894,300
2020-10-19 09:30:09.280,4.893,297000
2020-10-19 09:30:09.280,4.893,3000
2020-10-19 09:30:09.470,4.893,7000
2020-10-19 09:30:09.470,4.892,3000
2020-10-19 09:30:10.030,4.894,100
2020-10-19 09:30:10.030,4.894,100
2020-10-19 09:30:10.030,4.894,5000
2020-10-19 09:30:10.030,4.895,4800
2020-10-19 09:30:10.060,4.895,7500
2020-10-19 09:30:10.060,4.895,200
2020-10-19 09:30:10.060,4.895,100
2020-10-19 09:30:10.060,4.895,2200
2020-10-19 09:30:10.530,4.895,1000
2020-10-19 09:30:10.840,4.894,4300
2020-10-19 09:30:11.310,4.895,10000
2020-10-19 09:30:11.380,4.894,1500
2020-10-19 09:30:11.470,4.894,3000
2020-10-19 09:30:11.800,4.895,5900
2020-10-19 09:30:12.070,4.895,900
2020-10-19 09:30:12.070,4.895,1100
2020-10-19 09:30:12.070,4.895,4000
2020-10-19 09:30:12.070,4.895,500
2020-10-19 09:30:12.070,4.895,10000
2020-10-19 09:30:12.070,4.895,500
2020-10-19 09:30:12.070,4.895,2000
2020-10-19 09:30:12.070,4.895,20000
2020-10-19 09:30:12.070,4.895,7000
2020-10-19 09:30:12.070,4.895,10000
2020-10-19 09:30:12.070,4.895,3800
2020-10-19 09:30:12.070,4.895,231700
2020-10-19 09:30:12.240,4.895,8800
2020-10-19 09:30:12.240,4.895,3000
2020-10-19 09:30:12.240,4.895,5000
2020-10-19 09:30:12.240,4.895,4000
2020-10-19 09:30:12.240,4.895,4000
2020-10-19 09:30:12.240,4.895,400
2020-10-19 09:30:12.240,4.896,10000
2020-10-19 09:30:12.240,4.896,10000
2020-10-19 09:30:12.240,4.896,500
2020-10-19 09:30:12.240,4.896,700
2020-10-19 09:30:12.240,4.896,1000
2020-10-19 09:30:12.240,4.896,4800
2020-10-19 09:30:12.240,4.896,300
2020-10-19 09:30:12.700,4.896,100
2020-10-19 09:30:12.790,4.896,500
2020-10-19 09:30:13.400,4.896,2000
2020-10-19 09:30:14.080,4.896,8800
2020-10-19 09:30:14.100,4.896,200
2020-10-19 09:30:14.190,4.896,200
2020-10-19 09:30:14.250,4.896,50000
2020-10-19 09:30:14.460,4.896,100
2020-10-19 09:30:15.000,4.896,2000
2020-10-19 09:30:15.040,4.896,100
2020-10-19 09:30:15.240,4.896,200
2020-10-19 09:30:15.470,4.896,20000
2020-10-19 09:30:15.570,4.896,1000
2020-10-19 09:30:15.660,4.896,400
2020-10-19 09:30:15.660,4.896,200
2020-10-19 09:30:15.720,4.896,200
2020-10-19 09:30:16.340,4.896,5000
2020-10-19 09:30:16.440,4.896,1000
2020-10-19 09:30:16.790,4.896,1100
2020-10-19 09:30:17.320,4.896,2000
2020-10-19 09:30:17.350,4.896,3000
2020-10-19 09:30:18.000,4.896,400
2020-10-19 09:30:18.170,4.896,2000
2020-10-19 09:30:18.460,4.896,500
2020-10-19 09:30:18.460,4.896,400
2020-10-19 09:30:18.460,4.896,3000
2020-10-19 09:30:18.580,4.897,100
2020-10-19 09:30:18.850,4.897,2800
2020-10-19 09:30:18.850,4.897,600
2020-10-19 09:30:18.850,4.897,15000
2020-10-19 09:30:18.850,4.897,2000
2020-10-19 09:30:18.850,4.897,600
2020-10-19 09:30:19.530,4.896,10000
2020-10-19 09:30:19.590,4.896,52000
2020-10-19 09:30:20.440,4.896,500
2020-10-19 09:30:21.030,4.897,400
2020-10-19 09:30:21.030,4.897,3000
2020-10-19 09:30:21.030,4.897,300
2020-10-19 09:30:21.030,4.897,4600
2020-10-19 09:30:21.150,4.896,200
2020-10-19 09:30:21.790,4.896,2000
2020-10-19 09:30:22.180,4.896,4500
2020-10-19 09:30:22.320,4.897,5400
2020-10-19 09:30:22.320,4.897,4600
2020-10-19 09:30:22.380,4.897,10000
2020-10-19 09:30:22.580,4.897,5400
2020-10-19 09:30:22.580,4.897,2000
2020-10-19 09:30:22.580,4.897,10000
2020-10-19 09:30:22.580,4.897,12600
2020-10-19 09:30:22.690,4.896,500
2020-10-19 09:30:22.830,4.896,8000
2020-10-19 09:30:22.830,4.897,7400
2020-10-19 09:30:22.830,4.897,4000
2020-10-19 09:30:22.830,4.898,2300
2020-10-19 09:30:22.830,4.898,2000
2020-10-19 09:30:23.310,4.897,100
2020-10-19 09:30:23.520,4.897,9900
2020-10-19 09:30:23.520,4.897,400
2020-10-19 09:30:23.520,4.897,100
2020-10-19 09:30:23.520,4.896,11600
2020-10-19 09:30:23.860,4.896,1500
2020-10-19 09:30:23.860,4.896,500
2020-10-19 09:30:24.040,4.898,9500
2020-10-19 09:30:24.280,4.896,100
2020-10-19 09:30:24.320,4.897,3000
2020-10-19 09:30:24.370,4.897,2000
2020-10-19 09:30:24.700,4.897,5000
2020-10-19 09:30:24.700,4.896,45000
2020-10-19 09:30:24.700,4.896,2000
2020-10-19 09:30:24.780,4.897,200
2020-10-19 09:30:24.800,4.896,5200
2020-10-19 09:30:24.890,4.896,100
2020-10-19 09:30:25.000,4.896,2000
2020-10-19 09:30:25.170,4.897,3600
2020-10-19 09:30:25.360,4.896,2700
2020-10-19 09:30:25.360,4.897,2200
2020-10-19 09:30:25.360,4.897,7800
2020-10-19 09:30:25.440,4.896,2000
2020-10-19 09:30:26.220,4.897,13100
2020-10-19 09:30:26.220,4.897,1000
2020-10-19 09:30:26.350,4.897,10000
2020-10-19 09:30:26.480,4.897,3000
2020-10-19 09:30:26.610,4.897,7000
2020-10-19 09:30:27.010,4.897,3000
2020-10-19 09:30:27.010,4.897,5000
2020-10-19 09:30:27.010,4.898,8500
2020-10-19 09:30:27.010,4.898,3600
2020-10-19 09:30:27.010,4.898,100
2020-10-19 09:30:27.010,4.898,1000
2020-10-19 09:30:27.010,4.898,10000
2020-10-19 09:30:27.010,4.898,25000
2020-10-19 09:30:27.010,4.898,500
2020-10-19 09:30:27.010,4.898,300
2020-10-19 09:30:27.010,4.898,7000
2020-10-19 09:30:27.010,4.898,10000
2020-10-19 09:30:27.010,4.898,20000
2020-10-19 09:30:27.010,4.898,1000
2020-10-19 09:30:27.010,4.898,1000
2020-10-19 09:30:27.010,4.898,1500
2020-10-19 09:30:27.010,4.898,50000
2020-10-19 09:30:27.010,4.898,25000
2020-10-19 09:30:27.010,4.898,260000
2020-10-19 09:30:27.010,4.898,3000
2020-10-19 09:30:27.010,4.898,10000
2020-10-19 09:30:27.010,4.898,5000
2020-10-19 09:30:27.260,4.898,142200
2020-10-19 09:30:27.260,4.897,10000
2020-10-19 09:30:27.350,4.896,10000
2020-10-19 09:30:27.940,4.897,10000
2020-10-19 09:30:28.190,4.896,10400
2020-10-19 09:30:28.390,4.896,10000
2020-10-19 09:30:28.390,4.896,9600
2020-10-19 09:30:28.460,4.896,10400
2020-10-19 09:30:28.460,4.897,10000
2020-10-19 09:30:28.770,4.897,9600
2020-10-19 09:30:28.770,4.897,200
2020-10-19 09:30:28.770,4.897,3700
2020-10-19 09:30:28.770,4.897,10000
2020-10-19 09:30:28.800,4.896,500
2020-10-19 09:30:28.850,4.896,20300
2020-10-19 09:30:29.460,4.898,10000
2020-10-19 09:30:29.520,4.896,1500
2020-10-19 09:30:29.600,4.895,2400
2020-10-19 09:30:29.680,4.896,2500
2020-10-19 09:30:30.440,4.897,10000
2020-10-19 09:30:30.440,4.896,200
2020-10-19 09:30:30.440,4.896,10000
2020-10-19 09:30:30.440,4.896,19900
2020-10-19 09:30:30.500,4.896,10100
2020-10-19 09:30:30.500,4.896,30000
2020-10-19 09:30:31.050,4.896,9900
2020-10-19 09:30:31.050,4.899,3600
2020-10-19 09:30:31.050,4.899,700
2020-10-19 09:30:31.050,4.899,5000
2020-10-19 09:30:31.050,4.899,200
2020-10-19 09:30:31.050,4.899,2000
2020-10-19 09:30:31.050,4.899,300
2020-10-19 09:30:31.050,4.899,2000
2020-10-19 09:30:31.050,4.899,1400
2020-10-19 09:30:31.050,4.899,700
2020-10-19 09:30:31.050,4.899,1000
2020-10-19 09:30:31.050,4.899,500
2020-10-19 09:30:31.050,4.899,2000
2020-10-19 09:30:31.050,4.899,5000
2020-10-19 09:30:31.050,4.899,2800
2020-10-19 09:30:31.050,4.899,300
2020-10-19 09:30:31.050,4.899,1000
2020-10-19 09:30:31.050,4.899,1000
2020-10-19 09:30:31.050,4.899,1900
2020-10-19 09:30:31.050,4.899,10000
2020-10-19 09:30:31.050,4.899,2000
2020-10-19 09:30:31.050,4.899,2500
2020-10-19 09:30:31.050,4.899,10000
2020-10-19 09:30:31.050,4.899,1000
2020-10-19 09:30:31.050,4.899,10000
2020-10-19 09:30:31.050,4.899,5000
2020-10-19 09:30:31.050,4.899,1000
2020-10-19 09:30:31.050,4.899,3000
2020-10-19 09:30:31.050,4.899,20400
2020-10-19 09:30:31.050,4.899,7800
2020-10-19 09:30:31.560,4.896,2400
2020-10-19 09:30:31.640,4.896,500
2020-10-19 09:30:32.130,4.897,100
2020-10-19 09:30:32.430,4.897,200
2020-10-19 09:30:32.710,4.896,7100
2020-10-19 09:30:32.710,4.896,5000
2020-10-19 09:30:32.710,4.896,400
2020-10-19 09:30:32.770,4.896,1000
2020-10-19 09:30:32.790,4.896,3000
2020-10-19 09:30:32.820,4.897,800
2020-10-19 09:30:33.080,4.897,9200
2020-10-19 09:30:33.080,4.896,10800
2020-10-19 09:30:33.440,4.896,500
2020-10-19 09:30:33.840,4.897,2100
2020-10-19 09:30:34.310,4.897,100
2020-10-19 09:30:34.450,4.897,7800
2020-10-19 09:30:34.450,4.896,7200
2020-10-19 09:30:34.510,4.898,3400
2020-10-19 09:30:34.540,4.896,2600
2020-10-19 09:30:34.670,4.898,5000
2020-10-19 09:30:34.670,4.898,10000
2020-10-19 09:30:34.940,4.896,10000
2020-10-19 09:30:35.040,4.898,3500
2020-10-19 09:30:35.040,4.896,7700
2020-10-19 09:30:35.400,4.898,2600
2020-10-19 09:30:35.550,4.898,9700
2020-10-19 09:30:35.550,4.898,500
2020-10-19 09:30:35.550,4.898,50000
2020-10-19 09:30:35.550,4.899,53800
2020-10-19 09:30:35.740,4.896,2500
2020-10-19 09:30:35.740,4.896,30000
2020-10-19 09:30:35.820,4.895,1100
2020-10-19 09:30:35.820,4.895,200
2020-10-19 09:30:35.820,4.895,1700
2020-10-19 09:30:35.840,4.896,10000
2020-10-19 09:30:35.950,4.896,100
2020-10-19 09:30:36.180,4.895,5000
2020-10-19 09:30:36.430,4.896,1400
2020-10-19 09:30:36.430,4.896,2500
2020-10-19 09:30:36.460,4.898,5100
2020-10-19 09:30:36.460,4.899,46200
2020-10-19 09:30:36.460,4.899,5900
2020-10-19 09:30:36.460,4.899,5000
2020-10-19 09:30:36.460,4.9,1000
2020-10-19 09:30:36.460,4.9,54800
2020-10-19 09:30:36.460,4.9,5800
2020-10-19 09:30:36.460,4.9,100
2020-10-19 09:30:36.460,4.9,100
2020-10-19 09:30:36.460,4.9,5000
2020-10-19 09:30:36.460,4.9,3000
2020-10-19 09:30:36.460,4.9,200
2020-10-19 09:30:36.460,4.9,10000
2020-10-19 09:30:36.460,4.9,7000
2020-10-19 09:30:36.460,4.9,7000
2020-10-19 09:30:36.460,4.9,1500
2020-10-19 09:30:36.460,4.9,5000
2020-10-19 09:30:36.460,4.9,2000
2020-10-19 09:30:36.460,4.9,300
2020-10-19 09:30:36.460,4.9,3600
2020-10-19 09:30:36.460,4.9,600
2020-10-19 09:30:36.460,4.9,400
2020-10-19 09:30:36.460,4.9,500
2020-10-19 09:30:36.460,4.9,1200
2020-10-19 09:30:36.460,4.9,14500
2020-10-19 09:30:36.460,4.9,3000
2020-10-19 09:30:36.460,4.9,4000
2020-10-19 09:30:36.460,4.9,10000
2020-10-19 09:30:36.460,4.9,1000
2020-10-19 09:30:36.460,4.9,4000
2020-10-19 09:30:36.460,4.9,500
2020-10-19 09:30:36.460,4.9,100
2020-10-19 09:30:36.460,4.9,100
2020-10-19 09:30:36.460,4.9,5000
2020-10-19 09:30:36.460,4.9,10000
2020-10-19 09:30:36.460,4.9,1500
2020-10-19 09:30:36.460,4.9,6300
2020-10-19 09:30:36.460,4.9,14300
2020-10-19 09:30:36.460,4.9,1500
2020-10-19 09:30:36.460,4.9,200
2020-10-19 09:30:36.460,4.9,200
2020-10-19 09:30:36.460,4.9,40000
2020-10-19 09:30:36.460,4.9,1000
2020-10-19 09:30:36.460,4.9,600
2020-10-19 09:30:36.460,4.9,10000
2020-10-19 09:30:36.460,4.9,100
2020-10-19 09:30:36.460,4.9,10000
2020-10-19 09:30:36.460,4.9,3000
2020-10-19 09:30:36.460,4.9,2500
2020-10-19 09:30:36.460,4.9,10000
2020-10-19 09:30:36.460,4.9,3000
2020-10-19 09:30:36.460,4.9,2000
2020-10-19 09:30:36.460,4.9,100
2020-10-19 09:30:36.460,4.9,8400
2020-10-19 09:30:36.460,4.9,100
2020-10-19 09:30:36.460,4.9,2000
2020-10-19 09:30:36.460,4.9,3200
2020-10-19 09:30:36.460,4.9,5000
2020-10-19 09:30:36.460,4.9,2100
2020-10-19 09:30:36.460,4.9,20400
2020-10-19 09:30:36.460,4.9,1000
2020-10-19 09:30:36.460,4.9,800
2020-10-19 09:30:36.460,4.9,200
2020-10-19 09:30:36.460,4.9,1000
2020-10-19 09:30:36.460,4.9,500
2020-10-19 09:30:36.460,4.9,1000
2020-10-19 09:30:36.460,4.9,200
2020-10-19 09:30:36.460,4.9,10000
2020-10-19 09:30:36.460,4.9,3400
2020-10-19 09:30:36.460,4.9,500
2020-10-19 09:30:36.460,4.9,2000
2020-10-19 09:30:36.460,4.9,14500
2020-10-19 09:30:36.460,4.9,2000
2020-10-19 09:30:36.460,4.9,1000
2020-10-19 09:30:36.460,4.9,3000
2020-10-19 09:30:36.460,4.9,10000
2020-10-19 09:30:36.460,4.9,2500
2020-10-19 09:30:36.460,4.9,2500
2020-10-19 09:30:36.460,4.9,300
2020-10-19 09:30:36.460,4.9,5000
2020-10-19 09:30:36.460,4.9,1100
2020-10-19 09:30:36.460,4.9,3000
2020-10-19 09:30:36.460,4.9,1000
2020-10-19 09:30:36.460,4.9,5000
2020-10-19 09:30:36.460,4.9,41400
2020-10-19 09:30:36.460,4.9,1000
2020-10-19 09:30:36.460,4.9,60000
2020-10-19 09:30:36.460,4.9,2500
2020-10-19 09:30:36.460,4.9,2200
2020-10-19 09:30:36.460,4.9,1000
2020-10-19 09:30:36.460,4.9,49400
2020-10-19 09:30:36.650,4.896,4300
2020-10-19 09:30:36.960,4.896,500
2020-10-19 09:30:37.160,4.899,5000
2020-10-19 09:30:37.160,4.901,3600
2020-10-19 09:30:37.160,4.901,15000
2020-10-19 09:30:37.160,4.901,2500
2020-10-19 09:30:37.160,4.901,300
2020-10-19 09:30:37.160,4.901,20600
2020-10-19 09:30:37.160,4.901,1000
2020-10-19 09:30:37.160,4.901,200
2020-10-19 09:30:37.160,4.901,1800
2020-10-19 09:30:37.160,4.901,315000
2020-10-19 09:30:37.880,4.901,60000
2020-10-19 09:30:38.240,4.899,10000
2020-10-19 09:30:38.270,4.899,13100
2020-10-19 09:30:38.750,4.9,300
2020-10-19 09:30:38.750,4.899,1700
2020-10-19 09:30:38.950,4.899,6900
2020-10-19 09:30:38.950,4.899,10000
2020-10-19 09:30:38.980,4.899,2000
2020-10-19 09:30:39.010,4.899,100
2020-10-19 09:30:39.010,4.899,1000
2020-10-19 09:30:39.040,4.898,4500
2020-10-19 09:30:39.040,4.898,500
2020-10-19 09:30:39.060,4.898,9500
2020-10-19 09:30:39.060,4.898,500
2020-10-19 09:30:39.060,4.898,1000
2020-10-19 09:30:39.580,4.9,2000
2020-10-19 09:30:39.690,4.898,500
2020-10-19 09:30:39.880,4.898,1500
2020-10-19 09:30:40.230,4.899,200
2020-10-19 09:30:40.230,4.9,58000
2020-10-19 09:30:40.230,4.901,20000
2020-10-19 09:30:40.230,4.902,10000
2020-10-19 09:30:40.230,4.902,25900
2020-10-19 09:30:40.580,4.898,500
2020-10-19 09:30:40.690,4.898,5000
2020-10-19 09:30:40.950,4.898,3000
2020-10-19 09:30:41.070,4.899,1000
2020-10-19 09:30:41.070,4.899,15000
2020-10-19 09:30:41.170,4.899,20000
2020-10-19 09:30:41.610,4.899,1000
2020-10-19 09:30:41.610,4.899,5500
2020-10-19 09:30:41.680,4.899,500
2020-10-19 09:30:41.780,4.899,5000
2020-10-19 09:30:42.630,4.899,7500
2020-10-19 09:30:42.740,4.899,400
2020-10-19 09:30:42.800,4.899,2000
2020-10-19 09:30:42.980,4.899,3000
2020-10-19 09:30:43.600,4.898,2000
2020-10-19 09:30:43.730,4.898,3000
2020-10-19 09:30:43.730,4.898,5000
2020-10-19 09:30:43.810,4.899,10000
2020-10-19 09:30:43.950,4.898,44900
2020-10-19 09:30:44.130,4.899,50000
2020-10-19 09:30:44.160,4.898,5000
2020-10-19 09:30:44.550,4.899,20000
2020-10-19 09:30:44.550,4.899,8000
2020-10-19 09:30:44.550,4.899,20000
2020-10-19 09:30:44.550,4.9,60000
2020-10-19 09:30:44.550,4.9,3000
2020-10-19 09:30:44.550,4.9,1300
2020-10-19 09:30:44.550,4.9,1700
2020-10-19 09:30:45.190,4.899,400
2020-10-19 09:30:45.190,4.899,4600
2020-10-19 09:30:45.190,4.899,10000
2020-10-19 09:30:45.330,4.899,2500
2020-10-19 09:30:45.390,4.899,1000
2020-10-19 09:30:45.740,4.899,8000
2020-10-19 09:30:45.980,4.899,2400
2020-10-19 09:30:46.290,4.899,500
2020-10-19 09:30:46.500,4.9,3400
2020-10-19 09:30:46.500,4.9,20000
2020-10-19 09:30:46.500,4.9,200
2020-10-19 09:30:46.500,4.9,10000
2020-10-19 09:30:46.500,4.9,200
2020-10-19 09:30:46.500,4.9,60000
2020-10-19 09:30:46.650,4.9,2000
2020-10-19 09:30:46.760,4.9,3000
2020-10-19 09:30:46.790,4.9,4000
2020-10-19 09:30:46.970,4.9,50000
2020-10-19 09:30:46.970,4.9,1500
2020-10-19 09:30:47.170,4.9,40000
2020-10-19 09:30:47.230,4.9,5000
2020-10-19 09:30:47.440,4.9,10000
2020-10-19 09:30:47.800,4.9,5000
2020-10-19 09:30:47.860,4.9,60000
2020-10-19 09:30:47.910,4.9,20000
2020-10-19 09:30:48.540,4.9,5700
2020-10-19 09:30:48.540,4.9,14300
2020-10-19 09:30:48.570,4.9,2000
2020-10-19 09:30:48.700,4.9,3700
2020-10-19 09:30:48.940,4.9,6300
2020-10-19 09:30:48.940,4.9,1000
2020-10-19 09:30:48.940,4.901,2700
2020-10-19 09:30:49.420,4.899,1500
2020-10-19 09:30:50.190,4.899,5300
2020-10-19 09:30:50.360,4.899,7900
2020-10-19 09:30:50.360,4.899,900
2020-10-19 09:30:50.360,4.899,1200
2020-10-19 09:30:50.580,4.899,1200
2020-10-19 09:30:50.580,4.899,1000
2020-10-19 09:30:50.710,4.899,400
2020-10-19 09:30:50.970,4.899,8600
2020-10-19 09:30:50.970,4.899,40700
2020-10-19 09:30:51.240,4.899,2000
2020-10-19 09:30:53.390,4.899,5000
2020-10-19 09:30:53.860,4.9,2900
2020-10-19 09:30:53.860,4.9,900
2020-10-19 09:30:53.860,4.9,11200
2020-10-19 09:30:54.040,4.899,6900
2020-10-19 09:30:54.270,4.9,3500
2020-10-19 09:30:54.270,4.9,2600
2020-10-19 09:30:54.640,4.9,400
2020-10-19 09:30:54.640,4.9,2000
2020-10-19 09:30:54.640,4.9,1000
2020-10-19 09:30:54.640,4.9,3000
2020-10-19 09:30:54.640,4.9,2200
2020-10-19 09:30:54.640,4.9,60000
2020-10-19 09:30:54.640,4.9,2500
2020-10-19 09:30:54.640,4.9,20000
2020-10-19 09:30:54.640,4.9,10000
2020-10-19 09:30:54.640,4.9,7100
2020-10-19 09:30:54.640,4.901,17300
2020-10-19 09:30:54.640,4.901,10000
2020-10-19 09:30:54.640,4.901,45000
2020-10-19 09:30:54.640,4.901,7700
2020-10-19 09:30:54.890,4.9,4200
2020-10-19 09:30:54.970,4.9,100
2020-10-19 09:30:55.860,4.9,20000
2020-10-19 09:30:55.910,4.9,60000
2020-10-19 09:30:55.960,4.9,5000
2020-10-19 09:30:56.170,4.9,4000
2020-10-19 09:30:56.330,4.9,50000
2020-10-19 09:30:56.380,4.9,20000
2020-10-19 09:30:56.550,4.9,28500
2020-10-19 09:30:56.550,4.9,5000
2020-10-19 09:30:56.550,4.9,43900
2020-10-19 09:30:56.550,4.899,10900
2020-10-19 09:30:56.690,4.899,11800
2020-10-19 09:30:56.770,4.9,1000
2020-10-19 09:30:56.990,4.899,5000
2020-10-19 09:30:58.510,4.899,100000
2020-10-19 09:30:58.510,4.899,20000
2020-10-19 09:30:58.820,4.899,200
2020-10-19 09:30:59.470,4.899,2000
2020-10-19 09:30:59.850,4.899,20000
2020-10-19 09:30:59.850,4.899,40000
2020-10-19 09:30:59.900,4.899,2000
2020-10-19 09:30:59.980,4.899,1000
2020-10-19 09:31:00.230,4.899,1100
2020-10-19 09:31:00.780,4.9,19000
2020-10-19 09:31:00.780,4.9,1000
2020-10-19 09:31:00.800,4.899,200
2020-10-19 09:31:01.030,4.9,4000
2020-10-19 09:31:01.100,4.9,1300
2020-10-19 09:31:01.100,4.899,10000
2020-10-19 09:31:01.460,4.9,64900
2020-10-19 09:31:01.730,4.899,6000
2020-10-19 09:31:01.790,4.899,20000
2020-10-19 09:31:01.950,4.899,10000
2020-10-19 09:31:02.220,4.9,1000
2020-10-19 09:31:02.220,4.9,127800
2020-10-19 09:31:02.220,4.9,10000
2020-10-19 09:31:02.220,4.9,2700
2020-10-19 09:31:02.220,4.9,57400
2020-10-19 09:31:02.220,4.9,18200
2020-10-19 09:31:02.220,4.9,4000
2020-10-19 09:31:02.220,4.9,1000
2020-10-19 09:31:02.220,4.9,10000
2020-10-19 09:31:02.560,4.9,500
2020-10-19 09:31:02.560,4.9,10000
2020-10-19 09:31:02.800,4.9,200
2020-10-19 09:31:03.420,4.901,2000
2020-10-19 09:31:03.450,4.9,16200
2020-10-19 09:31:03.680,4.9,200000
2020-10-19 09:31:03.750,4.9,5000
2020-10-19 09:31:03.860,4.9,30000
2020-10-19 09:31:04.170,4.9,3300
2020-10-19 09:31:04.350,4.9,4000
2020-10-19 09:31:04.520,4.9,41500
2020-10-19 09:31:04.520,4.9,5000
2020-10-19 09:31:04.520,4.9,33500
2020-10-19 09:31:04.570,4.9,11600
2020-10-19 09:31:04.830,4.9,2000
2020-10-19 09:31:04.850,4.9,10000
2020-10-19 09:31:05.360,4.9,1500
2020-10-19 09:31:05.720,4.9,25000
2020-10-19 09:31:05.870,4.9,30000
2020-10-19 09:31:05.890,4.9,10000
2020-10-19 09:31:05.980,4.9,6000
2020-10-19 09:31:06.070,4.9,1000
2020-10-19 09:31:06.420,4.9,300
2020-10-19 09:31:06.510,4.9,1600
2020-10-19 09:31:06.560,4.9,5000
2020-10-19 09:31:06.680,4.9,600
2020-10-19 09:31:07.040,4.9,5000
2020-10-19 09:31:07.180,4.9,2000
2020-10-19 09:31:07.360,4.9,3000
2020-10-19 09:31:07.420,4.9,5000
2020-10-19 09:31:07.440,4.9,100
2020-10-19 09:31:07.760,4.9,600
2020-10-19 09:31:07.920,4.9,200
2020-10-19 09:31:07.970,4.9,100
2020-10-19 09:31:07.970,4.9,15700
2020-10-19 09:31:08.070,4.9,15000
2020-10-19 09:31:08.130,4.9,4000
2020-10-19 09:31:08.310,4.9,1000
2020-10-19 09:31:08.520,4.9,7500
2020-10-19 09:31:08.630,4.9,1000
2020-10-19 09:31:08.740,4.9,10000
2020-10-19 09:31:09.500,4.9,300
2020-10-19 09:31:09.850,4.9,10000
2020-10-19 09:31:10.250,4.9,5000
2020-10-19 09:31:10.680,4.901,20000
2020-10-19 09:31:10.730,4.9,10000
2020-10-19 09:31:11.030,4.9,15000
2020-10-19 09:31:11.350,4.9,8000
2020-10-19 09:31:11.540,4.9,100
2020-10-19 09:31:11.540,4.9,42300
2020-10-19 09:31:11.540,4.9,2300
2020-10-19 09:31:11.540,4.9,800
2020-10-19 09:31:11.540,4.9,500
2020-10-19 09:31:11.540,4.9,10000
2020-10-19 09:31:11.540,4.9,2100
2020-10-19 09:31:11.540,4.9,1700
2020-10-19 09:31:11.540,4.9,1000
2020-10-19 09:31:11.540,4.9,1100
2020-10-19 09:31:11.540,4.9,4000
2020-10-19 09:31:11.940,4.9,6000
2020-10-19 09:31:11.940,4.9,1000
2020-10-19 09:31:12.120,4.901,300
2020-10-19 09:31:12.300,4.901,500
2020-10-19 09:31:12.300,4.901,4100
2020-10-19 09:31:12.300,4.901,9900
2020-10-19 09:31:12.300,4.901,7900
2020-10-19 09:31:12.300,4.901,4000
2020-10-19 09:31:12.300,4.901,400
2020-10-19 09:31:12.300,4.901,20000
2020-10-19 09:31:12.300,4.901,1000
2020-10-19 09:31:12.300,4.901,8100
2020-10-19 09:31:12.300,4.901,30000
2020-10-19 09:31:12.300,4.901,10000
2020-10-19 09:31:12.300,4.901,10000
2020-10-19 09:31:12.300,4.901,5000
2020-10-19 09:31:12.610,4.901,30000
2020-10-19 09:31:12.720,4.901,8000
2020-10-19 09:31:12.930,4.901,100
2020-10-19 09:31:13.010,4.901,2000
2020-10-19 09:31:13.370,4.901,3000
2020-10-19 09:31:13.420,4.901,2000
2020-10-19 09:31:13.640,4.901,10000
2020-10-19 09:31:14.030,4.901,43800
2020-10-19 09:31:14.030,4.901,2000
2020-10-19 09:31:14.230,4.901,7000
2020-10-19 09:31:14.400,4.901,30000
2020-10-19 09:31:14.430,4.902,8300
2020-10-19 09:31:14.560,4.901,5000
2020-10-19 09:31:14.710,4.901,4100
2020-10-19 09:31:14.840,4.901,10000
2020-10-19 09:31:14.920,4.901,70000
2020-10-19 09:31:15.470,4.901,5000
2020-10-19 09:31:15.560,4.901,10300
2020-10-19 09:31:15.730,4.901,10000
2020-10-19 09:31:15.830,4.901,1000
2020-10-19 09:31:15.830,4.901,500
2020-10-19 09:31:15.830,4.901,1000
2020-10-19 09:31:15.860,4.901,1200
2020-10-19 09:31:15.890,4.901,30000
2020-10-19 09:31:15.920,4.901,500
2020-10-19 09:31:16.000,4.901,5000
2020-10-19 09:31:16.340,4.902,5800
2020-10-19 09:31:16.340,4.902,700
2020-10-19 09:31:16.340,4.902,1700
2020-10-19 09:31:16.440,4.901,10000
2020-10-19 09:31:16.620,4.901,3000
2020-10-19 09:31:16.650,4.901,2100
2020-10-19 09:31:16.870,4.901,30000
2020-10-19 09:31:16.870,4.901,30000
2020-10-19 09:31:16.870,4.901,20000
2020-10-19 09:31:16.940,4.901,50000
2020-10-19 09:31:17.250,4.901,10000
2020-10-19 09:31:17.290,4.901,200
2020-10-19 09:31:17.450,4.901,36100
2020-10-19 09:31:17.860,4.901,40000
2020-10-19 09:31:17.880,4.901,10000
2020-10-19 09:31:18.170,4.901,4000
2020-10-19 09:31:18.210,4.901,2000
2020-10-19 09:31:18.350,4.901,20000
2020-10-19 09:31:18.350,4.901,30000
2020-10-19 09:31:18.480,4.901,1600
2020-10-19 09:31:18.480,4.901,300
2020-10-19 09:31:18.480,4.901,1700
2020-10-19 09:31:18.480,4.9,16400
2020-10-19 09:31:19.260,4.9,100
2020-10-19 09:31:19.750,4.901,700
2020-10-19 09:31:19.840,4.901,300
2020-10-19 09:31:20.060,4.901,500
2020-10-19 09:31:20.680,4.9,100
2020-10-19 09:31:20.860,4.9,30000
2020-10-19 09:31:21.270,4.9,20000
2020-10-19 09:31:21.400,4.901,5000
2020-10-19 09:31:21.780,4.9,1000
2020-10-19 09:31:21.840,4.9,2500
2020-10-19 09:31:22.260,4.9,10500
2020-10-19 09:31:22.380,4.9,300
2020-10-19 09:31:22.660,4.901,300
2020-10-19 09:31:22.680,4.901,1800
2020-10-19 09:31:22.740,4.9,1000
2020-10-19 09:31:22.880,4.9,4700
2020-10-19 09:31:22.880,4.9,2000
2020-10-19 09:31:22.880,4.9,300
2020-10-19 09:31:23.040,4.901,1100
2020-10-19 09:31:23.340,4.9,21700
2020-10-19 09:31:23.340,4.9,17900
2020-10-19 09:31:23.390,4.9,11100
2020-10-19 09:31:23.390,4.9,300
2020-10-19 09:31:23.500,4.9,5000
2020-10-19 09:31:23.740,4.899,400
2020-10-19 09:31:23.740,4.899,19600
2020-10-19 09:31:23.740,4.899,400
2020-10-19 09:31:23.740,4.899,1000
2020-10-19 09:31:23.740,4.898,2500
2020-10-19 09:31:24.650,4.899,1000
2020-10-19 09:31:26.080,4.899,4000
2020-10-19 09:31:26.080,4.899,1000
2020-10-19 09:31:26.310,4.899,100
2020-10-19 09:31:26.910,4.899,2000
2020-10-19 09:31:27.780,4.899,500
2020-10-19 09:31:27.780,4.9,5000
2020-10-19 09:31:27.780,4.9,4500
2020-10-19 09:31:28.100,4.9,500
2020-10-19 09:31:28.100,4.9,300
2020-10-19 09:31:28.100,4.9,4200
2020-10-19 09:31:29.190,4.899,17900
2020-10-19 09:31:29.190,4.9,9400
2020-10-19 09:31:29.190,4.9,10000
2020-10-19 09:31:29.190,4.9,64900
2020-10-19 09:31:29.870,4.9,500
2020-10-19 09:31:29.870,4.9,200
2020-10-19 09:31:29.950,4.898,500
2020-10-19 09:31:29.950,4.898,11500
2020-10-19 09:31:29.950,4.899,100
2020-10-19 09:31:31.230,4.899,11800
2020-10-19 09:31:32.230,4.898,600
2020-10-19 09:31:33.140,4.898,6000
2020-10-19 09:31:33.360,4.898,4000
2020-10-19 09:31:34.470,4.898,5000
2020-10-19 09:31:34.820,4.898,250000
2020-10-19 09:31:35.330,4.897,3000
2020-10-19 09:31:35.330,4.897,1000
2020-10-19 09:31:35.330,4.897,5000
2020-10-19 09:31:35.330,4.897,191000
2020-10-19 09:31:37.580,4.898,200
2020-10-19 09:31:37.580,4.898,4400
2020-10-19 09:31:38.090,4.898,5600
2020-10-19 09:31:38.090,4.898,1000
2020-10-19 09:31:38.090,4.898,7900
2020-10-19 09:31:38.090,4.898,5000
2020-10-19 09:31:38.090,4.898,3000
2020-10-19 09:31:38.090,4.898,500
2020-10-19 09:31:38.090,4.898,4000
2020-10-19 09:31:38.090,4.898,300
2020-10-19 09:31:38.090,4.899,38100
2020-10-19 09:31:38.090,4.899,500
2020-10-19 09:31:38.090,4.899,500
2020-10-19 09:31:38.090,4.899,7900
2020-10-19 09:31:38.090,4.899,1000
2020-10-19 09:31:38.090,4.899,9900
2020-10-19 09:31:38.090,4.899,14800
2020-10-19 09:31:38.350,4.897,200
2020-10-19 09:31:38.410,4.897,7000
2020-10-19 09:31:38.470,4.898,800
2020-10-19 09:31:38.470,4.898,10000
2020-10-19 09:31:38.560,4.898,200
2020-10-19 09:31:38.590,4.898,5000
2020-10-19 09:31:39.510,4.899,10000
2020-10-19 09:31:39.640,4.898,1000
2020-10-19 09:31:40.130,4.9,25000
2020-10-19 09:31:40.130,4.9,1000
2020-10-19 09:31:40.130,4.9,2400
2020-10-19 09:31:40.130,4.9,3000
2020-10-19 09:31:40.130,4.9,200
2020-10-19 09:31:40.130,4.9,38100
2020-10-19 09:31:40.130,4.9,2000
2020-10-19 09:31:40.130,4.9,30000
2020-10-19 09:31:40.130,4.9,100
2020-10-19 09:31:40.130,4.9,400
2020-10-19 09:31:40.130,4.9,8700
2020-10-19 09:31:40.130,4.9,12500
2020-10-19 09:31:40.130,4.9,10000
2020-10-19 09:31:40.130,4.9,1500
2020-10-19 09:31:40.130,4.9,100
2020-10-19 09:31:40.130,4.9,10000
2020-10-19 09:31:40.130,4.9,5000
2020-10-19 09:31:40.130,4.9,1900
2020-10-19 09:31:40.130,4.9,4100
2020-10-19 09:31:40.130,4.9,10000
2020-10-19 09:31:40.130,4.9,10000
2020-10-19 09:31:40.130,4.9,4500
2020-10-19 09:31:40.130,4.9,20000
2020-10-19 09:31:40.130,4.9,1200
2020-10-19 09:31:40.130,4.9,800
2020-10-19 09:31:40.130,4.9,1000
2020-10-19 09:31:40.130,4.9,5000
2020-10-19 09:31:40.130,4.9,55000
2020-10-19 09:31:40.130,4.9,1000
2020-10-19 09:31:40.130,4.9,100
2020-10-19 09:31:40.130,4.9,1000
2020-10-19 09:31:40.220,4.9,100
2020-10-19 09:31:40.350,4.9,1000
2020-10-19 09:31:40.400,4.9,2500
2020-10-19 09:31:40.480,4.9,600
2020-10-19 09:31:40.660,4.9,19500
2020-10-19 09:31:40.940,4.9,5000
2020-10-19 09:31:41.020,4.9,5000
2020-10-19 09:31:41.130,4.9,1400
2020-10-19 09:31:41.210,4.9,10000
2020-10-19 09:31:41.410,4.9,20000
2020-10-19 09:31:41.490,4.9,2000
2020-10-19 09:31:41.490,4.9,200
2020-10-19 09:31:41.690,4.901,4000
2020-10-19 09:31:41.830,4.9,30000
2020-10-19 09:31:42.000,4.9,10000
2020-10-19 09:31:42.190,4.901,2100
2020-10-19 09:31:42.190,4.901,12900
2020-10-19 09:31:42.190,4.901,800
2020-10-19 09:31:42.190,4.901,5100
2020-10-19 09:31:42.190,4.901,900
2020-10-19 09:31:42.190,4.901,1000
2020-10-19 09:31:42.190,4.901,5000
2020-10-19 09:31:42.190,4.901,1000
2020-10-19 09:31:42.190,4.901,1000
2020-10-19 09:31:42.190,4.901,5000
2020-10-19 09:31:42.190,4.901,25000
2020-10-19 09:31:42.190,4.901,20500
2020-10-19 09:31:42.190,4.901,1000
2020-10-19 09:31:42.190,4.901,5000
2020-10-19 09:31:42.190,4.901,5000
2020-10-19 09:31:42.190,4.901,200
2020-10-19 09:31:42.190,4.901,15000
2020-10-19 09:31:42.190,4.901,1800
2020-10-19 09:31:42.190,4.901,50000
2020-10-19 09:31:42.190,4.901,50000
2020-10-19 09:31:42.190,4.901,10000
2020-10-19 09:31:42.190,4.901,6700
2020-10-19 09:31:42.190,4.9,4000
2020-10-19 09:31:42.220,4.9,1000
2020-10-19 09:31:42.520,4.9,500
2020-10-19 09:31:42.660,4.9,2000
2020-10-19 09:31:42.750,4.9,100
2020-10-19 09:31:42.750,4.9,500
2020-10-19 09:31:42.750,4.9,400
2020-10-19 09:31:42.750,4.9,700
2020-10-19 09:31:42.880,4.9,3900
2020-10-19 09:31:43.660,4.9,200
2020-10-19 09:31:43.850,4.898,3000
2020-10-19 09:31:43.850,4.897,2000
2020-10-19 09:31:43.950,4.897,3000
2020-10-19 09:31:44.230,4.898,200
2020-10-19 09:31:44.790,4.899,200
2020-10-19 09:31:44.790,4.898,5000
2020-10-19 09:31:44.870,4.898,1300
2020-10-19 09:31:45.240,4.899,100
2020-10-19 09:31:45.930,4.899,9700
2020-10-19 09:31:45.930,4.899,10000
2020-10-19 09:31:45.930,4.9,3000
2020-10-19 09:31:46.420,4.899,100
2020-10-19 09:31:46.710,4.898,1000
2020-10-19 09:31:47.240,4.898,2000
2020-10-19 09:31:47.440,4.898,5000
2020-10-19 09:31:48.550,4.898,500
2020-10-19 09:31:48.680,4.898,2000
2020-10-19 09:31:48.860,4.898,5000
2020-10-19 09:31:49.490,4.898,900
2020-10-19 09:31:49.600,4.897,1700
2020-10-19 09:31:50.340,4.896,4900
2020-10-19 09:31:50.340,4.896,20000
2020-10-19 09:31:50.340,4.896,75100
2020-10-19 09:31:50.810,4.898,200
2020-10-19 09:31:50.950,4.898,3200
2020-10-19 09:31:51.320,4.897,18600
2020-10-19 09:31:51.940,4.894,100
2020-10-19 09:31:51.940,4.894,1900
2020-10-19 09:31:52.560,4.896,100
2020-10-19 09:31:52.560,4.894,7000
2020-10-19 09:31:52.560,4.894,1000
2020-10-19 09:31:52.630,4.894,4000
2020-10-19 09:31:52.750,4.896,79900
2020-10-19 09:31:52.750,4.897,1400
2020-10-19 09:31:52.750,4.898,15700
2020-10-19 09:31:52.750,4.898,10000
2020-10-19 09:31:52.750,4.898,18500
2020-10-19 09:31:52.750,4.898,12000
2020-10-19 09:31:52.750,4.898,30000
2020-10-19 09:31:52.750,4.898,10000
2020-10-19 09:31:52.750,4.898,2000
2020-10-19 09:31:52.750,4.898,120500
2020-10-19 09:31:52.800,4.894,100
2020-10-19 09:31:53.020,4.894,5000
2020-10-19 09:31:54.060,4.894,1000
2020-10-19 09:31:54.060,4.894,200
2020-10-19 09:31:54.520,4.898,500
2020-10-19 09:31:54.950,4.898,9300
2020-10-19 09:31:54.950,4.898,1400
2020-10-19 09:31:54.950,4.898,1300
2020-10-19 09:31:55.030,4.898,100
2020-10-19 09:31:56.040,4.894,200
2020-10-19 09:31:56.280,4.894,2800
2020-10-19 09:31:57.230,4.897,20000
2020-10-19 09:31:57.230,4.898,8600
2020-10-19 09:31:57.230,4.898,100
2020-10-19 09:31:57.230,4.898,20000
2020-10-19 09:31:57.230,4.898,1300
2020-10-19 09:31:57.230,4.898,30000
2020-10-19 09:31:57.230,4.898,20000
2020-10-19 09:31:57.230,4.894,4600
2020-10-19 09:31:57.600,4.896,1000
2020-10-19 09:31:57.600,4.894,533800
2020-10-19 09:31:58.450,4.896,600
2020-10-19 09:31:58.450,4.894,14400
2020-10-19 09:31:59.740,4.894,36100
2020-10-19 09:32:00.660,4.894,200
2020-10-19 09:32:00.710,4.895,300
2020-10-19 09:32:00.790,4.894,1000
2020-10-19 09:32:00.820,4.895,200
2020-10-19 09:32:00.950,4.894,5600
2020-10-19 09:32:01.700,4.895,20000
2020-10-19 09:32:01.910,4.894,200
2020-10-19 09:32:02.160,4.894,1500
2020-10-19 09:32:02.550,4.894,500
2020-10-19 09:32:02.740,4.894,3400
2020-10-19 09:32:02.820,4.894,500
2020-10-19 09:32:03.270,4.894,300
2020-10-19 09:32:04.000,4.894,5000
2020-10-19 09:32:04.370,4.894,2000
2020-10-19 09:32:04.570,4.894,2000
2020-10-19 09:32:04.620,4.894,10000
2020-10-19 09:32:04.680,4.894,200
2020-10-19 09:32:04.990,4.894,5000
2020-10-19 09:32:05.260,4.894,5000
2020-10-19 09:32:05.260,4.894,400
2020-10-19 09:32:05.580,4.895,8200
2020-10-19 09:32:05.710,4.894,800
2020-10-19 09:32:06.770,4.894,6000
2020-10-19 09:32:06.800,4.894,500
2020-10-19 09:32:06.930,4.895,8200
2020-10-19 09:32:07.250,4.894,100
2020-10-19 09:32:07.280,4.895,49800
2020-10-19 09:32:07.280,4.895,800
2020-10-19 09:32:07.630,4.895,5000
2020-10-19 09:32:07.840,4.895,4400
2020-10-19 09:32:07.840,4.895,600
2020-10-19 09:32:07.900,4.895,400
2020-10-19 09:32:07.900,4.895,17600
2020-10-19 09:32:08.460,4.895,2400
2020-10-19 09:32:08.460,4.895,2300
2020-10-19 09:32:08.590,4.897,500
2020-10-19 09:32:08.590,4.897,100
2020-10-19 09:32:08.590,4.897,5700
2020-10-19 09:32:08.990,4.895,300
2020-10-19 09:32:09.100,4.895,1000
2020-10-19 09:32:09.160,4.897,100
2020-10-19 09:32:09.200,4.895,6400
2020-10-19 09:32:09.200,4.894,193600
2020-10-19 09:32:10.270,4.894,10000
2020-10-19 09:32:11.090,4.895,4300
2020-10-19 09:32:11.190,4.894,20300
2020-10-19 09:32:11.300,4.895,700
2020-10-19 09:32:11.330,4.895,3400
2020-10-19 09:32:11.330,4.894,1600
2020-10-19 09:32:13.690,4.896,200
2020-10-19 09:32:13.690,4.897,7800
2020-10-19 09:32:13.790,4.895,4800
2020-10-19 09:32:14.030,4.895,200
2020-10-19 09:32:14.030,4.894,500
2020-10-19 09:32:14.030,4.894,100
2020-10-19 09:32:14.550,4.894,100
2020-10-19 09:32:14.850,4.894,2700
2020-10-19 09:32:14.960,4.894,100
2020-10-19 09:32:15.400,4.894,400
2020-10-19 09:32:15.710,4.894,1700
2020-10-19 09:32:15.710,4.894,14600
2020-10-19 09:32:15.710,4.894,3000
2020-10-19 09:32:15.710,4.894,2100
2020-10-19 09:32:15.710,4.894,200
2020-10-19 09:32:15.710,4.894,200
2020-10-19 09:32:16.260,4.893,2700
2020-10-19 09:32:16.320,4.893,1100
2020-10-19 09:32:18.000,4.892,1300
2020-10-19 09:32:18.890,4.893,100
2020-10-19 09:32:20.500,4.892,200
2020-10-19 09:32:20.970,4.892,200
2020-10-19 09:32:21.230,4.892,9600
2020-10-19 09:32:21.230,4.892,1300
2020-10-19 09:32:21.440,4.893,10000
2020-10-19 09:32:21.750,4.893,100
2020-10-19 09:32:22.090,4.892,2100
2020-10-19 09:32:22.300,4.891,800
2020-10-19 09:32:22.560,4.89,50000
2020-10-19 09:32:23.880,4.89,17000
2020-10-19 09:32:23.880,4.89,3300
2020-10-19 09:32:24.010,4.89,2900
2020-10-19 09:32:25.020,4.891,3000
2020-10-19 09:32:25.020,4.893,69800
2020-10-19 09:32:25.020,4.893,60000
2020-10-19 09:32:25.020,4.893,400
2020-10-19 09:32:25.020,4.893,85500
2020-10-19 09:32:25.020,4.893,1500
2020-10-19 09:32:25.020,4.894,5700
2020-10-19 09:32:25.020,4.894,1500
2020-10-19 09:32:25.020,4.894,100
2020-10-19 09:32:25.020,4.894,60500
2020-10-19 09:32:25.020,4.894,12000
2020-10-19 09:32:25.800,4.891,200
2020-10-19 09:32:25.800,4.891,1400
2020-10-19 09:32:26.010,4.891,500
2020-10-19 09:32:26.540,4.891,400
2020-10-19 09:32:26.620,4.894,3000
2020-10-19 09:32:26.690,4.891,10000
2020-10-19 09:32:27.770,4.89,4200
2020-10-19 09:32:27.930,4.892,2000
2020-10-19 09:32:28.060,4.892,10000
2020-10-19 09:32:29.280,4.891,100
2020-10-19 09:32:29.570,4.891,9800
2020-10-19 09:32:29.650,4.89,2100
2020-10-19 09:32:30.090,4.89,1000
2020-10-19 09:32:30.490,4.891,100
2020-10-19 09:32:30.490,4.892,1000
2020-10-19 09:32:31.490,4.892,3100
2020-10-19 09:32:31.890,4.89,1500
2020-10-19 09:32:31.890,4.89,9500
2020-10-19 09:32:31.890,4.89,22200
2020-10-19 09:32:31.890,4.891,100
2020-10-19 09:32:31.940,4.89,5000
2020-10-19 09:32:32.920,4.89,10000
2020-10-19 09:32:33.400,4.89,2000
2020-10-19 09:32:33.950,4.89,3000
2020-10-19 09:32:33.950,4.89,2000
2020-10-19 09:32:34.710,4.889,1200
2020-10-19 09:32:35.350,4.89,98000
2020-10-19 09:32:35.350,4.89,2000
2020-10-19 09:32:35.390,4.89,500
2020-10-19 09:32:35.390,4.89,700
2020-10-19 09:32:35.390,4.89,10000
2020-10-19 09:32:35.390,4.89,18800
2020-10-19 09:32:35.390,4.89,28700
2020-10-19 09:32:35.390,4.89,1000
2020-10-19 09:32:35.390,4.89,700
2020-10-19 09:32:35.390,4.89,5000
2020-10-19 09:32:35.390,4.89,200
2020-10-19 09:32:35.390,4.891,100
2020-10-19 09:32:35.390,4.891,10000
2020-10-19 09:32:35.390,4.891,7800
2020-10-19 09:32:35.390,4.891,2500
2020-10-19 09:32:35.390,4.891,4000
2020-10-19 09:32:35.780,4.891,40000
2020-10-19 09:32:35.780,4.889,3800
2020-10-19 09:32:35.780,4.889,500
2020-10-19 09:32:35.780,4.889,40000
2020-10-19 09:32:35.780,4.889,43200
2020-10-19 09:32:36.630,4.89,500
2020-10-19 09:32:37.220,4.889,2000
2020-10-19 09:32:37.330,4.889,3200
2020-10-19 09:32:38.190,4.889,2000
2020-10-19 09:32:39.070,4.89,100
2020-10-19 09:32:39.260,4.89,19400
2020-10-19 09:32:39.260,4.89,1200
2020-10-19 09:32:39.260,4.89,8900
2020-10-19 09:32:39.260,4.89,40500
2020-10-19 09:32:39.310,4.89,20000
2020-10-19 09:32:40.660,4.889,500
2020-10-19 09:32:41.360,4.889,100
2020-10-19 09:32:41.480,4.889,5000
2020-10-19 09:32:41.630,4.889,100
2020-10-19 09:32:42.700,4.889,10000
2020-10-19 09:32:43.050,4.889,2500
2020-10-19 09:32:43.100,4.889,3400
2020-10-19 09:32:43.410,4.889,10000
2020-10-19 09:32:44.480,4.889,3000
2020-10-19 09:32:44.770,4.889,31600
2020-10-19 09:32:45.160,4.89,16400
2020-10-19 09:32:45.270,4.89,35500
2020-10-19 09:32:45.270,4.89,400
2020-10-19 09:32:45.270,4.89,2900
2020-10-19 09:32:45.270,4.89,30000
2020-10-19 09:32:45.270,4.89,200
2020-10-19 09:32:45.270,4.89,21000
2020-10-19 09:32:45.380,4.89,6500
2020-10-19 09:32:45.380,4.89,9900
2020-10-19 09:32:45.380,4.89,13600
2020-10-19 09:32:45.420,4.889,100
2020-10-19 09:32:45.470,4.89,100
2020-10-19 09:32:45.470,4.89,1300
2020-10-19 09:32:45.470,4.89,1700
2020-10-19 09:32:45.830,4.889,20000
2020-10-19 09:32:46.050,4.889,1400
2020-10-19 09:32:46.160,4.889,200
2020-10-19 09:32:46.230,4.889,7000
2020-10-19 09:32:46.230,4.889,300
2020-10-19 09:32:46.260,4.889,15200
2020-10-19 09:32:46.780,4.889,1000
2020-10-19 09:32:47.230,4.889,30000
2020-10-19 09:32:47.500,4.889,50000
2020-10-19 09:32:47.600,4.889,3000
2020-10-19 09:32:48.050,4.889,100
2020-10-19 09:32:48.050,4.889,2900
2020-10-19 09:32:48.180,4.889,100
2020-10-19 09:32:48.180,4.889,1000
2020-10-19 09:32:48.970,4.889,65800
2020-10-19 09:32:49.830,4.889,500
2020-10-19 09:32:50.490,4.889,5000
2020-10-19 09:32:50.710,4.889,1300
2020-10-19 09:32:50.800,4.889,200
2020-10-19 09:32:50.960,4.888,2500
2020-10-19 09:32:50.960,4.888,2300
2020-10-19 09:32:50.960,4.888,200
2020-10-19 09:32:50.990,4.888,900
2020-10-19 09:32:51.930,4.888,63100
2020-10-19 09:32:53.660,4.889,10000
2020-10-19 09:32:55.320,4.888,200
2020-10-19 09:32:55.320,4.889,400
2020-10-19 09:32:55.490,4.888,10000
2020-10-19 09:32:55.870,4.888,100
2020-10-19 09:32:56.300,4.889,300
2020-10-19 09:32:56.570,4.889,100
2020-10-19 09:32:56.620,4.888,100
2020-10-19 09:32:56.620,4.888,12300
2020-10-19 09:32:56.800,4.888,10000
2020-10-19 09:32:57.030,4.888,300
2020-10-19 09:32:57.330,4.888,10000
2020-10-19 09:32:57.460,4.888,114200
2020-10-19 09:32:57.550,4.888,300
2020-10-19 09:32:57.750,4.888,5000
2020-10-19 09:32:58.130,4.888,7500
2020-10-19 09:32:58.310,4.888,163800
2020-10-19 09:32:58.420,4.888,45000
2020-10-19 09:32:58.660,4.889,100
2020-10-19 09:32:58.950,4.888,500
2020-10-19 09:32:59.110,4.889,1000
2020-10-19 09:32:59.160,4.888,100
2020-10-19 09:32:59.320,4.888,5600
2020-10-19 09:32:59.370,4.888,6600
2020-10-19 09:32:59.470,4.888,5000
2020-10-19 09:32:59.580,4.888,3000
2020-10-19 09:32:59.710,4.889,100
2020-10-19 09:33:00.040,4.888,4000
2020-10-19 09:33:00.150,4.888,100000
2020-10-19 09:33:00.710,4.888,10000
2020-10-19 09:33:00.880,4.888,3000
2020-10-19 09:33:01.170,4.888,19200
2020-10-19 09:33:01.170,4.888,10000
2020-10-19 09:33:01.170,4.888,100
2020-10-19 09:33:01.170,4.888,40000
2020-10-19 09:33:01.700,4.887,100
2020-10-19 09:33:01.700,4.887,1900
2020-10-19 09:33:01.800,4.888,30700
2020-10-19 09:33:01.800,4.889,14100
2020-10-19 09:33:01.800,4.889,100
2020-10-19 09:33:01.800,4.889,22700
2020-10-19 09:33:01.800,4.889,2500
2020-10-19 09:33:01.800,4.889,5000
2020-10-19 09:33:01.800,4.889,20000
2020-10-19 09:33:01.800,4.889,4900
2020-10-19 09:33:01.850,4.889,8900
2020-10-19 09:33:01.850,4.889,200
2020-10-19 09:33:01.850,4.889,22700
2020-10-19 09:33:01.850,4.889,33900
2020-10-19 09:33:01.850,4.889,1000
2020-10-19 09:33:01.850,4.889,2000
2020-10-19 09:33:01.850,4.889,9300
2020-10-19 09:33:01.850,4.889,2000
2020-10-19 09:33:01.850,4.889,600
2020-10-19 09:33:01.850,4.889,19400
2020-10-19 09:33:01.850,4.889,20000
2020-10-19 09:33:01.850,4.889,20000
2020-10-19 09:33:02.080,4.888,2000
2020-10-19 09:33:02.390,4.888,3000
2020-10-19 09:33:02.720,4.889,10800
2020-10-19 09:33:02.720,4.888,700
2020-10-19 09:33:02.850,4.889,70000
2020-10-19 09:33:02.880,4.889,9800
2020-10-19 09:33:02.880,4.889,5300
2020-10-19 09:33:02.880,4.889,4000
2020-10-19 09:33:02.880,4.889,2000
2020-10-19 09:33:02.880,4.889,1400
2020-10-19 09:33:02.880,4.889,500
2020-10-19 09:33:02.880,4.889,10000
2020-10-19 09:33:02.880,4.889,47000
2020-10-19 09:33:03.450,4.889,33000
2020-10-19 09:33:03.450,4.889,2000
2020-10-19 09:33:03.450,4.889,7000
2020-10-19 09:33:03.740,4.889,5000
2020-10-19 09:33:03.740,4.889,1500
2020-10-19 09:33:03.980,4.889,1500
2020-10-19 09:33:03.980,4.889,48500
2020-10-19 09:33:04.060,4.889,37200
2020-10-19 09:33:04.310,4.889,10000
2020-10-19 09:33:04.430,4.89,18300
2020-10-19 09:33:04.430,4.89,4300
2020-10-19 09:33:04.430,4.89,500
2020-10-19 09:33:04.430,4.89,10000
2020-10-19 09:33:04.430,4.89,2000
2020-10-19 09:33:04.430,4.89,1000
2020-10-19 09:33:04.490,4.89,3900
2020-10-19 09:33:05.050,4.889,10000
2020-10-19 09:33:05.180,4.889,1000
2020-10-19 09:33:05.260,4.89,2000
2020-10-19 09:33:05.410,4.889,18200
2020-10-19 09:33:05.670,4.889,1000
2020-10-19 09:33:05.990,4.889,1000
2020-10-19 09:33:06.010,4.889,6000
2020-10-19 09:33:06.080,4.889,300
2020-10-19 09:33:06.690,4.889,300
2020-10-19 09:33:06.920,4.889,8000
2020-10-19 09:33:07.000,4.89,500
2020-10-19 09:33:07.130,4.889,1000
2020-10-19 09:33:07.500,4.89,10000
2020-10-19 09:33:08.140,4.89,20000
2020-10-19 09:33:09.940,4.889,1000
2020-10-19 09:33:10.120,4.889,2000
2020-10-19 09:33:11.010,4.89,4000
2020-10-19 09:33:11.560,4.889,36900
2020-10-19 09:33:11.580,4.889,25000
2020-10-19 09:33:12.150,4.889,19900
2020-10-19 09:33:12.310,4.889,400
2020-10-19 09:33:12.690,4.889,5000
2020-10-19 09:33:13.010,4.889,20000
2020-10-19 09:33:13.520,4.89,48800
2020-10-19 09:33:13.520,4.89,300000
2020-10-19 09:33:13.520,4.89,30000
2020-10-19 09:33:13.520,4.89,5000
2020-10-19 09:33:13.520,4.89,116200
2020-10-19 09:33:13.640,4.889,2000
2020-10-19 09:33:13.800,4.889,156800
2020-10-19 09:33:13.800,4.889,100000
2020-10-19 09:33:13.800,4.889,1100
2020-10-19 09:33:13.800,4.889,100
2020-10-19 09:33:13.800,4.889,5000
2020-10-19 09:33:13.800,4.889,4200
2020-10-19 09:33:14.360,4.889,600
2020-10-19 09:33:14.670,4.889,100
2020-10-19 09:33:14.930,4.888,10000
2020-10-19 09:33:14.930,4.888,500
2020-10-19 09:33:14.930,4.888,40000
2020-10-19 09:33:15.000,4.888,200
2020-10-19 09:33:15.120,4.888,3600
2020-10-19 09:33:15.530,4.889,100
2020-10-19 09:33:16.640,4.889,1000
2020-10-19 09:33:16.680,4.889,200
2020-10-19 09:33:17.980,4.89,500
2020-10-19 09:33:17.980,4.89,200
2020-10-19 09:33:18.090,4.89,800
2020-10-19 09:33:18.560,4.89,1200
2020-10-19 09:33:18.610,4.889,200
2020-10-19 09:33:18.980,4.89,3800
2020-10-19 09:33:19.290,4.89,500
2020-10-19 09:33:20.300,4.89,500
2020-10-19 09:33:20.700,4.89,1000
2020-10-19 09:33:22.290,4.889,2000
2020-10-19 09:33:24.130,4.89,100
2020-10-19 09:33:24.130,4.891,200
2020-10-19 09:33:24.300,4.89,500
2020-10-19 09:33:24.320,4.89,100
2020-10-19 09:33:24.320,4.89,14500
2020-10-19 09:33:25.700,4.89,300
2020-10-19 09:33:26.440,4.891,2000
2020-10-19 09:33:26.510,4.89,42000
2020-10-19 09:33:27.040,4.89,4500
2020-10-19 09:33:27.040,4.89,10000
2020-10-19 09:33:27.920,4.891,200
2020-10-19 09:33:28.050,4.89,1000
2020-10-19 09:33:28.170,4.89,5000
2020-10-19 09:33:28.230,4.89,500
2020-10-19 09:33:28.450,4.891,7600
2020-10-19 09:33:28.450,4.891,600
2020-10-19 09:33:28.450,4.891,2400
2020-10-19 09:33:28.450,4.891,10000
2020-10-19 09:33:28.450,4.891,200
2020-10-19 09:33:28.450,4.891,5000
2020-10-19 09:33:28.450,4.891,4000
2020-10-19 09:33:28.450,4.891,1300
2020-10-19 09:33:28.450,4.891,7100
2020-10-19 09:33:28.880,4.89,2000
2020-10-19 09:33:29.640,4.89,2000
2020-10-19 09:33:30.110,4.89,17500
2020-10-19 09:33:30.110,4.89,1000
2020-10-19 09:33:30.110,4.89,200
2020-10-19 09:33:30.110,4.89,8100
2020-10-19 09:33:30.110,4.89,100
2020-10-19 09:33:30.110,4.889,23400
2020-10-19 09:33:30.110,4.889,2500
2020-10-19 09:33:30.110,4.889,40000
2020-10-19 09:33:30.110,4.889,7200
2020-10-19 09:33:31.920,4.89,7000
2020-10-19 09:33:32.800,4.89,33000
2020-10-19 09:33:32.800,4.89,200
2020-10-19 09:33:32.920,4.89,300
2020-10-19 09:33:34.090,4.89,200
2020-10-19 09:33:34.090,4.89,1800
2020-10-19 09:33:34.440,4.89,600
2020-10-19 09:33:35.110,4.89,1300
2020-10-19 09:33:35.110,4.89,1000
2020-10-19 09:33:35.110,4.89,1700
2020-10-19 09:33:36.580,4.89,600
2020-10-19 09:33:36.580,4.89,4900
2020-10-19 09:33:36.740,4.889,200
2020-10-19 09:33:36.740,4.889,2000
2020-10-19 09:33:36.740,4.889,200
2020-10-19 09:33:36.740,4.889,1000
2020-10-19 09:33:36.740,4.889,30000
2020-10-19 09:33:36.740,4.889,1000
2020-10-19 09:33:37.310,4.889,100
2020-10-19 09:33:37.410,4.89,3000
2020-10-19 09:33:37.720,4.888,500
2020-10-19 09:33:37.720,4.888,700
2020-10-19 09:33:37.720,4.89,500
2020-10-19 09:33:37.820,4.89,1600
2020-10-19 09:33:37.820,4.89,3900
2020-10-19 09:33:38.020,4.89,1100
2020-10-19 09:33:38.020,4.89,2100
2020-10-19 09:33:38.020,4.89,1600
2020-10-19 09:33:38.600,4.89,100
2020-10-19 09:33:38.600,4.89,2000
2020-10-19 09:33:38.600,4.89,400
2020-10-19 09:33:38.600,4.89,2500
2020-10-19 09:33:39.390,4.889,6500
2020-10-19 09:33:39.920,4.889,7000
2020-10-19 09:33:39.920,4.889,6700
2020-10-19 09:33:39.920,4.89,7500
2020-10-19 09:33:39.920,4.89,3000
2020-10-19 09:33:40.120,4.89,1000
2020-10-19 09:33:41.030,4.89,4800
2020-10-19 09:33:42.250,4.889,7700
2020-10-19 09:33:43.450,4.889,100
2020-10-19 09:33:43.450,4.89,4500
2020-10-19 09:33:43.450,4.89,4100
2020-10-19 09:33:43.450,4.89,1000
2020-10-19 09:33:43.450,4.891,2900
2020-10-19 09:33:43.450,4.891,2300
2020-10-19 09:33:43.450,4.891,1200
2020-10-19 09:33:43.450,4.891,100
2020-10-19 09:33:43.450,4.891,1200
2020-10-19 09:33:43.450,4.891,14500
2020-10-19 09:33:43.450,4.891,13500
2020-10-19 09:33:43.450,4.891,7000
2020-10-19 09:33:43.450,4.891,9900
2020-10-19 09:33:43.450,4.891,200
2020-10-19 09:33:43.530,4.891,4200
2020-10-19 09:33:45.170,4.891,1500
2020-10-19 09:33:45.170,4.891,4000
2020-10-19 09:33:45.650,4.891,27900
2020-10-19 09:33:45.650,4.891,500
2020-10-19 09:33:45.650,4.889,4200
2020-10-19 09:33:45.840,4.889,2000
2020-10-19 09:33:47.850,4.89,20000
2020-10-19 09:33:47.850,4.89,1300
2020-10-19 09:33:47.850,4.89,28700
2020-10-19 09:33:49.280,4.89,300
2020-10-19 09:33:50.600,4.889,3000
2020-10-19 09:33:50.880,4.89,10000
2020-10-19 09:33:51.090,4.89,4800
2020-10-19 09:33:51.090,4.89,1000
2020-10-19 09:33:51.090,4.89,2000
2020-10-19 09:33:51.090,4.89,500
2020-10-19 09:33:51.140,4.89,100
2020-10-19 09:33:51.810,4.89,5000
2020-10-19 09:33:52.710,4.89,17500
2020-10-19 09:33:53.490,4.891,3000
2020-10-19 09:33:53.490,4.891,6000
2020-10-19 09:33:53.490,4.891,100
2020-10-19 09:33:53.490,4.891,200
2020-10-19 09:33:53.860,4.892,12100
2020-10-19 09:33:53.860,4.892,3000
2020-10-19 09:33:53.860,4.892,2100
2020-10-19 09:33:53.860,4.892,500
2020-10-19 09:33:53.860,4.892,5000
2020-10-19 09:33:53.860,4.892,3400
2020-10-19 09:33:53.860,4.892,3900
2020-10-19 09:33:54.300,4.891,700
2020-10-19 09:33:54.960,4.892,10700
2020-10-19 09:33:56.060,4.892,1000
2020-10-19 09:33:57.040,4.892,200
2020-10-19 09:33:58.130,4.891,11600
2020-10-19 09:33:58.350,4.891,18400
2020-10-19 09:33:58.350,4.891,81600
2020-10-19 09:33:58.980,4.891,500
2020-10-19 09:34:00.480,4.893,2100
2020-10-19 09:34:00.480,4.893,2400
2020-10-19 09:34:00.480,4.893,1800
2020-10-19 09:34:00.480,4.893,3300
2020-10-19 09:34:00.800,4.893,1700
2020-10-19 09:34:00.800,4.893,500
2020-10-19 09:34:00.800,4.893,27800
2020-10-19 09:34:01.350,4.891,1000
2020-10-19 09:34:02.390,4.892,7700
2020-10-19 09:34:03.370,4.892,2000
2020-10-19 09:34:03.480,4.892,2500
2020-10-19 09:34:03.630,4.893,1400
2020-10-19 09:34:03.630,4.893,29900
2020-10-19 09:34:03.630,4.894,10000
2020-10-19 09:34:03.630,4.894,5000
2020-10-19 09:34:03.630,4.894,1200
2020-10-19 09:34:03.630,4.894,200
2020-10-19 09:34:03.630,4.894,200
2020-10-19 09:34:03.630,4.894,5000
2020-10-19 09:34:03.630,4.894,2000
2020-10-19 09:34:03.630,4.894,100
2020-10-19 09:34:03.630,4.894,100
2020-10-19 09:34:03.630,4.894,10000
2020-10-19 09:34:03.630,4.894,5000
2020-10-19 09:34:03.630,4.894,2000
2020-10-19 09:34:03.630,4.894,5900
2020-10-19 09:34:03.630,4.894,1000
2020-10-19 09:34:03.630,4.894,8200
2020-10-19 09:34:03.630,4.895,200
2020-10-19 09:34:03.630,4.895,7300
2020-10-19 09:34:03.630,4.895,4000
2020-10-19 09:34:03.630,4.895,1300
2020-10-19 09:34:04.560,4.892,200
2020-10-19 09:34:05.030,4.892,2000
2020-10-19 09:34:05.220,4.893,500
2020-10-19 09:34:05.220,4.892,4500
2020-10-19 09:34:05.730,4.893,58100
2020-10-19 09:34:06.100,4.893,200
2020-10-19 09:34:06.190,4.893,1000
2020-10-19 09:34:06.350,4.893,3900
2020-10-19 09:34:07.210,4.893,500
2020-10-19 09:34:07.600,4.893,2500
2020-10-19 09:34:07.730,4.893,2000
2020-10-19 09:34:07.930,4.894,200
2020-10-19 09:34:08.830,4.895,48700
2020-10-19 09:34:08.830,4.895,5000
2020-10-19 09:34:08.830,4.895,500
2020-10-19 09:34:08.830,4.895,3000
2020-10-19 09:34:08.830,4.895,1000
2020-10-19 09:34:08.830,4.895,400
2020-10-19 09:34:08.830,4.895,21400
2020-10-19 09:34:08.830,4.895,10000
2020-10-19 09:34:08.830,4.895,100000
2020-10-19 09:34:08.830,4.895,30000
2020-10-19 09:34:09.000,4.894,2000
2020-10-19 09:34:09.020,4.895,200
2020-10-19 09:34:09.130,4.895,38400
2020-10-19 09:34:09.130,4.895,1000
2020-10-19 09:34:09.130,4.895,3000
2020-10-19 09:34:09.130,4.895,3500
2020-10-19 09:34:09.130,4.895,1000
2020-10-19 09:34:09.130,4.895,100
2020-10-19 09:34:09.130,4.895,4000
2020-10-19 09:34:09.130,4.895,10200
2020-10-19 09:34:10.290,4.895,100
2020-10-19 09:34:10.760,4.895,200
2020-10-19 09:34:11.030,4.895,2700
2020-10-19 09:34:11.790,4.896,3000
2020-10-19 09:34:11.790,4.896,12900
2020-10-19 09:34:11.790,4.896,1500
2020-10-19 09:34:11.790,4.896,5000
2020-10-19 09:34:11.790,4.897,200
2020-10-19 09:34:11.790,4.897,1000
2020-10-19 09:34:11.790,4.897,3500
2020-10-19 09:34:11.920,4.896,10000
2020-10-19 09:34:13.330,4.895,100000
2020-10-19 09:34:13.820,4.895,200
2020-10-19 09:34:14.210,4.895,100
2020-10-19 09:34:16.880,4.896,500
2020-10-19 09:34:16.880,4.896,2100
2020-10-19 09:34:17.290,4.896,500
2020-10-19 09:34:17.700,4.896,6900
2020-10-19 09:34:17.700,4.897,5700
2020-10-19 09:34:17.840,4.895,5000
2020-10-19 09:34:18.830,4.895,100
2020-10-19 09:34:19.470,4.895,40000
2020-10-19 09:34:19.470,4.897,800
2020-10-19 09:34:19.470,4.897,5000
2020-10-19 09:34:19.470,4.897,54200
2020-10-19 09:34:19.640,4.894,2400
2020-10-19 09:34:20.700,4.895,400
2020-10-19 09:34:21.160,4.894,1500
2020-10-19 09:34:22.160,4.894,100000
2020-10-19 09:34:22.230,4.895,2600
2020-10-19 09:34:22.880,4.895,100
2020-10-19 09:34:22.960,4.895,500
2020-10-19 09:34:23.410,4.895,1200
2020-10-19 09:34:23.410,4.896,1000
2020-10-19 09:34:23.410,4.896,300
2020-10-19 09:34:26.570,4.895,1000
2020-10-19 09:34:26.570,4.895,200
2020-10-19 09:34:26.570,4.895,500
2020-10-19 09:34:26.570,4.895,1000
2020-10-19 09:34:26.570,4.895,7300
2020-10-19 09:34:27.010,4.894,400
2020-10-19 09:34:27.090,4.894,100
2020-10-19 09:34:27.300,4.895,2700
2020-10-19 09:34:27.300,4.896,1300
2020-10-19 09:34:27.380,4.896,1000
2020-10-19 09:34:27.380,4.896,1900
2020-10-19 09:34:27.710,4.895,200
2020-10-19 09:34:29.210,4.896,2100
2020-10-19 09:34:29.260,4.895,2500
2020-10-19 09:34:29.560,4.896,300
2020-10-19 09:34:29.980,4.895,200
2020-10-19 09:34:29.980,4.896,300
2020-10-19 09:34:32.460,4.895,800
2020-10-19 09:34:32.840,4.896,400
2020-10-19 09:34:32.840,4.896,1300
2020-10-19 09:34:32.840,4.896,1000
2020-10-19 09:34:32.840,4.896,1500
2020-10-19 09:34:32.840,4.896,5000
2020-10-19 09:34:32.840,4.896,800
2020-10-19 09:34:32.890,4.896,200
2020-10-19 09:34:32.890,4.896,99800
2020-10-19 09:34:32.890,4.896,50000
2020-10-19 09:34:32.890,4.896,60000
2020-10-19 09:34:32.890,4.895,6300
2020-10-19 09:34:32.890,4.895,100
2020-10-19 09:34:32.890,4.895,16400
2020-10-19 09:34:32.920,4.895,1000
2020-10-19 09:34:35.760,4.895,6100
2020-10-19 09:34:35.840,4.895,20000
2020-10-19 09:34:36.810,4.895,1000
2020-10-19 09:34:38.830,4.895,9600
2020-10-19 09:34:38.830,4.895,300
2020-10-19 09:34:38.830,4.895,100
2020-10-19 09:34:39.480,4.894,100
2020-10-19 09:34:41.380,4.895,1000
2020-10-19 09:34:41.850,4.895,3900
2020-10-19 09:34:41.850,4.895,1300
2020-10-19 09:34:41.850,4.895,4800
2020-10-19 09:34:42.270,4.895,100
2020-10-19 09:34:42.940,4.895,1000
2020-10-19 09:34:44.250,4.894,7300
2020-10-19 09:34:44.250,4.895,4100
2020-10-19 09:34:44.250,4.895,1400
2020-10-19 09:34:44.250,4.895,500
2020-10-19 09:34:44.250,4.895,1000
2020-10-19 09:34:44.250,4.895,1000
2020-10-19 09:34:44.250,4.896,1000
2020-10-19 09:34:44.250,4.896,16000
2020-10-19 09:34:44.710,4.894,400
2020-10-19 09:34:44.880,4.896,10000
2020-10-19 09:34:44.880,4.896,10000
2020-10-19 09:34:44.880,4.896,9100
2020-10-19 09:34:44.880,4.896,900
2020-10-19 09:34:44.900,4.894,900
2020-10-19 09:34:44.900,4.896,100
2020-10-19 09:34:44.900,4.896,1100
2020-10-19 09:34:44.900,4.896,2000
2020-10-19 09:34:44.900,4.896,9600
2020-10-19 09:34:44.900,4.896,1000
2020-10-19 09:34:44.900,4.896,11500
2020-10-19 09:34:44.900,4.896,1000
2020-10-19 09:34:44.900,4.896,5000
2020-10-19 09:34:44.900,4.896,1400
2020-10-19 09:34:44.900,4.896,1000
2020-10-19 09:34:45.800,4.896,1500
2020-10-19 09:34:46.410,4.896,400
2020-10-19 09:34:46.990,4.896,63900
2020-10-19 09:34:47.040,4.896,500
2020-10-19 09:34:47.040,4.896,1500
2020-10-19 09:34:47.040,4.896,200
2020-10-19 09:34:47.810,4.895,100
2020-10-19 09:34:47.810,4.895,400
2020-10-19 09:34:47.920,4.895,2000
2020-10-19 09:34:48.480,4.896,1800
2020-10-19 09:34:48.480,4.896,200
2020-10-19 09:34:48.480,4.896,20000
2020-10-19 09:34:48.480,4.897,145800
2020-10-19 09:34:48.480,4.897,10000
2020-10-19 09:34:48.480,4.897,2200
2020-10-19 09:34:49.060,4.895,900
2020-10-19 09:34:49.730,4.895,700
2020-10-19 09:34:52.210,4.895,26000
2020-10-19 09:34:52.210,4.895,200
2020-10-19 09:34:52.210,4.895,12800
2020-10-19 09:34:53.830,4.896,10000
2020-10-19 09:34:53.830,4.896,1300
2020-10-19 09:34:53.830,4.896,4000
2020-10-19 09:34:53.830,4.896,2500
2020-10-19 09:34:53.830,4.896,100
2020-10-19 09:34:53.830,4.896,5000
2020-10-19 09:34:53.830,4.896,7100
2020-10-19 09:34:53.920,4.895,100
2020-10-19 09:34:54.350,4.896,400
2020-10-19 09:34:54.920,4.896,1200
2020-10-19 09:34:55.180,4.896,6500
2020-10-19 09:34:55.330,4.895,100
2020-10-19 09:34:55.330,4.895,30000
2020-10-19 09:34:55.330,4.895,119900
2020-10-19 09:34:56.380,4.895,300
2020-10-19 09:34:56.560,4.895,9000
2020-10-19 09:34:59.210,4.895,1000
2020-10-19 09:34:59.280,4.895,6000
2020-10-19 09:34:59.280,4.895,200
2020-10-19 09:34:59.450,4.895,200
2020-10-19 09:34:59.830,4.896,4800
2020-10-19 09:34:59.830,4.896,1000
2020-10-19 09:34:59.830,4.896,1000
2020-10-19 09:34:59.830,4.896,500
2020-10-19 09:34:59.830,4.896,500
2020-10-19 09:34:59.830,4.896,2200
2020-10-19 09:35:01.010,4.896,300
2020-10-19 09:35:02.310,4.896,400
2020-10-19 09:35:02.490,4.896,300
2020-10-19 09:35:02.750,4.895,8100
2020-10-19 09:35:02.750,4.895,30000
2020-10-19 09:35:02.750,4.895,10000
2020-10-19 09:35:02.750,4.895,1900
2020-10-19 09:35:02.910,4.896,6800
2020-10-19 09:35:02.910,4.896,73200
2020-10-19 09:35:04.090,4.896,16000
2020-10-19 09:35:04.090,4.896,100
2020-10-19 09:35:04.090,4.896,800
2020-10-19 09:35:04.090,4.896,5000
2020-10-19 09:35:04.090,4.896,5000
2020-10-19 09:35:04.150,4.896,6700
2020-10-19 09:35:04.230,4.896,20000
2020-10-19 09:35:04.430,4.896,2500
2020-10-19 09:35:05.050,4.896,2000
2020-10-19 09:35:05.050,4.896,2400
2020-10-19 09:35:05.200,4.896,1000
2020-10-19 09:35:05.260,4.896,1400
2020-10-19 09:35:05.400,4.896,700
2020-10-19 09:35:05.780,4.896,2100
2020-10-19 09:35:05.830,4.897,100000
2020-10-19 09:35:05.890,4.897,4700
2020-10-19 09:35:05.890,4.897,700
2020-10-19 09:35:05.890,4.897,5000
2020-10-19 09:35:05.890,4.897,1100
2020-10-19 09:35:05.890,4.897,11900
2020-10-19 09:35:05.890,4.897,6600
2020-10-19 09:35:06.100,4.896,30000
2020-10-19 09:35:06.130,4.896,200
2020-10-19 09:35:07.080,4.896,7500
2020-10-19 09:35:07.450,4.897,30000
2020-10-19 09:35:07.740,4.897,11000
2020-10-19 09:35:07.740,4.897,700
2020-10-19 09:35:07.740,4.897,500
2020-10-19 09:35:07.810,4.897,17800
2020-10-19 09:35:07.810,4.897,40000
2020-10-19 09:35:07.810,4.896,353600
2020-10-19 09:35:07.980,4.897,30000
2020-10-19 09:35:07.980,4.896,120000
2020-10-19 09:35:08.420,4.896,5000
2020-10-19 09:35:08.710,4.897,800
2020-10-19 09:35:08.840,4.898,1000
2020-10-19 09:35:08.840,4.898,1100
2020-10-19 09:35:08.840,4.898,3700
2020-10-19 09:35:08.840,4.898,500
2020-10-19 09:35:08.840,4.898,33800
2020-10-19 09:35:08.840,4.898,200
2020-10-19 09:35:08.840,4.898,1000
2020-10-19 09:35:08.840,4.898,15000
2020-10-19 09:35:08.840,4.898,500
2020-10-19 09:35:08.840,4.898,1300
2020-10-19 09:35:08.840,4.898,1000
2020-10-19 09:35:08.840,4.898,900
2020-10-19 09:35:08.860,4.898,6100
2020-10-19 09:35:08.860,4.898,3900
2020-10-19 09:35:09.490,4.897,10000
2020-10-19 09:35:09.680,4.897,3000
2020-10-19 09:35:09.770,4.897,300
2020-10-19 09:35:10.790,4.897,600
2020-10-19 09:35:10.870,4.897,15300
2020-10-19 09:35:10.870,4.897,4700
2020-10-19 09:35:11.100,4.897,1000
2020-10-19 09:35:11.480,4.897,2000
2020-10-19 09:35:11.690,4.898,1100
2020-10-19 09:35:11.690,4.898,6000
2020-10-19 09:35:11.690,4.898,2200
2020-10-19 09:35:11.690,4.898,700
2020-10-19 09:35:11.840,4.898,700
2020-10-19 09:35:11.840,4.898,1000
2020-10-19 09:35:11.840,4.898,5000
2020-10-19 09:35:11.840,4.898,500
2020-10-19 09:35:11.840,4.898,2800
2020-10-19 09:35:11.840,4.898,7200
2020-10-19 09:35:13.680,4.898,2800
2020-10-19 09:35:14.320,4.897,2000
2020-10-19 09:35:15.290,4.898,1000
2020-10-19 09:35:15.320,4.897,3800
2020-10-19 09:35:16.830,4.897,16500
2020-10-19 09:35:16.830,4.897,30000
2020-10-19 09:35:16.830,4.897,30000
2020-10-19 09:35:16.830,4.897,1400
2020-10-19 09:35:16.830,4.897,11100
2020-10-19 09:35:16.830,4.897,11000
2020-10-19 09:35:17.820,4.898,6200
2020-10-19 09:35:17.820,4.898,33800
2020-10-19 09:35:17.870,4.897,500
2020-10-19 09:35:18.440,4.898,800
2020-10-19 09:35:18.580,4.897,200
2020-10-19 09:35:18.690,4.898,2500
2020-10-19 09:35:18.690,4.898,10600
2020-10-19 09:35:18.690,4.898,1000
2020-10-19 09:35:18.690,4.899,2000
2020-10-19 09:35:18.690,4.899,100
2020-10-19 09:35:18.690,4.899,3800
2020-10-19 09:35:18.710,4.897,2000
2020-10-19 09:35:19.580,4.897,3000
2020-10-19 09:35:19.970,4.897,100
2020-10-19 09:35:21.000,4.898,900
2020-10-19 09:35:21.420,4.898,400
2020-10-19 09:35:21.930,4.898,700
2020-10-19 09:35:21.930,4.898,5700
2020-10-19 09:35:21.930,4.898,1000
2020-10-19 09:35:21.930,4.899,3200
2020-10-19 09:35:21.930,4.899,5300
2020-10-19 09:35:21.930,4.899,1000
2020-10-19 09:35:21.930,4.899,1500
2020-10-19 09:35:21.930,4.899,29600
2020-10-19 09:35:22.140,4.898,100
2020-10-19 09:35:22.140,4.897,2300
2020-10-19 09:35:22.790,4.897,2100
2020-10-19 09:35:23.850,4.898,5200
2020-10-19 09:35:23.850,4.898,10000
2020-10-19 09:35:23.850,4.898,4800
2020-10-19 09:35:26.820,4.898,9700
2020-10-19 09:35:26.820,4.898,400
2020-10-19 09:35:26.820,4.898,300
2020-10-19 09:35:26.820,4.898,30000
2020-10-19 09:35:26.820,4.898,59600
2020-10-19 09:35:26.840,4.898,10000
2020-10-19 09:35:26.990,4.897,1000
2020-10-19 09:35:27.070,4.897,20000
2020-10-19 09:35:27.320,4.897,5000
2020-10-19 09:35:28.610,4.897,100
2020-10-19 09:35:28.610,4.897,4500
2020-10-19 09:35:29.830,4.898,30400
2020-10-19 09:35:29.830,4.898,2000
2020-10-19 09:35:29.830,4.898,1000
2020-10-19 09:35:29.830,4.898,1000
2020-10-19 09:35:29.830,4.898,5600
2020-10-19 09:35:29.950,4.898,15000
2020-10-19 09:35:29.950,4.898,3000
2020-10-19 09:35:30.530,4.898,10000
2020-10-19 09:35:30.740,4.898,1000
2020-10-19 09:35:30.910,4.898,10000
2020-10-19 09:35:31.190,4.898,5000
2020-10-19 09:35:31.450,4.898,40000
2020-10-19 09:35:32.250,4.898,100000
2020-10-19 09:35:32.440,4.899,10000
2020-10-19 09:35:32.530,4.898,100000
2020-10-19 09:35:33.320,4.898,16000
2020-10-19 09:35:33.320,4.898,35800
2020-10-19 09:35:33.320,4.898,1300
2020-10-19 09:35:33.320,4.898,4000
2020-10-19 09:35:33.320,4.898,58500
2020-10-19 09:35:33.320,4.898,800
2020-10-19 09:35:33.320,4.898,2600
2020-10-19 09:35:33.370,4.898,200
2020-10-19 09:35:34.000,4.898,2000
2020-10-19 09:35:34.830,4.898,18100
2020-10-19 09:35:35.100,4.898,200
2020-10-19 09:35:35.220,4.898,2100
2020-10-19 09:35:35.380,4.898,22500
2020-10-19 09:35:35.450,4.898,2000
2020-10-19 09:35:35.600,4.898,7300
2020-10-19 09:35:37.470,4.897,200
2020-10-19 09:35:37.470,4.897,400
2020-10-19 09:35:37.470,4.897,100
2020-10-19 09:35:37.470,4.897,100
2020-10-19 09:35:37.470,4.897,200
2020-10-19 09:35:37.580,4.898,500
2020-10-19 09:35:37.730,4.897,2500
2020-10-19 09:35:37.730,4.897,800
2020-10-19 09:35:37.730,4.898,9200
2020-10-19 09:35:38.330,4.897,100
2020-10-19 09:35:38.480,4.897,3000
2020-10-19 09:35:38.510,4.897,200
2020-10-19 09:35:38.770,4.897,20000
2020-10-19 09:35:39.380,4.897,900
2020-10-19 09:35:39.650,4.897,200
2020-10-19 09:35:40.220,4.896,1000
2020-10-19 09:35:40.220,4.896,800
2020-10-19 09:35:40.220,4.896,200
2020-10-19 09:35:40.220,4.896,100
2020-10-19 09:35:40.220,4.896,400
2020-10-19 09:35:40.940,4.897,2500
2020-10-19 09:35:41.100,4.896,500
2020-10-19 09:35:42.220,4.897,400
2020-10-19 09:35:42.660,4.897,300
2020-10-19 09:35:42.660,4.897,1000
2020-10-19 09:35:42.770,4.896,500
2020-10-19 09:35:42.770,4.897,2500
2020-10-19 09:35:43.090,4.896,1100
2020-10-19 09:35:43.090,4.896,400
2020-10-19 09:35:43.090,4.896,400
2020-10-19 09:35:43.990,4.896,40000
2020-10-19 09:35:44.500,4.896,100
2020-10-19 09:35:45.080,4.895,100
2020-10-19 09:35:45.080,4.895,2000
2020-10-19 09:35:45.080,4.895,100
2020-10-19 09:35:45.460,4.895,900
2020-10-19 09:35:45.460,4.895,200
2020-10-19 09:35:45.460,4.895,2000
2020-10-19 09:35:45.460,4.895,500
2020-10-19 09:35:45.460,4.895,60000
2020-10-19 09:35:47.940,4.894,10000
2020-10-19 09:35:47.940,4.894,4900
2020-10-19 09:35:47.940,4.894,5000
2020-10-19 09:35:47.940,4.893,10000
2020-10-19 09:35:47.940,4.893,10000
2020-10-19 09:35:47.940,4.893,5100
2020-10-19 09:35:48.310,4.895,60000
2020-10-19 09:35:48.340,4.895,20000
2020-10-19 09:35:48.810,4.893,4900
2020-10-19 09:35:48.810,4.893,5100
2020-10-19 09:35:50.860,4.895,10000
2020-10-19 09:35:50.860,4.895,10000
2020-10-19 09:35:50.860,4.895,80000
2020-10-19 09:35:52.470,4.894,100
2020-10-19 09:35:53.350,4.894,400
2020-10-19 09:35:53.350,4.894,2600
2020-10-19 09:35:53.870,4.894,20000
2020-10-19 09:35:53.900,4.894,10000
2020-10-19 09:35:53.900,4.894,17400
2020-10-19 09:35:53.900,4.894,5000
2020-10-19 09:35:53.900,4.894,100
2020-10-19 09:35:53.900,4.894,17500
2020-10-19 09:35:54.470,4.893,4900
2020-10-19 09:35:54.470,4.893,10000
2020-10-19 09:35:54.470,4.893,5500
2020-10-19 09:35:54.850,4.893,4500
2020-10-19 09:35:54.850,4.893,10000
2020-10-19 09:35:54.850,4.893,10000
2020-10-19 09:35:54.850,4.893,10000
2020-10-19 09:35:54.850,4.893,10000
2020-10-19 09:35:54.850,4.893,10000
2020-10-19 09:35:54.850,4.893,10000
2020-10-19 09:35:54.850,4.893,21500
2020-10-19 09:35:55.350,4.893,10000
2020-10-19 09:35:56.530,4.893,400
2020-10-19 09:35:56.530,4.893,100
2020-10-19 09:35:56.580,4.893,5000
2020-10-19 09:35:56.680,4.893,10000
2020-10-19 09:35:56.870,4.894,10000
2020-10-19 09:35:57.000,4.894,10500
2020-10-19 09:35:57.000,4.894,2000
2020-10-19 09:35:57.000,4.894,2200
2020-10-19 09:35:57.000,4.894,13300
2020-10-19 09:35:57.000,4.893,2500
2020-10-19 09:35:57.210,4.893,100
2020-10-19 09:35:57.480,4.894,56700
2020-10-19 09:35:58.350,4.894,400
2020-10-19 09:35:59.100,4.894,4200
2020-10-19 09:36:00.190,4.894,1000
2020-10-19 09:36:00.370,4.894,30000
2020-10-19 09:36:00.660,4.895,500
2020-10-19 09:36:00.660,4.894,100
2020-10-19 09:36:00.850,4.895,19500
2020-10-19 09:36:00.850,4.895,15500
2020-10-19 09:36:00.850,4.895,7400
2020-10-19 09:36:00.850,4.895,2300
2020-10-19 09:36:00.850,4.895,2000
2020-10-19 09:36:00.850,4.895,13300
2020-10-19 09:36:01.560,4.894,3000
2020-10-19 09:36:01.770,4.894,4600
2020-10-19 09:36:02.320,4.894,400
2020-10-19 09:36:02.320,4.895,5600
2020-10-19 09:36:02.370,4.895,20000
2020-10-19 09:36:02.850,4.895,2900
2020-10-19 09:36:02.850,4.895,1000
2020-10-19 09:36:02.850,4.895,6100
2020-10-19 09:36:02.850,4.895,3900
2020-10-19 09:36:02.850,4.895,100
2020-10-19 09:36:05.430,4.893,3500
2020-10-19 09:36:05.820,4.894,10000
2020-10-19 09:36:05.820,4.894,30000
2020-10-19 09:36:06.090,4.893,10000
2020-10-19 09:36:08.560,4.894,1800
2020-10-19 09:36:08.840,4.894,18200
2020-10-19 09:36:08.840,4.894,5000
2020-10-19 09:36:08.840,4.894,36800
2020-10-19 09:36:08.880,4.893,1000
2020-10-19 09:36:09.260,4.894,5000
2020-10-19 09:36:09.260,4.894,900
2020-10-19 09:36:09.260,4.894,10000
2020-10-19 09:36:09.260,4.894,1300
2020-10-19 09:36:09.260,4.895,200
2020-10-19 09:36:09.260,4.895,200
2020-10-19 09:36:09.260,4.895,2400
2020-10-19 09:36:09.280,4.893,2000
2020-10-19 09:36:09.420,4.893,600
2020-10-19 09:36:09.470,4.893,300
2020-10-19 09:36:09.660,4.894,3000
2020-10-19 09:36:09.660,4.895,2600
2020-10-19 09:36:09.660,4.895,200
2020-10-19 09:36:09.660,4.895,2000
2020-10-19 09:36:09.660,4.895,300
2020-10-19 09:36:09.660,4.895,1900
2020-10-19 09:36:11.600,4.894,2000
2020-10-19 09:36:11.710,4.894,43500
2020-10-19 09:36:11.710,4.894,59600
2020-10-19 09:36:11.840,4.895,600
2020-10-19 09:36:11.840,4.895,400
2020-10-19 09:36:11.840,4.895,19000
2020-10-19 09:36:11.840,4.895,26600
2020-10-19 09:36:11.840,4.895,73400
2020-10-19 09:36:11.840,4.895,60000
2020-10-19 09:36:11.840,4.895,100000
2020-10-19 09:36:11.840,4.895,100000
2020-10-19 09:36:11.840,4.895,100000
2020-10-19 09:36:11.840,4.895,100000
2020-10-19 09:36:11.840,4.895,20000
2020-10-19 09:36:11.840,4.895,30000
2020-10-19 09:36:11.840,4.895,80000
2020-10-19 09:36:11.840,4.895,70000
2020-10-19 09:36:11.950,4.895,166600
2020-10-19 09:36:11.950,4.895,3100
2020-10-19 09:36:11.950,4.895,1600
2020-10-19 09:36:11.950,4.895,25000
2020-10-19 09:36:11.950,4.895,5000
2020-10-19 09:36:11.950,4.895,1200
2020-10-19 09:36:12.320,4.895,5000
2020-10-19 09:36:12.630,4.895,2000
2020-10-19 09:36:12.780,4.895,2000
2020-10-19 09:36:13.580,4.895,2000
2020-10-19 09:36:14.500,4.895,5000
2020-10-19 09:36:14.670,4.895,10000
2020-10-19 09:36:14.820,4.895,30000
2020-10-19 09:36:14.880,4.895,3400
2020-10-19 09:36:14.910,4.895,2000
2020-10-19 09:36:15.490,4.896,200
2020-10-19 09:36:15.820,4.895,300
2020-10-19 09:36:15.960,4.895,10000
2020-10-19 09:36:16.840,4.895,7000
2020-10-19 09:36:17.020,4.895,18800
2020-10-19 09:36:17.020,4.895,15200
2020-10-19 09:36:17.040,4.896,300
2020-10-19 09:36:17.070,4.895,4000
2020-10-19 09:36:17.830,4.896,20000
2020-10-19 09:36:17.880,4.896,10000
2020-10-19 09:36:17.880,4.896,10000
2020-10-19 09:36:18.280,4.896,100
2020-10-19 09:36:18.380,4.895,800
2020-10-19 09:36:18.380,4.895,9200
2020-10-19 09:36:18.740,4.895,100
2020-10-19 09:36:18.940,4.895,100
2020-10-19 09:36:19.090,4.895,300
2020-10-19 09:36:19.140,4.895,400
2020-10-19 09:36:19.140,4.895,3000
2020-10-19 09:36:19.970,4.895,200
2020-10-19 09:36:20.380,4.895,100
2020-10-19 09:36:20.840,4.896,9600
2020-10-19 09:36:20.840,4.896,100
2020-10-19 09:36:20.840,4.896,300
2020-10-19 09:36:21.050,4.895,400
2020-10-19 09:36:21.370,4.896,4700
2020-10-19 09:36:21.370,4.896,500
2020-10-19 09:36:21.370,4.897,10300
2020-10-19 09:36:21.370,4.897,9000
2020-10-19 09:36:21.660,4.895,12800
2020-10-19 09:36:21.660,4.895,5900
2020-10-19 09:36:22.670,4.896,3000
2020-10-19 09:36:23.150,4.896,20000
2020-10-19 09:36:23.230,4.896,400
2020-10-19 09:36:24.380,4.896,100
2020-10-19 09:36:24.380,4.896,19900
2020-10-19 09:36:24.880,4.896,200
2020-10-19 09:36:24.880,4.895,4300
2020-10-19 09:36:25.520,4.896,100
2020-10-19 09:36:25.520,4.896,200
2020-10-19 09:36:25.520,4.895,1800
2020-10-19 09:36:26.180,4.895,18000
2020-10-19 09:36:26.180,4.895,31900
2020-10-19 09:36:26.180,4.895,8100
2020-10-19 09:36:26.180,4.895,30000
2020-10-19 09:36:26.180,4.895,45500
2020-10-19 09:36:26.420,4.895,4500
2020-10-19 09:36:27.670,4.897,10000
2020-10-19 09:36:28.550,4.895,100000
2020-10-19 09:36:29.230,4.895,300
2020-10-19 09:36:29.310,4.895,2300
2020-10-19 09:36:29.860,4.895,10200
2020-10-19 09:36:30.410,4.895,300
2020-10-19 09:36:31.640,4.895,144800
2020-10-19 09:36:32.830,4.896,9900
2020-10-19 09:36:32.830,4.896,100
2020-10-19 09:36:33.070,4.895,200
2020-10-19 09:36:34.270,4.895,200
2020-10-19 09:36:34.370,4.896,900
2020-10-19 09:36:34.370,4.896,4000
2020-10-19 09:36:34.370,4.896,1000
2020-10-19 09:36:34.530,4.896,1500
2020-10-19 09:36:34.630,4.896,12600
2020-10-19 09:36:34.630,4.895,37400
2020-10-19 09:36:34.710,4.895,700
2020-10-19 09:36:35.640,4.896,19800
2020-10-19 09:36:35.640,4.896,2500
2020-10-19 09:36:35.640,4.896,2000
2020-10-19 09:36:35.640,4.896,10000
2020-10-19 09:36:36.490,4.896,150000
2020-10-19 09:36:38.030,4.897,200
2020-10-19 09:36:38.420,4.896,10000
2020-10-19 09:36:38.910,4.897,80800
2020-10-19 09:36:38.910,4.897,5000
2020-10-19 09:36:38.910,4.897,300
2020-10-19 09:36:38.910,4.897,5000
2020-10-19 09:36:38.910,4.897,60000
2020-10-19 09:36:38.910,4.897,30000
2020-10-19 09:36:38.910,4.897,10000
2020-10-19 09:36:38.910,4.897,1000
2020-10-19 09:36:38.910,4.897,15000
2020-10-19 09:36:38.910,4.897,9800
2020-10-19 09:36:38.910,4.897,100
2020-10-19 09:36:38.910,4.897,1500
2020-10-19 09:36:38.910,4.897,41900
2020-10-19 09:36:38.910,4.897,4100
2020-10-19 09:36:39.260,4.897,2100
2020-10-19 09:36:39.310,4.897,600
2020-10-19 09:36:39.480,4.898,2500
2020-10-19 09:36:39.480,4.898,10000
2020-10-19 09:36:39.480,4.898,200
2020-10-19 09:36:39.480,4.898,20000
2020-10-19 09:36:39.480,4.898,10000
2020-10-19 09:36:39.480,4.898,15000
2020-10-19 09:36:39.480,4.898,34000
2020-10-19 09:36:39.480,4.898,1000
2020-10-19 09:36:39.480,4.898,500
2020-10-19 09:36:39.480,4.898,100
2020-10-19 09:36:39.480,4.898,6700
2020-10-19 09:36:41.040,4.897,2000
2020-10-19 09:36:41.850,4.897,1000
2020-10-19 09:36:42.140,4.897,1000
2020-10-19 09:36:42.160,4.897,6000
2020-10-19 09:36:42.730,4.897,5000
2020-10-19 09:36:43.060,4.897,10000
2020-10-19 09:36:43.350,4.897,1500
2020-10-19 09:36:43.380,4.897,6300
2020-10-19 09:36:43.380,4.897,40000
2020-10-19 09:36:43.380,4.897,40000
2020-10-19 09:36:43.380,4.897,30000
2020-10-19 09:36:43.380,4.897,30000
2020-10-19 09:36:43.380,4.896,3700
2020-10-19 09:36:43.400,4.896,3900
2020-10-19 09:36:44.380,4.897,100
2020-10-19 09:36:44.480,4.897,400
2020-10-19 09:36:44.480,4.896,1600
2020-10-19 09:36:44.830,4.898,300
2020-10-19 09:36:44.830,4.898,200
2020-10-19 09:36:44.830,4.898,29500
2020-10-19 09:36:45.280,4.896,100
2020-10-19 09:36:46.030,4.897,500
2020-10-19 09:36:46.840,4.898,500
2020-10-19 09:36:46.840,4.898,5000
2020-10-19 09:36:46.840,4.898,1000
2020-10-19 09:36:46.840,4.898,2000
2020-10-19 09:36:46.840,4.898,1500
2020-10-19 09:36:47.760,4.897,100
2020-10-19 09:36:47.890,4.898,8500
2020-10-19 09:36:47.890,4.898,30000
2020-10-19 09:36:47.890,4.898,2000
2020-10-19 09:36:47.890,4.898,29500
2020-10-19 09:36:47.990,4.897,1400
2020-10-19 09:36:48.540,4.897,1000
2020-10-19 09:36:48.630,4.898,900
2020-10-19 09:36:48.940,4.897,500
2020-10-19 09:36:48.940,4.897,40000
2020-10-19 09:36:48.940,4.897,30000
2020-10-19 09:36:49.150,4.897,29500
2020-10-19 09:36:49.360,4.897,34000
2020-10-19 09:36:49.390,4.897,2200
2020-10-19 09:36:50.150,4.898,19600
2020-10-19 09:36:50.850,4.899,100000
2020-10-19 09:36:50.850,4.899,60400
2020-10-19 09:36:50.850,4.899,20000
2020-10-19 09:36:50.850,4.899,2000
2020-10-19 09:36:50.850,4.899,10000
2020-10-19 09:36:50.850,4.899,7600
2020-10-19 09:36:50.850,4.899,2400
2020-10-19 09:36:50.850,4.899,300
2020-10-19 09:36:50.850,4.899,7300
2020-10-19 09:36:51.080,4.898,10000
2020-10-19 09:36:51.250,4.898,2500
2020-10-19 09:36:51.400,4.898,5000
2020-10-19 09:36:51.890,4.898,7800
2020-10-19 09:36:52.100,4.897,100
2020-10-19 09:36:52.100,4.898,100
2020-10-19 09:36:52.140,4.897,500
2020-10-19 09:36:52.930,4.897,1500
2020-10-19 09:36:52.930,4.897,1000
2020-10-19 09:36:53.000,4.897,1000
2020-10-19 09:36:53.190,4.897,1900
2020-10-19 09:36:54.160,4.897,100
2020-10-19 09:36:54.800,4.897,1100
2020-10-19 09:36:55.160,4.898,2100
2020-10-19 09:36:55.160,4.898,200
2020-10-19 09:36:55.270,4.898,26700
2020-10-19 09:36:56.870,4.898,50000
2020-10-19 09:36:57.140,4.897,2800
2020-10-19 09:36:57.140,4.897,22200
2020-10-19 09:36:57.500,4.897,500
2020-10-19 09:36:58.390,4.898,13500
2020-10-19 09:36:58.390,4.898,3000
2020-10-19 09:36:58.390,4.898,2000
2020-10-19 09:36:58.390,4.898,400
2020-10-19 09:36:58.390,4.898,100
2020-10-19 09:36:58.390,4.898,11000
2020-10-19 09:36:58.520,4.898,4500
2020-10-19 09:36:58.730,4.898,5500
2020-10-19 09:36:58.750,4.898,1500
2020-10-19 09:36:59.260,4.898,1000
2020-10-19 09:36:59.480,4.899,2700
2020-10-19 09:36:59.480,4.899,25000
2020-10-19 09:36:59.480,4.899,10000
2020-10-19 09:36:59.480,4.899,500
2020-10-19 09:36:59.480,4.899,1000
2020-10-19 09:36:59.480,4.899,10000
2020-10-19 09:36:59.480,4.899,1700
2020-10-19 09:36:59.480,4.899,5000
2020-10-19 09:36:59.480,4.899,500
2020-10-19 09:36:59.480,4.899,1000
2020-10-19 09:36:59.480,4.899,30000
2020-10-19 09:36:59.480,4.899,500
2020-10-19 09:36:59.480,4.899,500
2020-10-19 09:36:59.480,4.899,500
2020-10-19 09:36:59.480,4.899,500
2020-10-19 09:36:59.480,4.899,10000
2020-10-19 09:36:59.480,4.899,3000
2020-10-19 09:36:59.480,4.899,100
2020-10-19 09:36:59.480,4.899,1000
2020-10-19 09:36:59.480,4.899,30000
2020-10-19 09:36:59.480,4.899,2000
2020-10-19 09:36:59.480,4.899,300
2020-10-19 09:36:59.480,4.899,1000
2020-10-19 09:36:59.480,4.899,30000
2020-10-19 09:36:59.480,4.899,133200
2020-10-19 09:36:59.510,4.898,100000
2020-10-19 09:36:59.830,4.899,20000
2020-10-19 09:36:59.860,4.899,100000
2020-10-19 09:36:59.860,4.899,46800
2020-10-19 09:36:59.860,4.899,900
2020-10-19 09:36:59.860,4.899,52300
2020-10-19 09:36:59.860,4.899,10000
2020-10-19 09:36:59.860,4.899,100000
2020-10-19 09:36:59.860,4.899,37700
2020-10-19 09:36:59.860,4.899,3000
2020-10-19 09:36:59.860,4.899,10000
2020-10-19 09:36:59.860,4.899,6000
2020-10-19 09:36:59.860,4.899,1000
2020-10-19 09:36:59.860,4.899,100
2020-10-19 09:36:59.860,4.899,500
2020-10-19 09:36:59.860,4.899,700
2020-10-19 09:36:59.860,4.899,1000
2020-10-19 09:36:59.860,4.899,10000
2020-10-19 09:36:59.860,4.899,29000
2020-10-19 09:36:59.860,4.899,400
2020-10-19 09:36:59.860,4.899,600
2020-10-19 09:36:59.930,4.899,400
2020-10-19 09:36:59.930,4.899,500
2020-10-19 09:36:59.930,4.899,2500
2020-10-19 09:36:59.930,4.899,107000
2020-10-19 09:37:00.090,4.899,2000
2020-10-19 09:37:00.400,4.899,1600
2020-10-19 09:37:00.920,4.899,800
2020-10-19 09:37:02.180,4.899,21500
2020-10-19 09:37:02.560,4.899,1000
2020-10-19 09:37:02.820,4.899,1000
2020-10-19 09:37:02.890,4.899,3200
2020-10-19 09:37:02.990,4.899,200
2020-10-19 09:37:03.190,4.899,200
2020-10-19 09:37:04.010,4.899,5000
2020-10-19 09:37:04.350,4.899,1500
2020-10-19 09:37:04.400,4.899,10000
2020-10-19 09:37:05.070,4.899,500
2020-10-19 09:37:05.630,4.899,3200
2020-10-19 09:37:05.950,4.899,137800
2020-10-19 09:37:05.950,4.899,300000
2020-10-19 09:37:05.950,4.898,500
2020-10-19 09:37:05.950,4.898,10000
2020-10-19 09:37:05.950,4.898,5200
2020-10-19 09:37:05.950,4.898,10000
2020-10-19 09:37:05.950,4.898,1000
2020-10-19 09:37:05.950,4.898,12400
2020-10-19 09:37:05.950,4.898,200
2020-10-19 09:37:05.950,4.897,17300
2020-10-19 09:37:05.950,4.897,1000
2020-10-19 09:37:05.950,4.897,1700
2020-10-19 09:37:05.950,4.897,100
2020-10-19 09:37:05.950,4.897,30000
2020-10-19 09:37:05.950,4.897,300000
2020-10-19 09:37:05.950,4.897,16800
2020-10-19 09:37:05.950,4.897,600
2020-10-19 09:37:05.950,4.897,4000
2020-10-19 09:37:05.950,4.897,20000
2020-10-19 09:37:05.950,4.897,100
2020-10-19 09:37:05.950,4.897,100
2020-10-19 09:37:05.950,4.897,131200
2020-10-19 09:37:06.210,4.897,200
2020-10-19 09:37:07.020,4.897,10000
2020-10-19 09:37:08.580,4.899,500
2020-10-19 09:37:08.580,4.898,200
2020-10-19 09:37:08.580,4.897,9300
2020-10-19 09:37:09.260,4.897,1800
2020-10-19 09:37:09.490,4.899,1000
2020-10-19 09:37:10.440,4.9,1000
2020-10-19 09:37:10.440,4.9,2000
2020-10-19 09:37:10.440,4.9,4700
2020-10-19 09:37:10.440,4.9,10000
2020-10-19 09:37:10.440,4.9,2000
2020-10-19 09:37:10.440,4.9,30000
2020-10-19 09:37:10.440,4.9,2000
2020-10-19 09:37:10.440,4.9,100
2020-10-19 09:37:10.440,4.9,28200
2020-10-19 09:37:10.490,4.9,80000
2020-10-19 09:37:11.650,4.899,5000
2020-10-19 09:37:11.760,4.9,1000
2020-10-19 09:37:12.080,4.899,3000
2020-10-19 09:37:12.650,4.899,31000
2020-10-19 09:37:12.680,4.899,50000
2020-10-19 09:37:12.900,4.899,600
2020-10-19 09:37:13.970,4.898,100
2020-10-19 09:37:14.830,4.899,100000
2020-10-19 09:37:14.900,4.899,80000
2020-10-19 09:37:14.900,4.899,100000
2020-10-19 09:37:14.900,4.899,80000
2020-10-19 09:37:14.900,4.899,20000
2020-10-19 09:37:14.900,4.899,100000
2020-10-19 09:37:14.900,4.899,100000
2020-10-19 09:37:14.900,4.899,30000
2020-10-19 09:37:14.900,4.899,40000
2020-10-19 09:37:14.900,4.899,20000
2020-10-19 09:37:14.960,4.899,248400
2020-10-19 09:37:14.960,4.899,3000
2020-10-19 09:37:15.720,4.9,100
2020-10-19 09:37:16.970,4.899,1000
2020-10-19 09:37:17.250,4.899,1000
2020-10-19 09:37:17.440,4.899,1300
2020-10-19 09:37:17.720,4.899,10400
2020-10-19 09:37:17.860,4.899,34900
2020-10-19 09:37:19.260,4.899,1100
2020-10-19 09:37:19.730,4.899,1600
2020-10-19 09:37:20.390,4.899,80000
2020-10-19 09:37:20.390,4.899,4000
2020-10-19 09:37:20.530,4.898,5000
2020-10-19 09:37:20.830,4.899,70000
2020-10-19 09:37:20.830,4.899,80000
2020-10-19 09:37:20.830,4.899,10000
2020-10-19 09:37:20.860,4.899,30000
2020-10-19 09:37:20.860,4.899,26900
2020-10-19 09:37:20.860,4.899,1000
2020-10-19 09:37:20.860,4.899,2100
2020-10-19 09:37:20.990,4.899,900
2020-10-19 09:37:20.990,4.899,100
2020-10-19 09:37:21.060,4.898,200
2020-10-19 09:37:21.190,4.899,14400
2020-10-19 09:37:21.190,4.899,10600
2020-10-19 09:37:21.900,4.899,13000
2020-10-19 09:37:23.630,4.898,9800
2020-10-19 09:37:23.630,4.897,40000
2020-10-19 09:37:23.630,4.897,11500
2020-10-19 09:37:23.860,4.899,10000
2020-10-19 09:37:23.890,4.899,7200
2020-10-19 09:37:23.890,4.899,6600
2020-10-19 09:37:23.890,4.899,100
2020-10-19 09:37:23.890,4.899,100
2020-10-19 09:37:23.890,4.899,66000
2020-10-19 09:37:24.010,4.899,1000
2020-10-19 09:37:24.100,4.899,22000
2020-10-19 09:37:26.740,4.899,1000
2020-10-19 09:37:26.790,4.899,2000
2020-10-19 09:37:26.870,4.899,8000
2020-10-19 09:37:26.870,4.899,2000
