ExChangeId,ChannelNo,SeqNo,SecurityID,Trade2_Order1,TradeDate,UpdateTime,Price,Volume,TrdMoney,OrdSide,OrdType,TrdBSFlag,TrdBuyNo,TrdSellNo
1,1,10796,510360,2,20201019,92500810,1.620000,3000,4860.000000,-,-,N,154793,76981
1,1,10797,510360,2,20201019,92500810,1.620000,600,972.000000,-,-,N,155132,76981
1,1,10798,510360,2,20201019,92500810,1.620000,16400,26568.000000,-,-,N,156442,76981
1,1,10799,510360,2,20201019,92500810,1.620000,3200,5184.000000,-,-,N,156442,75766
1,1,10800,510360,2,20201019,92500810,1.620000,2700,4374.000000,-,-,N,156442,87415
1,1,30987,510360,2,20201019,93001550,1.621000,10000,16210.000000,-,-,B,178041,72599
1,1,65733,510360,2,20201019,93021340,1.624000,500,812.000000,-,-,B,271250,189886
1,1,67434,510360,2,20201019,93023730,1.624000,100,162.400000,-,-,S,273582,274415
1,1,68725,510360,2,20201019,93025440,1.625000,6000,9750.000000,-,-,B,276960,114181
1,1,68957,510360,2,20201019,93025750,1.625000,1300,2112.500000,-,-,B,277416,114181
1,1,69820,510360,2,20201019,93027110,1.625000,800,1300.000000,-,-,B,278957,114181
1,1,70860,510360,2,20201019,93028180,1.625000,8300,13487.500000,-,-,B,280597,114181
1,1,71196,510360,2,20201019,93028580,1.625000,7400,12025.000000,-,-,B,281107,114181
1,1,71451,510360,2,20201019,93029060,1.625000,7500,12187.500000,-,-,B,281688,114181
1,1,71565,510360,2,20201019,93029240,1.625000,100,162.500000,-,-,B,281880,114181
1,1,71636,510360,2,20201019,93029380,1.625000,7400,12025.000000,-,-,B,282003,114181
1,1,71802,510360,2,20201019,93029730,1.625000,7400,12025.000000,-,-,B,282354,114181
1,1,71974,510360,2,20201019,93029930,1.625000,7200,11700.000000,-,-,B,282635,114181
1,1,72135,510360,2,20201019,93030130,1.625000,7400,12025.000000,-,-,B,282937,114181
1,1,72645,510360,2,20201019,93030600,1.625000,7500,12187.500000,-,-,B,283910,114181
1,1,72944,510360,2,20201019,93031060,1.625000,2100,3412.500000,-,-,B,284500,114181
1,1,73320,510360,2,20201019,93031450,1.622000,100,162.200000,-,-,S,261452,285076
1,1,73383,510360,2,20201019,93031510,1.625000,2100,3412.500000,-,-,B,285158,114181
1,1,73649,510360,2,20201019,93031870,1.625000,7200,11700.000000,-,-,B,285693,114181
1,1,73803,510360,2,20201019,93032070,1.625000,2200,3575.000000,-,-,B,285892,114181
1,1,74053,510360,2,20201019,93032400,1.625000,1600,2600.000000,-,-,B,286283,114181
1,1,74054,510360,2,20201019,93032400,1.629000,500,814.500000,-,-,B,286283,194483
1,1,76689,510360,2,20201019,93035860,1.630000,100,163.000000,-,-,B,290939,132580
1,1,132927,510360,2,20201019,93150060,1.622000,500,811.000000,-,-,S,360026,382171
1,1,132928,510360,2,20201019,93150060,1.621000,500,810.500000,-,-,S,345158,382171
1,1,165140,510360,2,20201019,93248670,1.623000,2500,4057.500000,-,-,S,427663,440524
1,1,177173,510360,2,20201019,93307660,1.623000,200,324.600000,-,-,S,427663,460567
1,1,183088,510360,2,20201019,93317850,1.623000,1200,1947.600000,-,-,S,427663,470804
1,1,183195,510360,2,20201019,93318000,1.623000,2000,3246.000000,-,-,S,427663,471022
1,1,213029,510360,2,20201019,93419960,1.625000,6200,10075.000000,-,-,S,522955,526105
1,1,216174,510360,2,20201019,93427090,1.625000,1300,2112.500000,-,-,S,522955,532000
1,1,250229,510360,2,20201019,93539130,1.628000,11900,19373.200000,-,-,B,591437,511908
1,1,267734,510360,2,20201019,93614420,1.626000,5800,9430.800000,-,-,S,549314,623225
1,1,280508,510360,2,20201019,93640050,1.626000,500,813.000000,-,-,S,549314,644751
1,1,285549,510360,2,20201019,93651650,1.628000,500,814.000000,-,-,B,653790,511908
1,1,288815,510360,2,20201019,93659090,1.628000,500,814.000000,-,-,B,659329,511908
1,1,298304,510360,2,20201019,93719650,1.626000,2600,4227.600000,-,-,S,549314,675587
1,1,298305,510360,2,20201019,93719650,1.626000,87400,142112.400000,-,-,S,669665,675587
1,1,338018,510360,2,20201019,93859780,1.626000,500,813.000000,-,-,S,704559,746447
1,1,367467,510360,2,20201019,94005460,1.628000,2500,4070.000000,-,-,B,796165,711151
1,1,368219,510360,2,20201019,94006400,1.628000,1200,1953.600000,-,-,B,797141,711151
1,1,369042,510360,2,20201019,94007240,1.628000,2400,3907.200000,-,-,B,798052,711151
1,1,369159,510360,2,20201019,94007410,1.628000,900,1465.200000,-,-,B,798204,711151
1,1,370511,510360,2,20201019,94009000,1.628000,1600,2604.800000,-,-,B,799876,711151
1,1,370984,510360,2,20201019,94009810,1.628000,1600,2604.800000,-,-,B,800555,711151
1,1,371437,510360,2,20201019,94010250,1.628000,1500,2442.000000,-,-,B,801042,711151
1,1,371580,510360,2,20201019,94010450,1.628000,1500,2442.000000,-,-,B,801268,711151
1,1,371817,510360,2,20201019,94010780,1.628000,900,1465.200000,-,-,B,801584,711151
1,1,371981,510360,2,20201019,94011210,1.628000,900,1465.200000,-,-,B,801921,711151
1,1,372226,510360,2,20201019,94011630,1.628000,900,1465.200000,-,-,B,802240,711151
1,1,372362,510360,2,20201019,94011990,1.628000,1000,1628.000000,-,-,B,802506,711151
1,1,372487,510360,2,20201019,94012130,1.628000,600,976.800000,-,-,B,802719,711151
1,1,372671,510360,2,20201019,94012430,1.628000,900,1465.200000,-,-,B,803024,711151
1,1,372966,510360,2,20201019,94012890,1.628000,900,1465.200000,-,-,B,803408,711151
1,1,373441,510360,2,20201019,94013340,1.628000,700,1139.600000,-,-,B,803931,711151
1,1,373442,510360,2,20201019,94013340,1.628000,200,325.600000,-,-,B,803931,803726
1,1,373844,510360,2,20201019,94013710,1.628000,600,976.800000,-,-,B,804347,803726
1,1,374108,510360,2,20201019,94014280,1.627000,149600,243399.200000,-,-,S,794761,804791
1,1,374987,510360,2,20201019,94015270,1.628000,14300,23280.400000,-,-,B,805767,803726
1,1,375006,510360,2,20201019,94015330,1.629000,500,814.500000,-,-,B,805814,346760
1,1,375007,510360,2,20201019,94015330,1.629000,400,651.600000,-,-,B,805814,723506
1,1,376619,510360,2,20201019,94017540,1.629000,1800,2932.200000,-,-,B,808054,723506
1,1,385303,510360,2,20201019,94033440,1.629000,1500,2443.500000,-,-,B,822711,723506
1,1,385568,510360,2,20201019,94033960,1.629000,1500,2443.500000,-,-,B,823192,723506
1,1,385758,510360,2,20201019,94034260,1.629000,14800,24109.200000,-,-,B,823528,723506
1,1,385803,510360,2,20201019,94034380,1.630000,500,815.000000,-,-,B,823646,132580
1,1,385804,510360,2,20201019,94034380,1.630000,1000,1630.000000,-,-,B,823646,383836
1,1,387765,510360,2,20201019,94038310,1.629000,41200,67114.800000,-,-,S,823528,826894
1,1,394595,510360,2,20201019,94050830,1.630000,3600,5868.000000,-,-,B,838201,383836
1,1,402044,510360,2,20201019,94105500,1.629000,56600,92201.400000,-,-,S,829503,851162
1,1,402735,510360,2,20201019,94107180,1.630000,3000,4890.000000,-,-,B,852480,383836
1,1,404700,510360,2,20201019,94111830,1.630000,900,1467.000000,-,-,B,856335,383836
1,1,405652,510360,2,20201019,94113790,1.630000,1500,2445.000000,-,-,B,857912,383836
1,1,409201,510360,2,20201019,94120600,1.630000,1000,1630.000000,-,-,B,863758,383836
1,1,409202,510360,2,20201019,94120600,1.630000,1000,1630.000000,-,-,B,863758,511036
1,1,409203,510360,2,20201019,94120600,1.630000,2000,3260.000000,-,-,B,863758,639129
1,1,409533,510360,2,20201019,94121390,1.630000,3000,4890.000000,-,-,B,864386,639129
1,1,409534,510360,2,20201019,94121390,1.630000,200,326.000000,-,-,B,864386,709892
1,1,409987,510360,2,20201019,94122270,1.631000,600,978.600000,-,-,B,865192,432540
1,1,410466,510360,2,20201019,94123300,1.631000,800,1304.800000,-,-,B,866092,432540
1,1,410467,510360,2,20201019,94123300,1.631000,800,1304.800000,-,-,B,866093,432540
1,1,418809,510360,2,20201019,94142210,1.630000,200,326.000000,-,-,S,880091,880982
1,1,418810,510360,2,20201019,94142210,1.629000,600,977.400000,-,-,S,829503,880982
1,1,423424,510360,2,20201019,94150270,1.631000,1500,2446.500000,-,-,B,888016,432540
1,1,423425,510360,2,20201019,94150270,1.631000,1300,2120.300000,-,-,B,888017,432540
1,1,423426,510360,2,20201019,94150270,1.631000,200,326.200000,-,-,B,888017,631194
1,1,424197,510360,2,20201019,94151690,1.631000,1500,2446.500000,-,-,B,889029,631194
1,1,424198,510360,2,20201019,94151690,1.631000,1500,2446.500000,-,-,B,889030,631194
1,1,424718,510360,2,20201019,94152530,1.631000,1200,1957.200000,-,-,B,889891,631194
1,1,426028,510360,2,20201019,94155050,1.631000,1200,1957.200000,-,-,B,891908,631194
1,1,426717,510360,2,20201019,94156460,1.631000,600,978.600000,-,-,B,893080,631194
1,1,426786,510360,2,20201019,94156480,1.631000,600,978.600000,-,-,B,893157,631194
1,1,427251,510360,2,20201019,94157370,1.631000,3200,5219.200000,-,-,B,893816,631194
1,1,432797,510360,2,20201019,94208940,1.632000,500,816.000000,-,-,B,903248,683911
1,1,435980,510360,2,20201019,94215060,1.632000,100,163.200000,-,-,S,903248,908197
1,1,436826,510360,2,20201019,94217020,1.632000,1000,1632.000000,-,-,S,903248,909641
1,1,440076,510360,2,20201019,94225130,1.633000,100,163.300000,-,-,B,915443,115820
1,1,458877,510360,2,20201019,94311620,1.633000,700,1143.100000,-,-,S,915443,949975
1,1,495563,510360,2,20201019,94440840,1.634000,200,326.800000,-,-,B,1013988,962912
1,1,508313,510360,2,20201019,94503300,1.634000,600,980.400000,-,-,B,1033721,962912
1,1,548589,510360,2,20201019,94624000,1.634000,6800,11111.200000,-,-,B,1103273,962912
1,1,558799,510360,2,20201019,94652090,1.633000,3000,4899.000000,-,-,B,1122142,1106223
1,1,571576,510360,2,20201019,94730220,1.633000,3700,6042.100000,-,-,B,1145837,1106223
1,1,575842,510360,2,20201019,94741450,1.633000,3700,6042.100000,-,-,B,1153227,1106223
1,1,589166,510360,2,20201019,94818340,1.633000,1000,1633.000000,-,-,B,1176421,1106223
1,1,635461,510360,2,20201019,95034150,1.633000,100,163.300000,-,-,B,1258188,1144045
1,1,643687,510360,2,20201019,95054890,1.633000,1500,2449.500000,-,-,B,1271207,1144045
1,1,643824,510360,2,20201019,95055240,1.633000,400,653.200000,-,-,B,1271483,1144045
1,1,643825,510360,2,20201019,95055240,1.633000,1100,1796.300000,-,-,B,1271483,1187184
1,1,644029,510360,2,20201019,95055580,1.633000,1400,2286.200000,-,-,B,1271763,1187184
1,1,644223,510360,2,20201019,95055920,1.633000,1400,2286.200000,-,-,B,1272068,1187184
1,1,644322,510360,2,20201019,95056280,1.633000,1400,2286.200000,-,-,B,1272280,1187184
1,1,644440,510360,2,20201019,95056620,1.633000,1300,2122.900000,-,-,B,1272510,1187184
1,1,644521,510360,2,20201019,95057000,1.633000,1400,2286.200000,-,-,B,1272672,1187184
1,1,644863,510360,2,20201019,95057370,1.633000,1300,2122.900000,-,-,B,1272918,1187184
1,1,645017,510360,2,20201019,95057850,1.633000,700,1143.100000,-,-,B,1273148,1187184
1,1,645018,510360,2,20201019,95057850,1.633000,700,1143.100000,-,-,B,1273148,1247356
1,1,645147,510360,2,20201019,95058270,1.633000,1300,2122.900000,-,-,B,1273396,1247356
1,1,645676,510360,2,20201019,95059300,1.633000,1400,2286.200000,-,-,B,1274116,1247356
1,1,645677,510360,2,20201019,95059300,1.633000,500,816.500000,-,-,B,1274117,1247356
1,1,645678,510360,2,20201019,95059300,1.633000,100,163.300000,-,-,B,1274117,1258288
1,1,645679,510360,2,20201019,95059300,1.633000,900,1469.700000,-,-,B,1274117,1270360
1,1,645733,510360,2,20201019,95059510,1.633000,300,489.900000,-,-,B,1274254,1270360
1,1,645734,510360,2,20201019,95059510,1.634000,400,653.600000,-,-,B,1274254,962912
1,1,645735,510360,2,20201019,95059510,1.634000,100,163.400000,-,-,B,1274254,1017123
1,1,645736,510360,2,20201019,95059510,1.634000,400,653.600000,-,-,B,1274254,1103690
1,1,759161,510360,2,20201019,95603640,1.634000,100,163.400000,-,-,B,1452788,1103690
1,1,787346,510360,2,20201019,95723810,1.633000,400,653.200000,-,-,B,1500203,1491396
1,1,790795,510360,2,20201019,95732950,1.632000,100,163.200000,-,-,S,1265386,1505720
1,1,801743,510360,2,20201019,95806370,1.629000,200,325.800000,-,-,S,886892,1524162
1,1,801744,510360,2,20201019,95806370,1.629000,500,814.500000,-,-,S,1491395,1524162
1,1,810696,510360,2,20201019,95836420,1.631000,300,489.300000,-,-,B,1540404,1526848
1,1,817093,510360,2,20201019,95855800,1.628000,35000,56980.000000,-,-,S,1512033,1550626
1,1,824119,510360,2,20201019,95917710,1.631000,300,489.300000,-,-,B,1562669,1526848
1,1,834047,510360,2,20201019,95951860,1.630000,100,163.000000,-,-,B,1580749,1574862
1,1,839668,510360,2,20201019,100007330,1.630000,400,652.000000,-,-,B,1589888,1574862
1,1,866643,510360,2,20201019,100056190,1.626000,1000,1626.000000,-,-,S,1619396,1631003
1,1,869409,510360,2,20201019,100103980,1.629000,500,814.500000,-,-,B,1635420,1593961
1,1,876856,510360,2,20201019,100125850,1.629000,3000,4887.000000,-,-,B,1648218,1593961
1,1,890089,510360,2,20201019,100207720,1.630000,5000,8150.000000,-,-,B,1670646,1619395
1,1,952675,510360,2,20201019,100558300,1.630000,1200,1956.000000,-,-,B,1780949,1759877
1,1,956552,510360,2,20201019,100613870,1.631000,2400,3914.400000,-,-,B,1787548,1660316
1,1,959934,510360,2,20201019,100629150,1.631000,70000,114170.000000,-,-,B,1793186,1660316
1,1,963957,510360,2,20201019,100647680,1.631000,25000,40775.000000,-,-,B,1800491,1660316
1,1,971948,510360,2,20201019,100715140,1.630000,3000,4890.000000,-,-,S,1780949,1813388
1,1,1002163,510360,2,20201019,100923110,1.631000,1500,2446.500000,-,-,B,1866518,1790246
1,1,1021925,510360,2,20201019,101045210,1.630000,15800,25754.000000,-,-,S,1780949,1900205
1,1,1021926,510360,2,20201019,101045210,1.630000,2500,4075.000000,-,-,S,1863070,1900205
1,1,1079187,510360,2,20201019,101518530,1.629000,1000,1629.000000,-,-,B,1998068,1941328
1,1,1100737,510360,2,20201019,101705500,1.629000,200,325.800000,-,-,B,2034770,1941328
1,1,1114138,510360,2,20201019,101804370,1.625000,600,975.000000,-,-,S,1659925,2056402
1,1,1114139,510360,2,20201019,101804370,1.625000,100,162.500000,-,-,S,2055456,2056402
1,1,1119080,510360,2,20201019,101811060,1.623000,9200,14931.600000,-,-,S,2058189,2062880
1,1,1119149,510360,2,20201019,101811290,1.623000,100,162.300000,-,-,S,2058189,2063019
1,1,1120066,510360,2,20201019,101813230,1.623000,200,324.600000,-,-,S,2058189,2064224
1,1,1121594,510360,2,20201019,101816840,1.623000,100,162.300000,-,-,S,2066082,2066377
1,1,1137432,510360,2,20201019,101913340,1.623000,100,162.300000,-,-,S,2083827,2089990
1,1,1156647,510360,2,20201019,102034580,1.623000,1300,2109.900000,-,-,B,2122396,2110535
1,1,1180070,510360,2,20201019,102239770,1.623000,100,162.300000,-,-,B,2163191,2110535
1,1,1183296,510360,2,20201019,102259740,1.624000,79300,128783.200000,-,-,B,2169147,2162914
1,1,1191276,510360,2,20201019,102344490,1.624000,21200,34428.800000,-,-,B,2182701,2179296
1,1,1195246,510360,2,20201019,102409670,1.624000,31500,51156.000000,-,-,B,2189652,2179296
1,1,1199125,510360,2,20201019,102429130,1.623000,900,1460.700000,-,-,S,2163191,2195885
1,1,1209375,510360,2,20201019,102535300,1.623000,100,162.300000,-,-,S,2214230,2214486
1,1,1222211,510360,2,20201019,102644010,1.622000,400,648.800000,-,-,S,902932,2234964
1,1,1224397,510360,2,20201019,102654720,1.622000,100,162.200000,-,-,S,902932,2238124
1,1,1224398,510360,2,20201019,102654720,1.622000,1000,1622.000000,-,-,S,2112803,2238124
1,1,1232788,510360,2,20201019,102746540,1.621000,800,1296.800000,-,-,S,2248667,2252233
1,1,1253305,510360,2,20201019,103001690,1.625000,3000,4875.000000,-,-,B,2289127,2255030
1,1,1276860,510360,2,20201019,103143990,1.622000,100,162.200000,-,-,S,2307242,2325389
1,1,1276861,510360,2,20201019,103143990,1.622000,1000,1622.000000,-,-,S,2317227,2325389
1,1,1278722,510360,2,20201019,103153320,1.621000,600,972.600000,-,-,S,2253629,2328441
1,1,1286185,510360,2,20201019,103235690,1.621000,500,810.500000,-,-,S,2253629,2340997
1,1,1286636,510360,2,20201019,103238920,1.621000,2900,4700.900000,-,-,S,2253629,2341896
1,1,1286637,510360,2,20201019,103238920,1.621000,1000,1621.000000,-,-,S,2260500,2341896
1,1,1286638,510360,2,20201019,103238920,1.621000,100,162.100000,-,-,S,2304439,2341896
1,1,1292805,510360,2,20201019,103308170,1.620000,2500,4050.000000,-,-,S,183293,2351265
1,1,1293045,510360,2,20201019,103309170,1.620000,2500,4050.000000,-,-,S,183293,2351621
1,1,1293147,510360,2,20201019,103309620,1.620000,2000,3240.000000,-,-,S,183293,2351785
1,1,1293260,510360,2,20201019,103310010,1.620000,2000,3240.000000,-,-,S,183293,2351965
1,1,1293450,510360,2,20201019,103310460,1.620000,1000,1620.000000,-,-,S,183293,2352232
1,1,1293451,510360,2,20201019,103310460,1.620000,1000,1620.000000,-,-,S,973651,2352232
1,1,1293566,510360,2,20201019,103310770,1.620000,2500,4050.000000,-,-,S,973651,2352397
1,1,1293649,510360,2,20201019,103310870,1.620000,2000,3240.000000,-,-,S,973651,2352462
1,1,1293653,510360,2,20201019,103310940,1.620000,900,1458.000000,-,-,S,973651,2352474
1,1,1293726,510360,2,20201019,103311260,1.620000,900,1458.000000,-,-,S,973651,2352630
1,1,1293807,510360,2,20201019,103311530,1.620000,800,1296.000000,-,-,S,973651,2352742
1,1,1293859,510360,2,20201019,103311610,1.620000,900,1458.000000,-,-,S,973651,2352782
1,1,1293969,510360,2,20201019,103312110,1.620000,900,1458.000000,-,-,S,973651,2352977
1,1,1294033,510360,2,20201019,103312300,1.620000,100,162.000000,-,-,S,973651,2353105
1,1,1294034,510360,2,20201019,103312300,1.620000,100,162.000000,-,-,S,2310077,2353105
1,1,1294035,510360,2,20201019,103312300,1.619000,600,971.400000,-,-,S,226197,2353105
1,1,1294106,510360,2,20201019,103312460,1.619000,900,1457.100000,-,-,S,226197,2353209
1,1,1294352,510360,2,20201019,103313350,1.619000,800,1295.200000,-,-,S,226197,2353561
1,1,1294353,510360,2,20201019,103313350,1.619000,800,1295.200000,-,-,S,226197,2353562
1,1,1294912,510360,2,20201019,103314700,1.619000,900,1457.100000,-,-,S,226197,2354365
1,1,1294955,510360,2,20201019,103314800,1.619000,900,1457.100000,-,-,S,226197,2354401
1,1,1295398,510360,2,20201019,103316360,1.619000,900,1457.100000,-,-,S,226197,2355030
1,1,1295399,510360,2,20201019,103316360,1.619000,900,1457.100000,-,-,S,226197,2355031
1,1,1305377,510360,2,20201019,103357580,1.619000,3300,5342.700000,-,-,S,226197,2369339
1,1,1305378,510360,2,20201019,103357580,1.619000,500,809.500000,-,-,S,2249404,2369339
1,1,1305914,510360,2,20201019,103359550,1.618000,1200,1941.600000,-,-,S,229392,2370091
1,1,1306266,510360,2,20201019,103400590,1.618000,1200,1941.600000,-,-,S,229392,2370401
1,1,1306873,510360,2,20201019,103402230,1.618000,1200,1941.600000,-,-,S,229392,2370997
1,1,1306877,510360,2,20201019,103402300,1.618000,1200,1941.600000,-,-,S,229392,2371003
1,1,1307127,510360,2,20201019,103403630,1.618000,900,1456.200000,-,-,S,229392,2371387
1,1,1307170,510360,2,20201019,103403890,1.618000,900,1456.200000,-,-,S,229392,2371449
1,1,1307321,510360,2,20201019,103404640,1.618000,900,1456.200000,-,-,S,229392,2371725
1,1,1318597,510360,2,20201019,103450980,1.618000,2500,4045.000000,-,-,S,229392,2387207
1,1,1318598,510360,2,20201019,103450980,1.618000,1200,1941.600000,-,-,S,2373065,2387207
1,1,1319639,510360,2,20201019,103455480,1.618000,800,1294.400000,-,-,S,2373065,2388788
1,1,1320080,510360,2,20201019,103456370,1.617000,100,161.700000,-,-,S,916285,2389354
1,1,1320081,510360,2,20201019,103456370,1.617000,1100,1778.700000,-,-,S,1503380,2389354
1,1,1320110,510360,2,20201019,103456480,1.617000,1200,1940.400000,-,-,S,1503380,2389412
1,1,1320638,510360,2,20201019,103458330,1.617000,1200,1940.400000,-,-,S,1503380,2390058
1,1,1320708,510360,2,20201019,103458510,1.617000,1200,1940.400000,-,-,S,1503380,2390149
1,1,1321035,510360,2,20201019,103500010,1.617000,600,970.200000,-,-,S,1503380,2390635
1,1,1321050,510360,2,20201019,103500090,1.617000,600,970.200000,-,-,S,1503380,2390652
1,1,1321115,510360,2,20201019,103500680,1.617000,600,970.200000,-,-,S,1503380,2390841
1,1,1321152,510360,2,20201019,103501000,1.617000,600,970.200000,-,-,S,1503380,2390943
1,1,1321325,510360,2,20201019,103501630,1.617000,600,970.200000,-,-,S,1503380,2391262
1,1,1321360,510360,2,20201019,103501710,1.617000,600,970.200000,-,-,S,1503380,2391317
1,1,1323755,510360,2,20201019,103509790,1.617000,1700,2748.900000,-,-,S,1503380,2395027
1,1,1324388,510360,2,20201019,103512380,1.616000,300,484.800000,-,-,S,85103,2396045
1,1,1324389,510360,2,20201019,103512380,1.616000,700,1131.200000,-,-,S,1571262,2396045
1,1,1324464,510360,2,20201019,103512810,1.616000,1000,1616.000000,-,-,S,1571262,2396171
1,1,1324626,510360,2,20201019,103513190,1.616000,1000,1616.000000,-,-,S,1571262,2396337
1,1,1324707,510360,2,20201019,103513570,1.616000,800,1292.800000,-,-,S,1571262,2396483
1,1,1324797,510360,2,20201019,103513960,1.616000,800,1292.800000,-,-,S,1571262,2396676
1,1,1324912,510360,2,20201019,103514440,1.616000,800,1292.800000,-,-,S,1571262,2396820
1,1,1324999,510360,2,20201019,103514890,1.616000,800,1292.800000,-,-,S,1571262,2396955
1,1,1325061,510360,2,20201019,103515160,1.616000,800,1292.800000,-,-,S,1571262,2397054
1,1,1325156,510360,2,20201019,103515550,1.616000,800,1292.800000,-,-,S,1571262,2397172
1,1,1325270,510360,2,20201019,103515980,1.616000,800,1292.800000,-,-,S,1571262,2397324
1,1,1325483,510360,2,20201019,103516740,1.617000,100,161.700000,-,-,B,2397713,2395027
1,1,1334003,510360,2,20201019,103545410,1.617000,1900,3072.300000,-,-,B,2410659,2395027
1,1,1361054,510360,2,20201019,103832430,1.617000,4600,7438.200000,-,-,S,2444924,2460081
1,1,1368624,510360,2,20201019,103928240,1.620000,300,486.000000,-,-,B,2473574,2405145
1,1,1371010,510360,2,20201019,103947300,1.620000,50000,81000.000000,-,-,B,2477993,2405145
1,1,1391237,510360,2,20201019,104129260,1.619000,8100,13113.900000,-,-,B,2510638,2494243
1,1,1405497,510360,2,20201019,104308230,1.619000,1200,1942.800000,-,-,B,2535989,2527830
1,1,1416596,510360,2,20201019,104429860,1.619000,3000,4857.000000,-,-,B,2555739,2527830
1,1,1417159,510360,2,20201019,104434060,1.617000,2000,3234.000000,-,-,S,2464502,2556730
1,1,1417160,510360,2,20201019,104434060,1.617000,3000,4851.000000,-,-,S,2482601,2556730
1,1,1417161,510360,2,20201019,104434060,1.617000,3800,6144.600000,-,-,S,2529764,2556730
1,1,1427964,510360,2,20201019,104538450,1.619000,1000,1619.000000,-,-,B,2574869,2527830
1,1,1448762,510360,2,20201019,104815710,1.619000,3100,5018.900000,-,-,B,2611955,2527830
1,1,1459781,510360,2,20201019,104945450,1.621000,500,810.500000,-,-,B,2632098,2341896
1,1,1459782,510360,2,20201019,104945450,1.621000,600000,972600.000000,-,-,B,2632098,2629314
1,1,1459817,510360,2,20201019,104945810,1.621000,389500,631379.500000,-,-,S,2632098,2632147
1,1,1459818,510360,2,20201019,104945810,1.621000,10000,16210.000000,-,-,S,2632110,2632147
1,1,1460067,510360,2,20201019,104947700,1.618000,9200,14885.600000,-,-,S,2598460,2632541
1,1,1672843,510360,2,20201019,111539180,1.619000,800,1295.200000,-,-,S,2848998,2996718
1,1,1674490,510360,2,20201019,111545850,1.619000,600,971.400000,-,-,S,2848998,2999015
1,1,1674571,510360,2,20201019,111546230,1.619000,600,971.400000,-,-,S,2848998,2999108
1,1,1674665,510360,2,20201019,111546490,1.619000,600,971.400000,-,-,S,2848998,2999237
1,1,1674814,510360,2,20201019,111546920,1.619000,600,971.400000,-,-,S,2848998,2999396
1,1,1674932,510360,2,20201019,111547430,1.619000,700,1133.300000,-,-,S,2848998,2999580
1,1,1680182,510360,2,20201019,111617490,1.619000,2600,4209.400000,-,-,S,2848998,3007738
1,1,1680183,510360,2,20201019,111617490,1.619000,300,485.700000,-,-,S,2917375,3007738
1,1,1680596,510360,2,20201019,111620310,1.618000,30900,49996.200000,-,-,S,2858040,3008520
1,1,1680614,510360,2,20201019,111620390,1.618000,9200,14885.600000,-,-,S,2858040,3008546
1,1,1680686,510360,2,20201019,111620720,1.618000,9200,14885.600000,-,-,S,2858040,3008632
1,1,1680690,510360,2,20201019,111620780,1.618000,15400,24917.200000,-,-,S,2858040,3008642
1,1,1680697,510360,2,20201019,111620800,1.618000,15400,24917.200000,-,-,S,2858040,3008652
1,1,1680703,510360,2,20201019,111620830,1.618000,30900,49996.200000,-,-,S,2858040,3008658
1,1,1680726,510360,2,20201019,111621040,1.618000,9200,14885.600000,-,-,S,2858040,3008703
1,1,1680793,510360,2,20201019,111621400,1.618000,9200,14885.600000,-,-,S,2858040,3008805
1,1,1680858,510360,2,20201019,111621820,1.618000,9200,14885.600000,-,-,S,2858040,3008886
1,1,1680887,510360,2,20201019,111622210,1.618000,9200,14885.600000,-,-,S,2858040,3008961
1,1,1680983,510360,2,20201019,111622610,1.618000,15400,24917.200000,-,-,S,2858040,3009031
1,1,1680984,510360,2,20201019,111622610,1.618000,15400,24917.200000,-,-,S,2858040,3009032
1,1,1681010,510360,2,20201019,111622610,1.618000,9200,14885.600000,-,-,S,2858040,3009048
1,1,1681118,510360,2,20201019,111623030,1.618000,9200,14885.600000,-,-,S,2858040,3009185
1,1,1681205,510360,2,20201019,111623470,1.618000,9200,14885.600000,-,-,S,2858040,3009304
1,1,1681276,510360,2,20201019,111623940,1.618000,9200,14885.600000,-,-,S,2858040,3009422
1,1,1681331,510360,2,20201019,111624060,1.618000,26900,43524.200000,-,-,S,2858040,3009475
1,1,1681335,510360,2,20201019,111624060,1.618000,15400,24917.200000,-,-,S,2858040,3009482
1,1,1681349,510360,2,20201019,111624140,1.618000,15400,24917.200000,-,-,S,2858040,3009498
1,1,1681390,510360,2,20201019,111624300,1.618000,9200,14885.600000,-,-,S,2858040,3009540
1,1,1681440,510360,2,20201019,111624710,1.618000,9200,14885.600000,-,-,S,2858040,3009647
1,1,1681492,510360,2,20201019,111625060,1.618000,9200,14885.600000,-,-,S,2858040,3009728
1,1,1681589,510360,2,20201019,111625440,1.618000,9200,14885.600000,-,-,S,2858040,3009846
1,1,1681626,510360,2,20201019,111625570,1.618000,15400,24917.200000,-,-,S,2858040,3009917
1,1,1681719,510360,2,20201019,111625800,1.618000,9200,14885.600000,-,-,S,2858040,3010011
1,1,1681721,510360,2,20201019,111625820,1.618000,15400,24917.200000,-,-,S,2858040,3010017
1,1,1681805,510360,2,20201019,111626130,1.618000,9200,14885.600000,-,-,S,2858040,3010138
1,1,1681913,510360,2,20201019,111626530,1.618000,9200,14885.600000,-,-,S,2858040,3010314
1,1,1681972,510360,2,20201019,111626940,1.618000,9200,14885.600000,-,-,S,2858040,3010407
1,1,1682053,510360,2,20201019,111627360,1.618000,15400,24917.200000,-,-,S,2858040,3010502
1,1,1682056,510360,2,20201019,111627360,1.618000,9200,14885.600000,-,-,S,2858040,3010510
1,1,1682212,510360,2,20201019,111627760,1.618000,9200,14885.600000,-,-,S,2858040,3010682
1,1,1682424,510360,2,20201019,111628210,1.618000,9200,14885.600000,-,-,S,2858040,3010913
1,1,1682688,510360,2,20201019,111629160,1.618000,15400,24917.200000,-,-,S,2858040,3011330
1,1,1682795,510360,2,20201019,111629340,1.618000,30900,49996.200000,-,-,S,2858040,3011476
1,1,1682957,510360,2,20201019,111629880,1.618000,30900,49996.200000,-,-,S,2858040,3011687
1,1,1683046,510360,2,20201019,111630360,1.618000,30900,49996.200000,-,-,S,2858040,3011837
1,1,1683136,510360,2,20201019,111630650,1.618000,15400,24917.200000,-,-,S,2858040,3011972
1,1,1683149,510360,2,20201019,111630670,1.618000,9200,14885.600000,-,-,S,2858040,3011988
1,1,1683175,510360,2,20201019,111630840,1.618000,30900,49996.200000,-,-,S,2858040,3012024
1,1,1683270,510360,2,20201019,111631090,1.618000,9200,14885.600000,-,-,S,2858040,3012119
1,1,1683395,510360,2,20201019,111631310,1.618000,30900,49996.200000,-,-,S,2858040,3012219
1,1,1683484,510360,2,20201019,111631550,1.618000,9200,14885.600000,-,-,S,2858040,3012346
1,1,1683498,510360,2,20201019,111631600,1.618000,356600,576978.800000,-,-,S,2858040,3012373
1,1,1683499,510360,2,20201019,111631600,1.618000,10000,16180.000000,-,-,S,2858041,3012373
1,1,1683500,510360,2,20201019,111631600,1.618000,1300,2103.400000,-,-,S,2889072,3012373
1,1,1683596,510360,2,20201019,111631790,1.617000,300,485.100000,-,-,S,2777770,3012545
1,1,1683597,510360,2,20201019,111631790,1.617000,2000,3234.000000,-,-,S,2841004,3012545
1,1,1684455,510360,2,20201019,111634680,1.616000,1000,1616.000000,-,-,S,1571262,3013700
1,1,1684595,510360,2,20201019,111634960,1.616000,700,1131.200000,-,-,S,1571262,3013919
1,1,1684596,510360,2,20201019,111634960,1.616000,500,808.000000,-,-,S,2372362,3013919
1,1,1684597,510360,2,20201019,111634960,1.616000,1000,1616.000000,-,-,S,2665275,3013919
1,1,1684598,510360,2,20201019,111634960,1.616000,5000,8080.000000,-,-,S,2970942,3013919
1,1,1684599,510360,2,20201019,111634960,1.615000,2000,3230.000000,-,-,S,161246,3013919
1,1,1687191,510360,2,20201019,111643780,1.615000,100,161.500000,-,-,S,161246,3017056
1,1,1688619,510360,2,20201019,111651530,1.615000,2900,4683.500000,-,-,S,161246,3019148
1,1,1688620,510360,2,20201019,111651530,1.615000,10000,16150.000000,-,-,S,1574137,3019148
1,1,1688621,510360,2,20201019,111651530,1.614000,10000,16140.000000,-,-,S,2376242,3019148
1,1,1688622,510360,2,20201019,111651530,1.614000,1200,1936.800000,-,-,S,3012372,3019148
1,1,1688657,510360,2,20201019,111651850,1.614000,15400,24855.600000,-,-,S,3012372,3019216
1,1,1691316,510360,2,20201019,111710090,1.618000,1000,1618.000000,-,-,B,3023552,3012373
1,1,1694607,510360,2,20201019,111728880,1.615000,100,161.500000,-,-,S,3019455,3028609
1,1,1696369,510360,2,20201019,111739660,1.616000,3000,4848.000000,-,-,B,3031198,3030304
1,1,1697245,510360,2,20201019,111744190,1.616000,1300,2100.800000,-,-,B,3032563,3030304
1,1,1711173,510360,2,20201019,111917840,1.615000,2000,3230.000000,-,-,S,3023312,3053661
1,1,1714218,510360,2,20201019,111925940,1.613000,500,806.500000,-,-,S,2375929,3057226
1,1,1714219,510360,2,20201019,111925940,1.613000,500,806.500000,-,-,S,2847082,3057226
1,1,1714480,510360,2,20201019,111926400,1.613000,1000,1613.000000,-,-,S,2847082,3057517
1,1,1714554,510360,2,20201019,111926560,1.613000,1300,2096.900000,-,-,S,2847082,3057613
1,1,1714647,510360,2,20201019,111926730,1.613000,1100,1774.300000,-,-,S,2847082,3057726
1,1,1715278,510360,2,20201019,111928780,1.613000,1100,1774.300000,-,-,S,2847082,3058487
1,1,1715704,510360,2,20201019,111930300,1.613000,600,967.800000,-,-,S,2847082,3059071
1,1,1716429,510360,2,20201019,111932150,1.613000,600,967.800000,-,-,S,2847082,3059728
1,1,1719968,510360,2,20201019,111939880,1.613000,3800,6129.400000,-,-,S,2847082,3063468
1,1,1719969,510360,2,20201019,111939880,1.613000,100,161.300000,-,-,S,3057992,3063468
1,1,1721058,510360,2,20201019,111941850,1.611000,600,966.600000,-,-,S,2426460,3064764
1,1,1722256,510360,2,20201019,111943980,1.611000,600,966.600000,-,-,S,2426460,3066117
1,1,1724594,510360,2,20201019,111949580,1.613000,3700,5968.100000,-,-,B,3068840,3063468
1,1,1726177,510360,2,20201019,111955200,1.611000,3700,5960.700000,-,-,S,2426460,3070522
1,1,1732171,510360,2,20201019,112011810,1.611000,100,161.100000,-,-,S,2426460,3078256
1,1,1732172,510360,2,20201019,112011810,1.611000,1000,1611.000000,-,-,S,3070447,3078256
1,1,1732940,510360,2,20201019,112014640,1.610000,500,805.000000,-,-,S,2377953,3079415
1,1,1732941,510360,2,20201019,112014640,1.610000,1000,1610.000000,-,-,S,2445084,3079415
1,1,1732942,510360,2,20201019,112014640,1.610000,7700,12397.000000,-,-,S,2453548,3079415
1,1,1733268,510360,2,20201019,112015670,1.610000,1400,2254.000000,-,-,S,2453548,3079807
1,1,1735622,510360,2,20201019,112025840,1.610000,900,1449.000000,-,-,S,2453548,3083486
1,1,1735623,510360,2,20201019,112025840,1.610000,600,966.000000,-,-,S,3079742,3083486
1,1,1735624,510360,2,20201019,112025840,1.609000,500,804.500000,-,-,S,3064092,3083486
1,1,1737925,510360,2,20201019,112033600,1.609000,24700,39742.300000,-,-,S,3064092,3086505
1,1,1737990,510360,2,20201019,112033870,1.609000,24700,39742.300000,-,-,S,3064092,3086605
1,1,1738399,510360,2,20201019,112035290,1.609000,24700,39742.300000,-,-,S,3064092,3087142
1,1,1738416,510360,2,20201019,112035390,1.609000,24700,39742.300000,-,-,S,3064092,3087171
1,1,1742085,510360,2,20201019,112053190,1.610000,5000,8050.000000,-,-,S,3091445,3092365
1,1,1742338,510360,2,20201019,112054780,1.610000,24700,39767.000000,-,-,S,3091445,3092765
1,1,1742702,510360,2,20201019,112056350,1.610000,24700,39767.000000,-,-,S,3091445,3093279
1,1,1743161,510360,2,20201019,112058750,1.609000,21900,35237.100000,-,-,S,3064092,3093997
1,1,1744989,510360,2,20201019,112105330,1.609000,24700,39742.300000,-,-,S,3064092,3096407
1,1,1745747,510360,2,20201019,112107450,1.609000,24700,39742.300000,-,-,S,3064092,3097375
1,1,1746356,510360,2,20201019,112109080,1.609000,5600,9010.400000,-,-,S,3064092,3098232
1,1,1753876,510360,2,20201019,112143940,1.608000,100,160.800000,-,-,S,57750,3109706
1,1,1753877,510360,2,20201019,112143940,1.608000,24600,39556.800000,-,-,S,3095562,3109706
1,1,1754302,510360,2,20201019,112146000,1.608000,21900,35215.200000,-,-,S,3095562,3110284
1,1,1775642,510360,2,20201019,112400410,1.610000,7900,12719.000000,-,-,S,3126365,3146363
1,1,1791961,510360,2,20201019,112549790,1.613000,100,161.300000,-,-,B,3172891,3119617
1,1,1798098,510360,2,20201019,112641290,1.613000,600,967.800000,-,-,B,3183626,3119617
1,1,1812072,510360,2,20201019,112835460,1.613000,3000,4839.000000,-,-,S,3206098,3207303
1,1,1817289,510360,2,20201019,112909860,1.613000,1300,2096.900000,-,-,B,3215069,3209194
1,1,1832216,510360,2,20201019,130002070,1.611000,900,1449.900000,-,-,B,3245934,3238629
1,1,1832617,510360,2,20201019,130002360,1.611000,1000,1611.000000,-,-,B,3246890,3238629
1,1,1838385,510360,2,20201019,130005180,1.612000,4000,6448.000000,-,-,B,3261872,3216996
1,1,1842293,510360,2,20201019,130016880,1.610000,100,161.000000,-,-,S,3176199,3268378
1,1,1849745,510360,2,20201019,130043500,1.610000,3600,5796.000000,-,-,B,3277878,3268378
1,1,1937033,510360,2,20201019,131138510,1.614000,1100,1775.400000,-,-,B,3426507,3384683
1,1,1972296,510360,2,20201019,131532320,1.610000,3500,5635.000000,-,-,S,3336145,3479738
1,1,1972297,510360,2,20201019,131532320,1.610000,300,483.000000,-,-,S,3353699,3479738
1,1,1972298,510360,2,20201019,131532320,1.610000,20000,32200.000000,-,-,S,3369017,3479738
1,1,1976874,510360,2,20201019,131547310,1.609000,300,482.700000,-,-,S,3220808,3484976
1,1,1996706,510360,2,20201019,131730050,1.608000,400,643.200000,-,-,S,3143163,3516709
1,1,1996707,510360,2,20201019,131730050,1.608000,400,643.200000,-,-,S,3475301,3516709
1,1,2003574,510360,2,20201019,131833230,1.609000,10000,16090.000000,-,-,S,3518236,3529510
1,1,2036794,510360,2,20201019,132317170,1.610000,100,161.000000,-,-,S,3538684,3590532
1,1,2036795,510360,2,20201019,132317170,1.609000,6000,9654.000000,-,-,S,3518236,3590532
1,1,2061904,510360,2,20201019,132649580,1.609000,1000,1609.000000,-,-,S,3556438,3632706
1,1,2068879,510360,2,20201019,132750050,1.609000,100,160.900000,-,-,B,3644601,3632706
1,1,2078800,510360,2,20201019,132916970,1.609000,100,160.900000,-,-,S,3649641,3661166
1,1,2090338,510360,2,20201019,133011280,1.608000,100,160.800000,-,-,S,3475301,3677186
1,1,2090339,510360,2,20201019,133011280,1.608000,1000,1608.000000,-,-,S,3509844,3677186
1,1,2090340,510360,2,20201019,133011280,1.608000,500,804.000000,-,-,S,3573301,3677186
1,1,2096788,510360,2,20201019,133021720,1.607000,2000,3214.000000,-,-,S,38747,3684319
1,1,2096789,510360,2,20201019,133021720,1.607000,500,803.500000,-,-,S,3213930,3684319
1,1,2113799,510360,2,20201019,133129530,1.606000,500,803.000000,-,-,S,3702030,3707704
1,1,2119046,510360,2,20201019,133201730,1.606000,3700,5942.200000,-,-,S,3702030,3716967
1,1,2124066,510360,2,20201019,133230240,1.606000,3700,5942.200000,-,-,S,3702030,3725013
1,1,2126560,510360,2,20201019,133247330,1.606000,3700,5942.200000,-,-,S,3702030,3728931
1,1,2150626,510360,2,20201019,133526820,1.606000,100,160.600000,-,-,S,3763879,3766592
1,1,2174683,510360,2,20201019,133739210,1.606000,1000,1606.000000,-,-,B,3801117,3799777
1,1,2175113,510360,2,20201019,133740960,1.605000,1000,1605.000000,-,-,S,3232055,3801614
1,1,2175114,510360,2,20201019,133740960,1.605000,100,160.500000,-,-,S,3237831,3801614
1,1,2175115,510360,2,20201019,133740960,1.605000,5000,8025.000000,-,-,S,3477517,3801614
1,1,2175116,510360,2,20201019,133740960,1.605000,1000,1605.000000,-,-,S,3564093,3801614
1,1,2187835,510360,2,20201019,133843830,1.605000,3000,4815.000000,-,-,B,3819224,3817354
1,1,2192829,510360,2,20201019,133905230,1.604000,500,802.000000,-,-,S,3216017,3826172
1,1,2213045,510360,2,20201019,134022800,1.603000,100000,160300.000000,-,-,B,3854547,3836676
1,1,2214573,510360,2,20201019,134026750,1.606000,100,160.600000,-,-,B,3856861,3849769
1,1,2215389,510360,2,20201019,134029690,1.604000,200,320.800000,-,-,B,3858083,3856908
1,1,2224797,510360,2,20201019,134122900,1.603000,100000,160300.000000,-,-,S,3854547,3875314
1,1,2225476,510360,2,20201019,134125760,1.603000,84700,135774.100000,-,-,S,3854821,3876323
1,1,2225785,510360,2,20201019,134126800,1.604000,5000,8020.000000,-,-,B,3876814,3856908
1,1,2225935,510360,2,20201019,134127570,1.603000,10000,16030.000000,-,-,S,3854821,3877055
1,1,2226293,510360,2,20201019,134129480,1.603000,5300,8495.900000,-,-,S,3854821,3877698
1,1,2226294,510360,2,20201019,134129480,1.603000,100,160.300000,-,-,S,3856498,3877698
1,1,2226295,510360,2,20201019,134129480,1.603000,94600,151643.800000,-,-,S,3875498,3877698
1,1,2226840,510360,2,20201019,134133510,1.603000,5400,8656.200000,-,-,S,3875498,3878839
1,1,2226841,510360,2,20201019,134133510,1.603000,84700,135774.100000,-,-,S,3876560,3878839
1,1,2226842,510360,2,20201019,134133510,1.603000,4700,7534.100000,-,-,S,3877120,3878839
1,1,2237628,510360,2,20201019,134252130,1.607000,100,160.700000,-,-,B,3899127,3854548
1,1,2250646,510360,2,20201019,134427960,1.604000,3700,5934.800000,-,-,S,3885053,3922229
1,1,2257196,510360,2,20201019,134515060,1.604000,10000,16040.000000,-,-,S,3885053,3933325
1,1,2261398,510360,2,20201019,134543000,1.604000,3700,5934.800000,-,-,S,3885053,3939658
1,1,2265774,510360,2,20201019,134611550,1.604000,3700,5934.800000,-,-,S,3885053,3946514
1,1,2267408,510360,2,20201019,134624780,1.605000,100,160.500000,-,-,B,3949582,3935614
1,1,2268000,510360,2,20201019,134629110,1.604000,3700,5934.800000,-,-,S,3885053,3950609
1,1,2269006,510360,2,20201019,134634920,1.604000,6300,10105.200000,-,-,S,3885053,3952064
1,1,2269811,510360,2,20201019,134640360,1.604000,3700,5934.800000,-,-,S,3885053,3953274
1,1,2272178,510360,2,20201019,134657620,1.604000,3700,5934.800000,-,-,S,3885053,3956838
1,1,2273763,510360,2,20201019,134709120,1.604000,3700,5934.800000,-,-,S,3885053,3959514
1,1,2275111,510360,2,20201019,134720690,1.604000,3700,5934.800000,-,-,S,3885053,3961890
1,1,2277071,510360,2,20201019,134737890,1.604000,3700,5934.800000,-,-,S,3885053,3965198
1,1,2278583,510360,2,20201019,134749480,1.604000,3700,5934.800000,-,-,S,3885053,3967584
1,1,2279977,510360,2,20201019,134800960,1.604000,3700,5934.800000,-,-,S,3885053,3969971
1,1,2281869,510360,2,20201019,134814730,1.605000,1000,1605.000000,-,-,B,3973305,3935614
1,1,2282675,510360,2,20201019,134818630,1.604000,3700,5934.800000,-,-,S,3885053,3974210
1,1,2282863,510360,2,20201019,134820480,1.604000,600000,962400.000000,-,-,S,3885053,3974618
1,1,2282899,510360,2,20201019,134820760,1.604000,329300,528197.200000,-,-,S,3885053,3974702
1,1,2282900,510360,2,20201019,134820760,1.604000,10000,16040.000000,-,-,S,3885054,3974702
1,1,2282901,510360,2,20201019,134820760,1.604000,1000,1604.000000,-,-,S,3950843,3974702
1,1,2282902,510360,2,20201019,134820760,1.604000,700,1122.800000,-,-,S,3962396,3974702
1,1,2284244,510360,2,20201019,134830400,1.603000,200,320.600000,-,-,S,3908203,3976721
1,1,2284245,510360,2,20201019,134830400,1.603000,100,160.300000,-,-,S,3924108,3976721
1,1,2284246,510360,2,20201019,134830400,1.603000,500,801.500000,-,-,S,3936314,3976721
1,1,2285106,510360,2,20201019,134838100,1.603000,400,641.200000,-,-,B,3978230,3976721
1,1,2317108,510360,2,20201019,135219150,1.604000,1500,2406.000000,-,-,S,4016939,4033292
1,1,2317776,510360,2,20201019,135223800,1.605000,3700,5938.500000,-,-,B,4034365,4033886
1,1,2336375,510360,2,20201019,135440380,1.605000,2700,4333.500000,-,-,S,4063225,4066260
1,1,2353106,510360,2,20201019,135632440,1.607000,2900,4660.300000,-,-,B,4094368,4091064
1,1,2365101,510360,2,20201019,135819470,1.607000,1700,2731.900000,-,-,B,4116359,4115776
1,1,2380768,510360,2,20201019,140018590,1.609000,10000,16090.000000,-,-,B,4142936,4119133
1,1,2401687,510360,2,20201019,140248050,1.605000,22600,36273.000000,-,-,S,4156315,4179041
1,1,2412565,510360,2,20201019,140419200,1.608000,13000,20904.000000,-,-,B,4198535,4196701
1,1,2439988,510360,2,20201019,140731310,1.609000,1000,1609.000000,-,-,B,4245430,4241635
1,1,2455906,510360,2,20201019,140948470,1.608000,1300,2090.400000,-,-,B,4272842,4270329
1,1,2457355,510360,2,20201019,140959490,1.606000,10000,16060.000000,-,-,S,4245769,4275049
1,1,2457356,510360,2,20201019,140959490,1.605000,10000,16050.000000,-,-,S,4190224,4275049
1,1,2457357,510360,2,20201019,140959490,1.605000,1000,1605.000000,-,-,S,4192276,4275049
1,1,2457358,510360,2,20201019,140959490,1.605000,19000,30495.000000,-,-,S,4241634,4275049
1,1,2499918,510360,2,20201019,141457970,1.605000,100,160.500000,-,-,B,4338407,4334879
1,1,2513500,510360,2,20201019,141648930,1.605000,200,321.000000,-,-,B,4361652,4359773
1,1,2522519,510360,2,20201019,141808780,1.606000,100,160.600000,-,-,B,4376569,4320411
1,1,2530380,510360,2,20201019,141909920,1.606000,1000,1606.000000,-,-,B,4389259,4320411
1,1,2552682,510360,2,20201019,142154370,1.605000,19800,31779.000000,-,-,S,4361652,4425730
1,1,2552683,510360,2,20201019,142154370,1.605000,1100,1765.500000,-,-,S,4375668,4425730
1,1,2552684,510360,2,20201019,142154370,1.605000,3000,4815.000000,-,-,S,4389049,4425730
1,1,2552685,510360,2,20201019,142154370,1.605000,5000,8025.000000,-,-,S,4395890,4425730
1,1,2599198,510360,2,20201019,142755580,1.604000,20000,32080.000000,-,-,S,4019680,4497699
1,1,2599199,510360,2,20201019,142755580,1.604000,100,160.400000,-,-,S,4098458,4497699
1,1,2602971,510360,2,20201019,142817780,1.603000,600,961.800000,-,-,S,4016544,4502857
1,1,2618373,510360,2,20201019,143000770,1.603000,100,160.300000,-,-,S,4016544,4524702
1,1,2659669,510360,2,20201019,143428240,1.604000,2000,3208.000000,-,-,S,4586675,4588217
1,1,2664109,510360,2,20201019,143440370,1.603000,1300,2083.900000,-,-,S,4016544,4593666
1,1,2664110,510360,2,20201019,143440370,1.603000,100,160.300000,-,-,S,4070759,4593666
1,1,2664111,510360,2,20201019,143440370,1.603000,100,160.300000,-,-,S,4274690,4593666
1,1,2664112,510360,2,20201019,143440370,1.603000,200,320.600000,-,-,S,4478282,4593666
1,1,2664113,510360,2,20201019,143440370,1.603000,100,160.300000,-,-,S,4483433,4593666
1,1,2664114,510360,2,20201019,143440370,1.603000,2000,3206.000000,-,-,S,4528200,4593666
1,1,2664115,510360,2,20201019,143440370,1.603000,1300,2083.900000,-,-,S,4563240,4593666
1,1,2664116,510360,2,20201019,143440370,1.603000,600,961.800000,-,-,S,4573557,4593666
1,1,2667779,510360,2,20201019,143447970,1.603000,1000,1603.000000,-,-,B,4597889,4593666
1,1,2670987,510360,2,20201019,143455370,1.602000,100,160.200000,-,-,S,3796434,4601392
1,1,2670988,510360,2,20201019,143455370,1.602000,100,160.200000,-,-,S,3998816,4601392
1,1,2670989,510360,2,20201019,143455370,1.602000,100,160.200000,-,-,S,4068894,4601392
1,1,2670990,510360,2,20201019,143455370,1.602000,100,160.200000,-,-,S,4195834,4601392
1,1,2670991,510360,2,20201019,143455370,1.602000,599600,960559.200000,-,-,S,4554668,4601392
1,1,2671125,510360,2,20201019,143455780,1.602000,100,160.200000,-,-,S,4554668,4601534
1,1,2671281,510360,2,20201019,143456280,1.602000,390300,625260.600000,-,-,S,4554668,4601761
1,1,2671282,510360,2,20201019,143456280,1.602000,10000,16020.000000,-,-,S,4554669,4601761
1,1,2671283,510360,2,20201019,143456280,1.602000,1000,1602.000000,-,-,S,4586869,4601761
1,1,2684583,510360,2,20201019,143542300,1.602000,10000,16020.000000,-,-,B,4618224,4601761
1,1,2687501,510360,2,20201019,143557390,1.602000,3000,4806.000000,-,-,B,4622180,4601761
1,1,2706804,510360,2,20201019,143744920,1.602000,10000,16020.000000,-,-,B,4650262,4601761
1,1,2711761,510360,2,20201019,143809670,1.601000,100,160.100000,-,-,S,2389678,4657284
1,1,2711762,510360,2,20201019,143809670,1.601000,500,800.500000,-,-,S,3217575,4657284
1,1,2712597,510360,2,20201019,143814210,1.602000,1200,1922.400000,-,-,B,4658615,4601761
1,1,2713536,510360,2,20201019,143817930,1.602000,700,1121.400000,-,-,B,4659902,4601761
1,1,2724766,510360,2,20201019,143912040,1.600000,6900,11040.000000,-,-,S,22503,4675009
1,1,2750568,510360,2,20201019,144110450,1.602000,5000,8010.000000,-,-,B,4715843,4688613
1,1,2750569,510360,2,20201019,144110450,1.602000,2200,3524.400000,-,-,B,4715843,4712469
1,1,2754253,510360,2,20201019,144132610,1.602000,2800,4485.600000,-,-,S,4715843,4722400
1,1,2756581,510360,2,20201019,144145360,1.602000,5000,8010.000000,-,-,B,4725864,4722400
1,1,2760771,510360,2,20201019,144208540,1.602000,4900,7849.800000,-,-,B,4732680,4722400
1,1,2798168,510360,2,20201019,144601820,1.605000,3200,5136.000000,-,-,B,4794643,4720223
1,1,2798236,510360,2,20201019,144602210,1.605000,3000,4815.000000,-,-,B,4794759,4720223
1,1,2806107,510360,2,20201019,144642300,1.605000,3100,4975.500000,-,-,B,4806705,4720223
1,1,2807204,510360,2,20201019,144648210,1.605000,1000,1605.000000,-,-,B,4808367,4720223
1,1,2807847,510360,2,20201019,144652360,1.605000,6600,10593.000000,-,-,B,4809490,4720223
1,1,2843864,510360,2,20201019,145000850,1.604000,300,481.200000,-,-,B,4861477,4816117
1,1,2846977,510360,2,20201019,145007840,1.604000,4700,7538.800000,-,-,B,4865563,4816117
1,1,2846978,510360,2,20201019,145007840,1.604000,1300,2085.200000,-,-,B,4865563,4823182
1,1,2868605,510360,2,20201019,145130350,1.604000,100,160.400000,-,-,B,4896404,4823182
1,1,2871739,510360,2,20201019,145144900,1.604000,15100,24220.400000,-,-,B,4901025,4823182
1,1,2880455,510360,2,20201019,145222760,1.604000,100,160.400000,-,-,B,4913261,4823182
1,1,2889324,510360,2,20201019,145301940,1.603000,2200,3526.600000,-,-,S,4810217,4926324
1,1,2947875,510360,2,20201019,145633790,1.603000,100,160.300000,-,-,B,5006029,5004742
1,1,2951157,510360,2,20201019,145645350,1.603000,500,801.500000,-,-,B,5009886,5004742
1,1,2952136,510360,2,20201019,145649240,1.603000,6200,9938.600000,-,-,S,5010865,5011108
1,1,2952137,510360,2,20201019,145649240,1.603000,10000,16030.000000,-,-,S,5011043,5011108
1,1,2955736,510360,2,20201019,145822300,1.603000,300,480.900000,-,-,B,5031456,5014431
