Datetime,Price,Volume
2020-09-07 09:25:00.130,3.349,500
2020-09-07 09:25:00.130,3.349,13000
2020-09-07 09:25:00.130,3.349,131
2020-09-07 09:25:00.130,3.349,6369
2020-09-07 09:25:00.130,3.349,20100
2020-09-07 09:25:00.130,3.349,13331
2020-09-07 09:25:00.130,3.349,19469
2020-09-07 09:25:00.130,3.349,1000
2020-09-07 09:25:00.130,3.349,5600
2020-09-07 09:25:00.130,3.349,38031
2020-09-07 09:25:00.130,3.349,39400
2020-09-07 09:25:00.130,3.349,16000
2020-09-07 09:25:00.130,3.349,500
2020-09-07 09:25:00.130,3.349,5200
2020-09-07 09:25:00.130,3.349,869
2020-09-07 09:25:00.130,3.349,100
2020-09-07 09:25:00.130,3.349,1500
2020-09-07 09:25:00.130,3.349,17531
2020-09-07 09:25:00.130,3.349,100
2020-09-07 09:25:00.130,3.349,1100
2020-09-07 09:25:00.130,3.349,1000
2020-09-07 09:25:00.130,3.349,4900
2020-09-07 09:25:00.130,3.349,6200
2020-09-07 09:25:00.130,3.349,34169
2020-09-07 09:25:00.130,3.349,15831
2020-09-07 09:25:00.130,3.349,3000
2020-09-07 09:25:00.130,3.349,12869
2020-09-07 09:25:00.130,3.349,500
2020-09-07 09:25:00.130,3.349,100
2020-09-07 09:25:00.130,3.349,300
2020-09-07 09:25:00.130,3.349,4300
2020-09-07 09:25:00.130,3.349,600
2020-09-07 09:25:00.130,3.349,400
2020-09-07 09:25:00.130,3.349,500
2020-09-07 09:25:00.130,3.349,100
2020-09-07 09:25:00.130,3.349,600
2020-09-07 09:25:00.130,3.349,500
2020-09-07 09:25:00.130,3.349,100
2020-09-07 09:25:00.130,3.349,500
2020-09-07 09:25:00.130,3.349,600
2020-09-07 09:25:00.130,3.349,100
2020-09-07 09:25:00.130,3.349,200
2020-09-07 09:25:00.130,3.349,100
2020-09-07 09:25:00.130,3.349,200
2020-09-07 09:25:00.130,3.349,600
2020-09-07 09:25:00.130,3.349,1531
2020-09-07 09:25:00.130,3.349,300
2020-09-07 09:25:00.130,3.349,169
2020-09-07 09:25:00.130,3.349,1000
2020-09-07 09:25:00.130,3.349,100
2020-09-07 09:25:00.130,3.349,300
2020-09-07 09:25:00.130,3.349,100
2020-09-07 09:25:00.130,3.349,300
2020-09-07 09:25:00.130,3.349,1000
2020-09-07 09:25:00.130,3.349,600
2020-09-07 09:25:00.130,3.349,2400
2020-09-07 09:25:00.130,3.349,200
2020-09-07 09:25:00.130,3.349,100
2020-09-07 09:25:00.130,3.349,1500
2020-09-07 09:25:00.130,3.349,4000
2020-09-07 09:25:00.130,3.349,3000
2020-09-07 09:25:00.130,3.349,300
2020-09-07 09:25:00.130,3.349,5000
2020-09-07 09:25:00.130,3.349,500
2020-09-07 09:25:00.130,3.349,200
2020-09-07 09:25:00.130,3.349,300
2020-09-07 09:25:00.130,3.349,1500
2020-09-07 09:25:00.130,3.349,3000
2020-09-07 09:25:00.130,3.349,3000
2020-09-07 09:25:00.130,3.349,100
2020-09-07 09:25:00.130,3.349,200
2020-09-07 09:25:00.130,3.349,2000
2020-09-07 09:25:00.130,3.349,15900
2020-09-07 09:25:00.130,3.349,29800
2020-09-07 09:25:00.130,3.349,4400
2020-09-07 09:25:00.130,3.349,1900
2020-09-07 09:25:00.130,3.349,1000
2020-09-07 09:25:00.130,3.349,100
2020-09-07 09:25:00.130,3.349,1300
2020-09-07 09:25:00.130,3.349,3000
2020-09-07 09:25:00.130,3.349,10000
2020-09-07 09:25:00.130,3.349,100
2020-09-07 09:25:00.130,3.349,100
2020-09-07 09:25:00.130,3.349,200
2020-09-07 09:25:00.130,3.349,1000
2020-09-07 09:25:00.130,3.349,200
2020-09-07 09:25:00.130,3.349,800
2020-09-07 09:25:00.130,3.349,5000
2020-09-07 09:25:00.130,3.349,5800
2020-09-07 09:25:00.130,3.349,10000
2020-09-07 09:25:00.130,3.349,1000
2020-09-07 09:25:00.130,3.349,200
2020-09-07 09:25:00.130,3.349,600
2020-09-07 09:25:00.130,3.349,10000
2020-09-07 09:25:00.130,3.349,100
2020-09-07 09:25:00.130,3.349,3000
2020-09-07 09:25:00.130,3.349,100
2020-09-07 09:25:00.130,3.349,200
2020-09-07 09:25:00.130,3.349,1000
2020-09-07 09:25:00.130,3.349,200
2020-09-07 09:25:00.130,3.349,100
2020-09-07 09:25:00.130,3.349,10000
2020-09-07 09:25:00.130,3.349,1400
2020-09-07 09:25:00.130,3.349,100
2020-09-07 09:25:00.130,3.349,1731
2020-09-07 09:25:00.130,3.349,7500
2020-09-07 09:25:00.130,3.349,5000
2020-09-07 09:25:00.130,3.349,35769
2020-09-07 09:25:00.130,3.349,100
2020-09-07 09:25:00.130,3.349,100
2020-09-07 09:25:00.130,3.349,1000
2020-09-07 09:25:00.130,3.349,200
2020-09-07 09:25:00.130,3.349,100
2020-09-07 09:25:00.130,3.349,1000
2020-09-07 09:25:00.130,3.349,200
2020-09-07 09:25:00.130,3.349,10000
2020-09-07 09:25:00.130,3.349,100
2020-09-07 09:25:00.130,3.349,1000
2020-09-07 09:25:00.130,3.349,10000
2020-09-07 09:25:00.130,3.349,19700
2020-09-07 09:25:00.130,3.349,1000
2020-09-07 09:25:00.130,3.349,5000
2020-09-07 09:25:00.130,3.349,90000
2020-09-07 09:25:00.130,3.349,100
2020-09-07 09:25:00.130,3.349,2000
2020-09-07 09:25:00.130,3.349,100
2020-09-07 09:25:00.130,3.349,5000
2020-09-07 09:25:00.130,3.349,3000
2020-09-07 09:25:00.130,3.349,1000
2020-09-07 09:25:00.130,3.349,1000
2020-09-07 09:25:00.130,3.349,200
2020-09-07 09:25:00.130,3.349,122000
2020-09-07 09:25:00.130,3.349,10000
2020-09-07 09:25:00.130,3.349,3000
2020-09-07 09:25:00.130,3.349,100
2020-09-07 09:25:00.130,3.349,15000
2020-09-07 09:25:00.130,3.349,20000
2020-09-07 09:25:00.130,3.349,8000
2020-09-07 09:25:00.130,3.349,15000
2020-09-07 09:25:00.130,3.349,400
2020-09-07 09:25:00.130,3.349,1000
2020-09-07 09:25:00.130,3.349,100
2020-09-07 09:25:00.130,3.349,1000
2020-09-07 09:25:00.130,3.349,200
2020-09-07 09:25:00.130,3.349,8000
2020-09-07 09:25:00.130,3.349,1000
2020-09-07 09:25:00.130,3.349,100
2020-09-07 09:25:00.130,3.349,12400
2020-09-07 09:25:00.130,3.349,48800
2020-09-07 09:25:00.130,3.349,10000
2020-09-07 09:25:00.130,3.349,10000
2020-09-07 09:30:00.210,3.348,100
2020-09-07 09:30:00.210,3.348,1000
2020-09-07 09:30:00.210,3.348,200
2020-09-07 09:30:00.210,3.348,8000
2020-09-07 09:30:00.210,3.348,700
2020-09-07 09:30:00.210,3.349,10000
2020-09-07 09:30:00.280,3.348,92
2020-09-07 09:30:00.280,3.349,16231
2020-09-07 09:30:00.280,3.349,39100
2020-09-07 09:30:00.280,3.349,9969
2020-09-07 09:30:00.280,3.349,40031
2020-09-07 09:30:00.350,3.349,33300
2020-09-07 09:30:00.410,3.35,1500
2020-09-07 09:30:00.460,3.349,400
2020-09-07 09:30:00.560,3.349,2700
2020-09-07 09:30:00.650,3.35,42700
2020-09-07 09:30:00.650,3.35,1000
2020-09-07 09:30:00.650,3.351,200
2020-09-07 09:30:00.650,3.351,9000
2020-09-07 09:30:00.650,3.352,6000
2020-09-07 09:30:00.650,3.352,16100
2020-09-07 09:30:00.840,3.349,200
2020-09-07 09:30:00.890,3.349,50000
2020-09-07 09:30:00.980,3.349,6000
2020-09-07 09:30:01.070,3.349,10600
2020-09-07 09:30:01.110,3.349,500
2020-09-07 09:30:01.110,3.349,2900
2020-09-07 09:30:01.250,3.349,59700
2020-09-07 09:30:01.250,3.349,25900
2020-09-07 09:30:01.330,3.349,4300
2020-09-07 09:30:01.330,3.349,8000
2020-09-07 09:30:01.430,3.349,500
2020-09-07 09:30:01.470,3.349,4400
2020-09-07 09:30:01.560,3.349,100
2020-09-07 09:30:01.560,3.349,100
2020-09-07 09:30:01.650,3.349,50369
2020-09-07 09:30:01.650,3.349,10000
2020-09-07 09:30:01.650,3.349,39631
2020-09-07 09:30:01.760,3.349,1500
2020-09-07 09:30:01.830,3.349,8869
2020-09-07 09:30:01.830,3.349,631
2020-09-07 09:30:01.830,3.349,14369
2020-09-07 09:30:01.830,3.349,2000
2020-09-07 09:30:01.830,3.349,3000
2020-09-07 09:30:01.830,3.348,19208
2020-09-07 09:30:01.830,3.348,5000
2020-09-07 09:30:01.830,3.348,8000
2020-09-07 09:30:01.830,3.348,10000
2020-09-07 09:30:01.830,3.348,500
2020-09-07 09:30:01.840,3.348,1000
2020-09-07 09:30:02.020,3.348,100
2020-09-07 09:30:02.140,3.348,1000
2020-09-07 09:30:02.190,3.348,100
2020-09-07 09:30:02.240,3.348,100
2020-09-07 09:30:02.380,3.348,13123
2020-09-07 09:30:02.380,3.348,6877
2020-09-07 09:30:02.380,3.348,100
2020-09-07 09:30:02.380,3.348,23023
2020-09-07 09:30:02.380,3.348,3100
2020-09-07 09:30:02.380,3.348,5000
2020-09-07 09:30:02.380,3.348,2200
2020-09-07 09:30:02.380,3.348,3000
2020-09-07 09:30:02.380,3.349,10000
2020-09-07 09:30:02.450,3.352,10000
2020-09-07 09:30:02.780,3.35,500
2020-09-07 09:30:02.780,3.349,24100
2020-09-07 09:30:02.980,3.35,1000
2020-09-07 09:30:02.980,3.349,500
2020-09-07 09:30:02.980,3.349,4400
2020-09-07 09:30:03.030,3.349,24677
2020-09-07 09:30:03.030,3.349,2000
2020-09-07 09:30:03.030,3.348,3023
2020-09-07 09:30:03.090,3.35,5000
2020-09-07 09:30:03.090,3.348,5000
2020-09-07 09:30:03.210,3.352,100
2020-09-07 09:30:03.280,3.349,200
2020-09-07 09:30:03.280,3.349,10000
2020-09-07 09:30:03.340,3.352,100
2020-09-07 09:30:03.570,3.349,89800
2020-09-07 09:30:03.570,3.349,100
2020-09-07 09:30:03.570,3.349,11400
2020-09-07 09:30:03.570,3.35,7700
2020-09-07 09:30:03.690,3.35,10000
2020-09-07 09:30:03.940,3.352,23700
2020-09-07 09:30:03.940,3.352,5000
2020-09-07 09:30:03.940,3.353,3100
2020-09-07 09:30:03.940,3.353,600
2020-09-07 09:30:03.940,3.353,5000
2020-09-07 09:30:03.980,3.353,7300
2020-09-07 09:30:04.080,3.353,500
2020-09-07 09:30:04.180,3.353,15700
2020-09-07 09:30:04.220,3.353,8000
2020-09-07 09:30:04.420,3.353,45000
2020-09-07 09:30:04.420,3.353,186100
2020-09-07 09:30:04.420,3.351,100000
2020-09-07 09:30:04.420,3.35,25600
2020-09-07 09:30:04.420,3.35,4000
2020-09-07 09:30:04.420,3.35,165600
2020-09-07 09:30:04.750,3.352,3000
2020-09-07 09:30:04.830,3.352,900
2020-09-07 09:30:04.830,3.352,500
2020-09-07 09:30:05.050,3.352,200
2020-09-07 09:30:05.320,3.352,16000
2020-09-07 09:30:05.360,3.352,10000
2020-09-07 09:30:05.430,3.352,2000
2020-09-07 09:30:05.480,3.352,300
2020-09-07 09:30:05.550,3.352,20000
2020-09-07 09:30:05.620,3.352,1000
2020-09-07 09:30:05.690,3.352,5800
2020-09-07 09:30:05.690,3.35,3700
2020-09-07 09:30:05.840,3.35,8000
2020-09-07 09:30:05.840,3.35,39100
2020-09-07 09:30:06.030,3.35,600
2020-09-07 09:30:06.240,3.351,200
2020-09-07 09:30:06.240,3.35,4800
2020-09-07 09:30:06.420,3.35,1000
2020-09-07 09:30:06.480,3.353,500
2020-09-07 09:30:06.870,3.353,240900
2020-09-07 09:30:07.750,3.354,300
2020-09-07 09:30:08.870,3.354,299700
2020-09-07 09:30:08.870,3.354,300
2020-09-07 09:30:09.490,3.354,30000
2020-09-07 09:30:09.490,3.354,300
2020-09-07 09:30:09.490,3.354,146900
2020-09-07 09:30:09.490,3.354,2000
2020-09-07 09:30:09.490,3.354,2000
2020-09-07 09:30:09.490,3.354,2000
2020-09-07 09:30:09.490,3.354,5000
2020-09-07 09:30:09.490,3.354,4800
2020-09-07 09:30:09.970,3.354,30000
2020-09-07 09:30:11.640,3.355,6000
2020-09-07 09:30:11.640,3.355,7100
2020-09-07 09:30:11.640,3.355,100
2020-09-07 09:30:11.640,3.355,20000
2020-09-07 09:30:11.640,3.355,5000
2020-09-07 09:30:11.640,3.355,10000
2020-09-07 09:30:11.640,3.355,100
2020-09-07 09:30:13.010,3.355,24500
2020-09-07 09:30:13.010,3.354,50300
2020-09-07 09:30:13.470,3.355,27600
2020-09-07 09:30:15.400,3.356,16900
2020-09-07 09:30:15.400,3.356,2100
2020-09-07 09:30:15.400,3.356,100
2020-09-07 09:30:15.400,3.356,1200
2020-09-07 09:30:15.400,3.356,100
2020-09-07 09:30:15.400,3.356,700
2020-09-07 09:30:15.400,3.356,100
2020-09-07 09:30:15.400,3.356,100
2020-09-07 09:30:15.400,3.356,100
2020-09-07 09:30:15.400,3.356,27000
2020-09-07 09:30:15.400,3.356,100
2020-09-07 09:30:15.400,3.356,900
2020-09-07 09:30:16.380,3.356,100
2020-09-07 09:30:16.380,3.356,200
2020-09-07 09:30:16.380,3.356,100
2020-09-07 09:30:16.380,3.356,100
2020-09-07 09:30:16.380,3.356,100
2020-09-07 09:30:16.380,3.356,10000
2020-09-07 09:30:16.380,3.356,500
2020-09-07 09:30:16.380,3.356,2700
2020-09-07 09:30:16.380,3.356,500
2020-09-07 09:30:16.380,3.356,700
2020-09-07 09:30:16.380,3.356,60000
2020-09-07 09:30:16.380,3.356,2000
2020-09-07 09:30:16.380,3.356,300
2020-09-07 09:30:16.380,3.356,10000
2020-09-07 09:30:16.380,3.356,100
2020-09-07 09:30:16.380,3.356,1000
2020-09-07 09:30:16.380,3.356,1000
2020-09-07 09:30:16.380,3.356,40000
2020-09-07 09:30:16.380,3.356,159200
2020-09-07 09:30:17.670,3.355,40000
2020-09-07 09:30:19.130,3.355,10000
2020-09-07 09:30:20.170,3.354,100
2020-09-07 09:30:21.030,3.355,100
2020-09-07 09:30:21.380,3.355,600
2020-09-07 09:30:22.440,3.355,3000
2020-09-07 09:30:22.610,3.355,8300
2020-09-07 09:30:22.610,3.355,1700
2020-09-07 09:30:23.660,3.355,5500
2020-09-07 09:30:26.700,3.355,5000
2020-09-07 09:30:27.310,3.356,8200
2020-09-07 09:30:27.590,3.356,800
2020-09-07 09:30:28.120,3.356,10000
2020-09-07 09:30:28.120,3.356,30000
2020-09-07 09:30:29.060,3.354,100
2020-09-07 09:30:29.060,3.354,40000
2020-09-07 09:30:29.060,3.354,9900
2020-09-07 09:30:29.930,3.354,500
2020-09-07 09:30:30.060,3.356,30000
2020-09-07 09:30:30.060,3.356,20000
2020-09-07 09:30:30.060,3.356,30000
2020-09-07 09:30:30.240,3.354,13400
2020-09-07 09:30:33.090,3.355,30000
2020-09-07 09:30:33.090,3.355,10000
2020-09-07 09:30:33.090,3.355,10000
2020-09-07 09:30:33.530,3.355,20000
2020-09-07 09:30:33.910,3.355,2100
2020-09-07 09:30:35.500,3.356,6100
2020-09-07 09:30:36.040,3.355,20000
2020-09-07 09:30:36.610,3.354,2000
2020-09-07 09:30:36.820,3.355,10000
2020-09-07 09:30:36.820,3.355,1000
2020-09-07 09:30:38.170,3.356,100
2020-09-07 09:30:39.060,3.356,100
2020-09-07 09:30:39.060,3.356,5500
2020-09-07 09:30:39.060,3.356,10000
2020-09-07 09:30:39.060,3.356,1000
2020-09-07 09:30:39.060,3.356,1400
2020-09-07 09:30:39.060,3.356,10000
2020-09-07 09:30:39.060,3.356,3000
2020-09-07 09:30:39.720,3.356,5000
2020-09-07 09:30:41.330,3.356,6200
2020-09-07 09:30:41.390,3.356,100000
2020-09-07 09:30:42.630,3.357,600
2020-09-07 09:30:42.630,3.357,15000
2020-09-07 09:30:42.630,3.357,700
2020-09-07 09:30:42.630,3.357,5000
2020-09-07 09:30:42.630,3.357,2000
2020-09-07 09:30:42.630,3.357,3100
2020-09-07 09:30:43.020,3.357,43200
2020-09-07 09:30:43.750,3.357,40000
2020-09-07 09:30:44.230,3.357,100
2020-09-07 09:30:44.430,3.357,20000
2020-09-07 09:30:45.420,3.357,1700
2020-09-07 09:30:45.490,3.358,1300
2020-09-07 09:30:45.490,3.358,300
2020-09-07 09:30:45.490,3.358,1000
2020-09-07 09:30:45.490,3.358,1000
2020-09-07 09:30:45.490,3.358,2500
2020-09-07 09:30:45.490,3.359,5000
2020-09-07 09:30:45.490,3.359,9600
2020-09-07 09:30:45.490,3.359,1100
2020-09-07 09:30:45.490,3.359,600
2020-09-07 09:30:45.490,3.359,3800
2020-09-07 09:30:45.490,3.359,6000
2020-09-07 09:30:45.490,3.359,10000
2020-09-07 09:30:45.490,3.359,300
2020-09-07 09:30:45.490,3.359,5500
2020-09-07 09:30:45.820,3.357,6200
2020-09-07 09:30:45.990,3.357,700
2020-09-07 09:30:46.090,3.357,17800
2020-09-07 09:30:47.020,3.358,600
2020-09-07 09:30:48.060,3.357,50000
2020-09-07 09:30:49.560,3.357,63600
2020-09-07 09:30:49.620,3.357,4800
2020-09-07 09:30:49.650,3.358,100
2020-09-07 09:30:50.250,3.357,155200
2020-09-07 09:30:50.250,3.357,144800
2020-09-07 09:30:50.440,3.357,3600
2020-09-07 09:30:50.830,3.357,300
2020-09-07 09:30:51.110,3.358,3700
2020-09-07 09:30:51.110,3.358,100
2020-09-07 09:30:51.110,3.358,6200
2020-09-07 09:30:53.090,3.357,3000
2020-09-07 09:30:53.480,3.358,100
2020-09-07 09:30:54.490,3.358,200
2020-09-07 09:30:56.640,3.357,900
2020-09-07 09:30:56.640,3.358,1900
2020-09-07 09:30:56.640,3.358,10000
2020-09-07 09:30:58.300,3.358,52500
2020-09-07 09:30:58.510,3.358,6400
2020-09-07 09:30:58.740,3.359,233400
2020-09-07 09:30:58.830,3.359,66600
2020-09-07 09:30:59.430,3.356,2700
2020-09-07 09:31:00.040,3.356,2300
2020-09-07 09:31:00.040,3.356,40000
2020-09-07 09:31:00.040,3.356,5000
2020-09-07 09:31:00.040,3.356,2000
2020-09-07 09:31:00.040,3.356,5000
2020-09-07 09:31:00.040,3.356,35700
2020-09-07 09:31:00.040,3.357,20000
2020-09-07 09:31:00.040,3.357,20000
2020-09-07 09:31:00.040,3.357,30000
2020-09-07 09:31:00.620,3.357,11400
2020-09-07 09:31:00.620,3.357,11600
2020-09-07 09:31:00.890,3.36,100
2020-09-07 09:31:00.890,3.36,100
2020-09-07 09:31:01.350,3.357,45100
2020-09-07 09:31:03.330,3.357,2000
2020-09-07 09:31:05.470,3.358,100
2020-09-07 09:31:05.470,3.358,1000
2020-09-07 09:31:05.470,3.358,500
2020-09-07 09:31:05.560,3.358,10000
2020-09-07 09:31:07.640,3.358,500
2020-09-07 09:31:08.040,3.358,8000
2020-09-07 09:31:09.020,3.359,4800
2020-09-07 09:31:09.020,3.359,10000
2020-09-07 09:31:09.020,3.359,100
2020-09-07 09:31:09.020,3.359,3900
2020-09-07 09:31:09.020,3.359,31200
2020-09-07 09:31:09.610,3.358,5000
2020-09-07 09:31:11.000,3.358,5000
2020-09-07 09:31:12.070,3.359,5400
2020-09-07 09:31:12.070,3.359,4600
2020-09-07 09:31:12.590,3.358,60000
2020-09-07 09:31:13.610,3.359,5400
2020-09-07 09:31:13.610,3.359,3000
2020-09-07 09:31:13.610,3.359,1600
2020-09-07 09:31:14.170,3.358,3000
2020-09-07 09:31:14.170,3.359,3400
2020-09-07 09:31:15.380,3.36,5000
2020-09-07 09:31:15.380,3.36,3300
2020-09-07 09:31:15.380,3.36,5000
2020-09-07 09:31:15.380,3.36,2000
2020-09-07 09:31:15.380,3.36,500
2020-09-07 09:31:15.380,3.36,15000
2020-09-07 09:31:15.380,3.36,17200
2020-09-07 09:31:17.230,3.36,1500
2020-09-07 09:31:17.870,3.359,1600
2020-09-07 09:31:20.700,3.359,9000
2020-09-07 09:31:21.030,3.36,1000
2020-09-07 09:31:23.390,3.358,1100
2020-09-07 09:31:23.680,3.358,2900
2020-09-07 09:31:23.680,3.358,5000
2020-09-07 09:31:26.660,3.357,20100
2020-09-07 09:31:28.850,3.358,100
2020-09-07 09:31:29.450,3.358,1000
2020-09-07 09:31:30.560,3.357,10000
2020-09-07 09:31:30.760,3.355,10000
2020-09-07 09:31:32.730,3.357,4900
2020-09-07 09:31:33.210,3.357,100
2020-09-07 09:31:33.210,3.357,3900
2020-09-07 09:31:33.460,3.355,4000
2020-09-07 09:31:37.730,3.355,1000
2020-09-07 09:31:37.910,3.357,1000
2020-09-07 09:31:38.270,3.357,14500
2020-09-07 09:31:38.800,3.357,10000
2020-09-07 09:31:39.590,3.357,4500
2020-09-07 09:31:39.590,3.357,5500
2020-09-07 09:31:40.880,3.355,1500
2020-09-07 09:31:40.940,3.355,3000
2020-09-07 09:31:41.270,3.355,10000
2020-09-07 09:31:46.030,3.356,15000
2020-09-07 09:31:47.390,3.357,4500
2020-09-07 09:31:47.390,3.357,5000
2020-09-07 09:31:47.390,3.357,5000
2020-09-07 09:31:47.390,3.357,5500
2020-09-07 09:31:48.290,3.357,500
2020-09-07 09:31:52.270,3.356,5000
2020-09-07 09:31:52.270,3.356,10000
2020-09-07 09:31:52.270,3.356,55000
2020-09-07 09:31:52.270,3.356,600
2020-09-07 09:31:53.830,3.356,1000
2020-09-07 09:31:53.980,3.356,18400
2020-09-07 09:31:56.290,3.356,20000
2020-09-07 09:32:02.640,3.355,500
2020-09-07 09:32:02.640,3.355,92900
2020-09-07 09:32:02.640,3.355,5000
2020-09-07 09:32:02.640,3.355,5000
2020-09-07 09:32:02.640,3.355,3000
2020-09-07 09:32:02.640,3.355,5000
2020-09-07 09:32:02.670,3.354,200
2020-09-07 09:32:02.670,3.354,1300
2020-09-07 09:32:06.520,3.353,9500
2020-09-07 09:32:06.770,3.353,9400
2020-09-07 09:32:07.610,3.353,93000
2020-09-07 09:32:07.990,3.353,1000
2020-09-07 09:32:08.020,3.353,9500
2020-09-07 09:32:08.190,3.353,9400
2020-09-07 09:32:08.930,3.354,100
2020-09-07 09:32:11.410,3.351,800
2020-09-07 09:32:12.200,3.351,700
2020-09-07 09:32:12.200,3.351,1300
2020-09-07 09:32:13.980,3.353,3000
2020-09-07 09:32:15.390,3.351,1900
2020-09-07 09:32:16.270,3.353,600
2020-09-07 09:32:16.270,3.353,1800
2020-09-07 09:32:17.110,3.353,30000
2020-09-07 09:32:17.610,3.353,30000
2020-09-07 09:32:17.920,3.353,30000
2020-09-07 09:32:17.920,3.353,30000
2020-09-07 09:32:17.920,3.353,30000
2020-09-07 09:32:18.240,3.353,50000
2020-09-07 09:32:18.240,3.353,50000
2020-09-07 09:32:19.430,3.352,4000
2020-09-07 09:32:20.010,3.354,100
2020-09-07 09:32:21.170,3.352,1000
2020-09-07 09:32:21.170,3.351,11800
2020-09-07 09:32:21.170,3.351,10000
2020-09-07 09:32:21.170,3.351,40000
2020-09-07 09:32:21.170,3.351,23400
2020-09-07 09:32:22.910,3.352,4400
2020-09-07 09:32:23.930,3.351,300
2020-09-07 09:32:25.770,3.351,500
2020-09-07 09:32:26.300,3.352,700
2020-09-07 09:32:26.300,3.352,6600
2020-09-07 09:32:26.300,3.352,42700
2020-09-07 09:32:26.300,3.352,20000
2020-09-07 09:32:26.520,3.352,24600
2020-09-07 09:32:29.140,3.352,200
2020-09-07 09:32:33.270,3.353,1000
2020-09-07 09:32:33.490,3.353,49000
2020-09-07 09:32:33.490,3.352,275200
2020-09-07 09:32:33.490,3.352,300000
2020-09-07 09:32:33.490,3.352,1000
2020-09-07 09:32:33.490,3.352,10000
2020-09-07 09:32:33.490,3.352,124800
2020-09-07 09:32:35.210,3.352,7900
2020-09-07 09:32:35.410,3.352,10000
2020-09-07 09:32:35.560,3.354,500
2020-09-07 09:32:36.140,3.352,110200
2020-09-07 09:32:37.510,3.352,600
2020-09-07 09:32:38.090,3.354,100
2020-09-07 09:32:40.930,3.352,10000
2020-09-07 09:32:41.080,3.354,7300
2020-09-07 09:32:41.080,3.354,2700
2020-09-07 09:32:43.650,3.352,100
2020-09-07 09:32:46.120,3.354,4300
2020-09-07 09:32:46.120,3.354,7000
2020-09-07 09:32:46.120,3.354,100
2020-09-07 09:32:49.370,3.354,2000
2020-09-07 09:32:50.770,3.354,6100
2020-09-07 09:32:51.390,3.355,100
2020-09-07 09:32:51.390,3.355,3100
2020-09-07 09:32:51.390,3.355,1000
2020-09-07 09:32:53.200,3.355,5000
2020-09-07 09:32:53.380,3.355,30000
2020-09-07 09:32:53.470,3.355,1100
2020-09-07 09:32:54.540,3.355,2400
2020-09-07 09:32:56.470,3.355,20000
2020-09-07 09:32:56.710,3.355,3300
2020-09-07 09:32:57.260,3.355,12500
2020-09-07 09:32:58.140,3.356,1600
2020-09-07 09:32:58.140,3.356,3700
2020-09-07 09:32:58.140,3.356,2000
2020-09-07 09:32:58.140,3.356,2000
2020-09-07 09:32:58.140,3.356,10000
2020-09-07 09:32:58.140,3.356,300
2020-09-07 09:32:58.140,3.356,10400
2020-09-07 09:32:58.140,3.356,10000
2020-09-07 09:32:58.380,3.355,30000
2020-09-07 09:32:59.650,3.356,20000
2020-09-07 09:33:00.090,3.355,15000
2020-09-07 09:33:00.520,3.355,300
2020-09-07 09:33:01.970,3.356,10000
2020-09-07 09:33:04.060,3.355,4400
2020-09-07 09:33:05.110,3.355,29600
2020-09-07 09:33:06.060,3.356,900
2020-09-07 09:33:10.450,3.355,2200
2020-09-07 09:33:10.950,3.355,800
2020-09-07 09:33:10.950,3.355,6000
2020-09-07 09:33:14.650,3.355,30000
2020-09-07 09:33:16.470,3.355,10300
2020-09-07 09:33:16.470,3.355,6000
2020-09-07 09:33:17.340,3.356,3000
2020-09-07 09:33:17.340,3.356,700
2020-09-07 09:33:17.340,3.356,300
2020-09-07 09:33:19.200,3.356,300
2020-09-07 09:33:19.200,3.356,3200
2020-09-07 09:33:20.590,3.357,900
2020-09-07 09:33:20.590,3.357,5000
2020-09-07 09:33:20.590,3.357,200
2020-09-07 09:33:20.590,3.357,20000
2020-09-07 09:33:20.590,3.357,500
2020-09-07 09:33:20.590,3.357,300
2020-09-07 09:33:20.590,3.357,3100
2020-09-07 09:33:20.660,3.357,6900
2020-09-07 09:33:20.660,3.357,3100
2020-09-07 09:33:20.870,3.356,100000
2020-09-07 09:33:21.020,3.356,10000
2020-09-07 09:33:21.530,3.356,8100
2020-09-07 09:33:22.420,3.357,200
2020-09-07 09:33:22.420,3.357,1300
2020-09-07 09:33:22.850,3.357,8700
2020-09-07 09:33:22.850,3.357,1500
2020-09-07 09:33:22.850,3.357,100
2020-09-07 09:33:22.850,3.357,8700
2020-09-07 09:33:23.660,3.357,40600
2020-09-07 09:33:23.930,3.357,7000
2020-09-07 09:33:24.260,3.357,5000
2020-09-07 09:33:25.120,3.357,2700
2020-09-07 09:33:25.930,3.358,100
2020-09-07 09:33:25.930,3.358,10000
2020-09-07 09:33:25.930,3.358,300
2020-09-07 09:33:25.930,3.358,300
2020-09-07 09:33:25.930,3.358,2000
2020-09-07 09:33:25.930,3.358,3000
2020-09-07 09:33:25.930,3.358,5700
2020-09-07 09:33:25.930,3.358,100
2020-09-07 09:33:25.930,3.358,8500
2020-09-07 09:33:25.930,3.358,30000
2020-09-07 09:33:28.160,3.358,11500
2020-09-07 09:33:28.160,3.358,10000
2020-09-07 09:33:28.160,3.358,5000
2020-09-07 09:33:28.160,3.359,20300
2020-09-07 09:33:28.160,3.359,2100
2020-09-07 09:33:28.160,3.359,5000
2020-09-07 09:33:28.160,3.359,3100
2020-09-07 09:33:28.160,3.359,100
2020-09-07 09:33:28.160,3.359,6300
2020-09-07 09:33:28.160,3.359,11300
2020-09-07 09:33:28.160,3.359,20000
2020-09-07 09:33:28.160,3.359,93000
2020-09-07 09:33:29.410,3.359,6000
2020-09-07 09:33:30.530,3.359,500
2020-09-07 09:33:31.920,3.359,900
2020-09-07 09:33:32.490,3.36,300
2020-09-07 09:33:32.490,3.36,4700
2020-09-07 09:33:32.810,3.359,700
2020-09-07 09:33:33.410,3.359,2700
2020-09-07 09:33:33.470,3.36,9700
2020-09-07 09:33:35.900,3.359,20000
2020-09-07 09:33:37.820,3.36,5600
2020-09-07 09:33:37.820,3.36,2000
2020-09-07 09:33:37.820,3.36,10900
2020-09-07 09:33:37.820,3.36,2000
2020-09-07 09:33:37.820,3.36,8000
2020-09-07 09:33:37.820,3.36,5000
2020-09-07 09:33:37.820,3.36,10000
2020-09-07 09:33:37.820,3.36,6500
2020-09-07 09:33:38.420,3.36,300
2020-09-07 09:33:40.850,3.36,3200
2020-09-07 09:33:40.850,3.36,100
2020-09-07 09:33:42.070,3.359,5600
2020-09-07 09:33:42.220,3.359,5000
2020-09-07 09:33:42.660,3.36,5000
2020-09-07 09:33:42.660,3.36,15000
2020-09-07 09:33:42.660,3.36,10000
2020-09-07 09:33:42.660,3.36,10000
2020-09-07 09:33:42.660,3.36,10000
2020-09-07 09:33:42.660,3.36,10000
2020-09-07 09:33:42.660,3.36,10000
2020-09-07 09:33:42.660,3.36,10000
2020-09-07 09:33:42.890,3.359,30000
2020-09-07 09:33:43.620,3.359,100
2020-09-07 09:33:43.650,3.36,180000
2020-09-07 09:33:43.770,3.359,500
2020-09-07 09:33:44.190,3.36,30000
2020-09-07 09:33:44.190,3.36,30000
2020-09-07 09:33:44.190,3.36,20000
2020-09-07 09:33:44.760,3.36,10000
2020-09-07 09:33:44.760,3.36,100
2020-09-07 09:33:44.760,3.36,1000
2020-09-07 09:33:44.760,3.36,20000
2020-09-07 09:33:44.760,3.36,1000
2020-09-07 09:33:44.760,3.36,1000
2020-09-07 09:33:44.760,3.36,10000
2020-09-07 09:33:44.760,3.36,100
2020-09-07 09:33:45.110,3.36,6800
2020-09-07 09:33:45.110,3.36,50000
2020-09-07 09:33:45.110,3.36,50000
2020-09-07 09:33:45.290,3.36,9100
2020-09-07 09:33:45.560,3.359,18600
2020-09-07 09:33:45.560,3.359,3000
2020-09-07 09:33:45.560,3.359,1500
2020-09-07 09:33:45.950,3.36,300
2020-09-07 09:33:46.320,3.36,42800
2020-09-07 09:33:46.320,3.361,200
2020-09-07 09:33:46.320,3.361,6000
2020-09-07 09:33:46.320,3.361,1200
2020-09-07 09:33:46.320,3.361,3000
2020-09-07 09:33:46.320,3.361,8000
2020-09-07 09:33:46.320,3.361,100
2020-09-07 09:33:46.320,3.361,300
2020-09-07 09:33:46.320,3.361,51300
2020-09-07 09:33:46.320,3.361,600
2020-09-07 09:33:46.320,3.361,1500
2020-09-07 09:33:46.320,3.361,100
2020-09-07 09:33:46.320,3.361,5000
2020-09-07 09:33:48.870,3.361,300
2020-09-07 09:33:49.800,3.362,30000
2020-09-07 09:33:49.800,3.362,30000
2020-09-07 09:33:49.800,3.362,10000
2020-09-07 09:33:49.800,3.362,30000
2020-09-07 09:33:49.800,3.362,30000
2020-09-07 09:33:49.800,3.362,30000
2020-09-07 09:33:50.260,3.362,30000
2020-09-07 09:33:50.260,3.362,50000
2020-09-07 09:33:50.260,3.362,40000
2020-09-07 09:33:50.260,3.362,20000
2020-09-07 09:33:50.260,3.362,15000
2020-09-07 09:33:50.260,3.362,15000
2020-09-07 09:33:50.260,3.362,200
2020-09-07 09:33:50.260,3.362,20000
2020-09-07 09:33:50.260,3.362,8000
2020-09-07 09:33:50.260,3.362,800
2020-09-07 09:33:50.260,3.362,100
2020-09-07 09:33:50.260,3.362,5000
2020-09-07 09:33:50.260,3.362,3000
2020-09-07 09:33:50.260,3.362,5000
2020-09-07 09:33:50.260,3.362,1100
2020-09-07 09:33:50.260,3.362,500
2020-09-07 09:33:50.260,3.362,300
2020-09-07 09:33:51.380,3.362,700
2020-09-07 09:33:51.880,3.363,100
2020-09-07 09:33:51.880,3.363,2000
2020-09-07 09:33:51.880,3.363,3100
2020-09-07 09:33:51.880,3.363,3100
2020-09-07 09:33:51.880,3.363,3100
2020-09-07 09:33:51.880,3.363,5000
2020-09-07 09:33:51.880,3.363,8000
2020-09-07 09:33:51.880,3.363,10000
2020-09-07 09:33:51.880,3.363,300
2020-09-07 09:33:51.880,3.363,12500
2020-09-07 09:33:52.840,3.363,300
2020-09-07 09:33:53.920,3.363,10000
2020-09-07 09:33:54.600,3.363,4300
2020-09-07 09:33:55.510,3.363,100
2020-09-07 09:33:56.130,3.364,100
2020-09-07 09:33:56.130,3.364,10000
2020-09-07 09:33:56.130,3.364,10000
2020-09-07 09:33:56.130,3.364,9900
2020-09-07 09:33:56.130,3.364,20000
2020-09-07 09:33:56.240,3.364,50000
2020-09-07 09:33:56.490,3.363,200
2020-09-07 09:33:56.730,3.364,200000
2020-09-07 09:33:57.060,3.364,220100
2020-09-07 09:33:57.060,3.364,30000
2020-09-07 09:33:57.060,3.364,10800
2020-09-07 09:33:57.060,3.364,8000
2020-09-07 09:33:57.060,3.364,9000
2020-09-07 09:33:57.060,3.364,5000
2020-09-07 09:33:57.110,3.364,10000
2020-09-07 09:33:57.810,3.365,100
2020-09-07 09:33:57.810,3.365,1500
2020-09-07 09:33:58.710,3.365,500
2020-09-07 09:33:58.710,3.365,100
2020-09-07 09:33:58.710,3.365,10000
2020-09-07 09:33:58.710,3.365,1000
2020-09-07 09:33:58.710,3.365,1500
2020-09-07 09:33:58.710,3.365,2000
2020-09-07 09:33:59.670,3.364,1000
2020-09-07 09:33:59.800,3.365,1600
2020-09-07 09:33:59.800,3.365,29700
2020-09-07 09:34:00.180,3.365,30000
2020-09-07 09:34:00.180,3.365,40000
2020-09-07 09:34:00.180,3.365,30000
2020-09-07 09:34:00.180,3.365,20000
2020-09-07 09:34:00.180,3.365,10000
2020-09-07 09:34:01.030,3.365,127200
2020-09-07 09:34:01.790,3.364,3000
2020-09-07 09:34:01.980,3.365,20000
2020-09-07 09:34:01.980,3.365,10000
2020-09-07 09:34:01.980,3.365,30000
2020-09-07 09:34:01.980,3.365,30000
2020-09-07 09:34:01.980,3.365,30000
2020-09-07 09:34:01.980,3.365,10000
2020-09-07 09:34:01.980,3.365,20000
2020-09-07 09:34:01.980,3.365,30000
2020-09-07 09:34:01.980,3.364,3100
2020-09-07 09:34:01.980,3.364,10000
2020-09-07 09:34:01.980,3.364,6900
2020-09-07 09:34:02.300,3.365,8700
2020-09-07 09:34:03.400,3.364,600
2020-09-07 09:34:04.920,3.365,5300
2020-09-07 09:34:05.170,3.365,19100
2020-09-07 09:34:05.170,3.365,10000
2020-09-07 09:34:05.170,3.365,900
2020-09-07 09:34:05.230,3.365,7200
2020-09-07 09:34:05.230,3.365,100
2020-09-07 09:34:05.230,3.365,400
2020-09-07 09:34:05.230,3.365,8000
2020-09-07 09:34:05.230,3.365,5000
2020-09-07 09:34:05.230,3.365,9300
2020-09-07 09:34:05.230,3.365,10000
2020-09-07 09:34:07.980,3.365,20700
2020-09-07 09:34:07.980,3.365,19300
2020-09-07 09:34:08.210,3.364,700
2020-09-07 09:34:08.570,3.365,700
2020-09-07 09:34:08.570,3.365,10000
2020-09-07 09:34:08.570,3.365,5000
2020-09-07 09:34:08.570,3.365,5000
2020-09-07 09:34:08.810,3.365,8100
2020-09-07 09:34:08.930,3.365,500
2020-09-07 09:34:09.210,3.365,1100
2020-09-07 09:34:09.590,3.365,3000
2020-09-07 09:34:09.650,3.365,1000
2020-09-07 09:34:09.700,3.365,5000
2020-09-07 09:34:10.560,3.365,200
2020-09-07 09:34:10.950,3.366,1000
2020-09-07 09:34:10.950,3.366,15000
2020-09-07 09:34:10.950,3.366,14000
2020-09-07 09:34:10.950,3.366,30000
2020-09-07 09:34:10.950,3.366,10000
2020-09-07 09:34:10.950,3.366,10000
2020-09-07 09:34:10.950,3.366,20000
2020-09-07 09:34:10.950,3.366,30000
2020-09-07 09:34:10.950,3.366,30000
2020-09-07 09:34:10.950,3.366,30000
2020-09-07 09:34:10.950,3.366,30000
2020-09-07 09:34:10.950,3.366,30000
2020-09-07 09:34:10.950,3.366,30000
2020-09-07 09:34:10.950,3.366,30000
2020-09-07 09:34:10.950,3.366,30000
2020-09-07 09:34:10.950,3.366,20000
2020-09-07 09:34:10.950,3.366,30000
2020-09-07 09:34:10.950,3.366,30000
2020-09-07 09:34:10.950,3.366,10000
2020-09-07 09:34:11.080,3.365,1200
2020-09-07 09:34:12.200,3.365,31900
2020-09-07 09:34:12.340,3.366,86000
2020-09-07 09:34:12.340,3.366,500
2020-09-07 09:34:12.340,3.366,4000
2020-09-07 09:34:12.340,3.366,500
2020-09-07 09:34:12.340,3.366,8000
2020-09-07 09:34:12.340,3.366,5000
2020-09-07 09:34:12.340,3.366,1000
2020-09-07 09:34:12.340,3.366,5000
2020-09-07 09:34:12.340,3.366,5000
2020-09-07 09:34:13.180,3.366,1800
2020-09-07 09:34:13.760,3.366,2000
2020-09-07 09:34:13.870,3.366,2400
2020-09-07 09:34:13.960,3.367,8500
2020-09-07 09:34:13.960,3.367,10000
2020-09-07 09:34:13.960,3.367,1000
2020-09-07 09:34:13.960,3.367,3000
2020-09-07 09:34:13.960,3.367,3200
2020-09-07 09:34:13.960,3.367,14300
2020-09-07 09:34:14.250,3.366,9000
2020-09-07 09:34:14.760,3.366,10000
2020-09-07 09:34:15.260,3.367,700
2020-09-07 09:34:15.260,3.367,6000
2020-09-07 09:34:15.260,3.367,2000
2020-09-07 09:34:15.260,3.367,8000
2020-09-07 09:34:15.890,3.367,19000
2020-09-07 09:34:16.100,3.367,4300
2020-09-07 09:34:16.100,3.367,16000
2020-09-07 09:34:16.100,3.366,29700
2020-09-07 09:34:16.330,3.368,10000
2020-09-07 09:34:16.330,3.368,1000
2020-09-07 09:34:16.330,3.368,100
2020-09-07 09:34:16.330,3.368,10000
2020-09-07 09:34:16.330,3.368,15100
2020-09-07 09:34:16.510,3.368,1400
2020-09-07 09:34:16.870,3.367,1000
2020-09-07 09:34:16.900,3.367,100
2020-09-07 09:34:16.960,3.368,30000
2020-09-07 09:34:16.960,3.368,10000
2020-09-07 09:34:16.960,3.368,10000
2020-09-07 09:34:16.960,3.368,10000
2020-09-07 09:34:16.960,3.368,10000
2020-09-07 09:34:16.960,3.368,10000
2020-09-07 09:34:17.140,3.367,7500
2020-09-07 09:34:17.600,3.367,900
2020-09-07 09:34:18.360,3.368,3500
2020-09-07 09:34:18.360,3.368,1000
2020-09-07 09:34:18.360,3.368,1000
2020-09-07 09:34:18.360,3.368,1900
2020-09-07 09:34:18.360,3.368,10000
2020-09-07 09:34:18.360,3.368,8000
2020-09-07 09:34:18.360,3.368,4600
2020-09-07 09:34:19.610,3.367,3000
2020-09-07 09:34:19.610,3.368,400
2020-09-07 09:34:19.910,3.369,100
2020-09-07 09:34:19.910,3.369,10000
2020-09-07 09:34:19.910,3.369,4000
2020-09-07 09:34:19.910,3.369,4000
2020-09-07 09:34:19.910,3.369,6000
2020-09-07 09:34:19.910,3.369,1000
2020-09-07 09:34:19.910,3.369,4900
2020-09-07 09:34:19.910,3.369,100
2020-09-07 09:34:19.910,3.369,10000
2020-09-07 09:34:19.910,3.369,1000
2020-09-07 09:34:19.910,3.369,10000
2020-09-07 09:34:19.910,3.369,300
2020-09-07 09:34:19.910,3.369,1500
2020-09-07 09:34:19.910,3.369,4000
2020-09-07 09:34:19.910,3.369,200
2020-09-07 09:34:19.910,3.369,1000
2020-09-07 09:34:19.910,3.369,600
2020-09-07 09:34:19.910,3.369,1300
2020-09-07 09:34:19.910,3.369,1700
2020-09-07 09:34:19.910,3.369,8000
2020-09-07 09:34:19.910,3.369,300
2020-09-07 09:34:21.300,3.368,1000
2020-09-07 09:34:21.890,3.368,3300
2020-09-07 09:34:22.690,3.368,2000
2020-09-07 09:34:23.430,3.369,10800
2020-09-07 09:34:23.430,3.369,3000
2020-09-07 09:34:23.430,3.369,3000
2020-09-07 09:34:23.710,3.368,300
2020-09-07 09:34:23.740,3.369,1000
2020-09-07 09:34:24.430,3.369,1000
2020-09-07 09:34:24.430,3.369,50000
2020-09-07 09:34:24.430,3.369,100000
2020-09-07 09:34:24.430,3.369,29000
2020-09-07 09:34:25.040,3.368,11500
2020-09-07 09:34:25.900,3.368,300
2020-09-07 09:34:26.460,3.368,20000
2020-09-07 09:34:26.700,3.368,3000
2020-09-07 09:34:27.090,3.368,300
2020-09-07 09:34:27.090,3.368,1100
2020-09-07 09:34:27.090,3.368,100000
2020-09-07 09:34:27.530,3.366,5400
2020-09-07 09:34:28.000,3.368,500
2020-09-07 09:34:28.580,3.366,2900
2020-09-07 09:34:30.260,3.367,5000
2020-09-07 09:34:30.260,3.368,8800
2020-09-07 09:34:30.350,3.366,121800
2020-09-07 09:34:30.350,3.366,177700
2020-09-07 09:34:31.230,3.368,500
2020-09-07 09:34:32.540,3.366,26100
2020-09-07 09:34:32.740,3.366,96200
2020-09-07 09:34:32.740,3.365,4900
2020-09-07 09:34:32.740,3.365,198900
2020-09-07 09:34:33.630,3.367,700
2020-09-07 09:34:37.000,3.367,200
2020-09-07 09:34:37.240,3.366,1200
2020-09-07 09:34:37.740,3.366,8800
2020-09-07 09:34:37.740,3.367,1800
2020-09-07 09:34:41.530,3.366,3000
2020-09-07 09:34:41.530,3.366,6100
2020-09-07 09:34:41.530,3.366,500
2020-09-07 09:34:41.530,3.366,5000
2020-09-07 09:34:42.240,3.366,15000
2020-09-07 09:34:43.150,3.366,200
2020-09-07 09:34:44.320,3.365,28800
2020-09-07 09:34:44.600,3.366,127200
2020-09-07 09:34:46.250,3.366,10000
2020-09-07 09:34:46.310,3.365,400
2020-09-07 09:34:46.860,3.366,300
2020-09-07 09:34:47.440,3.365,100
2020-09-07 09:34:47.460,3.366,35400
2020-09-07 09:34:47.900,3.366,2000
2020-09-07 09:34:49.150,3.366,15000
2020-09-07 09:34:51.490,3.366,24900
2020-09-07 09:34:51.490,3.366,7800
2020-09-07 09:34:51.490,3.366,12200
2020-09-07 09:34:52.850,3.366,3000
2020-09-07 09:34:53.470,3.366,1000
2020-09-07 09:34:53.580,3.366,5800
2020-09-07 09:34:53.640,3.366,7300
2020-09-07 09:34:53.710,3.366,200
2020-09-07 09:34:53.870,3.366,20700
2020-09-07 09:34:54.330,3.366,5000
2020-09-07 09:34:54.330,3.366,2000
2020-09-07 09:34:54.550,3.366,3900
2020-09-07 09:34:55.520,3.366,1500
2020-09-07 09:34:55.690,3.366,6600
2020-09-07 09:34:56.340,3.366,10000
2020-09-07 09:34:56.450,3.366,10000
2020-09-07 09:34:56.540,3.366,145200
2020-09-07 09:34:56.540,3.366,11500
2020-09-07 09:34:56.780,3.365,5000
2020-09-07 09:34:57.130,3.366,15000
2020-09-07 09:34:57.340,3.365,28300
2020-09-07 09:34:57.630,3.365,10000
2020-09-07 09:34:58.140,3.365,3000
2020-09-07 09:35:00.980,3.366,200
2020-09-07 09:35:01.480,3.366,19900
2020-09-07 09:35:02.520,3.366,44500
2020-09-07 09:35:02.520,3.366,3000
2020-09-07 09:35:02.520,3.366,6000
2020-09-07 09:35:02.520,3.366,242500
2020-09-07 09:35:03.980,3.366,3000
2020-09-07 09:35:03.980,3.366,3000
2020-09-07 09:35:03.980,3.366,2500
2020-09-07 09:35:03.980,3.366,1900
2020-09-07 09:35:03.980,3.366,7500
2020-09-07 09:35:04.360,3.365,10000
2020-09-07 09:35:04.650,3.366,3400
2020-09-07 09:35:04.650,3.366,500
2020-09-07 09:35:04.650,3.366,26100
2020-09-07 09:35:04.650,3.366,30000
2020-09-07 09:35:04.650,3.366,20000
2020-09-07 09:35:04.880,3.366,223900
2020-09-07 09:35:04.880,3.366,2300
2020-09-07 09:35:04.880,3.366,30000
2020-09-07 09:35:04.940,3.366,50000
2020-09-07 09:35:05.670,3.366,1000
2020-09-07 09:35:06.140,3.366,5000
2020-09-07 09:35:06.250,3.367,1000
2020-09-07 09:35:06.250,3.367,1000
2020-09-07 09:35:06.420,3.366,1700
2020-09-07 09:35:07.050,3.366,5000
2020-09-07 09:35:07.430,3.366,5000
2020-09-07 09:35:08.060,3.366,1000
2020-09-07 09:35:09.070,3.366,2500
2020-09-07 09:35:09.320,3.366,28000
2020-09-07 09:35:09.540,3.366,10000
2020-09-07 09:35:09.690,3.366,5000
2020-09-07 09:35:10.380,3.366,30000
2020-09-07 09:35:10.840,3.366,3500
2020-09-07 09:35:11.420,3.366,500
2020-09-07 09:35:12.370,3.366,10000
2020-09-07 09:35:13.050,3.367,17300
2020-09-07 09:35:13.050,3.367,5000
2020-09-07 09:35:13.050,3.367,5000
2020-09-07 09:35:13.050,3.367,600
2020-09-07 09:35:13.050,3.367,3000
2020-09-07 09:35:13.050,3.367,10000
2020-09-07 09:35:13.050,3.367,100
2020-09-07 09:35:13.050,3.367,5000
2020-09-07 09:35:13.050,3.367,92915
2020-09-07 09:35:13.050,3.367,3200
2020-09-07 09:35:13.050,3.367,9000
2020-09-07 09:35:13.050,3.367,50000
2020-09-07 09:35:13.050,3.367,13285
2020-09-07 09:35:13.660,3.366,1500
2020-09-07 09:35:14.400,3.366,200
2020-09-07 09:35:15.660,3.366,24100
2020-09-07 09:35:18.180,3.366,1800
2020-09-07 09:35:18.750,3.366,800
2020-09-07 09:35:18.750,3.366,3000
2020-09-07 09:35:18.750,3.366,1000
2020-09-07 09:35:18.750,3.366,25200
2020-09-07 09:35:18.980,3.366,3800
2020-09-07 09:35:19.010,3.366,12300
2020-09-07 09:35:19.040,3.367,20000
2020-09-07 09:35:19.270,3.366,7800
2020-09-07 09:35:19.490,3.366,700
2020-09-07 09:35:19.610,3.366,200
2020-09-07 09:35:19.720,3.366,5300
2020-09-07 09:35:20.290,3.366,600
2020-09-07 09:35:20.650,3.365,15500
2020-09-07 09:35:20.650,3.365,1000
2020-09-07 09:35:20.650,3.365,7000
2020-09-07 09:35:20.650,3.365,7100
2020-09-07 09:35:20.650,3.365,6300
2020-09-07 09:35:20.650,3.365,1000
2020-09-07 09:35:23.200,3.365,200
2020-09-07 09:35:23.700,3.365,15000
2020-09-07 09:35:23.760,3.365,300
2020-09-07 09:35:27.550,3.366,5000
2020-09-07 09:35:29.610,3.365,2000
2020-09-07 09:35:31.580,3.365,48000
2020-09-07 09:35:31.580,3.365,2000
2020-09-07 09:35:31.580,3.365,3000
2020-09-07 09:35:32.340,3.365,2000
2020-09-07 09:35:32.400,3.366,100
2020-09-07 09:35:32.720,3.366,51800
2020-09-07 09:35:32.720,3.366,5000
2020-09-07 09:35:32.720,3.366,10000
2020-09-07 09:35:32.720,3.366,2700
2020-09-07 09:35:32.720,3.366,4000
2020-09-07 09:35:32.720,3.366,1600
2020-09-07 09:35:32.720,3.366,9000
2020-09-07 09:35:32.720,3.366,12300
2020-09-07 09:35:32.720,3.366,2000
2020-09-07 09:35:32.720,3.366,3300
2020-09-07 09:35:32.720,3.366,2100
2020-09-07 09:35:32.720,3.366,10000
2020-09-07 09:35:32.720,3.366,3000
2020-09-07 09:35:32.720,3.366,2000
2020-09-07 09:35:32.720,3.366,7500
2020-09-07 09:35:32.720,3.366,100
2020-09-07 09:35:32.720,3.366,5000
2020-09-07 09:35:32.770,3.366,2500
2020-09-07 09:35:33.790,3.366,50000
2020-09-07 09:35:34.170,3.366,81400
2020-09-07 09:35:34.600,3.366,10000
2020-09-07 09:35:35.760,3.366,200
2020-09-07 09:35:35.760,3.366,100
2020-09-07 09:35:35.760,3.365,5700
2020-09-07 09:35:36.130,3.366,2500
2020-09-07 09:35:36.130,3.365,12500
2020-09-07 09:35:36.990,3.365,400
2020-09-07 09:35:37.150,3.365,3000
2020-09-07 09:35:37.590,3.365,30000
2020-09-07 09:35:38.790,3.366,30000
2020-09-07 09:35:38.790,3.366,87700
2020-09-07 09:35:39.200,3.366,1000
2020-09-07 09:35:39.360,3.366,10000
2020-09-07 09:35:39.980,3.366,1000
2020-09-07 09:35:42.030,3.366,700
2020-09-07 09:35:42.570,3.366,5000
2020-09-07 09:35:43.170,3.366,4300
2020-09-07 09:35:43.440,3.366,700
2020-09-07 09:35:43.440,3.366,5000
2020-09-07 09:35:43.660,3.366,14300
2020-09-07 09:35:43.860,3.366,5700
2020-09-07 09:35:45.370,3.366,400
2020-09-07 09:35:46.230,3.366,20000
2020-09-07 09:35:47.480,3.367,600
2020-09-07 09:35:47.620,3.366,3000
2020-09-07 09:35:49.340,3.366,1000
2020-09-07 09:35:49.340,3.366,4400
2020-09-07 09:35:49.960,3.367,700
2020-09-07 09:35:49.960,3.367,10000
2020-09-07 09:35:49.960,3.367,2000
2020-09-07 09:35:49.960,3.367,3300
2020-09-07 09:35:50.460,3.366,400
2020-09-07 09:35:52.010,3.367,600
2020-09-07 09:35:52.010,3.367,3000
2020-09-07 09:35:52.010,3.367,1500
2020-09-07 09:35:52.010,3.367,500
2020-09-07 09:35:52.010,3.367,10000
2020-09-07 09:35:52.010,3.367,4400
2020-09-07 09:35:52.070,3.367,100
2020-09-07 09:35:52.070,3.367,100
2020-09-07 09:35:52.070,3.367,100
2020-09-07 09:35:52.070,3.367,100
2020-09-07 09:35:52.070,3.367,100
2020-09-07 09:35:52.070,3.367,100
2020-09-07 09:35:52.070,3.367,100
2020-09-07 09:35:52.070,3.367,100
2020-09-07 09:35:52.070,3.367,100
2020-09-07 09:35:52.070,3.367,100
2020-09-07 09:35:52.070,3.367,100
2020-09-07 09:35:52.070,3.367,100
2020-09-07 09:35:52.070,3.367,100
2020-09-07 09:35:52.070,3.367,100
2020-09-07 09:35:52.070,3.367,100
2020-09-07 09:35:52.070,3.367,100
2020-09-07 09:35:52.150,3.367,100
2020-09-07 09:35:52.150,3.367,100
2020-09-07 09:35:52.150,3.367,100
2020-09-07 09:35:52.150,3.367,100
2020-09-07 09:35:52.180,3.367,100
2020-09-07 09:35:52.180,3.367,100
2020-09-07 09:35:52.180,3.367,100
2020-09-07 09:35:52.180,3.367,100
2020-09-07 09:35:52.210,3.366,1000
2020-09-07 09:35:52.360,3.367,100
2020-09-07 09:35:52.420,3.367,100
2020-09-07 09:35:52.420,3.367,100
2020-09-07 09:35:52.420,3.367,100
2020-09-07 09:35:52.420,3.367,100
2020-09-07 09:35:52.420,3.367,100
2020-09-07 09:35:52.420,3.367,100
2020-09-07 09:35:52.480,3.367,100
2020-09-07 09:35:52.480,3.367,100
2020-09-07 09:35:52.480,3.367,100
2020-09-07 09:35:52.480,3.367,100
2020-09-07 09:35:52.480,3.367,100
2020-09-07 09:35:52.480,3.367,100
2020-09-07 09:35:52.480,3.367,100
2020-09-07 09:35:52.530,3.367,100
2020-09-07 09:35:52.530,3.367,100
2020-09-07 09:35:52.530,3.367,100
2020-09-07 09:35:52.530,3.367,100
2020-09-07 09:35:52.560,3.367,100
2020-09-07 09:35:52.560,3.367,100
2020-09-07 09:35:52.560,3.367,100
2020-09-07 09:35:52.560,3.367,100
2020-09-07 09:35:52.620,3.367,100
2020-09-07 09:35:52.620,3.367,100
2020-09-07 09:35:52.650,3.367,100
2020-09-07 09:35:52.650,3.367,100
2020-09-07 09:35:52.650,3.367,100
2020-09-07 09:35:52.650,3.367,100
2020-09-07 09:35:52.650,3.367,100
2020-09-07 09:35:52.710,3.367,100
2020-09-07 09:35:52.710,3.367,100
2020-09-07 09:35:52.710,3.367,100
2020-09-07 09:35:52.760,3.367,100
2020-09-07 09:35:52.760,3.367,100
2020-09-07 09:35:52.850,3.367,100
2020-09-07 09:35:52.850,3.367,100
2020-09-07 09:35:52.850,3.367,100
2020-09-07 09:35:52.850,3.367,100
2020-09-07 09:35:52.850,3.367,100
2020-09-07 09:35:52.850,3.367,100
2020-09-07 09:35:52.900,3.367,100
2020-09-07 09:35:52.900,3.367,100
2020-09-07 09:35:52.900,3.367,100
2020-09-07 09:35:52.900,3.367,100
2020-09-07 09:35:52.900,3.367,100
2020-09-07 09:35:52.900,3.367,100
2020-09-07 09:35:52.900,3.367,100
2020-09-07 09:35:53.040,3.367,100
2020-09-07 09:35:53.040,3.367,100
2020-09-07 09:35:53.040,3.367,100
2020-09-07 09:35:53.040,3.367,100
2020-09-07 09:35:53.100,3.367,100
2020-09-07 09:35:53.100,3.367,100
2020-09-07 09:35:53.100,3.367,100
2020-09-07 09:35:53.100,3.367,100
2020-09-07 09:35:53.100,3.367,100
2020-09-07 09:35:53.100,3.367,100
2020-09-07 09:35:53.100,3.367,100
2020-09-07 09:35:53.100,3.367,100
2020-09-07 09:35:53.100,3.367,100
2020-09-07 09:35:53.100,3.367,100
2020-09-07 09:35:53.100,3.367,100
2020-09-07 09:35:53.100,3.367,100
2020-09-07 09:35:53.100,3.367,100
2020-09-07 09:35:53.100,3.367,100
2020-09-07 09:35:53.160,3.367,100
2020-09-07 09:35:53.160,3.367,100
2020-09-07 09:35:53.160,3.367,100
2020-09-07 09:35:53.160,3.367,100
2020-09-07 09:35:53.160,3.367,100
2020-09-07 09:35:53.160,3.367,100
2020-09-07 09:35:53.160,3.367,100
2020-09-07 09:35:53.160,3.367,100
2020-09-07 09:35:53.160,3.367,100
2020-09-07 09:35:53.160,3.367,100
2020-09-07 09:35:53.220,3.367,100
2020-09-07 09:35:53.220,3.367,100
2020-09-07 09:35:53.220,3.367,100
2020-09-07 09:35:53.220,3.367,100
2020-09-07 09:35:53.220,3.367,100
2020-09-07 09:35:53.220,3.367,100
2020-09-07 09:35:53.220,3.367,100
2020-09-07 09:35:53.220,3.367,100
2020-09-07 09:35:53.220,3.367,100
2020-09-07 09:35:53.220,3.367,100
2020-09-07 09:35:53.220,3.367,100
2020-09-07 09:35:53.430,3.367,100
2020-09-07 09:35:53.430,3.367,100
2020-09-07 09:35:53.430,3.367,100
2020-09-07 09:35:53.430,3.367,100
2020-09-07 09:35:53.430,3.367,100
2020-09-07 09:35:53.430,3.367,100
2020-09-07 09:35:53.430,3.367,100
2020-09-07 09:35:53.430,3.367,100
2020-09-07 09:35:53.430,3.367,100
2020-09-07 09:35:53.430,3.367,100
2020-09-07 09:35:53.460,3.367,100
2020-09-07 09:35:53.460,3.367,100
2020-09-07 09:35:53.460,3.367,100
2020-09-07 09:35:53.460,3.367,100
2020-09-07 09:35:53.460,3.367,100
2020-09-07 09:35:53.460,3.367,100
2020-09-07 09:35:53.460,3.367,100
2020-09-07 09:35:53.510,3.367,100
2020-09-07 09:35:53.510,3.367,100
2020-09-07 09:35:53.510,3.367,100
2020-09-07 09:35:53.510,3.367,100
2020-09-07 09:35:53.510,3.367,100
2020-09-07 09:35:53.510,3.367,100
2020-09-07 09:35:53.510,3.367,100
2020-09-07 09:35:53.510,3.367,100
2020-09-07 09:35:53.510,3.367,100
2020-09-07 09:35:53.510,3.367,100
2020-09-07 09:35:53.510,3.367,100
2020-09-07 09:35:53.510,3.367,100
2020-09-07 09:35:53.570,3.367,100
2020-09-07 09:35:53.570,3.367,100
2020-09-07 09:35:53.570,3.367,100
2020-09-07 09:35:53.570,3.367,100
2020-09-07 09:35:53.570,3.367,100
2020-09-07 09:35:53.570,3.367,100
2020-09-07 09:35:53.600,3.367,100
2020-09-07 09:35:53.600,3.367,100
2020-09-07 09:35:53.600,3.367,100
2020-09-07 09:35:53.600,3.367,100
2020-09-07 09:35:53.600,3.367,100
2020-09-07 09:35:53.600,3.367,500
2020-09-07 09:35:54.750,3.367,6100
2020-09-07 09:35:54.980,3.366,5500
2020-09-07 09:35:54.980,3.366,10000
2020-09-07 09:35:54.980,3.366,1300
2020-09-07 09:35:54.980,3.366,45000
2020-09-07 09:35:56.040,3.366,20000
2020-09-07 09:35:56.570,3.366,5000
2020-09-07 09:35:56.860,3.366,4000
2020-09-07 09:36:01.940,3.365,600
2020-09-07 09:36:03.410,3.366,1000
2020-09-07 09:36:05.060,3.365,100000
2020-09-07 09:36:05.060,3.365,5000
2020-09-07 09:36:05.060,3.365,22200
2020-09-07 09:36:06.200,3.365,1400
2020-09-07 09:36:06.200,3.365,18600
2020-09-07 09:36:06.570,3.365,9400
2020-09-07 09:36:06.570,3.365,600
2020-09-07 09:36:06.630,3.366,300
2020-09-07 09:36:07.710,3.365,99400
2020-09-07 09:36:08.600,3.365,3000
2020-09-07 09:36:11.210,3.364,100
2020-09-07 09:36:12.850,3.364,1400
2020-09-07 09:36:12.850,3.364,1500
2020-09-07 09:36:14.580,3.364,1000
2020-09-07 09:36:17.780,3.364,1100
2020-09-07 09:36:17.780,3.364,300
2020-09-07 09:36:17.780,3.364,8600
2020-09-07 09:36:17.780,3.364,1400
2020-09-07 09:36:17.780,3.364,8600
2020-09-07 09:36:17.780,3.364,10200
2020-09-07 09:36:19.920,3.365,251300
2020-09-07 09:36:21.430,3.364,2500
2020-09-07 09:36:23.490,3.364,2100
2020-09-07 09:36:25.340,3.364,15200
2020-09-07 09:36:25.340,3.364,11800
2020-09-07 09:36:25.880,3.364,2000
2020-09-07 09:36:25.910,3.364,700
2020-09-07 09:36:25.940,3.364,7000
2020-09-07 09:36:27.080,3.364,8500
2020-09-07 09:36:27.080,3.364,50000
2020-09-07 09:36:27.080,3.364,31100
2020-09-07 09:36:28.090,3.364,18900
2020-09-07 09:36:28.090,3.364,31100
2020-09-07 09:36:28.810,3.364,300
2020-09-07 09:36:29.040,3.364,18600
2020-09-07 09:36:29.040,3.364,3700
2020-09-07 09:36:29.670,3.364,1000
2020-09-07 09:36:29.960,3.364,7400
2020-09-07 09:36:30.070,3.364,1000
2020-09-07 09:36:31.000,3.364,20000
2020-09-07 09:36:31.330,3.364,12700
2020-09-07 09:36:31.900,3.364,5000
2020-09-07 09:36:33.680,3.365,100
2020-09-07 09:36:34.030,3.364,3000
2020-09-07 09:36:34.970,3.364,2000
2020-09-07 09:36:36.340,3.364,1000
2020-09-07 09:36:36.580,3.364,10000
2020-09-07 09:36:36.640,3.365,10000
2020-09-07 09:36:36.890,3.364,500
2020-09-07 09:36:37.060,3.364,5000
2020-09-07 09:36:37.450,3.364,1000
2020-09-07 09:36:37.480,3.364,2600
2020-09-07 09:36:38.290,3.365,200
2020-09-07 09:36:38.730,3.364,1500
2020-09-07 09:36:39.530,3.364,900
2020-09-07 09:36:39.820,3.364,3000
2020-09-07 09:36:40.230,3.364,5000
2020-09-07 09:36:40.450,3.365,1500
2020-09-07 09:36:42.590,3.364,7500
2020-09-07 09:36:43.580,3.364,3000
2020-09-07 09:36:44.360,3.364,3200
2020-09-07 09:36:44.360,3.364,100
2020-09-07 09:36:44.360,3.364,500
2020-09-07 09:36:44.360,3.364,2800
2020-09-07 09:36:44.550,3.365,500
2020-09-07 09:36:47.690,3.364,100
2020-09-07 09:36:48.370,3.364,5200
2020-09-07 09:36:48.400,3.364,4000
2020-09-07 09:36:48.610,3.364,22600
2020-09-07 09:36:48.610,3.364,4100
2020-09-07 09:36:48.870,3.364,6000
2020-09-07 09:36:48.870,3.364,4300
2020-09-07 09:36:49.120,3.364,50900
2020-09-07 09:36:49.120,3.364,2000
2020-09-07 09:36:49.120,3.364,100
2020-09-07 09:36:49.120,3.364,7000
2020-09-07 09:36:49.120,3.364,34300
2020-09-07 09:36:49.120,3.364,4500
2020-09-07 09:36:49.340,3.364,9600
2020-09-07 09:36:49.610,3.364,41300
2020-09-07 09:36:49.900,3.364,9600
2020-09-07 09:36:51.620,3.364,93100
2020-09-07 09:36:55.380,3.363,3800
2020-09-07 09:36:56.560,3.363,1200
2020-09-07 09:36:56.560,3.363,10000
2020-09-07 09:36:56.560,3.363,5000
2020-09-07 09:36:56.560,3.363,4400
2020-09-07 09:36:56.560,3.363,16100
2020-09-07 09:36:58.830,3.363,600
2020-09-07 09:37:00.290,3.363,2200
2020-09-07 09:37:05.150,3.362,1000
2020-09-07 09:37:05.150,3.362,200
2020-09-07 09:37:05.330,3.362,2700
2020-09-07 09:37:05.330,3.362,2300
2020-09-07 09:37:06.410,3.362,17700
2020-09-07 09:37:06.410,3.362,2300
2020-09-07 09:37:08.130,3.363,2000
2020-09-07 09:37:08.650,3.362,10000
2020-09-07 09:37:10.130,3.362,2500
2020-09-07 09:37:10.130,3.362,7500
2020-09-07 09:37:10.910,3.363,600
2020-09-07 09:37:10.970,3.362,2500
2020-09-07 09:37:10.970,3.362,7500
2020-09-07 09:37:11.090,3.363,82400
2020-09-07 09:37:11.090,3.363,2100
2020-09-07 09:37:11.090,3.363,1000
2020-09-07 09:37:11.090,3.363,3000
2020-09-07 09:37:11.090,3.363,11500
2020-09-07 09:37:11.350,3.362,100
2020-09-07 09:37:16.040,3.363,300
2020-09-07 09:37:17.570,3.363,6500
2020-09-07 09:37:17.570,3.363,2000
2020-09-07 09:37:17.570,3.363,1500
2020-09-07 09:37:17.570,3.363,35500
2020-09-07 09:37:17.690,3.362,1800
2020-09-07 09:37:18.160,3.362,1000
2020-09-07 09:37:18.660,3.362,500
2020-09-07 09:37:20.340,3.362,400
2020-09-07 09:37:21.270,3.363,900
2020-09-07 09:37:21.360,3.363,4400
2020-09-07 09:37:21.500,3.362,2000
2020-09-07 09:37:21.990,3.362,700
2020-09-07 09:37:22.750,3.362,1000
2020-09-07 09:37:23.340,3.362,64400
2020-09-07 09:37:26.630,3.362,13600
2020-09-07 09:37:26.630,3.362,2800
2020-09-07 09:37:26.630,3.362,4400
2020-09-07 09:37:26.630,3.362,30000
2020-09-07 09:37:26.630,3.362,11800
2020-09-07 09:37:26.630,3.362,500
2020-09-07 09:37:26.630,3.361,236900
2020-09-07 09:37:27.470,3.361,63100
2020-09-07 09:37:27.470,3.361,500
2020-09-07 09:37:27.470,3.361,10000
2020-09-07 09:37:27.470,3.361,300
2020-09-07 09:37:27.470,3.361,10000
2020-09-07 09:37:29.820,3.36,500
2020-09-07 09:37:29.820,3.36,100
2020-09-07 09:37:29.820,3.36,1000
2020-09-07 09:37:29.820,3.36,300
2020-09-07 09:37:29.820,3.36,100
2020-09-07 09:37:34.520,3.362,30000
2020-09-07 09:37:36.350,3.362,100
2020-09-07 09:37:36.590,3.361,5400
2020-09-07 09:37:36.880,3.361,5700
2020-09-07 09:37:37.250,3.362,2900
2020-09-07 09:37:39.110,3.361,2000
2020-09-07 09:37:39.590,3.361,100
2020-09-07 09:37:39.730,3.361,200
2020-09-07 09:37:41.600,3.362,7000
2020-09-07 09:37:41.600,3.362,100
2020-09-07 09:37:41.600,3.362,103300
2020-09-07 09:37:41.600,3.362,2000
2020-09-07 09:37:41.600,3.362,4000
2020-09-07 09:37:41.600,3.362,100
2020-09-07 09:37:41.600,3.362,100
2020-09-07 09:37:41.600,3.362,1500
2020-09-07 09:37:41.600,3.362,10000
2020-09-07 09:37:42.620,3.362,1000
2020-09-07 09:37:42.690,3.362,9400
2020-09-07 09:37:43.380,3.362,34600
2020-09-07 09:37:44.170,3.362,10000
2020-09-07 09:37:44.720,3.361,1000
2020-09-07 09:37:44.810,3.363,700
2020-09-07 09:37:44.810,3.363,1000
2020-09-07 09:37:44.810,3.363,300
2020-09-07 09:37:44.810,3.363,5000
2020-09-07 09:37:44.810,3.363,2000
2020-09-07 09:37:44.810,3.363,7600
2020-09-07 09:37:45.490,3.362,200
2020-09-07 09:37:46.220,3.361,100
2020-09-07 09:37:47.090,3.361,500
2020-09-07 09:37:47.090,3.361,300
2020-09-07 09:37:47.560,3.361,10000
2020-09-07 09:37:51.590,3.36,1900
2020-09-07 09:37:51.590,3.36,5000
2020-09-07 09:37:51.590,3.36,1500
2020-09-07 09:37:51.590,3.36,900
2020-09-07 09:37:51.590,3.36,2800
2020-09-07 09:37:51.760,3.36,3900
2020-09-07 09:37:51.870,3.361,4800
2020-09-07 09:37:55.380,3.361,30700
2020-09-07 09:37:56.190,3.361,3000
2020-09-07 09:37:58.730,3.361,8300
2020-09-07 09:38:00.210,3.361,2800
2020-09-07 09:38:00.310,3.361,40400
2020-09-07 09:38:00.310,3.361,10000
2020-09-07 09:38:00.310,3.361,23000
2020-09-07 09:38:00.310,3.361,400
2020-09-07 09:38:00.310,3.361,30000
2020-09-07 09:38:00.310,3.36,3300
2020-09-07 09:38:00.310,3.36,4400
2020-09-07 09:38:00.310,3.36,2000
2020-09-07 09:38:00.310,3.36,300
2020-09-07 09:38:00.310,3.36,11900
2020-09-07 09:38:00.310,3.36,10000
2020-09-07 09:38:00.310,3.36,30000
2020-09-07 09:38:00.310,3.36,40000
2020-09-07 09:38:00.310,3.36,200
2020-09-07 09:38:00.310,3.36,3200
2020-09-07 09:38:00.310,3.36,30000
2020-09-07 09:38:00.310,3.36,23500
2020-09-07 09:38:02.690,3.362,100
2020-09-07 09:38:03.400,3.362,600
2020-09-07 09:38:03.620,3.362,400
2020-09-07 09:38:04.650,3.362,30000
2020-09-07 09:38:04.650,3.362,30000
2020-09-07 09:38:04.650,3.362,20000
2020-09-07 09:38:04.650,3.362,30000
2020-09-07 09:38:04.650,3.362,30000
2020-09-07 09:38:04.650,3.362,30000
2020-09-07 09:38:04.650,3.362,30000
2020-09-07 09:38:04.790,3.361,2000
2020-09-07 09:38:04.870,3.362,260100
2020-09-07 09:38:04.930,3.361,1000
2020-09-07 09:38:05.080,3.362,38800
2020-09-07 09:38:05.310,3.362,400
2020-09-07 09:38:06.550,3.363,2400
2020-09-07 09:38:06.550,3.363,500
2020-09-07 09:38:06.550,3.363,5000
2020-09-07 09:38:06.550,3.363,2100
2020-09-07 09:38:07.700,3.363,10000
2020-09-07 09:38:11.480,3.362,46900
2020-09-07 09:38:11.600,3.362,1000
2020-09-07 09:38:12.110,3.364,30000
2020-09-07 09:38:12.110,3.364,30000
2020-09-07 09:38:12.110,3.364,10000
2020-09-07 09:38:12.110,3.364,30000
2020-09-07 09:38:13.090,3.363,600
2020-09-07 09:38:15.140,3.364,30000
2020-09-07 09:38:15.140,3.364,50000
2020-09-07 09:38:15.140,3.364,17300
2020-09-07 09:38:15.140,3.364,800
2020-09-07 09:38:15.140,3.364,500
2020-09-07 09:38:15.140,3.364,11400
2020-09-07 09:38:15.140,3.364,7600
2020-09-07 09:38:15.140,3.364,4400
2020-09-07 09:38:15.140,3.364,8000
2020-09-07 09:38:15.140,3.364,7000
2020-09-07 09:38:15.140,3.364,100
2020-09-07 09:38:15.140,3.364,22900
2020-09-07 09:38:15.750,3.363,10000
2020-09-07 09:38:16.070,3.364,54600
2020-09-07 09:38:16.070,3.364,1000
2020-09-07 09:38:16.070,3.364,10000
2020-09-07 09:38:16.070,3.364,1700
2020-09-07 09:38:16.070,3.364,7500
2020-09-07 09:38:16.070,3.364,5000
2020-09-07 09:38:16.070,3.364,10000
2020-09-07 09:38:16.070,3.364,100
2020-09-07 09:38:16.070,3.364,5700
2020-09-07 09:38:16.070,3.364,4800
2020-09-07 09:38:16.070,3.364,1500
2020-09-07 09:38:16.070,3.364,200
2020-09-07 09:38:16.540,3.364,1100
2020-09-07 09:38:17.560,3.364,100
2020-09-07 09:38:17.760,3.365,2100
2020-09-07 09:38:17.760,3.365,30000
2020-09-07 09:38:20.490,3.365,50000
2020-09-07 09:38:20.490,3.365,30000
2020-09-07 09:38:20.490,3.365,30000
2020-09-07 09:38:20.490,3.365,30000
2020-09-07 09:38:20.490,3.365,10000
2020-09-07 09:38:20.490,3.365,30000
2020-09-07 09:38:20.490,3.365,30000
2020-09-07 09:38:20.490,3.365,37000
2020-09-07 09:38:20.490,3.365,3000
2020-09-07 09:38:20.490,3.365,1000
2020-09-07 09:38:20.490,3.365,9000
2020-09-07 09:38:20.490,3.365,41000
2020-09-07 09:38:20.490,3.365,9000
2020-09-07 09:38:20.950,3.365,90000
2020-09-07 09:38:21.090,3.364,100
2020-09-07 09:38:21.790,3.364,3000
2020-09-07 09:38:23.440,3.365,30000
2020-09-07 09:38:23.440,3.365,12100
2020-09-07 09:38:23.440,3.365,200
2020-09-07 09:38:23.440,3.365,10000
2020-09-07 09:38:23.440,3.365,100
2020-09-07 09:38:23.440,3.365,5000
2020-09-07 09:38:23.440,3.365,2600
2020-09-07 09:38:23.440,3.365,10000
2020-09-07 09:38:23.440,3.365,10000
2020-09-07 09:38:24.600,3.365,88400
2020-09-07 09:38:24.600,3.365,50000
2020-09-07 09:38:24.600,3.365,20000
2020-09-07 09:38:25.210,3.365,71400
2020-09-07 09:38:25.210,3.365,12600
2020-09-07 09:38:25.210,3.365,300
2020-09-07 09:38:25.210,3.365,7500
2020-09-07 09:38:25.210,3.365,1000
2020-09-07 09:38:25.210,3.365,1000
2020-09-07 09:38:25.210,3.365,5000
2020-09-07 09:38:25.210,3.365,4000
2020-09-07 09:38:25.210,3.365,1000
2020-09-07 09:38:25.210,3.365,10000
2020-09-07 09:38:25.210,3.365,100
2020-09-07 09:38:25.210,3.365,10000
2020-09-07 09:38:25.210,3.365,600
2020-09-07 09:38:25.210,3.365,10000
2020-09-07 09:38:25.210,3.365,5000
2020-09-07 09:38:25.210,3.365,2000
2020-09-07 09:38:25.210,3.365,5000
2020-09-07 09:38:25.210,3.365,1000
2020-09-07 09:38:25.210,3.365,100
2020-09-07 09:38:26.550,3.366,30000
2020-09-07 09:38:26.670,3.366,7200
2020-09-07 09:38:26.750,3.365,700
2020-09-07 09:38:27.650,3.365,1500
2020-09-07 09:38:29.630,3.366,12100
2020-09-07 09:38:29.630,3.366,300
2020-09-07 09:38:29.630,3.366,100
2020-09-07 09:38:29.630,3.366,1200
2020-09-07 09:38:29.630,3.366,100
2020-09-07 09:38:29.630,3.366,3000
2020-09-07 09:38:29.630,3.366,100
2020-09-07 09:38:29.630,3.366,4500
2020-09-07 09:38:29.630,3.366,5000
2020-09-07 09:38:29.630,3.366,3600
2020-09-07 09:38:31.230,3.365,200
2020-09-07 09:38:31.810,3.366,1400
2020-09-07 09:38:31.980,3.365,400
2020-09-07 09:38:32.790,3.366,1600
2020-09-07 09:38:32.790,3.366,1400
2020-09-07 09:38:33.730,3.366,8600
2020-09-07 09:38:33.730,3.366,500
2020-09-07 09:38:33.730,3.366,500
2020-09-07 09:38:33.730,3.366,400
2020-09-07 09:38:33.910,3.365,8600
2020-09-07 09:38:36.130,3.365,6000
2020-09-07 09:38:36.640,3.365,10000
2020-09-07 09:38:36.850,3.366,200
2020-09-07 09:38:36.960,3.365,1000
2020-09-07 09:38:39.260,3.366,100
2020-09-07 09:38:41.690,3.365,100
2020-09-07 09:38:42.290,3.365,2500
2020-09-07 09:38:42.480,3.365,1000
2020-09-07 09:38:43.610,3.365,400
2020-09-07 09:38:43.880,3.366,2100
2020-09-07 09:38:43.880,3.366,100
2020-09-07 09:38:43.880,3.366,3000
2020-09-07 09:38:43.880,3.366,4800
2020-09-07 09:38:44.120,3.366,2000
2020-09-07 09:38:45.040,3.365,3000
2020-09-07 09:38:46.040,3.366,7300
2020-09-07 09:38:46.040,3.366,2700
2020-09-07 09:38:46.340,3.366,1000
2020-09-07 09:38:47.640,3.365,3500
2020-09-07 09:38:49.290,3.366,1300
2020-09-07 09:38:49.290,3.366,2300
2020-09-07 09:38:52.760,3.365,3200
2020-09-07 09:38:52.880,3.365,700
2020-09-07 09:38:53.670,3.366,3500
2020-09-07 09:38:54.850,3.366,4200
2020-09-07 09:38:54.850,3.366,3800
2020-09-07 09:38:54.850,3.366,2000
2020-09-07 09:38:56.400,3.365,20000
2020-09-07 09:38:58.770,3.366,18000
2020-09-07 09:38:58.770,3.366,300
2020-09-07 09:38:58.770,3.366,500
2020-09-07 09:38:58.800,3.367,1000
2020-09-07 09:38:58.890,3.366,5000
2020-09-07 09:38:59.670,3.367,31300
2020-09-07 09:39:01.720,3.366,200
2020-09-07 09:39:02.090,3.366,400
2020-09-07 09:39:03.400,3.366,5600
2020-09-07 09:39:03.400,3.366,200
2020-09-07 09:39:04.090,3.365,10000
2020-09-07 09:39:04.700,3.366,5000
2020-09-07 09:39:05.070,3.366,9200
2020-09-07 09:39:05.190,3.366,600
2020-09-07 09:39:05.190,3.365,2000
2020-09-07 09:39:05.680,3.366,6300
2020-09-07 09:39:06.130,3.366,6300
2020-09-07 09:39:08.020,3.366,87800
2020-09-07 09:39:08.130,3.366,30000
2020-09-07 09:39:09.140,3.366,10000
2020-09-07 09:39:09.200,3.366,100000
2020-09-07 09:39:09.400,3.366,59200
2020-09-07 09:39:09.430,3.365,47600
2020-09-07 09:39:09.430,3.365,200
2020-09-07 09:39:09.430,3.365,5000
2020-09-07 09:39:09.430,3.365,35700
2020-09-07 09:39:09.650,3.366,13000
2020-09-07 09:39:09.650,3.366,10000
2020-09-07 09:39:09.770,3.366,4900
2020-09-07 09:39:10.280,3.367,8600
2020-09-07 09:39:10.280,3.367,500
2020-09-07 09:39:10.280,3.367,50000
2020-09-07 09:39:10.280,3.367,6000
2020-09-07 09:39:10.280,3.367,10000
2020-09-07 09:39:10.280,3.367,10100
2020-09-07 09:39:10.280,3.367,100
2020-09-07 09:39:10.280,3.367,5000
2020-09-07 09:39:10.280,3.367,25700
2020-09-07 09:39:11.160,3.366,800
2020-09-07 09:39:12.130,3.367,24300
2020-09-07 09:39:12.130,3.367,100
2020-09-07 09:39:12.130,3.367,1000
2020-09-07 09:39:12.130,3.367,200
2020-09-07 09:39:12.130,3.367,1000
2020-09-07 09:39:12.130,3.367,10000
2020-09-07 09:39:12.130,3.367,10000
2020-09-07 09:39:12.130,3.367,1000
2020-09-07 09:39:12.130,3.367,3000
2020-09-07 09:39:12.130,3.367,100
2020-09-07 09:39:12.130,3.367,29300
2020-09-07 09:39:12.130,3.367,10000
2020-09-07 09:39:12.130,3.367,7000
2020-09-07 09:39:12.130,3.367,1000
2020-09-07 09:39:12.130,3.367,30000
2020-09-07 09:39:12.130,3.367,100
2020-09-07 09:39:12.640,3.367,80000
2020-09-07 09:39:14.510,3.367,20000
2020-09-07 09:39:16.830,3.367,3000
2020-09-07 09:39:16.970,3.367,4000
2020-09-07 09:39:19.140,3.367,500
2020-09-07 09:39:21.020,3.368,2900
2020-09-07 09:39:21.020,3.368,300
2020-09-07 09:39:21.020,3.368,10000
2020-09-07 09:39:21.020,3.368,3000
2020-09-07 09:39:21.020,3.368,5500
2020-09-07 09:39:22.310,3.367,12500
2020-09-07 09:39:24.210,3.367,4200
2020-09-07 09:39:24.670,3.367,47700
2020-09-07 09:39:24.670,3.367,3000
2020-09-07 09:39:24.670,3.367,900
2020-09-07 09:39:24.670,3.366,20000
2020-09-07 09:39:24.670,3.366,23800
2020-09-07 09:39:24.670,3.366,2000
2020-09-07 09:39:24.670,3.366,100000
2020-09-07 09:39:24.670,3.366,2000
2020-09-07 09:39:24.670,3.365,4700
2020-09-07 09:39:24.670,3.365,1000
2020-09-07 09:39:24.670,3.365,7000
2020-09-07 09:39:24.670,3.365,1300
2020-09-07 09:39:24.670,3.365,42500
2020-09-07 09:39:25.640,3.365,141400
2020-09-07 09:39:25.920,3.366,600
2020-09-07 09:39:27.800,3.366,2000
2020-09-07 09:39:28.240,3.366,900
2020-09-07 09:39:31.130,3.366,10000
2020-09-07 09:39:31.980,3.366,6500
2020-09-07 09:39:31.980,3.366,3500
2020-09-07 09:39:32.370,3.366,2500
2020-09-07 09:39:33.220,3.367,200
2020-09-07 09:39:34.100,3.366,500
2020-09-07 09:39:34.100,3.366,2300
2020-09-07 09:39:34.710,3.367,1400
2020-09-07 09:39:34.710,3.367,100
2020-09-07 09:39:34.710,3.367,5000
2020-09-07 09:39:34.710,3.367,1000
2020-09-07 09:39:34.770,3.367,109900
2020-09-07 09:39:35.240,3.367,3000
2020-09-07 09:39:37.750,3.368,14500
2020-09-07 09:39:37.750,3.368,10000
2020-09-07 09:39:37.750,3.368,1000
2020-09-07 09:39:37.750,3.368,10000
2020-09-07 09:39:37.750,3.368,2800
2020-09-07 09:39:37.750,3.368,11700
2020-09-07 09:39:37.750,3.368,17600
2020-09-07 09:39:37.750,3.368,32400
2020-09-07 09:39:37.750,3.368,17600
2020-09-07 09:39:37.750,3.368,600
2020-09-07 09:39:37.750,3.368,3000
2020-09-07 09:39:37.750,3.368,4800
2020-09-07 09:39:37.750,3.368,3500
2020-09-07 09:39:37.750,3.368,100
2020-09-07 09:39:37.750,3.368,400
2020-09-07 09:39:37.750,3.368,400
2020-09-07 09:39:37.750,3.368,5000
2020-09-07 09:39:37.750,3.368,100
2020-09-07 09:39:37.750,3.368,10000
2020-09-07 09:39:37.750,3.368,34500
2020-09-07 09:39:37.750,3.368,40000
2020-09-07 09:39:37.750,3.368,10000
2020-09-07 09:39:37.750,3.368,30000
2020-09-07 09:39:37.750,3.368,30000
2020-09-07 09:39:37.750,3.368,30000
2020-09-07 09:39:38.420,3.368,6000
2020-09-07 09:39:38.600,3.368,19500
2020-09-07 09:39:38.600,3.368,11600
2020-09-07 09:39:38.600,3.368,13000
2020-09-07 09:39:38.600,3.368,9000
2020-09-07 09:39:38.600,3.368,2000
2020-09-07 09:39:38.600,3.368,1000
2020-09-07 09:39:38.600,3.368,6000
2020-09-07 09:39:38.600,3.368,15600
2020-09-07 09:39:38.600,3.368,22500
2020-09-07 09:39:39.260,3.368,108000
2020-09-07 09:39:39.690,3.368,5000
2020-09-07 09:39:40.530,3.369,71000
2020-09-07 09:39:40.530,3.369,3000
2020-09-07 09:39:40.530,3.369,170900
2020-09-07 09:39:40.530,3.369,50000
2020-09-07 09:39:40.530,3.369,5000
2020-09-07 09:39:40.530,3.369,100
2020-09-07 09:39:40.610,3.369,14900
2020-09-07 09:39:40.610,3.369,2000
2020-09-07 09:39:40.610,3.369,11500
2020-09-07 09:39:40.610,3.369,2500
2020-09-07 09:39:40.610,3.369,16000
2020-09-07 09:39:40.610,3.369,12500
2020-09-07 09:39:40.610,3.369,50000
2020-09-07 09:39:40.610,3.369,190600
2020-09-07 09:39:40.750,3.369,54100
2020-09-07 09:39:40.890,3.369,3300
2020-09-07 09:39:40.890,3.369,600
2020-09-07 09:39:40.890,3.369,42300
2020-09-07 09:39:41.260,3.368,500
2020-09-07 09:39:42.550,3.369,209100
2020-09-07 09:39:42.550,3.369,5000
2020-09-07 09:39:42.550,3.369,1000
2020-09-07 09:39:42.550,3.369,300
2020-09-07 09:39:42.550,3.369,10000
2020-09-07 09:39:42.550,3.369,3000
2020-09-07 09:39:42.550,3.369,800
2020-09-07 09:39:42.550,3.369,10000
2020-09-07 09:39:42.550,3.369,5000
2020-09-07 09:39:42.550,3.369,5000
2020-09-07 09:39:42.550,3.369,10000
2020-09-07 09:39:42.550,3.369,1300
2020-09-07 09:39:42.550,3.369,5900
2020-09-07 09:39:42.550,3.369,100
2020-09-07 09:39:42.550,3.369,200
2020-09-07 09:39:42.760,3.369,2000
2020-09-07 09:39:43.570,3.369,31300
2020-09-07 09:39:43.570,3.368,64800
2020-09-07 09:39:43.570,3.368,67700
2020-09-07 09:39:47.630,3.37,5000
2020-09-07 09:39:47.630,3.37,100
2020-09-07 09:39:47.630,3.37,100
2020-09-07 09:39:47.630,3.37,2000
2020-09-07 09:39:47.630,3.37,10000
2020-09-07 09:39:47.630,3.37,1000
2020-09-07 09:39:47.630,3.37,2900
2020-09-07 09:39:47.630,3.37,100
2020-09-07 09:39:47.630,3.37,8800
2020-09-07 09:39:48.400,3.369,300
2020-09-07 09:39:48.430,3.369,5000
2020-09-07 09:39:50.160,3.369,3000
2020-09-07 09:39:51.720,3.369,8400
2020-09-07 09:39:51.830,3.369,3300
2020-09-07 09:39:53.380,3.368,5000
2020-09-07 09:39:54.280,3.368,5700
2020-09-07 09:39:56.090,3.369,1100
2020-09-07 09:39:56.210,3.369,200
2020-09-07 09:39:57.460,3.369,5400
2020-09-07 09:39:57.460,3.369,600
2020-09-07 09:39:57.490,3.369,600
2020-09-07 09:39:57.800,3.369,8800
2020-09-07 09:39:57.800,3.369,1000
2020-09-07 09:39:57.800,3.369,10200
2020-09-07 09:39:58.360,3.369,3000
2020-09-07 09:39:59.150,3.369,600
2020-09-07 09:39:59.150,3.369,15600
2020-09-07 09:40:01.380,3.369,1800
2020-09-07 09:40:01.640,3.369,30000
2020-09-07 09:40:02.370,3.369,9500
2020-09-07 09:40:02.580,3.369,4000
2020-09-07 09:40:04.580,3.37,6200
2020-09-07 09:40:04.580,3.37,1000
2020-09-07 09:40:04.580,3.37,5000
2020-09-07 09:40:04.580,3.37,100
2020-09-07 09:40:04.580,3.37,5000
2020-09-07 09:40:04.580,3.37,10000
2020-09-07 09:40:04.580,3.37,1000
2020-09-07 09:40:04.580,3.37,1100
2020-09-07 09:40:04.580,3.37,15000
2020-09-07 09:40:04.580,3.37,2500
2020-09-07 09:40:04.580,3.37,3100
2020-09-07 09:40:04.940,3.37,1100
2020-09-07 09:40:05.170,3.37,6000
2020-09-07 09:40:05.530,3.369,1200
2020-09-07 09:40:06.250,3.369,4500
2020-09-07 09:40:08.230,3.369,34100
2020-09-07 09:40:08.230,3.369,4000
2020-09-07 09:40:08.230,3.369,800
2020-09-07 09:40:08.230,3.369,21100
2020-09-07 09:40:08.490,3.369,800
2020-09-07 09:40:09.110,3.369,1500
2020-09-07 09:40:10.500,3.369,2000
2020-09-07 09:40:11.460,3.37,900
2020-09-07 09:40:12.310,3.37,38900
2020-09-07 09:40:12.310,3.37,200
2020-09-07 09:40:12.310,3.37,20000
2020-09-07 09:40:12.310,3.37,8000
2020-09-07 09:40:12.310,3.37,100
2020-09-07 09:40:12.310,3.37,3000
2020-09-07 09:40:12.310,3.37,1000
2020-09-07 09:40:12.310,3.37,11900
2020-09-07 09:40:12.310,3.37,16900
2020-09-07 09:40:12.530,3.37,13100
2020-09-07 09:40:12.530,3.37,1500
2020-09-07 09:40:12.530,3.37,15400
2020-09-07 09:40:13.590,3.369,1500
2020-09-07 09:40:14.150,3.37,700
2020-09-07 09:40:14.180,3.37,23900
2020-09-07 09:40:14.180,3.37,5000
2020-09-07 09:40:14.180,3.37,600
2020-09-07 09:40:14.180,3.37,500
2020-09-07 09:40:17.550,3.37,600
2020-09-07 09:40:18.180,3.369,1000
2020-09-07 09:40:20.430,3.369,700
2020-09-07 09:40:20.600,3.368,10000
2020-09-07 09:40:20.830,3.369,5000
2020-09-07 09:40:21.680,3.369,29600
2020-09-07 09:40:21.680,3.369,5000
2020-09-07 09:40:21.680,3.37,10400
2020-09-07 09:40:22.550,3.37,1000
2020-09-07 09:40:25.660,3.369,500
2020-09-07 09:40:28.060,3.369,10000
2020-09-07 09:40:28.190,3.37,20000
2020-09-07 09:40:28.460,3.37,600
2020-09-07 09:40:31.430,3.369,8700
2020-09-07 09:40:33.490,3.369,1000
2020-09-07 09:40:33.490,3.369,3000
2020-09-07 09:40:33.520,3.369,3000
2020-09-07 09:40:33.600,3.369,10000
2020-09-07 09:40:34.060,3.369,3000
2020-09-07 09:40:34.670,3.369,50000
2020-09-07 09:40:34.980,3.369,800
2020-09-07 09:40:34.980,3.369,100
2020-09-07 09:40:35.970,3.368,27900
2020-09-07 09:40:36.540,3.369,400
2020-09-07 09:40:37.900,3.369,3000
2020-09-07 09:40:38.510,3.369,3100
2020-09-07 09:40:38.560,3.369,7000
2020-09-07 09:40:38.940,3.37,10000
2020-09-07 09:40:39.270,3.369,200000
2020-09-07 09:40:39.900,3.37,6900
2020-09-07 09:40:39.900,3.37,2000
2020-09-07 09:40:39.900,3.37,5000
2020-09-07 09:40:39.900,3.37,20000
2020-09-07 09:40:39.900,3.37,8000
2020-09-07 09:40:39.900,3.37,2000
2020-09-07 09:40:39.900,3.37,500
2020-09-07 09:40:39.900,3.37,1000
2020-09-07 09:40:39.900,3.37,68500
2020-09-07 09:40:39.900,3.37,100
2020-09-07 09:40:39.900,3.37,1000
2020-09-07 09:40:39.900,3.37,1000
2020-09-07 09:40:39.900,3.37,184000
2020-09-07 09:40:39.980,3.37,116000
2020-09-07 09:40:39.980,3.37,3000
2020-09-07 09:40:39.980,3.37,1000
2020-09-07 09:40:39.980,3.37,6000
2020-09-07 09:40:39.980,3.37,1000
2020-09-07 09:40:39.980,3.37,1000
2020-09-07 09:40:39.980,3.37,4000
2020-09-07 09:40:39.980,3.37,400
2020-09-07 09:40:39.980,3.37,30000
2020-09-07 09:40:39.980,3.37,17600
2020-09-07 09:40:40.850,3.37,100
2020-09-07 09:40:41.080,3.37,170000
2020-09-07 09:40:41.280,3.37,112300
2020-09-07 09:40:41.280,3.37,14100
2020-09-07 09:40:41.280,3.37,100
2020-09-07 09:40:41.280,3.37,5000
2020-09-07 09:40:41.280,3.37,27500
2020-09-07 09:40:41.280,3.37,2000
2020-09-07 09:40:41.280,3.37,7800
2020-09-07 09:40:41.280,3.37,5000
2020-09-07 09:40:41.280,3.37,16200
2020-09-07 09:40:41.950,3.37,1000
2020-09-07 09:40:42.680,3.37,10300
2020-09-07 09:40:42.680,3.37,30100
2020-09-07 09:40:42.680,3.37,100
2020-09-07 09:40:42.680,3.37,20600
2020-09-07 09:40:42.680,3.37,5000
2020-09-07 09:40:42.680,3.37,2000
2020-09-07 09:40:42.680,3.37,5000
2020-09-07 09:40:42.680,3.37,20000
2020-09-07 09:40:42.680,3.37,1000
2020-09-07 09:40:42.680,3.37,50800
2020-09-07 09:40:42.680,3.37,47500
2020-09-07 09:40:42.680,3.37,4000
2020-09-07 09:40:42.680,3.37,2100
2020-09-07 09:40:42.680,3.37,300
2020-09-07 09:40:42.680,3.37,101200
2020-09-07 09:40:43.200,3.37,40000
2020-09-07 09:40:43.200,3.37,4800
2020-09-07 09:40:43.200,3.37,10000
2020-09-07 09:40:43.200,3.37,1000
2020-09-07 09:40:43.360,3.37,100000
2020-09-07 09:40:44.980,3.37,10000
2020-09-07 09:40:45.180,3.37,20000
2020-09-07 09:40:45.670,3.371,100
2020-09-07 09:40:45.670,3.371,600
2020-09-07 09:40:45.670,3.371,500
2020-09-07 09:40:45.670,3.371,1000
2020-09-07 09:40:45.670,3.371,9900
2020-09-07 09:40:45.670,3.371,5000
2020-09-07 09:40:45.670,3.371,2900
2020-09-07 09:40:48.080,3.37,3000
2020-09-07 09:40:48.140,3.37,60000
2020-09-07 09:40:49.290,3.37,200
2020-09-07 09:40:49.940,3.37,19800
2020-09-07 09:40:49.940,3.369,86900
2020-09-07 09:40:49.940,3.369,93300
2020-09-07 09:40:51.840,3.37,200
2020-09-07 09:40:52.240,3.371,5100
2020-09-07 09:40:52.240,3.371,12000
2020-09-07 09:40:52.240,3.371,7100
2020-09-07 09:40:52.240,3.371,5000
2020-09-07 09:40:52.240,3.371,5000
2020-09-07 09:40:52.240,3.371,5600
2020-09-07 09:40:52.240,3.371,5000
2020-09-07 09:40:52.240,3.371,100
2020-09-07 09:40:52.240,3.371,3100
2020-09-07 09:40:52.240,3.371,100
2020-09-07 09:40:52.240,3.371,6000
2020-09-07 09:40:52.240,3.371,200
2020-09-07 09:40:53.070,3.371,2000
2020-09-07 09:40:53.290,3.371,193700
2020-09-07 09:40:53.550,3.37,1300
2020-09-07 09:40:55.590,3.371,40400
2020-09-07 09:40:56.240,3.371,5000
2020-09-07 09:40:56.850,3.37,1500
2020-09-07 09:40:58.250,3.371,200
2020-09-07 09:40:58.500,3.37,2000
2020-09-07 09:40:59.260,3.37,3000
2020-09-07 09:41:00.810,3.37,3000
2020-09-07 09:41:03.360,3.37,20000
2020-09-07 09:41:03.390,3.371,3000
2020-09-07 09:41:03.880,3.371,400
2020-09-07 09:41:04.190,3.371,30000
2020-09-07 09:41:04.190,3.371,10000
2020-09-07 09:41:04.190,3.371,10000
2020-09-07 09:41:04.190,3.371,7300
2020-09-07 09:41:04.190,3.371,2700
2020-09-07 09:41:04.830,3.371,300
2020-09-07 09:41:04.830,3.371,4900
2020-09-07 09:41:04.830,3.371,10000
2020-09-07 09:41:04.830,3.371,1000
2020-09-07 09:41:04.830,3.371,5000
2020-09-07 09:41:04.830,3.371,28800
2020-09-07 09:41:04.890,3.371,1200
2020-09-07 09:41:04.890,3.371,5000
2020-09-07 09:41:04.890,3.371,50000
2020-09-07 09:41:04.890,3.371,300
2020-09-07 09:41:05.640,3.371,3000
2020-09-07 09:41:05.660,3.371,5000
2020-09-07 09:41:05.800,3.371,2000
2020-09-07 09:41:06.110,3.372,100
2020-09-07 09:41:06.110,3.372,5800
2020-09-07 09:41:06.110,3.372,1500
2020-09-07 09:41:06.110,3.372,1000
2020-09-07 09:41:06.110,3.372,10000
2020-09-07 09:41:06.110,3.372,1000
2020-09-07 09:41:06.110,3.372,1500
2020-09-07 09:41:06.110,3.372,15000
2020-09-07 09:41:06.110,3.372,15100
2020-09-07 09:41:06.110,3.372,200
2020-09-07 09:41:06.110,3.372,5000
2020-09-07 09:41:06.110,3.372,8000
2020-09-07 09:41:06.110,3.372,10000
2020-09-07 09:41:06.110,3.372,5000
2020-09-07 09:41:06.110,3.372,5000
2020-09-07 09:41:06.110,3.372,10000
2020-09-07 09:41:06.110,3.372,100
2020-09-07 09:41:06.110,3.372,5000
2020-09-07 09:41:06.110,3.372,8000
2020-09-07 09:41:06.110,3.372,20000
2020-09-07 09:41:06.110,3.372,5000
2020-09-07 09:41:06.110,3.372,1000
2020-09-07 09:41:06.110,3.372,3000
2020-09-07 09:41:06.110,3.372,1000
2020-09-07 09:41:06.110,3.372,4500
2020-09-07 09:41:06.110,3.372,100
2020-09-07 09:41:06.110,3.372,2000
2020-09-07 09:41:06.110,3.372,2500
2020-09-07 09:41:07.090,3.372,10000
2020-09-07 09:41:07.590,3.372,13300
2020-09-07 09:41:08.210,3.373,100
2020-09-07 09:41:08.210,3.373,100
2020-09-07 09:41:08.210,3.373,3000
2020-09-07 09:41:08.210,3.373,1000
2020-09-07 09:41:08.210,3.373,20000
2020-09-07 09:41:08.210,3.373,1000
2020-09-07 09:41:08.210,3.373,3200
2020-09-07 09:41:08.210,3.373,3100
2020-09-07 09:41:08.210,3.373,3100
2020-09-07 09:41:08.210,3.373,3100
2020-09-07 09:41:08.210,3.373,5000
2020-09-07 09:41:08.210,3.373,9000
2020-09-07 09:41:08.210,3.373,1000
2020-09-07 09:41:08.210,3.373,14000
2020-09-07 09:41:08.210,3.373,1500
2020-09-07 09:41:08.210,3.373,3400
2020-09-07 09:41:08.210,3.373,8000
2020-09-07 09:41:08.210,3.373,400
2020-09-07 09:41:09.350,3.373,49600
2020-09-07 09:41:09.350,3.373,100000
2020-09-07 09:41:09.350,3.373,2000
2020-09-07 09:41:09.350,3.373,5000
2020-09-07 09:41:09.350,3.373,500
2020-09-07 09:41:09.350,3.373,5000
2020-09-07 09:41:09.350,3.373,1500
2020-09-07 09:41:09.350,3.373,93000
2020-09-07 09:41:09.350,3.373,100
2020-09-07 09:41:09.350,3.373,100
2020-09-07 09:41:10.180,3.373,5000
2020-09-07 09:41:10.440,3.373,10000
2020-09-07 09:41:10.600,3.373,500
2020-09-07 09:41:12.740,3.373,400
2020-09-07 09:41:15.150,3.373,200
2020-09-07 09:41:15.280,3.373,3000
2020-09-07 09:41:15.310,3.373,2800
2020-09-07 09:41:15.410,3.373,1700
2020-09-07 09:41:15.710,3.373,1100
2020-09-07 09:41:16.150,3.373,1000
2020-09-07 09:41:16.150,3.373,3600
2020-09-07 09:41:16.540,3.373,100
2020-09-07 09:41:17.480,3.373,13800
2020-09-07 09:41:17.570,3.371,50000
2020-09-07 09:41:20.530,3.372,5000
2020-09-07 09:41:20.530,3.373,4300
2020-09-07 09:41:20.830,3.373,3000
2020-09-07 09:41:21.710,3.373,1000
2020-09-07 09:41:28.160,3.372,2200
2020-09-07 09:41:28.160,3.372,800
2020-09-07 09:41:28.160,3.372,100
2020-09-07 09:41:28.520,3.372,13200
2020-09-07 09:41:28.520,3.372,10000
2020-09-07 09:41:28.980,3.372,11200
2020-09-07 09:41:28.980,3.371,58800
2020-09-07 09:41:30.450,3.371,1000
2020-09-07 09:41:31.220,3.371,2700
2020-09-07 09:41:32.320,3.371,500
2020-09-07 09:41:33.440,3.372,400
2020-09-07 09:41:35.090,3.371,10600
2020-09-07 09:41:36.000,3.371,19400
2020-09-07 09:41:36.000,3.371,600
2020-09-07 09:41:36.350,3.371,100
2020-09-07 09:41:36.350,3.371,500
2020-09-07 09:41:36.350,3.371,2100
2020-09-07 09:41:36.880,3.371,4600
2020-09-07 09:41:41.800,3.371,2700
2020-09-07 09:41:41.800,3.371,1300
2020-09-07 09:41:42.290,3.371,5000
2020-09-07 09:41:42.370,3.371,1200
2020-09-07 09:41:42.370,3.371,3800
2020-09-07 09:41:43.550,3.371,1200
2020-09-07 09:41:43.550,3.371,1800
2020-09-07 09:41:43.860,3.371,2000
2020-09-07 09:41:45.920,3.371,4000
2020-09-07 09:41:47.690,3.37,2000
2020-09-07 09:41:47.890,3.371,2900
2020-09-07 09:41:48.030,3.371,400
2020-09-07 09:41:49.460,3.371,11100
2020-09-07 09:41:49.460,3.371,1000
2020-09-07 09:41:49.460,3.371,3400
2020-09-07 09:41:52.490,3.371,6600
2020-09-07 09:41:52.490,3.371,30000
2020-09-07 09:41:52.490,3.371,100
2020-09-07 09:41:52.490,3.371,10000
2020-09-07 09:41:52.490,3.371,50000
2020-09-07 09:41:52.490,3.371,2000
2020-09-07 09:41:52.490,3.371,5000
2020-09-07 09:41:52.490,3.371,7200
2020-09-07 09:41:52.490,3.371,8700
2020-09-07 09:41:52.490,3.372,50100
2020-09-07 09:41:52.490,3.372,1000
2020-09-07 09:41:52.490,3.372,10000
2020-09-07 09:41:52.490,3.372,33000
2020-09-07 09:41:52.490,3.372,5000
2020-09-07 09:41:52.490,3.372,300
2020-09-07 09:41:52.490,3.372,2000
2020-09-07 09:41:52.490,3.372,9600
2020-09-07 09:41:52.490,3.372,7400
2020-09-07 09:41:52.490,3.372,5800
2020-09-07 09:41:52.490,3.372,2000
2020-09-07 09:41:52.490,3.372,23500
2020-09-07 09:41:53.860,3.371,1000
2020-09-07 09:41:55.230,3.371,1000
2020-09-07 09:41:55.870,3.371,1000
2020-09-07 09:41:55.900,3.371,1000
2020-09-07 09:41:56.420,3.371,2500
2020-09-07 09:41:57.900,3.371,4000
2020-09-07 09:41:59.420,3.371,3100
2020-09-07 09:41:59.480,3.371,800
2020-09-07 09:42:01.600,3.371,10100
2020-09-07 09:42:02.550,3.371,106900
2020-09-07 09:42:02.920,3.371,9300
2020-09-07 09:42:02.920,3.371,3000
2020-09-07 09:42:02.920,3.371,300
2020-09-07 09:42:03.260,3.37,3000
2020-09-07 09:42:04.060,3.371,40000
2020-09-07 09:42:04.110,3.371,10000
2020-09-07 09:42:04.110,3.371,30000
2020-09-07 09:42:04.110,3.371,30000
2020-09-07 09:42:04.230,3.371,155300
2020-09-07 09:42:04.230,3.372,4500
2020-09-07 09:42:04.230,3.372,70200
2020-09-07 09:42:04.640,3.372,229800
2020-09-07 09:42:04.640,3.372,5000
2020-09-07 09:42:04.640,3.372,5000
2020-09-07 09:42:04.700,3.372,5000
2020-09-07 09:42:05.080,3.372,1500
2020-09-07 09:42:05.460,3.372,100
2020-09-07 09:42:05.660,3.373,600
2020-09-07 09:42:05.660,3.373,20000
2020-09-07 09:42:05.660,3.373,7400
2020-09-07 09:42:05.660,3.373,30000
2020-09-07 09:42:05.660,3.373,1000
2020-09-07 09:42:05.660,3.373,1000
2020-09-07 09:42:05.660,3.373,25000
2020-09-07 09:42:05.660,3.373,5000
2020-09-07 09:42:05.660,3.373,4700
2020-09-07 09:42:05.660,3.373,2400
2020-09-07 09:42:05.660,3.373,100
2020-09-07 09:42:05.660,3.373,5000
2020-09-07 09:42:05.660,3.373,15000
2020-09-07 09:42:05.660,3.373,113900
2020-09-07 09:42:05.660,3.373,3000
2020-09-07 09:42:05.660,3.373,5000
2020-09-07 09:42:05.660,3.373,1000
2020-09-07 09:42:05.660,3.373,59900
2020-09-07 09:42:05.900,3.372,2000
2020-09-07 09:42:06.640,3.372,1500
2020-09-07 09:42:07.140,3.373,8700
2020-09-07 09:42:08.120,3.373,100
2020-09-07 09:42:08.250,3.373,2000
2020-09-07 09:42:08.930,3.373,16000
2020-09-07 09:42:09.340,3.372,5000
2020-09-07 09:42:10.960,3.372,2000
2020-09-07 09:42:11.250,3.373,300
2020-09-07 09:42:15.510,3.372,4900
2020-09-07 09:42:15.510,3.372,35100
2020-09-07 09:42:16.650,3.373,1900
2020-09-07 09:42:16.650,3.373,2000
2020-09-07 09:42:16.650,3.373,2500
2020-09-07 09:42:17.050,3.372,3000
2020-09-07 09:42:17.080,3.373,2500
2020-09-07 09:42:17.080,3.373,4000
2020-09-07 09:42:17.110,3.372,5000
2020-09-07 09:42:20.620,3.372,100
2020-09-07 09:42:21.290,3.372,5900
2020-09-07 09:42:21.730,3.372,200
2020-09-07 09:42:22.950,3.372,500
2020-09-07 09:42:24.700,3.373,700
2020-09-07 09:42:25.030,3.372,10000
2020-09-07 09:42:27.000,3.372,500
2020-09-07 09:42:28.010,3.372,20000
2020-09-07 09:42:28.070,3.373,1200
2020-09-07 09:42:29.580,3.372,49700
2020-09-07 09:42:29.580,3.372,2000
2020-09-07 09:42:29.580,3.372,3000
2020-09-07 09:42:29.580,3.372,300
2020-09-07 09:42:29.950,3.372,100
2020-09-07 09:42:29.950,3.372,2000
2020-09-07 09:42:29.950,3.372,1500
2020-09-07 09:42:29.950,3.372,5000
2020-09-07 09:42:31.550,3.372,19400
2020-09-07 09:42:31.550,3.372,1500
2020-09-07 09:42:31.550,3.373,9800
2020-09-07 09:42:31.550,3.373,5000
2020-09-07 09:42:31.550,3.373,300
2020-09-07 09:42:31.550,3.373,10000
2020-09-07 09:42:31.550,3.373,4400
2020-09-07 09:42:31.550,3.373,100
2020-09-07 09:42:31.550,3.373,10000
2020-09-07 09:42:31.550,3.373,69600
2020-09-07 09:42:34.160,3.372,4000
2020-09-07 09:42:37.840,3.371,4000
2020-09-07 09:42:37.840,3.371,11400
2020-09-07 09:42:37.840,3.371,14600
2020-09-07 09:42:39.690,3.372,100
2020-09-07 09:42:41.230,3.372,200
2020-09-07 09:42:41.500,3.372,3700
2020-09-07 09:42:42.550,3.372,6100
2020-09-07 09:42:42.550,3.372,24600
2020-09-07 09:42:42.550,3.372,10000
2020-09-07 09:42:42.550,3.372,4500
2020-09-07 09:42:42.740,3.372,2000
2020-09-07 09:42:42.960,3.373,500
2020-09-07 09:42:42.960,3.373,500
2020-09-07 09:42:43.330,3.372,1700
2020-09-07 09:42:43.670,3.372,25100
2020-09-07 09:42:46.410,3.372,5000
2020-09-07 09:42:48.060,3.372,5300
2020-09-07 09:42:49.000,3.372,5000
2020-09-07 09:42:49.750,3.372,200
2020-09-07 09:42:50.820,3.372,10000
2020-09-07 09:42:51.140,3.373,1500
2020-09-07 09:42:51.140,3.373,21000
2020-09-07 09:42:53.560,3.372,500
2020-09-07 09:42:53.560,3.372,9500
2020-09-07 09:42:53.560,3.372,5000
2020-09-07 09:42:53.970,3.373,10000
2020-09-07 09:42:54.180,3.372,100
2020-09-07 09:42:54.180,3.372,3500
2020-09-07 09:42:54.360,3.372,2500
2020-09-07 09:42:54.360,3.372,12000
2020-09-07 09:42:54.780,3.373,19000
2020-09-07 09:42:54.780,3.373,8000
2020-09-07 09:42:54.780,3.373,2000
2020-09-07 09:42:54.780,3.373,600
2020-09-07 09:42:55.740,3.372,10000
2020-09-07 09:42:56.590,3.372,2000
2020-09-07 09:42:56.990,3.372,4000
2020-09-07 09:42:57.950,3.372,3000
2020-09-07 09:42:58.090,3.372,2000
2020-09-07 09:43:01.000,3.372,1500
2020-09-07 09:43:01.300,3.372,5000
2020-09-07 09:43:01.510,3.373,1000
2020-09-07 09:43:02.000,3.372,10000
2020-09-07 09:43:02.060,3.372,5000
2020-09-07 09:43:02.730,3.373,2000
2020-09-07 09:43:03.550,3.373,300
2020-09-07 09:43:03.550,3.373,2000
2020-09-07 09:43:03.550,3.373,6000
2020-09-07 09:43:03.550,3.373,10000
2020-09-07 09:43:03.550,3.373,3000
2020-09-07 09:43:03.550,3.373,4000
2020-09-07 09:43:03.550,3.373,10000
2020-09-07 09:43:03.550,3.373,200000
2020-09-07 09:43:03.550,3.373,5900
2020-09-07 09:43:03.550,3.373,58500
2020-09-07 09:43:04.160,3.372,30000
2020-09-07 09:43:04.620,3.372,500
2020-09-07 09:43:04.770,3.373,17500
2020-09-07 09:43:04.770,3.373,3000
2020-09-07 09:43:04.770,3.373,1000
2020-09-07 09:43:04.770,3.373,50800
2020-09-07 09:43:04.770,3.373,100000
2020-09-07 09:43:04.770,3.373,6000
2020-09-07 09:43:04.770,3.373,700
2020-09-07 09:43:04.770,3.373,5000
2020-09-07 09:43:04.770,3.373,5000
2020-09-07 09:43:04.770,3.373,20000
2020-09-07 09:43:04.770,3.373,1200
2020-09-07 09:43:04.770,3.373,10000
2020-09-07 09:43:04.770,3.373,200
2020-09-07 09:43:05.070,3.373,1000
2020-09-07 09:43:05.370,3.373,500
2020-09-07 09:43:05.630,3.373,10000
2020-09-07 09:43:05.960,3.373,8000
2020-09-07 09:43:06.300,3.373,5000
2020-09-07 09:43:06.740,3.373,6000
2020-09-07 09:43:07.120,3.373,800
2020-09-07 09:43:10.760,3.373,10000
2020-09-07 09:43:11.200,3.373,5000
2020-09-07 09:43:12.780,3.373,6300
2020-09-07 09:43:12.780,3.373,1500
2020-09-07 09:43:12.780,3.373,20000
2020-09-07 09:43:12.780,3.372,5000
2020-09-07 09:43:12.780,3.372,3000
2020-09-07 09:43:12.780,3.372,14200
2020-09-07 09:43:13.080,3.373,200
2020-09-07 09:43:13.800,3.373,900
2020-09-07 09:43:14.340,3.373,1100
2020-09-07 09:43:14.910,3.372,8900
2020-09-07 09:43:15.190,3.373,1100
2020-09-07 09:43:17.520,3.372,100
2020-09-07 09:43:20.490,3.372,6600
2020-09-07 09:43:22.650,3.373,100
2020-09-07 09:43:23.750,3.372,6000
2020-09-07 09:43:23.770,3.373,3000
2020-09-07 09:43:23.970,3.373,500
2020-09-07 09:43:25.340,3.372,2000
2020-09-07 09:43:25.340,3.372,3000
2020-09-07 09:43:28.230,3.371,11600
2020-09-07 09:43:28.230,3.371,8400
2020-09-07 09:43:28.880,3.372,100
2020-09-07 09:43:28.880,3.372,400
2020-09-07 09:43:31.990,3.371,1700
2020-09-07 09:43:31.990,3.371,1900
2020-09-07 09:43:31.990,3.371,900
2020-09-07 09:43:32.180,3.371,500
2020-09-07 09:43:32.590,3.372,100
2020-09-07 09:43:35.710,3.372,700
2020-09-07 09:43:35.710,3.372,200
2020-09-07 09:43:35.710,3.372,500
2020-09-07 09:43:35.710,3.372,500
2020-09-07 09:43:35.710,3.372,5400
2020-09-07 09:43:35.710,3.373,9700
2020-09-07 09:43:35.710,3.371,100
2020-09-07 09:43:35.710,3.371,900
2020-09-07 09:43:38.520,3.371,1500
2020-09-07 09:43:38.840,3.371,3800
2020-09-07 09:43:39.880,3.372,3800
2020-09-07 09:43:39.960,3.371,7500
2020-09-07 09:43:40.680,3.371,6300
2020-09-07 09:43:40.680,3.371,700
2020-09-07 09:43:41.350,3.371,13000
2020-09-07 09:43:41.350,3.371,17000
2020-09-07 09:43:42.340,3.37,30000
2020-09-07 09:43:43.910,3.371,3000
2020-09-07 09:43:44.310,3.371,200
2020-09-07 09:43:48.210,3.372,8700
2020-09-07 09:43:48.210,3.372,10000
2020-09-07 09:43:48.210,3.372,11300
2020-09-07 09:43:48.300,3.371,500
2020-09-07 09:43:49.000,3.371,400
2020-09-07 09:43:49.550,3.371,5900
2020-09-07 09:43:50.360,3.371,1000
2020-09-07 09:43:52.280,3.37,700
2020-09-07 09:43:53.110,3.37,9200
2020-09-07 09:43:54.610,3.37,5100
2020-09-07 09:43:54.610,3.37,900
2020-09-07 09:43:54.610,3.371,3100
2020-09-07 09:43:54.610,3.371,1600
2020-09-07 09:43:54.610,3.371,38100
2020-09-07 09:43:54.610,3.371,5000
2020-09-07 09:43:54.750,3.371,12000
2020-09-07 09:43:55.660,3.371,100
2020-09-07 09:43:56.640,3.371,2000
2020-09-07 09:43:56.750,3.371,3000
2020-09-07 09:43:57.390,3.372,10000
2020-09-07 09:43:58.240,3.371,2000
2020-09-07 09:43:58.670,3.371,15000
2020-09-07 09:43:59.130,3.371,5000
2020-09-07 09:43:59.330,3.371,5000
2020-09-07 09:43:59.920,3.371,30000
2020-09-07 09:44:00.220,3.371,4000
2020-09-07 09:44:00.440,3.371,10000
2020-09-07 09:44:00.740,3.371,3000
2020-09-07 09:44:01.230,3.372,100
2020-09-07 09:44:04.960,3.372,8600
2020-09-07 09:44:04.960,3.372,291400
2020-09-07 09:44:05.260,3.372,4500
2020-09-07 09:44:07.030,3.371,100
2020-09-07 09:44:07.150,3.372,4100
2020-09-07 09:44:07.150,3.372,2300
2020-09-07 09:44:07.900,3.371,500
2020-09-07 09:44:07.900,3.371,1800
2020-09-07 09:44:08.070,3.372,5200
2020-09-07 09:44:08.070,3.372,11000
2020-09-07 09:44:08.070,3.372,1000
2020-09-07 09:44:08.070,3.372,9100
2020-09-07 09:44:08.070,3.372,7700
2020-09-07 09:44:08.070,3.372,9200
2020-09-07 09:44:09.770,3.371,1000
2020-09-07 09:44:10.890,3.371,1000
2020-09-07 09:44:11.850,3.371,200
2020-09-07 09:44:12.600,3.371,10000
2020-09-07 09:44:18.990,3.371,15000
2020-09-07 09:44:19.110,3.372,83800
2020-09-07 09:44:19.110,3.372,1000
2020-09-07 09:44:19.110,3.372,1000
2020-09-07 09:44:19.110,3.372,8000
2020-09-07 09:44:19.110,3.372,50200
2020-09-07 09:44:19.110,3.372,11900
2020-09-07 09:44:19.110,3.372,2500
2020-09-07 09:44:19.110,3.372,15000
2020-09-07 09:44:19.110,3.372,600
2020-09-07 09:44:19.110,3.372,1500
2020-09-07 09:44:19.110,3.372,10000
2020-09-07 09:44:19.110,3.372,1600
2020-09-07 09:44:19.110,3.372,12200
2020-09-07 09:44:19.110,3.372,1800
2020-09-07 09:44:19.110,3.372,500
2020-09-07 09:44:19.110,3.372,3000
2020-09-07 09:44:19.110,3.372,3000
2020-09-07 09:44:19.110,3.372,10000
2020-09-07 09:44:19.110,3.372,100
2020-09-07 09:44:19.110,3.372,100
2020-09-07 09:44:21.590,3.372,1200
2020-09-07 09:44:21.910,3.372,3100
2020-09-07 09:44:22.920,3.373,100
2020-09-07 09:44:24.900,3.372,5000
2020-09-07 09:44:29.230,3.372,8900
2020-09-07 09:44:31.160,3.372,9000
2020-09-07 09:44:32.780,3.373,1000
2020-09-07 09:44:33.540,3.372,8800
2020-09-07 09:44:33.570,3.373,400
2020-09-07 09:44:34.830,3.372,4900
2020-09-07 09:44:35.950,3.372,1300
2020-09-07 09:44:35.950,3.372,400
2020-09-07 09:44:35.950,3.372,1600
2020-09-07 09:44:37.580,3.373,24100
2020-09-07 09:44:37.580,3.373,30000
2020-09-07 09:44:37.580,3.373,14500
2020-09-07 09:44:37.580,3.373,30000
2020-09-07 09:44:37.580,3.373,12300
2020-09-07 09:44:37.580,3.373,500
2020-09-07 09:44:37.580,3.373,500
2020-09-07 09:44:37.580,3.373,5000
2020-09-07 09:44:37.580,3.373,10000
2020-09-07 09:44:37.580,3.373,20000
2020-09-07 09:44:37.580,3.373,6200
2020-09-07 09:44:37.580,3.373,3000
2020-09-07 09:44:37.580,3.373,100
2020-09-07 09:44:37.580,3.373,3000
2020-09-07 09:44:37.580,3.373,10000
2020-09-07 09:44:37.580,3.373,130800
2020-09-07 09:44:37.670,3.373,19200
2020-09-07 09:44:37.670,3.373,10000
2020-09-07 09:44:37.670,3.373,200
2020-09-07 09:44:37.670,3.373,200
2020-09-07 09:44:37.670,3.373,30000
2020-09-07 09:44:37.670,3.373,140400
2020-09-07 09:44:38.040,3.373,9600
2020-09-07 09:44:38.040,3.373,10000
2020-09-07 09:44:38.040,3.373,10000
2020-09-07 09:44:38.040,3.373,3000
2020-09-07 09:44:38.040,3.373,200
2020-09-07 09:44:38.040,3.373,10000
2020-09-07 09:44:38.040,3.373,300
2020-09-07 09:44:38.040,3.373,500
2020-09-07 09:44:38.040,3.373,20000
2020-09-07 09:44:38.040,3.373,29600
2020-09-07 09:44:38.040,3.373,7000
2020-09-07 09:44:38.300,3.373,2600
2020-09-07 09:44:39.590,3.373,2300
2020-09-07 09:44:41.040,3.373,1300
2020-09-07 09:44:41.100,3.373,8800
2020-09-07 09:44:41.480,3.373,10000
2020-09-07 09:44:42.720,3.373,700
2020-09-07 09:44:42.810,3.373,5000
2020-09-07 09:44:43.020,3.373,1500
2020-09-07 09:44:44.910,3.373,1000
2020-09-07 09:44:45.500,3.373,10000
2020-09-07 09:44:45.780,3.373,5000
2020-09-07 09:44:46.600,3.373,1000
2020-09-07 09:44:46.720,3.373,5500
2020-09-07 09:44:46.980,3.373,10400
2020-09-07 09:44:49.140,3.373,4000
2020-09-07 09:44:49.850,3.373,2600
2020-09-07 09:44:50.490,3.373,500
2020-09-07 09:44:51.400,3.373,1000
2020-09-07 09:44:54.150,3.373,2000
2020-09-07 09:44:55.730,3.373,200
2020-09-07 09:44:55.840,3.373,8400
2020-09-07 09:44:56.240,3.374,5000
2020-09-07 09:44:56.240,3.374,600
2020-09-07 09:44:56.240,3.374,1000
2020-09-07 09:44:56.240,3.374,10000
2020-09-07 09:44:56.240,3.374,1000
2020-09-07 09:44:56.240,3.374,1200
2020-09-07 09:44:56.240,3.374,8000
2020-09-07 09:44:56.240,3.374,300
2020-09-07 09:44:56.240,3.374,900
2020-09-07 09:44:56.240,3.374,600
2020-09-07 09:44:56.240,3.374,1400
2020-09-07 09:44:57.790,3.373,1000
2020-09-07 09:44:58.340,3.373,100
2020-09-07 09:44:58.800,3.373,10000
2020-09-07 09:45:02.350,3.374,3600
2020-09-07 09:45:02.350,3.374,5000
2020-09-07 09:45:02.350,3.374,5000
2020-09-07 09:45:02.350,3.374,3000
2020-09-07 09:45:02.350,3.374,5000
2020-09-07 09:45:02.350,3.374,1000
2020-09-07 09:45:02.350,3.374,3000
2020-09-07 09:45:02.350,3.374,20000
2020-09-07 09:45:02.350,3.374,1000
2020-09-07 09:45:02.350,3.374,5000
2020-09-07 09:45:02.350,3.374,6100
2020-09-07 09:45:02.350,3.374,5000
2020-09-07 09:45:02.350,3.374,12400
2020-09-07 09:45:02.350,3.374,12100
2020-09-07 09:45:02.350,3.374,5800
2020-09-07 09:45:02.350,3.374,100
2020-09-07 09:45:02.350,3.374,300
2020-09-07 09:45:02.350,3.374,2000
2020-09-07 09:45:02.350,3.374,76000
2020-09-07 09:45:02.350,3.374,1500
2020-09-07 09:45:02.350,3.374,11700
2020-09-07 09:45:02.350,3.374,30000
2020-09-07 09:45:02.350,3.374,500
2020-09-07 09:45:02.350,3.374,14000
2020-09-07 09:45:02.350,3.374,7000
2020-09-07 09:45:02.350,3.374,2000
2020-09-07 09:45:02.350,3.374,61900
2020-09-07 09:45:03.000,3.374,238100
2020-09-07 09:45:03.000,3.374,100
2020-09-07 09:45:03.000,3.374,20000
2020-09-07 09:45:03.000,3.374,41900
2020-09-07 09:45:03.290,3.374,108100
2020-09-07 09:45:03.290,3.374,2000
2020-09-07 09:45:03.290,3.374,300
2020-09-07 09:45:03.880,3.375,5000
2020-09-07 09:45:03.880,3.375,47000
2020-09-07 09:45:03.880,3.375,48000
2020-09-07 09:45:03.940,3.375,2000
2020-09-07 09:45:03.940,3.375,5000
2020-09-07 09:45:03.940,3.375,5000
2020-09-07 09:45:03.940,3.375,1000
2020-09-07 09:45:03.940,3.375,1000
2020-09-07 09:45:03.940,3.375,100
2020-09-07 09:45:03.940,3.375,100
2020-09-07 09:45:03.940,3.375,1100
2020-09-07 09:45:03.940,3.375,4500
2020-09-07 09:45:03.940,3.375,600
2020-09-07 09:45:03.940,3.375,100
2020-09-07 09:45:03.940,3.375,30000
2020-09-07 09:45:03.940,3.375,3000
2020-09-07 09:45:03.940,3.375,5000
2020-09-07 09:45:03.940,3.375,5000
2020-09-07 09:45:03.940,3.375,100
2020-09-07 09:45:03.940,3.375,8000
2020-09-07 09:45:03.940,3.375,1000
2020-09-07 09:45:03.940,3.375,10000
2020-09-07 09:45:03.940,3.375,7500
2020-09-07 09:45:03.940,3.375,700
2020-09-07 09:45:03.940,3.375,3000
2020-09-07 09:45:03.940,3.375,1000
2020-09-07 09:45:03.940,3.375,1500
2020-09-07 09:45:03.940,3.375,15000
2020-09-07 09:45:03.940,3.375,5000
2020-09-07 09:45:03.940,3.375,200
2020-09-07 09:45:03.940,3.375,141200
2020-09-07 09:45:03.940,3.375,100
2020-09-07 09:45:03.940,3.375,5000
2020-09-07 09:45:03.940,3.375,7400
2020-09-07 09:45:03.940,3.375,600
2020-09-07 09:45:03.940,3.375,500
2020-09-07 09:45:03.940,3.375,5000
2020-09-07 09:45:03.940,3.375,8000
2020-09-07 09:45:03.940,3.375,2200
2020-09-07 09:45:03.940,3.375,5000
2020-09-07 09:45:03.940,3.375,8600
2020-09-07 09:45:04.000,3.374,200
2020-09-07 09:45:04.040,3.374,2000
2020-09-07 09:45:04.860,3.374,100
2020-09-07 09:45:05.770,3.375,1400
2020-09-07 09:45:05.770,3.375,10000
2020-09-07 09:45:05.770,3.375,4500
2020-09-07 09:45:05.770,3.375,100
2020-09-07 09:45:05.770,3.375,14000
2020-09-07 09:45:06.090,3.374,100
2020-09-07 09:45:06.690,3.374,1300
2020-09-07 09:45:06.890,3.374,35600
2020-09-07 09:45:07.250,3.374,400
2020-09-07 09:45:07.370,3.374,4000
2020-09-07 09:45:09.230,3.374,5000
2020-09-07 09:45:09.640,3.374,2000
2020-09-07 09:45:14.420,3.375,2700
2020-09-07 09:45:14.420,3.375,3900
2020-09-07 09:45:14.480,3.375,2100
2020-09-07 09:45:14.480,3.375,1600
2020-09-07 09:45:14.480,3.375,2000
2020-09-07 09:45:14.480,3.375,300
2020-09-07 09:45:15.180,3.374,100
2020-09-07 09:45:16.770,3.374,100
2020-09-07 09:45:17.130,3.375,1000
2020-09-07 09:45:17.210,3.374,200
2020-09-07 09:45:17.660,3.374,3000
2020-09-07 09:45:18.620,3.375,1900
2020-09-07 09:45:18.710,3.374,500
2020-09-07 09:45:19.150,3.374,10000
2020-09-07 09:45:19.580,3.375,1000
2020-09-07 09:45:20.980,3.374,10000
2020-09-07 09:45:21.500,3.375,800
2020-09-07 09:45:21.500,3.375,1200
2020-09-07 09:45:23.380,3.374,10000
2020-09-07 09:45:23.470,3.374,10000
2020-09-07 09:45:23.760,3.375,200
2020-09-07 09:45:26.560,3.374,100
2020-09-07 09:45:26.620,3.375,1000
2020-09-07 09:45:26.930,3.375,100
2020-09-07 09:45:27.070,3.375,500
2020-09-07 09:45:28.530,3.374,94900
2020-09-07 09:45:28.530,3.374,5000
2020-09-07 09:45:28.530,3.374,2000
2020-09-07 09:45:28.530,3.374,6000
2020-09-07 09:45:31.580,3.373,2000
2020-09-07 09:45:32.700,3.373,27500
2020-09-07 09:45:33.660,3.374,10000
2020-09-07 09:45:34.300,3.374,5000
2020-09-07 09:45:34.440,3.374,100000
2020-09-07 09:45:35.680,3.374,2000
2020-09-07 09:45:36.780,3.374,75100
2020-09-07 09:45:36.780,3.374,10000
2020-09-07 09:45:36.780,3.374,10000
2020-09-07 09:45:36.780,3.374,10000
2020-09-07 09:45:36.780,3.374,500
2020-09-07 09:45:38.570,3.374,5800
2020-09-07 09:45:38.830,3.374,9000
2020-09-07 09:45:39.090,3.375,1000
2020-09-07 09:45:40.280,3.374,500
2020-09-07 09:45:41.570,3.374,179100
2020-09-07 09:45:41.570,3.374,3100
2020-09-07 09:45:41.880,3.373,3000
2020-09-07 09:45:42.400,3.373,3000
2020-09-07 09:45:42.960,3.374,3000
2020-09-07 09:45:45.880,3.374,8800
2020-09-07 09:45:48.190,3.373,10000
2020-09-07 09:45:48.220,3.374,2000
2020-09-07 09:45:49.280,3.373,20000
2020-09-07 09:45:49.730,3.374,20000
2020-09-07 09:45:50.030,3.374,400
2020-09-07 09:45:50.830,3.373,100
2020-09-07 09:45:52.840,3.374,300
2020-09-07 09:45:54.500,3.374,100
2020-09-07 09:45:54.580,3.374,700
2020-09-07 09:45:55.370,3.374,1200
2020-09-07 09:45:55.720,3.373,24700
2020-09-07 09:45:56.590,3.373,3000
2020-09-07 09:45:57.920,3.374,32000
2020-09-07 09:45:59.470,3.373,5000
2020-09-07 09:45:59.910,3.373,6600
2020-09-07 09:45:59.910,3.373,1000
2020-09-07 09:45:59.910,3.373,1500
2020-09-07 09:45:59.910,3.373,5000
2020-09-07 09:45:59.910,3.373,1000
2020-09-07 09:45:59.910,3.373,24900
2020-09-07 09:46:00.050,3.373,35100
2020-09-07 09:46:00.050,3.373,11900
2020-09-07 09:46:00.560,3.374,30300
2020-09-07 09:46:02.480,3.373,1200
2020-09-07 09:46:02.540,3.373,500
2020-09-07 09:46:02.690,3.373,4000
2020-09-07 09:46:04.300,3.374,1900
2020-09-07 09:46:05.410,3.373,82400
2020-09-07 09:46:11.310,3.373,3000
2020-09-07 09:46:11.750,3.373,14600
2020-09-07 09:46:11.750,3.373,10000
2020-09-07 09:46:11.750,3.373,5000
2020-09-07 09:46:11.750,3.373,400
2020-09-07 09:46:12.010,3.373,20000
2020-09-07 09:46:13.040,3.372,500
2020-09-07 09:46:13.040,3.372,500
2020-09-07 09:46:13.940,3.373,1800
2020-09-07 09:46:16.960,3.372,18800
2020-09-07 09:46:17.670,3.373,1500
2020-09-07 09:46:18.590,3.372,200
2020-09-07 09:46:19.670,3.373,1000
2020-09-07 09:46:19.790,3.373,8500
2020-09-07 09:46:20.050,3.372,28400
2020-09-07 09:46:20.050,3.372,300
2020-09-07 09:46:20.050,3.372,600
2020-09-07 09:46:20.050,3.372,12000
2020-09-07 09:46:20.050,3.372,126500
2020-09-07 09:46:20.050,3.372,21200
2020-09-07 09:46:20.050,3.372,2000
2020-09-07 09:46:20.050,3.372,109000
2020-09-07 09:46:20.120,3.372,10000
2020-09-07 09:46:20.350,3.372,100
2020-09-07 09:46:20.710,3.372,300000
2020-09-07 09:46:22.060,3.373,67200
2020-09-07 09:46:22.060,3.373,10000
2020-09-07 09:46:22.060,3.373,10000
2020-09-07 09:46:22.060,3.373,10000
2020-09-07 09:46:22.060,3.373,5000
2020-09-07 09:46:22.060,3.373,29700
2020-09-07 09:46:23.040,3.372,3500
2020-09-07 09:46:26.220,3.372,5000
2020-09-07 09:46:28.060,3.372,6600
2020-09-07 09:46:28.630,3.372,30000
2020-09-07 09:46:29.290,3.372,23300
2020-09-07 09:46:29.380,3.372,900
2020-09-07 09:46:29.880,3.372,100
2020-09-07 09:46:31.510,3.372,3000
2020-09-07 09:46:31.670,3.372,800
2020-09-07 09:46:31.880,3.372,1000
2020-09-07 09:46:33.200,3.372,100
2020-09-07 09:46:33.660,3.372,3400
2020-09-07 09:46:33.690,3.373,100
2020-09-07 09:46:34.480,3.372,6000
2020-09-07 09:46:35.380,3.372,10000
2020-09-07 09:46:35.550,3.372,100
2020-09-07 09:46:35.970,3.372,1600
2020-09-07 09:46:36.090,3.372,10000
2020-09-07 09:46:36.280,3.373,200
2020-09-07 09:46:36.370,3.372,2900
2020-09-07 09:46:36.450,3.372,400
2020-09-07 09:46:38.990,3.372,100
2020-09-07 09:46:39.550,3.372,2400
2020-09-07 09:46:41.520,3.371,5700
2020-09-07 09:46:42.090,3.371,100
2020-09-07 09:46:42.090,3.371,100
2020-09-07 09:46:42.090,3.371,100
2020-09-07 09:46:42.090,3.371,100
2020-09-07 09:46:42.150,3.371,100
2020-09-07 09:46:42.150,3.371,100
2020-09-07 09:46:42.150,3.371,100
2020-09-07 09:46:42.150,3.371,100
2020-09-07 09:46:42.150,3.371,100
2020-09-07 09:46:42.150,3.371,100
2020-09-07 09:46:42.200,3.371,100
2020-09-07 09:46:42.200,3.371,100
2020-09-07 09:46:42.200,3.371,100
2020-09-07 09:46:42.200,3.371,100
2020-09-07 09:46:42.200,3.371,100
2020-09-07 09:46:42.200,3.371,100
2020-09-07 09:46:42.200,3.371,100
2020-09-07 09:46:42.260,3.371,100
2020-09-07 09:46:42.260,3.371,100
2020-09-07 09:46:42.260,3.371,100
2020-09-07 09:46:42.260,3.371,100
2020-09-07 09:46:42.320,3.371,100
2020-09-07 09:46:42.320,3.371,100
2020-09-07 09:46:42.320,3.371,100
2020-09-07 09:46:42.320,3.371,100
2020-09-07 09:46:42.320,3.371,100
2020-09-07 09:46:42.320,3.371,100
2020-09-07 09:46:42.320,3.371,100
2020-09-07 09:46:42.380,3.371,100
2020-09-07 09:46:42.380,3.371,100
2020-09-07 09:46:42.380,3.371,100
2020-09-07 09:46:42.380,3.371,100
2020-09-07 09:46:42.380,3.371,100
2020-09-07 09:46:42.380,3.371,100
2020-09-07 09:46:42.400,3.371,100
2020-09-07 09:46:42.400,3.371,100
2020-09-07 09:46:42.400,3.371,100
2020-09-07 09:46:42.400,3.371,100
2020-09-07 09:46:42.400,3.371,100
2020-09-07 09:46:42.470,3.371,100
2020-09-07 09:46:42.470,3.371,100
2020-09-07 09:46:42.470,3.371,100
2020-09-07 09:46:42.470,3.371,100
2020-09-07 09:46:42.470,3.371,100
2020-09-07 09:46:42.470,3.371,100
2020-09-07 09:46:42.530,3.371,100
2020-09-07 09:46:42.530,3.371,100
2020-09-07 09:46:42.530,3.371,100
2020-09-07 09:46:42.530,3.371,100
2020-09-07 09:46:42.530,3.371,100
2020-09-07 09:46:42.530,3.371,100
2020-09-07 09:46:42.550,3.371,100
2020-09-07 09:46:42.550,3.371,100
2020-09-07 09:46:42.550,3.371,100
2020-09-07 09:46:42.550,3.371,100
2020-09-07 09:46:42.550,3.371,100
2020-09-07 09:46:42.550,3.371,100
2020-09-07 09:46:42.610,3.371,100
2020-09-07 09:46:42.610,3.371,100
2020-09-07 09:46:42.610,3.371,100
2020-09-07 09:46:42.610,3.371,100
2020-09-07 09:46:42.670,3.371,100
2020-09-07 09:46:42.670,3.371,100
2020-09-07 09:46:42.670,3.371,100
2020-09-07 09:46:42.670,3.371,100
2020-09-07 09:46:42.730,3.371,100
2020-09-07 09:46:42.730,3.371,100
2020-09-07 09:46:42.730,3.371,100
2020-09-07 09:46:42.760,3.371,100
2020-09-07 09:46:42.760,3.371,100
2020-09-07 09:46:42.760,3.371,100
2020-09-07 09:46:42.760,3.371,100
2020-09-07 09:46:42.760,3.371,100
2020-09-07 09:46:42.820,3.371,100
2020-09-07 09:46:42.820,3.371,100
2020-09-07 09:46:42.820,3.371,100
2020-09-07 09:46:42.880,3.371,100
2020-09-07 09:46:42.880,3.371,100
2020-09-07 09:46:42.880,3.371,100
2020-09-07 09:46:42.880,3.371,100
2020-09-07 09:46:42.880,3.371,100
2020-09-07 09:46:42.910,3.371,100
2020-09-07 09:46:42.910,3.371,100
2020-09-07 09:46:42.910,3.371,100
2020-09-07 09:46:43.060,3.371,100
2020-09-07 09:46:43.060,3.371,100
2020-09-07 09:46:43.060,3.371,100
2020-09-07 09:46:43.060,3.371,100
2020-09-07 09:46:43.060,3.371,100
2020-09-07 09:46:43.060,3.371,100
2020-09-07 09:46:43.110,3.371,100
2020-09-07 09:46:43.110,3.371,100
2020-09-07 09:46:43.110,3.371,100
2020-09-07 09:46:43.110,3.371,100
2020-09-07 09:46:43.110,3.371,100
2020-09-07 09:46:43.170,3.371,100
2020-09-07 09:46:43.170,3.371,100
2020-09-07 09:46:43.170,3.371,100
2020-09-07 09:46:43.170,3.371,100
2020-09-07 09:46:43.170,3.371,100
2020-09-07 09:46:43.170,3.371,100
2020-09-07 09:46:43.170,3.371,100
2020-09-07 09:46:43.230,3.371,100
2020-09-07 09:46:43.230,3.371,100
2020-09-07 09:46:43.230,3.371,100
2020-09-07 09:46:43.230,3.371,100
2020-09-07 09:46:43.230,3.371,100
