ExChangeId,ChannelNo,SeqNo,SecurityID,Trade2_Order1,TradeDate,UpdateTime,Price,Volume,TrdMoney,OrdSide,OrdType,TrdBSFlag,TrdBuyNo,TrdSellNo
1,1,33101,510360,2,20200907,93003370,1.605000,300,481.500000,-,-,S,65311,225943
1,1,33102,510360,2,20200907,93003370,1.605000,700,1123.500000,-,-,S,89325,225943
1,1,36909,510360,2,20200907,93004300,1.605000,100,160.500000,-,-,B,238011,225943
1,1,57545,510360,2,20200907,93025750,1.601000,200,320.200000,-,-,B,288275,272174
1,1,84843,510360,2,20200907,93105280,1.602000,300,480.600000,-,-,B,334642,312924
1,1,84844,510360,2,20200907,93105280,1.602000,100,160.200000,-,-,B,334643,312924
1,1,85741,510360,2,20200907,93106480,1.602000,2000,3204.000000,-,-,B,336152,312924
1,1,87012,510360,2,20200907,93108360,1.602000,1800,2883.600000,-,-,B,338363,312924
1,1,127209,510360,2,20200907,93206670,1.601000,600,960.600000,-,-,S,318741,406331
1,1,135814,510360,2,20200907,93219590,1.601000,6200,9926.200000,-,-,B,420224,406331
1,1,176107,510360,2,20200907,93322720,1.598000,40000,63920.000000,-,-,B,488901,486848
1,1,180973,510360,2,20200907,93329120,1.602000,3000,4806.000000,-,-,B,496381,489814
1,1,187250,510360,2,20200907,93338740,1.600000,5000,8000.000000,-,-,S,489749,507642
1,1,187251,510360,2,20200907,93338740,1.600000,4800,7680.000000,-,-,S,490043,507642
1,1,187252,510360,2,20200907,93338740,1.599000,200,319.800000,-,-,S,495947,507642
1,1,212486,510360,2,20200907,93422370,1.605000,200,321.000000,-,-,B,554763,225943
1,1,230415,510360,2,20200907,93454480,1.605000,2000,3210.000000,-,-,B,587621,225943
1,1,235391,510360,2,20200907,93503730,1.605000,200,321.000000,-,-,B,596245,225943
1,1,250045,510360,2,20200907,93529670,1.605000,200,321.000000,-,-,B,622505,225943
1,1,304267,510360,2,20200907,93716380,1.604000,400,641.600000,-,-,B,721065,704804
1,1,368706,510360,2,20200907,93940220,1.604000,10000,16040.000000,-,-,S,819373,836860
1,1,368768,510360,2,20200907,93940340,1.605000,1200,1926.000000,-,-,B,836969,225943
1,1,369490,510360,2,20200907,93941910,1.605000,5000,8025.000000,-,-,B,838095,225943
1,1,371394,510360,2,20200907,93945970,1.604000,6300,10105.200000,-,-,S,819373,841380
1,1,376610,510360,2,20200907,93958380,1.605000,1300,2086.500000,-,-,B,850944,225943
1,1,376611,510360,2,20200907,93958380,1.605000,4000,6420.000000,-,-,B,850944,228010
1,1,376612,510360,2,20200907,93958380,1.605000,200,321.000000,-,-,B,850944,800140
1,1,404641,510360,2,20200907,94057350,1.606000,10000,16060.000000,-,-,B,900219,249158
1,1,404642,510360,2,20200907,94057350,1.606000,10000,16060.000000,-,-,B,900219,252474
1,1,438089,510360,2,20200907,94218490,1.608000,500,804.000000,-,-,B,961310,382276
1,1,528740,510360,2,20200907,94629590,1.610000,100,161.000000,-,-,S,1064359,1122649
1,1,530224,510360,2,20200907,94633290,1.608000,100,160.800000,-,-,S,1000855,1125032
1,1,553298,510360,2,20200907,94745630,1.608000,3000,4824.000000,-,-,S,1000855,1167499
1,1,555052,510360,2,20200907,94752140,1.610000,100,161.000000,-,-,B,1170902,1132177
1,1,589572,510360,2,20200907,94946960,1.610000,9500,15295.000000,-,-,B,1232421,1228415
1,1,609041,510360,2,20200907,95034260,1.609000,700,1126.300000,-,-,B,1262526,1255184
1,1,609063,510360,2,20200907,95034300,1.609000,600,965.400000,-,-,B,1262559,1255184
1,1,612882,510360,2,20200907,95042180,1.609000,4700,7562.300000,-,-,B,1268172,1255184
1,1,656255,510360,2,20200907,95306950,1.609000,200,321.800000,-,-,B,1343134,1332162
1,1,668046,510360,2,20200907,95346980,1.609000,500,804.500000,-,-,B,1362409,1332162
1,1,668047,510360,2,20200907,95346980,1.610000,9700,15617.000000,-,-,B,1362409,1253302
1,1,689024,510360,2,20200907,95457250,1.608000,2000,3216.000000,-,-,S,1000855,1397748
1,1,695852,510360,2,20200907,95514320,1.608000,4900,7879.200000,-,-,S,1000855,1408052
1,1,695853,510360,2,20200907,95514320,1.608000,700,1125.600000,-,-,S,1083099,1408052
1,1,695854,510360,2,20200907,95514320,1.608000,200,321.600000,-,-,S,1152185,1408052
1,1,698009,510360,2,20200907,95521950,1.606000,1000,1606.000000,-,-,S,946767,1411871
1,1,698010,510360,2,20200907,95521950,1.606000,1000,1606.000000,-,-,S,1019785,1411871
1,1,699930,510360,2,20200907,95527640,1.608000,300,482.400000,-,-,B,1414784,1408052
1,1,719123,510360,2,20200907,95632350,1.606000,2000,3212.000000,-,-,S,1019785,1447336
1,1,733506,510360,2,20200907,95727240,1.606000,3300,5299.800000,-,-,S,1019785,1472477
1,1,767776,510360,2,20200907,95937640,1.606000,23700,38062.200000,-,-,S,1019785,1529615
1,1,767777,510360,2,20200907,95937640,1.606000,18300,29389.800000,-,-,S,1051031,1529615
1,1,767778,510360,2,20200907,95937640,1.606000,9000,14454.000000,-,-,S,1421693,1529615
1,1,771490,510360,2,20200907,95950970,1.605000,5000,8025.000000,-,-,S,887978,1535611
1,1,771886,510360,2,20200907,95952190,1.605000,3700,5938.500000,-,-,B,1536192,1535611
1,1,774903,510360,2,20200907,100002470,1.605000,200,321.000000,-,-,B,1540980,1535611
1,1,787682,510360,2,20200907,100026730,1.605000,3700,5938.500000,-,-,B,1558867,1535611
1,1,794783,510360,2,20200907,100047590,1.605000,3700,5938.500000,-,-,B,1571153,1535611
1,1,836356,510360,2,20200907,100303560,1.602000,7900,12655.800000,-,-,S,1574703,1640485
1,1,914593,510360,2,20200907,100747140,1.602000,1000,1602.000000,-,-,S,1611166,1771399
1,1,922662,510360,2,20200907,100823620,1.602000,300,480.600000,-,-,S,1611166,1785871
1,1,922700,510360,2,20200907,100823830,1.602000,500,801.000000,-,-,S,1611166,1785934
1,1,923381,510360,2,20200907,100826570,1.602000,4100,6568.200000,-,-,S,1611166,1787094
1,1,924162,510360,2,20200907,100829800,1.602000,3300,5286.600000,-,-,S,1611166,1788325
1,1,924163,510360,2,20200907,100829800,1.602000,800,1281.600000,-,-,S,1651846,1788325
1,1,925903,510360,2,20200907,100836320,1.602000,30400,48700.800000,-,-,S,1651846,1791134
1,1,929474,510360,2,20200907,100852270,1.600000,300,480.000000,-,-,S,1075237,1797398
1,1,929996,510360,2,20200907,100854840,1.600000,100,160.000000,-,-,B,1798376,1797398
1,1,930137,510360,2,20200907,100855370,1.600000,1800,2880.000000,-,-,B,1798596,1797398
1,1,973216,510360,2,20200907,101116490,1.599000,1000,1599.000000,-,-,S,560791,1866175
1,1,999870,510360,2,20200907,101302870,1.600000,400,640.000000,-,-,B,1914621,1797398
1,1,1034816,510360,2,20200907,101533680,1.599000,9000,14391.000000,-,-,S,560791,1974938
1,1,1034817,510360,2,20200907,101533680,1.599000,5000,7995.000000,-,-,S,810619,1974938
1,1,1034818,510360,2,20200907,101533680,1.599000,100,159.900000,-,-,S,1905699,1974938
1,1,1034819,510360,2,20200907,101533680,1.599000,500,799.500000,-,-,S,1957149,1974938
1,1,1049195,510360,2,20200907,101636790,1.598000,2000,3196.000000,-,-,S,1779939,1998948
1,1,1092648,510360,2,20200907,101954940,1.598000,5000,7990.000000,-,-,S,2040394,2073337
1,1,1092649,510360,2,20200907,101954940,1.598000,200,319.600000,-,-,S,2052281,2073337
1,1,1092650,510360,2,20200907,101954940,1.598000,20000,31960.000000,-,-,S,2053331,2073337
1,1,1104401,510360,2,20200907,102025920,1.597000,100,159.700000,-,-,S,526983,2089141
1,1,1118696,510360,2,20200907,102116980,1.596000,100,159.600000,-,-,S,1903892,2110231
1,1,1118697,510360,2,20200907,102116980,1.596000,500,798.000000,-,-,S,1966467,2110231
1,1,1118698,510360,2,20200907,102116980,1.596000,50000,79800.000000,-,-,S,2096267,2110231
1,1,1123081,510360,2,20200907,102134600,1.597000,500,798.500000,-,-,B,2117370,2089192
1,1,1151359,510360,2,20200907,102336030,1.597000,1000,1597.000000,-,-,B,2164277,2089192
1,1,1179318,510360,2,20200907,102545000,1.597000,200,319.400000,-,-,B,2211370,2089192
1,1,1179319,510360,2,20200907,102545000,1.597000,1000,1597.000000,-,-,B,2211370,2193166
1,1,1190958,510360,2,20200907,102645910,1.598000,400,639.200000,-,-,B,2231972,2073980
1,1,1195254,510360,2,20200907,102709280,1.598000,200,319.600000,-,-,S,2231972,2239450
1,1,1207985,510360,2,20200907,102817910,1.599000,1000,1599.000000,-,-,B,2261270,2201987
1,1,1220807,510360,2,20200907,102923950,1.598000,3000,4794.000000,-,-,B,2282248,2268971
1,1,1227176,510360,2,20200907,103001410,1.597000,400,638.800000,-,-,S,2272303,2293222
1,1,1227177,510360,2,20200907,103001410,1.597000,5600,8943.200000,-,-,S,2284923,2293222
1,1,1235574,510360,2,20200907,103023590,1.596000,3500,5586.000000,-,-,S,2251946,2303965
1,1,1235575,510360,2,20200907,103023590,1.596000,5000,7980.000000,-,-,S,2267037,2303965
1,1,1247511,510360,2,20200907,103058510,1.595000,2000,3190.000000,-,-,S,825331,2319328
1,1,1247512,510360,2,20200907,103058510,1.595000,600,957.000000,-,-,S,1839661,2319328
1,1,1247513,510360,2,20200907,103058510,1.595000,300,478.500000,-,-,S,2124627,2319328
1,1,1247514,510360,2,20200907,103058510,1.595000,5000,7975.000000,-,-,S,2163415,2319328
1,1,1247515,510360,2,20200907,103058510,1.595000,200,319.000000,-,-,S,2274959,2319328
1,1,1263918,510360,2,20200907,103145300,1.594000,100,159.400000,-,-,S,2087159,2340073
1,1,1277339,510360,2,20200907,103226720,1.594000,100,159.400000,-,-,B,2358402,2341797
1,1,1282013,510360,2,20200907,103242830,1.593000,500,796.500000,-,-,S,2163146,2365391
1,1,1296386,510360,2,20200907,103329940,1.593000,1000,1593.000000,-,-,B,2386577,2383886
1,1,1306956,510360,2,20200907,103411960,1.593000,200,318.600000,-,-,S,2403178,2404316
1,1,1310629,510360,2,20200907,103423390,1.593000,200,318.600000,-,-,B,2408763,2404316
1,1,1322423,510360,2,20200907,103508390,1.593000,200,318.600000,-,-,B,2425700,2404316
1,1,1327402,510360,2,20200907,103529430,1.592000,10000,15920.000000,-,-,S,2164737,2433741
1,1,1327403,510360,2,20200907,103529430,1.592000,6300,10029.600000,-,-,S,2200620,2433741
1,1,1327404,510360,2,20200907,103529430,1.592000,300,477.600000,-,-,S,2330700,2433741
1,1,1327405,510360,2,20200907,103529430,1.592000,5000,7960.000000,-,-,S,2403001,2433741
1,1,1330541,510360,2,20200907,103542980,1.592000,100,159.200000,-,-,B,2438907,2433741
1,1,1338493,510360,2,20200907,103614990,1.592000,100,159.200000,-,-,B,2451275,2433741
1,1,1344599,510360,2,20200907,103638840,1.592000,100,159.200000,-,-,B,2460448,2433741
1,1,1346921,510360,2,20200907,103648780,1.592000,20000,31840.000000,-,-,B,2463989,2433741
1,1,1371801,510360,2,20200907,103835170,1.592000,7000,11144.000000,-,-,B,2508491,2452167
1,1,1382458,510360,2,20200907,103936390,1.594000,200,318.800000,-,-,B,2528829,2496997
1,1,1400953,510360,2,20200907,104114800,1.594000,5000,7970.000000,-,-,S,2561970,2562188
1,1,1400954,510360,2,20200907,104114800,1.593000,4700,7487.100000,-,-,S,2557336,2562188
1,1,1411485,510360,2,20200907,104216650,1.594000,500,797.000000,-,-,S,2571557,2581425
1,1,1412850,510360,2,20200907,104225510,1.594000,2500,3985.000000,-,-,S,2571557,2583990
1,1,1418043,510360,2,20200907,104256080,1.594000,5000,7970.000000,-,-,B,2593313,2583990
1,1,1418486,510360,2,20200907,104259870,1.593000,300,477.900000,-,-,S,2557336,2594356
1,1,1418487,510360,2,20200907,104259870,1.593000,7500,11947.500000,-,-,S,2561364,2594356
1,1,1418488,510360,2,20200907,104259870,1.593000,2100,3345.300000,-,-,S,2582743,2594356
1,1,1420751,510360,2,20200907,104313760,1.596000,1000,1596.000000,-,-,B,2598841,2583145
1,1,1444339,510360,2,20200907,104534170,1.592000,300,477.600000,-,-,S,2508491,2639895
1,1,1445558,510360,2,20200907,104541750,1.595000,100,159.500000,-,-,B,2642113,2626644
1,1,1450266,510360,2,20200907,104616020,1.595000,2000,3190.000000,-,-,B,2650473,2626644
1,1,1475277,510360,2,20200907,104901430,1.595000,9800,15631.000000,-,-,B,2695306,2637798
1,1,1475278,510360,2,20200907,104901430,1.595000,2600,4147.000000,-,-,B,2695306,2677539
1,1,1476666,510360,2,20200907,104912780,1.595000,700,1116.500000,-,-,B,2697991,2677539
1,1,1476681,510360,2,20200907,104912990,1.595000,4800,7656.000000,-,-,B,2698031,2677539
1,1,1480834,510360,2,20200907,104949340,1.595000,100,159.500000,-,-,B,2706194,2701714
1,1,1491783,510360,2,20200907,105043780,1.595000,5500,8772.500000,-,-,B,2722242,2701714
1,1,1511393,510360,2,20200907,105236100,1.594000,500,797.000000,-,-,B,2752811,2725945
1,1,1515170,510360,2,20200907,105300950,1.594000,20000,31880.000000,-,-,B,2759016,2725945
1,1,1568755,510360,2,20200907,105822290,1.593000,200,318.600000,-,-,B,2845765,2808187
1,1,1575990,510360,2,20200907,105917350,1.592000,100,159.200000,-,-,S,2508491,2858919
1,1,1617643,510360,2,20200907,110226340,1.592000,2100,3343.200000,-,-,S,2508491,2918311
1,1,1625197,510360,2,20200907,110255560,1.593000,100,159.300000,-,-,B,2930525,2808187
1,1,1687609,510360,2,20200907,111001020,1.599000,100,159.900000,-,-,B,3041732,3011857
1,1,1732874,510360,2,20200907,111505490,1.598000,600,958.800000,-,-,S,3107840,3119715
1,1,1758519,510360,2,20200907,111821530,1.600000,500,800.000000,-,-,B,3164720,3067151
1,1,1789291,510360,2,20200907,112154030,1.602000,400,640.800000,-,-,B,3216893,3167789
1,1,1797179,510360,2,20200907,112247940,1.600000,100,160.000000,-,-,S,3164720,3229964
1,1,1797180,510360,2,20200907,112247940,1.600000,30000,48000.000000,-,-,S,3185212,3229964
1,1,1797181,510360,2,20200907,112247940,1.600000,700,1120.000000,-,-,S,3219166,3229964
1,1,1808929,510360,2,20200907,112429960,1.598000,100,159.800000,-,-,S,3137860,3251045
1,1,1808930,510360,2,20200907,112429960,1.598000,9900,15820.200000,-,-,S,3236218,3251045
1,1,1828661,510360,2,20200907,112727450,1.603000,100,160.300000,-,-,B,3284856,3074031
1,1,1839978,510360,2,20200907,112906470,1.601000,14600,23374.600000,-,-,B,3303703,3294743
1,1,1847652,510360,2,20200907,130000580,1.601000,2000,3202.000000,-,-,B,3317512,3294743
1,1,1848416,510360,2,20200907,130000780,1.601000,1000,1601.000000,-,-,B,3320045,3294743
1,1,1850791,510360,2,20200907,130001290,1.601000,200,320.200000,-,-,B,3327040,3294743
1,1,1851076,510360,2,20200907,130001370,1.601000,600,960.600000,-,-,B,3327826,3294743
1,1,1852222,510360,2,20200907,130001680,1.601000,300,480.300000,-,-,B,3331081,3294743
1,1,1858734,510360,2,20200907,130004370,1.598000,100,159.800000,-,-,S,3310475,3351750
1,1,1883719,510360,2,20200907,130215670,1.598000,2000,3196.000000,-,-,S,3346892,3390953
1,1,1899841,510360,2,20200907,130411010,1.598000,600,958.800000,-,-,S,3346892,3417988
1,1,1899896,510360,2,20200907,130411080,1.598000,600,958.800000,-,-,S,3346892,3418058
1,1,1900074,510360,2,20200907,130411710,1.598000,400,639.200000,-,-,S,3346892,3418439
1,1,1900208,510360,2,20200907,130412170,1.598000,400,639.200000,-,-,S,3346892,3418575
1,1,1900281,510360,2,20200907,130412680,1.598000,400,639.200000,-,-,S,3346892,3418723
1,1,1900387,510360,2,20200907,130413180,1.598000,400,639.200000,-,-,S,3346892,3418875
1,1,1900502,510360,2,20200907,130413680,1.598000,400,639.200000,-,-,S,3346892,3419055
1,1,1900704,510360,2,20200907,130414240,1.598000,400,639.200000,-,-,S,3346892,3419339
1,1,1900714,510360,2,20200907,130414240,1.598000,1700,2716.600000,-,-,S,3346892,3419362
1,1,1901410,510360,2,20200907,130417230,1.597000,200,319.400000,-,-,S,3125242,3420481
1,1,1902009,510360,2,20200907,130419980,1.595000,100,159.500000,-,-,S,3175682,3421346
1,1,1902010,510360,2,20200907,130419980,1.595000,2000,3190.000000,-,-,S,3316782,3421346
1,1,1902011,510360,2,20200907,130419980,1.595000,200,319.000000,-,-,S,3321877,3421346
1,1,1902012,510360,2,20200907,130419980,1.595000,3000,4785.000000,-,-,S,3329385,3421346
1,1,1902013,510360,2,20200907,130419980,1.595000,2000,3190.000000,-,-,S,3338869,3421346
1,1,1902014,510360,2,20200907,130419980,1.595000,8000,12760.000000,-,-,S,3363424,3421346
1,1,1916868,510360,2,20200907,130557260,1.599000,300,479.700000,-,-,B,3445904,3439822
1,1,1921864,510360,2,20200907,130628700,1.596000,1400,2234.400000,-,-,S,3450032,3454320
1,1,1963777,510360,2,20200907,131122950,1.594000,1000,1594.000000,-,-,B,3523908,3519683
1,1,1972298,510360,2,20200907,131220170,1.594000,500,797.000000,-,-,S,3525324,3538926
1,1,1985861,510360,2,20200907,131400430,1.594000,100,159.400000,-,-,S,3525324,3562730
1,1,2007077,510360,2,20200907,131633320,1.596000,200,319.200000,-,-,B,3599313,3539270
1,1,2036930,510360,2,20200907,131947880,1.596000,4800,7660.800000,-,-,B,3646734,3539270
1,1,2036931,510360,2,20200907,131947880,1.596000,200,319.200000,-,-,B,3646734,3615914
1,1,2041972,510360,2,20200907,132019240,1.596000,10000,15960.000000,-,-,B,3655671,3615914
1,1,2055275,510360,2,20200907,132139840,1.596000,300,478.800000,-,-,B,3677602,3615914
1,1,2057049,510360,2,20200907,132149260,1.596000,100,159.600000,-,-,B,3680340,3615914
1,1,2059674,510360,2,20200907,132205040,1.596000,589400,940682.400000,-,-,B,3684491,3615914
1,1,2059675,510360,2,20200907,132205040,1.596000,200,319.200000,-,-,B,3684491,3646856
1,1,2059676,510360,2,20200907,132205040,1.596000,10000,15960.000000,-,-,B,3684491,3655769
1,1,2059677,510360,2,20200907,132205040,1.596000,300,478.800000,-,-,B,3684491,3677642
1,1,2059678,510360,2,20200907,132205040,1.596000,100,159.600000,-,-,B,3684491,3680429
1,1,2063309,510360,2,20200907,132224330,1.595000,400000,638000.000000,-,-,B,3689836,3689466
1,1,2082269,510360,2,20200907,132425100,1.594000,500,797.000000,-,-,S,3525324,3718863
1,1,2082270,510360,2,20200907,132425100,1.594000,599500,955603.000000,-,-,S,3683349,3718863
1,1,2082299,510360,2,20200907,132425480,1.594000,500,797.000000,-,-,S,3683349,3718942
1,1,2082388,510360,2,20200907,132426150,1.594000,390000,621660.000000,-,-,S,3683349,3719098
1,1,2082389,510360,2,20200907,132426150,1.594000,10000,15940.000000,-,-,S,3683350,3719098
1,1,2096470,510360,2,20200907,132549130,1.595000,5000,7975.000000,-,-,B,3740267,3689466
1,1,2147363,510360,2,20200907,133102390,1.594000,100,159.400000,-,-,B,3824087,3819641
1,1,2165216,510360,2,20200907,133229220,1.594000,5000,7970.000000,-,-,B,3850479,3825186
1,1,2171157,510360,2,20200907,133255040,1.593000,2000,3186.000000,-,-,S,2956456,3858852
1,1,2171158,510360,2,20200907,133255040,1.593000,10000,15930.000000,-,-,S,3008120,3858852
1,1,2171159,510360,2,20200907,133255040,1.593000,200,318.600000,-,-,S,3133086,3858852
1,1,2171160,510360,2,20200907,133255040,1.593000,500,796.500000,-,-,S,3264842,3858852
1,1,2171161,510360,2,20200907,133255040,1.593000,500,796.500000,-,-,S,3523309,3858852
1,1,2171162,510360,2,20200907,133255040,1.593000,200,318.600000,-,-,S,3729627,3858852
1,1,2211393,510360,2,20200907,133629110,1.592000,8200,13054.400000,-,-,S,2508491,3919820
1,1,2216166,510360,2,20200907,133657420,1.592000,2300,3661.600000,-,-,S,2508491,3927306
1,1,2216167,510360,2,20200907,133657420,1.592000,300,477.600000,-,-,S,2517591,3927306
1,1,2216168,510360,2,20200907,133657420,1.592000,1000,1592.000000,-,-,S,2613132,3927306
1,1,2216169,510360,2,20200907,133657420,1.592000,1000,1592.000000,-,-,S,2651085,3927306
1,1,2216170,510360,2,20200907,133657420,1.592000,200,318.400000,-,-,S,2899662,3927306
1,1,2216171,510360,2,20200907,133657420,1.592000,10000,15920.000000,-,-,S,3579513,3927306
1,1,2216172,510360,2,20200907,133657420,1.592000,585200,931638.400000,-,-,S,3749984,3927306
1,1,2216247,510360,2,20200907,133657820,1.592000,2500,3980.000000,-,-,S,3749984,3927415
1,1,2217055,510360,2,20200907,133702480,1.592000,402300,640461.600000,-,-,S,3749984,3928708
1,1,2217056,510360,2,20200907,133702480,1.592000,10000,15920.000000,-,-,S,3749985,3928708
1,1,2217057,510360,2,20200907,133702480,1.592000,2000,3184.000000,-,-,S,3896001,3928708
1,1,2223453,510360,2,20200907,133734330,1.591000,700,1113.700000,-,-,S,1857646,3937589
1,1,2223454,510360,2,20200907,133734330,1.591000,300,477.300000,-,-,S,2369148,3937589
1,1,2223455,510360,2,20200907,133734330,1.591000,300,477.300000,-,-,S,2537045,3937589
1,1,2223456,510360,2,20200907,133734330,1.591000,700,1113.700000,-,-,S,2626366,3937589
1,1,2245092,510360,2,20200907,133929820,1.591000,5300,8432.300000,-,-,S,2626366,3968786
1,1,2245093,510360,2,20200907,133929820,1.591000,500,795.500000,-,-,S,3237229,3968786
1,1,2282525,510360,2,20200907,134233970,1.592000,1200,1910.400000,-,-,B,4027702,4022252
1,1,2320386,510360,2,20200907,134640300,1.595000,700,1116.500000,-,-,B,4094278,4049847
1,1,2334693,510360,2,20200907,134800810,1.593000,7700,12266.100000,-,-,S,4079074,4116739
1,1,2383128,510360,2,20200907,135301930,1.593000,1000,1593.000000,-,-,B,4193927,4175694
1,1,2385905,510360,2,20200907,135319950,1.593000,1000,1593.000000,-,-,B,4198044,4175694
1,1,2395267,510360,2,20200907,135413020,1.592000,200,318.400000,-,-,B,4211143,4201075
1,1,2435946,510360,2,20200907,135807540,1.591000,4500,7159.500000,-,-,S,4206511,4267538
1,1,2438494,510360,2,20200907,135823670,1.591000,1100,1750.100000,-,-,S,4271277,4271566
1,1,2438929,510360,2,20200907,135826410,1.590000,8400,13356.000000,-,-,S,98604,4272295
1,1,2439646,510360,2,20200907,135830080,1.592000,100,159.200000,-,-,B,4273205,4201075
1,1,2441033,510360,2,20200907,135838680,1.590000,1600,2544.000000,-,-,S,98604,4275248
1,1,2441034,510360,2,20200907,135838680,1.590000,600,954.000000,-,-,S,552148,4275248
1,1,2452405,510360,2,20200907,135935990,1.590000,8500,13515.000000,-,-,S,552148,4292722
1,1,2482517,510360,2,20200907,140229360,1.592000,500,796.000000,-,-,B,4345145,4201075
1,1,2486729,510360,2,20200907,140258430,1.594000,1000,1594.000000,-,-,B,4352033,4281330
1,1,2513017,510360,2,20200907,140511740,1.591000,2500,3977.500000,-,-,S,4347480,4391545
1,1,2513018,510360,2,20200907,140511740,1.591000,2500,3977.500000,-,-,S,4347480,4391546
1,1,2516576,510360,2,20200907,140518730,1.591000,1800,2863.800000,-,-,S,4355379,4395167
1,1,2516647,510360,2,20200907,140518890,1.591000,1800,2863.800000,-,-,S,4355379,4395240
1,1,2516751,510360,2,20200907,140519170,1.591000,1400,2227.400000,-,-,S,4355379,4395372
1,1,2516752,510360,2,20200907,140519170,1.591000,10000,15910.000000,-,-,S,4371275,4395372
1,1,2518875,510360,2,20200907,140522990,1.591000,1000,1591.000000,-,-,B,4397601,4395372
1,1,2518996,510360,2,20200907,140523180,1.590000,5900,9381.000000,-,-,S,552148,4397705
1,1,2518997,510360,2,20200907,140523180,1.590000,6300,10017.000000,-,-,S,1364812,4397705
1,1,2518998,510360,2,20200907,140523180,1.590000,500,795.000000,-,-,S,2167650,4397705
1,1,2518999,510360,2,20200907,140523180,1.590000,3000,4770.000000,-,-,S,2492030,4397705
1,1,2519000,510360,2,20200907,140523180,1.590000,500,795.000000,-,-,S,2514633,4397705
1,1,2519001,510360,2,20200907,140523180,1.590000,14900,23691.000000,-,-,S,2557052,4397705
1,1,2520385,510360,2,20200907,140525290,1.590000,15100,24009.000000,-,-,S,2557052,4399082
1,1,2520386,510360,2,20200907,140525290,1.590000,100,159.000000,-,-,S,2720496,4399082
1,1,2520387,510360,2,20200907,140525290,1.590000,5000,7950.000000,-,-,S,2907997,4399082
1,1,2520388,510360,2,20200907,140525290,1.590000,3000,4770.000000,-,-,S,3316783,4399082
1,1,2520389,510360,2,20200907,140525290,1.590000,1700,2703.000000,-,-,S,3479292,4399082
1,1,2520756,510360,2,20200907,140526060,1.590000,8300,13197.000000,-,-,S,3479292,4399478
1,1,2520757,510360,2,20200907,140526060,1.590000,200,318.000000,-,-,S,3499657,4399478
1,1,2520758,510360,2,20200907,140526060,1.590000,3000,4770.000000,-,-,S,3774130,4399478
1,1,2520759,510360,2,20200907,140526060,1.590000,3200,5088.000000,-,-,S,3830314,4399478
1,1,2520760,510360,2,20200907,140526060,1.590000,10000,15900.000000,-,-,S,3918128,4399478
1,1,2520761,510360,2,20200907,140526060,1.590000,200,318.000000,-,-,S,4015234,4399478
1,1,2521267,510360,2,20200907,140526630,1.590000,800,1272.000000,-,-,S,4015234,4399972
1,1,2521268,510360,2,20200907,140526630,1.590000,3200,5088.000000,-,-,S,4055317,4399972
1,1,2521818,510360,2,20200907,140527610,1.590000,9200,14628.000000,-,-,S,4055317,4400656
1,1,2522075,510360,2,20200907,140528110,1.590000,600000,954000.000000,-,-,S,4055317,4400927
1,1,2522222,510360,2,20200907,140528440,1.590000,377600,600384.000000,-,-,S,4055317,4401058
1,1,2522223,510360,2,20200907,140528440,1.590000,10000,15900.000000,-,-,S,4055318,4401058
1,1,2522224,510360,2,20200907,140528440,1.590000,400,636.000000,-,-,S,4124473,4401058
1,1,2522225,510360,2,20200907,140528440,1.590000,30000,47700.000000,-,-,S,4185187,4401058
1,1,2522226,510360,2,20200907,140528440,1.590000,100,159.000000,-,-,S,4226771,4401058
1,1,2522227,510360,2,20200907,140528440,1.590000,3400,5406.000000,-,-,S,4306183,4401058
1,1,2522228,510360,2,20200907,140528440,1.590000,200,318.000000,-,-,S,4310559,4401058
1,1,2531759,510360,2,20200907,140542160,1.589000,13000,20657.000000,-,-,S,2133868,4408293
1,1,2531760,510360,2,20200907,140542160,1.589000,5000,7945.000000,-,-,S,3961187,4408293
1,1,2540333,510360,2,20200907,140601060,1.588000,200,317.600000,-,-,S,2325390,4416361
1,1,2540334,510360,2,20200907,140601060,1.588000,400,635.200000,-,-,S,2504260,4416361
1,1,2541227,510360,2,20200907,140602960,1.588000,100,158.800000,-,-,S,2504260,4417309
1,1,2541228,510360,2,20200907,140602960,1.588000,500,794.000000,-,-,S,4410646,4417309
1,1,2541297,510360,2,20200907,140603210,1.588000,5700,9051.600000,-,-,S,4410646,4417413
1,1,2541386,510360,2,20200907,140603390,1.587000,500,793.500000,-,-,S,2170888,4417495
1,1,2541387,510360,2,20200907,140603390,1.587000,100,158.700000,-,-,S,3327608,4417495
1,1,2545987,510360,2,20200907,140609130,1.588000,100,158.800000,-,-,B,4420825,4417413
1,1,2547223,510360,2,20200907,140611110,1.588000,100,158.800000,-,-,B,4421723,4417413
1,1,2548011,510360,2,20200907,140612050,1.587000,1400,2221.800000,-,-,S,3327608,4422334
1,1,2548159,510360,2,20200907,140612550,1.587000,1400,2221.800000,-,-,S,3327608,4422539
1,1,2548343,510360,2,20200907,140613140,1.587000,1400,2221.800000,-,-,S,3327608,4422755
1,1,2548498,510360,2,20200907,140613580,1.587000,1400,2221.800000,-,-,S,3327608,4422924
1,1,2548854,510360,2,20200907,140614140,1.587000,1400,2221.800000,-,-,S,3327608,4423205
1,1,2549141,510360,2,20200907,140614590,1.587000,1400,2221.800000,-,-,S,3327608,4423520
1,1,2549379,510360,2,20200907,140615140,1.587000,500,793.500000,-,-,S,3327608,4423826
1,1,2549655,510360,2,20200907,140615660,1.587000,500,793.500000,-,-,S,3327608,4424059
1,1,2549774,510360,2,20200907,140616190,1.587000,500,793.500000,-,-,S,3327608,4424246
1,1,2549937,510360,2,20200907,140616660,1.587000,500,793.500000,-,-,S,4265445,4424451
1,1,2553932,510360,2,20200907,140626080,1.587000,2300,3650.100000,-,-,S,4265445,4429049
1,1,2553933,510360,2,20200907,140626080,1.587000,1300,2063.100000,-,-,S,4416553,4429049
1,1,2553934,510360,2,20200907,140626080,1.587000,1400,2221.800000,-,-,S,4424349,4429049
1,1,2555855,510360,2,20200907,140630240,1.587000,3500,5554.500000,-,-,S,4424349,4431093
1,1,2556334,510360,2,20200907,140632190,1.585000,100,158.500000,-,-,S,134305,4431858
1,1,2556335,510360,2,20200907,140632190,1.585000,200,317.000000,-,-,S,206310,4431858
1,1,2571445,510360,2,20200907,140702440,1.587000,1000,1587.000000,-,-,B,4445660,4431093
1,1,2581984,510360,2,20200907,140724130,1.586000,2000,3172.000000,-,-,B,4456380,4446584
1,1,2583151,510360,2,20200907,140726800,1.585000,800,1268.000000,-,-,S,206310,4457586
1,1,2583152,510360,2,20200907,140726800,1.585000,300,475.500000,-,-,S,1988012,4457586
1,1,2583313,510360,2,20200907,140727270,1.585000,1100,1743.500000,-,-,S,1988012,4457768
1,1,2583468,510360,2,20200907,140727760,1.585000,1100,1743.500000,-,-,S,1988012,4457975
1,1,2583648,510360,2,20200907,140728140,1.585000,1100,1743.500000,-,-,S,1988012,4458172
1,1,2583882,510360,2,20200907,140728630,1.585000,1100,1743.500000,-,-,S,1988012,4458373
1,1,2584073,510360,2,20200907,140729100,1.585000,1100,1743.500000,-,-,S,1988012,4458557
1,1,2584411,510360,2,20200907,140729730,1.585000,1100,1743.500000,-,-,S,1988012,4458945
1,1,2584532,510360,2,20200907,140730100,1.585000,400,634.000000,-,-,S,1988012,4459084
1,1,2584898,510360,2,20200907,140730610,1.585000,400,634.000000,-,-,S,1988012,4459305
1,1,2585366,510360,2,20200907,140731170,1.585000,400,634.000000,-,-,S,1988012,4459555
1,1,2585605,510360,2,20200907,140731600,1.585000,400,634.000000,-,-,S,1988012,4459739
1,1,2585806,510360,2,20200907,140732070,1.585000,400,634.000000,-,-,S,1988012,4459943
1,1,2585984,510360,2,20200907,140732490,1.585000,400,634.000000,-,-,S,1988012,4460169
1,1,2586549,510360,2,20200907,140733080,1.585000,400,634.000000,-,-,S,1988012,4460448
1,1,2587174,510360,2,20200907,140734450,1.585000,300,475.500000,-,-,S,1988012,4461008
1,1,2587175,510360,2,20200907,140734450,1.585000,100,158.500000,-,-,S,2973466,4461008
1,1,2587176,510360,2,20200907,140734450,1.585000,1000,1585.000000,-,-,S,4225406,4461008
1,1,2613363,510360,2,20200907,140853230,1.585000,200,317.000000,-,-,S,4479928,4496441
1,1,2621176,510360,2,20200907,140914450,1.585000,300,475.500000,-,-,B,4506405,4496441
1,1,2630648,510360,2,20200907,140942100,1.585000,18200,28847.000000,-,-,B,4518002,4496441
1,1,2630649,510360,2,20200907,140942100,1.585000,1800,2853.000000,-,-,B,4518002,4506006
1,1,2644772,510360,2,20200907,141019080,1.585000,100,158.500000,-,-,B,4536180,4506006
1,1,2650682,510360,2,20200907,141035710,1.584000,500,792.000000,-,-,S,3091197,4544530
1,1,2650683,510360,2,20200907,141035710,1.584000,300,475.200000,-,-,S,4452655,4544530
1,1,2652680,510360,2,20200907,141040730,1.584000,3000,4752.000000,-,-,B,4546722,4545230
1,1,2672505,510360,2,20200907,141128840,1.584000,1000,1584.000000,-,-,B,4575975,4545230
1,1,2679493,510360,2,20200907,141151520,1.584000,3000,4752.000000,-,-,B,4588388,4545230
1,1,2695158,510360,2,20200907,141254500,1.584000,10000,15840.000000,-,-,S,4588388,4616754
1,1,2705795,510360,2,20200907,141346830,1.587000,5000,7935.000000,-,-,B,4635038,4607651
1,1,2711915,510360,2,20200907,141414640,1.587000,700,1110.900000,-,-,B,4644616,4607651
1,1,2725962,510360,2,20200907,141507520,1.585000,1000,1585.000000,-,-,S,4648926,4664413
1,1,2730059,510360,2,20200907,141516610,1.584000,400,633.600000,-,-,S,4588388,4669462
1,1,2730060,510360,2,20200907,141516610,1.584000,300,475.200000,-,-,S,4588774,4669462
1,1,2730061,510360,2,20200907,141516610,1.584000,5000,7920.000000,-,-,S,4617670,4669462
1,1,2730062,510360,2,20200907,141516610,1.584000,3000,4752.000000,-,-,S,4629536,4669462
1,1,2730063,510360,2,20200907,141516610,1.584000,700,1108.800000,-,-,S,4648371,4669462
1,1,2730885,510360,2,20200907,141518660,1.584000,6200,9820.800000,-,-,B,4670525,4669462
1,1,2731678,510360,2,20200907,141520550,1.583000,300,474.900000,-,-,S,1900983,4671328
1,1,2731679,510360,2,20200907,141520550,1.583000,100,158.300000,-,-,S,4486657,4671328
1,1,2731889,510360,2,20200907,141521050,1.583000,100,158.300000,-,-,S,4623332,4671618
1,1,2731890,510360,2,20200907,141521050,1.583000,300,474.900000,-,-,S,4624900,4671618
1,1,2732038,510360,2,20200907,141521520,1.583000,400,633.200000,-,-,S,4624900,4671854
1,1,2732225,510360,2,20200907,141521930,1.583000,400,633.200000,-,-,S,4624900,4671991
1,1,2740229,510360,2,20200907,141543510,1.583000,3100,4907.300000,-,-,S,4624900,4680903
1,1,2746308,510360,2,20200907,141556710,1.582000,100,158.200000,-,-,S,4579273,4686997
1,1,2746309,510360,2,20200907,141556710,1.582000,300,474.600000,-,-,S,4618323,4686997
1,1,2746310,510360,2,20200907,141556710,1.582000,200,316.400000,-,-,S,4657043,4686997
1,1,2746311,510360,2,20200907,141556710,1.581000,500,790.500000,-,-,S,3093991,4686997
1,1,2746312,510360,2,20200907,141556710,1.581000,1900,3003.900000,-,-,S,4554770,4686997
1,1,2751544,510360,2,20200907,141608180,1.582000,100,158.200000,-,-,S,4687099,4692372
1,1,2758342,510360,2,20200907,141624340,1.583000,4000,6332.000000,-,-,B,4699885,4680903
1,1,2765028,510360,2,20200907,141642070,1.583000,100,158.300000,-,-,B,4708293,4680903
1,1,2774055,510360,2,20200907,141710740,1.582000,600,949.200000,-,-,B,4720969,4712855
1,1,2782050,510360,2,20200907,141734260,1.582000,100,158.200000,-,-,S,4725647,4731782
1,1,2786953,510360,2,20200907,141752660,1.582000,14100,22306.200000,-,-,S,4725647,4739505
1,1,2786954,510360,2,20200907,141752660,1.582000,5000,7910.000000,-,-,S,4738830,4739505
1,1,2805489,510360,2,20200907,141902820,1.581000,1100,1739.100000,-,-,S,4554770,4766804
1,1,2805490,510360,2,20200907,141902820,1.581000,300,474.300000,-,-,S,4700572,4766804
1,1,2809243,510360,2,20200907,141915080,1.580000,1000,1580.000000,-,-,S,98605,4772411
1,1,2811829,510360,2,20200907,141921400,1.581000,100,158.100000,-,-,B,4776000,4766804
1,1,2817244,510360,2,20200907,141934260,1.581000,5000,7905.000000,-,-,B,4784044,4766804
1,1,2817919,510360,2,20200907,141936720,1.581000,13800,21817.800000,-,-,B,4785324,4766804
1,1,2818688,510360,2,20200907,141939740,1.581000,10400,16442.400000,-,-,B,4786663,4766804
1,1,2823411,510360,2,20200907,141959190,1.580000,1000,1580.000000,-,-,S,98605,4795327
1,1,2830187,510360,2,20200907,142021380,1.581000,1000,1581.000000,-,-,S,4806374,4807366
1,1,2836371,510360,2,20200907,142047590,1.585000,10000,15850.000000,-,-,B,4819211,4784234
1,1,2840481,510360,2,20200907,142101690,1.584000,12400,19641.600000,-,-,B,4825818,4820274
1,1,2848184,510360,2,20200907,142137000,1.584000,100,158.400000,-,-,B,4839655,4820274
1,1,2853159,510360,2,20200907,142202650,1.584000,2000,3168.000000,-,-,B,4848588,4820274
1,1,2859428,510360,2,20200907,142229390,1.584000,500,792.000000,-,-,B,4859071,4820274
1,1,2867425,510360,2,20200907,142305370,1.584000,1000,1584.000000,-,-,B,4871521,4820274
1,1,2875206,510360,2,20200907,142333830,1.583000,200,316.600000,-,-,B,4882543,4877153
1,1,2894247,510360,2,20200907,142440330,1.582000,6000,9492.000000,-,-,B,4906027,4898109
1,1,2901670,510360,2,20200907,142506830,1.581000,6600,10434.600000,-,-,S,4877607,4915392
1,1,2901671,510360,2,20200907,142506830,1.581000,35700,56441.700000,-,-,S,4890693,4915392
1,1,2921443,510360,2,20200907,142622310,1.581000,6400,10118.400000,-,-,B,4943265,4917317
1,1,2927469,510360,2,20200907,142646930,1.580000,3000,4740.000000,-,-,S,98605,4951798
1,1,2928447,510360,2,20200907,142649940,1.580000,5000,7900.000000,-,-,S,98605,4952927
1,1,2928448,510360,2,20200907,142649940,1.580000,4000,6320.000000,-,-,S,2350747,4952927
1,1,2928449,510360,2,20200907,142649940,1.580000,100,158.000000,-,-,S,2445663,4952927
1,1,2928450,510360,2,20200907,142649940,1.580000,100,158.000000,-,-,S,2727731,4952927
1,1,2928451,510360,2,20200907,142649940,1.580000,200,316.000000,-,-,S,3073849,4952927
1,1,2928452,510360,2,20200907,142649940,1.580000,100,158.000000,-,-,S,3942977,4952927
1,1,2928453,510360,2,20200907,142649940,1.580000,200,316.000000,-,-,S,4014866,4952927
1,1,2928454,510360,2,20200907,142649940,1.580000,3000,4740.000000,-,-,S,4550509,4952927
1,1,2928455,510360,2,20200907,142649940,1.580000,100,158.000000,-,-,S,4647474,4952927
1,1,2928456,510360,2,20200907,142649940,1.580000,10000,15800.000000,-,-,S,4658580,4952927
1,1,2928457,510360,2,20200907,142649940,1.580000,500,790.000000,-,-,S,4717639,4952927
1,1,2928458,510360,2,20200907,142649940,1.580000,100,158.000000,-,-,S,4760296,4952927
1,1,2928459,510360,2,20200907,142649940,1.580000,10600,16748.000000,-,-,S,4783218,4952927
1,1,2928460,510360,2,20200907,142649940,1.580000,200,316.000000,-,-,S,4801436,4952927
1,1,2928461,510360,2,20200907,142649940,1.580000,1000,1580.000000,-,-,S,4835098,4952927
1,1,2928462,510360,2,20200907,142649940,1.580000,10000,15800.000000,-,-,S,4849981,4952927
1,1,2928463,510360,2,20200907,142649940,1.580000,4200,6636.000000,-,-,S,4863717,4952927
1,1,2928464,510360,2,20200907,142649940,1.580000,10000,15800.000000,-,-,S,4867412,4952927
1,1,2928465,510360,2,20200907,142649940,1.580000,6000,9480.000000,-,-,S,4907924,4952927
1,1,2928466,510360,2,20200907,142649940,1.580000,2000,3160.000000,-,-,S,4911800,4952927
1,1,2928467,510360,2,20200907,142649940,1.580000,4200,6636.000000,-,-,S,4924356,4952927
1,1,2928468,510360,2,20200907,142649940,1.580000,1800,2844.000000,-,-,S,4932632,4952927
1,1,2928469,510360,2,20200907,142649940,1.580000,5000,7900.000000,-,-,S,4940815,4952927
1,1,2940989,510360,2,20200907,142720560,1.580000,10000,15800.000000,-,-,B,4966329,4952927
1,1,2942702,510360,2,20200907,142726010,1.579000,1000,1579.000000,-,-,S,4677886,4968402
1,1,2942703,510360,2,20200907,142726010,1.579000,5000,7895.000000,-,-,S,4921087,4968402
1,1,2942704,510360,2,20200907,142726010,1.579000,400,631.600000,-,-,S,4924949,4968402
1,1,2943246,510360,2,20200907,142727830,1.578000,500,789.000000,-,-,S,3096863,4969167
1,1,2950950,510360,2,20200907,142750390,1.578000,16000,25248.000000,-,-,B,4978093,4971933
1,1,2957735,510360,2,20200907,142807900,1.577000,300,473.100000,-,-,S,4724725,4985277
1,1,2957736,510360,2,20200907,142807900,1.577000,53700,84684.900000,-,-,S,4790942,4985277
1,1,2973290,510360,2,20200907,142849920,1.578000,5000,7890.000000,-,-,B,5003383,4971933
1,1,2981264,510360,2,20200907,142916930,1.577000,10000,15770.000000,-,-,S,5012897,5014565
1,1,2981265,510360,2,20200907,142916930,1.577000,100,157.700000,-,-,S,5013726,5014565
1,1,2988551,510360,2,20200907,142941230,1.577000,5400,8515.800000,-,-,B,5024926,5024803
1,1,3022461,510360,2,20200907,143114110,1.579000,100,157.900000,-,-,B,5076195,5042446
1,1,3037710,510360,2,20200907,143202150,1.578000,5000,7890.000000,-,-,B,5100435,5081989
1,1,3045421,510360,2,20200907,143224100,1.577000,200,315.400000,-,-,S,5058491,5111882
1,1,3045422,510360,2,20200907,143224100,1.577000,1000,1577.000000,-,-,S,5078774,5111882
1,1,3045931,510360,2,20200907,143224960,1.577000,200,315.400000,-,-,B,5112285,5111882
1,1,3046440,510360,2,20200907,143226260,1.577000,5000,7885.000000,-,-,B,5112904,5111882
1,1,3054750,510360,2,20200907,143251060,1.577000,100,157.700000,-,-,B,5124736,5111882
1,1,3055819,510360,2,20200907,143254520,1.576000,5000,7880.000000,-,-,S,4564572,5126187
1,1,3055820,510360,2,20200907,143254520,1.576000,2600,4097.600000,-,-,S,4975017,5126187
1,1,3055821,510360,2,20200907,143254520,1.576000,400,630.400000,-,-,S,4984745,5126187
1,1,3060711,510360,2,20200907,143309090,1.576000,9600,15129.600000,-,-,S,4984745,5132652
1,1,3060712,510360,2,20200907,143309090,1.576000,20000,31520.000000,-,-,S,4995063,5132652
1,1,3060713,510360,2,20200907,143309090,1.576000,5000,7880.000000,-,-,S,4998577,5132652
1,1,3060714,510360,2,20200907,143309090,1.576000,2000,3152.000000,-,-,S,5020188,5132652
1,1,3060715,510360,2,20200907,143309090,1.576000,10800,17020.800000,-,-,S,5041805,5132652
1,1,3060716,510360,2,20200907,143309090,1.576000,3000,4728.000000,-,-,S,5048110,5132652
1,1,3066033,510360,2,20200907,143322990,1.576000,20000,31520.000000,-,-,B,5138843,5134892
1,1,3075760,510360,2,20200907,143347040,1.575000,1800,2835.000000,-,-,S,1700000,5149249
1,1,3075761,510360,2,20200907,143347040,1.575000,300,472.500000,-,-,S,4716092,5149249
1,1,3075762,510360,2,20200907,143347040,1.575000,2000,3150.000000,-,-,S,4885297,5149249
1,1,3075763,510360,2,20200907,143347040,1.575000,10000,15750.000000,-,-,S,5002946,5149249
1,1,3075764,510360,2,20200907,143347040,1.575000,500,787.500000,-,-,S,5050855,5149249
1,1,3075765,510360,2,20200907,143347040,1.575000,100,157.500000,-,-,S,5146578,5149249
1,1,3086549,510360,2,20200907,143409540,1.575000,5000,7875.000000,-,-,B,5160345,5149249
1,1,3089475,510360,2,20200907,143415100,1.574000,500,787.000000,-,-,S,1795574,5163530
1,1,3089476,510360,2,20200907,143415100,1.574000,5000,7870.000000,-,-,S,4987917,5163530
1,1,3092300,510360,2,20200907,143419460,1.575000,15000,23625.000000,-,-,B,5166299,5149249
1,1,3093641,510360,2,20200907,143421740,1.575000,100,157.500000,-,-,B,5168019,5149249
1,1,3102816,510360,2,20200907,143445220,1.575000,1500,2362.500000,-,-,B,5180742,5149249
1,1,3103199,510360,2,20200907,143446320,1.575000,4600,7245.000000,-,-,B,5181282,5149249
1,1,3105592,510360,2,20200907,143453320,1.575000,10800,17010.000000,-,-,B,5184696,5149249
1,1,3113704,510360,2,20200907,143515570,1.572000,1000,1572.000000,-,-,S,5033059,5196135
1,1,3120239,510360,2,20200907,143534090,1.574000,900,1416.600000,-,-,B,5205059,5191736
1,1,3131085,510360,2,20200907,143558180,1.573000,1300,2044.900000,-,-,B,5217457,5212087
1,1,3141119,510360,2,20200907,143619290,1.572000,1000,1572.000000,-,-,S,5033059,5228641
1,1,3141120,510360,2,20200907,143619290,1.572000,4000,6288.000000,-,-,S,5037163,5228641
1,1,3141121,510360,2,20200907,143619290,1.572000,500,786.000000,-,-,S,5056732,5228641
1,1,3141122,510360,2,20200907,143619290,1.572000,5000,7860.000000,-,-,S,5106055,5228641
1,1,3141123,510360,2,20200907,143619290,1.572000,200,314.400000,-,-,S,5184322,5228641
1,1,3141124,510360,2,20200907,143619290,1.572000,700,1100.400000,-,-,S,5213075,5228641
1,1,3148168,510360,2,20200907,143630200,1.571000,1900,2984.900000,-,-,S,5187454,5236236
1,1,3149051,510360,2,20200907,143631770,1.570000,100,157.000000,-,-,S,4525209,5237270
1,1,3155459,510360,2,20200907,143638210,1.570000,200,314.000000,-,-,S,4525209,5242366
1,1,3155460,510360,2,20200907,143638210,1.570000,4700,7379.000000,-,-,S,5013757,5242366
1,1,3155461,510360,2,20200907,143638210,1.570000,100,157.000000,-,-,S,5021294,5242366
1,1,3155462,510360,2,20200907,143638210,1.570000,200,314.000000,-,-,S,5024120,5242366
1,1,3155463,510360,2,20200907,143638210,1.570000,1000,1570.000000,-,-,S,5215434,5242366
1,1,3155464,510360,2,20200907,143638210,1.570000,2900,4553.000000,-,-,S,5229317,5242366
1,1,3158406,510360,2,20200907,143641590,1.569000,3000,4707.000000,-,-,S,5218584,5244773
1,1,3158415,510360,2,20200907,143641590,1.570000,1000,1570.000000,-,-,B,5244792,5242366
1,1,3163564,510360,2,20200907,143647190,1.569000,97000,152193.000000,-,-,S,5218584,5248675
1,1,3164315,510360,2,20200907,143648250,1.569000,500,784.500000,-,-,B,5249628,5248675
1,1,3179928,510360,2,20200907,143709880,1.568000,3000,4704.000000,-,-,B,5264559,5257204
1,1,3184416,510360,2,20200907,143716100,1.567000,1000,1567.000000,-,-,S,5196408,5269137
1,1,3184537,510360,2,20200907,143716260,1.567000,30000,47010.000000,-,-,B,5269226,5269137
1,1,3186862,510360,2,20200907,143720060,1.567000,200,313.400000,-,-,B,5271914,5269137
1,1,3187556,510360,2,20200907,143721070,1.567000,700,1096.900000,-,-,B,5272714,5269137
1,1,3194658,510360,2,20200907,143733170,1.567000,500,783.500000,-,-,B,5281103,5269137
1,1,3196491,510360,2,20200907,143736120,1.567000,2000,3134.000000,-,-,B,5283335,5269137
1,1,3201116,510360,2,20200907,143743750,1.566000,6000,9396.000000,-,-,S,5232906,5288811
1,1,3204808,510360,2,20200907,143750700,1.566000,4600,7203.600000,-,-,B,5293912,5288811
1,1,3209815,510360,2,20200907,143758920,1.566000,30000,46980.000000,-,-,S,5293912,5299880
1,1,3213534,510360,2,20200907,143805160,1.566000,1500,2349.000000,-,-,S,5293912,5304744
1,1,3234652,510360,2,20200907,143845160,1.568000,2400,3763.200000,-,-,B,5335506,5257204
1,1,3240725,510360,2,20200907,143857670,1.569000,5600,8786.400000,-,-,B,5345031,5324948
1,1,3245541,510360,2,20200907,143908570,1.569000,6400,10041.600000,-,-,B,5352992,5324948
1,1,3250114,510360,2,20200907,143920360,1.568000,400,627.200000,-,-,S,5340572,5360853
1,1,3256335,510360,2,20200907,143935860,1.569000,5000,7845.000000,-,-,B,5371122,5324948
1,1,3271774,510360,2,20200907,144013220,1.570000,1100,1727.000000,-,-,B,5396534,5340204
1,1,3272026,510360,2,20200907,144013840,1.570000,2000,3140.000000,-,-,B,5396934,5340204
1,1,3278945,510360,2,20200907,144029810,1.570000,3000,4710.000000,-,-,B,5408357,5340204
1,1,3280601,510360,2,20200907,144034070,1.570000,1400,2198.000000,-,-,B,5411231,5340204
1,1,3282700,510360,2,20200907,144039330,1.570000,30000,47100.000000,-,-,B,5414750,5340204
1,1,3297625,510360,2,20200907,144119270,1.571000,32800,51528.800000,-,-,S,5434600,5440614
1,1,3308515,510360,2,20200907,144149350,1.571000,1000,1571.000000,-,-,S,5457621,5457867
1,1,3309697,510360,2,20200907,144152530,1.571000,800,1256.800000,-,-,B,5459674,5457867
1,1,3312978,510360,2,20200907,144201030,1.571000,100,157.100000,-,-,B,5464214,5457867
1,1,3314697,510360,2,20200907,144205970,1.571000,100,157.100000,-,-,B,5467183,5457867
1,1,3315302,510360,2,20200907,144207730,1.571000,5000,7855.000000,-,-,B,5468113,5457867
1,1,3317593,510360,2,20200907,144214060,1.571000,2000,3142.000000,-,-,B,5471387,5457867
1,1,3322858,510360,2,20200907,144230270,1.572000,10000,15720.000000,-,-,B,5480128,5415429
1,1,3324454,510360,2,20200907,144236120,1.572000,5000,7860.000000,-,-,B,5482955,5415429
1,1,3328003,510360,2,20200907,144248490,1.572000,600,943.200000,-,-,B,5489330,5415429
1,1,3338134,510360,2,20200907,144322580,1.573000,1200,1887.600000,-,-,B,5506622,5473144
1,1,3345071,510360,2,20200907,144345480,1.574000,2900,4564.600000,-,-,B,5518139,5497631
1,1,3346748,510360,2,20200907,144351470,1.574000,100,157.400000,-,-,B,5521012,5497631
1,1,3349226,510360,2,20200907,144400790,1.573000,500,786.500000,-,-,B,5525338,5522486
1,1,3349227,510360,2,20200907,144400790,1.574000,2500,3935.000000,-,-,B,5525338,5497631
1,1,3351049,510360,2,20200907,144408050,1.572000,200,314.400000,-,-,S,5505916,5528673
1,1,3351050,510360,2,20200907,144408050,1.572000,3500,5502.000000,-,-,S,5509015,5528673
1,1,3351051,510360,2,20200907,144408050,1.572000,600,943.200000,-,-,S,5517784,5528673
1,1,3351052,510360,2,20200907,144408050,1.572000,300,471.600000,-,-,S,5522600,5528673
1,1,3354501,510360,2,20200907,144420790,1.572000,700,1100.400000,-,-,B,5534432,5528673
1,1,3355171,510360,2,20200907,144423760,1.572000,100,157.200000,-,-,B,5535661,5528673
1,1,3359727,510360,2,20200907,144440370,1.572000,9600,15091.200000,-,-,B,5542800,5528673
1,1,3363921,510360,2,20200907,144457800,1.575000,500,787.500000,-,-,B,5550040,5513163
1,1,3372736,510360,2,20200907,144525990,1.576000,1000,1576.000000,-,-,B,5564223,5542799
1,1,3397465,510360,2,20200907,144658470,1.577000,2000,3154.000000,-,-,S,5603966,5605131
1,1,3403931,510360,2,20200907,144719410,1.577000,5000,7885.000000,-,-,S,5607181,5614583
1,1,3407389,510360,2,20200907,144728510,1.577000,3200,5046.400000,-,-,B,5619296,5614583
1,1,3409077,510360,2,20200907,144734030,1.577000,2000,3154.000000,-,-,B,5621759,5614583
1,1,3412800,510360,2,20200907,144746410,1.576000,6000,9456.000000,-,-,S,5591161,5627066
1,1,3412801,510360,2,20200907,144746410,1.576000,3000,4728.000000,-,-,S,5620672,5627066
1,1,3422230,510360,2,20200907,144824810,1.576000,1500,2364.000000,-,-,B,5641748,5637230
1,1,3428801,510360,2,20200907,144849150,1.576000,2000,3152.000000,-,-,B,5651532,5637230
1,1,3430482,510360,2,20200907,144855180,1.576000,3000,4728.000000,-,-,B,5653926,5637230
1,1,3434929,510360,2,20200907,144909390,1.576000,500,788.000000,-,-,B,5659889,5637230
1,1,3443337,510360,2,20200907,144941530,1.576000,700,1103.200000,-,-,B,5672076,5637230
1,1,3445088,510360,2,20200907,144948950,1.576000,2000,3152.000000,-,-,B,5674817,5637230
1,1,3448997,510360,2,20200907,145001940,1.576000,400,630.400000,-,-,B,5680277,5637230
1,1,3450729,510360,2,20200907,145004830,1.576000,200,315.200000,-,-,B,5682555,5637230
1,1,3451857,510360,2,20200907,145007460,1.575000,12700,20002.500000,-,-,S,5592307,5684107
1,1,3451858,510360,2,20200907,145007460,1.575000,1000,1575.000000,-,-,S,5625279,5684107
1,1,3451859,510360,2,20200907,145007460,1.575000,7800,12285.000000,-,-,S,5647111,5684107
1,1,3460672,510360,2,20200907,145036830,1.574000,200,314.800000,-,-,S,5559826,5697558
1,1,3462812,510360,2,20200907,145044690,1.575000,6000,9450.000000,-,-,B,5700935,5696445
1,1,3466455,510360,2,20200907,145057050,1.574000,200,314.800000,-,-,S,5559826,5706269
1,1,3466456,510360,2,20200907,145057050,1.574000,20000,31480.000000,-,-,S,5563344,5706269
1,1,3466457,510360,2,20200907,145057050,1.574000,200,314.800000,-,-,S,5683894,5706269
1,1,3466458,510360,2,20200907,145057050,1.574000,800,1259.200000,-,-,S,5697976,5706269
1,1,3467310,510360,2,20200907,145100050,1.572000,14000,22008.000000,-,-,S,5637231,5707579
1,1,3518127,510360,2,20200907,145335290,1.574000,300,472.200000,-,-,B,5777186,5758791
1,1,3562308,510360,2,20200907,145519720,1.572000,1000,1572.000000,-,-,S,5728779,5830123
1,1,3562309,510360,2,20200907,145519720,1.572000,1000,1572.000000,-,-,S,5738914,5830123
1,1,3562310,510360,2,20200907,145519720,1.572000,700,1100.400000,-,-,S,5770875,5830123
1,1,3562311,510360,2,20200907,145519720,1.572000,10000,15720.000000,-,-,S,5773788,5830123
1,1,3562312,510360,2,20200907,145519720,1.572000,300,471.600000,-,-,S,5775177,5830123
1,1,3562313,510360,2,20200907,145519720,1.572000,5000,7860.000000,-,-,S,5779817,5830123
1,1,3562314,510360,2,20200907,145519720,1.572000,3000,4716.000000,-,-,S,5780099,5830123
1,1,3562315,510360,2,20200907,145519720,1.572000,1200,1886.400000,-,-,S,5780129,5830123
1,1,3562316,510360,2,20200907,145519720,1.572000,100,157.200000,-,-,S,5780294,5830123
1,1,3562317,510360,2,20200907,145519720,1.572000,2000,3144.000000,-,-,S,5785274,5830123
1,1,3562318,510360,2,20200907,145519720,1.572000,1600,2515.200000,-,-,S,5796996,5830123
1,1,3562319,510360,2,20200907,145519720,1.572000,3900,6130.800000,-,-,S,5805602,5830123
1,1,3562320,510360,2,20200907,145519720,1.572000,2000,3144.000000,-,-,S,5817092,5830123
1,1,3569218,510360,2,20200907,145533050,1.572000,10000,15720.000000,-,-,B,5838407,5830123
1,1,3572260,510360,2,20200907,145539090,1.572000,600,943.200000,-,-,B,5842035,5830123
1,1,3572470,510360,2,20200907,145539540,1.572000,7600,11947.200000,-,-,B,5842306,5830123
1,1,3576177,510360,2,20200907,145547250,1.572000,5000,7860.000000,-,-,B,5846608,5830123
1,1,3592272,510360,2,20200907,145623520,1.572000,18000,28296.000000,-,-,B,5866857,5830123
1,1,3599257,510360,2,20200907,145639840,1.572000,200,314.400000,-,-,B,5875633,5830123
1,1,3599569,510360,2,20200907,145640750,1.572000,1100,1729.200000,-,-,B,5876151,5830123
1,1,3607281,510360,2,20200907,145707280,1.572000,100,157.200000,-,-,B,5888655,5830123
1,1,3608414,510360,2,20200907,145742070,1.572000,10000,15720.000000,-,-,B,5903357,5830123
1,1,3608447,510360,2,20200907,145744110,1.572000,6100,9589.200000,-,-,B,5903957,5830123
1,1,3608730,510360,2,20200907,145752640,1.572000,1000,1572.000000,-,-,B,5906659,5830123
1,1,3608938,510360,2,20200907,145801210,1.572000,500,786.000000,-,-,B,5909122,5830123
1,1,3609033,510360,2,20200907,145804660,1.572000,6400,10060.800000,-,-,B,5910104,5830123
1,1,3610258,510360,2,20200907,145844510,1.572000,200,314.400000,-,-,B,5920813,5830123
1,1,3610356,510360,2,20200907,145848050,1.572000,700,1100.400000,-,-,B,5921670,5830123
1,1,3610413,510360,2,20200907,145849740,1.572000,5000,7860.000000,-,-,B,5922065,5830123
1,1,3611612,510360,2,20200907,145924440,1.572000,100,157.200000,-,-,B,5930409,5830123
1,1,3611758,510360,2,20200907,145928780,1.572000,100,157.200000,-,-,B,5931468,5830123
1,1,3612405,510360,2,20200907,145950220,1.572000,3200,5030.400000,-,-,B,5936345,5830123
1,1,3612479,510360,2,20200907,145954610,1.572000,3600,5659.200000,-,-,B,5937169,5830123
1,1,3612512,510360,2,20200907,145955650,1.572000,3200,5030.400000,-,-,B,5937398,5830123
