Datetime,Price,Volume
2020-09-07 09:25:00.130,4.82,300
2020-09-07 09:25:00.130,4.82,1800
2020-09-07 09:25:00.130,4.82,1200
2020-09-07 09:25:00.130,4.82,8900
2020-09-07 09:25:00.130,4.82,2000
2020-09-07 09:25:00.130,4.82,2000
2020-09-07 09:25:00.130,4.82,10000
2020-09-07 09:25:00.130,4.82,6200
2020-09-07 09:25:00.130,4.82,7200
2020-09-07 09:25:00.130,4.82,1200
2020-09-07 09:25:00.130,4.82,12100
2020-09-07 09:25:00.130,4.82,17000
2020-09-07 09:25:00.130,4.82,2400
2020-09-07 09:25:00.130,4.82,67400
2020-09-07 09:25:00.130,4.82,100
2020-09-07 09:25:00.130,4.82,6600
2020-09-07 09:25:00.130,4.82,2000
2020-09-07 09:25:00.130,4.82,5000
2020-09-07 09:25:00.130,4.82,20000
2020-09-07 09:25:00.130,4.82,6600
2020-09-07 09:25:00.130,4.82,1000
2020-09-07 09:25:00.130,4.82,37000
2020-09-07 09:25:00.130,4.82,11000
2020-09-07 09:25:00.130,4.82,5000
2020-09-07 09:25:00.130,4.82,100
2020-09-07 09:25:00.130,4.82,600
2020-09-07 09:25:00.130,4.82,600
2020-09-07 09:25:00.130,4.82,104000
2020-09-07 09:25:00.130,4.82,600
2020-09-07 09:25:00.130,4.82,6100
2020-09-07 09:25:00.130,4.82,700
2020-09-07 09:25:00.130,4.82,100
2020-09-07 09:25:00.130,4.82,100
2020-09-07 09:25:00.130,4.82,100
2020-09-07 09:25:00.130,4.82,100
2020-09-07 09:25:00.130,4.82,100
2020-09-07 09:25:00.130,4.82,200
2020-09-07 09:25:00.130,4.82,100
2020-09-07 09:25:00.130,4.82,200
2020-09-07 09:25:00.130,4.82,500
2020-09-07 09:25:00.130,4.82,100
2020-09-07 09:25:00.130,4.82,1000
2020-09-07 09:25:00.130,4.82,100
2020-09-07 09:25:00.130,4.82,100
2020-09-07 09:25:00.130,4.82,100
2020-09-07 09:25:00.130,4.82,100
2020-09-07 09:25:00.130,4.82,200
2020-09-07 09:25:00.130,4.82,100
2020-09-07 09:25:00.130,4.82,200
2020-09-07 09:25:00.130,4.82,500
2020-09-07 09:25:00.130,4.82,200
2020-09-07 09:25:00.130,4.82,200
2020-09-07 09:25:00.130,4.82,300
2020-09-07 09:25:00.130,4.82,100
2020-09-07 09:25:00.130,4.82,200
2020-09-07 09:25:00.130,4.82,100
2020-09-07 09:25:00.130,4.82,2000
2020-09-07 09:25:00.130,4.82,1500
2020-09-07 09:25:00.130,4.82,100
2020-09-07 09:25:00.130,4.82,200
2020-09-07 09:25:00.130,4.82,100
2020-09-07 09:25:00.130,4.82,100
2020-09-07 09:25:00.130,4.82,100
2020-09-07 09:25:00.130,4.82,200
2020-09-07 09:25:00.130,4.82,100
2020-09-07 09:25:00.130,4.82,300
2020-09-07 09:25:00.130,4.82,500
2020-09-07 09:25:00.130,4.82,200
2020-09-07 09:25:00.130,4.82,2000
2020-09-07 09:25:00.130,4.82,100
2020-09-07 09:25:00.130,4.82,100
2020-09-07 09:25:00.130,4.82,100
2020-09-07 09:25:00.130,4.82,1000
2020-09-07 09:25:00.130,4.82,300
2020-09-07 09:25:00.130,4.82,100
2020-09-07 09:25:00.130,4.82,600
2020-09-07 09:25:00.130,4.82,100
2020-09-07 09:25:00.130,4.82,200
2020-09-07 09:25:00.130,4.82,200
2020-09-07 09:25:00.130,4.82,100
2020-09-07 09:25:00.130,4.82,100
2020-09-07 09:25:00.130,4.82,100
2020-09-07 09:25:00.130,4.82,200
2020-09-07 09:25:00.130,4.82,1000
2020-09-07 09:25:00.130,4.82,100
2020-09-07 09:25:00.130,4.82,100
2020-09-07 09:25:00.130,4.82,600
2020-09-07 09:25:00.130,4.82,200
2020-09-07 09:25:00.130,4.82,100
2020-09-07 09:25:00.130,4.82,200
2020-09-07 09:25:00.130,4.82,100
2020-09-07 09:25:00.130,4.82,100
2020-09-07 09:25:00.130,4.82,500
2020-09-07 09:25:00.130,4.82,100
2020-09-07 09:25:00.130,4.82,200
2020-09-07 09:25:00.130,4.82,100
2020-09-07 09:25:00.130,4.82,100
2020-09-07 09:25:00.130,4.82,200
2020-09-07 09:25:00.130,4.82,100
2020-09-07 09:25:00.130,4.82,500
2020-09-07 09:25:00.130,4.82,500
2020-09-07 09:25:00.130,4.82,100
2020-09-07 09:25:00.130,4.82,100
2020-09-07 09:25:00.130,4.82,100
2020-09-07 09:25:00.130,4.82,400
2020-09-07 09:25:00.130,4.82,9100
2020-09-07 09:25:00.130,4.82,1000
2020-09-07 09:25:00.130,4.82,200
2020-09-07 09:25:00.130,4.82,500
2020-09-07 09:25:00.130,4.82,5000
2020-09-07 09:25:00.130,4.82,100
2020-09-07 09:25:00.130,4.82,100
2020-09-07 09:25:00.130,4.82,100
2020-09-07 09:25:00.130,4.82,100
2020-09-07 09:25:00.130,4.82,100
2020-09-07 09:25:00.130,4.82,300
2020-09-07 09:25:00.130,4.82,700
2020-09-07 09:25:00.130,4.82,100
2020-09-07 09:25:00.130,4.82,100
2020-09-07 09:25:00.130,4.82,100
2020-09-07 09:25:00.130,4.82,100
2020-09-07 09:25:00.130,4.82,400
2020-09-07 09:25:00.130,4.82,700
2020-09-07 09:25:00.130,4.82,200
2020-09-07 09:25:00.130,4.82,100
2020-09-07 09:25:00.130,4.82,100
2020-09-07 09:25:00.130,4.82,100
2020-09-07 09:25:00.130,4.82,200
2020-09-07 09:25:00.130,4.82,100
2020-09-07 09:25:00.130,4.82,200
2020-09-07 09:25:00.130,4.82,100
2020-09-07 09:25:00.130,4.82,300
2020-09-07 09:25:00.130,4.82,200
2020-09-07 09:25:00.130,4.82,200
2020-09-07 09:25:00.130,4.82,200
2020-09-07 09:25:00.130,4.82,13000
2020-09-07 09:25:00.130,4.82,600
2020-09-07 09:25:00.130,4.82,100
2020-09-07 09:25:00.130,4.82,300
2020-09-07 09:25:00.130,4.82,200
2020-09-07 09:25:00.130,4.82,100
2020-09-07 09:25:00.130,4.82,200
2020-09-07 09:25:00.130,4.82,100
2020-09-07 09:25:00.130,4.82,100
2020-09-07 09:25:00.130,4.82,700
2020-09-07 09:25:00.130,4.82,100
2020-09-07 09:25:00.130,4.82,100
2020-09-07 09:25:00.130,4.82,20000
2020-09-07 09:25:00.130,4.82,2000
2020-09-07 09:25:00.130,4.82,3000
2020-09-07 09:25:00.130,4.82,2200
2020-09-07 09:25:00.130,4.82,500
2020-09-07 09:25:00.130,4.82,100
2020-09-07 09:25:00.130,4.82,200
2020-09-07 09:25:00.130,4.82,200
2020-09-07 09:25:00.130,4.82,200
2020-09-07 09:25:00.130,4.82,300
2020-09-07 09:25:00.130,4.82,200
2020-09-07 09:25:00.130,4.82,100
2020-09-07 09:25:00.130,4.82,3000
2020-09-07 09:25:00.130,4.82,100
2020-09-07 09:25:00.130,4.82,100
2020-09-07 09:25:00.130,4.82,1200
2020-09-07 09:25:00.130,4.82,100
2020-09-07 09:25:00.130,4.82,200
2020-09-07 09:25:00.130,4.82,100
2020-09-07 09:25:00.130,4.82,100
2020-09-07 09:25:00.130,4.82,500
2020-09-07 09:25:00.130,4.82,200
2020-09-07 09:25:00.130,4.82,300
2020-09-07 09:25:00.130,4.82,300
2020-09-07 09:25:00.130,4.82,100
2020-09-07 09:25:00.130,4.82,1700
2020-09-07 09:25:00.130,4.82,500
2020-09-07 09:25:00.130,4.82,1000
2020-09-07 09:25:00.130,4.82,100
2020-09-07 09:25:00.130,4.82,100
2020-09-07 09:25:00.130,4.82,100
2020-09-07 09:25:00.130,4.82,200
2020-09-07 09:25:00.130,4.82,700
2020-09-07 09:25:00.130,4.82,800
2020-09-07 09:25:00.130,4.82,100
2020-09-07 09:25:00.130,4.82,200
2020-09-07 09:25:00.130,4.82,200
2020-09-07 09:25:00.130,4.82,100
2020-09-07 09:25:00.130,4.82,100
2020-09-07 09:25:00.130,4.82,100
2020-09-07 09:25:00.130,4.82,100
2020-09-07 09:25:00.130,4.82,100
2020-09-07 09:25:00.130,4.82,100
2020-09-07 09:25:00.130,4.82,200
2020-09-07 09:25:00.130,4.82,200
2020-09-07 09:25:00.130,4.82,200
2020-09-07 09:25:00.130,4.82,200
2020-09-07 09:25:00.130,4.82,200
2020-09-07 09:25:00.130,4.82,1000
2020-09-07 09:25:00.130,4.82,600
2020-09-07 09:25:00.130,4.82,100
2020-09-07 09:25:00.130,4.82,100
2020-09-07 09:25:00.130,4.82,300
2020-09-07 09:25:00.130,4.82,200
2020-09-07 09:25:00.130,4.82,100
2020-09-07 09:25:00.130,4.82,100
2020-09-07 09:25:00.130,4.82,100
2020-09-07 09:25:00.130,4.82,100
2020-09-07 09:25:00.130,4.82,200
2020-09-07 09:25:00.130,4.82,200
2020-09-07 09:25:00.130,4.82,100
2020-09-07 09:25:00.130,4.82,200
2020-09-07 09:25:00.130,4.82,100
2020-09-07 09:25:00.130,4.82,200
2020-09-07 09:25:00.130,4.82,100
2020-09-07 09:25:00.130,4.82,100
2020-09-07 09:25:00.130,4.82,100
2020-09-07 09:25:00.130,4.82,1000
2020-09-07 09:25:00.130,4.82,100
2020-09-07 09:25:00.130,4.82,300
2020-09-07 09:25:00.130,4.82,100
2020-09-07 09:25:00.130,4.82,600
2020-09-07 09:25:00.130,4.82,1000
2020-09-07 09:25:00.130,4.82,100
2020-09-07 09:25:00.130,4.82,100
2020-09-07 09:25:00.130,4.82,300
2020-09-07 09:25:00.130,4.82,500
2020-09-07 09:25:00.130,4.82,100
2020-09-07 09:25:00.130,4.82,4100
2020-09-07 09:25:00.130,4.82,1000
2020-09-07 09:25:00.130,4.82,500
2020-09-07 09:25:00.130,4.82,500
2020-09-07 09:25:00.130,4.82,4100
2020-09-07 09:25:00.130,4.82,9800
2020-09-07 09:25:00.130,4.82,5500
2020-09-07 09:25:00.130,4.82,6000
2020-09-07 09:25:00.130,4.82,500
2020-09-07 09:25:00.130,4.82,5000
2020-09-07 09:25:00.130,4.82,500
2020-09-07 09:25:00.130,4.82,500
2020-09-07 09:25:00.130,4.82,4100
2020-09-07 09:25:00.130,4.82,300
2020-09-07 09:25:00.130,4.82,200
2020-09-07 09:25:00.130,4.82,200
2020-09-07 09:25:00.130,4.82,500
2020-09-07 09:25:00.130,4.82,3100
2020-09-07 09:25:00.130,4.82,6900
2020-09-07 09:25:00.130,4.82,5000
2020-09-07 09:25:00.130,4.82,100
2020-09-07 09:25:00.130,4.82,200
2020-09-07 09:25:00.130,4.82,6200
2020-09-07 09:25:00.130,4.82,100
2020-09-07 09:25:00.130,4.82,200
2020-09-07 09:25:00.130,4.82,10000
2020-09-07 09:25:00.130,4.82,2000
2020-09-07 09:25:00.130,4.82,100
2020-09-07 09:25:00.130,4.82,200
2020-09-07 09:25:00.130,4.82,200
2020-09-07 09:25:00.130,4.82,4100
2020-09-07 09:25:00.130,4.82,31700
2020-09-07 09:25:00.130,4.82,4000
2020-09-07 09:25:00.130,4.82,100
2020-09-07 09:25:00.130,4.82,2100
2020-09-07 09:25:00.130,4.82,100
2020-09-07 09:25:00.130,4.82,500
2020-09-07 09:25:00.130,4.82,5000
2020-09-07 09:25:00.130,4.82,3400
2020-09-07 09:25:00.130,4.82,2000
2020-09-07 09:25:00.130,4.82,1800
2020-09-07 09:25:00.130,4.82,100
2020-09-07 09:25:00.130,4.82,400
2020-09-07 09:25:00.130,4.82,300
2020-09-07 09:25:00.130,4.82,100
2020-09-07 09:25:00.130,4.82,2000
2020-09-07 09:25:00.130,4.82,500
2020-09-07 09:25:00.130,4.82,1500
2020-09-07 09:25:00.130,4.82,600
2020-09-07 09:25:00.130,4.82,1500
2020-09-07 09:25:00.130,4.82,100
2020-09-07 09:25:00.130,4.82,2500
2020-09-07 09:25:00.130,4.82,1000
2020-09-07 09:25:00.130,4.82,2000
2020-09-07 09:25:00.130,4.82,100
2020-09-07 09:25:00.130,4.82,100
2020-09-07 09:25:00.130,4.82,100
2020-09-07 09:25:00.130,4.82,1000
2020-09-07 09:25:00.130,4.82,100
2020-09-07 09:25:00.130,4.82,4000
2020-09-07 09:25:00.130,4.82,600
2020-09-07 09:25:00.130,4.82,200
2020-09-07 09:25:00.130,4.82,2000
2020-09-07 09:25:00.130,4.82,19600
2020-09-07 09:25:00.130,4.82,100
2020-09-07 09:25:00.130,4.82,1000
2020-09-07 09:25:00.130,4.82,100
2020-09-07 09:25:00.130,4.82,29200
2020-09-07 09:25:00.130,4.82,10000
2020-09-07 09:25:00.130,4.82,200
2020-09-07 09:25:00.130,4.82,100
2020-09-07 09:25:00.130,4.82,6500
2020-09-07 09:25:00.130,4.82,500
2020-09-07 09:25:00.130,4.82,1000
2020-09-07 09:25:00.130,4.82,3000
2020-09-07 09:25:00.130,4.82,5000
2020-09-07 09:25:00.130,4.82,2400
2020-09-07 09:25:00.130,4.82,2300
2020-09-07 09:25:00.130,4.82,3000
2020-09-07 09:25:00.130,4.82,5000
2020-09-07 09:25:00.130,4.82,5200
2020-09-07 09:25:00.130,4.82,200
2020-09-07 09:25:00.130,4.82,100
2020-09-07 09:25:00.130,4.82,100
2020-09-07 09:25:00.130,4.82,5000
2020-09-07 09:25:00.130,4.82,200
2020-09-07 09:25:00.130,4.82,200
2020-09-07 09:25:00.130,4.82,2500
2020-09-07 09:25:00.130,4.82,1000
2020-09-07 09:25:00.130,4.82,20000
2020-09-07 09:25:00.130,4.82,18900
2020-09-07 09:25:00.130,4.82,1100
2020-09-07 09:25:00.130,4.82,7600
2020-09-07 09:25:00.130,4.82,7400
2020-09-07 09:25:00.130,4.82,600
2020-09-07 09:25:00.130,4.82,3400
2020-09-07 09:25:00.130,4.82,48600
2020-09-07 09:25:00.130,4.82,800
2020-09-07 09:25:00.130,4.82,6500
2020-09-07 09:25:00.130,4.82,43100
2020-09-07 09:25:00.130,4.82,90000
2020-09-07 09:25:00.130,4.82,300
2020-09-07 09:25:00.130,4.82,50000
2020-09-07 09:25:00.130,4.82,20000
2020-09-07 09:25:00.130,4.82,3800
2020-09-07 09:25:00.130,4.82,2000
2020-09-07 09:25:00.130,4.82,52200
2020-09-07 09:25:00.130,4.82,6200
2020-09-07 09:25:00.130,4.82,7500
2020-09-07 09:25:00.130,4.82,2500
2020-09-07 09:25:00.130,4.82,1000
2020-09-07 09:25:00.130,4.82,3000
2020-09-07 09:25:00.130,4.82,103700
2020-09-07 09:25:00.130,4.82,41700
2020-09-07 09:25:00.130,4.82,19900
2020-09-07 09:25:00.130,4.82,30000
2020-09-07 09:25:00.130,4.82,7000
2020-09-07 09:25:00.130,4.82,22200
2020-09-07 09:25:00.130,4.82,1000
2020-09-07 09:25:00.130,4.82,110000
2020-09-07 09:25:00.130,4.82,3600
2020-09-07 09:25:00.130,4.82,3200
2020-09-07 09:25:00.130,4.82,3000
2020-09-07 09:25:00.130,4.82,10000
2020-09-07 09:25:00.130,4.82,61400
2020-09-07 09:25:00.130,4.82,10000
2020-09-07 09:25:00.130,4.82,34200
2020-09-07 09:25:00.130,4.82,1300
2020-09-07 09:25:00.130,4.82,3000
2020-09-07 09:25:00.130,4.82,5000
2020-09-07 09:25:00.130,4.82,5000
2020-09-07 09:25:00.130,4.82,8100
2020-09-07 09:25:00.130,4.82,1000
2020-09-07 09:25:00.130,4.82,1000
2020-09-07 09:25:00.130,4.82,2000
2020-09-07 09:25:00.130,4.82,25000
2020-09-07 09:25:00.130,4.82,9500
2020-09-07 09:25:00.130,4.82,1000
2020-09-07 09:25:00.130,4.82,20000
2020-09-07 09:25:00.130,4.82,34000
2020-09-07 09:25:00.130,4.82,100
2020-09-07 09:25:00.130,4.82,25000
2020-09-07 09:25:00.130,4.82,5000
2020-09-07 09:25:00.130,4.82,2000
2020-09-07 09:25:00.130,4.82,3300
2020-09-07 09:25:00.130,4.82,50300
2020-09-07 09:25:00.130,4.82,8000
2020-09-07 09:25:00.130,4.82,200
2020-09-07 09:25:00.130,4.82,5000
2020-09-07 09:25:00.130,4.82,12100
2020-09-07 09:30:00.150,4.821,1500
2020-09-07 09:30:00.150,4.821,2500
2020-09-07 09:30:00.150,4.821,10000
2020-09-07 09:30:00.150,4.822,40000
2020-09-07 09:30:00.150,4.822,2500
2020-09-07 09:30:00.150,4.822,4900
2020-09-07 09:30:00.150,4.822,400
2020-09-07 09:30:00.150,4.823,2800
2020-09-07 09:30:00.150,4.823,500
2020-09-07 09:30:00.150,4.823,1000
2020-09-07 09:30:00.150,4.823,78800
2020-09-07 09:30:00.240,4.821,300000
2020-09-07 09:30:00.240,4.821,6600
2020-09-07 09:30:00.240,4.82,6600
2020-09-07 09:30:00.240,4.82,300
2020-09-07 09:30:00.240,4.82,2100
2020-09-07 09:30:00.240,4.82,7200
2020-09-07 09:30:00.270,4.823,21200
2020-09-07 09:30:00.270,4.823,2000
2020-09-07 09:30:00.270,4.823,26400
2020-09-07 09:30:00.270,4.823,100
2020-09-07 09:30:00.270,4.823,2500
2020-09-07 09:30:00.270,4.823,200
2020-09-07 09:30:00.390,4.823,11000
2020-09-07 09:30:00.390,4.823,800
2020-09-07 09:30:00.390,4.823,14400
2020-09-07 09:30:00.390,4.823,27600
2020-09-07 09:30:00.390,4.824,10000
2020-09-07 09:30:00.390,4.824,2000
2020-09-07 09:30:00.390,4.824,600
2020-09-07 09:30:00.390,4.824,100
2020-09-07 09:30:00.390,4.825,6000
2020-09-07 09:30:00.390,4.825,1000
2020-09-07 09:30:00.390,4.825,10000
2020-09-07 09:30:00.390,4.825,15000
2020-09-07 09:30:00.390,4.825,7000
2020-09-07 09:30:00.390,4.825,15900
2020-09-07 09:30:00.390,4.825,33900
2020-09-07 09:30:00.390,4.825,9500
2020-09-07 09:30:00.390,4.825,5100
2020-09-07 09:30:00.390,4.825,100
2020-09-07 09:30:00.390,4.825,500
2020-09-07 09:30:00.390,4.825,1900
2020-09-07 09:30:00.390,4.825,5000
2020-09-07 09:30:00.390,4.826,1500
2020-09-07 09:30:00.390,4.826,31000
2020-09-07 09:30:00.490,4.826,3600
2020-09-07 09:30:00.610,4.826,6000
2020-09-07 09:30:00.610,4.826,5000
2020-09-07 09:30:00.730,4.826,23000
2020-09-07 09:30:00.730,4.827,6300
2020-09-07 09:30:00.880,4.826,8600
2020-09-07 09:30:00.990,4.826,400
2020-09-07 09:30:00.990,4.826,93300
2020-09-07 09:30:00.990,4.823,6700
2020-09-07 09:30:00.990,4.823,2000
2020-09-07 09:30:00.990,4.823,3800
2020-09-07 09:30:00.990,4.823,30000
2020-09-07 09:30:01.110,4.823,1600
2020-09-07 09:30:01.110,4.823,14200
2020-09-07 09:30:01.110,4.823,900
2020-09-07 09:30:01.220,4.823,500
2020-09-07 09:30:01.220,4.823,2000
2020-09-07 09:30:01.220,4.823,63000
2020-09-07 09:30:01.220,4.823,11000
2020-09-07 09:30:01.340,4.823,44200
2020-09-07 09:30:01.450,4.823,9900
2020-09-07 09:30:01.450,4.822,2600
2020-09-07 09:30:01.450,4.821,300
2020-09-07 09:30:01.450,4.821,100
2020-09-07 09:30:01.450,4.821,2100
2020-09-07 09:30:01.450,4.821,3600
2020-09-07 09:30:01.450,4.821,100
2020-09-07 09:30:01.450,4.82,2800
2020-09-07 09:30:01.450,4.82,200
2020-09-07 09:30:01.450,4.82,100
2020-09-07 09:30:01.450,4.82,100
2020-09-07 09:30:01.450,4.82,400
2020-09-07 09:30:01.450,4.82,2000
2020-09-07 09:30:01.450,4.82,15700
2020-09-07 09:30:01.680,4.821,1900
2020-09-07 09:30:01.680,4.821,1500
2020-09-07 09:30:01.680,4.821,800
2020-09-07 09:30:01.820,4.821,900
2020-09-07 09:30:01.820,4.821,100
2020-09-07 09:30:01.820,4.824,200
2020-09-07 09:30:01.950,4.824,1000
2020-09-07 09:30:01.950,4.824,1000
2020-09-07 09:30:02.070,4.824,200000
2020-09-07 09:30:02.070,4.824,200
2020-09-07 09:30:02.070,4.824,700
2020-09-07 09:30:02.070,4.827,200
2020-09-07 09:30:02.070,4.824,1000
2020-09-07 09:30:02.310,4.825,10000
2020-09-07 09:30:02.430,4.825,10000
2020-09-07 09:30:02.430,4.825,13000
2020-09-07 09:30:02.570,4.825,5300
2020-09-07 09:30:02.570,4.825,30000
2020-09-07 09:30:02.570,4.825,6000
2020-09-07 09:30:02.680,4.825,1300
2020-09-07 09:30:02.800,4.825,15300
2020-09-07 09:30:02.800,4.825,90000
2020-09-07 09:30:02.800,4.825,5000
2020-09-07 09:30:02.800,4.825,1600
2020-09-07 09:30:02.960,4.825,10000
2020-09-07 09:30:03.020,4.825,95100
2020-09-07 09:30:03.020,4.825,7400
2020-09-07 09:30:03.020,4.824,22600
2020-09-07 09:30:03.020,4.827,2000
2020-09-07 09:30:03.130,4.824,6000
2020-09-07 09:30:03.130,4.824,10000
2020-09-07 09:30:03.130,4.824,140000
2020-09-07 09:30:03.250,4.824,3000
2020-09-07 09:30:03.250,4.824,200
2020-09-07 09:30:03.250,4.824,800
2020-09-07 09:30:03.250,4.824,2100
2020-09-07 09:30:03.380,4.824,900
2020-09-07 09:30:03.380,4.824,2000
2020-09-07 09:30:03.490,4.824,112400
2020-09-07 09:30:03.490,4.824,80900
2020-09-07 09:30:03.490,4.824,1100
2020-09-07 09:30:03.490,4.827,200
2020-09-07 09:30:03.630,4.824,10000
2020-09-07 09:30:03.630,4.824,2000
2020-09-07 09:30:03.630,4.824,3000
2020-09-07 09:30:03.720,4.824,3700
2020-09-07 09:30:03.720,4.824,200
2020-09-07 09:30:03.720,4.824,2800
2020-09-07 09:30:03.840,4.824,80000
2020-09-07 09:30:03.840,4.824,107300
2020-09-07 09:30:03.840,4.824,77500
2020-09-07 09:30:03.840,4.824,200
2020-09-07 09:30:03.970,4.827,4400
2020-09-07 09:30:03.970,4.827,100
2020-09-07 09:30:03.970,4.827,1000
2020-09-07 09:30:03.970,4.827,65500
2020-09-07 09:30:03.970,4.824,100
2020-09-07 09:30:04.260,4.824,50000
2020-09-07 09:30:04.320,4.824,8400
2020-09-07 09:30:04.320,4.824,184800
2020-09-07 09:30:04.440,4.823,4200
2020-09-07 09:30:04.560,4.823,1000
2020-09-07 09:30:04.740,4.823,27400
2020-09-07 09:30:04.860,4.823,2500
2020-09-07 09:30:05.030,4.823,2100
2020-09-07 09:30:05.030,4.823,3000
2020-09-07 09:30:05.130,4.823,2500
2020-09-07 09:30:05.300,4.827,1300
2020-09-07 09:30:05.300,4.827,700
2020-09-07 09:30:05.300,4.823,100
2020-09-07 09:30:05.300,4.823,10000
2020-09-07 09:30:05.300,4.823,10000
2020-09-07 09:30:05.420,4.823,3000
2020-09-07 09:30:05.530,4.825,400
2020-09-07 09:30:05.530,4.825,100
2020-09-07 09:30:05.530,4.823,1900
2020-09-07 09:30:05.530,4.823,100
2020-09-07 09:30:05.660,4.823,10000
2020-09-07 09:30:05.660,4.823,2200
2020-09-07 09:30:05.660,4.823,11100
2020-09-07 09:30:05.750,4.823,46200
2020-09-07 09:30:05.780,4.822,2300
2020-09-07 09:30:05.780,4.827,4800
2020-09-07 09:30:05.780,4.827,36700
2020-09-07 09:30:05.780,4.827,79300
2020-09-07 09:30:05.780,4.827,10600
2020-09-07 09:30:05.780,4.827,4000
2020-09-07 09:30:05.780,4.827,5000
2020-09-07 09:30:05.860,4.827,1000
2020-09-07 09:30:05.890,4.827,12000
2020-09-07 09:30:06.000,4.827,900
2020-09-07 09:30:06.000,4.827,9400
2020-09-07 09:30:06.000,4.827,2000
2020-09-07 09:30:06.230,4.827,2000
2020-09-07 09:30:06.380,4.827,20000
2020-09-07 09:30:06.640,4.827,20000
2020-09-07 09:30:07.180,4.827,10000
2020-09-07 09:30:07.500,4.827,2000
2020-09-07 09:30:07.720,4.827,10000
2020-09-07 09:30:08.410,4.827,1000
2020-09-07 09:30:08.410,4.826,3100
2020-09-07 09:30:08.410,4.828,20000
2020-09-07 09:30:08.410,4.828,1000
2020-09-07 09:30:08.410,4.828,400
2020-09-07 09:30:08.410,4.828,5000
2020-09-07 09:30:08.410,4.828,1000
2020-09-07 09:30:08.410,4.828,100
2020-09-07 09:30:08.410,4.828,900
2020-09-07 09:30:08.410,4.828,200
2020-09-07 09:30:08.410,4.828,100
2020-09-07 09:30:08.410,4.828,200
2020-09-07 09:30:08.410,4.828,400
2020-09-07 09:30:08.410,4.828,8100
2020-09-07 09:30:08.410,4.828,7500
2020-09-07 09:30:08.410,4.828,30000
2020-09-07 09:30:08.410,4.828,20000
2020-09-07 09:30:08.410,4.828,220100
2020-09-07 09:30:08.470,4.827,33600
2020-09-07 09:30:08.640,4.828,315000
2020-09-07 09:30:08.740,4.828,86100
2020-09-07 09:30:08.740,4.828,2000
2020-09-07 09:30:08.740,4.828,300
2020-09-07 09:30:09.100,4.825,1000
2020-09-07 09:30:09.450,4.825,1000
2020-09-07 09:30:09.500,4.825,1900
2020-09-07 09:30:09.870,4.828,2400
2020-09-07 09:30:09.870,4.828,900
2020-09-07 09:30:09.870,4.829,100
2020-09-07 09:30:09.870,4.829,300
2020-09-07 09:30:09.870,4.829,2100
2020-09-07 09:30:09.870,4.829,300
2020-09-07 09:30:09.870,4.829,300
2020-09-07 09:30:09.870,4.829,14000
2020-09-07 09:30:09.870,4.829,1300
2020-09-07 09:30:11.670,4.829,6700
2020-09-07 09:30:11.670,4.829,200
2020-09-07 09:30:11.670,4.829,300
2020-09-07 09:30:11.670,4.829,6600
2020-09-07 09:30:11.670,4.829,400
2020-09-07 09:30:11.670,4.829,5000
2020-09-07 09:30:11.670,4.829,200
2020-09-07 09:30:11.670,4.829,1200
2020-09-07 09:30:11.670,4.829,1200
2020-09-07 09:30:11.670,4.829,100
2020-09-07 09:30:11.670,4.829,200
2020-09-07 09:30:11.670,4.829,2000
2020-09-07 09:30:11.670,4.829,400
2020-09-07 09:30:11.670,4.829,100
2020-09-07 09:30:11.670,4.829,300
2020-09-07 09:30:11.670,4.829,20000
2020-09-07 09:30:11.670,4.829,20000
2020-09-07 09:30:11.670,4.829,100
2020-09-07 09:30:11.670,4.829,900
2020-09-07 09:30:11.670,4.829,600
2020-09-07 09:30:11.670,4.829,200
2020-09-07 09:30:11.670,4.829,3000
2020-09-07 09:30:11.670,4.83,7000
2020-09-07 09:30:11.670,4.83,41500
2020-09-07 09:30:11.670,4.83,400
2020-09-07 09:30:11.670,4.83,100
2020-09-07 09:30:11.670,4.83,600
2020-09-07 09:30:11.670,4.83,500
2020-09-07 09:30:11.670,4.83,100
2020-09-07 09:30:11.670,4.83,200
2020-09-07 09:30:11.670,4.83,10000
2020-09-07 09:30:11.670,4.83,300
2020-09-07 09:30:11.670,4.83,12200
2020-09-07 09:30:11.670,4.83,200
2020-09-07 09:30:11.670,4.83,200
2020-09-07 09:30:12.220,4.828,2500
2020-09-07 09:30:12.910,4.827,292100
2020-09-07 09:30:13.160,4.827,10200
2020-09-07 09:30:13.460,4.827,300
2020-09-07 09:30:14.160,4.827,28000
2020-09-07 09:30:14.980,4.827,16900
2020-09-07 09:30:16.350,4.829,1200
2020-09-07 09:30:18.270,4.827,1500
2020-09-07 09:30:18.270,4.825,8500
2020-09-07 09:30:19.270,4.829,400
2020-09-07 09:30:22.700,4.829,2000
2020-09-07 09:30:23.150,4.829,100
2020-09-07 09:30:24.120,4.827,10000
2020-09-07 09:30:24.120,4.827,23000
2020-09-07 09:30:25.570,4.827,3000
2020-09-07 09:30:25.770,4.828,2000
2020-09-07 09:30:27.110,4.827,1000
2020-09-07 09:30:28.490,4.828,300
2020-09-07 09:30:28.950,4.827,1000
2020-09-07 09:30:28.950,4.827,5000
2020-09-07 09:30:28.950,4.827,30000
2020-09-07 09:30:28.950,4.827,2000
2020-09-07 09:30:28.950,4.827,2000
2020-09-07 09:30:29.780,4.827,500
2020-09-07 09:30:29.780,4.825,21500
2020-09-07 09:30:31.010,4.827,10000
2020-09-07 09:30:31.460,4.828,2700
2020-09-07 09:30:31.460,4.828,10000
2020-09-07 09:30:31.460,4.829,8500
2020-09-07 09:30:31.460,4.829,17000
2020-09-07 09:30:31.460,4.829,3000
2020-09-07 09:30:31.460,4.829,2000
2020-09-07 09:30:31.460,4.829,3200
2020-09-07 09:30:34.330,4.828,400
2020-09-07 09:30:34.510,4.828,100
2020-09-07 09:30:34.510,4.828,1900
2020-09-07 09:30:34.850,4.828,8100
2020-09-07 09:30:34.870,4.828,1900
2020-09-07 09:30:35.200,4.828,1800
2020-09-07 09:30:36.090,4.828,1000
2020-09-07 09:30:36.660,4.829,3800
2020-09-07 09:30:36.660,4.829,6200
2020-09-07 09:30:37.070,4.829,5500
2020-09-07 09:30:37.450,4.827,10000
2020-09-07 09:30:37.590,4.827,2000
2020-09-07 09:30:37.740,4.829,8300
2020-09-07 09:30:37.740,4.829,3500
2020-09-07 09:30:37.740,4.829,10300
2020-09-07 09:30:37.740,4.829,5900
2020-09-07 09:30:39.750,4.827,50000
2020-09-07 09:30:39.780,4.828,3500
2020-09-07 09:30:39.780,4.828,800
2020-09-07 09:30:40.010,4.828,1500
2020-09-07 09:30:40.080,4.828,17700
2020-09-07 09:30:40.080,4.828,4700
2020-09-07 09:30:40.080,4.829,5600
2020-09-07 09:30:42.210,4.827,70000
2020-09-07 09:30:42.260,4.827,1200
2020-09-07 09:30:42.360,4.828,11400
2020-09-07 09:30:42.360,4.828,3800
2020-09-07 09:30:42.360,4.829,8500
2020-09-07 09:30:42.360,4.829,200
2020-09-07 09:30:42.360,4.829,500
2020-09-07 09:30:42.360,4.829,3600
2020-09-07 09:30:42.580,4.829,3400
2020-09-07 09:30:42.580,4.829,1600
2020-09-07 09:30:44.110,4.829,500
2020-09-07 09:30:44.480,4.828,1000
2020-09-07 09:30:45.510,4.829,900
2020-09-07 09:30:45.510,4.829,100
2020-09-07 09:30:45.510,4.829,500
2020-09-07 09:30:45.510,4.83,100
2020-09-07 09:30:45.510,4.83,100
2020-09-07 09:30:45.510,4.83,900
2020-09-07 09:30:45.510,4.83,6500
2020-09-07 09:30:45.510,4.83,200
2020-09-07 09:30:45.510,4.83,2800
2020-09-07 09:30:45.510,4.83,100
2020-09-07 09:30:45.510,4.83,100
2020-09-07 09:30:45.510,4.83,400
2020-09-07 09:30:45.510,4.83,300
2020-09-07 09:30:45.510,4.83,1800
2020-09-07 09:30:45.510,4.83,1200
2020-09-07 09:30:45.510,4.83,700
2020-09-07 09:30:45.510,4.83,100
2020-09-07 09:30:45.510,4.83,600
2020-09-07 09:30:45.510,4.83,3000
2020-09-07 09:30:45.510,4.83,200
2020-09-07 09:30:45.510,4.83,100
2020-09-07 09:30:45.510,4.83,2000
2020-09-07 09:30:45.510,4.83,2200
2020-09-07 09:30:45.510,4.83,10000
2020-09-07 09:30:45.510,4.83,1000
2020-09-07 09:30:45.510,4.83,300
2020-09-07 09:30:45.510,4.83,100
2020-09-07 09:30:45.510,4.83,1000
2020-09-07 09:30:45.510,4.83,400
2020-09-07 09:30:45.510,4.83,500
2020-09-07 09:30:45.510,4.83,200
2020-09-07 09:30:45.510,4.83,1000
2020-09-07 09:30:45.510,4.83,100
2020-09-07 09:30:45.510,4.83,100
2020-09-07 09:30:45.510,4.83,2400
2020-09-07 09:30:45.580,4.828,600
2020-09-07 09:30:45.580,4.828,1500
2020-09-07 09:30:45.670,4.828,100
2020-09-07 09:30:45.790,4.828,2000
2020-09-07 09:30:47.140,4.829,200
2020-09-07 09:30:47.140,4.829,1600
2020-09-07 09:30:48.180,4.829,700
2020-09-07 09:30:49.160,4.829,200
2020-09-07 09:30:49.160,4.829,100
2020-09-07 09:30:49.430,4.829,1000
2020-09-07 09:30:49.490,4.829,28000
2020-09-07 09:30:50.780,4.829,100
2020-09-07 09:30:51.210,4.829,300
2020-09-07 09:30:51.210,4.829,300
2020-09-07 09:30:51.500,4.829,2000
2020-09-07 09:30:51.500,4.829,26000
2020-09-07 09:30:53.410,4.829,9000
2020-09-07 09:30:53.410,4.829,400
2020-09-07 09:30:53.410,4.829,600
2020-09-07 09:30:53.550,4.829,3400
2020-09-07 09:30:53.550,4.829,10000
2020-09-07 09:30:55.220,4.829,20000
2020-09-07 09:30:55.220,4.828,70000
2020-09-07 09:30:55.700,4.828,2000
2020-09-07 09:30:56.200,4.829,100
2020-09-07 09:30:56.200,4.829,27900
2020-09-07 09:30:56.410,4.829,171600
2020-09-07 09:30:56.660,4.829,2100
2020-09-07 09:30:57.190,4.83,3500
2020-09-07 09:30:57.190,4.83,3000
2020-09-07 09:30:57.190,4.83,100
2020-09-07 09:30:57.190,4.83,300
2020-09-07 09:30:57.190,4.83,3100
2020-09-07 09:30:57.620,4.829,3000
2020-09-07 09:30:57.980,4.829,4500
2020-09-07 09:30:58.130,4.829,1900
2020-09-07 09:30:58.130,4.83,6900
2020-09-07 09:30:58.130,4.83,15000
2020-09-07 09:30:58.130,4.83,1000
2020-09-07 09:30:58.130,4.83,3200
2020-09-07 09:30:58.930,4.829,100
2020-09-07 09:30:58.950,4.828,1000
2020-09-07 09:31:00.250,4.829,2400
2020-09-07 09:31:00.250,4.829,6000
2020-09-07 09:31:00.250,4.83,16100
2020-09-07 09:31:00.250,4.83,3500
2020-09-07 09:31:01.060,4.829,1800
2020-09-07 09:31:01.060,4.83,1200
2020-09-07 09:31:02.810,4.829,1300
2020-09-07 09:31:04.430,4.83,3300
2020-09-07 09:31:04.430,4.83,24700
2020-09-07 09:31:06.600,4.83,20800
2020-09-07 09:31:06.600,4.83,4500
2020-09-07 09:31:06.600,4.83,2000
2020-09-07 09:31:06.600,4.83,5700
2020-09-07 09:31:06.990,4.829,7000
2020-09-07 09:31:07.200,4.829,100
2020-09-07 09:31:07.410,4.829,3000
2020-09-07 09:31:08.940,4.83,100
2020-09-07 09:31:09.130,4.829,3000
2020-09-07 09:31:09.210,4.829,15600
2020-09-07 09:31:09.210,4.829,400
2020-09-07 09:31:09.210,4.829,100
2020-09-07 09:31:09.210,4.829,2000
2020-09-07 09:31:09.210,4.829,2000
2020-09-07 09:31:09.210,4.829,279900
2020-09-07 09:31:09.980,4.83,5000
2020-09-07 09:31:10.570,4.83,500
2020-09-07 09:31:10.900,4.83,3000
2020-09-07 09:31:10.970,4.829,2500
2020-09-07 09:31:12.410,4.829,1000
2020-09-07 09:31:13.010,4.829,200
2020-09-07 09:31:13.330,4.829,200
2020-09-07 09:31:13.860,4.829,6100
2020-09-07 09:31:13.860,4.829,13900
2020-09-07 09:31:14.050,4.829,2200
2020-09-07 09:31:14.750,4.829,600
2020-09-07 09:31:14.820,4.829,13300
2020-09-07 09:31:14.820,4.829,900
2020-09-07 09:31:14.820,4.829,15800
2020-09-07 09:31:15.350,4.83,31900
2020-09-07 09:31:15.350,4.83,500
2020-09-07 09:31:15.350,4.83,1000
2020-09-07 09:31:15.350,4.83,4900
2020-09-07 09:31:15.350,4.83,3700
2020-09-07 09:31:15.630,4.829,4100
2020-09-07 09:31:15.750,4.83,1300
2020-09-07 09:31:15.750,4.83,1000
2020-09-07 09:31:15.750,4.83,100
2020-09-07 09:31:15.750,4.83,2000
2020-09-07 09:31:15.750,4.83,300
2020-09-07 09:31:15.900,4.83,2000
2020-09-07 09:31:16.230,4.83,1700
2020-09-07 09:31:16.530,4.83,1600
2020-09-07 09:31:16.530,4.83,200
2020-09-07 09:31:16.530,4.829,3200
2020-09-07 09:31:16.960,4.829,1000
2020-09-07 09:31:17.330,4.829,3600
2020-09-07 09:31:18.630,4.83,1300
2020-09-07 09:31:18.720,4.83,100
2020-09-07 09:31:18.720,4.829,2000
2020-09-07 09:31:19.380,4.83,600
2020-09-07 09:31:20.080,4.83,1800
2020-09-07 09:31:20.260,4.83,1200
2020-09-07 09:31:20.260,4.83,3000
2020-09-07 09:31:20.260,4.831,600
2020-09-07 09:31:20.260,4.831,100
2020-09-07 09:31:20.260,4.831,100
2020-09-07 09:31:20.260,4.831,6600
2020-09-07 09:31:21.050,4.829,700
2020-09-07 09:31:21.860,4.829,300
2020-09-07 09:31:21.860,4.829,7100
2020-09-07 09:31:21.860,4.829,100
2020-09-07 09:31:22.730,4.828,900
2020-09-07 09:31:22.730,4.828,2000
2020-09-07 09:31:22.730,4.828,3000
2020-09-07 09:31:22.730,4.828,100
2020-09-07 09:31:22.730,4.828,2100
2020-09-07 09:31:22.730,4.828,15000
2020-09-07 09:31:22.730,4.828,2000
2020-09-07 09:31:22.730,4.828,1000
2020-09-07 09:31:22.730,4.828,50000
2020-09-07 09:31:22.730,4.827,300
2020-09-07 09:31:22.730,4.827,300
2020-09-07 09:31:23.140,4.827,200
2020-09-07 09:31:23.140,4.827,1200
2020-09-07 09:31:24.040,4.827,30000
2020-09-07 09:31:24.040,4.827,40000
2020-09-07 09:31:24.090,4.827,300
2020-09-07 09:31:25.370,4.827,100
2020-09-07 09:31:26.310,4.827,500
2020-09-07 09:31:28.180,4.826,1000
2020-09-07 09:31:30.090,4.826,2000
2020-09-07 09:31:32.740,4.826,400
2020-09-07 09:31:33.330,4.825,10300
2020-09-07 09:31:33.330,4.824,1300
2020-09-07 09:31:34.360,4.824,800
2020-09-07 09:31:34.360,4.824,2000
2020-09-07 09:31:34.360,4.824,30000
2020-09-07 09:31:34.360,4.824,200
2020-09-07 09:31:34.510,4.825,1000
2020-09-07 09:31:34.770,4.825,9000
2020-09-07 09:31:34.770,4.826,1000
2020-09-07 09:31:35.010,4.826,1200
2020-09-07 09:31:35.190,4.826,100
2020-09-07 09:31:35.540,4.826,200
2020-09-07 09:31:35.730,4.825,100
2020-09-07 09:31:35.960,4.824,1000
2020-09-07 09:31:36.950,4.825,9900
2020-09-07 09:31:37.970,4.825,1400
2020-09-07 09:31:38.620,4.825,100
2020-09-07 09:31:39.950,4.824,5000
2020-09-07 09:31:40.230,4.824,4000
2020-09-07 09:31:40.860,4.824,1000
2020-09-07 09:31:41.110,4.825,1400
2020-09-07 09:31:41.720,4.825,1000
2020-09-07 09:31:43.410,4.825,1100
2020-09-07 09:31:43.750,4.825,100
2020-09-07 09:31:44.900,4.823,600
2020-09-07 09:31:44.900,4.823,100
2020-09-07 09:31:44.900,4.823,100
2020-09-07 09:31:44.900,4.823,1800
2020-09-07 09:31:44.900,4.823,7400
2020-09-07 09:31:45.470,4.824,1900
2020-09-07 09:31:45.470,4.825,8100
2020-09-07 09:31:45.550,4.825,1000
2020-09-07 09:31:45.930,4.825,1100
2020-09-07 09:31:46.000,4.824,15000
2020-09-07 09:31:47.550,4.825,500
2020-09-07 09:31:47.970,4.825,24200
2020-09-07 09:31:47.970,4.825,3000
2020-09-07 09:31:47.970,4.825,5000
2020-09-07 09:31:47.970,4.825,1000
2020-09-07 09:31:47.970,4.826,4700
2020-09-07 09:31:49.260,4.826,10000
2020-09-07 09:31:50.420,4.825,100
2020-09-07 09:31:50.420,4.825,300
2020-09-07 09:31:50.420,4.825,2400
2020-09-07 09:31:50.440,4.825,3800
2020-09-07 09:31:50.440,4.824,2000
2020-09-07 09:31:50.440,4.824,30000
2020-09-07 09:31:50.440,4.824,40000
2020-09-07 09:31:51.020,4.823,1900
2020-09-07 09:31:51.320,4.823,4000
2020-09-07 09:31:51.620,4.823,4000
2020-09-07 09:31:52.900,4.823,6300
2020-09-07 09:31:53.360,4.824,7500
2020-09-07 09:31:53.990,4.824,1100
2020-09-07 09:31:54.940,4.824,200
2020-09-07 09:31:55.200,4.824,400
2020-09-07 09:31:55.270,4.824,700
2020-09-07 09:31:56.120,4.823,50000
2020-09-07 09:31:56.120,4.823,2000
2020-09-07 09:31:56.120,4.823,1000
2020-09-07 09:31:56.440,4.822,14600
2020-09-07 09:31:56.460,4.823,6700
2020-09-07 09:31:57.450,4.823,200
2020-09-07 09:31:57.470,4.823,1200
2020-09-07 09:31:57.690,4.823,5000
2020-09-07 09:31:58.250,4.823,1000
2020-09-07 09:31:58.520,4.822,1100
2020-09-07 09:31:58.520,4.822,6000
2020-09-07 09:31:58.520,4.822,20800
2020-09-07 09:31:58.520,4.822,156700
2020-09-07 09:31:59.040,4.823,20000
2020-09-07 09:32:00.610,4.822,200
2020-09-07 09:32:01.300,4.822,4800
2020-09-07 09:32:01.300,4.822,1400
2020-09-07 09:32:02.080,4.821,44800
2020-09-07 09:32:02.080,4.821,100
2020-09-07 09:32:02.080,4.821,22700
2020-09-07 09:32:02.080,4.821,100
2020-09-07 09:32:02.080,4.821,100
2020-09-07 09:32:02.080,4.821,100
2020-09-07 09:32:02.080,4.821,2000
2020-09-07 09:32:02.080,4.821,4400
2020-09-07 09:32:02.080,4.821,100
2020-09-07 09:32:02.080,4.821,10400
2020-09-07 09:32:02.080,4.821,100
2020-09-07 09:32:02.080,4.821,10000
2020-09-07 09:32:02.080,4.821,2000
2020-09-07 09:32:02.080,4.821,1000
2020-09-07 09:32:02.080,4.821,500
2020-09-07 09:32:02.080,4.821,200
2020-09-07 09:32:02.080,4.821,500
2020-09-07 09:32:02.080,4.821,2200
2020-09-07 09:32:02.080,4.821,300
2020-09-07 09:32:02.080,4.821,4000
2020-09-07 09:32:02.080,4.821,3000
2020-09-07 09:32:02.080,4.821,200
2020-09-07 09:32:02.080,4.821,200
2020-09-07 09:32:02.080,4.821,200
2020-09-07 09:32:02.080,4.821,1900
2020-09-07 09:32:02.080,4.821,50000
2020-09-07 09:32:02.700,4.82,200
2020-09-07 09:32:03.160,4.821,300
2020-09-07 09:32:04.150,4.82,11200
2020-09-07 09:32:04.150,4.82,12000
2020-09-07 09:32:04.150,4.82,200
2020-09-07 09:32:04.150,4.82,3000
2020-09-07 09:32:04.150,4.82,100
2020-09-07 09:32:04.150,4.82,50000
2020-09-07 09:32:04.150,4.82,400
2020-09-07 09:32:04.150,4.82,1000
2020-09-07 09:32:04.150,4.82,100
2020-09-07 09:32:04.150,4.82,12700
2020-09-07 09:32:04.150,4.82,2500
2020-09-07 09:32:04.150,4.82,12700
2020-09-07 09:32:04.150,4.82,2000
2020-09-07 09:32:04.150,4.82,100
2020-09-07 09:32:04.150,4.82,100
2020-09-07 09:32:04.150,4.82,10500
2020-09-07 09:32:04.150,4.82,5000
2020-09-07 09:32:04.150,4.82,10000
2020-09-07 09:32:04.150,4.82,600
2020-09-07 09:32:04.150,4.82,100
2020-09-07 09:32:04.150,4.82,100
2020-09-07 09:32:04.150,4.82,500
2020-09-07 09:32:04.150,4.82,180100
2020-09-07 09:32:04.270,4.821,700
2020-09-07 09:32:05.020,4.821,5000
2020-09-07 09:32:05.460,4.821,500
2020-09-07 09:32:05.730,4.82,57400
2020-09-07 09:32:05.730,4.82,1000
2020-09-07 09:32:05.730,4.82,3000
2020-09-07 09:32:05.730,4.82,4100
2020-09-07 09:32:05.730,4.82,600
2020-09-07 09:32:05.730,4.82,3000
2020-09-07 09:32:05.730,4.82,15000
2020-09-07 09:32:05.730,4.82,100
2020-09-07 09:32:05.730,4.82,100
2020-09-07 09:32:05.730,4.82,4000
2020-09-07 09:32:05.730,4.82,200
2020-09-07 09:32:05.730,4.82,500
2020-09-07 09:32:05.730,4.82,6500
2020-09-07 09:32:05.730,4.82,1000
2020-09-07 09:32:05.730,4.82,300
2020-09-07 09:32:05.730,4.82,200
2020-09-07 09:32:05.730,4.82,2000
2020-09-07 09:32:05.730,4.82,100
2020-09-07 09:32:05.730,4.82,500
2020-09-07 09:32:05.730,4.82,1000
2020-09-07 09:32:05.730,4.82,1000
2020-09-07 09:32:05.730,4.82,100
2020-09-07 09:32:05.890,4.82,17000
2020-09-07 09:32:05.970,4.82,200
2020-09-07 09:32:06.170,4.82,3000
2020-09-07 09:32:06.230,4.82,200
2020-09-07 09:32:07.120,4.82,2500
2020-09-07 09:32:08.320,4.82,300
2020-09-07 09:32:08.590,4.819,1200
2020-09-07 09:32:10.120,4.82,100
2020-09-07 09:32:10.270,4.82,2000
2020-09-07 09:32:10.710,4.82,100
2020-09-07 09:32:10.710,4.82,500
2020-09-07 09:32:10.710,4.82,1000
2020-09-07 09:32:11.950,4.82,500
2020-09-07 09:32:12.320,4.82,1000
2020-09-07 09:32:12.540,4.819,5800
2020-09-07 09:32:12.540,4.819,2200
2020-09-07 09:32:12.540,4.819,10000
2020-09-07 09:32:12.540,4.819,4200
2020-09-07 09:32:12.540,4.819,700
2020-09-07 09:32:12.540,4.819,21100
2020-09-07 09:32:12.590,4.819,1100
2020-09-07 09:32:12.590,4.819,400
2020-09-07 09:32:12.590,4.82,500
2020-09-07 09:32:12.590,4.821,8500
2020-09-07 09:32:12.960,4.82,1000
2020-09-07 09:32:13.350,4.82,5800
2020-09-07 09:32:14.820,4.82,5700
2020-09-07 09:32:14.840,4.82,12700
2020-09-07 09:32:15.270,4.82,8800
2020-09-07 09:32:15.270,4.82,1200
2020-09-07 09:32:16.060,4.82,500
2020-09-07 09:32:16.650,4.82,4000
2020-09-07 09:32:16.650,4.82,15700
2020-09-07 09:32:17.020,4.821,10000
2020-09-07 09:32:17.840,4.82,62400
2020-09-07 09:32:19.680,4.82,9000
2020-09-07 09:32:19.680,4.82,800
2020-09-07 09:32:22.450,4.82,10000
2020-09-07 09:32:22.850,4.82,69700
2020-09-07 09:32:22.850,4.82,4300
2020-09-07 09:32:22.850,4.82,100
2020-09-07 09:32:22.850,4.82,100
2020-09-07 09:32:22.850,4.82,25800
2020-09-07 09:32:24.360,4.821,10000
2020-09-07 09:32:25.640,4.821,200
2020-09-07 09:32:25.640,4.821,700
2020-09-07 09:32:25.840,4.821,1000
2020-09-07 09:32:26.700,4.821,300
2020-09-07 09:32:26.700,4.821,200
2020-09-07 09:32:27.600,4.821,18000
2020-09-07 09:32:30.060,4.822,100
2020-09-07 09:32:31.240,4.822,13500
2020-09-07 09:32:31.300,4.821,5000
2020-09-07 09:32:32.620,4.821,6800
2020-09-07 09:32:32.620,4.821,300
2020-09-07 09:32:32.620,4.821,100
2020-09-07 09:32:32.620,4.821,4000
2020-09-07 09:32:32.800,4.82,1100
2020-09-07 09:32:33.420,4.82,2000
2020-09-07 09:32:33.420,4.82,24700
2020-09-07 09:32:33.420,4.82,25300
2020-09-07 09:32:34.310,4.821,200
2020-09-07 09:32:35.230,4.82,129200
2020-09-07 09:32:38.400,4.821,400
2020-09-07 09:32:38.400,4.821,600
2020-09-07 09:32:39.950,4.821,100
2020-09-07 09:32:39.950,4.821,10000
2020-09-07 09:32:39.950,4.821,200
2020-09-07 09:32:39.950,4.821,9700
2020-09-07 09:32:40.980,4.821,74300
2020-09-07 09:32:40.980,4.821,200
2020-09-07 09:32:40.980,4.821,2600
2020-09-07 09:32:40.980,4.821,133900
2020-09-07 09:32:41.170,4.821,30000
2020-09-07 09:32:41.170,4.821,59000
2020-09-07 09:32:41.170,4.821,41000
2020-09-07 09:32:42.190,4.822,5000
2020-09-07 09:32:42.190,4.822,10000
2020-09-07 09:32:42.190,4.822,4200
2020-09-07 09:32:42.190,4.822,800
2020-09-07 09:32:43.250,4.821,5000
2020-09-07 09:32:45.470,4.821,24800
2020-09-07 09:32:46.010,4.822,7100
2020-09-07 09:32:46.010,4.822,800
2020-09-07 09:32:46.890,4.822,200
2020-09-07 09:32:47.410,4.822,7300
2020-09-07 09:32:49.030,4.823,600
2020-09-07 09:32:49.240,4.823,2000
2020-09-07 09:32:52.720,4.823,1600
2020-09-07 09:32:52.740,4.823,2000
2020-09-07 09:32:55.030,4.824,3600
2020-09-07 09:32:55.680,4.823,2000
2020-09-07 09:32:56.960,4.824,100
2020-09-07 09:32:57.150,4.824,100
2020-09-07 09:32:57.800,4.823,2500
2020-09-07 09:32:58.960,4.823,300
2020-09-07 09:32:59.040,4.823,100
2020-09-07 09:32:59.140,4.824,500
2020-09-07 09:32:59.210,4.823,7200
2020-09-07 09:32:59.500,4.824,100
2020-09-07 09:33:01.490,4.823,1400
2020-09-07 09:33:01.950,4.823,1800
2020-09-07 09:33:02.540,4.824,3600
2020-09-07 09:33:02.840,4.823,5000
2020-09-07 09:33:03.700,4.823,3000
2020-09-07 09:33:03.810,4.823,3000
2020-09-07 09:33:04.560,4.824,10000
2020-09-07 09:33:05.540,4.823,267500
2020-09-07 09:33:05.540,4.823,500
2020-09-07 09:33:05.540,4.823,3000
2020-09-07 09:33:06.100,4.822,2000
2020-09-07 09:33:06.570,4.823,10000
2020-09-07 09:33:06.730,4.823,500
2020-09-07 09:33:06.730,4.824,99500
2020-09-07 09:33:08.340,4.823,400
2020-09-07 09:33:08.980,4.823,3300
2020-09-07 09:33:11.350,4.822,300
2020-09-07 09:33:11.350,4.822,20000
2020-09-07 09:33:11.350,4.822,2500
2020-09-07 09:33:11.580,4.823,2900
2020-09-07 09:33:11.580,4.824,1600
2020-09-07 09:33:11.810,4.824,20700
2020-09-07 09:33:11.860,4.822,100
2020-09-07 09:33:11.860,4.822,100
2020-09-07 09:33:11.860,4.822,100
2020-09-07 09:33:11.860,4.822,100
2020-09-07 09:33:11.890,4.822,100
2020-09-07 09:33:11.940,4.824,3000
2020-09-07 09:33:12.880,4.823,7000
2020-09-07 09:33:12.880,4.824,3000
2020-09-07 09:33:14.000,4.822,7300
2020-09-07 09:33:14.000,4.822,2000
2020-09-07 09:33:14.000,4.822,200
2020-09-07 09:33:14.000,4.822,1000
2020-09-07 09:33:14.000,4.822,100
2020-09-07 09:33:14.000,4.821,1000
2020-09-07 09:33:14.000,4.821,51500
2020-09-07 09:33:14.810,4.821,3000
2020-09-07 09:33:15.020,4.823,400
2020-09-07 09:33:15.020,4.824,19600
2020-09-07 09:33:15.400,4.824,200
2020-09-07 09:33:15.600,4.822,15000
2020-09-07 09:33:16.520,4.822,1000
2020-09-07 09:33:16.580,4.821,6200
2020-09-07 09:33:17.520,4.822,199200
2020-09-07 09:33:19.190,4.821,200
2020-09-07 09:33:19.400,4.821,2100
2020-09-07 09:33:20.610,4.823,400
2020-09-07 09:33:20.610,4.823,10000
2020-09-07 09:33:20.610,4.824,139700
2020-09-07 09:33:22.040,4.823,200
2020-09-07 09:33:23.000,4.824,38200
2020-09-07 09:33:23.000,4.824,4900
2020-09-07 09:33:23.000,4.824,1000
2020-09-07 09:33:23.000,4.824,5000
2020-09-07 09:33:23.000,4.824,1500
2020-09-07 09:33:23.570,4.824,400
2020-09-07 09:33:23.740,4.824,100000
2020-09-07 09:33:23.950,4.824,7500
2020-09-07 09:33:24.260,4.824,2000
2020-09-07 09:33:24.470,4.824,100
2020-09-07 09:33:25.250,4.824,200
2020-09-07 09:33:25.500,4.824,100
2020-09-07 09:33:26.100,4.823,1000
2020-09-07 09:33:28.150,4.825,3000
2020-09-07 09:33:28.150,4.825,1000
2020-09-07 09:33:28.150,4.825,23200
2020-09-07 09:33:28.150,4.825,500
2020-09-07 09:33:28.150,4.825,800
2020-09-07 09:33:28.150,4.825,2000
2020-09-07 09:33:28.150,4.825,300
2020-09-07 09:33:28.150,4.825,2500
2020-09-07 09:33:28.150,4.826,50000
2020-09-07 09:33:28.150,4.826,300
2020-09-07 09:33:28.150,4.826,3000
2020-09-07 09:33:28.150,4.826,100
2020-09-07 09:33:28.150,4.826,700
2020-09-07 09:33:28.150,4.826,10000
2020-09-07 09:33:28.150,4.826,20000
2020-09-07 09:33:28.150,4.827,32700
2020-09-07 09:33:30.420,4.827,10200
2020-09-07 09:33:30.480,4.825,100
2020-09-07 09:33:30.480,4.823,100
2020-09-07 09:33:30.830,4.825,100
2020-09-07 09:33:30.830,4.824,7500
2020-09-07 09:33:31.650,4.824,300
2020-09-07 09:33:33.080,4.825,1000
2020-09-07 09:33:39.450,4.827,300
2020-09-07 09:33:39.880,4.825,1000
2020-09-07 09:33:39.880,4.825,5100
2020-09-07 09:33:39.880,4.825,3900
2020-09-07 09:33:41.030,4.827,100
2020-09-07 09:33:42.480,4.825,1100
2020-09-07 09:33:42.480,4.825,300
2020-09-07 09:33:42.480,4.825,100
2020-09-07 09:33:42.480,4.825,8500
2020-09-07 09:33:42.720,4.826,300
2020-09-07 09:33:44.240,4.827,7700
2020-09-07 09:33:45.670,4.827,15200
2020-09-07 09:33:45.670,4.827,1000
2020-09-07 09:33:45.670,4.827,5400
2020-09-07 09:33:45.670,4.827,7000
2020-09-07 09:33:45.670,4.826,1000
2020-09-07 09:33:45.720,4.828,200
2020-09-07 09:33:45.720,4.828,1900
2020-09-07 09:33:45.720,4.829,17500
2020-09-07 09:33:45.720,4.829,1300
2020-09-07 09:33:45.720,4.829,5000
2020-09-07 09:33:45.720,4.83,2000
2020-09-07 09:33:45.720,4.83,10000
2020-09-07 09:33:45.720,4.83,20000
2020-09-07 09:33:45.720,4.83,1000
2020-09-07 09:33:45.720,4.83,8000
2020-09-07 09:33:45.720,4.83,100
2020-09-07 09:33:45.720,4.83,5000
2020-09-07 09:33:45.720,4.83,4000
2020-09-07 09:33:45.720,4.83,5200
2020-09-07 09:33:45.720,4.83,3000
2020-09-07 09:33:45.720,4.83,5000
2020-09-07 09:33:45.720,4.83,100
2020-09-07 09:33:45.720,4.83,6500
2020-09-07 09:33:45.720,4.83,15000
2020-09-07 09:33:45.720,4.83,300
2020-09-07 09:33:45.720,4.83,39000
2020-09-07 09:33:48.150,4.828,2000
2020-09-07 09:33:48.490,4.83,5500
2020-09-07 09:33:48.490,4.83,9500
2020-09-07 09:33:51.240,4.829,5000
2020-09-07 09:33:51.930,4.831,10000
2020-09-07 09:33:51.930,4.831,1500
2020-09-07 09:33:51.930,4.831,11600
2020-09-07 09:33:51.930,4.831,6000
2020-09-07 09:33:51.930,4.831,10000
2020-09-07 09:33:51.930,4.831,1000
2020-09-07 09:33:51.930,4.831,800
2020-09-07 09:33:51.930,4.831,200
2020-09-07 09:33:51.930,4.832,200
2020-09-07 09:33:51.930,4.832,3000
2020-09-07 09:33:51.930,4.832,200
2020-09-07 09:33:51.930,4.832,500
2020-09-07 09:33:51.930,4.833,200
2020-09-07 09:33:51.930,4.833,1000
2020-09-07 09:33:51.930,4.833,3800
2020-09-07 09:33:52.270,4.83,23600
2020-09-07 09:33:52.360,4.83,6400
2020-09-07 09:33:52.360,4.829,600
2020-09-07 09:33:53.290,4.831,100
2020-09-07 09:33:53.670,4.831,300
2020-09-07 09:33:56.710,4.831,300
2020-09-07 09:33:57.140,4.831,300
2020-09-07 09:33:57.400,4.834,300
2020-09-07 09:33:57.400,4.834,3500
2020-09-07 09:33:57.400,4.835,100
2020-09-07 09:33:57.400,4.835,100
2020-09-07 09:33:57.400,4.835,32000
2020-09-07 09:33:57.400,4.835,2500
2020-09-07 09:33:57.400,4.835,5000
2020-09-07 09:33:57.400,4.835,400
2020-09-07 09:33:57.400,4.835,2500
2020-09-07 09:33:57.400,4.835,100
2020-09-07 09:33:57.400,4.835,2000
2020-09-07 09:33:57.400,4.835,1000
2020-09-07 09:33:57.400,4.835,50000
2020-09-07 09:33:57.400,4.835,42500
2020-09-07 09:33:57.590,4.831,300
2020-09-07 09:33:58.060,4.831,1000
2020-09-07 09:33:58.360,4.831,1500
2020-09-07 09:33:58.360,4.831,1700
2020-09-07 09:33:58.460,4.831,1000
2020-09-07 09:33:58.820,4.831,1000
2020-09-07 09:33:59.370,4.831,1000
2020-09-07 09:33:59.890,4.831,1000
2020-09-07 09:34:00.170,4.835,5000
2020-09-07 09:34:00.330,4.835,1000
2020-09-07 09:34:00.400,4.835,200
2020-09-07 09:34:00.690,4.835,1000
2020-09-07 09:34:01.100,4.835,1000
2020-09-07 09:34:01.520,4.835,1000
2020-09-07 09:34:01.550,4.835,1000
2020-09-07 09:34:01.770,4.835,7000
2020-09-07 09:34:01.910,4.835,1000
2020-09-07 09:34:02.120,4.836,500
2020-09-07 09:34:02.120,4.836,200
2020-09-07 09:34:02.120,4.836,9800
2020-09-07 09:34:02.120,4.836,1500
2020-09-07 09:34:02.120,4.836,10000
2020-09-07 09:34:02.120,4.836,200
2020-09-07 09:34:02.120,4.836,11600
2020-09-07 09:34:02.120,4.836,1000
2020-09-07 09:34:02.120,4.836,1000
2020-09-07 09:34:02.120,4.837,31200
2020-09-07 09:34:02.120,4.838,30000
2020-09-07 09:34:02.120,4.838,1900
2020-09-07 09:34:02.120,4.838,1100
2020-09-07 09:34:02.310,4.835,1000
2020-09-07 09:34:02.360,4.835,800
2020-09-07 09:34:02.730,4.835,1000
2020-09-07 09:34:02.810,4.835,1900
2020-09-07 09:34:03.040,4.838,7600
2020-09-07 09:34:03.040,4.838,1000
2020-09-07 09:34:03.040,4.838,500
2020-09-07 09:34:03.040,4.838,900
2020-09-07 09:34:03.140,4.835,1000
2020-09-07 09:34:03.680,4.835,1000
2020-09-07 09:34:04.110,4.835,1000
2020-09-07 09:34:04.210,4.835,2000
2020-09-07 09:34:04.530,4.835,400
2020-09-07 09:34:04.530,4.835,500
2020-09-07 09:34:04.560,4.835,1000
2020-09-07 09:34:04.560,4.835,800
2020-09-07 09:34:04.660,4.837,12000
2020-09-07 09:34:05.100,4.835,1000
2020-09-07 09:34:05.610,4.835,1000
2020-09-07 09:34:06.040,4.835,5000
2020-09-07 09:34:06.070,4.835,1000
2020-09-07 09:34:06.090,4.835,5000
2020-09-07 09:34:06.150,4.835,100
2020-09-07 09:34:06.520,4.835,800
2020-09-07 09:34:07.610,4.835,1000
2020-09-07 09:34:07.670,4.835,7000
2020-09-07 09:34:08.210,4.836,200
2020-09-07 09:34:08.210,4.837,400
2020-09-07 09:34:08.260,4.835,12200
2020-09-07 09:34:09.090,4.835,10000
2020-09-07 09:34:09.340,4.837,5000
2020-09-07 09:34:10.430,4.837,39600
2020-09-07 09:34:10.430,4.838,22200
2020-09-07 09:34:10.430,4.838,100
2020-09-07 09:34:10.430,4.838,400
2020-09-07 09:34:10.430,4.838,6300
2020-09-07 09:34:10.430,4.838,6800
2020-09-07 09:34:10.710,4.835,2300
2020-09-07 09:34:10.710,4.835,28100
2020-09-07 09:34:10.910,4.835,1000
2020-09-07 09:34:11.280,4.835,1000
2020-09-07 09:34:11.480,4.835,99500
2020-09-07 09:34:13.000,4.837,300
2020-09-07 09:34:13.230,4.838,4000
2020-09-07 09:34:13.230,4.838,1900
2020-09-07 09:34:13.230,4.839,8000
2020-09-07 09:34:13.230,4.839,200
2020-09-07 09:34:13.230,4.839,100
2020-09-07 09:34:13.230,4.839,600
2020-09-07 09:34:13.230,4.839,1000
2020-09-07 09:34:13.230,4.84,6500
2020-09-07 09:34:13.230,4.84,5200
2020-09-07 09:34:13.230,4.84,1400
2020-09-07 09:34:13.230,4.84,700
2020-09-07 09:34:13.230,4.84,500
2020-09-07 09:34:13.230,4.84,9900
2020-09-07 09:34:13.500,4.837,1000
2020-09-07 09:34:13.780,4.837,700
2020-09-07 09:34:14.130,4.837,1000
2020-09-07 09:34:15.440,4.838,100
2020-09-07 09:34:15.620,4.838,400
2020-09-07 09:34:15.720,4.838,19100
2020-09-07 09:34:15.720,4.837,1800
2020-09-07 09:34:15.980,4.837,200
2020-09-07 09:34:15.980,4.837,2000
2020-09-07 09:34:15.980,4.837,500
2020-09-07 09:34:15.980,4.837,700
2020-09-07 09:34:16.950,4.838,400
2020-09-07 09:34:17.500,4.838,1000
2020-09-07 09:34:17.790,4.838,1000
2020-09-07 09:34:18.090,4.838,1000
2020-09-07 09:34:18.440,4.838,1000
2020-09-07 09:34:18.470,4.838,11000
2020-09-07 09:34:19.020,4.838,1000
2020-09-07 09:34:19.040,4.838,1000
2020-09-07 09:34:19.880,4.839,500
2020-09-07 09:34:20.970,4.838,1100
2020-09-07 09:34:21.060,4.839,6500
2020-09-07 09:34:21.060,4.839,3500
2020-09-07 09:34:21.840,4.838,11500
2020-09-07 09:34:21.840,4.838,34100
2020-09-07 09:34:22.220,4.838,900
2020-09-07 09:34:22.580,4.838,1500
2020-09-07 09:34:22.610,4.838,29200
2020-09-07 09:34:24.720,4.838,900
2020-09-07 09:34:24.720,4.837,700
2020-09-07 09:34:24.720,4.837,900
2020-09-07 09:34:25.300,4.838,1400
2020-09-07 09:34:25.300,4.839,6500
2020-09-07 09:34:25.300,4.839,7000
2020-09-07 09:34:25.300,4.84,100
2020-09-07 09:34:25.850,4.839,10000
2020-09-07 09:34:27.180,4.838,1000
2020-09-07 09:34:27.260,4.838,400
2020-09-07 09:34:27.490,4.838,500
2020-09-07 09:34:27.670,4.838,400
2020-09-07 09:34:27.700,4.838,7800
2020-09-07 09:34:27.860,4.838,300
2020-09-07 09:34:28.130,4.839,500
2020-09-07 09:34:29.810,4.838,2000
2020-09-07 09:34:32.200,4.838,2500
2020-09-07 09:34:32.420,4.837,14200
2020-09-07 09:34:32.420,4.837,10000
2020-09-07 09:34:32.420,4.837,100
2020-09-07 09:34:34.260,4.837,1000
2020-09-07 09:34:34.260,4.837,300100
2020-09-07 09:34:34.260,4.837,20000
2020-09-07 09:34:34.260,4.837,9500
2020-09-07 09:34:34.260,4.837,90000
2020-09-07 09:34:34.260,4.837,60000
2020-09-07 09:34:34.260,4.838,149700
2020-09-07 09:34:34.930,4.838,5000
2020-09-07 09:34:34.930,4.836,200
2020-09-07 09:34:34.980,4.838,300
2020-09-07 09:34:36.800,4.837,900
2020-09-07 09:34:37.410,4.837,400
2020-09-07 09:34:37.640,4.837,300
2020-09-07 09:34:37.690,4.837,3000
2020-09-07 09:34:38.370,4.837,1000
2020-09-07 09:34:38.960,4.835,100
2020-09-07 09:34:38.960,4.835,1000
2020-09-07 09:34:38.960,4.835,100
2020-09-07 09:34:38.960,4.835,300
2020-09-07 09:34:39.570,4.834,300
2020-09-07 09:34:39.570,4.834,1000
2020-09-07 09:34:39.570,4.834,200
2020-09-07 09:34:39.570,4.834,21200
2020-09-07 09:34:40.100,4.835,2000
2020-09-07 09:34:40.820,4.835,4500
2020-09-07 09:34:41.640,4.834,100
2020-09-07 09:34:41.910,4.835,1000
2020-09-07 09:34:42.430,4.835,1000
2020-09-07 09:34:42.430,4.835,1000
2020-09-07 09:34:42.430,4.835,200
2020-09-07 09:34:42.430,4.835,5000
2020-09-07 09:34:42.450,4.836,2200
2020-09-07 09:34:42.450,4.836,100
2020-09-07 09:34:42.450,4.836,7700
2020-09-07 09:34:45.440,4.836,200
2020-09-07 09:34:45.570,4.835,2000
2020-09-07 09:34:45.760,4.835,2700
2020-09-07 09:34:46.480,4.835,5200
2020-09-07 09:34:46.550,4.835,22100
2020-09-07 09:34:47.080,4.835,1200
2020-09-07 09:34:48.330,4.835,1000
2020-09-07 09:34:48.540,4.836,7500
2020-09-07 09:34:48.750,4.835,49100
2020-09-07 09:34:49.110,4.835,500
2020-09-07 09:34:49.780,4.835,1000
2020-09-07 09:34:50.280,4.836,5800
2020-09-07 09:34:50.280,4.836,500
2020-09-07 09:34:50.280,4.836,1900
2020-09-07 09:34:50.330,4.835,3000
2020-09-07 09:34:51.240,4.836,1100
2020-09-07 09:34:51.240,4.836,3900
2020-09-07 09:34:51.420,4.836,100
2020-09-07 09:34:51.440,4.836,1000
2020-09-07 09:34:52.470,4.836,200
2020-09-07 09:34:52.820,4.835,1000
2020-09-07 09:34:52.900,4.835,5000
2020-09-07 09:34:52.900,4.834,36200
2020-09-07 09:34:53.840,4.835,1000
2020-09-07 09:34:53.840,4.836,6000
2020-09-07 09:34:54.870,4.835,4000
2020-09-07 09:34:55.230,4.836,200
2020-09-07 09:34:55.230,4.835,5900
2020-09-07 09:34:55.850,4.835,18700
2020-09-07 09:34:56.400,4.836,100
2020-09-07 09:34:56.500,4.836,8000
2020-09-07 09:34:56.990,4.836,1000
2020-09-07 09:34:57.290,4.835,1400
2020-09-07 09:34:57.290,4.835,100
2020-09-07 09:34:57.860,4.834,900
2020-09-07 09:34:57.860,4.835,9100
2020-09-07 09:34:58.970,4.835,140000
2020-09-07 09:34:59.770,4.834,400
2020-09-07 09:35:00.510,4.833,500
2020-09-07 09:35:00.510,4.834,600
2020-09-07 09:35:00.510,4.834,1700
2020-09-07 09:35:00.630,4.834,1000
2020-09-07 09:35:01.360,4.834,2000
2020-09-07 09:35:01.360,4.834,200
2020-09-07 09:35:01.360,4.834,100
2020-09-07 09:35:01.660,4.834,600
2020-09-07 09:35:01.660,4.834,10000
2020-09-07 09:35:01.660,4.835,5000
2020-09-07 09:35:01.660,4.835,10000
2020-09-07 09:35:01.660,4.836,66500
2020-09-07 09:35:01.960,4.836,1000
2020-09-07 09:35:02.910,4.834,100
2020-09-07 09:35:03.040,4.836,400
2020-09-07 09:35:03.260,4.835,300
2020-09-07 09:35:03.260,4.833,5000
2020-09-07 09:35:04.070,4.834,17300
2020-09-07 09:35:04.580,4.835,300
2020-09-07 09:35:05.610,4.835,500
2020-09-07 09:35:05.610,4.835,1600
2020-09-07 09:35:05.670,4.835,13400
2020-09-07 09:35:05.670,4.835,2500
2020-09-07 09:35:05.670,4.835,300
2020-09-07 09:35:05.670,4.835,2000
2020-09-07 09:35:06.390,4.834,2500
2020-09-07 09:35:07.500,4.834,8800
2020-09-07 09:35:07.500,4.834,10000
2020-09-07 09:35:07.500,4.835,500
2020-09-07 09:35:08.120,4.834,100
2020-09-07 09:35:08.120,4.834,200
2020-09-07 09:35:08.120,4.833,700
2020-09-07 09:35:09.460,4.835,500
2020-09-07 09:35:09.460,4.835,2500
2020-09-07 09:35:09.460,4.835,19100
2020-09-07 09:35:09.840,4.834,500
2020-09-07 09:35:10.030,4.835,900
2020-09-07 09:35:10.030,4.835,1100
2020-09-07 09:35:12.280,4.835,10000
2020-09-07 09:35:12.890,4.835,10700
2020-09-07 09:35:12.890,4.835,100
2020-09-07 09:35:12.890,4.835,200
2020-09-07 09:35:13.600,4.835,300
2020-09-07 09:35:13.600,4.835,5200
2020-09-07 09:35:13.830,4.835,900
2020-09-07 09:35:13.960,4.835,5000
2020-09-07 09:35:15.110,4.835,100
2020-09-07 09:35:15.680,4.835,1400
2020-09-07 09:35:16.090,4.835,500
2020-09-07 09:35:16.910,4.835,4500
2020-09-07 09:35:16.910,4.835,100
2020-09-07 09:35:16.910,4.834,400
2020-09-07 09:35:18.900,4.835,600
2020-09-07 09:35:19.350,4.834,600
2020-09-07 09:35:19.350,4.834,30000
2020-09-07 09:35:19.350,4.834,100
2020-09-07 09:35:20.820,4.834,1000
2020-09-07 09:35:21.850,4.834,3800
2020-09-07 09:35:25.700,4.832,100
2020-09-07 09:35:25.830,4.831,12000
2020-09-07 09:35:25.960,4.833,1000
2020-09-07 09:35:25.960,4.834,3400
2020-09-07 09:35:25.960,4.834,4500
2020-09-07 09:35:29.140,4.832,4000
2020-09-07 09:35:30.260,4.832,400
2020-09-07 09:35:32.350,4.832,2900
2020-09-07 09:35:32.350,4.832,700
2020-09-07 09:35:32.350,4.832,10000
2020-09-07 09:35:32.350,4.832,4300
2020-09-07 09:35:32.350,4.832,10000
2020-09-07 09:35:32.350,4.832,500
2020-09-07 09:35:32.350,4.832,2000
2020-09-07 09:35:32.400,4.832,200
2020-09-07 09:35:33.040,4.833,30000
2020-09-07 09:35:33.070,4.833,5000
2020-09-07 09:35:33.070,4.833,215200
2020-09-07 09:35:33.610,4.833,1300
2020-09-07 09:35:34.000,4.833,2000
2020-09-07 09:35:34.670,4.833,700
2020-09-07 09:35:35.490,4.834,2200
2020-09-07 09:35:36.000,4.834,500
2020-09-07 09:35:36.200,4.834,12800
2020-09-07 09:35:36.200,4.834,25000
2020-09-07 09:35:36.200,4.834,3100
2020-09-07 09:35:36.200,4.834,5000
2020-09-07 09:35:36.200,4.834,6000
2020-09-07 09:35:36.200,4.835,1700
2020-09-07 09:35:36.200,4.835,200
2020-09-07 09:35:37.090,4.834,2000
2020-09-07 09:35:37.090,4.833,20900
2020-09-07 09:35:38.090,4.834,6700
2020-09-07 09:35:38.110,4.834,49600
2020-09-07 09:35:39.180,4.835,30000
2020-09-07 09:35:39.360,4.834,1000
2020-09-07 09:35:39.730,4.835,7300
2020-09-07 09:35:39.730,4.835,3500
2020-09-07 09:35:39.730,4.835,300
2020-09-07 09:35:39.730,4.835,10000
2020-09-07 09:35:39.890,4.835,8900
2020-09-07 09:35:39.890,4.834,21100
2020-09-07 09:35:40.180,4.834,2200
2020-09-07 09:35:41.560,4.834,1100
2020-09-07 09:35:41.620,4.834,1000
2020-09-07 09:35:42.140,4.835,500
2020-09-07 09:35:42.940,4.834,1800
2020-09-07 09:35:43.040,4.834,10000
2020-09-07 09:35:43.410,4.835,9000
2020-09-07 09:35:44.620,4.834,1400
2020-09-07 09:35:45.000,4.834,4100
2020-09-07 09:35:45.000,4.834,15900
2020-09-07 09:35:45.620,4.834,3000
2020-09-07 09:35:45.760,4.835,5100
2020-09-07 09:35:45.760,4.834,200
2020-09-07 09:35:47.080,4.834,200
2020-09-07 09:35:47.370,4.834,100
2020-09-07 09:35:47.830,4.835,3900
2020-09-07 09:35:48.490,4.834,20600
2020-09-07 09:35:48.490,4.834,30000
2020-09-07 09:35:48.490,4.834,100000
2020-09-07 09:35:48.490,4.834,200
2020-09-07 09:35:48.490,4.834,249200
2020-09-07 09:35:49.130,4.835,2500
2020-09-07 09:35:49.130,4.835,2000
2020-09-07 09:35:49.130,4.835,30000
2020-09-07 09:35:49.130,4.835,90000
2020-09-07 09:35:49.130,4.835,2400
2020-09-07 09:35:49.130,4.835,200
2020-09-07 09:35:49.540,4.836,1300
2020-09-07 09:35:50.740,4.834,200
2020-09-07 09:35:50.740,4.834,600
2020-09-07 09:35:50.740,4.834,19400
2020-09-07 09:35:50.840,4.835,2000
2020-09-07 09:35:51.490,4.834,1700
2020-09-07 09:35:52.330,4.834,32100
2020-09-07 09:35:52.610,4.835,10700
2020-09-07 09:35:53.290,4.835,123000
2020-09-07 09:35:53.770,4.835,64300
2020-09-07 09:35:53.770,4.835,5000
2020-09-07 09:35:53.770,4.835,30000
2020-09-07 09:35:53.770,4.836,42200
2020-09-07 09:35:55.110,4.835,100
2020-09-07 09:35:55.110,4.834,100
2020-09-07 09:35:55.390,4.834,14900
2020-09-07 09:35:55.470,4.834,5000
2020-09-07 09:35:55.520,4.834,11000
2020-09-07 09:35:57.450,4.835,100
2020-09-07 09:35:57.450,4.835,1000
2020-09-07 09:35:57.450,4.834,1400
2020-09-07 09:35:57.820,4.836,10400
2020-09-07 09:35:58.240,4.835,300
2020-09-07 09:35:58.240,4.835,5100
2020-09-07 09:35:59.290,4.834,400
2020-09-07 09:36:00.600,4.834,200
2020-09-07 09:36:00.950,4.834,33200
2020-09-07 09:36:00.950,4.834,1000
2020-09-07 09:36:00.950,4.834,1000
2020-09-07 09:36:02.130,4.834,5000
2020-09-07 09:36:02.670,4.834,9700
2020-09-07 09:36:04.220,4.834,5000
2020-09-07 09:36:04.660,4.834,18300
2020-09-07 09:36:05.550,4.834,300
2020-09-07 09:36:06.200,4.832,700
2020-09-07 09:36:06.330,4.834,1000
2020-09-07 09:36:06.360,4.832,300
2020-09-07 09:36:06.770,4.834,100
2020-09-07 09:36:09.420,4.832,3000
2020-09-07 09:36:09.420,4.832,1000
2020-09-07 09:36:10.120,4.832,2100
2020-09-07 09:36:10.250,4.832,900
2020-09-07 09:36:10.250,4.831,1500
2020-09-07 09:36:10.250,4.831,2000
2020-09-07 09:36:10.250,4.831,300
2020-09-07 09:36:10.250,4.831,15300
2020-09-07 09:36:10.360,4.833,100
2020-09-07 09:36:10.830,4.833,1900
2020-09-07 09:36:10.830,4.833,100
2020-09-07 09:36:11.370,4.832,100
2020-09-07 09:36:12.220,4.832,700
2020-09-07 09:36:12.220,4.832,5000
2020-09-07 09:36:12.220,4.833,15200
2020-09-07 09:36:12.380,4.833,100
2020-09-07 09:36:13.030,4.833,26200
2020-09-07 09:36:14.090,4.831,800
2020-09-07 09:36:14.090,4.83,400
2020-09-07 09:36:14.090,4.83,800
2020-09-07 09:36:16.330,4.833,300
2020-09-07 09:36:17.340,4.832,2500
2020-09-07 09:36:17.790,4.832,10000
2020-09-07 09:36:17.920,4.83,200
2020-09-07 09:36:17.920,4.83,6500
2020-09-07 09:36:17.920,4.83,1000
2020-09-07 09:36:17.920,4.83,2300
2020-09-07 09:36:18.730,4.83,2900
2020-09-07 09:36:18.730,4.83,500
2020-09-07 09:36:18.730,4.83,9600
2020-09-07 09:36:19.480,4.831,400
2020-09-07 09:36:20.510,4.832,13600
2020-09-07 09:36:24.390,4.83,400
2020-09-07 09:36:24.390,4.83,200
2020-09-07 09:36:24.390,4.83,800
2020-09-07 09:36:24.390,4.83,200
2020-09-07 09:36:24.390,4.83,2800
2020-09-07 09:36:26.400,4.83,9000
2020-09-07 09:36:26.620,4.83,11700
2020-09-07 09:36:26.620,4.83,3300
2020-09-07 09:36:26.950,4.83,3300
2020-09-07 09:36:26.950,4.83,500
2020-09-07 09:36:26.950,4.83,16200
2020-09-07 09:36:27.260,4.831,30000
2020-09-07 09:36:27.470,4.831,20000
2020-09-07 09:36:27.690,4.832,400
2020-09-07 09:36:27.740,4.831,2500
2020-09-07 09:36:28.070,4.832,30000
2020-09-07 09:36:28.140,4.831,1700
2020-09-07 09:36:28.680,4.832,40000
2020-09-07 09:36:28.710,4.831,3000
2020-09-07 09:36:29.380,4.831,4000
2020-09-07 09:36:30.630,4.831,2000
2020-09-07 09:36:31.040,4.831,200
2020-09-07 09:36:32.430,4.832,1100
2020-09-07 09:36:32.910,4.831,3300
2020-09-07 09:36:32.910,4.831,5000
2020-09-07 09:36:32.910,4.83,1000
2020-09-07 09:36:32.910,4.83,700
2020-09-07 09:36:33.470,4.83,800
2020-09-07 09:36:33.710,4.831,2100
2020-09-07 09:36:34.080,4.831,7900
2020-09-07 09:36:34.080,4.831,200
2020-09-07 09:36:34.080,4.831,400
2020-09-07 09:36:34.080,4.832,1500
2020-09-07 09:36:34.900,4.832,3400
2020-09-07 09:36:34.900,4.832,12400
2020-09-07 09:36:34.900,4.832,34200
2020-09-07 09:36:35.160,4.83,500
2020-09-07 09:36:36.210,4.831,1000
2020-09-07 09:36:36.340,4.831,1000
2020-09-07 09:36:36.560,4.832,15800
2020-09-07 09:36:36.560,4.832,3200
2020-09-07 09:36:36.560,4.832,2000
2020-09-07 09:36:36.560,4.832,4500
2020-09-07 09:36:36.560,4.832,3000
2020-09-07 09:36:37.340,4.833,100
2020-09-07 09:36:37.450,4.832,1500
2020-09-07 09:36:37.450,4.831,500
2020-09-07 09:36:37.790,4.832,100
2020-09-07 09:36:39.160,4.831,4500
2020-09-07 09:36:39.810,4.832,100
2020-09-07 09:36:40.750,4.831,4000
2020-09-07 09:36:40.770,4.831,4500
2020-09-07 09:36:41.350,4.832,100
2020-09-07 09:36:41.580,4.831,100
2020-09-07 09:36:41.820,4.831,16900
2020-09-07 09:36:41.820,4.831,27300
2020-09-07 09:36:41.820,4.831,400
2020-09-07 09:36:41.820,4.831,17400
2020-09-07 09:36:42.030,4.831,2500
2020-09-07 09:36:42.860,4.83,28000
2020-09-07 09:36:42.860,4.83,20000
2020-09-07 09:36:42.860,4.83,30000
2020-09-07 09:36:42.860,4.83,100
2020-09-07 09:36:42.860,4.83,6600
2020-09-07 09:36:42.860,4.83,5000
2020-09-07 09:36:42.860,4.83,110300
2020-09-07 09:36:43.220,4.832,300
2020-09-07 09:36:44.090,4.832,100
2020-09-07 09:36:44.140,4.83,2000
2020-09-07 09:36:44.530,4.832,300
2020-09-07 09:36:44.530,4.832,90000
2020-09-07 09:36:47.350,4.832,30000
2020-09-07 09:36:49.590,4.832,90700
2020-09-07 09:36:49.590,4.831,2000
2020-09-07 09:36:49.850,4.83,1000
2020-09-07 09:36:49.850,4.83,2500
2020-09-07 09:36:50.570,4.831,100
2020-09-07 09:36:53.230,4.831,300
2020-09-07 09:36:54.630,4.83,10000
2020-09-07 09:36:55.180,4.83,4000
2020-09-07 09:36:55.180,4.83,33500
2020-09-07 09:36:55.180,4.83,24900
2020-09-07 09:36:55.180,4.83,500
2020-09-07 09:36:55.180,4.83,3000
2020-09-07 09:36:55.180,4.83,100
2020-09-07 09:36:56.670,4.83,100
2020-09-07 09:36:58.670,4.83,100
2020-09-07 09:36:58.780,4.83,2000
2020-09-07 09:36:59.420,4.83,1700
2020-09-07 09:36:59.420,4.83,4200
2020-09-07 09:36:59.420,4.83,300
2020-09-07 09:36:59.420,4.83,100
2020-09-07 09:37:00.940,4.83,600
2020-09-07 09:37:01.530,4.83,200
2020-09-07 09:37:02.560,4.83,100
2020-09-07 09:37:03.890,4.83,500
2020-09-07 09:37:04.040,4.83,300
2020-09-07 09:37:05.450,4.829,500
2020-09-07 09:37:05.450,4.829,500
2020-09-07 09:37:05.450,4.829,1000
2020-09-07 09:37:05.450,4.829,500
2020-09-07 09:37:06.530,4.83,1300
2020-09-07 09:37:07.270,4.829,700
2020-09-07 09:37:07.270,4.829,800
2020-09-07 09:37:07.760,4.83,100
2020-09-07 09:37:10.100,4.83,8600
2020-09-07 09:37:10.100,4.83,1300
2020-09-07 09:37:10.100,4.83,3600
2020-09-07 09:37:10.100,4.83,5000
2020-09-07 09:37:10.100,4.83,200
2020-09-07 09:37:10.100,4.83,100
2020-09-07 09:37:10.100,4.831,6900
2020-09-07 09:37:10.100,4.831,2000
2020-09-07 09:37:10.100,4.831,5000
2020-09-07 09:37:10.100,4.831,2000
2020-09-07 09:37:10.100,4.831,4000
2020-09-07 09:37:10.100,4.831,200
2020-09-07 09:37:10.100,4.831,3400
2020-09-07 09:37:10.710,4.829,4200
2020-09-07 09:37:10.710,4.829,25800
2020-09-07 09:37:11.160,4.829,3000
2020-09-07 09:37:13.340,4.829,2000
2020-09-07 09:37:13.710,4.829,300
2020-09-07 09:37:14.460,4.829,100
2020-09-07 09:37:14.820,4.829,8600
2020-09-07 09:37:14.820,4.829,200
2020-09-07 09:37:14.820,4.829,100
2020-09-07 09:37:15.860,4.83,200
2020-09-07 09:37:16.040,4.829,41100
2020-09-07 09:37:21.570,4.829,7600
2020-09-07 09:37:21.620,4.829,200
2020-09-07 09:37:21.850,4.829,10000
2020-09-07 09:37:22.330,4.829,1100
2020-09-07 09:37:22.330,4.829,2000
2020-09-07 09:37:22.330,4.829,400
2020-09-07 09:37:22.330,4.829,500
2020-09-07 09:37:22.330,4.829,1000
2020-09-07 09:37:23.440,4.829,100
2020-09-07 09:37:24.070,4.828,6300
2020-09-07 09:37:24.280,4.829,400
2020-09-07 09:37:25.250,4.828,3000
2020-09-07 09:37:26.800,4.828,9500
2020-09-07 09:37:26.940,4.828,1200
2020-09-07 09:37:28.090,4.828,17000
2020-09-07 09:37:28.090,4.828,9500
2020-09-07 09:37:28.090,4.828,1000
2020-09-07 09:37:28.090,4.828,500
2020-09-07 09:37:28.090,4.828,2000
2020-09-07 09:37:28.090,4.828,2000
2020-09-07 09:37:28.090,4.828,300
2020-09-07 09:37:28.090,4.828,29200
2020-09-07 09:37:28.090,4.828,500
2020-09-07 09:37:28.090,4.828,100
2020-09-07 09:37:28.090,4.828,1000
2020-09-07 09:37:28.090,4.828,6700
2020-09-07 09:37:28.150,4.829,1000
2020-09-07 09:37:28.550,4.827,100
2020-09-07 09:37:28.550,4.827,2000
2020-09-07 09:37:28.550,4.827,5000
2020-09-07 09:37:28.550,4.827,1000
2020-09-07 09:37:28.550,4.827,100
2020-09-07 09:37:28.550,4.827,1000
2020-09-07 09:37:28.550,4.827,300
2020-09-07 09:37:28.550,4.827,200
2020-09-07 09:37:28.550,4.827,2000
2020-09-07 09:37:28.550,4.827,300
2020-09-07 09:37:28.550,4.827,300
2020-09-07 09:37:29.040,4.828,1200
2020-09-07 09:37:29.160,4.826,9300
2020-09-07 09:37:29.160,4.826,30000
2020-09-07 09:37:29.160,4.826,100
2020-09-07 09:37:29.160,4.826,1000
2020-09-07 09:37:29.160,4.826,1400
2020-09-07 09:37:29.750,4.825,10000
2020-09-07 09:37:29.750,4.825,100
2020-09-07 09:37:29.750,4.825,500
2020-09-07 09:37:29.750,4.825,2000
2020-09-07 09:37:29.750,4.825,10000
2020-09-07 09:37:29.750,4.825,2500
2020-09-07 09:37:29.750,4.825,500
2020-09-07 09:37:29.750,4.825,2100
2020-09-07 09:37:29.750,4.825,100
2020-09-07 09:37:29.750,4.825,1000
2020-09-07 09:37:29.750,4.825,200
2020-09-07 09:37:29.750,4.825,21000
2020-09-07 09:37:30.860,4.827,100
2020-09-07 09:37:31.270,4.827,1400
2020-09-07 09:37:32.370,4.827,100
2020-09-07 09:37:34.170,4.827,18300
2020-09-07 09:37:35.010,4.827,1100
2020-09-07 09:37:35.010,4.827,298900
2020-09-07 09:37:35.140,4.827,40000
2020-09-07 09:37:35.730,4.827,11800
2020-09-07 09:37:35.730,4.827,1000
2020-09-07 09:37:35.730,4.828,27200
2020-09-07 09:37:39.220,4.827,4700
2020-09-07 09:37:39.720,4.828,1000
2020-09-07 09:37:39.720,4.828,500
2020-09-07 09:37:39.720,4.828,2500
2020-09-07 09:37:39.720,4.828,700
2020-09-07 09:37:39.850,4.828,9700
2020-09-07 09:37:40.360,4.829,1000
2020-09-07 09:37:40.360,4.829,200
2020-09-07 09:37:40.360,4.829,100
2020-09-07 09:37:41.290,4.829,700
2020-09-07 09:37:41.290,4.828,1000
2020-09-07 09:37:43.050,4.83,100
2020-09-07 09:37:44.860,4.829,200
2020-09-07 09:37:44.860,4.827,200
2020-09-07 09:37:49.930,4.829,6600
2020-09-07 09:37:51.950,4.829,10000
2020-09-07 09:37:52.840,4.829,2300
2020-09-07 09:37:52.840,4.829,4100
2020-09-07 09:37:52.840,4.828,400
2020-09-07 09:37:52.840,4.828,5600
2020-09-07 09:37:52.840,4.828,7600
2020-09-07 09:37:53.620,4.83,1700
2020-09-07 09:37:56.580,4.829,200
2020-09-07 09:37:57.550,4.828,9400
2020-09-07 09:37:57.550,4.828,1100
2020-09-07 09:37:57.550,4.828,40000
2020-09-07 09:37:57.620,4.828,5600
2020-09-07 09:37:58.420,4.829,2800
2020-09-07 09:38:00.290,4.829,5000
2020-09-07 09:38:03.540,4.83,5300
2020-09-07 09:38:03.540,4.83,2000
2020-09-07 09:38:03.540,4.83,7600
2020-09-07 09:38:03.540,4.83,500
2020-09-07 09:38:03.540,4.83,70500
2020-09-07 09:38:03.540,4.83,20000
2020-09-07 09:38:03.540,4.83,3000
2020-09-07 09:38:03.540,4.83,32700
2020-09-07 09:38:03.890,4.83,1700
2020-09-07 09:38:04.740,4.83,5600
2020-09-07 09:38:05.350,4.831,900
2020-09-07 09:38:05.350,4.831,12200
2020-09-07 09:38:06.030,4.831,37800
2020-09-07 09:38:06.030,4.831,700
2020-09-07 09:38:06.030,4.831,5000
2020-09-07 09:38:06.030,4.831,100
2020-09-07 09:38:06.330,4.831,10000
2020-09-07 09:38:06.540,4.83,300
2020-09-07 09:38:07.080,4.831,3000
2020-09-07 09:38:07.310,4.831,2500
2020-09-07 09:38:07.330,4.831,2000
2020-09-07 09:38:08.480,4.831,9200
2020-09-07 09:38:08.950,4.832,2000
2020-09-07 09:38:08.950,4.832,1500
2020-09-07 09:38:11.540,4.832,3500
2020-09-07 09:38:11.540,4.832,1000
2020-09-07 09:38:11.540,4.832,600
2020-09-07 09:38:11.540,4.832,11800
2020-09-07 09:38:11.540,4.832,5000
2020-09-07 09:38:11.540,4.832,8000
2020-09-07 09:38:11.540,4.832,3000
2020-09-07 09:38:11.540,4.832,20200
2020-09-07 09:38:13.910,4.833,1000
2020-09-07 09:38:16.680,4.833,40000
2020-09-07 09:38:16.680,4.833,9000
2020-09-07 09:38:16.680,4.833,10000
2020-09-07 09:38:16.680,4.833,4000
2020-09-07 09:38:16.680,4.833,1800
2020-09-07 09:38:16.680,4.833,3000
2020-09-07 09:38:16.680,4.833,2200
2020-09-07 09:38:16.880,4.832,9000
2020-09-07 09:38:16.880,4.832,11000
2020-09-07 09:38:17.510,4.832,10000
2020-09-07 09:38:17.760,4.832,300
2020-09-07 09:38:19.740,4.833,5800
2020-09-07 09:38:19.740,4.833,1000
2020-09-07 09:38:19.740,4.833,600
2020-09-07 09:38:19.740,4.833,15000
2020-09-07 09:38:19.740,4.833,17600
2020-09-07 09:38:20.030,4.833,2400
2020-09-07 09:38:22.600,4.833,30000
2020-09-07 09:38:22.600,4.833,22800
2020-09-07 09:38:24.280,4.833,100
2020-09-07 09:38:24.280,4.833,3900
2020-09-07 09:38:24.560,4.834,5000
2020-09-07 09:38:24.560,4.834,1900
2020-09-07 09:38:24.560,4.834,50000
2020-09-07 09:38:24.560,4.834,10000
2020-09-07 09:38:25.060,4.834,1000
2020-09-07 09:38:25.650,4.834,2000
2020-09-07 09:38:25.650,4.834,22100
2020-09-07 09:38:26.100,4.834,5000
2020-09-07 09:38:26.120,4.835,7000
2020-09-07 09:38:26.120,4.835,4000
2020-09-07 09:38:26.120,4.835,7700
2020-09-07 09:38:28.180,4.835,2000
2020-09-07 09:38:29.060,4.834,2100
2020-09-07 09:38:29.180,4.834,3900
2020-09-07 09:38:29.180,4.833,100
2020-09-07 09:38:29.180,4.833,8000
2020-09-07 09:38:29.230,4.835,300
2020-09-07 09:38:29.230,4.835,4000
2020-09-07 09:38:29.230,4.835,700
2020-09-07 09:38:30.530,4.834,1000
2020-09-07 09:38:30.630,4.835,100
2020-09-07 09:38:32.120,4.835,10000
2020-09-07 09:38:33.540,4.835,10000
2020-09-07 09:38:33.920,4.834,8000
2020-09-07 09:38:34.640,4.834,600
2020-09-07 09:38:37.540,4.835,5000
2020-09-07 09:38:38.300,4.835,34900
2020-09-07 09:38:38.300,4.835,8900
2020-09-07 09:38:38.300,4.835,50000
2020-09-07 09:38:38.300,4.835,2500
2020-09-07 09:38:38.300,4.835,600
2020-09-07 09:38:38.300,4.835,300
2020-09-07 09:38:38.300,4.835,2500
2020-09-07 09:38:38.300,4.835,10000
2020-09-07 09:38:38.300,4.835,90000
2020-09-07 09:38:38.980,4.835,40300
2020-09-07 09:38:38.980,4.835,59700
2020-09-07 09:38:39.510,4.835,300
2020-09-07 09:38:39.510,4.835,1200
2020-09-07 09:38:39.770,4.835,24800
2020-09-07 09:38:41.180,4.835,8100
2020-09-07 09:38:41.180,4.835,1000
2020-09-07 09:38:41.180,4.835,10000
2020-09-07 09:38:41.180,4.835,100
2020-09-07 09:38:41.180,4.835,500
2020-09-07 09:38:41.180,4.835,3000
2020-09-07 09:38:41.180,4.834,400
2020-09-07 09:38:41.180,4.834,200
2020-09-07 09:38:41.180,4.834,16300
2020-09-07 09:38:41.290,4.834,3000
2020-09-07 09:38:42.550,4.834,20000
2020-09-07 09:38:42.600,4.834,7300
2020-09-07 09:38:42.980,4.835,1000
2020-09-07 09:38:43.220,4.836,7700
2020-09-07 09:38:43.220,4.836,100000
2020-09-07 09:38:43.220,4.836,100
2020-09-07 09:38:43.220,4.836,5000
2020-09-07 09:38:43.220,4.836,100
2020-09-07 09:38:43.220,4.836,2500
2020-09-07 09:38:43.220,4.836,4800
2020-09-07 09:38:43.220,4.836,1300
2020-09-07 09:38:43.220,4.836,30000
2020-09-07 09:38:43.220,4.836,12600
2020-09-07 09:38:44.030,4.836,3500
2020-09-07 09:38:44.520,4.835,8000
2020-09-07 09:38:44.520,4.835,500
2020-09-07 09:38:45.330,4.835,400
2020-09-07 09:38:48.410,4.834,1000
2020-09-07 09:38:50.000,4.835,3200
2020-09-07 09:38:51.460,4.835,5500
2020-09-07 09:38:51.560,4.834,3000
2020-09-07 09:38:51.960,4.835,2500
2020-09-07 09:38:52.650,4.835,5400
2020-09-07 09:38:52.910,4.835,600
2020-09-07 09:38:54.180,4.835,2800
2020-09-07 09:38:54.180,4.835,100
2020-09-07 09:38:54.180,4.835,10000
2020-09-07 09:38:54.180,4.835,100
2020-09-07 09:38:54.510,4.836,5200
2020-09-07 09:38:54.690,4.836,3100
2020-09-07 09:38:56.090,4.835,16500
2020-09-07 09:38:56.890,4.836,2100
2020-09-07 09:38:57.600,4.835,5300
2020-09-07 09:38:57.630,4.835,2000
2020-09-07 09:38:58.310,4.835,2000
2020-09-07 09:39:00.320,4.835,1000
2020-09-07 09:39:01.700,4.835,500
2020-09-07 09:39:03.530,4.836,1000
2020-09-07 09:39:03.810,4.836,4500
2020-09-07 09:39:06.760,4.836,100
2020-09-07 09:39:08.560,4.836,2000
2020-09-07 09:39:08.690,4.836,1200
2020-09-07 09:39:08.760,4.835,20000
2020-09-07 09:39:08.940,4.836,100
2020-09-07 09:39:09.890,4.836,200
2020-09-07 09:39:10.220,4.836,500
2020-09-07 09:39:11.860,4.835,300
2020-09-07 09:39:12.070,4.836,12100
2020-09-07 09:39:12.070,4.836,5000
2020-09-07 09:39:12.070,4.836,7000
2020-09-07 09:39:12.070,4.836,7300
2020-09-07 09:39:12.070,4.836,1000
2020-09-07 09:39:12.070,4.836,1000
2020-09-07 09:39:12.070,4.836,3000
2020-09-07 09:39:12.070,4.836,16600
2020-09-07 09:39:12.070,4.836,1700
2020-09-07 09:39:12.350,4.837,3000
2020-09-07 09:39:12.350,4.837,10000
2020-09-07 09:39:12.350,4.837,8500
2020-09-07 09:39:13.980,4.836,900
2020-09-07 09:39:14.350,4.837,20000
2020-09-07 09:39:16.640,4.836,100
2020-09-07 09:39:18.110,4.837,300
2020-09-07 09:39:19.230,4.836,200
2020-09-07 09:39:19.720,4.836,100
2020-09-07 09:39:20.260,4.836,1000
2020-09-07 09:39:20.680,4.836,1000
2020-09-07 09:39:21.660,4.836,3800
2020-09-07 09:39:21.660,4.836,900
2020-09-07 09:39:21.660,4.836,2000
2020-09-07 09:39:21.660,4.836,100
2020-09-07 09:39:21.660,4.836,100
2020-09-07 09:39:22.170,4.836,1100
2020-09-07 09:39:25.800,4.836,400
2020-09-07 09:39:25.800,4.836,600
2020-09-07 09:39:26.110,4.836,400
2020-09-07 09:39:26.730,4.837,200
2020-09-07 09:39:27.360,4.836,600
2020-09-07 09:39:28.260,4.836,5000
2020-09-07 09:39:28.620,4.836,6300
2020-09-07 09:39:29.410,4.836,2400
2020-09-07 09:39:29.970,4.836,3300
2020-09-07 09:39:30.860,4.836,1300
2020-09-07 09:39:32.060,4.836,2000
2020-09-07 09:39:32.500,4.836,400
2020-09-07 09:39:32.580,4.836,9600
2020-09-07 09:39:33.300,4.836,100
2020-09-07 09:39:33.530,4.836,1100
2020-09-07 09:39:33.530,4.836,2200
2020-09-07 09:39:33.530,4.836,5000
2020-09-07 09:39:33.530,4.836,2500
2020-09-07 09:39:33.600,4.835,20100
2020-09-07 09:39:34.790,4.836,2500
2020-09-07 09:39:34.790,4.836,600
2020-09-07 09:39:34.790,4.836,100
2020-09-07 09:39:35.190,4.836,1800
2020-09-07 09:39:35.190,4.836,8200
2020-09-07 09:39:35.760,4.835,500
2020-09-07 09:39:36.200,4.836,300
2020-09-07 09:39:36.470,4.836,300
2020-09-07 09:39:37.440,4.836,200
2020-09-07 09:39:37.440,4.836,9800
2020-09-07 09:39:37.960,4.837,21000
2020-09-07 09:39:37.960,4.837,100
2020-09-07 09:39:37.960,4.837,1000
2020-09-07 09:39:37.960,4.837,50000
2020-09-07 09:39:37.960,4.837,1000
2020-09-07 09:39:37.960,4.837,2000
2020-09-07 09:39:37.960,4.837,1500
2020-09-07 09:39:37.960,4.837,16000
2020-09-07 09:39:37.960,4.837,66200
2020-09-07 09:39:37.960,4.837,700
2020-09-07 09:39:37.960,4.837,3000
2020-09-07 09:39:37.960,4.837,200
2020-09-07 09:39:37.960,4.837,7000
2020-09-07 09:39:37.960,4.837,6000
2020-09-07 09:39:37.960,4.837,1000
2020-09-07 09:39:38.920,4.837,5000
2020-09-07 09:39:38.970,4.838,5000
2020-09-07 09:39:38.970,4.838,100
2020-09-07 09:39:38.970,4.838,1100
2020-09-07 09:39:38.970,4.838,2000
2020-09-07 09:39:38.970,4.838,6000
2020-09-07 09:39:38.970,4.838,2000
2020-09-07 09:39:38.970,4.838,2000
2020-09-07 09:39:38.970,4.838,3500
2020-09-07 09:39:38.970,4.838,56700
2020-09-07 09:39:38.970,4.838,4700
2020-09-07 09:39:38.970,4.838,100
2020-09-07 09:39:38.970,4.838,2000
2020-09-07 09:39:38.970,4.838,600
2020-09-07 09:39:38.970,4.838,1000
2020-09-07 09:39:38.970,4.838,2500
2020-09-07 09:39:38.970,4.838,30000
2020-09-07 09:39:38.970,4.838,1000
2020-09-07 09:39:38.970,4.838,5400
2020-09-07 09:39:38.970,4.838,20000
2020-09-07 09:39:38.970,4.838,2000
2020-09-07 09:39:38.970,4.838,30000
2020-09-07 09:39:39.010,4.838,2000
2020-09-07 09:39:39.470,4.839,90000
2020-09-07 09:39:39.470,4.839,1000
2020-09-07 09:39:39.470,4.839,1300
2020-09-07 09:39:39.470,4.839,3000
2020-09-07 09:39:39.470,4.839,1000
2020-09-07 09:39:39.470,4.839,30000
2020-09-07 09:39:39.470,4.839,100
2020-09-07 09:39:39.470,4.839,116800
2020-09-07 09:39:39.470,4.839,100
2020-09-07 09:39:39.470,4.839,1500
2020-09-07 09:39:39.470,4.839,9900
2020-09-07 09:39:39.470,4.839,2500
2020-09-07 09:39:39.470,4.839,1000
2020-09-07 09:39:39.470,4.839,5000
2020-09-07 09:39:39.470,4.839,1000
2020-09-07 09:39:39.470,4.839,10000
2020-09-07 09:39:39.470,4.839,25800
2020-09-07 09:39:40.040,4.839,10000
2020-09-07 09:39:40.320,4.839,12500
2020-09-07 09:39:42.420,4.84,10000
2020-09-07 09:39:42.420,4.84,10000
2020-09-07 09:39:42.420,4.84,2000
2020-09-07 09:39:42.420,4.84,1000
2020-09-07 09:39:42.420,4.84,10000
2020-09-07 09:39:42.420,4.84,200
2020-09-07 09:39:42.420,4.84,100
2020-09-07 09:39:42.420,4.84,15000
2020-09-07 09:39:42.420,4.84,600
2020-09-07 09:39:43.560,4.839,7000
2020-09-07 09:39:45.690,4.839,1000
2020-09-07 09:39:46.020,4.839,300
2020-09-07 09:39:46.060,4.839,1000
2020-09-07 09:39:47.290,4.84,1400
2020-09-07 09:39:47.290,4.84,1600
2020-09-07 09:39:48.280,4.839,1000
2020-09-07 09:39:48.740,4.839,1000
2020-09-07 09:39:48.840,4.839,1100
2020-09-07 09:39:49.130,4.839,800
2020-09-07 09:39:49.480,4.839,10000
2020-09-07 09:39:51.160,4.84,1400
2020-09-07 09:39:52.520,4.839,10000
2020-09-07 09:39:52.570,4.84,800
2020-09-07 09:39:52.570,4.84,3200
2020-09-07 09:39:52.720,4.839,2700
2020-09-07 09:39:52.900,4.839,1100
2020-09-07 09:39:53.450,4.838,1000
2020-09-07 09:39:54.230,4.839,900
2020-09-07 09:39:54.310,4.839,700
2020-09-07 09:39:54.310,4.839,1200
2020-09-07 09:39:54.470,4.839,200
2020-09-07 09:39:56.310,4.838,1000
2020-09-07 09:39:56.600,4.839,1200
2020-09-07 09:39:56.980,4.839,18400
2020-09-07 09:39:56.980,4.839,500
2020-09-07 09:39:56.980,4.839,33200
2020-09-07 09:39:57.160,4.839,1000
2020-09-07 09:39:58.430,4.839,100
2020-09-07 09:39:58.770,4.84,25000
2020-09-07 09:39:59.710,4.839,100
2020-09-07 09:39:59.760,4.84,100
2020-09-07 09:39:59.940,4.84,1700
2020-09-07 09:39:59.940,4.84,200
2020-09-07 09:39:59.940,4.84,100
2020-09-07 09:39:59.940,4.84,200
2020-09-07 09:39:59.940,4.84,1000
2020-09-07 09:39:59.940,4.84,200
2020-09-07 09:39:59.940,4.84,5000
2020-09-07 09:39:59.940,4.84,100
2020-09-07 09:39:59.940,4.84,3000
2020-09-07 09:39:59.940,4.84,1000
2020-09-07 09:39:59.940,4.84,500
2020-09-07 09:39:59.940,4.84,400
2020-09-07 09:40:00.830,4.84,1600
2020-09-07 09:40:00.830,4.84,2000
2020-09-07 09:40:00.830,4.84,2700
2020-09-07 09:40:01.550,4.839,100
2020-09-07 09:40:01.550,4.838,4200
2020-09-07 09:40:03.390,4.838,100
2020-09-07 09:40:05.170,4.839,10000
2020-09-07 09:40:05.170,4.839,5700
2020-09-07 09:40:05.300,4.84,6900
2020-09-07 09:40:05.330,4.839,100
2020-09-07 09:40:05.330,4.839,1000
2020-09-07 09:40:07.070,4.84,3000
2020-09-07 09:40:08.010,4.84,100
2020-09-07 09:40:08.810,4.839,3200
2020-09-07 09:40:08.810,4.839,6800
2020-09-07 09:40:09.150,4.84,2100
2020-09-07 09:40:09.150,4.839,500
2020-09-07 09:40:09.550,4.84,100
2020-09-07 09:40:10.460,4.84,100
2020-09-07 09:40:10.460,4.84,100
2020-09-07 09:40:10.460,4.84,3000
2020-09-07 09:40:10.460,4.84,1000
2020-09-07 09:40:10.460,4.84,100
2020-09-07 09:40:10.460,4.84,2000
2020-09-07 09:40:10.460,4.84,100
2020-09-07 09:40:10.460,4.84,3000
2020-09-07 09:40:10.460,4.84,6000
2020-09-07 09:40:10.460,4.84,6500
2020-09-07 09:40:10.460,4.84,5200
2020-09-07 09:40:10.460,4.84,700
2020-09-07 09:40:10.460,4.84,1000
2020-09-07 09:40:10.460,4.84,10000
2020-09-07 09:40:10.460,4.84,3300
2020-09-07 09:40:10.460,4.84,400
2020-09-07 09:40:10.460,4.84,3500
2020-09-07 09:40:10.460,4.84,3800
2020-09-07 09:40:10.460,4.84,23100
2020-09-07 09:40:10.730,4.84,3000
2020-09-07 09:40:10.970,4.839,600
2020-09-07 09:40:11.000,4.84,66800
2020-09-07 09:40:11.000,4.84,5000
2020-09-07 09:40:11.000,4.84,96500
2020-09-07 09:40:11.000,4.84,1000
2020-09-07 09:40:11.000,4.84,12500
2020-09-07 09:40:11.000,4.84,2500
2020-09-07 09:40:11.000,4.84,2000
2020-09-07 09:40:12.030,4.84,300
2020-09-07 09:40:14.430,4.841,1000
2020-09-07 09:40:14.430,4.841,10000
2020-09-07 09:40:14.430,4.841,100
2020-09-07 09:40:14.430,4.841,1000
2020-09-07 09:40:14.430,4.841,1000
2020-09-07 09:40:14.430,4.841,3500
2020-09-07 09:40:14.690,4.841,11600
2020-09-07 09:40:15.550,4.841,3600
2020-09-07 09:40:15.550,4.841,17000
2020-09-07 09:40:16.270,4.84,600
2020-09-07 09:40:16.270,4.84,100
2020-09-07 09:40:16.270,4.839,4300
2020-09-07 09:40:16.620,4.839,6000
2020-09-07 09:40:18.290,4.84,100
2020-09-07 09:40:18.800,4.84,9900
2020-09-07 09:40:18.800,4.84,3000
2020-09-07 09:40:18.800,4.84,200
2020-09-07 09:40:18.800,4.84,500
2020-09-07 09:40:18.800,4.841,6900
2020-09-07 09:40:20.440,4.84,20000
2020-09-07 09:40:20.930,4.841,1900
2020-09-07 09:40:22.090,4.84,3000
2020-09-07 09:40:23.020,4.84,2600
2020-09-07 09:40:25.130,4.84,6000
2020-09-07 09:40:25.180,4.84,18400
2020-09-07 09:40:25.180,4.84,65200
2020-09-07 09:40:25.180,4.84,16400
2020-09-07 09:40:25.720,4.84,1400
2020-09-07 09:40:25.720,4.84,300
2020-09-07 09:40:25.720,4.84,7500
2020-09-07 09:40:25.890,4.84,500
2020-09-07 09:40:27.810,4.84,300
2020-09-07 09:40:27.810,4.84,2000
2020-09-07 09:40:27.810,4.84,9800
2020-09-07 09:40:27.810,4.84,2000
2020-09-07 09:40:27.810,4.84,7000
2020-09-07 09:40:27.810,4.841,600
2020-09-07 09:40:27.810,4.841,1100
2020-09-07 09:40:27.810,4.841,7200
2020-09-07 09:40:28.350,4.839,6200
2020-09-07 09:40:28.950,4.84,100
2020-09-07 09:40:29.010,4.84,2500
2020-09-07 09:40:29.550,4.84,3100
2020-09-07 09:40:30.760,4.84,900
2020-09-07 09:40:30.760,4.84,6000
2020-09-07 09:40:30.760,4.84,4100
2020-09-07 09:40:32.490,4.841,2500
2020-09-07 09:40:32.490,4.841,13700
2020-09-07 09:40:32.770,4.841,1300
2020-09-07 09:40:33.210,4.84,1000
2020-09-07 09:40:34.140,4.84,8200
2020-09-07 09:40:35.600,4.84,4100
2020-09-07 09:40:35.970,4.84,1000
2020-09-07 09:40:36.740,4.841,5000
2020-09-07 09:40:36.740,4.841,3000
2020-09-07 09:40:36.740,4.841,2000
2020-09-07 09:40:36.740,4.841,10000
2020-09-07 09:40:38.400,4.84,5100
2020-09-07 09:40:39.370,4.84,600
2020-09-07 09:40:39.370,4.84,400
2020-09-07 09:40:39.610,4.841,2000
2020-09-07 09:40:40.200,4.841,500
2020-09-07 09:40:40.630,4.841,21900
2020-09-07 09:40:40.630,4.841,5000
2020-09-07 09:40:40.630,4.841,2000
2020-09-07 09:40:40.630,4.841,7000
2020-09-07 09:40:40.630,4.841,6000
2020-09-07 09:40:40.630,4.841,5000
2020-09-07 09:40:40.690,4.841,400
2020-09-07 09:40:40.960,4.841,200
2020-09-07 09:40:42.170,4.842,7700
2020-09-07 09:40:42.170,4.842,600
2020-09-07 09:40:42.170,4.842,5000
2020-09-07 09:40:42.170,4.842,6300
2020-09-07 09:40:42.170,4.842,5000
2020-09-07 09:40:42.170,4.842,1000
2020-09-07 09:40:42.170,4.842,800
2020-09-07 09:40:42.170,4.842,1700
2020-09-07 09:40:42.910,4.841,1000
2020-09-07 09:40:42.970,4.841,200
2020-09-07 09:40:44.080,4.841,2500
2020-09-07 09:40:45.410,4.841,1000
2020-09-07 09:40:48.000,4.841,3000
2020-09-07 09:40:48.390,4.842,2500
2020-09-07 09:40:48.890,4.841,100
2020-09-07 09:40:49.450,4.841,2500
2020-09-07 09:40:51.280,4.842,8700
2020-09-07 09:40:51.280,4.842,7000
2020-09-07 09:40:51.280,4.842,1300
2020-09-07 09:40:51.460,4.842,200
2020-09-07 09:40:51.460,4.842,800
2020-09-07 09:40:52.250,4.841,200
2020-09-07 09:40:53.150,4.841,200
2020-09-07 09:40:53.300,4.842,200
2020-09-07 09:40:53.300,4.842,8800
2020-09-07 09:40:53.300,4.842,1000
2020-09-07 09:40:53.300,4.842,1000
2020-09-07 09:40:53.300,4.842,3000
2020-09-07 09:40:53.300,4.842,500
2020-09-07 09:40:53.300,4.842,5000
2020-09-07 09:40:53.300,4.842,3000
2020-09-07 09:40:53.300,4.842,4000
2020-09-07 09:40:53.420,4.842,300
2020-09-07 09:40:53.730,4.842,700
2020-09-07 09:40:53.730,4.842,1400
2020-09-07 09:40:54.130,4.842,3000
2020-09-07 09:40:54.490,4.842,2500
2020-09-07 09:40:54.790,4.841,500
2020-09-07 09:40:54.790,4.841,20000
2020-09-07 09:40:54.790,4.841,1300
2020-09-07 09:40:54.790,4.841,600
2020-09-07 09:40:54.790,4.841,4800
2020-09-07 09:40:55.300,4.842,3100
2020-09-07 09:40:55.300,4.842,100
2020-09-07 09:40:55.350,4.842,100
2020-09-07 09:40:56.580,4.841,112800
2020-09-07 09:40:56.580,4.841,24800
2020-09-07 09:40:58.270,4.842,100
2020-09-07 09:40:58.960,4.842,2900
2020-09-07 09:40:58.960,4.842,5000
2020-09-07 09:40:58.960,4.841,2200
2020-09-07 09:40:59.240,4.842,200
2020-09-07 09:40:59.490,4.841,5100
2020-09-07 09:40:59.490,4.841,1000
2020-09-07 09:40:59.490,4.841,1500
2020-09-07 09:40:59.490,4.841,23400
2020-09-07 09:41:00.370,4.842,200
2020-09-07 09:41:01.660,4.843,1000
2020-09-07 09:41:01.660,4.843,300
2020-09-07 09:41:01.660,4.843,1000
2020-09-07 09:41:01.660,4.843,4000
2020-09-07 09:41:01.660,4.843,5000
2020-09-07 09:41:01.660,4.843,10000
2020-09-07 09:41:01.660,4.843,7000
2020-09-07 09:41:01.660,4.843,200
2020-09-07 09:41:01.660,4.843,20000
2020-09-07 09:41:01.660,4.843,2000
2020-09-07 09:41:01.660,4.843,1500
2020-09-07 09:41:02.060,4.843,100
2020-09-07 09:41:02.370,4.842,11700
2020-09-07 09:41:02.370,4.842,188300
2020-09-07 09:41:03.570,4.843,8400
2020-09-07 09:41:03.570,4.843,1000
2020-09-07 09:41:03.570,4.843,100
2020-09-07 09:41:03.570,4.843,4500
2020-09-07 09:41:03.570,4.843,68000
2020-09-07 09:41:03.570,4.843,3000
2020-09-07 09:41:03.570,4.843,22200
2020-09-07 09:41:03.570,4.843,500
2020-09-07 09:41:03.570,4.843,50000
2020-09-07 09:41:03.570,4.843,3000
2020-09-07 09:41:04.100,4.843,900
2020-09-07 09:41:04.100,4.843,1000
2020-09-07 09:41:04.600,4.844,500
2020-09-07 09:41:04.600,4.844,100
2020-09-07 09:41:04.600,4.844,2500
2020-09-07 09:41:04.600,4.844,10000
2020-09-07 09:41:04.600,4.844,10000
2020-09-07 09:41:04.600,4.844,10000
2020-09-07 09:41:04.600,4.844,300
2020-09-07 09:41:04.600,4.844,500
2020-09-07 09:41:04.600,4.844,10000
2020-09-07 09:41:04.600,4.844,2000
2020-09-07 09:41:04.600,4.844,7000
2020-09-07 09:41:04.600,4.844,3000
2020-09-07 09:41:04.600,4.844,3700
2020-09-07 09:41:04.600,4.844,5000
2020-09-07 09:41:04.600,4.844,10000
2020-09-07 09:41:04.600,4.844,7000
2020-09-07 09:41:04.600,4.844,1000
2020-09-07 09:41:04.810,4.844,2400
2020-09-07 09:41:04.810,4.844,4400
2020-09-07 09:41:05.090,4.845,100
2020-09-07 09:41:05.090,4.845,100
2020-09-07 09:41:05.090,4.845,100
2020-09-07 09:41:05.090,4.845,100
2020-09-07 09:41:05.090,4.845,1200
2020-09-07 09:41:05.090,4.845,51500
2020-09-07 09:41:05.090,4.845,3000
2020-09-07 09:41:05.090,4.845,10000
2020-09-07 09:41:05.090,4.845,600
2020-09-07 09:41:05.090,4.845,5000
2020-09-07 09:41:05.090,4.845,200
2020-09-07 09:41:05.090,4.845,1000
2020-09-07 09:41:05.090,4.845,5000
2020-09-07 09:41:05.090,4.845,2000
2020-09-07 09:41:05.090,4.845,1000
2020-09-07 09:41:05.090,4.845,49800
2020-09-07 09:41:05.090,4.845,169300
2020-09-07 09:41:05.350,4.845,128000
2020-09-07 09:41:05.350,4.845,2500
2020-09-07 09:41:05.350,4.845,300
2020-09-07 09:41:05.350,4.845,20000
2020-09-07 09:41:05.350,4.845,7000
2020-09-07 09:41:05.350,4.845,1500
2020-09-07 09:41:05.350,4.845,100
2020-09-07 09:41:05.610,4.846,1000
2020-09-07 09:41:05.610,4.846,200
2020-09-07 09:41:05.610,4.846,18600
2020-09-07 09:41:05.610,4.846,3800
2020-09-07 09:41:05.610,4.846,100
2020-09-07 09:41:05.610,4.846,2000
2020-09-07 09:41:05.610,4.846,5000
2020-09-07 09:41:05.610,4.846,500
2020-09-07 09:41:05.610,4.846,6300
2020-09-07 09:41:05.610,4.846,100
2020-09-07 09:41:05.610,4.846,5000
2020-09-07 09:41:05.610,4.846,5000
2020-09-07 09:41:05.610,4.846,100
2020-09-07 09:41:05.610,4.846,5000
2020-09-07 09:41:05.610,4.846,60000
2020-09-07 09:41:06.910,4.847,200
2020-09-07 09:41:06.910,4.847,100
2020-09-07 09:41:06.910,4.847,1000
2020-09-07 09:41:07.930,4.846,16800
2020-09-07 09:41:08.030,4.847,100
2020-09-07 09:41:08.030,4.847,2500
2020-09-07 09:41:08.030,4.847,1400
2020-09-07 09:41:08.030,4.847,3000
2020-09-07 09:41:08.030,4.847,20000
2020-09-07 09:41:08.030,4.847,100
2020-09-07 09:41:08.030,4.847,100
2020-09-07 09:41:08.030,4.847,5000
2020-09-07 09:41:10.830,4.847,100
2020-09-07 09:41:10.910,4.847,500
2020-09-07 09:41:12.970,4.848,3000
2020-09-07 09:41:13.210,4.847,100
2020-09-07 09:41:13.320,4.847,200
2020-09-07 09:41:13.370,4.847,3000
2020-09-07 09:41:13.370,4.847,10000
2020-09-07 09:41:13.400,4.848,3000
2020-09-07 09:41:13.400,4.848,1000
2020-09-07 09:41:14.170,4.847,100
2020-09-07 09:41:14.470,4.847,2000
2020-09-07 09:41:15.060,4.848,1000
2020-09-07 09:41:15.060,4.848,5000
2020-09-07 09:41:15.060,4.848,3000
2020-09-07 09:41:15.060,4.848,1000
2020-09-07 09:41:15.060,4.848,3000
2020-09-07 09:41:15.060,4.848,17000
2020-09-07 09:41:15.060,4.847,6000
2020-09-07 09:41:15.450,4.847,4000
2020-09-07 09:41:15.450,4.848,46000
2020-09-07 09:41:15.680,4.848,3500
2020-09-07 09:41:16.080,4.848,100
2020-09-07 09:41:16.150,4.848,5000
2020-09-07 09:41:16.800,4.845,5000
2020-09-07 09:41:16.800,4.844,45200
2020-09-07 09:41:17.240,4.844,10000
2020-09-07 09:41:18.000,4.847,100
2020-09-07 09:41:18.000,4.847,300
2020-09-07 09:41:18.500,4.844,4800
2020-09-07 09:41:18.500,4.844,600
2020-09-07 09:41:18.500,4.844,60000
2020-09-07 09:41:18.500,4.843,800
2020-09-07 09:41:18.500,4.843,21400
2020-09-07 09:41:18.500,4.843,500
2020-09-07 09:41:18.500,4.843,72900
2020-09-07 09:41:18.620,4.843,1000
2020-09-07 09:41:18.620,4.844,1000
2020-09-07 09:41:19.130,4.846,60000
2020-09-07 09:41:19.130,4.847,3700
2020-09-07 09:41:19.130,4.847,60000
2020-09-07 09:41:19.130,4.848,20200
2020-09-07 09:41:19.480,4.847,3000
2020-09-07 09:41:19.480,4.848,37000
2020-09-07 09:41:20.530,4.844,2000
2020-09-07 09:41:21.310,4.844,1000
2020-09-07 09:41:21.360,4.848,100
2020-09-07 09:41:23.040,4.847,200
2020-09-07 09:41:23.040,4.848,15100
2020-09-07 09:41:23.040,4.848,600
2020-09-07 09:41:23.040,4.848,2000
2020-09-07 09:41:23.040,4.848,10000
2020-09-07 09:41:23.040,4.848,5000
2020-09-07 09:41:23.040,4.848,10000
2020-09-07 09:41:23.040,4.848,5000
2020-09-07 09:41:23.040,4.848,10300
2020-09-07 09:41:23.040,4.848,39800
2020-09-07 09:41:23.200,4.848,4000
2020-09-07 09:41:26.390,4.847,100
2020-09-07 09:41:26.410,4.847,2000
2020-09-07 09:41:27.050,4.847,1000
2020-09-07 09:41:27.070,4.845,1000
2020-09-07 09:41:27.070,4.844,3200
2020-09-07 09:41:28.330,4.844,2800
2020-09-07 09:41:29.760,4.844,200
2020-09-07 09:41:29.930,4.844,500
2020-09-07 09:41:29.990,4.844,17000
2020-09-07 09:41:30.900,4.844,300
2020-09-07 09:41:31.060,4.844,2000
2020-09-07 09:41:33.400,4.844,1000
2020-09-07 09:41:36.040,4.844,2000
2020-09-07 09:41:36.900,4.844,5000
2020-09-07 09:41:37.350,4.843,100
2020-09-07 09:41:37.350,4.843,3000
2020-09-07 09:41:37.400,4.843,1000
2020-09-07 09:41:37.580,4.843,5900
2020-09-07 09:41:37.580,4.844,4100
2020-09-07 09:41:37.990,4.844,5000
2020-09-07 09:41:38.480,4.844,2000
2020-09-07 09:41:39.320,4.844,200
2020-09-07 09:41:39.850,4.844,100
2020-09-07 09:41:40.340,4.844,10000
2020-09-07 09:41:40.950,4.844,500
2020-09-07 09:41:41.140,4.844,4200
2020-09-07 09:41:42.200,4.844,100
2020-09-07 09:41:42.330,4.843,100
2020-09-07 09:41:42.750,4.844,500
2020-09-07 09:41:43.290,4.843,400
2020-09-07 09:41:43.290,4.843,600
2020-09-07 09:41:43.290,4.842,1000
2020-09-07 09:41:43.290,4.842,1100
2020-09-07 09:41:43.680,4.844,400
2020-09-07 09:41:44.800,4.844,2100
2020-09-07 09:41:45.860,4.842,100
2020-09-07 09:41:46.040,4.843,1000
2020-09-07 09:41:46.310,4.843,1000
2020-09-07 09:41:46.310,4.843,2600
2020-09-07 09:41:46.310,4.843,800
2020-09-07 09:41:46.310,4.844,45600
2020-09-07 09:41:46.460,4.844,100
2020-09-07 09:41:47.320,4.842,800
2020-09-07 09:41:47.320,4.842,2000
2020-09-07 09:41:47.320,4.842,7200
2020-09-07 09:41:49.350,4.843,1200
2020-09-07 09:41:49.550,4.842,10000
2020-09-07 09:41:50.290,4.843,500
2020-09-07 09:41:51.180,4.843,5000
2020-09-07 09:41:51.320,4.842,600
2020-09-07 09:41:51.730,4.843,13300
2020-09-07 09:41:51.730,4.843,4900
2020-09-07 09:41:52.170,4.843,5300
2020-09-07 09:41:52.330,4.844,3000
2020-09-07 09:41:55.210,4.843,3000
2020-09-07 09:41:55.370,4.844,141800
2020-09-07 09:41:55.370,4.844,2500
2020-09-07 09:41:55.370,4.844,100
2020-09-07 09:41:55.370,4.844,7300
2020-09-07 09:41:55.370,4.844,4600
2020-09-07 09:41:55.370,4.844,100
2020-09-07 09:41:55.490,4.844,100
2020-09-07 09:41:55.800,4.844,95000
2020-09-07 09:41:56.360,4.844,1000
2020-09-07 09:41:57.030,4.843,500
2020-09-07 09:41:57.880,4.843,1000
2020-09-07 09:41:59.710,4.844,23100
2020-09-07 09:41:59.710,4.843,46900
2020-09-07 09:41:59.760,4.843,200
2020-09-07 09:42:01.250,4.844,58000
2020-09-07 09:42:02.720,4.844,3000
2020-09-07 09:42:02.870,4.845,800
2020-09-07 09:42:02.900,4.844,600
2020-09-07 09:42:02.950,4.844,1000
2020-09-07 09:42:03.630,4.845,50000
2020-09-07 09:42:03.630,4.845,500
2020-09-07 09:42:03.630,4.845,3000
2020-09-07 09:42:03.630,4.845,2000
2020-09-07 09:42:03.630,4.845,7000
2020-09-07 09:42:04.410,4.845,10000
2020-09-07 09:42:04.640,4.846,3500
2020-09-07 09:42:04.640,4.846,7000
2020-09-07 09:42:04.640,4.846,5000
2020-09-07 09:42:04.640,4.846,47300
2020-09-07 09:42:04.640,4.846,900
2020-09-07 09:42:04.640,4.846,8000
2020-09-07 09:42:04.640,4.846,50000
2020-09-07 09:42:04.640,4.846,8300
2020-09-07 09:42:05.130,4.847,1200
2020-09-07 09:42:05.130,4.847,6000
2020-09-07 09:42:05.130,4.847,3000
2020-09-07 09:42:05.130,4.847,600
2020-09-07 09:42:05.130,4.847,20000
2020-09-07 09:42:05.130,4.847,20000
2020-09-07 09:42:05.130,4.847,3300
2020-09-07 09:42:05.130,4.847,100
2020-09-07 09:42:05.130,4.847,10000
2020-09-07 09:42:05.130,4.847,1000
2020-09-07 09:42:05.130,4.847,13000
2020-09-07 09:42:05.130,4.847,44900
2020-09-07 09:42:05.290,4.847,2400
2020-09-07 09:42:06.220,4.847,1000
2020-09-07 09:42:07.860,4.847,6600
2020-09-07 09:42:07.940,4.847,4000
2020-09-07 09:42:08.270,4.847,2000
2020-09-07 09:42:08.440,4.847,2900
2020-09-07 09:42:08.720,4.847,5000
2020-09-07 09:42:09.700,4.846,21000
2020-09-07 09:42:10.460,4.845,20000
2020-09-07 09:42:12.440,4.847,3000
2020-09-07 09:42:12.440,4.848,2000
2020-09-07 09:42:14.460,4.847,8000
2020-09-07 09:42:14.460,4.847,10000
2020-09-07 09:42:14.460,4.847,400
2020-09-07 09:42:14.460,4.847,3500
2020-09-07 09:42:14.560,4.845,1300
2020-09-07 09:42:14.760,4.847,1600
2020-09-07 09:42:14.760,4.847,100
2020-09-07 09:42:14.760,4.847,3100
2020-09-07 09:42:17.220,4.847,5000
2020-09-07 09:42:17.930,4.845,600
2020-09-07 09:42:17.930,4.845,100
2020-09-07 09:42:17.930,4.845,500
2020-09-07 09:42:18.310,4.844,7000
2020-09-07 09:42:19.070,4.845,1000
2020-09-07 09:42:19.320,4.845,1800
2020-09-07 09:42:19.320,4.847,200
2020-09-07 09:42:19.770,4.845,100
2020-09-07 09:42:19.770,4.847,1900
2020-09-07 09:42:20.640,4.845,100
2020-09-07 09:42:22.010,4.847,19800
2020-09-07 09:42:22.010,4.847,200
2020-09-07 09:42:23.220,4.847,1000
2020-09-07 09:42:23.750,4.847,100
2020-09-07 09:42:24.060,4.847,100
2020-09-07 09:42:24.420,4.847,600
2020-09-07 09:42:24.420,4.847,300
2020-09-07 09:42:24.420,4.847,1000
2020-09-07 09:42:24.420,4.847,5000
2020-09-07 09:42:24.420,4.847,500
2020-09-07 09:42:24.420,4.847,1000
2020-09-07 09:42:24.420,4.847,1800
2020-09-07 09:42:24.420,4.847,1000
2020-09-07 09:42:24.420,4.847,100
2020-09-07 09:42:24.420,4.847,5000
2020-09-07 09:42:24.420,4.847,5000
2020-09-07 09:42:24.420,4.847,7000
2020-09-07 09:42:24.420,4.847,10000
2020-09-07 09:42:24.420,4.847,48000
2020-09-07 09:42:24.670,4.846,2000
2020-09-07 09:42:24.670,4.845,1000
2020-09-07 09:42:24.670,4.845,141500
2020-09-07 09:42:24.920,4.845,4000
2020-09-07 09:42:25.430,4.845,5500
2020-09-07 09:42:25.640,4.845,700
2020-09-07 09:42:26.430,4.845,10000
2020-09-07 09:42:28.400,4.846,1000
2020-09-07 09:42:28.940,4.846,1300
2020-09-07 09:42:31.070,4.845,1000
2020-09-07 09:42:31.710,4.845,4200
2020-09-07 09:42:31.710,4.845,15800
2020-09-07 09:42:32.520,4.846,100
2020-09-07 09:42:33.780,4.846,3600
2020-09-07 09:42:33.780,4.846,400
2020-09-07 09:42:33.780,4.846,1000
2020-09-07 09:42:34.090,4.846,4000
2020-09-07 09:42:34.090,4.846,90000
2020-09-07 09:42:34.090,4.846,50000
2020-09-07 09:42:34.160,4.846,800
2020-09-07 09:42:34.230,4.846,2000
2020-09-07 09:42:34.490,4.847,2000
2020-09-07 09:42:35.030,4.847,41300
2020-09-07 09:42:35.280,4.846,100
2020-09-07 09:42:36.060,4.847,4500
2020-09-07 09:42:36.260,4.846,300
2020-09-07 09:42:36.590,4.846,100
2020-09-07 09:42:36.720,4.846,3200
2020-09-07 09:42:37.960,4.846,1300
2020-09-07 09:42:37.960,4.846,6100
2020-09-07 09:42:38.110,4.846,1900
2020-09-07 09:42:38.520,4.846,2000
2020-09-07 09:42:38.650,4.846,5000
2020-09-07 09:42:38.700,4.846,300
2020-09-07 09:42:38.760,4.846,3500
2020-09-07 09:42:38.760,4.845,300
2020-09-07 09:42:38.760,4.845,6200
2020-09-07 09:42:39.880,4.846,5800
2020-09-07 09:42:39.880,4.846,44200
2020-09-07 09:42:40.170,4.846,300
2020-09-07 09:42:40.580,4.847,400
2020-09-07 09:42:41.270,4.847,500
2020-09-07 09:42:43.080,4.847,100
2020-09-07 09:42:43.220,4.846,10000
2020-09-07 09:42:43.890,4.846,2700
2020-09-07 09:42:44.980,4.847,2000
2020-09-07 09:42:45.560,4.846,5000
2020-09-07 09:42:45.900,4.846,2500
2020-09-07 09:42:46.280,4.846,9900
2020-09-07 09:42:46.780,4.847,10000
2020-09-07 09:42:46.880,4.847,3000
2020-09-07 09:42:47.320,4.847,38200
2020-09-07 09:42:47.320,4.847,4300
2020-09-07 09:42:47.950,4.846,2000
2020-09-07 09:42:48.200,4.846,1700
2020-09-07 09:42:48.870,4.846,1700
2020-09-07 09:42:49.730,4.847,1200
2020-09-07 09:42:49.730,4.847,500
2020-09-07 09:42:49.730,4.847,4000
2020-09-07 09:42:49.730,4.847,500
2020-09-07 09:42:49.730,4.847,3800
2020-09-07 09:42:51.510,4.846,40000
2020-09-07 09:42:52.670,4.846,3000
2020-09-07 09:42:52.750,4.846,12000
2020-09-07 09:42:53.580,4.846,5000
2020-09-07 09:42:54.480,4.847,1200
2020-09-07 09:42:54.480,4.847,1800
2020-09-07 09:42:54.480,4.847,2000
2020-09-07 09:42:54.730,4.846,400
2020-09-07 09:42:55.210,4.846,4500
2020-09-07 09:42:55.570,4.846,100
2020-09-07 09:42:55.770,4.846,10000
2020-09-07 09:42:56.170,4.846,5000
2020-09-07 09:42:56.170,4.846,6000
2020-09-07 09:42:56.170,4.846,400
2020-09-07 09:42:56.170,4.846,1000
2020-09-07 09:42:56.170,4.846,1500
2020-09-07 09:42:57.610,4.846,800
2020-09-07 09:42:58.020,4.847,1100
2020-09-07 09:42:58.190,4.846,2000
2020-09-07 09:42:59.020,4.846,700
2020-09-07 09:42:59.020,4.846,600
2020-09-07 09:42:59.160,4.846,2300
2020-09-07 09:42:59.160,4.846,1000
2020-09-07 09:42:59.160,4.845,700
2020-09-07 09:42:59.560,4.845,2300
2020-09-07 09:42:59.560,4.845,5000
2020-09-07 09:42:59.560,4.844,2700
2020-09-07 09:43:00.470,4.846,10000
2020-09-07 09:43:02.460,4.846,5000
2020-09-07 09:43:03.500,4.846,13400
2020-09-07 09:43:03.500,4.846,3100
2020-09-07 09:43:03.500,4.846,10000
2020-09-07 09:43:03.500,4.846,5000
2020-09-07 09:43:03.720,4.846,2000
2020-09-07 09:43:04.410,4.847,1900
2020-09-07 09:43:04.410,4.847,5000
2020-09-07 09:43:04.410,4.847,19800
2020-09-07 09:43:04.410,4.847,3000
2020-09-07 09:43:04.410,4.847,1000
2020-09-07 09:43:04.410,4.847,5000
2020-09-07 09:43:04.410,4.847,2000
2020-09-07 09:43:04.410,4.847,2000
2020-09-07 09:43:04.410,4.847,2800
2020-09-07 09:43:04.410,4.847,3000
2020-09-07 09:43:04.410,4.847,7000
2020-09-07 09:43:04.410,4.847,5000
2020-09-07 09:43:04.410,4.847,3000
2020-09-07 09:43:04.410,4.847,1000
2020-09-07 09:43:04.410,4.847,5000
2020-09-07 09:43:04.410,4.847,100
2020-09-07 09:43:04.410,4.847,3000
2020-09-07 09:43:04.490,4.847,9200
2020-09-07 09:43:04.920,4.847,1300
2020-09-07 09:43:05.070,4.847,1000
2020-09-07 09:43:05.120,4.847,5000
2020-09-07 09:43:06.050,4.848,4200
2020-09-07 09:43:06.050,4.848,50000
2020-09-07 09:43:06.050,4.848,50000
2020-09-07 09:43:06.050,4.848,10000
2020-09-07 09:43:06.050,4.848,80000
2020-09-07 09:43:06.050,4.848,2000
2020-09-07 09:43:06.050,4.848,5000
2020-09-07 09:43:06.050,4.848,500
2020-09-07 09:43:06.050,4.848,7000
2020-09-07 09:43:06.050,4.848,1000
2020-09-07 09:43:06.050,4.848,6000
2020-09-07 09:43:06.050,4.848,1000
2020-09-07 09:43:06.050,4.848,33000
2020-09-07 09:43:06.050,4.848,5000
2020-09-07 09:43:06.050,4.848,13000
2020-09-07 09:43:06.050,4.848,200
2020-09-07 09:43:06.050,4.848,32100
2020-09-07 09:43:06.560,4.848,17900
2020-09-07 09:43:06.560,4.848,1500
2020-09-07 09:43:06.560,4.848,2500
2020-09-07 09:43:06.560,4.848,1000
2020-09-07 09:43:06.560,4.848,100300
2020-09-07 09:43:06.560,4.848,20000
2020-09-07 09:43:06.560,4.848,5000
2020-09-07 09:43:06.560,4.848,500
2020-09-07 09:43:06.560,4.848,5000
2020-09-07 09:43:06.560,4.848,6800
2020-09-07 09:43:06.560,4.848,3000
2020-09-07 09:43:06.560,4.848,3000
2020-09-07 09:43:06.560,4.848,10000
2020-09-07 09:43:06.560,4.848,100
2020-09-07 09:43:06.560,4.848,100
2020-09-07 09:43:06.560,4.848,40000
2020-09-07 09:43:06.560,4.848,1000
2020-09-07 09:43:06.560,4.848,82300
2020-09-07 09:43:07.560,4.848,2700
2020-09-07 09:43:08.000,4.847,33300
2020-09-07 09:43:08.230,4.847,1000
2020-09-07 09:43:08.740,4.848,16000
2020-09-07 09:43:09.090,4.848,180600
2020-09-07 09:43:09.420,4.847,1400
2020-09-07 09:43:09.660,4.847,1500
2020-09-07 09:43:09.660,4.847,400
2020-09-07 09:43:10.110,4.847,4100
2020-09-07 09:43:10.110,4.848,6800
2020-09-07 09:43:10.270,4.846,500
2020-09-07 09:43:10.270,4.846,5000
2020-09-07 09:43:10.270,4.846,1700
2020-09-07 09:43:11.800,4.847,300
2020-09-07 09:43:11.800,4.848,1700
2020-09-07 09:43:11.970,4.848,200
2020-09-07 09:43:12.000,4.846,2400
2020-09-07 09:43:12.510,4.846,900
2020-09-07 09:43:12.510,4.846,1100
2020-09-07 09:43:14.000,4.847,100
2020-09-07 09:43:14.000,4.847,9900
2020-09-07 09:43:14.200,4.847,1000
2020-09-07 09:43:14.370,4.846,200
2020-09-07 09:43:14.950,4.847,3400
2020-09-07 09:43:14.950,4.847,1000
2020-09-07 09:43:14.950,4.847,3000
2020-09-07 09:43:14.950,4.847,1000
2020-09-07 09:43:14.950,4.847,19900
2020-09-07 09:43:14.950,4.847,2000
2020-09-07 09:43:15.000,4.847,10000
2020-09-07 09:43:15.240,4.847,2300
2020-09-07 09:43:15.960,4.847,700
2020-09-07 09:43:16.880,4.848,1000
2020-09-07 09:43:16.940,4.847,1300
2020-09-07 09:43:17.450,4.847,50000
2020-09-07 09:43:17.980,4.848,6200
2020-09-07 09:43:18.510,4.847,21000
2020-09-07 09:43:18.660,4.847,2000
2020-09-07 09:43:18.660,4.847,30000
2020-09-07 09:43:18.960,4.847,41000
2020-09-07 09:43:20.160,4.847,11400
2020-09-07 09:43:20.160,4.847,100
2020-09-07 09:43:20.520,4.846,1200
2020-09-07 09:43:20.520,4.846,5100
2020-09-07 09:43:20.520,4.846,1000
