Datetime,Price,Volume
2020-10-12 09:25:00.600,3.35,161
2020-10-12 09:25:00.600,3.35,339
2020-10-12 09:25:00.600,3.35,361
2020-10-12 09:25:00.600,3.35,139
2020-10-12 09:25:00.600,3.35,3461
2020-10-12 09:25:00.600,3.35,6539
2020-10-12 09:25:00.600,3.35,300
2020-10-12 09:25:00.600,3.35,1000
2020-10-12 09:25:00.600,3.35,14500
2020-10-12 09:25:00.600,3.35,761
2020-10-12 09:25:00.600,3.35,22439
2020-10-12 09:25:00.600,3.35,14200
2020-10-12 09:25:00.600,3.35,1061
2020-10-12 09:25:00.600,3.35,6939
2020-10-12 09:25:00.600,3.35,100
2020-10-12 09:25:00.600,3.35,16261
2020-10-12 09:25:00.600,3.35,700
2020-10-12 09:25:00.600,3.35,6000
2020-10-12 09:25:00.600,3.35,28700
2020-10-12 09:25:00.600,3.35,8339
2020-10-12 09:25:00.600,3.35,21661
2020-10-12 09:25:00.600,3.35,200
2020-10-12 09:25:00.600,3.35,9100
2020-10-12 09:25:00.600,3.35,500
2020-10-12 09:25:00.600,3.35,100
2020-10-12 09:25:00.600,3.35,20000
2020-10-12 09:25:00.600,3.35,8439
2020-10-12 09:25:00.600,3.35,30000
2020-10-12 09:25:00.600,3.35,46561
2020-10-12 09:25:00.600,3.35,400
2020-10-12 09:25:00.600,3.35,200
2020-10-12 09:25:00.600,3.35,100
2020-10-12 09:25:00.600,3.35,100
2020-10-12 09:25:00.600,3.35,6000
2020-10-12 09:25:00.600,3.35,500
2020-10-12 09:25:00.600,3.35,100
2020-10-12 09:25:00.600,3.35,100
2020-10-12 09:25:00.600,3.35,200
2020-10-12 09:25:00.600,3.35,6000
2020-10-12 09:25:00.600,3.35,60000
2020-10-12 09:25:00.600,3.35,1400
2020-10-12 09:25:00.600,3.35,2300
2020-10-12 09:25:00.600,3.35,6800
2020-10-12 09:25:00.600,3.35,200
2020-10-12 09:25:00.600,3.35,400
2020-10-12 09:25:00.600,3.35,500
2020-10-12 09:25:00.600,3.35,100
2020-10-12 09:25:00.600,3.35,3000
2020-10-12 09:25:00.600,3.35,100
2020-10-12 09:25:00.600,3.35,3000
2020-10-12 09:25:00.600,3.35,200
2020-10-12 09:25:00.600,3.35,100
2020-10-12 09:25:00.600,3.35,100
2020-10-12 09:25:00.600,3.35,10000
2020-10-12 09:25:00.600,3.35,100
2020-10-12 09:25:00.600,3.35,300
2020-10-12 09:25:00.600,3.35,100
2020-10-12 09:25:00.600,3.35,400
2020-10-12 09:25:00.600,3.35,100
2020-10-12 09:25:00.600,3.35,500
2020-10-12 09:25:00.600,3.35,39
2020-10-12 09:25:00.600,3.35,61
2020-10-12 09:25:00.600,3.35,300
2020-10-12 09:25:00.600,3.35,2500
2020-10-12 09:25:00.600,3.35,2500
2020-10-12 09:25:00.600,3.35,400
2020-10-12 09:25:00.600,3.35,600
2020-10-12 09:25:00.600,3.35,100
2020-10-12 09:25:00.600,3.35,300
2020-10-12 09:25:00.600,3.35,1300
2020-10-12 09:25:00.600,3.35,100
2020-10-12 09:25:00.600,3.35,200
2020-10-12 09:25:00.600,3.35,3000
2020-10-12 09:25:00.600,3.35,300
2020-10-12 09:25:00.600,3.35,100
2020-10-12 09:25:00.600,3.35,3500
2020-10-12 09:25:00.600,3.35,500
2020-10-12 09:25:00.600,3.35,200
2020-10-12 09:25:00.600,3.35,45000
2020-10-12 09:25:00.600,3.35,600
2020-10-12 09:25:00.600,3.35,1100
2020-10-12 09:25:00.600,3.35,5800
2020-10-12 09:25:00.600,3.35,21539
2020-10-12 09:25:00.600,3.35,100
2020-10-12 09:25:00.600,3.35,30500
2020-10-12 09:25:00.600,3.35,10000
2020-10-12 09:25:00.600,3.35,4100
2020-10-12 09:25:00.600,3.35,33761
2020-10-12 09:25:00.600,3.35,100000
2020-10-12 09:25:00.600,3.35,100000
2020-10-12 09:25:00.600,3.35,66239
2020-10-12 09:25:00.600,3.35,10000
2020-10-12 09:25:00.600,3.35,23761
2020-10-12 09:25:00.600,3.35,53700
2020-10-12 09:25:00.600,3.35,65000
2020-10-12 09:25:00.600,3.35,214400
2020-10-12 09:25:00.600,3.35,30000
2020-10-12 09:25:00.600,3.35,1500
2020-10-12 09:25:00.600,3.35,200
2020-10-12 09:25:00.600,3.35,1300
2020-10-12 09:25:00.600,3.35,7000
2020-10-12 09:25:00.600,3.35,4000
2020-10-12 09:25:00.600,3.35,300
2020-10-12 09:25:00.600,3.35,300
2020-10-12 09:25:00.600,3.35,1200
2020-10-12 09:25:00.600,3.35,3700
2020-10-12 09:25:00.600,3.35,1000
2020-10-12 09:25:00.600,3.35,100
2020-10-12 09:25:00.600,3.35,1000
2020-10-12 09:25:00.600,3.35,22200
2020-10-12 09:25:00.600,3.35,7000
2020-10-12 09:25:00.600,3.35,100
2020-10-12 09:25:00.600,3.35,200
2020-10-12 09:25:00.600,3.35,10400
2020-10-12 09:25:00.600,3.35,2000
2020-10-12 09:25:00.600,3.35,500
2020-10-12 09:25:00.600,3.35,100
2020-10-12 09:25:00.600,3.35,11000
2020-10-12 09:25:00.600,3.35,1000
2020-10-12 09:25:00.600,3.35,20200
2020-10-12 09:25:00.600,3.35,5000
2020-10-12 09:25:00.600,3.35,1800
2020-10-12 09:25:00.600,3.35,8000
2020-10-12 09:25:00.600,3.35,200
2020-10-12 09:25:00.600,3.35,20000
2020-10-12 09:25:00.600,3.35,200
2020-10-12 09:25:00.600,3.35,400
2020-10-12 09:25:00.600,3.35,300
2020-10-12 09:25:00.600,3.35,6300
2020-10-12 09:25:00.600,3.35,1200
2020-10-12 09:25:00.600,3.35,3000
2020-10-12 09:25:00.600,3.35,600
2020-10-12 09:25:00.600,3.35,8900
2020-10-12 09:25:00.600,3.35,500
2020-10-12 09:25:00.600,3.35,1200
2020-10-12 09:25:00.600,3.35,200
2020-10-12 09:25:00.600,3.35,7000
2020-10-12 09:25:00.600,3.35,100
2020-10-12 09:25:00.600,3.35,15000
2020-10-12 09:25:00.600,3.35,1000
2020-10-12 09:25:00.600,3.35,1000
2020-10-12 09:25:00.600,3.35,80000
2020-10-12 09:25:00.600,3.35,300
2020-10-12 09:25:00.600,3.35,5300
2020-10-12 09:25:00.600,3.35,300
2020-10-12 09:25:00.600,3.35,7600
2020-10-12 09:25:00.600,3.35,200
2020-10-12 09:25:00.600,3.35,600
2020-10-12 09:25:00.600,3.35,200
2020-10-12 09:25:00.600,3.35,200
2020-10-12 09:25:00.600,3.35,9000
2020-10-12 09:25:00.600,3.35,100
2020-10-12 09:25:00.600,3.35,100
2020-10-12 09:25:00.600,3.35,500
2020-10-12 09:25:00.600,3.35,12500
2020-10-12 09:25:00.600,3.35,10000
2020-10-12 09:25:00.600,3.35,12500
2020-10-12 09:25:00.600,3.35,4000
2020-10-12 09:25:00.600,3.35,300
2020-10-12 09:25:00.600,3.35,6200
2020-10-12 09:25:00.600,3.35,11000
2020-10-12 09:25:00.600,3.35,500
2020-10-12 09:25:00.600,3.35,100
2020-10-12 09:25:00.600,3.35,12500
2020-10-12 09:25:00.600,3.35,200
2020-10-12 09:25:00.600,3.35,200
2020-10-12 09:25:00.600,3.35,500
2020-10-12 09:25:00.600,3.35,100
2020-10-12 09:25:00.600,3.35,1000
2020-10-12 09:25:00.600,3.35,1000
2020-10-12 09:25:00.600,3.35,600
2020-10-12 09:25:00.600,3.35,12500
2020-10-12 09:25:00.600,3.35,5000
2020-10-12 09:25:00.600,3.35,7600
2020-10-12 09:25:00.600,3.35,100
2020-10-12 09:25:00.600,3.35,1000
2020-10-12 09:25:00.600,3.35,10000
2020-10-12 09:25:00.600,3.35,12500
2020-10-12 09:25:00.600,3.35,1500
2020-10-12 09:25:00.600,3.35,100
2020-10-12 09:25:00.600,3.35,4600
2020-10-12 09:25:00.600,3.35,100
2020-10-12 09:25:00.600,3.35,1000
2020-10-12 09:25:00.600,3.35,3600
2020-10-12 09:25:00.600,3.35,12500
2020-10-12 09:25:00.600,3.35,100
2020-10-12 09:25:00.600,3.35,7700
2020-10-12 09:25:00.600,3.35,5100
2020-10-12 09:25:00.600,3.35,5100
2020-10-12 09:25:00.600,3.35,100
2020-10-12 09:25:00.600,3.35,1000
2020-10-12 09:25:00.600,3.35,1000
2020-10-12 09:25:00.600,3.35,10000
2020-10-12 09:25:00.600,3.35,300
2020-10-12 09:25:00.600,3.35,1500
2020-10-12 09:25:00.600,3.35,10000
2020-10-12 09:25:00.600,3.35,12500
2020-10-12 09:25:00.600,3.35,5000
2020-10-12 09:25:00.600,3.35,6700
2020-10-12 09:25:00.600,3.35,2000
2020-10-12 09:25:00.600,3.35,200
2020-10-12 09:25:00.600,3.35,2100
2020-10-12 09:25:00.600,3.35,600
2020-10-12 09:25:00.600,3.35,200
2020-10-12 09:25:00.600,3.35,600
2020-10-12 09:25:00.600,3.35,2000
2020-10-12 09:25:00.600,3.35,700
2020-10-12 09:25:00.600,3.35,1000
2020-10-12 09:25:00.600,3.35,4000
2020-10-12 09:25:00.600,3.35,2000
2020-10-12 09:25:00.600,3.35,3739
2020-10-12 09:25:00.600,3.35,1261
2020-10-12 09:25:00.600,3.35,7800
2020-10-12 09:25:00.600,3.35,10939
2020-10-12 09:25:00.600,3.35,100
2020-10-12 09:25:00.600,3.35,8961
2020-10-12 09:25:00.600,3.35,2039
2020-10-12 09:25:00.600,3.35,1000
2020-10-12 09:25:00.600,3.35,961
2020-10-12 09:25:00.600,3.35,49039
2020-10-12 09:25:00.600,3.35,6961
2020-10-12 09:25:00.600,3.35,200
2020-10-12 09:25:00.600,3.35,300
2020-10-12 09:25:00.600,3.35,10000
2020-10-12 09:25:00.600,3.35,1000
2020-10-12 09:25:00.600,3.35,4000
2020-10-12 09:25:00.600,3.35,20000
2020-10-12 09:25:00.600,3.35,100
2020-10-12 09:25:00.600,3.35,5000
2020-10-12 09:25:00.600,3.35,2000
2020-10-12 09:25:00.600,3.35,10000
2020-10-12 09:25:00.600,3.35,100
2020-10-12 09:25:00.600,3.35,2900
2020-10-12 09:25:00.600,3.35,3000
2020-10-12 09:25:00.600,3.35,14439
2020-10-12 09:25:00.600,3.35,10661
2020-10-12 09:25:00.600,3.35,2000
2020-10-12 09:25:00.600,3.35,5000
2020-10-12 09:25:00.600,3.35,3000
2020-10-12 09:25:00.600,3.35,3000
2020-10-12 09:25:00.600,3.35,26339
2020-10-12 09:25:00.600,3.35,23661
2020-10-12 09:25:00.600,3.35,100
2020-10-12 09:25:00.600,3.35,12500
2020-10-12 09:25:00.600,3.35,10000
2020-10-12 09:25:00.600,3.35,167900
2020-10-12 09:25:00.600,3.35,200
2020-10-12 09:25:00.600,3.35,500
2020-10-12 09:25:00.600,3.35,90000
2020-10-12 09:25:00.600,3.35,700
2020-10-12 09:30:00.020,3.351,5500
2020-10-12 09:30:00.020,3.351,11000
2020-10-12 09:30:00.020,3.351,100
2020-10-12 09:30:00.020,3.351,1000
2020-10-12 09:30:00.020,3.351,600
2020-10-12 09:30:00.020,3.351,1000
2020-10-12 09:30:00.020,3.351,2500
2020-10-12 09:30:00.020,3.351,12500
2020-10-12 09:30:00.020,3.352,2000
2020-10-12 09:30:00.020,3.352,500
2020-10-12 09:30:00.020,3.352,1000
2020-10-12 09:30:00.020,3.352,500
2020-10-12 09:30:00.020,3.352,5400
2020-10-12 09:30:00.020,3.352,10000
2020-10-12 09:30:00.020,3.352,1500
2020-10-12 09:30:00.020,3.352,3900
2020-10-12 09:30:00.020,3.352,12500
2020-10-12 09:30:00.020,3.353,100
2020-10-12 09:30:00.090,3.351,10000
2020-10-12 09:30:00.210,3.353,100
2020-10-12 09:30:00.320,3.353,100
2020-10-12 09:30:00.320,3.353,800
2020-10-12 09:30:00.320,3.353,200
2020-10-12 09:30:00.320,3.351,154600
2020-10-12 09:30:00.320,3.351,34200
2020-10-12 09:30:00.320,3.351,300
2020-10-12 09:30:00.320,3.351,500
2020-10-12 09:30:00.320,3.35,472439
2020-10-12 09:30:00.320,3.35,187961
2020-10-12 09:30:00.320,3.35,10000
2020-10-12 09:30:00.320,3.35,10000
2020-10-12 09:30:00.320,3.35,10000
2020-10-12 09:30:00.320,3.353,100
2020-10-12 09:30:00.320,3.353,100
2020-10-12 09:30:00.320,3.353,100
2020-10-12 09:30:00.320,3.353,100
2020-10-12 09:30:00.320,3.353,100
2020-10-12 09:30:00.320,3.353,100
2020-10-12 09:30:00.320,3.353,100
2020-10-12 09:30:00.320,3.353,100
2020-10-12 09:30:00.320,3.353,100
2020-10-12 09:30:00.320,3.353,100
2020-10-12 09:30:00.320,3.353,100
2020-10-12 09:30:00.320,3.353,100
2020-10-12 09:30:00.320,3.353,100
2020-10-12 09:30:00.320,3.353,100
2020-10-12 09:30:00.320,3.353,100
2020-10-12 09:30:00.320,3.353,100
2020-10-12 09:30:00.320,3.353,100
2020-10-12 09:30:00.320,3.353,100
2020-10-12 09:30:00.320,3.353,100
2020-10-12 09:30:00.320,3.353,100
2020-10-12 09:30:00.320,3.353,100
2020-10-12 09:30:00.320,3.353,100
2020-10-12 09:30:00.320,3.353,100
2020-10-12 09:30:00.320,3.353,100
2020-10-12 09:30:00.320,3.353,100
2020-10-12 09:30:00.320,3.353,100
2020-10-12 09:30:00.320,3.353,100
2020-10-12 09:30:00.320,3.353,100
2020-10-12 09:30:00.320,3.353,100
2020-10-12 09:30:00.320,3.353,100
2020-10-12 09:30:00.320,3.353,100
2020-10-12 09:30:00.320,3.353,100
2020-10-12 09:30:00.320,3.353,100
2020-10-12 09:30:00.320,3.353,100
2020-10-12 09:30:00.320,3.353,100
2020-10-12 09:30:00.320,3.353,100
2020-10-12 09:30:00.320,3.353,100
2020-10-12 09:30:00.320,3.353,100
2020-10-12 09:30:00.320,3.353,100
2020-10-12 09:30:00.320,3.353,100
2020-10-12 09:30:00.320,3.353,100
2020-10-12 09:30:00.320,3.353,100
2020-10-12 09:30:00.320,3.353,100
2020-10-12 09:30:00.320,3.353,100
2020-10-12 09:30:00.320,3.353,100
2020-10-12 09:30:00.320,3.353,100
2020-10-12 09:30:00.320,3.353,100
2020-10-12 09:30:00.320,3.353,100
2020-10-12 09:30:00.320,3.353,100
2020-10-12 09:30:00.320,3.353,100
2020-10-12 09:30:00.320,3.353,100
2020-10-12 09:30:00.320,3.353,100
2020-10-12 09:30:00.320,3.353,100
2020-10-12 09:30:00.320,3.353,100
2020-10-12 09:30:00.320,3.353,100
2020-10-12 09:30:00.320,3.353,100
2020-10-12 09:30:00.320,3.353,100
2020-10-12 09:30:00.320,3.353,100
2020-10-12 09:30:00.320,3.353,100
2020-10-12 09:30:00.320,3.353,100
2020-10-12 09:30:00.320,3.353,100
2020-10-12 09:30:00.320,3.353,100
2020-10-12 09:30:00.320,3.353,100
2020-10-12 09:30:00.320,3.353,100
2020-10-12 09:30:00.320,3.353,100
2020-10-12 09:30:00.320,3.353,100
2020-10-12 09:30:00.320,3.353,100
2020-10-12 09:30:00.320,3.353,100
2020-10-12 09:30:00.320,3.353,100
2020-10-12 09:30:00.320,3.353,100
2020-10-12 09:30:00.320,3.35,17100
2020-10-12 09:30:00.320,3.353,100
2020-10-12 09:30:00.320,3.353,100
2020-10-12 09:30:00.320,3.353,100
2020-10-12 09:30:00.320,3.353,100
2020-10-12 09:30:00.320,3.353,100
2020-10-12 09:30:00.320,3.353,100
2020-10-12 09:30:00.320,3.353,100
2020-10-12 09:30:00.320,3.353,100
2020-10-12 09:30:00.320,3.353,100
2020-10-12 09:30:00.320,3.353,100
2020-10-12 09:30:00.320,3.353,100
2020-10-12 09:30:00.320,3.353,100
2020-10-12 09:30:00.320,3.353,100
2020-10-12 09:30:00.320,3.353,100
2020-10-12 09:30:00.320,3.353,100
2020-10-12 09:30:00.320,3.353,100
2020-10-12 09:30:00.320,3.353,100
2020-10-12 09:30:00.320,3.353,100
2020-10-12 09:30:00.320,3.351,100
2020-10-12 09:30:00.320,3.351,100
2020-10-12 09:30:00.320,3.351,100
2020-10-12 09:30:00.320,3.351,100
2020-10-12 09:30:00.320,3.351,100
2020-10-12 09:30:00.320,3.351,100
2020-10-12 09:30:00.320,3.351,100
2020-10-12 09:30:00.320,3.351,100
2020-10-12 09:30:00.320,3.351,100
2020-10-12 09:30:00.320,3.35,20000
2020-10-12 09:30:00.410,3.351,4100
2020-10-12 09:30:00.410,3.353,5900
2020-10-12 09:30:00.410,3.353,100
2020-10-12 09:30:00.410,3.353,100
2020-10-12 09:30:00.520,3.351,1000
2020-10-12 09:30:00.520,3.351,1000
2020-10-12 09:30:00.520,3.351,8000
2020-10-12 09:30:00.520,3.351,10000
2020-10-12 09:30:00.520,3.351,10000
2020-10-12 09:30:00.520,3.351,10000
2020-10-12 09:30:00.520,3.351,10000
2020-10-12 09:30:00.520,3.351,20000
2020-10-12 09:30:00.520,3.351,2300
2020-10-12 09:30:00.520,3.351,10000
2020-10-12 09:30:00.520,3.351,90000
2020-10-12 09:30:00.520,3.352,100
2020-10-12 09:30:00.520,3.352,100
2020-10-12 09:30:00.520,3.352,100
2020-10-12 09:30:00.520,3.352,100
2020-10-12 09:30:00.520,3.352,100
2020-10-12 09:30:00.520,3.352,100
2020-10-12 09:30:00.520,3.352,100
2020-10-12 09:30:00.520,3.352,100
2020-10-12 09:30:00.520,3.352,100
2020-10-12 09:30:00.520,3.352,100
2020-10-12 09:30:00.520,3.352,100
2020-10-12 09:30:00.520,3.352,100
2020-10-12 09:30:00.520,3.352,100
2020-10-12 09:30:00.520,3.352,100
2020-10-12 09:30:00.520,3.352,100
2020-10-12 09:30:00.520,3.352,100
2020-10-12 09:30:00.520,3.352,100
2020-10-12 09:30:00.520,3.352,100
2020-10-12 09:30:00.520,3.352,100
2020-10-12 09:30:00.520,3.352,100
2020-10-12 09:30:00.520,3.352,100
2020-10-12 09:30:00.520,3.352,100
2020-10-12 09:30:00.520,3.352,100
2020-10-12 09:30:00.520,3.352,100
2020-10-12 09:30:00.520,3.352,100
2020-10-12 09:30:00.520,3.352,100
2020-10-12 09:30:00.520,3.352,100
2020-10-12 09:30:00.520,3.352,100
2020-10-12 09:30:00.520,3.352,100
2020-10-12 09:30:00.520,3.352,100
2020-10-12 09:30:00.520,3.352,100
2020-10-12 09:30:00.520,3.352,100
2020-10-12 09:30:00.520,3.352,100
2020-10-12 09:30:00.520,3.352,100
2020-10-12 09:30:00.520,3.352,100
2020-10-12 09:30:00.520,3.352,100
2020-10-12 09:30:00.520,3.352,100
2020-10-12 09:30:00.520,3.352,100
2020-10-12 09:30:00.520,3.352,100
2020-10-12 09:30:00.520,3.352,100
2020-10-12 09:30:00.520,3.352,100
2020-10-12 09:30:00.520,3.352,100
2020-10-12 09:30:00.520,3.351,300
2020-10-12 09:30:00.520,3.352,100
2020-10-12 09:30:00.520,3.352,100
2020-10-12 09:30:00.520,3.352,100
2020-10-12 09:30:00.520,3.352,100
2020-10-12 09:30:00.520,3.352,100
2020-10-12 09:30:00.520,3.352,100
2020-10-12 09:30:00.520,3.352,100
2020-10-12 09:30:00.520,3.352,100
2020-10-12 09:30:00.520,3.352,100
2020-10-12 09:30:00.520,3.352,100
2020-10-12 09:30:00.520,3.352,100
2020-10-12 09:30:00.520,3.352,100
2020-10-12 09:30:00.520,3.352,100
2020-10-12 09:30:00.520,3.352,100
2020-10-12 09:30:00.520,3.352,100
2020-10-12 09:30:00.520,3.352,100
2020-10-12 09:30:00.520,3.352,100
2020-10-12 09:30:00.520,3.352,100
2020-10-12 09:30:00.520,3.352,100
2020-10-12 09:30:00.520,3.352,100
2020-10-12 09:30:00.520,3.352,100
2020-10-12 09:30:00.520,3.352,100
2020-10-12 09:30:00.520,3.352,100
2020-10-12 09:30:00.520,3.352,100
2020-10-12 09:30:00.520,3.352,100
2020-10-12 09:30:00.520,3.352,100
2020-10-12 09:30:00.520,3.352,100
2020-10-12 09:30:00.520,3.352,100
2020-10-12 09:30:00.520,3.352,100
2020-10-12 09:30:00.520,3.352,100
2020-10-12 09:30:00.520,3.352,100
2020-10-12 09:30:00.520,3.352,100
2020-10-12 09:30:00.520,3.352,100
2020-10-12 09:30:00.520,3.352,100
2020-10-12 09:30:00.520,3.352,100
2020-10-12 09:30:00.520,3.352,100
2020-10-12 09:30:00.520,3.352,100
2020-10-12 09:30:00.520,3.352,100
2020-10-12 09:30:00.520,3.352,100
2020-10-12 09:30:00.520,3.352,100
2020-10-12 09:30:00.520,3.352,100
2020-10-12 09:30:00.520,3.352,100
2020-10-12 09:30:00.520,3.352,100
2020-10-12 09:30:00.520,3.352,100
2020-10-12 09:30:00.520,3.352,100
2020-10-12 09:30:00.520,3.352,100
2020-10-12 09:30:00.520,3.352,100
2020-10-12 09:30:00.520,3.352,100
2020-10-12 09:30:00.520,3.352,100
2020-10-12 09:30:00.520,3.352,100
2020-10-12 09:30:00.520,3.352,100
2020-10-12 09:30:00.520,3.352,100
2020-10-12 09:30:00.520,3.352,100
2020-10-12 09:30:00.520,3.352,100
2020-10-12 09:30:00.520,3.352,100
2020-10-12 09:30:00.520,3.352,100
2020-10-12 09:30:00.520,3.352,100
2020-10-12 09:30:00.520,3.352,100
2020-10-12 09:30:00.520,3.352,4000
2020-10-12 09:30:00.520,3.353,1000
2020-10-12 09:30:00.520,3.353,1400
2020-10-12 09:30:00.520,3.353,9600
2020-10-12 09:30:00.740,3.352,1000
2020-10-12 09:30:00.840,3.352,600
2020-10-12 09:30:00.840,3.352,8300
2020-10-12 09:30:00.840,3.353,400
2020-10-12 09:30:00.840,3.353,800
2020-10-12 09:30:00.840,3.353,3000
2020-10-12 09:30:00.970,3.352,100
2020-10-12 09:30:00.970,3.352,900
2020-10-12 09:30:01.090,3.352,2100
2020-10-12 09:30:01.090,3.351,17900
2020-10-12 09:30:01.090,3.353,6100
2020-10-12 09:30:01.090,3.353,900
2020-10-12 09:30:01.090,3.352,63900
2020-10-12 09:30:01.200,3.352,100
2020-10-12 09:30:01.200,3.352,500
2020-10-12 09:30:01.200,3.353,5000
2020-10-12 09:30:01.200,3.352,6300
2020-10-12 09:30:01.200,3.352,2700
2020-10-12 09:30:01.200,3.352,1000
2020-10-12 09:30:01.200,3.352,30800
2020-10-12 09:30:01.340,3.351,1500
2020-10-12 09:30:01.340,3.351,200
2020-10-12 09:30:01.340,3.351,1000
2020-10-12 09:30:01.340,3.351,500
2020-10-12 09:30:01.490,3.351,3000
2020-10-12 09:30:01.490,3.351,73700
2020-10-12 09:30:01.490,3.351,10000
2020-10-12 09:30:01.490,3.351,16300
2020-10-12 09:30:01.490,3.351,18700
2020-10-12 09:30:01.610,3.351,200
2020-10-12 09:30:01.610,3.352,3000
2020-10-12 09:30:01.720,3.352,3000
2020-10-12 09:30:01.720,3.351,15000
2020-10-12 09:30:01.720,3.351,9900
2020-10-12 09:30:01.720,3.351,100
2020-10-12 09:30:01.720,3.351,2900
2020-10-12 09:30:01.720,3.351,700
2020-10-12 09:30:01.720,3.351,400
2020-10-12 09:30:01.720,3.351,700
2020-10-12 09:30:01.720,3.351,1000
2020-10-12 09:30:01.720,3.351,2300
2020-10-12 09:30:01.720,3.351,2000
2020-10-12 09:30:01.840,3.351,5100
2020-10-12 09:30:01.840,3.351,5200
2020-10-12 09:30:01.840,3.351,2900
2020-10-12 09:30:01.840,3.351,1800
2020-10-12 09:30:01.840,3.351,3200
2020-10-12 09:30:01.840,3.351,2000
2020-10-12 09:30:01.840,3.351,3800
2020-10-12 09:30:01.840,3.352,500
2020-10-12 09:30:01.840,3.351,100
2020-10-12 09:30:01.970,3.351,100
2020-10-12 09:30:01.970,3.351,900
2020-10-12 09:30:01.970,3.351,1000
2020-10-12 09:30:01.970,3.351,16600
2020-10-12 09:30:01.970,3.351,11500
2020-10-12 09:30:01.970,3.351,12000
2020-10-12 09:30:01.970,3.351,13300
2020-10-12 09:30:01.970,3.351,1500
2020-10-12 09:30:02.090,3.352,21700
2020-10-12 09:30:02.180,3.351,12000
2020-10-12 09:30:02.250,3.352,8200
2020-10-12 09:30:02.310,3.351,3000
2020-10-12 09:30:02.410,3.351,3300
2020-10-12 09:30:02.600,3.351,5000
2020-10-12 09:30:02.600,3.352,4900
2020-10-12 09:30:02.700,3.352,3000
2020-10-12 09:30:02.700,3.351,11900
2020-10-12 09:30:02.700,3.351,3100
2020-10-12 09:30:02.790,3.351,200
2020-10-12 09:30:02.790,3.351,100
2020-10-12 09:30:02.790,3.351,1000
2020-10-12 09:30:02.790,3.351,200
2020-10-12 09:30:02.790,3.351,4500
2020-10-12 09:30:02.930,3.352,1000
2020-10-12 09:30:02.930,3.351,17000
2020-10-12 09:30:02.930,3.351,2400
2020-10-12 09:30:03.140,3.351,10000
2020-10-12 09:30:03.480,3.351,100
2020-10-12 09:30:03.510,3.352,4500
2020-10-12 09:30:03.510,3.351,1000
2020-10-12 09:30:03.510,3.352,59700
2020-10-12 09:30:03.700,3.351,2100
2020-10-12 09:30:03.700,3.351,200
2020-10-12 09:30:03.760,3.351,42200
2020-10-12 09:30:03.850,3.352,14000
2020-10-12 09:30:03.930,3.352,50000
2020-10-12 09:30:03.930,3.352,110000
2020-10-12 09:30:03.960,3.351,2000
2020-10-12 09:30:04.080,3.351,1100
2020-10-12 09:30:04.120,3.352,700
2020-10-12 09:30:04.120,3.352,4300
2020-10-12 09:30:04.230,3.352,82000
2020-10-12 09:30:04.310,3.351,2000
2020-10-12 09:30:04.450,3.351,500
2020-10-12 09:30:04.500,3.352,50000
2020-10-12 09:30:04.580,3.352,1200
2020-10-12 09:30:04.580,3.352,19500
2020-10-12 09:30:04.770,3.351,3000
2020-10-12 09:30:04.770,3.352,700
2020-10-12 09:30:04.950,3.351,400
2020-10-12 09:30:05.020,3.351,700
2020-10-12 09:30:05.020,3.352,13300
2020-10-12 09:30:05.060,3.351,6200
2020-10-12 09:30:05.060,3.351,900
2020-10-12 09:30:05.130,3.351,1200
2020-10-12 09:30:05.260,3.351,300
2020-10-12 09:30:05.370,3.351,2600
2020-10-12 09:30:05.370,3.351,7300
2020-10-12 09:30:05.370,3.351,300
2020-10-12 09:30:05.370,3.351,9800
2020-10-12 09:30:05.370,3.351,10000
2020-10-12 09:30:05.370,3.352,5400
2020-10-12 09:30:05.370,3.351,200
2020-10-12 09:30:05.400,3.351,1300
2020-10-12 09:30:05.400,3.351,2500
2020-10-12 09:30:05.440,3.351,7500
2020-10-12 09:30:05.440,3.351,12500
2020-10-12 09:30:05.520,3.352,20000
2020-10-12 09:30:05.770,3.351,1000
2020-10-12 09:30:05.770,3.351,3000
2020-10-12 09:30:05.930,3.352,800
2020-10-12 09:30:06.060,3.351,3500
2020-10-12 09:30:06.060,3.351,500
2020-10-12 09:30:06.060,3.352,8000
2020-10-12 09:30:06.200,3.352,9500
2020-10-12 09:30:06.240,3.351,1500
2020-10-12 09:30:06.240,3.352,20000
2020-10-12 09:30:06.280,3.352,28400
2020-10-12 09:30:06.320,3.351,8000
2020-10-12 09:30:06.320,3.351,2100
2020-10-12 09:30:06.320,3.351,1000
2020-10-12 09:30:06.320,3.351,9800
2020-10-12 09:30:06.390,3.352,200
2020-10-12 09:30:06.520,3.351,100
2020-10-12 09:30:06.670,3.352,9800
2020-10-12 09:30:06.860,3.352,15000
2020-10-12 09:30:06.960,3.352,2000
2020-10-12 09:30:06.960,3.351,100
2020-10-12 09:30:06.960,3.351,900
2020-10-12 09:30:06.960,3.351,200
2020-10-12 09:30:07.030,3.351,1000
2020-10-12 09:30:07.310,3.352,18100
2020-10-12 09:30:07.660,3.352,6500
2020-10-12 09:30:07.770,3.351,200
2020-10-12 09:30:08.280,3.351,3600
2020-10-12 09:30:08.280,3.351,3000
2020-10-12 09:30:08.280,3.351,2000
2020-10-12 09:30:08.280,3.351,3800
2020-10-12 09:30:08.330,3.351,600
2020-10-12 09:30:08.570,3.351,4600
2020-10-12 09:30:08.570,3.351,300
2020-10-12 09:30:08.570,3.351,100
2020-10-12 09:30:08.570,3.351,500
2020-10-12 09:30:08.570,3.351,5000
2020-10-12 09:30:08.570,3.351,800
2020-10-12 09:30:08.570,3.351,4000
2020-10-12 09:30:08.570,3.351,1500
2020-10-12 09:30:08.810,3.352,11600
2020-10-12 09:30:09.120,3.351,200
2020-10-12 09:30:09.220,3.351,1300
2020-10-12 09:30:09.220,3.351,1600
2020-10-12 09:30:09.310,3.351,800
2020-10-12 09:30:09.310,3.351,400
2020-10-12 09:30:09.310,3.351,3800
2020-10-12 09:30:10.250,3.352,180000
2020-10-12 09:30:11.290,3.352,178700
2020-10-12 09:30:11.290,3.352,121300
2020-10-12 09:30:11.380,3.351,300
2020-10-12 09:30:11.620,3.352,40000
2020-10-12 09:30:11.650,3.352,40000
2020-10-12 09:30:11.650,3.352,30000
2020-10-12 09:30:11.710,3.352,68700
2020-10-12 09:30:11.710,3.352,15000
2020-10-12 09:30:11.710,3.352,700
2020-10-12 09:30:11.710,3.352,3000
2020-10-12 09:30:11.710,3.352,16400
2020-10-12 09:30:11.710,3.352,20000
2020-10-12 09:30:11.710,3.352,800
2020-10-12 09:30:11.710,3.352,100
2020-10-12 09:30:11.710,3.352,99100
2020-10-12 09:30:11.710,3.352,76200
2020-10-12 09:30:12.050,3.351,35900
2020-10-12 09:30:12.050,3.351,300
2020-10-12 09:30:12.050,3.351,500
2020-10-12 09:30:12.050,3.351,10000
2020-10-12 09:30:12.050,3.351,2300
2020-10-12 09:30:12.050,3.351,300
2020-10-12 09:30:12.050,3.351,9000
2020-10-12 09:30:12.050,3.351,10000
2020-10-12 09:30:12.050,3.351,30000
2020-10-12 09:30:12.050,3.351,100
2020-10-12 09:30:12.050,3.351,30000
2020-10-12 09:30:12.050,3.351,20000
2020-10-12 09:30:12.050,3.351,20000
2020-10-12 09:30:12.050,3.351,5000
2020-10-12 09:30:12.050,3.351,59700
2020-10-12 09:30:12.050,3.351,66900
2020-10-12 09:30:12.080,3.352,23800
2020-10-12 09:30:12.080,3.352,5000
2020-10-12 09:30:12.080,3.352,5000
2020-10-12 09:30:13.180,3.351,200000
2020-10-12 09:30:13.270,3.351,2000
2020-10-12 09:30:13.340,3.351,10000
2020-10-12 09:30:13.560,3.352,10000
2020-10-12 09:30:14.140,3.351,10000
2020-10-12 09:30:15.890,3.352,10000
2020-10-12 09:30:16.440,3.352,1500
2020-10-12 09:30:16.790,3.352,1000
2020-10-12 09:30:17.270,3.352,800
2020-10-12 09:30:17.270,3.353,400
2020-10-12 09:30:17.540,3.352,15000
2020-10-12 09:30:17.590,3.352,700
2020-10-12 09:30:17.590,3.352,4300
2020-10-12 09:30:18.590,3.352,53300
2020-10-12 09:30:18.850,3.352,500
2020-10-12 09:30:18.990,3.352,300
2020-10-12 09:30:19.030,3.352,3000
2020-10-12 09:30:19.390,3.352,10000
2020-10-12 09:30:20.170,3.353,58900
2020-10-12 09:30:20.170,3.353,20000
2020-10-12 09:30:20.170,3.353,1300
2020-10-12 09:30:20.990,3.352,3000
2020-10-12 09:30:21.080,3.352,5400
2020-10-12 09:30:21.360,3.352,39600
2020-10-12 09:30:21.730,3.352,600
2020-10-12 09:30:21.760,3.353,8700
2020-10-12 09:30:21.760,3.353,15000
2020-10-12 09:30:21.760,3.353,10000
2020-10-12 09:30:21.760,3.353,1900
2020-10-12 09:30:21.760,3.353,1300
2020-10-12 09:30:22.080,3.352,1000
2020-10-12 09:30:22.180,3.352,2300
2020-10-12 09:30:22.710,3.352,400
2020-10-12 09:30:23.410,3.352,1400
2020-10-12 09:30:23.470,3.352,25000
2020-10-12 09:30:23.530,3.353,3700
2020-10-12 09:30:23.530,3.353,1300
2020-10-12 09:30:24.150,3.353,2000
2020-10-12 09:30:24.400,3.352,5000
2020-10-12 09:30:25.420,3.352,5000
2020-10-12 09:30:26.940,3.352,600
2020-10-12 09:30:28.750,3.352,1800
2020-10-12 09:30:30.650,3.352,800
2020-10-12 09:30:30.930,3.352,10000
2020-10-12 09:30:31.140,3.353,6700
2020-10-12 09:30:31.140,3.353,15000
2020-10-12 09:30:31.140,3.353,5000
2020-10-12 09:30:31.140,3.353,3300
2020-10-12 09:30:31.340,3.353,6700
2020-10-12 09:30:31.340,3.353,3300
2020-10-12 09:30:31.400,3.352,8000
2020-10-12 09:30:31.400,3.352,800
2020-10-12 09:30:31.550,3.352,10400
2020-10-12 09:30:31.880,3.352,3000
2020-10-12 09:30:33.070,3.353,4700
2020-10-12 09:30:33.070,3.353,100
2020-10-12 09:30:33.070,3.353,15200
2020-10-12 09:30:33.550,3.352,2500
2020-10-12 09:30:33.550,3.352,30000
2020-10-12 09:30:33.740,3.353,600
2020-10-12 09:30:34.510,3.352,64800
2020-10-12 09:30:35.560,3.352,100
2020-10-12 09:30:35.680,3.352,3000
2020-10-12 09:30:37.100,3.353,34200
2020-10-12 09:30:37.100,3.353,100000
2020-10-12 09:30:37.100,3.353,3000
2020-10-12 09:30:37.100,3.353,8500
2020-10-12 09:30:37.100,3.353,4400
2020-10-12 09:30:37.100,3.353,300
2020-10-12 09:30:37.100,3.353,7200
2020-10-12 09:30:37.100,3.353,5000
2020-10-12 09:30:37.100,3.353,1000
2020-10-12 09:30:37.100,3.353,136400
2020-10-12 09:30:38.650,3.352,4000
2020-10-12 09:30:38.990,3.353,52700
2020-10-12 09:30:38.990,3.353,10000
2020-10-12 09:30:38.990,3.353,10000
2020-10-12 09:30:38.990,3.353,100
2020-10-12 09:30:38.990,3.353,2000
2020-10-12 09:30:38.990,3.353,11300
2020-10-12 09:30:38.990,3.353,57000
2020-10-12 09:30:38.990,3.353,9900
2020-10-12 09:30:39.440,3.353,20000
2020-10-12 09:30:40.140,3.353,3000
2020-10-12 09:30:40.510,3.353,10000
2020-10-12 09:30:40.750,3.353,12400
2020-10-12 09:30:40.930,3.353,1000
2020-10-12 09:30:41.220,3.353,100
2020-10-12 09:30:42.850,3.353,100
2020-10-12 09:30:43.950,3.353,9800
2020-10-12 09:30:44.610,3.353,10000
2020-10-12 09:30:44.610,3.353,200
2020-10-12 09:30:44.610,3.353,3100
2020-10-12 09:30:44.610,3.353,6400
2020-10-12 09:30:45.030,3.353,1200
2020-10-12 09:30:45.160,3.353,1500
2020-10-12 09:30:45.440,3.353,2000
2020-10-12 09:30:45.630,3.354,200
2020-10-12 09:30:45.630,3.354,600
2020-10-12 09:30:45.630,3.354,4000
2020-10-12 09:30:45.630,3.354,300
2020-10-12 09:30:45.630,3.354,100
2020-10-12 09:30:45.630,3.354,1000
2020-10-12 09:30:45.630,3.354,6400
2020-10-12 09:30:45.630,3.354,10000
2020-10-12 09:30:45.630,3.354,12500
2020-10-12 09:30:45.630,3.354,500
2020-10-12 09:30:45.630,3.354,5000
2020-10-12 09:30:45.630,3.354,300
2020-10-12 09:30:45.630,3.354,9100
2020-10-12 09:30:45.690,3.353,2000
2020-10-12 09:30:45.750,3.353,1500
2020-10-12 09:30:47.720,3.353,2100
2020-10-12 09:30:47.720,3.353,3000
2020-10-12 09:30:47.720,3.353,16000
2020-10-12 09:30:47.720,3.352,100
2020-10-12 09:30:47.720,3.352,45000
2020-10-12 09:30:47.940,3.353,900
2020-10-12 09:30:47.940,3.352,23100
2020-10-12 09:30:48.190,3.352,10000
2020-10-12 09:30:49.270,3.353,100
2020-10-12 09:30:49.450,3.352,2000
2020-10-12 09:30:50.040,3.353,4600
2020-10-12 09:30:50.340,3.353,15300
2020-10-12 09:30:50.340,3.353,200
2020-10-12 09:30:50.340,3.353,2800
2020-10-12 09:30:51.320,3.353,8000
2020-10-12 09:30:51.830,3.352,500
2020-10-12 09:30:52.280,3.353,2000
2020-10-12 09:30:52.770,3.353,3000
2020-10-12 09:30:53.560,3.353,2000
2020-10-12 09:30:54.600,3.352,9400
2020-10-12 09:30:54.850,3.353,2100
2020-10-12 09:30:55.430,3.352,1500
2020-10-12 09:30:56.170,3.352,3000
2020-10-12 09:30:56.840,3.352,600
2020-10-12 09:30:57.980,3.352,4000
2020-10-12 09:30:59.650,3.352,50100
2020-10-12 09:31:00.110,3.352,10000
2020-10-12 09:31:00.290,3.352,63000
2020-10-12 09:31:00.410,3.353,30100
2020-10-12 09:31:00.410,3.353,3000
2020-10-12 09:31:00.410,3.353,5000
2020-10-12 09:31:00.410,3.353,262400
2020-10-12 09:31:00.560,3.352,1400
2020-10-12 09:31:00.930,3.352,100
2020-10-12 09:31:00.970,3.352,4000
2020-10-12 09:31:01.000,3.352,72300
2020-10-12 09:31:01.000,3.352,30000
2020-10-12 09:31:01.000,3.352,2600
2020-10-12 09:31:01.000,3.352,100
2020-10-12 09:31:01.000,3.352,30000
2020-10-12 09:31:01.000,3.352,10000
2020-10-12 09:31:01.000,3.352,1000
2020-10-12 09:31:01.000,3.352,500
2020-10-12 09:31:01.000,3.352,100
2020-10-12 09:31:01.000,3.352,1000
2020-10-12 09:31:01.000,3.352,2400
2020-10-12 09:31:01.430,3.352,10000
2020-10-12 09:31:03.090,3.352,5000
2020-10-12 09:31:03.160,3.352,2600
2020-10-12 09:31:03.160,3.352,1000
2020-10-12 09:31:03.160,3.352,1800
2020-10-12 09:31:03.470,3.352,100
2020-10-12 09:31:03.600,3.352,4100
2020-10-12 09:31:03.600,3.352,5900
2020-10-12 09:31:03.600,3.352,8000
2020-10-12 09:31:03.690,3.352,11300
2020-10-12 09:31:03.690,3.351,11100
2020-10-12 09:31:03.690,3.351,40000
2020-10-12 09:31:03.690,3.351,1000
2020-10-12 09:31:03.690,3.351,40000
2020-10-12 09:31:03.690,3.351,40000
2020-10-12 09:31:03.690,3.351,40000
2020-10-12 09:31:03.690,3.351,20000
2020-10-12 09:31:03.690,3.351,100
2020-10-12 09:31:03.690,3.351,10000
2020-10-12 09:31:03.690,3.351,24000
2020-10-12 09:31:03.690,3.351,93600
2020-10-12 09:31:03.690,3.351,21300
2020-10-12 09:31:03.690,3.351,30000
2020-10-12 09:31:04.350,3.351,290000
2020-10-12 09:31:04.500,3.351,2500
2020-10-12 09:31:05.020,3.351,30000
2020-10-12 09:31:05.260,3.351,59700
2020-10-12 09:31:05.610,3.351,54300
2020-10-12 09:31:06.120,3.351,30000
2020-10-12 09:31:06.160,3.351,400
2020-10-12 09:31:06.190,3.351,30000
2020-10-12 09:31:06.310,3.351,40000
2020-10-12 09:31:06.550,3.351,3000
2020-10-12 09:31:06.710,3.351,20000
2020-10-12 09:31:06.710,3.351,40000
2020-10-12 09:31:06.710,3.351,17700
2020-10-12 09:31:06.710,3.351,22300
2020-10-12 09:31:06.770,3.351,40000
2020-10-12 09:31:06.770,3.351,40000
2020-10-12 09:31:06.820,3.351,300000
2020-10-12 09:31:06.820,3.351,48900
2020-10-12 09:31:06.820,3.352,50000
2020-10-12 09:31:06.820,3.352,8000
2020-10-12 09:31:06.820,3.352,1000
2020-10-12 09:31:06.820,3.352,1000
2020-10-12 09:31:06.820,3.352,500
2020-10-12 09:31:06.820,3.352,1000
2020-10-12 09:31:06.820,3.352,300
2020-10-12 09:31:06.820,3.352,20000
2020-10-12 09:31:06.820,3.352,10000
2020-10-12 09:31:06.820,3.352,100
2020-10-12 09:31:06.820,3.352,9000
2020-10-12 09:31:06.820,3.352,23100
2020-10-12 09:31:06.820,3.352,29900
2020-10-12 09:31:06.820,3.352,51000
2020-10-12 09:31:06.820,3.352,10400
2020-10-12 09:31:07.730,3.352,28600
2020-10-12 09:31:08.100,3.352,200
2020-10-12 09:31:08.250,3.353,6000
2020-10-12 09:31:08.870,3.353,10000
2020-10-12 09:31:09.150,3.352,2200
2020-10-12 09:31:09.180,3.353,20000
2020-10-12 09:31:09.880,3.353,20000
2020-10-12 09:31:10.150,3.352,500
2020-10-12 09:31:10.330,3.353,40000
2020-10-12 09:31:10.450,3.353,300000
2020-10-12 09:31:10.910,3.352,1000
2020-10-12 09:31:11.090,3.353,40000
2020-10-12 09:31:11.120,3.353,301600
2020-10-12 09:31:11.120,3.353,20000
2020-10-12 09:31:11.120,3.353,3000
2020-10-12 09:31:11.120,3.353,100
2020-10-12 09:31:11.120,3.353,4100
2020-10-12 09:31:11.120,3.353,1000
2020-10-12 09:31:11.120,3.353,16200
2020-10-12 09:31:11.120,3.353,5000
2020-10-12 09:31:11.120,3.353,3000
2020-10-12 09:31:11.120,3.353,10000
2020-10-12 09:31:11.120,3.353,1000
2020-10-12 09:31:11.120,3.353,1000
2020-10-12 09:31:11.120,3.353,66600
2020-10-12 09:31:11.120,3.353,13000
2020-10-12 09:31:11.160,3.353,500
2020-10-12 09:31:11.220,3.353,2900
2020-10-12 09:31:12.080,3.353,3500
2020-10-12 09:31:12.330,3.353,5000
2020-10-12 09:31:12.390,3.353,30000
2020-10-12 09:31:12.570,3.353,15000
2020-10-12 09:31:13.350,3.353,30000
2020-10-12 09:31:13.630,3.353,1600
2020-10-12 09:31:13.630,3.354,6800
2020-10-12 09:31:13.630,3.354,200
2020-10-12 09:31:13.630,3.354,300
2020-10-12 09:31:13.630,3.354,5000
2020-10-12 09:31:13.630,3.354,5000
2020-10-12 09:31:13.630,3.354,200
2020-10-12 09:31:13.630,3.354,100
2020-10-12 09:31:13.630,3.354,2400
2020-10-12 09:31:14.130,3.353,20000
2020-10-12 09:31:14.170,3.354,17600
2020-10-12 09:31:14.170,3.354,9300
2020-10-12 09:31:14.170,3.354,3100
2020-10-12 09:31:14.170,3.354,40000
2020-10-12 09:31:14.170,3.354,40000
2020-10-12 09:31:14.240,3.354,20000
2020-10-12 09:31:14.240,3.354,60400
2020-10-12 09:31:14.240,3.354,50000
2020-10-12 09:31:14.240,3.354,3000
2020-10-12 09:31:14.240,3.354,5000
2020-10-12 09:31:14.240,3.354,75100
2020-10-12 09:31:14.240,3.354,7300
2020-10-12 09:31:14.240,3.354,99200
2020-10-12 09:31:14.300,3.354,277300
2020-10-12 09:31:14.300,3.354,5000
2020-10-12 09:31:14.300,3.354,5000
2020-10-12 09:31:14.300,3.354,5100
2020-10-12 09:31:14.570,3.355,10000
2020-10-12 09:31:14.570,3.355,1500
2020-10-12 09:31:14.570,3.355,100
2020-10-12 09:31:14.570,3.355,1000
2020-10-12 09:31:14.570,3.355,100
2020-10-12 09:31:14.570,3.355,1100
2020-10-12 09:31:14.570,3.355,1500
2020-10-12 09:31:14.570,3.355,2000
2020-10-12 09:31:14.570,3.355,2700
2020-10-12 09:31:14.640,3.355,9300
2020-10-12 09:31:14.640,3.355,5000
2020-10-12 09:31:14.640,3.355,12500
2020-10-12 09:31:14.640,3.355,200
2020-10-12 09:31:14.640,3.355,1000
2020-10-12 09:31:14.640,3.355,5000
2020-10-12 09:31:14.640,3.355,7000
2020-10-12 09:31:14.800,3.354,7700
2020-10-12 09:31:14.800,3.354,2300
2020-10-12 09:31:15.180,3.355,13000
2020-10-12 09:31:15.180,3.355,10000
2020-10-12 09:31:15.180,3.355,1000
2020-10-12 09:31:15.180,3.355,1500
2020-10-12 09:31:15.180,3.355,2000
2020-10-12 09:31:15.180,3.355,300
2020-10-12 09:31:15.180,3.355,10000
2020-10-12 09:31:15.180,3.355,1000
2020-10-12 09:31:15.180,3.355,10000
2020-10-12 09:31:15.180,3.355,10000
2020-10-12 09:31:15.180,3.355,10000
2020-10-12 09:31:15.180,3.355,10000
2020-10-12 09:31:15.180,3.355,200
2020-10-12 09:31:15.180,3.355,20000
2020-10-12 09:31:15.180,3.355,14000
2020-10-12 09:31:15.180,3.355,15000
2020-10-12 09:31:15.180,3.355,700
2020-10-12 09:31:15.180,3.355,7000
2020-10-12 09:31:15.180,3.355,100
2020-10-12 09:31:15.180,3.355,1500
2020-10-12 09:31:15.180,3.355,5800
2020-10-12 09:31:15.180,3.355,1000
2020-10-12 09:31:15.180,3.355,100
2020-10-12 09:31:15.180,3.355,100
2020-10-12 09:31:15.180,3.355,200
2020-10-12 09:31:15.180,3.355,900
2020-10-12 09:31:15.180,3.355,10000
2020-10-12 09:31:15.180,3.355,10000
2020-10-12 09:31:15.180,3.355,400
2020-10-12 09:31:15.180,3.355,500
2020-10-12 09:31:15.180,3.355,20000
2020-10-12 09:31:15.180,3.355,3000
2020-10-12 09:31:15.180,3.355,10000
2020-10-12 09:31:15.180,3.355,2000
2020-10-12 09:31:15.180,3.355,15000
2020-10-12 09:31:15.180,3.355,20000
2020-10-12 09:31:15.180,3.355,6100
2020-10-12 09:31:15.180,3.355,3000
2020-10-12 09:31:15.510,3.355,50100
2020-10-12 09:31:15.540,3.355,100
2020-10-12 09:31:15.660,3.355,3000
2020-10-12 09:31:16.080,3.355,500
2020-10-12 09:31:17.230,3.355,900
2020-10-12 09:31:17.230,3.354,100
2020-10-12 09:31:17.350,3.356,10000
2020-10-12 09:31:17.620,3.356,800
2020-10-12 09:31:19.280,3.355,100
2020-10-12 09:31:19.460,3.356,5100
2020-10-12 09:31:20.150,3.355,3000
2020-10-12 09:31:20.550,3.356,900
2020-10-12 09:31:21.500,3.356,2500
2020-10-12 09:31:21.620,3.356,1600
2020-10-12 09:31:21.620,3.355,1000
2020-10-12 09:31:21.970,3.355,5000
2020-10-12 09:31:22.590,3.356,37100
2020-10-12 09:31:22.590,3.356,4500
2020-10-12 09:31:22.590,3.356,100
2020-10-12 09:31:22.590,3.356,1000
2020-10-12 09:31:22.590,3.356,9000
2020-10-12 09:31:22.590,3.356,1000
2020-10-12 09:31:22.590,3.356,6000
2020-10-12 09:31:22.590,3.356,9000
2020-10-12 09:31:22.590,3.356,1000
2020-10-12 09:31:22.590,3.356,700
2020-10-12 09:31:22.590,3.356,12500
2020-10-12 09:31:22.590,3.356,500
2020-10-12 09:31:22.590,3.356,5000
2020-10-12 09:31:22.590,3.356,5000
2020-10-12 09:31:22.590,3.356,2000
2020-10-12 09:31:22.590,3.356,500
2020-10-12 09:31:22.590,3.356,10000
2020-10-12 09:31:22.590,3.356,15900
2020-10-12 09:31:22.590,3.356,200
2020-10-12 09:31:22.590,3.356,2100
2020-10-12 09:31:22.590,3.356,2500
2020-10-12 09:31:22.590,3.356,200
2020-10-12 09:31:22.590,3.356,7600
2020-10-12 09:31:22.590,3.356,1000
2020-10-12 09:31:22.590,3.356,5000
2020-10-12 09:31:22.590,3.356,8000
2020-10-12 09:31:22.590,3.356,500
2020-10-12 09:31:22.590,3.356,10000
2020-10-12 09:31:23.240,3.356,20000
2020-10-12 09:31:23.300,3.357,300
2020-10-12 09:31:23.300,3.357,11000
2020-10-12 09:31:23.300,3.357,2000
2020-10-12 09:31:23.300,3.357,3000
2020-10-12 09:31:23.300,3.357,100
2020-10-12 09:31:23.300,3.357,5900
2020-10-12 09:31:23.300,3.357,1000
2020-10-12 09:31:23.300,3.357,1000
2020-10-12 09:31:23.300,3.357,6000
2020-10-12 09:31:23.300,3.357,10000
2020-10-12 09:31:23.300,3.357,1500
2020-10-12 09:31:23.300,3.357,12500
2020-10-12 09:31:23.300,3.357,100
2020-10-12 09:31:23.300,3.357,5000
2020-10-12 09:31:23.300,3.357,3500
2020-10-12 09:31:23.300,3.357,10000
2020-10-12 09:31:23.300,3.357,10000
2020-10-12 09:31:23.300,3.357,5800
2020-10-12 09:31:23.300,3.357,5100
2020-10-12 09:31:23.300,3.357,2000
2020-10-12 09:31:23.300,3.357,15000
2020-10-12 09:31:23.690,3.357,30000
2020-10-12 09:31:23.720,3.357,2000
2020-10-12 09:31:23.720,3.357,157200
2020-10-12 09:31:23.720,3.356,122100
2020-10-12 09:31:23.720,3.356,20000
2020-10-12 09:31:23.720,3.356,40000
2020-10-12 09:31:23.720,3.356,40000
2020-10-12 09:31:23.720,3.356,700
2020-10-12 09:31:23.720,3.356,30000
2020-10-12 09:31:24.190,3.356,300000
2020-10-12 09:31:24.310,3.355,6400
2020-10-12 09:31:24.490,3.355,4100
2020-10-12 09:31:24.580,3.356,40000
2020-10-12 09:31:24.580,3.356,20000
2020-10-12 09:31:24.610,3.356,90000
2020-10-12 09:31:24.790,3.357,5000
2020-10-12 09:31:24.790,3.358,600
2020-10-12 09:31:24.910,3.356,30000
2020-10-12 09:31:26.180,3.357,16000
2020-10-12 09:31:26.210,3.357,400
2020-10-12 09:31:26.470,3.357,1000
2020-10-12 09:31:26.800,3.357,50000
2020-10-12 09:31:27.070,3.357,300
2020-10-12 09:31:28.050,3.357,1000
2020-10-12 09:31:28.050,3.357,5000
2020-10-12 09:31:28.110,3.358,400
2020-10-12 09:31:28.110,3.358,200
2020-10-12 09:31:28.110,3.358,14400
2020-10-12 09:31:28.300,3.357,9900
2020-10-12 09:31:28.300,3.357,15600
2020-10-12 09:31:28.330,3.357,2000
2020-10-12 09:31:28.510,3.357,1600
2020-10-12 09:31:29.010,3.357,14300
2020-10-12 09:31:29.960,3.357,3000
2020-10-12 09:31:30.710,3.357,200
2020-10-12 09:31:30.790,3.357,600
2020-10-12 09:31:31.420,3.358,6000
2020-10-12 09:31:31.510,3.357,1500
2020-10-12 09:31:32.330,3.358,3600
2020-10-12 09:31:32.330,3.358,100
2020-10-12 09:31:32.330,3.358,1000
2020-10-12 09:31:32.330,3.358,1300
2020-10-12 09:31:32.690,3.357,100
2020-10-12 09:31:32.690,3.357,100
2020-10-12 09:31:33.610,3.357,400
2020-10-12 09:31:33.610,3.357,4600
2020-10-12 09:31:34.530,3.357,1000
2020-10-12 09:31:35.110,3.357,1000
2020-10-12 09:31:35.170,3.358,1700
2020-10-12 09:31:35.170,3.358,8000
2020-10-12 09:31:35.170,3.358,6000
2020-10-12 09:31:35.170,3.358,2000
2020-10-12 09:31:35.170,3.358,2300
2020-10-12 09:31:35.210,3.357,1200
2020-10-12 09:31:35.630,3.358,10000
2020-10-12 09:31:35.630,3.357,2400
2020-10-12 09:31:35.780,3.358,7700
2020-10-12 09:31:35.780,3.358,10000
2020-10-12 09:31:35.780,3.358,4000
2020-10-12 09:31:35.780,3.358,4000
2020-10-12 09:31:35.780,3.358,200
2020-10-12 09:31:35.780,3.358,6900
2020-10-12 09:31:35.780,3.358,10000
2020-10-12 09:31:35.780,3.358,2700
2020-10-12 09:31:35.780,3.358,12500
2020-10-12 09:31:35.780,3.358,10000
2020-10-12 09:31:35.780,3.358,1500
2020-10-12 09:31:35.780,3.358,12500
2020-10-12 09:31:35.780,3.358,1000
2020-10-12 09:31:35.780,3.358,5000
2020-10-12 09:31:35.780,3.358,300
2020-10-12 09:31:35.780,3.358,200
2020-10-12 09:31:35.780,3.358,100
2020-10-12 09:31:35.780,3.358,200
2020-10-12 09:31:35.780,3.358,700
2020-10-12 09:31:35.780,3.358,5000
2020-10-12 09:31:35.780,3.358,5100
2020-10-12 09:31:35.780,3.358,2100
2020-10-12 09:31:35.780,3.358,1000
2020-10-12 09:31:35.780,3.358,200
2020-10-12 09:31:35.780,3.358,12300
2020-10-12 09:31:35.780,3.358,10000
2020-10-12 09:31:35.780,3.358,6800
2020-10-12 09:31:35.780,3.358,5000
2020-10-12 09:31:35.780,3.358,100000
2020-10-12 09:31:35.780,3.358,2000
2020-10-12 09:31:35.780,3.358,61000
2020-10-12 09:31:36.140,3.358,20400
2020-10-12 09:31:38.000,3.357,400
2020-10-12 09:31:38.210,3.358,40000
2020-10-12 09:31:38.330,3.358,40000
2020-10-12 09:31:38.480,3.357,200
2020-10-12 09:31:38.660,3.357,2000
2020-10-12 09:31:38.690,3.358,40000
2020-10-12 09:31:38.720,3.357,200
2020-10-12 09:31:38.770,3.357,29800
2020-10-12 09:31:38.860,3.357,200
2020-10-12 09:31:38.890,3.357,1300
2020-10-12 09:31:38.990,3.357,200
2020-10-12 09:31:39.160,3.357,200
2020-10-12 09:31:39.770,3.358,10400
2020-10-12 09:31:39.770,3.358,4600
2020-10-12 09:31:39.770,3.358,25000
2020-10-12 09:31:39.980,3.358,3900
2020-10-12 09:31:40.200,3.358,21100
2020-10-12 09:31:40.200,3.358,10000
2020-10-12 09:31:40.200,3.358,2000
2020-10-12 09:31:40.200,3.358,5000
2020-10-12 09:31:40.200,3.358,200
2020-10-12 09:31:40.200,3.358,6700
2020-10-12 09:31:40.200,3.358,60000
2020-10-12 09:31:40.200,3.358,30000
2020-10-12 09:31:40.230,3.358,10000
2020-10-12 09:31:40.290,3.359,8100
2020-10-12 09:31:40.290,3.359,100
2020-10-12 09:31:40.290,3.359,6000
2020-10-12 09:31:40.290,3.359,10000
2020-10-12 09:31:40.290,3.359,1500
2020-10-12 09:31:40.290,3.359,40000
2020-10-12 09:31:40.290,3.359,12500
2020-10-12 09:31:40.290,3.359,1900
2020-10-12 09:31:40.290,3.359,3800
2020-10-12 09:31:40.290,3.359,6900
2020-10-12 09:31:40.290,3.359,11100
2020-10-12 09:31:40.290,3.359,5000
2020-10-12 09:31:40.290,3.359,1000
2020-10-12 09:31:40.290,3.359,5000
2020-10-12 09:31:40.290,3.359,29700
2020-10-12 09:31:40.290,3.359,10000
2020-10-12 09:31:40.290,3.359,147400
2020-10-12 09:31:40.480,3.358,6000
2020-10-12 09:31:41.230,3.358,149000
2020-10-12 09:31:41.230,3.358,1000
2020-10-12 09:31:41.230,3.358,29800
2020-10-12 09:31:41.230,3.358,30000
2020-10-12 09:31:41.510,3.358,1500
2020-10-12 09:31:41.630,3.358,40000
2020-10-12 09:31:41.630,3.358,6100
2020-10-12 09:31:42.040,3.358,2000
2020-10-12 09:31:42.610,3.359,2600
2020-10-12 09:31:42.610,3.359,6000
2020-10-12 09:31:42.610,3.359,200
2020-10-12 09:31:42.610,3.359,200
2020-10-12 09:31:42.610,3.359,1000
2020-10-12 09:31:42.610,3.359,2200
2020-10-12 09:31:42.610,3.359,7800
2020-10-12 09:31:43.080,3.358,2000
2020-10-12 09:31:44.830,3.358,2000
2020-10-12 09:31:46.020,3.358,10000
2020-10-12 09:31:46.870,3.358,13900
2020-10-12 09:31:47.320,3.358,2000
2020-10-12 09:31:47.830,3.358,6000
2020-10-12 09:31:48.470,3.358,6000
2020-10-12 09:31:48.470,3.358,1600
2020-10-12 09:31:49.580,3.358,100
2020-10-12 09:31:49.690,3.358,19900
2020-10-12 09:31:49.690,3.358,10100
2020-10-12 09:31:49.900,3.358,5200
2020-10-12 09:31:49.900,3.358,6200
2020-10-12 09:31:51.200,3.358,1000
2020-10-12 09:31:52.930,3.358,100
2020-10-12 09:31:53.470,3.358,700
2020-10-12 09:31:53.660,3.358,3000
2020-10-12 09:31:54.080,3.359,12200
2020-10-12 09:31:54.080,3.359,3500
2020-10-12 09:31:54.080,3.359,100
2020-10-12 09:31:54.080,3.359,10000
2020-10-12 09:31:54.080,3.359,2000
2020-10-12 09:31:54.080,3.359,10000
2020-10-12 09:31:54.080,3.359,2200
2020-10-12 09:31:54.550,3.359,1300
2020-10-12 09:31:54.780,3.359,1700
2020-10-12 09:31:54.780,3.359,18300
2020-10-12 09:31:54.930,3.359,5000
2020-10-12 09:31:56.040,3.359,27800
2020-10-12 09:31:56.040,3.359,1500
2020-10-12 09:31:56.040,3.359,10000
2020-10-12 09:31:56.040,3.359,200
2020-10-12 09:31:56.040,3.359,3000
2020-10-12 09:31:56.040,3.359,187200
2020-10-12 09:31:56.040,3.359,100
2020-10-12 09:31:56.040,3.359,10000
2020-10-12 09:31:56.040,3.359,200
2020-10-12 09:31:56.040,3.359,500
2020-10-12 09:31:56.040,3.359,6000
2020-10-12 09:31:56.040,3.359,10000
2020-10-12 09:31:56.040,3.359,500
2020-10-12 09:31:56.040,3.359,1000
2020-10-12 09:31:56.040,3.359,300
2020-10-12 09:31:56.040,3.359,1500
2020-10-12 09:31:56.780,3.36,20000
2020-10-12 09:31:56.780,3.36,5000
2020-10-12 09:31:56.780,3.36,500
2020-10-12 09:31:56.780,3.36,200
2020-10-12 09:31:56.780,3.36,100
2020-10-12 09:31:56.780,3.36,5000
2020-10-12 09:31:56.780,3.36,2700
2020-10-12 09:31:56.780,3.36,10000
2020-10-12 09:31:56.780,3.36,2000
2020-10-12 09:31:56.780,3.36,300
2020-10-12 09:31:56.780,3.36,2000
2020-10-12 09:31:56.780,3.36,100
2020-10-12 09:31:56.780,3.36,2100
2020-10-12 09:31:58.520,3.359,4000
2020-10-12 09:31:59.160,3.359,10000
2020-10-12 09:32:00.410,3.36,2900
2020-10-12 09:32:00.410,3.36,1000
2020-10-12 09:32:00.410,3.36,1000
2020-10-12 09:32:00.410,3.36,1700
2020-10-12 09:32:00.410,3.36,1000
2020-10-12 09:32:00.410,3.36,2400
2020-10-12 09:32:00.600,3.359,300
2020-10-12 09:32:00.660,3.359,2000
2020-10-12 09:32:00.840,3.359,10100
2020-10-12 09:32:02.200,3.359,1200
2020-10-12 09:32:02.810,3.359,12600
2020-10-12 09:32:02.810,3.359,40000
2020-10-12 09:32:02.810,3.359,14900
2020-10-12 09:32:02.810,3.359,3000
2020-10-12 09:32:02.810,3.359,11800
2020-10-12 09:32:02.810,3.359,59600
2020-10-12 09:32:02.810,3.359,40000
2020-10-12 09:32:02.810,3.359,30000
2020-10-12 09:32:02.810,3.359,40000
2020-10-12 09:32:02.810,3.359,180000
2020-10-12 09:32:02.810,3.358,16200
2020-10-12 09:32:02.810,3.358,40000
2020-10-12 09:32:02.810,3.358,40000
2020-10-12 09:32:02.810,3.358,180000
2020-10-12 09:32:02.810,3.358,291900
2020-10-12 09:32:02.810,3.358,8200
2020-10-12 09:32:02.810,3.358,10000
2020-10-12 09:32:02.810,3.358,300000
2020-10-12 09:32:02.810,3.358,30000
2020-10-12 09:32:02.810,3.358,100000
2020-10-12 09:32:02.810,3.358,19000
2020-10-12 09:32:02.930,3.358,300000
2020-10-12 09:32:03.150,3.358,232800
2020-10-12 09:32:03.150,3.358,67200
2020-10-12 09:32:03.180,3.358,20000
2020-10-12 09:32:03.240,3.358,40000
2020-10-12 09:32:03.580,3.358,1300
2020-10-12 09:32:03.580,3.36,700
2020-10-12 09:32:03.760,3.36,1900
2020-10-12 09:32:03.760,3.36,100
2020-10-12 09:32:03.790,3.36,1600
2020-10-12 09:32:03.790,3.36,400
2020-10-12 09:32:03.790,3.36,1500
2020-10-12 09:32:03.790,3.36,6300
2020-10-12 09:32:03.790,3.36,100
2020-10-12 09:32:03.790,3.36,3000
2020-10-12 09:32:03.790,3.36,5000
2020-10-12 09:32:03.790,3.36,10000
2020-10-12 09:32:03.790,3.36,2100
2020-10-12 09:32:03.790,3.36,7900
2020-10-12 09:32:03.790,3.36,10000
2020-10-12 09:32:03.790,3.36,100
2020-10-12 09:32:03.790,3.36,300
2020-10-12 09:32:03.790,3.36,20000
2020-10-12 09:32:03.790,3.36,500
2020-10-12 09:32:03.790,3.36,1200
2020-10-12 09:32:03.850,3.359,1000
2020-10-12 09:32:03.880,3.359,8000
2020-10-12 09:32:03.970,3.36,4800
2020-10-12 09:32:03.970,3.36,20000
2020-10-12 09:32:03.970,3.36,20000
2020-10-12 09:32:03.970,3.36,12500
2020-10-12 09:32:03.970,3.36,200
2020-10-12 09:32:03.970,3.36,7000
2020-10-12 09:32:03.970,3.36,4500
2020-10-12 09:32:03.970,3.36,8800
2020-10-12 09:32:03.970,3.36,10000
2020-10-12 09:32:03.970,3.36,1000
2020-10-12 09:32:03.970,3.36,3100
2020-10-12 09:32:03.970,3.36,21900
2020-10-12 09:32:03.970,3.36,1000
2020-10-12 09:32:03.970,3.36,3000
2020-10-12 09:32:03.970,3.36,100
2020-10-12 09:32:03.970,3.36,1000
2020-10-12 09:32:03.970,3.36,3000
2020-10-12 09:32:03.970,3.36,200
2020-10-12 09:32:03.970,3.36,20000
2020-10-12 09:32:03.970,3.36,1000
2020-10-12 09:32:03.970,3.36,5000
2020-10-12 09:32:03.970,3.36,2800
2020-10-12 09:32:03.970,3.36,2900
2020-10-12 09:32:03.970,3.36,1000
2020-10-12 09:32:03.970,3.36,100
2020-10-12 09:32:03.970,3.36,100
2020-10-12 09:32:03.970,3.36,2200
2020-10-12 09:32:03.970,3.36,10000
2020-10-12 09:32:03.970,3.36,100
2020-10-12 09:32:03.970,3.36,500
2020-10-12 09:32:03.970,3.36,15000
2020-10-12 09:32:03.970,3.36,3000
2020-10-12 09:32:03.970,3.36,6000
2020-10-12 09:32:03.970,3.36,15000
2020-10-12 09:32:03.970,3.36,400
2020-10-12 09:32:03.970,3.36,1000
2020-10-12 09:32:03.970,3.36,600
2020-10-12 09:32:03.970,3.36,3000
2020-10-12 09:32:03.970,3.36,88200
2020-10-12 09:32:03.970,3.359,300
2020-10-12 09:32:04.030,3.36,74300
2020-10-12 09:32:04.030,3.36,10000
2020-10-12 09:32:04.030,3.36,20000
2020-10-12 09:32:04.030,3.36,1000
2020-10-12 09:32:04.030,3.36,20000
2020-10-12 09:32:04.030,3.36,400
2020-10-12 09:32:04.030,3.36,100
2020-10-12 09:32:04.030,3.36,1000
2020-10-12 09:32:04.030,3.36,500
2020-10-12 09:32:04.030,3.36,1000
2020-10-12 09:32:04.030,3.36,500
2020-10-12 09:32:04.030,3.36,3000
2020-10-12 09:32:04.030,3.36,5000
2020-10-12 09:32:04.030,3.36,500
2020-10-12 09:32:04.030,3.36,3000
2020-10-12 09:32:04.030,3.36,200
2020-10-12 09:32:04.030,3.36,10000
2020-10-12 09:32:04.030,3.36,6000
2020-10-12 09:32:04.030,3.36,1000
2020-10-12 09:32:04.030,3.36,3000
2020-10-12 09:32:04.030,3.36,1000
2020-10-12 09:32:04.030,3.36,1000
2020-10-12 09:32:04.030,3.36,1000
2020-10-12 09:32:04.030,3.36,1000
2020-10-12 09:32:04.030,3.36,20000
2020-10-12 09:32:04.030,3.36,100
2020-10-12 09:32:04.030,3.36,500
2020-10-12 09:32:04.030,3.36,1000
2020-10-12 09:32:04.030,3.36,5000
2020-10-12 09:32:04.030,3.36,3000
2020-10-12 09:32:04.210,3.361,4400
2020-10-12 09:32:04.210,3.361,5400
2020-10-12 09:32:04.210,3.361,100
2020-10-12 09:32:04.210,3.361,100
2020-10-12 09:32:04.210,3.361,600
2020-10-12 09:32:04.210,3.361,1000
2020-10-12 09:32:04.210,3.361,1500
2020-10-12 09:32:04.210,3.361,12500
2020-10-12 09:32:04.210,3.361,1000
2020-10-12 09:32:04.210,3.361,1000
2020-10-12 09:32:04.210,3.361,35000
2020-10-12 09:32:04.210,3.361,41900
2020-10-12 09:32:04.210,3.361,500
2020-10-12 09:32:04.210,3.361,162500
2020-10-12 09:32:04.210,3.361,11000
2020-10-12 09:32:04.210,3.361,200
2020-10-12 09:32:04.240,3.361,300
2020-10-12 09:32:04.360,3.361,2800
2020-10-12 09:32:05.790,3.361,9000
2020-10-12 09:32:05.850,3.361,5000
2020-10-12 09:32:05.880,3.361,4200
2020-10-12 09:32:05.880,3.361,15800
2020-10-12 09:32:06.130,3.361,6000
2020-10-12 09:32:06.130,3.361,5000
2020-10-12 09:32:06.490,3.361,10000
2020-10-12 09:32:06.660,3.361,14900
2020-10-12 09:32:06.750,3.361,100
2020-10-12 09:32:06.840,3.361,500
2020-10-12 09:32:07.110,3.361,700
2020-10-12 09:32:07.110,3.361,3000
2020-10-12 09:32:07.140,3.361,12000
2020-10-12 09:32:07.510,3.361,2000
2020-10-12 09:32:07.570,3.361,100000
2020-10-12 09:32:08.620,3.361,10000
2020-10-12 09:32:08.620,3.361,40100
2020-10-12 09:32:09.460,3.36,500
2020-10-12 09:32:10.120,3.36,600
2020-10-12 09:32:10.650,3.36,10000
2020-10-12 09:32:10.800,3.36,13800
2020-10-12 09:32:12.310,3.361,400
2020-10-12 09:32:12.310,3.361,1100
2020-10-12 09:32:12.370,3.36,2300
2020-10-12 09:32:12.590,3.36,500
2020-10-12 09:32:12.760,3.36,10000
2020-10-12 09:32:13.370,3.361,3000
2020-10-12 09:32:15.010,3.361,4900
2020-10-12 09:32:15.010,3.361,4800
2020-10-12 09:32:15.410,3.361,5000
2020-10-12 09:32:15.610,3.361,200
2020-10-12 09:32:15.610,3.361,800
2020-10-12 09:32:15.640,3.36,100
2020-10-12 09:32:16.160,3.36,2000
2020-10-12 09:32:16.610,3.361,9200
2020-10-12 09:32:16.610,3.361,1400
2020-10-12 09:32:16.610,3.361,16200
2020-10-12 09:32:16.610,3.361,3000
2020-10-12 09:32:16.610,3.361,36900
2020-10-12 09:32:16.850,3.362,13000
2020-10-12 09:32:16.850,3.362,1500
2020-10-12 09:32:16.850,3.362,200
2020-10-12 09:32:16.850,3.362,200
2020-10-12 09:32:16.850,3.362,1000
2020-10-12 09:32:16.850,3.362,6000
2020-10-12 09:32:16.850,3.362,12100
2020-10-12 09:32:16.850,3.362,10000
2020-10-12 09:32:16.850,3.362,3000
2020-10-12 09:32:16.850,3.362,2000
2020-10-12 09:32:16.850,3.362,9600
2020-10-12 09:32:17.300,3.361,3000
2020-10-12 09:32:17.690,3.361,81000
2020-10-12 09:32:18.170,3.361,300
2020-10-12 09:32:18.890,3.361,2300
2020-10-12 09:32:18.890,3.361,500
2020-10-12 09:32:19.490,3.361,60000
2020-10-12 09:32:19.630,3.361,59700
2020-10-12 09:32:20.590,3.361,100
2020-10-12 09:32:20.800,3.361,1200
2020-10-12 09:32:21.520,3.361,10000
2020-10-12 09:32:21.580,3.361,1400
2020-10-12 09:32:21.680,3.361,5000
2020-10-12 09:32:21.960,3.361,8800
2020-10-12 09:32:21.960,3.361,200
2020-10-12 09:32:22.080,3.362,2900
2020-10-12 09:32:22.080,3.362,2100
2020-10-12 09:32:22.400,3.362,900
2020-10-12 09:32:22.400,3.362,200
2020-10-12 09:32:22.660,3.361,20000
2020-10-12 09:32:22.850,3.362,500
2020-10-12 09:32:23.120,3.362,4300
2020-10-12 09:32:23.120,3.362,200
2020-10-12 09:32:23.120,3.362,15500
2020-10-12 09:32:23.890,3.361,500
2020-10-12 09:32:24.290,3.361,1000
2020-10-12 09:32:24.700,3.362,4600
2020-10-12 09:32:25.150,3.361,800
2020-10-12 09:32:25.480,3.361,120700
2020-10-12 09:32:26.140,3.362,17000
2020-10-12 09:32:27.460,3.361,900
2020-10-12 09:32:27.850,3.362,3000
2020-10-12 09:32:28.060,3.361,2000
2020-10-12 09:32:28.270,3.361,5000
2020-10-12 09:32:28.960,3.361,6000
2020-10-12 09:32:29.200,3.361,200
2020-10-12 09:32:29.520,3.361,10700
2020-10-12 09:32:30.000,3.361,500
2020-10-12 09:32:30.150,3.361,10000
2020-10-12 09:32:30.180,3.362,3500
2020-10-12 09:32:30.360,3.361,3000
2020-10-12 09:32:30.600,3.361,1000
2020-10-12 09:32:30.840,3.361,1500
2020-10-12 09:32:31.100,3.362,5000
2020-10-12 09:32:31.440,3.362,2000
2020-10-12 09:32:31.720,3.361,500
2020-10-12 09:32:31.740,3.361,1000
2020-10-12 09:32:31.950,3.361,66000
2020-10-12 09:32:33.340,3.361,34000
2020-10-12 09:32:33.910,3.362,1000
2020-10-12 09:32:35.780,3.362,8000
2020-10-12 09:32:35.780,3.362,20000
2020-10-12 09:32:35.780,3.362,5000
2020-10-12 09:32:35.780,3.362,3400
2020-10-12 09:32:35.780,3.362,10000
2020-10-12 09:32:35.780,3.362,200
2020-10-12 09:32:35.780,3.362,7900
2020-10-12 09:32:36.100,3.361,10100
2020-10-12 09:32:36.220,3.361,1100
2020-10-12 09:32:37.170,3.362,2100
2020-10-12 09:32:37.170,3.362,200
2020-10-12 09:32:37.170,3.362,700
2020-10-12 09:32:37.440,3.361,3300
2020-10-12 09:32:37.440,3.361,100
2020-10-12 09:32:37.440,3.361,100
2020-10-12 09:32:37.440,3.361,6500
2020-10-12 09:32:38.090,3.362,600
2020-10-12 09:32:38.090,3.362,1900
2020-10-12 09:32:39.550,3.361,1000
2020-10-12 09:32:39.610,3.362,100
2020-10-12 09:32:39.830,3.361,2500
2020-10-12 09:32:39.830,3.361,1800
2020-10-12 09:32:40.780,3.362,900
2020-10-12 09:32:41.740,3.361,25100
2020-10-12 09:32:41.740,3.361,4900
2020-10-12 09:32:42.050,3.362,1000
2020-10-12 09:32:43.760,3.362,1100
2020-10-12 09:32:43.760,3.362,300
2020-10-12 09:32:43.760,3.362,2000
2020-10-12 09:32:43.760,3.362,100
2020-10-12 09:32:43.760,3.362,2500
2020-10-12 09:32:43.760,3.362,300
2020-10-12 09:32:43.760,3.362,500
2020-10-12 09:32:43.760,3.362,900
2020-10-12 09:32:43.760,3.362,100
2020-10-12 09:32:43.760,3.362,9900
2020-10-12 09:32:43.760,3.362,10000
2020-10-12 09:32:43.760,3.362,10000
2020-10-12 09:32:43.760,3.362,6000
2020-10-12 09:32:43.760,3.362,9000
2020-10-12 09:32:43.760,3.362,2000
2020-10-12 09:32:43.760,3.362,5000
2020-10-12 09:32:43.760,3.362,100
2020-10-12 09:32:43.760,3.362,2400
2020-10-12 09:32:43.760,3.362,100
2020-10-12 09:32:43.760,3.362,500
2020-10-12 09:32:43.760,3.362,3000
2020-10-12 09:32:43.760,3.362,5000
2020-10-12 09:32:43.760,3.362,3000
2020-10-12 09:32:43.760,3.362,3100
2020-10-12 09:32:43.760,3.362,3100
2020-10-12 09:32:44.410,3.361,1700
2020-10-12 09:32:45.510,3.362,5000
2020-10-12 09:32:46.100,3.361,2000
2020-10-12 09:32:46.480,3.361,10000
2020-10-12 09:32:46.610,3.361,20000
2020-10-12 09:32:46.970,3.362,200
2020-10-12 09:32:47.580,3.362,33600
2020-10-12 09:32:47.580,3.362,11000
2020-10-12 09:32:47.580,3.362,1000
2020-10-12 09:32:47.580,3.362,30000
2020-10-12 09:32:47.580,3.362,20000
2020-10-12 09:32:47.580,3.362,2500
2020-10-12 09:32:47.580,3.362,9900
2020-10-12 09:32:47.580,3.362,50000
2020-10-12 09:32:47.580,3.362,10000
2020-10-12 09:32:47.580,3.362,2700
2020-10-12 09:32:47.580,3.362,5000
2020-10-12 09:32:47.580,3.362,100000
2020-10-12 09:32:47.580,3.362,16200
2020-10-12 09:32:47.890,3.362,8100
2020-10-12 09:32:47.890,3.361,11900
2020-10-12 09:32:48.410,3.363,900
2020-10-12 09:32:48.550,3.362,8000
2020-10-12 09:32:48.920,3.363,2100
2020-10-12 09:32:48.920,3.363,11000
2020-10-12 09:32:48.920,3.363,100
2020-10-12 09:32:48.920,3.363,2000
2020-10-12 09:32:48.920,3.363,600
2020-10-12 09:32:48.920,3.363,1000
2020-10-12 09:32:48.920,3.363,10000
2020-10-12 09:32:48.920,3.363,12500
2020-10-12 09:32:48.920,3.363,50000
2020-10-12 09:32:48.920,3.363,5000
2020-10-12 09:32:48.920,3.363,1500
2020-10-12 09:32:48.920,3.363,10000
2020-10-12 09:32:48.920,3.363,1000
2020-10-12 09:32:48.920,3.363,20000
2020-10-12 09:32:48.920,3.363,500
2020-10-12 09:32:48.920,3.363,4100
2020-10-12 09:32:48.920,3.363,129300
2020-10-12 09:32:48.950,3.362,3000
2020-10-12 09:32:49.010,3.362,800
2020-10-12 09:32:49.070,3.363,2900
2020-10-12 09:32:50.250,3.363,500
2020-10-12 09:32:50.250,3.363,2500
2020-10-12 09:32:51.330,3.362,2000
2020-10-12 09:32:53.040,3.362,3000
2020-10-12 09:32:53.290,3.362,5000
2020-10-12 09:32:55.180,3.363,5600
2020-10-12 09:32:55.180,3.363,5000
2020-10-12 09:32:55.180,3.363,100
2020-10-12 09:32:55.180,3.363,7000
2020-10-12 09:32:55.180,3.363,2300
2020-10-12 09:32:56.680,3.363,2700
2020-10-12 09:32:56.680,3.363,5100
2020-10-12 09:32:56.680,3.363,100
2020-10-12 09:32:56.680,3.363,100
2020-10-12 09:32:56.680,3.363,3800
2020-10-12 09:32:56.680,3.363,2400
2020-10-12 09:32:56.680,3.363,5000
2020-10-12 09:32:56.680,3.363,200
2020-10-12 09:32:56.680,3.363,8000
2020-10-12 09:32:56.680,3.363,3000
2020-10-12 09:32:56.680,3.363,6000
2020-10-12 09:32:56.680,3.363,400
2020-10-12 09:32:56.680,3.363,1500
2020-10-12 09:32:56.680,3.363,8100
2020-10-12 09:32:56.800,3.363,100
2020-10-12 09:32:56.920,3.363,500
2020-10-12 09:32:57.640,3.363,100
2020-10-12 09:32:57.700,3.363,1000
2020-10-12 09:32:57.920,3.363,1500
2020-10-12 09:32:58.230,3.363,5000
2020-10-12 09:32:58.770,3.363,2600
2020-10-12 09:32:59.270,3.363,1500
2020-10-12 09:32:59.890,3.363,20000
2020-10-12 09:33:00.220,3.363,221300
2020-10-12 09:33:00.220,3.363,300000
2020-10-12 09:33:00.220,3.363,800
2020-10-12 09:33:00.220,3.363,2000
2020-10-12 09:33:00.220,3.363,40000
2020-10-12 09:33:00.220,3.362,12000
2020-10-12 09:33:00.220,3.362,273900
2020-10-12 09:33:00.920,3.363,104200
2020-10-12 09:33:01.450,3.363,11700
2020-10-12 09:33:01.630,3.363,5000
2020-10-12 09:33:01.870,3.363,5000
2020-10-12 09:33:01.900,3.363,6400
2020-10-12 09:33:01.970,3.363,500
2020-10-12 09:33:02.060,3.364,600
2020-10-12 09:33:02.060,3.364,12000
2020-10-12 09:33:02.060,3.364,300
2020-10-12 09:33:02.060,3.364,100
2020-10-12 09:33:02.060,3.364,1000
2020-10-12 09:33:02.060,3.364,10000
2020-10-12 09:33:02.060,3.364,2000
2020-10-12 09:33:02.060,3.364,40000
2020-10-12 09:33:02.060,3.364,12500
2020-10-12 09:33:02.060,3.364,200
2020-10-12 09:33:02.060,3.364,100
2020-10-12 09:33:02.060,3.364,500
2020-10-12 09:33:02.060,3.364,400
2020-10-12 09:33:02.060,3.364,10000
2020-10-12 09:33:02.060,3.364,10000
2020-10-12 09:33:02.060,3.364,200
2020-10-12 09:33:02.060,3.364,5000
2020-10-12 09:33:02.060,3.364,2000
2020-10-12 09:33:02.060,3.364,9100
2020-10-12 09:33:02.060,3.364,30000
2020-10-12 09:33:02.060,3.364,1500
2020-10-12 09:33:02.060,3.364,100
2020-10-12 09:33:02.060,3.364,5000
2020-10-12 09:33:02.060,3.364,3000
2020-10-12 09:33:02.940,3.364,104400
2020-10-12 09:33:02.940,3.364,20000
2020-10-12 09:33:02.940,3.363,767200
2020-10-12 09:33:02.940,3.363,40000
2020-10-12 09:33:02.940,3.363,30000
2020-10-12 09:33:02.940,3.363,19600
2020-10-12 09:33:02.940,3.363,18800
2020-10-12 09:33:02.940,3.363,21200
2020-10-12 09:33:02.940,3.363,300000
2020-10-12 09:33:02.940,3.363,60600
2020-10-12 09:33:03.400,3.363,1500
2020-10-12 09:33:05.160,3.363,2000
2020-10-12 09:33:05.400,3.363,50000
2020-10-12 09:33:06.020,3.363,100000
2020-10-12 09:33:06.560,3.363,3000
2020-10-12 09:33:07.030,3.364,57700
2020-10-12 09:33:07.030,3.364,40000
2020-10-12 09:33:07.120,3.363,50000
2020-10-12 09:33:07.300,3.364,9000
2020-10-12 09:33:07.810,3.363,2000
2020-10-12 09:33:08.330,3.364,93300
2020-10-12 09:33:08.330,3.364,5000
2020-10-12 09:33:08.330,3.364,2000
2020-10-12 09:33:08.330,3.364,3000
2020-10-12 09:33:08.330,3.364,11600
2020-10-12 09:33:08.330,3.364,10000
2020-10-12 09:33:08.450,3.364,5000
2020-10-12 09:33:09.060,3.364,23300
2020-10-12 09:33:09.180,3.364,8200
2020-10-12 09:33:09.600,3.364,150000
2020-10-12 09:33:09.690,3.364,1300
2020-10-12 09:33:09.810,3.364,97500
2020-10-12 09:33:09.960,3.364,100
2020-10-12 09:33:10.990,3.364,16500
2020-10-12 09:33:11.360,3.364,30000
2020-10-12 09:33:11.510,3.364,400
2020-10-12 09:33:11.510,3.364,3000
2020-10-12 09:33:12.850,3.364,1200
2020-10-12 09:33:13.060,3.364,2000
2020-10-12 09:33:13.280,3.365,5000
2020-10-12 09:33:13.280,3.365,5000
2020-10-12 09:33:13.280,3.365,1600
2020-10-12 09:33:13.280,3.365,5000
2020-10-12 09:33:13.280,3.365,1000
2020-10-12 09:33:13.280,3.365,100
2020-10-12 09:33:13.280,3.365,1100
2020-10-12 09:33:13.280,3.365,5000
2020-10-12 09:33:13.280,3.365,5000
2020-10-12 09:33:13.280,3.365,1200
2020-10-12 09:33:14.080,3.365,3800
2020-10-12 09:33:14.080,3.365,2300
2020-10-12 09:33:15.030,3.364,10000
2020-10-12 09:33:15.510,3.364,200
2020-10-12 09:33:15.600,3.364,1000
2020-10-12 09:33:17.360,3.364,30000
2020-10-12 09:33:17.800,3.364,30000
2020-10-12 09:33:18.160,3.364,2000
2020-10-12 09:33:19.050,3.364,100
2020-10-12 09:33:19.170,3.364,1500
2020-10-12 09:33:20.470,3.364,25000
2020-10-12 09:33:20.870,3.365,1000
2020-10-12 09:33:20.900,3.364,35000
2020-10-12 09:33:21.280,3.364,2900
2020-10-12 09:33:22.210,3.364,5000
2020-10-12 09:33:22.570,3.364,10000
2020-10-12 09:33:23.230,3.364,2000
2020-10-12 09:33:23.350,3.365,1100
2020-10-12 09:33:23.520,3.364,5000
2020-10-12 09:33:23.910,3.364,8000
2020-10-12 09:33:24.000,3.364,900
2020-10-12 09:33:24.100,3.365,1300
2020-10-12 09:33:24.360,3.364,10000
2020-10-12 09:33:25.510,3.365,100
2020-10-12 09:33:25.720,3.364,700
2020-10-12 09:33:25.720,3.364,5000
2020-10-12 09:33:26.430,3.364,1800
2020-10-12 09:33:26.430,3.365,6700
2020-10-12 09:33:26.430,3.365,2000
2020-10-12 09:33:26.430,3.365,1000
2020-10-12 09:33:26.430,3.365,10000
2020-10-12 09:33:26.430,3.365,2500
2020-10-12 09:33:26.430,3.365,2000
2020-10-12 09:33:26.430,3.365,20000
2020-10-12 09:33:26.430,3.365,4000
2020-10-12 09:33:27.790,3.363,800
2020-10-12 09:33:30.090,3.364,1900
2020-10-12 09:33:31.280,3.364,3100
2020-10-12 09:33:31.280,3.364,1000
2020-10-12 09:33:31.280,3.364,2000
2020-10-12 09:33:31.280,3.364,1000
2020-10-12 09:33:31.280,3.364,5000
2020-10-12 09:33:31.280,3.364,10000
2020-10-12 09:33:31.280,3.364,3300
2020-10-12 09:33:31.280,3.364,5300
2020-10-12 09:33:31.280,3.364,2600
2020-10-12 09:33:31.430,3.363,21
2020-10-12 09:33:31.910,3.363,25
2020-10-12 09:33:32.870,3.364,1400
2020-10-12 09:33:32.870,3.364,5000
2020-10-12 09:33:32.870,3.364,3500
2020-10-12 09:33:34.600,3.364,600
2020-10-12 09:33:35.440,3.364,99400
2020-10-12 09:33:35.440,3.364,500
2020-10-12 09:33:35.440,3.364,6000
2020-10-12 09:33:35.440,3.364,3000
2020-10-12 09:33:35.440,3.364,100
2020-10-12 09:33:35.440,3.364,10000
2020-10-12 09:33:35.440,3.364,10000
2020-10-12 09:33:35.440,3.364,3000
2020-10-12 09:33:35.910,3.364,1500
2020-10-12 09:33:35.940,3.364,5000
2020-10-12 09:33:36.120,3.364,4000
2020-10-12 09:33:36.240,3.364,20000
2020-10-12 09:33:36.650,3.365,1100
2020-10-12 09:33:36.650,3.365,3000
2020-10-12 09:33:36.650,3.365,7000
2020-10-12 09:33:36.650,3.365,1000
2020-10-12 09:33:36.650,3.365,10000
2020-10-12 09:33:36.650,3.365,100
2020-10-12 09:33:36.650,3.365,7500
2020-10-12 09:33:36.650,3.365,3000
2020-10-12 09:33:36.650,3.365,500
2020-10-12 09:33:36.650,3.365,10000
2020-10-12 09:33:36.650,3.365,11400
2020-10-12 09:33:36.850,3.364,20000
2020-10-12 09:33:37.680,3.364,4100
2020-10-12 09:33:37.710,3.364,3400
2020-10-12 09:33:37.710,3.364,900
2020-10-12 09:33:37.710,3.363,30154
2020-10-12 09:33:37.710,3.363,300
2020-10-12 09:33:37.710,3.363,18700
2020-10-12 09:33:37.710,3.363,100
2020-10-12 09:33:37.710,3.363,3100
2020-10-12 09:33:37.710,3.363,1000
2020-10-12 09:33:37.710,3.363,7200
2020-10-12 09:33:37.710,3.363,10000
2020-10-12 09:33:38.030,3.363,17000
2020-10-12 09:33:38.800,3.363,500
2020-10-12 09:33:39.220,3.363,100
2020-10-12 09:33:39.380,3.363,100
2020-10-12 09:33:39.590,3.363,600
2020-10-12 09:33:39.590,3.363,20000
2020-10-12 09:33:39.660,3.363,40000
2020-10-12 09:33:40.070,3.363,24000
2020-10-12 09:33:40.130,3.363,22846
2020-10-12 09:33:40.130,3.363,4500
2020-10-12 09:33:40.260,3.364,5000
2020-10-12 09:33:40.260,3.364,15400
2020-10-12 09:33:40.260,3.364,27900
2020-10-12 09:33:40.620,3.364,1000
2020-10-12 09:33:40.700,3.364,5000
2020-10-12 09:33:40.820,3.364,1200
2020-10-12 09:33:40.850,3.364,1000
2020-10-12 09:33:40.910,3.364,5000
2020-10-12 09:33:41.260,3.364,3000
2020-10-12 09:33:41.380,3.365,8600
2020-10-12 09:33:41.380,3.365,10000
2020-10-12 09:33:41.380,3.365,100
2020-10-12 09:33:41.380,3.365,10000
2020-10-12 09:33:41.380,3.365,5000
2020-10-12 09:33:41.380,3.365,5000
2020-10-12 09:33:41.380,3.365,5000
2020-10-12 09:33:41.380,3.365,500
2020-10-12 09:33:41.380,3.365,700
2020-10-12 09:33:41.380,3.365,30000
2020-10-12 09:33:41.380,3.365,4000
2020-10-12 09:33:41.380,3.365,200
2020-10-12 09:33:41.380,3.365,500
2020-10-12 09:33:41.380,3.365,100
2020-10-12 09:33:41.380,3.365,1500
2020-10-12 09:33:41.380,3.365,500
2020-10-12 09:33:41.380,3.365,218300
2020-10-12 09:33:41.670,3.364,5000
2020-10-12 09:33:41.700,3.364,6000
2020-10-12 09:33:41.790,3.365,5200
2020-10-12 09:33:41.790,3.365,10000
2020-10-12 09:33:41.790,3.365,1000
2020-10-12 09:33:41.790,3.365,100
2020-10-12 09:33:41.790,3.365,300
2020-10-12 09:33:41.790,3.365,3000
2020-10-12 09:33:41.790,3.365,5000
2020-10-12 09:33:41.790,3.365,200
2020-10-12 09:33:41.790,3.365,5000
2020-10-12 09:33:41.790,3.365,3000
2020-10-12 09:33:41.790,3.365,20000
2020-10-12 09:33:41.790,3.365,6900
2020-10-12 09:33:41.790,3.365,50000
2020-10-12 09:33:41.790,3.365,5000
2020-10-12 09:33:41.790,3.365,8000
2020-10-12 09:33:41.790,3.365,2000
2020-10-12 09:33:41.790,3.365,40000
2020-10-12 09:33:41.790,3.365,5000
2020-10-12 09:33:41.790,3.365,1000
2020-10-12 09:33:41.790,3.365,3000
2020-10-12 09:33:41.790,3.365,200
2020-10-12 09:33:41.790,3.365,5000
2020-10-12 09:33:41.790,3.365,100
2020-10-12 09:33:41.790,3.365,500
2020-10-12 09:33:41.790,3.365,100000
2020-10-12 09:33:41.790,3.365,10000
2020-10-12 09:33:41.790,3.365,10500
2020-10-12 09:33:42.850,3.364,8900
2020-10-12 09:33:43.180,3.364,34900
2020-10-12 09:33:44.970,3.364,35300
2020-10-12 09:33:45.910,3.364,5000
2020-10-12 09:33:46.570,3.365,89500
2020-10-12 09:33:46.570,3.365,500
2020-10-12 09:33:46.570,3.365,10000
2020-10-12 09:33:46.570,3.365,100000
2020-10-12 09:33:46.570,3.365,30000
2020-10-12 09:33:46.570,3.365,5000
2020-10-12 09:33:46.570,3.365,9100
2020-10-12 09:33:46.570,3.365,1600
2020-10-12 09:33:46.570,3.365,10000
2020-10-12 09:33:46.570,3.365,2000
2020-10-12 09:33:46.570,3.365,200
2020-10-12 09:33:46.570,3.365,3000
2020-10-12 09:33:46.570,3.365,5700
2020-10-12 09:33:46.570,3.365,5000
2020-10-12 09:33:46.570,3.365,10000
2020-10-12 09:33:46.570,3.365,10000
2020-10-12 09:33:46.570,3.365,1000
2020-10-12 09:33:46.630,3.365,4100
2020-10-12 09:33:47.200,3.365,3300
2020-10-12 09:33:47.580,3.364,1000
2020-10-12 09:33:47.630,3.364,4000
2020-10-12 09:33:48.620,3.364,300
2020-10-12 09:33:49.100,3.364,50000
2020-10-12 09:33:49.250,3.364,8000
2020-10-12 09:33:50.540,3.364,500
2020-10-12 09:33:51.300,3.364,71000
2020-10-12 09:33:51.640,3.365,20600
2020-10-12 09:33:51.770,3.365,1000
2020-10-12 09:33:51.950,3.365,3000
2020-10-12 09:33:52.850,3.364,2400
2020-10-12 09:33:53.120,3.364,2000
2020-10-12 09:33:53.240,3.364,1200
2020-10-12 09:33:53.240,3.364,3400
2020-10-12 09:33:53.760,3.365,400
2020-10-12 09:33:53.990,3.364,3000
2020-10-12 09:33:54.120,3.364,5000
2020-10-12 09:33:54.630,3.364,2000
2020-10-12 09:33:54.980,3.364,800
2020-10-12 09:33:55.250,3.364,100
2020-10-12 09:33:55.250,3.364,15000
2020-10-12 09:33:55.250,3.364,3600
2020-10-12 09:33:55.250,3.364,4500
2020-10-12 09:33:55.250,3.363,7400
2020-10-12 09:33:55.710,3.365,10900
2020-10-12 09:33:57.620,3.363,27000
2020-10-12 09:33:59.090,3.364,500
2020-10-12 09:33:59.090,3.364,1000
2020-10-12 09:33:59.090,3.364,10000
2020-10-12 09:33:59.090,3.364,4000
2020-10-12 09:33:59.090,3.364,200
2020-10-12 09:33:59.090,3.364,24300
2020-10-12 09:33:59.530,3.364,35700
2020-10-12 09:33:59.530,3.364,10000
2020-10-12 09:33:59.530,3.364,10000
2020-10-12 09:33:59.530,3.364,35100
2020-10-12 09:34:00.000,3.364,3000
2020-10-12 09:34:00.180,3.364,800
2020-10-12 09:34:01.060,3.364,1000
2020-10-12 09:34:01.980,3.364,100
2020-10-12 09:34:02.670,3.364,2000
2020-10-12 09:34:02.820,3.364,600
2020-10-12 09:34:02.880,3.364,201700
2020-10-12 09:34:02.880,3.364,798300
2020-10-12 09:34:02.880,3.364,101700
2020-10-12 09:34:02.880,3.363,238254
2020-10-12 09:34:02.880,3.363,111346
2020-10-12 09:34:03.410,3.364,5000
2020-10-12 09:34:04.760,3.364,500
2020-10-12 09:34:05.040,3.364,5000
2020-10-12 09:34:05.220,3.364,24800
2020-10-12 09:34:06.170,3.364,2500
2020-10-12 09:34:06.230,3.364,9900
2020-10-12 09:34:07.000,3.364,100
2020-10-12 09:34:07.130,3.364,3000
2020-10-12 09:34:07.610,3.364,300
2020-10-12 09:34:07.780,3.364,9000
2020-10-12 09:34:07.970,3.364,5000
2020-10-12 09:34:08.230,3.364,100
2020-10-12 09:34:08.290,3.364,1500
2020-10-12 09:34:08.350,3.365,3000
2020-10-12 09:34:08.600,3.364,2000
2020-10-12 09:34:09.280,3.364,1800
2020-10-12 09:34:10.740,3.364,500
2020-10-12 09:34:10.830,3.364,8000
2020-10-12 09:34:11.410,3.364,2600
2020-10-12 09:34:12.800,3.365,17800
2020-10-12 09:34:12.800,3.365,20000
2020-10-12 09:34:12.800,3.365,600
2020-10-12 09:34:12.800,3.365,1900
2020-10-12 09:34:12.800,3.365,10000
2020-10-12 09:34:12.800,3.365,2000
2020-10-12 09:34:12.800,3.365,20000
2020-10-12 09:34:12.800,3.365,1000
2020-10-12 09:34:12.800,3.365,5000
2020-10-12 09:34:12.800,3.365,100
2020-10-12 09:34:12.800,3.365,10000
2020-10-12 09:34:12.800,3.365,2500
2020-10-12 09:34:12.800,3.365,10000
2020-10-12 09:34:12.800,3.365,7000
2020-10-12 09:34:12.800,3.365,1000
2020-10-12 09:34:12.800,3.365,800
2020-10-12 09:34:12.800,3.365,30000
2020-10-12 09:34:12.800,3.365,100
2020-10-12 09:34:12.800,3.365,3400
2020-10-12 09:34:12.800,3.365,20000
2020-10-12 09:34:12.800,3.365,500
2020-10-12 09:34:12.800,3.365,2500
2020-10-12 09:34:12.800,3.365,15400
2020-10-12 09:34:12.800,3.365,5000
2020-10-12 09:34:12.800,3.365,15000
2020-10-12 09:34:12.800,3.365,10000
2020-10-12 09:34:12.800,3.365,2000
2020-10-12 09:34:12.800,3.365,50100
2020-10-12 09:34:12.800,3.365,4300
2020-10-12 09:34:12.800,3.365,5000
2020-10-12 09:34:12.800,3.365,2000
2020-10-12 09:34:12.800,3.365,2000
2020-10-12 09:34:12.800,3.365,17000
2020-10-12 09:34:12.800,3.365,8000
2020-10-12 09:34:12.800,3.365,10000
2020-10-12 09:34:13.380,3.365,900
2020-10-12 09:34:13.380,3.366,200
2020-10-12 09:34:13.380,3.366,800
2020-10-12 09:34:13.380,3.366,1000
2020-10-12 09:34:13.380,3.366,1600
2020-10-12 09:34:13.380,3.366,5000
2020-10-12 09:34:13.380,3.366,11000
2020-10-12 09:34:13.380,3.366,2000
2020-10-12 09:34:13.380,3.366,1300
2020-10-12 09:34:13.380,3.366,12500
2020-10-12 09:34:13.380,3.366,200
2020-10-12 09:34:13.380,3.366,5000
2020-10-12 09:34:13.380,3.366,5000
2020-10-12 09:34:13.380,3.366,43300
2020-10-12 09:34:13.440,3.365,600
2020-10-12 09:34:13.700,3.365,2400
2020-10-12 09:34:14.200,3.365,10000
2020-10-12 09:34:14.510,3.365,20000
2020-10-12 09:34:15.160,3.365,500
2020-10-12 09:34:15.290,3.365,5500
2020-10-12 09:34:15.470,3.365,10000
2020-10-12 09:34:15.800,3.365,15000
2020-10-12 09:34:15.860,3.365,1000
2020-10-12 09:34:15.950,3.365,121300
2020-10-12 09:34:16.560,3.365,23600
2020-10-12 09:34:17.310,3.365,5000
2020-10-12 09:34:17.710,3.365,2000
2020-10-12 09:34:17.960,3.365,7700
2020-10-12 09:34:17.960,3.365,4100
2020-10-12 09:34:18.890,3.365,700
2020-10-12 09:34:18.980,3.365,600
2020-10-12 09:34:19.010,3.365,8100
2020-10-12 09:34:19.480,3.365,5000
2020-10-12 09:34:19.480,3.365,100
2020-10-12 09:34:19.600,3.365,2500
2020-10-12 09:34:20.540,3.365,8000
2020-10-12 09:34:20.770,3.365,100
2020-10-12 09:34:22.080,3.365,10000
2020-10-12 09:34:22.110,3.366,1800
2020-10-12 09:34:22.670,3.365,1000
2020-10-12 09:34:23.380,3.365,3200
2020-10-12 09:34:23.750,3.365,12100
2020-10-12 09:34:24.360,3.365,800
2020-10-12 09:34:25.200,3.365,20000
2020-10-12 09:34:25.300,3.365,30000
2020-10-12 09:34:27.180,3.365,1000
2020-10-12 09:34:27.270,3.366,200
2020-10-12 09:34:27.730,3.366,20000
2020-10-12 09:34:27.730,3.365,3000
2020-10-12 09:34:27.830,3.365,44000
2020-10-12 09:34:28.040,3.365,1000
2020-10-12 09:34:28.350,3.365,1500
2020-10-12 09:34:29.520,3.366,100
2020-10-12 09:34:30.380,3.366,9100
2020-10-12 09:34:31.050,3.366,1000
2020-10-12 09:34:31.130,3.365,3000
2020-10-12 09:34:32.560,3.366,500
2020-10-12 09:34:32.720,3.365,6000
2020-10-12 09:34:33.030,3.365,5000
2020-10-12 09:34:33.460,3.365,1300
2020-10-12 09:34:33.630,3.365,5000
2020-10-12 09:34:34.490,3.365,3000
2020-10-12 09:34:35.220,3.365,200
2020-10-12 09:34:35.510,3.366,300
2020-10-12 09:34:35.820,3.365,5000
2020-10-12 09:34:36.120,3.365,800
2020-10-12 09:34:36.750,3.365,300
2020-10-12 09:34:37.220,3.366,100
2020-10-12 09:34:38.420,3.365,200
2020-10-12 09:34:38.720,3.366,5100
2020-10-12 09:34:38.720,3.366,500
2020-10-12 09:34:38.720,3.366,5000
2020-10-12 09:34:38.720,3.366,500
2020-10-12 09:34:38.720,3.366,1000
2020-10-12 09:34:38.720,3.366,100
2020-10-12 09:34:38.720,3.366,1000
2020-10-12 09:34:38.720,3.366,5000
2020-10-12 09:34:38.720,3.366,1700
2020-10-12 09:34:38.720,3.366,34400
2020-10-12 09:34:38.720,3.366,5800
2020-10-12 09:34:38.720,3.366,200
2020-10-12 09:34:38.720,3.366,20000
2020-10-12 09:34:38.720,3.366,15000
2020-10-12 09:34:38.720,3.366,1000
2020-10-12 09:34:38.720,3.366,10000
2020-10-12 09:34:38.720,3.366,1000
2020-10-12 09:34:38.720,3.366,5000
2020-10-12 09:34:38.720,3.366,1000
2020-10-12 09:34:38.720,3.366,3000
2020-10-12 09:34:38.720,3.366,11500
2020-10-12 09:34:38.720,3.366,3500
2020-10-12 09:34:38.720,3.366,30000
2020-10-12 09:34:38.720,3.366,6000
2020-10-12 09:34:38.720,3.366,4500
2020-10-12 09:34:38.720,3.366,5000
2020-10-12 09:34:38.720,3.366,6000
2020-10-12 09:34:38.720,3.366,5000
2020-10-12 09:34:38.720,3.366,3000
2020-10-12 09:34:38.720,3.366,5000
2020-10-12 09:34:38.720,3.366,100000
2020-10-12 09:34:38.720,3.366,3900
2020-10-12 09:34:39.110,3.366,66100
2020-10-12 09:34:39.110,3.366,4000
2020-10-12 09:34:39.110,3.366,9100
2020-10-12 09:34:39.110,3.366,3900
2020-10-12 09:34:39.110,3.366,2000
2020-10-12 09:34:39.110,3.366,10000
2020-10-12 09:34:39.110,3.366,200000
2020-10-12 09:34:39.110,3.366,500
2020-10-12 09:34:39.110,3.366,100
2020-10-12 09:34:39.110,3.366,100
2020-10-12 09:34:39.110,3.366,4200
2020-10-12 09:34:39.290,3.365,30000
2020-10-12 09:34:39.310,3.366,25600
2020-10-12 09:34:39.890,3.366,400
2020-10-12 09:34:41.810,3.366,1000
2020-10-12 09:34:41.810,3.366,20000
2020-10-12 09:34:42.310,3.366,2500
2020-10-12 09:34:42.900,3.366,5000
2020-10-12 09:34:42.990,3.366,9000
2020-10-12 09:34:43.170,3.366,20000
2020-10-12 09:34:43.230,3.366,1000
2020-10-12 09:34:43.270,3.367,8000
2020-10-12 09:34:43.390,3.366,1400
2020-10-12 09:34:45.370,3.366,2500
2020-10-12 09:34:47.110,3.366,5000
2020-10-12 09:34:47.820,3.367,3000
2020-10-12 09:34:47.820,3.367,2000
2020-10-12 09:34:47.820,3.367,1000
2020-10-12 09:34:47.820,3.367,10000
2020-10-12 09:34:47.820,3.367,1000
2020-10-12 09:34:47.820,3.367,10000
2020-10-12 09:34:47.820,3.367,3500
2020-10-12 09:34:47.820,3.367,5000
2020-10-12 09:34:47.820,3.367,3000
2020-10-12 09:34:47.820,3.367,12500
2020-10-12 09:34:47.820,3.367,8000
2020-10-12 09:34:47.820,3.367,20000
2020-10-12 09:34:47.820,3.367,200
2020-10-12 09:34:47.820,3.367,50000
2020-10-12 09:34:47.820,3.367,6000
2020-10-12 09:34:47.820,3.367,500
2020-10-12 09:34:47.820,3.367,10000
2020-10-12 09:34:47.820,3.367,200
2020-10-12 09:34:48.350,3.366,2000
2020-10-12 09:34:48.630,3.367,900
2020-10-12 09:34:48.670,3.366,50000
2020-10-12 09:34:49.020,3.366,500
2020-10-12 09:34:49.890,3.366,8000
2020-10-12 09:34:51.070,3.366,5000
2020-10-12 09:34:53.720,3.366,3000
2020-10-12 09:34:55.790,3.367,100
2020-10-12 09:34:56.250,3.366,10000
2020-10-12 09:34:57.130,3.367,5100
2020-10-12 09:34:57.130,3.367,2400
2020-10-12 09:34:57.580,3.367,7600
2020-10-12 09:34:57.580,3.367,28000
2020-10-12 09:34:57.580,3.367,4000
2020-10-12 09:34:57.580,3.367,100
2020-10-12 09:34:57.580,3.367,6000
2020-10-12 09:34:57.580,3.367,5000
2020-10-12 09:34:57.580,3.367,500
2020-10-12 09:34:57.580,3.367,200
2020-10-12 09:34:57.580,3.367,3100
2020-10-12 09:34:57.580,3.367,5000
2020-10-12 09:34:57.580,3.367,300
2020-10-12 09:34:57.580,3.367,28500
2020-10-12 09:34:57.580,3.367,2000
2020-10-12 09:34:57.580,3.367,2000
2020-10-12 09:34:57.580,3.367,6800
2020-10-12 09:34:57.580,3.367,2000
2020-10-12 09:34:57.580,3.367,300
2020-10-12 09:34:57.580,3.367,100
2020-10-12 09:34:57.580,3.367,15000
2020-10-12 09:34:57.580,3.367,1500
2020-10-12 09:34:57.580,3.367,3000
2020-10-12 09:34:57.580,3.367,30500
2020-10-12 09:34:57.870,3.366,1500
2020-10-12 09:34:58.820,3.366,110000
2020-10-12 09:34:59.120,3.367,100
2020-10-12 09:34:59.330,3.366,10000
2020-10-12 09:34:59.670,3.366,5000
2020-10-12 09:34:59.940,3.367,400
2020-10-12 09:35:00.390,3.366,1600
2020-10-12 09:35:00.390,3.366,100
2020-10-12 09:35:00.390,3.366,300
2020-10-12 09:35:00.390,3.367,200
2020-10-12 09:35:01.060,3.366,4700
2020-10-12 09:35:01.060,3.366,800
2020-10-12 09:35:01.120,3.366,9200
2020-10-12 09:35:01.120,3.366,5000
2020-10-12 09:35:01.120,3.366,800
2020-10-12 09:35:02.300,3.366,1000
2020-10-12 09:35:02.360,3.367,261900
2020-10-12 09:35:02.360,3.367,50000
2020-10-12 09:35:02.360,3.367,6000
2020-10-12 09:35:02.360,3.367,5000
2020-10-12 09:35:02.360,3.367,23100
2020-10-12 09:35:02.360,3.367,5000
2020-10-12 09:35:02.360,3.367,6000
2020-10-12 09:35:02.360,3.367,13900
2020-10-12 09:35:02.360,3.367,3000
2020-10-12 09:35:02.360,3.367,22300
2020-10-12 09:35:02.360,3.367,1000
2020-10-12 09:35:02.360,3.367,1000
2020-10-12 09:35:02.360,3.367,2000
2020-10-12 09:35:02.360,3.367,3600
2020-10-12 09:35:02.360,3.367,8100
2020-10-12 09:35:02.390,3.367,39500
2020-10-12 09:35:02.610,3.367,100
2020-10-12 09:35:02.690,3.367,5700
2020-10-12 09:35:03.420,3.367,20000
2020-10-12 09:35:04.000,3.367,700
2020-10-12 09:35:04.140,3.367,30000
2020-10-12 09:35:04.660,3.367,30000
2020-10-12 09:35:05.270,3.367,300
2020-10-12 09:35:05.440,3.367,1000
2020-10-12 09:35:05.530,3.367,7000
2020-10-12 09:35:05.700,3.367,100
2020-10-12 09:35:05.790,3.367,100
2020-10-12 09:35:06.060,3.367,500
2020-10-12 09:35:06.640,3.367,5000
2020-10-12 09:35:06.740,3.367,5000
2020-10-12 09:35:06.890,3.367,500
2020-10-12 09:35:07.270,3.367,100
2020-10-12 09:35:07.570,3.367,500
2020-10-12 09:35:07.800,3.367,1600
2020-10-12 09:35:09.000,3.367,100
2020-10-12 09:35:09.060,3.367,2400
2020-10-12 09:35:10.260,3.367,1000
2020-10-12 09:35:10.470,3.367,36900
2020-10-12 09:35:10.470,3.367,55600
2020-10-12 09:35:10.560,3.367,200
2020-10-12 09:35:11.550,3.368,39200
2020-10-12 09:35:11.800,3.367,100
2020-10-12 09:35:12.660,3.367,10000
2020-10-12 09:35:13.090,3.367,35000
2020-10-12 09:35:13.330,3.367,11600
2020-10-12 09:35:13.750,3.368,300
2020-10-12 09:35:13.750,3.367,500
2020-10-12 09:35:14.550,3.367,2300
2020-10-12 09:35:16.560,3.367,2000
2020-10-12 09:35:16.930,3.367,6000
2020-10-12 09:35:17.480,3.367,176700
2020-10-12 09:35:17.480,3.367,15000
2020-10-12 09:35:17.480,3.367,6300
2020-10-12 09:35:17.480,3.367,105300
2020-10-12 09:35:19.120,3.368,20000
2020-10-12 09:35:19.600,3.367,10000
2020-10-12 09:35:21.270,3.367,100000
2020-10-12 09:35:21.530,3.368,30100
2020-10-12 09:35:21.620,3.367,20000
2020-10-12 09:35:22.090,3.367,6000
2020-10-12 09:35:23.160,3.367,21000
2020-10-12 09:35:24.520,3.367,1000
2020-10-12 09:35:24.580,3.368,400
2020-10-12 09:35:25.160,3.367,9500
2020-10-12 09:35:25.340,3.367,400
2020-10-12 09:35:25.490,3.367,300
2020-10-12 09:35:25.490,3.367,100
2020-10-12 09:35:25.540,3.367,26500
2020-10-12 09:35:25.540,3.367,10800
2020-10-12 09:35:25.900,3.367,300
2020-10-12 09:35:26.240,3.367,200
2020-10-12 09:35:27.940,3.367,48100
2020-10-12 09:35:27.940,3.367,200
2020-10-12 09:35:28.920,3.367,300
2020-10-12 09:35:28.920,3.367,9700
2020-10-12 09:35:28.960,3.367,6000
2020-10-12 09:35:30.260,3.367,4000
2020-10-12 09:35:31.300,3.366,28200
2020-10-12 09:35:31.300,3.366,30000
2020-10-12 09:35:31.300,3.366,5000
2020-10-12 09:35:31.300,3.366,3000
2020-10-12 09:35:31.300,3.366,4100
2020-10-12 09:35:34.030,3.367,300
2020-10-12 09:35:34.030,3.367,3000
2020-10-12 09:35:34.030,3.367,2000
2020-10-12 09:35:35.190,3.367,2000
2020-10-12 09:35:35.190,3.367,3000
2020-10-12 09:35:35.920,3.367,1000
2020-10-12 09:35:35.920,3.367,4000
2020-10-12 09:35:36.070,3.367,1000
2020-10-12 09:35:36.070,3.367,2000
2020-10-12 09:35:36.070,3.367,100
2020-10-12 09:35:36.070,3.367,4000
2020-10-12 09:35:36.070,3.367,1000
2020-10-12 09:35:36.070,3.367,1900
2020-10-12 09:35:36.200,3.366,2000
2020-10-12 09:35:36.470,3.367,300
2020-10-12 09:35:36.740,3.367,2800
2020-10-12 09:35:36.740,3.367,100
2020-10-12 09:35:36.740,3.367,100
2020-10-12 09:35:36.740,3.367,7000
2020-10-12 09:35:37.320,3.367,500
2020-10-12 09:35:37.320,3.367,4500
2020-10-12 09:35:37.520,3.367,5500
2020-10-12 09:35:37.520,3.367,2900
2020-10-12 09:35:37.520,3.367,17400
2020-10-12 09:35:38.650,3.367,14600
2020-10-12 09:35:38.650,3.367,2000
2020-10-12 09:35:38.650,3.367,100
2020-10-12 09:35:38.650,3.367,4800
2020-10-12 09:35:38.890,3.367,200
2020-10-12 09:35:38.980,3.366,400
2020-10-12 09:35:39.090,3.367,6400
2020-10-12 09:35:39.730,3.366,3500
2020-10-12 09:35:39.730,3.366,2500
2020-10-12 09:35:39.970,3.367,1600
2020-10-12 09:35:40.640,3.366,1000
2020-10-12 09:35:40.910,3.366,200
2020-10-12 09:35:44.640,3.367,1200
2020-10-12 09:35:44.770,3.367,61000
2020-10-12 09:35:44.770,3.367,2000
2020-10-12 09:35:44.770,3.367,10000
2020-10-12 09:35:44.770,3.367,2000
2020-10-12 09:35:44.770,3.367,9100
2020-10-12 09:35:44.770,3.367,1000
2020-10-12 09:35:44.770,3.367,10600
2020-10-12 09:35:44.770,3.367,30500
2020-10-12 09:35:44.770,3.367,3900
2020-10-12 09:35:44.770,3.367,21000
2020-10-12 09:35:44.770,3.367,500
2020-10-12 09:35:44.770,3.367,300
2020-10-12 09:35:44.770,3.367,5000
2020-10-12 09:35:44.770,3.367,5000
2020-10-12 09:35:44.980,3.367,5000
2020-10-12 09:35:45.280,3.367,6000
2020-10-12 09:35:45.310,3.367,10000
2020-10-12 09:35:46.080,3.367,1000
2020-10-12 09:35:46.080,3.367,2000
2020-10-12 09:35:46.800,3.367,1000
2020-10-12 09:35:46.830,3.367,3000
2020-10-12 09:35:46.960,3.367,500
2020-10-12 09:35:46.960,3.367,5000
2020-10-12 09:35:47.900,3.367,10000
2020-10-12 09:35:47.900,3.367,3000
2020-10-12 09:35:48.160,3.368,100
2020-10-12 09:35:48.270,3.367,3000
2020-10-12 09:35:48.270,3.367,300
2020-10-12 09:35:48.400,3.367,7300
2020-10-12 09:35:48.490,3.367,300
2020-10-12 09:35:48.560,3.367,4500
2020-10-12 09:35:48.680,3.367,10000
2020-10-12 09:35:49.180,3.367,1300
2020-10-12 09:35:50.000,3.367,3200
2020-10-12 09:35:50.920,3.367,10000
2020-10-12 09:35:51.490,3.367,1700
2020-10-12 09:35:51.490,3.367,10000
2020-10-12 09:35:51.490,3.367,1500
2020-10-12 09:35:51.490,3.367,5000
2020-10-12 09:35:51.490,3.367,800
2020-10-12 09:35:51.540,3.367,200
2020-10-12 09:35:52.480,3.366,900
2020-10-12 09:35:52.690,3.367,200
2020-10-12 09:35:53.280,3.367,300
2020-10-12 09:35:53.840,3.367,300
2020-10-12 09:35:53.840,3.367,5000
2020-10-12 09:35:53.840,3.367,7100
2020-10-12 09:35:53.840,3.367,2000
2020-10-12 09:35:53.910,3.367,600
2020-10-12 09:35:55.270,3.367,1000
2020-10-12 09:35:56.410,3.367,400
2020-10-12 09:35:56.410,3.367,1000
2020-10-12 09:35:56.410,3.367,1200
2020-10-12 09:35:57.160,3.366,800
2020-10-12 09:35:58.250,3.366,3000
2020-10-12 09:35:58.250,3.366,4000
2020-10-12 09:35:58.710,3.367,700
2020-10-12 09:35:58.770,3.366,11400
2020-10-12 09:35:58.860,3.367,200
2020-10-12 09:35:58.950,3.367,300
2020-10-12 09:35:58.950,3.367,1700
2020-10-12 09:36:00.700,3.366,500
2020-10-12 09:36:01.250,3.367,3300
2020-10-12 09:36:01.250,3.367,1000
2020-10-12 09:36:01.250,3.367,10000
2020-10-12 09:36:01.250,3.367,1000
2020-10-12 09:36:01.250,3.367,4000
2020-10-12 09:36:01.250,3.367,5000
2020-10-12 09:36:01.250,3.367,20000
2020-10-12 09:36:01.250,3.367,4000
2020-10-12 09:36:01.250,3.367,200
2020-10-12 09:36:01.310,3.367,100
2020-10-12 09:36:02.010,3.367,5000
2020-10-12 09:36:02.070,3.368,15000
2020-10-12 09:36:02.160,3.367,2000
2020-10-12 09:36:02.220,3.368,200
2020-10-12 09:36:02.310,3.367,1000
2020-10-12 09:36:04.440,3.367,8400
2020-10-12 09:36:05.610,3.367,2000
2020-10-12 09:36:05.770,3.367,100000
2020-10-12 09:36:05.770,3.368,94700
2020-10-12 09:36:05.770,3.368,5000
2020-10-12 09:36:05.770,3.368,200
2020-10-12 09:36:05.770,3.368,10000
2020-10-12 09:36:05.770,3.368,4700
2020-10-12 09:36:05.770,3.368,1000
2020-10-12 09:36:05.770,3.368,2800
2020-10-12 09:36:05.770,3.368,10000
2020-10-12 09:36:05.770,3.368,3000
2020-10-12 09:36:05.770,3.368,2000
2020-10-12 09:36:05.770,3.368,500
2020-10-12 09:36:05.770,3.368,22500
2020-10-12 09:36:05.770,3.368,5000
2020-10-12 09:36:05.770,3.368,10000
2020-10-12 09:36:05.770,3.368,12500
2020-10-12 09:36:05.770,3.368,1000
2020-10-12 09:36:05.770,3.368,200
2020-10-12 09:36:05.770,3.368,2000
2020-10-12 09:36:05.770,3.368,3500
2020-10-12 09:36:05.770,3.368,109500
2020-10-12 09:36:06.030,3.368,48300
2020-10-12 09:36:06.060,3.367,31900
2020-10-12 09:36:06.200,3.367,10000
2020-10-12 09:36:06.510,3.367,29900
2020-10-12 09:36:06.510,3.368,78900
2020-10-12 09:36:06.510,3.368,3100
2020-10-12 09:36:06.510,3.368,400
2020-10-12 09:36:06.510,3.368,50000
2020-10-12 09:36:06.510,3.368,1000
2020-10-12 09:36:06.510,3.368,4900
2020-10-12 09:36:06.510,3.368,10000
2020-10-12 09:36:06.510,3.368,200
2020-10-12 09:36:06.510,3.368,10400
2020-10-12 09:36:06.510,3.368,3000
2020-10-12 09:36:06.510,3.368,5000
2020-10-12 09:36:06.510,3.368,2000
2020-10-12 09:36:06.510,3.368,1000
2020-10-12 09:36:06.510,3.368,15000
2020-10-12 09:36:06.510,3.368,300
2020-10-12 09:36:06.510,3.368,8200
2020-10-12 09:36:06.510,3.368,10000
2020-10-12 09:36:06.510,3.368,1000
2020-10-12 09:36:06.510,3.368,10000
2020-10-12 09:36:06.510,3.368,7500
2020-10-12 09:36:06.510,3.368,5000
2020-10-12 09:36:06.510,3.368,1000
2020-10-12 09:36:06.510,3.368,10000
2020-10-12 09:36:06.510,3.368,8000
2020-10-12 09:36:06.510,3.368,1000
2020-10-12 09:36:06.510,3.368,4000
2020-10-12 09:36:06.510,3.368,1900
2020-10-12 09:36:06.510,3.368,9000
2020-10-12 09:36:06.510,3.368,38200
2020-10-12 09:36:06.750,3.368,61800
2020-10-12 09:36:06.750,3.368,2000
2020-10-12 09:36:06.750,3.368,100000
2020-10-12 09:36:06.750,3.368,200
2020-10-12 09:36:06.750,3.368,2000
2020-10-12 09:36:06.750,3.368,5000
2020-10-12 09:36:06.750,3.368,500
2020-10-12 09:36:06.750,3.368,5000
2020-10-12 09:36:06.750,3.368,3000
2020-10-12 09:36:06.750,3.368,4900
2020-10-12 09:36:06.750,3.368,2000
2020-10-12 09:36:06.750,3.368,20000
2020-10-12 09:36:06.750,3.368,100
2020-10-12 09:36:06.750,3.368,1000
2020-10-12 09:36:06.750,3.368,100
2020-10-12 09:36:06.750,3.368,10000
2020-10-12 09:36:06.750,3.368,500
2020-10-12 09:36:06.750,3.368,100
2020-10-12 09:36:06.750,3.368,11800
2020-10-12 09:36:06.810,3.368,43200
2020-10-12 09:36:06.810,3.368,2400
2020-10-12 09:36:06.810,3.368,6000
2020-10-12 09:36:06.810,3.368,10000
2020-10-12 09:36:06.810,3.368,10000
2020-10-12 09:36:06.810,3.368,1000
2020-10-12 09:36:06.810,3.368,5000
2020-10-12 09:36:06.810,3.368,6600
2020-10-12 09:36:06.810,3.368,5000
2020-10-12 09:36:06.810,3.368,1000
2020-10-12 09:36:06.810,3.368,10000
2020-10-12 09:36:06.810,3.368,300
2020-10-12 09:36:06.810,3.368,50000
2020-10-12 09:36:06.810,3.368,3000
2020-10-12 09:36:06.810,3.368,3000
2020-10-12 09:36:06.810,3.368,10000
2020-10-12 09:36:06.810,3.368,23600
2020-10-12 09:36:06.810,3.368,20000
2020-10-12 09:36:07.030,3.368,89900
2020-10-12 09:36:07.030,3.368,10100
2020-10-12 09:36:07.570,3.368,14400
2020-10-12 09:36:07.690,3.368,14000
2020-10-12 09:36:07.890,3.368,5000
2020-10-12 09:36:08.380,3.368,1000
2020-10-12 09:36:08.770,3.368,11300
2020-10-12 09:36:08.770,3.368,7000
2020-10-12 09:36:09.160,3.369,800
2020-10-12 09:36:09.190,3.368,5000
2020-10-12 09:36:09.230,3.368,300
2020-10-12 09:36:09.510,3.368,10000
2020-10-12 09:36:10.780,3.368,10000
2020-10-12 09:36:10.810,3.368,5000
2020-10-12 09:36:10.930,3.368,5000
2020-10-12 09:36:11.550,3.368,20000
2020-10-12 09:36:12.580,3.368,6000
2020-10-12 09:36:13.560,3.369,2900
2020-10-12 09:36:14.060,3.368,1000
2020-10-12 09:36:15.410,3.369,300
2020-10-12 09:36:15.760,3.368,100
2020-10-12 09:36:15.760,3.368,900
2020-10-12 09:36:16.680,3.368,3600
2020-10-12 09:36:16.680,3.367,1400
2020-10-12 09:36:17.330,3.367,5100
2020-10-12 09:36:22.690,3.367,10000
2020-10-12 09:36:24.900,3.367,6000
2020-10-12 09:36:25.740,3.367,2000
2020-10-12 09:36:25.940,3.367,36700
2020-10-12 09:36:25.940,3.367,8000
2020-10-12 09:36:25.940,3.367,1000
2020-10-12 09:36:25.940,3.367,500
2020-10-12 09:36:25.940,3.367,3000
2020-10-12 09:36:25.940,3.367,23000
2020-10-12 09:36:26.490,3.367,2000
2020-10-12 09:36:26.490,3.368,100
2020-10-12 09:36:26.490,3.368,1900
2020-10-12 09:36:26.790,3.367,2000
2020-10-12 09:36:26.790,3.368,8000
2020-10-12 09:36:27.040,3.368,100
2020-10-12 09:36:27.040,3.368,500
2020-10-12 09:36:27.040,3.368,400
2020-10-12 09:36:27.210,3.368,400
2020-10-12 09:36:27.440,3.366,4800
2020-10-12 09:36:31.620,3.367,2000
2020-10-12 09:36:31.620,3.367,5400
2020-10-12 09:36:31.620,3.367,10000
2020-10-12 09:36:31.620,3.367,2700
2020-10-12 09:36:31.620,3.367,3000
2020-10-12 09:36:31.620,3.367,700
2020-10-12 09:36:31.680,3.367,9300
2020-10-12 09:36:31.680,3.367,1000
2020-10-12 09:36:31.680,3.367,800
2020-10-12 09:36:31.680,3.367,1000
2020-10-12 09:36:31.680,3.367,500
2020-10-12 09:36:31.680,3.367,6000
2020-10-12 09:36:31.680,3.368,1200
2020-10-12 09:36:31.680,3.368,200
2020-10-12 09:36:32.180,3.367,600
2020-10-12 09:36:33.250,3.367,200
2020-10-12 09:36:34.680,3.367,300
2020-10-12 09:36:36.580,3.367,4000
2020-10-12 09:36:36.780,3.367,900
2020-10-12 09:36:36.780,3.367,400
2020-10-12 09:36:36.850,3.366,1000
2020-10-12 09:36:38.290,3.367,5900
2020-10-12 09:36:39.210,3.367,4100
2020-10-12 09:36:39.210,3.367,1400
2020-10-12 09:36:39.210,3.367,10000
2020-10-12 09:36:39.210,3.367,10000
2020-10-12 09:36:39.210,3.367,2000
2020-10-12 09:36:39.210,3.367,30000
2020-10-12 09:36:39.210,3.367,1700
2020-10-12 09:36:39.210,3.367,100
2020-10-12 09:36:39.210,3.367,30000
2020-10-12 09:36:39.210,3.367,10000
2020-10-12 09:36:39.210,3.367,700
2020-10-12 09:36:39.520,3.366,4100
2020-10-12 09:36:41.080,3.366,4200
2020-10-12 09:36:41.080,3.366,800
2020-10-12 09:36:41.620,3.367,3100
2020-10-12 09:36:41.620,3.367,10000
2020-10-12 09:36:41.620,3.367,3600
2020-10-12 09:36:41.620,3.367,5000
2020-10-12 09:36:42.250,3.368,1800
2020-10-12 09:36:42.340,3.367,4600
2020-10-12 09:36:42.430,3.367,2000
2020-10-12 09:36:42.740,3.367,1000
2020-10-12 09:36:42.980,3.367,400
2020-10-12 09:36:43.070,3.367,2000
2020-10-12 09:36:43.960,3.367,300
2020-10-12 09:36:44.150,3.367,5000
2020-10-12 09:36:44.890,3.367,17100
2020-10-12 09:36:45.130,3.367,5000
2020-10-12 09:36:45.370,3.367,100
2020-10-12 09:36:47.070,3.367,3100
2020-10-12 09:36:47.130,3.367,500
2020-10-12 09:36:47.310,3.367,3700
2020-10-12 09:36:47.420,3.367,8000
2020-10-12 09:36:47.630,3.367,1000
2020-10-12 09:36:47.750,3.367,10000
2020-10-12 09:36:47.840,3.367,10000
2020-10-12 09:36:47.870,3.367,4500
2020-10-12 09:36:47.870,3.367,4900
2020-10-12 09:36:47.870,3.367,600
2020-10-12 09:36:47.870,3.367,100
2020-10-12 09:36:47.870,3.367,200
2020-10-12 09:36:47.970,3.367,100
2020-10-12 09:36:47.970,3.366,3600
2020-10-12 09:36:47.970,3.366,600
2020-10-12 09:36:47.970,3.366,700
2020-10-12 09:36:49.200,3.366,1500
2020-10-12 09:36:49.290,3.366,7800
2020-10-12 09:36:49.290,3.366,6300
2020-10-12 09:36:49.290,3.366,1500
2020-10-12 09:36:50.760,3.366,4300
2020-10-12 09:36:50.760,3.366,400
2020-10-12 09:36:51.370,3.366,9600
2020-10-12 09:36:51.370,3.366,300
2020-10-12 09:36:52.070,3.367,10000
2020-10-12 09:36:52.100,3.367,6100
2020-10-12 09:36:52.360,3.366,272800
2020-10-12 09:36:54.020,3.366,2000
2020-10-12 09:36:54.190,3.367,500
2020-10-12 09:36:54.190,3.366,5500
2020-10-12 09:36:54.850,3.366,10000
2020-10-12 09:36:55.220,3.366,5000
2020-10-12 09:36:55.520,3.366,1500
2020-10-12 09:36:58.060,3.366,3200
2020-10-12 09:36:58.060,3.366,1800
2020-10-12 09:36:58.060,3.366,3300
2020-10-12 09:36:58.150,3.366,5200
2020-10-12 09:36:58.450,3.367,4900
2020-10-12 09:36:58.450,3.367,5100
2020-10-12 09:36:59.060,3.367,100
2020-10-12 09:36:59.570,3.366,1500
2020-10-12 09:36:59.570,3.366,98500
2020-10-12 09:37:00.180,3.366,1500
2020-10-12 09:37:00.420,3.366,1800
2020-10-12 09:37:01.390,3.366,30000
2020-10-12 09:37:02.110,3.366,30000
2020-10-12 09:37:02.450,3.366,10000
2020-10-12 09:37:04.720,3.366,10000
2020-10-12 09:37:04.750,3.367,24800
2020-10-12 09:37:04.750,3.367,5000
2020-10-12 09:37:04.750,3.367,10000
2020-10-12 09:37:04.750,3.367,1000
2020-10-12 09:37:04.750,3.367,14100
2020-10-12 09:37:04.750,3.367,20000
2020-10-12 09:37:04.750,3.367,1000
2020-10-12 09:37:04.750,3.367,13000
2020-10-12 09:37:04.750,3.367,5000
2020-10-12 09:37:05.070,3.367,29900
2020-10-12 09:37:05.790,3.367,500
2020-10-12 09:37:06.090,3.367,1000
2020-10-12 09:37:06.590,3.368,200
2020-10-12 09:37:06.710,3.367,3000
2020-10-12 09:37:06.740,3.367,10000
2020-10-12 09:37:07.380,3.367,12000
2020-10-12 09:37:07.740,3.367,3000
2020-10-12 09:37:08.120,3.367,500
2020-10-12 09:37:08.570,3.367,10000
2020-10-12 09:37:08.690,3.367,1300
2020-10-12 09:37:09.210,3.368,200
2020-10-12 09:37:09.440,3.367,8700
2020-10-12 09:37:10.230,3.367,5500
2020-10-12 09:37:10.290,3.367,30000
2020-10-12 09:37:11.000,3.367,10000
2020-10-12 09:37:11.140,3.368,2600
2020-10-12 09:37:11.140,3.368,5400
2020-10-12 09:37:12.400,3.367,5000
2020-10-12 09:37:12.960,3.367,2000
2020-10-12 09:37:13.990,3.367,10700
2020-10-12 09:37:13.990,3.367,21100
2020-10-12 09:37:14.480,3.368,20000
2020-10-12 09:37:14.720,3.368,4600
2020-10-12 09:37:14.720,3.368,3000
2020-10-12 09:37:14.720,3.368,3800
2020-10-12 09:37:14.720,3.368,200
2020-10-12 09:37:14.720,3.368,500
2020-10-12 09:37:14.720,3.368,5000
2020-10-12 09:37:14.720,3.368,20000
2020-10-12 09:37:14.720,3.368,62900
2020-10-12 09:37:14.720,3.368,10600
2020-10-12 09:37:14.720,3.368,2000
2020-10-12 09:37:14.720,3.368,10000
2020-10-12 09:37:14.720,3.368,2200
2020-10-12 09:37:14.720,3.368,1000
2020-10-12 09:37:14.720,3.368,5000
2020-10-12 09:37:14.720,3.368,10000
2020-10-12 09:37:14.720,3.368,4000
2020-10-12 09:37:14.720,3.368,151500
2020-10-12 09:37:14.720,3.368,3700
2020-10-12 09:37:14.850,3.368,1300
2020-10-12 09:37:14.850,3.368,5000
2020-10-12 09:37:14.850,3.368,8000
2020-10-12 09:37:14.850,3.368,20000
2020-10-12 09:37:14.850,3.368,1000
2020-10-12 09:37:14.850,3.368,10000
2020-10-12 09:37:14.850,3.368,1000
2020-10-12 09:37:14.850,3.368,60000
2020-10-12 09:37:14.850,3.368,30000
2020-10-12 09:37:14.850,3.368,10000
2020-10-12 09:37:14.850,3.368,600
2020-10-12 09:37:14.850,3.368,3000
2020-10-12 09:37:14.850,3.368,1000
2020-10-12 09:37:14.850,3.368,3500
2020-10-12 09:37:14.850,3.368,50000
2020-10-12 09:37:14.850,3.368,3000
2020-10-12 09:37:14.850,3.368,92300
2020-10-12 09:37:15.090,3.368,175600
2020-10-12 09:37:15.120,3.368,32100
2020-10-12 09:37:15.120,3.368,500
2020-10-12 09:37:15.120,3.368,1000
2020-10-12 09:37:15.120,3.368,500
2020-10-12 09:37:15.120,3.368,1000
2020-10-12 09:37:15.120,3.368,100
2020-10-12 09:37:15.120,3.368,1500
2020-10-12 09:37:15.120,3.368,2500
2020-10-12 09:37:15.120,3.368,2000
2020-10-12 09:37:15.120,3.368,1000
2020-10-12 09:37:15.120,3.368,15000
2020-10-12 09:37:15.120,3.368,1500
2020-10-12 09:37:15.120,3.368,700
2020-10-12 09:37:15.180,3.368,15000
2020-10-12 09:37:16.340,3.368,7000
2020-10-12 09:37:16.540,3.368,10000
2020-10-12 09:37:17.310,3.368,208600
2020-10-12 09:37:17.310,3.368,91400
2020-10-12 09:37:17.600,3.368,100
2020-10-12 09:37:17.840,3.368,1000
2020-10-12 09:37:17.960,3.368,10000
2020-10-12 09:37:18.100,3.368,47800
2020-10-12 09:37:18.230,3.368,3000
2020-10-12 09:37:18.850,3.368,2200
2020-10-12 09:37:18.850,3.368,30000
2020-10-12 09:37:19.790,3.368,10000
2020-10-12 09:37:20.090,3.368,2000
2020-10-12 09:37:20.210,3.369,3200
2020-10-12 09:37:20.210,3.369,8100
2020-10-12 09:37:20.210,3.369,5000
2020-10-12 09:37:20.210,3.369,400
2020-10-12 09:37:20.210,3.369,6000
2020-10-12 09:37:20.210,3.369,1000
2020-10-12 09:37:20.210,3.369,10000
2020-10-12 09:37:20.210,3.369,5000
2020-10-12 09:37:20.210,3.369,12300
2020-10-12 09:37:20.210,3.369,5200
2020-10-12 09:37:20.210,3.369,40000
2020-10-12 09:37:20.210,3.369,2000
2020-10-12 09:37:20.210,3.369,12500
2020-10-12 09:37:20.210,3.369,22200
2020-10-12 09:37:20.210,3.369,10400
2020-10-12 09:37:20.210,3.369,300
2020-10-12 09:37:20.210,3.369,1000
2020-10-12 09:37:20.210,3.369,100
2020-10-12 09:37:20.210,3.369,2000
2020-10-12 09:37:20.210,3.369,3000
2020-10-12 09:37:20.210,3.369,6900
2020-10-12 09:37:20.210,3.369,900
2020-10-12 09:37:20.210,3.369,20000
2020-10-12 09:37:20.210,3.369,200
2020-10-12 09:37:20.210,3.369,500
2020-10-12 09:37:20.210,3.369,3000
2020-10-12 09:37:20.210,3.369,5000
2020-10-12 09:37:20.210,3.369,300
2020-10-12 09:37:20.210,3.369,3400
2020-10-12 09:37:20.210,3.369,9100
2020-10-12 09:37:20.210,3.369,10000
2020-10-12 09:37:20.210,3.369,40000
2020-10-12 09:37:20.210,3.369,10000
2020-10-12 09:37:20.210,3.369,5000
2020-10-12 09:37:20.210,3.369,3000
2020-10-12 09:37:20.210,3.369,10000
2020-10-12 09:37:20.210,3.369,5000
2020-10-12 09:37:20.210,3.369,1000
2020-10-12 09:37:20.210,3.369,200
2020-10-12 09:37:20.210,3.369,3000
2020-10-12 09:37:20.210,3.369,10000
2020-10-12 09:37:20.210,3.369,10000
2020-10-12 09:37:20.210,3.369,100000
2020-10-12 09:37:20.210,3.369,14000
2020-10-12 09:37:20.210,3.369,10000
2020-10-12 09:37:20.210,3.369,5000
2020-10-12 09:37:20.210,3.369,30000
2020-10-12 09:37:20.210,3.369,1000
2020-10-12 09:37:20.210,3.369,100
2020-10-12 09:37:20.210,3.369,14000
2020-10-12 09:37:20.210,3.369,1500
2020-10-12 09:37:20.210,3.369,1000
2020-10-12 09:37:20.210,3.369,1500
2020-10-12 09:37:20.210,3.369,2100
2020-10-12 09:37:20.210,3.369,3000
2020-10-12 09:37:20.210,3.369,2000
2020-10-12 09:37:20.210,3.369,10000
2020-10-12 09:37:20.210,3.369,2000
2020-10-12 09:37:20.210,3.369,100
2020-10-12 09:37:20.210,3.369,150000
2020-10-12 09:37:20.210,3.369,5000
2020-10-12 09:37:20.210,3.369,10000
2020-10-12 09:37:20.210,3.369,3000
2020-10-12 09:37:20.210,3.369,10000
2020-10-12 09:37:20.210,3.369,300
2020-10-12 09:37:20.210,3.369,900
2020-10-12 09:37:20.210,3.369,3000
2020-10-12 09:37:20.210,3.369,1000
2020-10-12 09:37:20.210,3.369,1600
2020-10-12 09:37:20.210,3.369,10000
2020-10-12 09:37:20.210,3.369,2000
2020-10-12 09:37:20.210,3.369,5000
2020-10-12 09:37:20.210,3.369,10000
2020-10-12 09:37:20.210,3.369,30000
2020-10-12 09:37:20.210,3.369,1000
2020-10-12 09:37:20.210,3.369,2000
2020-10-12 09:37:20.210,3.369,10000
2020-10-12 09:37:20.210,3.369,2900
2020-10-12 09:37:20.210,3.369,10000
2020-10-12 09:37:20.210,3.369,1500
2020-10-12 09:37:20.210,3.369,20000
2020-10-12 09:37:20.210,3.369,40000
2020-10-12 09:37:20.210,3.369,10000
2020-10-12 09:37:20.210,3.369,100
2020-10-12 09:37:20.210,3.369,5000
2020-10-12 09:37:20.210,3.369,2000
2020-10-12 09:37:20.210,3.369,5500
2020-10-12 09:37:20.210,3.369,900
2020-10-12 09:37:20.210,3.369,10000
2020-10-12 09:37:20.210,3.369,3000
2020-10-12 09:37:20.210,3.369,5000
2020-10-12 09:37:20.210,3.369,1500
2020-10-12 09:37:20.210,3.369,3300
2020-10-12 09:37:20.210,3.369,1500
2020-10-12 09:37:20.210,3.369,19500
2020-10-12 09:37:20.790,3.368,1500
2020-10-12 09:37:21.110,3.368,1500
2020-10-12 09:37:21.110,3.368,30700
2020-10-12 09:37:21.210,3.368,3000
2020-10-12 09:37:21.300,3.369,500
2020-10-12 09:37:21.300,3.369,1500
2020-10-12 09:37:21.710,3.368,500
2020-10-12 09:37:21.740,3.368,1300
2020-10-12 09:37:21.950,3.369,8500
2020-10-12 09:37:21.950,3.369,5000
2020-10-12 09:37:21.950,3.369,186500
2020-10-12 09:37:22.810,3.368,15000
2020-10-12 09:37:23.010,3.368,100
2020-10-12 09:37:23.270,3.368,20000
