ExChangeId,ChannelNo,SeqNo,SecurityID,Trade2_Order1,TradeDate,UpdateTime,Price,Volume,TrdMoney,OrdSide,OrdType,TrdBSFlag,TrdBuyNo,TrdSellNo
1,1,21089,510360,2,20201012,93000520,1.590000,2000,3180.000000,-,-,B,155596,152705
1,1,21090,510360,2,20201012,93000520,1.591000,200,318.200000,-,-,B,155596,77371
1,1,25509,510360,2,20201012,93001520,1.591000,5000,7955.000000,-,-,B,170281,77371
1,1,41198,510360,2,20201012,93005580,1.589000,100,158.900000,-,-,S,34879,222621
1,1,44428,510360,2,20201012,93006920,1.589000,12600,20021.400000,-,-,B,231187,222621
1,1,45764,510360,2,20201012,93008780,1.589000,6200,9851.800000,-,-,B,234185,222621
1,1,47549,510360,2,20201012,93011480,1.589000,100,158.900000,-,-,S,234185,237297
1,1,52638,510360,2,20201012,93018870,1.589000,1000,1589.000000,-,-,S,234185,245943
1,1,69794,510360,2,20201012,93044820,1.589000,2700,4290.300000,-,-,S,234185,272647
1,1,70467,510360,2,20201012,93045550,1.588000,2000,3176.000000,-,-,S,227806,273737
1,1,70670,510360,2,20201012,93045980,1.588000,2000,3176.000000,-,-,S,227806,274095
1,1,70766,510360,2,20201012,93046150,1.588000,2500,3970.000000,-,-,S,227806,274241
1,1,70918,510360,2,20201012,93046350,1.588000,2000,3176.000000,-,-,S,227806,274402
1,1,71000,510360,2,20201012,93046470,1.588000,1500,2382.000000,-,-,S,227806,274498
1,1,71001,510360,2,20201012,93046470,1.588000,500,794.000000,-,-,S,236123,274498
1,1,71269,510360,2,20201012,93046980,1.588000,2000,3176.000000,-,-,S,236123,274890
1,1,71428,510360,2,20201012,93047280,1.588000,2000,3176.000000,-,-,S,236123,275123
1,1,71480,510360,2,20201012,93047380,1.588000,2000,3176.000000,-,-,S,236123,275200
1,1,71627,510360,2,20201012,93047670,1.588000,2000,3176.000000,-,-,S,236123,275426
1,1,71666,510360,2,20201012,93047760,1.588000,1500,2382.000000,-,-,S,236123,275499
1,1,71667,510360,2,20201012,93047760,1.587000,500,793.500000,-,-,S,228272,275499
1,1,71697,510360,2,20201012,93047790,1.587000,2000,3174.000000,-,-,S,228272,275534
1,1,72452,510360,2,20201012,93048860,1.587000,2500,3967.500000,-,-,S,228272,276852
1,1,72676,510360,2,20201012,93049370,1.587000,1700,2697.900000,-,-,S,228272,277293
1,1,73028,510360,2,20201012,93050170,1.587000,600,952.200000,-,-,S,228272,277881
1,1,73201,510360,2,20201012,93050560,1.587000,600,952.200000,-,-,S,228272,278243
1,1,73515,510360,2,20201012,93050990,1.587000,600,952.200000,-,-,S,228272,278749
1,1,73539,510360,2,20201012,93051030,1.587000,1500,2380.500000,-,-,S,228272,278807
1,1,73540,510360,2,20201012,93051030,1.587000,200,317.400000,-,-,S,239149,278807
1,1,73956,510360,2,20201012,93051600,1.587000,600,952.200000,-,-,S,239149,279411
1,1,74263,510360,2,20201012,93052090,1.587000,600,952.200000,-,-,S,239149,279922
1,1,74512,510360,2,20201012,93052520,1.587000,1200,1904.400000,-,-,S,239149,280269
1,1,74639,510360,2,20201012,93052710,1.587000,1200,1904.400000,-,-,S,239149,280429
1,1,75418,510360,2,20201012,93054150,1.587000,1200,1904.400000,-,-,S,239149,281722
1,1,75419,510360,2,20201012,93054150,1.587000,1200,1904.400000,-,-,S,239149,281723
1,1,75653,510360,2,20201012,93054500,1.587000,1200,1904.400000,-,-,S,239149,282177
1,1,75906,510360,2,20201012,93054990,1.587000,600,952.200000,-,-,S,239149,282594
1,1,76144,510360,2,20201012,93055450,1.587000,600,952.200000,-,-,S,239149,282969
1,1,76319,510360,2,20201012,93055860,1.587000,600,952.200000,-,-,S,239149,283311
1,1,76513,510360,2,20201012,93056260,1.587000,600,952.200000,-,-,S,239149,283616
1,1,78036,510360,2,20201012,93058010,1.587000,200,317.400000,-,-,S,239149,286018
1,1,78819,510360,2,20201012,93058630,1.587000,500,793.500000,-,-,B,286916,286018
1,1,80316,510360,2,20201012,93100400,1.586000,2000,3172.000000,-,-,S,229004,289257
1,1,80870,510360,2,20201012,93101050,1.586000,2500,3965.000000,-,-,S,229004,290043
1,1,80874,510360,2,20201012,93101120,1.586000,2500,3965.000000,-,-,S,229004,290057
1,1,81707,510360,2,20201012,93102360,1.586000,2000,3172.000000,-,-,S,229004,291230
1,1,82015,510360,2,20201012,93102760,1.586000,1000,1586.000000,-,-,S,229004,291762
1,1,82016,510360,2,20201012,93102760,1.586000,100,158.600000,-,-,S,239195,291762
1,1,82236,510360,2,20201012,93102960,1.586000,2500,3965.000000,-,-,S,239195,292200
1,1,82237,510360,2,20201012,93102960,1.586000,2500,3965.000000,-,-,S,239195,292201
1,1,82537,510360,2,20201012,93103210,1.586000,1100,1744.600000,-,-,S,239195,292594
1,1,82874,510360,2,20201012,93103630,1.586000,1100,1744.600000,-,-,S,239195,293182
1,1,83114,510360,2,20201012,93104070,1.586000,1100,1744.600000,-,-,S,239195,293596
1,1,83141,510360,2,20201012,93104130,1.586000,1100,1744.600000,-,-,S,239195,293651
1,1,83325,510360,2,20201012,93104540,1.586000,500,793.000000,-,-,S,239195,293975
1,1,83326,510360,2,20201012,93104540,1.585000,600,951.000000,-,-,S,229828,293975
1,1,83990,510360,2,20201012,93105510,1.585000,1100,1743.500000,-,-,S,229828,294889
1,1,85184,510360,2,20201012,93107010,1.587000,1200,1904.400000,-,-,B,297019,286018
1,1,85236,510360,2,20201012,93107110,1.585000,2200,3487.000000,-,-,S,229828,297136
1,1,86209,510360,2,20201012,93108580,1.585000,2200,3487.000000,-,-,S,229828,298556
1,1,87544,510360,2,20201012,93110170,1.585000,1700,2694.500000,-,-,S,229828,300897
1,1,106716,510360,2,20201012,93137760,1.585000,1400,2219.000000,-,-,S,229828,332599
1,1,138191,510360,2,20201012,93234240,1.587000,1900,3015.300000,-,-,B,386212,286018
1,1,138566,510360,2,20201012,93235140,1.587000,2500,3967.500000,-,-,B,386894,286018
1,1,138841,510360,2,20201012,93235650,1.587000,3600,5713.200000,-,-,B,387413,286018
1,1,139999,510360,2,20201012,93237660,1.587000,2800,4443.600000,-,-,B,389307,286018
1,1,143500,510360,2,20201012,93243990,1.587000,2500,3967.500000,-,-,B,394938,286018
1,1,144244,510360,2,20201012,93245260,1.587000,1800,2856.600000,-,-,B,396206,286018
1,1,144245,510360,2,20201012,93245260,1.587000,600,952.200000,-,-,B,396206,286357
1,1,144939,510360,2,20201012,93246910,1.587000,1800,2856.600000,-,-,B,397421,286357
1,1,145742,510360,2,20201012,93248530,1.587000,1800,2856.600000,-,-,B,398939,286357
1,1,146405,510360,2,20201012,93250130,1.587000,1500,2380.500000,-,-,B,400123,286357
1,1,147252,510360,2,20201012,93251780,1.587000,500,793.500000,-,-,B,401698,286357
1,1,147253,510360,2,20201012,93251780,1.587000,1100,1745.700000,-,-,B,401698,289931
1,1,147902,510360,2,20201012,93253390,1.587000,1200,1904.400000,-,-,B,402882,289931
1,1,149008,510360,2,20201012,93255010,1.587000,1200,1904.400000,-,-,B,404591,289931
1,1,149636,510360,2,20201012,93256520,1.587000,900,1428.300000,-,-,B,405737,289931
1,1,151006,510360,2,20201012,93258170,1.587000,900,1428.300000,-,-,B,407790,289931
1,1,152151,510360,2,20201012,93259760,1.587000,600,952.200000,-,-,B,409499,289931
1,1,153658,510360,2,20201012,93301320,1.586000,600,951.600000,-,-,B,411674,411201
1,1,155311,510360,2,20201012,93303420,1.586000,49400,78348.400000,-,-,B,414401,411201
1,1,155861,510360,2,20201012,93304380,1.587000,4100,6506.700000,-,-,B,415327,289931
1,1,156536,510360,2,20201012,93305580,1.589000,1300,2065.700000,-,-,B,416461,272647
1,1,156537,510360,2,20201012,93305580,1.589000,500,794.500000,-,-,B,416461,277797
1,1,167933,510360,2,20201012,93323600,1.589000,6000,9534.000000,-,-,B,434536,433164
1,1,167934,510360,2,20201012,93323600,1.589000,1900,3019.100000,-,-,B,434537,433164
1,1,168567,510360,2,20201012,93324470,1.589000,2100,3336.900000,-,-,B,435569,433164
1,1,168568,510360,2,20201012,93324470,1.589000,7000,11123.000000,-,-,B,435569,434107
1,1,172656,510360,2,20201012,93331830,1.589000,4700,7468.300000,-,-,S,439901,442474
1,1,175766,510360,2,20201012,93337710,1.589000,5300,8421.700000,-,-,S,439901,448012
1,1,196539,510360,2,20201012,93417330,1.588000,7700,12227.600000,-,-,S,416462,483112
1,1,197433,510360,2,20201012,93419070,1.589000,37900,60223.100000,-,-,B,484673,448012
1,1,208435,510360,2,20201012,93443050,1.590000,200,318.000000,-,-,B,503751,314874
1,1,235920,510360,2,20201012,93541960,1.589000,5000,7945.000000,-,-,S,491819,550943
1,1,242739,510360,2,20201012,93557510,1.590000,100,159.000000,-,-,B,562779,314874
1,1,255740,510360,2,20201012,93621310,1.590000,4700,7473.000000,-,-,B,584510,314874
1,1,257894,510360,2,20201012,93626170,1.590000,24900,39591.000000,-,-,S,584510,588048
1,1,282884,510360,2,20201012,93719590,1.590000,4000,6360.000000,-,-,S,584510,630234
1,1,303568,510360,2,20201012,93808300,1.590000,100,159.000000,-,-,S,584510,667014
1,1,311159,510360,2,20201012,93826500,1.591000,4800,7636.800000,-,-,B,679806,77371
1,1,311160,510360,2,20201012,93826500,1.591000,1200,1909.200000,-,-,B,679806,233154
1,1,311161,510360,2,20201012,93826500,1.591000,2500,3977.500000,-,-,B,679806,482832
1,1,311162,510360,2,20201012,93826500,1.591000,20000,31820.000000,-,-,B,679806,659914
1,1,329671,510360,2,20201012,93909200,1.592000,500,796.000000,-,-,B,710034,496349
1,1,329672,510360,2,20201012,93909200,1.592000,1000,1592.000000,-,-,B,710034,617820
1,1,329673,510360,2,20201012,93909200,1.592000,1200,1910.400000,-,-,B,710034,683150
1,1,329674,510360,2,20201012,93909200,1.592000,30000,47760.000000,-,-,B,710034,696014
1,1,329675,510360,2,20201012,93909200,1.592000,20000,31840.000000,-,-,B,710034,709322
1,1,331203,510360,2,20201012,93913030,1.592000,100,159.200000,-,-,S,710034,712691
1,1,348086,510360,2,20201012,93950140,1.592000,200,318.400000,-,-,S,720982,739417
1,1,380427,510360,2,20201012,94050030,1.594000,24000,38256.000000,-,-,S,768992,790225
1,1,384181,510360,2,20201012,94058590,1.595000,1300,2073.500000,-,-,B,797104,474500
1,1,384182,510360,2,20201012,94058590,1.595000,500,797.500000,-,-,B,797104,502822
1,1,384183,510360,2,20201012,94058590,1.595000,100,159.500000,-,-,B,797104,623391
1,1,384184,510360,2,20201012,94058590,1.595000,100,159.500000,-,-,B,797104,644180
1,1,385183,510360,2,20201012,94100400,1.595000,100,159.500000,-,-,S,797104,798785
1,1,388228,510360,2,20201012,94106390,1.595000,5000,7975.000000,-,-,S,797104,804210
1,1,413828,510360,2,20201012,94156720,1.596000,400,638.400000,-,-,B,844129,13426
1,1,413829,510360,2,20201012,94156720,1.596000,600,957.600000,-,-,B,844129,809821
1,1,414706,510360,2,20201012,94158840,1.596000,3500,5586.000000,-,-,B,845637,809821
1,1,414707,510360,2,20201012,94158840,1.596000,100,159.600000,-,-,B,845637,811992
1,1,415812,510360,2,20201012,94201060,1.596000,1200,1915.200000,-,-,S,845637,847473
1,1,415951,510360,2,20201012,94201310,1.596000,2000,3192.000000,-,-,S,845637,847664
1,1,417617,510360,2,20201012,94204530,1.597000,1100,1756.700000,-,-,B,850206,847987
1,1,419976,510360,2,20201012,94209400,1.597000,4900,7825.300000,-,-,S,850206,854138
1,1,421236,510360,2,20201012,94212390,1.596000,1000,1596.000000,-,-,S,850829,856388
1,1,424124,510360,2,20201012,94219120,1.598000,4000,6392.000000,-,-,B,861365,56516
1,1,435086,510360,2,20201012,94246790,1.597000,4000,6388.000000,-,-,B,881224,863652
1,1,435087,510360,2,20201012,94246790,1.597000,1000,1597.000000,-,-,B,881224,864526
1,1,454535,510360,2,20201012,94328450,1.597000,3000,4791.000000,-,-,B,911175,864526
1,1,454536,510360,2,20201012,94328450,1.597000,500,798.500000,-,-,B,911175,904372
1,1,458652,510360,2,20201012,94338740,1.597000,20000,31940.000000,-,-,S,916125,918045
1,1,471577,510360,2,20201012,94408860,1.597000,120200,191959.400000,-,-,S,916125,938975
1,1,500013,510360,2,20201012,94511480,1.598000,1400,2237.200000,-,-,B,986043,56516
1,1,500014,510360,2,20201012,94511480,1.598000,500,799.000000,-,-,B,986043,509175
1,1,500015,510360,2,20201012,94511480,1.598000,1500,2397.000000,-,-,B,986043,675593
1,1,518820,510360,2,20201012,94549010,1.597000,1000,1597.000000,-,-,S,945121,1017339
1,1,518821,510360,2,20201012,94549010,1.597000,5100,8144.700000,-,-,S,1010492,1017339
1,1,519416,510360,2,20201012,94550700,1.597000,6100,9741.700000,-,-,S,1010492,1018552
1,1,520055,510360,2,20201012,94552210,1.597000,5400,8623.800000,-,-,S,1010492,1019785
1,1,520644,510360,2,20201012,94553850,1.597000,5400,8623.800000,-,-,S,1010492,1020990
1,1,522220,510360,2,20201012,94557450,1.597000,3800,6068.600000,-,-,S,1010492,1023962
1,1,522918,510360,2,20201012,94559440,1.597000,2600,4152.200000,-,-,S,1010492,1025345
1,1,525830,510360,2,20201012,94605670,1.597000,3900,6228.300000,-,-,S,1010492,1030079
1,1,526310,510360,2,20201012,94606320,1.597000,3100,4950.700000,-,-,S,1010492,1030738
1,1,526436,510360,2,20201012,94606730,1.597000,2700,4311.900000,-,-,S,1010492,1031078
1,1,526570,510360,2,20201012,94607210,1.597000,2700,4311.900000,-,-,S,1010492,1031408
1,1,526646,510360,2,20201012,94607400,1.597000,3000,4791.000000,-,-,S,1010492,1031544
1,1,526737,510360,2,20201012,94607670,1.597000,2700,4311.900000,-,-,S,1010492,1031675
1,1,526927,510360,2,20201012,94608080,1.597000,2700,4311.900000,-,-,S,1010492,1031930
1,1,527128,510360,2,20201012,94608540,1.597000,2700,4311.900000,-,-,S,1010492,1032234
1,1,527430,510360,2,20201012,94609050,1.597000,1000,1597.000000,-,-,S,1010492,1032700
1,1,527433,510360,2,20201012,94609050,1.597000,3000,4791.000000,-,-,S,1010492,1032706
1,1,527679,510360,2,20201012,94609280,1.597000,3000,4791.000000,-,-,S,1010492,1032937
1,1,527782,510360,2,20201012,94609410,1.597000,1000,1597.000000,-,-,S,1010492,1033034
1,1,528149,510360,2,20201012,94609880,1.597000,100,159.700000,-,-,S,1010492,1033341
1,1,528150,510360,2,20201012,94609880,1.595000,900,1435.500000,-,-,S,982131,1033341
1,1,537641,510360,2,20201012,94632600,1.595000,5000,7975.000000,-,-,S,982131,1050056
1,1,555729,510360,2,20201012,94709510,1.596000,800,1276.800000,-,-,S,1053083,1078792
1,1,556194,510360,2,20201012,94710830,1.596000,200,319.200000,-,-,S,1053083,1079603
1,1,556195,510360,2,20201012,94710830,1.596000,600,957.600000,-,-,S,1066101,1079603
1,1,556996,510360,2,20201012,94712450,1.596000,700,1117.200000,-,-,S,1066101,1080920
1,1,557632,510360,2,20201012,94714170,1.596000,700,1117.200000,-,-,S,1066101,1081961
1,1,568726,510360,2,20201012,94741460,1.596000,5700,9097.200000,-,-,B,1101154,1097028
1,1,569435,510360,2,20201012,94743310,1.596000,1100,1755.600000,-,-,S,1101154,1102572
1,1,569904,510360,2,20201012,94744630,1.595000,1100,1754.500000,-,-,S,982131,1103430
1,1,582483,510360,2,20201012,94819200,1.596000,1800,2872.800000,-,-,S,1124843,1125895
1,1,582948,510360,2,20201012,94820670,1.596000,1600,2553.600000,-,-,S,1124843,1126701
1,1,583280,510360,2,20201012,94821480,1.597000,600,958.200000,-,-,B,1127319,1104392
1,1,583281,510360,2,20201012,94821480,1.598000,9400,15021.200000,-,-,B,1127319,675593
1,1,583562,510360,2,20201012,94822400,1.595000,1600,2552.000000,-,-,S,982131,1127841
1,1,587923,510360,2,20201012,94834190,1.596000,1200,1915.200000,-,-,S,1133008,1135133
1,1,588802,510360,2,20201012,94836090,1.596000,1100,1755.600000,-,-,S,1136005,1136270
1,1,589261,510360,2,20201012,94837590,1.596000,1100,1755.600000,-,-,S,1136005,1137129
1,1,589683,510360,2,20201012,94839090,1.596000,900,1436.400000,-,-,S,1136005,1137891
1,1,590358,510360,2,20201012,94840870,1.596000,900,1436.400000,-,-,S,1136005,1138949
1,1,590973,510360,2,20201012,94842350,1.596000,700,1117.200000,-,-,S,1136005,1139921
1,1,591494,510360,2,20201012,94844040,1.596000,700,1117.200000,-,-,S,1136005,1140818
1,1,599698,510360,2,20201012,94908510,1.596000,4500,7182.000000,-,-,S,1136005,1155478
1,1,600116,510360,2,20201012,94909730,1.596000,4500,7182.000000,-,-,S,1136005,1156326
1,1,600560,510360,2,20201012,94911340,1.596000,4500,7182.000000,-,-,S,1136005,1157259
1,1,601050,510360,2,20201012,94912920,1.596000,3400,5426.400000,-,-,S,1136005,1158261
1,1,601545,510360,2,20201012,94914470,1.596000,3400,5426.400000,-,-,S,1136005,1159133
1,1,602178,510360,2,20201012,94916170,1.596000,2400,3830.400000,-,-,S,1136005,1160316
1,1,602868,510360,2,20201012,94917880,1.596000,1600,2553.600000,-,-,S,1136005,1161320
1,1,603382,510360,2,20201012,94919400,1.596000,1600,2553.600000,-,-,S,1136005,1162163
1,1,603978,510360,2,20201012,94920950,1.596000,1400,2234.400000,-,-,S,1136005,1162992
1,1,604517,510360,2,20201012,94922580,1.596000,1400,2234.400000,-,-,S,1136005,1163954
1,1,618279,510360,2,20201012,94952540,1.598000,2400,3835.200000,-,-,B,1183419,675593
1,1,618280,510360,2,20201012,94952540,1.598000,120400,192399.200000,-,-,B,1183419,697183
1,1,618281,510360,2,20201012,94952540,1.598000,20000,31960.000000,-,-,B,1183419,878053
1,1,618282,510360,2,20201012,94952540,1.598000,800,1278.400000,-,-,B,1183419,930925
1,1,618283,510360,2,20201012,94952540,1.598000,100,159.800000,-,-,B,1183419,979425
1,1,618284,510360,2,20201012,94952540,1.598000,3400,5433.200000,-,-,B,1183419,1081012
1,1,618285,510360,2,20201012,94952540,1.598000,2800,4474.400000,-,-,B,1183419,1105403
1,1,622481,510360,2,20201012,95000650,1.598000,1000,1598.000000,-,-,S,1183419,1189262
1,1,626401,510360,2,20201012,95008100,1.598000,500,799.000000,-,-,S,1183419,1195236
1,1,630217,510360,2,20201012,95016960,1.599000,1500,2398.500000,-,-,B,1201896,81447
1,1,630218,510360,2,20201012,95016960,1.599000,100,159.900000,-,-,B,1201896,1048902
1,1,661240,510360,2,20201012,95129590,1.600000,4100,6560.000000,-,-,B,1251972,340000
1,1,661241,510360,2,20201012,95129590,1.600000,10000,16000.000000,-,-,B,1251972,755748
1,1,661242,510360,2,20201012,95129590,1.600000,600,960.000000,-,-,B,1251972,795180
1,1,661243,510360,2,20201012,95129590,1.600000,6300,10080.000000,-,-,B,1251972,870501
1,1,661244,510360,2,20201012,95129590,1.600000,1000,1600.000000,-,-,B,1251972,945843
1,1,661245,510360,2,20201012,95129590,1.600000,6000,9600.000000,-,-,B,1251972,1002581
1,1,666680,510360,2,20201012,95143910,1.600000,1000,1600.000000,-,-,B,1260880,1260660
1,1,676178,510360,2,20201012,95209080,1.600000,3200,5120.000000,-,-,S,1273543,1275888
1,1,687868,510360,2,20201012,95241130,1.599000,500,799.500000,-,-,S,1230257,1294982
1,1,722819,510360,2,20201012,95423440,1.600000,6000,9600.000000,-,-,S,1296416,1355304
1,1,732070,510360,2,20201012,95456280,1.600000,6700,10720.000000,-,-,S,1296416,1371709
1,1,732071,510360,2,20201012,95456280,1.600000,8300,13280.000000,-,-,S,1369866,1371709
1,1,738964,510360,2,20201012,95513320,1.599000,10000,15990.000000,-,-,S,1230257,1382762
1,1,759723,510360,2,20201012,95613930,1.600000,2000,3200.000000,-,-,S,1413095,1417426
1,1,769870,510360,2,20201012,95639300,1.601000,100,160.100000,-,-,B,1432712,111783
1,1,769871,510360,2,20201012,95639300,1.601000,500,800.500000,-,-,B,1432712,859011
1,1,769872,510360,2,20201012,95639300,1.601000,1000,1601.000000,-,-,B,1432712,909593
1,1,769873,510360,2,20201012,95639300,1.601000,4000,6404.000000,-,-,B,1432712,1123386
1,1,769874,510360,2,20201012,95639300,1.601000,6500,10406.500000,-,-,B,1432712,1373312
1,1,771569,510360,2,20201012,95643240,1.601000,600,960.600000,-,-,S,1432712,1434998
1,1,779962,510360,2,20201012,95702370,1.602000,100,160.200000,-,-,B,1446285,1224278
1,1,779963,510360,2,20201012,95702370,1.602000,1000,1602.000000,-,-,B,1446285,1307131
1,1,779964,510360,2,20201012,95702370,1.602000,5000,8010.000000,-,-,B,1446285,1412581
1,1,779965,510360,2,20201012,95702370,1.602000,19900,31879.800000,-,-,B,1446285,1413430
1,1,779966,510360,2,20201012,95702370,1.602000,1200,1922.400000,-,-,B,1446285,1435322
1,1,782353,510360,2,20201012,95707910,1.602000,100,160.200000,-,-,S,1446285,1449928
1,1,783038,510360,2,20201012,95709350,1.602000,3200,5126.400000,-,-,S,1446285,1450906
1,1,783513,510360,2,20201012,95710270,1.602000,500,801.000000,-,-,S,1446285,1451402
1,1,789286,510360,2,20201012,95724860,1.603000,6800,10900.400000,-,-,B,1459813,1043739
1,1,802505,510360,2,20201012,95751720,1.603000,200,320.600000,-,-,S,1463410,1476066
1,1,811024,510360,2,20201012,95809730,1.604000,500,802.000000,-,-,B,1487534,870203
1,1,811025,510360,2,20201012,95809730,1.604000,100,160.400000,-,-,B,1487534,1444880
1,1,827904,510360,2,20201012,95852810,1.604000,3000,4812.000000,-,-,B,1513556,1504313
1,1,827905,510360,2,20201012,95852810,1.605000,100,160.500000,-,-,B,1513556,1041218
1,1,827906,510360,2,20201012,95852810,1.605000,100,160.500000,-,-,B,1513556,1310861
1,1,827907,510360,2,20201012,95852810,1.605000,10000,16050.000000,-,-,B,1513556,1334723
1,1,831140,510360,2,20201012,95901510,1.605000,3000,4815.000000,-,-,S,1513556,1519006
1,1,836319,510360,2,20201012,95915430,1.605000,300,481.500000,-,-,S,1513556,1527052
1,1,881233,510360,2,20201012,100102660,1.605000,12900,20704.500000,-,-,S,1573267,1596039
1,1,883819,510360,2,20201012,100108630,1.605000,2100,3370.500000,-,-,S,1573267,1600136
1,1,903507,510360,2,20201012,100202210,1.603000,30000,48090.000000,-,-,S,1463410,1634185
1,1,924002,510360,2,20201012,100302250,1.604000,2700,4330.800000,-,-,S,1649846,1668134
1,1,928506,510360,2,20201012,100315860,1.606000,900,1445.400000,-,-,B,1676081,1241857
1,1,930948,510360,2,20201012,100323140,1.605000,10000,16050.000000,-,-,S,1669205,1680266
1,1,953219,510360,2,20201012,100435310,1.604000,100,160.400000,-,-,S,1649846,1719285
1,1,971632,510360,2,20201012,100535480,1.606000,100,160.600000,-,-,B,1749851,1241857
1,1,980519,510360,2,20201012,100605570,1.606000,29000,46574.000000,-,-,B,1765137,1241857
1,1,980520,510360,2,20201012,100605570,1.606000,100,160.600000,-,-,B,1765137,1505841
1,1,980521,510360,2,20201012,100605570,1.606000,20000,32120.000000,-,-,B,1765137,1564037
1,1,980522,510360,2,20201012,100605570,1.606000,400,642.400000,-,-,B,1765137,1680178
1,1,980523,510360,2,20201012,100605570,1.606000,700,1124.200000,-,-,B,1765137,1683836
1,1,980524,510360,2,20201012,100605570,1.606000,4000,6424.000000,-,-,B,1765137,1723733
1,1,980525,510360,2,20201012,100605570,1.606000,5000,8030.000000,-,-,B,1765137,1734614
1,1,980526,510360,2,20201012,100605570,1.606000,5000,8030.000000,-,-,B,1765137,1764834
1,1,991025,510360,2,20201012,100641690,1.606000,16200,26017.200000,-,-,S,1765137,1782982
1,1,997499,510360,2,20201012,100704430,1.606000,20000,32120.000000,-,-,S,1765137,1794041
1,1,999295,510360,2,20201012,100711000,1.607000,100,160.700000,-,-,B,1797323,876336
1,1,1000322,510360,2,20201012,100714480,1.606000,6900,11081.400000,-,-,S,1765137,1799032
1,1,1000976,510360,2,20201012,100716390,1.606000,6000,9636.000000,-,-,S,1765137,1800176
1,1,1003195,510360,2,20201012,100724480,1.606000,12900,20717.400000,-,-,S,1765137,1804049
1,1,1003686,510360,2,20201012,100726390,1.606000,5200,8351.200000,-,-,S,1765137,1804796
1,1,1003836,510360,2,20201012,100726780,1.606000,24200,38865.200000,-,-,S,1765137,1805005
1,1,1007426,510360,2,20201012,100742250,1.603000,7500,12022.500000,-,-,S,1681628,1811612
1,1,1020201,510360,2,20201012,100836270,1.603000,100,160.300000,-,-,S,1681628,1834774
1,1,1038561,510360,2,20201012,100957020,1.603000,4000,6412.000000,-,-,S,1681628,1866631
1,1,1086240,510360,2,20201012,101245890,1.604000,100,160.400000,-,-,S,1878545,1942232
1,1,1096292,510360,2,20201012,101330720,1.605000,100,160.500000,-,-,B,1959758,1841100
1,1,1110248,510360,2,20201012,101433380,1.605000,200,321.000000,-,-,B,1984305,1841100
1,1,1114669,510360,2,20201012,101453230,1.604000,4500,7218.000000,-,-,S,1878545,1992047
1,1,1123254,510360,2,20201012,101531550,1.604000,2000,3208.000000,-,-,B,2007204,2006870
1,1,1145298,510360,2,20201012,101708140,1.605000,200,321.000000,-,-,B,2043745,1841100
1,1,1207020,510360,2,20201012,102133710,1.604000,2000,3208.000000,-,-,S,2140117,2142861
1,1,1222033,510360,2,20201012,102227590,1.605000,100,160.500000,-,-,B,2165057,1841100
1,1,1222034,510360,2,20201012,102227590,1.605000,500,802.500000,-,-,B,2165057,2055369
1,1,1256037,510360,2,20201012,102456420,1.606000,6400,10278.400000,-,-,B,2219605,1805005
1,1,1265882,510360,2,20201012,102543970,1.606000,100,160.600000,-,-,B,2236443,1805005
1,1,1269998,510360,2,20201012,102606430,1.606000,500,803.000000,-,-,B,2243579,1805005
1,1,1284603,510360,2,20201012,102701940,1.606000,8800,14132.800000,-,-,B,2264935,1805005
1,1,1284604,510360,2,20201012,102701940,1.606000,600,963.600000,-,-,B,2264935,1821561
1,1,1284605,510360,2,20201012,102701940,1.606000,700,1124.200000,-,-,B,2264935,2203992
1,1,1284837,510360,2,20201012,102702700,1.607000,400,642.800000,-,-,B,2265225,876336
1,1,1284838,510360,2,20201012,102702700,1.607000,400,642.800000,-,-,B,2265225,1699155
1,1,1284839,510360,2,20201012,102702700,1.607000,100,160.700000,-,-,B,2265225,1785150
1,1,1287643,510360,2,20201012,102710540,1.606000,1500,2409.000000,-,-,B,2268605,2268006
1,1,1291346,510360,2,20201012,102722530,1.606000,10000,16060.000000,-,-,S,2268605,2273125
1,1,1307010,510360,2,20201012,102836040,1.607000,2900,4660.300000,-,-,B,2297851,1785150
1,1,1307011,510360,2,20201012,102836040,1.607000,1000,1607.000000,-,-,B,2297851,1918335
1,1,1307012,510360,2,20201012,102836040,1.607000,1600,2571.200000,-,-,B,2297851,2058812
1,1,1307013,510360,2,20201012,102836040,1.607000,2500,4017.500000,-,-,B,2297851,2163489
1,1,1314478,510360,2,20201012,102908260,1.606000,5000,8030.000000,-,-,S,2268605,2308246
1,1,1324916,510360,2,20201012,102959820,1.607000,7500,12052.500000,-,-,B,2324940,2163489
1,1,1357461,510360,2,20201012,103149610,1.608000,10400,16723.200000,-,-,B,2368635,1211280
1,1,1357462,510360,2,20201012,103149610,1.608000,1000,1608.000000,-,-,B,2368635,1485843
1,1,1357463,510360,2,20201012,103149610,1.608000,5000,8040.000000,-,-,B,2368635,1689864
1,1,1357464,510360,2,20201012,103149610,1.608000,100,160.800000,-,-,B,2368635,1879210
1,1,1357465,510360,2,20201012,103149610,1.608000,5700,9165.600000,-,-,B,2368635,2095670
1,1,1357466,510360,2,20201012,103149610,1.608000,7800,12542.400000,-,-,B,2368635,2195191
1,1,1360595,510360,2,20201012,103201590,1.608000,2200,3537.600000,-,-,B,2373422,2195191
1,1,1363207,510360,2,20201012,103208450,1.608000,1300,2090.400000,-,-,S,2373422,2376329
1,1,1368853,510360,2,20201012,103223490,1.609000,200,321.800000,-,-,B,2383711,105957
1,1,1368854,510360,2,20201012,103223490,1.609000,100,160.900000,-,-,B,2383711,2031105
1,1,1368855,510360,2,20201012,103223490,1.609000,3300,5309.700000,-,-,B,2383711,2101883
1,1,1369432,510360,2,20201012,103225000,1.609000,2300,3700.700000,-,-,B,2384496,2101883
1,1,1369433,510360,2,20201012,103225000,1.609000,1200,1930.800000,-,-,B,2384496,2204793
1,1,1373057,510360,2,20201012,103236350,1.609000,21800,35076.200000,-,-,B,2389307,2204793
1,1,1373475,510360,2,20201012,103237570,1.610000,500,805.000000,-,-,B,2389851,1509032
1,1,1373476,510360,2,20201012,103237570,1.610000,2200,3542.000000,-,-,B,2389851,1538016
1,1,1373691,510360,2,20201012,103238810,1.610000,3200,5152.000000,-,-,B,2390276,1538016
1,1,1379858,510360,2,20201012,103256870,1.610000,200,322.000000,-,-,B,2397595,1538016
1,1,1379859,510360,2,20201012,103256870,1.610000,2300,3703.000000,-,-,B,2397595,1768981
1,1,1380363,510360,2,20201012,103258520,1.610000,2600,4186.000000,-,-,B,2398345,1768981
1,1,1380994,510360,2,20201012,103300250,1.610000,100,161.000000,-,-,B,2399063,1768981
1,1,1380995,510360,2,20201012,103300250,1.610000,2200,3542.000000,-,-,B,2399063,2351895
1,1,1381555,510360,2,20201012,103301820,1.610000,2200,3542.000000,-,-,B,2399759,2351895
1,1,1382120,510360,2,20201012,103303420,1.610000,1700,2737.000000,-,-,B,2400477,2351895
1,1,1382695,510360,2,20201012,103305040,1.610000,900,1449.000000,-,-,B,2401147,2351895
1,1,1383355,510360,2,20201012,103306690,1.610000,1000,1610.000000,-,-,B,2401984,2351895
1,1,1383755,510360,2,20201012,103308270,1.610000,900,1449.000000,-,-,B,2402618,2351895
1,1,1385680,510360,2,20201012,103314990,1.610000,700,1127.000000,-,-,B,2405735,2351895
1,1,1386045,510360,2,20201012,103316340,1.610000,400,644.000000,-,-,B,2406378,2351895
1,1,1386046,510360,2,20201012,103316340,1.610000,200,322.000000,-,-,B,2406378,2384202
1,1,1386636,510360,2,20201012,103317810,1.610000,700,1127.000000,-,-,B,2406946,2384202
1,1,1387146,510360,2,20201012,103319490,1.610000,600,966.000000,-,-,B,2407707,2384202
1,1,1387535,510360,2,20201012,103321120,1.610000,700,1127.000000,-,-,B,2408443,2384202
1,1,1424224,510360,2,20201012,103543090,1.608000,1000,1608.000000,-,-,S,2373422,2468532
1,1,1448901,510360,2,20201012,103738990,1.608000,500,804.000000,-,-,S,2373422,2512501
1,1,1448902,510360,2,20201012,103738990,1.608000,300,482.400000,-,-,S,2452184,2512501
1,1,1461169,510360,2,20201012,103836260,1.608000,400,643.200000,-,-,S,2452184,2532383
1,1,1465109,510360,2,20201012,103856030,1.608000,1100,1768.800000,-,-,S,2452184,2538997
1,1,1465349,510360,2,20201012,103857280,1.608000,1100,1768.800000,-,-,S,2452184,2539412
1,1,1465399,510360,2,20201012,103857590,1.608000,900,1447.200000,-,-,S,2452184,2539511
1,1,1465499,510360,2,20201012,103857990,1.608000,800,1286.400000,-,-,S,2452184,2539639
1,1,1465588,510360,2,20201012,103858350,1.608000,800,1286.400000,-,-,S,2452184,2539751
1,1,1465706,510360,2,20201012,103858710,1.608000,700,1125.600000,-,-,S,2452184,2539865
1,1,1465707,510360,2,20201012,103858710,1.608000,800,1286.400000,-,-,S,2452184,2539866
1,1,1465842,510360,2,20201012,103859120,1.606000,800,1284.800000,-,-,S,2496370,2539994
1,1,1469992,510360,2,20201012,103918370,1.606000,6400,10278.400000,-,-,S,2496370,2546499
1,1,1491823,510360,2,20201012,104055600,1.607000,3000,4821.000000,-,-,S,2560116,2581761
1,1,1492949,510360,2,20201012,104100260,1.609000,500,804.500000,-,-,B,2583340,2534082
1,1,1504020,510360,2,20201012,104147300,1.607000,3000,4821.000000,-,-,S,2560116,2601004
1,1,1520685,510360,2,20201012,104315230,1.607000,100,160.700000,-,-,S,2608078,2629846
1,1,1544336,510360,2,20201012,104517740,1.607000,500,803.500000,-,-,S,2633503,2667288
1,1,1561611,510360,2,20201012,104634670,1.607000,5000,8035.000000,-,-,S,2633503,2692925
1,1,1568837,510360,2,20201012,104713650,1.607000,1000,1607.000000,-,-,S,2633503,2704986
1,1,1568838,510360,2,20201012,104713650,1.607000,3000,4821.000000,-,-,S,2663920,2704986
1,1,1575502,510360,2,20201012,104755390,1.607000,197000,316579.000000,-,-,S,2663920,2716229
1,1,1575503,510360,2,20201012,104755390,1.607000,3000,4821.000000,-,-,S,2705066,2716229
1,1,1575526,510360,2,20201012,104755660,1.607000,100000,160700.000000,-,-,B,2716292,2716229
1,1,1580972,510360,2,20201012,104830540,1.607000,500,803.500000,-,-,S,2716292,2725790
1,1,1590105,510360,2,20201012,104930170,1.607000,400,642.800000,-,-,S,2716292,2741199
1,1,1591992,510360,2,20201012,104942840,1.607000,30000,48210.000000,-,-,S,2716292,2744329
1,1,1617915,510360,2,20201012,105148810,1.609000,700,1126.300000,-,-,B,2786023,2534082
1,1,1625761,510360,2,20201012,105233310,1.609000,500,804.500000,-,-,B,2798839,2534082
1,1,1636390,510360,2,20201012,105326260,1.607000,500,803.500000,-,-,S,2716292,2814553
1,1,1637677,510360,2,20201012,105333260,1.608000,2100,3376.800000,-,-,S,2816055,2816814
1,1,1648405,510360,2,20201012,105427670,1.608000,300,482.400000,-,-,S,2816055,2833320
1,1,1650428,510360,2,20201012,105437860,1.608000,10000,16080.000000,-,-,S,2816055,2836323
1,1,1653740,510360,2,20201012,105454740,1.609000,6100,9814.900000,-,-,B,2841077,2534082
1,1,1653741,510360,2,20201012,105454740,1.609000,20000,32180.000000,-,-,B,2841077,2652236
1,1,1653742,510360,2,20201012,105454740,1.609000,100,160.900000,-,-,B,2841077,2657075
1,1,1659853,510360,2,20201012,105523890,1.609000,400,643.600000,-,-,S,2841077,2850214
1,1,1685209,510360,2,20201012,105737880,1.609000,200,321.800000,-,-,S,2885045,2891904
1,1,1702298,510360,2,20201012,105921610,1.609000,1300,2091.700000,-,-,S,2885045,2919858
1,1,1704758,510360,2,20201012,105936460,1.610000,4000,6440.000000,-,-,B,2923854,2384202
1,1,1704759,510360,2,20201012,105936460,1.610000,1000,1610.000000,-,-,B,2923854,2557144
1,1,1704760,510360,2,20201012,105936460,1.610000,10000,16100.000000,-,-,B,2923854,2707286
1,1,1704761,510360,2,20201012,105936460,1.610000,20000,32200.000000,-,-,B,2923854,2760229
1,1,1705740,510360,2,20201012,105941260,1.610000,200,322.000000,-,-,S,2923854,2925285
1,1,1735882,510360,2,20201012,110150770,1.611000,6000,9666.000000,-,-,B,2970268,1678955
1,1,1735883,510360,2,20201012,110150770,1.611000,300,483.300000,-,-,B,2970268,2498633
1,1,1736979,510360,2,20201012,110157250,1.610000,500,805.000000,-,-,S,2923854,2972138
1,1,1738439,510360,2,20201012,110204090,1.610000,300,483.000000,-,-,S,2923854,2974332
1,1,1742597,510360,2,20201012,110225280,1.610000,4000,6440.000000,-,-,S,2923854,2981111
1,1,1748633,510360,2,20201012,110300280,1.611000,9700,15626.700000,-,-,B,2990602,2498633
1,1,1748634,510360,2,20201012,110300280,1.611000,10000,16110.000000,-,-,B,2990602,2844957
1,1,1748635,510360,2,20201012,110300280,1.611000,28700,46235.700000,-,-,B,2990602,2957170
1,1,1748712,510360,2,20201012,110300550,1.611000,3400,5477.400000,-,-,S,2990602,2990764
1,1,1752810,510360,2,20201012,110323580,1.612000,11200,18054.400000,-,-,B,2998043,2427117
1,1,1762962,510360,2,20201012,110427530,1.612000,900,1450.800000,-,-,B,3016152,2427117
1,1,1762963,510360,2,20201012,110427530,1.612000,100,161.200000,-,-,B,3016152,2487367
1,1,1762964,510360,2,20201012,110427530,1.612000,2000,3224.000000,-,-,B,3016152,2859889
1,1,1762965,510360,2,20201012,110427530,1.612000,1100,1773.200000,-,-,B,3016152,2995004
1,1,1762966,510360,2,20201012,110427530,1.612000,100,161.200000,-,-,B,3016152,2998828
1,1,1762967,510360,2,20201012,110427530,1.612000,20000,32240.000000,-,-,B,3016152,3014003
1,1,1762968,510360,2,20201012,110427530,1.612000,2100,3385.200000,-,-,B,3016152,3014963
1,1,1765709,510360,2,20201012,110442230,1.611000,100,161.100000,-,-,S,2990602,3020372
1,1,1816275,510360,2,20201012,111016040,1.611000,500,805.500000,-,-,B,3105605,3061967
1,1,1828393,510360,2,20201012,111128810,1.610000,300,483.000000,-,-,S,3087212,3124840
1,1,1832128,510360,2,20201012,111147610,1.611000,1500,2416.500000,-,-,B,3130398,3061967
1,1,1851219,510360,2,20201012,111338360,1.611000,4000,6444.000000,-,-,S,3156029,3159867
1,1,1855127,510360,2,20201012,111405440,1.611000,67000,107937.000000,-,-,S,3165866,3166753
1,1,1887940,510360,2,20201012,111746440,1.612000,3000,4836.000000,-,-,B,3221345,3014963
1,1,1917161,510360,2,20201012,112022950,1.612000,4900,7898.800000,-,-,B,3261205,3014963
1,1,1917162,510360,2,20201012,112022950,1.612000,1300,2095.600000,-,-,B,3261205,3037296
1,1,1917163,510360,2,20201012,112022950,1.612000,5000,8060.000000,-,-,B,3261205,3170554
1,1,1935695,510360,2,20201012,112137790,1.612000,500,806.000000,-,-,S,3261205,3284595
1,1,1945830,510360,2,20201012,112224870,1.613000,200,322.600000,-,-,B,3299803,1478766
1,1,1945831,510360,2,20201012,112224870,1.613000,500,806.500000,-,-,B,3299803,1515322
1,1,1945832,510360,2,20201012,112224870,1.613000,1600,2580.800000,-,-,B,3299803,1811509
1,1,1945833,510360,2,20201012,112224870,1.613000,900,1451.700000,-,-,B,3299803,3018469
1,1,1945834,510360,2,20201012,112224870,1.613000,100,161.300000,-,-,B,3299803,3050689
1,1,1945835,510360,2,20201012,112224870,1.613000,5000,8065.000000,-,-,B,3299803,3135847
1,1,1954995,510360,2,20201012,112312610,1.612000,200,322.400000,-,-,S,3261205,3313687
1,1,1965671,510360,2,20201012,112419810,1.612000,23000,37076.000000,-,-,S,3261205,3331399
1,1,1966537,510360,2,20201012,112424990,1.612000,2500,4030.000000,-,-,S,3261205,3332728
1,1,1980834,510360,2,20201012,112554430,1.613000,4200,6774.600000,-,-,S,3335228,3355796
1,1,2021517,510360,2,20201012,112933470,1.615000,10000,16150.000000,-,-,B,3411862,3296219
1,1,2021518,510360,2,20201012,112933470,1.615000,500,807.500000,-,-,B,3411862,3345414
1,1,2032946,510360,2,20201012,130001450,1.616000,800,1292.800000,-,-,B,3432612,1851293
1,1,2034613,510360,2,20201012,130001760,1.615000,5000,8075.000000,-,-,S,3415862,3436715
1,1,2042556,510360,2,20201012,130002940,1.615000,500,807.500000,-,-,S,3415862,3453509
1,1,2043937,510360,2,20201012,130003250,1.615000,2000,3230.000000,-,-,S,3415862,3456892
1,1,2047792,510360,2,20201012,130004490,1.615000,2300,3714.500000,-,-,S,3415862,3466291
1,1,2048828,510360,2,20201012,130004900,1.615000,700,1130.500000,-,-,S,3415862,3469331
1,1,2050359,510360,2,20201012,130005660,1.615000,6200,10013.000000,-,-,S,3415862,3473891
1,1,2051027,510360,2,20201012,130006280,1.615000,1700,2745.500000,-,-,S,3415862,3475674
1,1,2052104,510360,2,20201012,130007210,1.616000,11700,18907.200000,-,-,B,3477043,1851293
1,1,2052105,510360,2,20201012,130007210,1.616000,500,808.000000,-,-,B,3477043,1910745
1,1,2052106,510360,2,20201012,130007210,1.616000,17300,27956.800000,-,-,B,3477043,3184406
1,1,2052107,510360,2,20201012,130007210,1.616000,14200,22947.200000,-,-,B,3477043,3313192
1,1,2054038,510360,2,20201012,130011410,1.616000,700,1131.200000,-,-,S,3477043,3479433
1,1,2054916,510360,2,20201012,130013400,1.616000,700,1131.200000,-,-,S,3477043,3480579
1,1,2055214,510360,2,20201012,130014860,1.616000,700,1131.200000,-,-,S,3477043,3481038
1,1,2059847,510360,2,20201012,130028560,1.616000,6300,10180.800000,-,-,S,3477043,3486354
1,1,2059926,510360,2,20201012,130028960,1.616000,700,1131.200000,-,-,S,3477043,3486480
1,1,2060094,510360,2,20201012,130029540,1.616000,15900,25694.400000,-,-,S,3477043,3486638
1,1,2085280,510360,2,20201012,130216800,1.616000,600,969.600000,-,-,S,3485457,3521923
1,1,2085281,510360,2,20201012,130216800,1.616000,4400,7110.400000,-,-,S,3507619,3521923
1,1,2107576,510360,2,20201012,130407290,1.616000,3700,5979.200000,-,-,S,3555062,3556630
1,1,2109489,510360,2,20201012,130418390,1.616000,3700,5979.200000,-,-,S,3555062,3560046
1,1,2111743,510360,2,20201012,130429850,1.616000,3700,5979.200000,-,-,S,3555062,3563672
1,1,2113931,510360,2,20201012,130441460,1.616000,3700,5979.200000,-,-,S,3555062,3567067
1,1,2116600,510360,2,20201012,130455920,1.617000,100,161.700000,-,-,B,3571583,1433203
1,1,2116601,510360,2,20201012,130455920,1.617000,100,161.700000,-,-,B,3571583,2301356
1,1,2126082,510360,2,20201012,130549220,1.617000,1900,3072.300000,-,-,B,3587389,2301356
1,1,2140935,510360,2,20201012,130708990,1.616000,100,161.600000,-,-,S,3555062,3611805
1,1,2143694,510360,2,20201012,130727330,1.618000,100,161.800000,-,-,B,3616985,2542875
1,1,2148657,510360,2,20201012,130757870,1.617000,3700,5982.900000,-,-,S,3623199,3625467
1,1,2150554,510360,2,20201012,130809190,1.617000,3700,5982.900000,-,-,S,3623199,3628784
1,1,2152518,510360,2,20201012,130820630,1.617000,3700,5982.900000,-,-,S,3623199,3632295
1,1,2154308,510360,2,20201012,130831690,1.617000,3700,5982.900000,-,-,S,3623199,3635457
1,1,2156220,510360,2,20201012,130842790,1.617000,3700,5982.900000,-,-,S,3623199,3638565
1,1,2157292,510360,2,20201012,130848660,1.617000,4200,6791.400000,-,-,S,3623199,3640263
1,1,2158042,510360,2,20201012,130853910,1.617000,3700,5982.900000,-,-,S,3623199,3641597
1,1,2159782,510360,2,20201012,130905280,1.617000,3700,5982.900000,-,-,S,3623199,3644733
1,1,2160645,510360,2,20201012,130909850,1.618000,500,809.000000,-,-,B,3646076,2542875
1,1,2161985,510360,2,20201012,130916830,1.617000,3700,5982.900000,-,-,S,3623199,3647937
1,1,2164063,510360,2,20201012,130928210,1.617000,3700,5982.900000,-,-,S,3623199,3651112
1,1,2171851,510360,2,20201012,131006370,1.618000,2600,4206.800000,-,-,B,3663553,2542875
1,1,2171852,510360,2,20201012,131006370,1.618000,1000,1618.000000,-,-,B,3663553,3358032
1,1,2171853,510360,2,20201012,131006370,1.618000,3000,4854.000000,-,-,B,3663553,3409586
1,1,2171854,510360,2,20201012,131006370,1.618000,100,161.800000,-,-,B,3663553,3554295
1,1,2178261,510360,2,20201012,131031530,1.618000,3700,5986.600000,-,-,S,3663553,3672929
1,1,2178740,510360,2,20201012,131033890,1.619000,500,809.500000,-,-,B,3673691,1914969
1,1,2178741,510360,2,20201012,131033890,1.619000,100,161.900000,-,-,B,3673691,2635828
1,1,2178742,510360,2,20201012,131033890,1.619000,600,971.400000,-,-,B,3673691,3664828
1,1,2181091,510360,2,20201012,131043380,1.619000,3700,5990.300000,-,-,S,3673691,3676879
1,1,2183711,510360,2,20201012,131055350,1.619000,3700,5990.300000,-,-,S,3673691,3680811
1,1,2183863,510360,2,20201012,131056050,1.620000,300,486.000000,-,-,B,3681011,1309775
1,1,2201527,510360,2,20201012,131217150,1.619000,3700,5990.300000,-,-,S,3673691,3709326
1,1,2217808,510360,2,20201012,131345190,1.618000,300,485.400000,-,-,S,3663553,3736174
1,1,2220222,510360,2,20201012,131401060,1.619000,3700,5990.300000,-,-,S,3739341,3740721
1,1,2222087,510360,2,20201012,131412730,1.619000,3700,5990.300000,-,-,S,3739341,3744173
1,1,2223999,510360,2,20201012,131424300,1.619000,2600,4209.400000,-,-,S,3739341,3747512
1,1,2231375,510360,2,20201012,131504070,1.619000,4300,6961.700000,-,-,B,3759552,3747512
1,1,2235636,510360,2,20201012,131529270,1.619000,2000,3238.000000,-,-,B,3766787,3761657
1,1,2246592,510360,2,20201012,131626070,1.619000,2000,3238.000000,-,-,S,3766787,3784044
1,1,2248127,510360,2,20201012,131634640,1.620000,100,162.000000,-,-,B,3786537,1640805
1,1,2248128,510360,2,20201012,131634640,1.620000,1900,3078.000000,-,-,B,3786537,2945848
1,1,2250595,510360,2,20201012,131648110,1.620000,400,648.000000,-,-,B,3790358,2945848
1,1,2251226,510360,2,20201012,131651310,1.619000,400,647.600000,-,-,S,3766787,3791284
1,1,2253605,510360,2,20201012,131704200,1.619000,2000,3238.000000,-,-,S,3766787,3795030
1,1,2257979,510360,2,20201012,131724950,1.619000,200,323.800000,-,-,S,3766787,3801283
1,1,2272120,510360,2,20201012,131851310,1.620000,100,162.000000,-,-,B,3825983,2945848
1,1,2285551,510360,2,20201012,132007300,1.620000,37600,60912.000000,-,-,B,3848326,2945848
1,1,2285552,510360,2,20201012,132007300,1.620000,7500,12150.000000,-,-,B,3848326,3420574
1,1,2285553,510360,2,20201012,132007300,1.620000,1000,1620.000000,-,-,B,3848326,3549467
1,1,2285554,510360,2,20201012,132007300,1.620000,600,972.000000,-,-,B,3848326,3701251
1,1,2285555,510360,2,20201012,132007300,1.620000,5000,8100.000000,-,-,B,3848326,3727889
1,1,2285556,510360,2,20201012,132007300,1.620000,1300,2106.000000,-,-,B,3848326,3741536
1,1,2285557,510360,2,20201012,132007300,1.620000,3000,4860.000000,-,-,B,3848326,3756585
1,1,2285558,510360,2,20201012,132007300,1.620000,3000,4860.000000,-,-,B,3848326,3770923
1,1,2307328,510360,2,20201012,132150180,1.621000,2800,4538.800000,-,-,B,3880366,3769500
1,1,2333173,510360,2,20201012,132354140,1.621000,7200,11671.200000,-,-,B,3918448,3769500
1,1,2333174,510360,2,20201012,132354140,1.621000,10000,16210.000000,-,-,B,3918448,3867643
1,1,2337464,510360,2,20201012,132413790,1.621000,6500,10536.500000,-,-,S,3922416,3925043
1,1,2355554,510360,2,20201012,132538640,1.622000,500,811.000000,-,-,B,3951587,2702889
1,1,2355555,510360,2,20201012,132538640,1.622000,1500,2433.000000,-,-,B,3951587,3871144
1,1,2358858,510360,2,20201012,132554270,1.621000,73400,118981.400000,-,-,S,3935255,3956715
1,1,2360878,510360,2,20201012,132601390,1.622000,1500,2433.000000,-,-,B,3959091,3871144
1,1,2360879,510360,2,20201012,132601390,1.622000,600,973.200000,-,-,B,3959091,3946836
1,1,2360880,510360,2,20201012,132601390,1.622000,100,162.200000,-,-,B,3959091,3953329
1,1,2381691,510360,2,20201012,132727490,1.621000,15000,24315.000000,-,-,S,3935255,3989651
1,1,2392981,510360,2,20201012,132824790,1.621000,2000,3242.000000,-,-,S,3935255,4008232
1,1,2411835,510360,2,20201012,132951400,1.619000,5000,8095.000000,-,-,S,3766787,4038837
1,1,2420681,510360,2,20201012,133011260,1.619000,1200,1942.800000,-,-,S,3766787,4051929
1,1,2421591,510360,2,20201012,133012300,1.619000,1200,1942.800000,-,-,S,3766787,4052838
1,1,2421627,510360,2,20201012,133012360,1.619000,1200,1942.800000,-,-,S,3766787,4052875
1,1,2423383,510360,2,20201012,133013940,1.619000,1200,1942.800000,-,-,S,3766787,4054762
1,1,2423430,510360,2,20201012,133014030,1.619000,300,485.700000,-,-,S,3766787,4054869
1,1,2423431,510360,2,20201012,133014030,1.619000,900,1457.100000,-,-,S,3796503,4054869
1,1,2424368,510360,2,20201012,133015590,1.619000,800,1295.200000,-,-,S,3796503,4056042
1,1,2424484,510360,2,20201012,133015740,1.619000,800,1295.200000,-,-,S,3796503,4056213
1,1,2424861,510360,2,20201012,133016040,1.619000,2500,4047.500000,-,-,S,3796503,4056617
1,1,2434904,510360,2,20201012,133036570,1.617000,900,1455.300000,-,-,S,3660038,4070111
1,1,2436181,510360,2,20201012,133040670,1.617000,100,161.700000,-,-,S,3660038,4071980
1,1,2436255,510360,2,20201012,133040940,1.617000,100,161.700000,-,-,S,3660038,4072085
1,1,2436264,510360,2,20201012,133040970,1.617000,100,161.700000,-,-,S,3660038,4072098
1,1,2436271,510360,2,20201012,133040970,1.616000,200,323.200000,-,-,S,4051508,4072105
1,1,2436278,510360,2,20201012,133040970,1.616000,200,323.200000,-,-,S,4051508,4072115
1,1,2451648,510360,2,20201012,133127430,1.617000,2500,4042.500000,-,-,B,4095406,4090606
1,1,2459749,510360,2,20201012,133156100,1.614000,500,807.000000,-,-,S,3397342,4108969
1,1,2460227,510360,2,20201012,133157810,1.614000,200,322.800000,-,-,S,3397342,4109728
1,1,2470152,510360,2,20201012,133224490,1.615000,500,807.500000,-,-,S,4116519,4125721
1,1,2494197,510360,2,20201012,133415870,1.615000,5000,8075.000000,-,-,S,4116519,4169650
1,1,2500493,510360,2,20201012,133452360,1.618000,400,647.200000,-,-,B,4180755,4135393
1,1,2500494,510360,2,20201012,133452360,1.618000,300,485.400000,-,-,B,4180755,4156169
1,1,2507893,510360,2,20201012,133532550,1.615000,100,161.500000,-,-,S,4116519,4193294
1,1,2525034,510360,2,20201012,133715810,1.615000,5300,8559.500000,-,-,S,4116519,4223317
1,1,2525944,510360,2,20201012,133721140,1.615000,1100,1776.500000,-,-,S,4116519,4224810
1,1,2526044,510360,2,20201012,133721830,1.615000,200,323.000000,-,-,S,4116519,4224975
1,1,2529868,510360,2,20201012,133744950,1.615000,100,161.500000,-,-,S,4116519,4231872
1,1,2539098,510360,2,20201012,133842340,1.617000,200,323.400000,-,-,B,4248095,4242377
1,1,2546008,510360,2,20201012,133929840,1.617000,4900,7923.300000,-,-,S,4259668,4261188
1,1,2547321,510360,2,20201012,133939680,1.617000,1100,1778.700000,-,-,S,4263192,4263547
1,1,2573689,510360,2,20201012,134224660,1.617000,2900,4689.300000,-,-,S,4291356,4310331
1,1,2575765,510360,2,20201012,134237990,1.617000,2000,3234.000000,-,-,S,4291356,4313668
1,1,2580732,510360,2,20201012,134310180,1.617000,2000,3234.000000,-,-,S,4291356,4322348
1,1,2585398,510360,2,20201012,134340650,1.617000,2000,3234.000000,-,-,S,4291356,4330737
1,1,2587290,510360,2,20201012,134353520,1.617000,2000,3234.000000,-,-,S,4291356,4333932
1,1,2587382,510360,2,20201012,134354430,1.618000,500,809.000000,-,-,B,4334110,4284283
1,1,2645894,510360,2,20201012,135020230,1.618000,49500,80091.000000,-,-,B,4432536,4284283
1,1,2645895,510360,2,20201012,135020230,1.618000,1900,3074.200000,-,-,B,4432536,4352439
1,1,2645896,510360,2,20201012,135020230,1.618000,5000,8090.000000,-,-,B,4432536,4388388
1,1,2645897,510360,2,20201012,135020230,1.618000,4000,6472.000000,-,-,B,4432536,4390310
1,1,2645898,510360,2,20201012,135020230,1.618000,2700,4368.600000,-,-,B,4432536,4410532
1,1,2654906,510360,2,20201012,135111240,1.618000,1000,1618.000000,-,-,S,4432536,4446819
1,1,2663126,510360,2,20201012,135203090,1.619000,5000,8095.000000,-,-,B,4460050,4069801
1,1,2694275,510360,2,20201012,135547250,1.619000,1300,2104.700000,-,-,S,4460050,4512570
1,1,2709352,510360,2,20201012,135739030,1.620000,3900,6318.000000,-,-,B,4538592,4259531
1,1,2709353,510360,2,20201012,135739030,1.620000,1000,1620.000000,-,-,B,4538592,4463652
1,1,2709354,510360,2,20201012,135739030,1.620000,400,648.000000,-,-,B,4538592,4505637
1,1,2713737,510360,2,20201012,135815600,1.620000,1700,2754.000000,-,-,S,4538592,4546130
1,1,2738666,510360,2,20201012,140117480,1.619000,13600,22018.400000,-,-,S,4460050,4588142
1,1,2738667,510360,2,20201012,140117480,1.619000,1300,2104.700000,-,-,S,4565659,4588142
1,1,2760505,510360,2,20201012,140330140,1.621000,1000,1621.000000,-,-,B,4623380,4169868
1,1,2760767,510360,2,20201012,140331710,1.619000,3000,4857.000000,-,-,S,4604150,4623892
1,1,2775746,510360,2,20201012,140513770,1.619000,4000,6476.000000,-,-,S,4604150,4649477
1,1,2776349,510360,2,20201012,140517860,1.619000,3200,5180.800000,-,-,S,4604150,4650494
1,1,2776350,510360,2,20201012,140517860,1.619000,6800,11009.200000,-,-,S,4612412,4650494
1,1,2784770,510360,2,20201012,140610950,1.619000,300,485.700000,-,-,S,4612412,4663933
1,1,2806040,510360,2,20201012,140827430,1.620000,200,324.000000,-,-,B,4696933,4627794
1,1,2806041,510360,2,20201012,140827430,1.620000,800,1296.000000,-,-,B,4696933,4670767
1,1,2807000,510360,2,20201012,140836610,1.619000,3000,4857.000000,-,-,S,4612412,4698828
1,1,2809525,510360,2,20201012,140854980,1.619000,600,971.400000,-,-,S,4612412,4703015
1,1,2809526,510360,2,20201012,140854980,1.619000,1400,2266.600000,-,-,S,4668894,4703015
1,1,2852801,510360,2,20201012,141348840,1.620000,3400,5508.000000,-,-,B,4774135,4670767
1,1,2870455,510360,2,20201012,141559790,1.618000,3300,5339.400000,-,-,S,4792268,4803512
1,1,2879870,510360,2,20201012,141700820,1.618000,8600,13914.800000,-,-,S,4792268,4817567
1,1,2903567,510360,2,20201012,141944810,1.618000,2000,3236.000000,-,-,S,4792268,4853754
1,1,2903674,510360,2,20201012,141945780,1.618000,4800,7766.400000,-,-,S,4792268,4853954
1,1,2919611,510360,2,20201012,142114740,1.619000,3400,5504.600000,-,-,B,4877032,4791459
1,1,2919612,510360,2,20201012,142114740,1.619000,1000,1619.000000,-,-,B,4877032,4876667
1,1,2921274,510360,2,20201012,142121630,1.619000,1800,2914.200000,-,-,S,4877032,4879354
1,1,2921275,510360,2,20201012,142121630,1.618000,700,1132.600000,-,-,S,4878841,4879354
1,1,2987871,510360,2,20201012,142743470,1.618000,1700,2750.600000,-,-,B,4980083,4978209
1,1,3018137,510360,2,20201012,143024650,1.618000,1300,2103.400000,-,-,B,5024565,4978209
1,1,3018138,510360,2,20201012,143024650,1.618000,7000,11326.000000,-,-,B,5024565,4984491
1,1,3018139,510360,2,20201012,143024650,1.618000,4000,6472.000000,-,-,B,5024565,4986949
1,1,3039742,510360,2,20201012,143151100,1.618000,6000,9708.000000,-,-,S,5024565,5054190
1,1,3070489,510360,2,20201012,143430420,1.618000,5000,8090.000000,-,-,S,5024565,5101155
1,1,3073800,510360,2,20201012,143447590,1.619000,8600,13923.400000,-,-,B,5106375,4881956
1,1,3073801,510360,2,20201012,143447590,1.619000,7500,12142.500000,-,-,B,5106375,4984717
1,1,3078692,510360,2,20201012,143511770,1.620000,5500,8910.000000,-,-,B,5113477,4670767
1,1,3081529,510360,2,20201012,143528600,1.619000,800,1295.200000,-,-,B,5117969,5116422
1,1,3087364,510360,2,20201012,143558840,1.620000,300,486.000000,-,-,B,5126814,4670767
1,1,3087365,510360,2,20201012,143558840,1.620000,7000,11340.000000,-,-,B,5126814,4800959
1,1,3087366,510360,2,20201012,143558840,1.620000,5000,8100.000000,-,-,B,5126814,4835574
1,1,3087367,510360,2,20201012,143558840,1.620000,7700,12474.000000,-,-,B,5126814,4934151
1,1,3091703,510360,2,20201012,143621810,1.620000,200,324.000000,-,-,B,5133691,4934151
1,1,3098777,510360,2,20201012,143659230,1.620000,12100,19602.000000,-,-,B,5144524,4934151
1,1,3098778,510360,2,20201012,143659230,1.620000,600,972.000000,-,-,B,5144524,5118410
1,1,3107575,510360,2,20201012,143740170,1.620000,4400,7128.000000,-,-,B,5157046,5118410
1,1,3107576,510360,2,20201012,143740170,1.620000,15600,25272.000000,-,-,B,5157046,5128647
1,1,3116173,510360,2,20201012,143822150,1.620000,24400,39528.000000,-,-,B,5169624,5128647
1,1,3116174,510360,2,20201012,143822150,1.620000,5000,8100.000000,-,-,B,5169624,5137569
1,1,3118448,510360,2,20201012,143835120,1.620000,600,972.000000,-,-,S,5173016,5173601
1,1,3123456,510360,2,20201012,143900850,1.620000,32500,52650.000000,-,-,S,5173016,5181163
1,1,3143769,510360,2,20201012,144028140,1.620000,5000,8100.000000,-,-,S,5173016,5210341
1,1,3145791,510360,2,20201012,144037880,1.620000,100,162.000000,-,-,S,5173016,5213691
1,1,3154955,510360,2,20201012,144122630,1.620000,50000,81000.000000,-,-,S,5173016,5228650
1,1,3157778,510360,2,20201012,144134740,1.620000,14000,22680.000000,-,-,S,5173016,5232622
1,1,3159849,510360,2,20201012,144145940,1.621000,89000,144269.000000,-,-,B,5235890,4169868
1,1,3159850,510360,2,20201012,144145940,1.621000,16500,26746.500000,-,-,B,5235890,4282603
1,1,3159851,510360,2,20201012,144145940,1.621000,600,972.600000,-,-,B,5235890,5204444
1,1,3160146,510360,2,20201012,144147340,1.621000,5900,9563.900000,-,-,S,5235890,5236366
1,1,3160688,510360,2,20201012,144149540,1.621000,5100,8267.100000,-,-,S,5235890,5237056
1,1,3160942,510360,2,20201012,144151130,1.621000,5100,8267.100000,-,-,S,5235890,5237541
1,1,3161295,510360,2,20201012,144152990,1.620000,4500,7290.000000,-,-,S,5173016,5238115
1,1,3177318,510360,2,20201012,144305390,1.621000,1300,2107.300000,-,-,S,5260977,5261960
1,1,3177625,510360,2,20201012,144307000,1.621000,1300,2107.300000,-,-,S,5260977,5262382
1,1,3177985,510360,2,20201012,144308310,1.621000,1300,2107.300000,-,-,S,5260977,5262855
1,1,3178402,510360,2,20201012,144310100,1.621000,1000,1621.000000,-,-,S,5260977,5263420
1,1,3178790,510360,2,20201012,144311660,1.621000,700,1134.700000,-,-,S,5260977,5264036
1,1,3179077,510360,2,20201012,144313210,1.621000,700,1134.700000,-,-,S,5260977,5264557
1,1,3187755,510360,2,20201012,144358620,1.621000,2000,3242.000000,-,-,S,5260977,5278193
1,1,3190257,510360,2,20201012,144410080,1.621000,2500,4052.500000,-,-,S,5260977,5281943
1,1,3190258,510360,2,20201012,144410080,1.621000,100,162.100000,-,-,S,5268203,5281943
1,1,3190259,510360,2,20201012,144410080,1.621000,7000,11347.000000,-,-,S,5281116,5281943
1,1,3190332,510360,2,20201012,144410350,1.621000,6600,10698.600000,-,-,B,5282038,5281943
1,1,3193361,510360,2,20201012,144426000,1.622000,6000,9732.000000,-,-,B,5286981,4250230
1,1,3193362,510360,2,20201012,144426000,1.622000,100,162.200000,-,-,B,5286981,4311247
1,1,3193363,510360,2,20201012,144426000,1.622000,700,1135.400000,-,-,B,5286981,4325477
1,1,3193364,510360,2,20201012,144426000,1.622000,18600,30169.200000,-,-,B,5286981,4788787
1,1,3193365,510360,2,20201012,144426000,1.622000,100,162.200000,-,-,B,5286981,5173344
1,1,3193366,510360,2,20201012,144426000,1.622000,1200,1946.400000,-,-,B,5286981,5236623
1,1,3193367,510360,2,20201012,144426000,1.622000,3300,5352.600000,-,-,B,5286981,5250627
1,1,3201625,510360,2,20201012,144501530,1.622000,1700,2757.400000,-,-,B,5298921,5250627
1,1,3202072,510360,2,20201012,144502400,1.622000,6500,10543.000000,-,-,S,5298921,5299443
1,1,3203020,510360,2,20201012,144504010,1.622000,3800,6163.600000,-,-,S,5298921,5300342
1,1,3203481,510360,2,20201012,144505630,1.622000,3800,6163.600000,-,-,S,5298921,5301131
1,1,3203825,510360,2,20201012,144507440,1.622000,1900,3081.800000,-,-,S,5298921,5301818
1,1,3204274,510360,2,20201012,144508920,1.622000,1900,3081.800000,-,-,S,5298921,5302412
1,1,3204297,510360,2,20201012,144509050,1.622000,5000,8110.000000,-,-,S,5298921,5302446
1,1,3204866,510360,2,20201012,144511260,1.622000,1300,2108.600000,-,-,S,5298921,5303342
1,1,3205189,510360,2,20201012,144512750,1.622000,900,1459.800000,-,-,S,5298921,5303820
1,1,3205615,510360,2,20201012,144514600,1.622000,900,1459.800000,-,-,S,5298921,5304582
1,1,3205675,510360,2,20201012,144514990,1.622000,1300,2108.600000,-,-,S,5298921,5304674
1,1,3205986,510360,2,20201012,144516160,1.622000,700,1135.400000,-,-,S,5298921,5305022
1,1,3206582,510360,2,20201012,144517830,1.622000,700,1135.400000,-,-,S,5298921,5305682
1,1,3206859,510360,2,20201012,144519380,1.622000,600,973.200000,-,-,S,5298921,5306230
1,1,3206863,510360,2,20201012,144519400,1.622000,16300,26438.600000,-,-,S,5298921,5306239
1,1,3207255,510360,2,20201012,144520970,1.622000,600,973.200000,-,-,S,5298921,5306808
1,1,3218110,510360,2,20201012,144607010,1.622000,3000,4866.000000,-,-,S,5298921,5322361
1,1,3228110,510360,2,20201012,144650780,1.622000,300,486.600000,-,-,S,5298921,5336976
1,1,3234594,510360,2,20201012,144715980,1.622000,1800,2919.600000,-,-,S,5298921,5345809
1,1,3235200,510360,2,20201012,144717560,1.622000,1800,2919.600000,-,-,S,5298921,5346489
1,1,3235506,510360,2,20201012,144719060,1.622000,1400,2270.800000,-,-,S,5298921,5346924
1,1,3235906,510360,2,20201012,144720630,1.622000,1400,2270.800000,-,-,S,5298921,5347493
1,1,3236220,510360,2,20201012,144722170,1.622000,1000,1622.000000,-,-,S,5298921,5347952
1,1,3236824,510360,2,20201012,144723680,1.622000,1000,1622.000000,-,-,S,5298921,5348605
1,1,3237206,510360,2,20201012,144725470,1.622000,800,1297.600000,-,-,S,5298921,5349233
1,1,3237655,510360,2,20201012,144727040,1.622000,800,1297.600000,-,-,S,5298921,5349747
1,1,3238028,510360,2,20201012,144728540,1.622000,700,1135.400000,-,-,S,5298921,5350265
1,1,3238454,510360,2,20201012,144730390,1.622000,700,1135.400000,-,-,S,5298921,5350852
1,1,3252354,510360,2,20201012,144833260,1.623000,200,324.600000,-,-,B,5371328,1481006
1,1,3252355,510360,2,20201012,144833260,1.623000,5000,8115.000000,-,-,B,5371328,4644730
1,1,3252356,510360,2,20201012,144833260,1.623000,800,1298.400000,-,-,B,5371328,4818223
1,1,3253731,510360,2,20201012,144838740,1.622000,7000,11354.000000,-,-,S,5298921,5373211
1,1,3259793,510360,2,20201012,144903360,1.623000,200,324.600000,-,-,B,5381667,4818223
1,1,3260395,510360,2,20201012,144905440,1.623000,800,1298.400000,-,-,S,5381667,5382527
1,1,3261191,510360,2,20201012,144907570,1.623000,700,1136.100000,-,-,S,5381667,5383241
1,1,3261754,510360,2,20201012,144909110,1.622000,700,1135.400000,-,-,S,5298921,5383781
1,1,3276409,510360,2,20201012,145003820,1.624000,9000,14616.000000,-,-,B,5403551,5309159
1,1,3276410,510360,2,20201012,145003820,1.624000,100,162.400000,-,-,B,5403551,5380655
1,1,3277615,510360,2,20201012,145006760,1.625000,500,812.500000,-,-,B,5405208,2705799
1,1,3277616,510360,2,20201012,145006760,1.625000,1300,2112.500000,-,-,B,5405208,3834303
1,1,3277617,510360,2,20201012,145006760,1.625000,1000,1625.000000,-,-,B,5405208,3992468
1,1,3277618,510360,2,20201012,145006760,1.625000,300,487.500000,-,-,B,5405208,4498482
1,1,3277619,510360,2,20201012,145006760,1.625000,5000,8125.000000,-,-,B,5405208,4672256
1,1,3277620,510360,2,20201012,145006760,1.625000,300,487.500000,-,-,B,5405208,5011697
1,1,3277621,510360,2,20201012,145006760,1.625000,100,162.500000,-,-,B,5405208,5262085
1,1,3277622,510360,2,20201012,145006760,1.625000,10000,16250.000000,-,-,B,5405208,5364511
1,1,3277623,510360,2,20201012,145006760,1.625000,3000,4875.000000,-,-,B,5405208,5396869
1,1,3278552,510360,2,20201012,145009820,1.626000,3200,5203.200000,-,-,B,5406651,2857840
1,1,3282733,510360,2,20201012,145022450,1.625000,900,1462.500000,-,-,B,5412270,5408708
1,1,3291563,510360,2,20201012,145052440,1.625000,300,487.500000,-,-,B,5424513,5408708
1,1,3292528,510360,2,20201012,145055240,1.624000,100,162.400000,-,-,S,5403721,5425565
1,1,3300512,510360,2,20201012,145123390,1.625000,100,162.500000,-,-,B,5437046,5408708
1,1,3309813,510360,2,20201012,145153470,1.625000,600,975.000000,-,-,B,5449284,5448810
1,1,3310945,510360,2,20201012,145157140,1.626000,3800,6178.800000,-,-,B,5450708,2857840
1,1,3310946,510360,2,20201012,145157140,1.626000,6200,10081.200000,-,-,B,5450708,3739762
1,1,3318655,510360,2,20201012,145218570,1.625000,800,1300.000000,-,-,S,5449284,5461143
1,1,3319249,510360,2,20201012,145220240,1.625000,1700,2762.500000,-,-,S,5449284,5462013
1,1,3319714,510360,2,20201012,145221860,1.625000,1600,2600.000000,-,-,S,5449284,5462635
1,1,3320351,510360,2,20201012,145223460,1.626000,8800,14308.800000,-,-,B,5463435,3739762
1,1,3320352,510360,2,20201012,145223460,1.626000,1000,1626.000000,-,-,B,5463435,4472814
1,1,3320353,510360,2,20201012,145223460,1.626000,800,1300.800000,-,-,B,5463435,5430433
1,1,3320354,510360,2,20201012,145223460,1.626000,259900,422597.400000,-,-,B,5463435,5460085
1,1,3320414,510360,2,20201012,145223680,1.625000,1200,1950.000000,-,-,S,5449284,5463567
1,1,3321120,510360,2,20201012,145225830,1.624000,100,162.400000,-,-,S,5405425,5464546
1,1,3327138,510360,2,20201012,145245740,1.623000,1100,1785.300000,-,-,S,5383859,5472995
1,1,3335693,510360,2,20201012,145310710,1.624000,2000,3248.000000,-,-,S,5476335,5484387
1,1,3339809,510360,2,20201012,145323500,1.625000,5000,8125.000000,-,-,B,5490323,5470137
1,1,3342756,510360,2,20201012,145330920,1.624000,100,162.400000,-,-,S,5489618,5493609
1,1,3349893,510360,2,20201012,145353440,1.625000,1500,2437.500000,-,-,B,5503348,5473623
1,1,3350079,510360,2,20201012,145353960,1.624000,200,324.800000,-,-,S,5489618,5503578
1,1,3350080,510360,2,20201012,145353960,1.624000,1800,2923.200000,-,-,S,5503525,5503578
1,1,3373277,510360,2,20201012,145501040,1.625000,3500,5687.500000,-,-,B,5534258,5473623
1,1,3373278,510360,2,20201012,145501040,1.625000,3500,5687.500000,-,-,B,5534258,5482336
1,1,3392616,510360,2,20201012,145550360,1.624000,24300,39463.200000,-,-,S,5503525,5560185
1,1,3421667,510360,2,20201012,145833530,1.624000,100,162.400000,-,-,S,5574667,5620730
1,1,3422497,510360,2,20201012,145856760,1.624000,4000,6496.000000,-,-,S,5574667,5626372
1,1,3422676,510360,2,20201012,145902430,1.624000,84200,136740.800000,-,-,S,5574667,5627731
