Datetime,Price,Volume
2020-10-12 09:25:00.510,4.765,300
2020-10-12 09:25:00.510,4.765,200
2020-10-12 09:25:00.510,4.765,4800
2020-10-12 09:25:00.510,4.765,10200
2020-10-12 09:25:00.510,4.765,4800
2020-10-12 09:25:00.510,4.765,200
2020-10-12 09:25:00.510,4.765,4800
2020-10-12 09:25:00.510,4.765,20000
2020-10-12 09:25:00.510,4.765,5000
2020-10-12 09:25:00.510,4.765,5000
2020-10-12 09:25:00.510,4.765,3000
2020-10-12 09:25:00.510,4.765,10000
2020-10-12 09:25:00.510,4.765,5000
2020-10-12 09:25:00.510,4.765,1000
2020-10-12 09:25:00.510,4.765,35000
2020-10-12 09:25:00.510,4.765,6000
2020-10-12 09:25:00.510,4.765,4700
2020-10-12 09:25:00.510,4.765,5300
2020-10-12 09:25:00.510,4.765,2700
2020-10-12 09:25:00.510,4.765,4500
2020-10-12 09:25:00.510,4.765,1000
2020-10-12 09:25:00.510,4.765,1800
2020-10-12 09:25:00.510,4.765,200
2020-10-12 09:25:00.510,4.765,4800
2020-10-12 09:25:00.510,4.765,200
2020-10-12 09:25:00.510,4.765,7300
2020-10-12 09:25:00.510,4.765,6800
2020-10-12 09:25:00.510,4.765,5700
2020-10-12 09:25:00.510,4.765,5000
2020-10-12 09:25:00.510,4.765,2000
2020-10-12 09:25:00.510,4.765,500
2020-10-12 09:25:00.510,4.765,41800
2020-10-12 09:25:00.510,4.765,100
2020-10-12 09:25:00.510,4.765,3900
2020-10-12 09:25:00.510,4.765,2100
2020-10-12 09:25:00.510,4.765,10000
2020-10-12 09:25:00.510,4.765,4200
2020-10-12 09:25:00.510,4.765,2000
2020-10-12 09:25:00.510,4.765,5000
2020-10-12 09:25:00.510,4.765,26800
2020-10-12 09:25:00.510,4.765,300
2020-10-12 09:25:00.510,4.765,3000
2020-10-12 09:25:00.510,4.765,100
2020-10-12 09:25:00.510,4.765,600
2020-10-12 09:25:00.510,4.765,100
2020-10-12 09:25:00.510,4.765,100
2020-10-12 09:25:00.510,4.765,100
2020-10-12 09:25:00.510,4.765,4800
2020-10-12 09:25:00.510,4.765,800
2020-10-12 09:25:00.510,4.765,1600
2020-10-12 09:25:00.510,4.765,1600
2020-10-12 09:25:00.510,4.765,200
2020-10-12 09:25:00.510,4.765,400
2020-10-12 09:25:00.510,4.765,600
2020-10-12 09:25:00.510,4.765,100
2020-10-12 09:25:00.510,4.765,100
2020-10-12 09:25:00.510,4.765,1100
2020-10-12 09:25:00.510,4.765,200
2020-10-12 09:25:00.510,4.765,100
2020-10-12 09:25:00.510,4.765,100
2020-10-12 09:25:00.510,4.765,400
2020-10-12 09:25:00.510,4.765,100
2020-10-12 09:25:00.510,4.765,100
2020-10-12 09:25:00.510,4.765,200
2020-10-12 09:25:00.510,4.765,100
2020-10-12 09:25:00.510,4.765,700
2020-10-12 09:25:00.510,4.765,1000
2020-10-12 09:25:00.510,4.765,100
2020-10-12 09:25:00.510,4.765,100
2020-10-12 09:25:00.510,4.765,100
2020-10-12 09:25:00.510,4.765,100
2020-10-12 09:25:00.510,4.765,6900
2020-10-12 09:25:00.510,4.765,3100
2020-10-12 09:25:00.510,4.765,100
2020-10-12 09:25:00.510,4.765,100
2020-10-12 09:25:00.510,4.765,100
2020-10-12 09:25:00.510,4.765,1600
2020-10-12 09:25:00.510,4.765,1100
2020-10-12 09:25:00.510,4.765,100
2020-10-12 09:25:00.510,4.765,100
2020-10-12 09:25:00.510,4.765,400
2020-10-12 09:25:00.510,4.765,100
2020-10-12 09:25:00.510,4.765,100
2020-10-12 09:25:00.510,4.765,100
2020-10-12 09:25:00.510,4.765,100
2020-10-12 09:25:00.510,4.765,100
2020-10-12 09:25:00.510,4.765,200
2020-10-12 09:25:00.510,4.765,600
2020-10-12 09:25:00.510,4.765,600
2020-10-12 09:25:00.510,4.765,700
2020-10-12 09:25:00.510,4.765,200
2020-10-12 09:25:00.510,4.765,100
2020-10-12 09:25:00.510,4.765,400
2020-10-12 09:25:00.510,4.765,800
2020-10-12 09:25:00.510,4.765,200
2020-10-12 09:25:00.510,4.765,500
2020-10-12 09:25:00.510,4.765,200
2020-10-12 09:25:00.510,4.765,3800
2020-10-12 09:25:00.510,4.765,300
2020-10-12 09:25:00.510,4.765,200
2020-10-12 09:25:00.510,4.765,200
2020-10-12 09:25:00.510,4.765,100
2020-10-12 09:25:00.510,4.765,700
2020-10-12 09:25:00.510,4.765,200
2020-10-12 09:25:00.510,4.765,400
2020-10-12 09:25:00.510,4.765,100
2020-10-12 09:25:00.510,4.765,100
2020-10-12 09:25:00.510,4.765,800
2020-10-12 09:25:00.510,4.765,100
2020-10-12 09:25:00.510,4.765,200
2020-10-12 09:25:00.510,4.765,100
2020-10-12 09:25:00.510,4.765,500
2020-10-12 09:25:00.510,4.765,300
2020-10-12 09:25:00.510,4.765,2500
2020-10-12 09:25:00.510,4.765,200
2020-10-12 09:25:00.510,4.765,700
2020-10-12 09:25:00.510,4.765,100
2020-10-12 09:25:00.510,4.765,300
2020-10-12 09:25:00.510,4.765,200
2020-10-12 09:25:00.510,4.765,200
2020-10-12 09:25:00.510,4.765,400
2020-10-12 09:25:00.510,4.765,900
2020-10-12 09:25:00.510,4.765,700
2020-10-12 09:25:00.510,4.765,100
2020-10-12 09:25:00.510,4.765,100
2020-10-12 09:25:00.510,4.765,200
2020-10-12 09:25:00.510,4.765,32100
2020-10-12 09:25:00.510,4.765,5200
2020-10-12 09:25:00.510,4.765,100
2020-10-12 09:25:00.510,4.765,15300
2020-10-12 09:25:00.510,4.765,3700
2020-10-12 09:25:00.510,4.765,2400
2020-10-12 09:25:00.510,4.765,300
2020-10-12 09:25:00.510,4.765,300
2020-10-12 09:25:00.510,4.765,4400
2020-10-12 09:25:00.510,4.765,100
2020-10-12 09:25:00.510,4.765,100
2020-10-12 09:25:00.510,4.765,700
2020-10-12 09:25:00.510,4.765,400
2020-10-12 09:25:00.510,4.765,4300
2020-10-12 09:25:00.510,4.765,3300
2020-10-12 09:25:00.510,4.765,300
2020-10-12 09:25:00.510,4.765,2000
2020-10-12 09:25:00.510,4.765,3300
2020-10-12 09:25:00.510,4.765,2000
2020-10-12 09:25:00.510,4.765,2500
2020-10-12 09:25:00.510,4.765,100
2020-10-12 09:25:00.510,4.765,4000
2020-10-12 09:25:00.510,4.765,400
2020-10-12 09:25:00.510,4.765,200
2020-10-12 09:25:00.510,4.765,100
2020-10-12 09:25:00.510,4.765,200
2020-10-12 09:25:00.510,4.765,100
2020-10-12 09:25:00.510,4.765,200
2020-10-12 09:25:00.510,4.765,400
2020-10-12 09:25:00.510,4.765,100
2020-10-12 09:25:00.510,4.765,700
2020-10-12 09:25:00.510,4.765,200
2020-10-12 09:25:00.510,4.765,500
2020-10-12 09:25:00.510,4.765,900
2020-10-12 09:25:00.510,4.765,61800
2020-10-12 09:25:00.510,4.765,10000
2020-10-12 09:25:00.510,4.765,19000
2020-10-12 09:25:00.510,4.765,2000
2020-10-12 09:25:00.510,4.765,60000
2020-10-12 09:25:00.510,4.765,1500
2020-10-12 09:25:00.510,4.765,750000
2020-10-12 09:25:00.510,4.765,2100
2020-10-12 09:25:00.510,4.765,2300
2020-10-12 09:25:00.510,4.765,4300
2020-10-12 09:25:00.510,4.765,100
2020-10-12 09:25:00.510,4.765,1000
2020-10-12 09:25:00.510,4.765,10000
2020-10-12 09:25:00.510,4.765,600
2020-10-12 09:25:00.510,4.765,300
2020-10-12 09:25:00.510,4.765,29000
2020-10-12 09:25:00.510,4.765,2000
2020-10-12 09:25:00.510,4.765,36600
2020-10-12 09:25:00.510,4.765,6000
2020-10-12 09:25:00.510,4.765,6000
2020-10-12 09:25:00.510,4.765,100
2020-10-12 09:25:00.510,4.765,100
2020-10-12 09:25:00.510,4.765,500
2020-10-12 09:25:00.510,4.765,200
2020-10-12 09:25:00.510,4.765,300
2020-10-12 09:25:00.510,4.765,10000
2020-10-12 09:25:00.510,4.765,500
2020-10-12 09:25:00.510,4.765,35000
2020-10-12 09:25:00.510,4.765,500
2020-10-12 09:25:00.510,4.765,500
2020-10-12 09:25:00.510,4.765,100
2020-10-12 09:25:00.510,4.765,2000
2020-10-12 09:25:00.510,4.765,4000
2020-10-12 09:25:00.510,4.765,100
2020-10-12 09:25:00.510,4.765,2300
2020-10-12 09:25:00.510,4.765,12100
2020-10-12 09:25:00.510,4.765,300
2020-10-12 09:25:00.510,4.765,1100
2020-10-12 09:25:00.510,4.765,300
2020-10-12 09:25:00.510,4.765,3000
2020-10-12 09:25:00.510,4.765,2000
2020-10-12 09:25:00.510,4.765,300
2020-10-12 09:25:00.510,4.765,1000
2020-10-12 09:25:00.510,4.765,5000
2020-10-12 09:25:00.510,4.765,300
2020-10-12 09:25:00.510,4.765,2000
2020-10-12 09:25:00.510,4.765,2000
2020-10-12 09:25:00.510,4.765,500
2020-10-12 09:25:00.510,4.765,6000
2020-10-12 09:25:00.510,4.765,6000
2020-10-12 09:25:00.510,4.765,500
2020-10-12 09:25:00.510,4.765,100
2020-10-12 09:25:00.510,4.765,100
2020-10-12 09:25:00.510,4.765,100
2020-10-12 09:25:00.510,4.765,200
2020-10-12 09:25:00.510,4.765,4200
2020-10-12 09:25:00.510,4.765,2000
2020-10-12 09:25:00.510,4.765,2000
2020-10-12 09:25:00.510,4.765,200
2020-10-12 09:25:00.510,4.765,1000
2020-10-12 09:25:00.510,4.765,600
2020-10-12 09:25:00.510,4.765,3000
2020-10-12 09:25:00.510,4.765,500
2020-10-12 09:25:00.510,4.765,15000
2020-10-12 09:25:00.510,4.765,300
2020-10-12 09:25:00.510,4.765,500
2020-10-12 09:25:00.510,4.765,4000
2020-10-12 09:25:00.510,4.765,2000
2020-10-12 09:25:00.510,4.765,5000
2020-10-12 09:25:00.510,4.765,10000
2020-10-12 09:25:00.510,4.765,300
2020-10-12 09:25:00.510,4.765,500
2020-10-12 09:25:00.510,4.765,100
2020-10-12 09:25:00.510,4.765,200
2020-10-12 09:25:00.510,4.765,16200
2020-10-12 09:25:00.510,4.765,2000
2020-10-12 09:25:00.510,4.765,2500
2020-10-12 09:25:00.510,4.765,6000
2020-10-12 09:25:00.510,4.765,10000
2020-10-12 09:25:00.510,4.765,200
2020-10-12 09:25:00.510,4.765,300
2020-10-12 09:25:00.510,4.765,700
2020-10-12 09:25:00.510,4.765,2000
2020-10-12 09:25:00.510,4.765,30000
2020-10-12 09:25:00.510,4.765,8300
2020-10-12 09:25:00.510,4.765,1000
2020-10-12 09:25:00.510,4.765,20000
2020-10-12 09:25:00.510,4.765,100
2020-10-12 09:25:00.510,4.765,10800
2020-10-12 09:25:00.510,4.765,2000
2020-10-12 09:25:00.510,4.765,200
2020-10-12 09:25:00.510,4.765,6000
2020-10-12 09:25:00.510,4.765,200
2020-10-12 09:25:00.510,4.765,2600
2020-10-12 09:25:00.510,4.765,7000
2020-10-12 09:25:00.510,4.765,10000
2020-10-12 09:25:00.510,4.765,2000
2020-10-12 09:25:00.510,4.765,300
2020-10-12 09:25:00.510,4.765,10000
2020-10-12 09:25:00.510,4.765,20000
2020-10-12 09:25:00.510,4.765,200
2020-10-12 09:25:00.510,4.765,100
2020-10-12 09:25:00.510,4.765,500
2020-10-12 09:25:00.510,4.765,23700
2020-10-12 09:25:00.510,4.765,18800
2020-10-12 09:25:00.510,4.765,300
2020-10-12 09:25:00.510,4.765,5000
2020-10-12 09:25:00.510,4.765,1000
2020-10-12 09:25:00.510,4.765,119900
2020-10-12 09:25:00.510,4.765,15000
2020-10-12 09:25:00.510,4.765,100
2020-10-12 09:25:00.510,4.765,50000
2020-10-12 09:25:00.510,4.765,700
2020-10-12 09:25:00.510,4.765,3000
2020-10-12 09:25:00.510,4.765,100
2020-10-12 09:25:00.510,4.765,7000
2020-10-12 09:25:00.510,4.765,500
2020-10-12 09:25:00.510,4.765,2000
2020-10-12 09:25:00.510,4.765,1000
2020-10-12 09:25:00.510,4.765,1400
2020-10-12 09:25:00.510,4.765,5000
2020-10-12 09:25:00.510,4.765,20000
2020-10-12 09:25:00.510,4.765,200
2020-10-12 09:25:00.510,4.765,300
2020-10-12 09:25:00.510,4.765,10000
2020-10-12 09:25:00.510,4.765,100
2020-10-12 09:25:00.510,4.765,2500
2020-10-12 09:25:00.510,4.765,1000
2020-10-12 09:25:00.510,4.765,400
2020-10-12 09:25:00.510,4.765,6000
2020-10-12 09:25:00.510,4.765,6000
2020-10-12 09:25:00.510,4.765,100
2020-10-12 09:25:00.510,4.765,100
2020-10-12 09:25:00.510,4.765,200
2020-10-12 09:25:00.510,4.765,100
2020-10-12 09:25:00.510,4.765,10000
2020-10-12 09:25:00.510,4.765,20000
2020-10-12 09:25:00.510,4.765,1000
2020-10-12 09:25:00.510,4.765,800
2020-10-12 09:25:00.510,4.765,10000
2020-10-12 09:25:00.510,4.765,10000
2020-10-12 09:25:00.510,4.765,500
2020-10-12 09:25:00.510,4.765,400
2020-10-12 09:25:00.510,4.765,4000
2020-10-12 09:25:00.510,4.765,300
2020-10-12 09:25:00.510,4.765,20000
2020-10-12 09:25:00.510,4.765,2500
2020-10-12 09:25:00.510,4.765,5000
2020-10-12 09:25:00.510,4.765,500
2020-10-12 09:25:00.510,4.765,200
2020-10-12 09:25:00.510,4.765,700
2020-10-12 09:25:00.510,4.765,2000
2020-10-12 09:25:00.510,4.765,100
2020-10-12 09:25:00.510,4.765,2200
2020-10-12 09:25:00.510,4.765,200
2020-10-12 09:25:00.510,4.765,30000
2020-10-12 09:25:00.510,4.765,40000
2020-10-12 09:25:00.510,4.765,7000
2020-10-12 09:25:00.510,4.765,100
2020-10-12 09:25:00.510,4.765,100
2020-10-12 09:25:00.510,4.765,2000
2020-10-12 09:25:00.510,4.765,1000
2020-10-12 09:25:00.510,4.765,50000
2020-10-12 09:25:00.510,4.765,700
2020-10-12 09:25:00.510,4.765,100
2020-10-12 09:25:00.510,4.765,3100
2020-10-12 09:25:00.510,4.765,5000
2020-10-12 09:25:00.510,4.765,1000
2020-10-12 09:25:00.510,4.765,2000
2020-10-12 09:25:00.510,4.765,3000
2020-10-12 09:25:00.510,4.765,30000
2020-10-12 09:25:00.510,4.765,4000
2020-10-12 09:25:00.510,4.765,100
2020-10-12 09:25:00.510,4.765,200
2020-10-12 09:25:00.510,4.765,6300
2020-10-12 09:25:00.510,4.765,1900
2020-10-12 09:25:00.510,4.765,200
2020-10-12 09:25:00.510,4.765,12000
2020-10-12 09:25:00.510,4.765,300
2020-10-12 09:30:00.290,4.766,5000
2020-10-12 09:30:00.290,4.766,100
2020-10-12 09:30:00.290,4.766,5000
2020-10-12 09:30:00.290,4.766,800
2020-10-12 09:30:00.290,4.766,5600
2020-10-12 09:30:00.330,4.765,600
2020-10-12 09:30:00.330,4.765,5400
2020-10-12 09:30:00.330,4.766,500
2020-10-12 09:30:00.330,4.765,30000
2020-10-12 09:30:00.330,4.764,6700
2020-10-12 09:30:00.430,4.766,200
2020-10-12 09:30:00.530,4.766,5700
2020-10-12 09:30:00.530,4.766,6800
2020-10-12 09:30:00.530,4.766,3200
2020-10-12 09:30:00.530,4.766,100
2020-10-12 09:30:00.530,4.767,200
2020-10-12 09:30:00.530,4.767,5000
2020-10-12 09:30:00.530,4.767,3000
2020-10-12 09:30:00.530,4.767,300
2020-10-12 09:30:00.530,4.767,1500
2020-10-12 09:30:00.530,4.766,3200
2020-10-12 09:30:00.530,4.765,1000
2020-10-12 09:30:00.650,4.765,5000
2020-10-12 09:30:00.650,4.765,5300
2020-10-12 09:30:00.650,4.765,4000
2020-10-12 09:30:00.650,4.765,100
2020-10-12 09:30:00.880,4.764,300
2020-10-12 09:30:00.990,4.764,200
2020-10-12 09:30:00.990,4.764,1900
2020-10-12 09:30:01.110,4.765,900
2020-10-12 09:30:01.110,4.765,21100
2020-10-12 09:30:01.110,4.765,8900
2020-10-12 09:30:01.110,4.765,1100
2020-10-12 09:30:01.110,4.765,1000
2020-10-12 09:30:01.230,4.765,200
2020-10-12 09:30:01.230,4.765,2000
2020-10-12 09:30:01.340,4.765,500
2020-10-12 09:30:01.340,4.765,35200
2020-10-12 09:30:01.340,4.765,100
2020-10-12 09:30:01.340,4.765,5000
2020-10-12 09:30:01.340,4.765,1500
2020-10-12 09:30:01.340,4.765,48000
2020-10-12 09:30:01.340,4.765,400
2020-10-12 09:30:01.340,4.765,3200
2020-10-12 09:30:01.340,4.765,1400
2020-10-12 09:30:01.340,4.765,5000
2020-10-12 09:30:01.340,4.765,6000
2020-10-12 09:30:01.340,4.765,10000
2020-10-12 09:30:01.340,4.765,4200
2020-10-12 09:30:01.450,4.765,100
2020-10-12 09:30:01.450,4.765,2000
2020-10-12 09:30:01.560,4.765,1000
2020-10-12 09:30:01.560,4.765,2200
2020-10-12 09:30:01.560,4.765,2700
2020-10-12 09:30:01.560,4.765,73400
2020-10-12 09:30:01.560,4.765,100
2020-10-12 09:30:01.560,4.765,1000
2020-10-12 09:30:01.560,4.765,25500
2020-10-12 09:30:01.560,4.765,4200
2020-10-12 09:30:01.560,4.765,2500
2020-10-12 09:30:01.560,4.765,10000
2020-10-12 09:30:01.560,4.765,10000
2020-10-12 09:30:01.560,4.766,2900
2020-10-12 09:30:01.560,4.766,62400
2020-10-12 09:30:01.560,4.766,3000
2020-10-12 09:30:01.560,4.766,800
2020-10-12 09:30:01.560,4.767,500
2020-10-12 09:30:01.560,4.767,9000
2020-10-12 09:30:01.560,4.767,10000
2020-10-12 09:30:01.560,4.767,3000
2020-10-12 09:30:01.560,4.768,100
2020-10-12 09:30:01.560,4.768,1100
2020-10-12 09:30:01.560,4.768,10000
2020-10-12 09:30:01.560,4.768,3000
2020-10-12 09:30:01.560,4.768,1500
2020-10-12 09:30:01.560,4.768,25000
2020-10-12 09:30:01.560,4.768,3000
2020-10-12 09:30:01.560,4.768,3000
2020-10-12 09:30:01.560,4.768,100
2020-10-12 09:30:01.560,4.768,42600
2020-10-12 09:30:01.680,4.764,900
2020-10-12 09:30:01.680,4.764,2100
2020-10-12 09:30:01.680,4.765,1000
2020-10-12 09:30:01.680,4.765,1000
2020-10-12 09:30:01.680,4.766,5800
2020-10-12 09:30:01.680,4.768,532500
2020-10-12 09:30:01.790,4.766,1000
2020-10-12 09:30:01.900,4.766,1200
2020-10-12 09:30:01.900,4.766,2800
2020-10-12 09:30:01.900,4.766,14000
2020-10-12 09:30:01.900,4.767,400
2020-10-12 09:30:01.900,4.765,2600
2020-10-12 09:30:01.900,4.765,2300
2020-10-12 09:30:01.900,4.766,1000
2020-10-12 09:30:02.140,4.765,600
2020-10-12 09:30:02.140,4.765,1000
2020-10-12 09:30:02.140,4.764,7700
2020-10-12 09:30:02.140,4.766,20000
2020-10-12 09:30:02.140,4.766,500
2020-10-12 09:30:02.140,4.765,100
2020-10-12 09:30:02.140,4.765,3000
2020-10-12 09:30:02.140,4.765,200
2020-10-12 09:30:02.250,4.765,2000
2020-10-12 09:30:02.250,4.764,5200
2020-10-12 09:30:02.250,4.764,500
2020-10-12 09:30:02.250,4.763,800
2020-10-12 09:30:02.250,4.765,700
2020-10-12 09:30:02.250,4.766,500
2020-10-12 09:30:02.480,4.765,1600
2020-10-12 09:30:02.480,4.765,4700
2020-10-12 09:30:02.480,4.765,15300
2020-10-12 09:30:02.480,4.765,10000
2020-10-12 09:30:02.480,4.765,1400
2020-10-12 09:30:02.480,4.765,12500
2020-10-12 09:30:02.590,4.765,800
2020-10-12 09:30:02.590,4.765,800
2020-10-12 09:30:02.590,4.765,1700
2020-10-12 09:30:02.590,4.766,1500
2020-10-12 09:30:02.710,4.766,3500
2020-10-12 09:30:02.710,4.766,2300
2020-10-12 09:30:02.710,4.767,1000
2020-10-12 09:30:02.710,4.766,1000
2020-10-12 09:30:02.820,4.767,5000
2020-10-12 09:30:02.820,4.766,8000
2020-10-12 09:30:02.820,4.767,3600
2020-10-12 09:30:02.820,4.767,3000
2020-10-12 09:30:02.820,4.767,5000
2020-10-12 09:30:02.820,4.767,8300
2020-10-12 09:30:02.820,4.767,3000
2020-10-12 09:30:02.950,4.767,300
2020-10-12 09:30:02.950,4.767,40000
2020-10-12 09:30:03.180,4.767,1500
2020-10-12 09:30:03.180,4.767,2100
2020-10-12 09:30:03.180,4.767,1000
2020-10-12 09:30:03.180,4.767,200
2020-10-12 09:30:03.300,4.767,800
2020-10-12 09:30:03.300,4.767,5000
2020-10-12 09:30:03.300,4.768,10000
2020-10-12 09:30:03.300,4.767,46900
2020-10-12 09:30:03.480,4.767,1500
2020-10-12 09:30:03.530,4.767,10000
2020-10-12 09:30:03.530,4.768,41700
2020-10-12 09:30:03.650,4.767,10000
2020-10-12 09:30:03.650,4.768,187100
2020-10-12 09:30:03.650,4.767,4000
2020-10-12 09:30:03.650,4.767,2300
2020-10-12 09:30:03.770,4.768,200
2020-10-12 09:30:03.770,4.767,1500
2020-10-12 09:30:03.770,4.766,900
2020-10-12 09:30:03.770,4.766,600
2020-10-12 09:30:03.770,4.766,10000
2020-10-12 09:30:03.880,4.767,8600
2020-10-12 09:30:03.880,4.766,1400
2020-10-12 09:30:03.880,4.766,14000
2020-10-12 09:30:03.880,4.766,23400
2020-10-12 09:30:03.880,4.766,3000
2020-10-12 09:30:03.880,4.766,5000
2020-10-12 09:30:03.880,4.766,2000
2020-10-12 09:30:04.000,4.766,2000
2020-10-12 09:30:04.000,4.768,4000
2020-10-12 09:30:04.000,4.768,2200
2020-10-12 09:30:04.000,4.766,3000
2020-10-12 09:30:04.000,4.766,15400
2020-10-12 09:30:04.000,4.766,2000
2020-10-12 09:30:04.000,4.766,1900
2020-10-12 09:30:04.000,4.768,2500
2020-10-12 09:30:04.110,4.767,15000
2020-10-12 09:30:04.230,4.767,1000
2020-10-12 09:30:04.290,4.767,2900
2020-10-12 09:30:04.290,4.768,3000
2020-10-12 09:30:04.290,4.767,10000
2020-10-12 09:30:04.360,4.768,2500
2020-10-12 09:30:04.360,4.767,6500
2020-10-12 09:30:04.360,4.767,3000
2020-10-12 09:30:04.360,4.768,10000
2020-10-12 09:30:04.360,4.767,10000
2020-10-12 09:30:04.360,4.767,4000
2020-10-12 09:30:04.360,4.767,2000
2020-10-12 09:30:04.470,4.767,300
2020-10-12 09:30:04.470,4.767,500
2020-10-12 09:30:04.470,4.767,2400
2020-10-12 09:30:04.470,4.767,2100
2020-10-12 09:30:04.590,4.767,1000
2020-10-12 09:30:04.590,4.767,5000
2020-10-12 09:30:04.590,4.767,9300
2020-10-12 09:30:04.590,4.766,700
2020-10-12 09:30:04.730,4.766,177600
2020-10-12 09:30:04.730,4.766,5000
2020-10-12 09:30:04.730,4.766,2100
2020-10-12 09:30:04.730,4.766,3000
2020-10-12 09:30:04.730,4.766,27100
2020-10-12 09:30:04.730,4.766,85200
2020-10-12 09:30:04.850,4.768,2500
2020-10-12 09:30:04.920,4.766,5900
2020-10-12 09:30:05.040,4.766,4100
2020-10-12 09:30:05.040,4.766,13500
2020-10-12 09:30:05.150,4.766,400
2020-10-12 09:30:05.150,4.767,2600
2020-10-12 09:30:05.150,4.768,2400
2020-10-12 09:30:05.340,4.766,900
2020-10-12 09:30:05.340,4.766,100
2020-10-12 09:30:05.470,4.766,1900
2020-10-12 09:30:05.470,4.766,100
2020-10-12 09:30:05.570,4.766,2000
2020-10-12 09:30:05.570,4.766,100
2020-10-12 09:30:05.570,4.766,2800
2020-10-12 09:30:05.570,4.766,200
2020-10-12 09:30:05.570,4.766,800
2020-10-12 09:30:05.570,4.766,4200
2020-10-12 09:30:05.570,4.766,2000
2020-10-12 09:30:05.570,4.768,400
2020-10-12 09:30:05.780,4.766,300
2020-10-12 09:30:05.780,4.766,5000
2020-10-12 09:30:05.780,4.766,22700
2020-10-12 09:30:05.780,4.766,2000
2020-10-12 09:30:05.780,4.766,5000
2020-10-12 09:30:05.780,4.766,2000
2020-10-12 09:30:05.780,4.766,300
2020-10-12 09:30:05.780,4.766,300
2020-10-12 09:30:05.780,4.766,300
2020-10-12 09:30:05.780,4.766,11200
2020-10-12 09:30:05.780,4.766,3000
2020-10-12 09:30:05.780,4.766,6000
2020-10-12 09:30:05.780,4.766,18000
2020-10-12 09:30:05.780,4.766,200
2020-10-12 09:30:05.780,4.768,1000
2020-10-12 09:30:05.900,4.767,800
2020-10-12 09:30:06.010,4.767,30000
2020-10-12 09:30:06.010,4.766,21800
2020-10-12 09:30:06.010,4.766,12000
2020-10-12 09:30:06.010,4.766,3000
2020-10-12 09:30:06.010,4.766,12600
2020-10-12 09:30:06.010,4.766,1000
2020-10-12 09:30:06.010,4.766,3000
2020-10-12 09:30:06.010,4.766,10000
2020-10-12 09:30:06.010,4.766,9000
2020-10-12 09:30:06.010,4.766,9900
2020-10-12 09:30:06.010,4.768,5800
2020-10-12 09:30:06.070,4.766,2000
2020-10-12 09:30:06.070,4.768,10500
2020-10-12 09:30:06.070,4.766,2500
2020-10-12 09:30:06.070,4.766,5000
2020-10-12 09:30:06.070,4.766,600
2020-10-12 09:30:06.070,4.766,400
2020-10-12 09:30:06.070,4.766,100
2020-10-12 09:30:06.070,4.766,2000
2020-10-12 09:30:06.070,4.766,2000
2020-10-12 09:30:06.070,4.766,600
2020-10-12 09:30:06.070,4.766,1000
2020-10-12 09:30:06.070,4.766,100
2020-10-12 09:30:06.070,4.766,500
2020-10-12 09:30:06.070,4.765,23700
2020-10-12 09:30:06.070,4.765,100
2020-10-12 09:30:06.170,4.765,16100
2020-10-12 09:30:06.170,4.765,35000
2020-10-12 09:30:06.370,4.767,100
2020-10-12 09:30:06.370,4.767,1000
2020-10-12 09:30:06.370,4.767,900
2020-10-12 09:30:06.370,4.766,500
2020-10-12 09:30:06.370,4.766,10000
2020-10-12 09:30:06.370,4.765,2300
2020-10-12 09:30:06.370,4.765,19500
2020-10-12 09:30:06.370,4.765,500
2020-10-12 09:30:06.370,4.768,300
2020-10-12 09:30:06.370,4.765,700
2020-10-12 09:30:06.480,4.765,100
2020-10-12 09:30:06.480,4.766,200
2020-10-12 09:30:06.530,4.765,2700
2020-10-12 09:30:06.530,4.765,1000
2020-10-12 09:30:06.530,4.765,300
2020-10-12 09:30:06.530,4.765,500
2020-10-12 09:30:06.530,4.766,800
2020-10-12 09:30:06.530,4.767,3000
2020-10-12 09:30:06.530,4.767,2200
2020-10-12 09:30:06.530,4.768,9000
2020-10-12 09:30:06.610,4.766,2000
2020-10-12 09:30:06.610,4.766,1000
2020-10-12 09:30:06.660,4.766,2000
2020-10-12 09:30:06.660,4.768,200
2020-10-12 09:30:06.820,4.766,100
2020-10-12 09:30:06.820,4.766,500
2020-10-12 09:30:06.820,4.766,3000
2020-10-12 09:30:06.820,4.768,129600
2020-10-12 09:30:06.820,4.768,8800
2020-10-12 09:30:06.820,4.768,1200
2020-10-12 09:30:06.820,4.768,2000
2020-10-12 09:30:06.820,4.768,500
2020-10-12 09:30:06.820,4.768,1000
2020-10-12 09:30:06.820,4.768,5000
2020-10-12 09:30:06.820,4.768,3200
2020-10-12 09:30:06.820,4.768,25000
2020-10-12 09:30:06.820,4.768,10000
2020-10-12 09:30:06.820,4.768,300
2020-10-12 09:30:06.820,4.768,600
2020-10-12 09:30:06.820,4.769,3000
2020-10-12 09:30:06.820,4.769,300
2020-10-12 09:30:06.820,4.769,2000
2020-10-12 09:30:06.820,4.769,2400
2020-10-12 09:30:06.820,4.769,4000
2020-10-12 09:30:06.820,4.769,700
2020-10-12 09:30:06.820,4.769,26500
2020-10-12 09:30:06.820,4.769,3000
2020-10-12 09:30:06.820,4.769,1000
2020-10-12 09:30:06.820,4.769,1000
2020-10-12 09:30:06.820,4.769,17500
2020-10-12 09:30:06.820,4.769,20600
2020-10-12 09:30:06.820,4.769,24500
2020-10-12 09:30:06.820,4.769,500
2020-10-12 09:30:06.820,4.769,1000
2020-10-12 09:30:06.820,4.769,24500
2020-10-12 09:30:06.820,4.769,2000
2020-10-12 09:30:06.820,4.769,3000
2020-10-12 09:30:06.820,4.769,200
2020-10-12 09:30:06.820,4.769,1000
2020-10-12 09:30:06.820,4.769,1000
2020-10-12 09:30:06.820,4.769,500
2020-10-12 09:30:06.820,4.769,100
2020-10-12 09:30:06.820,4.769,1000
2020-10-12 09:30:06.820,4.769,23000
2020-10-12 09:30:06.820,4.769,3000
2020-10-12 09:30:06.820,4.769,1500
2020-10-12 09:30:06.820,4.769,100
2020-10-12 09:30:06.820,4.77,6000
2020-10-12 09:30:06.820,4.77,6000
2020-10-12 09:30:06.820,4.77,500
2020-10-12 09:30:06.820,4.77,1000
2020-10-12 09:30:06.820,4.77,500
2020-10-12 09:30:06.820,4.77,100
2020-10-12 09:30:06.820,4.77,15000
2020-10-12 09:30:06.820,4.77,400
2020-10-12 09:30:06.820,4.77,100
2020-10-12 09:30:06.820,4.77,200
2020-10-12 09:30:06.820,4.77,10000
2020-10-12 09:30:06.820,4.77,2000
2020-10-12 09:30:06.820,4.77,4600
2020-10-12 09:30:06.820,4.77,700
2020-10-12 09:30:06.820,4.77,10000
2020-10-12 09:30:06.820,4.77,3000
2020-10-12 09:30:06.820,4.77,100
2020-10-12 09:30:06.820,4.77,300
2020-10-12 09:30:06.820,4.77,1000
2020-10-12 09:30:06.820,4.77,5800
2020-10-12 09:30:06.820,4.77,300
2020-10-12 09:30:06.820,4.77,19900
2020-10-12 09:30:06.820,4.77,9800
2020-10-12 09:30:06.820,4.766,1200
2020-10-12 09:30:06.920,4.766,700
2020-10-12 09:30:06.920,4.766,300
2020-10-12 09:30:06.920,4.766,300
2020-10-12 09:30:06.920,4.765,300
2020-10-12 09:30:06.920,4.766,700
2020-10-12 09:30:06.980,4.769,1000
2020-10-12 09:30:06.980,4.769,400
2020-10-12 09:30:06.980,4.769,5000
2020-10-12 09:30:06.980,4.769,100
2020-10-12 09:30:06.980,4.769,1000
2020-10-12 09:30:07.440,4.77,100
2020-10-12 09:30:07.570,4.766,1300
2020-10-12 09:30:07.570,4.766,100
2020-10-12 09:30:07.570,4.766,12600
2020-10-12 09:30:07.600,4.768,1000
2020-10-12 09:30:07.710,4.768,50000
2020-10-12 09:30:07.760,4.768,200
2020-10-12 09:30:07.760,4.768,500
2020-10-12 09:30:07.910,4.768,200
2020-10-12 09:30:07.940,4.767,200
2020-10-12 09:30:07.940,4.767,200
2020-10-12 09:30:07.970,4.767,5000
2020-10-12 09:30:08.060,4.766,200
2020-10-12 09:30:08.190,4.766,100
2020-10-12 09:30:08.370,4.766,200
2020-10-12 09:30:08.580,4.766,100
2020-10-12 09:30:08.580,4.766,1900
2020-10-12 09:30:08.800,4.766,1100
2020-10-12 09:30:08.800,4.766,100
2020-10-12 09:30:08.800,4.766,200
2020-10-12 09:30:08.800,4.766,100
2020-10-12 09:30:08.800,4.766,600
2020-10-12 09:30:09.000,4.766,200
2020-10-12 09:30:09.270,4.766,2500
2020-10-12 09:30:09.560,4.766,1700
2020-10-12 09:30:09.830,4.766,3500
2020-10-12 09:30:10.340,4.766,1500
2020-10-12 09:30:10.340,4.766,400
2020-10-12 09:30:12.040,4.767,400
2020-10-12 09:30:12.040,4.767,100
2020-10-12 09:30:12.100,4.766,100
2020-10-12 09:30:12.100,4.766,2000
2020-10-12 09:30:12.100,4.766,500
2020-10-12 09:30:12.100,4.766,5600
2020-10-12 09:30:12.680,4.766,200
2020-10-12 09:30:12.680,4.766,400
2020-10-12 09:30:12.720,4.766,200
2020-10-12 09:30:12.720,4.766,2000
2020-10-12 09:30:12.720,4.766,2000
2020-10-12 09:30:12.720,4.766,500
2020-10-12 09:30:12.720,4.766,200
2020-10-12 09:30:12.720,4.765,1300
2020-10-12 09:30:12.720,4.765,2000
2020-10-12 09:30:12.720,4.765,2000
2020-10-12 09:30:12.760,4.766,200
2020-10-12 09:30:12.760,4.766,100
2020-10-12 09:30:12.760,4.766,100
2020-10-12 09:30:12.760,4.765,3600
2020-10-12 09:30:12.760,4.765,5000
2020-10-12 09:30:12.760,4.765,1000
2020-10-12 09:30:12.930,4.766,400
2020-10-12 09:30:12.930,4.766,100
2020-10-12 09:30:12.930,4.766,200
2020-10-12 09:30:12.930,4.765,3300
2020-10-12 09:30:12.960,4.766,100
2020-10-12 09:30:12.960,4.765,9700
2020-10-12 09:30:12.960,4.765,800
2020-10-12 09:30:12.960,4.765,2000
2020-10-12 09:30:12.960,4.765,2400
2020-10-12 09:30:12.960,4.765,25000
2020-10-12 09:30:12.960,4.765,100
2020-10-12 09:30:12.960,4.765,130500
2020-10-12 09:30:13.100,4.766,100
2020-10-12 09:30:13.100,4.765,900
2020-10-12 09:30:13.220,4.766,100
2020-10-12 09:30:13.430,4.766,500
2020-10-12 09:30:13.430,4.766,2000
2020-10-12 09:30:13.860,4.766,2000
2020-10-12 09:30:14.130,4.766,500
2020-10-12 09:30:14.330,4.766,3000
2020-10-12 09:30:14.630,4.766,600
2020-10-12 09:30:14.630,4.766,900
2020-10-12 09:30:14.860,4.766,5000
2020-10-12 09:30:17.230,4.766,10000
2020-10-12 09:30:17.260,4.767,1900
2020-10-12 09:30:17.260,4.767,2000
2020-10-12 09:30:17.260,4.767,6100
2020-10-12 09:30:17.430,4.766,500
2020-10-12 09:30:17.490,4.767,4400
2020-10-12 09:30:17.490,4.767,2000
2020-10-12 09:30:17.490,4.767,2000
2020-10-12 09:30:17.490,4.767,2000
2020-10-12 09:30:17.490,4.767,100
2020-10-12 09:30:17.490,4.767,10000
2020-10-12 09:30:17.490,4.767,10000
2020-10-12 09:30:17.490,4.767,2000
2020-10-12 09:30:17.490,4.767,2000
2020-10-12 09:30:17.760,4.767,600
2020-10-12 09:30:18.340,4.767,2000
2020-10-12 09:30:18.480,4.767,2000
2020-10-12 09:30:18.580,4.767,65000
2020-10-12 09:30:18.580,4.766,4100
2020-10-12 09:30:18.930,4.766,79500
2020-10-12 09:30:18.930,4.766,4200
2020-10-12 09:30:18.930,4.766,1000
2020-10-12 09:30:18.930,4.766,100
2020-10-12 09:30:18.930,4.766,3200
2020-10-12 09:30:18.930,4.766,8000
2020-10-12 09:30:18.930,4.766,10000
2020-10-12 09:30:18.930,4.766,4700
2020-10-12 09:30:18.930,4.766,200
2020-10-12 09:30:18.930,4.765,168600
2020-10-12 09:30:18.930,4.765,200
2020-10-12 09:30:18.930,4.765,600
2020-10-12 09:30:18.930,4.765,100
2020-10-12 09:30:18.930,4.765,100
2020-10-12 09:30:18.930,4.765,4800
2020-10-12 09:30:18.930,4.765,5000
2020-10-12 09:30:18.930,4.765,100
2020-10-12 09:30:18.930,4.765,1000
2020-10-12 09:30:18.930,4.765,2000
2020-10-12 09:30:18.930,4.765,100
2020-10-12 09:30:18.930,4.765,2000
2020-10-12 09:30:18.930,4.765,1000
2020-10-12 09:30:18.930,4.765,3500
2020-10-12 09:30:20.460,4.765,5000
2020-10-12 09:30:20.600,4.766,400
2020-10-12 09:30:21.120,4.765,1500
2020-10-12 09:30:21.120,4.765,1600
2020-10-12 09:30:21.120,4.765,100
2020-10-12 09:30:21.120,4.765,1000
2020-10-12 09:30:21.120,4.765,500
2020-10-12 09:30:21.120,4.765,100
2020-10-12 09:30:21.120,4.765,100
2020-10-12 09:30:21.120,4.765,100
2020-10-12 09:30:21.120,4.765,1900
2020-10-12 09:30:21.120,4.765,3100
2020-10-12 09:30:21.240,4.765,6900
2020-10-12 09:30:21.240,4.765,100
2020-10-12 09:30:21.240,4.765,2000
2020-10-12 09:30:21.240,4.765,2000
2020-10-12 09:30:21.240,4.765,200000
2020-10-12 09:30:21.240,4.765,200
2020-10-12 09:30:21.240,4.764,5000
2020-10-12 09:30:21.240,4.764,100
2020-10-12 09:30:21.240,4.763,200
2020-10-12 09:30:21.240,4.763,500
2020-10-12 09:30:21.240,4.763,2000
2020-10-12 09:30:21.240,4.763,500
2020-10-12 09:30:21.240,4.763,2000
2020-10-12 09:30:21.240,4.763,3000
2020-10-12 09:30:21.240,4.763,4300
2020-10-12 09:30:21.240,4.763,2200
2020-10-12 09:30:21.240,4.763,5000
2020-10-12 09:30:21.240,4.763,5000
2020-10-12 09:30:21.240,4.763,300
2020-10-12 09:30:21.240,4.763,300
2020-10-12 09:30:21.240,4.763,300
2020-10-12 09:30:21.240,4.763,56800
2020-10-12 09:30:21.240,4.763,1300
2020-10-12 09:30:21.740,4.766,2600
2020-10-12 09:30:21.740,4.766,2000
2020-10-12 09:30:21.740,4.766,1000
2020-10-12 09:30:21.910,4.766,400
2020-10-12 09:30:23.320,4.763,1000
2020-10-12 09:30:23.320,4.763,200
2020-10-12 09:30:23.320,4.763,8800
2020-10-12 09:30:23.350,4.763,700
2020-10-12 09:30:23.350,4.763,1300
2020-10-12 09:30:23.800,4.766,5600
2020-10-12 09:30:23.800,4.766,4400
2020-10-12 09:30:24.030,4.766,12500
2020-10-12 09:30:24.220,4.767,400
2020-10-12 09:30:24.720,4.767,1000
2020-10-12 09:30:25.180,4.767,100
2020-10-12 09:30:26.020,4.766,100
2020-10-12 09:30:26.210,4.766,4400
2020-10-12 09:30:26.240,4.765,10000
2020-10-12 09:30:26.730,4.765,600
2020-10-12 09:30:26.790,4.765,1000
2020-10-12 09:30:27.880,4.765,4000
2020-10-12 09:30:27.880,4.765,22700
2020-10-12 09:30:28.320,4.765,5000
2020-10-12 09:30:28.610,4.765,500
2020-10-12 09:30:28.820,4.765,11800
2020-10-12 09:30:28.820,4.765,5000
2020-10-12 09:30:28.820,4.766,3000
2020-10-12 09:30:28.820,4.766,200
2020-10-12 09:30:29.220,4.766,100
2020-10-12 09:30:29.620,4.765,100
2020-10-12 09:30:29.620,4.765,4300
2020-10-12 09:30:30.070,4.765,1100
2020-10-12 09:30:30.460,4.764,5300
2020-10-12 09:30:30.840,4.765,2000
2020-10-12 09:30:30.940,4.764,2500
2020-10-12 09:30:31.000,4.765,2500
2020-10-12 09:30:31.000,4.766,2500
2020-10-12 09:30:31.000,4.766,600
2020-10-12 09:30:31.000,4.766,1400
2020-10-12 09:30:31.250,4.764,10000
2020-10-12 09:30:32.640,4.765,2000
2020-10-12 09:30:33.070,4.765,5000
2020-10-12 09:30:33.230,4.766,400
2020-10-12 09:30:33.470,4.765,300000
2020-10-12 09:30:33.540,4.766,2000
2020-10-12 09:30:33.840,4.765,70800
2020-10-12 09:30:34.030,4.766,10000
2020-10-12 09:30:34.870,4.766,36200
2020-10-12 09:30:34.870,4.766,2600
2020-10-12 09:30:34.870,4.766,2000
2020-10-12 09:30:34.870,4.766,20000
2020-10-12 09:30:34.870,4.766,2300
2020-10-12 09:30:34.870,4.766,10000
2020-10-12 09:30:34.870,4.766,3800
2020-10-12 09:30:34.870,4.766,4500
2020-10-12 09:30:34.870,4.766,10100
2020-10-12 09:30:34.870,4.767,400
2020-10-12 09:30:34.870,4.767,200
2020-10-12 09:30:34.870,4.767,3000
2020-10-12 09:30:34.870,4.767,25000
2020-10-12 09:30:34.870,4.768,7000
2020-10-12 09:30:34.870,4.768,1500
2020-10-12 09:30:34.870,4.768,10100
2020-10-12 09:30:34.870,4.768,14900
2020-10-12 09:30:34.870,4.768,10000
2020-10-12 09:30:34.870,4.768,900
2020-10-12 09:30:34.870,4.768,4800
2020-10-12 09:30:34.870,4.768,28800
2020-10-12 09:30:34.870,4.768,25000
2020-10-12 09:30:34.960,4.768,300
2020-10-12 09:30:35.240,4.768,4500
2020-10-12 09:30:36.700,4.768,2000
2020-10-12 09:30:36.820,4.768,900
2020-10-12 09:30:37.100,4.768,75000
2020-10-12 09:30:37.330,4.768,20000
2020-10-12 09:30:37.550,4.768,10000
2020-10-12 09:30:37.890,4.768,3000
2020-10-12 09:30:38.140,4.768,300
2020-10-12 09:30:38.360,4.768,3000
2020-10-12 09:30:38.570,4.768,1000
2020-10-12 09:30:39.210,4.768,204600
2020-10-12 09:30:39.210,4.768,11300
2020-10-12 09:30:39.210,4.766,7300
2020-10-12 09:30:39.210,4.766,76800
2020-10-12 09:30:39.330,4.769,200
2020-10-12 09:30:39.330,4.769,9300
2020-10-12 09:30:39.400,4.766,10000
2020-10-12 09:30:39.520,4.766,100
2020-10-12 09:30:39.550,4.768,12000
2020-10-12 09:30:39.800,4.766,400
2020-10-12 09:30:39.940,4.766,1000
2020-10-12 09:30:41.390,4.766,38800
2020-10-12 09:30:41.880,4.766,300000
2020-10-12 09:30:41.880,4.767,4000
2020-10-12 09:30:41.880,4.768,43000
2020-10-12 09:30:41.880,4.768,2000
2020-10-12 09:30:41.880,4.768,1500
2020-10-12 09:30:41.880,4.768,600
2020-10-12 09:30:42.040,4.768,4300
2020-10-12 09:30:42.700,4.768,4600
2020-10-12 09:30:44.870,4.766,600
2020-10-12 09:30:45.760,4.768,1000
2020-10-12 09:30:45.760,4.768,2000
2020-10-12 09:30:45.760,4.768,5700
2020-10-12 09:30:46.120,4.767,100
2020-10-12 09:30:46.120,4.766,400
2020-10-12 09:30:46.240,4.766,14300
2020-10-12 09:30:46.690,4.767,100
2020-10-12 09:30:46.690,4.768,600
2020-10-12 09:30:46.960,4.767,1800
2020-10-12 09:30:47.020,4.767,8000
2020-10-12 09:30:47.540,4.768,900
2020-10-12 09:30:47.600,4.767,1000
2020-10-12 09:30:48.070,4.768,700
2020-10-12 09:30:48.410,4.767,49200
2020-10-12 09:30:48.410,4.767,200
2020-10-12 09:30:48.900,4.766,400
2020-10-12 09:30:49.150,4.767,900
2020-10-12 09:30:49.350,4.766,2000
2020-10-12 09:30:49.660,4.767,600
2020-10-12 09:30:49.810,4.767,29200
2020-10-12 09:30:49.990,4.767,500
2020-10-12 09:30:50.820,4.768,10000
2020-10-12 09:30:50.880,4.768,15900
2020-10-12 09:30:51.080,4.767,1300
2020-10-12 09:30:51.080,4.766,10000
2020-10-12 09:30:51.300,4.767,600
2020-10-12 09:30:51.520,4.766,45200
2020-10-12 09:30:51.520,4.766,4000
2020-10-12 09:30:51.520,4.766,2000
2020-10-12 09:30:51.520,4.765,122200
2020-10-12 09:30:51.520,4.765,10000
2020-10-12 09:30:51.520,4.765,3900
2020-10-12 09:30:51.520,4.765,500
2020-10-12 09:30:51.520,4.765,1600
2020-10-12 09:30:51.520,4.765,300
2020-10-12 09:30:51.520,4.764,10700
2020-10-12 09:30:51.520,4.764,23100
2020-10-12 09:30:51.520,4.763,700
2020-10-12 09:30:51.520,4.763,109200
2020-10-12 09:30:51.940,4.767,9700
2020-10-12 09:30:52.000,4.767,4000
2020-10-12 09:30:52.770,4.768,300
2020-10-12 09:30:52.800,4.767,4700
2020-10-12 09:30:53.970,4.766,19900
2020-10-12 09:30:54.220,4.768,100
2020-10-12 09:30:54.330,4.768,300
2020-10-12 09:30:54.420,4.768,400
2020-10-12 09:30:54.480,4.767,5500
2020-10-12 09:30:54.480,4.766,3000
2020-10-12 09:30:54.780,4.766,10000
2020-10-12 09:30:55.450,4.766,20000
2020-10-12 09:30:55.480,4.766,600
2020-10-12 09:30:56.510,4.766,5000
2020-10-12 09:30:56.540,4.767,10000
2020-10-12 09:30:56.840,4.766,5000
2020-10-12 09:30:57.330,4.767,14000
2020-10-12 09:30:57.360,4.766,9000
2020-10-12 09:30:57.490,4.766,1400
2020-10-12 09:30:57.490,4.766,12900
2020-10-12 09:30:57.490,4.765,2000
2020-10-12 09:30:57.490,4.765,10500
2020-10-12 09:30:57.730,4.765,200
2020-10-12 09:30:58.100,4.763,1000
2020-10-12 09:30:59.080,4.765,200
2020-10-12 09:30:59.840,4.765,1900
2020-10-12 09:30:59.840,4.766,1100
2020-10-12 09:31:00.040,4.766,2700
2020-10-12 09:31:00.330,4.766,6100
2020-10-12 09:31:00.390,4.766,3000
2020-10-12 09:31:00.390,4.766,2100
2020-10-12 09:31:00.390,4.766,100
2020-10-12 09:31:00.430,4.766,1000
2020-10-12 09:31:00.430,4.766,4000
2020-10-12 09:31:00.530,4.766,46700
2020-10-12 09:31:00.770,4.767,9800
2020-10-12 09:31:00.770,4.767,100
2020-10-12 09:31:00.770,4.767,10100
2020-10-12 09:31:00.770,4.767,500
2020-10-12 09:31:00.770,4.767,100
2020-10-12 09:31:00.770,4.767,10000
2020-10-12 09:31:00.770,4.767,20000
2020-10-12 09:31:00.770,4.767,5000
2020-10-12 09:31:00.770,4.767,1000
2020-10-12 09:31:00.770,4.767,10100
2020-10-12 09:31:00.770,4.767,5000
2020-10-12 09:31:00.770,4.767,700
2020-10-12 09:31:01.060,4.766,16300
2020-10-12 09:31:01.120,4.766,3700
2020-10-12 09:31:01.120,4.767,6300
2020-10-12 09:31:01.260,4.767,100
2020-10-12 09:31:01.380,4.766,200
2020-10-12 09:31:01.960,4.766,2000
2020-10-12 09:31:01.960,4.766,1400
2020-10-12 09:31:03.620,4.766,25900
2020-10-12 09:31:03.650,4.765,100
2020-10-12 09:31:03.650,4.764,5200
2020-10-12 09:31:03.680,4.766,10000
2020-10-12 09:31:04.470,4.765,400
2020-10-12 09:31:04.560,4.764,900
2020-10-12 09:31:04.770,4.765,900
2020-10-12 09:31:04.770,4.765,5400
2020-10-12 09:31:04.770,4.764,30500
2020-10-12 09:31:04.770,4.764,130700
2020-10-12 09:31:05.860,4.766,400
2020-10-12 09:31:06.790,4.764,100
2020-10-12 09:31:06.880,4.764,100
2020-10-12 09:31:07.000,4.764,10700
2020-10-12 09:31:07.000,4.764,2600
2020-10-12 09:31:07.000,4.766,4200
2020-10-12 09:31:07.600,4.766,300
2020-10-12 09:31:08.370,4.766,10000
2020-10-12 09:31:09.500,4.765,5000
2020-10-12 09:31:09.970,4.766,20000
2020-10-12 09:31:10.060,4.765,300
2020-10-12 09:31:10.270,4.765,4000
2020-10-12 09:31:10.630,4.766,200
2020-10-12 09:31:10.690,4.766,74300
2020-10-12 09:31:10.690,4.766,4300
2020-10-12 09:31:10.690,4.766,20000
2020-10-12 09:31:10.690,4.766,2000
2020-10-12 09:31:10.690,4.766,2200
2020-10-12 09:31:10.690,4.766,2000
2020-10-12 09:31:10.690,4.766,100
2020-10-12 09:31:10.690,4.766,11900
2020-10-12 09:31:10.690,4.766,2200
2020-10-12 09:31:10.690,4.766,5500
2020-10-12 09:31:11.230,4.767,1400
2020-10-12 09:31:11.650,4.766,5000
2020-10-12 09:31:11.810,4.766,200
2020-10-12 09:31:11.840,4.766,900
2020-10-12 09:31:13.020,4.767,36500
2020-10-12 09:31:13.020,4.767,2000
2020-10-12 09:31:13.020,4.767,10000
2020-10-12 09:31:13.020,4.767,100
2020-10-12 09:31:13.020,4.767,5000
2020-10-12 09:31:13.020,4.767,7000
2020-10-12 09:31:13.020,4.767,20000
2020-10-12 09:31:13.020,4.767,20000
2020-10-12 09:31:13.020,4.767,9500
2020-10-12 09:31:13.020,4.767,20000
2020-10-12 09:31:13.020,4.767,5000
2020-10-12 09:31:13.020,4.767,100
2020-10-12 09:31:13.020,4.767,179800
2020-10-12 09:31:13.020,4.767,120200
2020-10-12 09:31:13.020,4.767,3000
2020-10-12 09:31:13.020,4.767,1700
2020-10-12 09:31:13.020,4.767,600
2020-10-12 09:31:13.080,4.767,10000
2020-10-12 09:31:13.350,4.767,50000
2020-10-12 09:31:13.410,4.768,100
2020-10-12 09:31:13.470,4.768,9900
2020-10-12 09:31:13.470,4.768,5000
2020-10-12 09:31:13.470,4.768,5000
2020-10-12 09:31:13.470,4.768,10000
2020-10-12 09:31:13.470,4.768,3000
2020-10-12 09:31:13.470,4.768,5000
2020-10-12 09:31:13.470,4.768,2700
2020-10-12 09:31:13.470,4.768,800
2020-10-12 09:31:13.470,4.768,100
2020-10-12 09:31:13.470,4.768,258500
2020-10-12 09:31:13.590,4.768,300000
2020-10-12 09:31:13.590,4.768,500
2020-10-12 09:31:14.010,4.767,3000
2020-10-12 09:31:14.360,4.767,1600
2020-10-12 09:31:14.580,4.768,30000
2020-10-12 09:31:14.760,4.767,5000
2020-10-12 09:31:14.760,4.767,2000
2020-10-12 09:31:14.870,4.768,80000
2020-10-12 09:31:14.870,4.768,10000
2020-10-12 09:31:14.970,4.767,200
2020-10-12 09:31:15.210,4.767,500
2020-10-12 09:31:15.440,4.768,4600
2020-10-12 09:31:15.660,4.768,300000
2020-10-12 09:31:16.060,4.767,2200
2020-10-12 09:31:16.060,4.767,600
2020-10-12 09:31:16.220,4.768,16400
2020-10-12 09:31:16.220,4.768,5000
2020-10-12 09:31:16.220,4.768,25500
2020-10-12 09:31:16.220,4.768,66500
2020-10-12 09:31:16.620,4.768,30000
2020-10-12 09:31:16.900,4.767,4800
2020-10-12 09:31:16.960,4.768,300000
2020-10-12 09:31:16.960,4.768,1800
2020-10-12 09:31:17.020,4.768,101700
2020-10-12 09:31:17.020,4.768,3300
2020-10-12 09:31:17.020,4.768,600
2020-10-12 09:31:17.020,4.768,5000
2020-10-12 09:31:17.150,4.768,4200
2020-10-12 09:31:17.310,4.768,185200
2020-10-12 09:31:17.310,4.768,10000
2020-10-12 09:31:17.310,4.767,28800
2020-10-12 09:31:17.310,4.767,22200
2020-10-12 09:31:17.540,4.769,700
2020-10-12 09:31:17.540,4.769,1000
2020-10-12 09:31:17.540,4.769,200
2020-10-12 09:31:17.540,4.769,200
2020-10-12 09:31:17.540,4.769,1000
2020-10-12 09:31:17.540,4.769,4000
2020-10-12 09:31:17.540,4.769,2000
2020-10-12 09:31:17.540,4.769,5000
2020-10-12 09:31:17.540,4.769,2000
2020-10-12 09:31:17.540,4.769,100
2020-10-12 09:31:17.540,4.769,500
2020-10-12 09:31:17.540,4.769,4000
2020-10-12 09:31:17.540,4.769,2000
2020-10-12 09:31:17.540,4.769,22400
2020-10-12 09:31:17.540,4.769,2000
2020-10-12 09:31:17.540,4.769,100
2020-10-12 09:31:17.540,4.769,52800
2020-10-12 09:31:17.850,4.768,2200
2020-10-12 09:31:17.940,4.769,50000
2020-10-12 09:31:17.940,4.768,5000
2020-10-12 09:31:18.390,4.768,1000
2020-10-12 09:31:18.560,4.768,2000
2020-10-12 09:31:18.650,4.769,3900
2020-10-12 09:31:18.650,4.769,15000
2020-10-12 09:31:18.650,4.769,500
2020-10-12 09:31:18.770,4.77,100
2020-10-12 09:31:18.770,4.77,2000
2020-10-12 09:31:18.770,4.77,100
2020-10-12 09:31:18.770,4.77,1800
2020-10-12 09:31:18.770,4.77,20000
2020-10-12 09:31:18.770,4.77,2700
2020-10-12 09:31:18.770,4.77,300
2020-10-12 09:31:18.770,4.77,3000
2020-10-12 09:31:19.670,4.769,25000
2020-10-12 09:31:20.000,4.769,2100
2020-10-12 09:31:20.380,4.769,3500
2020-10-12 09:31:20.410,4.768,3200
2020-10-12 09:31:20.410,4.768,50000
2020-10-12 09:31:20.480,4.768,300
2020-10-12 09:31:20.770,4.769,2100
2020-10-12 09:31:21.300,4.768,1000
2020-10-12 09:31:21.400,4.768,300
2020-10-12 09:31:21.580,4.769,19400
2020-10-12 09:31:21.580,4.77,1000
2020-10-12 09:31:21.580,4.77,3000
2020-10-12 09:31:21.580,4.77,200
2020-10-12 09:31:21.580,4.77,2000
2020-10-12 09:31:21.580,4.77,10000
2020-10-12 09:31:21.580,4.77,2000
2020-10-12 09:31:21.580,4.77,2300
2020-10-12 09:31:21.580,4.77,1000
2020-10-12 09:31:21.580,4.77,500
2020-10-12 09:31:21.580,4.77,2000
2020-10-12 09:31:21.580,4.77,9500
2020-10-12 09:31:21.580,4.77,2500
2020-10-12 09:31:21.580,4.77,3000
2020-10-12 09:31:21.580,4.77,1000
2020-10-12 09:31:21.580,4.77,5000
2020-10-12 09:31:21.580,4.77,10000
2020-10-12 09:31:21.580,4.77,15000
2020-10-12 09:31:21.580,4.77,1500
2020-10-12 09:31:21.580,4.77,2500
2020-10-12 09:31:21.580,4.77,3300
2020-10-12 09:31:21.580,4.77,8000
2020-10-12 09:31:21.580,4.77,500
2020-10-12 09:31:21.580,4.77,3000
2020-10-12 09:31:21.580,4.77,800
2020-10-12 09:31:21.580,4.77,2100
2020-10-12 09:31:21.580,4.77,2000
2020-10-12 09:31:21.580,4.77,200
2020-10-12 09:31:21.580,4.77,1000
2020-10-12 09:31:21.580,4.77,3000
2020-10-12 09:31:21.580,4.77,5000
2020-10-12 09:31:21.580,4.77,477700
2020-10-12 09:31:22.040,4.769,2000
2020-10-12 09:31:22.240,4.769,3000
2020-10-12 09:31:22.670,4.769,1000
2020-10-12 09:31:22.760,4.77,22300
2020-10-12 09:31:22.760,4.77,1500
2020-10-12 09:31:22.760,4.77,1300
2020-10-12 09:31:22.760,4.77,100
2020-10-12 09:31:22.760,4.77,1000
2020-10-12 09:31:22.760,4.77,2000
2020-10-12 09:31:23.430,4.769,3800
2020-10-12 09:31:23.430,4.769,200
2020-10-12 09:31:23.430,4.769,300000
2020-10-12 09:31:23.430,4.769,433300
2020-10-12 09:31:23.590,4.77,1000
2020-10-12 09:31:23.590,4.77,10000
2020-10-12 09:31:23.590,4.77,700
2020-10-12 09:31:23.590,4.77,1000
2020-10-12 09:31:23.590,4.77,500
2020-10-12 09:31:23.590,4.77,200
2020-10-12 09:31:23.590,4.77,200
2020-10-12 09:31:24.030,4.77,10000
2020-10-12 09:31:24.060,4.77,4200
2020-10-12 09:31:24.160,4.77,1700
2020-10-12 09:31:24.630,4.771,10000
2020-10-12 09:31:24.630,4.771,3000
2020-10-12 09:31:24.630,4.771,100
2020-10-12 09:31:24.630,4.771,10000
2020-10-12 09:31:24.630,4.771,2500
2020-10-12 09:31:24.630,4.771,4400
2020-10-12 09:31:24.860,4.771,600
2020-10-12 09:31:24.860,4.771,1000
2020-10-12 09:31:24.860,4.771,300
2020-10-12 09:31:24.860,4.771,100
2020-10-12 09:31:24.860,4.771,5000
2020-10-12 09:31:24.860,4.771,100
2020-10-12 09:31:24.860,4.772,20000
2020-10-12 09:31:24.860,4.772,2400
2020-10-12 09:31:24.860,4.772,6000
2020-10-12 09:31:24.860,4.772,10000
2020-10-12 09:31:24.860,4.772,200
2020-10-12 09:31:24.860,4.772,700
2020-10-12 09:31:24.860,4.772,1000
2020-10-12 09:31:24.860,4.772,1000
2020-10-12 09:31:24.860,4.772,1800
2020-10-12 09:31:24.860,4.772,3000
2020-10-12 09:31:24.860,4.772,20000
2020-10-12 09:31:24.860,4.772,4600
2020-10-12 09:31:24.860,4.77,1400
2020-10-12 09:31:24.860,4.77,500
2020-10-12 09:31:25.220,4.77,100
2020-10-12 09:31:25.220,4.77,3000
2020-10-12 09:31:25.380,4.77,20000
2020-10-12 09:31:26.910,4.771,80400
2020-10-12 09:31:26.970,4.771,2000
2020-10-12 09:31:27.030,4.771,10000
2020-10-12 09:31:27.030,4.771,2000
2020-10-12 09:31:27.180,4.771,5000
2020-10-12 09:31:27.740,4.771,300
2020-10-12 09:31:27.770,4.771,600
2020-10-12 09:31:27.770,4.771,100
2020-10-12 09:31:27.770,4.771,1500
2020-10-12 09:31:27.830,4.771,200
2020-10-12 09:31:27.830,4.771,4100
2020-10-12 09:31:27.830,4.771,2000
2020-10-12 09:31:27.830,4.771,100
2020-10-12 09:31:27.830,4.771,5000
2020-10-12 09:31:27.830,4.771,1000
2020-10-12 09:31:27.830,4.771,1000
2020-10-12 09:31:28.280,4.772,6600
2020-10-12 09:31:28.280,4.772,4000
2020-10-12 09:31:28.280,4.772,200
2020-10-12 09:31:28.280,4.772,1000
2020-10-12 09:31:28.280,4.772,2000
2020-10-12 09:31:28.280,4.772,7000
2020-10-12 09:31:28.280,4.772,3900
2020-10-12 09:31:28.280,4.772,1000
2020-10-12 09:31:28.830,4.772,2500
2020-10-12 09:31:29.070,4.772,500
2020-10-12 09:31:29.560,4.772,5100
2020-10-12 09:31:29.950,4.772,200
2020-10-12 09:31:30.080,4.772,600
2020-10-12 09:31:30.140,4.772,200
2020-10-12 09:31:30.140,4.772,10000
2020-10-12 09:31:30.200,4.773,1100
2020-10-12 09:31:30.200,4.773,100
2020-10-12 09:31:30.200,4.773,2000
2020-10-12 09:31:30.200,4.773,500
2020-10-12 09:31:30.200,4.773,1200
2020-10-12 09:31:30.200,4.773,5300
2020-10-12 09:31:30.200,4.773,1200
2020-10-12 09:31:30.200,4.773,2000
2020-10-12 09:31:30.200,4.773,3000
2020-10-12 09:31:30.200,4.773,15000
2020-10-12 09:31:30.200,4.773,5200
2020-10-12 09:31:30.770,4.772,300
2020-10-12 09:31:30.770,4.772,20300
2020-10-12 09:31:31.100,4.773,3100
2020-10-12 09:31:31.100,4.773,5000
2020-10-12 09:31:31.100,4.773,50000
2020-10-12 09:31:31.100,4.773,800
2020-10-12 09:31:32.020,4.772,1000
2020-10-12 09:31:32.070,4.772,2100
2020-10-12 09:31:32.070,4.772,20000
2020-10-12 09:31:32.160,4.772,1000
2020-10-12 09:31:32.340,4.772,2100
2020-10-12 09:31:32.740,4.772,2100
2020-10-12 09:31:32.890,4.772,2000
2020-10-12 09:31:33.240,4.772,1900
2020-10-12 09:31:33.760,4.772,50000
2020-10-12 09:31:33.790,4.772,600
2020-10-12 09:31:34.620,4.772,2000
2020-10-12 09:31:34.870,4.773,4200
2020-10-12 09:31:34.870,4.773,18400
2020-10-12 09:31:34.870,4.773,4000
2020-10-12 09:31:34.870,4.773,100
2020-10-12 09:31:34.870,4.773,600
2020-10-12 09:31:35.520,4.773,30000
2020-10-12 09:31:35.950,4.773,200
2020-10-12 09:31:36.150,4.773,2000
2020-10-12 09:31:36.430,4.773,2000
2020-10-12 09:31:36.790,4.773,600
2020-10-12 09:31:37.560,4.773,1000
2020-10-12 09:31:37.600,4.773,2100
2020-10-12 09:31:38.110,4.773,171700
2020-10-12 09:31:38.110,4.773,5700
2020-10-12 09:31:38.110,4.773,8400
2020-10-12 09:31:38.110,4.773,100
2020-10-12 09:31:38.110,4.772,78500
2020-10-12 09:31:38.110,4.772,18500
2020-10-12 09:31:38.110,4.772,20900
2020-10-12 09:31:38.110,4.772,200
2020-10-12 09:31:38.110,4.772,5100
2020-10-12 09:31:38.110,4.772,10000
2020-10-12 09:31:38.110,4.772,1600
2020-10-12 09:31:40.360,4.772,10000
2020-10-12 09:31:40.610,4.771,500
2020-10-12 09:31:40.970,4.772,100000
2020-10-12 09:31:41.010,4.772,60000
2020-10-12 09:31:41.190,4.772,30000
2020-10-12 09:31:41.220,4.772,10100
2020-10-12 09:31:41.220,4.772,2000
2020-10-12 09:31:41.220,4.772,8000
2020-10-12 09:31:41.970,4.773,1000
2020-10-12 09:31:41.970,4.773,19400
2020-10-12 09:31:42.060,4.773,10000
2020-10-12 09:31:42.190,4.773,2200
2020-10-12 09:31:42.580,4.773,30000
2020-10-12 09:31:42.640,4.772,15400
2020-10-12 09:31:42.840,4.773,3000
2020-10-12 09:31:42.840,4.773,1000
2020-10-12 09:31:43.030,4.772,200
2020-10-12 09:31:43.090,4.773,8400
2020-10-12 09:31:43.150,4.773,1000
2020-10-12 09:31:43.340,4.772,2100
2020-10-12 09:31:43.590,4.773,700
2020-10-12 09:31:43.630,4.773,10000
2020-10-12 09:31:43.960,4.773,2500
2020-10-12 09:31:44.080,4.772,900
2020-10-12 09:31:44.320,4.773,2000
2020-10-12 09:31:44.360,4.773,500
2020-10-12 09:31:44.520,4.773,100
2020-10-12 09:31:44.760,4.772,10100
2020-10-12 09:31:45.320,4.772,50000
2020-10-12 09:31:45.760,4.772,32000
2020-10-12 09:31:45.830,4.772,800
2020-10-12 09:31:45.830,4.773,300
2020-10-12 09:31:46.010,4.772,10000
2020-10-12 09:31:46.160,4.772,4000
2020-10-12 09:31:46.490,4.773,25000
2020-10-12 09:31:46.520,4.772,2000
2020-10-12 09:31:46.970,4.772,1100
2020-10-12 09:31:47.150,4.773,3500
2020-10-12 09:31:47.810,4.773,7600
2020-10-12 09:31:48.070,4.772,2000
2020-10-12 09:31:48.640,4.772,5000
2020-10-12 09:31:49.340,4.772,2000
2020-10-12 09:31:49.680,4.772,2400
2020-10-12 09:31:49.770,4.773,2400
2020-10-12 09:31:49.990,4.772,1000
2020-10-12 09:31:50.110,4.772,10000
2020-10-12 09:31:50.110,4.772,10000
2020-10-12 09:31:50.760,4.772,4900
2020-10-12 09:31:50.950,4.772,14000
2020-10-12 09:31:50.950,4.772,30000
2020-10-12 09:31:50.950,4.772,1000
2020-10-12 09:31:50.950,4.772,5000
2020-10-12 09:31:51.000,4.772,39900
2020-10-12 09:31:51.460,4.773,20000
2020-10-12 09:31:51.550,4.773,17900
2020-10-12 09:31:51.620,4.772,5000
2020-10-12 09:31:51.650,4.772,3500
2020-10-12 09:31:51.710,4.772,4000
2020-10-12 09:31:51.770,4.773,20000
2020-10-12 09:31:51.770,4.773,20900
2020-10-12 09:31:51.770,4.772,2600
2020-10-12 09:31:51.770,4.772,20000
2020-10-12 09:31:51.770,4.772,200
2020-10-12 09:31:52.520,4.772,100
2020-10-12 09:31:52.640,4.772,11500
2020-10-12 09:31:52.640,4.772,800
2020-10-12 09:31:52.640,4.772,3000
2020-10-12 09:31:52.640,4.772,1000
2020-10-12 09:31:52.640,4.773,27000
2020-10-12 09:31:52.790,4.773,400
2020-10-12 09:31:52.970,4.772,2000
2020-10-12 09:31:53.130,4.772,100
2020-10-12 09:31:53.370,4.773,400
2020-10-12 09:31:53.430,4.772,1000
2020-10-12 09:31:53.680,4.772,10000
2020-10-12 09:31:53.680,4.773,5000
2020-10-12 09:31:53.740,4.773,20000
2020-10-12 09:31:53.890,4.773,500
2020-10-12 09:31:53.920,4.772,1000
2020-10-12 09:31:54.040,4.772,17700
2020-10-12 09:31:54.430,4.773,2100
2020-10-12 09:31:54.520,4.773,30000
2020-10-12 09:31:54.700,4.772,2900
2020-10-12 09:31:54.890,4.773,20000
2020-10-12 09:31:54.980,4.773,10000
2020-10-12 09:31:55.060,4.772,5000
2020-10-12 09:31:55.390,4.773,300000
2020-10-12 09:31:55.530,4.772,5000
2020-10-12 09:31:55.900,4.772,200
2020-10-12 09:31:56.120,4.772,15100
2020-10-12 09:31:56.120,4.772,6300
2020-10-12 09:31:56.180,4.772,8600
2020-10-12 09:31:56.180,4.773,1400
2020-10-12 09:31:56.490,4.773,100
2020-10-12 09:31:56.580,4.772,400
2020-10-12 09:31:56.740,4.771,7000
2020-10-12 09:31:56.820,4.772,600
2020-10-12 09:31:56.820,4.772,500
2020-10-12 09:31:56.820,4.772,4400
2020-10-12 09:31:56.970,4.773,2000
2020-10-12 09:31:57.070,4.772,10000
2020-10-12 09:31:57.410,4.772,100
2020-10-12 09:31:57.670,4.773,100
2020-10-12 09:31:57.700,4.772,100
2020-10-12 09:31:57.850,4.772,11200
2020-10-12 09:31:58.450,4.772,4200
2020-10-12 09:31:59.580,4.772,5800
2020-10-12 09:31:59.580,4.772,1400
2020-10-12 09:31:59.580,4.772,500
2020-10-12 09:32:00.000,4.772,23500
2020-10-12 09:32:00.120,4.773,6600
2020-10-12 09:32:00.120,4.773,400
2020-10-12 09:32:00.160,4.773,10900
2020-10-12 09:32:00.220,4.772,1100
2020-10-12 09:32:00.430,4.772,2000
2020-10-12 09:32:00.470,4.773,31400
2020-10-12 09:32:00.470,4.773,268600
2020-10-12 09:32:00.470,4.773,208600
2020-10-12 09:32:00.500,4.772,5000
2020-10-12 09:32:00.810,4.772,2000
2020-10-12 09:32:01.170,4.772,500
2020-10-12 09:32:01.230,4.772,100
2020-10-12 09:32:01.230,4.773,200
2020-10-12 09:32:01.290,4.772,500
2020-10-12 09:32:01.810,4.772,5000
2020-10-12 09:32:01.910,4.772,3400
2020-10-12 09:32:02.110,4.772,400
2020-10-12 09:32:02.490,4.773,42000
2020-10-12 09:32:02.490,4.773,10000
2020-10-12 09:32:02.490,4.773,200
2020-10-12 09:32:02.490,4.773,10000
2020-10-12 09:32:02.490,4.773,1700
2020-10-12 09:32:02.490,4.773,4300
2020-10-12 09:32:02.490,4.773,500
2020-10-12 09:32:02.490,4.773,900
2020-10-12 09:32:02.490,4.773,20400
2020-10-12 09:32:02.550,4.773,29600
2020-10-12 09:32:02.550,4.773,22400
2020-10-12 09:32:02.550,4.773,3000
2020-10-12 09:32:02.550,4.773,10000
2020-10-12 09:32:02.550,4.773,500
2020-10-12 09:32:02.550,4.773,5000
2020-10-12 09:32:02.550,4.773,1500
2020-10-12 09:32:02.550,4.773,1000
2020-10-12 09:32:02.550,4.773,5000
2020-10-12 09:32:02.550,4.773,10000
2020-10-12 09:32:02.550,4.773,2000
2020-10-12 09:32:02.710,4.773,200
2020-10-12 09:32:03.620,4.774,9000
2020-10-12 09:32:03.620,4.774,1000
2020-10-12 09:32:03.620,4.774,500
2020-10-12 09:32:03.620,4.774,5000
2020-10-12 09:32:03.620,4.774,1500
2020-10-12 09:32:03.620,4.774,10000
2020-10-12 09:32:03.620,4.774,10000
2020-10-12 09:32:03.620,4.774,5000
2020-10-12 09:32:03.620,4.774,10000
2020-10-12 09:32:03.620,4.774,300
2020-10-12 09:32:03.620,4.774,57700
2020-10-12 09:32:03.620,4.774,30000
2020-10-12 09:32:03.620,4.774,50000
2020-10-12 09:32:03.620,4.774,30000
2020-10-12 09:32:03.780,4.774,30000
2020-10-12 09:32:04.160,4.774,2300
2020-10-12 09:32:04.160,4.774,200
2020-10-12 09:32:04.160,4.774,1000
2020-10-12 09:32:04.160,4.774,1000
2020-10-12 09:32:04.160,4.774,21000
2020-10-12 09:32:04.160,4.774,2000
2020-10-12 09:32:05.220,4.775,30000
2020-10-12 09:32:05.790,4.774,1200
2020-10-12 09:32:06.010,4.775,100
2020-10-12 09:32:06.100,4.774,7800
2020-10-12 09:32:06.350,4.774,8000
2020-10-12 09:32:06.800,4.774,3000
2020-10-12 09:32:06.860,4.774,12800
2020-10-12 09:32:08.300,4.775,5000
2020-10-12 09:32:09.500,4.774,2000
2020-10-12 09:32:09.530,4.774,3000
2020-10-12 09:32:09.970,4.774,200
2020-10-12 09:32:09.970,4.774,5000
2020-10-12 09:32:10.000,4.774,12900
2020-10-12 09:32:10.000,4.775,14900
2020-10-12 09:32:10.000,4.775,11800
2020-10-12 09:32:10.000,4.775,1000
2020-10-12 09:32:10.000,4.775,10000
2020-10-12 09:32:10.000,4.775,700
2020-10-12 09:32:10.000,4.775,100
2020-10-12 09:32:10.000,4.775,1500
2020-10-12 09:32:10.120,4.774,800
2020-10-12 09:32:10.180,4.775,100
2020-10-12 09:32:10.180,4.775,9200
2020-10-12 09:32:10.180,4.775,100
2020-10-12 09:32:10.180,4.775,200
2020-10-12 09:32:10.180,4.775,500
2020-10-12 09:32:10.420,4.775,19500
2020-10-12 09:32:10.420,4.775,200
2020-10-12 09:32:10.420,4.775,2000
2020-10-12 09:32:10.420,4.775,2000
2020-10-12 09:32:10.420,4.775,800
2020-10-12 09:32:10.420,4.775,300
2020-10-12 09:32:10.420,4.775,1000
2020-10-12 09:32:10.420,4.775,2000
2020-10-12 09:32:10.420,4.775,100
2020-10-12 09:32:10.420,4.775,2300
2020-10-12 09:32:10.420,4.775,2000
2020-10-12 09:32:10.420,4.775,5000
2020-10-12 09:32:10.420,4.775,100
2020-10-12 09:32:10.420,4.775,4000
2020-10-12 09:32:10.420,4.775,3000
2020-10-12 09:32:10.420,4.775,3000
2020-10-12 09:32:10.420,4.775,3500
2020-10-12 09:32:10.420,4.775,2400
2020-10-12 09:32:11.900,4.775,2600
2020-10-12 09:32:11.900,4.775,10000
2020-10-12 09:32:11.900,4.775,3500
2020-10-12 09:32:11.900,4.775,1000
2020-10-12 09:32:11.900,4.775,300
2020-10-12 09:32:11.900,4.775,1000
2020-10-12 09:32:11.900,4.775,24000
2020-10-12 09:32:11.900,4.775,500
2020-10-12 09:32:11.900,4.775,5000
2020-10-12 09:32:11.900,4.775,300
2020-10-12 09:32:11.900,4.775,3000
2020-10-12 09:32:11.900,4.775,7000
2020-10-12 09:32:11.900,4.775,500
2020-10-12 09:32:11.900,4.775,20000
2020-10-12 09:32:11.900,4.775,100
2020-10-12 09:32:11.900,4.775,3000
2020-10-12 09:32:11.900,4.775,1000
2020-10-12 09:32:11.900,4.775,400
2020-10-12 09:32:11.900,4.775,1000
2020-10-12 09:32:11.900,4.775,6100
2020-10-12 09:32:11.900,4.775,3000
2020-10-12 09:32:11.900,4.775,6700
2020-10-12 09:32:11.900,4.775,3300
2020-10-12 09:32:11.900,4.775,5000
2020-10-12 09:32:11.900,4.775,1700
2020-10-12 09:32:12.470,4.775,300
2020-10-12 09:32:12.500,4.774,900
2020-10-12 09:32:12.590,4.775,4400
2020-10-12 09:32:12.590,4.775,300
2020-10-12 09:32:12.590,4.775,1000
2020-10-12 09:32:12.590,4.775,8700
2020-10-12 09:32:12.720,4.775,1300
2020-10-12 09:32:12.720,4.775,500
2020-10-12 09:32:12.720,4.775,5000
2020-10-12 09:32:12.720,4.775,1000
2020-10-12 09:32:12.720,4.775,3000
2020-10-12 09:32:12.720,4.775,5600
2020-10-12 09:32:12.720,4.775,1000
2020-10-12 09:32:12.750,4.775,500
2020-10-12 09:32:13.110,4.775,400
2020-10-12 09:32:14.000,4.775,1200
2020-10-12 09:32:14.640,4.775,1000
2020-10-12 09:32:14.640,4.775,1600
2020-10-12 09:32:14.760,4.775,2000
2020-10-12 09:32:14.860,4.776,800
2020-10-12 09:32:14.860,4.776,2000
2020-10-12 09:32:14.860,4.776,2500
2020-10-12 09:32:14.860,4.776,2500
2020-10-12 09:32:14.860,4.776,2000
2020-10-12 09:32:14.860,4.776,2500
2020-10-12 09:32:14.860,4.776,3000
2020-10-12 09:32:14.860,4.776,3000
2020-10-12 09:32:14.860,4.776,3000
2020-10-12 09:32:14.860,4.776,8700
2020-10-12 09:32:14.920,4.775,1000
2020-10-12 09:32:14.920,4.775,2000
2020-10-12 09:32:15.020,4.775,2200
2020-10-12 09:32:15.420,4.775,100
2020-10-12 09:32:15.480,4.775,900
2020-10-12 09:32:15.480,4.775,100
2020-10-12 09:32:15.820,4.775,500
2020-10-12 09:32:16.160,4.775,14200
2020-10-12 09:32:16.160,4.775,1800
2020-10-12 09:32:16.160,4.775,100
2020-10-12 09:32:16.160,4.775,33900
2020-10-12 09:32:16.840,4.775,1000
2020-10-12 09:32:17.260,4.776,10000
2020-10-12 09:32:17.620,4.775,4000
2020-10-12 09:32:17.810,4.775,800
2020-10-12 09:32:18.030,4.776,1300
2020-10-12 09:32:18.030,4.776,5000
2020-10-12 09:32:18.030,4.776,100
2020-10-12 09:32:18.030,4.776,3600
2020-10-12 09:32:19.160,4.775,3300
2020-10-12 09:32:20.090,4.776,1200
2020-10-12 09:32:20.090,4.776,3000
2020-10-12 09:32:20.090,4.776,1000
2020-10-12 09:32:20.320,4.776,1500
2020-10-12 09:32:20.500,4.776,20000
2020-10-12 09:32:20.560,4.776,300
2020-10-12 09:32:21.120,4.776,1800
2020-10-12 09:32:21.300,4.776,1200
2020-10-12 09:32:21.300,4.776,800
2020-10-12 09:32:21.300,4.776,71600
2020-10-12 09:32:21.910,4.776,1000
2020-10-12 09:32:23.820,4.776,21000
2020-10-12 09:32:24.010,4.776,7000
2020-10-12 09:32:24.500,4.777,500
2020-10-12 09:32:24.620,4.776,300
2020-10-12 09:32:26.380,4.776,500
2020-10-12 09:32:26.690,4.776,1000
2020-10-12 09:32:26.720,4.776,5000
2020-10-12 09:32:26.880,4.776,100
2020-10-12 09:32:27.370,4.776,200
2020-10-12 09:32:27.460,4.776,2500
2020-10-12 09:32:27.940,4.776,500
2020-10-12 09:32:28.400,4.777,500
2020-10-12 09:32:28.400,4.777,200
2020-10-12 09:32:28.400,4.777,2800
2020-10-12 09:32:28.400,4.777,100
2020-10-12 09:32:28.580,4.776,500
2020-10-12 09:32:29.030,4.776,1900
2020-10-12 09:32:30.060,4.777,3100
2020-10-12 09:32:30.060,4.777,1900
2020-10-12 09:32:30.120,4.777,100
2020-10-12 09:32:30.120,4.777,10800
2020-10-12 09:32:30.530,4.777,4200
2020-10-12 09:32:30.530,4.777,400
2020-10-12 09:32:30.530,4.777,5000
2020-10-12 09:32:30.530,4.777,200
2020-10-12 09:32:30.530,4.777,500
2020-10-12 09:32:30.530,4.777,3000
2020-10-12 09:32:30.530,4.777,1500
2020-10-12 09:32:30.530,4.777,2000
2020-10-12 09:32:30.530,4.777,12100
2020-10-12 09:32:30.530,4.777,5000
2020-10-12 09:32:30.530,4.777,1000
2020-10-12 09:32:30.530,4.777,5000
2020-10-12 09:32:30.530,4.777,200
2020-10-12 09:32:30.530,4.777,10000
2020-10-12 09:32:30.530,4.777,3000
2020-10-12 09:32:30.530,4.777,100
2020-10-12 09:32:30.530,4.777,7000
2020-10-12 09:32:30.530,4.777,1000
2020-10-12 09:32:30.530,4.777,5100
2020-10-12 09:32:30.530,4.777,5000
2020-10-12 09:32:30.530,4.777,20000
2020-10-12 09:32:30.530,4.777,5000
2020-10-12 09:32:30.530,4.777,3700
2020-10-12 09:32:30.940,4.777,100000
2020-10-12 09:32:30.970,4.776,2000
2020-10-12 09:32:31.040,4.776,500
2020-10-12 09:32:31.040,4.777,200
2020-10-12 09:32:31.100,4.776,5000
2020-10-12 09:32:31.220,4.777,1000
2020-10-12 09:32:31.250,4.777,14100
2020-10-12 09:32:31.250,4.777,3900
2020-10-12 09:32:31.550,4.776,10000
2020-10-12 09:32:32.140,4.777,400
2020-10-12 09:32:32.260,4.776,38100
2020-10-12 09:32:32.380,4.777,21300
2020-10-12 09:32:32.380,4.777,2400
2020-10-12 09:32:32.380,4.777,1000
2020-10-12 09:32:32.380,4.777,1000
2020-10-12 09:32:32.380,4.777,200
2020-10-12 09:32:32.380,4.777,900
2020-10-12 09:32:32.380,4.777,900
2020-10-12 09:32:32.380,4.777,1000
2020-10-12 09:32:32.380,4.777,2000
2020-10-12 09:32:32.380,4.777,2200
2020-10-12 09:32:32.380,4.777,1000
2020-10-12 09:32:32.610,4.777,16100
2020-10-12 09:32:32.610,4.776,3900
2020-10-12 09:32:32.760,4.777,100
2020-10-12 09:32:33.190,4.776,5000
2020-10-12 09:32:33.310,4.776,1000
2020-10-12 09:32:33.530,4.776,2400
2020-10-12 09:32:33.770,4.776,500
2020-10-12 09:32:33.770,4.776,1000
2020-10-12 09:32:33.840,4.777,2100
2020-10-12 09:32:33.840,4.778,100
2020-10-12 09:32:33.840,4.778,2000
2020-10-12 09:32:33.840,4.778,3000
2020-10-12 09:32:33.840,4.778,700
2020-10-12 09:32:33.840,4.778,400
2020-10-12 09:32:33.840,4.778,20000
2020-10-12 09:32:33.840,4.778,7100
2020-10-12 09:32:33.990,4.776,2800
2020-10-12 09:32:34.050,4.776,1500
2020-10-12 09:32:34.580,4.776,3000
2020-10-12 09:32:35.230,4.777,2000
2020-10-12 09:32:36.150,4.776,9400
2020-10-12 09:32:36.150,4.776,5600
2020-10-12 09:32:36.150,4.776,5100
2020-10-12 09:32:36.480,4.776,19300
2020-10-12 09:32:36.480,4.776,254748
2020-10-12 09:32:37.080,4.776,3000
2020-10-12 09:32:37.750,4.777,1000
2020-10-12 09:32:37.810,4.777,4000
2020-10-12 09:32:38.050,4.777,1000
2020-10-12 09:32:38.050,4.777,500
2020-10-12 09:32:38.140,4.777,1500
2020-10-12 09:32:38.290,4.777,100
2020-10-12 09:32:38.450,4.777,2700
2020-10-12 09:32:38.510,4.777,5700
2020-10-12 09:32:38.680,4.777,100
2020-10-12 09:32:38.710,4.777,4200
2020-10-12 09:32:40.190,4.777,200
2020-10-12 09:32:40.400,4.777,10000
2020-10-12 09:32:40.430,4.777,500
2020-10-12 09:32:41.150,4.777,2000
2020-10-12 09:32:41.510,4.777,1000
2020-10-12 09:32:42.330,4.777,5000
2020-10-12 09:32:42.760,4.778,300
2020-10-12 09:32:42.820,4.777,200
2020-10-12 09:32:44.400,4.778,5000
2020-10-12 09:32:44.560,4.777,6900
2020-10-12 09:32:44.560,4.777,400
2020-10-12 09:32:45.260,4.777,100
2020-10-12 09:32:45.360,4.777,5000
2020-10-12 09:32:45.870,4.777,800
2020-10-12 09:32:46.050,4.778,100
2020-10-12 09:32:46.090,4.778,7500
2020-10-12 09:32:46.090,4.778,10000
2020-10-12 09:32:46.090,4.778,4000
2020-10-12 09:32:46.090,4.778,100
2020-10-12 09:32:46.090,4.778,4000
2020-10-12 09:32:46.090,4.778,1000
2020-10-12 09:32:46.090,4.778,400
2020-10-12 09:32:46.090,4.778,4000
2020-10-12 09:32:46.090,4.778,9400
2020-10-12 09:32:46.320,4.777,2600
2020-10-12 09:32:46.390,4.778,25000
2020-10-12 09:32:47.970,4.777,100
2020-10-12 09:32:48.240,4.777,2000
2020-10-12 09:32:48.910,4.777,4000
2020-10-12 09:32:48.910,4.777,100
2020-10-12 09:32:48.910,4.777,500
2020-10-12 09:32:48.910,4.777,1900
2020-10-12 09:32:48.910,4.777,1000
2020-10-12 09:32:49.220,4.777,2500
2020-10-12 09:32:49.400,4.777,27500
2020-10-12 09:32:49.920,4.777,7500
2020-10-12 09:32:49.920,4.777,100
2020-10-12 09:32:49.920,4.778,292400
2020-10-12 09:32:50.570,4.777,600
2020-10-12 09:32:50.570,4.777,4400
2020-10-12 09:32:50.630,4.778,73200
2020-10-12 09:32:50.630,4.778,2200
2020-10-12 09:32:50.630,4.778,300
2020-10-12 09:32:50.630,4.778,10000
2020-10-12 09:32:50.630,4.778,1000
2020-10-12 09:32:50.630,4.778,1300
2020-10-12 09:32:50.630,4.778,3000
2020-10-12 09:32:50.630,4.778,500
2020-10-12 09:32:50.630,4.778,2200
2020-10-12 09:32:50.630,4.778,3000
2020-10-12 09:32:50.630,4.778,45000
2020-10-12 09:32:50.630,4.778,25000
2020-10-12 09:32:50.630,4.778,10000
2020-10-12 09:32:50.630,4.778,25000
2020-10-12 09:32:50.630,4.778,8000
2020-10-12 09:32:50.630,4.778,10000
2020-10-12 09:32:50.630,4.778,5000
2020-10-12 09:32:50.630,4.778,75300
2020-10-12 09:32:50.690,4.777,10000
2020-10-12 09:32:50.720,4.778,3500
2020-10-12 09:32:50.970,4.777,5000
2020-10-12 09:32:50.970,4.777,1000
2020-10-12 09:32:51.060,4.777,7000
2020-10-12 09:32:51.650,4.778,20000
2020-10-12 09:32:52.040,4.777,1000
2020-10-12 09:32:52.170,4.777,2000
2020-10-12 09:32:52.200,4.777,20000
2020-10-12 09:32:52.320,4.778,1200
2020-10-12 09:32:52.320,4.778,500
2020-10-12 09:32:52.320,4.778,100
2020-10-12 09:32:52.320,4.778,200
2020-10-12 09:32:52.350,4.777,5000
2020-10-12 09:32:52.920,4.778,8200
2020-10-12 09:32:52.920,4.778,900
2020-10-12 09:32:52.920,4.778,1500
2020-10-12 09:32:52.920,4.778,1000
2020-10-12 09:32:52.920,4.778,5000
2020-10-12 09:32:52.920,4.778,1000
2020-10-12 09:32:52.920,4.778,6000
2020-10-12 09:32:52.950,4.778,6900
2020-10-12 09:32:53.250,4.778,10000
2020-10-12 09:32:53.500,4.779,1000
2020-10-12 09:32:53.500,4.779,4000
2020-10-12 09:32:53.980,4.779,6000
2020-10-12 09:32:53.980,4.779,100
2020-10-12 09:32:53.980,4.779,4100
2020-10-12 09:32:53.980,4.779,500
2020-10-12 09:32:53.980,4.779,1000
2020-10-12 09:32:53.980,4.779,8300
2020-10-12 09:32:54.210,4.778,700
2020-10-12 09:32:54.910,4.778,600
2020-10-12 09:32:55.230,4.778,3000
2020-10-12 09:32:55.320,4.778,2000
2020-10-12 09:32:55.350,4.778,4400
2020-10-12 09:32:55.350,4.778,900
2020-10-12 09:32:55.660,4.778,1800
2020-10-12 09:32:55.780,4.778,900
2020-10-12 09:32:55.860,4.778,3800
2020-10-12 09:32:55.980,4.779,1700
2020-10-12 09:32:55.980,4.779,200
2020-10-12 09:32:55.980,4.779,100
2020-10-12 09:32:56.010,4.778,100
2020-10-12 09:32:57.150,4.778,200
2020-10-12 09:32:57.460,4.778,600
2020-10-12 09:32:57.520,4.778,600
2020-10-12 09:32:57.640,4.778,1000
2020-10-12 09:32:57.710,4.778,400
2020-10-12 09:32:57.800,4.778,500
2020-10-12 09:32:58.160,4.779,9900
2020-10-12 09:32:58.160,4.779,2000
2020-10-12 09:32:58.160,4.779,500
2020-10-12 09:32:58.490,4.779,1500
2020-10-12 09:32:58.490,4.779,10000
2020-10-12 09:32:58.490,4.779,2000
2020-10-12 09:32:58.490,4.779,9000
2020-10-12 09:32:58.490,4.779,17500
2020-10-12 09:32:58.880,4.778,10000
2020-10-12 09:32:59.330,4.779,2500
2020-10-12 09:32:59.330,4.779,5000
2020-10-12 09:32:59.330,4.779,600
2020-10-12 09:32:59.330,4.779,4600
2020-10-12 09:32:59.330,4.779,200
2020-10-12 09:32:59.330,4.779,3000
2020-10-12 09:32:59.330,4.779,284100
2020-10-12 09:32:59.390,4.778,5000
2020-10-12 09:32:59.600,4.779,200
2020-10-12 09:32:59.600,4.778,1000
2020-10-12 09:32:59.820,4.778,500
2020-10-12 09:33:00.170,4.779,14900
2020-10-12 09:33:00.900,4.778,100
2020-10-12 09:33:01.130,4.779,3900
2020-10-12 09:33:01.490,4.779,50000
2020-10-12 09:33:01.490,4.779,30000
2020-10-12 09:33:01.830,4.779,16900
2020-10-12 09:33:01.830,4.779,2000
2020-10-12 09:33:01.830,4.779,100
2020-10-12 09:33:01.830,4.779,10000
2020-10-12 09:33:01.830,4.779,1000
2020-10-12 09:33:01.960,4.778,10000
2020-10-12 09:33:02.470,4.779,100
2020-10-12 09:33:02.850,4.779,2900
2020-10-12 09:33:02.850,4.779,100
2020-10-12 09:33:02.850,4.779,5000
2020-10-12 09:33:02.850,4.779,4900
2020-10-12 09:33:02.850,4.779,8000
2020-10-12 09:33:02.850,4.779,5000
2020-10-12 09:33:02.850,4.779,1400
2020-10-12 09:33:02.850,4.779,1500
2020-10-12 09:33:02.850,4.779,10000
2020-10-12 09:33:02.850,4.779,1200
2020-10-12 09:33:02.880,4.779,10000
2020-10-12 09:33:02.880,4.779,60000
2020-10-12 09:33:02.940,4.778,400
2020-10-12 09:33:03.660,4.779,28800
2020-10-12 09:33:03.660,4.779,100
2020-10-12 09:33:03.660,4.779,2000
2020-10-12 09:33:03.790,4.779,6000
2020-10-12 09:33:03.790,4.779,1000
2020-10-12 09:33:03.850,4.779,100
2020-10-12 09:33:03.920,4.779,200
2020-10-12 09:33:04.190,4.779,2000
2020-10-12 09:33:04.760,4.78,100
2020-10-12 09:33:05.130,4.779,600
2020-10-12 09:33:05.570,4.779,10000
2020-10-12 09:33:06.040,4.779,400
2020-10-12 09:33:06.140,4.779,3600
2020-10-12 09:33:06.610,4.779,5100
2020-10-12 09:33:07.160,4.779,2500
2020-10-12 09:33:07.380,4.779,2400
2020-10-12 09:33:07.380,4.779,7600
2020-10-12 09:33:08.190,4.779,3000
2020-10-12 09:33:08.190,4.779,20000
2020-10-12 09:33:08.410,4.779,1000
2020-10-12 09:33:08.650,4.779,1000
2020-10-12 09:33:08.810,4.779,5100
2020-10-12 09:33:09.070,4.779,4000
2020-10-12 09:33:09.920,4.779,10000
2020-10-12 09:33:10.310,4.779,500
2020-10-12 09:33:10.370,4.779,200
2020-10-12 09:33:10.640,4.779,500
2020-10-12 09:33:10.670,4.779,4000
2020-10-12 09:33:10.670,4.779,1100
2020-10-12 09:33:10.790,4.779,2300
2020-10-12 09:33:10.790,4.779,22200
2020-10-12 09:33:10.790,4.779,2000
2020-10-12 09:33:10.790,4.779,500
2020-10-12 09:33:10.790,4.779,2100
2020-10-12 09:33:10.790,4.779,20900
2020-10-12 09:33:10.910,4.779,2600
2020-10-12 09:33:11.300,4.78,100
2020-10-12 09:33:11.300,4.78,300
2020-10-12 09:33:11.300,4.779,7000
2020-10-12 09:33:11.490,4.779,3700
2020-10-12 09:33:11.770,4.779,1000
2020-10-12 09:33:11.800,4.779,100
2020-10-12 09:33:11.830,4.779,5700
2020-10-12 09:33:11.830,4.779,200
2020-10-12 09:33:11.960,4.779,1000
2020-10-12 09:33:11.990,4.779,1300
2020-10-12 09:33:12.050,4.779,100
2020-10-12 09:33:12.550,4.779,1000
2020-10-12 09:33:12.710,4.779,200
2020-10-12 09:33:13.080,4.779,500
2020-10-12 09:33:13.080,4.78,5700
2020-10-12 09:33:13.080,4.78,3800
2020-10-12 09:33:13.610,4.778,40000
2020-10-12 09:33:13.840,4.778,600
2020-10-12 09:33:13.980,4.779,5100
2020-10-12 09:33:13.980,4.779,300
2020-10-12 09:33:13.980,4.78,2200
2020-10-12 09:33:13.980,4.78,500
2020-10-12 09:33:13.980,4.78,100
2020-10-12 09:33:13.980,4.78,1500
2020-10-12 09:33:13.980,4.78,300
2020-10-12 09:33:14.570,4.779,4000
2020-10-12 09:33:15.010,4.779,500
2020-10-12 09:33:15.070,4.778,9400
2020-10-12 09:33:15.070,4.778,1500
2020-10-12 09:33:15.070,4.778,100
2020-10-12 09:33:15.070,4.778,1500
2020-10-12 09:33:15.070,4.778,2000
2020-10-12 09:33:15.070,4.778,100
2020-10-12 09:33:15.070,4.778,800
2020-10-12 09:33:15.070,4.778,100
2020-10-12 09:33:15.070,4.778,4500
2020-10-12 09:33:15.360,4.778,2300
2020-10-12 09:33:15.360,4.778,2700
2020-10-12 09:33:16.440,4.779,200
2020-10-12 09:33:16.660,4.779,300
2020-10-12 09:33:16.660,4.779,500
2020-10-12 09:33:16.660,4.779,1300
2020-10-12 09:33:18.240,4.778,7300
2020-10-12 09:33:18.240,4.778,700
2020-10-12 09:33:18.420,4.778,400
2020-10-12 09:33:18.550,4.778,300
2020-10-12 09:33:18.840,4.778,100
2020-10-12 09:33:20.000,4.778,1600
2020-10-12 09:33:20.440,4.778,3700
2020-10-12 09:33:20.440,4.778,2100
2020-10-12 09:33:20.440,4.779,700
2020-10-12 09:33:20.440,4.779,400
2020-10-12 09:33:20.440,4.779,5000
2020-10-12 09:33:20.440,4.779,2100
2020-10-12 09:33:20.440,4.779,400
2020-10-12 09:33:21.200,4.779,1000
2020-10-12 09:33:21.760,4.779,3000
2020-10-12 09:33:21.760,4.779,1000
2020-10-12 09:33:21.760,4.779,6000
2020-10-12 09:33:23.330,4.778,4000
2020-10-12 09:33:23.330,4.778,100
2020-10-12 09:33:23.330,4.779,5900
2020-10-12 09:33:23.480,4.777,100
2020-10-12 09:33:23.480,4.777,200
2020-10-12 09:33:23.480,4.777,9700
2020-10-12 09:33:23.540,4.778,100
2020-10-12 09:33:23.540,4.779,1600
2020-10-12 09:33:24.250,4.778,200
2020-10-12 09:33:24.700,4.778,300
2020-10-12 09:33:24.830,4.778,200
2020-10-12 09:33:24.980,4.778,200
2020-10-12 09:33:25.170,4.777,3000
2020-10-12 09:33:26.520,4.777,1000
2020-10-12 09:33:26.550,4.778,600
2020-10-12 09:33:26.550,4.778,1200
2020-10-12 09:33:26.610,4.778,800
2020-10-12 09:33:26.610,4.778,2200
2020-10-12 09:33:27.170,4.778,3800
2020-10-12 09:33:27.170,4.778,5000
2020-10-12 09:33:27.170,4.778,20000
2020-10-12 09:33:27.170,4.778,2000
2020-10-12 09:33:27.170,4.778,69200
2020-10-12 09:33:27.300,4.778,1400
2020-10-12 09:33:27.430,4.778,11100
2020-10-12 09:33:28.120,4.778,1000
2020-10-12 09:33:28.300,4.777,300
2020-10-12 09:33:28.670,4.777,2500
2020-10-12 09:33:28.770,4.778,2000
2020-10-12 09:33:28.840,4.778,15300
2020-10-12 09:33:28.840,4.778,3200
2020-10-12 09:33:28.840,4.778,10000
2020-10-12 09:33:28.840,4.778,1000
2020-10-12 09:33:28.840,4.778,22000
2020-10-12 09:33:28.960,4.778,6800
2020-10-12 09:33:29.190,4.778,5000
2020-10-12 09:33:29.300,4.779,700
2020-10-12 09:33:29.390,4.779,17000
2020-10-12 09:33:29.390,4.778,900
2020-10-12 09:33:30.050,4.778,200
2020-10-12 09:33:30.130,4.779,13800
2020-10-12 09:33:30.130,4.779,1200
2020-10-12 09:33:30.350,4.778,1900
2020-10-12 09:33:30.350,4.778,2500
2020-10-12 09:33:30.540,4.778,8000
2020-10-12 09:33:30.540,4.778,4400
2020-10-12 09:33:31.140,4.778,600
2020-10-12 09:33:31.140,4.779,2400
2020-10-12 09:33:33.720,4.778,1000
2020-10-12 09:33:34.090,4.778,100
2020-10-12 09:33:34.630,4.778,22900
2020-10-12 09:33:34.630,4.778,2000
2020-10-12 09:33:34.630,4.778,4000
2020-10-12 09:33:34.630,4.778,50000
2020-10-12 09:33:34.630,4.778,300
2020-10-12 09:33:35.890,4.778,20800
2020-10-12 09:33:35.890,4.778,9200
2020-10-12 09:33:35.990,4.778,800
2020-10-12 09:33:35.990,4.778,3400
2020-10-12 09:33:37.060,4.779,300
2020-10-12 09:33:37.060,4.778,100
2020-10-12 09:33:37.160,4.778,1000
2020-10-12 09:33:37.190,4.779,1100
2020-10-12 09:33:37.190,4.779,5000
2020-10-12 09:33:37.190,4.779,3900
2020-10-12 09:33:37.190,4.778,1800
2020-10-12 09:33:37.220,4.778,5000
2020-10-12 09:33:37.320,4.778,8700
2020-10-12 09:33:37.320,4.778,200
2020-10-12 09:33:37.500,4.778,100
2020-10-12 09:33:37.750,4.777,300
2020-10-12 09:33:37.750,4.777,400
2020-10-12 09:33:37.750,4.777,200
2020-10-12 09:33:37.750,4.777,1100
2020-10-12 09:33:37.870,4.778,500
2020-10-12 09:33:39.200,4.778,6200
2020-10-12 09:33:39.200,4.778,18200
2020-10-12 09:33:39.200,4.778,5600
2020-10-12 09:33:40.270,4.777,1800
2020-10-12 09:33:40.640,4.777,4900
2020-10-12 09:33:40.700,4.778,14400
2020-10-12 09:33:40.700,4.778,1000
2020-10-12 09:33:40.700,4.778,5000
2020-10-12 09:33:40.700,4.778,2000
2020-10-12 09:33:40.700,4.779,6100
2020-10-12 09:33:40.700,4.779,5500
2020-10-12 09:33:40.700,4.779,5000
2020-10-12 09:33:40.700,4.779,3000
2020-10-12 09:33:40.700,4.779,5000
2020-10-12 09:33:40.700,4.779,300
2020-10-12 09:33:40.700,4.779,6400
2020-10-12 09:33:40.700,4.779,16300
2020-10-12 09:33:40.820,4.777,3700
2020-10-12 09:33:40.860,4.777,42000
2020-10-12 09:33:41.010,4.778,2500
2020-10-12 09:33:41.130,4.778,5000
2020-10-12 09:33:41.470,4.779,500
2020-10-12 09:33:41.530,4.778,34300
2020-10-12 09:33:41.590,4.779,1000
2020-10-12 09:33:42.110,4.778,2500
2020-10-12 09:33:42.400,4.779,1100
2020-10-12 09:33:42.470,4.778,3000
2020-10-12 09:33:42.620,4.778,300
2020-10-12 09:33:42.620,4.779,2100
2020-10-12 09:33:42.620,4.779,5000
2020-10-12 09:33:42.620,4.779,100
2020-10-12 09:33:42.620,4.779,2500
2020-10-12 09:33:42.620,4.779,50000
2020-10-12 09:33:42.620,4.779,3000
2020-10-12 09:33:42.620,4.779,27300
2020-10-12 09:33:42.680,4.779,10000
2020-10-12 09:33:42.800,4.779,30000
2020-10-12 09:33:42.920,4.778,10000
2020-10-12 09:33:43.500,4.778,4000
2020-10-12 09:33:43.530,4.778,5000
2020-10-12 09:33:43.770,4.778,2500
2020-10-12 09:33:44.040,4.778,500
2020-10-12 09:33:44.100,4.778,10000
2020-10-12 09:33:44.130,4.778,1600
2020-10-12 09:33:44.160,4.778,2500
2020-10-12 09:33:44.420,4.779,32700
2020-10-12 09:33:44.420,4.779,10000
2020-10-12 09:33:44.420,4.779,300
2020-10-12 09:33:44.420,4.779,2000
2020-10-12 09:33:44.420,4.779,1000
2020-10-12 09:33:44.420,4.779,5000
2020-10-12 09:33:44.420,4.779,200
2020-10-12 09:33:44.420,4.779,500
2020-10-12 09:33:44.420,4.779,600
2020-10-12 09:33:44.420,4.779,800
2020-10-12 09:33:44.420,4.779,1000
2020-10-12 09:33:44.420,4.779,2500
2020-10-12 09:33:44.420,4.779,100
2020-10-12 09:33:44.420,4.779,1500
2020-10-12 09:33:44.420,4.779,20000
2020-10-12 09:33:44.420,4.779,2700
2020-10-12 09:33:44.420,4.779,100000
2020-10-12 09:33:44.420,4.779,500
2020-10-12 09:33:44.420,4.779,1000
2020-10-12 09:33:44.420,4.779,3000
2020-10-12 09:33:44.420,4.779,5000
2020-10-12 09:33:44.510,4.779,500
2020-10-12 09:33:44.700,4.78,1700
2020-10-12 09:33:44.700,4.78,100
2020-10-12 09:33:44.700,4.78,300
2020-10-12 09:33:44.700,4.78,500
2020-10-12 09:33:44.700,4.78,4400
2020-10-12 09:33:44.890,4.779,9100
2020-10-12 09:33:44.890,4.778,10900
2020-10-12 09:33:45.020,4.778,600
2020-10-12 09:33:45.250,4.778,10000
2020-10-12 09:33:45.310,4.778,4000
2020-10-12 09:33:46.010,4.778,5000
2020-10-12 09:33:46.160,4.778,4300
2020-10-12 09:33:46.160,4.778,900
2020-10-12 09:33:46.220,4.779,100
2020-10-12 09:33:46.470,4.778,20000
2020-10-12 09:33:46.740,4.778,20000
2020-10-12 09:33:47.470,4.778,1000
2020-10-12 09:33:47.630,4.778,1000
2020-10-12 09:33:47.630,4.778,3000
2020-10-12 09:33:47.880,4.779,100
2020-10-12 09:33:48.030,4.778,2400
2020-10-12 09:33:48.230,4.779,1000
2020-10-12 09:33:48.500,4.778,4000
2020-10-12 09:33:48.700,4.778,200
2020-10-12 09:33:49.240,4.778,10000
2020-10-12 09:33:49.610,4.778,400
2020-10-12 09:33:49.640,4.778,100
2020-10-12 09:33:49.700,4.779,200
2020-10-12 09:33:49.910,4.778,4000
2020-10-12 09:33:50.070,4.778,2200
2020-10-12 09:33:50.560,4.778,5900
2020-10-12 09:33:50.560,4.778,1000
2020-10-12 09:33:50.720,4.778,5000
2020-10-12 09:33:51.090,4.779,1600
2020-10-12 09:33:51.090,4.779,900
2020-10-12 09:33:51.090,4.779,1000
2020-10-12 09:33:51.090,4.779,5000
2020-10-12 09:33:51.090,4.779,500
2020-10-12 09:33:51.090,4.779,1000
2020-10-12 09:33:51.620,4.778,18700
2020-10-12 09:33:51.680,4.779,700
2020-10-12 09:33:51.930,4.778,200
2020-10-12 09:33:51.930,4.778,100
2020-10-12 09:33:51.930,4.778,100
2020-10-12 09:33:51.930,4.778,1000
2020-10-12 09:33:51.930,4.778,33800
2020-10-12 09:33:51.930,4.778,100
2020-10-12 09:33:51.930,4.778,4000
2020-10-12 09:33:51.930,4.778,1500
2020-10-12 09:33:51.930,4.778,30000
2020-10-12 09:33:51.930,4.778,500
2020-10-12 09:33:51.930,4.777,3700
2020-10-12 09:33:52.530,4.779,200
2020-10-12 09:33:52.630,4.778,200
2020-10-12 09:33:53.100,4.778,1000
2020-10-12 09:33:53.460,4.778,100
2020-10-12 09:33:53.850,4.778,7400
2020-10-12 09:33:53.850,4.778,200
2020-10-12 09:33:53.850,4.778,2400
2020-10-12 09:33:53.950,4.777,800
2020-10-12 09:33:54.430,4.778,100
2020-10-12 09:33:54.430,4.778,2500
2020-10-12 09:33:54.930,4.779,4600
2020-10-12 09:33:55.740,4.779,3500
2020-10-12 09:33:55.740,4.779,300
2020-10-12 09:33:56.200,4.779,1700
2020-10-12 09:33:56.200,4.779,5000
2020-10-12 09:33:56.200,4.779,1000
2020-10-12 09:33:56.200,4.779,5000
2020-10-12 09:33:56.200,4.779,5000
2020-10-12 09:33:56.200,4.779,12300
2020-10-12 09:33:56.400,4.778,500
2020-10-12 09:33:56.400,4.777,500
2020-10-12 09:33:56.590,4.777,10000
2020-10-12 09:33:57.260,4.778,700
2020-10-12 09:33:57.260,4.779,600
2020-10-12 09:33:57.320,4.777,700
2020-10-12 09:33:57.730,4.777,10400
2020-10-12 09:33:57.790,4.778,400
2020-10-12 09:33:57.880,4.777,3000
2020-10-12 09:33:58.460,4.778,300
2020-10-12 09:33:58.460,4.779,7100
2020-10-12 09:33:58.460,4.779,2600
2020-10-12 09:33:58.850,4.778,500
2020-10-12 09:33:58.980,4.777,21000
2020-10-12 09:33:58.980,4.778,100
2020-10-12 09:33:59.630,4.778,1100
2020-10-12 09:33:59.840,4.778,300
2020-10-12 09:33:59.840,4.778,1200
2020-10-12 09:33:59.870,4.777,9600
2020-10-12 09:34:00.060,4.778,100
2020-10-12 09:34:00.150,4.778,3700
2020-10-12 09:34:00.430,4.779,4000
2020-10-12 09:34:00.620,4.778,200
2020-10-12 09:34:01.240,4.778,10000
2020-10-12 09:34:01.600,4.778,200
2020-10-12 09:34:01.970,4.778,1000
2020-10-12 09:34:02.000,4.778,2600
2020-10-12 09:34:02.270,4.778,8500
2020-10-12 09:34:02.770,4.779,300
2020-10-12 09:34:02.980,4.779,3100
2020-10-12 09:34:02.980,4.779,500
2020-10-12 09:34:02.980,4.779,5000
2020-10-12 09:34:02.980,4.779,5000
2020-10-12 09:34:02.980,4.779,400
2020-10-12 09:34:02.980,4.779,8000
2020-10-12 09:34:02.980,4.779,500
2020-10-12 09:34:02.980,4.779,8000
2020-10-12 09:34:02.980,4.779,14500
2020-10-12 09:34:02.980,4.779,300
2020-10-12 09:34:02.980,4.779,1000
2020-10-12 09:34:02.980,4.779,2200
2020-10-12 09:34:02.980,4.779,1500
2020-10-12 09:34:02.980,4.778,6000
2020-10-12 09:34:03.340,4.778,4200
2020-10-12 09:34:03.340,4.778,400
2020-10-12 09:34:03.340,4.778,400
2020-10-12 09:34:03.780,4.778,700
2020-10-12 09:34:03.780,4.778,100
2020-10-12 09:34:03.780,4.778,30000
2020-10-12 09:34:03.980,4.778,2200
2020-10-12 09:34:05.000,4.779,1000
2020-10-12 09:34:06.010,4.778,2800
2020-10-12 09:34:07.330,4.778,7200
2020-10-12 09:34:07.330,4.778,2000
2020-10-12 09:34:07.470,4.778,1000
2020-10-12 09:34:07.530,4.779,7500
2020-10-12 09:34:07.530,4.779,500
2020-10-12 09:34:07.530,4.779,5000
2020-10-12 09:34:07.530,4.779,2000
2020-10-12 09:34:07.530,4.779,5000
2020-10-12 09:34:07.530,4.779,10000
2020-10-12 09:34:07.530,4.779,1900
2020-10-12 09:34:07.530,4.779,100
2020-10-12 09:34:07.530,4.779,6000
2020-10-12 09:34:07.530,4.779,500
2020-10-12 09:34:07.530,4.779,1500
2020-10-12 09:34:08.430,4.778,400
2020-10-12 09:34:08.500,4.777,10000
2020-10-12 09:34:08.500,4.778,2000
2020-10-12 09:34:08.850,4.778,30000
2020-10-12 09:34:09.310,4.778,10000
2020-10-12 09:34:09.610,4.779,200
2020-10-12 09:34:10.720,4.778,500
2020-10-12 09:34:11.020,4.778,700
2020-10-12 09:34:11.550,4.778,300
2020-10-12 09:34:11.640,4.778,1000
2020-10-12 09:34:11.980,4.779,5300
2020-10-12 09:34:11.980,4.779,20000
2020-10-12 09:34:11.980,4.779,10000
2020-10-12 09:34:11.980,4.779,2000
2020-10-12 09:34:11.980,4.779,1000
2020-10-12 09:34:11.980,4.779,10000
2020-10-12 09:34:11.980,4.779,3000
2020-10-12 09:34:11.980,4.779,10000
2020-10-12 09:34:11.980,4.779,5000
2020-10-12 09:34:11.980,4.779,20000
2020-10-12 09:34:11.980,4.779,100
2020-10-12 09:34:11.980,4.779,13600
2020-10-12 09:34:12.040,4.779,10000
2020-10-12 09:34:12.100,4.779,26400
2020-10-12 09:34:12.100,4.779,3600
2020-10-12 09:34:13.220,4.778,3000
2020-10-12 09:34:13.240,4.778,1200
2020-10-12 09:34:13.620,4.778,3300
2020-10-12 09:34:13.620,4.778,6700
2020-10-12 09:34:13.770,4.778,600
2020-10-12 09:34:13.860,4.778,2700
2020-10-12 09:34:13.860,4.778,200
2020-10-12 09:34:13.860,4.778,7500
2020-10-12 09:34:14.370,4.779,1400
2020-10-12 09:34:14.370,4.779,2000
2020-10-12 09:34:14.370,4.779,2000
2020-10-12 09:34:14.370,4.78,3600
2020-10-12 09:34:14.370,4.78,1000
2020-10-12 09:34:14.440,4.778,30500
2020-10-12 09:34:14.540,4.778,3000
2020-10-12 09:34:14.850,4.779,80000
2020-10-12 09:34:15.160,4.778,500
2020-10-12 09:34:15.160,4.778,2500
2020-10-12 09:34:15.860,4.778,1200
2020-10-12 09:34:16.430,4.779,3000
2020-10-12 09:34:16.430,4.778,1200
2020-10-12 09:34:16.530,4.778,100
2020-10-12 09:34:16.560,4.779,17000
2020-10-12 09:34:16.560,4.779,5000
2020-10-12 09:34:16.560,4.779,300
2020-10-12 09:34:16.560,4.779,24000
2020-10-12 09:34:16.710,4.78,2000
2020-10-12 09:34:16.710,4.78,5000
2020-10-12 09:34:16.710,4.78,3600
2020-10-12 09:34:16.710,4.78,19400
2020-10-12 09:34:16.890,4.779,500
2020-10-12 09:34:16.920,4.779,1500
2020-10-12 09:34:17.340,4.779,2000
2020-10-12 09:34:17.520,4.779,3000
2020-10-12 09:34:17.900,4.78,600
2020-10-12 09:34:17.900,4.78,5000
2020-10-12 09:34:17.900,4.78,5500
2020-10-12 09:34:17.900,4.78,100
2020-10-12 09:34:17.900,4.78,5000
2020-10-12 09:34:17.900,4.78,1000
2020-10-12 09:34:17.900,4.78,300
2020-10-12 09:34:17.900,4.78,2500
2020-10-12 09:34:17.900,4.78,2100
2020-10-12 09:34:17.900,4.78,10800
2020-10-12 09:34:17.900,4.78,200
2020-10-12 09:34:17.900,4.78,2000
2020-10-12 09:34:17.900,4.78,10000
2020-10-12 09:34:17.900,4.78,200
2020-10-12 09:34:17.900,4.78,1000
2020-10-12 09:34:17.900,4.78,4000
2020-10-12 09:34:17.900,4.78,9700
2020-10-12 09:34:17.930,4.78,40300
2020-10-12 09:34:17.930,4.78,16600
2020-10-12 09:34:17.930,4.78,3100
2020-10-12 09:34:17.930,4.78,900
2020-10-12 09:34:17.930,4.78,1000
2020-10-12 09:34:17.930,4.78,8100
2020-10-12 09:34:18.090,4.779,1000
2020-10-12 09:34:18.090,4.779,200
2020-10-12 09:34:18.560,4.779,1000
2020-10-12 09:34:18.610,4.779,1000
2020-10-12 09:34:18.740,4.779,5000
2020-10-12 09:34:19.130,4.779,1000
2020-10-12 09:34:19.280,4.779,100
2020-10-12 09:34:19.360,4.779,900
2020-10-12 09:34:20.060,4.779,10000
2020-10-12 09:34:20.490,4.779,300
2020-10-12 09:34:21.530,4.78,1900
2020-10-12 09:34:21.530,4.78,5000
2020-10-12 09:34:21.530,4.78,500
2020-10-12 09:34:21.530,4.78,1000
2020-10-12 09:34:21.530,4.78,600
2020-10-12 09:34:21.530,4.78,1000
2020-10-12 09:34:21.670,4.779,75000
2020-10-12 09:34:22.160,4.779,1000
2020-10-12 09:34:22.720,4.78,100
2020-10-12 09:34:23.430,4.779,1000
2020-10-12 09:34:23.510,4.779,3000
2020-10-12 09:34:23.570,4.779,10000
2020-10-12 09:34:23.950,4.779,4000
2020-10-12 09:34:24.250,4.78,100
2020-10-12 09:34:24.280,4.779,100
2020-10-12 09:34:25.090,4.779,28200
2020-10-12 09:34:25.580,4.779,50000
2020-10-12 09:34:25.980,4.779,600
2020-10-12 09:34:26.660,4.779,4000
2020-10-12 09:34:28.030,4.779,6900
2020-10-12 09:34:28.210,4.779,4700
2020-10-12 09:34:28.390,4.779,37700
2020-10-12 09:34:28.390,4.779,10000
2020-10-12 09:34:28.390,4.779,200
2020-10-12 09:34:28.390,4.779,10100
2020-10-12 09:34:28.390,4.779,200
2020-10-12 09:34:28.390,4.779,5000
2020-10-12 09:34:28.390,4.779,10000
2020-10-12 09:34:28.390,4.779,6800
2020-10-12 09:34:28.390,4.78,900
2020-10-12 09:34:28.390,4.78,5000
2020-10-12 09:34:28.390,4.78,1000
2020-10-12 09:34:28.390,4.78,100
2020-10-12 09:34:28.390,4.78,10000
2020-10-12 09:34:28.390,4.78,900
2020-10-12 09:34:28.390,4.78,1000
2020-10-12 09:34:28.390,4.78,20000
2020-10-12 09:34:28.390,4.78,15000
2020-10-12 09:34:28.390,4.78,6000
2020-10-12 09:34:28.390,4.78,400
2020-10-12 09:34:28.390,4.78,300
2020-10-12 09:34:28.390,4.78,1000
2020-10-12 09:34:28.390,4.78,14400
2020-10-12 09:34:28.670,4.779,1200
2020-10-12 09:34:29.580,4.779,2000
2020-10-12 09:34:30.690,4.779,100
2020-10-12 09:34:30.690,4.779,1600
2020-10-12 09:34:30.690,4.779,500
2020-10-12 09:34:31.070,4.779,3200
2020-10-12 09:34:31.160,4.779,600
2020-10-12 09:34:31.560,4.779,4000
2020-10-12 09:34:31.560,4.779,200
2020-10-12 09:34:31.560,4.779,1800
2020-10-12 09:34:31.740,4.779,3000
2020-10-12 09:34:31.960,4.779,5000
2020-10-12 09:34:32.220,4.78,4000
2020-10-12 09:34:32.390,4.78,2100
2020-10-12 09:34:33.450,4.779,10000
2020-10-12 09:34:33.550,4.78,10000
2020-10-12 09:34:33.580,4.779,2000
2020-10-12 09:34:33.700,4.779,2000
2020-10-12 09:34:33.700,4.779,3000
2020-10-12 09:34:33.760,4.779,1000
2020-10-12 09:34:34.420,4.779,1000
2020-10-12 09:34:34.450,4.78,800
2020-10-12 09:34:34.840,4.779,1200
2020-10-12 09:34:34.840,4.779,100
2020-10-12 09:34:34.840,4.779,1200
2020-10-12 09:34:35.390,4.779,28300
2020-10-12 09:34:35.390,4.779,21700
2020-10-12 09:34:35.690,4.779,2000
2020-10-12 09:34:35.970,4.78,58800
2020-10-12 09:34:35.970,4.78,2000
2020-10-12 09:34:35.970,4.78,2000
2020-10-12 09:34:35.970,4.78,1000
2020-10-12 09:34:35.970,4.78,1000
2020-10-12 09:34:35.970,4.78,1000
2020-10-12 09:34:35.970,4.78,8000
2020-10-12 09:34:35.970,4.78,200
2020-10-12 09:34:35.970,4.78,5000
2020-10-12 09:34:35.970,4.78,4000
2020-10-12 09:34:35.970,4.78,500
2020-10-12 09:34:35.970,4.78,3000
2020-10-12 09:34:35.970,4.78,5000
2020-10-12 09:34:35.970,4.78,1000
2020-10-12 09:34:35.970,4.78,7500
2020-10-12 09:34:35.970,4.779,2000
2020-10-12 09:34:36.000,4.78,1700
2020-10-12 09:34:36.000,4.78,5000
2020-10-12 09:34:36.000,4.78,2000
2020-10-12 09:34:36.000,4.78,2000
2020-10-12 09:34:36.000,4.78,15000
2020-10-12 09:34:36.000,4.78,1000
2020-10-12 09:34:36.000,4.78,200
2020-10-12 09:34:36.000,4.78,2500
2020-10-12 09:34:36.000,4.78,5000
2020-10-12 09:34:36.000,4.78,1800
2020-10-12 09:34:36.000,4.78,13800
2020-10-12 09:34:36.030,4.779,4900
2020-10-12 09:34:36.250,4.78,6200
2020-10-12 09:34:36.250,4.78,5000
2020-10-12 09:34:36.250,4.78,3300
2020-10-12 09:34:36.250,4.78,15500
2020-10-12 09:34:36.680,4.779,5800
2020-10-12 09:34:36.680,4.779,2500
2020-10-12 09:34:36.680,4.779,900
2020-10-12 09:34:36.680,4.778,13300
2020-10-12 09:34:36.810,4.78,4500
2020-10-12 09:34:36.810,4.78,4000
2020-10-12 09:34:36.810,4.78,14400
2020-10-12 09:34:36.810,4.78,3000
2020-10-12 09:34:36.810,4.78,3000
2020-10-12 09:34:36.810,4.78,500
2020-10-12 09:34:36.810,4.78,10000
2020-10-12 09:34:36.810,4.78,60000
2020-10-12 09:34:36.810,4.78,13800
2020-10-12 09:34:36.810,4.78,40000
2020-10-12 09:34:36.810,4.78,11000
2020-10-12 09:34:36.810,4.78,2000
2020-10-12 09:34:36.810,4.78,2000
2020-10-12 09:34:36.810,4.78,2000
2020-10-12 09:34:36.810,4.78,2000
2020-10-12 09:34:36.810,4.78,3000
2020-10-12 09:34:36.810,4.78,20000
2020-10-12 09:34:36.810,4.78,5000
2020-10-12 09:34:36.810,4.78,10000
2020-10-12 09:34:36.810,4.78,3000
2020-10-12 09:34:36.810,4.78,2000
2020-10-12 09:34:36.810,4.78,4000
2020-10-12 09:34:36.810,4.78,1000
2020-10-12 09:34:36.810,4.78,5000
2020-10-12 09:34:36.810,4.78,200
2020-10-12 09:34:36.810,4.78,2000
2020-10-12 09:34:36.810,4.78,56400
2020-10-12 09:34:36.810,4.78,1100
2020-10-12 09:34:36.810,4.78,10000
2020-10-12 09:34:36.810,4.78,100
2020-10-12 09:34:36.810,4.78,5000
2020-10-12 09:34:37.370,4.78,500
2020-10-12 09:34:37.370,4.78,200
2020-10-12 09:34:37.370,4.78,299300
2020-10-12 09:34:37.430,4.78,191752
2020-10-12 09:34:37.430,4.78,5000
2020-10-12 09:34:37.430,4.78,1200
2020-10-12 09:34:37.430,4.78,100
2020-10-12 09:34:37.430,4.78,1200
2020-10-12 09:34:37.430,4.78,100
2020-10-12 09:34:37.430,4.78,600
2020-10-12 09:34:37.430,4.78,1000
2020-10-12 09:34:37.430,4.78,5000
2020-10-12 09:34:37.430,4.78,200
2020-10-12 09:34:37.430,4.78,1500
2020-10-12 09:34:37.430,4.78,2000
2020-10-12 09:34:37.430,4.78,5000
2020-10-12 09:34:37.430,4.78,3300
2020-10-12 09:34:37.430,4.78,10000
2020-10-12 09:34:37.430,4.78,5000
2020-10-12 09:34:37.430,4.78,6000
2020-10-12 09:34:37.430,4.78,3500
2020-10-12 09:34:37.430,4.78,2000
2020-10-12 09:34:37.430,4.78,2000
2020-10-12 09:34:37.430,4.78,4000
2020-10-12 09:34:37.430,4.78,20300
2020-10-12 09:34:37.430,4.78,100
2020-10-12 09:34:37.430,4.78,100
2020-10-12 09:34:37.430,4.78,300
2020-10-12 09:34:37.430,4.78,8400
2020-10-12 09:34:37.430,4.78,4000
2020-10-12 09:34:37.430,4.78,500
2020-10-12 09:34:37.430,4.78,6100
2020-10-12 09:34:37.430,4.78,5800
2020-10-12 09:34:37.430,4.78,3000
2020-10-12 09:34:37.430,4.78,500
2020-10-12 09:34:37.430,4.78,448
2020-10-12 09:34:37.800,4.779,3000
2020-10-12 09:34:37.800,4.78,2000
2020-10-12 09:34:38.880,4.779,1100
2020-10-12 09:34:38.880,4.78,2552
2020-10-12 09:34:38.880,4.78,1000
2020-10-12 09:34:38.880,4.78,8000
2020-10-12 09:34:38.880,4.78,600
2020-10-12 09:34:38.880,4.78,5000
2020-10-12 09:34:38.880,4.78,4000
2020-10-12 09:34:38.880,4.78,600
2020-10-12 09:34:38.880,4.78,8248
2020-10-12 09:34:38.880,4.778,12000
2020-10-12 09:34:38.880,4.778,1500
2020-10-12 09:34:38.880,4.778,300
2020-10-12 09:34:38.880,4.778,200
2020-10-12 09:34:38.880,4.778,6000
2020-10-12 09:34:39.120,4.78,1752
2020-10-12 09:34:39.120,4.78,6000
2020-10-12 09:34:39.180,4.781,400
2020-10-12 09:34:39.180,4.781,2000
2020-10-12 09:34:39.180,4.781,100
2020-10-12 09:34:39.180,4.781,700
2020-10-12 09:34:39.180,4.781,3100
2020-10-12 09:34:39.180,4.781,2000
2020-10-12 09:34:39.180,4.781,1000
2020-10-12 09:34:39.180,4.781,10000
2020-10-12 09:34:39.180,4.781,10000
2020-10-12 09:34:39.180,4.781,10000
2020-10-12 09:34:39.180,4.781,360700
2020-10-12 09:34:39.460,4.78,2000
2020-10-12 09:34:39.490,4.78,1100
2020-10-12 09:34:39.800,4.78,10000
2020-10-12 09:34:39.920,4.78,2000
2020-10-12 09:34:40.070,4.78,900
2020-10-12 09:34:40.660,4.78,2000
2020-10-12 09:34:41.390,4.78,2000
2020-10-12 09:34:41.420,4.78,35000
2020-10-12 09:34:41.670,4.781,30000
2020-10-12 09:34:41.890,4.781,20000
2020-10-12 09:34:41.890,4.781,100000
2020-10-12 09:34:41.890,4.781,20000
2020-10-12 09:34:41.890,4.781,20000
2020-10-12 09:34:41.890,4.781,80000
2020-10-12 09:34:42.900,4.78,100
2020-10-12 09:34:42.900,4.78,3500
2020-10-12 09:34:42.900,4.78,5800
2020-10-12 09:34:42.900,4.78,900
2020-10-12 09:34:42.900,4.78,2700
2020-10-12 09:34:42.900,4.78,500
2020-10-12 09:34:42.930,4.78,700
2020-10-12 09:34:42.950,4.78,2500
2020-10-12 09:34:43.440,4.781,200000
2020-10-12 09:34:43.470,4.781,159300
2020-10-12 09:34:43.470,4.781,100
2020-10-12 09:34:43.470,4.781,1000
2020-10-12 09:34:43.470,4.781,800
2020-10-12 09:34:43.470,4.781,500
2020-10-12 09:34:43.470,4.781,300
2020-10-12 09:34:43.470,4.781,10000
2020-10-12 09:34:43.470,4.781,100
2020-10-12 09:34:44.970,4.781,3000
2020-10-12 09:34:44.970,4.781,300
2020-10-12 09:34:45.340,4.781,200
2020-10-12 09:34:45.520,4.781,1000
2020-10-12 09:34:45.840,4.781,11500
2020-10-12 09:34:46.810,4.781,2000
2020-10-12 09:34:49.100,4.781,900
2020-10-12 09:34:49.460,4.781,18900
2020-10-12 09:34:49.900,4.781,40000
2020-10-12 09:34:49.900,4.781,10000
2020-10-12 09:34:49.960,4.781,4100
2020-10-12 09:34:50.870,4.781,3000
2020-10-12 09:34:51.510,4.781,16000
2020-10-12 09:34:51.600,4.781,100
2020-10-12 09:34:52.080,4.782,500
2020-10-12 09:34:52.990,4.781,500
2020-10-12 09:34:53.080,4.782,3500
2020-10-12 09:34:53.080,4.782,2000
2020-10-12 09:34:53.080,4.782,500
2020-10-12 09:34:53.080,4.782,1300
2020-10-12 09:34:53.080,4.782,5000
2020-10-12 09:34:53.080,4.782,30000
2020-10-12 09:34:53.080,4.782,3000
2020-10-12 09:34:53.080,4.782,2500
2020-10-12 09:34:53.080,4.782,800
2020-10-12 09:34:53.110,4.782,2800
2020-10-12 09:34:53.110,4.782,400
2020-10-12 09:34:53.110,4.782,4000
2020-10-12 09:34:53.110,4.782,2000
2020-10-12 09:34:53.110,4.782,2000
2020-10-12 09:34:53.110,4.782,500
2020-10-12 09:34:53.110,4.782,300
2020-10-12 09:34:53.110,4.782,18000
2020-10-12 09:34:53.570,4.781,200
2020-10-12 09:34:53.610,4.782,700
2020-10-12 09:34:54.750,4.781,20000
2020-10-12 09:34:55.350,4.781,50200
2020-10-12 09:34:55.820,4.782,21300
2020-10-12 09:34:55.820,4.782,6000
2020-10-12 09:34:55.820,4.782,2000
2020-10-12 09:34:55.820,4.782,1500
2020-10-12 09:34:55.820,4.782,1000
2020-10-12 09:34:55.820,4.782,10000
2020-10-12 09:34:55.820,4.782,1000
2020-10-12 09:34:55.820,4.782,1500
2020-10-12 09:34:55.820,4.782,3000
2020-10-12 09:34:55.820,4.782,16000
2020-10-12 09:34:55.820,4.782,1000
2020-10-12 09:34:55.860,4.782,2100
2020-10-12 09:34:56.620,4.782,10000
2020-10-12 09:34:56.680,4.782,1800
2020-10-12 09:34:56.770,4.782,30000
2020-10-12 09:34:56.840,4.782,1000
2020-10-12 09:34:57.590,4.782,2000
2020-10-12 09:34:57.650,4.782,27400
2020-10-12 09:34:57.650,4.782,20000
2020-10-12 09:34:57.650,4.782,300
2020-10-12 09:34:57.650,4.782,100
2020-10-12 09:34:57.650,4.781,14700
2020-10-12 09:34:57.720,4.781,2000
2020-10-12 09:34:58.660,4.782,5000
2020-10-12 09:34:58.780,4.782,1000
2020-10-12 09:35:00.270,4.782,4000
2020-10-12 09:35:00.430,4.782,1000
2020-10-12 09:35:00.860,4.782,100
2020-10-12 09:35:01.020,4.783,500
2020-10-12 09:35:01.690,4.782,2000
2020-10-12 09:35:02.090,4.782,2000
2020-10-12 09:35:02.370,4.782,2000
2020-10-12 09:35:02.640,4.782,2000
2020-10-12 09:35:02.700,4.783,500
2020-10-12 09:35:02.700,4.783,200
2020-10-12 09:35:02.700,4.783,2000
2020-10-12 09:35:02.700,4.783,10000
2020-10-12 09:35:02.700,4.783,19000
2020-10-12 09:35:02.700,4.783,1000
2020-10-12 09:35:02.700,4.783,40000
2020-10-12 09:35:02.700,4.783,5000
2020-10-12 09:35:02.700,4.783,20000
2020-10-12 09:35:02.700,4.783,5000
2020-10-12 09:35:02.700,4.783,600
2020-10-12 09:35:02.700,4.783,500
2020-10-12 09:35:02.700,4.783,3000
2020-10-12 09:35:02.700,4.783,2000
2020-10-12 09:35:02.700,4.783,4300
2020-10-12 09:35:02.700,4.783,30000
2020-10-12 09:35:02.700,4.783,5300
2020-10-12 09:35:02.700,4.783,10000
2020-10-12 09:35:02.700,4.783,42000
2020-10-12 09:35:02.700,4.783,8200
2020-10-12 09:35:02.700,4.783,1000
2020-10-12 09:35:02.700,4.783,15600
2020-10-12 09:35:02.700,4.783,500
2020-10-12 09:35:03.120,4.783,1100
2020-10-12 09:35:03.310,4.784,2400
2020-10-12 09:35:03.310,4.784,800
2020-10-12 09:35:03.310,4.784,500
2020-10-12 09:35:03.310,4.784,1000
2020-10-12 09:35:03.310,4.784,12000
2020-10-12 09:35:03.310,4.784,5000
2020-10-12 09:35:03.310,4.784,5000
2020-10-12 09:35:03.310,4.784,100000
2020-10-12 09:35:03.310,4.784,2000
2020-10-12 09:35:03.310,4.784,2000
2020-10-12 09:35:03.310,4.784,5000
2020-10-12 09:35:03.310,4.784,10000
2020-10-12 09:35:03.310,4.784,5900
2020-10-12 09:35:03.310,4.784,30000
2020-10-12 09:35:03.310,4.785,100
2020-10-12 09:35:03.310,4.785,2000
2020-10-12 09:35:03.310,4.785,200
2020-10-12 09:35:03.310,4.785,2000
2020-10-12 09:35:03.310,4.785,100
2020-10-12 09:35:03.310,4.785,8800
2020-10-12 09:35:03.310,4.785,3000
2020-10-12 09:35:03.310,4.785,20000
2020-10-12 09:35:03.310,4.785,11000
2020-10-12 09:35:03.310,4.785,3000
2020-10-12 09:35:03.310,4.785,10000
2020-10-12 09:35:03.310,4.785,800
2020-10-12 09:35:03.310,4.785,5000
2020-10-12 09:35:03.310,4.785,200
2020-10-12 09:35:03.310,4.785,200
2020-10-12 09:35:03.310,4.785,20000
2020-10-12 09:35:03.310,4.785,1000
2020-10-12 09:35:03.310,4.785,2000
2020-10-12 09:35:03.310,4.785,29000
2020-10-12 09:35:03.740,4.785,700
2020-10-12 09:35:03.830,4.783,800
2020-10-12 09:35:04.400,4.783,3800
2020-10-12 09:35:04.400,4.783,11000
2020-10-12 09:35:04.770,4.783,20000
2020-10-12 09:35:05.330,4.783,600
2020-10-12 09:35:05.330,4.783,100
2020-10-12 09:35:05.330,4.783,100
2020-10-12 09:35:05.330,4.782,1400
2020-10-12 09:35:05.900,4.782,9800
2020-10-12 09:35:05.900,4.782,100
2020-10-12 09:35:05.900,4.782,2000
2020-10-12 09:35:05.900,4.782,2000
2020-10-12 09:35:05.900,4.782,400
2020-10-12 09:35:05.900,4.782,1000
2020-10-12 09:35:05.900,4.782,1300
2020-10-12 09:35:05.930,4.781,10000
2020-10-12 09:35:06.220,4.782,5000
2020-10-12 09:35:06.550,4.782,13900
2020-10-12 09:35:06.550,4.782,10000
2020-10-12 09:35:06.840,4.782,40000
2020-10-12 09:35:06.840,4.782,100
2020-10-12 09:35:06.900,4.782,200
2020-10-12 09:35:07.320,4.782,38300
2020-10-12 09:35:07.410,4.782,100
2020-10-12 09:35:08.140,4.781,3500
2020-10-12 09:35:08.540,4.782,20000
2020-10-12 09:35:09.880,4.782,855800
2020-10-12 09:35:09.880,4.782,17000
2020-10-12 09:35:09.880,4.782,2000
2020-10-12 09:35:09.880,4.782,2000
2020-10-12 09:35:09.880,4.782,2000
2020-10-12 09:35:09.880,4.782,2000
2020-10-12 09:35:09.880,4.782,400
2020-10-12 09:35:10.070,4.783,500
2020-10-12 09:35:10.070,4.783,1400
2020-10-12 09:35:10.070,4.783,400
2020-10-12 09:35:10.070,4.783,1600
2020-10-12 09:35:10.600,4.782,2000
2020-10-12 09:35:11.280,4.782,100
2020-10-12 09:35:11.990,4.782,50000
2020-10-12 09:35:12.680,4.783,14000
2020-10-12 09:35:12.680,4.783,2000
2020-10-12 09:35:12.680,4.783,3500
2020-10-12 09:35:12.680,4.783,5000
2020-10-12 09:35:12.680,4.783,1400
2020-10-12 09:35:12.680,4.783,3600
2020-10-12 09:35:12.680,4.783,4600
2020-10-12 09:35:12.680,4.784,10000
2020-10-12 09:35:12.680,4.784,5000
2020-10-12 09:35:12.680,4.784,10000
2020-10-12 09:35:12.680,4.784,100
2020-10-12 09:35:12.820,4.784,300
2020-10-12 09:35:13.220,4.784,20000
2020-10-12 09:35:13.400,4.784,2700
2020-10-12 09:35:14.260,4.784,14700
2020-10-12 09:35:14.920,4.784,200
2020-10-12 09:35:15.010,4.784,5100
2020-10-12 09:35:15.910,4.784,7000
2020-10-12 09:35:15.950,4.784,2100
2020-10-12 09:35:16.040,4.784,100
2020-10-12 09:35:16.250,4.784,168600
2020-10-12 09:35:16.700,4.784,10000
2020-10-12 09:35:16.950,4.783,5000
2020-10-12 09:35:16.950,4.782,700
2020-10-12 09:35:17.290,4.784,200
2020-10-12 09:35:18.250,4.783,500
2020-10-12 09:35:18.250,4.782,29500
2020-10-12 09:35:18.590,4.782,2000
2020-10-12 09:35:18.650,4.784,100
2020-10-12 09:35:18.650,4.782,200
2020-10-12 09:35:20.430,4.783,5000
2020-10-12 09:35:20.430,4.783,100
2020-10-12 09:35:20.430,4.782,900
2020-10-12 09:35:21.340,4.782,2000
2020-10-12 09:35:22.270,4.782,3000
2020-10-12 09:35:22.450,4.782,700
2020-10-12 09:35:22.920,4.782,5000
2020-10-12 09:35:23.040,4.782,1000
2020-10-12 09:35:24.140,4.783,3000
2020-10-12 09:35:24.140,4.783,6700
2020-10-12 09:35:25.010,4.782,10000
2020-10-12 09:35:26.420,4.782,6700
2020-10-12 09:35:26.450,4.782,2600
2020-10-12 09:35:26.780,4.783,2000
2020-10-12 09:35:27.210,4.782,2000
2020-10-12 09:35:27.270,4.783,1300
2020-10-12 09:35:27.270,4.783,3000
2020-10-12 09:35:27.270,4.783,1000
2020-10-12 09:35:27.270,4.783,200
2020-10-12 09:35:27.270,4.783,7700
2020-10-12 09:35:27.270,4.783,4600
2020-10-12 09:35:27.360,4.783,100
2020-10-12 09:35:27.610,4.783,100
2020-10-12 09:35:27.640,4.783,7500
2020-10-12 09:35:27.640,4.783,5000
2020-10-12 09:35:27.640,4.783,2000
2020-10-12 09:35:27.640,4.783,5500
2020-10-12 09:35:27.760,4.783,1000
2020-10-12 09:35:29.010,4.782,400
2020-10-12 09:35:29.010,4.782,9600
2020-10-12 09:35:29.230,4.782,3000
2020-10-12 09:35:29.290,4.783,200
2020-10-12 09:35:30.240,4.783,3300
2020-10-12 09:35:30.240,4.783,13800
2020-10-12 09:35:30.490,4.783,300
2020-10-12 09:35:30.550,4.783,1200
2020-10-12 09:35:30.670,4.783,1300
2020-10-12 09:35:31.520,4.783,4400
2020-10-12 09:35:31.520,4.783,19300
2020-10-12 09:35:32.330,4.784,21100
2020-10-12 09:35:32.330,4.784,1000
2020-10-12 09:35:32.330,4.784,5000
2020-10-12 09:35:32.330,4.784,1000
2020-10-12 09:35:32.330,4.784,1000
2020-10-12 09:35:32.330,4.784,5000
2020-10-12 09:35:32.330,4.784,1000
2020-10-12 09:35:32.330,4.784,28400
2020-10-12 09:35:32.330,4.784,1000
2020-10-12 09:35:32.330,4.784,5000
2020-10-12 09:35:32.330,4.784,1000
2020-10-12 09:35:32.330,4.784,10000
2020-10-12 09:35:32.330,4.784,199500
2020-10-12 09:35:32.330,4.784,200
2020-10-12 09:35:32.960,4.783,500
2020-10-12 09:35:33.730,4.783,5000
2020-10-12 09:35:33.860,4.783,1000
2020-10-12 09:35:33.980,4.783,13800
2020-10-12 09:35:34.190,4.783,400
2020-10-12 09:35:34.560,4.783,6100
2020-10-12 09:35:34.770,4.784,3300
2020-10-12 09:35:35.250,4.783,5000
2020-10-12 09:35:35.430,4.783,600
2020-10-12 09:35:35.430,4.783,1000
2020-10-12 09:35:35.430,4.783,1000
2020-10-12 09:35:35.430,4.783,1000
2020-10-12 09:35:35.430,4.783,1400
2020-10-12 09:35:36.490,4.784,4600
2020-10-12 09:35:36.520,4.784,2000
2020-10-12 09:35:36.580,4.783,2000
2020-10-12 09:35:36.760,4.783,5300
2020-10-12 09:35:36.760,4.783,1300
2020-10-12 09:35:37.050,4.783,2000
2020-10-12 09:35:37.120,4.783,2400
2020-10-12 09:35:37.180,4.783,3000
2020-10-12 09:35:37.680,4.783,3000
