Datetime,Price,Volume
2020-11-10 09:25:00.290,3.491,700
2020-11-10 09:25:00.290,3.491,10025
2020-11-10 09:25:00.290,3.491,1500
2020-11-10 09:25:00.290,3.491,5600
2020-11-10 09:25:00.290,3.491,18175
2020-11-10 09:25:00.290,3.491,8000
2020-11-10 09:25:00.290,3.491,3825
2020-11-10 09:25:00.290,3.491,12675
2020-11-10 09:25:00.290,3.491,15000
2020-11-10 09:25:00.290,3.491,325
2020-11-10 09:25:00.290,3.491,175
2020-11-10 09:25:00.290,3.491,3000
2020-11-10 09:25:00.290,3.491,800
2020-11-10 09:25:00.290,3.491,34400
2020-11-10 09:25:00.290,3.491,1725
2020-11-10 09:25:00.290,3.491,475
2020-11-10 09:25:00.290,3.491,1500
2020-11-10 09:25:00.290,3.491,325
2020-11-10 09:25:00.290,3.491,6000
2020-11-10 09:25:00.290,3.491,1500
2020-11-10 09:25:00.290,3.491,12175
2020-11-10 09:25:00.290,3.491,7825
2020-11-10 09:25:00.290,3.491,4175
2020-11-10 09:25:00.290,3.491,6600
2020-11-10 09:25:00.290,3.491,4225
2020-11-10 09:25:00.290,3.491,6675
2020-11-10 09:25:00.290,3.491,21100
2020-11-10 09:25:00.290,3.491,8600
2020-11-10 09:25:00.290,3.491,9100
2020-11-10 09:25:00.290,3.491,12700
2020-11-10 09:25:00.290,3.491,8500
2020-11-10 09:25:00.290,3.491,3625
2020-11-10 09:25:00.290,3.491,1000
2020-11-10 09:25:00.290,3.491,400
2020-11-10 09:25:00.290,3.491,500
2020-11-10 09:25:00.290,3.491,100
2020-11-10 09:25:00.290,3.491,2000
2020-11-10 09:25:00.290,3.491,100
2020-11-10 09:25:00.290,3.491,500
2020-11-10 09:25:00.290,3.491,5000
2020-11-10 09:25:00.290,3.491,12675
2020-11-10 09:25:00.290,3.491,1600
2020-11-10 09:25:00.290,3.491,600
2020-11-10 09:25:00.290,3.491,100
2020-11-10 09:25:00.290,3.491,100
2020-11-10 09:25:00.290,3.491,5825
2020-11-10 09:25:00.290,3.491,10500
2020-11-10 09:25:00.290,3.491,5500
2020-11-10 09:25:00.290,3.491,47975
2020-11-10 09:25:00.290,3.491,1000
2020-11-10 09:25:00.290,3.491,3000
2020-11-10 09:25:00.290,3.491,5000
2020-11-10 09:25:00.290,3.491,22300
2020-11-10 09:25:00.290,3.491,7300
2020-11-10 09:25:00.290,3.491,15500
2020-11-10 09:25:00.290,3.491,10000
2020-11-10 09:25:00.290,3.491,20000
2020-11-10 09:25:00.290,3.491,39900
2020-11-10 09:25:00.290,3.491,5000
2020-11-10 09:25:00.290,3.491,10000
2020-11-10 09:25:00.290,3.491,3000
2020-11-10 09:25:00.290,3.491,3425
2020-11-10 09:25:00.290,3.491,200
2020-11-10 09:25:00.290,3.491,300
2020-11-10 09:25:00.290,3.491,1500
2020-11-10 09:25:00.290,3.491,15000
2020-11-10 09:25:00.290,3.491,9001
2020-11-10 09:25:00.290,3.491,900
2020-11-10 09:25:00.290,3.491,1000
2020-11-10 09:25:00.290,3.491,1000
2020-11-10 09:25:00.290,3.491,300
2020-11-10 09:25:00.290,3.491,200
2020-11-10 09:25:00.290,3.491,500
2020-11-10 09:25:00.290,3.491,100
2020-11-10 09:25:00.290,3.491,100
2020-11-10 09:25:00.290,3.491,10000
2020-11-10 09:25:00.290,3.491,10000
2020-11-10 09:25:00.290,3.491,5000
2020-11-10 09:25:00.290,3.491,5000
2020-11-10 09:25:00.290,3.491,200
2020-11-10 09:25:00.290,3.491,400
2020-11-10 09:25:00.290,3.491,100
2020-11-10 09:25:00.290,3.491,5000
2020-11-10 09:25:00.290,3.491,10000
2020-11-10 09:25:00.290,3.491,200
2020-11-10 09:25:00.290,3.491,400
2020-11-10 09:25:00.290,3.491,800
2020-11-10 09:25:00.290,3.491,2000
2020-11-10 09:25:00.290,3.491,2000
2020-11-10 09:25:00.290,3.491,30300
2020-11-10 09:25:00.290,3.491,10000
2020-11-10 09:25:00.290,3.491,700
2020-11-10 09:25:00.290,3.491,600
2020-11-10 09:25:00.290,3.491,100
2020-11-10 09:25:00.290,3.491,11000
2020-11-10 09:25:00.290,3.491,10000
2020-11-10 09:25:00.290,3.491,20000
2020-11-10 09:25:00.290,3.491,8900
2020-11-10 09:25:00.290,3.491,3000
2020-11-10 09:25:00.290,3.491,20000
2020-11-10 09:25:00.290,3.491,9000
2020-11-10 09:25:00.290,3.491,1000
2020-11-10 09:25:00.290,3.491,9000
2020-11-10 09:25:00.290,3.491,100
2020-11-10 09:25:00.290,3.491,5000
2020-11-10 09:25:00.290,3.491,4300
2020-11-10 09:25:00.290,3.491,20000
2020-11-10 09:25:00.290,3.491,100
2020-11-10 09:25:00.290,3.491,5000
2020-11-10 09:25:00.290,3.491,32700
2020-11-10 09:25:00.290,3.491,9000
2020-11-10 09:25:00.290,3.491,200
2020-11-10 09:25:00.290,3.491,9000
2020-11-10 09:25:00.290,3.491,19000
2020-11-10 09:25:00.290,3.491,14200
2020-11-10 09:25:00.290,3.491,800
2020-11-10 09:25:00.290,3.491,25000
2020-11-10 09:25:00.290,3.491,20100
2020-11-10 09:25:00.290,3.491,20000
2020-11-10 09:25:00.290,3.491,15000
2020-11-10 09:25:00.290,3.491,1200
2020-11-10 09:25:00.290,3.491,1600
2020-11-10 09:25:00.290,3.491,23000
2020-11-10 09:25:00.290,3.491,1300
2020-11-10 09:25:00.290,3.491,9000
2020-11-10 09:25:00.290,3.491,400
2020-11-10 09:25:00.290,3.491,2000
2020-11-10 09:25:00.290,3.491,600
2020-11-10 09:25:00.290,3.491,4000
2020-11-10 09:25:00.290,3.491,2000
2020-11-10 09:25:00.290,3.491,20000
2020-11-10 09:25:00.290,3.491,17174
2020-11-10 09:25:00.290,3.491,9000
2020-11-10 09:25:00.290,3.491,10000
2020-11-10 09:25:00.290,3.491,1326
2020-11-10 09:25:00.290,3.491,500
2020-11-10 09:25:00.290,3.491,7000
2020-11-10 09:25:00.290,3.491,21174
2020-11-10 09:25:00.290,3.491,53326
2020-11-10 09:25:00.290,3.491,500
2020-11-10 09:25:00.290,3.491,700
2020-11-10 09:25:00.290,3.491,100
2020-11-10 09:25:00.290,3.491,500
2020-11-10 09:25:00.290,3.491,500
2020-11-10 09:25:00.290,3.491,5000
2020-11-10 09:25:00.290,3.491,2200
2020-11-10 09:25:00.290,3.491,2900
2020-11-10 09:25:00.290,3.491,10000
2020-11-10 09:25:00.290,3.491,1100
2020-11-10 09:25:00.290,3.491,10000
2020-11-10 09:25:00.290,3.491,11000
2020-11-10 09:25:00.290,3.491,81000
2020-11-10 09:25:00.290,3.491,1100
2020-11-10 09:25:00.290,3.491,8900
2020-11-10 09:25:00.290,3.491,9000
2020-11-10 09:25:00.290,3.491,3000
2020-11-10 09:25:00.290,3.491,9400
2020-11-10 09:25:00.290,3.491,1000
2020-11-10 09:25:00.290,3.491,2300
2020-11-10 09:25:00.290,3.491,1000
2020-11-10 09:25:00.290,3.491,30000
2020-11-10 09:25:00.290,3.491,1900
2020-11-10 09:25:00.290,3.491,3800
2020-11-10 09:25:00.290,3.491,2000
2020-11-10 09:25:00.290,3.491,10000
2020-11-10 09:25:00.290,3.491,8000
2020-11-10 09:25:00.290,3.491,29774
2020-11-10 09:25:00.290,3.491,70226
2020-11-10 09:25:00.290,3.491,10000
2020-11-10 09:25:00.290,3.491,10000
2020-11-10 09:25:00.290,3.491,4000
2020-11-10 09:25:00.290,3.491,9000
2020-11-10 09:25:00.290,3.491,8000
2020-11-10 09:25:00.290,3.491,300
2020-11-10 09:25:00.290,3.491,5000
2020-11-10 09:25:00.290,3.491,6000
2020-11-10 09:25:00.290,3.491,44000
2020-11-10 09:25:00.290,3.491,10100
2020-11-10 09:25:00.290,3.491,400
2020-11-10 09:25:00.290,3.491,5000
2020-11-10 09:25:00.290,3.491,4000
2020-11-10 09:25:00.290,3.491,200
2020-11-10 09:25:00.290,3.491,4000
2020-11-10 09:25:00.290,3.491,9000
2020-11-10 09:25:00.290,3.491,1900
2020-11-10 09:25:00.290,3.491,15000
2020-11-10 09:25:00.290,3.491,6000
2020-11-10 09:25:00.290,3.491,10000
2020-11-10 09:25:00.290,3.491,50000
2020-11-10 09:25:00.290,3.491,900
2020-11-10 09:25:00.290,3.491,9000
2020-11-10 09:25:00.290,3.491,33400
2020-11-10 09:25:00.290,3.491,10000
2020-11-10 09:25:00.290,3.491,1200
2020-11-10 09:25:00.290,3.491,86100
2020-11-10 09:25:00.290,3.491,300
2020-11-10 09:25:00.290,3.491,200
2020-11-10 09:25:00.290,3.491,1500
2020-11-10 09:25:00.290,3.491,3500
2020-11-10 09:25:00.290,3.491,9000
2020-11-10 09:25:00.290,3.491,10000
2020-11-10 09:25:00.290,3.491,8000
2020-11-10 09:25:00.290,3.491,3000
2020-11-10 09:25:00.290,3.491,3900
2020-11-10 09:25:00.290,3.491,500
2020-11-10 09:25:00.290,3.491,300
2020-11-10 09:25:00.290,3.491,2000
2020-11-10 09:25:00.290,3.491,66000
2020-11-10 09:25:00.290,3.491,500
2020-11-10 09:25:00.290,3.491,10000
2020-11-10 09:25:00.290,3.491,30000
2020-11-10 09:25:00.290,3.491,115800
2020-11-10 09:25:00.290,3.491,20000
2020-11-10 09:25:00.290,3.491,9800
2020-11-10 09:25:00.290,3.491,700
2020-11-10 09:25:00.290,3.491,10000
2020-11-10 09:25:00.290,3.491,100
2020-11-10 09:25:00.290,3.491,20000
2020-11-10 09:25:00.290,3.491,9000
2020-11-10 09:25:00.290,3.491,10000
2020-11-10 09:25:00.290,3.491,4000
2020-11-10 09:25:00.290,3.491,5000
2020-11-10 09:25:00.290,3.491,800
2020-11-10 09:25:00.290,3.491,15000
2020-11-10 09:25:00.290,3.491,100
2020-11-10 09:25:00.290,3.491,1100
2020-11-10 09:25:00.290,3.491,5000
2020-11-10 09:25:00.290,3.491,1000
2020-11-10 09:25:00.290,3.491,58000
2020-11-10 09:25:00.290,3.491,400
2020-11-10 09:25:00.290,3.491,2000
2020-11-10 09:25:00.290,3.491,9000
2020-11-10 09:25:00.290,3.491,700
2020-11-10 09:25:00.290,3.491,700
2020-11-10 09:25:00.290,3.491,3000
2020-11-10 09:25:00.290,3.491,11000
2020-11-10 09:25:00.290,3.491,10000
2020-11-10 09:25:00.290,3.491,100
2020-11-10 09:25:00.290,3.491,100
2020-11-10 09:25:00.290,3.491,2000
2020-11-10 09:25:00.290,3.491,4174
2020-11-10 09:25:00.290,3.491,4826
2020-11-10 09:25:00.290,3.491,5000
2020-11-10 09:25:00.290,3.491,374
2020-11-10 09:25:00.290,3.491,626
2020-11-10 09:25:00.290,3.491,2900
2020-11-10 09:25:00.290,3.491,2174
2020-11-10 09:25:00.290,3.491,3826
2020-11-10 09:25:00.290,3.491,13374
2020-11-10 09:25:00.290,3.491,5000
2020-11-10 09:25:00.290,3.491,200
2020-11-10 09:25:00.290,3.491,11426
2020-11-10 09:25:00.290,3.491,2000
2020-11-10 09:25:00.290,3.491,1500
2020-11-10 09:25:00.290,3.491,2500
2020-11-10 09:25:00.290,3.491,1500
2020-11-10 09:25:00.290,3.491,1000
2020-11-10 09:25:00.290,3.491,2900
2020-11-10 09:25:00.290,3.491,3400
2020-11-10 09:25:00.290,3.491,200
2020-11-10 09:25:00.290,3.491,1000
2020-11-10 09:25:00.290,3.491,100
2020-11-10 09:25:00.290,3.491,63800
2020-11-10 09:25:00.290,3.491,1500
2020-11-10 09:25:00.290,3.491,2000
2020-11-10 09:25:00.290,3.491,9000
2020-11-10 09:25:00.290,3.491,16800
2020-11-10 09:25:00.290,3.491,2300
2020-11-10 09:25:00.290,3.491,1000
2020-11-10 09:25:00.290,3.491,1200
2020-11-10 09:25:00.290,3.491,16000
2020-11-10 09:25:00.290,3.491,9000
2020-11-10 09:25:00.290,3.491,5000
2020-11-10 09:25:00.290,3.491,20000
2020-11-10 09:25:00.290,3.491,24000
2020-11-10 09:25:00.290,3.491,200
2020-11-10 09:25:00.290,3.491,10000
2020-11-10 09:25:00.290,3.491,500
2020-11-10 09:25:00.290,3.491,100
2020-11-10 09:25:00.290,3.491,20000
2020-11-10 09:25:00.290,3.491,10000
2020-11-10 09:25:00.290,3.491,1200
2020-11-10 09:25:00.290,3.491,2300
2020-11-10 09:25:00.290,3.491,100
2020-11-10 09:25:00.290,3.491,500
2020-11-10 09:25:00.290,3.491,10000
2020-11-10 09:25:00.290,3.491,2000
2020-11-10 09:25:00.290,3.491,100
2020-11-10 09:25:00.290,3.491,2800
2020-11-10 09:25:00.290,3.491,5000
2020-11-10 09:25:00.290,3.491,1000
2020-11-10 09:25:00.290,3.491,5000
2020-11-10 09:25:00.290,3.491,300
2020-11-10 09:25:00.290,3.491,10000
2020-11-10 09:25:00.290,3.491,2200
2020-11-10 09:25:00.290,3.491,2000
2020-11-10 09:25:00.290,3.491,9000
2020-11-10 09:25:00.290,3.491,4000
2020-11-10 09:25:00.290,3.491,3100
2020-11-10 09:25:00.290,3.491,200
2020-11-10 09:25:00.290,3.491,20000
2020-11-10 09:25:00.290,3.491,3000
2020-11-10 09:25:00.290,3.491,14800
2020-11-10 09:25:00.290,3.491,225000
2020-11-10 09:25:00.290,3.491,900
2020-11-10 09:25:00.290,3.491,20000
2020-11-10 09:25:00.290,3.491,1000
2020-11-10 09:25:00.290,3.491,10000
2020-11-10 09:25:00.290,3.491,8000
2020-11-10 09:25:00.290,3.491,2000
2020-11-10 09:25:00.290,3.491,5000
2020-11-10 09:25:00.290,3.491,700
2020-11-10 09:25:00.290,3.491,4300
2020-11-10 09:25:00.290,3.491,10000
2020-11-10 09:25:00.290,3.491,2800
2020-11-10 09:25:00.290,3.491,1600
2020-11-10 09:25:00.290,3.491,225000
2020-11-10 09:25:00.290,3.491,100
2020-11-10 09:25:00.290,3.491,20000
2020-11-10 09:25:00.290,3.491,100
2020-11-10 09:25:00.290,3.491,8600
2020-11-10 09:25:00.290,3.491,1000
2020-11-10 09:25:00.290,3.491,2000
2020-11-10 09:25:00.290,3.491,10000
2020-11-10 09:25:00.290,3.491,3374
2020-11-10 09:25:00.290,3.491,55626
2020-11-10 09:25:00.290,3.491,600
2020-11-10 09:25:00.290,3.491,2000
2020-11-10 09:25:00.290,3.491,500
2020-11-10 09:25:00.290,3.491,5000
2020-11-10 09:25:00.290,3.491,800
2020-11-10 09:25:00.290,3.491,500
2020-11-10 09:25:00.290,3.491,10000
2020-11-10 09:25:00.290,3.491,20000
2020-11-10 09:25:00.290,3.491,2000
2020-11-10 09:25:00.290,3.491,5000
2020-11-10 09:25:00.290,3.491,5000
2020-11-10 09:25:00.290,3.491,5000
2020-11-10 09:25:00.290,3.491,5000
2020-11-10 09:25:00.290,3.491,1000
2020-11-10 09:25:00.290,3.491,1000
2020-11-10 09:25:00.290,3.491,1000
2020-11-10 09:25:00.290,3.491,2000
2020-11-10 09:25:00.290,3.491,1000
2020-11-10 09:25:00.290,3.491,500
2020-11-10 09:25:00.290,3.491,10000
2020-11-10 09:25:00.290,3.491,15000
2020-11-10 09:25:00.290,3.491,1000
2020-11-10 09:25:00.290,3.491,1900
2020-11-10 09:25:00.290,3.491,200
2020-11-10 09:25:00.290,3.491,18000
2020-11-10 09:25:00.290,3.491,11000
2020-11-10 09:25:00.290,3.491,200000
2020-11-10 09:25:00.290,3.491,100000
2020-11-10 09:25:00.290,3.491,2000
2020-11-10 09:25:00.290,3.491,100
2020-11-10 09:25:00.290,3.491,1000
2020-11-10 09:25:00.290,3.491,100
2020-11-10 09:25:00.290,3.491,1500
2020-11-10 09:25:00.290,3.491,10100
2020-11-10 09:25:00.290,3.491,4400
2020-11-10 09:25:00.290,3.491,2000
2020-11-10 09:25:00.290,3.491,500
2020-11-10 09:25:00.290,3.491,400
2020-11-10 09:25:00.290,3.491,3000
2020-11-10 09:25:00.290,3.491,100
2020-11-10 09:25:00.290,3.491,500
2020-11-10 09:25:00.290,3.491,2000
2020-11-10 09:25:00.290,3.491,10000
2020-11-10 09:25:00.290,3.491,100
2020-11-10 09:25:00.290,3.491,300
2020-11-10 09:25:00.290,3.491,2000
2020-11-10 09:25:00.290,3.491,200
2020-11-10 09:25:00.290,3.491,10000
2020-11-10 09:25:00.290,3.491,600
2020-11-10 09:25:00.290,3.491,10000
2020-11-10 09:25:00.290,3.491,1300
2020-11-10 09:25:00.290,3.491,10000
2020-11-10 09:25:00.290,3.491,6100
2020-11-10 09:25:00.290,3.491,500
2020-11-10 09:25:00.290,3.491,3000
2020-11-10 09:25:00.290,3.491,10000
2020-11-10 09:25:00.290,3.491,600
2020-11-10 09:25:00.290,3.491,3000
2020-11-10 09:25:00.290,3.491,500
2020-11-10 09:25:00.290,3.491,57300
2020-11-10 09:30:00.020,3.492,100
2020-11-10 09:30:00.020,3.492,20000
2020-11-10 09:30:00.020,3.492,10000
2020-11-10 09:30:00.020,3.492,1200
2020-11-10 09:30:00.020,3.492,2000
2020-11-10 09:30:00.020,3.492,10000
2020-11-10 09:30:00.030,3.492,29300
2020-11-10 09:30:00.030,3.491,221600
2020-11-10 09:30:00.150,3.491,1600
2020-11-10 09:30:00.150,3.491,42974
2020-11-10 09:30:00.340,3.491,5000
2020-11-10 09:30:00.340,3.49,15000
2020-11-10 09:30:00.340,3.49,50000
2020-11-10 09:30:00.340,3.49,29000
2020-11-10 09:30:00.340,3.49,1800
2020-11-10 09:30:00.340,3.49,39500
2020-11-10 09:30:00.390,3.491,3000
2020-11-10 09:30:00.470,3.49,500
2020-11-10 09:30:00.470,3.49,200
2020-11-10 09:30:00.470,3.491,4700
2020-11-10 09:30:00.470,3.49,123600
2020-11-10 09:30:00.470,3.491,3000
2020-11-10 09:30:00.580,3.49,7000
2020-11-10 09:30:00.580,3.491,5000
2020-11-10 09:30:00.580,3.491,400
2020-11-10 09:30:00.690,3.491,5000
2020-11-10 09:30:00.690,3.491,20000
2020-11-10 09:30:00.690,3.491,7400
2020-11-10 09:30:00.800,3.491,10000
2020-11-10 09:30:00.800,3.491,2600
2020-11-10 09:30:00.930,3.491,10000
2020-11-10 09:30:00.930,3.49,3000
2020-11-10 09:30:01.040,3.491,33300
2020-11-10 09:30:01.040,3.49,26200
2020-11-10 09:30:01.040,3.49,15000
2020-11-10 09:30:01.040,3.49,48500
2020-11-10 09:30:01.150,3.491,14300
2020-11-10 09:30:01.150,3.491,10000
2020-11-10 09:30:01.150,3.491,1900
2020-11-10 09:30:01.260,3.491,121426
2020-11-10 09:30:01.260,3.491,200
2020-11-10 09:30:01.260,3.491,10000
2020-11-10 09:30:01.260,3.491,1000
2020-11-10 09:30:01.260,3.491,22874
2020-11-10 09:30:01.260,3.491,13600
2020-11-10 09:30:01.260,3.491,200
2020-11-10 09:30:01.260,3.491,4000
2020-11-10 09:30:01.260,3.491,1000
2020-11-10 09:30:01.260,3.49,32000
2020-11-10 09:30:01.260,3.49,2000
2020-11-10 09:30:01.480,3.49,14500
2020-11-10 09:30:01.480,3.49,1500
2020-11-10 09:30:01.480,3.49,1000
2020-11-10 09:30:01.480,3.49,3500
2020-11-10 09:30:01.480,3.49,10000
2020-11-10 09:30:01.480,3.49,1700
2020-11-10 09:30:01.480,3.49,10000
2020-11-10 09:30:01.480,3.491,18300
2020-11-10 09:30:01.480,3.491,7700
2020-11-10 09:30:01.480,3.491,9900
2020-11-10 09:30:01.580,3.491,6000
2020-11-10 09:30:01.580,3.491,6000
2020-11-10 09:30:01.580,3.49,3000
2020-11-10 09:30:01.580,3.491,45726
2020-11-10 09:30:01.580,3.491,2000
2020-11-10 09:30:01.580,3.491,4000
2020-11-10 09:30:01.580,3.491,2000
2020-11-10 09:30:01.580,3.491,400
2020-11-10 09:30:01.580,3.491,600
2020-11-10 09:30:01.580,3.491,10000
2020-11-10 09:30:01.580,3.491,7074
2020-11-10 09:30:01.580,3.49,100
2020-11-10 09:30:01.690,3.491,5000
2020-11-10 09:30:01.690,3.491,200
2020-11-10 09:30:01.690,3.49,1000
2020-11-10 09:30:01.690,3.491,4800
2020-11-10 09:30:01.690,3.491,100
2020-11-10 09:30:01.690,3.491,2826
2020-11-10 09:30:01.690,3.491,2000
2020-11-10 09:30:01.690,3.491,3274
2020-11-10 09:30:01.790,3.491,500
2020-11-10 09:30:01.790,3.49,100
2020-11-10 09:30:01.790,3.491,17700
2020-11-10 09:30:01.790,3.491,30000
2020-11-10 09:30:01.790,3.49,800
2020-11-10 09:30:01.900,3.491,3000
2020-11-10 09:30:01.900,3.49,5000
2020-11-10 09:30:01.900,3.49,2100
2020-11-10 09:30:01.900,3.491,900
2020-11-10 09:30:02.020,3.491,3000
2020-11-10 09:30:02.020,3.491,9900
2020-11-10 09:30:02.020,3.491,32926
2020-11-10 09:30:02.020,3.491,600
2020-11-10 09:30:02.020,3.491,100
2020-11-10 09:30:02.020,3.491,500
2020-11-10 09:30:02.020,3.491,15874
2020-11-10 09:30:02.020,3.489,19300
2020-11-10 09:30:02.020,3.489,10000
2020-11-10 09:30:02.020,3.488,3500
2020-11-10 09:30:02.020,3.488,1500
2020-11-10 09:30:02.020,3.488,30000
2020-11-10 09:30:02.020,3.487,200000
2020-11-10 09:30:02.020,3.487,1100
2020-11-10 09:30:02.120,3.487,3000
2020-11-10 09:30:02.120,3.487,3600
2020-11-10 09:30:02.230,3.487,5000
2020-11-10 09:30:02.230,3.487,3700
2020-11-10 09:30:02.370,3.487,1400
2020-11-10 09:30:02.370,3.487,17900
2020-11-10 09:30:02.370,3.49,2100
2020-11-10 09:30:02.370,3.49,1300
2020-11-10 09:30:02.370,3.49,18700
2020-11-10 09:30:02.480,3.49,2900
2020-11-10 09:30:02.600,3.49,3400
2020-11-10 09:30:02.600,3.49,800
2020-11-10 09:30:02.710,3.49,30000
2020-11-10 09:30:02.710,3.488,3200
2020-11-10 09:30:02.710,3.488,25000
2020-11-10 09:30:02.710,3.49,17300
2020-11-10 09:30:02.860,3.486,2500
2020-11-10 09:30:02.860,3.486,5000
2020-11-10 09:30:02.860,3.485,5500
2020-11-10 09:30:02.860,3.49,20000
2020-11-10 09:30:02.860,3.486,2800
2020-11-10 09:30:03.100,3.486,50000
2020-11-10 09:30:03.100,3.486,30000
2020-11-10 09:30:03.100,3.486,8000
2020-11-10 09:30:03.100,3.485,1300
2020-11-10 09:30:03.100,3.486,22000
2020-11-10 09:30:03.100,3.486,14300
2020-11-10 09:30:03.200,3.486,93900
2020-11-10 09:30:03.200,3.486,10000
2020-11-10 09:30:03.310,3.486,20000
2020-11-10 09:30:03.310,3.486,30000
2020-11-10 09:30:03.310,3.486,19000
2020-11-10 09:30:03.310,3.49,900
2020-11-10 09:30:03.310,3.49,10000
2020-11-10 09:30:03.310,3.49,5000
2020-11-10 09:30:03.430,3.49,2000
2020-11-10 09:30:03.430,3.49,7800
2020-11-10 09:30:03.430,3.49,5000
2020-11-10 09:30:03.550,3.49,60000
2020-11-10 09:30:03.550,3.49,50000
2020-11-10 09:30:03.550,3.49,20000
2020-11-10 09:30:03.660,3.486,6700
2020-11-10 09:30:03.660,3.486,93300
2020-11-10 09:30:03.660,3.487,6700
2020-11-10 09:30:03.820,3.487,3000
2020-11-10 09:30:03.980,3.487,1500
2020-11-10 09:30:03.980,3.487,3000
2020-11-10 09:30:03.980,3.485,2000
2020-11-10 09:30:04.090,3.486,100
2020-11-10 09:30:04.090,3.487,9900
2020-11-10 09:30:04.090,3.487,10000
2020-11-10 09:30:04.090,3.487,10000
2020-11-10 09:30:04.090,3.487,5000
2020-11-10 09:30:04.090,3.487,10000
2020-11-10 09:30:04.210,3.485,100
2020-11-10 09:30:04.320,3.487,100
2020-11-10 09:30:04.320,3.487,30000
2020-11-10 09:30:04.320,3.487,10800
2020-11-10 09:30:04.320,3.487,9000
2020-11-10 09:30:04.320,3.488,10000
2020-11-10 09:30:04.320,3.488,30200
2020-11-10 09:30:04.380,3.488,5000
2020-11-10 09:30:04.440,3.488,36000
2020-11-10 09:30:04.440,3.488,10000
2020-11-10 09:30:04.510,3.488,3000
2020-11-10 09:30:04.510,3.486,3000
2020-11-10 09:30:04.510,3.488,1000
2020-11-10 09:30:04.620,3.488,1000
2020-11-10 09:30:04.620,3.488,900
2020-11-10 09:30:04.770,3.488,57500
2020-11-10 09:30:04.880,3.485,2000
2020-11-10 09:30:04.880,3.488,32200
2020-11-10 09:30:04.920,3.488,4000
2020-11-10 09:30:04.920,3.488,500
2020-11-10 09:30:04.970,3.488,4100
2020-11-10 09:30:05.090,3.488,77700
2020-11-10 09:30:05.090,3.488,2000
2020-11-10 09:30:05.140,3.485,8100
2020-11-10 09:30:05.140,3.485,3000
2020-11-10 09:30:05.140,3.485,80000
2020-11-10 09:30:05.140,3.485,15000
2020-11-10 09:30:05.140,3.485,5500
2020-11-10 09:30:05.220,3.485,8000
2020-11-10 09:30:05.220,3.485,200
2020-11-10 09:30:05.290,3.484,1200
2020-11-10 09:30:05.290,3.484,2100
2020-11-10 09:30:05.290,3.483,5000
2020-11-10 09:30:05.290,3.483,30000
2020-11-10 09:30:05.290,3.483,1000
2020-11-10 09:30:05.290,3.483,10000
2020-11-10 09:30:05.290,3.483,10000
2020-11-10 09:30:05.290,3.483,20000
2020-11-10 09:30:05.290,3.483,60000
2020-11-10 09:30:05.290,3.482,1900
2020-11-10 09:30:05.290,3.482,100000
2020-11-10 09:30:05.290,3.482,30000
2020-11-10 09:30:05.290,3.482,22000
2020-11-10 09:30:05.290,3.482,6800
2020-11-10 09:30:05.530,3.484,100
2020-11-10 09:30:05.640,3.484,3400
2020-11-10 09:30:05.680,3.484,20000
2020-11-10 09:30:05.680,3.484,2800
2020-11-10 09:30:05.860,3.485,20000
2020-11-10 09:30:06.140,3.485,10000
2020-11-10 09:30:06.280,3.485,150000
2020-11-10 09:30:06.350,3.484,400
2020-11-10 09:30:06.350,3.484,17200
2020-11-10 09:30:06.480,3.484,6100
2020-11-10 09:30:06.480,3.485,200
2020-11-10 09:30:06.480,3.485,3000
2020-11-10 09:30:06.480,3.487,700
2020-11-10 09:30:06.590,3.487,1000
2020-11-10 09:30:06.590,3.487,10000
2020-11-10 09:30:06.630,3.487,2000
2020-11-10 09:30:06.670,3.487,20000
2020-11-10 09:30:06.710,3.487,16300
2020-11-10 09:30:06.710,3.488,2800
2020-11-10 09:30:06.820,3.488,200
2020-11-10 09:30:06.820,3.49,9800
2020-11-10 09:30:07.000,3.485,1000
2020-11-10 09:30:07.000,3.485,1000
2020-11-10 09:30:07.000,3.486,9000
2020-11-10 09:30:07.000,3.483,2000
2020-11-10 09:30:07.000,3.486,5500
2020-11-10 09:30:07.200,3.486,10000
2020-11-10 09:30:07.310,3.486,2000
2020-11-10 09:30:07.310,3.486,14400
2020-11-10 09:30:07.310,3.486,28600
2020-11-10 09:30:07.350,3.486,3000
2020-11-10 09:30:07.350,3.486,6800
2020-11-10 09:30:07.390,3.486,40000
2020-11-10 09:30:07.390,3.486,14000
2020-11-10 09:30:07.550,3.486,65500
2020-11-10 09:30:07.620,3.486,40000
2020-11-10 09:30:07.620,3.486,40000
2020-11-10 09:30:07.620,3.486,40000
2020-11-10 09:30:07.620,3.486,40000
2020-11-10 09:30:07.620,3.486,40000
2020-11-10 09:30:07.620,3.486,20000
2020-11-10 09:30:07.620,3.486,14500
2020-11-10 09:30:07.660,3.482,300
2020-11-10 09:30:07.660,3.482,39700
2020-11-10 09:30:07.660,3.482,40000
2020-11-10 09:30:07.660,3.485,14300
2020-11-10 09:30:07.790,3.485,2000
2020-11-10 09:30:07.860,3.485,3700
2020-11-10 09:30:07.860,3.486,1300
2020-11-10 09:30:07.900,3.486,38700
2020-11-10 09:30:07.900,3.487,100
2020-11-10 09:30:07.900,3.487,11200
2020-11-10 09:30:07.900,3.487,300
2020-11-10 09:30:07.940,3.487,10000
2020-11-10 09:30:08.110,3.485,3000
2020-11-10 09:30:08.110,3.482,20300
2020-11-10 09:30:08.110,3.482,10000
2020-11-10 09:30:08.110,3.482,4000
2020-11-10 09:30:08.110,3.482,5700
2020-11-10 09:30:08.110,3.485,27000
2020-11-10 09:30:08.110,3.486,30000
2020-11-10 09:30:08.110,3.486,1000
2020-11-10 09:30:08.110,3.486,12000
2020-11-10 09:30:08.160,3.486,87000
2020-11-10 09:30:08.160,3.487,28500
2020-11-10 09:30:08.160,3.487,50000
2020-11-10 09:30:08.160,3.487,234400
2020-11-10 09:30:08.210,3.482,4300
2020-11-10 09:30:08.210,3.482,3000
2020-11-10 09:30:08.210,3.481,17100
2020-11-10 09:30:08.210,3.481,1000
2020-11-10 09:30:08.210,3.481,4600
2020-11-10 09:30:08.250,3.483,1000
2020-11-10 09:30:08.340,3.483,4700
2020-11-10 09:30:08.380,3.482,10000
2020-11-10 09:30:08.380,3.483,5000
2020-11-10 09:30:08.490,3.483,1000
2020-11-10 09:30:08.490,3.482,10000
2020-11-10 09:30:08.530,3.481,30000
2020-11-10 09:30:08.530,3.483,100
2020-11-10 09:30:08.610,3.483,8000
2020-11-10 09:30:08.780,3.483,10000
2020-11-10 09:30:08.810,3.483,10200
2020-11-10 09:30:08.810,3.483,9800
2020-11-10 09:30:09.010,3.482,1400
2020-11-10 09:30:09.010,3.482,100
2020-11-10 09:30:09.130,3.482,500
2020-11-10 09:30:09.210,3.482,8000
2020-11-10 09:30:09.210,3.484,6000
2020-11-10 09:30:09.210,3.484,10000
2020-11-10 09:30:09.340,3.484,14000
2020-11-10 09:30:09.340,3.486,26000
2020-11-10 09:30:09.490,3.481,4300
2020-11-10 09:30:09.490,3.486,8900
2020-11-10 09:30:09.490,3.487,11100
2020-11-10 09:30:09.610,3.487,12300
2020-11-10 09:30:09.610,3.481,1000
2020-11-10 09:30:09.730,3.487,20000
2020-11-10 09:30:09.800,3.485,10300
2020-11-10 09:30:09.800,3.487,22200
2020-11-10 09:30:09.800,3.487,72100
2020-11-10 09:30:09.920,3.481,3000
2020-11-10 09:30:09.920,3.487,3000
2020-11-10 09:30:10.050,3.487,10000
2020-11-10 09:30:10.050,3.487,2800
2020-11-10 09:30:10.240,3.485,1100
2020-11-10 09:30:10.240,3.485,200
2020-11-10 09:30:10.320,3.482,3000
2020-11-10 09:30:10.320,3.481,80000
2020-11-10 09:30:10.730,3.483,2800
2020-11-10 09:30:10.960,3.483,3000
2020-11-10 09:30:11.100,3.483,100
2020-11-10 09:30:11.280,3.483,1700
2020-11-10 09:30:11.460,3.481,600
2020-11-10 09:30:11.460,3.483,100
2020-11-10 09:30:11.610,3.483,200
2020-11-10 09:30:11.710,3.481,2800
2020-11-10 09:30:11.710,3.483,1100
2020-11-10 09:30:11.900,3.483,1000
2020-11-10 09:30:11.900,3.483,100
2020-11-10 09:30:11.900,3.483,1000
2020-11-10 09:30:11.930,3.481,2000
2020-11-10 09:30:12.050,3.483,1000
2020-11-10 09:30:12.050,3.483,3900
2020-11-10 09:30:12.090,3.483,1800
2020-11-10 09:30:12.160,3.481,300
2020-11-10 09:30:12.240,3.483,2000
2020-11-10 09:30:12.340,3.483,8600
2020-11-10 09:30:12.370,3.483,1600
2020-11-10 09:30:12.370,3.485,1200
2020-11-10 09:30:12.410,3.485,200
2020-11-10 09:30:12.480,3.481,300000
2020-11-10 09:30:12.520,3.485,200
2020-11-10 09:30:12.520,3.481,2900
2020-11-10 09:30:12.600,3.485,100
2020-11-10 09:30:12.870,3.482,5500
2020-11-10 09:30:13.260,3.482,40000
2020-11-10 09:30:13.840,3.481,4000
2020-11-10 09:30:14.330,3.481,10000
2020-11-10 09:30:14.360,3.482,30000
2020-11-10 09:30:14.580,3.482,27500
2020-11-10 09:30:14.580,3.481,40000
2020-11-10 09:30:14.820,3.482,700
2020-11-10 09:30:14.850,3.482,10000
2020-11-10 09:30:15.570,3.482,1800
2020-11-10 09:30:15.750,3.483,1900
2020-11-10 09:30:16.200,3.482,30000
2020-11-10 09:30:16.200,3.482,30000
2020-11-10 09:30:16.240,3.482,40000
2020-11-10 09:30:16.240,3.482,40000
2020-11-10 09:30:16.240,3.482,40000
2020-11-10 09:30:16.700,3.484,10000
2020-11-10 09:30:16.700,3.483,200
2020-11-10 09:30:16.880,3.483,50000
2020-11-10 09:30:17.160,3.484,500
2020-11-10 09:30:17.230,3.483,40000
2020-11-10 09:30:17.230,3.483,40000
2020-11-10 09:30:18.060,3.484,4000
2020-11-10 09:30:18.280,3.483,2000
2020-11-10 09:30:18.280,3.483,38100
2020-11-10 09:30:18.280,3.483,30000
2020-11-10 09:30:18.280,3.483,300000
2020-11-10 09:30:18.560,3.484,14300
2020-11-10 09:30:18.690,3.484,8400
2020-11-10 09:30:19.110,3.484,400
2020-11-10 09:30:20.450,3.483,800
2020-11-10 09:30:20.630,3.483,800
2020-11-10 09:30:20.890,3.483,3000
2020-11-10 09:30:21.080,3.482,10000
2020-11-10 09:30:21.780,3.482,500
2020-11-10 09:30:22.020,3.482,2000
2020-11-10 09:30:22.180,3.483,7000
2020-11-10 09:30:22.440,3.483,17000
2020-11-10 09:30:22.600,3.482,1000
2020-11-10 09:30:22.600,3.483,11400
2020-11-10 09:30:22.600,3.483,46000
2020-11-10 09:30:22.600,3.483,4000
2020-11-10 09:30:22.600,3.484,40000
2020-11-10 09:30:22.600,3.484,20000
2020-11-10 09:30:23.380,3.485,100
2020-11-10 09:30:23.380,3.485,1000
2020-11-10 09:30:23.380,3.485,300
2020-11-10 09:30:23.380,3.485,3000
2020-11-10 09:30:23.380,3.486,200
2020-11-10 09:30:23.380,3.486,100
2020-11-10 09:30:23.380,3.486,100
2020-11-10 09:30:23.380,3.486,3200
2020-11-10 09:30:23.380,3.484,36000
2020-11-10 09:30:23.380,3.484,116000
2020-11-10 09:30:23.970,3.484,50000
2020-11-10 09:30:24.120,3.484,2100
2020-11-10 09:30:24.150,3.484,2000
2020-11-10 09:30:24.190,3.485,200
2020-11-10 09:30:24.600,3.484,40000
2020-11-10 09:30:24.640,3.484,10000
2020-11-10 09:30:25.020,3.484,4300
2020-11-10 09:30:25.210,3.484,300000
2020-11-10 09:30:25.210,3.484,40000
2020-11-10 09:30:25.270,3.484,15800
2020-11-10 09:30:25.490,3.484,1000
2020-11-10 09:30:26.530,3.485,1500
2020-11-10 09:30:26.620,3.484,40000
2020-11-10 09:30:27.330,3.485,300
2020-11-10 09:30:27.390,3.484,2000
2020-11-10 09:30:27.660,3.483,2000
2020-11-10 09:30:27.790,3.483,5000
2020-11-10 09:30:27.920,3.483,43000
2020-11-10 09:30:27.920,3.483,86000
2020-11-10 09:30:28.370,3.483,5800
2020-11-10 09:30:28.440,3.483,500
2020-11-10 09:30:28.640,3.483,1800
2020-11-10 09:30:29.790,3.483,500
2020-11-10 09:30:30.110,3.482,2200
2020-11-10 09:30:30.140,3.482,1200
2020-11-10 09:30:30.140,3.482,1700
2020-11-10 09:30:30.250,3.482,9000
2020-11-10 09:30:30.250,3.483,14300
2020-11-10 09:30:30.650,3.482,20000
2020-11-10 09:30:30.740,3.483,20000
2020-11-10 09:30:30.990,3.483,3400
2020-11-10 09:30:30.990,3.483,4200
2020-11-10 09:30:31.370,3.482,900
2020-11-10 09:30:31.870,3.483,200
2020-11-10 09:30:32.030,3.484,4600
2020-11-10 09:30:32.060,3.483,1000
2020-11-10 09:30:32.130,3.483,50000
2020-11-10 09:30:32.130,3.483,38600
2020-11-10 09:30:32.380,3.483,4800
2020-11-10 09:30:32.640,3.483,6600
2020-11-10 09:30:32.640,3.483,600
2020-11-10 09:30:33.850,3.482,5000
2020-11-10 09:30:33.880,3.482,3000
2020-11-10 09:30:33.920,3.482,5000
2020-11-10 09:30:34.340,3.482,12800
2020-11-10 09:30:34.520,3.483,39400
2020-11-10 09:30:34.520,3.483,30600
2020-11-10 09:30:34.590,3.482,23500
2020-11-10 09:30:35.080,3.483,19400
2020-11-10 09:30:35.080,3.483,50000
2020-11-10 09:30:35.080,3.483,50000
2020-11-10 09:30:35.080,3.483,10000
2020-11-10 09:30:35.680,3.483,40000
2020-11-10 09:30:35.680,3.484,2000
2020-11-10 09:30:35.970,3.483,300000
2020-11-10 09:30:36.000,3.483,7100
2020-11-10 09:30:36.030,3.483,100
2020-11-10 09:30:36.190,3.483,35400
2020-11-10 09:30:36.320,3.483,200
2020-11-10 09:30:36.320,3.483,10000
2020-11-10 09:30:36.550,3.483,50000
2020-11-10 09:30:37.000,3.483,50000
2020-11-10 09:30:37.330,3.483,2000
2020-11-10 09:30:37.330,3.484,2900
2020-11-10 09:30:37.360,3.484,1000
2020-11-10 09:30:37.610,3.483,33400
2020-11-10 09:30:37.710,3.483,35000
2020-11-10 09:30:37.830,3.484,500
2020-11-10 09:30:38.300,3.483,207400
2020-11-10 09:30:38.300,3.483,14300
2020-11-10 09:30:38.300,3.483,78300
2020-11-10 09:30:38.500,3.483,50000
2020-11-10 09:30:38.530,3.483,500
2020-11-10 09:30:38.560,3.483,8000
2020-11-10 09:30:38.790,3.483,39300
2020-11-10 09:30:38.790,3.483,861700
2020-11-10 09:30:38.890,3.483,38300
2020-11-10 09:30:38.890,3.483,261700
2020-11-10 09:30:38.890,3.483,300000
2020-11-10 09:30:38.920,3.483,6100
2020-11-10 09:30:38.950,3.483,332200
2020-11-10 09:30:38.950,3.483,2800
2020-11-10 09:30:39.210,3.482,100
2020-11-10 09:30:39.350,3.482,50000
2020-11-10 09:30:39.350,3.482,5800
2020-11-10 09:30:39.620,3.482,20000
2020-11-10 09:30:39.690,3.482,900
2020-11-10 09:30:39.830,3.482,1000
2020-11-10 09:30:40.800,3.483,6100
2020-11-10 09:30:41.360,3.482,700
2020-11-10 09:30:41.580,3.482,1000
2020-11-10 09:30:42.010,3.482,5000
2020-11-10 09:30:42.140,3.483,14300
2020-11-10 09:30:42.170,3.482,47500
2020-11-10 09:30:42.320,3.482,500
2020-11-10 09:30:42.350,3.482,86600
2020-11-10 09:30:42.350,3.482,60000
2020-11-10 09:30:42.350,3.482,3000
2020-11-10 09:30:42.350,3.482,350400
2020-11-10 09:30:42.540,3.482,40000
2020-11-10 09:30:42.870,3.482,50000
2020-11-10 09:30:43.310,3.483,10000
2020-11-10 09:30:43.340,3.482,459600
2020-11-10 09:30:43.340,3.482,800
2020-11-10 09:30:43.340,3.482,15000
2020-11-10 09:30:43.640,3.482,24600
2020-11-10 09:30:43.640,3.482,35400
2020-11-10 09:30:44.530,3.482,40000
2020-11-10 09:30:44.530,3.482,10000
2020-11-10 09:30:44.530,3.482,10000
2020-11-10 09:30:44.650,3.481,3000
2020-11-10 09:30:45.670,3.481,3000
2020-11-10 09:30:45.890,3.481,44000
2020-11-10 09:30:45.890,3.481,6000
2020-11-10 09:30:46.630,3.481,1900
2020-11-10 09:30:46.750,3.481,40000
2020-11-10 09:30:46.890,3.482,3000
2020-11-10 09:30:47.130,3.482,30000
2020-11-10 09:30:48.110,3.482,1000
2020-11-10 09:30:48.610,3.481,40000
2020-11-10 09:30:48.940,3.481,2100
2020-11-10 09:30:48.940,3.481,2000
2020-11-10 09:30:48.940,3.481,1000
2020-11-10 09:30:48.940,3.481,10000
2020-11-10 09:30:48.940,3.481,34900
2020-11-10 09:30:48.940,3.481,29500
2020-11-10 09:30:49.640,3.481,5500
2020-11-10 09:30:49.860,3.481,4400
2020-11-10 09:30:50.120,3.481,66000
2020-11-10 09:30:50.250,3.482,7800
2020-11-10 09:30:50.430,3.482,900
2020-11-10 09:30:50.840,3.481,9700
2020-11-10 09:30:50.840,3.481,5000
2020-11-10 09:30:50.840,3.481,10000
2020-11-10 09:30:50.840,3.481,60000
2020-11-10 09:30:50.840,3.48,4000
2020-11-10 09:30:50.840,3.48,24300
2020-11-10 09:30:50.840,3.48,15000
2020-11-10 09:30:50.840,3.48,300
2020-11-10 09:30:50.840,3.48,4300
2020-11-10 09:30:50.840,3.48,200
2020-11-10 09:30:50.840,3.48,10000
2020-11-10 09:30:50.840,3.48,14500
2020-11-10 09:30:50.840,3.48,5000
2020-11-10 09:30:50.840,3.48,10000
2020-11-10 09:30:50.840,3.48,100
2020-11-10 09:30:50.840,3.48,6000
2020-11-10 09:30:50.840,3.48,5000
2020-11-10 09:30:50.840,3.48,10100
2020-11-10 09:30:50.840,3.48,14300
2020-11-10 09:30:51.210,3.482,300
2020-11-10 09:30:51.410,3.482,600
2020-11-10 09:30:51.470,3.482,157800
2020-11-10 09:30:51.650,3.481,11900
2020-11-10 09:30:51.840,3.481,250800
2020-11-10 09:30:52.050,3.481,1000
2020-11-10 09:30:52.180,3.481,40000
2020-11-10 09:30:52.180,3.481,1900
2020-11-10 09:30:52.320,3.481,40800
2020-11-10 09:30:52.350,3.481,50000
2020-11-10 09:30:53.410,3.481,400
2020-11-10 09:30:53.970,3.481,10000
2020-11-10 09:30:54.270,3.482,11000
2020-11-10 09:30:54.270,3.481,31300
2020-11-10 09:30:54.370,3.482,4300
2020-11-10 09:30:54.470,3.481,26200
2020-11-10 09:30:54.530,3.481,40000
2020-11-10 09:30:54.950,3.481,82300
2020-11-10 09:30:55.010,3.482,70000
2020-11-10 09:30:55.010,3.481,100000
2020-11-10 09:30:55.040,3.482,3300
2020-11-10 09:30:55.040,3.482,4000
2020-11-10 09:30:55.040,3.482,7000
2020-11-10 09:30:55.110,3.481,50000
2020-11-10 09:30:55.200,3.482,6000
2020-11-10 09:30:55.560,3.481,30000
2020-11-10 09:30:55.700,3.481,10000
2020-11-10 09:30:56.430,3.481,17200
2020-11-10 09:30:56.700,3.481,30000
2020-11-10 09:30:56.820,3.481,5000
2020-11-10 09:30:56.940,3.481,6000
2020-11-10 09:30:56.970,3.481,400
2020-11-10 09:30:57.120,3.481,40000
2020-11-10 09:30:57.160,3.482,100
2020-11-10 09:30:57.350,3.481,24800
2020-11-10 09:30:57.350,3.481,25200
2020-11-10 09:30:57.410,3.481,34800
2020-11-10 09:30:57.870,3.481,700
2020-11-10 09:30:58.510,3.481,60000
2020-11-10 09:30:58.840,3.481,10000
2020-11-10 09:30:59.640,3.481,60000
2020-11-10 09:31:00.240,3.48,8800
2020-11-10 09:31:00.420,3.481,600
2020-11-10 09:31:00.530,3.481,4300
2020-11-10 09:31:00.560,3.48,4000
2020-11-10 09:31:01.050,3.481,3000
2020-11-10 09:31:01.270,3.481,8600
2020-11-10 09:31:01.270,3.481,4100
2020-11-10 09:31:01.390,3.48,10000
2020-11-10 09:31:02.220,3.481,100
2020-11-10 09:31:03.050,3.48,2100
2020-11-10 09:31:03.140,3.481,3800
2020-11-10 09:31:03.140,3.481,600
2020-11-10 09:31:03.140,3.481,15000
2020-11-10 09:31:03.140,3.481,600
2020-11-10 09:31:03.140,3.481,10000
2020-11-10 09:31:03.140,3.481,2900
2020-11-10 09:31:03.140,3.481,400
2020-11-10 09:31:03.140,3.481,7900
2020-11-10 09:31:03.140,3.481,4100
2020-11-10 09:31:03.140,3.481,10000
2020-11-10 09:31:03.140,3.481,43600
2020-11-10 09:31:03.140,3.481,15000
2020-11-10 09:31:03.140,3.481,13500
2020-11-10 09:31:03.170,3.481,6300
2020-11-10 09:31:03.260,3.481,2500
2020-11-10 09:31:03.260,3.481,563800
2020-11-10 09:31:03.260,3.481,436200
2020-11-10 09:31:03.460,3.481,50000
2020-11-10 09:31:03.550,3.481,5500
2020-11-10 09:31:03.980,3.481,10000
2020-11-10 09:31:04.110,3.482,26900
2020-11-10 09:31:04.110,3.482,1800
2020-11-10 09:31:04.110,3.482,800
2020-11-10 09:31:04.330,3.482,200
2020-11-10 09:31:04.330,3.482,200
2020-11-10 09:31:04.330,3.482,1700
2020-11-10 09:31:04.330,3.482,9200
2020-11-10 09:31:04.330,3.482,3000
2020-11-10 09:31:04.330,3.482,3200
2020-11-10 09:31:04.330,3.482,2000
2020-11-10 09:31:04.330,3.482,6000
2020-11-10 09:31:04.330,3.482,7200
2020-11-10 09:31:04.330,3.482,18900
2020-11-10 09:31:04.330,3.482,141700
2020-11-10 09:31:04.330,3.482,4000
2020-11-10 09:31:04.330,3.482,12000
2020-11-10 09:31:04.330,3.482,9900
2020-11-10 09:31:04.330,3.482,5000
2020-11-10 09:31:04.330,3.482,86200
2020-11-10 09:31:04.330,3.482,8000
2020-11-10 09:31:04.330,3.482,581700
2020-11-10 09:31:04.390,3.481,1000
2020-11-10 09:31:05.080,3.481,5000
2020-11-10 09:31:05.260,3.481,500
2020-11-10 09:31:05.300,3.482,2800
2020-11-10 09:31:05.420,3.481,20000
2020-11-10 09:31:05.450,3.481,5000
2020-11-10 09:31:05.480,3.481,300
2020-11-10 09:31:05.660,3.481,500
2020-11-10 09:31:05.690,3.481,5000
2020-11-10 09:31:06.170,3.481,1000
2020-11-10 09:31:06.300,3.481,55000
2020-11-10 09:31:06.540,3.481,1000
2020-11-10 09:31:06.630,3.481,1000
2020-11-10 09:31:06.970,3.481,4400
2020-11-10 09:31:06.970,3.481,2000
2020-11-10 09:31:07.060,3.481,5000
2020-11-10 09:31:07.240,3.481,15100
2020-11-10 09:31:07.490,3.481,20900
2020-11-10 09:31:07.740,3.481,100
2020-11-10 09:31:07.890,3.481,3000
2020-11-10 09:31:08.460,3.481,205100
2020-11-10 09:31:08.520,3.481,10000
2020-11-10 09:31:08.640,3.482,51900
2020-11-10 09:31:08.640,3.482,10000
2020-11-10 09:31:08.640,3.482,900
2020-11-10 09:31:08.640,3.482,10100
2020-11-10 09:31:08.640,3.482,1000
2020-11-10 09:31:08.640,3.482,30000
2020-11-10 09:31:08.640,3.482,2200
2020-11-10 09:31:08.640,3.482,1700
2020-11-10 09:31:08.640,3.482,4200
2020-11-10 09:31:08.640,3.482,3600
2020-11-10 09:31:08.640,3.482,50000
2020-11-10 09:31:08.640,3.482,5000
2020-11-10 09:31:08.640,3.482,2900
2020-11-10 09:31:08.910,3.482,30000
2020-11-10 09:31:08.910,3.482,30000
2020-11-10 09:31:09.230,3.482,200
2020-11-10 09:31:09.330,3.482,5000
2020-11-10 09:31:09.700,3.482,10000
2020-11-10 09:31:09.700,3.482,5000
2020-11-10 09:31:09.730,3.482,2900
2020-11-10 09:31:09.880,3.482,3000
2020-11-10 09:31:10.150,3.482,40400
2020-11-10 09:31:10.150,3.482,900
2020-11-10 09:31:10.150,3.482,44500
2020-11-10 09:31:10.320,3.482,6300
2020-11-10 09:31:10.420,3.482,3200
2020-11-10 09:31:10.420,3.483,4600
2020-11-10 09:31:10.690,3.483,14300
2020-11-10 09:31:11.340,3.482,600
2020-11-10 09:31:11.670,3.482,50000
2020-11-10 09:31:12.170,3.483,2300
2020-11-10 09:31:12.430,3.482,3000
2020-11-10 09:31:12.880,3.482,3000
2020-11-10 09:31:13.000,3.482,1000
2020-11-10 09:31:13.210,3.483,2700
2020-11-10 09:31:13.210,3.483,40000
2020-11-10 09:31:13.210,3.483,10000
2020-11-10 09:31:13.210,3.483,1500
2020-11-10 09:31:13.210,3.483,1500
2020-11-10 09:31:13.210,3.483,1200
2020-11-10 09:31:13.210,3.483,2000
2020-11-10 09:31:13.210,3.483,400
2020-11-10 09:31:13.210,3.483,1500
2020-11-10 09:31:13.210,3.483,500
2020-11-10 09:31:13.210,3.483,300
2020-11-10 09:31:13.210,3.483,1000
2020-11-10 09:31:13.210,3.483,30000
2020-11-10 09:31:13.210,3.483,900
2020-11-10 09:31:13.210,3.483,500000
2020-11-10 09:31:13.210,3.483,40000
2020-11-10 09:31:13.210,3.483,50000
2020-11-10 09:31:13.210,3.483,50000
2020-11-10 09:31:13.210,3.483,50000
2020-11-10 09:31:13.540,3.483,100
2020-11-10 09:31:13.540,3.483,5600
2020-11-10 09:31:13.600,3.483,29000
2020-11-10 09:31:13.780,3.483,500
2020-11-10 09:31:14.570,3.483,2100
2020-11-10 09:31:14.720,3.483,30000
2020-11-10 09:31:14.850,3.483,49200
2020-11-10 09:31:14.850,3.483,299700
2020-11-10 09:31:15.230,3.483,151100
2020-11-10 09:31:15.230,3.483,50000
2020-11-10 09:31:15.230,3.483,50000
2020-11-10 09:31:15.230,3.483,50000
2020-11-10 09:31:15.230,3.483,40000
2020-11-10 09:31:15.510,3.483,1600
2020-11-10 09:31:15.700,3.483,30000
2020-11-10 09:31:16.100,3.483,2900
2020-11-10 09:31:16.250,3.483,40000
2020-11-10 09:31:16.700,3.483,300000
2020-11-10 09:31:16.920,3.483,3000
2020-11-10 09:31:17.250,3.483,900
2020-11-10 09:31:17.250,3.483,26000
2020-11-10 09:31:17.430,3.482,8800
2020-11-10 09:31:18.210,3.482,15000
2020-11-10 09:31:18.540,3.482,300
2020-11-10 09:31:19.370,3.483,3100
2020-11-10 09:31:19.370,3.483,5900
2020-11-10 09:31:19.560,3.483,5200
2020-11-10 09:31:19.980,3.482,400
2020-11-10 09:31:20.030,3.482,5000
2020-11-10 09:31:20.370,3.482,2000
2020-11-10 09:31:20.590,3.483,5000
2020-11-10 09:31:21.150,3.482,10000
2020-11-10 09:31:21.310,3.482,18000
2020-11-10 09:31:21.540,3.483,10000
2020-11-10 09:31:22.110,3.482,300
2020-11-10 09:31:22.140,3.482,1000
2020-11-10 09:31:22.290,3.483,50000
2020-11-10 09:31:22.630,3.483,223900
2020-11-10 09:31:22.630,3.483,50000
2020-11-10 09:31:22.630,3.483,30000
2020-11-10 09:31:22.630,3.483,10000
2020-11-10 09:31:22.690,3.483,11000
2020-11-10 09:31:22.940,3.483,1600
2020-11-10 09:31:23.150,3.483,5100
2020-11-10 09:31:23.150,3.482,14900
2020-11-10 09:31:23.240,3.482,50000
2020-11-10 09:31:23.470,3.483,700
2020-11-10 09:31:23.540,3.483,600
2020-11-10 09:31:23.660,3.483,3500
2020-11-10 09:31:23.660,3.483,15000
2020-11-10 09:31:24.030,3.483,14100
2020-11-10 09:31:24.060,3.484,1400
2020-11-10 09:31:24.870,3.483,1100
2020-11-10 09:31:25.370,3.483,20000
2020-11-10 09:31:25.400,3.483,20000
2020-11-10 09:31:26.480,3.483,17300
2020-11-10 09:31:26.630,3.484,8600
2020-11-10 09:31:26.630,3.484,1000
2020-11-10 09:31:26.630,3.484,1000
2020-11-10 09:31:26.630,3.484,54000
2020-11-10 09:31:26.630,3.484,6200
2020-11-10 09:31:26.630,3.484,15000
2020-11-10 09:31:26.630,3.484,30000
2020-11-10 09:31:26.630,3.484,300
2020-11-10 09:31:26.630,3.484,200
2020-11-10 09:31:26.630,3.484,40000
2020-11-10 09:31:26.630,3.484,30000
2020-11-10 09:31:26.630,3.484,40000
2020-11-10 09:31:26.630,3.484,5000
2020-11-10 09:31:26.630,3.484,600
2020-11-10 09:31:26.630,3.484,10000
2020-11-10 09:31:26.630,3.484,50000
2020-11-10 09:31:26.630,3.484,50000
2020-11-10 09:31:26.630,3.484,50000
2020-11-10 09:31:26.630,3.484,40000
2020-11-10 09:31:27.250,3.484,9900
2020-11-10 09:31:27.690,3.484,300000
2020-11-10 09:31:28.060,3.484,2500
2020-11-10 09:31:28.060,3.484,800
2020-11-10 09:31:28.240,3.484,40000
2020-11-10 09:31:28.470,3.484,50000
2020-11-10 09:31:28.710,3.484,30000
2020-11-10 09:31:28.800,3.484,34900
2020-11-10 09:31:28.800,3.484,200
2020-11-10 09:31:28.800,3.483,25500
2020-11-10 09:31:29.290,3.484,40000
2020-11-10 09:31:29.310,3.484,60000
2020-11-10 09:31:29.310,3.483,240000
2020-11-10 09:31:29.530,3.483,50000
2020-11-10 09:31:29.620,3.483,2000
2020-11-10 09:31:29.830,3.483,50000
2020-11-10 09:31:29.920,3.483,2000
2020-11-10 09:31:30.050,3.483,50000
2020-11-10 09:31:30.110,3.483,8800
2020-11-10 09:31:30.800,3.483,4000
2020-11-10 09:31:31.130,3.483,40000
2020-11-10 09:31:32.040,3.483,200
2020-11-10 09:31:32.440,3.484,100000
2020-11-10 09:31:33.060,3.483,200
2020-11-10 09:31:33.560,3.484,4600
2020-11-10 09:31:33.750,3.484,229300
2020-11-10 09:31:33.750,3.484,300000
2020-11-10 09:31:33.750,3.484,40000
2020-11-10 09:31:33.750,3.484,40000
2020-11-10 09:31:33.750,3.484,40000
2020-11-10 09:31:33.750,3.484,241701
2020-11-10 09:31:33.750,3.484,2000
2020-11-10 09:31:33.750,3.484,6999
2020-11-10 09:31:33.960,3.484,7500
2020-11-10 09:31:36.150,3.484,8000
2020-11-10 09:31:36.960,3.484,100
2020-11-10 09:31:37.140,3.483,1000
2020-11-10 09:31:37.290,3.483,30000
2020-11-10 09:31:37.680,3.483,400
2020-11-10 09:31:37.680,3.484,2900
2020-11-10 09:31:37.950,3.483,8600
2020-11-10 09:31:38.190,3.483,26000
2020-11-10 09:31:38.280,3.484,9600
2020-11-10 09:31:38.500,3.484,27500
2020-11-10 09:31:38.500,3.484,800
2020-11-10 09:31:38.500,3.484,5600
2020-11-10 09:31:38.500,3.484,40000
2020-11-10 09:31:38.500,3.484,300000
2020-11-10 09:31:38.500,3.484,40000
2020-11-10 09:31:38.500,3.484,500
2020-11-10 09:31:38.500,3.484,41900
2020-11-10 09:31:38.500,3.484,4000
2020-11-10 09:31:38.670,3.484,2000
2020-11-10 09:31:39.520,3.484,3000
2020-11-10 09:31:39.520,3.484,500
2020-11-10 09:31:39.830,3.484,2900
2020-11-10 09:31:40.240,3.484,36000
2020-11-10 09:31:41.190,3.484,20000
2020-11-10 09:31:41.220,3.484,100
2020-11-10 09:31:41.680,3.484,500
2020-11-10 09:31:42.710,3.484,10000
2020-11-10 09:31:42.800,3.484,3000
2020-11-10 09:31:42.890,3.484,100
2020-11-10 09:31:43.520,3.484,1000
2020-11-10 09:31:43.970,3.485,500
2020-11-10 09:31:44.510,3.485,600
2020-11-10 09:31:44.740,3.484,1700
2020-11-10 09:31:44.880,3.484,2800
2020-11-10 09:31:45.000,3.484,6800
2020-11-10 09:31:45.100,3.484,5000
2020-11-10 09:31:45.190,3.484,10000
2020-11-10 09:31:45.470,3.484,800
2020-11-10 09:31:45.500,3.485,3900
2020-11-10 09:31:45.500,3.485,2100
2020-11-10 09:31:46.460,3.485,1000
2020-11-10 09:31:46.700,3.484,40000
2020-11-10 09:31:46.790,3.485,900
2020-11-10 09:31:46.950,3.484,4900
2020-11-10 09:31:47.200,3.485,1000
2020-11-10 09:31:47.200,3.485,600
2020-11-10 09:31:47.200,3.485,100
2020-11-10 09:31:47.200,3.485,3000
2020-11-10 09:31:47.200,3.485,300
2020-11-10 09:31:47.280,3.484,2000
2020-11-10 09:31:47.550,3.484,3700
2020-11-10 09:31:47.740,3.484,500
2020-11-10 09:31:48.040,3.484,83200
2020-11-10 09:31:48.100,3.484,5000
2020-11-10 09:31:48.140,3.485,14400
2020-11-10 09:31:48.170,3.484,1500
2020-11-10 09:31:48.640,3.484,100
2020-11-10 09:31:48.810,3.484,47400
2020-11-10 09:31:48.910,3.484,67500
2020-11-10 09:31:49.010,3.484,2000
2020-11-10 09:31:49.520,3.485,5300
2020-11-10 09:31:49.520,3.485,3300
2020-11-10 09:31:49.520,3.485,1000
2020-11-10 09:31:49.520,3.485,12000
2020-11-10 09:31:49.520,3.485,20000
2020-11-10 09:31:49.520,3.485,40000
2020-11-10 09:31:49.520,3.485,800
2020-11-10 09:31:49.520,3.485,40000
2020-11-10 09:31:49.520,3.485,5200
2020-11-10 09:31:49.520,3.485,8000
2020-11-10 09:31:49.520,3.485,50000
2020-11-10 09:31:49.520,3.485,200
2020-11-10 09:31:49.520,3.485,100
2020-11-10 09:31:49.520,3.485,20000
2020-11-10 09:31:49.520,3.485,1000
2020-11-10 09:31:49.520,3.485,96000
2020-11-10 09:31:49.950,3.484,5200
2020-11-10 09:31:50.220,3.484,3000
2020-11-10 09:31:50.460,3.484,5000
2020-11-10 09:31:50.990,3.484,1500
2020-11-10 09:31:52.270,3.485,5500
2020-11-10 09:31:52.300,3.484,22700
2020-11-10 09:31:52.610,3.484,20000
2020-11-10 09:31:52.640,3.484,18300
2020-11-10 09:31:52.640,3.484,8200
2020-11-10 09:31:52.910,3.485,10000
2020-11-10 09:31:53.520,3.484,4000
2020-11-10 09:31:53.670,3.484,10900
2020-11-10 09:31:53.670,3.484,3100
2020-11-10 09:31:53.970,3.485,15000
2020-11-10 09:31:54.350,3.484,7000
2020-11-10 09:31:54.820,3.485,100
2020-11-10 09:31:55.010,3.484,22200
2020-11-10 09:31:55.010,3.484,14200
2020-11-10 09:31:55.010,3.484,10600
2020-11-10 09:31:55.010,3.484,16800
2020-11-10 09:31:55.010,3.484,10700
2020-11-10 09:31:55.010,3.484,8000
2020-11-10 09:31:55.010,3.484,5000
2020-11-10 09:31:55.010,3.483,212500
2020-11-10 09:31:56.530,3.483,17200
2020-11-10 09:31:57.200,3.484,4000
2020-11-10 09:31:57.350,3.483,39300
2020-11-10 09:31:57.350,3.483,5000
2020-11-10 09:31:57.350,3.483,1100
2020-11-10 09:31:57.350,3.483,7800
2020-11-10 09:31:57.350,3.483,1600
2020-11-10 09:31:57.560,3.482,11000
2020-11-10 09:31:57.560,3.482,300
2020-11-10 09:31:57.560,3.482,8700
2020-11-10 09:31:58.080,3.483,2800
2020-11-10 09:31:59.710,3.483,20000
2020-11-10 09:32:00.250,3.483,7100
2020-11-10 09:32:01.180,3.483,200
2020-11-10 09:32:02.630,3.483,300
2020-11-10 09:32:03.250,3.482,1100
2020-11-10 09:32:04.290,3.483,8000
2020-11-10 09:32:05.320,3.482,4500
2020-11-10 09:32:05.320,3.482,5500
2020-11-10 09:32:05.420,3.482,4500
2020-11-10 09:32:05.420,3.482,500
2020-11-10 09:32:05.620,3.482,500
2020-11-10 09:32:05.620,3.482,4900
2020-11-10 09:32:05.970,3.482,5100
2020-11-10 09:32:05.970,3.482,2000
2020-11-10 09:32:05.970,3.482,92900
2020-11-10 09:32:06.650,3.482,100
2020-11-10 09:32:07.780,3.482,800
2020-11-10 09:32:08.080,3.482,300000
2020-11-10 09:32:09.060,3.482,3500
2020-11-10 09:32:10.190,3.482,3500
2020-11-10 09:32:11.430,3.481,8000
2020-11-10 09:32:12.330,3.482,1100
2020-11-10 09:32:12.800,3.482,2000
2020-11-10 09:32:12.860,3.482,11100
2020-11-10 09:32:13.300,3.482,287000
2020-11-10 09:32:13.300,3.482,2000
2020-11-10 09:32:13.300,3.482,11000
2020-11-10 09:32:14.990,3.482,9000
2020-11-10 09:32:14.990,3.482,400
2020-11-10 09:32:14.990,3.482,10000
2020-11-10 09:32:14.990,3.482,19300
2020-11-10 09:32:14.990,3.482,30000
2020-11-10 09:32:14.990,3.482,69000
2020-11-10 09:32:14.990,3.482,3000
2020-11-10 09:32:14.990,3.482,100
2020-11-10 09:32:14.990,3.482,40000
2020-11-10 09:32:14.990,3.482,3100
2020-11-10 09:32:14.990,3.482,14800
2020-11-10 09:32:14.990,3.482,300000
2020-11-10 09:32:14.990,3.482,401300
2020-11-10 09:32:15.680,3.481,2400
2020-11-10 09:32:16.730,3.481,100
2020-11-10 09:32:17.160,3.481,3000
2020-11-10 09:32:18.080,3.482,1400
2020-11-10 09:32:18.110,3.482,2600
2020-11-10 09:32:18.290,3.481,500
2020-11-10 09:32:18.560,3.482,1500
2020-11-10 09:32:18.650,3.481,6000
2020-11-10 09:32:19.030,3.481,17400
2020-11-10 09:32:19.030,3.481,2600
2020-11-10 09:32:19.330,3.481,57400
2020-11-10 09:32:19.330,3.481,200
2020-11-10 09:32:19.330,3.481,300
2020-11-10 09:32:19.330,3.481,10000
2020-11-10 09:32:19.330,3.481,4000
2020-11-10 09:32:19.330,3.481,1000
2020-11-10 09:32:19.330,3.481,700
2020-11-10 09:32:19.330,3.481,2000
2020-11-10 09:32:19.330,3.481,224400
2020-11-10 09:32:19.480,3.481,10000
2020-11-10 09:32:19.900,3.481,10000
2020-11-10 09:32:20.350,3.481,500
2020-11-10 09:32:20.590,3.482,800
2020-11-10 09:32:20.590,3.482,9200
2020-11-10 09:32:20.590,3.481,3700
2020-11-10 09:32:20.840,3.481,5000
2020-11-10 09:32:21.490,3.481,1800
2020-11-10 09:32:21.950,3.481,1000
2020-11-10 09:32:22.560,3.481,3000
2020-11-10 09:32:23.390,3.481,2000
2020-11-10 09:32:23.570,3.482,5000
2020-11-10 09:32:23.630,3.482,10000
2020-11-10 09:32:23.660,3.481,3700
2020-11-10 09:32:23.810,3.481,10000
2020-11-10 09:32:23.880,3.481,10000
2020-11-10 09:32:23.990,3.481,500
2020-11-10 09:32:24.480,3.482,1000
2020-11-10 09:32:24.620,3.482,100
2020-11-10 09:32:24.650,3.481,3400
2020-11-10 09:32:24.680,3.481,3000
2020-11-10 09:32:24.780,3.481,10000
2020-11-10 09:32:25.110,3.481,120000
2020-11-10 09:32:26.500,3.481,17300
2020-11-10 09:32:26.900,3.481,1000
2020-11-10 09:32:27.460,3.481,1000
2020-11-10 09:32:27.520,3.481,2000
2020-11-10 09:32:27.620,3.481,252300
2020-11-10 09:32:27.620,3.481,200
2020-11-10 09:32:27.710,3.481,2000
2020-11-10 09:32:27.960,3.481,36100
2020-11-10 09:32:28.320,3.481,1000
2020-11-10 09:32:28.390,3.481,300
2020-11-10 09:32:28.540,3.481,100
2020-11-10 09:32:28.630,3.481,10600
2020-11-10 09:32:28.750,3.481,18100
2020-11-10 09:32:29.500,3.481,2800
2020-11-10 09:32:30.010,3.482,1000
2020-11-10 09:32:30.010,3.482,5000
2020-11-10 09:32:30.010,3.482,2200
2020-11-10 09:32:30.010,3.482,8200
2020-11-10 09:32:30.010,3.482,2500
2020-11-10 09:32:30.010,3.482,17200
2020-11-10 09:32:30.010,3.482,29000
2020-11-10 09:32:30.160,3.481,3000
2020-11-10 09:32:30.400,3.481,30000
2020-11-10 09:32:30.590,3.481,10000
2020-11-10 09:32:30.770,3.481,10000
2020-11-10 09:32:31.050,3.482,600
2020-11-10 09:32:31.870,3.481,5000
2020-11-10 09:32:33.440,3.481,1000
2020-11-10 09:32:34.240,3.481,300
2020-11-10 09:32:34.360,3.482,658500
2020-11-10 09:32:34.610,3.481,200
2020-11-10 09:32:34.760,3.482,29400
2020-11-10 09:32:34.820,3.481,200
2020-11-10 09:32:35.590,3.481,1000
2020-11-10 09:32:35.770,3.482,9000
2020-11-10 09:32:36.050,3.481,6600
2020-11-10 09:32:36.350,3.482,600
2020-11-10 09:32:36.380,3.482,8100
2020-11-10 09:32:36.380,3.482,6500
2020-11-10 09:32:36.510,3.481,3600
2020-11-10 09:32:36.660,3.481,15000
2020-11-10 09:32:37.050,3.482,500
2020-11-10 09:32:37.110,3.481,4000
2020-11-10 09:32:37.170,3.481,43300
2020-11-10 09:32:37.170,3.481,531200
2020-11-10 09:32:37.200,3.481,200
2020-11-10 09:32:37.760,3.481,50000
2020-11-10 09:32:38.010,3.481,10000
2020-11-10 09:32:38.820,3.482,257800
2020-11-10 09:32:38.820,3.482,5000
2020-11-10 09:32:38.820,3.482,1800
2020-11-10 09:32:38.820,3.482,9500
2020-11-10 09:32:38.820,3.482,10000
2020-11-10 09:32:38.820,3.482,100
2020-11-10 09:32:38.820,3.482,1000
2020-11-10 09:32:38.820,3.482,30000
2020-11-10 09:32:38.820,3.482,7000
2020-11-10 09:32:38.820,3.482,13700
2020-11-10 09:32:38.820,3.482,50000
2020-11-10 09:32:39.180,3.482,2000
2020-11-10 09:32:39.490,3.483,10500
2020-11-10 09:32:39.580,3.482,23900
2020-11-10 09:32:40.000,3.482,15800
2020-11-10 09:32:40.080,3.482,300000
2020-11-10 09:32:40.080,3.482,172400
2020-11-10 09:32:40.080,3.481,127600
2020-11-10 09:32:40.150,3.481,100
2020-11-10 09:32:40.210,3.481,5800
2020-11-10 09:32:41.940,3.482,5600
2020-11-10 09:32:42.840,3.482,200
2020-11-10 09:32:42.960,3.482,2000
2020-11-10 09:32:43.040,3.482,100
2020-11-10 09:32:43.470,3.482,1000
2020-11-10 09:32:43.970,3.482,1000
2020-11-10 09:32:43.970,3.482,13600
2020-11-10 09:32:43.970,3.482,500
2020-11-10 09:32:43.970,3.482,300
2020-11-10 09:32:44.240,3.482,100
2020-11-10 09:32:45.000,3.482,1000
2020-11-10 09:32:45.570,3.481,1500
2020-11-10 09:32:48.300,3.481,1500
2020-11-10 09:32:48.510,3.482,2400
2020-11-10 09:32:48.960,3.482,5000
2020-11-10 09:32:49.230,3.482,2800
2020-11-10 09:32:50.180,3.482,5000
2020-11-10 09:32:50.610,3.481,30000
2020-11-10 09:32:51.180,3.481,6500
2020-11-10 09:32:51.180,3.481,29700
2020-11-10 09:32:51.570,3.481,40000
2020-11-10 09:32:51.630,3.481,40000
2020-11-10 09:32:51.750,3.481,3900
2020-11-10 09:32:52.000,3.481,7000
2020-11-10 09:32:52.040,3.482,100
2020-11-10 09:32:52.040,3.481,10000
2020-11-10 09:32:52.790,3.481,5000
2020-11-10 09:32:52.790,3.481,2700
2020-11-10 09:32:52.790,3.481,100
2020-11-10 09:32:52.790,3.481,400
2020-11-10 09:32:52.790,3.481,2000
2020-11-10 09:32:52.790,3.481,10000
2020-11-10 09:32:52.790,3.481,5000
2020-11-10 09:32:52.790,3.481,3000
2020-11-10 09:32:52.790,3.481,1000
2020-11-10 09:32:52.860,3.481,2900
2020-11-10 09:32:52.880,3.481,5000
2020-11-10 09:32:53.700,3.481,3900
2020-11-10 09:32:53.790,3.48,5000
2020-11-10 09:32:54.330,3.481,1000
2020-11-10 09:32:54.640,3.48,2000
2020-11-10 09:32:55.440,3.481,5000
2020-11-10 09:32:56.490,3.48,3800
2020-11-10 09:32:56.490,3.48,13400
2020-11-10 09:32:58.120,3.48,1500
2020-11-10 09:32:59.070,3.48,200
2020-11-10 09:32:59.070,3.48,500
2020-11-10 09:32:59.330,3.48,600
2020-11-10 09:32:59.790,3.48,2500
2020-11-10 09:33:00.490,3.48,1300
2020-11-10 09:33:00.490,3.48,400
2020-11-10 09:33:00.490,3.48,5000
2020-11-10 09:33:00.490,3.48,300
2020-11-10 09:33:01.250,3.48,400
2020-11-10 09:33:01.250,3.48,50000
2020-11-10 09:33:01.250,3.48,1700
2020-11-10 09:33:01.300,3.48,6000
2020-11-10 09:33:01.400,3.48,12300
2020-11-10 09:33:01.400,3.48,100
2020-11-10 09:33:01.400,3.48,100
2020-11-10 09:33:01.400,3.48,14300
2020-11-10 09:33:01.400,3.48,2400
2020-11-10 09:33:01.400,3.48,10000
2020-11-10 09:33:01.400,3.48,3000
2020-11-10 09:33:01.400,3.48,1500
2020-11-10 09:33:01.400,3.48,5000
2020-11-10 09:33:01.400,3.48,300
2020-11-10 09:33:01.400,3.48,300
2020-11-10 09:33:01.400,3.48,1000
2020-11-10 09:33:01.400,3.48,600
2020-11-10 09:33:01.400,3.48,3000
2020-11-10 09:33:01.400,3.48,100
2020-11-10 09:33:01.400,3.48,1000
2020-11-10 09:33:01.400,3.48,10000
2020-11-10 09:33:01.400,3.48,600
2020-11-10 09:33:01.400,3.48,1000
2020-11-10 09:33:02.240,3.479,3100
2020-11-10 09:33:04.990,3.48,40000
2020-11-10 09:33:04.990,3.48,9700
2020-11-10 09:33:05.200,3.48,300
2020-11-10 09:33:05.200,3.48,1200
2020-11-10 09:33:05.200,3.479,2500
2020-11-10 09:33:05.520,3.479,1800
2020-11-10 09:33:05.700,3.479,1000
2020-11-10 09:33:05.970,3.48,2000
2020-11-10 09:33:06.070,3.479,3500
2020-11-10 09:33:06.850,3.48,1000
2020-11-10 09:33:07.990,3.48,1900
2020-11-10 09:33:08.300,3.479,2000
2020-11-10 09:33:08.720,3.479,9500
2020-11-10 09:33:09.270,3.479,600
2020-11-10 09:33:09.740,3.48,500
2020-11-10 09:33:09.870,3.479,20000
2020-11-10 09:33:10.380,3.479,47400
2020-11-10 09:33:10.530,3.48,13400
2020-11-10 09:33:10.530,3.48,2000
2020-11-10 09:33:10.530,3.48,14600
2020-11-10 09:33:10.590,3.479,7600
2020-11-10 09:33:11.980,3.479,1000
2020-11-10 09:33:11.980,3.479,39000
2020-11-10 09:33:12.040,3.479,40000
2020-11-10 09:33:12.410,3.479,13000
2020-11-10 09:33:12.410,3.479,2000
2020-11-10 09:33:12.440,3.479,6000
2020-11-10 09:33:12.440,3.479,1000
2020-11-10 09:33:12.440,3.479,10000
2020-11-10 09:33:12.440,3.479,8900
2020-11-10 09:33:12.440,3.479,50500
2020-11-10 09:33:12.440,3.479,10000
2020-11-10 09:33:12.440,3.479,10000
2020-11-10 09:33:12.440,3.479,14200
2020-11-10 09:33:12.730,3.479,1500
2020-11-10 09:33:12.890,3.48,10200
2020-11-10 09:33:13.370,3.48,1100
2020-11-10 09:33:13.430,3.48,10000
2020-11-10 09:33:13.580,3.48,1500
2020-11-10 09:33:13.660,3.479,500
2020-11-10 09:33:13.790,3.479,1900
2020-11-10 09:33:13.910,3.48,100
2020-11-10 09:33:13.940,3.479,1900
2020-11-10 09:33:13.940,3.479,8100
2020-11-10 09:33:14.380,3.479,1900
2020-11-10 09:33:14.380,3.479,1100
2020-11-10 09:33:14.740,3.479,900
2020-11-10 09:33:14.770,3.478,500
2020-11-10 09:33:14.770,3.478,500
2020-11-10 09:33:14.770,3.478,8000
2020-11-10 09:33:14.920,3.479,2800
2020-11-10 09:33:15.080,3.479,6600
2020-11-10 09:33:15.170,3.478,2000
2020-11-10 09:33:15.170,3.478,1500
2020-11-10 09:33:15.900,3.479,500
2020-11-10 09:33:15.900,3.479,93100
2020-11-10 09:33:15.900,3.479,700
2020-11-10 09:33:16.170,3.479,6600
2020-11-10 09:33:16.290,3.479,50000
2020-11-10 09:33:16.290,3.479,50000
2020-11-10 09:33:16.970,3.478,100
2020-11-10 09:33:17.030,3.478,1600
2020-11-10 09:33:17.780,3.479,300
2020-11-10 09:33:17.780,3.479,2900
2020-11-10 09:33:17.930,3.479,3200
2020-11-10 09:33:18.080,3.479,100
2020-11-10 09:33:18.080,3.479,5000
2020-11-10 09:33:18.080,3.479,3000
2020-11-10 09:33:18.080,3.479,9000
2020-11-10 09:33:18.080,3.48,2500
2020-11-10 09:33:18.080,3.48,400
2020-11-10 09:33:18.510,3.479,10000
2020-11-10 09:33:19.960,3.48,2000
2020-11-10 09:33:20.110,3.479,100000
2020-11-10 09:33:20.200,3.479,7000
2020-11-10 09:33:20.200,3.479,20000
2020-11-10 09:33:20.320,3.479,12100
2020-11-10 09:33:20.450,3.479,94900
2020-11-10 09:33:21.360,3.479,2000
2020-11-10 09:33:21.690,3.479,100
2020-11-10 09:33:21.830,3.48,7200
2020-11-10 09:33:21.830,3.48,30000
2020-11-10 09:33:21.830,3.48,1200
2020-11-10 09:33:21.830,3.48,1500
2020-11-10 09:33:21.830,3.48,9200
2020-11-10 09:33:21.830,3.48,5000
2020-11-10 09:33:21.830,3.48,100
2020-11-10 09:33:21.830,3.48,34000
2020-11-10 09:33:22.920,3.479,1000
2020-11-10 09:33:22.920,3.48,57500
2020-11-10 09:33:23.220,3.479,4300
2020-11-10 09:33:23.870,3.479,4000
2020-11-10 09:33:23.930,3.479,104600
2020-11-10 09:33:24.420,3.479,6800
2020-11-10 09:33:24.630,3.479,21000
2020-11-10 09:33:24.930,3.479,1000
2020-11-10 09:33:25.600,3.479,46300
2020-11-10 09:33:26.150,3.479,1000
2020-11-10 09:33:26.430,3.479,17200
2020-11-10 09:33:26.830,3.479,16900
2020-11-10 09:33:26.980,3.48,18200
2020-11-10 09:33:26.980,3.48,7000
2020-11-10 09:33:26.980,3.48,11600
2020-11-10 09:33:26.980,3.48,10000
2020-11-10 09:33:26.980,3.48,2000
2020-11-10 09:33:26.980,3.48,6300
2020-11-10 09:33:26.980,3.48,13800
2020-11-10 09:33:26.980,3.48,10000
2020-11-10 09:33:26.980,3.48,3300
2020-11-10 09:33:26.980,3.48,3000
2020-11-10 09:33:26.980,3.48,5000
2020-11-10 09:33:26.980,3.48,500
2020-11-10 09:33:26.980,3.48,209300
2020-11-10 09:33:27.200,3.48,300000
2020-11-10 09:33:27.300,3.48,300000
2020-11-10 09:33:27.300,3.48,57500
2020-11-10 09:33:27.560,3.48,3000
2020-11-10 09:33:27.770,3.48,130200
2020-11-10 09:33:27.770,3.48,3000
2020-11-10 09:33:27.770,3.48,3500
2020-11-10 09:33:27.770,3.48,10000
2020-11-10 09:33:27.770,3.48,7200
2020-11-10 09:33:27.770,3.48,13500
2020-11-10 09:33:27.770,3.48,11300
2020-11-10 09:33:27.770,3.48,500
2020-11-10 09:33:27.770,3.48,3400
2020-11-10 09:33:27.770,3.48,700
2020-11-10 09:33:27.770,3.48,200
2020-11-10 09:33:27.770,3.48,2700
2020-11-10 09:33:27.770,3.48,6000
2020-11-10 09:33:27.770,3.48,10000
2020-11-10 09:33:27.770,3.48,1000
2020-11-10 09:33:27.770,3.48,10000
2020-11-10 09:33:27.770,3.48,2000
2020-11-10 09:33:28.500,3.48,50000
2020-11-10 09:33:28.950,3.48,34800
2020-11-10 09:33:28.950,3.48,9400
2020-11-10 09:33:28.950,3.479,15800
2020-11-10 09:33:29.180,3.479,400
2020-11-10 09:33:29.380,3.479,15100
2020-11-10 09:33:29.500,3.479,500
2020-11-10 09:33:29.530,3.479,3400
2020-11-10 09:33:29.530,3.479,3500
2020-11-10 09:33:29.610,3.479,2000
2020-11-10 09:33:29.970,3.479,316100
2020-11-10 09:33:30.250,3.48,11500
2020-11-10 09:33:30.250,3.48,18900
2020-11-10 09:33:30.250,3.48,15100
2020-11-10 09:33:30.250,3.48,21100
2020-11-10 09:33:30.250,3.48,26600
2020-11-10 09:33:30.470,3.479,10000
2020-11-10 09:33:30.470,3.479,20000
2020-11-10 09:33:31.040,3.479,100
2020-11-10 09:33:31.070,3.479,1900
2020-11-10 09:33:31.190,3.479,3000
2020-11-10 09:33:31.350,3.479,3000
2020-11-10 09:33:31.380,3.479,2000
2020-11-10 09:33:32.030,3.479,1000
2020-11-10 09:33:32.190,3.479,10000
2020-11-10 09:33:32.470,3.479,8600
2020-11-10 09:33:32.600,3.479,13400
2020-11-10 09:33:32.600,3.479,6600
2020-11-10 09:33:32.650,3.48,15200
2020-11-10 09:33:32.650,3.48,40000
2020-11-10 09:33:32.650,3.48,23400
2020-11-10 09:33:32.650,3.48,11000
2020-11-10 09:33:32.650,3.48,1000
2020-11-10 09:33:33.000,3.48,2000
2020-11-10 09:33:34.580,3.48,6000
2020-11-10 09:33:34.670,3.48,800
2020-11-10 09:33:34.950,3.48,2000
2020-11-10 09:33:35.220,3.48,15000
2020-11-10 09:33:35.890,3.48,10000
2020-11-10 09:33:36.190,3.48,3000
2020-11-10 09:33:36.780,3.48,10000
2020-11-10 09:33:36.780,3.48,5000
2020-11-10 09:33:36.930,3.48,4600
2020-11-10 09:33:37.830,3.48,700
2020-11-10 09:33:37.950,3.48,1000
2020-11-10 09:33:38.160,3.48,1000
2020-11-10 09:33:38.250,3.48,12000
2020-11-10 09:33:38.950,3.48,200
2020-11-10 09:33:39.040,3.48,800
2020-11-10 09:33:39.140,3.48,6000
2020-11-10 09:33:39.350,3.48,32600
2020-11-10 09:33:39.560,3.48,5000
2020-11-10 09:33:39.750,3.48,3000
2020-11-10 09:33:40.200,3.48,31600
2020-11-10 09:33:40.320,3.48,10000
2020-11-10 09:33:40.350,3.48,500
2020-11-10 09:33:40.540,3.48,1500
2020-11-10 09:33:40.860,3.48,5000
2020-11-10 09:33:41.230,3.48,3000
2020-11-10 09:33:41.230,3.48,200
2020-11-10 09:33:41.230,3.48,800
2020-11-10 09:33:41.510,3.481,5100
2020-11-10 09:33:41.610,3.48,1200
2020-11-10 09:33:41.610,3.48,200
2020-11-10 09:33:41.610,3.48,1600
2020-11-10 09:33:42.000,3.48,200
2020-11-10 09:33:42.040,3.48,7400
2020-11-10 09:33:42.400,3.479,300
2020-11-10 09:33:42.730,3.48,1700
2020-11-10 09:33:42.730,3.48,6000
2020-11-10 09:33:42.940,3.48,700
2020-11-10 09:33:43.010,3.48,300
2020-11-10 09:33:43.210,3.48,21300
2020-11-10 09:33:43.360,3.48,10000
2020-11-10 09:33:43.560,3.48,13000
2020-11-10 09:33:43.760,3.479,2000
2020-11-10 09:33:45.780,3.48,15100
2020-11-10 09:33:45.780,3.48,13800
2020-11-10 09:33:45.780,3.48,226400
2020-11-10 09:33:45.780,3.48,300
2020-11-10 09:33:45.780,3.48,5700
2020-11-10 09:33:45.780,3.48,20000
2020-11-10 09:33:45.780,3.481,81600
2020-11-10 09:33:48.100,3.479,5000
2020-11-10 09:33:48.400,3.48,400
2020-11-10 09:33:48.400,3.48,9600
2020-11-10 09:33:48.400,3.48,1000
2020-11-10 09:33:48.620,3.479,18300
2020-11-10 09:33:48.620,3.479,1700
2020-11-10 09:33:49.600,3.479,11500
2020-11-10 09:33:49.600,3.479,3000
2020-11-10 09:33:50.020,3.48,8600
2020-11-10 09:33:50.380,3.479,600
2020-11-10 09:33:52.400,3.479,1000
2020-11-10 09:33:52.400,3.479,46400
2020-11-10 09:33:52.640,3.48,2000
2020-11-10 09:33:52.640,3.48,8000
2020-11-10 09:33:52.640,3.48,20000
2020-11-10 09:33:52.640,3.48,1000
2020-11-10 09:33:52.640,3.48,20000
2020-11-10 09:33:52.640,3.48,5000
2020-11-10 09:33:52.640,3.48,20000
2020-11-10 09:33:52.640,3.48,800
2020-11-10 09:33:52.640,3.48,5000
2020-11-10 09:33:52.640,3.48,1600
2020-11-10 09:33:52.640,3.48,10000
2020-11-10 09:33:52.640,3.48,100
2020-11-10 09:33:52.640,3.48,16000
2020-11-10 09:33:53.080,3.481,10000
2020-11-10 09:33:53.200,3.48,3200
2020-11-10 09:33:53.260,3.48,1100
2020-11-10 09:33:54.010,3.48,55700
2020-11-10 09:33:54.450,3.481,1800
2020-11-10 09:33:54.630,3.48,1000
2020-11-10 09:33:54.810,3.48,5700
2020-11-10 09:33:55.790,3.48,100000
2020-11-10 09:33:55.820,3.48,4000
2020-11-10 09:33:56.500,3.48,17300
2020-11-10 09:33:57.110,3.48,300
2020-11-10 09:33:57.910,3.48,6500
2020-11-10 09:33:58.090,3.48,3000
2020-11-10 09:33:58.210,3.48,12600
2020-11-10 09:33:58.480,3.48,700
2020-11-10 09:33:58.810,3.48,1000
2020-11-10 09:33:59.500,3.48,5000
2020-11-10 09:33:59.720,3.48,6000
2020-11-10 09:34:00.580,3.48,5700
2020-11-10 09:34:01.160,3.48,1000
2020-11-10 09:34:01.160,3.48,20300
2020-11-10 09:34:01.310,3.48,6300
2020-11-10 09:34:01.940,3.48,4800
2020-11-10 09:34:02.150,3.48,40000
2020-11-10 09:34:02.520,3.48,6200
2020-11-10 09:34:02.950,3.48,53600
2020-11-10 09:34:02.950,3.48,206200
2020-11-10 09:34:02.950,3.48,130000
2020-11-10 09:34:02.950,3.48,500
2020-11-10 09:34:02.950,3.48,358200
2020-11-10 09:34:02.950,3.48,5000
2020-11-10 09:34:02.950,3.48,1100
2020-11-10 09:34:02.950,3.48,30500
2020-11-10 09:34:02.950,3.48,214900
2020-11-10 09:34:03.280,3.48,1000
2020-11-10 09:34:04.180,3.48,1000
2020-11-10 09:34:04.300,3.481,254500
2020-11-10 09:34:04.300,3.481,20000
2020-11-10 09:34:04.300,3.481,1000
2020-11-10 09:34:04.300,3.481,14000
2020-11-10 09:34:04.300,3.481,100
2020-11-10 09:34:04.300,3.481,7800
2020-11-10 09:34:04.300,3.481,200
2020-11-10 09:34:04.300,3.481,2400
2020-11-10 09:34:04.450,3.481,47600
2020-11-10 09:34:04.450,3.481,1200
2020-11-10 09:34:04.450,3.481,3000
2020-11-10 09:34:04.450,3.481,40000
2020-11-10 09:34:04.450,3.481,20000
2020-11-10 09:34:04.450,3.481,2000
2020-11-10 09:34:04.450,3.481,400
2020-11-10 09:34:04.450,3.481,1000
2020-11-10 09:34:04.450,3.481,3000
2020-11-10 09:34:04.450,3.481,28300
2020-11-10 09:34:04.450,3.481,3000
2020-11-10 09:34:04.450,3.481,3500
2020-11-10 09:34:04.450,3.481,500
2020-11-10 09:34:04.450,3.481,10000
2020-11-10 09:34:04.450,3.481,5000
2020-11-10 09:34:04.450,3.481,500
2020-11-10 09:34:04.450,3.481,5000
2020-11-10 09:34:04.450,3.481,1000
2020-11-10 09:34:04.450,3.481,10000
2020-11-10 09:34:04.450,3.481,100
2020-11-10 09:34:04.450,3.481,5000
2020-11-10 09:34:04.450,3.481,1500
2020-11-10 09:34:04.570,3.481,12100
2020-11-10 09:34:04.670,3.481,3000
2020-11-10 09:34:05.760,3.481,1000
2020-11-10 09:34:05.960,3.481,2500
2020-11-10 09:34:06.210,3.481,5000
2020-11-10 09:34:06.890,3.481,6200
2020-11-10 09:34:07.790,3.481,1500
2020-11-10 09:34:08.510,3.481,4000
2020-11-10 09:34:08.630,3.481,1900
2020-11-10 09:34:08.770,3.481,500
2020-11-10 09:34:08.840,3.481,7000
2020-11-10 09:34:09.200,3.481,10000
2020-11-10 09:34:09.650,3.481,5000
2020-11-10 09:34:09.800,3.481,1000
2020-11-10 09:34:10.690,3.481,100
2020-11-10 09:34:12.200,3.481,5000
2020-11-10 09:34:13.000,3.481,42700
2020-11-10 09:34:13.000,3.481,5700
2020-11-10 09:34:13.000,3.481,3000
2020-11-10 09:34:13.000,3.481,1000
2020-11-10 09:34:13.000,3.481,4100
2020-11-10 09:34:13.000,3.481,30000
2020-11-10 09:34:13.000,3.481,300000
2020-11-10 09:34:13.000,3.481,8000
2020-11-10 09:34:13.000,3.48,83100
2020-11-10 09:34:13.000,3.48,30000
2020-11-10 09:34:13.000,3.48,492400
2020-11-10 09:34:13.800,3.48,4000
2020-11-10 09:34:14.490,3.481,7000
2020-11-10 09:34:16.130,3.481,1000
2020-11-10 09:34:16.660,3.481,9200
2020-11-10 09:34:17.680,3.481,1300
2020-11-10 09:34:17.680,3.481,3700
2020-11-10 09:34:17.830,3.481,16300
2020-11-10 09:34:17.830,3.481,58500
2020-11-10 09:34:18.980,3.482,18100
2020-11-10 09:34:18.980,3.482,100
2020-11-10 09:34:18.980,3.482,900
2020-11-10 09:34:18.980,3.482,45600
2020-11-10 09:34:18.980,3.482,10000
2020-11-10 09:34:18.980,3.482,1000
2020-11-10 09:34:18.980,3.482,62700
2020-11-10 09:34:18.980,3.482,2500
2020-11-10 09:34:18.980,3.482,6500
2020-11-10 09:34:18.980,3.482,500
2020-11-10 09:34:18.980,3.482,8500
2020-11-10 09:34:18.980,3.482,1500
2020-11-10 09:34:18.980,3.482,300
2020-11-10 09:34:18.980,3.482,3900
2020-11-10 09:34:18.980,3.482,2000
2020-11-10 09:34:18.980,3.482,40000
2020-11-10 09:34:18.980,3.482,10000
2020-11-10 09:34:18.980,3.482,2000
2020-11-10 09:34:18.980,3.482,1000
2020-11-10 09:34:18.980,3.482,10000
2020-11-10 09:34:18.980,3.482,30000
2020-11-10 09:34:18.980,3.482,1000
2020-11-10 09:34:18.980,3.482,3500
2020-11-10 09:34:18.980,3.482,4000
2020-11-10 09:34:18.980,3.482,2000
2020-11-10 09:34:18.980,3.482,5000
2020-11-10 09:34:18.980,3.482,27400
2020-11-10 09:34:18.980,3.481,5000
2020-11-10 09:34:19.310,3.482,100
2020-11-10 09:34:19.430,3.482,7500
2020-11-10 09:34:20.410,3.482,93800
2020-11-10 09:34:20.620,3.482,188200
2020-11-10 09:34:20.620,3.482,11800
2020-11-10 09:34:20.750,3.482,700
2020-11-10 09:34:21.410,3.482,20000
2020-11-10 09:34:21.690,3.482,5000
2020-11-10 09:34:21.840,3.482,2600
2020-11-10 09:34:22.100,3.482,1000
2020-11-10 09:34:22.700,3.482,1100
2020-11-10 09:34:22.730,3.482,1900
2020-11-10 09:34:22.760,3.481,13200
2020-11-10 09:34:22.870,3.482,300
2020-11-10 09:34:23.110,3.481,1100
2020-11-10 09:34:23.270,3.482,800
2020-11-10 09:34:23.450,3.482,17000
2020-11-10 09:34:23.790,3.482,5600
2020-11-10 09:34:24.210,3.482,1000
2020-11-10 09:34:25.450,3.482,3000
2020-11-10 09:34:25.690,3.482,100
2020-11-10 09:34:25.880,3.482,3000
2020-11-10 09:34:26.030,3.482,10000
2020-11-10 09:34:26.490,3.482,17200
2020-11-10 09:34:26.670,3.482,28500
2020-11-10 09:34:26.900,3.482,71500
2020-11-10 09:34:27.300,3.481,50800
2020-11-10 09:34:27.500,3.482,60000
2020-11-10 09:34:28.310,3.482,300
2020-11-10 09:34:28.920,3.482,3000
2020-11-10 09:34:29.610,3.483,196300
2020-11-10 09:34:29.610,3.483,1000
2020-11-10 09:34:29.610,3.483,10000
2020-11-10 09:34:29.610,3.483,10000
2020-11-10 09:34:29.610,3.483,60000
2020-11-10 09:34:29.610,3.483,400
2020-11-10 09:34:29.610,3.483,200
2020-11-10 09:34:29.610,3.483,200
2020-11-10 09:34:29.610,3.483,21900
2020-11-10 09:34:29.930,3.482,2000
2020-11-10 09:34:30.000,3.483,14300
2020-11-10 09:34:30.120,3.482,10000
2020-11-10 09:34:30.470,3.483,39000
2020-11-10 09:34:30.590,3.483,24800
2020-11-10 09:34:30.590,3.483,3000
2020-11-10 09:34:30.590,3.483,100000
2020-11-10 09:34:30.590,3.483,800
2020-11-10 09:34:30.590,3.483,3000
2020-11-10 09:34:30.590,3.483,11500
2020-11-10 09:34:30.590,3.483,5000
2020-11-10 09:34:30.590,3.483,200
2020-11-10 09:34:30.590,3.483,1500
2020-11-10 09:34:30.590,3.483,1500
2020-11-10 09:34:30.590,3.483,600
2020-11-10 09:34:32.390,3.483,3500
2020-11-10 09:34:33.700,3.483,3900
2020-11-10 09:34:34.190,3.483,140700
2020-11-10 09:34:34.190,3.483,200
2020-11-10 09:34:34.190,3.482,3000
2020-11-10 09:34:34.190,3.482,156100
2020-11-10 09:34:35.520,3.482,41600
2020-11-10 09:34:35.700,3.483,100
2020-11-10 09:34:35.920,3.483,29900
2020-11-10 09:34:35.920,3.483,40000
2020-11-10 09:34:35.920,3.483,1300
2020-11-10 09:34:36.070,3.482,10000
2020-11-10 09:34:36.070,3.482,10000
2020-11-10 09:34:36.070,3.482,1500
2020-11-10 09:34:36.130,3.481,5000
2020-11-10 09:34:36.130,3.481,62400
2020-11-10 09:34:37.080,3.482,600
2020-11-10 09:34:37.750,3.482,2900
2020-11-10 09:34:39.010,3.482,2900
2020-11-10 09:34:41.910,3.482,14300
2020-11-10 09:34:42.140,3.482,500
2020-11-10 09:34:42.540,3.482,1000
2020-11-10 09:34:43.180,3.481,100
2020-11-10 09:34:43.180,3.481,500
2020-11-10 09:34:43.180,3.481,5000
2020-11-10 09:34:43.180,3.481,4500
2020-11-10 09:34:43.180,3.481,40000
2020-11-10 09:34:43.270,3.481,20000
2020-11-10 09:34:43.360,3.481,1000
2020-11-10 09:34:45.700,3.481,10000
2020-11-10 09:34:46.460,3.481,10000
2020-11-10 09:34:46.700,3.481,300000
2020-11-10 09:34:47.790,3.481,8900
2020-11-10 09:34:47.790,3.481,1900
2020-11-10 09:34:47.860,3.481,2200
2020-11-10 09:34:47.950,3.481,9900
2020-11-10 09:34:47.950,3.481,3000
2020-11-10 09:34:47.950,3.481,3000
2020-11-10 09:34:47.950,3.481,1000
2020-11-10 09:34:47.950,3.481,4000
2020-11-10 09:34:49.420,3.482,1000
2020-11-10 09:34:49.600,3.481,3000
2020-11-10 09:34:50.410,3.481,2000
2020-11-10 09:34:50.410,3.481,28000
2020-11-10 09:34:50.990,3.481,200
2020-11-10 09:34:52.180,3.482,500
2020-11-10 09:34:52.460,3.481,20000
2020-11-10 09:34:52.610,3.481,30000
2020-11-10 09:34:52.790,3.481,2000
2020-11-10 09:34:53.220,3.481,5000
2020-11-10 09:34:53.500,3.481,5000
2020-11-10 09:34:53.950,3.482,14300
2020-11-10 09:34:54.340,3.482,165600
2020-11-10 09:34:54.700,3.481,5000
2020-11-10 09:34:55.550,3.482,100
2020-11-10 09:34:55.550,3.481,4000
2020-11-10 09:34:56.490,3.481,900
2020-11-10 09:34:56.490,3.481,17200
2020-11-10 09:34:56.640,3.481,20000
2020-11-10 09:34:57.000,3.482,4800
2020-11-10 09:34:57.360,3.482,3100
2020-11-10 09:34:58.980,3.482,10000
2020-11-10 09:34:59.620,3.482,100
2020-11-10 09:34:59.750,3.481,200
2020-11-10 09:34:59.930,3.482,10000
2020-11-10 09:35:00.490,3.482,400
2020-11-10 09:35:01.070,3.481,8000
2020-11-10 09:35:01.410,3.482,200
2020-11-10 09:35:02.540,3.482,26300
2020-11-10 09:35:04.020,3.481,1500
2020-11-10 09:35:04.570,3.482,2700
2020-11-10 09:35:05.100,3.481,3000
2020-11-10 09:35:05.200,3.481,1900
2020-11-10 09:35:05.230,3.482,5000
2020-11-10 09:35:05.720,3.481,1000
2020-11-10 09:35:06.150,3.482,12200
2020-11-10 09:35:06.150,3.482,2100
2020-11-10 09:35:06.760,3.481,147200
2020-11-10 09:35:06.760,3.481,2700
2020-11-10 09:35:06.760,3.481,1400
2020-11-10 09:35:06.760,3.481,6000
2020-11-10 09:35:06.760,3.481,30000
2020-11-10 09:35:06.760,3.481,37900
2020-11-10 09:35:06.760,3.481,1000
2020-11-10 09:35:07.550,3.481,60000
2020-11-10 09:35:07.940,3.481,2000
2020-11-10 09:35:08.680,3.481,12700
2020-11-10 09:35:08.680,3.481,8900
2020-11-10 09:35:08.680,3.481,38400
2020-11-10 09:35:08.950,3.481,138300
2020-11-10 09:35:09.150,3.481,19000
2020-11-10 09:35:09.150,3.481,5800
2020-11-10 09:35:10.450,3.482,3500
2020-11-10 09:35:10.750,3.481,40000
2020-11-10 09:35:10.750,3.481,300000
2020-11-10 09:35:10.750,3.48,200
2020-11-10 09:35:10.750,3.48,5500
2020-11-10 09:35:10.750,3.48,40000
2020-11-10 09:35:10.750,3.48,100
2020-11-10 09:35:10.750,3.48,14200
2020-11-10 09:35:11.240,3.482,200
2020-11-10 09:35:11.270,3.481,10000
2020-11-10 09:35:12.970,3.481,2800
2020-11-10 09:35:13.610,3.481,5100
2020-11-10 09:35:13.970,3.482,4200
2020-11-10 09:35:13.970,3.482,500
2020-11-10 09:35:13.970,3.482,1000
2020-11-10 09:35:13.970,3.482,700
2020-11-10 09:35:13.970,3.482,3000
2020-11-10 09:35:13.970,3.482,2000
2020-11-10 09:35:13.970,3.482,3800
2020-11-10 09:35:13.970,3.482,1300
2020-11-10 09:35:13.970,3.482,4000
2020-11-10 09:35:13.970,3.482,1000
2020-11-10 09:35:13.970,3.482,10000
2020-11-10 09:35:13.970,3.482,15000
2020-11-10 09:35:13.970,3.482,2000
2020-11-10 09:35:13.970,3.482,5000
2020-11-10 09:35:13.970,3.482,50000
2020-11-10 09:35:13.970,3.482,5000
2020-11-10 09:35:13.970,3.482,3200
2020-11-10 09:35:13.970,3.482,2000
2020-11-10 09:35:13.970,3.482,100
2020-11-10 09:35:13.970,3.482,100
2020-11-10 09:35:13.970,3.482,100000
2020-11-10 09:35:14.260,3.482,500
2020-11-10 09:35:14.980,3.482,11100
2020-11-10 09:35:16.000,3.482,100
2020-11-10 09:35:16.280,3.482,3000
2020-11-10 09:35:17.310,3.482,20000
2020-11-10 09:35:17.350,3.482,600
2020-11-10 09:35:18.050,3.483,14300
2020-11-10 09:35:18.800,3.482,600
2020-11-10 09:35:19.680,3.483,285700
2020-11-10 09:35:19.680,3.483,15300
2020-11-10 09:35:19.680,3.483,17500
2020-11-10 09:35:19.680,3.483,2500
2020-11-10 09:35:19.680,3.483,2200
2020-11-10 09:35:19.680,3.483,10000
2020-11-10 09:35:21.440,3.483,4500
2020-11-10 09:35:21.810,3.483,2000
2020-11-10 09:35:22.750,3.483,5000
2020-11-10 09:35:22.840,3.483,1000
2020-11-10 09:35:23.110,3.484,10000
2020-11-10 09:35:23.110,3.484,5000
2020-11-10 09:35:23.110,3.484,5000
2020-11-10 09:35:23.110,3.484,10000
2020-11-10 09:35:23.110,3.484,300
2020-11-10 09:35:23.110,3.484,3000
2020-11-10 09:35:23.110,3.484,1000
2020-11-10 09:35:23.110,3.484,100
2020-11-10 09:35:23.110,3.484,300
2020-11-10 09:35:23.110,3.484,1000
2020-11-10 09:35:23.110,3.484,5000
2020-11-10 09:35:23.490,3.485,2500
2020-11-10 09:35:23.490,3.485,2000
2020-11-10 09:35:23.490,3.485,3000
2020-11-10 09:35:23.490,3.485,500
2020-11-10 09:35:23.490,3.485,24000
2020-11-10 09:35:23.490,3.485,1000
2020-11-10 09:35:23.490,3.485,1000
2020-11-10 09:35:23.490,3.485,5000
2020-11-10 09:35:23.490,3.485,20000
2020-11-10 09:35:23.490,3.485,700
2020-11-10 09:35:23.490,3.485,2000
2020-11-10 09:35:23.490,3.485,7000
2020-11-10 09:35:23.490,3.485,2000
2020-11-10 09:35:23.490,3.485,3000
2020-11-10 09:35:23.490,3.485,5000
2020-11-10 09:35:23.490,3.485,300
2020-11-10 09:35:23.490,3.485,14000
2020-11-10 09:35:26.540,3.484,17300
2020-11-10 09:35:26.980,3.485,6000
2020-11-10 09:35:26.980,3.485,5000
2020-11-10 09:35:26.980,3.485,4200
2020-11-10 09:35:26.980,3.485,100
2020-11-10 09:35:26.980,3.485,6500
2020-11-10 09:35:26.980,3.485,5000
2020-11-10 09:35:26.980,3.485,200
2020-11-10 09:35:26.980,3.485,7000
2020-11-10 09:35:28.840,3.484,3000
2020-11-10 09:35:29.080,3.484,50000
2020-11-10 09:35:29.080,3.484,3000
2020-11-10 09:35:29.350,3.484,7400
2020-11-10 09:35:30.020,3.485,3000
2020-11-10 09:35:30.020,3.485,10000
2020-11-10 09:35:30.020,3.485,100
2020-11-10 09:35:30.020,3.485,1300
2020-11-10 09:35:30.310,3.484,200
2020-11-10 09:35:31.770,3.484,8100
2020-11-10 09:35:32.330,3.484,2900
2020-11-10 09:35:32.420,3.485,3700
2020-11-10 09:35:32.420,3.485,3000
2020-11-10 09:35:32.420,3.485,5800
2020-11-10 09:35:32.420,3.485,1000
2020-11-10 09:35:32.420,3.485,10000
2020-11-10 09:35:32.420,3.485,2000
2020-11-10 09:35:32.420,3.485,10000
2020-11-10 09:35:32.420,3.485,500
2020-11-10 09:35:32.420,3.485,2900
2020-11-10 09:35:32.460,3.485,70400
2020-11-10 09:35:32.670,3.485,10000
2020-11-10 09:35:33.200,3.485,15000
2020-11-10 09:35:33.480,3.485,50000
2020-11-10 09:35:34.050,3.485,12000
2020-11-10 09:35:34.410,3.485,6200
2020-11-10 09:35:36.010,3.486,10000
2020-11-10 09:35:36.010,3.486,4300
2020-11-10 09:35:36.300,3.486,1900
2020-11-10 09:35:36.940,3.485,900
2020-11-10 09:35:37.470,3.485,700
2020-11-10 09:35:37.890,3.485,10000
2020-11-10 09:35:37.950,3.485,700
2020-11-10 09:35:38.010,3.485,200
2020-11-10 09:35:38.270,3.485,900
2020-11-10 09:35:38.520,3.485,700
2020-11-10 09:35:39.120,3.485,700
2020-11-10 09:35:39.150,3.485,3000
2020-11-10 09:35:39.320,3.486,100
2020-11-10 09:35:39.790,3.485,400
2020-11-10 09:35:39.910,3.485,400
2020-11-10 09:35:40.240,3.485,81400
2020-11-10 09:35:40.240,3.485,4700
2020-11-10 09:35:40.530,3.485,300
2020-11-10 09:35:40.530,3.485,5600
2020-11-10 09:35:40.670,3.486,1000
2020-11-10 09:35:40.670,3.486,1600
2020-11-10 09:35:40.730,3.485,5000
2020-11-10 09:35:41.080,3.486,700
2020-11-10 09:35:41.080,3.486,2300
2020-11-10 09:35:41.510,3.485,400
2020-11-10 09:35:41.540,3.485,400
2020-11-10 09:35:41.570,3.485,1200
2020-11-10 09:35:41.570,3.485,1500
2020-11-10 09:35:41.570,3.485,5000
2020-11-10 09:35:41.570,3.485,500
2020-11-10 09:35:41.570,3.485,1000
2020-11-10 09:35:41.570,3.485,800
2020-11-10 09:35:44.060,3.485,1000
2020-11-10 09:35:44.240,3.485,100
2020-11-10 09:35:44.540,3.486,5000
2020-11-10 09:35:44.750,3.485,3000
2020-11-10 09:35:45.090,3.486,42700
2020-11-10 09:35:45.090,3.486,3000
2020-11-10 09:35:45.090,3.486,100
2020-11-10 09:35:45.090,3.486,1000
2020-11-10 09:35:45.090,3.486,7700
2020-11-10 09:35:45.090,3.486,2000
2020-11-10 09:35:45.090,3.486,100
2020-11-10 09:35:45.090,3.486,1400
2020-11-10 09:35:45.090,3.486,1000
2020-11-10 09:35:45.090,3.486,3000
2020-11-10 09:35:45.090,3.486,3500
2020-11-10 09:35:45.460,3.486,2000
2020-11-10 09:35:45.550,3.486,4500
2020-11-10 09:35:45.550,3.486,5500
2020-11-10 09:35:45.840,3.485,3000
2020-11-10 09:35:46.310,3.485,5000
2020-11-10 09:35:46.460,3.486,1100
2020-11-10 09:35:46.940,3.486,6000
2020-11-10 09:35:46.940,3.486,2000
2020-11-10 09:35:46.940,3.486,42000
2020-11-10 09:35:47.410,3.485,7100
2020-11-10 09:35:47.410,3.485,5000
2020-11-10 09:35:47.410,3.485,900
2020-11-10 09:35:47.620,3.485,600
2020-11-10 09:35:48.040,3.485,14300
2020-11-10 09:35:48.270,3.484,2500
2020-11-10 09:35:48.760,3.485,1000
2020-11-10 09:35:48.950,3.485,500
2020-11-10 09:35:49.590,3.484,2000
2020-11-10 09:35:51.630,3.485,20000
2020-11-10 09:35:52.020,3.485,5000
2020-11-10 09:35:52.260,3.484,5000
2020-11-10 09:35:52.260,3.484,2000
2020-11-10 09:35:52.260,3.483,293000
2020-11-10 09:35:53.430,3.485,7200
2020-11-10 09:35:54.070,3.484,2000
2020-11-10 09:35:54.750,3.484,3000
2020-11-10 09:35:54.830,3.484,500
2020-11-10 09:35:55.140,3.484,400
2020-11-10 09:35:55.170,3.484,1800
2020-11-10 09:35:55.470,3.484,1000
2020-11-10 09:35:55.470,3.484,800
2020-11-10 09:35:55.830,3.484,6000
2020-11-10 09:35:56.070,3.484,700
2020-11-10 09:35:56.480,3.483,17200
2020-11-10 09:35:56.870,3.483,244100
2020-11-10 09:35:56.870,3.483,5000
2020-11-10 09:35:56.870,3.483,100
2020-11-10 09:35:56.870,3.483,4300
2020-11-10 09:35:56.870,3.483,5000
2020-11-10 09:35:57.470,3.483,5000
2020-11-10 09:35:57.590,3.483,121100
2020-11-10 09:35:57.590,3.483,96000
2020-11-10 09:35:57.590,3.483,73500
2020-11-10 09:35:57.920,3.483,100
2020-11-10 09:35:58.840,3.483,2300
2020-11-10 09:35:59.310,3.483,100
2020-11-10 09:35:59.520,3.482,1000
2020-11-10 09:35:59.520,3.482,3000
2020-11-10 09:35:59.520,3.482,900
2020-11-10 09:35:59.520,3.482,500
2020-11-10 09:36:00.010,3.482,9000
2020-11-10 09:36:00.390,3.482,285600
2020-11-10 09:36:00.600,3.482,200
2020-11-10 09:36:00.690,3.483,6900
2020-11-10 09:36:00.690,3.483,20100
2020-11-10 09:36:00.690,3.483,106900
2020-11-10 09:36:01.950,3.483,62300
2020-11-10 09:36:02.080,3.482,10100
2020-11-10 09:36:03.020,3.483,1500
2020-11-10 09:36:03.020,3.483,100
2020-11-10 09:36:03.050,3.483,3000
2020-11-10 09:36:04.000,3.483,2000
2020-11-10 09:36:04.260,3.484,176300
2020-11-10 09:36:04.260,3.484,39100
2020-11-10 09:36:04.790,3.483,7700
2020-11-10 09:36:04.790,3.482,1300
2020-11-10 09:36:05.440,3.484,400
2020-11-10 09:36:05.480,3.484,1000
2020-11-10 09:36:05.570,3.484,11700
2020-11-10 09:36:05.570,3.484,12600
2020-11-10 09:36:05.990,3.484,30000
2020-11-10 09:36:06.430,3.483,3300
2020-11-10 09:36:06.430,3.482,160000
2020-11-10 09:36:06.430,3.481,1000
2020-11-10 09:36:06.430,3.481,144000
2020-11-10 09:36:06.430,3.481,40000
2020-11-10 09:36:06.430,3.481,151700
2020-11-10 09:36:06.730,3.482,300000
2020-11-10 09:36:06.950,3.482,2300
2020-11-10 09:36:07.960,3.482,497700
2020-11-10 09:36:08.080,3.483,2200
2020-11-10 09:36:08.080,3.483,2000
2020-11-10 09:36:08.080,3.484,1300
2020-11-10 09:36:08.870,3.484,13400
2020-11-10 09:36:08.870,3.484,36600
2020-11-10 09:36:09.360,3.484,3400
2020-11-10 09:36:09.360,3.484,100
2020-11-10 09:36:09.360,3.484,140000
2020-11-10 09:36:09.360,3.484,52600
2020-11-10 09:36:09.360,3.484,500
2020-11-10 09:36:09.360,3.484,40000
2020-11-10 09:36:09.360,3.484,42400
2020-11-10 09:36:09.360,3.484,7600
2020-11-10 09:36:09.360,3.484,45000
2020-11-10 09:36:09.870,3.484,5000
2020-11-10 09:36:09.870,3.484,3700
2020-11-10 09:36:10.700,3.483,5000
2020-11-10 09:36:10.970,3.483,14300
2020-11-10 09:36:11.030,3.482,1500
2020-11-10 09:36:11.140,3.482,30000
2020-11-10 09:36:11.390,3.483,3000
2020-11-10 09:36:11.920,3.483,300
2020-11-10 09:36:12.660,3.482,9100
2020-11-10 09:36:12.700,3.482,1000
2020-11-10 09:36:13.020,3.483,28300
2020-11-10 09:36:13.020,3.483,2000
2020-11-10 09:36:13.020,3.483,1100
2020-11-10 09:36:13.020,3.484,36300
2020-11-10 09:36:13.020,3.484,5000
2020-11-10 09:36:13.020,3.484,3000
2020-11-10 09:36:13.020,3.484,1000
2020-11-10 09:36:13.020,3.484,1000
2020-11-10 09:36:13.020,3.484,10000
2020-11-10 09:36:13.020,3.484,20500
2020-11-10 09:36:13.020,3.484,19500
2020-11-10 09:36:13.020,3.484,40000
2020-11-10 09:36:13.020,3.484,18000
2020-11-10 09:36:14.630,3.484,4000
2020-11-10 09:36:14.690,3.484,300
2020-11-10 09:36:14.690,3.484,2300
2020-11-10 09:36:15.150,3.483,17000
2020-11-10 09:36:15.180,3.483,33000
2020-11-10 09:36:15.180,3.484,7700
2020-11-10 09:36:15.180,3.484,67500
2020-11-10 09:36:15.390,3.484,29800
2020-11-10 09:36:15.810,3.482,7000
2020-11-10 09:36:17.860,3.483,500
2020-11-10 09:36:17.860,3.483,4700
2020-11-10 09:36:18.070,3.483,7700
2020-11-10 09:36:18.070,3.484,138400
2020-11-10 09:36:18.070,3.484,23400
2020-11-10 09:36:18.070,3.484,14300
2020-11-10 09:36:18.450,3.483,2000
2020-11-10 09:36:18.980,3.483,17000
2020-11-10 09:36:20.090,3.483,1500
2020-11-10 09:36:20.590,3.484,4300
2020-11-10 09:36:21.390,3.484,76000
2020-11-10 09:36:21.390,3.484,90900
2020-11-10 09:36:21.470,3.483,10000
2020-11-10 09:36:22.110,3.484,11900
2020-11-10 09:36:22.110,3.484,18900
2020-11-10 09:36:24.470,3.483,6300
2020-11-10 09:36:24.470,3.483,200
2020-11-10 09:36:24.470,3.483,1100
2020-11-10 09:36:24.470,3.484,5200
2020-11-10 09:36:24.470,3.484,19400
2020-11-10 09:36:24.470,3.484,3000
2020-11-10 09:36:24.470,3.484,9400
2020-11-10 09:36:24.470,3.484,15000
2020-11-10 09:36:24.470,3.484,1400
2020-11-10 09:36:24.470,3.484,10000
2020-11-10 09:36:24.470,3.484,7300
2020-11-10 09:36:25.290,3.482,6500
2020-11-10 09:36:26.280,3.482,15000
2020-11-10 09:36:26.620,3.482,17300
2020-11-10 09:36:27.080,3.483,15800
2020-11-10 09:36:27.080,3.483,6600
2020-11-10 09:36:30.150,3.483,10000
2020-11-10 09:36:30.240,3.483,1500
2020-11-10 09:36:30.550,3.482,5000
2020-11-10 09:36:30.550,3.482,600
2020-11-10 09:36:30.800,3.483,2600
2020-11-10 09:36:30.920,3.483,16500
2020-11-10 09:36:30.950,3.482,1400
2020-11-10 09:36:32.100,3.481,300
2020-11-10 09:36:32.160,3.482,900
2020-11-10 09:36:32.850,3.482,3700
2020-11-10 09:36:32.850,3.482,3400
2020-11-10 09:36:33.400,3.482,1600
2020-11-10 09:36:33.400,3.482,2900
2020-11-10 09:36:34.040,3.482,5000
2020-11-10 09:36:35.240,3.482,13100
2020-11-10 09:36:35.240,3.483,50800
2020-11-10 09:36:35.240,3.483,40000
2020-11-10 09:36:35.240,3.483,100
2020-11-10 09:36:36.110,3.483,14300
2020-11-10 09:36:36.180,3.481,9700
2020-11-10 09:36:36.180,3.481,20300
2020-11-10 09:36:37.210,3.483,12300
2020-11-10 09:36:38.570,3.482,100
2020-11-10 09:36:38.800,3.482,400
2020-11-10 09:36:38.800,3.482,1000
2020-11-10 09:36:39.160,3.483,2100
2020-11-10 09:36:39.630,3.482,4000
2020-11-10 09:36:39.630,3.482,2900
2020-11-10 09:36:39.630,3.483,5900
2020-11-10 09:36:39.630,3.483,5300
2020-11-10 09:36:39.630,3.483,45800
2020-11-10 09:36:40.140,3.482,2900
2020-11-10 09:36:40.140,3.483,9100
2020-11-10 09:36:40.980,3.482,15000
2020-11-10 09:36:41.320,3.481,9500
2020-11-10 09:36:43.260,3.482,2000
2020-11-10 09:36:43.470,3.481,200
2020-11-10 09:36:43.470,3.481,400
2020-11-10 09:36:43.560,3.481,7900
2020-11-10 09:36:43.560,3.481,4000
2020-11-10 09:36:43.560,3.481,9000
2020-11-10 09:36:43.560,3.481,4000
2020-11-10 09:36:43.560,3.481,7300
2020-11-10 09:36:43.560,3.481,5000
2020-11-10 09:36:43.560,3.481,1200
2020-11-10 09:36:43.620,3.481,5000
2020-11-10 09:36:44.370,3.482,1000
2020-11-10 09:36:44.370,3.482,30000
2020-11-10 09:36:44.370,3.482,2000
2020-11-10 09:36:44.370,3.483,71100
2020-11-10 09:36:44.970,3.481,400
2020-11-10 09:36:45.550,3.482,1300
2020-11-10 09:36:46.080,3.483,23600
2020-11-10 09:36:46.080,3.483,7100
2020-11-10 09:36:46.170,3.482,5200
2020-11-10 09:36:46.170,3.481,2000
2020-11-10 09:36:47.120,3.482,100
2020-11-10 09:36:47.350,3.481,1400
2020-11-10 09:36:47.440,3.481,3600
2020-11-10 09:36:47.570,3.481,1000
2020-11-10 09:36:47.570,3.48,9000
2020-11-10 09:36:48.460,3.481,1200
2020-11-10 09:36:48.580,3.481,1000
2020-11-10 09:36:48.610,3.481,1200
2020-11-10 09:36:48.780,3.48,76800
2020-11-10 09:36:48.780,3.48,50000
2020-11-10 09:36:48.780,3.48,10000
2020-11-10 09:36:48.780,3.48,1000
2020-11-10 09:36:48.780,3.48,2800
2020-11-10 09:36:48.780,3.48,100
2020-11-10 09:36:48.780,3.48,1300
2020-11-10 09:36:48.780,3.48,20000
2020-11-10 09:36:48.780,3.48,5000
2020-11-10 09:36:48.780,3.48,500
2020-11-10 09:36:48.780,3.48,5500
2020-11-10 09:36:48.780,3.48,240000
2020-11-10 09:36:48.780,3.48,1000
2020-11-10 09:36:48.780,3.48,86000
2020-11-10 09:36:50.070,3.481,300
2020-11-10 09:36:50.290,3.481,6000
2020-11-10 09:36:51.150,3.481,7300
2020-11-10 09:36:51.150,3.481,7700
2020-11-10 09:36:51.150,3.481,7300
2020-11-10 09:36:51.150,3.481,2000
2020-11-10 09:36:51.150,3.481,1000
2020-11-10 09:36:51.150,3.481,2000
2020-11-10 09:36:51.420,3.481,10000
2020-11-10 09:36:51.450,3.48,10000
2020-11-10 09:36:53.260,3.481,2900
2020-11-10 09:36:53.860,3.481,100
2020-11-10 09:36:54.430,3.48,100
2020-11-10 09:36:54.830,3.481,30000
2020-11-10 09:36:54.830,3.481,1000
2020-11-10 09:36:54.830,3.482,6100
2020-11-10 09:36:54.830,3.482,9900
2020-11-10 09:36:54.830,3.482,60000
2020-11-10 09:36:54.830,3.482,1200
2020-11-10 09:36:54.830,3.482,40000
2020-11-10 09:36:54.830,3.482,40000
2020-11-10 09:36:54.830,3.482,100
2020-11-10 09:36:54.830,3.482,200
2020-11-10 09:36:54.830,3.482,94200
2020-11-10 09:36:56.550,3.48,17200
2020-11-10 09:36:56.640,3.481,2400
2020-11-10 09:36:56.640,3.481,300
2020-11-10 09:36:57.900,3.48,300
2020-11-10 09:36:57.990,3.48,5300
2020-11-10 09:36:58.680,3.48,4400
2020-11-10 09:36:59.220,3.48,100
2020-11-10 09:36:59.950,3.48,3700
2020-11-10 09:36:59.950,3.48,3700
2020-11-10 09:37:00.590,3.48,200
2020-11-10 09:37:01.760,3.48,6600
2020-11-10 09:37:02.220,3.48,3300
2020-11-10 09:37:02.460,3.48,1000
2020-11-10 09:37:04.150,3.48,5500
2020-11-10 09:37:04.310,3.48,11600
2020-11-10 09:37:05.840,3.48,1000
2020-11-10 09:37:06.320,3.48,4000
2020-11-10 09:37:07.010,3.48,4900
2020-11-10 09:37:07.010,3.48,57600
2020-11-10 09:37:07.010,3.48,10000
2020-11-10 09:37:07.010,3.48,2000
2020-11-10 09:37:07.010,3.48,2000
2020-11-10 09:37:07.010,3.48,500
2020-11-10 09:37:07.010,3.48,3000
2020-11-10 09:37:07.010,3.48,100
2020-11-10 09:37:07.010,3.48,19900
2020-11-10 09:37:07.370,3.479,100
2020-11-10 09:37:09.150,3.48,100
2020-11-10 09:37:09.150,3.48,300
2020-11-10 09:37:09.480,3.48,1500
2020-11-10 09:37:09.720,3.479,1000
2020-11-10 09:37:10.580,3.48,1200
2020-11-10 09:37:10.580,3.48,500
2020-11-10 09:37:11.980,3.48,500
2020-11-10 09:37:11.980,3.48,2000
2020-11-10 09:37:11.980,3.48,3300
2020-11-10 09:37:14.360,3.479,8900
2020-11-10 09:37:14.360,3.479,2200
2020-11-10 09:37:14.360,3.479,35000
2020-11-10 09:37:14.430,3.479,76200
2020-11-10 09:37:14.430,3.479,2000
2020-11-10 09:37:14.430,3.479,100
2020-11-10 09:37:14.430,3.479,3700
2020-11-10 09:37:14.430,3.479,10000
2020-11-10 09:37:14.450,3.48,6700
2020-11-10 09:37:14.450,3.48,20300
2020-11-10 09:37:14.450,3.48,14900
2020-11-10 09:37:14.720,3.479,2200
2020-11-10 09:37:15.460,3.479,2200
2020-11-10 09:37:15.620,3.479,600
2020-11-10 09:37:15.680,3.479,1800
2020-11-10 09:37:16.320,3.478,6800
2020-11-10 09:37:16.320,3.478,1000
2020-11-10 09:37:16.320,3.478,100
2020-11-10 09:37:16.320,3.478,7200
2020-11-10 09:37:16.320,3.478,100
2020-11-10 09:37:16.320,3.478,10000
2020-11-10 09:37:16.320,3.478,50000
2020-11-10 09:37:16.320,3.478,2000
2020-11-10 09:37:16.320,3.478,2700
2020-11-10 09:37:16.320,3.478,1000
2020-11-10 09:37:16.320,3.478,100
2020-11-10 09:37:16.320,3.478,2900
2020-11-10 09:37:16.320,3.478,1000
2020-11-10 09:37:16.320,3.478,10000
2020-11-10 09:37:16.320,3.478,1000
2020-11-10 09:37:16.320,3.478,600
2020-11-10 09:37:16.320,3.478,100
2020-11-10 09:37:16.320,3.478,400
2020-11-10 09:37:16.320,3.478,400
2020-11-10 09:37:18.070,3.478,10000
2020-11-10 09:37:19.710,3.478,20000
2020-11-10 09:37:19.950,3.477,2000
2020-11-10 09:37:19.950,3.477,1600
2020-11-10 09:37:20.210,3.478,10000
2020-11-10 09:37:23.500,3.478,10000
2020-11-10 09:37:23.710,3.477,10000
2020-11-10 09:37:23.830,3.477,2100
2020-11-10 09:37:23.990,3.478,152600
2020-11-10 09:37:23.990,3.478,2000
2020-11-10 09:37:24.550,3.478,30000
2020-11-10 09:37:24.770,3.478,800
2020-11-10 09:37:25.110,3.478,114600
2020-11-10 09:37:25.110,3.478,300000
2020-11-10 09:37:25.110,3.477,1000
2020-11-10 09:37:25.110,3.477,1500
2020-11-10 09:37:25.110,3.477,100
2020-11-10 09:37:25.110,3.477,20000
2020-11-10 09:37:25.110,3.477,1000
2020-11-10 09:37:25.110,3.477,20000
2020-11-10 09:37:25.110,3.477,30000
2020-11-10 09:37:25.110,3.477,18900
2020-11-10 09:37:25.110,3.477,92900
2020-11-10 09:37:25.320,3.478,118000
2020-11-10 09:37:26.610,3.478,17200
2020-11-10 09:37:27.090,3.478,3100
2020-11-10 09:37:27.090,3.479,14300
2020-11-10 09:37:28.210,3.478,10000
2020-11-10 09:37:29.030,3.478,300
2020-11-10 09:37:29.440,3.478,30500
2020-11-10 09:37:31.090,3.478,700
2020-11-10 09:37:32.560,3.478,5000
2020-11-10 09:37:32.740,3.478,5200
2020-11-10 09:37:32.740,3.478,2000
2020-11-10 09:37:32.740,3.477,22800
2020-11-10 09:37:33.560,3.477,3000
2020-11-10 09:37:33.920,3.477,2000
2020-11-10 09:37:36.590,3.477,20000
2020-11-10 09:37:36.650,3.478,200
2020-11-10 09:37:36.710,3.477,3100
2020-11-10 09:37:36.710,3.477,1400
2020-11-10 09:37:36.710,3.477,5500
2020-11-10 09:37:37.640,3.478,1000
2020-11-10 09:37:38.480,3.477,8000
2020-11-10 09:37:39.020,3.478,1200
2020-11-10 09:37:39.020,3.478,5700
2020-11-10 09:37:39.020,3.478,300
2020-11-10 09:37:39.020,3.478,1500
2020-11-10 09:37:39.020,3.478,5600
2020-11-10 09:37:39.400,3.477,100
2020-11-10 09:37:40.040,3.477,12000
2020-11-10 09:37:40.410,3.477,8300
2020-11-10 09:37:40.540,3.477,20000
2020-11-10 09:37:40.670,3.477,4000
2020-11-10 09:37:40.670,3.477,10000
2020-11-10 09:37:41.000,3.477,10000
2020-11-10 09:37:42.040,3.477,22100
2020-11-10 09:37:42.040,3.477,3000
2020-11-10 09:37:42.040,3.477,11000
2020-11-10 09:37:42.450,3.477,1000
2020-11-10 09:37:43.250,3.478,10000
2020-11-10 09:37:43.280,3.477,1500
2020-11-10 09:37:43.760,3.477,86500
2020-11-10 09:37:43.760,3.477,500
2020-11-10 09:37:43.760,3.477,100
2020-11-10 09:37:43.760,3.477,1500
2020-11-10 09:37:43.760,3.477,2000
2020-11-10 09:37:43.760,3.477,8900
2020-11-10 09:37:43.760,3.477,10000
2020-11-10 09:37:43.760,3.477,5000
2020-11-10 09:37:43.760,3.477,100
2020-11-10 09:37:43.760,3.477,4100
2020-11-10 09:37:43.760,3.477,600
2020-11-10 09:37:43.760,3.477,300000
2020-11-10 09:37:43.760,3.477,40700
2020-11-10 09:37:44.050,3.477,7200
2020-11-10 09:37:44.300,3.478,284400
2020-11-10 09:37:44.300,3.478,3900
2020-11-10 09:37:44.300,3.478,100
2020-11-10 09:37:44.300,3.478,11600
2020-11-10 09:37:44.390,3.477,3500
2020-11-10 09:37:44.610,3.477,7600
2020-11-10 09:37:44.700,3.478,400
2020-11-10 09:37:44.700,3.478,17500
2020-11-10 09:37:44.700,3.478,60000
2020-11-10 09:37:44.700,3.478,69400
2020-11-10 09:37:44.700,3.478,5000
2020-11-10 09:37:44.700,3.478,500
2020-11-10 09:37:44.700,3.478,18700
2020-11-10 09:37:44.880,3.478,2100
2020-11-10 09:37:44.920,3.479,13700
2020-11-10 09:37:45.180,3.478,3000
2020-11-10 09:37:46.520,3.478,1800
2020-11-10 09:37:46.600,3.478,20000
2020-11-10 09:37:47.560,3.478,20000
2020-11-10 09:37:47.690,3.478,10000
2020-11-10 09:37:48.180,3.478,71700
2020-11-10 09:37:48.180,3.478,128300
2020-11-10 09:37:48.210,3.478,4000
2020-11-10 09:37:48.370,3.478,2900
2020-11-10 09:37:48.640,3.478,14800
2020-11-10 09:37:48.640,3.478,8600
2020-11-10 09:37:48.640,3.478,300
2020-11-10 09:37:48.640,3.478,10000
2020-11-10 09:37:48.790,3.477,4700
2020-11-10 09:37:49.370,3.477,4000
2020-11-10 09:37:49.610,3.477,2800
2020-11-10 09:37:50.570,3.478,1000
2020-11-10 09:37:50.600,3.477,1000
2020-11-10 09:37:51.640,3.477,20000
2020-11-10 09:37:52.030,3.477,2000
2020-11-10 09:37:52.530,3.477,2900
2020-11-10 09:37:52.770,3.478,2800
2020-11-10 09:37:52.830,3.477,31700
2020-11-10 09:37:53.240,3.477,23000
2020-11-10 09:37:53.690,3.478,3000
2020-11-10 09:37:54.040,3.477,2600
2020-11-10 09:37:54.270,3.478,8600
2020-11-10 09:37:54.740,3.477,5000
2020-11-10 09:37:55.240,3.478,1000
2020-11-10 09:37:55.330,3.477,8900
2020-11-10 09:37:55.450,3.477,5800
2020-11-10 09:37:56.610,3.477,17300
2020-11-10 09:37:56.980,3.477,7600
2020-11-10 09:37:56.980,3.477,200
2020-11-10 09:37:57.040,3.477,2000
2020-11-10 09:37:57.040,3.478,14300
2020-11-10 09:37:57.130,3.478,135600
2020-11-10 09:37:57.130,3.478,10000
2020-11-10 09:37:57.130,3.478,154400
2020-11-10 09:37:57.160,3.477,2500
2020-11-10 09:37:57.190,3.477,100
2020-11-10 09:37:57.400,3.477,5000
2020-11-10 09:37:57.430,3.477,10000
2020-11-10 09:37:57.860,3.477,800
2020-11-10 09:37:57.890,3.478,1000
2020-11-10 09:37:58.070,3.477,3000
2020-11-10 09:37:58.890,3.477,100
2020-11-10 09:37:59.280,3.477,2000
2020-11-10 09:37:59.840,3.477,4600
2020-11-10 09:38:00.490,3.477,2100
2020-11-10 09:38:00.550,3.477,300
2020-11-10 09:38:00.700,3.477,69000
2020-11-10 09:38:00.700,3.477,240000
2020-11-10 09:38:00.700,3.477,700
2020-11-10 09:38:00.700,3.477,4700
2020-11-10 09:38:00.700,3.477,185600
2020-11-10 09:38:00.820,3.477,1800
2020-11-10 09:38:01.380,3.477,80000
2020-11-10 09:38:01.500,3.477,4300
2020-11-10 09:38:02.340,3.477,3800
2020-11-10 09:38:03.060,3.477,24500
2020-11-10 09:38:03.060,3.477,58600
2020-11-10 09:38:04.240,3.477,6000
2020-11-10 09:38:04.420,3.476,10000
2020-11-10 09:38:04.420,3.476,1500
2020-11-10 09:38:06.830,3.476,1000
2020-11-10 09:38:08.060,3.477,5000
2020-11-10 09:38:08.760,3.477,200
2020-11-10 09:38:08.910,3.476,2500
2020-11-10 09:38:08.910,3.476,3400
2020-11-10 09:38:09.440,3.476,6600
2020-11-10 09:38:09.440,3.476,1000
2020-11-10 09:38:09.440,3.476,100
2020-11-10 09:38:09.440,3.476,43100
2020-11-10 09:38:10.150,3.476,6900
2020-11-10 09:38:10.460,3.476,4500
2020-11-10 09:38:10.460,3.477,5500
2020-11-10 09:38:11.840,3.476,5000
2020-11-10 09:38:13.110,3.476,30000
2020-11-10 09:38:13.880,3.476,200
2020-11-10 09:38:14.050,3.476,200
2020-11-10 09:38:14.920,3.475,5900
2020-11-10 09:38:15.040,3.476,14300
2020-11-10 09:38:15.840,3.475,20000
2020-11-10 09:38:17.300,3.476,250300
2020-11-10 09:38:17.300,3.476,3000
2020-11-10 09:38:17.300,3.476,2000
2020-11-10 09:38:17.300,3.476,44700
2020-11-10 09:38:17.480,3.476,23800
2020-11-10 09:38:17.480,3.476,15000
2020-11-10 09:38:17.480,3.476,50000
2020-11-10 09:38:17.480,3.476,2300
2020-11-10 09:38:17.480,3.476,21500
2020-11-10 09:38:17.480,3.476,4000
2020-11-10 09:38:17.480,3.476,16100
2020-11-10 09:38:17.480,3.476,2000
2020-11-10 09:38:17.700,3.477,500
2020-11-10 09:38:18.200,3.476,42200
2020-11-10 09:38:18.620,3.476,44400
2020-11-10 09:38:18.620,3.476,25600
2020-11-10 09:38:18.780,3.476,11200
2020-11-10 09:38:19.140,3.476,31400
2020-11-10 09:38:19.420,3.476,30000
2020-11-10 09:38:19.510,3.476,400
2020-11-10 09:38:19.690,3.477,4700
2020-11-10 09:38:20.030,3.476,2500
2020-11-10 09:38:20.360,3.476,10000
2020-11-10 09:38:20.480,3.476,37400
2020-11-10 09:38:20.860,3.476,1500
2020-11-10 09:38:20.950,3.476,22400
2020-11-10 09:38:21.990,3.476,6000
2020-11-10 09:38:22.230,3.476,3000
2020-11-10 09:38:22.910,3.476,3000
2020-11-10 09:38:23.850,3.476,6500
2020-11-10 09:38:24.010,3.476,1000
2020-11-10 09:38:24.320,3.477,8100
2020-11-10 09:38:24.320,3.477,25000
2020-11-10 09:38:24.320,3.477,5000
2020-11-10 09:38:24.320,3.477,12700
2020-11-10 09:38:24.320,3.477,2500
2020-11-10 09:38:24.540,3.476,24000
2020-11-10 09:38:24.950,3.476,20000
2020-11-10 09:38:25.010,3.476,5000
2020-11-10 09:38:25.640,3.476,3000
2020-11-10 09:38:26.140,3.476,20000
2020-11-10 09:38:26.470,3.476,10000
2020-11-10 09:38:26.570,3.476,17200
2020-11-10 09:38:27.100,3.477,4800
2020-11-10 09:38:27.100,3.477,17500
2020-11-10 09:38:27.100,3.477,200
2020-11-10 09:38:27.100,3.477,25800
2020-11-10 09:38:27.100,3.477,4000
2020-11-10 09:38:27.100,3.477,16000
2020-11-10 09:38:27.100,3.477,231800
2020-11-10 09:38:27.840,3.476,900
2020-11-10 09:38:28.010,3.476,5000
2020-11-10 09:38:28.210,3.476,14600
2020-11-10 09:38:28.780,3.476,1000
2020-11-10 09:38:28.840,3.476,14400
2020-11-10 09:38:28.900,3.476,700
2020-11-10 09:38:29.520,3.476,3000
2020-11-10 09:38:29.970,3.477,14300
2020-11-10 09:38:30.180,3.476,50000
2020-11-10 09:38:30.530,3.476,3000
2020-11-10 09:38:30.870,3.476,11200
2020-11-10 09:38:30.990,3.476,1000
2020-11-10 09:38:31.060,3.477,100
2020-11-10 09:38:31.320,3.477,10000
2020-11-10 09:38:31.620,3.476,1500
2020-11-10 09:38:31.710,3.476,300
2020-11-10 09:38:32.180,3.476,20000
2020-11-10 09:38:33.310,3.477,43800
2020-11-10 09:38:33.310,3.477,10000
2020-11-10 09:38:33.310,3.477,3000
2020-11-10 09:38:33.310,3.477,1000
2020-11-10 09:38:33.310,3.477,5900
2020-11-10 09:38:33.310,3.477,1800
2020-11-10 09:38:33.310,3.477,40000
2020-11-10 09:38:33.310,3.477,5000
2020-11-10 09:38:33.310,3.477,1800
2020-11-10 09:38:33.310,3.477,4000
2020-11-10 09:38:33.310,3.477,4000
2020-11-10 09:38:33.310,3.477,5000
2020-11-10 09:38:33.310,3.477,11000
2020-11-10 09:38:33.310,3.477,17500
2020-11-10 09:38:33.310,3.477,5000
2020-11-10 09:38:33.310,3.477,2500
2020-11-10 09:38:33.310,3.477,38400
2020-11-10 09:38:33.310,3.477,100300
2020-11-10 09:38:33.770,3.476,100
2020-11-10 09:38:34.010,3.476,500
2020-11-10 09:38:34.060,3.477,99700
2020-11-10 09:38:34.060,3.477,2000
2020-11-10 09:38:34.060,3.477,2000
2020-11-10 09:38:34.060,3.477,5000
2020-11-10 09:38:34.060,3.477,4200
2020-11-10 09:38:34.060,3.477,60300
2020-11-10 09:38:34.060,3.477,400
2020-11-10 09:38:34.060,3.477,50000
2020-11-10 09:38:34.060,3.477,50000
2020-11-10 09:38:34.060,3.477,300
2020-11-10 09:38:34.060,3.477,4000
2020-11-10 09:38:34.060,3.477,5000
2020-11-10 09:38:34.180,3.477,6000
2020-11-10 09:38:34.300,3.477,7300
2020-11-10 09:38:34.300,3.477,3800
2020-11-10 09:38:34.300,3.477,300
2020-11-10 09:38:34.300,3.477,1700
2020-11-10 09:38:35.290,3.476,10000
2020-11-10 09:38:35.620,3.476,7300
2020-11-10 09:38:35.650,3.476,2000
2020-11-10 09:38:36.140,3.476,5000
2020-11-10 09:38:36.400,3.476,1000
2020-11-10 09:38:36.450,3.476,147500
2020-11-10 09:38:36.450,3.476,300
2020-11-10 09:38:36.450,3.476,200
2020-11-10 09:38:36.450,3.476,100
2020-11-10 09:38:36.450,3.476,6000
2020-11-10 09:38:36.450,3.476,100
2020-11-10 09:38:36.480,3.476,2100
2020-11-10 09:38:36.860,3.476,3000
2020-11-10 09:38:38.410,3.476,1500
2020-11-10 09:38:41.290,3.476,34000
2020-11-10 09:38:42.010,3.475,4100
2020-11-10 09:38:42.010,3.475,3400
2020-11-10 09:38:42.010,3.475,1000
2020-11-10 09:38:42.010,3.475,10000
2020-11-10 09:38:42.010,3.475,20000
2020-11-10 09:38:42.010,3.475,5500
2020-11-10 09:38:42.010,3.475,10000
