Datetime,Price,Volume
2020-11-10 09:25:00.370,5.06,5900
2020-11-10 09:25:00.370,5.06,1400
2020-11-10 09:25:00.370,5.06,10000
2020-11-10 09:25:00.370,5.06,15500
2020-11-10 09:25:00.370,5.06,2300
2020-11-10 09:25:00.370,5.06,10000
2020-11-10 09:25:00.370,5.06,3900
2020-11-10 09:25:00.370,5.06,300
2020-11-10 09:25:00.370,5.06,1000
2020-11-10 09:25:00.370,5.06,500
2020-11-10 09:25:00.370,5.06,10000
2020-11-10 09:25:00.370,5.06,1900
2020-11-10 09:25:00.370,5.06,20000
2020-11-10 09:25:00.370,5.06,500
2020-11-10 09:25:00.370,5.06,1400
2020-11-10 09:25:00.370,5.06,5000
2020-11-10 09:25:00.370,5.06,6500
2020-11-10 09:25:00.370,5.06,500
2020-11-10 09:25:00.370,5.06,1700
2020-11-10 09:25:00.370,5.06,500
2020-11-10 09:25:00.370,5.06,10000
2020-11-10 09:25:00.370,5.06,21400
2020-11-10 09:25:00.370,5.06,12000
2020-11-10 09:25:00.370,5.06,2500
2020-11-10 09:25:00.370,5.06,34800
2020-11-10 09:25:00.370,5.06,1000
2020-11-10 09:25:00.370,5.06,120000
2020-11-10 09:25:00.370,5.06,20000
2020-11-10 09:25:00.370,5.06,2000
2020-11-10 09:25:00.370,5.06,1500
2020-11-10 09:25:00.370,5.06,5000
2020-11-10 09:25:00.370,5.06,4200
2020-11-10 09:25:00.370,5.06,11500
2020-11-10 09:25:00.370,5.06,170000
2020-11-10 09:25:00.370,5.06,10000
2020-11-10 09:25:00.370,5.06,2000
2020-11-10 09:25:00.370,5.06,6500
2020-11-10 09:25:00.370,5.06,4200
2020-11-10 09:25:00.370,5.06,100
2020-11-10 09:25:00.370,5.06,7000
2020-11-10 09:25:00.370,5.06,2200
2020-11-10 09:25:00.370,5.06,5000
2020-11-10 09:25:00.370,5.06,10100
2020-11-10 09:25:00.370,5.06,10600
2020-11-10 09:25:00.370,5.06,9000
2020-11-10 09:25:00.370,5.06,300
2020-11-10 09:25:00.370,5.06,59700
2020-11-10 09:25:00.370,5.06,240300
2020-11-10 09:25:00.370,5.06,40000
2020-11-10 09:25:00.370,5.06,1800
2020-11-10 09:25:00.370,5.06,10000
2020-11-10 09:25:00.370,5.06,5000
2020-11-10 09:25:00.370,5.06,10000
2020-11-10 09:25:00.370,5.06,28200
2020-11-10 09:25:00.370,5.06,700
2020-11-10 09:25:00.370,5.06,1300
2020-11-10 09:25:00.370,5.06,700
2020-11-10 09:25:00.370,5.06,100
2020-11-10 09:25:00.370,5.06,20000
2020-11-10 09:25:00.370,5.06,59200
2020-11-10 09:25:00.370,5.06,20000
2020-11-10 09:25:00.370,5.06,5000
2020-11-10 09:25:00.370,5.06,10000
2020-11-10 09:25:00.370,5.06,4000
2020-11-10 09:25:00.370,5.06,4000
2020-11-10 09:25:00.370,5.06,5000
2020-11-10 09:25:00.370,5.06,6000
2020-11-10 09:25:00.370,5.06,4000
2020-11-10 09:25:00.370,5.06,20000
2020-11-10 09:25:00.370,5.06,10000
2020-11-10 09:25:00.370,5.06,5000
2020-11-10 09:25:00.370,5.06,10000
2020-11-10 09:25:00.370,5.06,60000
2020-11-10 09:25:00.370,5.06,20000
2020-11-10 09:25:00.370,5.06,300
2020-11-10 09:25:00.370,5.06,5000
2020-11-10 09:25:00.370,5.06,20000
2020-11-10 09:25:00.370,5.06,7000
2020-11-10 09:25:00.370,5.06,30000
2020-11-10 09:25:00.370,5.06,14800
2020-11-10 09:25:00.370,5.06,17000
2020-11-10 09:25:00.370,5.06,900
2020-11-10 09:25:00.370,5.06,5000
2020-11-10 09:25:00.370,5.06,1000
2020-11-10 09:25:00.370,5.06,800
2020-11-10 09:25:00.370,5.06,400
2020-11-10 09:25:00.370,5.06,2000
2020-11-10 09:25:00.370,5.06,100
2020-11-10 09:25:00.370,5.06,3000
2020-11-10 09:25:00.370,5.06,4000
2020-11-10 09:25:00.370,5.06,5000
2020-11-10 09:25:00.370,5.06,1000
2020-11-10 09:25:00.370,5.06,1800
2020-11-10 09:25:00.370,5.06,1000
2020-11-10 09:25:00.370,5.06,7000
2020-11-10 09:25:00.370,5.06,3000
2020-11-10 09:25:00.370,5.06,10000
2020-11-10 09:25:00.370,5.06,2500
2020-11-10 09:25:00.370,5.06,7000
2020-11-10 09:25:00.370,5.06,7000
2020-11-10 09:25:00.370,5.06,4800
2020-11-10 09:25:00.370,5.06,3900
2020-11-10 09:25:00.370,5.06,2200
2020-11-10 09:25:00.370,5.06,700
2020-11-10 09:25:00.370,5.06,1000
2020-11-10 09:25:00.370,5.06,1500
2020-11-10 09:25:00.370,5.06,3100
2020-11-10 09:25:00.370,5.06,20000
2020-11-10 09:25:00.370,5.06,7200
2020-11-10 09:25:00.370,5.06,8500
2020-11-10 09:25:00.370,5.06,12900
2020-11-10 09:25:00.370,5.06,10000
2020-11-10 09:25:00.370,5.06,14000
2020-11-10 09:25:00.370,5.06,16300
2020-11-10 09:25:00.370,5.06,52000
2020-11-10 09:25:00.370,5.06,25400
2020-11-10 09:25:00.370,5.06,15000
2020-11-10 09:25:00.370,5.06,3000
2020-11-10 09:25:00.370,5.06,62800
2020-11-10 09:25:00.370,5.06,20000
2020-11-10 09:25:00.370,5.06,10000
2020-11-10 09:25:00.370,5.06,4200
2020-11-10 09:25:00.370,5.06,1000
2020-11-10 09:25:00.370,5.06,10800
2020-11-10 09:25:00.370,5.06,800
2020-11-10 09:25:00.370,5.06,2000
2020-11-10 09:25:00.370,5.06,5000
2020-11-10 09:25:00.370,5.06,10000
2020-11-10 09:25:00.370,5.06,47200
2020-11-10 09:25:00.370,5.06,200
2020-11-10 09:25:00.370,5.06,32600
2020-11-10 09:25:00.370,5.06,2400
2020-11-10 09:25:00.370,5.06,42700
2020-11-10 09:25:00.370,5.06,20000
2020-11-10 09:25:00.370,5.06,20000
2020-11-10 09:25:00.370,5.06,4000
2020-11-10 09:25:00.370,5.06,2000
2020-11-10 09:25:00.370,5.06,7000
2020-11-10 09:25:00.370,5.06,10000
2020-11-10 09:25:00.370,5.06,5000
2020-11-10 09:25:00.370,5.06,1000
2020-11-10 09:25:00.370,5.06,10000
2020-11-10 09:25:00.370,5.06,100000
2020-11-10 09:25:00.370,5.06,3000
2020-11-10 09:25:00.370,5.06,10000
2020-11-10 09:25:00.370,5.06,5400
2020-11-10 09:25:00.370,5.06,4000
2020-11-10 09:25:00.370,5.06,90000
2020-11-10 09:25:00.370,5.06,15700
2020-11-10 09:25:00.370,5.06,2000
2020-11-10 09:25:00.370,5.06,100
2020-11-10 09:25:00.370,5.06,500
2020-11-10 09:25:00.370,5.06,12500
2020-11-10 09:25:00.370,5.06,18800
2020-11-10 09:25:00.370,5.06,39800
2020-11-10 09:25:00.370,5.06,27600
2020-11-10 09:25:00.370,5.06,1000
2020-11-10 09:25:00.370,5.06,1000
2020-11-10 09:25:00.370,5.06,2500
2020-11-10 09:25:00.370,5.06,2900
2020-11-10 09:25:00.370,5.06,65000
2020-11-10 09:25:00.370,5.06,200
2020-11-10 09:25:00.370,5.06,37000
2020-11-10 09:25:00.370,5.06,1000
2020-11-10 09:25:00.370,5.06,66200
2020-11-10 09:25:00.370,5.06,18600
2020-11-10 09:25:00.370,5.06,12000
2020-11-10 09:25:00.370,5.06,1000
2020-11-10 09:25:00.370,5.06,500
2020-11-10 09:25:00.370,5.06,1500
2020-11-10 09:25:00.370,5.06,400
2020-11-10 09:25:00.370,5.06,1000
2020-11-10 09:25:00.370,5.06,300
2020-11-10 09:25:00.370,5.06,600
2020-11-10 09:25:00.370,5.06,300
2020-11-10 09:25:00.370,5.06,400
2020-11-10 09:25:00.370,5.06,2300
2020-11-10 09:25:00.370,5.06,2900
2020-11-10 09:25:00.370,5.06,200
2020-11-10 09:25:00.370,5.06,1800
2020-11-10 09:25:00.370,5.06,2100
2020-11-10 09:25:00.370,5.06,6900
2020-11-10 09:25:00.370,5.06,2000
2020-11-10 09:25:00.370,5.06,1000
2020-11-10 09:25:00.370,5.06,200
2020-11-10 09:25:00.370,5.06,800
2020-11-10 09:25:00.370,5.06,200
2020-11-10 09:25:00.370,5.06,100
2020-11-10 09:25:00.370,5.06,400
2020-11-10 09:25:00.370,5.06,100
2020-11-10 09:25:00.370,5.06,14000
2020-11-10 09:25:00.370,5.06,100
2020-11-10 09:25:00.370,5.06,100
2020-11-10 09:25:00.370,5.06,100
2020-11-10 09:25:00.370,5.06,200
2020-11-10 09:25:00.370,5.06,400
2020-11-10 09:25:00.370,5.06,200
2020-11-10 09:25:00.370,5.06,3200
2020-11-10 09:25:00.370,5.06,6600
2020-11-10 09:25:00.370,5.06,300
2020-11-10 09:25:00.370,5.06,300
2020-11-10 09:25:00.370,5.06,2800
2020-11-10 09:25:00.370,5.06,20000
2020-11-10 09:25:00.370,5.06,1500
2020-11-10 09:25:00.370,5.06,7700
2020-11-10 09:25:00.370,5.06,100
2020-11-10 09:25:00.370,5.06,500
2020-11-10 09:25:00.370,5.06,100
2020-11-10 09:25:00.370,5.06,500
2020-11-10 09:25:00.370,5.06,200
2020-11-10 09:25:00.370,5.06,2000
2020-11-10 09:25:00.370,5.06,100
2020-11-10 09:25:00.370,5.06,2200
2020-11-10 09:25:00.370,5.06,1600
2020-11-10 09:25:00.370,5.06,400
2020-11-10 09:25:00.370,5.06,100
2020-11-10 09:25:00.370,5.06,100
2020-11-10 09:25:00.370,5.06,200
2020-11-10 09:25:00.370,5.06,100
2020-11-10 09:25:00.370,5.06,8300
2020-11-10 09:25:00.370,5.06,1700
2020-11-10 09:25:00.370,5.06,1300
2020-11-10 09:25:00.370,5.06,300
2020-11-10 09:25:00.370,5.06,2500
2020-11-10 09:25:00.370,5.06,5700
2020-11-10 09:25:00.370,5.06,200
2020-11-10 09:25:00.370,5.06,100
2020-11-10 09:25:00.370,5.06,2400
2020-11-10 09:25:00.370,5.06,600
2020-11-10 09:25:00.370,5.06,700
2020-11-10 09:25:00.370,5.06,300
2020-11-10 09:25:00.370,5.06,400
2020-11-10 09:25:00.370,5.06,4600
2020-11-10 09:25:00.370,5.06,4600
2020-11-10 09:25:00.370,5.06,5000
2020-11-10 09:25:00.370,5.06,1700
2020-11-10 09:25:00.370,5.06,4000
2020-11-10 09:25:00.370,5.06,10000
2020-11-10 09:25:00.370,5.06,2000
2020-11-10 09:25:00.370,5.06,500
2020-11-10 09:25:00.370,5.06,28700
2020-11-10 09:25:00.370,5.06,1900
2020-11-10 09:25:00.370,5.06,100000
2020-11-10 09:25:00.370,5.06,2000
2020-11-10 09:25:00.370,5.06,40200
2020-11-10 09:25:00.370,5.06,9500
2020-11-10 09:25:00.370,5.06,35300
2020-11-10 09:25:00.370,5.06,14700
2020-11-10 09:25:00.370,5.06,100000
2020-11-10 09:25:00.370,5.06,30000
2020-11-10 09:25:00.370,5.06,100
2020-11-10 09:25:00.370,5.06,20000
2020-11-10 09:25:00.370,5.06,2000
2020-11-10 09:25:00.370,5.06,30000
2020-11-10 09:25:00.370,5.06,1000
2020-11-10 09:25:00.370,5.06,2200
2020-11-10 09:25:00.370,5.06,200
2020-11-10 09:25:00.370,5.06,2000
2020-11-10 09:25:00.370,5.06,500
2020-11-10 09:25:00.370,5.06,400
2020-11-10 09:25:00.370,5.06,1000
2020-11-10 09:25:00.370,5.06,3700
2020-11-10 09:25:00.370,5.06,2300
2020-11-10 09:25:00.370,5.06,1300
2020-11-10 09:25:00.370,5.06,200
2020-11-10 09:25:00.370,5.06,500
2020-11-10 09:25:00.370,5.06,10700
2020-11-10 09:25:00.370,5.06,2000
2020-11-10 09:25:00.370,5.06,9800
2020-11-10 09:25:00.370,5.06,1000
2020-11-10 09:25:00.370,5.06,99000
2020-11-10 09:25:00.370,5.06,10000
2020-11-10 09:25:00.370,5.06,119300
2020-11-10 09:25:00.370,5.06,2000
2020-11-10 09:25:00.370,5.06,269700
2020-11-10 09:25:00.370,5.06,3000
2020-11-10 09:25:00.370,5.06,10000
2020-11-10 09:25:00.370,5.06,5000
2020-11-10 09:25:00.370,5.06,46900
2020-11-10 09:25:00.370,5.06,115000
2020-11-10 09:25:00.370,5.06,5000
2020-11-10 09:25:00.370,5.06,135400
2020-11-10 09:25:00.370,5.06,67100
2020-11-10 09:25:00.370,5.06,6000
2020-11-10 09:25:00.370,5.06,13800
2020-11-10 09:25:00.370,5.06,2000
2020-11-10 09:25:00.370,5.06,1200
2020-11-10 09:25:00.370,5.06,4000
2020-11-10 09:25:00.370,5.06,100
2020-11-10 09:25:00.370,5.06,700
2020-11-10 09:25:00.370,5.06,1100
2020-11-10 09:25:00.370,5.06,11000
2020-11-10 09:25:00.370,5.06,3000
2020-11-10 09:25:00.370,5.06,40000
2020-11-10 09:25:00.370,5.06,4000
2020-11-10 09:25:00.370,5.06,10500
2020-11-10 09:25:00.370,5.06,3500
2020-11-10 09:25:00.370,5.06,4500
2020-11-10 09:25:00.370,5.06,1000
2020-11-10 09:25:00.370,5.06,35200
2020-11-10 09:25:00.370,5.06,2000
2020-11-10 09:25:00.370,5.06,6800
2020-11-10 09:25:00.370,5.06,21400
2020-11-10 09:25:00.370,5.06,1500
2020-11-10 09:25:00.370,5.06,2900
2020-11-10 09:25:00.370,5.06,3000
2020-11-10 09:25:00.370,5.06,100
2020-11-10 09:25:00.370,5.06,2500
2020-11-10 09:25:00.370,5.06,200
2020-11-10 09:25:00.370,5.06,200
2020-11-10 09:25:00.370,5.06,2100
2020-11-10 09:25:00.370,5.06,5000
2020-11-10 09:25:00.370,5.06,2000
2020-11-10 09:25:00.370,5.06,5000
2020-11-10 09:25:00.370,5.06,200
2020-11-10 09:25:00.370,5.06,2000
2020-11-10 09:25:00.370,5.06,5000
2020-11-10 09:25:00.370,5.06,100
2020-11-10 09:25:00.370,5.06,4900
2020-11-10 09:25:00.370,5.06,3000
2020-11-10 09:25:00.370,5.06,10000
2020-11-10 09:25:00.370,5.06,1600
2020-11-10 09:25:00.370,5.06,7300
2020-11-10 09:25:00.370,5.06,10000
2020-11-10 09:25:00.370,5.06,1000
2020-11-10 09:25:00.370,5.06,100
2020-11-10 09:25:00.370,5.06,600
2020-11-10 09:25:00.370,5.06,100
2020-11-10 09:25:00.370,5.06,5500
2020-11-10 09:25:00.370,5.06,100
2020-11-10 09:25:00.370,5.06,6000
2020-11-10 09:25:00.370,5.06,100
2020-11-10 09:25:00.370,5.06,4300
2020-11-10 09:25:00.370,5.06,21300
2020-11-10 09:25:00.370,5.06,600
2020-11-10 09:25:00.370,5.06,8800
2020-11-10 09:25:00.370,5.06,200
2020-11-10 09:25:00.370,5.06,1000
2020-11-10 09:25:00.370,5.06,21500
2020-11-10 09:25:00.370,5.06,800
2020-11-10 09:25:00.370,5.06,3000
2020-11-10 09:25:00.370,5.06,4400
2020-11-10 09:25:00.370,5.06,300
2020-11-10 09:25:00.370,5.06,5000
2020-11-10 09:25:00.370,5.06,30000
2020-11-10 09:25:00.370,5.06,700
2020-11-10 09:25:00.370,5.06,25000
2020-11-10 09:25:00.370,5.06,900
2020-11-10 09:25:00.370,5.06,100
2020-11-10 09:25:00.370,5.06,10000
2020-11-10 09:25:00.370,5.06,7000
2020-11-10 09:25:00.370,5.06,60000
2020-11-10 09:25:00.370,5.06,100
2020-11-10 09:25:00.370,5.06,2000
2020-11-10 09:25:00.370,5.06,2000
2020-11-10 09:25:00.370,5.06,200
2020-11-10 09:25:00.370,5.06,200
2020-11-10 09:25:00.370,5.06,2000
2020-11-10 09:25:00.370,5.06,500
2020-11-10 09:25:00.370,5.06,4100
2020-11-10 09:30:00.210,5.059,2300
2020-11-10 09:30:00.210,5.059,14000
2020-11-10 09:30:00.210,5.059,40000
2020-11-10 09:30:00.210,5.059,20000
2020-11-10 09:30:00.210,5.059,5100
2020-11-10 09:30:00.210,5.059,30000
2020-11-10 09:30:00.210,5.059,5100
2020-11-10 09:30:00.210,5.059,5100
2020-11-10 09:30:00.250,5.058,1000
2020-11-10 09:30:00.250,5.059,51000
2020-11-10 09:30:00.250,5.059,4000
2020-11-10 09:30:00.290,5.059,28700
2020-11-10 09:30:00.290,5.061,3000
2020-11-10 09:30:00.290,5.062,700
2020-11-10 09:30:00.290,5.063,2400
2020-11-10 09:30:00.290,5.063,900
2020-11-10 09:30:00.360,5.063,3400
2020-11-10 09:30:00.360,5.063,25000
2020-11-10 09:30:00.360,5.063,59800
2020-11-10 09:30:00.360,5.061,2000
2020-11-10 09:30:00.360,5.063,10000
2020-11-10 09:30:00.360,5.062,2000
2020-11-10 09:30:00.360,5.061,26300
2020-11-10 09:30:00.360,5.061,5000
2020-11-10 09:30:00.360,5.061,5000
2020-11-10 09:30:00.470,5.058,1100
2020-11-10 09:30:00.470,5.058,50000
2020-11-10 09:30:00.470,5.058,2000
2020-11-10 09:30:00.470,5.058,6000
2020-11-10 09:30:00.470,5.058,10000
2020-11-10 09:30:00.470,5.058,70100
2020-11-10 09:30:00.470,5.058,1000
2020-11-10 09:30:00.470,5.058,2000
2020-11-10 09:30:00.470,5.058,15000
2020-11-10 09:30:00.470,5.058,4000
2020-11-10 09:30:00.470,5.058,5300
2020-11-10 09:30:00.470,5.058,500
2020-11-10 09:30:00.470,5.058,9900
2020-11-10 09:30:00.470,5.058,3000
2020-11-10 09:30:00.470,5.058,40000
2020-11-10 09:30:00.470,5.058,76100
2020-11-10 09:30:00.470,5.058,46000
2020-11-10 09:30:00.470,5.058,250000
2020-11-10 09:30:00.470,5.061,1000
2020-11-10 09:30:00.470,5.061,4200
2020-11-10 09:30:00.470,5.058,4400
2020-11-10 09:30:00.470,5.06,1200
2020-11-10 09:30:00.470,5.061,15900
2020-11-10 09:30:00.580,5.061,500
2020-11-10 09:30:00.580,5.058,300
2020-11-10 09:30:00.580,5.061,4400
2020-11-10 09:30:00.580,5.061,60000
2020-11-10 09:30:00.580,5.058,45300
2020-11-10 09:30:00.580,5.057,4000
2020-11-10 09:30:00.580,5.057,3200
2020-11-10 09:30:00.580,5.057,5000
2020-11-10 09:30:00.580,5.057,2000
2020-11-10 09:30:00.580,5.057,500
2020-11-10 09:30:00.580,5.057,50000
2020-11-10 09:30:00.580,5.057,1900
2020-11-10 09:30:00.580,5.057,10000
2020-11-10 09:30:00.580,5.057,100
2020-11-10 09:30:00.580,5.057,20000
2020-11-10 09:30:00.580,5.057,5000
2020-11-10 09:30:00.580,5.057,10000
2020-11-10 09:30:00.580,5.057,8400
2020-11-10 09:30:00.580,5.056,3000
2020-11-10 09:30:00.580,5.056,127600
2020-11-10 09:30:00.580,5.061,10000
2020-11-10 09:30:00.580,5.061,4100
2020-11-10 09:30:00.580,5.063,16200
2020-11-10 09:30:00.690,5.06,5000
2020-11-10 09:30:00.690,5.062,5000
2020-11-10 09:30:00.690,5.062,5000
2020-11-10 09:30:00.810,5.062,100000
2020-11-10 09:30:00.810,5.06,1100
2020-11-10 09:30:00.810,5.06,600
2020-11-10 09:30:00.810,5.06,500
2020-11-10 09:30:00.810,5.06,6800
2020-11-10 09:30:00.810,5.06,2000
2020-11-10 09:30:00.810,5.06,500
2020-11-10 09:30:00.930,5.06,5000
2020-11-10 09:30:00.930,5.06,10000
2020-11-10 09:30:00.930,5.06,6900
2020-11-10 09:30:00.930,5.06,5500
2020-11-10 09:30:00.930,5.06,10000
2020-11-10 09:30:01.070,5.06,100
2020-11-10 09:30:01.070,5.06,3200
2020-11-10 09:30:01.070,5.057,100
2020-11-10 09:30:01.070,5.056,122400
2020-11-10 09:30:01.070,5.056,10000
2020-11-10 09:30:01.070,5.056,100
2020-11-10 09:30:01.070,5.056,19700
2020-11-10 09:30:01.070,5.056,500
2020-11-10 09:30:01.070,5.056,7200
2020-11-10 09:30:01.070,5.056,400
2020-11-10 09:30:01.070,5.056,200
2020-11-10 09:30:01.070,5.056,58000
2020-11-10 09:30:01.180,5.056,1000
2020-11-10 09:30:01.180,5.059,20000
2020-11-10 09:30:01.180,5.06,10000
2020-11-10 09:30:01.180,5.06,1600
2020-11-10 09:30:01.290,5.06,5000
2020-11-10 09:30:01.290,5.06,400
2020-11-10 09:30:01.290,5.06,2000
2020-11-10 09:30:01.390,5.06,8700
2020-11-10 09:30:01.390,5.056,300
2020-11-10 09:30:01.390,5.06,1300
2020-11-10 09:30:01.540,5.06,2300
2020-11-10 09:30:01.540,5.06,500
2020-11-10 09:30:01.540,5.06,5000
2020-11-10 09:30:01.540,5.06,10000
2020-11-10 09:30:01.540,5.058,500
2020-11-10 09:30:01.540,5.06,4300
2020-11-10 09:30:01.650,5.056,38200
2020-11-10 09:30:01.650,5.056,2000
2020-11-10 09:30:01.650,5.056,300
2020-11-10 09:30:01.650,5.056,900
2020-11-10 09:30:01.650,5.056,400
2020-11-10 09:30:01.650,5.056,2400
2020-11-10 09:30:01.650,5.056,100
2020-11-10 09:30:01.650,5.056,100000
2020-11-10 09:30:01.650,5.056,100
2020-11-10 09:30:01.650,5.056,800
2020-11-10 09:30:01.650,5.056,7100
2020-11-10 09:30:01.650,5.056,100
2020-11-10 09:30:01.650,5.056,1800
2020-11-10 09:30:01.650,5.056,10000
2020-11-10 09:30:01.650,5.056,400
2020-11-10 09:30:01.650,5.056,500
2020-11-10 09:30:01.650,5.056,100
2020-11-10 09:30:01.650,5.056,2000
2020-11-10 09:30:01.650,5.056,5000
2020-11-10 09:30:01.650,5.056,100
2020-11-10 09:30:01.650,5.056,98500
2020-11-10 09:30:01.650,5.056,6900
2020-11-10 09:30:01.650,5.056,1000
2020-11-10 09:30:01.650,5.056,2400
2020-11-10 09:30:01.650,5.056,18900
2020-11-10 09:30:01.650,5.06,600
2020-11-10 09:30:01.650,5.06,30000
2020-11-10 09:30:01.760,5.06,30000
2020-11-10 09:30:01.880,5.06,3700
2020-11-10 09:30:01.880,5.06,3000
2020-11-10 09:30:01.880,5.056,4100
2020-11-10 09:30:01.880,5.056,900
2020-11-10 09:30:01.880,5.056,1000
2020-11-10 09:30:01.880,5.056,600
2020-11-10 09:30:01.880,5.056,100
2020-11-10 09:30:01.880,5.056,2000
2020-11-10 09:30:01.880,5.056,5700
2020-11-10 09:30:01.880,5.056,1000
2020-11-10 09:30:01.880,5.056,200
2020-11-10 09:30:01.880,5.056,2000
2020-11-10 09:30:01.880,5.056,600
2020-11-10 09:30:01.880,5.056,5000
2020-11-10 09:30:01.880,5.056,3000
2020-11-10 09:30:01.880,5.056,1000
2020-11-10 09:30:01.880,5.056,900
2020-11-10 09:30:02.000,5.06,6000
2020-11-10 09:30:02.000,5.06,23400
2020-11-10 09:30:02.000,5.06,19000
2020-11-10 09:30:02.000,5.06,5300
2020-11-10 09:30:02.000,5.06,10000
2020-11-10 09:30:02.000,5.06,10000
2020-11-10 09:30:02.000,5.06,23800
2020-11-10 09:30:02.000,5.06,5000
2020-11-10 09:30:02.000,5.06,4800
2020-11-10 09:30:02.000,5.06,2000
2020-11-10 09:30:02.000,5.06,2000
2020-11-10 09:30:02.000,5.06,10000
2020-11-10 09:30:02.110,5.058,1000
2020-11-10 09:30:02.110,5.056,3200
2020-11-10 09:30:02.110,5.056,3900
2020-11-10 09:30:02.110,5.056,100
2020-11-10 09:30:02.110,5.056,10000
2020-11-10 09:30:02.110,5.056,11800
2020-11-10 09:30:02.110,5.06,100
2020-11-10 09:30:02.110,5.06,3500
2020-11-10 09:30:02.110,5.06,400
2020-11-10 09:30:02.230,5.06,200
2020-11-10 09:30:02.230,5.06,18000
2020-11-10 09:30:02.230,5.06,700
2020-11-10 09:30:02.230,5.06,7100
2020-11-10 09:30:02.230,5.06,3000
2020-11-10 09:30:02.230,5.06,10000
2020-11-10 09:30:02.230,5.06,10000
2020-11-10 09:30:02.230,5.062,20000
2020-11-10 09:30:02.230,5.062,2500
2020-11-10 09:30:02.230,5.062,20000
2020-11-10 09:30:02.230,5.062,5000
2020-11-10 09:30:02.230,5.062,400
2020-11-10 09:30:02.350,5.063,1100
2020-11-10 09:30:02.350,5.062,2000
2020-11-10 09:30:02.470,5.062,600
2020-11-10 09:30:02.470,5.063,19800
2020-11-10 09:30:02.470,5.062,700
2020-11-10 09:30:02.470,5.062,300
2020-11-10 09:30:02.470,5.062,3000
2020-11-10 09:30:02.470,5.062,7000
2020-11-10 09:30:02.580,5.062,5000
2020-11-10 09:30:02.580,5.062,5000
2020-11-10 09:30:02.580,5.062,2000
2020-11-10 09:30:02.580,5.062,10000
2020-11-10 09:30:02.580,5.06,6000
2020-11-10 09:30:02.700,5.06,1000
2020-11-10 09:30:02.700,5.06,1400
2020-11-10 09:30:02.700,5.06,60000
2020-11-10 09:30:02.920,5.059,1500
2020-11-10 09:30:02.920,5.059,2000
2020-11-10 09:30:02.920,5.059,6800
2020-11-10 09:30:02.920,5.059,70000
2020-11-10 09:30:02.920,5.059,1000
2020-11-10 09:30:02.920,5.056,188200
2020-11-10 09:30:02.920,5.056,2400
2020-11-10 09:30:02.920,5.056,1000
2020-11-10 09:30:02.920,5.056,100
2020-11-10 09:30:02.920,5.056,200
2020-11-10 09:30:02.920,5.056,500
2020-11-10 09:30:02.920,5.056,30000
2020-11-10 09:30:02.920,5.056,56000
2020-11-10 09:30:02.920,5.056,4000
2020-11-10 09:30:02.920,5.056,2000
2020-11-10 09:30:02.920,5.056,200
2020-11-10 09:30:02.920,5.056,6500
2020-11-10 09:30:02.920,5.056,5900
2020-11-10 09:30:02.920,5.059,2700
2020-11-10 09:30:03.030,5.059,10000
2020-11-10 09:30:03.140,5.059,100
2020-11-10 09:30:03.140,5.059,1000
2020-11-10 09:30:03.140,5.059,1000
2020-11-10 09:30:03.140,5.059,1500
2020-11-10 09:30:03.140,5.059,2000
2020-11-10 09:30:03.140,5.059,10000
2020-11-10 09:30:03.140,5.059,5100
2020-11-10 09:30:03.140,5.059,5900
2020-11-10 09:30:03.250,5.059,4000
2020-11-10 09:30:03.250,5.059,3000
2020-11-10 09:30:03.250,5.059,3900
2020-11-10 09:30:03.250,5.059,5500
2020-11-10 09:30:03.250,5.059,4500
2020-11-10 09:30:03.250,5.059,100
2020-11-10 09:30:03.380,5.059,54900
2020-11-10 09:30:03.380,5.059,85100
2020-11-10 09:30:03.380,5.059,3900
2020-11-10 09:30:03.380,5.058,4400
2020-11-10 09:30:03.380,5.059,1800
2020-11-10 09:30:03.380,5.059,1000
2020-11-10 09:30:03.490,5.059,10000
2020-11-10 09:30:03.490,5.059,5000
2020-11-10 09:30:03.490,5.059,400
2020-11-10 09:30:03.490,5.059,5800
2020-11-10 09:30:03.490,5.059,100
2020-11-10 09:30:03.610,5.059,1000
2020-11-10 09:30:03.730,5.059,10000
2020-11-10 09:30:03.730,5.059,10000
2020-11-10 09:30:03.730,5.06,14600
2020-11-10 09:30:03.730,5.06,200
2020-11-10 09:30:03.730,5.06,5000
2020-11-10 09:30:03.730,5.06,5000
2020-11-10 09:30:03.730,5.06,14700
2020-11-10 09:30:03.730,5.06,2000
2020-11-10 09:30:03.730,5.06,3900
2020-11-10 09:30:03.730,5.06,6000
2020-11-10 09:30:03.730,5.057,20000
2020-11-10 09:30:03.730,5.056,34100
2020-11-10 09:30:03.730,5.056,83300
2020-11-10 09:30:03.730,5.056,8000
2020-11-10 09:30:03.730,5.056,61200
2020-11-10 09:30:03.730,5.056,9900
2020-11-10 09:30:03.730,5.056,400
2020-11-10 09:30:03.730,5.056,200
2020-11-10 09:30:03.730,5.056,500
2020-11-10 09:30:03.730,5.056,5000
2020-11-10 09:30:03.730,5.056,6000
2020-11-10 09:30:03.730,5.056,50000
2020-11-10 09:30:03.730,5.055,2000
2020-11-10 09:30:03.730,5.055,100000
2020-11-10 09:30:03.730,5.055,5100
2020-11-10 09:30:03.730,5.055,400
2020-11-10 09:30:03.730,5.055,1000
2020-11-10 09:30:03.730,5.055,2000
2020-11-10 09:30:03.730,5.055,1000
2020-11-10 09:30:03.730,5.055,100
2020-11-10 09:30:03.730,5.055,300
2020-11-10 09:30:03.730,5.055,300
2020-11-10 09:30:03.730,5.055,187800
2020-11-10 09:30:03.730,5.056,4000
2020-11-10 09:30:03.730,5.056,15000
2020-11-10 09:30:03.730,5.056,2000
2020-11-10 09:30:03.980,5.056,400
2020-11-10 09:30:03.980,5.057,299600
2020-11-10 09:30:04.050,5.057,400
2020-11-10 09:30:04.050,5.058,39100
2020-11-10 09:30:04.050,5.058,4000
2020-11-10 09:30:04.050,5.058,900
2020-11-10 09:30:04.050,5.058,5000
2020-11-10 09:30:04.110,5.058,5000
2020-11-10 09:30:04.110,5.058,1300
2020-11-10 09:30:04.110,5.058,7000
2020-11-10 09:30:04.220,5.057,2900
2020-11-10 09:30:04.220,5.057,30000
2020-11-10 09:30:04.220,5.057,1000
2020-11-10 09:30:04.330,5.057,4800
2020-11-10 09:30:04.330,5.057,1000
2020-11-10 09:30:04.330,5.057,500
2020-11-10 09:30:04.330,5.057,30000
2020-11-10 09:30:04.330,5.057,78900
2020-11-10 09:30:04.330,5.057,4900
2020-11-10 09:30:04.330,5.057,11000
2020-11-10 09:30:04.330,5.057,16800
2020-11-10 09:30:04.330,5.057,200
2020-11-10 09:30:04.450,5.057,3200
2020-11-10 09:30:04.450,5.057,1600
2020-11-10 09:30:04.450,5.057,4000
2020-11-10 09:30:04.560,5.057,500
2020-11-10 09:30:04.560,5.057,2400
2020-11-10 09:30:04.560,5.057,5400
2020-11-10 09:30:04.560,5.057,1500
2020-11-10 09:30:04.560,5.057,4000
2020-11-10 09:30:04.560,5.057,3500
2020-11-10 09:30:04.560,5.057,1000
2020-11-10 09:30:04.560,5.057,3000
2020-11-10 09:30:04.670,5.057,400
2020-11-10 09:30:04.800,5.055,21200
2020-11-10 09:30:04.920,5.058,500
2020-11-10 09:30:04.920,5.058,10000
2020-11-10 09:30:04.920,5.058,19200
2020-11-10 09:30:04.920,5.058,10100
2020-11-10 09:30:04.920,5.058,1000
2020-11-10 09:30:05.120,5.057,200
2020-11-10 09:30:05.120,5.057,1000
2020-11-10 09:30:05.120,5.057,300
2020-11-10 09:30:05.120,5.058,2100
2020-11-10 09:30:05.120,5.058,2000
2020-11-10 09:30:05.200,5.058,4000
2020-11-10 09:30:05.200,5.058,20000
2020-11-10 09:30:05.200,5.058,55300
2020-11-10 09:30:05.200,5.055,291000
2020-11-10 09:30:05.200,5.055,2000
2020-11-10 09:30:05.200,5.055,3000
2020-11-10 09:30:05.200,5.056,1500
2020-11-10 09:30:05.200,5.058,40900
2020-11-10 09:30:05.200,5.058,30000
2020-11-10 09:30:05.200,5.058,8600
2020-11-10 09:30:05.200,5.058,10000
2020-11-10 09:30:05.310,5.058,3000
2020-11-10 09:30:05.310,5.058,400
2020-11-10 09:30:05.310,5.058,10000
2020-11-10 09:30:05.430,5.058,5000
2020-11-10 09:30:05.430,5.058,3000
2020-11-10 09:30:05.430,5.058,2500
2020-11-10 09:30:05.430,5.058,100
2020-11-10 09:30:05.430,5.058,1200
2020-11-10 09:30:05.430,5.058,2900
2020-11-10 09:30:05.550,5.058,3600
2020-11-10 09:30:05.550,5.058,1000
2020-11-10 09:30:05.550,5.058,10000
2020-11-10 09:30:05.670,5.058,1000
2020-11-10 09:30:05.670,5.058,500
2020-11-10 09:30:05.780,5.058,500
2020-11-10 09:30:05.780,5.058,14400
2020-11-10 09:30:05.780,5.058,35000
2020-11-10 09:30:05.780,5.058,2000
2020-11-10 09:30:05.960,5.058,1000
2020-11-10 09:30:05.960,5.058,1000
2020-11-10 09:30:05.960,5.058,1000
2020-11-10 09:30:05.960,5.058,1200
2020-11-10 09:30:05.960,5.058,5000
2020-11-10 09:30:05.960,5.058,1000
2020-11-10 09:30:05.960,5.055,100
2020-11-10 09:30:05.960,5.055,1000
2020-11-10 09:30:05.960,5.055,200
2020-11-10 09:30:05.960,5.055,13000
2020-11-10 09:30:05.960,5.055,35700
2020-11-10 09:30:05.960,5.058,2000
2020-11-10 09:30:06.040,5.058,2000
2020-11-10 09:30:06.040,5.058,4000
2020-11-10 09:30:06.040,5.058,2000
2020-11-10 09:30:06.040,5.058,2000
2020-11-10 09:30:06.160,5.058,20000
2020-11-10 09:30:06.160,5.058,400
2020-11-10 09:30:06.160,5.058,10000
2020-11-10 09:30:06.160,5.058,1900
2020-11-10 09:30:06.270,5.058,1200
2020-11-10 09:30:06.270,5.058,20000
2020-11-10 09:30:06.270,5.058,500
2020-11-10 09:30:06.400,5.055,2000
2020-11-10 09:30:06.520,5.058,800
2020-11-10 09:30:06.520,5.058,4000
2020-11-10 09:30:06.520,5.055,5000
2020-11-10 09:30:06.640,5.058,10900
2020-11-10 09:30:06.640,5.058,6000
2020-11-10 09:30:06.640,5.058,1000
2020-11-10 09:30:06.640,5.058,5000
2020-11-10 09:30:06.750,5.058,500
2020-11-10 09:30:06.750,5.055,66100
2020-11-10 09:30:06.750,5.055,5000
2020-11-10 09:30:06.750,5.055,100
2020-11-10 09:30:06.750,5.055,100
2020-11-10 09:30:06.750,5.055,1100
2020-11-10 09:30:06.750,5.055,600
2020-11-10 09:30:06.750,5.055,200
2020-11-10 09:30:06.750,5.055,3900
2020-11-10 09:30:06.750,5.055,100
2020-11-10 09:30:06.750,5.055,3000
2020-11-10 09:30:06.750,5.055,200
2020-11-10 09:30:06.750,5.055,10000
2020-11-10 09:30:06.750,5.055,500
2020-11-10 09:30:06.750,5.055,100
2020-11-10 09:30:06.750,5.055,1000
2020-11-10 09:30:06.750,5.055,200
2020-11-10 09:30:06.750,5.055,207800
2020-11-10 09:30:06.750,5.058,100
2020-11-10 09:30:06.750,5.058,1000
2020-11-10 09:30:06.750,5.058,10000
2020-11-10 09:30:06.890,5.058,5000
2020-11-10 09:30:06.890,5.058,4400
2020-11-10 09:30:06.890,5.058,300
2020-11-10 09:30:06.890,5.058,2000
2020-11-10 09:30:06.890,5.058,1900
2020-11-10 09:30:06.890,5.058,100
2020-11-10 09:30:07.000,5.055,600
2020-11-10 09:30:07.000,5.058,2000
2020-11-10 09:30:07.000,5.057,1800
2020-11-10 09:30:07.000,5.056,30000
2020-11-10 09:30:07.120,5.056,200
2020-11-10 09:30:07.120,5.056,200
2020-11-10 09:30:07.120,5.056,100
2020-11-10 09:30:07.120,5.056,700
2020-11-10 09:30:07.120,5.056,10000
2020-11-10 09:30:07.120,5.056,600
2020-11-10 09:30:07.240,5.056,110800
2020-11-10 09:30:07.240,5.056,5000
2020-11-10 09:30:07.240,5.056,3600
2020-11-10 09:30:07.240,5.056,200
2020-11-10 09:30:07.460,5.056,7100
2020-11-10 09:30:07.460,5.056,100
2020-11-10 09:30:07.460,5.056,500
2020-11-10 09:30:07.500,5.056,10000
2020-11-10 09:30:07.500,5.056,30000
2020-11-10 09:30:07.500,5.056,100
2020-11-10 09:30:07.500,5.056,500
2020-11-10 09:30:07.500,5.056,5000
2020-11-10 09:30:07.620,5.056,100
2020-11-10 09:30:07.780,5.056,5000
2020-11-10 09:30:07.780,5.056,10000
2020-11-10 09:30:07.780,5.056,1500
2020-11-10 09:30:07.780,5.056,3000
2020-11-10 09:30:07.780,5.056,5000
2020-11-10 09:30:07.780,5.056,25700
2020-11-10 09:30:07.890,5.056,1000
2020-11-10 09:30:07.890,5.056,500
2020-11-10 09:30:07.890,5.056,2000
2020-11-10 09:30:07.890,5.055,300000
2020-11-10 09:30:07.890,5.056,2500
2020-11-10 09:30:08.000,5.055,88900
2020-11-10 09:30:08.000,5.055,800
2020-11-10 09:30:08.000,5.055,1000
2020-11-10 09:30:08.000,5.055,100
2020-11-10 09:30:08.000,5.055,300
2020-11-10 09:30:08.000,5.055,600
2020-11-10 09:30:08.000,5.055,1800
2020-11-10 09:30:08.000,5.055,100
2020-11-10 09:30:08.000,5.055,100
2020-11-10 09:30:08.000,5.055,2200
2020-11-10 09:30:08.000,5.055,200
2020-11-10 09:30:08.000,5.055,1000
2020-11-10 09:30:08.000,5.055,200
2020-11-10 09:30:08.000,5.055,1000
2020-11-10 09:30:08.000,5.055,300
2020-11-10 09:30:08.000,5.055,900
2020-11-10 09:30:08.000,5.055,200
2020-11-10 09:30:08.000,5.055,3900
2020-11-10 09:30:08.000,5.055,4000
2020-11-10 09:30:08.000,5.055,900
2020-11-10 09:30:08.000,5.055,100
2020-11-10 09:30:08.000,5.055,1900
2020-11-10 09:30:08.000,5.055,200
2020-11-10 09:30:08.000,5.055,500
2020-11-10 09:30:08.000,5.055,100
2020-11-10 09:30:08.000,5.055,1000
2020-11-10 09:30:08.000,5.055,49400
2020-11-10 09:30:08.000,5.055,3000
2020-11-10 09:30:08.000,5.055,1000
2020-11-10 09:30:08.000,5.055,10000
2020-11-10 09:30:08.000,5.055,800
2020-11-10 09:30:08.000,5.055,100
2020-11-10 09:30:08.000,5.055,1000
2020-11-10 09:30:08.000,5.055,4000
2020-11-10 09:30:08.000,5.055,10000
2020-11-10 09:30:08.000,5.055,20000
2020-11-10 09:30:08.000,5.055,3000
2020-11-10 09:30:08.000,5.055,4000
2020-11-10 09:30:08.120,5.055,1000
2020-11-10 09:30:08.120,5.055,500
2020-11-10 09:30:08.120,5.055,6000
2020-11-10 09:30:08.120,5.055,4000
2020-11-10 09:30:08.120,5.055,5000
2020-11-10 09:30:08.120,5.055,2000
2020-11-10 09:30:08.220,5.054,2300
2020-11-10 09:30:08.220,5.054,1000
2020-11-10 09:30:08.220,5.054,500
2020-11-10 09:30:08.220,5.054,100
2020-11-10 09:30:08.220,5.054,100
2020-11-10 09:30:08.220,5.054,10000
2020-11-10 09:30:08.220,5.054,200
2020-11-10 09:30:08.220,5.054,6000
2020-11-10 09:30:08.220,5.054,1000
2020-11-10 09:30:08.220,5.054,1000
2020-11-10 09:30:08.220,5.054,100
2020-11-10 09:30:08.220,5.054,200
2020-11-10 09:30:08.220,5.054,1900
2020-11-10 09:30:08.220,5.054,200
2020-11-10 09:30:08.370,5.054,3000
2020-11-10 09:30:08.370,5.054,2000
2020-11-10 09:30:08.370,5.054,9800
2020-11-10 09:30:08.370,5.054,7100
2020-11-10 09:30:08.370,5.054,19100
2020-11-10 09:30:08.470,5.054,600
2020-11-10 09:30:08.470,5.054,2000
2020-11-10 09:30:08.470,5.054,1300
2020-11-10 09:30:08.470,5.054,100
2020-11-10 09:30:08.470,5.054,4000
2020-11-10 09:30:08.590,5.054,2000
2020-11-10 09:30:08.590,5.054,5000
2020-11-10 09:30:08.590,5.054,1900
2020-11-10 09:30:08.590,5.054,8100
2020-11-10 09:30:08.590,5.054,80200
2020-11-10 09:30:08.590,5.054,1000
2020-11-10 09:30:08.590,5.054,6000
2020-11-10 09:30:08.590,5.054,10000
2020-11-10 09:30:08.690,5.053,3000
2020-11-10 09:30:08.690,5.053,100
2020-11-10 09:30:08.690,5.053,3000
2020-11-10 09:30:08.690,5.053,200
2020-11-10 09:30:08.690,5.053,60000
2020-11-10 09:30:08.690,5.053,200
2020-11-10 09:30:08.830,5.053,20000
2020-11-10 09:30:08.830,5.053,1000
2020-11-10 09:30:08.830,5.053,105100
2020-11-10 09:30:08.940,5.053,5000
2020-11-10 09:30:09.000,5.053,600
2020-11-10 09:30:09.000,5.053,20000
2020-11-10 09:30:09.140,5.053,200
2020-11-10 09:30:09.290,5.053,500
2020-11-10 09:30:09.290,5.053,500
2020-11-10 09:30:09.290,5.053,200
2020-11-10 09:30:09.290,5.053,100
2020-11-10 09:30:09.290,5.053,100
2020-11-10 09:30:09.400,5.053,2000
2020-11-10 09:30:09.400,5.053,2000
2020-11-10 09:30:09.400,5.053,100
2020-11-10 09:30:09.400,5.053,20000
2020-11-10 09:30:09.400,5.053,2000
2020-11-10 09:30:09.600,5.053,20000
2020-11-10 09:30:09.600,5.053,49100
2020-11-10 09:30:09.600,5.054,200400
2020-11-10 09:30:09.600,5.054,2000
2020-11-10 09:30:09.600,5.054,100
2020-11-10 09:30:09.600,5.054,6000
2020-11-10 09:30:09.720,5.054,1200
2020-11-10 09:30:09.720,5.054,300
2020-11-10 09:30:09.720,5.054,2000
2020-11-10 09:30:09.720,5.054,8900
2020-11-10 09:30:09.720,5.054,900
2020-11-10 09:30:09.720,5.054,1400
2020-11-10 09:30:09.720,5.054,286500
2020-11-10 09:30:09.720,5.054,100000
2020-11-10 09:30:09.720,5.054,113500
2020-11-10 09:30:09.830,5.054,4000
2020-11-10 09:30:09.940,5.054,59300
2020-11-10 09:30:09.940,5.054,1000
2020-11-10 09:30:10.050,5.054,121100
2020-11-10 09:30:10.050,5.055,30000
2020-11-10 09:30:10.050,5.055,2000
2020-11-10 09:30:10.050,5.055,46900
2020-11-10 09:30:10.050,5.055,5000
2020-11-10 09:30:10.210,5.055,800
2020-11-10 09:30:10.210,5.055,900
2020-11-10 09:30:10.210,5.055,4000
2020-11-10 09:30:10.210,5.052,6000
2020-11-10 09:30:10.210,5.052,300
2020-11-10 09:30:10.210,5.052,5600
2020-11-10 09:30:10.210,5.052,4000
2020-11-10 09:30:10.210,5.052,200
2020-11-10 09:30:10.210,5.051,50000
2020-11-10 09:30:10.210,5.051,10000
2020-11-10 09:30:10.210,5.051,100000
2020-11-10 09:30:10.210,5.051,200
2020-11-10 09:30:10.210,5.051,400
2020-11-10 09:30:10.210,5.051,100
2020-11-10 09:30:10.210,5.051,4700
2020-11-10 09:30:10.210,5.051,800
2020-11-10 09:30:10.210,5.051,100
2020-11-10 09:30:10.210,5.051,2000
2020-11-10 09:30:10.210,5.05,5000
2020-11-10 09:30:10.210,5.05,1000
2020-11-10 09:30:10.210,5.05,100
2020-11-10 09:30:10.210,5.05,200
2020-11-10 09:30:10.210,5.05,100
2020-11-10 09:30:10.210,5.05,200
2020-11-10 09:30:10.210,5.05,100
2020-11-10 09:30:10.210,5.05,300
2020-11-10 09:30:10.210,5.05,100
2020-11-10 09:30:10.210,5.05,100
2020-11-10 09:30:10.210,5.05,500
2020-11-10 09:30:10.210,5.05,200
2020-11-10 09:30:10.210,5.05,200
2020-11-10 09:30:10.210,5.05,100
2020-11-10 09:30:10.210,5.05,100
2020-11-10 09:30:10.210,5.05,200
2020-11-10 09:30:10.210,5.05,100
2020-11-10 09:30:10.210,5.05,100
2020-11-10 09:30:10.210,5.05,16300
2020-11-10 09:30:10.210,5.05,500
2020-11-10 09:30:10.210,5.05,100
2020-11-10 09:30:10.210,5.05,2000
2020-11-10 09:30:10.210,5.05,100
2020-11-10 09:30:10.210,5.05,300
2020-11-10 09:30:10.210,5.05,100
2020-11-10 09:30:10.210,5.05,1900
2020-11-10 09:30:10.210,5.05,100
2020-11-10 09:30:10.210,5.05,100
2020-11-10 09:30:10.210,5.05,100
2020-11-10 09:30:10.210,5.05,400
2020-11-10 09:30:10.210,5.05,300
2020-11-10 09:30:10.210,5.05,100
2020-11-10 09:30:10.210,5.05,100
2020-11-10 09:30:10.210,5.05,18000
2020-11-10 09:30:10.210,5.05,2000
2020-11-10 09:30:10.210,5.05,6000
2020-11-10 09:30:10.210,5.05,500
2020-11-10 09:30:10.210,5.05,34500
2020-11-10 09:30:10.210,5.05,3200
2020-11-10 09:30:10.210,5.05,200
2020-11-10 09:30:10.210,5.05,100
2020-11-10 09:30:10.210,5.05,100
2020-11-10 09:30:10.210,5.05,3000
2020-11-10 09:30:10.210,5.05,2500
2020-11-10 09:30:10.210,5.05,100
2020-11-10 09:30:10.210,5.05,1200
2020-11-10 09:30:10.210,5.05,600
2020-11-10 09:30:10.210,5.05,1000
2020-11-10 09:30:10.210,5.05,300
2020-11-10 09:30:10.210,5.05,100
2020-11-10 09:30:10.210,5.05,400
2020-11-10 09:30:10.210,5.05,100
2020-11-10 09:30:10.210,5.05,200
2020-11-10 09:30:10.210,5.05,100
2020-11-10 09:30:10.210,5.05,200
2020-11-10 09:30:10.210,5.05,200
2020-11-10 09:30:10.210,5.05,2000
2020-11-10 09:30:10.210,5.05,100
2020-11-10 09:30:10.210,5.05,3300
2020-11-10 09:30:10.210,5.05,200
2020-11-10 09:30:10.210,5.05,100
2020-11-10 09:30:10.210,5.05,700
2020-11-10 09:30:10.210,5.05,3400
2020-11-10 09:30:10.360,5.055,12900
2020-11-10 09:30:10.360,5.055,1900
2020-11-10 09:30:10.360,5.055,15800
2020-11-10 09:30:10.520,5.054,500
2020-11-10 09:30:10.520,5.054,9500
2020-11-10 09:30:10.520,5.055,500
2020-11-10 09:30:10.520,5.055,100
2020-11-10 09:30:10.630,5.055,21900
2020-11-10 09:30:10.630,5.055,400
2020-11-10 09:30:10.630,5.055,600
2020-11-10 09:30:10.630,5.055,2000
2020-11-10 09:30:10.630,5.055,400
2020-11-10 09:30:10.630,5.055,1600
2020-11-10 09:30:10.730,5.055,100
2020-11-10 09:30:10.790,5.055,65200
2020-11-10 09:30:10.790,5.055,6000
2020-11-10 09:30:10.790,5.055,500
2020-11-10 09:30:10.790,5.055,500
2020-11-10 09:30:10.890,5.055,400
2020-11-10 09:30:10.890,5.055,500
2020-11-10 09:30:10.890,5.055,300
2020-11-10 09:30:10.890,5.055,200
2020-11-10 09:30:10.890,5.055,100
2020-11-10 09:30:10.890,5.055,2000
2020-11-10 09:30:10.890,5.055,5000
2020-11-10 09:30:10.890,5.052,60000
2020-11-10 09:30:11.100,5.052,200
2020-11-10 09:30:11.100,5.052,3900
2020-11-10 09:30:11.100,5.052,16700
2020-11-10 09:30:11.100,5.052,400
2020-11-10 09:30:11.100,5.052,3000
2020-11-10 09:30:11.250,5.052,100
2020-11-10 09:30:11.250,5.052,100
2020-11-10 09:30:11.250,5.052,2000
2020-11-10 09:30:11.320,5.052,200
2020-11-10 09:30:11.320,5.052,100
2020-11-10 09:30:11.320,5.052,100
2020-11-10 09:30:11.320,5.052,1000
2020-11-10 09:30:11.320,5.052,30000
2020-11-10 09:30:11.320,5.052,300
2020-11-10 09:30:11.520,5.052,200
2020-11-10 09:30:11.520,5.052,100
2020-11-10 09:30:11.620,5.052,1100
2020-11-10 09:30:11.620,5.052,400
2020-11-10 09:30:11.620,5.052,5000
2020-11-10 09:30:11.620,5.052,1000
2020-11-10 09:30:11.620,5.052,1000
2020-11-10 09:30:11.620,5.052,200
2020-11-10 09:30:11.620,5.052,200
2020-11-10 09:30:11.800,5.052,2800
2020-11-10 09:30:11.800,5.052,400
2020-11-10 09:30:11.800,5.052,1000
2020-11-10 09:30:12.000,5.052,500
2020-11-10 09:30:12.000,5.052,200
2020-11-10 09:30:12.040,5.052,700
2020-11-10 09:30:12.110,5.052,5000
2020-11-10 09:30:12.180,5.052,5000
2020-11-10 09:30:12.180,5.052,100
2020-11-10 09:30:12.280,5.05,6600
2020-11-10 09:30:12.280,5.05,12900
2020-11-10 09:30:12.280,5.05,100
2020-11-10 09:30:12.280,5.05,5500
2020-11-10 09:30:12.280,5.05,100
2020-11-10 09:30:12.280,5.05,100
2020-11-10 09:30:12.280,5.05,100
2020-11-10 09:30:12.280,5.05,200
2020-11-10 09:30:12.280,5.05,1000
2020-11-10 09:30:12.280,5.05,1000
2020-11-10 09:30:12.280,5.05,1500
2020-11-10 09:30:12.280,5.05,10100
2020-11-10 09:30:12.280,5.05,15000
2020-11-10 09:30:12.280,5.05,1000
2020-11-10 09:30:12.280,5.05,600
2020-11-10 09:30:12.280,5.05,1000
2020-11-10 09:30:12.280,5.05,1300
2020-11-10 09:30:12.280,5.05,200
2020-11-10 09:30:12.280,5.05,1000
2020-11-10 09:30:12.280,5.05,2000
2020-11-10 09:30:12.280,5.05,100
2020-11-10 09:30:12.280,5.05,100
2020-11-10 09:30:12.280,5.05,4000
2020-11-10 09:30:12.280,5.05,600
2020-11-10 09:30:12.280,5.05,100200
2020-11-10 09:30:12.280,5.05,100
2020-11-10 09:30:12.280,5.05,200
2020-11-10 09:30:12.280,5.05,100
2020-11-10 09:30:12.280,5.05,100
2020-11-10 09:30:12.280,5.05,600
2020-11-10 09:30:12.280,5.05,100
2020-11-10 09:30:12.280,5.05,1500
2020-11-10 09:30:12.280,5.05,300
2020-11-10 09:30:12.280,5.05,200
2020-11-10 09:30:12.280,5.05,2000
2020-11-10 09:30:12.280,5.05,2000
2020-11-10 09:30:12.280,5.05,5000
2020-11-10 09:30:12.280,5.05,10000
2020-11-10 09:30:12.280,5.05,100
2020-11-10 09:30:12.280,5.05,1000
2020-11-10 09:30:12.280,5.05,400
2020-11-10 09:30:12.280,5.05,100
2020-11-10 09:30:12.280,5.05,100
2020-11-10 09:30:12.280,5.05,500
2020-11-10 09:30:12.280,5.05,100
2020-11-10 09:30:12.280,5.05,100
2020-11-10 09:30:12.280,5.05,700
2020-11-10 09:30:12.280,5.05,100
2020-11-10 09:30:12.280,5.05,100
2020-11-10 09:30:12.280,5.05,100
2020-11-10 09:30:12.280,5.05,100
2020-11-10 09:30:12.280,5.05,400
2020-11-10 09:30:12.280,5.05,100
2020-11-10 09:30:12.280,5.05,200
2020-11-10 09:30:12.280,5.05,400
2020-11-10 09:30:12.280,5.05,100
2020-11-10 09:30:12.280,5.05,100
2020-11-10 09:30:12.280,5.05,100
2020-11-10 09:30:12.280,5.05,100
2020-11-10 09:30:12.280,5.05,100
2020-11-10 09:30:12.280,5.05,200
2020-11-10 09:30:12.280,5.05,100
2020-11-10 09:30:12.280,5.05,100
2020-11-10 09:30:12.280,5.05,1000
2020-11-10 09:30:12.280,5.05,100
2020-11-10 09:30:12.280,5.05,200
2020-11-10 09:30:12.280,5.05,100
2020-11-10 09:30:12.280,5.05,1000
2020-11-10 09:30:12.280,5.05,900
2020-11-10 09:30:12.280,5.05,600
2020-11-10 09:30:12.280,5.05,7500
2020-11-10 09:30:12.280,5.05,1000
2020-11-10 09:30:12.280,5.05,200
2020-11-10 09:30:12.280,5.05,500
2020-11-10 09:30:12.280,5.05,300
2020-11-10 09:30:12.280,5.05,92600
2020-11-10 09:30:12.390,5.05,1100
2020-11-10 09:30:12.430,5.054,1000
2020-11-10 09:30:12.540,5.05,14000
2020-11-10 09:30:12.970,5.051,300
2020-11-10 09:30:13.070,5.051,600
2020-11-10 09:30:13.070,5.05,92300
2020-11-10 09:30:13.070,5.05,200
2020-11-10 09:30:13.070,5.05,1000
2020-11-10 09:30:13.070,5.05,500
2020-11-10 09:30:13.070,5.05,2100
2020-11-10 09:30:13.070,5.05,800
2020-11-10 09:30:13.070,5.05,1000
2020-11-10 09:30:13.070,5.05,1500
2020-11-10 09:30:13.070,5.05,300
2020-11-10 09:30:13.070,5.05,1000
2020-11-10 09:30:13.070,5.05,100
2020-11-10 09:30:13.070,5.05,500
2020-11-10 09:30:13.070,5.05,200
2020-11-10 09:30:13.070,5.05,5000
2020-11-10 09:30:13.070,5.05,500
2020-11-10 09:30:13.070,5.05,300
2020-11-10 09:30:13.070,5.05,500
2020-11-10 09:30:13.070,5.05,500
2020-11-10 09:30:13.070,5.05,5000
2020-11-10 09:30:13.070,5.05,500
2020-11-10 09:30:13.070,5.05,500
2020-11-10 09:30:13.070,5.05,100
2020-11-10 09:30:13.070,5.05,6200
2020-11-10 09:30:13.070,5.05,100
2020-11-10 09:30:13.070,5.05,3500
2020-11-10 09:30:13.070,5.05,200
2020-11-10 09:30:13.070,5.05,500
2020-11-10 09:30:13.070,5.05,200
2020-11-10 09:30:13.070,5.05,4900
2020-11-10 09:30:13.870,5.05,14900
2020-11-10 09:30:13.870,5.05,6300
2020-11-10 09:30:14.100,5.051,600
2020-11-10 09:30:14.330,5.05,3700
2020-11-10 09:30:14.330,5.05,3900
2020-11-10 09:30:14.330,5.05,292400
2020-11-10 09:30:15.500,5.05,22400
2020-11-10 09:30:15.780,5.052,100
2020-11-10 09:30:15.780,5.052,200
2020-11-10 09:30:15.780,5.052,5000
2020-11-10 09:30:15.780,5.052,500
2020-11-10 09:30:15.780,5.052,1000
2020-11-10 09:30:15.920,5.052,3900
2020-11-10 09:30:16.050,5.052,1000
2020-11-10 09:30:16.080,5.052,100
2020-11-10 09:30:16.150,5.052,1000
2020-11-10 09:30:16.260,5.052,100
2020-11-10 09:30:16.330,5.052,100
2020-11-10 09:30:16.330,5.052,3800
2020-11-10 09:30:16.370,5.05,15200
2020-11-10 09:30:16.370,5.05,2300
2020-11-10 09:30:16.370,5.05,1000
2020-11-10 09:30:16.370,5.05,100
2020-11-10 09:30:16.370,5.05,1000
2020-11-10 09:30:16.370,5.05,300
2020-11-10 09:30:16.370,5.05,3300
2020-11-10 09:30:16.370,5.05,1100
2020-11-10 09:30:16.370,5.05,200
2020-11-10 09:30:16.370,5.05,1000
2020-11-10 09:30:16.370,5.05,5000
2020-11-10 09:30:16.370,5.05,2000
2020-11-10 09:30:16.370,5.05,500
2020-11-10 09:30:16.370,5.05,1000
2020-11-10 09:30:16.370,5.05,1000
2020-11-10 09:30:16.370,5.05,5000
2020-11-10 09:30:16.370,5.05,5000
2020-11-10 09:30:16.370,5.05,20000
2020-11-10 09:30:16.370,5.05,20000
2020-11-10 09:30:16.370,5.05,500
2020-11-10 09:30:16.370,5.05,51500
2020-11-10 09:30:16.370,5.05,1000
2020-11-10 09:30:16.370,5.05,10000
2020-11-10 09:30:16.370,5.05,20000
2020-11-10 09:30:16.370,5.05,200
2020-11-10 09:30:16.370,5.05,100
2020-11-10 09:30:16.370,5.05,20000
2020-11-10 09:30:16.370,5.05,100
2020-11-10 09:30:16.370,5.05,10000
2020-11-10 09:30:16.500,5.05,100
2020-11-10 09:30:16.530,5.05,60000
2020-11-10 09:30:16.790,5.05,41500
2020-11-10 09:30:16.790,5.052,7000
2020-11-10 09:30:16.790,5.052,1500
2020-11-10 09:30:17.020,5.052,8500
2020-11-10 09:30:17.020,5.052,273000
2020-11-10 09:30:17.020,5.052,3200
2020-11-10 09:30:17.020,5.052,30000
2020-11-10 09:30:17.020,5.052,300
2020-11-10 09:30:17.270,5.051,200
2020-11-10 09:30:17.410,5.051,1100
2020-11-10 09:30:17.410,5.051,400
2020-11-10 09:30:17.630,5.051,500
2020-11-10 09:30:17.700,5.051,100
2020-11-10 09:30:17.760,5.051,6300
2020-11-10 09:30:18.160,5.051,2900
2020-11-10 09:30:18.520,5.053,30000
2020-11-10 09:30:18.520,5.053,100
2020-11-10 09:30:18.520,5.053,10000
2020-11-10 09:30:18.520,5.053,274900
2020-11-10 09:30:18.620,5.053,6000
2020-11-10 09:30:18.990,5.052,5000
2020-11-10 09:30:19.160,5.05,4000
2020-11-10 09:30:19.160,5.052,8900
2020-11-10 09:30:19.250,5.052,100
2020-11-10 09:30:19.570,5.05,5000
2020-11-10 09:30:19.570,5.05,55000
2020-11-10 09:30:19.670,5.05,50000
2020-11-10 09:30:20.020,5.05,15000
2020-11-10 09:30:20.020,5.05,2000
2020-11-10 09:30:20.020,5.051,10000
2020-11-10 09:30:20.330,5.052,100
2020-11-10 09:30:20.330,5.052,200
2020-11-10 09:30:20.490,5.051,20000
2020-11-10 09:30:20.570,5.052,300
2020-11-10 09:30:20.570,5.052,200
2020-11-10 09:30:20.600,5.052,100
2020-11-10 09:30:20.600,5.052,100
2020-11-10 09:30:20.720,5.05,300
2020-11-10 09:30:20.720,5.052,100
2020-11-10 09:30:20.820,5.052,100
2020-11-10 09:30:20.920,5.052,100
2020-11-10 09:30:21.840,5.05,1200
2020-11-10 09:30:22.100,5.05,400
2020-11-10 09:30:22.130,5.05,1400
2020-11-10 09:30:22.130,5.052,18600
2020-11-10 09:30:22.230,5.049,400
2020-11-10 09:30:22.230,5.049,1200
2020-11-10 09:30:22.230,5.049,800
2020-11-10 09:30:22.230,5.049,1600
2020-11-10 09:30:22.230,5.049,2000
2020-11-10 09:30:22.230,5.049,2000
2020-11-10 09:30:22.230,5.049,200
2020-11-10 09:30:22.230,5.049,200
2020-11-10 09:30:22.230,5.049,300
2020-11-10 09:30:22.230,5.049,700
2020-11-10 09:30:22.230,5.052,100
2020-11-10 09:30:22.530,5.051,4900
2020-11-10 09:30:23.220,5.051,400
2020-11-10 09:30:23.290,5.049,300
2020-11-10 09:30:23.290,5.049,1000
2020-11-10 09:30:23.290,5.049,100
2020-11-10 09:30:23.290,5.049,100
2020-11-10 09:30:23.290,5.049,1000
2020-11-10 09:30:23.290,5.049,100
2020-11-10 09:30:23.290,5.049,2500
2020-11-10 09:30:23.790,5.049,5000
2020-11-10 09:30:23.950,5.051,10000
2020-11-10 09:30:24.580,5.049,13200
2020-11-10 09:30:24.580,5.049,6000
2020-11-10 09:30:24.580,5.049,200
2020-11-10 09:30:24.580,5.049,10000
2020-11-10 09:30:24.580,5.049,10000
2020-11-10 09:30:24.580,5.049,600
2020-11-10 09:30:24.580,5.049,100
2020-11-10 09:30:24.580,5.049,500
2020-11-10 09:30:24.580,5.049,20000
2020-11-10 09:30:24.580,5.049,200
2020-11-10 09:30:24.580,5.049,200
2020-11-10 09:30:24.580,5.049,10000
2020-11-10 09:30:24.580,5.049,2300
2020-11-10 09:30:24.580,5.049,5000
2020-11-10 09:30:24.580,5.049,400
2020-11-10 09:30:24.580,5.049,1000
2020-11-10 09:30:24.580,5.049,2000
2020-11-10 09:30:24.580,5.049,60000
2020-11-10 09:30:25.470,5.049,100
2020-11-10 09:30:25.630,5.049,60000
2020-11-10 09:30:26.310,5.049,98200
2020-11-10 09:30:26.310,5.049,15100
2020-11-10 09:30:26.310,5.049,20000
2020-11-10 09:30:26.310,5.05,10000
2020-11-10 09:30:26.310,5.05,8100
2020-11-10 09:30:26.310,5.05,2000
2020-11-10 09:30:26.310,5.05,35100
2020-11-10 09:30:26.310,5.05,2000
2020-11-10 09:30:26.310,5.05,200
2020-11-10 09:30:26.310,5.05,10000
2020-11-10 09:30:26.550,5.05,100
2020-11-10 09:30:26.890,5.051,8900
2020-11-10 09:30:27.120,5.05,194200
2020-11-10 09:30:27.120,5.05,5800
2020-11-10 09:30:27.930,5.05,54200
2020-11-10 09:30:27.930,5.05,1000
2020-11-10 09:30:27.930,5.05,100
2020-11-10 09:30:28.220,5.05,9900
2020-11-10 09:30:28.790,5.049,400
2020-11-10 09:30:28.790,5.05,59600
2020-11-10 09:30:28.970,5.048,300
2020-11-10 09:30:28.970,5.048,4000
2020-11-10 09:30:28.970,5.048,6700
2020-11-10 09:30:29.170,5.049,300
2020-11-10 09:30:29.200,5.048,33300
2020-11-10 09:30:29.200,5.048,2000
2020-11-10 09:30:29.200,5.048,1000
2020-11-10 09:30:29.200,5.048,2000
2020-11-10 09:30:29.200,5.048,200
2020-11-10 09:30:29.200,5.048,2300
2020-11-10 09:30:29.200,5.048,1000
2020-11-10 09:30:29.200,5.048,100
2020-11-10 09:30:29.200,5.048,500
2020-11-10 09:30:29.200,5.048,100
2020-11-10 09:30:29.200,5.048,1000
2020-11-10 09:30:29.200,5.048,200
2020-11-10 09:30:29.200,5.048,2100
2020-11-10 09:30:29.460,5.049,20000
2020-11-10 09:30:29.620,5.049,6000
2020-11-10 09:30:29.710,5.049,500
2020-11-10 09:30:30.040,5.048,3000
2020-11-10 09:30:30.080,5.048,70000
2020-11-10 09:30:30.800,5.048,26300
2020-11-10 09:30:30.800,5.049,800
2020-11-10 09:30:30.990,5.048,98600
2020-11-10 09:30:30.990,5.048,1100
2020-11-10 09:30:30.990,5.048,100
2020-11-10 09:30:30.990,5.048,100
2020-11-10 09:30:30.990,5.048,500
2020-11-10 09:30:30.990,5.048,1000
2020-11-10 09:30:30.990,5.048,100
2020-11-10 09:30:30.990,5.048,100
2020-11-10 09:30:30.990,5.048,2000
2020-11-10 09:30:30.990,5.048,200
2020-11-10 09:30:30.990,5.048,4000
2020-11-10 09:30:30.990,5.048,200
2020-11-10 09:30:30.990,5.048,200
2020-11-10 09:30:30.990,5.048,200
2020-11-10 09:30:30.990,5.048,600
2020-11-10 09:30:30.990,5.048,100
2020-11-10 09:30:30.990,5.048,300
2020-11-10 09:30:30.990,5.048,100
2020-11-10 09:30:30.990,5.048,1000
2020-11-10 09:30:30.990,5.048,100
2020-11-10 09:30:30.990,5.048,200
2020-11-10 09:30:30.990,5.048,500
2020-11-10 09:30:30.990,5.048,10000
2020-11-10 09:30:30.990,5.048,400
2020-11-10 09:30:30.990,5.048,3900
2020-11-10 09:30:30.990,5.048,100
2020-11-10 09:30:30.990,5.048,1000
2020-11-10 09:30:30.990,5.048,100
2020-11-10 09:30:30.990,5.048,100
2020-11-10 09:30:30.990,5.048,100
2020-11-10 09:30:30.990,5.048,200
2020-11-10 09:30:30.990,5.048,300
2020-11-10 09:30:30.990,5.048,200
2020-11-10 09:30:30.990,5.048,300
2020-11-10 09:30:30.990,5.048,100
2020-11-10 09:30:30.990,5.048,1000
2020-11-10 09:30:30.990,5.048,100
2020-11-10 09:30:30.990,5.048,100
2020-11-10 09:30:30.990,5.048,200
2020-11-10 09:30:30.990,5.048,500
2020-11-10 09:30:30.990,5.048,2000
2020-11-10 09:30:30.990,5.048,200
2020-11-10 09:30:30.990,5.048,400
2020-11-10 09:30:30.990,5.048,100
2020-11-10 09:30:30.990,5.048,1200
2020-11-10 09:30:30.990,5.048,2000
2020-11-10 09:30:30.990,5.048,400
2020-11-10 09:30:30.990,5.048,1000
2020-11-10 09:30:30.990,5.048,200
2020-11-10 09:30:30.990,5.048,200
2020-11-10 09:30:30.990,5.048,100
2020-11-10 09:30:30.990,5.048,100
2020-11-10 09:30:30.990,5.048,200
2020-11-10 09:30:30.990,5.048,200
2020-11-10 09:30:30.990,5.048,500
2020-11-10 09:30:30.990,5.048,600
2020-11-10 09:30:30.990,5.048,3400
2020-11-10 09:30:30.990,5.048,200
2020-11-10 09:30:30.990,5.048,100
2020-11-10 09:30:30.990,5.048,400
2020-11-10 09:30:30.990,5.048,100
2020-11-10 09:30:30.990,5.048,1700
2020-11-10 09:30:30.990,5.048,100
2020-11-10 09:30:30.990,5.048,200
2020-11-10 09:30:30.990,5.048,100
2020-11-10 09:30:30.990,5.048,200
2020-11-10 09:30:30.990,5.048,1900
2020-11-10 09:30:30.990,5.048,100
2020-11-10 09:30:30.990,5.048,400
2020-11-10 09:30:30.990,5.048,200
2020-11-10 09:30:30.990,5.048,1000
2020-11-10 09:30:30.990,5.048,100
2020-11-10 09:30:30.990,5.048,100
2020-11-10 09:30:30.990,5.048,900
2020-11-10 09:30:30.990,5.048,100
2020-11-10 09:30:30.990,5.048,200
2020-11-10 09:30:30.990,5.048,200
2020-11-10 09:30:30.990,5.048,1000
2020-11-10 09:30:30.990,5.048,100
2020-11-10 09:30:30.990,5.048,100
2020-11-10 09:30:30.990,5.048,200
2020-11-10 09:30:30.990,5.048,200
2020-11-10 09:30:30.990,5.048,200
2020-11-10 09:30:30.990,5.048,300
2020-11-10 09:30:30.990,5.048,100
2020-11-10 09:30:30.990,5.048,500
2020-11-10 09:30:30.990,5.048,5000
2020-11-10 09:30:30.990,5.048,700
2020-11-10 09:30:30.990,5.048,200
2020-11-10 09:30:30.990,5.048,100
2020-11-10 09:30:30.990,5.048,100
2020-11-10 09:30:30.990,5.048,100
2020-11-10 09:30:30.990,5.048,1000
2020-11-10 09:30:30.990,5.048,100
2020-11-10 09:30:30.990,5.048,100
2020-11-10 09:30:30.990,5.048,300
2020-11-10 09:30:30.990,5.048,200
2020-11-10 09:30:30.990,5.048,200
2020-11-10 09:30:30.990,5.048,1000
2020-11-10 09:30:30.990,5.048,1800
2020-11-10 09:30:30.990,5.048,100
2020-11-10 09:30:30.990,5.048,1000
2020-11-10 09:30:30.990,5.048,100
2020-11-10 09:30:30.990,5.048,100
2020-11-10 09:30:30.990,5.048,200
2020-11-10 09:30:30.990,5.048,100
2020-11-10 09:30:30.990,5.048,1500
2020-11-10 09:30:30.990,5.048,7500
2020-11-10 09:30:30.990,5.048,500
2020-11-10 09:30:30.990,5.048,1600
2020-11-10 09:30:30.990,5.048,4000
2020-11-10 09:30:30.990,5.048,800
2020-11-10 09:30:30.990,5.048,1000
2020-11-10 09:30:30.990,5.048,10000
2020-11-10 09:30:30.990,5.048,500
2020-11-10 09:30:30.990,5.048,65800
2020-11-10 09:30:30.990,5.048,10000
2020-11-10 09:30:30.990,5.048,200
2020-11-10 09:30:30.990,5.048,30300
2020-11-10 09:30:31.060,5.048,12000
2020-11-10 09:30:31.060,5.048,17700
2020-11-10 09:30:31.060,5.047,2000
2020-11-10 09:30:31.060,5.047,165400
2020-11-10 09:30:31.060,5.047,1000
2020-11-10 09:30:31.060,5.047,100
2020-11-10 09:30:31.060,5.047,40000
2020-11-10 09:30:31.060,5.046,200
2020-11-10 09:30:31.060,5.046,50000
2020-11-10 09:30:31.060,5.046,10000
2020-11-10 09:30:31.060,5.046,200
2020-11-10 09:30:31.060,5.045,11400
2020-11-10 09:30:31.060,5.045,1900
2020-11-10 09:30:31.060,5.045,100
2020-11-10 09:30:31.350,5.045,200
2020-11-10 09:30:31.350,5.045,1000
2020-11-10 09:30:31.350,5.045,1000
2020-11-10 09:30:31.350,5.045,100
2020-11-10 09:30:31.350,5.045,1000
2020-11-10 09:30:31.350,5.045,200
2020-11-10 09:30:31.350,5.045,2000
2020-11-10 09:30:31.350,5.045,3000
2020-11-10 09:30:31.350,5.045,10000
2020-11-10 09:30:32.480,5.045,60000
2020-11-10 09:30:33.010,5.044,4000
2020-11-10 09:30:33.010,5.044,2000
2020-11-10 09:30:33.010,5.044,2300
2020-11-10 09:30:33.010,5.044,10000
2020-11-10 09:30:33.010,5.044,10000
2020-11-10 09:30:33.420,5.044,20000
2020-11-10 09:30:33.460,5.044,20000
2020-11-10 09:30:33.600,5.044,100
2020-11-10 09:30:33.810,5.044,138400
2020-11-10 09:30:34.140,5.044,10000
2020-11-10 09:30:34.140,5.043,100
2020-11-10 09:30:34.140,5.043,100
2020-11-10 09:30:34.140,5.043,1000
2020-11-10 09:30:34.140,5.043,3800
2020-11-10 09:30:34.200,5.044,40000
2020-11-10 09:30:34.200,5.044,10000
2020-11-10 09:30:34.400,5.044,500
2020-11-10 09:30:35.010,5.043,3500
2020-11-10 09:30:35.830,5.046,9800
2020-11-10 09:30:35.930,5.043,2700
2020-11-10 09:30:35.930,5.043,7200
2020-11-10 09:30:36.050,5.046,1000
2020-11-10 09:30:36.660,5.046,900
2020-11-10 09:30:36.960,5.043,100
2020-11-10 09:30:36.960,5.046,900
2020-11-10 09:30:37.290,5.044,800
2020-11-10 09:30:37.290,5.046,1200
2020-11-10 09:30:37.570,5.046,2000
2020-11-10 09:30:37.630,5.043,7200
2020-11-10 09:30:38.280,5.044,7100
2020-11-10 09:30:38.690,5.045,2000
2020-11-10 09:30:39.430,5.046,1000
2020-11-10 09:30:39.840,5.046,23200
2020-11-10 09:30:39.840,5.046,7800
2020-11-10 09:30:40.850,5.045,28000
2020-11-10 09:30:40.850,5.045,60000
2020-11-10 09:30:40.850,5.044,300
2020-11-10 09:30:40.850,5.043,315000
2020-11-10 09:30:41.550,5.043,60000
2020-11-10 09:30:42.100,5.042,2000
2020-11-10 09:30:42.100,5.042,1000
2020-11-10 09:30:42.510,5.043,1000
2020-11-10 09:30:42.580,5.043,1000
2020-11-10 09:30:42.650,5.043,10000
2020-11-10 09:30:43.090,5.043,100
2020-11-10 09:30:43.310,5.042,500
2020-11-10 09:30:43.350,5.043,2000
2020-11-10 09:30:44.000,5.043,1000
2020-11-10 09:30:44.140,5.043,3300
2020-11-10 09:30:44.660,5.043,1000
2020-11-10 09:30:45.150,5.043,2000
2020-11-10 09:30:45.280,5.043,1000
2020-11-10 09:30:45.380,5.042,1500
2020-11-10 09:30:45.380,5.042,28500
2020-11-10 09:30:45.590,5.042,20000
2020-11-10 09:30:45.920,5.043,101000
2020-11-10 09:30:46.210,5.043,500
2020-11-10 09:30:46.240,5.043,5000
2020-11-10 09:30:46.530,5.042,400
2020-11-10 09:30:46.650,5.043,100
2020-11-10 09:30:46.830,5.043,100
2020-11-10 09:30:48.000,5.042,43000
2020-11-10 09:30:48.170,5.043,7700
2020-11-10 09:30:48.170,5.043,100
2020-11-10 09:30:48.170,5.045,1000
2020-11-10 09:30:48.170,5.045,100
2020-11-10 09:30:48.170,5.045,121100
2020-11-10 09:30:48.230,5.042,1800
2020-11-10 09:30:48.300,5.042,1300
2020-11-10 09:30:48.400,5.045,800
2020-11-10 09:30:48.720,5.043,200
2020-11-10 09:30:48.720,5.042,400
2020-11-10 09:30:48.850,5.044,21200
2020-11-10 09:30:48.970,5.044,100
2020-11-10 09:30:49.240,5.042,24600
2020-11-10 09:30:49.240,5.042,1200
2020-11-10 09:30:49.240,5.042,10000
2020-11-10 09:30:49.240,5.042,60000
2020-11-10 09:30:49.240,5.042,50000
2020-11-10 09:30:49.240,5.042,30000
2020-11-10 09:30:49.750,5.041,100
2020-11-10 09:30:50.020,5.042,400
2020-11-10 09:30:50.330,5.042,100
2020-11-10 09:30:50.450,5.042,143800
2020-11-10 09:30:50.540,5.042,60000
2020-11-10 09:30:52.510,5.042,300
2020-11-10 09:30:52.510,5.042,1000
2020-11-10 09:30:52.510,5.042,1000
2020-11-10 09:30:52.510,5.042,26000
2020-11-10 09:30:52.510,5.042,5000
2020-11-10 09:30:52.510,5.042,200
2020-11-10 09:30:52.510,5.042,1200
2020-11-10 09:30:52.510,5.043,1300
2020-11-10 09:30:52.510,5.043,85000
2020-11-10 09:30:53.720,5.043,1000
2020-11-10 09:30:54.540,5.041,1800
2020-11-10 09:30:54.540,5.041,300
2020-11-10 09:30:54.920,5.042,500
2020-11-10 09:30:55.270,5.042,18100
2020-11-10 09:30:55.370,5.041,500
2020-11-10 09:30:55.400,5.041,4200
2020-11-10 09:30:55.400,5.041,10000
2020-11-10 09:30:55.400,5.041,180000
2020-11-10 09:30:55.430,5.042,400
2020-11-10 09:30:55.460,5.042,500
2020-11-10 09:30:55.460,5.043,100
2020-11-10 09:30:55.870,5.043,31400
2020-11-10 09:30:55.870,5.043,18600
2020-11-10 09:30:56.620,5.042,4000
2020-11-10 09:30:57.070,5.043,5000
2020-11-10 09:30:57.070,5.043,99900
2020-11-10 09:30:57.280,5.042,4600
2020-11-10 09:30:57.340,5.042,4000
2020-11-10 09:30:57.790,5.042,300
2020-11-10 09:30:58.680,5.042,4100
2020-11-10 09:30:58.950,5.042,1000
2020-11-10 09:30:59.480,5.043,100
2020-11-10 09:30:59.870,5.042,20000
2020-11-10 09:31:00.100,5.043,600
2020-11-10 09:31:00.880,5.042,7500
2020-11-10 09:31:01.620,5.043,9300
2020-11-10 09:31:02.230,5.043,3000
2020-11-10 09:31:02.590,5.043,7700
2020-11-10 09:31:02.590,5.043,1000
2020-11-10 09:31:02.590,5.042,5200
2020-11-10 09:31:02.620,5.042,4900
2020-11-10 09:31:02.660,5.042,4400
2020-11-10 09:31:02.660,5.042,18200
2020-11-10 09:31:02.660,5.044,400
2020-11-10 09:31:02.950,5.042,10000
2020-11-10 09:31:03.110,5.043,100
2020-11-10 09:31:03.110,5.044,9600
2020-11-10 09:31:03.110,5.044,30000
2020-11-10 09:31:03.110,5.044,1300
2020-11-10 09:31:03.380,5.044,4000
2020-11-10 09:31:03.380,5.042,1000
2020-11-10 09:31:04.640,5.043,1000
2020-11-10 09:31:04.670,5.043,100
2020-11-10 09:31:05.130,5.043,58900
2020-11-10 09:31:05.130,5.042,800
2020-11-10 09:31:05.130,5.042,20000
2020-11-10 09:31:05.130,5.042,12000
2020-11-10 09:31:05.560,5.042,8000
2020-11-10 09:31:05.560,5.042,12000
2020-11-10 09:31:05.710,5.042,5500
2020-11-10 09:31:05.900,5.043,5000
2020-11-10 09:31:06.260,5.042,2500
2020-11-10 09:31:06.260,5.042,600
2020-11-10 09:31:06.260,5.042,20200
2020-11-10 09:31:06.520,5.042,5000
2020-11-10 09:31:07.080,5.043,1000
2020-11-10 09:31:07.080,5.042,2000
2020-11-10 09:31:07.230,5.043,1000
2020-11-10 09:31:07.410,5.043,2000
2020-11-10 09:31:07.960,5.043,47000
2020-11-10 09:31:09.470,5.042,2600
2020-11-10 09:31:10.110,5.043,100
2020-11-10 09:31:10.480,5.044,2500
2020-11-10 09:31:10.590,5.045,1500
2020-11-10 09:31:10.590,5.045,3500
2020-11-10 09:31:10.680,5.044,700
2020-11-10 09:31:10.770,5.045,400
2020-11-10 09:31:10.770,5.044,300
2020-11-10 09:31:10.800,5.044,1600
2020-11-10 09:31:11.570,5.045,11100
2020-11-10 09:31:11.570,5.045,400
2020-11-10 09:31:11.570,5.045,1000
2020-11-10 09:31:11.570,5.045,600
2020-11-10 09:31:11.570,5.046,2400
2020-11-10 09:31:11.570,5.046,400
2020-11-10 09:31:11.570,5.046,10000
2020-11-10 09:31:11.570,5.047,88900
2020-11-10 09:31:11.660,5.044,106400
2020-11-10 09:31:11.660,5.044,500
2020-11-10 09:31:12.140,5.044,2000
2020-11-10 09:31:12.890,5.045,3700
2020-11-10 09:31:12.890,5.044,16300
2020-11-10 09:31:13.670,5.045,1000
2020-11-10 09:31:14.290,5.045,300
2020-11-10 09:31:14.510,5.045,10000
2020-11-10 09:31:14.860,5.045,6000
2020-11-10 09:31:16.250,5.046,10000
2020-11-10 09:31:16.310,5.046,30000
2020-11-10 09:31:16.410,5.046,23100
2020-11-10 09:31:16.570,5.046,2000
2020-11-10 09:31:16.600,5.046,1000
2020-11-10 09:31:16.640,5.046,2000
2020-11-10 09:31:17.210,5.046,46700
2020-11-10 09:31:17.210,5.045,42700
2020-11-10 09:31:17.210,5.045,100
2020-11-10 09:31:17.210,5.045,400
2020-11-10 09:31:17.660,5.044,400
2020-11-10 09:31:18.740,5.045,100
2020-11-10 09:31:19.960,5.045,300
2020-11-10 09:31:20.450,5.045,1100
2020-11-10 09:31:20.750,5.045,2000
2020-11-10 09:31:20.810,5.045,3600
2020-11-10 09:31:21.090,5.044,8000
2020-11-10 09:31:21.470,5.045,100
2020-11-10 09:31:22.080,5.044,1000
2020-11-10 09:31:22.140,5.045,2600
2020-11-10 09:31:22.210,5.044,1700
2020-11-10 09:31:22.280,5.044,10000
2020-11-10 09:31:23.130,5.045,100
2020-11-10 09:31:23.260,5.044,12400
2020-11-10 09:31:23.390,5.045,130600
2020-11-10 09:31:23.550,5.045,3000
2020-11-10 09:31:23.770,5.045,200
2020-11-10 09:31:24.010,5.045,166400
2020-11-10 09:31:24.010,5.045,200
2020-11-10 09:31:24.010,5.045,59000
2020-11-10 09:31:24.100,5.047,10000
2020-11-10 09:31:24.550,5.047,6000
2020-11-10 09:31:25.780,5.046,500
2020-11-10 09:31:25.970,5.046,600
2020-11-10 09:31:26.380,5.047,9600
2020-11-10 09:31:26.570,5.046,900
2020-11-10 09:31:27.390,5.046,400
2020-11-10 09:31:27.810,5.045,3000
2020-11-10 09:31:27.810,5.046,1700
2020-11-10 09:31:27.970,5.046,10000
2020-11-10 09:31:28.060,5.046,1600
2020-11-10 09:31:28.460,5.045,5400
2020-11-10 09:31:28.460,5.045,700
2020-11-10 09:31:28.460,5.045,1000
2020-11-10 09:31:28.460,5.045,10000
2020-11-10 09:31:28.460,5.045,200
2020-11-10 09:31:29.030,5.045,2000
2020-11-10 09:31:30.150,5.045,800
2020-11-10 09:31:30.150,5.045,1000
2020-11-10 09:31:30.150,5.045,1000
2020-11-10 09:31:30.150,5.045,3800
2020-11-10 09:31:30.530,5.046,2000
2020-11-10 09:31:31.860,5.045,16200
2020-11-10 09:31:31.860,5.045,400
2020-11-10 09:31:33.670,5.045,700
2020-11-10 09:31:33.670,5.045,9300
2020-11-10 09:31:33.730,5.045,1300
2020-11-10 09:31:33.820,5.046,200
2020-11-10 09:31:33.840,5.046,2000
2020-11-10 09:31:34.030,5.046,100
2020-11-10 09:31:34.280,5.046,7400
2020-11-10 09:31:34.280,5.046,1000
2020-11-10 09:31:34.280,5.046,10000
2020-11-10 09:31:34.280,5.046,600
2020-11-10 09:31:34.310,5.046,19100
2020-11-10 09:31:34.520,5.047,200
2020-11-10 09:31:34.750,5.047,2600
2020-11-10 09:31:34.950,5.046,7500
2020-11-10 09:31:35.110,5.046,600
2020-11-10 09:31:35.200,5.045,10000
2020-11-10 09:31:35.470,5.046,500
2020-11-10 09:31:35.530,5.046,1000
2020-11-10 09:31:36.510,5.046,700
2020-11-10 09:31:36.910,5.046,400
2020-11-10 09:31:36.930,5.046,23700
2020-11-10 09:31:37.420,5.046,45600
2020-11-10 09:31:37.420,5.046,30000
2020-11-10 09:31:37.420,5.046,10000
2020-11-10 09:31:37.420,5.047,68700
2020-11-10 09:31:37.450,5.047,51900
2020-11-10 09:31:37.480,5.045,2000
2020-11-10 09:31:37.800,5.047,9000
2020-11-10 09:31:38.220,5.046,100
2020-11-10 09:31:38.350,5.046,1900
2020-11-10 09:31:38.480,5.046,4200
2020-11-10 09:31:39.140,5.046,4300
2020-11-10 09:31:39.780,5.046,1300
2020-11-10 09:31:40.430,5.046,300
2020-11-10 09:31:40.900,5.046,99600
2020-11-10 09:31:40.900,5.046,2000
2020-11-10 09:31:40.900,5.046,1000
2020-11-10 09:31:40.900,5.046,60000
2020-11-10 09:31:40.900,5.045,100
2020-11-10 09:31:40.900,5.045,3000
2020-11-10 09:31:40.900,5.045,22300
2020-11-10 09:31:40.900,5.045,11400
2020-11-10 09:31:40.900,5.045,600
2020-11-10 09:31:41.510,5.045,500
2020-11-10 09:31:42.020,5.045,10000
2020-11-10 09:31:42.610,5.045,1000
2020-11-10 09:31:42.610,5.045,300
2020-11-10 09:31:43.270,5.046,1200
2020-11-10 09:31:43.820,5.046,12300
2020-11-10 09:31:43.820,5.046,200
2020-11-10 09:31:44.440,5.047,52000
2020-11-10 09:31:44.440,5.047,10000
2020-11-10 09:31:44.440,5.047,18000
2020-11-10 09:31:44.530,5.046,5000
2020-11-10 09:31:44.750,5.047,200
2020-11-10 09:31:45.830,5.047,500
2020-11-10 09:31:45.890,5.046,7900
2020-11-10 09:31:46.250,5.047,10000
2020-11-10 09:31:46.420,5.046,800
2020-11-10 09:31:47.280,5.047,1300
2020-11-10 09:31:47.400,5.047,18900
2020-11-10 09:31:47.400,5.046,32600
2020-11-10 09:31:47.400,5.046,4000
2020-11-10 09:31:47.400,5.046,20000
2020-11-10 09:31:47.400,5.046,3000
2020-11-10 09:31:47.400,5.046,10000
2020-11-10 09:31:47.400,5.046,15000
2020-11-10 09:31:47.400,5.046,200
2020-11-10 09:31:47.400,5.045,7600
2020-11-10 09:31:47.400,5.045,100
2020-11-10 09:31:47.400,5.045,500
2020-11-10 09:31:47.400,5.045,1000
2020-11-10 09:31:47.400,5.045,8000
2020-11-10 09:31:47.400,5.045,100
2020-11-10 09:31:47.400,5.045,600
2020-11-10 09:31:47.400,5.045,300
2020-11-10 09:31:47.770,5.047,1900
2020-11-10 09:31:48.050,5.046,100
2020-11-10 09:31:48.110,5.046,600
2020-11-10 09:31:48.500,5.046,9300
2020-11-10 09:31:48.500,5.046,30000
2020-11-10 09:31:48.730,5.047,3900
2020-11-10 09:31:48.980,5.047,4200
2020-11-10 09:31:48.980,5.047,10800
2020-11-10 09:31:49.290,5.046,100
2020-11-10 09:31:49.700,5.046,20600
2020-11-10 09:31:49.700,5.046,9400
2020-11-10 09:31:50.290,5.046,3000
2020-11-10 09:31:50.410,5.046,2100
2020-11-10 09:31:50.810,5.047,2000
2020-11-10 09:31:50.870,5.047,1700
2020-11-10 09:31:51.250,5.047,5300
2020-11-10 09:31:51.340,5.046,1000
2020-11-10 09:31:51.510,5.046,300
2020-11-10 09:31:51.630,5.047,1200
2020-11-10 09:31:51.960,5.047,1000
2020-11-10 09:31:52.590,5.047,1000
2020-11-10 09:31:52.810,5.047,7000
2020-11-10 09:31:52.810,5.047,1500
2020-11-10 09:31:53.720,5.046,1000
2020-11-10 09:31:53.820,5.046,200
2020-11-10 09:31:54.090,5.047,2000
2020-11-10 09:31:54.710,5.047,16800
2020-11-10 09:31:54.710,5.047,30000
2020-11-10 09:31:55.140,5.047,2000
2020-11-10 09:31:55.210,5.047,8500
2020-11-10 09:31:55.210,5.047,1500
2020-11-10 09:31:55.240,5.047,6500
2020-11-10 09:31:55.610,5.047,2400
2020-11-10 09:31:55.700,5.047,9600
2020-11-10 09:31:55.700,5.047,5000
2020-11-10 09:31:55.700,5.047,1000
2020-11-10 09:31:55.700,5.047,1200
2020-11-10 09:31:56.160,5.047,8200
2020-11-10 09:31:56.160,5.047,41800
2020-11-10 09:31:57.130,5.047,2300
2020-11-10 09:31:57.130,5.047,2000
2020-11-10 09:31:57.330,5.047,100
2020-11-10 09:31:57.360,5.047,97900
2020-11-10 09:31:57.620,5.046,23000
2020-11-10 09:31:57.620,5.046,300
2020-11-10 09:31:57.620,5.046,800
2020-11-10 09:31:57.620,5.046,20000
2020-11-10 09:31:57.620,5.046,60000
2020-11-10 09:31:57.620,5.046,1000
2020-11-10 09:31:57.620,5.046,1000
2020-11-10 09:31:57.620,5.046,4900
2020-11-10 09:31:57.620,5.046,5000
2020-11-10 09:31:58.390,5.046,200
2020-11-10 09:31:58.540,5.046,1000
2020-11-10 09:31:58.600,5.046,60000
2020-11-10 09:31:58.970,5.046,500
2020-11-10 09:31:59.300,5.046,4300
2020-11-10 09:31:59.610,5.046,60000
2020-11-10 09:32:01.140,5.046,1000
2020-11-10 09:32:01.170,5.046,400
2020-11-10 09:32:01.230,5.046,3000
2020-11-10 09:32:01.260,5.046,40000
2020-11-10 09:32:02.220,5.046,13600
2020-11-10 09:32:02.220,5.046,10000
2020-11-10 09:32:02.220,5.046,476400
2020-11-10 09:32:02.540,5.046,2300
2020-11-10 09:32:02.540,5.046,700
2020-11-10 09:32:02.540,5.046,12000
2020-11-10 09:32:02.540,5.046,500
2020-11-10 09:32:02.540,5.046,17000
2020-11-10 09:32:02.540,5.046,8000
2020-11-10 09:32:02.540,5.046,4500
2020-11-10 09:32:03.350,5.046,25500
2020-11-10 09:32:03.350,5.046,1400
2020-11-10 09:32:03.860,5.046,400
2020-11-10 09:32:04.100,5.046,100
2020-11-10 09:32:04.130,5.046,9900
2020-11-10 09:32:04.560,5.046,3900
2020-11-10 09:32:04.950,5.046,3600
2020-11-10 09:32:05.110,5.045,1200
2020-11-10 09:32:05.110,5.045,8800
2020-11-10 09:32:05.170,5.045,1200
2020-11-10 09:32:05.170,5.045,10000
2020-11-10 09:32:05.170,5.045,18800
2020-11-10 09:32:05.190,5.045,11200
2020-11-10 09:32:05.190,5.045,10000
2020-11-10 09:32:05.190,5.045,2000
2020-11-10 09:32:05.190,5.045,100
2020-11-10 09:32:05.190,5.045,10000
2020-11-10 09:32:05.190,5.045,26700
2020-11-10 09:32:05.750,5.045,7600
2020-11-10 09:32:06.440,5.046,2000
2020-11-10 09:32:06.680,5.046,1000
2020-11-10 09:32:06.680,5.045,25700
2020-11-10 09:32:06.680,5.045,500
2020-11-10 09:32:06.680,5.045,2000
2020-11-10 09:32:06.680,5.045,500
2020-11-10 09:32:06.680,5.045,1000
2020-11-10 09:32:06.710,5.045,300
2020-11-10 09:32:06.710,5.046,19500
2020-11-10 09:32:07.420,5.045,100
2020-11-10 09:32:07.420,5.044,5200
2020-11-10 09:32:07.570,5.046,10000
2020-11-10 09:32:07.850,5.044,10000
2020-11-10 09:32:08.860,5.044,10000
2020-11-10 09:32:09.060,5.044,300000
2020-11-10 09:32:09.060,5.045,7500
2020-11-10 09:32:10.010,5.044,168900
2020-11-10 09:32:10.010,5.045,500
2020-11-10 09:32:10.390,5.045,1000
2020-11-10 09:32:10.540,5.044,15500
2020-11-10 09:32:10.600,5.045,9800
2020-11-10 09:32:10.750,5.045,200
2020-11-10 09:32:11.110,5.045,200
2020-11-10 09:32:11.500,5.044,200000
2020-11-10 09:32:11.560,5.045,100
2020-11-10 09:32:11.590,5.044,10000
2020-11-10 09:32:11.860,5.045,10700
2020-11-10 09:32:11.860,5.045,10000
2020-11-10 09:32:11.860,5.045,10000
2020-11-10 09:32:11.860,5.045,7900
2020-11-10 09:32:12.340,5.044,1000
2020-11-10 09:32:12.760,5.045,500
2020-11-10 09:32:12.990,5.044,227100
2020-11-10 09:32:12.990,5.044,19800
2020-11-10 09:32:12.990,5.044,4000
2020-11-10 09:32:12.990,5.044,4600
2020-11-10 09:32:12.990,5.044,5000
2020-11-10 09:32:12.990,5.044,1000
2020-11-10 09:32:12.990,5.044,1000
2020-11-10 09:32:12.990,5.044,37500
2020-11-10 09:32:13.370,5.044,22500
2020-11-10 09:32:13.430,5.045,300
2020-11-10 09:32:13.990,5.044,4000
2020-11-10 09:32:14.100,5.044,2000
2020-11-10 09:32:14.250,5.044,4000
2020-11-10 09:32:14.250,5.044,1000
2020-11-10 09:32:15.380,5.044,13300
2020-11-10 09:32:15.500,5.044,15700
2020-11-10 09:32:15.500,5.044,9900
2020-11-10 09:32:15.500,5.044,10000
2020-11-10 09:32:15.500,5.044,9400
2020-11-10 09:32:15.620,5.043,100
2020-11-10 09:32:15.620,5.043,100
2020-11-10 09:32:15.620,5.043,800
2020-11-10 09:32:15.620,5.043,3000
2020-11-10 09:32:15.620,5.043,6000
2020-11-10 09:32:15.680,5.044,2500
2020-11-10 09:32:15.930,5.043,168500
2020-11-10 09:32:15.930,5.043,5000
2020-11-10 09:32:15.930,5.043,500
2020-11-10 09:32:15.930,5.043,100
2020-11-10 09:32:15.930,5.043,60000
2020-11-10 09:32:15.930,5.043,500
2020-11-10 09:32:17.800,5.043,3000
2020-11-10 09:32:17.920,5.043,1000
2020-11-10 09:32:18.360,5.043,1800
2020-11-10 09:32:18.570,5.043,4000
2020-11-10 09:32:18.790,5.043,100
2020-11-10 09:32:19.090,5.043,200
2020-11-10 09:32:19.620,5.043,28300
2020-11-10 09:32:20.420,5.043,300
2020-11-10 09:32:22.020,5.042,100
2020-11-10 09:32:22.020,5.042,1200
2020-11-10 09:32:22.020,5.042,100
2020-11-10 09:32:22.020,5.042,600
2020-11-10 09:32:22.640,5.042,2400
2020-11-10 09:32:22.640,5.042,200
2020-11-10 09:32:22.640,5.042,2000
2020-11-10 09:32:22.640,5.042,1000
2020-11-10 09:32:22.640,5.042,4400
2020-11-10 09:32:23.660,5.043,500
2020-11-10 09:32:23.850,5.043,300
2020-11-10 09:32:24.730,5.042,5600
2020-11-10 09:32:24.730,5.042,100
2020-11-10 09:32:24.730,5.042,2000
2020-11-10 09:32:24.730,5.042,2000
2020-11-10 09:32:24.730,5.042,500
2020-11-10 09:32:24.730,5.042,700
2020-11-10 09:32:25.360,5.042,200
2020-11-10 09:32:25.360,5.042,200
2020-11-10 09:32:25.360,5.042,5000
2020-11-10 09:32:25.360,5.042,300
2020-11-10 09:32:25.360,5.042,1000
2020-11-10 09:32:25.360,5.042,5000
2020-11-10 09:32:25.360,5.041,200
2020-11-10 09:32:25.360,5.041,1000
2020-11-10 09:32:25.360,5.041,7100
2020-11-10 09:32:26.560,5.042,6100
2020-11-10 09:32:26.630,5.043,8000
2020-11-10 09:32:27.100,5.042,300
2020-11-10 09:32:27.680,5.043,200
2020-11-10 09:32:28.150,5.043,17700
2020-11-10 09:32:28.150,5.043,300
2020-11-10 09:32:28.150,5.043,200
2020-11-10 09:32:28.150,5.043,300
2020-11-10 09:32:28.150,5.043,1000
2020-11-10 09:32:28.150,5.043,10000
2020-11-10 09:32:28.150,5.043,15000
2020-11-10 09:32:28.150,5.043,1000
2020-11-10 09:32:28.150,5.043,600
2020-11-10 09:32:28.150,5.043,3800
2020-11-10 09:32:28.820,5.043,1000
2020-11-10 09:32:28.880,5.043,125900
2020-11-10 09:32:28.880,5.043,2000
2020-11-10 09:32:28.880,5.043,100
2020-11-10 09:32:28.880,5.042,2700
2020-11-10 09:32:28.880,5.042,127000
2020-11-10 09:32:28.880,5.041,2900
2020-11-10 09:32:28.880,5.041,2000
2020-11-10 09:32:28.880,5.041,700
2020-11-10 09:32:28.880,5.041,15000
2020-11-10 09:32:28.880,5.041,4000
2020-11-10 09:32:28.880,5.041,20000
2020-11-10 09:32:28.880,5.041,100
2020-11-10 09:32:28.880,5.041,97600
2020-11-10 09:32:29.070,5.042,1000
2020-11-10 09:32:29.590,5.043,4000
2020-11-10 09:32:29.590,5.041,19100
2020-11-10 09:32:29.590,5.041,20000
2020-11-10 09:32:29.590,5.041,46900
2020-11-10 09:32:29.780,5.044,400
2020-11-10 09:32:29.930,5.041,100
2020-11-10 09:32:30.070,5.042,2000
2020-11-10 09:32:30.130,5.043,100
2020-11-10 09:32:30.360,5.043,100
2020-11-10 09:32:30.520,5.043,1500
2020-11-10 09:32:30.550,5.043,600
2020-11-10 09:32:31.740,5.043,5600
2020-11-10 09:32:31.740,5.043,300
2020-11-10 09:32:31.740,5.043,500
2020-11-10 09:32:31.740,5.043,1000
2020-11-10 09:32:31.740,5.042,900
2020-11-10 09:32:32.470,5.042,3000
2020-11-10 09:32:33.270,5.042,100
2020-11-10 09:32:33.270,5.042,100
2020-11-10 09:32:33.290,5.042,900
2020-11-10 09:32:33.840,5.041,2000
2020-11-10 09:32:34.100,5.042,6000
2020-11-10 09:32:35.090,5.042,300
2020-11-10 09:32:35.310,5.041,1000
2020-11-10 09:32:35.310,5.041,5000
2020-11-10 09:32:35.310,5.041,4000
2020-11-10 09:32:35.580,5.042,600
2020-11-10 09:32:36.150,5.042,2100
2020-11-10 09:32:36.150,5.042,900
2020-11-10 09:32:36.280,5.042,100
2020-11-10 09:32:36.350,5.042,300
2020-11-10 09:32:36.350,5.042,10000
2020-11-10 09:32:36.350,5.042,20000
2020-11-10 09:32:36.350,5.042,9800
2020-11-10 09:32:36.930,5.042,200
2020-11-10 09:32:36.930,5.042,800
2020-11-10 09:32:36.930,5.041,30700
2020-11-10 09:32:37.900,5.042,200
2020-11-10 09:32:37.900,5.042,500
2020-11-10 09:32:37.900,5.042,5300
2020-11-10 09:32:38.030,5.042,3000
2020-11-10 09:32:38.480,5.042,500
2020-11-10 09:32:39.180,5.042,100
2020-11-10 09:32:39.340,5.042,5000
2020-11-10 09:32:39.490,5.041,2800
2020-11-10 09:32:39.520,5.041,6200
2020-11-10 09:32:39.860,5.042,2000
2020-11-10 09:32:39.950,5.041,100
2020-11-10 09:32:40.290,5.042,500
2020-11-10 09:32:40.470,5.041,300
2020-11-10 09:32:40.930,5.042,500
2020-11-10 09:32:41.210,5.041,500
2020-11-10 09:32:42.000,5.041,10200
2020-11-10 09:32:42.670,5.041,26200
2020-11-10 09:32:43.110,5.041,600
2020-11-10 09:32:43.170,5.042,29500
2020-11-10 09:32:43.460,5.041,5100
2020-11-10 09:32:44.000,5.041,2000
2020-11-10 09:32:44.250,5.041,3000
2020-11-10 09:32:44.530,5.041,13300
2020-11-10 09:32:45.050,5.041,8000
2020-11-10 09:32:45.430,5.042,40900
2020-11-10 09:32:45.680,5.041,1600
2020-11-10 09:32:46.420,5.042,5000
2020-11-10 09:32:46.570,5.041,10000
2020-11-10 09:32:47.400,5.041,500
2020-11-10 09:32:47.550,5.041,74900
2020-11-10 09:32:47.550,5.041,100
2020-11-10 09:32:47.550,5.041,10000
2020-11-10 09:32:47.550,5.041,2000
2020-11-10 09:32:47.550,5.041,500
2020-11-10 09:32:47.550,5.041,300
2020-11-10 09:32:47.860,5.041,10000
2020-11-10 09:32:48.070,5.041,100
2020-11-10 09:32:48.870,5.04,1000
2020-11-10 09:32:48.870,5.04,15000
2020-11-10 09:32:48.870,5.04,5000
2020-11-10 09:32:48.870,5.04,10000
2020-11-10 09:32:48.870,5.04,4900
2020-11-10 09:32:48.870,5.04,2300
2020-11-10 09:32:48.870,5.04,1000
2020-11-10 09:32:48.870,5.04,100
2020-11-10 09:32:48.870,5.04,200
2020-11-10 09:32:48.870,5.04,300
2020-11-10 09:32:48.870,5.04,200
2020-11-10 09:32:48.960,5.041,218900
2020-11-10 09:32:49.330,5.04,400
2020-11-10 09:32:49.330,5.04,600
2020-11-10 09:32:49.490,5.041,100
2020-11-10 09:32:50.450,5.041,1000
2020-11-10 09:32:50.820,5.041,200
2020-11-10 09:32:51.880,5.04,9800
2020-11-10 09:32:51.880,5.04,15000
2020-11-10 09:32:51.880,5.04,200
2020-11-10 09:32:51.880,5.04,600
2020-11-10 09:32:51.880,5.04,10000
2020-11-10 09:32:51.880,5.04,50000
2020-11-10 09:32:51.880,5.04,4400
2020-11-10 09:32:53.080,5.04,600
2020-11-10 09:32:53.080,5.04,100
2020-11-10 09:32:53.080,5.04,200
2020-11-10 09:32:53.080,5.04,100
2020-11-10 09:32:53.670,5.041,19700
2020-11-10 09:32:54.080,5.041,2000
2020-11-10 09:32:54.380,5.04,1100
2020-11-10 09:32:54.380,5.04,900
2020-11-10 09:32:54.380,5.04,1000
2020-11-10 09:32:54.380,5.04,200
2020-11-10 09:32:54.380,5.04,1000
2020-11-10 09:32:54.380,5.04,19800
2020-11-10 09:32:54.380,5.04,5000
2020-11-10 09:32:54.380,5.04,10000
2020-11-10 09:32:54.380,5.04,200
2020-11-10 09:32:54.380,5.04,5000
2020-11-10 09:32:54.380,5.04,1100
2020-11-10 09:32:54.380,5.04,5000
2020-11-10 09:32:54.380,5.04,3000
2020-11-10 09:32:54.380,5.04,500
2020-11-10 09:32:54.380,5.04,2000
2020-11-10 09:32:54.380,5.04,200
2020-11-10 09:32:54.380,5.04,100000
2020-11-10 09:32:54.380,5.04,2000
2020-11-10 09:32:54.380,5.04,500
2020-11-10 09:32:54.380,5.04,1000
2020-11-10 09:32:54.380,5.04,5500
2020-11-10 09:32:54.380,5.04,200
2020-11-10 09:32:54.380,5.04,1000
2020-11-10 09:32:54.380,5.04,8000
2020-11-10 09:32:54.380,5.04,100
2020-11-10 09:32:54.380,5.04,10000
2020-11-10 09:32:54.380,5.04,500
2020-11-10 09:32:54.380,5.04,1000
2020-11-10 09:32:54.380,5.04,100
2020-11-10 09:32:54.380,5.04,300
2020-11-10 09:32:54.380,5.04,500
2020-11-10 09:32:54.380,5.04,2200
2020-11-10 09:32:55.640,5.04,300
2020-11-10 09:32:55.640,5.041,200
2020-11-10 09:32:55.790,5.039,3000
2020-11-10 09:32:55.790,5.039,60000
2020-11-10 09:32:55.790,5.039,10000
2020-11-10 09:32:55.790,5.038,200
2020-11-10 09:32:55.790,5.038,100
2020-11-10 09:32:55.790,5.038,2000
2020-11-10 09:32:55.790,5.038,1000
2020-11-10 09:32:55.790,5.038,700
2020-11-10 09:32:55.790,5.038,2000
2020-11-10 09:32:55.790,5.038,1000
2020-11-10 09:32:55.790,5.038,10000
2020-11-10 09:32:55.790,5.038,10000
2020-11-10 09:32:55.790,5.038,5000
2020-11-10 09:32:55.790,5.038,10000
2020-11-10 09:32:55.790,5.038,200
2020-11-10 09:32:55.790,5.038,6700
2020-11-10 09:32:55.980,5.04,300
2020-11-10 09:32:56.170,5.04,200
2020-11-10 09:32:56.260,5.037,82700
2020-11-10 09:32:56.550,5.04,1000
2020-11-10 09:32:56.910,5.038,7800
2020-11-10 09:32:57.000,5.04,100
2020-11-10 09:32:57.000,5.04,400
2020-11-10 09:32:57.320,5.039,1300
2020-11-10 09:32:57.810,5.039,700
2020-11-10 09:32:57.810,5.038,9300
2020-11-10 09:32:57.880,5.04,200
2020-11-10 09:32:58.870,5.04,1000
2020-11-10 09:32:59.020,5.038,2500
2020-11-10 09:33:00.690,5.039,100
2020-11-10 09:33:00.690,5.039,1200
2020-11-10 09:33:01.710,5.038,1800
2020-11-10 09:33:02.280,5.038,100
2020-11-10 09:33:02.280,5.037,5000
2020-11-10 09:33:02.280,5.037,2300
2020-11-10 09:33:02.440,5.039,600
2020-11-10 09:33:02.440,5.039,9200
2020-11-10 09:33:02.630,5.037,27700
2020-11-10 09:33:03.190,5.037,1000
2020-11-10 09:33:03.320,5.037,5000
2020-11-10 09:33:03.540,5.036,1000
2020-11-10 09:33:03.990,5.037,100
2020-11-10 09:33:05.110,5.036,4000
2020-11-10 09:33:05.110,5.036,200
2020-11-10 09:33:06.140,5.037,200
2020-11-10 09:33:06.230,5.036,2100
2020-11-10 09:33:06.230,5.036,200
2020-11-10 09:33:06.230,5.036,1000
2020-11-10 09:33:06.230,5.036,6700
2020-11-10 09:33:06.300,5.037,30000
2020-11-10 09:33:07.000,5.037,1000
2020-11-10 09:33:07.060,5.036,1500
2020-11-10 09:33:07.150,5.037,200
2020-11-10 09:33:07.410,5.036,11800
2020-11-10 09:33:07.410,5.036,2000
2020-11-10 09:33:07.410,5.036,49600
2020-11-10 09:33:07.410,5.036,2000
2020-11-10 09:33:07.410,5.036,30000
2020-11-10 09:33:07.410,5.036,500
2020-11-10 09:33:08.230,5.036,30000
2020-11-10 09:33:08.230,5.035,1400
2020-11-10 09:33:08.310,5.036,150000
2020-11-10 09:33:08.830,5.036,100
2020-11-10 09:33:08.890,5.036,2500
2020-11-10 09:33:09.290,5.036,30000
2020-11-10 09:33:09.460,5.036,100
2020-11-10 09:33:09.460,5.036,10000
2020-11-10 09:33:09.710,5.036,3000
2020-11-10 09:33:10.370,5.036,118400
2020-11-10 09:33:10.370,5.036,100
2020-11-10 09:33:10.370,5.036,500
2020-11-10 09:33:10.370,5.037,24800
2020-11-10 09:33:10.490,5.037,200
2020-11-10 09:33:10.810,5.037,1000
2020-11-10 09:33:10.810,5.037,600
2020-11-10 09:33:10.810,5.037,2200
2020-11-10 09:33:11.010,5.038,700
2020-11-10 09:33:11.190,5.037,2200
2020-11-10 09:33:12.430,5.035,600
2020-11-10 09:33:12.430,5.035,3400
2020-11-10 09:33:12.710,5.035,4500
2020-11-10 09:33:12.830,5.035,100
2020-11-10 09:33:13.120,5.036,1000
2020-11-10 09:33:13.150,5.036,7800
2020-11-10 09:33:13.150,5.036,18700
2020-11-10 09:33:13.610,5.035,2000
2020-11-10 09:33:13.610,5.035,200
2020-11-10 09:33:13.610,5.035,2800
2020-11-10 09:33:13.610,5.036,1000
2020-11-10 09:33:13.760,5.035,100
2020-11-10 09:33:14.430,5.035,400
2020-11-10 09:33:14.430,5.035,200
2020-11-10 09:33:14.610,5.035,8500
2020-11-10 09:33:14.610,5.035,600
2020-11-10 09:33:14.610,5.035,5000
2020-11-10 09:33:14.610,5.035,20000
2020-11-10 09:33:14.610,5.035,3000
2020-11-10 09:33:14.610,5.035,3200
2020-11-10 09:33:14.610,5.035,1000
2020-11-10 09:33:14.610,5.035,7000
2020-11-10 09:33:14.610,5.035,2600
2020-11-10 09:33:14.790,5.036,100
2020-11-10 09:33:15.530,5.036,500
2020-11-10 09:33:15.620,5.035,700
2020-11-10 09:33:16.110,5.036,4000
2020-11-10 09:33:16.170,5.035,3000
2020-11-10 09:33:16.230,5.036,1000
2020-11-10 09:33:16.750,5.036,8000
2020-11-10 09:33:16.990,5.035,3700
2020-11-10 09:33:16.990,5.035,10000
2020-11-10 09:33:16.990,5.035,100
2020-11-10 09:33:16.990,5.035,1200
2020-11-10 09:33:17.280,5.035,28800
2020-11-10 09:33:17.280,5.035,200
2020-11-10 09:33:17.280,5.035,10000
2020-11-10 09:33:17.280,5.035,29800
2020-11-10 09:33:17.280,5.035,100
2020-11-10 09:33:17.280,5.035,105500
2020-11-10 09:33:17.340,5.035,20000
2020-11-10 09:33:17.370,5.035,4600
2020-11-10 09:33:17.760,5.034,1000
2020-11-10 09:33:18.150,5.035,1000
2020-11-10 09:33:18.150,5.035,2000
2020-11-10 09:33:18.150,5.035,3200
2020-11-10 09:33:18.150,5.036,14800
2020-11-10 09:33:18.300,5.036,200
2020-11-10 09:33:18.390,5.036,56100
2020-11-10 09:33:18.830,5.036,10000
2020-11-10 09:33:19.320,5.035,4000
2020-11-10 09:33:19.840,5.035,100
2020-11-10 09:33:19.870,5.036,300
2020-11-10 09:33:20.080,5.035,100
2020-11-10 09:33:20.080,5.035,5000
2020-11-10 09:33:20.080,5.035,4000
2020-11-10 09:33:20.410,5.036,5000
2020-11-10 09:33:20.960,5.035,10000
2020-11-10 09:33:21.220,5.035,100
2020-11-10 09:33:21.220,5.035,500
2020-11-10 09:33:22.050,5.036,200
2020-11-10 09:33:22.710,5.036,100
2020-11-10 09:33:22.780,5.035,6200
2020-11-10 09:33:22.780,5.035,300
2020-11-10 09:33:22.780,5.035,2000
2020-11-10 09:33:22.810,5.035,200
2020-11-10 09:33:22.930,5.035,100
2020-11-10 09:33:23.210,5.035,10000
2020-11-10 09:33:23.780,5.035,30000
2020-11-10 09:33:23.840,5.035,1200
2020-11-10 09:33:23.840,5.036,900
2020-11-10 09:33:23.840,5.036,2100
2020-11-10 09:33:23.840,5.036,1000
2020-11-10 09:33:23.840,5.036,1200
2020-11-10 09:33:23.840,5.036,1100
2020-11-10 09:33:23.840,5.036,200
2020-11-10 09:33:23.840,5.036,500
2020-11-10 09:33:23.840,5.036,1000
2020-11-10 09:33:23.840,5.036,5000
2020-11-10 09:33:23.840,5.036,2000
2020-11-10 09:33:23.840,5.036,500
2020-11-10 09:33:23.840,5.036,3300
2020-11-10 09:33:24.260,5.036,1700
2020-11-10 09:33:24.290,5.036,300
2020-11-10 09:33:24.290,5.035,900
2020-11-10 09:33:24.480,5.035,1000
2020-11-10 09:33:24.480,5.035,300
2020-11-10 09:33:24.570,5.035,3800
2020-11-10 09:33:24.570,5.035,6200
2020-11-10 09:33:24.750,5.035,4600
2020-11-10 09:33:24.790,5.035,400
2020-11-10 09:33:24.970,5.035,100
2020-11-10 09:33:25.090,5.036,1700
2020-11-10 09:33:25.120,5.036,300
2020-11-10 09:33:25.180,5.035,1500
2020-11-10 09:33:25.180,5.036,100
2020-11-10 09:33:25.590,5.036,1500
2020-11-10 09:33:25.750,5.036,1500
2020-11-10 09:33:25.870,5.035,1000
2020-11-10 09:33:25.870,5.035,1000
2020-11-10 09:33:26.120,5.036,2900
2020-11-10 09:33:26.120,5.036,200
2020-11-10 09:33:26.120,5.036,500
2020-11-10 09:33:26.120,5.037,4700
2020-11-10 09:33:26.210,5.035,400
2020-11-10 09:33:26.270,5.035,8000
2020-11-10 09:33:26.490,5.035,2800
2020-11-10 09:33:26.520,5.036,14800
2020-11-10 09:33:26.790,5.036,1100
2020-11-10 09:33:27.280,5.037,11600
2020-11-10 09:33:27.280,5.037,1000
2020-11-10 09:33:27.530,5.037,500
2020-11-10 09:33:27.600,5.037,600
2020-11-10 09:33:27.810,5.037,5100
2020-11-10 09:33:28.080,5.037,300
2020-11-10 09:33:28.170,5.037,5000
2020-11-10 09:33:28.800,5.037,5900
2020-11-10 09:33:28.800,5.036,2100
2020-11-10 09:33:29.050,5.038,600
2020-11-10 09:33:29.050,5.038,2000
2020-11-10 09:33:29.050,5.038,400
2020-11-10 09:33:29.330,5.037,3000
2020-11-10 09:33:29.330,5.036,7000
2020-11-10 09:33:29.480,5.036,60200
2020-11-10 09:33:29.480,5.036,30000
2020-11-10 09:33:29.480,5.036,13500
2020-11-10 09:33:29.480,5.036,96300
2020-11-10 09:33:29.600,5.036,700
2020-11-10 09:33:29.600,5.036,500
2020-11-10 09:33:30.090,5.036,200000
2020-11-10 09:33:30.600,5.036,1300
2020-11-10 09:33:30.790,5.036,10100
2020-11-10 09:33:30.970,5.036,10000
2020-11-10 09:33:32.420,5.036,2400
2020-11-10 09:33:32.550,5.036,11700
2020-11-10 09:33:33.260,5.036,6000
2020-11-10 09:33:33.520,5.036,4300
2020-11-10 09:33:33.870,5.037,1000
2020-11-10 09:33:34.280,5.037,3000
2020-11-10 09:33:34.280,5.037,1900
2020-11-10 09:33:34.530,5.036,8000
2020-11-10 09:33:35.920,5.036,6000
2020-11-10 09:33:36.040,5.037,1100
2020-11-10 09:33:36.040,5.037,2000
2020-11-10 09:33:36.110,5.037,2000
2020-11-10 09:33:36.810,5.038,100
2020-11-10 09:33:36.940,5.037,28600
2020-11-10 09:33:36.940,5.036,21900
2020-11-10 09:33:37.190,5.038,5000
2020-11-10 09:33:37.510,5.038,4500
2020-11-10 09:33:37.510,5.038,2600
2020-11-10 09:33:38.210,5.037,4000
2020-11-10 09:33:38.210,5.037,100
2020-11-10 09:33:38.210,5.037,25900
2020-11-10 09:33:38.210,5.038,100
2020-11-10 09:33:38.640,5.036,19900
2020-11-10 09:33:39.200,5.037,500
2020-11-10 09:33:39.200,5.036,500
2020-11-10 09:33:39.230,5.036,3200
2020-11-10 09:33:39.540,5.037,1000
2020-11-10 09:33:39.540,5.036,800
2020-11-10 09:33:39.790,5.036,1500
2020-11-10 09:33:39.950,5.036,200000
2020-11-10 09:33:40.570,5.038,1200
2020-11-10 09:33:40.570,5.038,3800
2020-11-10 09:33:40.860,5.038,1200
2020-11-10 09:33:40.860,5.038,600
2020-11-10 09:33:40.980,5.037,200
2020-11-10 09:33:40.980,5.037,200
2020-11-10 09:33:41.350,5.038,5000
2020-11-10 09:33:41.620,5.037,4600
2020-11-10 09:33:41.620,5.037,100
2020-11-10 09:33:41.620,5.037,1000
2020-11-10 09:33:41.740,5.037,5000
2020-11-10 09:33:42.480,5.037,3000
2020-11-10 09:33:42.520,5.037,4800
2020-11-10 09:33:43.150,5.036,50000
2020-11-10 09:33:43.760,5.037,19400
2020-11-10 09:33:43.760,5.037,100
2020-11-10 09:33:43.760,5.037,10100
2020-11-10 09:33:44.240,5.038,100
2020-11-10 09:33:44.670,5.037,20400
2020-11-10 09:33:44.670,5.036,59600
2020-11-10 09:33:46.170,5.037,10000
2020-11-10 09:33:46.800,5.037,500
2020-11-10 09:33:46.800,5.038,20000
2020-11-10 09:33:46.950,5.037,10000
2020-11-10 09:33:48.460,5.037,2500
2020-11-10 09:33:48.520,5.037,2000
2020-11-10 09:33:48.520,5.037,200
2020-11-10 09:33:48.520,5.037,100
2020-11-10 09:33:48.940,5.037,100
2020-11-10 09:33:49.070,5.037,8000
2020-11-10 09:33:49.130,5.038,900
2020-11-10 09:33:49.460,5.038,100
2020-11-10 09:33:49.490,5.037,1800
2020-11-10 09:33:49.490,5.037,6200
2020-11-10 09:33:49.610,5.037,3200
2020-11-10 09:33:49.610,5.037,1000
2020-11-10 09:33:49.610,5.037,500
2020-11-10 09:33:49.930,5.037,500
2020-11-10 09:33:51.060,5.037,100
2020-11-10 09:33:51.740,5.036,400
2020-11-10 09:33:51.910,5.036,700
2020-11-10 09:33:52.370,5.036,1200
2020-11-10 09:33:52.460,5.037,3000
2020-11-10 09:33:52.730,5.037,500
2020-11-10 09:33:53.070,5.037,1000
2020-11-10 09:33:53.250,5.037,500
2020-11-10 09:33:53.480,5.037,7500
2020-11-10 09:33:53.730,5.036,9800
2020-11-10 09:33:54.180,5.037,5000
2020-11-10 09:33:54.300,5.036,13900
2020-11-10 09:33:54.390,5.037,1300
2020-11-10 09:33:54.390,5.037,6900
2020-11-10 09:33:54.390,5.037,17700
2020-11-10 09:33:54.390,5.037,21300
2020-11-10 09:33:54.390,5.037,71000
2020-11-10 09:33:54.960,5.037,200
2020-11-10 09:33:55.140,5.036,1100
2020-11-10 09:33:55.500,5.036,20000
2020-11-10 09:33:55.650,5.037,30000
2020-11-10 09:33:55.870,5.037,200
2020-11-10 09:33:56.190,5.037,100
2020-11-10 09:33:56.400,5.036,4000
2020-11-10 09:33:57.460,5.037,20000
2020-11-10 09:33:57.520,5.037,10000
2020-11-10 09:33:57.760,5.037,400
2020-11-10 09:33:58.160,5.036,100000
2020-11-10 09:33:58.280,5.037,15000
2020-11-10 09:33:58.800,5.036,200
2020-11-10 09:33:59.180,5.036,100
2020-11-10 09:33:59.440,5.037,53100
2020-11-10 09:33:59.440,5.037,20000
2020-11-10 09:33:59.440,5.037,1000
2020-11-10 09:33:59.440,5.037,4000
2020-11-10 09:33:59.440,5.037,1000
2020-11-10 09:33:59.440,5.037,2500
2020-11-10 09:33:59.440,5.037,200
2020-11-10 09:34:00.150,5.038,18300
2020-11-10 09:34:00.150,5.038,1700
2020-11-10 09:34:00.210,5.037,6000
2020-11-10 09:34:00.330,5.037,300
2020-11-10 09:34:00.850,5.038,40900
2020-11-10 09:34:00.850,5.038,1500
2020-11-10 09:34:00.850,5.038,6800
2020-11-10 09:34:01.460,5.038,3800
2020-11-10 09:34:01.850,5.038,500
2020-11-10 09:34:02.070,5.038,2400
2020-11-10 09:34:02.740,5.038,1100
2020-11-10 09:34:02.840,5.038,400
2020-11-10 09:34:02.990,5.038,35400
2020-11-10 09:34:03.180,5.038,5000
2020-11-10 09:34:03.480,5.038,1000
2020-11-10 09:34:03.610,5.038,61000
2020-11-10 09:34:04.180,5.038,8800
2020-11-10 09:34:04.390,5.038,7500
2020-11-10 09:34:04.740,5.038,1400
2020-11-10 09:34:04.900,5.038,12000
2020-11-10 09:34:05.490,5.038,800
2020-11-10 09:34:06.440,5.038,12400
2020-11-10 09:34:06.800,5.038,8600
2020-11-10 09:34:07.210,5.039,5100
2020-11-10 09:34:07.430,5.038,39000
2020-11-10 09:34:08.540,5.038,49700
2020-11-10 09:34:08.540,5.038,300
2020-11-10 09:34:09.190,5.038,9700
2020-11-10 09:34:09.190,5.038,300
2020-11-10 09:34:09.720,5.038,200
2020-11-10 09:34:09.720,5.037,2800
2020-11-10 09:34:11.780,5.038,500
2020-11-10 09:34:12.020,5.038,8300
2020-11-10 09:34:12.020,5.038,4700
2020-11-10 09:34:12.020,5.038,100
2020-11-10 09:34:12.770,5.038,1500
2020-11-10 09:34:12.770,5.039,100
2020-11-10 09:34:13.170,5.039,2000
2020-11-10 09:34:13.410,5.038,300
2020-11-10 09:34:13.960,5.039,19400
2020-11-10 09:34:14.150,5.038,1400
2020-11-10 09:34:14.150,5.039,1000
2020-11-10 09:34:15.080,5.038,6000
2020-11-10 09:34:15.440,5.039,100
2020-11-10 09:34:15.520,5.039,2000
2020-11-10 09:34:15.680,5.039,500
2020-11-10 09:34:16.020,5.039,200
2020-11-10 09:34:16.240,5.039,100
2020-11-10 09:34:16.510,5.039,100
2020-11-10 09:34:17.150,5.039,4000
2020-11-10 09:34:17.150,5.039,500
2020-11-10 09:34:17.510,5.039,1800
2020-11-10 09:34:17.510,5.039,100
2020-11-10 09:34:17.510,5.039,500
2020-11-10 09:34:17.510,5.039,300
2020-11-10 09:34:17.510,5.039,100
2020-11-10 09:34:17.510,5.039,700
2020-11-10 09:34:17.510,5.039,100
2020-11-10 09:34:17.510,5.039,12100
2020-11-10 09:34:17.870,5.038,200
2020-11-10 09:34:19.010,5.038,3000
2020-11-10 09:34:19.270,5.039,4000
2020-11-10 09:34:19.310,5.039,300
2020-11-10 09:34:19.430,5.039,26800
2020-11-10 09:34:19.610,5.039,3800
2020-11-10 09:34:19.940,5.039,78500
2020-11-10 09:34:19.940,5.039,200
2020-11-10 09:34:19.940,5.039,33300
2020-11-10 09:34:19.940,5.039,100
2020-11-10 09:34:19.940,5.039,300
2020-11-10 09:34:19.940,5.039,2000
2020-11-10 09:34:19.940,5.039,300
2020-11-10 09:34:19.940,5.039,18900
2020-11-10 09:34:20.350,5.039,5000
2020-11-10 09:34:20.400,5.039,1000
2020-11-10 09:34:20.810,5.039,2200
2020-11-10 09:34:21.670,5.039,200
2020-11-10 09:34:22.610,5.039,5000
2020-11-10 09:34:22.670,5.04,900
2020-11-10 09:34:22.670,5.04,6700
2020-11-10 09:34:22.870,5.039,5000
2020-11-10 09:34:23.300,5.039,100000
2020-11-10 09:34:23.510,5.039,48000
2020-11-10 09:34:23.510,5.039,200
2020-11-10 09:34:23.510,5.039,100
2020-11-10 09:34:23.510,5.039,8000
2020-11-10 09:34:23.510,5.039,43700
2020-11-10 09:34:24.270,5.04,2600
2020-11-10 09:34:24.270,5.04,1600
2020-11-10 09:34:24.270,5.04,1000
2020-11-10 09:34:24.270,5.04,4800
2020-11-10 09:34:24.340,5.039,300
2020-11-10 09:34:24.520,5.039,200
2020-11-10 09:34:24.710,5.039,400
2020-11-10 09:34:25.140,5.039,200
2020-11-10 09:34:25.580,5.039,1600
2020-11-10 09:34:26.090,5.039,1300
2020-11-10 09:34:26.700,5.04,400
2020-11-10 09:34:27.550,5.04,94800
2020-11-10 09:34:27.550,5.04,2000
2020-11-10 09:34:27.550,5.04,1000
2020-11-10 09:34:27.550,5.04,1000
2020-11-10 09:34:27.550,5.04,100
2020-11-10 09:34:27.550,5.04,500
2020-11-10 09:34:27.550,5.04,1000
2020-11-10 09:34:27.550,5.04,300
2020-11-10 09:34:27.550,5.04,4500
2020-11-10 09:34:27.550,5.04,33200
2020-11-10 09:34:27.680,5.04,300
2020-11-10 09:34:28.370,5.04,500
2020-11-10 09:34:29.810,5.04,1000
2020-11-10 09:34:30.390,5.041,20000
2020-11-10 09:34:30.670,5.04,100
2020-11-10 09:34:31.730,5.04,6200
2020-11-10 09:34:32.370,5.041,5600
2020-11-10 09:34:32.370,5.041,100
2020-11-10 09:34:32.370,5.041,60000
2020-11-10 09:34:32.370,5.041,10000
2020-11-10 09:34:32.370,5.041,1600
2020-11-10 09:34:32.370,5.041,1000
2020-11-10 09:34:32.370,5.041,4100
2020-11-10 09:34:32.370,5.041,100
2020-11-10 09:34:33.150,5.041,600
2020-11-10 09:34:33.420,5.041,2500
2020-11-10 09:34:34.720,5.041,5000
2020-11-10 09:34:34.720,5.041,300
2020-11-10 09:34:34.720,5.041,4700
2020-11-10 09:34:35.330,5.041,5300
2020-11-10 09:34:35.560,5.04,4800
2020-11-10 09:34:35.560,5.04,10000
2020-11-10 09:34:35.560,5.04,49200
2020-11-10 09:34:35.990,5.041,200
2020-11-10 09:34:36.370,5.041,32600
2020-11-10 09:34:36.560,5.041,3600
2020-11-10 09:34:37.200,5.041,2500
2020-11-10 09:34:37.650,5.04,800
2020-11-10 09:34:37.650,5.04,200
2020-11-10 09:34:37.930,5.04,200
2020-11-10 09:34:38.010,5.04,1700
2020-11-10 09:34:38.010,5.04,14000
2020-11-10 09:34:38.010,5.04,5200
2020-11-10 09:34:38.870,5.041,600
2020-11-10 09:34:39.020,5.041,500
2020-11-10 09:34:40.760,5.041,2200
2020-11-10 09:34:40.950,5.041,30000
2020-11-10 09:34:41.230,5.041,500
2020-11-10 09:34:41.380,5.041,500
2020-11-10 09:34:41.410,5.041,24800
2020-11-10 09:34:41.980,5.04,1500
2020-11-10 09:34:42.300,5.04,13300
2020-11-10 09:34:42.300,5.04,1000
2020-11-10 09:34:42.300,5.04,5000
2020-11-10 09:34:42.300,5.04,5000
2020-11-10 09:34:42.300,5.04,2300
2020-11-10 09:34:42.610,5.04,20000
2020-11-10 09:34:43.980,5.04,1000
2020-11-10 09:34:44.080,5.039,1000
2020-11-10 09:34:44.140,5.04,5000
2020-11-10 09:34:44.390,5.04,3000
2020-11-10 09:34:44.480,5.04,1000
2020-11-10 09:34:44.480,5.04,500
2020-11-10 09:34:44.670,5.039,1300
2020-11-10 09:34:44.670,5.039,700
2020-11-10 09:34:45.200,5.04,100
2020-11-10 09:34:45.200,5.041,500
2020-11-10 09:34:45.200,5.041,6000
2020-11-10 09:34:45.200,5.041,3400
2020-11-10 09:34:45.680,5.04,2000
2020-11-10 09:34:45.680,5.04,1700
2020-11-10 09:34:46.290,5.041,1000
2020-11-10 09:34:46.410,5.041,200
2020-11-10 09:34:46.710,5.041,200
2020-11-10 09:34:47.790,5.04,300
2020-11-10 09:34:47.790,5.04,1000
2020-11-10 09:34:47.790,5.04,2900
2020-11-10 09:34:48.550,5.041,5000
2020-11-10 09:34:48.710,5.04,1000
2020-11-10 09:34:48.870,5.04,6100
2020-11-10 09:34:48.870,5.04,600
2020-11-10 09:34:48.870,5.039,100
2020-11-10 09:34:48.870,5.039,100
2020-11-10 09:34:48.870,5.039,100
2020-11-10 09:34:48.870,5.039,1400
2020-11-10 09:34:50.840,5.039,8000
2020-11-10 09:34:51.290,5.04,500
2020-11-10 09:34:51.290,5.04,3600
2020-11-10 09:34:51.290,5.04,1300
2020-11-10 09:34:51.360,5.04,600
2020-11-10 09:34:51.420,5.041,200
2020-11-10 09:34:51.420,5.041,1800
2020-11-10 09:34:51.420,5.041,500
2020-11-10 09:34:51.480,5.041,400
2020-11-10 09:34:51.540,5.041,300
2020-11-10 09:34:51.540,5.041,5700
2020-11-10 09:34:51.900,5.041,2000
2020-11-10 09:34:52.970,5.041,2000
2020-11-10 09:34:53.190,5.041,2000
2020-11-10 09:34:53.450,5.04,14000
2020-11-10 09:34:53.450,5.04,1000
2020-11-10 09:34:53.450,5.04,6000
2020-11-10 09:34:53.450,5.04,3000
2020-11-10 09:34:53.870,5.04,4600
2020-11-10 09:34:54.940,5.04,2700
2020-11-10 09:34:54.940,5.04,2000
2020-11-10 09:34:55.480,5.041,100
2020-11-10 09:34:55.630,5.04,17300
2020-11-10 09:34:55.630,5.04,500
2020-11-10 09:34:55.930,5.04,3100
2020-11-10 09:34:57.010,5.04,10000
2020-11-10 09:34:57.430,5.04,10000
2020-11-10 09:34:57.790,5.04,100
2020-11-10 09:34:58.150,5.04,900
2020-11-10 09:34:58.280,5.04,3100
2020-11-10 09:34:58.340,5.04,700
2020-11-10 09:34:58.340,5.04,20000
2020-11-10 09:34:58.520,5.04,600
2020-11-10 09:34:59.110,5.04,2000
2020-11-10 09:34:59.170,5.04,900
2020-11-10 09:34:59.620,5.04,90200
2020-11-10 09:34:59.620,5.04,10000
2020-11-10 09:34:59.620,5.04,3000
2020-11-10 09:34:59.620,5.04,100
2020-11-10 09:34:59.780,5.04,10000
2020-11-10 09:35:00.080,5.04,400
2020-11-10 09:35:00.080,5.04,2000
2020-11-10 09:35:01.160,5.04,500
2020-11-10 09:35:01.300,5.039,1100
2020-11-10 09:35:01.300,5.039,1100
2020-11-10 09:35:02.410,5.04,83800
2020-11-10 09:35:02.410,5.04,4800
2020-11-10 09:35:02.410,5.04,246700
2020-11-10 09:35:03.300,5.04,11700
2020-11-10 09:35:03.360,5.039,86200
2020-11-10 09:35:03.360,5.039,200
2020-11-10 09:35:03.360,5.039,5400
2020-11-10 09:35:03.360,5.039,3000
2020-11-10 09:35:03.360,5.039,10000
2020-11-10 09:35:03.360,5.039,10000
2020-11-10 09:35:03.360,5.039,300
2020-11-10 09:35:03.360,5.039,3300
2020-11-10 09:35:03.360,5.039,16000
2020-11-10 09:35:03.360,5.039,6300
2020-11-10 09:35:03.360,5.039,5300
2020-11-10 09:35:03.360,5.039,5000
2020-11-10 09:35:03.360,5.039,6000
2020-11-10 09:35:03.360,5.039,4300
2020-11-10 09:35:03.360,5.039,5600
2020-11-10 09:35:03.360,5.039,3600
2020-11-10 09:35:03.360,5.039,5700
2020-11-10 09:35:03.360,5.039,7700
2020-11-10 09:35:03.360,5.039,25500
2020-11-10 09:35:03.360,5.039,3400
2020-11-10 09:35:03.360,5.039,3300
2020-11-10 09:35:03.360,5.039,3700
2020-11-10 09:35:03.360,5.039,5600
2020-11-10 09:35:03.360,5.039,7500
2020-11-10 09:35:03.360,5.039,10500
2020-11-10 09:35:03.360,5.039,4000
2020-11-10 09:35:03.360,5.039,103500
2020-11-10 09:35:03.360,5.039,9100
2020-11-10 09:35:03.360,5.039,5500
2020-11-10 09:35:03.360,5.039,2000
2020-11-10 09:35:03.360,5.039,3100
2020-11-10 09:35:03.360,5.039,1000
2020-11-10 09:35:03.360,5.039,8000
2020-11-10 09:35:03.360,5.039,10000
2020-11-10 09:35:03.360,5.039,3200
2020-11-10 09:35:03.360,5.039,207200
2020-11-10 09:35:03.550,5.039,292800
2020-11-10 09:35:03.550,5.039,100
2020-11-10 09:35:04.190,5.039,6000
2020-11-10 09:35:04.390,5.039,1100
2020-11-10 09:35:04.390,5.039,319000
2020-11-10 09:35:04.390,5.04,700
2020-11-10 09:35:04.390,5.04,200000
2020-11-10 09:35:04.390,5.04,100000
2020-11-10 09:35:04.390,5.04,49300
2020-11-10 09:35:04.480,5.04,23500
2020-11-10 09:35:05.410,5.04,54900
2020-11-10 09:35:05.780,5.04,2000
2020-11-10 09:35:05.940,5.04,2000
2020-11-10 09:35:06.170,5.039,5900
2020-11-10 09:35:06.170,5.039,7600
2020-11-10 09:35:07.240,5.039,100
2020-11-10 09:35:07.240,5.039,2900
2020-11-10 09:35:07.240,5.039,6000
2020-11-10 09:35:07.520,5.04,500
2020-11-10 09:35:07.820,5.04,12800
2020-11-10 09:35:07.820,5.041,3300
2020-11-10 09:35:08.450,5.041,800
2020-11-10 09:35:08.480,5.039,3300
2020-11-10 09:35:08.480,5.039,14900
2020-11-10 09:35:08.480,5.039,1800
2020-11-10 09:35:09.270,5.039,8100
2020-11-10 09:35:09.270,5.039,10700
2020-11-10 09:35:09.270,5.039,6500
2020-11-10 09:35:09.270,5.039,13800
2020-11-10 09:35:09.270,5.039,26900
2020-11-10 09:35:09.270,5.039,9100
2020-11-10 09:35:09.270,5.039,13200
2020-11-10 09:35:09.270,5.039,5800
2020-11-10 09:35:09.270,5.039,9500
2020-11-10 09:35:09.270,5.039,27800
2020-11-10 09:35:09.270,5.039,12200
2020-11-10 09:35:09.270,5.039,12900
2020-11-10 09:35:09.270,5.039,2200
2020-11-10 09:35:09.460,5.039,2000
2020-11-10 09:35:09.730,5.04,40000
2020-11-10 09:35:10.500,5.04,1400
2020-11-10 09:35:10.830,5.04,50000
2020-11-10 09:35:12.620,5.04,81500
2020-11-10 09:35:13.050,5.04,100
2020-11-10 09:35:13.510,5.04,4000
2020-11-10 09:35:13.660,5.04,2000
2020-11-10 09:35:14.670,5.04,7000
2020-11-10 09:35:15.270,5.041,4100
2020-11-10 09:35:15.270,5.041,12400
2020-11-10 09:35:15.270,5.041,3500
2020-11-10 09:35:15.680,5.041,6500
2020-11-10 09:35:15.680,5.041,15500
2020-11-10 09:35:15.680,5.04,2000
2020-11-10 09:35:16.440,5.04,6400
2020-11-10 09:35:17.830,5.041,16600
2020-11-10 09:35:17.830,5.041,3000
2020-11-10 09:35:17.830,5.041,200
2020-11-10 09:35:18.070,5.04,100
2020-11-10 09:35:18.540,5.04,20000
2020-11-10 09:35:19.290,5.041,1800
2020-11-10 09:35:19.290,5.041,100
2020-11-10 09:35:19.290,5.041,100
2020-11-10 09:35:19.680,5.04,2000
2020-11-10 09:35:20.470,5.041,1800
2020-11-10 09:35:20.470,5.041,200
2020-11-10 09:35:20.890,5.041,2200
2020-11-10 09:35:21.250,5.041,1600
2020-11-10 09:35:21.380,5.041,100
2020-11-10 09:35:21.880,5.041,1300
2020-11-10 09:35:21.880,5.041,3700
2020-11-10 09:35:22.290,5.041,100
2020-11-10 09:35:24.140,5.041,3000
2020-11-10 09:35:24.290,5.041,10000
2020-11-10 09:35:24.850,5.041,500
2020-11-10 09:35:24.850,5.041,2000
2020-11-10 09:35:24.850,5.041,27600
2020-11-10 09:35:24.850,5.041,119900
2020-11-10 09:35:24.880,5.041,100
2020-11-10 09:35:25.100,5.041,1500
2020-11-10 09:35:26.340,5.042,5000
2020-11-10 09:35:26.340,5.042,4800
2020-11-10 09:35:26.340,5.042,200
2020-11-10 09:35:26.340,5.042,200
2020-11-10 09:35:26.340,5.042,22300
2020-11-10 09:35:26.340,5.042,100
2020-11-10 09:35:26.340,5.042,200
2020-11-10 09:35:26.340,5.042,1500
2020-11-10 09:35:27.500,5.042,900
2020-11-10 09:35:27.900,5.042,1200
2020-11-10 09:35:29.590,5.043,100
2020-11-10 09:35:29.590,5.043,1100
2020-11-10 09:35:29.950,5.042,4000
2020-11-10 09:35:30.160,5.042,10000
2020-11-10 09:35:30.510,5.043,10000
2020-11-10 09:35:30.750,5.042,300
2020-11-10 09:35:30.790,5.042,10000
2020-11-10 09:35:31.270,5.043,2100
2020-11-10 09:35:31.360,5.043,6200
2020-11-10 09:35:31.360,5.043,10000
2020-11-10 09:35:31.360,5.043,5000
2020-11-10 09:35:31.360,5.043,3300
2020-11-10 09:35:31.360,5.043,2000
2020-11-10 09:35:31.360,5.043,4100
2020-11-10 09:35:31.360,5.043,3000
2020-11-10 09:35:33.440,5.043,300
2020-11-10 09:35:33.600,5.043,600
2020-11-10 09:35:34.060,5.043,2000
2020-11-10 09:35:36.190,5.043,1000
2020-11-10 09:35:36.190,5.044,4000
2020-11-10 09:35:36.190,5.044,1000
2020-11-10 09:35:36.980,5.044,300
2020-11-10 09:35:36.980,5.044,700
2020-11-10 09:35:36.980,5.044,1000
2020-11-10 09:35:36.980,5.044,200
2020-11-10 09:35:36.980,5.044,1000
2020-11-10 09:35:36.980,5.044,500
2020-11-10 09:35:36.980,5.044,1400
2020-11-10 09:35:36.980,5.044,24600
2020-11-10 09:35:38.530,5.044,8100
2020-11-10 09:35:39.180,5.043,29000
2020-11-10 09:35:39.180,5.043,4600
2020-11-10 09:35:39.180,5.043,5200
2020-11-10 09:35:39.180,5.043,100
2020-11-10 09:35:39.180,5.043,100
2020-11-10 09:35:39.180,5.043,5000
