ExChangeId,ChannelNo,SeqNo,SecurityID,Trade2_Order1,TradeDate,UpdateTime,Price,Volume,TrdMoney,OrdSide,OrdType,TrdBSFlag,TrdBuyNo,TrdSellNo
1,6,267036,510370,2,20201110,93245680,1.045000,400,418.000000,-,-,S,246933,651684
1,6,269531,510370,2,20201110,93248410,1.045000,3800,3971.000000,-,-,S,246933,655411
1,6,285008,510370,2,20201110,93305460,1.044000,400,417.600000,-,-,S,122726,679467
1,6,290043,510370,2,20201110,93309990,1.044000,1900,1983.600000,-,-,S,122726,686372
1,6,294265,510370,2,20201110,93314520,1.044000,1600,1670.400000,-,-,S,122726,692469
1,6,627970,510370,2,20201110,94045100,1.044000,26200,27352.800000,-,-,B,1218499,941499
1,6,665720,510370,2,20201110,94145690,1.042000,3000,3126.000000,-,-,S,108108,1282037
1,6,668412,510370,2,20201110,94150540,1.042000,67000,69814.000000,-,-,B,1286502,1282037
1,6,753904,510370,2,20201110,94431110,1.042000,10000,10420.000000,-,-,S,1286502,1427985
1,6,755253,510370,2,20201110,94433970,1.042000,10000,10420.000000,-,-,S,1286502,1430141
1,6,860786,510370,2,20201110,94751270,1.042000,22800,23757.600000,-,-,B,1598290,1558732
1,6,867855,510370,2,20201110,94806170,1.042000,20000,20840.000000,-,-,B,1609742,1606481
1,6,881805,510370,2,20201110,94836960,1.044000,30000,31320.000000,-,-,B,1633045,1137594
1,6,881806,510370,2,20201110,94836960,1.044000,20000,20880.000000,-,-,B,1633045,1151187
1,6,881807,510370,2,20201110,94836960,1.044000,1000,1044.000000,-,-,B,1633045,1172939
1,6,993962,510370,2,20201110,95232140,1.041000,28000,29148.000000,-,-,S,1796921,1809812
1,6,998948,510370,2,20201110,95244290,1.045000,1000,1045.000000,-,-,B,1818334,1803891
1,6,1039799,510370,2,20201110,95335510,1.041000,2000,2082.000000,-,-,S,1796921,1860304
1,6,1039800,510370,2,20201110,95335510,1.041000,18000,18738.000000,-,-,S,1817081,1860304
1,6,1096129,510370,2,20201110,95511030,1.042000,20000,20840.000000,-,-,S,1883890,1944364
1,6,1222172,510370,2,20201110,95907750,1.040000,3000,3120.000000,-,-,S,1764866,2139774
1,6,1250441,510370,2,20201110,100003310,1.040000,10000,10400.000000,-,-,S,1853428,2182329
1,6,1250442,510370,2,20201110,100003310,1.040000,10000,10400.000000,-,-,S,2178290,2182329
1,6,1262254,510370,2,20201110,100019440,1.040000,30000,31200.000000,-,-,B,2199534,2182329
1,6,1262255,510370,2,20201110,100019440,1.040000,100000,104000.000000,-,-,B,2199534,2191001
1,6,1331914,510370,2,20201110,100238000,1.040000,1000,1040.000000,-,-,B,2312949,2307967
1,6,1371786,510370,2,20201110,100417760,1.043000,20000,20860.000000,-,-,B,2381850,2379319
1,6,1371787,510370,2,20201110,100417760,1.044000,5900,6159.600000,-,-,B,2381850,2310316
1,6,1372030,510370,2,20201110,100418470,1.044000,400,417.600000,-,-,S,2381850,2382356
1,6,1418914,510370,2,20201110,100611300,1.044000,5000,5220.000000,-,-,B,2452272,2401381
1,6,1419147,510370,2,20201110,100612090,1.044000,10000,10440.000000,-,-,S,2452272,2452687
1,6,1433823,510370,2,20201110,100648910,1.045000,6700,7001.500000,-,-,B,2476040,2067374
1,6,1435642,510370,2,20201110,100654470,1.045000,3300,3448.500000,-,-,S,2476040,2479154
1,6,1435643,510370,2,20201110,100654470,1.044000,6700,6994.800000,-,-,S,2452272,2479154
1,6,1441104,510370,2,20201110,100709570,1.044000,12000,12528.000000,-,-,S,2452272,2488448
1,6,1547399,510370,2,20201110,101208830,1.043000,10000,10430.000000,-,-,S,2489011,2657821
1,6,1554198,510370,2,20201110,101230500,1.043000,10000,10430.000000,-,-,B,2668658,2657821
1,6,1561072,510370,2,20201110,101256210,1.040000,20000,20800.000000,-,-,S,2387228,2680348
1,6,1561073,510370,2,20201110,101256210,1.040000,2000,2080.000000,-,-,S,2679118,2680348
1,6,1561272,510370,2,20201110,101256770,1.040000,68000,70720.000000,-,-,B,2680577,2680348
1,6,1695806,510370,2,20201110,102029510,1.043000,30000,31290.000000,-,-,B,2896843,2864766
1,6,1738431,510370,2,20201110,102249100,1.040000,10000,10400.000000,-,-,S,2685060,2966801
1,6,1739494,510370,2,20201110,102253660,1.040000,20000,20800.000000,-,-,S,2685060,2968639
1,6,1816411,510370,2,20201110,102724620,1.041000,10000,10410.000000,-,-,S,3013761,3084183
1,6,1986685,510370,2,20201110,103758460,1.041000,30000,31230.000000,-,-,S,3013761,3364494
1,6,2006127,510370,2,20201110,103938710,1.041000,2000,2082.000000,-,-,S,3013761,3397456
1,6,2014274,510370,2,20201110,104010860,1.046000,9000,9414.000000,-,-,B,3411530,2960973
1,6,2014275,510370,2,20201110,104010860,1.046000,30000,31380.000000,-,-,B,3411530,2981719
1,6,2014276,510370,2,20201110,104010860,1.046000,3000,3138.000000,-,-,B,3411530,3402256
1,6,2030571,510370,2,20201110,104051000,1.047000,500,523.500000,-,-,S,3434919,3435905
1,6,2032315,510370,2,20201110,104056820,1.046000,400,418.400000,-,-,S,3411530,3438668
1,6,2036621,510370,2,20201110,104112000,1.046000,400,418.400000,-,-,S,3411530,3445971
1,6,2037870,510370,2,20201110,104116570,1.046000,2400,2510.400000,-,-,S,3411530,3448030
1,6,2039631,510370,2,20201110,104124690,1.046000,400,418.400000,-,-,S,3411530,3451313
1,6,2040415,510370,2,20201110,104127730,1.046000,2200,2301.200000,-,-,S,3411530,3452554
1,6,2040855,510370,2,20201110,104129630,1.046000,2200,2301.200000,-,-,S,3411530,3453422
1,6,2118879,510370,2,20201110,104812490,1.043000,10000,10430.000000,-,-,S,3471583,3591265
1,6,2147479,510370,2,20201110,105029210,1.046000,5000,5230.000000,-,-,B,3639554,3559461
1,6,2147480,510370,2,20201110,105029210,1.046000,40000,41840.000000,-,-,B,3639554,3611651
1,6,2148032,510370,2,20201110,105031920,1.046000,400,418.400000,-,-,S,3639554,3640604
1,6,2149018,510370,2,20201110,105036240,1.046000,400,418.400000,-,-,S,3639554,3642003
1,6,2149588,510370,2,20201110,105039350,1.046000,3300,3451.800000,-,-,S,3639554,3643050
1,6,2150709,510370,2,20201110,105045370,1.046000,900,941.400000,-,-,S,3639554,3644985
1,6,2157061,510370,2,20201110,105114210,1.043000,10000,10430.000000,-,-,S,3471583,3655145
1,6,2180431,510370,2,20201110,105312450,1.043000,30000,31290.000000,-,-,S,3471583,3695187
1,6,2180432,510370,2,20201110,105312450,1.043000,20000,20860.000000,-,-,S,3665102,3695187
1,6,2180433,510370,2,20201110,105312450,1.043000,8800,9178.400000,-,-,S,3685768,3695187
1,6,2181512,510370,2,20201110,105318450,1.043000,151200,157701.600000,-,-,B,3697055,3695187
1,6,2200568,510370,2,20201110,105503570,1.043000,48800,50898.400000,-,-,S,3697055,3729772
1,6,2201617,510370,2,20201110,105508690,1.043000,200000,208600.000000,-,-,B,3731513,3729772
1,6,2203214,510370,2,20201110,105515910,1.043000,51200,53401.600000,-,-,B,3734024,3729772
1,6,2224839,510370,2,20201110,105653130,1.043000,3100,3233.300000,-,-,S,3734024,3767261
1,6,2269389,510370,2,20201110,110049100,1.043000,36000,37548.000000,-,-,S,3734024,3840244
1,6,2298825,510370,2,20201110,110332200,1.043000,9700,10117.100000,-,-,S,3734024,3889632
1,6,2298826,510370,2,20201110,110332200,1.043000,35300,36817.900000,-,-,S,3866095,3889632
1,6,2339496,510370,2,20201110,110717730,1.044000,1600,1670.400000,-,-,S,3913365,3955763
1,6,2342303,510370,2,20201110,110734580,1.044000,1500,1566.000000,-,-,S,3913365,3960294
1,6,2380700,510370,2,20201110,111032940,1.043000,44700,46622.100000,-,-,S,3866095,4016210
1,6,2380701,510370,2,20201110,111032940,1.043000,50000,52150.000000,-,-,S,3896628,4016210
1,6,2382503,510370,2,20201110,111040490,1.043000,5300,5527.900000,-,-,B,4018635,4016210
1,6,2400892,510370,2,20201110,111223290,1.044000,10000,10440.000000,-,-,S,4045751,4049543
1,6,2408593,510370,2,20201110,111313380,1.045000,20000,20900.000000,-,-,B,4062998,4047463
1,6,2502476,510370,2,20201110,112249450,1.043000,10000,10430.000000,-,-,S,4203299,4221268
1,6,2504863,510370,2,20201110,112304380,1.043000,1000,1043.000000,-,-,S,4203299,4224553
1,6,2556094,510370,2,20201110,112907210,1.043000,39000,40677.000000,-,-,S,4203299,4309012
1,6,2556095,510370,2,20201110,112907210,1.043000,1000,1043.000000,-,-,S,4278578,4309012
1,6,2569510,510370,2,20201110,130001810,1.043000,8600,8969.800000,-,-,S,4278578,4342235
1,6,2569511,510370,2,20201110,130001810,1.043000,20000,20860.000000,-,-,S,4294046,4342235
1,6,2577032,510370,2,20201110,130004150,1.043000,71400,74470.200000,-,-,B,4365779,4342235
1,6,2577033,510370,2,20201110,130004150,1.043000,4400,4589.200000,-,-,B,4365779,4358701
1,6,2621896,510370,2,20201110,130359660,1.043000,4200,4380.600000,-,-,S,4365779,4437870
1,6,2621897,510370,2,20201110,130359660,1.043000,35800,37339.400000,-,-,S,4367567,4437870
1,6,2651189,510370,2,20201110,130658030,1.043000,4500,4693.500000,-,-,S,4367567,4486417
1,6,2654432,510370,2,20201110,130715770,1.044000,19000,19836.000000,-,-,B,4491492,4490225
1,6,2655195,510370,2,20201110,130721200,1.044000,1000,1044.000000,-,-,S,4491492,4492865
1,6,2655196,510370,2,20201110,130721200,1.043000,9000,9387.000000,-,-,S,4367567,4492865
1,6,2655206,510370,2,20201110,130721250,1.043000,700,730.100000,-,-,S,4367567,4492874
1,6,2655207,510370,2,20201110,130721250,1.043000,80000,83440.000000,-,-,S,4440570,4492874
1,6,2656283,510370,2,20201110,130728130,1.043000,200000,208600.000000,-,-,B,4494619,4492874
1,6,2657467,510370,2,20201110,130735350,1.043000,9300,9699.900000,-,-,B,4496654,4492874
1,6,2827016,510370,2,20201110,132525280,1.043000,20000,20860.000000,-,-,S,4496654,4785285
1,6,2828098,510370,2,20201110,132532120,1.044000,15000,15660.000000,-,-,B,4787026,4767462
1,6,2844964,510370,2,20201110,132734520,1.044000,30000,31320.000000,-,-,S,4787026,4816515
1,6,2916789,510370,2,20201110,133336440,1.043000,20700,21590.100000,-,-,S,4496654,4919492
1,6,2916790,510370,2,20201110,133336440,1.043000,9300,9699.900000,-,-,S,4498027,4919492
1,6,3071880,510370,2,20201110,134626040,1.043000,1600,1668.800000,-,-,B,5158182,5021849
1,6,3094039,510370,2,20201110,134843380,1.041000,5100,5309.100000,-,-,S,3383396,5196468
1,6,3094040,510370,2,20201110,134843380,1.041000,200,208.200000,-,-,S,3559266,5196468
1,6,3094041,510370,2,20201110,134843380,1.041000,5400,5621.400000,-,-,S,4705265,5196468
1,6,3094578,510370,2,20201110,134846890,1.041000,9300,9681.300000,-,-,B,5197473,5196468
1,6,3094579,510370,2,20201110,134846890,1.043000,2100,2190.300000,-,-,B,5197473,5021849
1,6,3120249,510370,2,20201110,135038350,1.040000,2700,2808.000000,-,-,S,2983337,5233248
1,6,3120250,510370,2,20201110,135038350,1.040000,6600,6864.000000,-,-,S,3271236,5233248
1,6,3120251,510370,2,20201110,135038350,1.040000,98500,102440.000000,-,-,S,3377426,5233248
1,6,3150844,510370,2,20201110,135235730,1.040000,1300,1352.000000,-,-,S,3377426,5275698
1,6,3215234,510370,2,20201110,135815000,1.043000,4100,4276.300000,-,-,B,5377810,5164993
1,6,3215235,510370,2,20201110,135815000,1.043000,5900,6153.700000,-,-,B,5377810,5244355
1,6,3241875,510370,2,20201110,135956040,1.043000,16100,16792.300000,-,-,B,5411494,5244355
1,6,3241876,510370,2,20201110,135956040,1.043000,4900,5110.700000,-,-,B,5411494,5396991
1,6,3283642,510370,2,20201110,140241200,1.042000,20000,20840.000000,-,-,B,5477791,5425051
1,6,3287154,510370,2,20201110,140259380,1.043000,15100,15749.300000,-,-,B,5483562,5396991
1,6,3287155,510370,2,20201110,140259380,1.043000,4000,4172.000000,-,-,B,5483562,5410935
1,6,3287156,510370,2,20201110,140259380,1.043000,2000,2086.000000,-,-,B,5483562,5414310
1,6,3298831,510370,2,20201110,140409310,1.043000,10000,10430.000000,-,-,S,5483562,5504630
1,6,3305019,510370,2,20201110,140444640,1.043000,20000,20860.000000,-,-,B,5515305,5513350
1,6,3362071,510370,2,20201110,140959060,1.043000,5000,5215.000000,-,-,B,5608189,5513350
1,6,3419631,510370,2,20201110,141539580,1.041000,6700,6974.700000,-,-,S,5542312,5701136
1,6,3423679,510370,2,20201110,141602350,1.040000,200,208.000000,-,-,S,3377426,5707182
1,6,3423680,510370,2,20201110,141602350,1.040000,5000,5200.000000,-,-,S,3453064,5707182
1,6,3423681,510370,2,20201110,141602350,1.040000,5000,5200.000000,-,-,S,5033414,5707182
1,6,3423682,510370,2,20201110,141602350,1.040000,20000,20800.000000,-,-,S,5308774,5707182
1,6,3481629,510370,2,20201110,142020350,1.036000,10000,10360.000000,-,-,S,5717172,5785982
1,6,3514921,510370,2,20201110,142217990,1.036000,10000,10360.000000,-,-,B,5831402,5785982
1,6,3539493,510370,2,20201110,142415020,1.035000,5000,5175.000000,-,-,S,1758140,5869216
1,6,3539494,510370,2,20201110,142415020,1.035000,6000,6210.000000,-,-,S,5835798,5869216
1,6,3539495,510370,2,20201110,142415020,1.033000,9000,9297.000000,-,-,S,1149677,5869216
1,6,3563895,510370,2,20201110,142552340,1.036000,180000,186480.000000,-,-,B,5906584,5785982
1,6,3616758,510370,2,20201110,143050020,1.038000,1000,1038.000000,-,-,B,5998306,5829182
1,6,3625892,510370,2,20201110,143124200,1.040000,100000,104000.000000,-,-,B,6013741,5823694
1,6,3658253,510370,2,20201110,143404050,1.038000,9000,9342.000000,-,-,S,5998306,6066403
1,6,3659847,510370,2,20201110,143412730,1.038000,1000,1038.000000,-,-,B,6069193,6066403
1,6,3757727,510370,2,20201110,144247310,1.043000,900,938.700000,-,-,B,6229276,5513350
1,6,3766718,510370,2,20201110,144335780,1.043000,9500,9908.500000,-,-,B,6244439,5513350
1,6,3816336,510370,2,20201110,144755290,1.043000,30000,31290.000000,-,-,B,6325216,5513350
1,6,3836077,510370,2,20201110,144926910,1.043000,300,312.900000,-,-,B,6354294,5513350
1,6,3863476,510370,2,20201110,145113040,1.042000,2000,2084.000000,-,-,S,6212118,6396322
1,6,3889492,510370,2,20201110,145249280,1.042000,10000,10420.000000,-,-,B,6433051,6396322
